2563 4368
1365 4060 136 51 1984

452 452 260 65 Walden,
740 452 165 65 Paul,
937 457 171 50 1863-

521 528 217 55 Goethe
765 529 83 52 als
875 527 285 54 Chemiker
1186 528 119 52 und
1332 527 310 67 techniker,
1669 546 111 34 von
1806 528 149 52 Paul
1981 528 261 54 Walden.
451 530 1972 145 Berlin,

574 607 217 68 Verlag
818 605 248 69 Chemie,
1093 624 53 50 g.
1172 624 74 34 m.
1273 605 52 54 b.
1352 606 73 66 h.,
1453 607 151 51 1932.

518 692 459 49 87 p. 16 × 12 ½ᶜᵐ .
524 760 1924 51 “Vortrag gehalten … anlässlich der Goethe-gedenkfeier am 14. märz
451 818 114 41 1932
606 819 65 39 im
711 820 359 40 bezirksverein
1113 818 337 41 Gross-Berlin
1493 819 98 39 und
1635 818 143 40 Mark
1821 820 84 39 des
1948 818 201 41 Vereins
2191 819 255 41 deutscher

450 875 286 41 Chemiker.”

456 943 1993 53 © Sept. 20, 1932; 1c. Nov. 11; A —Foreign 18556; Verlag chemie, g. m.
522 1005 42 40 b.
598 1005 45 40 h.
716 1005 250 48 (33-487)

451 1106 293 67 Watkins,
774 1108 234 53 Arthur
1038 1106 262 66 Charles,
1332 1108 172 54 1873-

521 1186 121 52 The
688 1186 168 52 Paris
901 1191 160 63 pact;
1113 1205 30 33 a
1188 1185 270 53 textbook
1504 1185 95 52 for
1643 1185 219 53 schools
1910 1186 113 52 and
2069 1186 255 69 colleges,
2369 1186 76 70 by

449 1263 1997 70 Arthur Charles Watkins … New York, Chicago, Harcourt,
451 1343 179 53 Brace
663 1344 114 52 and
808 1362 297 49 company,
1139 1346 150 50 1932.

517 1431 81 47 vii,
644 1431 87 41 120
773 1443 41 37 p.
889 1431 146 42 18½ᶜᵐ.

525 1500 1924 50 “Prepared … particularly for the use of students in those schools that
452 1569 85 30 are
566 1559 310 48 cooperating
904 1558 120 40 with
1056 1558 81 40 the
1167 1558 232 40 National
1432 1558 199 41 student
1659 1558 163 40 forum
1856 1569 60 30 on
1949 1558 81 40 the
2062 1557 141 43 Paris
450 1557 2002 99 pact.”—Foreword.

521 1672 213 41 “Second
765 1670 226 43 edition.”

521 1728 377 48 Bibliography:
927 1738 43 38 p.
1000 1728 217 41 108-111.

455 1794 51 52 ©
534 1798 101 41 Oct.
660 1799 68 46 31,
755 1797 113 42 1932;
922 1799 67 40 2c.
1014 1800 119 40 Nov.
1156 1800 28 38 4;
1312 1830 7 7 aff.
1345 1798 118 41 Nov.
1488 1799 25 40 3;
1569 1798 42 40 A
1636 1798 141 41 55823;
1834 1799 262 48 Harcourt,
2123 1800 155 39 Brace
2304 1799 36 40 &
2365 1808 83 36 co.,

520 1855 92 41 inc.
682 1855 250 49 (33-4571)

454 1958 192 65 Wells,
672 1959 156 54 John
854 1959 228 56 Edwin.

521 2035 171 53 Fifth
730 2037 362 67 supplement
1128 2042 58 47 to
1224 2038 55 52 A
1315 2038 232 51 manual
1586 2036 62 53 of
1686 2036 96 53 the
1821 2035 262 70 writings
2119 2036 62 52 in
2219 2036 223 53 Middle

452 2112 264 70 English,
744 2117 310 49 1050-1400;
1114 2114 289 54 additions
1431 2115 113 52 and
1571 2113 418 55 modifications
2015 2120 60 48 to
2103 2115 161 68 July,
2293 2117 153 66 1932,

451 2192 1967 130 by John Edwin Wells … New Haven, Conn., The Connecticut
579 2270 270 68 academy
880 2270 63 52 of
978 2276 117 47 arts
1130 2271 112 52 and
1275 2270 258 69 sciences,
1565 2272 145 52 Yale
1742 2270 319 68 university
2093 2290 174 50 press,
2300 2272 143 54 sales

452 2354 186 63 agent,
670 2352 150 50 1932.

521 2436 765 50 2 p. l., [1337]-1432 p. 23½ᶜᵐ.
455 2504 51 52 ©
530 2509 118 40 Nov.
672 2508 69 48 15,
765 2506 140 49 1932;
932 2508 66 40 2c.
1023 2508 115 40 Nov.
1165 2508 82 47 18;
1349 2539 8 9 aff.
1382 2508 118 40 Nov.
1525 2508 82 48 17;
1635 2509 41 38 A
1692 2509 170 47 57178;
1885 2507 317 42 Connecticut
2216 2509 230 47 academy

522 2565 51 38 of
599 2567 105 38 arts
730 2565 37 40 &
795 2564 223 41 sciences.

450 2667 302 66 Werguet,
781 2667 354 66 Stanislaus,
1166 2670 169 54 1879-

521 2745 120 52 The
671 2746 187 52 model
890 2745 427 67 Redemptorist
1347 2747 259 66 brother;
1641 2766 31 33 a
1703 2747 232 51 manual
1967 2745 65 54 of
2062 2745 269 69 spiritual
452 2748 1969 127 direction

452 2822 1970 131 and prayer, by Rev. Stanislaus Werguet … Translated
639 2899 1807 71 and adapted by Rev. Joseph W. Printon … St. Louis,
451 2977 1060 68 Mo., Redemptorist fathers [ ᶜ19 32 ]
521 3064 785 48 xvii, 448 p. incl. front. 17 ᶜᵐ .
523 3133 226 41 Portions
787 3134 52 40 of
878 3135 127 39 “The
1043 3133 339 48 lay-brother’s
1421 3145 175 38 prayer
1635 3135 149 41 book”
1833 3136 67 48 (p.
1938 3135 229 50 245-448)
2212 3136 51 41 in
2300 3137 146 41 Latin

452 3192 96 39 and
577 3190 218 48 English.

458 3256 51 52 ©
540 3260 117 41 Nov.
689 3261 69 47 18,
790 3260 114 42 1932;
964 3262 67 39 2c.
1065 3263 95 39 and
1266 3295 7 8 aff.
1306 3263 117 39 Nov.
1455 3263 55 38 21;
1572 3262 42 39 A
1645 3262 145 42 57187;
1851 3263 361 49 Redemptorist
2241 3264 206 42 fathers.

535 3317 249 49 (33-3614)

453 3420 351 66 Whitcomb,
835 3421 334 57 Lawrence.

585 3496 1855 74 … Correlation of Ordovician limestone at Salona, Clinton
454 3580 225 63 county,
718 3577 442 68 Pennsylvania,
1197 3578 74 66 by
1310 3580 303 51 Lawrence
1651 3581 342 55 Whitcomb.
2065 3581 376 69 Harrisburg,

454 3653 121 66 Pa.,
602 3653 379 66 Department
1007 3654 64 53 of
1097 3654 249 54 internal
1373 3653 213 71 affairs,
1615 3659 403 67 Topographic
2047 3660 113 51 and
2187 3660 256 67 geologic

454 3746 223 51 survey,
709 3733 150 50 1932.

525 3810 1919 52 16 p. diagr. 23 ᶜᵐ . (Pennsylvania geological survey. Fourth series.
454 3865 215 41 Bulletin
700 3866 93 49 G5)

460 3929 51 52 ©
545 3935 98 40 Oct.
679 3935 38 49 6,
751 3935 139 48 1932;
924 3936 67 41 2c.
1023 3938 117 40 Nov.
1172 3937 82 48 25;
1361 3969 7 8 aff.
1402 3940 119 39 Nov.
1553 3939 82 48 22;
1671 3940 41 39 A
1744 3940 169 47 58118;
1950 3940 409 41 Commonwealth
2393 3941 52 39 of

529 3991 372 50 Pennsylvania,
929 3993 314 49 Harrisburg,
1271 3995 83 39 Pa.
