2563 4368
1437 4014 102 51 486

555 479 163 43 “First
746 478 227 42 edition.”

489 534 51 53 ©
563 539 115 47 Apr.
702 538 39 48 6,
766 536 114 42 1932;
933 535 66 41 2c.
1024 538 114 47 Apr.
1163 537 25 39 5;
1241 536 82 40 aff.
1348 536 112 48 Apr.
1486 536 28 40 8;
1566 536 39 39 A
1631 534 143 42 50594;
1830 536 55 40 R.
1911 536 215 48 Hughes,
2152 536 92 40 Los
2268 535 219 49 Angeles.

567 594 251 50 (32-9370)

485 697 266 66 Kelland,
784 698 279 54 Clarence
1091 696 361 66 Budington,
1485 702 172 50 1881-

556 772 192 70 Speak
785 774 194 69 easily,
1013 774 74 70 by
1127 774 270 55 Clarence
1431 773 339 70 Budington
1806 774 267 53 Kelland.
2150 774 138 54 New
2326 774 161 53 York

485 855 113 52 and
623 854 260 67 London,
911 853 235 67 Harper
1170 857 46 50 &
1242 853 278 67 brothers,
1550 856 149 50 1932.

554 925 536 49 3 p. l., 261 p. 20 ᶜᵐ .
559 982 146 41 “This
751 982 191 41 volume
988 992 102 31 was
1134 981 260 49 originally
1444 981 255 49 published
1746 983 48 39 in
1841 981 147 41 serial
2035 980 126 41 form
2210 982 152 39 under
2409 982 78 40 the

488 1039 107 42 title
625 1041 52 40 of
704 1039 346 49 ‘Footlights’.”

558 1097 163 41 “First
749 1096 228 42 edition.”

492 1150 51 53 ©
578 1155 112 48 Apr.
725 1155 39 47 6,
797 1154 114 42 1932;
972 1154 68 42 2c.
1073 1155 113 47 Apr.
1221 1155 25 39 5;
1309 1153 81 41 aff.
1424 1154 114 48 Apr.
1573 1153 28 41 8;
1661 1154 41 39 A
1734 1152 144 42 50592;
1942 1152 48 42 C.
2027 1154 53 41 B.
2116 1153 223 48 Kelland,
2374 1154 117 41 Port

560 1212 336 48 Washington,
928 1212 50 40 L.
1013 1212 50 46 I.,
1097 1212 56 41 N.
1186 1212 52 41 Y.
1310 1209 251 50 (32-9369)

489 1315 176 66 King,
694 1316 66 54 O.
789 1317 66 54 B.

620 1391 1866 70 … Five million in cash … Garden City, N. Y., Pub. for
487 1472 96 52 the
624 1470 192 56 Crime
856 1472 146 68 club,
1043 1471 126 69 inc.,
1208 1472 75 69 by
1324 1470 357 70 Doubleday,
1721 1473 198 52 Doran
1959 1475 45 49 &
2045 1489 296 50 company,
2382 1470 105 55 inc.

492 1554 192 64 [ ᶜ193 2 ]
558 1622 562 49 3 p. l. , 314 p. 19½ ᶜᵐ .
560 1680 162 41 “First
750 1679 228 42 edition.”

494 1733 51 53 ©
573 1739 121 40 Mar.
719 1739 70 46 17,
813 1736 141 48 1932;
981 1737 66 41 2c.
1074 1739 96 39 and
1196 1737 82 41 aff.
1306 1738 120 40 Mar.
1452 1736 82 48 24;
1564 1737 39 39 A
1628 1735 171 49 49256;
1828 1736 299 49 Doubleday,
2155 1736 164 40 Doran
2347 1736 36 41 &
2409 1746 82 38 co.,

561 1795 89 40 inc.
723 1794 249 49 (32-9368)

489 1899 191 65 Klein,
711 1900 285 56 Norman.

559 1977 119 53 No!
757 1977 120 53 No!
955 1977 122 53 The
1116 1977 251 53 woman!
1445 1979 91 67 By
1573 1978 257 53 Norman
1868 1977 191 53 Klein.
2134 1978 138 53 New
2313 1977 178 68 York,

488 2055 1277 69 Farrar & Rinehart, incorporated [ ᶜ193 2]
560 2127 618 51 6 p. l. , 3-310 p. 19½ ᶜᵐ .
497 2182 51 52 ©
579 2187 115 47 Apr.
724 2188 39 45 7,
794 2185 114 40 1932;
968 2186 65 39 2c.
1066 2187 114 45 Apr.
1212 2187 53 38 11;
1328 2184 80 41 aff.
1443 2185 113 47 Apr.
1588 2186 27 39 8;
1674 2186 39 39 A
1746 2185 145 40 50658;
1950 2186 57 39 N.
2041 2184 158 47 Klein,
2231 2185 260 47 Westport,

564 2242 146 41 Conn.
782 2241 252 49 (32-9367)

491 2344 202 65 Lama,
723 2342 324 68 Friedrich,
1074 2343 169 54 ritter
1268 2360 132 50 von,
1432 2346 172 54 1876-

559 2420 250 54 Further
837 2420 313 55 chronicles
1179 2420 65 55 of
1271 2421 244 53 Therese
1542 2421 321 68 Neumann,
1889 2420 77 70 by
1995 2420 302 54 Friedrich
2324 2420 167 54 ritter

490 2516 108 36 von
624 2499 179 52 Lama;
861 2499 318 53 translated
1204 2499 76 69 by
1305 2498 208 54 Albert
1539 2499 148 53 Paul
1717 2497 353 71 Schimberg.
2131 2497 360 70 Milwaukee,

490 2575 1791 71 New York [etc.] The Bruce publishing company [ ᶜ193 2]
559 2648 858 52 vii, [5], 259 p. front., pl. 20 ᶜᵐ .
498 2701 51 53 ©
584 2708 122 42 Mar.
739 2706 69 47 22,
843 2707 113 40 1932;
1017 2707 68 41 2c.
1119 2709 95 38 and
1249 2707 82 40 aff.
1366 2708 121 40 Mar.
1522 2709 54 39 31;
1642 2709 39 38 A
1714 2707 143 41 49331;
1923 2709 154 39 Bruce
2112 2706 279 50 publishing
2425 2717 64 31 co.

575 2764 250 48 (32-9245)

492 2865 261 67 Lambie,
781 2868 326 63 Margaret.

623 2941 1867 70 … The foreign teacher; his legal status as shown in treaties
492 3019 114 55 and
631 3018 341 69 legislation,
996 3019 140 54 with
1164 3019 208 68 special
1399 3019 283 54 reference
1706 3026 59 47 to
1791 3019 94 53 the
1911 3018 217 55 United
2155 3018 187 56 States
2375 3018 108 70 [by]

491 3095 1236 69 Margaret Lambie … New York, 1932.
561 3165 1927 51 103, [1] p. 23 ᶜᵐ . ( On cover: Institute of international education. 13th
491 3234 91 31 ser.
643 3224 216 40 Bulletin
894 3235 75 30 no.
1003 3225 51 47 1)

562 3281 63 41 At
656 3282 125 39 head
815 3280 53 41 of
898 3281 108 40 title:
1067 3281 235 40 Institute
1334 3281 52 40 of
1418 3281 351 40 international
1802 3282 271 40 education.

563 3336 274 50 “Complete
874 3337 84 41 list
995 3337 52 41 of
1082 3337 325 48 publications
1442 3337 164 41 issued
1641 3337 276 41 heretofore
1955 3340 59 47 by
2053 3341 79 38 the
2168 3338 233 42 Institute
2437 3338 52 41 of

493 3393 348 42 international
870 3393 315 41 education”:
1216 3404 42 38 p.
1307 3392 233 50 [100]-103.

499 3450 51 52 ©
579 3454 109 40 Feb.
714 3454 69 47 13,
811 3452 140 48 1932;
980 3452 66 42 2c.
1074 3453 94 39 and
1197 3452 79 40 aff.
1307 3452 110 41 Feb.
1443 3452 83 47 16;
1557 3453 40 37 A
1621 3452 145 40 47847;
1825 3453 63 38 M.
1915 3453 211 44 Lambie,
2156 3453 331 46 Washington.

575 3509 250 50 (32-9319)

495 3611 206 67 Leger,
730 3613 176 65 Mary
935 3612 247 65 Celeste,
1210 3613 184 65 sister,
1424 3615 171 51 1884-

563 3688 1863 69 The old world’s gifts to the new, by Sister Mary Celeste …
493 3766 1356 69 New York, The Macmillan company, 1932.
562 3839 64 46 ix,
649 3839 87 41 497
760 3850 43 37 p.
863 3841 87 39 col.
975 3840 164 46 front.,
1165 3840 127 39 illus.
1321 3838 134 47 (incl.
1478 3839 162 48 maps)
1707 3839 117 41 20ᶜᵐ.

499 3891 1787 53 © Mar. 29, 1932; 2c. and aff. Mar. 30; A 50413; Macmillan co.
576 3951 251 50 (32-9254)
