2563 4368
1320 4046 102 53 724

372 543 51 52 ©
454 549 112 45 May
593 547 38 46 7,
661 545 113 41 1932;
829 545 68 41 2c.
925 546 113 48 May
1065 543 28 41 9;
1149 544 82 42 aff.
1261 546 111 46 May
1402 544 57 40 19;
1512 544 41 40 A
1579 543 144 42 49895;
1782 542 50 41 P.
1860 541 323 42 Blackiston’s
2213 553 84 30 son
2326 544 37 40 &

439 613 81 39 co.,
548 604 90 40 inc.
703 598 67 54 [©
798 613 104 29 new
930 604 103 39 text
1060 604 178 38 matter
1265 602 95 39 and
1387 600 342 49 illustrations]
1802 600 278 50 (32-12842)

368 705 228 65 Muller,
623 706 186 52 Helen
838 705 206 64 Marie,
1074 707 172 49 1905-
1457 721 180 49 comp.

503 780 1857 70 … The world court, compiled by Helen M. Muller. New
371 860 178 69 York,
577 862 122 52 The
726 862 78 53 H.
831 864 89 54 W.
950 860 221 57 Wilson
1202 878 296 51 company,
1531 862 151 52 1931.

441 946 1388 50 252 p. 20 ᶜᵐ . (The reference shelf, vol. VII, no. 8)
471 1020 102 38 “The
603 1018 237 51 principal
873 1018 160 48 points
1065 1018 139 39 made
1235 1017 79 39 for
1347 1018 95 40 and
1476 1017 192 48 against
1702 1017 84 40 the
1815 1018 139 46 entry
1989 1016 50 41 of
2071 1016 82 41 the
2187 1016 177 41 United

374 1076 163 41 States
565 1086 85 29 are
676 1078 72 37 set
776 1075 134 39 forth
941 1076 47 37 in
1021 1074 81 40 the
1128 1077 281 45 arguments
1438 1074 52 40 of
1518 1074 135 40 those
1682 1075 177 46 quoted
1888 1074 50 39 in
1968 1073 81 40 the
2077 1073 287 40 affirmative

371 1134 94 39 and
498 1132 224 49 negative
754 1130 447 44 sections.”—Pref.

442 1188 347 50 Bibliography:
851 1200 42 37 p.
930 1188 188 50 [19]-27.

375 1255 51 52 ©
457 1260 117 40 Nov.
605 1259 68 45 19,
705 1258 111 41 1931;
874 1258 68 42 2c.
974 1259 109 40 Jan.
1113 1258 69 47 16,
1214 1257 113 40 1932;
1388 1258 81 41 aff.
1500 1258 117 39 Nov.
1649 1256 69 49 25,
1750 1256 112 42 1931;
1923 1258 41 38 A
1994 1257 144 40 48144;
2199 1258 61 40 H.
2292 1257 72 41 W.

441 1316 187 45 Wilson
656 1327 66 30 co.
793 1315 281 49 (31-28566)

368 1422 305 63 Newman,
706 1420 251 53 Horatio
988 1419 280 64 Hackett,
1306 1420 170 54 1875-

369 1496 1969 148 … Evolution yesterday and today, by Horatio Hackett Newman … Baltimore,
1062 1576 121 53 The
1221 1575 289 57 Williams
1548 1579 48 50 &
1634 1574 251 57 Wilkins
1926 1594 279 51 company
2248 1575 112 54 and

370 1654 298 55 associates
704 1653 58 53 in
797 1654 365 68 cooperation
1198 1653 139 54 with
1372 1654 96 53 the
1505 1654 255 67 Century
1795 1654 64 53 of
1894 1672 263 53 progress
369 1671 1968 131 exposition,

587 1736 151 51 1932.

441 1833 45 36 X,
515 1822 84 39 171
628 1831 42 38 p.
731 1820 143 42 19½ᶜᵐ.
946 1822 63 48 (A
1037 1824 201 46 century
1268 1821 52 41 of
1348 1831 222 39 progress
1598 1822 176 50 series)

376 1888 51 52 ©
463 1893 112 47 May
606 1893 41 46 4,
681 1892 112 40 1932;
855 1892 67 41 2c.
956 1893 95 39 and
1084 1891 80 41 aff.
1202 1893 110 48 May
1345 1894 25 39 7;
1434 1893 38 39 A
1505 1891 144 43 49852;
1713 1892 241 43 Williams
1985 1894 37 40 &
2055 1891 207 43 Wilkins
2297 1901 67 32 co.

452 1949 280 48 (32-12744)

376 2052 433 68 [O’Donoghue,
840 2052 203 54 Elinor
1073 2054 174 64 Mary]
1301 2057 172 52 1898-

367 2129 1973 141 Napoleon II , king of Rome, prince of Parma, duke of Reichstadt,
576 2208 74 62 by
688 2208 67 52 E.
790 2208 79 52 M.
909 2207 187 54 Oddie
1157 2209 193 61 [pseud.]
1450 2208 255 62 London,
1744 2207 55 55 S.
1837 2209 155 61 Low,
2026 2209 259 53 Marston
2320 2212 46 50 &

368 2302 98 51 co.,
494 2285 102 53 ltd.
631 2288 172 64 [1932]

440 2371 1246 49 ix p., 1 l., 280 p. front., plates, ports. 24½ᶜᵐ.
441 2443 375 48 Bibliography:
848 2454 42 37 p.
923 2442 246 50 [269]-274.

379 2510 1984 54 © 1c. Apr. 28, 1932; A ad int. 16369; pubd. Mar. 31; Sampson Low,
447 2572 219 39 Marston
693 2572 36 40 &
757 2582 80 37 co.,
867 2572 85 39 ltd.
1023 2569 280 50 (32-12954)

424 2673 196 66 Økland,
652 2673 327 65 Fridthjof,
1015 2679 171 50 1893-

441 2752 142 54 Will
615 2752 47 53 it
687 2752 69 53 be
785 2770 31 34 a
845 2751 109 69 boy?
1060 2750 578 56 Sex-determination
1669 2753 305 70 according
2002 2760 59 47 to
374 2753 1963 130 superstition

542 2828 1821 70 and to science, by Dr. F. Økland … illustrated with
374 2906 1401 72 figures. New York, The Century co. [ ᶜ19 32]
483 2981 800 50 x, 116 p. illus. 20 ᶜᵐ . $1.50
445 3038 160 43 “First
637 3038 258 49 printing.”

448 3095 197 39 London
672 3095 184 41 edition
893 3095 78 48 (G.
999 3096 140 39 Allen
1166 3095 36 41 &
1231 3095 187 49 Unwin,
1448 3096 111 49 ltd.)
1595 3094 62 42 has
1713 3097 134 41 title:
1879 3099 51 39 Is
1956 3098 40 41 it
2024 3109 29 29 a
2081 3097 123 49 boy?

381 3160 52 52 ©
460 3166 112 45 May
595 3165 40 47 3,
663 3164 112 40 1932;
831 3165 66 41 2c.
925 3167 93 38 and
1046 3165 80 39 aff.
1156 3166 112 48 May
1295 3167 25 39 7;
1375 3168 40 37 A
1441 3166 147 40 49856;
1641 3167 213 49 Century
1881 3178 68 31 co.

458 3221 278 48 (32-12742)

376 3325 221 65 O’Noll,
628 3326 295 56 Florence.

442 3401 212 68 Mirka,
677 3402 297 67 princesse,
999 3420 107 49 par
1130 3401 270 62 Florence
1426 3403 224 54 O’Noll.
1723 3404 185 67 Paris,
1932 3402 434 55 Firmin-Didot

374 3484 55 46 et
456 3497 28 33 cⁱᵉ
555 3481 171 64 [1931]

444 3551 533 50 3 p. l., 295 p. 19 ᶜᵐ .
384 3619 1902 54 © Sept. 28, 1931; 1c. Nov. 30; A—Foreign 14422; Firmin-Didot & cie.
462 3679 277 47 (32-13142)

377 3782 307 63 Peslouan,
714 3781 195 53 Hervé
937 3783 88 55 de.

507 3856 1857 72 … L’étrange menace du professeur Iouchkoff, par Hervé de
377 3934 297 68 Peslouan,
705 3935 376 53 illustrations
1112 3936 67 52 de
1209 3936 54 54 J.
1295 3936 193 53 Touch
1494 3943 69 46 et.
1643 3938 202 67 [Paris]
1880 3937 282 53 Hachette
2188 3940 170 64 [1931]
