2563 4368
1161 4069 132 52 1397

247 457 376 64 Dorchester,
656 458 182 51 Mass.
911 457 440 62 Tercentenary
1381 454 358 57 committee.

316 547 359 66 Dorchester,
713 546 303 52 1630—old
1055 546 113 52 and
1205 547 350 65 new—1930,
1593 545 60 52 in
1693 545 94 53 the
1827 545 95 53 old
1963 547 127 67 Bay
248 547 1967 145 colony;
428 623 235 53 historic

705 624 112 52 and
857 624 267 67 pictorial
1165 623 196 53 record
1402 622 503 69 commemorating
1946 623 95 53 the
2081 623 157 53 three

247 702 326 51 hundredth
604 701 372 67 anniversary
1006 700 64 54 of
1098 701 94 52 the
1225 699 287 69 founding
1541 699 64 53 of
1633 700 360 68 Dorchester,
246 701 1967 144 Massachusetts,

573 778 59 52 in
694 778 94 52 the
853 779 95 52 old
1012 778 126 68 Bay
1202 778 218 67 colony,
1481 777 186 52 where
1730 784 370 62 government
2164 777 75 70 by

247 863 151 46 town
442 856 249 68 meeting
735 874 114 34 was
894 855 122 53 first
1062 854 306 70 organized
1414 855 112 52 and
1573 854 183 54 where
1804 855 95 53 the
1946 855 122 53 first
2118 854 122 55 free

246 934 189 52 school
477 934 313 67 supported
835 932 73 70 by
953 932 192 68 public
1188 931 259 54 taxation
1492 951 114 34 was
1652 931 359 55 established.
246 933 1968 145 Dorchester,
506 1011 190 67 Mass.,

726 1010 242 54 Printed
1001 1009 94 53 for
1124 1010 94 53 the
1249 1009 358 68 Dorchester,
1638 1010 459 55 Massachusetts,
246 1016 1969 140 tercentenary
578 1088 336 65 committee,

946 1087 260 68 Chappie
1238 1087 336 70 publishing
1604 1106 297 51 company,
1932 1088 123 68 ltd.,
2087 1090 150 51 1930.

314 1160 1090 49 78 p. illus., pl., fold. mounted map. 24 ᶜᵐ.
317 1218 101 41 The
444 1229 108 37 map
581 1218 42 40 is
648 1218 228 40 mounted
901 1228 59 29 on
986 1227 43 38 p.
1061 1218 54 48 [3]
1143 1217 52 40 of
1220 1226 153 31 cover.

316 1274 271 47 “Prepared
614 1274 61 48 by
702 1275 80 40 the
810 1274 381 40 sub-committee
1221 1284 59 29 on
1310 1274 80 39 the
1420 1272 253 41 historical
1700 1273 204 41 booklet.
1963 1273 201 41 Patrick
2193 1273 43 42 J.

247 1329 1711 51 Connelly, chairman … Edited by Richard P. Bonney.”—p. [2]
318 1386 233 41 “Sources
579 1387 51 40 of
656 1387 254 40 historical
939 1384 346 42 information”
1303 1396 10 30 :
1345 1396 43 38 p.
1419 1385 69 43 59.

250 1455 51 51 ©
335 1459 124 39 June
491 1457 39 48 2,
566 1457 139 47 1930;
741 1459 66 39 2c.
842 1459 119 46 Aug.
995 1457 68 42 22,
1098 1457 140 47 1932;
1275 1456 82 42 aff.
1391 1458 118 47 Aug.
1545 1456 81 47 19;
1663 1459 41 38 A
1737 1457 171 48 54494;
1945 1459 292 39 Dorchester

317 1514 251 40 historical
599 1525 106 36 soc.,
737 1514 304 46 Dorchester,
1074 1515 146 39 Mass.
1291 1513 279 48 (32-24272)

244 1616 278 66 Douglas,
552 1618 218 65 James,
805 1622 170 50 1867-

312 1707 120 53 The
474 1706 200 52 Bunch
717 1706 162 68 book,
919 1707 75 68 by
1035 1707 193 53 James
1270 1707 283 67 Douglas;
1599 1706 323 53 illustrated
1964 1707 73 67 by
2083 1705 152 56 Cecil

245 1783 192 53 Aldin.
505 1783 136 53 New
673 1783 179 68 York,
880 1784 70 52 D.
981 1784 291 68 Appleton
1302 1785 45 50 &
1378 1801 295 52 company,
1704 1787 150 50 1932.

310 1855 1197 51 viii p., 1 l. , 172, [1] p. col. front., illus. 23½ᶜᵐ.
311 1913 41 38 A
385 1913 92 47 dog
508 1915 148 44 story.

247 1982 51 51 ©
331 1987 127 47 Sept.
487 1987 70 46 16,
585 1985 140 49 1932;
755 1987 69 40 2c.
854 1988 95 38 and
978 1986 82 41 aff.
1093 1986 126 48 Sept.
1250 1985 82 49 19;
1363 1987 42 39 A
1434 1987 138 40 54891;
1637 1988 57 39 D.
1725 1988 237 48 Appleton
1994 1989 36 39 &
2058 1999 66 29 co.

321 2042 278 49 (32-24392)

243 2145 295 66 Duchêne,
570 2146 353 56 Ferdinand.

372 2235 1861 70 … L’incroyable histoire de Tali-Thô, la décolorée, roman.
242 2313 749 67 Paris, A. Michel [ ᶜ1 932]
309 2387 711 49 4 p. l., [11]-252 p., 1 l. 19 ᶜᵐ.
246 2453 1790 52 © June 10, 1932; 1c. July 23; A— Foreign 17569; Albin Michel.
321 2513 278 47 (32-24685)

241 2617 193 64 Elder,
469 2617 244 64 Evelyn.

308 2693 189 67 Angel
534 2693 60 52 in
632 2694 94 52 the
765 2711 139 50 case,
941 2694 75 67 by
1054 2694 223 68 Evelyn
1316 2695 193 52 Elder.
1582 2695 258 68 London,
1877 2698 272 53 Methuen
2187 2702 45 50 &

239 2789 98 48 co.,
365 2771 103 52 ltd.
506 2773 170 64 [1932]

311 2844 80 47 vii,
420 2844 86 40 248
535 2855 42 37 p.
637 2844 55 40 19½ᶜᵐ.

311 2901 122 39 Plan
462 2911 59 29 on
550 2900 335 48 lining-paper.

245 2966 1984 58 © 1c. July 16, 1932; A ad int. 16656; pubd. May 19; M. R. K. Burge,
313 3026 256 42 Cuckfield,
606 3027 192 46 Sussex,
832 3027 235 47 England.
1137 3028 278 50 (32-29099)

308 3129 237 52 Murder
568 3129 60 51 in
652 3128 165 52 black
841 3130 112 51 and
978 3130 189 67 white,
1189 3131 75 67 by
1289 3132 222 67 Evelyn
1538 3134 176 52 Elder;
1770 3133 139 54 with
1935 3134 87 52 six
238 3134 1967 140 drawings
409 3206 75 67 by

243 3205 1985 145 Austin Blomfield … London, Methuen & co., ltd. [1931]
309 3357 1068 50 6 p. l., [3]-243, [1] p. illus., plates. 19½ᶜᵐ.
243 3423 1982 58 © 1c. Dec. 4, 1931; A ad int. 15801; pubd. Oct. 8; M. R. K. Burge,
309 3485 210 39 London.
590 3483 277 48 (32-29098)

239 3582 398 68 Ermatinger,
670 3585 170 66 Emil,
873 3586 171 53 1873-
1255 3589 83 53 ed.

307 3661 197 52 Durch
554 3662 353 68 aufklärung
955 3684 101 32 zur
1104 3666 228 53 wahren
1380 3669 482 66 menschlichkeit,
1911 3670 152 67 hrsg.
2114 3689 111 33 von

239 3736 332 69 univ.-prof.
619 3740 83 54 dr.
748 3740 156 53 Emil
947 3741 383 69 Ermatinger.
1404 3745 256 68 Leipzig,
1703 3747 64 52 P.
1813 3747 230 52 Reclam
2087 3747 138 68 jun.,
240 3819 148 51 1932.

308 3885 1918 60 329, [1 ] p. port. 22 ᶜᵐ. ( Added t.-p.: Deutsche literatur; Sammlung
236 3942 1989 58 literarischer kunst- und kulturdenkmäler in entwicklungsreihen … reihe
242 4000 630 51 [16] Klassik … bd. 2)
