2563 4368
1083 4065 131 52 1351

145 449 169 65 Hine,
342 448 193 55 Lewis
558 448 251 63 Wickes,
840 448 171 54 1874-

213 527 134 53 Men
394 532 59 47 at
497 525 184 68 work;
731 523 419 69 photographic
1195 522 213 54 studies
1454 521 64 54 of
1563 522 236 53 modern
1842 541 129 33 men
2018 523 114 51 and

143 604 302 65 machines,
490 604 74 67 by
609 601 184 54 Lewis
839 603 88 53 W.
975 602 170 53 Hine.
1221 601 138 53 New
1407 600 180 66 York,
1632 601 121 52 The
1799 599 333 53 Macmillan

144 701 294 48 company,
466 685 149 50 1932.

218 750 805 54 [48] p. incl. front., illus. 26 ᶜᵐ .
150 808 51 52 ©
232 812 125 47 Sept.
385 812 69 46 13,
482 809 112 41 1932;
650 809 67 41 2c.
744 810 96 39 and
867 808 83 41 aff.
980 808 126 48 Sept.
1134 808 56 38 14;
1246 807 41 39 A
1315 806 143 41 54808;
1515 806 281 41 Macmillan
1823 816 68 31 co.

226 867 277 49 (32-23587)

145 949 168 64 Holy,
342 949 258 52 Thomas
629 946 309 65 Celestine,
971 947 170 55 1887-

215 1023 308 55 Cleveland
547 1023 269 54 teachers’
842 1022 232 55 salaries;
1132 1044 31 33 a
1189 1023 172 68 study
1385 1025 309 66 sponsored
1717 1023 77 67 by
1818 1023 96 52 the
143 1023 1967 134 Cleveland

322 1103 252 53 teachers
616 1100 321 55 federation
976 1102 61 52 in
1078 1101 388 68 co-operation
1507 1101 141 53 with
1688 1101 96 53 the
1826 1101 309 55 Cleveland

146 1181 192 54 Board
364 1180 64 53 of
454 1180 325 68 education;
808 1181 76 67 by
909 1182 64 53 T.
1004 1180 61 55 C.
1092 1180 177 67 Holy,
1296 1179 273 68 director;
1599 1179 326 53 associates:
1952 1180 77 53 H.
2056 1180 77 53 H.

144 1258 180 54 Davis
371 1260 148 67 [and]
567 1261 67 51 E.
674 1260 90 53 W.
806 1258 329 67 Anderson;
1181 1257 378 53 consultants:
1599 1259 91 54 W.
1729 1257 90 54 W.
1864 1257 271 55 Charters

150 1338 148 66 [and]
335 1338 77 53 H.
445 1337 71 54 A.
549 1338 205 66 Toops.
831 1335 326 67 Columbus,
1189 1335 86 68 O.,
1307 1336 120 52 The
1462 1334 148 56 Ohio
1645 1340 144 48 state
1819 1335 317 68 university

149 1419 191 65 [ ᶜ1 932]
148 1484 1972 100 xii, 196 p. diagrs. 23½ ᶜᵐ . (Half-title: [Ohio state university] Bureau
288 1545 51 40 of
363 1543 308 41 educational
695 1543 238 40 research.
994 1543 325 47 Monographs.
1392 1552 73 30 no.
1493 1542 80 47 16)

219 1600 73 41 On
318 1611 138 30 cover
475 1612 9 29 :
519 1599 121 42 Ohio
668 1603 128 38 state
823 1599 273 49 university
1121 1600 199 40 studies.

218 1658 180 39 Folded
427 1658 141 41 form.
598 1657 204 47 “Salary
829 1658 145 46 study
1003 1657 51 39 of
1083 1656 259 41 Cleveland
1372 1656 236 40 teachers’
1636 1656 304 40 federation”
1980 1657 51 49 (8
2059 1656 69 50 p.)

147 1716 228 39 mounted
401 1726 61 29 on
485 1725 43 37 p.
556 1716 55 48 [3]
639 1715 52 40 of
715 1724 153 31 cover.

151 1768 51 52 ©
233 1773 115 47 July
377 1773 68 47 14,
475 1772 113 40 1932;
646 1772 67 40 2c.
744 1773 97 39 and
871 1771 81 40 aff.
982 1772 120 46 Aug.
1133 1771 55 39 12;
1248 1771 41 39 A
1319 1770 143 41 54428;
1523 1772 196 39 Bureau
1750 1771 53 41 of
1832 1771 309 41 educational

217 1828 237 48 research,
489 1828 121 41 Ohio
642 1830 126 39 state
802 1828 143 46 univ.,
981 1827 272 47 Columbus,
1288 1827 52 41 O.
1410 1827 280 49 (32-23754)

145 1917 285 54 Institute
458 1919 64 52 of
550 1918 194 64 public
770 1918 212 54 affairs
1009 1919 116 52 and
1155 1917 422 54 international
1606 1918 303 54 relations.

217 1995 315 53 Addresses
578 1995 286 53 delivered
910 2001 59 47 at
1014 1996 95 53 the
1157 1996 98 52 6th
1302 1997 211 51 annual
1557 1996 230 67 session,
1831 1997 140 68 May
2017 2000 120 63 3-6,

151 2076 150 50 1932.
381 2074 255 67 [Athens,
692 2074 124 67 Ga.,
867 2073 243 55 Printed
1164 2075 75 65 by
1292 2075 121 52 The
1465 2075 320 68 McGregor
1840 2094 297 50 company,

151 2154 151 64 1932]

220 2225 1923 49 1 p. l., [v]-xiii, [1], 97 p. 23½ ᶜᵐ . (Bulletin of the University of
221 2281 203 47 Georgia.
495 2293 42 28 v.
564 2281 71 49 32,
661 2292 74 30 no.
764 2281 69 48 10,
861 2282 203 48 August,
1091 2281 139 49 1932)

217 2337 125 40 Title
378 2337 171 41 varies.

222 2392 1921 50 1932 Proceedings issued in 2 volumes. vol. II has title : Hearings on
151 2449 204 46 judicial
384 2449 210 40 revision
622 2450 163 40 before
815 2451 80 38 the
926 2453 166 37 senate
1121 2449 273 41 committee
1423 2460 59 31 on
1512 2450 204 48 judicial
1746 2452 96 39 and
1871 2450 271 48 legislative

153 2506 180 39 reform
359 2509 52 37 at
434 2518 27 29 a
487 2506 125 47 joint
637 2506 209 47 meeting
871 2506 118 40 with
1016 2507 81 39 the
1124 2506 232 41 Institute
1384 2507 53 39 of
1460 2506 163 48 public
1647 2506 185 48 affairs,
1861 2504 282 50 University

153 2562 51 39 of
232 2562 218 48 Georgia,
477 2563 83 39 6th
587 2563 181 38 annual
797 2561 198 49 session,
1025 2564 113 45 May
1163 2563 100 47 3-6,
1292 2562 126 42 1932.

156 2615 51 51 ©
246 2618 118 50 Aug.
402 2618 68 47 24,
510 2617 112 42 1932;
689 2619 66 40 2c.
795 2620 96 39 and
929 2619 82 41 aff.
1049 2620 118 47 Aug.
1207 2618 55 41 25;
1329 2620 41 39 A
1408 2619 145 40 54536;
1620 2619 233 41 Institute
1893 2619 51 41 of
1981 2618 162 49 public

224 2674 184 48 affairs,
437 2675 281 48 University
747 2675 52 41 of
826 2675 217 49 Georgia.
1073 2676 198 46 Athens,
1303 2676 82 40 Ga.

151 2750 282 65 Johnson,
462 2751 187 54 Marie
676 2753 106 64 W.,
845 2769 147 51 comp.

221 2827 175 67 Plays
441 2828 112 52 and
596 2834 276 62 pageants
916 2829 93 53 for
1051 2830 96 53 the
1192 2830 210 52 church
1446 2829 208 68 school,
1700 2829 281 68 compiled
2027 2828 113 54 and

151 2903 189 53 edited
371 2905 76 67 by
478 2905 184 53 Marie
694 2906 91 54 W.
820 2907 276 54 Johnson.
1164 2908 139 52 Rev.
1337 2908 83 52 ed.
1491 2909 235 64 Boston,
1759 2907 122 53 The
1915 2909 225 51 Beacon

151 2982 538 67 press, inc. [ ᶜ1 932]
224 3053 450 50 ix, 202 p. 19½ ᶜᵐ .
227 3109 165 49 Songs,
420 3111 120 39 with
567 3112 152 40 music
736 3122 10 30 :
775 3123 43 38 p.
845 3111 216 42 189-202.

159 3164 51 52 ©
245 3168 126 47 Sept.
403 3168 38 46 6,
473 3166 113 42 1932;
645 3168 67 40 2c.
743 3170 94 38 and
869 3169 81 39 aff.
983 3168 128 49 Sept.
1143 3169 57 40 10;
1258 3170 42 39 A
1331 3171 142 40 54725;
1536 3172 191 39 Beacon
1757 3181 149 38 press,
1940 3171 89 39 inc.

237 3224 278 49 (32-23609)

153 3299 222 65 Kelley,
405 3300 260 52 Truman
693 3299 133 65 Lee,
859 3305 171 50 1884-

227 3375 286 56 Scientific
542 3377 224 52 method;
829 3377 74 53 its
933 3377 260 54 function
1221 3381 60 50 in
1311 3382 255 51 research
1596 3382 113 51 and
1738 3380 60 52 in
1827 3380 315 68 education,

155 3453 1964 147 by Truman Lee Kelley … New York, The Macmillan company, 1932.
226 3603 656 49 ix, 233 p. diagr. 19 ½ᶜᵐ .
230 3661 68 39 “A
331 3659 252 41 collection
618 3660 52 39 of
703 3670 173 38 papers
911 3663 96 38 and
1040 3664 208 40 lectures
1283 3674 127 36 upon
1444 3666 83 39 the
1562 3665 196 46 general
1792 3667 160 39 theme
1988 3666 53 40 of
159 3677 1967 80 research
363 3715 455 42 methods.”—Pref.

231 3772 132 42 First
398 3772 196 48 edition,
628 3771 128 44 1929.
791 3772 220 41 contains
1046 3775 111 47 only
1191 3776 82 39 the
1306 3777 225 39 material
1567 3777 52 40 of
1653 3778 225 47 chapters
1935 3809 9 16 I,
2023 3809 10 17 II,
2133 3808 9 18 III,

256 3829 1888 48 VIII , and IX of the present edition, a course of lectures delivered at the
161 3885 122 42 Ohio
307 3888 128 39 state
457 3884 270 50 university
749 3886 50 39 in
820 3885 128 43 1928.

165 3940 51 52 ©
247 3945 126 47 Sept.
401 3944 39 46 6,
469 3943 112 41 1932;
638 3943 67 41 2c.
733 3945 95 38 and
855 3944 81 39 aff.
968 3945 125 47 Sept.
1122 3947 25 38 7;
1204 3945 42 39 A
1272 3946 142 41 54646;
1471 3948 53 41 T.
1552 3949 50 39 L.
1632 3949 184 46 Kelley,
1847 3945 299 50 Cambridge,

232 4001 145 40 Mass.
448 3999 277 49 (32-23756)
