2563 4368
1037 4039 99 50 359

165 523 131 47 xxiv,
329 522 84 41 163
446 533 42 38 p.
548 521 146 43 19½ᶜᵐ.

104 590 51 52 ©
188 595 122 39 Mar.
342 592 68 48 10,
443 591 140 48 1932;
618 591 67 41 2c.
719 593 120 39 Mar.
873 592 81 46 12;
991 590 81 42 aff.
1108 592 121 40 Mar.
1260 592 83 45 14;
1380 591 40 39 A
1451 590 172 48 48929;
1659 591 71 40 W.
1765 590 191 41 Griffith
1990 591 95 39 and

170 650 212 40 Frances
415 650 267 39 Johnstone
715 649 154 47 Paris,
902 649 116 38 New
1053 648 144 39 York.
1267 646 249 50 (32-7228)

97 750 267 66 Hameln,
392 750 219 54 Glückel
658 751 83 62 of,
771 752 324 53 1646-1724.

164 827 121 53 The
323 826 265 54 memoirs
631 825 65 54 of
737 824 240 56 Glückei
1021 826 65 53 of
1127 825 279 67 Hameln;
1454 825 315 54 translated
1814 825 141 53 with
96 826 1964 131 introduction

461 902 1624 70 and notes by Marvin Lowenthal … New York
95 981 111 53 and
235 981 257 68 London,
520 980 233 69 Harper
781 983 51 50 &
862 980 277 68 brothers,
1168 982 151 52 1932.

165 1053 1227 51 xxxvii p., 1 l., 295, [1] p. plates, port. 21½ᶜᵐ.
164 1111 161 41 “First
359 1111 227 42 edition.”

102 1178 52 51 ©
185 1184 120 41 Mar.
333 1181 41 48 9,
403 1181 113 41 1932;
573 1181 68 42 2c.
672 1183 121 39 Mar.
823 1180 25 41 8;
907 1181 82 41 aff.
1021 1182 119 40 Mar.
1172 1182 52 38 11;
1286 1182 40 38 A
1356 1180 144 41 48889;
1560 1182 192 47 Harper
1784 1187 36 40 &
1849 1182 124 40 bros.

177 1238 249 50 (32-7358)

97 1343 295 64 Hartung,
418 1341 289 56 Wilhelm.

164 1416 399 69 Grosskampf,
608 1435 236 36 männer
890 1419 117 52 und
1054 1423 291 62 granaten.
1439 1420 129 53 Yon
1612 1418 273 55 Wilhelm
97 1420 1965 145 Haftung.

331 1499 165 50 1.-10.
533 1496 252 52 tausend.
863 1495 215 68 Berlin,
1114 1497 88 53 W.
1240 1496 172 67 Kolk,
1452 1500 147 49 1930.

164 1569 86 40 624
275 1579 43 37 p.
379 1568 116 42 20ᶜᵐ.

102 1637 1966 100 © Oct. 4, 1930; 1c. Dec. 9; A—Foreign 10510; Verlag tradition, Wilhelm
327 1698 139 39 Kolk.
537 1695 249 50 (32-7519)

97 1802 310 55 Homerus.

227 1873 1857 71 … Les XXIV chants de l’Odyssée; traduction de Victor
95 1954 235 53 Bérard.
404 1953 185 68 Paris,
617 1953 71 53 A.
721 1952 186 69 Colin,
938 1955 152 52 1932.

161 2025 814 51 2 p. l., [Vii]-lxxv, 388 p. 20ᶜᵐ.
165 2084 65 40 At
255 2084 124 40 head
406 2083 53 40 of
483 2083 109 41 title:
648 2083 223 41 Homère.

103 2149 1984 53 © Dec. 31, 1931; 1c. Feb. 15, 1932; A—Foreign 15658; Max Leclerc &
169 2211 98 45 cie.,
294 2212 155 39 Paris.
519 2211 250 49 (32-7535)

98 2312 270 66 Howard,
401 2314 278 54 Edelbert
708 2315 251 55 Merten.

163 2388 122 55 The
311 2388 256 54 Howard
594 2389 228 51 method
850 2388 63 52 of
940 2386 330 55 bio-chemic
1300 2387 247 69 feeding,
1576 2389 74 66 by
1681 2387 102 52 Dr.
1813 2387 271 52 Edelbert

97 2463 1986 69 Merten Howard … a textbook on foods obtained from sun,
98 2542 310 67 vegetables
440 2543 112 52 and
582 2542 221 53 mother
830 2542 161 54 earth;
1053 2543 193 67 eating
1274 2548 56 46 to
1360 2543 254 66 improve
1643 2560 142 49 your
99 2543 1959 128 constitutional

309 2624 133 63 type
480 2618 273 55 increases
791 2617 276 69 efficiency
1106 2620 112 52 and
1256 2618 273 69 serenity;
1571 2617 230 69 feeding
1837 2619 125 52 that
97 2618 1962 130 insures

268 2696 175 67 gland
466 2695 278 69 stimulus,
769 2695 248 55 stomach
1040 2695 211 67 health,
1274 2696 161 51 heart
1457 2695 165 68 vigor
1646 2696 112 53 and
1781 2696 94 53 the
1897 2694 185 53 bloom

97 2771 1964 131 of youth; vocational feeding … Boston, Mass., The Kensington
222 2848 542 70 publishers [ ᶜ19 32 ]
164 2920 812 49 62 numb. l., 2 l. illus. 25½ᶜᵐ.
168 2977 215 42 “Author
415 2977 274 41 reference”:
753 2988 44 38 p.
830 2977 70 43 62.

105 3046 51 52 ©
187 3051 109 40 Feb.
325 3052 70 43 20,
425 3050 111 41 1932;
596 3051 67 40 2c.
697 3052 120 39 Mar.
848 3051 27 38 2;
935 3050 81 39 aff.
1050 3051 121 39 Mar.
1202 3051 20 37 1;
1289 3050 38 39 A
1359 3050 145 40 47948;
1565 3050 256 41 Universal
1856 3050 230 40 educator

170 3111 172 45 centre,
371 3110 194 38 Boston.
635 3107 249 47 (32-7332)

103 3210 257 65 Hudson,
388 3213 236 62 Manley
650 3211 254 64 Ottmer,
929 3211 85 53 ed.

170 3287 417 53 International
617 3288 353 68 legislation;
1005 3307 32 33 a
1068 3288 294 52 collection
1394 3288 63 53 of
1487 3289 96 51 the
1614 3292 146 49 texts
1793 3288 64 52 of
102 3288 1953 143 multipartite

337 3366 406 53 international
770 3366 369 53 instruments
1165 3367 64 52 of
1255 3368 229 67 general
1508 3367 237 52 interest
1768 3365 313 70 beginning

104 3443 136 51 with
267 3443 93 53 the
389 3446 293 53 Covenant
709 3444 63 52 of
797 3445 95 52 the
919 3447 226 66 League
1171 3444 62 53 of
1260 3444 244 68 nations,
1529 3444 189 53 edited
1747 3445 73 66 by
1846 3445 234 69 Manley

104 3519 1973 58 O. Hudson … v. 4—1928-1929. Numbers 186-229. Index to
103 3599 244 53 volumes
399 3604 113 48 1-4.
586 3601 399 68 Washington,
1036 3602 277 68 Carnegie
1361 3603 356 52 endowment
1765 3601 93 54 for
103 3602 1952 126 international

382 3695 184 49 peace,
595 3681 150 50 1931.

240 3779 9 17 xv,
279 3748 261 42 2279-3218
567 3759 44 38 p.
670 3750 115 40 25ᶜᵐ.
855 3751 296 48 (Half-title:
1183 3752 331 41 Publications
1547 3752 51 40 of
1630 3752 81 39 the
1744 3751 233 47 Carnegie
107 3762 1959 83 endowment

369 3805 77 40 for
474 3806 346 40 international
851 3818 157 37 peace.
1069 3808 220 41 Division
1321 3809 51 40 of
1401 3808 347 41 international
1778 3810 109 47 law,
106 3807 1960 102 Washington)

111 3911 50 51 ©
187 3917 110 46 Apr.
326 3918 39 45 5,
392 3917 140 47 1932;
561 3919 66 40 2c.
656 3920 94 38 and
779 3919 80 39 aff.
889 3920 111 47 Apr.
1031 3921 81 42 14;
1144 3921 39 38 A
1211 3919 170 48 49528;
1414 3920 232 49 Carnegie
1675 3921 301 40 endowment
2004 3918 80 41 for

176 3971 343 43 international
549 3985 155 38 peace.
