2563 4368
1086 4060 100 52 161

128 444 220 66 Algier,
377 443 189 66 Ralph
593 444 274 65 William,
899 449 171 50 1885-

203 523 169 54 Cases
407 541 72 34 on
517 523 94 52 the
646 522 108 52 law
792 521 62 53 of
889 520 153 56 titles
1078 526 58 48 to
1174 521 118 52 real
1327 525 291 63 property,
1654 519 265 68 acquired
131 519 1967 148 originally
317 601 113 52 and
459 600 77 67 by

565 597 1556 69 transfer inter vivos, by Ralph W. Algier … 2d
131 676 1372 67 ed. … St. Paul, West publishing co., 1932.
202 747 96 49 xiv,
327 750 112 40 1031
468 760 43 37 p.
571 748 116 40 26ᶜᵐ.
758 747 281 48 (American
1068 747 234 41 casebook
1332 745 178 49 series;
1541 747 73 40 W.
1644 747 54 38 R.
1729 747 174 45 Vance,
1932 748 191 45 general

132 806 181 47 editor)

203 859 1924 52 First edition published 1916 under title: … Titles to real property.
138 917 50 52 ©
219 922 108 39 Jan.
358 921 28 39 6,
427 920 140 46 1932;
599 919 66 42 2c.
695 921 110 38 Feb.
836 921 26 39 8;
921 918 80 41 aff.
1035 919 109 39 Feb.
1176 918 82 47 10;
1291 919 39 38 A
1358 918 171 46 48426;
1564 919 136 40 West
1727 917 109 48 pub.
1868 929 67 29 co.

214 977 250 48 (32-3996)

127 1079 241 65 Aikens,
401 1079 306 56 Charlotte
737 1080 234 65 Albina,
1004 1085 170 50 1868-

201 1153 1927 71 The home nurse’s handbook of practical nursing … by
133 1230 1996 72 Charlotte A. Aikens … 5th ed., thoroughly rev. Philadelphia
131 1313 111 51 and
270 1312 258 64 London,
551 1311 91 54 W.
668 1312 67 52 B.
765 1310 289 56 Saunders
1080 1329 299 50 company,
1407 1312 152 51 1931.

201 1380 1843 52 2 p. l., 3-331 p. illus., plates (part col.) fold. tab., diagr. 20½ᶜᵐ.
202 1441 158 40 Blank
396 1451 147 38 pages
579 1441 78 40 for
696 1441 176 41 “Notes
911 1452 60 29 on
1010 1450 130 31 some
1179 1449 216 30 common
1435 1439 215 40 diseases
1692 1440 96 38 and
1828 1436 301 42 conditions”

141 1497 250 47 (205-208)

138 1552 51 52 ©
224 1557 109 42 Feb.
367 1558 40 41 3,
442 1555 112 41 1932;
617 1556 66 40 2c.
719 1556 111 41 Feb.
863 1556 52 46 6;
953 1555 81 42 aff.
1070 1555 110 40 Feb.
1215 1556 29 39 8;
1305 1555 41 38 A
1376 1554 171 46 47514;
1584 1555 70 39 W.
1691 1555 54 38 B.
1785 1554 245 40 Saunders
2065 1562 68 31 co.

216 1612 249 49 (32-3979)

134 1713 316 56 American
489 1717 110 52 law
639 1720 239 64 reports,
919 1715 325 53 annotated.
1321 1713 237 53 Editors
1596 1714 59 52 in
1694 1713 172 67 chief,
1906 1712 222 68 George

203 1794 75 52 H.
307 1795 260 51 Parmele
595 1795 111 52 and
732 1796 78 51 M.
840 1793 164 55 Blair
1029 1793 232 67 Wailes,
1288 1792 326 69 consulting
1641 1792 202 66 editor,
1868 1791 261 56 William

204 1872 78 52 M.
309 1872 346 68 McKinney,
679 1871 314 70 managing
1016 1872 231 67 editors,
1273 1872 235 56 Charles
1533 1869 360 69 Porterfield,
1920 1870 209 54 Edwin

208 1950 203 68 Stacey
464 1951 205 66 Oakes,
723 1951 232 52 assisted
1011 1952 76 67 by
1138 1951 96 52 the
1288 1950 420 69 exceptionally
1759 1950 370 69 experienced

204 2029 268 53 editorial
494 2028 425 69 organizations
946 2029 62 53 of
1034 2030 94 52 the
1153 2030 338 68 publishers,
1567 2047 51 33 v.
1646 2029 83 54 76.
1804 2030 325 67 Rochester,

206 2108 69 53 N.
334 2108 90 66 Y.,
482 2109 121 53 The
659 2108 268 68 Lawyers
986 2108 382 68 co-operative
1424 2108 336 70 publishing
1819 2127 307 51 company;

206 2186 340 67 Northport,
580 2188 64 49 L.
679 2188 68 63 I.,
780 2188 69 51 N.
886 2189 88 56 Y,
1011 2187 253 52 Edward
1301 2188 329 67 Thompson
1665 2206 308 50 company;
2014 2188 117 54 San

206 2264 320 60 Francisco,
560 2263 194 58 Calif.,
786 2264 586 70 Bancroft-Whitney
1402 2283 298 51 company,
1733 2269 149 49 1932.

205 2338 99 47 viii,
337 2338 112 40 1621
481 2347 43 38 p.
585 2338 145 40 25½ᶜᵐ.

141 2392 51 52 ©
231 2396 109 39 Feb.
377 2395 39 47 5,
454 2395 139 42 1932;
633 2395 66 40 2c.
737 2396 93 39 and
869 2395 79 40 aff.
989 2396 107 39 Feb.
1137 2395 81 42 10;
1259 2395 40 39 A
1335 2396 170 46 48411;
1547 2396 229 47 Lawyers
1813 2397 323 46 co-operative

209 2452 106 47 pub.
348 2462 81 37 co.,
461 2452 211 39 Edward
703 2452 274 51 Thompson
1008 2463 81 36 co.,
1120 2453 94 39 and
1248 2452 487 48 Bancroft-Whitney
1767 2463 68 31 co.

137 2553 172 56 B.-M.
335 2555 137 53 co.’s
496 2552 344 55 cumulative
868 2559 229 50 current
1122 2555 135 53 code
1286 2555 364 55 annotations
1681 2559 173 63 [1931]
1885 2554 248 70 keeping

207 2651 77 49 up
327 2638 57 47 to
429 2633 132 52 date
603 2632 196 54 Kerr’s
844 2632 324 69 cyclopedic
1214 2633 328 54 California
1585 2634 181 67 codes,
1809 2634 323 69 Henning’s

206 2713 230 65 general
467 2712 155 66 laws,
652 2711 160 53 third
844 2711 235 58 edition,
1113 2712 112 52 and
1258 2713 117 53 also
1408 2713 135 54 code
1576 2732 149 34 cases
1759 2713 154 54 from
1946 2714 186 53 Idaho

210 2790 1920 69 and Montana … bringing decisions down to 82 Cal. dec.
208 2870 120 64 418,
371 2871 64 49 66
478 2868 121 54 Cal.
642 2887 131 49 app.
816 2869 115 52 dec.
975 2872 117 63 922,
1131 2872 32 49 2
1203 2870 133 52 Pac.
1390 2869 128 69 (2d)
1572 2874 135 49 1119
1759 2871 376 69 (California,

209 2946 203 66 Idaho,
458 2947 112 52 and
617 2947 278 53 Montana
940 2946 177 69 cases)
1202 2948 294 68 Prepared
1543 2950 113 52 and
1703 2952 310 53 annotated
2057 2952 76 69 by

210 3025 237 52 Everett
484 3027 76 51 H.
604 3027 180 51 Roan.
862 3025 118 55 San
1020 3026 324 69 Francisco,
1385 3028 409 54 Bender-Moss
1836 3049 297 52 company,

211 3106 149 49 1932.

207 3177 62 48 iv,
305 3177 84 39 241
428 3188 41 37 p.
530 3176 146 41 25½ᶜᵐ.

145 3229 51 52 ©
228 3234 108 41 Jan.
368 3234 68 48 16,
468 3232 112 42 1932;
640 3234 66 40 2c.
739 3235 95 39 and
864 3234 81 39 aff.
980 3235 109 39 Jan.
1121 3234 56 40 25;
1237 3234 40 39 A
1307 3235 145 42 47189;
1514 3238 190 39 Bender
1737 3239 130 41 Moss
1900 3249 67 30 co.

135 3322 360 66 Bachmann,
525 3324 241 63 Robert,
800 3326 170 52 1879-

207 3398 151 56 Here
390 3416 182 35 comes
604 3419 30 33 a
667 3398 171 53 sailor
893 3399 93 69 [by]
1026 3399 213 56 Robert
1273 3401 349 56 Bachmann.
1693 3405 234 71 Boston,
1961 3407 68 54 R.
2066 3407 67 55 G.

136 3475 226 68 Badger
402 3512 13 33 [
444 3478 133 50 ᶜ1932
582 3510 13 34 ]

208 3550 87 41 288
322 3562 43 38 p.
426 3549 145 41 19½ᶜᵐ.

149 3604 50 51 ©
229 3609 108 39 Jan.
365 3607 41 43 9,
437 3607 113 40 1932;
609 3606 65 41 2c.
707 3607 107 39 Feb.
847 3606 81 43 12;
960 3607 82 40 aff.
1073 3608 110 39 Feb.
1213 3608 82 46 10;
1329 3609 39 40 A
1397 3609 171 48 47584;
1603 3612 214 42 Richard
1849 3616 53 41 G.
1933 3618 206 47 Badger.

225 3664 249 47 (32-4451)

137 3751 225 63 Balzac,
392 3751 236 54 Honoré
655 3752 87 63 de,
775 3752 324 56 1799-1850.

208 3825 183 53 Three
417 3826 197 55 stories
641 3827 73 68 by
741 3826 236 66 Balzac;
1007 3825 206 68 edited,
1240 3826 140 54 with
1406 3828 405 73 introduction,
1839 3840 156 49 notes
2024 3837 112 52 and

142 3902 1989 79 vocabulary, by George D. Morris … [Boston, New York, etc.]
141 3977 152 57 Ginn
322 3979 111 53 and
462 3997 276 52 company
811 3983 154 65 [ᶜ1932]
