2563 4368
1012 4050 99 49 899

152 504 818 52 264 p. incl. map, diagr. 21 ᶜᵐ .
153 563 161 41 “First
346 561 225 43 edition.”

91 616 1833 55 © May 14, 1932; 2c. May 9; aff. June 2; A 51606; S. H. Borofsky,
158 618 1891 101 Boston.
322 677 276 49 (32-15318)

86 779 456 64 Brausewetter,
570 779 188 52 Artur
785 775 304 55 Friedrich
1116 776 177 64 Leon,
1324 780 171 51 1864-

212 851 1847 70 … Nur ein bauer; roman. Breslau, Bergstadtverlag [ ᶜ1 932 ]
150 927 333 48 220 p. 19 ᶜᵐ .
87 980 1962 108 © Apr. 1, 1932; 1c. May 20; A—Foreign 16903; Bergstadtverlag Wilhelm Gottlieb Korn. (32-15496)
80 1143 232 64 Brown,
339 1142 172 54 Allan
542 1142 304 65 Reginald.

147 1219 146 51 Paul
322 1219 94 52 the
446 1237 175 35 sower;
682 1239 30 33 a
742 1219 170 68 study
943 1218 64 52 of
1033 1220 95 52 the
1159 1237 243 49 purpose
1435 1219 111 52 and
1578 1217 266 68 meaning
1875 1216 62 53 of
1968 1218 92 52 the

80 1295 223 67 Epistle
343 1302 57 47 to
439 1298 93 51 the
573 1298 276 65 Romans;
892 1315 31 33 a
965 1296 167 53 series
1170 1296 63 52 of
1269 1297 237 52 lectures
1544 1295 284 53 delivered
1865 1294 196 54 before

79 1373 94 53 the
207 1373 275 53 midweek
516 1372 265 68 meeting,
815 1373 292 68 Religious
1144 1373 210 68 society
1389 1372 63 53 of
1488 1372 258 68 Friends,
1785 1377 100 49 144
1922 1374 140 51 East

77 1450 319 53 Twentieth
428 1457 186 60 street,
647 1452 138 53 New
818 1451 176 52 York.
1070 1452 90 66 By
1191 1450 175 53 Allan
1399 1451 67 53 R.
1500 1453 238 64 Brown;
78 1450 1960 132 introduction

233 1528 76 67 by
342 1528 249 52 Herbert
626 1528 256 67 Parrish,
954 1571 9 9 D.
1037 1570 10 10 D.
1121 1528 139 52 New
1300 1528 162 52 York
1552 1533 88 61 [etc.]
1683 1526 264 69 Fleming
1983 1529 76 52 H.

77 1606 195 52 Revell
302 1624 278 49 company
655 1609 149 64 [ᶜ1932]

145 1676 858 51 1 p. l., 7-132 p. diagrs. 19½ ᶜᵐ .
83 1731 50 52 ©
165 1736 113 47 May
305 1736 69 46 28,
405 1734 140 48 1932;
577 1736 67 39 2c.
675 1736 95 39 and
800 1733 80 42 aff.
912 1735 126 39 June
1067 1733 81 47 10;
1181 1734 45 39 A
1252 1733 170 47 52401;
1455 1733 220 48 Fleming
1705 1735 60 39 H.
1798 1734 165 40 Revell
1996 1746 67 30 co.

160 1791 277 47 (32-15621)

75 1886 235 55 Bureau
342 1888 63 53 of
436 1886 317 65 municipal
783 1886 295 65 research,
1111 1885 424 70 Philadelphia.

78 1962 1962 148 … Medical department of the Municipal court of Philadelphia;
277 2061 30 33 a
339 2049 192 61 report
561 2043 76 68 by
666 2043 93 52 the
790 2043 227 52 Bureau
1049 2041 63 54 of
1142 2042 313 68 municipal
1486 2043 256 52 research
1773 2042 65 52 of
79 2043 1961 146 Philadelphia,

352 2120 64 52 of
441 2142 31 34 a
498 2121 171 68 study
693 2122 165 51 made
882 2121 76 68 by
984 2122 45 51 it
1057 2139 58 35 as
1143 2127 169 63 agent
1340 2120 63 53 of
1429 2121 103 55 the.
1552 2121 247 53 Thomas
1829 2120 233 55 Skelton

78 2198 283 52 Harrison
416 2199 357 52 foundation.
850 2200 140 51 This
1043 2206 193 60 report
1290 2200 280 66 prepared
1623 2199 76 69 by
1751 2199 193 68 Ralph
1997 2199 66 53 P.

74 2276 1965 146 Truitt … Philadelphia, Thomas Skelton Harrison foundation, 1932.
145 2429 1915 50 xxiii, 201 p. diagrs. 23 ᶜᵐ . (Philadelphia Municipal court survey
75 2485 173 48 series)

80 2538 1782 54 © May 23, 1932; 2c. and aff. May 27; A 51532; Thomas Skelton
146 2544 1897 94 Harrison
257 2599 302 40 foundation.
631 2599 277 48 (32-15403)

77 2686 314 67 Campbell,
419 2688 285 65 Reginald
731 2688 173 68 John,
934 2690 170 56 1867-

144 2763 1913 72 Christian faith in modern light, by R. J. Campbell … New
76 2840 176 68 York,
279 2844 120 51 The
425 2843 332 53 Macmillan
785 2863 296 48 company,
1110 2849 148 49 1932.

142 2914 609 50 3 p. l., 11-192 p. 22 ᶜᵐ .
147 2969 218 43 “Twelve
395 2972 207 40 lectures
633 2972 242 41 delivered
904 2973 51 38 in
984 2974 81 38 the
1096 2973 192 41 Church
1320 2973 52 40 of
1402 2974 67 40 St.
1503 2975 260 46 Margaret,
1795 2974 261 48 Lothbury,

77 3023 53 43 E.
166 3025 61 49 C.,
262 3027 51 39 in
346 3028 83 39 the
460 3027 174 41 winter
667 3029 52 40 of
751 3028 200 41 1930-31
986 3028 51 41 in
1072 3029 280 41 connection
1387 3030 119 40 with
1540 3032 82 39 the
1659 3030 182 41 Golden
1875 3031 182 41 lecture

76 3081 360 43 trust.”—Pref.

145 3137 371 51 Bibliography:
546 3151 43 39 p.
620 3140 215 42 185-186.

83 3188 50 52 ©
163 3194 124 42 June
313 3198 38 46 7,
379 3196 138 48 1932;
547 3198 67 40 2c.
644 3199 94 39 and
766 3199 80 39 aff.
878 3199 125 40 June
1031 3200 52 46 8;
1113 3200 42 39 A
1181 3199 143 41 52367;
1383 3200 279 40 Macmillan
1693 3212 65 29 co.

160 3250 273 51 (32-15617)

81 3336 233 69 Carver,
342 3341 243 67 George,
615 3348 170 50 1888-

147 3413 335 71 Paragraph
535 3419 213 69 design,
800 3421 75 68 by
925 3421 221 69 George
1198 3424 213 54 Carver
1464 3424 113 52 and
1628 3423 308 54 Frederick
1986 3426 65 51 P.

77 3487 1594 79 Mayer … New York, T. Nelson and sons, 1932.
146 3562 354 49 128 p. 19 ½ᶜᵐ .
85 3612 52 51 ©
165 3619 110 47 May
302 3621 68 42 24,
399 3622 111 41 1932;
567 3626 66 40 2c.
663 3628 95 38 and
787 3627 81 40 aff.
897 3629 112 46 May
1038 3628 56 40 26;
1151 3628 43 40 A
1220 3629 143 41 52197;
1422 3630 209 40 Thomas
1660 3630 178 39 Nelson
1867 3629 38 41 &
1933 3639 124 30 sons.

162 3673 272 53 (32-15337)

82 3759 192 67 Clark,
300 3764 149 55 Fred
477 3768 303 68 Emerson,
809 3776 171 51 1890-

146 3837 1912 80 Principles of marketing, by Fred E. Clark … Rev. ed.
77 3913 137 55 New
239 3917 177 68 York,
442 3921 118 55 The
586 3924 334 55 Macmillan
946 3946 298 51 company,
1271 3932 151 51 1932.
