2563 4368
1114 4139 133 54 1857

181 525 186 64 Allen,
399 523 217 66 Edgar,
650 529 170 49 1892-
1031 524 83 54 ed.

251 599 1856 69 Sex and internal secretions; a survey of recent research …
179 675 1990 71 edited by Edgar Allen … with a foreword by Robert M. Yerkes
241 751 1696 70 … Baltimore, The Williams & Wilkins company, 1932.
249 824 118 48 xxii,
399 824 98 49 951,
531 825 55 49 [4]
619 835 41 38 p.
721 824 142 49 illus.,
897 826 179 47 diagrs.
1136 824 145 41 23½ᶜᵐ.

250 881 365 42 Contributions
641 882 127 39 from
794 881 256 40 American
1077 880 346 49 investigators
1450 882 208 40 selected
1687 883 59 46 by
1774 882 82 40 the
1884 881 284 42 Committee

179 937 78 41 for
287 939 223 39 research
537 938 49 39 in
614 938 239 48 problems
879 938 52 40 of
960 947 82 30 sex
1072 938 52 40 of
1152 939 80 39 the
1262 937 221 41 Division
1512 938 50 38 of
1590 937 205 40 medical
1823 937 224 48 sciences,
180 938 1970 97 National

364 994 223 41 research
620 993 199 42 council,
880 995 61 49 cf.
972 993 130 41 Pref.

250 1050 346 49 Bibliography
628 1052 51 38 at
713 1051 91 40 end
836 1050 52 41 of
920 1051 118 40 each
1069 1051 214 47 chapter.

185 1106 50 52 ©
264 1112 115 38 Nov,
409 1111 68 42 28.
507 1109 139 48 1932;
676 1110 66 41 2c.
772 1112 94 38 and
896 1110 81 39 aff.
1006 1110 112 40 Dec.
1147 1111 82 45 34;
1260 1110 41 38 A
1330 1110 168 46 57456;
1529 1109 243 41 Williams
1801 1110 36 40 &
1866 1108 209 41 Wilkins
2105 1119 65 30 co.

262 1168 277 48 (32-35481)

180 1258 208 63 Aston,
420 1257 315 64 Benjamin
768 1257 305 54 Gwilliam.

308 1334 94 52 Vain
437 1333 247 63 fantasy,
718 1335 74 61 by
827 1337 64 51 B.
928 1335 67 54 G.
1030 1336 198 51 Aston.
1305 1335 255 61 London,
1593 1336 186 51 Hurst
1812 1338 44 49 &
1889 1334 281 61 Blackett,

182 1413 100 52 ltd.
327 1416 171 64 [1932]

252 1484 615 49 2 p. l., 9-288 p. 19½ᶜᵐ.
186 1539 1985 52 © 1c. Dec. 3, 1932; A ad int. 17165; pubd. Oct. 7; B. G. Aston, Glasgow.
262 1599 277 49 (32-35924)

181 1689 314 65 Brooklyn.
569 1690 325 54 Methodist
927 1690 309 64 Episcopal
1266 1689 276 65 hospital.

250 1768 319 52 Procedure
605 1766 163 68 book,
805 1767 95 53 the
937 1766 315 53 Methodist
1291 1765 310 69 Episcopal
1638 1764 267 68 hospital.
1978 1765 73 53 2d
2087 1765 86 53 ed.

184 1844 308 68 Brooklyn,
522 1844 69 54 N.
623 1845 90 66 Y.,
744 1847 151 50 1932.

253 1918 280 47 cover-title,
562 1917 85 41 201
676 1929 44 37 p.
778 1918 116 40 23ᶜᵐ.

254 1975 158 39 Blank
441 1985 146 37 pages
616 1973 130 41 after
774 1974 118 40 each
922 1974 201 47 chapter
1151 1976 82 38 not
1264 1972 223 41 included
1516 1973 48 40 in
1596 1974 80 39 the
1706 1972 188 49 paging.

255 2031 223 40 Includes
508 2029 360 42 “References”.

186 2084 52 51 ©
268 2089 116 39 Nov.
415 2088 68 46 11,
514 2087 140 47 1932;
685 2087 66 40 2c.
781 2087 117 40 Nov.
928 2086 83 47 25;
1043 2086 80 41 aff.
1156 2087 111 40 Dec.
1299 2086 81 43 13;
1413 2087 41 39 A
1484 2087 169 46 57452;
1688 2086 264 41 Methodist
254 2087 1902 105 Episcopal

357 2144 211 48 hospital
593 2144 51 39 of
668 2143 258 47 Brooklyn.
953 2144 115 39 New
1093 2143 144 47 York,
1263 2144 259 47 Brooklyn.
1593 2143 279 50 (32-35640)

186 2232 277 65 Caunter,
496 2233 158 64 Cyril
686 2233 262 64 Francis,
985 2238 155 49 1899-

252 2309 267 56 Madness
544 2329 173 49 opens
738 2311 96 53 the
857 2312 155 66 door,
1037 2310 72 68 by
1136 2312 61 54 C.
1225 2313 63 51 F.
1316 2312 266 55 Caunter.
1657 2313 256 66 London,
1940 2315 63 52 T.
184 2316 1963 140 Lutterworth,
498 2389 222 53 limited
752 2393 170 63 [1932]

253 2461 87 40 319
371 2472 43 37 p.
474 2460 145 42 19½ᶜᵐ.

189 2514 1989 55 © 1c. Nov. 11, 1932; A ad int. 17055; pubd. Sept. 15; C. F. Caunter, Eastham
255 2576 125 48 ,
411 2575 243 47 Cheshire,
685 2576 234 47 England.
990 2574 278 49 (32-35925)

185 2666 184 63 Coles,
399 2665 189 54 Jessie
621 2666 137 54 Vee.

183 2741 1993 150 Standardization of consumers’ goods; an aid to consumerbuying, by Jessie Y. Coles … New York, The Ronald press
184 2899 509 65 company [ ᶜ1 932 ]
292 3001 8 16 x,
331 2970 86 41 323
446 2981 44 38 p.
548 2970 116 39 22ᶜᵐ.

256 3026 374 48 Bibliography:
661 3037 43 37 p.
734 3025 214 42 299-312.

190 3079 52 52 ©
269 3084 109 40 Dec.
407 3084 38 45 8,
473 3082 139 46 1932;
642 3083 64 38 2c.
736 3083 112 40 Dec.
876 3083 81 46 12;
988 3082 79 40 aff.
1099 3083 110 40 Dec.
1238 3083 81 47 30;
1349 3084 40 39 A
1417 3084 169 48 57421;
1618 3086 189 41 Ronald
1835 3098 135 37 press
2001 3099 64 30 co.

267 3139 279 48 (32-35646)

188 3213 226 65 Collier,
444 3213 254 55 William
729 3214 208 64 Miller,
971 3216 169 53 1867-

257 3293 122 53 The
414 3290 376 69 Bankruptcy
826 3296 91 49 act
949 3290 65 54 of
1052 3295 132 51 1898
1217 3292 244 69 (United
1497 3293 189 57 States
1721 3298 152 67 code,
1910 3297 130 55 title
2074 3299 92 67 11)

188 3389 60 34 as
290 3370 273 52 amended
604 3375 59 47 to
705 3369 308 53 December
1056 3374 46 63 1,
1147 3373 152 65 1932,
1342 3372 297 69 including
1682 3376 388 53 amendments
2112 3376 65 53 of

186 3446 139 68 May
352 3446 85 67 27,
466 3449 151 64 1926,
645 3448 113 52 and
788 3447 119 53 also
934 3448 387 53 amendments
1351 3448 64 53 of
1441 3450 297 69 February
1767 3456 47 63 5,
1844 3456 152 65 1903,
2026 3454 151 54 June

189 3527 83 64 15,
307 3527 151 64 1906,
490 3524 152 54 June
676 3526 85 65 25,
798 3527 150 63 1910,
982 3523 202 55 March
1218 3528 50 64 2,
1306 3525 151 69 1917,
1492 3527 262 70 January
1790 3529 49 68 7,
1877 3534 151 65 1922,
2063 3531 111 53 and

187 3601 295 67 February
517 3605 81 63 11,
634 3604 149 50 1932.
859 3600 158 55 Each
1052 3602 210 53 section
1301 3606 306 52 annotated
1642 3606 140 53 with
1817 3626 150 36 cross
188 3607 1965 125 references
382 3678 113 53 and
527 3684 176 60 notes,
739 3678 258 67 together
1034 3679 139 52 with
1210 3678 245 55 General
1491 3683 195 53 orders
1721 3683 59 52 in
1816 3684 361 70 bankruptcy

190 3756 112 52 and
345 3753 219 56 Official
607 3754 181 54 forms
830 3755 59 53 in
930 3754 379 69 bankruptcy,
1352 3757 248 68 adopted
1642 3759 75 68 by
1762 3761 97 53 the
1902 3760 274 70 Supreme

190 3837 161 48 court
381 3830 65 55 of
477 3832 98 53 the
602 3832 217 54 United
855 3830 205 68 States,
1094 3849 59 36 as
1186 3835 273 52 amended
1493 3841 59 46 to
1587 3837 148 66 date,
1768 3839 140 52 with
189 3846 1964 117 annotations
366 3915 61 47 to
453 3907 98 54 the
580 3907 244 55 General
853 3909 195 52 orders
1077 3909 110 52 and
1222 3908 217 56 Official
1472 3910 208 70 forms;
1715 3914 259 56 indexed.
189 3917 1965 123 Collier
329 3985 299 69 pamphlet
662 3986 103 64 ed.,
804 3988 133 49 1932
973 3985 261 54 revision.
1310 3987 249 69 Albany,
1596 3989 70 54 N.
1706 3991 93 68 Y.,
1836 3993 78 59 M,
1954 3995 227 58 Bender

185 4065 48 53 &
258 4080 296 51 company,
584 4064 151 51 1932.
