2563 4368
1029 4068 91 53 337

81 553 483 48 nutt.—“American,
584 551 119 42 sir!”
723 554 61 47 by
816 555 141 46 Mary
988 554 55 40 R.
1064 554 44 40 S.
1126 554 411 40 Andrews.—The
1569 555 153 39 revolt
1740 553 52 40 of
1811 553 258 48 “mother”,

82 611 61 47 by
168 611 140 46 Mary
333 610 52 41 E.
412 611 70 39 W.
511 609 435 41 Freeman.—Wan
973 610 104 47 Lee,
1106 611 81 39 the
1214 621 171 37 pagan,
1413 610 59 48 by
1500 611 117 39 Bret
1643 611 170 39 Harte.
1815 610 256 48 —Turkey

83 667 95 48 red,
208 666 60 48 by
295 666 211 40 Frances
536 667 52 40 G.
617 667 327 40 Wood.—The
971 666 186 49 citizen,
1188 668 59 47 by
1274 667 44 40 J.
1347 667 51 41 F.
1428 667 353 48 Dwyer.—The
1809 667 261 41 ambitious

80 724 151 47 guest,
260 723 61 47 by
348 723 56 40 N.
434 724 314 38 Hawthorne.

86 791 51 52 ©
170 796 110 46 Apr.
311 794 68 47 23,
413 794 111 40 1932;
585 794 67 41 2c.
684 795 93 38 and
809 792 82 42 aff.
923 794 113 47 Apr.
1066 793 57 40 28;
1183 794 39 38 A
1251 793 146 41 49748;
1458 794 192 49 Harper
1683 799 35 41 &
1749 794 126 43 bros.

163 851 278 49 (32-11378)

83 956 247 65 Franck,
361 957 185 62 Hans,
579 956 170 54 1879-

212 1030 1857 72 … Zeitenprisma; dreimaldreizehn geschichten. München,
81 1113 69 54 G.
181 1114 228 66 Müller,
442 1114 149 50 1932.

150 1187 99 47 353,
283 1186 55 49 [3]
370 1196 42 37 p.
472 1185 58 40 20ᶜᵐ.

85 1240 1986 52 © Nov. 30, 1931; 1c . Feb. 25, 1932; A— Foreign 15889; Georg Müller
152 1300 178 48 verlag,
359 1310 41 29 a.
429 1310 41 37 g.
540 1297 279 50 (32-11929)

82 1397 283 70 Gardner,
396 1402 202 56 Helen.

146 1478 1923 69 Understanding the arts, by Helen Gardner … New York,
79 1555 1484 70 Chicago, Harcourt, Brace and company [ ᶜ1 932]
151 1629 100 48 viii,
289 1628 86 42 336
409 1639 42 37 p.
516 1629 162 45 front.,
716 1628 129 40 illus.
873 1628 134 47 (incl.
1046 1638 151 37 maps,
1233 1628 165 48 plans)
1448 1626 156 50 plates
1654 1630 49 47 (1
1744 1629 110 48 col.)
1903 1633 165 45 ports.,

79 1684 328 42 facsims. 20 ᶜᵐ.
147 1741 223 41 Includes
399 1741 390 48 bibliographies.

85 1795 51 52 ©
166 1802 113 46 Apr.
308 1799 69 48 12,
407 1798 140 47 1932;
579 1798 66 42 2c.
677 1800 99 42 and
803 1798 80 40 aff.
915 1799 113 48 Apr.
1059 1798 81 47 18;
1172 1799 40 39 A
1243 1798 170 48 50752;
1446 1800 260 47 Harcourt,
1739 1801 154 39 Brace
1923 1800 36 40 &
1988 1808 80 37 co.,

151 1856 91 41 inc.
310 1855 278 50 (32-11213)

83 1961 214 65 Grand,
330 1961 251 55 Gordon.

146 2036 119 53 The
298 2036 171 53 silver
502 2037 142 52 horn
681 2038 111 51 and
826 2037 161 52 other
1019 2037 264 67 sporting
1315 2037 140 53 tales
1490 2037 64 51 of
1585 2037 157 53 John
83 2038 1961 145 Weatherford,

263 2115 73 68 by
370 2114 235 54 Gordon
639 2113 218 61 Grand,
893 2114 137 53 with
1065 2115 287 68 drawings
1386 2114 75 69 by
1494 2115 56 53 J.
1583 2114 190 53 Alden
78 2116 1966 127 Twachtman.

298 2192 137 51 New
467 2191 177 65 York,
673 2192 119 51 The
823 2193 317 66 Derrydale
1172 2210 172 49 press,
1379 2195 147 49 1932.

148 2264 1099 50 6 p. l. , 228, [1] p., 1 l. front., plates. 24ᶜᵐ.
151 2320 148 41 “Nine
329 2322 219 39 hundred
576 2323 94 38 and
698 2321 111 48 fifty
835 2321 203 48 copies.”

86 2375 52 52 ©
160 2380 112 47 Apr.
298 2380 67 45 11,
392 2377 114 41 1932;
560 2378 69 43 2c.
654 2380 94 38 and
775 2378 82 40 aff.
883 2379 114 46 Apr.
1023 2376 55 41 19;
1134 2378 40 39 A
1199 2377 144 40 49614;
1401 2377 267 49 Derrydale
1695 2388 147 38 press,
1872 2378 91 39 inc.

162 2436 277 48 (32-11246)

84 2539 200 64 Gugle,
311 2542 138 52 Mrs.
477 2540 147 55 Sara
654 2540 63 55 F.

148 2615 239 69 History
421 2615 63 53 of
517 2615 94 52 the
646 2613 414 56 International
1096 2615 164 52 order
1295 2613 62 53 of
1390 2614 93 53 the
1517 2612 208 69 King’s
1759 2613 307 69 daughters

82 2689 1985 71 and sons, year 1886 to 1930, by Sara F. Gugle … [Columbus,
83 2767 84 68 O.,
195 2768 303 55 Stoneman
527 2786 173 51 press]
734 2771 148 50 1931.

147 2840 87 41 437
259 2850 43 38 p.
329 2839 109 42 incl.
467 2839 143 49 illus.,
638 2841 148 47 ports.
843 2839 55 41 23½ᶜᵐ.

148 2896 177 40 Errata
356 2896 95 49 slip
478 2895 229 42 inserted.

87 2951 1955 51 © Nov. 30, 1931; 1c. Apr. 4, 1932; 1c. Apr. 13; aff. Apr. 12; A 50776;
155 3013 352 39 International
541 3014 140 38 order
715 3012 50 39 of
797 3011 81 40 the
912 3010 167 49 King’s
1112 3011 263 48 daughters
1409 3011 35 40 &
1477 3022 125 37 sons,
1637 3012 105 48 inc.,
1775 3012 116 39 New
1925 3011 141 39 York.

162 3068 276 48 (32-11227)

85 3172 187 64 Gunn,
303 3172 131 53 Neil
464 3174 78 54 M.

150 3248 118 52 The
298 3250 107 51 lost
433 3249 147 67 glen,
609 3250 74 67 by
713 3249 129 53 Neil
871 3250 78 54 M.
984 3250 187 53 Gunn.
1247 3249 361 68 Edinburgh,
1638 3250 119 52 The
1789 3248 274 69 Porpoise

83 3343 152 49 press
272 3330 169 64 [1932]

150 3398 82 39 351
270 3408 43 38 p.
370 3397 56 41 19½ᶜᵐ.

89 3450 1979 54 © 1c. Apr. 29, 1932; A ad int. 16339; pubd. Mar. 3; Harcourt. Brace &
156 3521 52 29 co.,
266 3512 102 47 inc.,
400 3513 115 39 New
546 3513 143 39 York.
759 3512 277 48 (32-12726)

86 3611 231 67 Hirsch,
346 3616 229 62 Moritz,
607 3616 170 54 1879-

153 3689 106 52 Die
310 3690 462 52 trockentechnik;
853 3693 374 66 grundlagen,
1276 3693 378 66 berechnung,
1706 3691 361 66 ausführung

84 3766 112 51 und
223 3765 211 54 betrieb
462 3768 98 51 der
587 3768 683 69 trockeneinrichtungen,
1297 3788 110 33 von
1433 3767 286 69 dipl.-ing.
1745 3768 79 52 M.
1852 3766 213 53 Hirsch

219 3844 1845 69 … 2., verb. und verm. aufl., mit 336 textabbildungen, einer
85 3917 312 55 schwarzen
446 3923 116 51 und
612 3924 30 48 2
710 3921 405 69 zweifarbigen
1189 3923 269 52 i-x-tafeln
1510 3922 98 53 für
1658 3922 225 52 feuchte
1932 3920 132 53 luft.

88 3993 209 70 Berlin,
323 3997 55 53 J.
409 3997 293 69 Springer,
733 4002 148 49 1932.
