<alto xmlns="http://www.loc.gov/standards/alto/ns-v3#" xmlns:xlink="http://www.w3.org/1999/xlink" xmlns:xsi="http://www.w3.org/2001/XMLSchema-instance" xsi:schemaLocation="http://www.loc.gov/standards/alto/ns-v3# http://www.loc.gov/alto/v3/alto-3-0.xsd"><Description>
<MeasurementUnit>pixel</MeasurementUnit>
<sourceImageInformation>
<fileName>1932_v29_part001.pdf</fileName>
</sourceImageInformation>
<OCRProcessing ID="IdOcr">
<ocrProcessingStep>
<processingDateTime>2019-04-25</processingDateTime>
<processingSoftware>
<softwareCreator>ABBYY</softwareCreator>
<softwareName>ABBYY Recognition Server</softwareName>
<softwareVersion>4.0</softwareVersion>
</processingSoftware>
</ocrProcessingStep>
</OCRProcessing>
</Description>
<Styles>
<ParagraphStyle ID="StyleId-FFFFFFFF-FFFF-FFFF-FFFF-FFFFFFFFFFFF-" ALIGN="Left" LEFT="0." RIGHT="0." FIRSTLINE="0."/>
<ParagraphStyle ID="StyleId-547D96D3-B2DE-4E86-A4BD-9DDFC275973A-" ALIGN="Left" LEFT="0." RIGHT="0." FIRSTLINE="0." LINESPACE="7.699999809"/>
<ParagraphStyle ID="StyleId-BE433B82-DF6F-491A-9872-F562FF4150C8-" ALIGN="Block" LEFT="0." RIGHT="0." FIRSTLINE="-13." LINESPACE="7.900000095"/>
<ParagraphStyle ID="StyleId-CC286467-50C5-4655-B0CF-BA365CCE0736-" ALIGN="Block" LEFT="0." RIGHT="0." FIRSTLINE="-15." LINESPACE="8.479999542"/>
<ParagraphStyle ID="StyleId-9878414D-BEDB-487D-971A-CF5ADB5C4AD2-" ALIGN="Block" LEFT="0." RIGHT="0." FIRSTLINE="-14." LINESPACE="10.92000008"/>
<ParagraphStyle ID="StyleId-EBC70DE5-3635-4BD4-B07B-05DF6EFE0022-" ALIGN="Block" LEFT="0." RIGHT="0." FIRSTLINE="-13." LINESPACE="12.19999981"/>
<ParagraphStyle ID="StyleId-8A688F83-F017-4D5D-A00A-14637016ED45-" ALIGN="Left" LEFT="0." RIGHT="0." FIRSTLINE="0." LINESPACE="9.399999619"/>
<ParagraphStyle ID="StyleId-20F0BBAE-20C6-42F4-8113-00B5C02924DC-" ALIGN="Left" LEFT="0." RIGHT="0." FIRSTLINE="0." LINESPACE="11.10000038"/>
<ParagraphStyle ID="StyleId-7AA70148-8873-4ACB-90AE-BF9322E02302-" ALIGN="Left" LEFT="0." RIGHT="0." FIRSTLINE="-13." LINESPACE="11.09000015"/>
<ParagraphStyle ID="StyleId-072EF7BA-7207-4F8B-9A7C-F564E8B4CB16-" ALIGN="Left" LEFT="0." RIGHT="0." FIRSTLINE="-14." LINESPACE="12.19999981"/>
<ParagraphStyle ID="StyleId-44303D12-21D7-4DB0-9E9F-87FA1A861DD7-" ALIGN="Block" LEFT="0." RIGHT="0." FIRSTLINE="-14." LINESPACE="10.92000008"/>
<ParagraphStyle ID="StyleId-43CF0D44-8AC2-4CD0-865F-942C78705184-" ALIGN="Block" LEFT="0." RIGHT="0." FIRSTLINE="-13." LINESPACE="12.19999981"/>
<ParagraphStyle ID="StyleId-7A298A86-29F5-413A-AEC9-078A4CC464D7-" ALIGN="Block" LEFT="0." RIGHT="0." FIRSTLINE="13." LINESPACE="12.19999981"/>
<ParagraphStyle ID="StyleId-8E4E86F7-C1F9-4A1A-B605-6B1FC1C8E9F7-" ALIGN="Left" LEFT="0." RIGHT="0." FIRSTLINE="0." LINESPACE="11.60000038"/>
<ParagraphStyle ID="StyleId-AB39791B-5ED1-444F-BEF5-2CFED1F2709A-" ALIGN="Left" LEFT="0." RIGHT="0." FIRSTLINE="-13." LINESPACE="11.09000015"/>
<ParagraphStyle ID="StyleId-C1F2EEE7-CD00-4E11-9EAD-B222287AEDA4-" ALIGN="Center" LEFT="0." RIGHT="0." FIRSTLINE="0." LINESPACE="11.10000038"/>
</Styles>
<Layout>
<Page ID="Page541" PHYSICAL_IMG_NR="541" HEIGHT="4368" WIDTH="2563">
<TopMargin HEIGHT="426" WIDTH="2563" VPOS="0" HPOS="0">
</TopMargin>
<LeftMargin HEIGHT="3674" WIDTH="118" VPOS="426" HPOS="0">
</LeftMargin>
<RightMargin HEIGHT="3674" WIDTH="415" VPOS="426" HPOS="2148">
</RightMargin>
<BottomMargin HEIGHT="268" WIDTH="2563" VPOS="4100" HPOS="0">
</BottomMargin>
<PrintSpace HEIGHT="3674" WIDTH="2030" VPOS="426" HPOS="118">
<TextBlock ID="Page541_Block1" HEIGHT="70" WIDTH="118" VPOS="4030" HPOS="1086" LANG="en-US" STYLEREFS="StyleId-C260FF68-D61B-4809-80C1-39DF03FE1BBF-">
<TextLine HEIGHT="49" WIDTH="99" VPOS="4041" HPOS="1096">
<String CONTENT="541" HEIGHT="49" WIDTH="99" VPOS="4041" HPOS="1096"/>
</TextLine>
</TextBlock>
<TextBlock ID="Page541_Block2" HEIGHT="3606" WIDTH="2030" VPOS="426" HPOS="118" LANG="en-US" CS="1" STYLEREFS="StyleId-AC7DA02B-358A-4EB7-AA88-FF2D75CE0F89-">
<TextLine HEIGHT="68" WIDTH="1036" VPOS="437" HPOS="130" STYLEREFS="StyleId-761E21C3-9454-4DC7-92BB-113FE7BF1949-">
<String CONTENT="Penfield," HEIGHT="65" WIDTH="274" VPOS="440" HPOS="130"/>
<SP HEIGHT="63" WIDTH="26" VPOS="442" HPOS="405"/>
<String CONTENT="Wilder," HEIGHT="64" WIDTH="236" VPOS="439" HPOS="432"/>
<SP HEIGHT="61" WIDTH="30" VPOS="442" HPOS="669"/>
<String CONTENT="1891-" HEIGHT="51" WIDTH="170" VPOS="441" HPOS="700"/>
<SP HEIGHT="35" WIDTH="210" VPOS="454" HPOS="871"/>
<String CONTENT="ed." HEIGHT="53" WIDTH="84" VPOS="437" HPOS="1082"/>
</TextLine>
<TextLine HEIGHT="73" WIDTH="1856" VPOS="513" HPOS="201" STYLEREFS="StyleId-E7A8890B-D66D-42CE-9CB7-572FEBA7FA3F-" CS="1">
<String CONTENT="Cytology" HEIGHT="68" WIDTH="284" VPOS="518" HPOS="201"/>
<SP HEIGHT="65" WIDTH="43" VPOS="519" HPOS="486"/>
<String CONTENT="&amp;" HEIGHT="50" WIDTH="45" VPOS="519" HPOS="530"/>
<SP HEIGHT="50" WIDTH="45" VPOS="519" HPOS="576"/>
<String CONTENT="cellular" HEIGHT="52" WIDTH="233" VPOS="517" HPOS="622"/>
<SP HEIGHT="48" WIDTH="46" VPOS="534" HPOS="856"/>
<String CONTENT="pathology" HEIGHT="67" WIDTH="313" VPOS="515" HPOS="903"/>
<SP HEIGHT="50" WIDTH="45" VPOS="531" HPOS="1217"/>
<String CONTENT="of" HEIGHT="52" WIDTH="63" VPOS="513" HPOS="1263"/>
<SP HEIGHT="52" WIDTH="43" VPOS="513" HPOS="1327"/>
<String CONTENT="the" HEIGHT="52" WIDTH="94" VPOS="513" HPOS="1371"/>
<SP HEIGHT="34" WIDTH="44" VPOS="531" HPOS="1466"/>
<String CONTENT="nervous" HEIGHT="35" WIDTH="241" VPOS="530" HPOS="1511"/>
<SP HEIGHT="33" WIDTH="44" VPOS="531" HPOS="1753"/>
<String CONTENT="system" HEIGHT="62" WIDTH="208" VPOS="517" HPOS="1798"/>
<SP HEIGHT="33" WIDTH="50" VPOS="530" HPOS="2007"/>
<String CS="1" CONTENT="&#8230;"/>
</TextLine>
<TextLine HEIGHT="76" WIDTH="1928" VPOS="588" HPOS="129" STYLEREFS="StyleId-E7A8890B-D66D-42CE-9CB7-572FEBA7FA3F-" CS="1">
<String CONTENT="edited" HEIGHT="53" WIDTH="187" VPOS="596" HPOS="129"/>
<SP HEIGHT="54" WIDTH="25" VPOS="594" HPOS="317"/>
<String CONTENT="by" HEIGHT="68" WIDTH="73" VPOS="594" HPOS="343"/>
<SP HEIGHT="66" WIDTH="22" VPOS="596" HPOS="417"/>
<String CONTENT="Wilder" HEIGHT="54" WIDTH="221" VPOS="594" HPOS="440"/>
<SP HEIGHT="51" WIDTH="23" VPOS="595" HPOS="662"/>
<String CONTENT="Penfield" HEIGHT="54" WIDTH="255" VPOS="592" HPOS="686"/>
<SP HEIGHT="51" WIDTH="30" VPOS="594" HPOS="942"/>
<String CS="1" CONTENT="&#8230;"/>
<SP HEIGHT="49" WIDTH="65" VPOS="595" HPOS="1029"/>
<String CONTENT="886" HEIGHT="49" WIDTH="100" VPOS="595" HPOS="1095"/>
<SP HEIGHT="51" WIDTH="23" VPOS="593" HPOS="1196"/>
<String CONTENT="illustrations" HEIGHT="55" WIDTH="377" VPOS="589" HPOS="1220"/>
<SP HEIGHT="75" WIDTH="35" VPOS="589" HPOS="1598"/>
<String CONTENT="(15" HEIGHT="75" WIDTH="93" VPOS="589" HPOS="1634"/>
<SP HEIGHT="52" WIDTH="23" VPOS="589" HPOS="1728"/>
<String CONTENT="in" HEIGHT="52" WIDTH="60" VPOS="589" HPOS="1752"/>
<SP HEIGHT="33" WIDTH="23" VPOS="608" HPOS="1813"/>
<String CONTENT="color)" HEIGHT="67" WIDTH="179" VPOS="588" HPOS="1837"/>
<SP HEIGHT="65" WIDTH="40" VPOS="590" HPOS="2017"/>
<String CS="1" CONTENT="&#8230;"/>
</TextLine>
<TextLine HEIGHT="68" WIDTH="1132" VPOS="670" HPOS="130" STYLEREFS="StyleId-E7A8890B-D66D-42CE-9CB7-572FEBA7FA3F-">
<String CONTENT="New" HEIGHT="52" WIDTH="137" VPOS="674" HPOS="130"/>
<SP HEIGHT="51" WIDTH="27" VPOS="674" HPOS="268"/>
<String CONTENT="York," HEIGHT="65" WIDTH="176" VPOS="673" HPOS="296"/>
<SP HEIGHT="65" WIDTH="25" VPOS="673" HPOS="473"/>
<String LANG="fr" CONTENT="P." HEIGHT="51" WIDTH="64" VPOS="673" HPOS="499"/>
<SP HEIGHT="52" WIDTH="28" VPOS="672" HPOS="564"/>
<String CONTENT="B." HEIGHT="51" WIDTH="64" VPOS="672" HPOS="593"/>
<SP HEIGHT="51" WIDTH="27" VPOS="672" HPOS="658"/>
<String CONTENT="Hoeber," HEIGHT="66" WIDTH="244" VPOS="670" HPOS="686"/>
<SP HEIGHT="66" WIDTH="25" VPOS="670" HPOS="931"/>
<String CONTENT="inc.," HEIGHT="63" WIDTH="126" VPOS="670" HPOS="957"/>
<SP HEIGHT="60" WIDTH="28" VPOS="673" HPOS="1084"/>
<String CONTENT="1932." HEIGHT="48" WIDTH="149" VPOS="673" HPOS="1113"/>
</TextLine>
<TextLine HEIGHT="50" WIDTH="956" VPOS="742" HPOS="198" CS="1">
<String CONTENT="3" HEIGHT="40" WIDTH="25" VPOS="747" HPOS="198"/>
<SP/>
<String CS="1" CONTENT="v." HEIGHT="8" WIDTH="8" VPOS="778" HPOS="285"/>
<SP HEIGHT="41" WIDTH="53" VPOS="745" HPOS="294"/>
<String CONTENT="illus." HEIGHT="39" WIDTH="128" VPOS="745" HPOS="348"/>
<SP HEIGHT="47" WIDTH="26" VPOS="744" HPOS="477"/>
<String CONTENT="(part" HEIGHT="48" WIDTH="134" VPOS="744" HPOS="504"/>
<SP HEIGHT="38" WIDTH="25" VPOS="746" HPOS="639"/>
<String CONTENT="col.)" HEIGHT="47" WIDTH="111" VPOS="742" HPOS="665"/>
<SP HEIGHT="48" WIDTH="34" VPOS="742" HPOS="777"/>
<String CONTENT="plates." HEIGHT="46" WIDTH="170" VPOS="744" HPOS="812"/>
<SP HEIGHT="39" WIDTH="53" VPOS="743" HPOS="983"/>
<String CONTENT="24" HEIGHT="38" WIDTH="55" VPOS="743" HPOS="1037"/>
<String STYLE="superscript" CS="1" CONTENT="&#7580;&#7504;"/>
<String CONTENT="." HEIGHT="10" WIDTH="10" VPOS="772" HPOS="1144"/>
</TextLine>
<TextLine HEIGHT="50" WIDTH="543" VPOS="813" HPOS="201">
<String CONTENT="Paged" HEIGHT="47" WIDTH="159" VPOS="816" HPOS="201"/>
<SP HEIGHT="39" WIDTH="30" VPOS="816" HPOS="361"/>
<String CONTENT="continuously." HEIGHT="47" WIDTH="352" VPOS="813" HPOS="392"/>
</TextLine>
<TextLine HEIGHT="52" WIDTH="1491" VPOS="866" HPOS="202">
<String CONTENT="Descriptive" HEIGHT="48" WIDTH="303" VPOS="870" HPOS="202"/>
<SP HEIGHT="38" WIDTH="22" VPOS="872" HPOS="506"/>
<String CONTENT="letterpress" HEIGHT="45" WIDTH="282" VPOS="872" HPOS="529"/>
<SP HEIGHT="30" WIDTH="24" VPOS="879" HPOS="812"/>
<String CONTENT="on" HEIGHT="29" WIDTH="59" VPOS="879" HPOS="837"/>
<SP HEIGHT="28" WIDTH="24" VPOS="879" HPOS="897"/>
<String CONTENT="versos" HEIGHT="30" WIDTH="164" VPOS="878" HPOS="922"/>
<SP HEIGHT="30" WIDTH="23" VPOS="878" HPOS="1087"/>
<String CONTENT="of" HEIGHT="40" WIDTH="51" VPOS="868" HPOS="1111"/>
<SP HEIGHT="39" WIDTH="22" VPOS="868" HPOS="1163"/>
<String CONTENT="some" HEIGHT="29" WIDTH="129" VPOS="878" HPOS="1186"/>
<SP HEIGHT="29" WIDTH="24" VPOS="878" HPOS="1316"/>
<String CONTENT="of" HEIGHT="41" WIDTH="51" VPOS="866" HPOS="1341"/>
<SP HEIGHT="40" WIDTH="25" VPOS="866" HPOS="1393"/>
<String CONTENT="the" HEIGHT="39" WIDTH="80" VPOS="867" HPOS="1419"/>
<SP HEIGHT="37" WIDTH="22" VPOS="877" HPOS="1500"/>
<String CONTENT="plates." HEIGHT="47" WIDTH="170" VPOS="867" HPOS="1523"/>
</TextLine>
<TextLine HEIGHT="51" WIDTH="981" VPOS="924" HPOS="202">
<String CONTENT="Bibliography" HEIGHT="48" WIDTH="347" VPOS="927" HPOS="202"/>
<SP HEIGHT="37" WIDTH="23" VPOS="937" HPOS="550"/>
<String CONTENT="at" HEIGHT="38" WIDTH="51" VPOS="928" HPOS="574"/>
<SP HEIGHT="38" WIDTH="23" VPOS="928" HPOS="626"/>
<String CONTENT="end" HEIGHT="38" WIDTH="91" VPOS="927" HPOS="650"/>
<SP HEIGHT="38" WIDTH="24" VPOS="927" HPOS="742"/>
<String CONTENT="of" HEIGHT="40" WIDTH="51" VPOS="925" HPOS="767"/>
<SP HEIGHT="40" WIDTH="23" VPOS="925" HPOS="819"/>
<String CONTENT="each" HEIGHT="41" WIDTH="115" VPOS="924" HPOS="843"/>
<SP HEIGHT="39" WIDTH="27" VPOS="924" HPOS="959"/>
<String CONTENT="section." HEIGHT="40" WIDTH="196" VPOS="924" HPOS="987"/>
</TextLine>
<TextLine HEIGHT="54" WIDTH="1982" VPOS="993" HPOS="139" CS="1">
<String CONTENT="&#169;" HEIGHT="53" WIDTH="50" VPOS="994" HPOS="139"/>
<SP HEIGHT="53" WIDTH="38" VPOS="994" HPOS="190"/>
<String CONTENT="Mar." HEIGHT="39" WIDTH="120" VPOS="1000" HPOS="229"/>
<SP HEIGHT="39" WIDTH="36" VPOS="998" HPOS="350"/>
<String CONTENT="14," HEIGHT="46" WIDTH="69" VPOS="998" HPOS="387"/>
<SP HEIGHT="46" WIDTH="36" VPOS="998" HPOS="457"/>
<String CS="1" CONTENT="1932;" HEIGHT="41" WIDTH="112" VPOS="996" HPOS="494"/>
<SP/>
<String CONTENT="2c." HEIGHT="41" WIDTH="66" VPOS="995" HPOS="672"/>
<SP HEIGHT="29" WIDTH="37" VPOS="1007" HPOS="739"/>
<String CONTENT="each" HEIGHT="40" WIDTH="118" VPOS="996" HPOS="777"/>
<SP HEIGHT="39" WIDTH="37" VPOS="996" HPOS="896"/>
<String CONTENT="Mar." HEIGHT="38" WIDTH="119" VPOS="996" HPOS="934"/>
<SP HEIGHT="39" WIDTH="36" VPOS="994" HPOS="1054"/>
<String CONTENT="25;" HEIGHT="47" WIDTH="82" VPOS="994" HPOS="1091"/>
<SP HEIGHT="38" WIDTH="39" VPOS="1003" HPOS="1174"/>
<String CONTENT="aff." HEIGHT="40" WIDTH="82" VPOS="993" HPOS="1214"/>
<SP HEIGHT="39" WIDTH="38" VPOS="994" HPOS="1297"/>
<String CONTENT="Mar." HEIGHT="40" WIDTH="120" VPOS="994" HPOS="1336"/>
<SP HEIGHT="40" WIDTH="36" VPOS="994" HPOS="1457"/>
<String CONTENT="31;" HEIGHT="46" WIDTH="82" VPOS="994" HPOS="1494"/>
<SP HEIGHT="47" WIDTH="39" VPOS="993" HPOS="1577"/>
<!-- cceid 06C7CE21-6D7D-1014-B4A5-D7A31D17AB40 --><String CONTENT="A" HEIGHT="40" WIDTH="41" VPOS="993" HPOS="1617"/>
<SP HEIGHT="40" WIDTH="34" VPOS="993" HPOS="1659"/>
<String CONTENT="49363;" HEIGHT="47" WIDTH="171" VPOS="993" HPOS="1694"/>
<SP HEIGHT="47" WIDTH="40" VPOS="993" HPOS="1866"/>
<String CONTENT="Paul" HEIGHT="39" WIDTH="120" VPOS="993" HPOS="1907"/>
<SP HEIGHT="39" WIDTH="39" VPOS="993" HPOS="2028"/>
<String CONTENT="B." HEIGHT="39" WIDTH="53" VPOS="993" HPOS="2068"/>
</TextLine>
<TextLine HEIGHT="51" WIDTH="669" VPOS="1051" HPOS="206">
<String CONTENT="Hoeber," HEIGHT="46" WIDTH="203" VPOS="1056" HPOS="206"/>
<SP HEIGHT="47" WIDTH="25" VPOS="1055" HPOS="410"/>
<String CONTENT="inc." HEIGHT="41" WIDTH="91" VPOS="1055" HPOS="436"/>
<SP HEIGHT="47" WIDTH="68" VPOS="1054" HPOS="528"/>
<String CONTENT="(32-10077)" HEIGHT="50" WIDTH="278" VPOS="1051" HPOS="597"/>
</TextLine>
<TextLine HEIGHT="66" WIDTH="537" VPOS="1171" HPOS="134" STYLEREFS="StyleId-761E21C3-9454-4DC7-92BB-113FE7BF1949-">
<String CONTENT="Redwood," HEIGHT="65" WIDTH="308" VPOS="1172" HPOS="134"/>
<SP HEIGHT="65" WIDTH="27" VPOS="1172" HPOS="443"/>
<String CONTENT="Hugh." HEIGHT="65" WIDTH="200" VPOS="1171" HPOS="471"/>
</TextLine>
<TextLine HEIGHT="69" WIDTH="1920" VPOS="1245" HPOS="202" STYLEREFS="StyleId-E7A8890B-D66D-42CE-9CB7-572FEBA7FA3F-">
<String CONTENT="God" HEIGHT="54" WIDTH="126" VPOS="1247" HPOS="202"/>
<SP HEIGHT="53" WIDTH="32" VPOS="1247" HPOS="329"/>
<String CONTENT="in" HEIGHT="53" WIDTH="60" VPOS="1247" HPOS="362"/>
<SP HEIGHT="47" WIDTH="32" VPOS="1254" HPOS="423"/>
<String CONTENT="the" HEIGHT="53" WIDTH="94" VPOS="1248" HPOS="456"/>
<SP HEIGHT="36" WIDTH="31" VPOS="1265" HPOS="551"/>
<String CONTENT="shadows," HEIGHT="67" WIDTH="279" VPOS="1247" HPOS="583"/>
<SP HEIGHT="67" WIDTH="29" VPOS="1247" HPOS="863"/>
<String CONTENT="by" HEIGHT="67" WIDTH="76" VPOS="1247" HPOS="893"/>
<SP HEIGHT="67" WIDTH="32" VPOS="1247" HPOS="970"/>
<String CONTENT="Hugh" HEIGHT="68" WIDTH="181" VPOS="1246" HPOS="1003"/>
<SP HEIGHT="53" WIDTH="29" VPOS="1246" HPOS="1185"/>
<String CONTENT="Redwood." HEIGHT="53" WIDTH="307" VPOS="1246" HPOS="1215"/>
<SP HEIGHT="53" WIDTH="66" VPOS="1245" HPOS="1523"/>
<String CONTENT="London," HEIGHT="64" WIDTH="259" VPOS="1245" HPOS="1590"/>
<SP HEIGHT="64" WIDTH="31" VPOS="1245" HPOS="1850"/>
<String CONTENT="Hodder" HEIGHT="53" WIDTH="240" VPOS="1245" HPOS="1882"/>
</TextLine>
<TextLine HEIGHT="68" WIDTH="950" VPOS="1324" HPOS="132" STYLEREFS="StyleId-E7A8890B-D66D-42CE-9CB7-572FEBA7FA3F-">
<String CONTENT="and" HEIGHT="52" WIDTH="110" VPOS="1327" HPOS="132"/>
<SP HEIGHT="55" WIDTH="32" VPOS="1326" HPOS="243"/>
<String CONTENT="Stoughton," HEIGHT="66" WIDTH="342" VPOS="1326" HPOS="276"/>
<SP HEIGHT="64" WIDTH="28" VPOS="1327" HPOS="619"/>
<String CONTENT="limited" HEIGHT="54" WIDTH="222" VPOS="1324" HPOS="648"/>
<SP HEIGHT="66" WIDTH="37" VPOS="1326" HPOS="871"/>
<String CONTENT="[1932]" HEIGHT="65" WIDTH="173" VPOS="1327" HPOS="909"/>
</TextLine>
<TextLine HEIGHT="49" WIDTH="332" VPOS="1398" HPOS="203" CS="1">
<String CONTENT="128" HEIGHT="41" WIDTH="84" VPOS="1398" HPOS="203"/>
<SP HEIGHT="49" WIDTH="27" VPOS="1398" HPOS="288"/>
<String CONTENT="p." HEIGHT="37" WIDTH="43" VPOS="1410" HPOS="316"/>
<SP HEIGHT="40" WIDTH="59" VPOS="1399" HPOS="360"/>
<String CONTENT="19" HEIGHT="40" WIDTH="56" VPOS="1398" HPOS="420"/>
<String STYLE="superscript" CS="1" CONTENT="&#7580;&#7504;"/>
<String CONTENT="." HEIGHT="8" WIDTH="9" VPOS="1430" HPOS="526"/>
</TextLine>
<TextLine HEIGHT="52" WIDTH="1514" VPOS="1465" HPOS="206">
<String CONTENT="&#8220;Autobiographical," HEIGHT="51" WIDTH="502" VPOS="1466" HPOS="206"/>
<SP HEIGHT="45" WIDTH="26" VPOS="1469" HPOS="709"/>
<String CONTENT="but" HEIGHT="40" WIDTH="85" VPOS="1468" HPOS="736"/>
<SP HEIGHT="39" WIDTH="26" VPOS="1468" HPOS="822"/>
<String CONTENT="it" HEIGHT="40" WIDTH="40" VPOS="1468" HPOS="849"/>
<SP HEIGHT="41" WIDTH="26" VPOS="1467" HPOS="890"/>
<String CONTENT="is" HEIGHT="40" WIDTH="41" VPOS="1467" HPOS="917"/>
<SP HEIGHT="29" WIDTH="27" VPOS="1478" HPOS="959"/>
<String CONTENT="not" HEIGHT="38" WIDTH="84" VPOS="1469" HPOS="987"/>
<SP HEIGHT="38" WIDTH="25" VPOS="1469" HPOS="1072"/>
<String CONTENT="autobiography.&#8221;&#8212;Pref." HEIGHT="50" WIDTH="622" VPOS="1465" HPOS="1098"/>
</TextLine>
<TextLine HEIGHT="53" WIDTH="1984" VPOS="1536" HPOS="143" CS="1">
<String CONTENT="&#169;" HEIGHT="53" WIDTH="50" VPOS="1536" HPOS="143"/>
<SP HEIGHT="53" WIDTH="26" VPOS="1536" HPOS="194"/>
<String CS="1" CONTENT="1c."/>
<SP HEIGHT="38" WIDTH="26" VPOS="1542" HPOS="288"/>
<String CONTENT="Mar." HEIGHT="38" WIDTH="121" VPOS="1542" HPOS="315"/>
<SP HEIGHT="39" WIDTH="23" VPOS="1541" HPOS="437"/>
<String CONTENT="31," HEIGHT="44" WIDTH="70" VPOS="1540" HPOS="461"/>
<SP HEIGHT="44" WIDTH="25" VPOS="1540" HPOS="532"/>
<String CS="1" CONTENT="1932;" HEIGHT="41" WIDTH="112" VPOS="1538" HPOS="558"/>
<SP/>
<!-- cceid 06C85823-6D7D-1014-B4A5-D7A31D17AB40 --><String CONTENT="A" HEIGHT="39" WIDTH="40" VPOS="1538" HPOS="727"/>
<SP HEIGHT="40" WIDTH="24" VPOS="1538" HPOS="768"/>
<String CONTENT="ad" HEIGHT="38" WIDTH="61" VPOS="1540" HPOS="793"/>
<SP HEIGHT="40" WIDTH="24" VPOS="1538" HPOS="855"/>
<String CONTENT="int." HEIGHT="40" WIDTH="85" VPOS="1538" HPOS="880"/>
<SP HEIGHT="40" WIDTH="27" VPOS="1538" HPOS="966"/>
<String CS="1" CONTENT="16212;" HEIGHT="41" WIDTH="142" VPOS="1537" HPOS="994"/>
<SP/>
<String CONTENT="pubd." HEIGHT="48" WIDTH="140" VPOS="1538" HPOS="1193"/>
<SP HEIGHT="38" WIDTH="28" VPOS="1539" HPOS="1334"/>
<String CONTENT="Mar." HEIGHT="39" WIDTH="122" VPOS="1539" HPOS="1363"/>
<SP HEIGHT="41" WIDTH="27" VPOS="1537" HPOS="1486"/>
<String CS="1" CONTENT="17;" HEIGHT="41" WIDTH="54" VPOS="1537" HPOS="1514"/>
<SP/>
<String CONTENT="Fleming" HEIGHT="49" WIDTH="219" VPOS="1537" HPOS="1627"/>
<SP HEIGHT="48" WIDTH="25" VPOS="1538" HPOS="1847"/>
<String CONTENT="H." HEIGHT="39" WIDTH="60" VPOS="1538" HPOS="1873"/>
<SP HEIGHT="38" WIDTH="28" VPOS="1538" HPOS="1934"/>
<String CONTENT="Revell" HEIGHT="39" WIDTH="164" VPOS="1537" HPOS="1963"/>
</TextLine>
<TextLine HEIGHT="50" WIDTH="749" VPOS="1594" HPOS="210">
<String CONTENT="co.," HEIGHT="36" WIDTH="80" VPOS="1608" HPOS="210"/>
<SP HEIGHT="46" WIDTH="29" VPOS="1598" HPOS="291"/>
<String CONTENT="New" HEIGHT="38" WIDTH="115" VPOS="1598" HPOS="321"/>
<SP HEIGHT="39" WIDTH="29" VPOS="1597" HPOS="437"/>
<String CONTENT="York." HEIGHT="40" WIDTH="143" VPOS="1596" HPOS="467"/>
<SP HEIGHT="48" WIDTH="68" VPOS="1595" HPOS="611"/>
<String CONTENT="(32-11265)" HEIGHT="49" WIDTH="279" VPOS="1594" HPOS="680"/>
</TextLine>
<TextLine HEIGHT="66" WIDTH="580" VPOS="1714" HPOS="139" STYLEREFS="StyleId-761E21C3-9454-4DC7-92BB-113FE7BF1949-">
<String CONTENT="Reece," HEIGHT="64" WIDTH="203" VPOS="1716" HPOS="139"/>
<SP HEIGHT="64" WIDTH="31" VPOS="1716" HPOS="343"/>
<String CONTENT="Clyde" HEIGHT="64" WIDTH="179" VPOS="1715" HPOS="375"/>
<SP HEIGHT="55" WIDTH="29" VPOS="1714" HPOS="555"/>
<String CONTENT="Lee." HEIGHT="56" WIDTH="134" VPOS="1714" HPOS="585"/>
</TextLine>
<TextLine HEIGHT="71" WIDTH="1924" VPOS="1788" HPOS="205" STYLEREFS="StyleId-E7A8890B-D66D-42CE-9CB7-572FEBA7FA3F-" CS="1">
<String CONTENT="Who&#8217;s" HEIGHT="55" WIDTH="195" VPOS="1790" HPOS="205"/>
<SP HEIGHT="35" WIDTH="27" VPOS="1808" HPOS="401"/>
<String CONTENT="who&#8212;in" HEIGHT="52" WIDTH="259" VPOS="1790" HPOS="429"/>
<SP HEIGHT="52" WIDTH="30" VPOS="1790" HPOS="689"/>
<String CONTENT="Evansville," HEIGHT="70" WIDTH="349" VPOS="1788" HPOS="720"/>
<SP HEIGHT="69" WIDTH="27" VPOS="1789" HPOS="1070"/>
<String CONTENT="by" HEIGHT="69" WIDTH="75" VPOS="1789" HPOS="1098"/>
<SP HEIGHT="69" WIDTH="31" VPOS="1789" HPOS="1174"/>
<String CONTENT="Clyde" HEIGHT="70" WIDTH="180" VPOS="1789" HPOS="1206"/>
<SP HEIGHT="53" WIDTH="29" VPOS="1790" HPOS="1387"/>
<String CONTENT="Lee" HEIGHT="52" WIDTH="109" VPOS="1790" HPOS="1417"/>
<SP HEIGHT="53" WIDTH="30" VPOS="1789" HPOS="1527"/>
<String CS="1" CONTENT="Reece;" HEIGHT="53" WIDTH="174" VPOS="1789" HPOS="1558"/>
<SP/>
<String CONTENT="containing" HEIGHT="70" WIDTH="334" VPOS="1788" HPOS="1795"/>
</TextLine>
<TextLine HEIGHT="147" WIDTH="1964" VPOS="1866" HPOS="138" STYLEREFS="StyleId-E7A8890B-D66D-42CE-9CB7-572FEBA7FA3F-" CS="1">
<String CONTENT="biographies" HEIGHT="69" WIDTH="362" VPOS="1868" HPOS="138"/>
<SP HEIGHT="34" WIDTH="31" VPOS="1886" HPOS="501"/>
<String CONTENT="of" HEIGHT="53" WIDTH="64" VPOS="1867" HPOS="533"/>
<SP HEIGHT="69" WIDTH="29" VPOS="1867" HPOS="598"/>
<String CONTENT="prominent" HEIGHT="69" WIDTH="325" VPOS="1867" HPOS="628"/>
<SP HEIGHT="47" WIDTH="31" VPOS="1873" HPOS="954"/>
<String CONTENT="men" HEIGHT="33" WIDTH="127" VPOS="1886" HPOS="986"/>
<SP HEIGHT="34" WIDTH="35" VPOS="1885" HPOS="1114"/>
<String CONTENT="and" HEIGHT="52" WIDTH="113" VPOS="1868" HPOS="1150"/>
<SP HEIGHT="52" WIDTH="32" VPOS="1868" HPOS="1264"/>
<String CONTENT="women" HEIGHT="34" WIDTH="216" VPOS="1885" HPOS="1297"/>
<SP HEIGHT="34" WIDTH="32" VPOS="1885" HPOS="1514"/>
<String CONTENT="of" HEIGHT="53" WIDTH="64" VPOS="1866" HPOS="1547"/>
<SP HEIGHT="53" WIDTH="31" VPOS="1866" HPOS="1612"/>
<String CONTENT="Evansville," HEIGHT="67" WIDTH="351" VPOS="1867" HPOS="1644"/>
<SP HEIGHT="67" WIDTH="33" VPOS="1867" HPOS="1996"/>
<String CONTENT="Indiana," HEIGHT="146" WIDTH="1964" VPOS="1867" HPOS="138"/>
</TextLine>
<TextLine HEIGHT="70" WIDTH="1769" VPOS="1943" HPOS="361" STYLEREFS="StyleId-E7A8890B-D66D-42CE-9CB7-572FEBA7FA3F-">
<String CONTENT="and" HEIGHT="52" WIDTH="112" VPOS="1946" HPOS="361"/>
<SP HEIGHT="52" WIDTH="31" VPOS="1946" HPOS="474"/>
<String CONTENT="historical" HEIGHT="53" WIDTH="292" VPOS="1945" HPOS="506"/>
<SP HEIGHT="51" WIDTH="34" VPOS="1947" HPOS="799"/>
<String CONTENT="sketches" HEIGHT="54" WIDTH="252" VPOS="1944" HPOS="834"/>
<SP HEIGHT="35" WIDTH="34" VPOS="1963" HPOS="1087"/>
<String CONTENT="of" HEIGHT="54" WIDTH="65" VPOS="1943" HPOS="1122"/>
<SP HEIGHT="54" WIDTH="29" VPOS="1943" HPOS="1188"/>
<String CONTENT="the" HEIGHT="52" WIDTH="98" VPOS="1945" HPOS="1218"/>
<SP HEIGHT="34" WIDTH="28" VPOS="1963" HPOS="1317"/>
<String CONTENT="community" HEIGHT="69" WIDTH="351" VPOS="1944" HPOS="1346"/>
<SP HEIGHT="51" WIDTH="33" VPOS="1962" HPOS="1698"/>
<String CONTENT="and" HEIGHT="52" WIDTH="113" VPOS="1946" HPOS="1732"/>
<SP HEIGHT="52" WIDTH="33" VPOS="1946" HPOS="1846"/>
<String CONTENT="some" HEIGHT="35" WIDTH="153" VPOS="1963" HPOS="1880"/>
<SP HEIGHT="35" WIDTH="30" VPOS="1963" HPOS="2034"/>
<String CONTENT="of" HEIGHT="54" WIDTH="65" VPOS="1943" HPOS="2065"/>
</TextLine>
<TextLine HEIGHT="70" WIDTH="1990" VPOS="2021" HPOS="141" STYLEREFS="StyleId-E7A8890B-D66D-42CE-9CB7-572FEBA7FA3F-">
<String CONTENT="its" HEIGHT="53" WIDTH="72" VPOS="2024" HPOS="141"/>
<SP HEIGHT="53" WIDTH="29" VPOS="2024" HPOS="214"/>
<String CONTENT="institutions." HEIGHT="53" WIDTH="371" VPOS="2023" HPOS="244"/>
<SP HEIGHT="54" WIDTH="70" VPOS="2022" HPOS="616"/>
<String CONTENT="Containing," HEIGHT="69" WIDTH="369" VPOS="2022" HPOS="687"/>
<SP HEIGHT="50" WIDTH="29" VPOS="2041" HPOS="1057"/>
<String CONTENT="also," HEIGHT="67" WIDTH="136" VPOS="2023" HPOS="1087"/>
<SP HEIGHT="68" WIDTH="28" VPOS="2022" HPOS="1224"/>
<String CONTENT="biographies" HEIGHT="70" WIDTH="365" VPOS="2021" HPOS="1253"/>
<SP HEIGHT="34" WIDTH="34" VPOS="2042" HPOS="1619"/>
<String CONTENT="of" HEIGHT="55" WIDTH="64" VPOS="2021" HPOS="1654"/>
<SP HEIGHT="55" WIDTH="31" VPOS="2021" HPOS="1719"/>
<String CONTENT="some" HEIGHT="36" WIDTH="149" VPOS="2040" HPOS="1751"/>
<SP HEIGHT="34" WIDTH="35" VPOS="2041" HPOS="1901"/>
<String CONTENT="of" HEIGHT="54" WIDTH="65" VPOS="2021" HPOS="1937"/>
<SP HEIGHT="54" WIDTH="29" VPOS="2021" HPOS="2003"/>
<String CONTENT="the" HEIGHT="54" WIDTH="98" VPOS="2022" HPOS="2033"/>
</TextLine>
<TextLine HEIGHT="71" WIDTH="1991" VPOS="2098" HPOS="139" STYLEREFS="StyleId-E7A8890B-D66D-42CE-9CB7-572FEBA7FA3F-">
<String CONTENT="prominent" HEIGHT="68" WIDTH="324" VPOS="2101" HPOS="139"/>
<SP HEIGHT="47" WIDTH="37" VPOS="2106" HPOS="464"/>
<String CONTENT="men" HEIGHT="34" WIDTH="128" VPOS="2119" HPOS="502"/>
<SP HEIGHT="34" WIDTH="42" VPOS="2119" HPOS="631"/>
<String CONTENT="who" HEIGHT="53" WIDTH="126" VPOS="2100" HPOS="674"/>
<SP HEIGHT="53" WIDTH="40" VPOS="2100" HPOS="801"/>
<String CONTENT="have" HEIGHT="53" WIDTH="143" VPOS="2100" HPOS="842"/>
<SP HEIGHT="53" WIDTH="43" VPOS="2100" HPOS="986"/>
<String CONTENT="died," HEIGHT="68" WIDTH="150" VPOS="2099" HPOS="1030"/>
<SP HEIGHT="48" WIDTH="42" VPOS="2119" HPOS="1181"/>
<String CONTENT="and" HEIGHT="53" WIDTH="111" VPOS="2100" HPOS="1224"/>
<SP HEIGHT="54" WIDTH="42" VPOS="2098" HPOS="1336"/>
<String CONTENT="biographies" HEIGHT="71" WIDTH="366" VPOS="2098" HPOS="1379"/>
<SP HEIGHT="34" WIDTH="43" VPOS="2119" HPOS="1746"/>
<String CONTENT="of" HEIGHT="55" WIDTH="64" VPOS="2098" HPOS="1790"/>
<SP HEIGHT="55" WIDTH="41" VPOS="2098" HPOS="1855"/>
<String CONTENT="men" HEIGHT="35" WIDTH="129" VPOS="2118" HPOS="1897"/>
<SP HEIGHT="53" WIDTH="42" VPOS="2100" HPOS="2027"/>
<String CONTENT="in" HEIGHT="54" WIDTH="60" VPOS="2100" HPOS="2070"/>
</TextLine>
<TextLine HEIGHT="134" WIDTH="1968" VPOS="2176" HPOS="139" STYLEREFS="StyleId-E7A8890B-D66D-42CE-9CB7-572FEBA7FA3F-" CS="1">
<String CONTENT="surrounding" HEIGHT="68" WIDTH="386" VPOS="2178" HPOS="139"/>
<SP HEIGHT="49" WIDTH="22" VPOS="2197" HPOS="526"/>
<String CONTENT="communities." HEIGHT="53" WIDTH="407" VPOS="2177" HPOS="549"/>
<SP HEIGHT="52" WIDTH="63" VPOS="2177" HPOS="957"/>
<String CONTENT="Evansville," HEIGHT="67" WIDTH="349" VPOS="2176" HPOS="1021"/>
<SP HEIGHT="65" WIDTH="24" VPOS="2178" HPOS="1371"/>
<String CONTENT="Ind." HEIGHT="53" WIDTH="128" VPOS="2177" HPOS="1396"/>
<SP HEIGHT="32" WIDTH="32" VPOS="2211" HPOS="1525"/>
<String CONTENT="[Printed" HEIGHT="66" WIDTH="259" VPOS="2177" HPOS="1558"/>
<SP HEIGHT="53" WIDTH="22" VPOS="2177" HPOS="1818"/>
<String CONTENT="by" HEIGHT="68" WIDTH="76" VPOS="2177" HPOS="1841"/>
<SP HEIGHT="66" WIDTH="25" VPOS="2179" HPOS="1918"/>
<String CONTENT="Burkert-Walton" HEIGHT="134" WIDTH="1966" VPOS="2176" HPOS="141"/>
</TextLine>
<TextLine HEIGHT="64" WIDTH="290" VPOS="2257" HPOS="520" STYLEREFS="StyleId-E7A8890B-D66D-42CE-9CB7-572FEBA7FA3F-">
<String CONTENT="co.]" HEIGHT="48" WIDTH="97" VPOS="2273" HPOS="520"/>
<SP HEIGHT="63" WIDTH="42" VPOS="2258" HPOS="618"/>
<String CONTENT="1932." HEIGHT="50" WIDTH="149" VPOS="2257" HPOS="661"/>
</TextLine>
<TextLine HEIGHT="50" WIDTH="882" VPOS="2325" HPOS="207" CS="1">
<String CONTENT="208" HEIGHT="41" WIDTH="86" VPOS="2327" HPOS="207"/>
<SP HEIGHT="47" WIDTH="21" VPOS="2328" HPOS="294"/>
<String CONTENT="p." HEIGHT="37" WIDTH="44" VPOS="2338" HPOS="316"/>
<SP HEIGHT="40" WIDTH="58" VPOS="2327" HPOS="361"/>
<String CONTENT="illus." HEIGHT="40" WIDTH="126" VPOS="2327" HPOS="420"/>
<SP HEIGHT="47" WIDTH="27" VPOS="2328" HPOS="547"/>
<String CONTENT="(incl." HEIGHT="48" WIDTH="131" VPOS="2327" HPOS="575"/>
<SP HEIGHT="36" WIDTH="26" VPOS="2338" HPOS="707"/>
<String CONTENT="ports.)" HEIGHT="47" WIDTH="174" VPOS="2327" HPOS="734"/>
<SP HEIGHT="48" WIDTH="63" VPOS="2326" HPOS="909"/>
<String CONTENT="24" HEIGHT="40" WIDTH="56" VPOS="2325" HPOS="973"/>
<String STYLE="superscript" CS="1" CONTENT="&#7580;&#7504;"/>
<String CONTENT="." HEIGHT="9" WIDTH="8" VPOS="2357" HPOS="1081"/>
</TextLine>
<TextLine HEIGHT="52" WIDTH="1984" VPOS="2395" HPOS="149">
<String CONTENT="&#169;" HEIGHT="52" WIDTH="51" VPOS="2395" HPOS="149"/>
<SP HEIGHT="52" WIDTH="36" VPOS="2395" HPOS="201"/>
<String CONTENT="Mar." HEIGHT="39" WIDTH="120" VPOS="2400" HPOS="238"/>
<SP HEIGHT="41" WIDTH="35" VPOS="2398" HPOS="359"/>
<String CONTENT="15," HEIGHT="48" WIDTH="68" VPOS="2398" HPOS="395"/>
<SP HEIGHT="47" WIDTH="35" VPOS="2399" HPOS="464"/>
<String CONTENT="1932;" HEIGHT="46" WIDTH="139" VPOS="2398" HPOS="500"/>
<SP HEIGHT="45" WIDTH="35" VPOS="2399" HPOS="640"/>
<String CONTENT="2c." HEIGHT="39" WIDTH="66" VPOS="2399" HPOS="676"/>
<SP HEIGHT="39" WIDTH="37" VPOS="2398" HPOS="743"/>
<String CONTENT="Apr." HEIGHT="48" WIDTH="111" VPOS="2398" HPOS="781"/>
<SP HEIGHT="40" WIDTH="34" VPOS="2398" HPOS="893"/>
<String CONTENT="9;" HEIGHT="46" WIDTH="52" VPOS="2398" HPOS="928"/>
<SP HEIGHT="36" WIDTH="38" VPOS="2408" HPOS="981"/>
<String CONTENT="aff." HEIGHT="40" WIDTH="81" VPOS="2398" HPOS="1020"/>
<SP HEIGHT="40" WIDTH="35" VPOS="2398" HPOS="1102"/>
<String CONTENT="Apr." HEIGHT="48" WIDTH="112" VPOS="2398" HPOS="1138"/>
<SP HEIGHT="39" WIDTH="36" VPOS="2398" HPOS="1251"/>
<String CONTENT="11;" HEIGHT="45" WIDTH="81" VPOS="2398" HPOS="1288"/>
<SP HEIGHT="45" WIDTH="37" VPOS="2398" HPOS="1370"/>
<!-- cceid 06C8DF3C-6D7D-1014-B4A5-D7A31D17AB40 --><String CONTENT="A" HEIGHT="39" WIDTH="40" VPOS="2398" HPOS="1408"/>
<SP HEIGHT="40" WIDTH="35" VPOS="2398" HPOS="1449"/>
<String CONTENT="50693;" HEIGHT="45" WIDTH="169" VPOS="2398" HPOS="1485"/>
<SP HEIGHT="44" WIDTH="39" VPOS="2399" HPOS="1655"/>
<String CONTENT="Clyde" HEIGHT="47" WIDTH="148" VPOS="2399" HPOS="1695"/>
<SP HEIGHT="40" WIDTH="35" VPOS="2399" HPOS="1844"/>
<String CONTENT="L." HEIGHT="41" WIDTH="50" VPOS="2399" HPOS="1880"/>
<SP HEIGHT="41" WIDTH="37" VPOS="2399" HPOS="1931"/>
<String CONTENT="Reece," HEIGHT="44" WIDTH="164" VPOS="2399" HPOS="1969"/>
</TextLine>
<TextLine HEIGHT="49" WIDTH="775" VPOS="2454" HPOS="216" CS="1">
<String CONTENT="Evansville," HEIGHT="48" WIDTH="292" VPOS="2455" HPOS="216"/>
<SP HEIGHT="46" WIDTH="30" VPOS="2457" HPOS="509"/>
<String CONTENT="Ind." HEIGHT="39" WIDTH="102" VPOS="2456" HPOS="540"/>
<SP HEIGHT="48" WIDTH="69" VPOS="2454" HPOS="643"/>
<String CS="1" CONTENT="(32-10089)" HEIGHT="48" WIDTH="278" VPOS="2454" HPOS="713"/>
</TextLine>
<TextLine HEIGHT="66" WIDTH="1022" VPOS="2572" HPOS="144" STYLEREFS="StyleId-E7A8890B-D66D-42CE-9CB7-572FEBA7FA3F-">
<String CONTENT="Richards," HEIGHT="66" WIDTH="307" VPOS="2572" HPOS="144"/>
<SP HEIGHT="64" WIDTH="27" VPOS="2574" HPOS="452"/>
<String CONTENT="Esther" HEIGHT="53" WIDTH="221" VPOS="2573" HPOS="480"/>
<SP HEIGHT="54" WIDTH="24" VPOS="2572" HPOS="702"/>
<String CONTENT="Loring," HEIGHT="65" WIDTH="238" VPOS="2572" HPOS="727"/>
<SP HEIGHT="59" WIDTH="28" VPOS="2578" HPOS="966"/>
<String CONTENT="1885-" HEIGHT="50" WIDTH="171" VPOS="2578" HPOS="995"/>
</TextLine>
<TextLine HEIGHT="132" WIDTH="1964" VPOS="2650" HPOS="144" STYLEREFS="StyleId-E7A8890B-D66D-42CE-9CB7-572FEBA7FA3F-" CS="1">
<String CONTENT="Behaviour" HEIGHT="52" WIDTH="325" VPOS="2650" HPOS="214"/>
<SP HEIGHT="33" WIDTH="26" VPOS="2669" HPOS="540"/>
<String CONTENT="aspects" HEIGHT="61" WIDTH="218" VPOS="2656" HPOS="567"/>
<SP HEIGHT="35" WIDTH="26" VPOS="2668" HPOS="786"/>
<String CONTENT="of" HEIGHT="52" WIDTH="65" VPOS="2650" HPOS="813"/>
<SP HEIGHT="52" WIDTH="26" VPOS="2650" HPOS="879"/>
<String CONTENT="child" HEIGHT="53" WIDTH="154" VPOS="2650" HPOS="906"/>
<SP HEIGHT="52" WIDTH="28" VPOS="2651" HPOS="1061"/>
<String CONTENT="conduct," HEIGHT="65" WIDTH="257" VPOS="2651" HPOS="1090"/>
<SP HEIGHT="65" WIDTH="29" VPOS="2651" HPOS="1348"/>
<String CONTENT="by" HEIGHT="67" WIDTH="72" VPOS="2651" HPOS="1378"/>
<SP HEIGHT="67" WIDTH="29" VPOS="2651" HPOS="1451"/>
<String CONTENT="Esther" HEIGHT="52" WIDTH="207" VPOS="2651" HPOS="1481"/>
<SP HEIGHT="51" WIDTH="28" VPOS="2652" HPOS="1689"/>
<String CONTENT="Loring" HEIGHT="68" WIDTH="217" VPOS="2651" HPOS="1718"/>
<SP HEIGHT="66" WIDTH="28" VPOS="2653" HPOS="1936"/>
<String CONTENT="Richards" HEIGHT="130" WIDTH="1964" VPOS="2652" HPOS="144"/>
<SP HEIGHT="33" WIDTH="42" VPOS="2749" HPOS="276"/>
<String CS="1" CONTENT="&#8230;"/>
<SP HEIGHT="34" WIDTH="43" VPOS="2747" HPOS="374"/>
<String CONTENT="with" HEIGHT="52" WIDTH="139" VPOS="2728" HPOS="418"/>
</TextLine>
<TextLine HEIGHT="69" WIDTH="1536" VPOS="2727" HPOS="598" STYLEREFS="StyleId-E7A8890B-D66D-42CE-9CB7-572FEBA7FA3F-">
<String CONTENT="a" HEIGHT="33" WIDTH="30" VPOS="2747" HPOS="598"/>
<SP HEIGHT="52" WIDTH="41" VPOS="2728" HPOS="629"/>
<String CONTENT="foreword" HEIGHT="53" WIDTH="283" VPOS="2728" HPOS="671"/>
<SP HEIGHT="53" WIDTH="38" VPOS="2728" HPOS="955"/>
<String CONTENT="by" HEIGHT="67" WIDTH="75" VPOS="2728" HPOS="994"/>
<SP HEIGHT="67" WIDTH="37" VPOS="2728" HPOS="1070"/>
<String CONTENT="Adolf" HEIGHT="53" WIDTH="185" VPOS="2727" HPOS="1108"/>
<SP HEIGHT="53" WIDTH="37" VPOS="2727" HPOS="1294"/>
<String CONTENT="Meyer." HEIGHT="66" WIDTH="211" VPOS="2729" HPOS="1332"/>
<SP HEIGHT="51" WIDTH="73" VPOS="2730" HPOS="1544"/>
<String CONTENT="New" HEIGHT="51" WIDTH="138" VPOS="2730" HPOS="1618"/>
<SP HEIGHT="51" WIDTH="38" VPOS="2729" HPOS="1757"/>
<String CONTENT="York," HEIGHT="67" WIDTH="180" VPOS="2729" HPOS="1796"/>
<SP HEIGHT="64" WIDTH="37" VPOS="2732" HPOS="1977"/>
<String CONTENT="The" HEIGHT="52" WIDTH="119" VPOS="2731" HPOS="2015"/>
</TextLine>
<TextLine HEIGHT="68" WIDTH="838" VPOS="2805" HPOS="143" STYLEREFS="StyleId-E7A8890B-D66D-42CE-9CB7-572FEBA7FA3F-">
<String CONTENT="Macmillan" HEIGHT="54" WIDTH="332" VPOS="2805" HPOS="143"/>
<SP HEIGHT="33" WIDTH="27" VPOS="2825" HPOS="476"/>
<String CONTENT="company," HEIGHT="50" WIDTH="297" VPOS="2823" HPOS="504"/>
<SP HEIGHT="63" WIDTH="29" VPOS="2810" HPOS="802"/>
<String CONTENT="1932." HEIGHT="49" WIDTH="149" VPOS="2809" HPOS="832"/>
</TextLine>
<TextLine HEIGHT="48" WIDTH="398" VPOS="2879" HPOS="278" CS="1">
<String CS="1" CONTENT="xv," HEIGHT="17" WIDTH="13" VPOS="2910" HPOS="278"/>
<SP HEIGHT="47" WIDTH="24" VPOS="2880" HPOS="292"/>
<String CONTENT="299" HEIGHT="41" WIDTH="88" VPOS="2879" HPOS="317"/>
<SP HEIGHT="48" WIDTH="22" VPOS="2879" HPOS="406"/>
<String CONTENT="p." HEIGHT="36" WIDTH="43" VPOS="2891" HPOS="429"/>
<SP HEIGHT="40" WIDTH="57" VPOS="2880" HPOS="473"/>
<String CS="1" CONTENT="20&#189;&#7580;&#7504;." HEIGHT="40" WIDTH="145" VPOS="2879" HPOS="531"/>
</TextLine>
<TextLine HEIGHT="44" WIDTH="1920" VPOS="2948" HPOS="215">
<String CONTENT="A" HEIGHT="40" WIDTH="42" VPOS="2949" HPOS="215"/>
<SP HEIGHT="40" WIDTH="26" VPOS="2949" HPOS="258"/>
<String CONTENT="series" HEIGHT="41" WIDTH="149" VPOS="2948" HPOS="285"/>
<SP HEIGHT="29" WIDTH="25" VPOS="2959" HPOS="435"/>
<String CONTENT="of" HEIGHT="40" WIDTH="52" VPOS="2948" HPOS="461"/>
<SP HEIGHT="39" WIDTH="24" VPOS="2948" HPOS="514"/>
<String CONTENT="lectures" HEIGHT="38" WIDTH="207" VPOS="2950" HPOS="539"/>
<SP HEIGHT="39" WIDTH="27" VPOS="2949" HPOS="747"/>
<String CONTENT="delivered" HEIGHT="41" WIDTH="242" VPOS="2948" HPOS="775"/>
<SP HEIGHT="41" WIDTH="26" VPOS="2948" HPOS="1018"/>
<String CONTENT="in" HEIGHT="40" WIDTH="47" VPOS="2948" HPOS="1045"/>
<SP HEIGHT="38" WIDTH="29" VPOS="2951" HPOS="1093"/>
<String CONTENT="the" HEIGHT="39" WIDTH="80" VPOS="2950" HPOS="1123"/>
<SP HEIGHT="41" WIDTH="24" VPOS="2948" HPOS="1204"/>
<String CONTENT="fall" HEIGHT="41" WIDTH="91" VPOS="2948" HPOS="1229"/>
<SP HEIGHT="38" WIDTH="25" VPOS="2951" HPOS="1321"/>
<String CONTENT="of" HEIGHT="40" WIDTH="52" VPOS="2949" HPOS="1347"/>
<SP HEIGHT="39" WIDTH="23" VPOS="2949" HPOS="1400"/>
<String CONTENT="1929" HEIGHT="41" WIDTH="115" VPOS="2949" HPOS="1424"/>
<SP HEIGHT="40" WIDTH="23" VPOS="2950" HPOS="1540"/>
<String CONTENT="before" HEIGHT="41" WIDTH="164" VPOS="2950" HPOS="1564"/>
<SP HEIGHT="38" WIDTH="28" VPOS="2953" HPOS="1729"/>
<String CONTENT="the" HEIGHT="39" WIDTH="81" VPOS="2951" HPOS="1758"/>
<SP HEIGHT="38" WIDTH="28" VPOS="2952" HPOS="1840"/>
<String CONTENT="Baltimore" HEIGHT="41" WIDTH="266" VPOS="2951" HPOS="1869"/>
</TextLine>
<TextLine HEIGHT="50" WIDTH="1990" VPOS="3005" HPOS="147">
<String CONTENT="branches" HEIGHT="40" WIDTH="233" VPOS="3006" HPOS="147"/>
<SP HEIGHT="29" WIDTH="31" VPOS="3016" HPOS="381"/>
<String CONTENT="of" HEIGHT="39" WIDTH="52" VPOS="3005" HPOS="413"/>
<SP HEIGHT="39" WIDTH="27" VPOS="3005" HPOS="466"/>
<String CONTENT="the" HEIGHT="39" WIDTH="81" VPOS="3005" HPOS="494"/>
<SP HEIGHT="40" WIDTH="30" VPOS="3005" HPOS="576"/>
<String CONTENT="Child" HEIGHT="40" WIDTH="140" VPOS="3005" HPOS="607"/>
<SP HEIGHT="39" WIDTH="30" VPOS="3006" HPOS="748"/>
<String CONTENT="study" HEIGHT="46" WIDTH="145" VPOS="3006" HPOS="779"/>
<SP HEIGHT="37" WIDTH="27" VPOS="3015" HPOS="925"/>
<String CONTENT="association" HEIGHT="40" WIDTH="293" VPOS="3005" HPOS="953"/>
<SP HEIGHT="29" WIDTH="31" VPOS="3016" HPOS="1247"/>
<String CONTENT="of" HEIGHT="40" WIDTH="51" VPOS="3005" HPOS="1279"/>
<SP HEIGHT="39" WIDTH="28" VPOS="3005" HPOS="1331"/>
<String CONTENT="America," HEIGHT="47" WIDTH="236" VPOS="3006" HPOS="1360"/>
<SP HEIGHT="34" WIDTH="30" VPOS="3019" HPOS="1597"/>
<String CONTENT="now" HEIGHT="30" WIDTH="106" VPOS="3017" HPOS="1628"/>
<SP HEIGHT="38" WIDTH="28" VPOS="3017" HPOS="1735"/>
<String CONTENT="put" HEIGHT="46" WIDTH="87" VPOS="3009" HPOS="1764"/>
<SP HEIGHT="39" WIDTH="28" VPOS="3008" HPOS="1852"/>
<String CONTENT="into" HEIGHT="40" WIDTH="102" VPOS="3008" HPOS="1881"/>
<SP HEIGHT="39" WIDTH="29" VPOS="3009" HPOS="1984"/>
<String CONTENT="book" HEIGHT="40" WIDTH="123" VPOS="3009" HPOS="2014"/>
</TextLine>
<TextLine HEIGHT="48" WIDTH="477" VPOS="3061" HPOS="146">
<String CONTENT="form." HEIGHT="40" WIDTH="140" VPOS="3062" HPOS="146"/>
<SP HEIGHT="31" WIDTH="59" VPOS="3071" HPOS="287"/>
<String CONTENT="cf." HEIGHT="48" WIDTH="61" VPOS="3061" HPOS="347"/>
<SP HEIGHT="38" WIDTH="28" VPOS="3063" HPOS="409"/>
<String CONTENT="Introd." HEIGHT="40" WIDTH="185" VPOS="3063" HPOS="438"/>
</TextLine>
<TextLine HEIGHT="52" WIDTH="1649" VPOS="3130" HPOS="154" CS="1">
<String CONTENT="&#169;" HEIGHT="52" WIDTH="51" VPOS="3130" HPOS="154"/>
<SP HEIGHT="52" WIDTH="26" VPOS="3130" HPOS="206"/>
<String CONTENT="Apr." HEIGHT="47" WIDTH="113" VPOS="3134" HPOS="233"/>
<SP HEIGHT="40" WIDTH="26" VPOS="3133" HPOS="347"/>
<String CONTENT="5," HEIGHT="47" WIDTH="39" VPOS="3133" HPOS="374"/>
<SP HEIGHT="47" WIDTH="26" VPOS="3133" HPOS="414"/>
<String CS="1" CONTENT="1932;" HEIGHT="40" WIDTH="111" VPOS="3133" HPOS="441"/>
<SP/>
<String CONTENT="2c." HEIGHT="40" WIDTH="66" VPOS="3133" HPOS="610"/>
<SP HEIGHT="28" WIDTH="27" VPOS="3143" HPOS="677"/>
<String CONTENT="and" HEIGHT="38" WIDTH="94" VPOS="3134" HPOS="705"/>
<SP HEIGHT="38" WIDTH="26" VPOS="3134" HPOS="800"/>
<String CONTENT="aff." HEIGHT="42" WIDTH="82" VPOS="3132" HPOS="827"/>
<SP HEIGHT="42" WIDTH="26" VPOS="3132" HPOS="910"/>
<String CONTENT="Apr." HEIGHT="48" WIDTH="113" VPOS="3132" HPOS="937"/>
<SP HEIGHT="40" WIDTH="26" VPOS="3133" HPOS="1051"/>
<String CS="1" CONTENT="6;" HEIGHT="40" WIDTH="25" VPOS="3133" HPOS="1078"/>
<SP/>
<!-- cceid 06C9676F-6D7D-1014-B4A5-D7A31D17AB40 --><String CONTENT="A" HEIGHT="40" WIDTH="40" VPOS="3132" HPOS="1161"/>
<SP HEIGHT="40" WIDTH="26" VPOS="3132" HPOS="1202"/>
<String CS="1" CONTENT="50553;" HEIGHT="41" WIDTH="142" VPOS="3133" HPOS="1229"/>
<SP/>
<String CONTENT="Macmillan" HEIGHT="41" WIDTH="278" VPOS="3134" HPOS="1429"/>
<SP HEIGHT="30" WIDTH="29" VPOS="3146" HPOS="1708"/>
<String CONTENT="co." HEIGHT="31" WIDTH="65" VPOS="3145" HPOS="1738"/>
</TextLine>
<TextLine HEIGHT="48" WIDTH="278" VPOS="3190" HPOS="232">
<String CONTENT="(32-10067)" HEIGHT="48" WIDTH="278" VPOS="3190" HPOS="232"/>
</TextLine>
<TextLine HEIGHT="67" WIDTH="835" VPOS="3289" HPOS="151" STYLEREFS="StyleId-761E21C3-9454-4DC7-92BB-113FE7BF1949-">
<String CONTENT="Schweitzer," HEIGHT="67" WIDTH="372" VPOS="3289" HPOS="151"/>
<SP HEIGHT="65" WIDTH="30" VPOS="3291" HPOS="524"/>
<String CONTENT="Albert," HEIGHT="66" WIDTH="228" VPOS="3290" HPOS="555"/>
<SP HEIGHT="59" WIDTH="31" VPOS="3297" HPOS="784"/>
<String CONTENT="1875-" HEIGHT="55" WIDTH="170" VPOS="3292" HPOS="816"/>
</TextLine>
<TextLine HEIGHT="71" WIDTH="1854" VPOS="3366" HPOS="281" STYLEREFS="StyleId-E7A8890B-D66D-42CE-9CB7-572FEBA7FA3F-" LANG="de" CS="1">
<String LANG="en-US" CS="1" CONTENT="&#8230;"/>
<SP HEIGHT="53" WIDTH="31" VPOS="3367" HPOS="281"/>
<String CONTENT="Aus" HEIGHT="52" WIDTH="121" VPOS="3367" HPOS="313"/>
<SP HEIGHT="35" WIDTH="23" VPOS="3384" HPOS="435"/>
<String CONTENT="meinem" HEIGHT="55" WIDTH="237" VPOS="3366" HPOS="459"/>
<SP HEIGHT="50" WIDTH="26" VPOS="3368" HPOS="697"/>
<String CONTENT="leben" HEIGHT="54" WIDTH="158" VPOS="3367" HPOS="724"/>
<SP HEIGHT="33" WIDTH="23" VPOS="3387" HPOS="883"/>
<String CONTENT="und" HEIGHT="52" WIDTH="117" VPOS="3369" HPOS="907"/>
<SP HEIGHT="53" WIDTH="28" VPOS="3368" HPOS="1025"/>
<String CONTENT="denken." HEIGHT="53" WIDTH="230" VPOS="3367" HPOS="1054"/>
<SP HEIGHT="51" WIDTH="63" VPOS="3369" HPOS="1285"/>
<String CONTENT="Leipzig," HEIGHT="70" WIDTH="254" VPOS="3367" HPOS="1349"/>
<SP HEIGHT="66" WIDTH="26" VPOS="3369" HPOS="1604"/>
<String CONTENT="F." HEIGHT="53" WIDTH="62" VPOS="3369" HPOS="1631"/>
<SP HEIGHT="53" WIDTH="28" VPOS="3369" HPOS="1694"/>
<String CONTENT="Meiner," HEIGHT="68" WIDTH="236" VPOS="3369" HPOS="1723"/>
<SP HEIGHT="64" WIDTH="28" VPOS="3373" HPOS="1960"/>
<String CONTENT="1931." HEIGHT="50" WIDTH="146" VPOS="3373" HPOS="1989"/>
</TextLine>
<TextLine HEIGHT="50" WIDTH="1245" VPOS="3438" HPOS="217" CS="1">
<String LANG="de" CONTENT="4" HEIGHT="39" WIDTH="28" VPOS="3439" HPOS="217"/>
<SP/>
<String LANG="de" CONTENT="p." HEIGHT="38" WIDTH="43" VPOS="3449" HPOS="273"/>
<SP HEIGHT="40" WIDTH="25" VPOS="3439" HPOS="317"/>
<String LANG="de" CS="1" CONTENT="l.," HEIGHT="18" WIDTH="9" VPOS="3468" HPOS="380"/>
<SP HEIGHT="48" WIDTH="27" VPOS="3438" HPOS="390"/>
<String LANG="de" CONTENT="211," HEIGHT="47" WIDTH="98" VPOS="3438" HPOS="418"/>
<SP HEIGHT="30" WIDTH="30" VPOS="3457" HPOS="517"/>
<String LANG="de" CONTENT="[1]" HEIGHT="49" WIDTH="54" VPOS="3438" HPOS="548"/>
<SP HEIGHT="37" WIDTH="29" VPOS="3450" HPOS="603"/>
<String LANG="de" CONTENT="p." HEIGHT="36" WIDTH="43" VPOS="3450" HPOS="633"/>
<SP HEIGHT="39" WIDTH="54" VPOS="3439" HPOS="677"/>
<String LANG="en-US" CS="1" CONTENT="front."/>
<SP HEIGHT="48" WIDTH="26" VPOS="3439" HPOS="882"/>
<String LANG="en-US" CONTENT="(port.)" HEIGHT="48" WIDTH="173" VPOS="3439" HPOS="909"/>
<SP HEIGHT="49" WIDTH="33" VPOS="3439" HPOS="1083"/>
<String LANG="en-US" CONTENT="plates." HEIGHT="47" WIDTH="170" VPOS="3441" HPOS="1117"/>
<SP HEIGHT="40" WIDTH="58" VPOS="3442" HPOS="1288"/>
<String LANG="de" CONTENT="23" HEIGHT="40" WIDTH="54" VPOS="3442" HPOS="1347"/>
<String STYLE="superscript" LANG="de" CS="1" CONTENT="&#7580;&#7504;"/>
<String LANG="de" CONTENT="." HEIGHT="9" WIDTH="8" VPOS="3473" HPOS="1454"/>
</TextLine>
<TextLine HEIGHT="54" WIDTH="1872" VPOS="3508" HPOS="157" LANG="de" CS="1">
<String CONTENT="&#169;" HEIGHT="51" WIDTH="56" VPOS="3508" HPOS="157"/>
<SP HEIGHT="51" WIDTH="23" VPOS="3508" HPOS="214"/>
<String LANG="en-US" CONTENT="Nov." HEIGHT="39" WIDTH="117" VPOS="3513" HPOS="238"/>
<SP HEIGHT="39" WIDTH="27" VPOS="3513" HPOS="356"/>
<String CONTENT="12," HEIGHT="42" WIDTH="67" VPOS="3512" HPOS="384"/>
<SP HEIGHT="41" WIDTH="28" VPOS="3513" HPOS="452"/>
<String CS="1" CONTENT="1931;" HEIGHT="41" WIDTH="106" VPOS="3511" HPOS="481"/>
<SP/>
<String CS="1" CONTENT="1c."/>
<SP HEIGHT="39" WIDTH="28" VPOS="3513" HPOS="718"/>
<String CONTENT="Jan." HEIGHT="41" WIDTH="109" VPOS="3513" HPOS="747"/>
<SP HEIGHT="40" WIDTH="27" VPOS="3514" HPOS="857"/>
<String CONTENT="7," HEIGHT="45" WIDTH="39" VPOS="3514" HPOS="885"/>
<SP HEIGHT="46" WIDTH="28" VPOS="3513" HPOS="925"/>
<String CONTENT="1932;" HEIGHT="48" WIDTH="139" VPOS="3511" HPOS="954"/>
<SP HEIGHT="47" WIDTH="30" VPOS="3512" HPOS="1094"/>
<!-- cceid 06C9ED21-6D7D-1014-B4A5-D7A31D17AB40 --><String CONTENT="A&#8212;Foreign" HEIGHT="50" WIDTH="307" VPOS="3512" HPOS="1125"/>
<SP HEIGHT="39" WIDTH="29" VPOS="3515" HPOS="1433"/>
<String CONTENT="15175;" HEIGHT="46" WIDTH="168" VPOS="3515" HPOS="1463"/>
<SP HEIGHT="45" WIDTH="33" VPOS="3516" HPOS="1632"/>
<String CONTENT="Felix" HEIGHT="39" WIDTH="136" VPOS="3515" HPOS="1666"/>
<SP HEIGHT="39" WIDTH="29" VPOS="3516" HPOS="1803"/>
<String CONTENT="Meiner." HEIGHT="40" WIDTH="196" VPOS="3516" HPOS="1833"/>
</TextLine>
<TextLine HEIGHT="48" WIDTH="248" VPOS="3568" HPOS="235" LANG="de">
<String CONTENT="(32-9766)" HEIGHT="48" WIDTH="248" VPOS="3568" HPOS="235"/>
</TextLine>
<TextLine HEIGHT="68" WIDTH="1017" VPOS="3669" HPOS="154" STYLEREFS="StyleId-761E21C3-9454-4DC7-92BB-113FE7BF1949-" LANG="de">
<String CONTENT="Seidel," HEIGHT="65" WIDTH="208" VPOS="3669" HPOS="154"/>
<SP HEIGHT="61" WIDTH="25" VPOS="3673" HPOS="363"/>
<String CONTENT="Frau" HEIGHT="50" WIDTH="158" VPOS="3673" HPOS="389"/>
<SP HEIGHT="50" WIDTH="26" VPOS="3673" HPOS="548"/>
<String CONTENT="Ina" HEIGHT="51" WIDTH="106" VPOS="3673" HPOS="575"/>
<SP HEIGHT="63" WIDTH="31" VPOS="3674" HPOS="682"/>
<String CONTENT="(Seidel)" HEIGHT="66" WIDTH="249" VPOS="3671" HPOS="714"/>
<SP HEIGHT="62" WIDTH="37" VPOS="3673" HPOS="964"/>
<String CONTENT="1885-" HEIGHT="49" WIDTH="169" VPOS="3678" HPOS="1002"/>
</TextLine>
<TextLine HEIGHT="144" WIDTH="1951" VPOS="3746" HPOS="157" STYLEREFS="StyleId-E7A8890B-D66D-42CE-9CB7-572FEBA7FA3F-" CS="1">
<String LANG="de" CONTENT="The" HEIGHT="53" WIDTH="118" VPOS="3746" HPOS="225"/>
<SP HEIGHT="50" WIDTH="40" VPOS="3749" HPOS="344"/>
<String LANG="en-US" CONTENT="labyrinth," HEIGHT="69" WIDTH="310" VPOS="3746" HPOS="385"/>
<SP HEIGHT="66" WIDTH="38" VPOS="3749" HPOS="696"/>
<String LANG="en-US" CONTENT="by" HEIGHT="67" WIDTH="74" VPOS="3749" HPOS="735"/>
<SP HEIGHT="66" WIDTH="38" VPOS="3750" HPOS="810"/>
<String LANG="de" CONTENT="Ina" HEIGHT="52" WIDTH="108" VPOS="3750" HPOS="849"/>
<SP HEIGHT="55" WIDTH="42" VPOS="3750" HPOS="958"/>
<String LANG="de" CONTENT="Seidel;" HEIGHT="67" WIDTH="215" VPOS="3750" HPOS="1001"/>
<SP HEIGHT="60" WIDTH="42" VPOS="3757" HPOS="1217"/>
<String LANG="en-US" CONTENT="translated" HEIGHT="53" WIDTH="314" VPOS="3752" HPOS="1260"/>
<SP HEIGHT="54" WIDTH="39" VPOS="3751" HPOS="1575"/>
<String LANG="en-US" CONTENT="by" HEIGHT="69" WIDTH="75" VPOS="3751" HPOS="1615"/>
<SP HEIGHT="68" WIDTH="38" VPOS="3752" HPOS="1691"/>
<String LANG="en-US" CONTENT="Oakley" HEIGHT="68" WIDTH="220" VPOS="3752" HPOS="1730"/>
<SP HEIGHT="66" WIDTH="39" VPOS="3754" HPOS="1951"/>
<String LANG="de" CONTENT="Williams;" HEIGHT="137" WIDTH="1951" VPOS="3753" HPOS="157"/>
</TextLine>
<TextLine HEIGHT="70" WIDTH="1757" VPOS="3824" HPOS="379" STYLEREFS="StyleId-E7A8890B-D66D-42CE-9CB7-572FEBA7FA3F-">
<String CONTENT="with" HEIGHT="53" WIDTH="139" VPOS="3824" HPOS="379"/>
<SP HEIGHT="51" WIDTH="30" VPOS="3826" HPOS="519"/>
<String LANG="de" CONTENT="an" HEIGHT="33" WIDTH="71" VPOS="3844" HPOS="550"/>
<SP HEIGHT="52" WIDTH="27" VPOS="3825" HPOS="622"/>
<String CONTENT="introduction" HEIGHT="56" WIDTH="387" VPOS="3824" HPOS="650"/>
<SP HEIGHT="52" WIDTH="27" VPOS="3828" HPOS="1038"/>
<String CONTENT="by" HEIGHT="66" WIDTH="74" VPOS="3828" HPOS="1066"/>
<SP HEIGHT="65" WIDTH="30" VPOS="3829" HPOS="1141"/>
<String CONTENT="Irene" HEIGHT="51" WIDTH="164" VPOS="3829" HPOS="1172"/>
<SP HEIGHT="49" WIDTH="30" VPOS="3831" HPOS="1337"/>
<String CONTENT="Forbes-Mosse." HEIGHT="53" WIDTH="439" VPOS="3829" HPOS="1368"/>
<SP HEIGHT="51" WIDTH="72" VPOS="3831" HPOS="1808"/>
<String CONTENT="London," HEIGHT="54" WIDTH="255" VPOS="3830" HPOS="1881"/>
</TextLine>
<TextLine HEIGHT="70" WIDTH="540" VPOS="3900" HPOS="156" STYLEREFS="StyleId-E7A8890B-D66D-42CE-9CB7-572FEBA7FA3F-" CS="1">
<String CONTENT="John" HEIGHT="53" WIDTH="153" VPOS="3900" HPOS="156"/>
<SP HEIGHT="51" WIDTH="25" VPOS="3903" HPOS="310"/>
<String CONTENT="Lane" HEIGHT="52" WIDTH="153" VPOS="3903" HPOS="336"/>
<SP HEIGHT="47" WIDTH="34" VPOS="3922" HPOS="490"/>
<String CS="1" CONTENT="[1932]" HEIGHT="64" WIDTH="151" VPOS="3906" HPOS="545"/>
</TextLine>
<TextLine HEIGHT="49" WIDTH="653" VPOS="3973" HPOS="227" STYLEREFS="StyleId-E7A8890B-D66D-42CE-9CB7-572FEBA7FA3F-" CS="1">
<String CONTENT="xiii" HEIGHT="40" WIDTH="89" VPOS="3973" HPOS="227"/>
<SP HEIGHT="49" WIDTH="25" VPOS="3973" HPOS="317"/>
<String LANG="fr" CONTENT="p.," HEIGHT="36" WIDTH="57" VPOS="3986" HPOS="343"/>
<SP HEIGHT="46" WIDTH="27" VPOS="3975" HPOS="401"/>
<String CONTENT="1" HEIGHT="39" WIDTH="25" VPOS="3975" HPOS="429"/>
<SP HEIGHT="39" WIDTH="25" VPOS="3975" HPOS="455"/>
<String CS="1" CONTENT="l.," HEIGHT="18" WIDTH="9" VPOS="4004" HPOS="516"/>
<SP HEIGHT="47" WIDTH="23" VPOS="3975" HPOS="526"/>
<String CONTENT="482" HEIGHT="40" WIDTH="85" VPOS="3975" HPOS="550"/>
<SP HEIGHT="47" WIDTH="26" VPOS="3975" HPOS="636"/>
<String CONTENT="p." HEIGHT="36" WIDTH="43" VPOS="3986" HPOS="663"/>
<SP HEIGHT="40" WIDTH="58" VPOS="3975" HPOS="707"/>
<String CONTENT="19" HEIGHT="40" WIDTH="55" VPOS="3975" HPOS="766"/>
<String STYLE="superscript" CS="1" CONTENT="&#7580;&#7504;"/>
<String CONTENT="." HEIGHT="8" WIDTH="8" VPOS="4007" HPOS="872"/>
</TextLine>
</TextBlock>
</PrintSpace>
</Page>
</Layout>
</alto>