2563 4368
1078 4042 65 55 87

168 519 171 38 Issued
372 518 102 39 also
508 528 54 29 as
595 517 152 40 thesis
790 517 109 47 (ph.
929 517 66 46 d.)
1037 515 251 41 Columbia
1322 515 285 47 university.

168 574 1116 47 Bibliography at end of chapters I and II.
106 643 50 51 ©
184 647 118 39 Nov.
329 645 69 48 26,
426 645 141 47 1931;
597 645 68 40 2c.
694 645 110 39 Dec.
832 644 82 47 28;
945 643 83 41 aff.
1056 645 111 41 Jan.
1195 643 69 47 16,
1293 642 141 48 1932;
1465 643 43 39 A
1533 642 172 46 46969;
1737 642 243 39 Teachers
172 642 1907 108 college,

323 702 249 40 Columbia
608 701 284 46 university.
953 699 260 51 132-2856)

99 801 287 68 Harding,
414 805 236 54 Samuel
679 802 339 66 Bannister,
1050 801 326 55 1866-1927.

231 877 1864 70 … New medieval and modern history, by Samuel Bannister
99 955 1997 72 Harding … Based upon the author’s ‘"Essentials in mediæval
100 1038 113 51 and
257 1037 237 52 modern
538 1034 257 69 history”
841 1037 284 66 prepared
1170 1035 60 52 in
1275 1035 382 52 consultation
1705 1033 139 54 with
1890 1033 206 52 Albert

98 1112 1973 147 Bushnell Hart … Rev. New York, Cincinnati [etc.] American book company [ ᶜ1 931]
170 1262 96 50 xvi,
300 1263 98 48 812,
431 1264 56 39 32
520 1274 42 37 p.
624 1263 87 41 col.
744 1263 163 48 front.,
942 1262 128 39 illus.
1100 1261 133 47 (incl.
1267 1261 162 48 maps)
1497 1260 147 40 20½ᶜᵐ.
1717 1260 298 47 (Essentials
2047 1262 49 39 in

103 1320 210 49 history)

171 1376 118 42 This
322 1378 122 39 book
475 1377 42 40 is
550 1375 272 49 something
855 1387 133 29 more
1019 1377 120 39 than
1172 1387 27 28 a
1233 1374 212 41 revision
1477 1376 51 38 of
1561 1375 82 40 the
1676 1374 220 41 author’s
105 1376 1975 98 Essentials
253 1434 50 40 in
340 1433 251 40 mediseval
626 1435 96 38 and
758 1433 198 40 modern
992 1432 203 47 history.
1259 1432 47 40 It
1342 1432 42 39 is
1419 1430 287 50 practically
1743 1443 27 28 a
1806 1442 108 29 new
1950 1432 147 41 work.

104 1492 46 39 It
190 1494 89 38 has
316 1492 118 39 been
472 1492 196 38 deemed
705 1491 118 47 best,
860 1490 260 47 therefore,
1160 1493 48 36 to
1245 1489 109 48 give
1389 1491 48 38 to
1474 1489 82 40 the
1592 1489 123 40 book
1750 1499 28 30 a
1817 1489 281 40 distinctive

102 1556 152 40 name,
287 1549 96 38 and
414 1551 51 36 at
497 1549 82 38 the
608 1557 132 30 same
771 1547 117 40 time
917 1549 49 38 to
996 1546 227 41 continue
1255 1546 82 40 the
1367 1545 300 49 publication
1698 1547 52 39 of
1779 1547 82 39 the
1893 1547 79 39 old
104 1547 1977 96 volume.
284 1605 61 47 cf.
379 1605 130 39 Pref.

175 1660 308 47 “Appendix:
513 1660 106 41 List
646 1662 52 39 of
722 1661 148 40 books
896 1659 210 42 suitable
1133 1661 79 39 for
1239 1671 27 28 a
1296 1658 118 49 high
1440 1660 162 39 school
1629 1660 214 48 library”:
1898 1661 28 38 4
1953 1671 146 37 pages

104 1717 248 49 following
379 1729 43 38 p.
452 1717 99 42 812.

176 1775 348 40 “References”
551 1777 52 38 at
628 1776 92 38 end
745 1775 52 39 of
822 1775 120 39 each
966 1774 214 48 chapter.

107 1842 50 51 ©
187 1846 109 40 Dec.
324 1847 69 46 31,
420 1845 141 48 1931;
590 1845 67 41 2c.
686 1847 96 38 and
809 1845 84 42 aff.
920 1847 110 39 Jan.
1057 1845 69 48 23,
1156 1843 139 49 1932;
1326 1845 41 38 A
1393 1844 172 48 47228;
1596 1845 257 41 American
1882 1846 124 40 book
2033 1855 66 31 co.

186 1903 249 48 (32-2861)

104 2007 345 65 Hauschild,
484 2008 272 55 Edward.

106 2083 1994 150 The accident and health underwriter’s guide, by E. Hauschild … Cincinnati, O., The National underwriter company
112 2242 194 64 [ ᶜ1 931]
175 2312 979 49 vii, 244 p., 1 l. illus., diagr. 23½ᶜᵐ.
178 2369 1432 49 Blank leaf at end for “Supplementary … material.”
111 2421 50 52 ©
194 2426 112 41 Dec.
335 2425 70 47 26,
435 2425 141 47 1931;
609 2426 69 42 2c.
709 2428 96 38 and
837 2427 81 39 aff.
952 2428 109 40 Jan.
1091 2428 40 48 2,
1165 2427 140 48 1932;
1340 2429 41 38 A
1411 2428 171 47 46695;
1617 2430 116 39 Natl.
1782 2430 322 40 underwriter

179 2493 65 29 co.
316 2482 249 50 (32-2979)

105 2586 252 64 Hauser,
389 2586 329 64 Bengamin
752 2586 310 64 Gayelord.

110 2659 1973 147 Keener vision without glasses, by Bengamin Gayelord Hauser. New York, N. Y., Tempo books, inc. [ ᶜ1 932]
181 2820 1407 49 8 p., 2 l., 15-162 p. incl. front. (port.) illus. 21½ᶜᵐ.
181 2878 212 40 “Second
426 2877 225 41 edition.”

183 2935 217 40 “Keener
432 2934 158 40 vision
624 2938 95 36 test
753 2935 97 40 and
881 2934 215 48 practice
1129 2935 182 49 chart”,
1348 2935 255 48 published
1637 2946 55 30 as
1726 2946 26 29 a
1790 2936 316 48 supplement,

110 2991 163 40 folded
305 2993 95 38 and
430 2991 100 39 laid
561 2991 62 39 in.

115 3043 50 52 ©
195 3049 108 38 Jan.
331 3048 69 47 14,
429 3047 139 49 1932;
599 3048 67 41 2c.
695 3049 95 39 and
819 3048 80 41 aff.
929 3050 109 38 Jan.
1067 3049 82 47 18;
1180 3048 41 39 A
1249 3048 144 41 47030;
1452 3049 177 48 Tempo
1657 3049 162 49 books,
1850 3050 89 39 inc.

192 3104 250 49 (32-2628)

109 3209 266 65 Hodgen,
404 3209 220 64 Joseph
656 3210 234 63 Dupuy.

183 3285 286 52 Practical
504 3285 192 51 dental
731 3285 374 68 metallurgy;
1144 3303 31 33 a
1210 3290 122 47 text
1366 3286 114 51 and
1514 3284 289 53 reference
1835 3284 148 53 book
2017 3284 95 52 for

114 3362 1997 226 students and practitioners of dentistry, embodying the principles of metallurgy, and their application to dentistry, including experiments, by Joseph Dupuy Hodgen … Rev. by Guy
120 3594 1991 71 S. Millberry … and John S. Shell … 7th ed. St. Louis, The
119 3673 62 53 C.
209 3675 72 52 Y.
311 3674 205 67 Mosby
547 3692 296 49 company,
875 3677 151 49 1932.

186 3755 86 41 470
303 3766 44 38 p.
405 3755 142 48 illus.,
582 3755 180 49 diagrs.
821 3756 145 40 20½ᶜᵐ.

191 3811 327 48 “Laboratory
555 3814 263 46 procedure
856 3813 79 39 for
972 3814 223 39 students
1233 3814 51 39 in
1322 3814 165 39 dental
1525 3814 306 46 metallurgy,
1871 3814 59 46 by
1969 3813 44 41 J.
2053 3812 56 39 D.

121 3869 213 47 Hodgen,
361 3879 40 29 d.
427 3879 40 28 d.
525 3898 8 8 S.
595 3870 114 39 Rev.
737 3870 60 46 by
824 3869 128 40 John
981 3869 45 41 S.
1057 3869 158 40 Shell”:
1274 3881 42 36 p.
1349 3870 249 49 [429]-461.

123 3921 50 51 ©
203 3926 109 41 Jan.
338 3926 69 46 14,
435 3924 140 48 1932;
606 3926 67 39 2c.
703 3928 96 38 and
827 3925 81 41 aff.
938 3927 109 40 Jan.
1076 3926 54 39 22;
1188 3927 41 38 A
1256 3927 171 46 47181;
1460 3927 49 40 C.
1540 3928 52 39 V.
1624 3926 168 48 Mosby
1821 3937 66 30 co.

199 3981 225 48 (32-2630)
