2563 4368
1410 4016 98 50 194

532 486 1350 52 “Another book … dealing with sailors’ chanties.”
530 547 224 40 Includes
786 547 168 41 music.

467 600 1987 52 © 1c. Jan. 19, 1932; A ad int. 15996; pubd. Nov. 26, 1931; Harcourt,
534 662 152 39 Brace
717 661 35 40 &
783 648 80 55 do.,
896 660 104 47 inc.,
1031 661 116 37 New
1178 659 142 40 York.
1393 658 250 49 (32-5006)

460 765 219 62 Bower,
708 763 210 54 Albert
948 763 251 64 Gordon,
1230 767 170 49 1890-

532 836 1862 69 Communicable diseases for nurses, by Albert G. Bower …
460 914 1997 68 and Edith B. Pilant … with foreword by Elizabeth F. Miller
522 991 1935 71 … 2d ed., reset. Philadelphia and London, W. B. Saunders
460 1089 296 51 company,
788 1074 149 50 1932.

532 1142 1130 51 2 p. l., 7-358 p. illus., col. plates. 20½ᶜᵐ.
470 1199 51 51 ©
550 1203 110 39 Feb.
687 1202 40 48 9,
755 1202 113 40 1932;
924 1201 66 40 2c.
1019 1202 94 38 and
1141 1201 80 39 aff.
1252 1200 108 39 Feb.
1391 1200 53 38 12;
1502 1198 40 40 A
1568 1198 147 42 47569;
1771 1200 70 40 W.
1871 1201 53 38 B.
1955 1199 245 41 Saunders
2227 1209 67 30 co.

547 1258 249 49 (32-4848)

466 1361 239 64 Brehm,
731 1363 219 63 Bruno,
980 1366 171 50 1892-

534 1438 159 67 They
729 1439 108 52 call
872 1438 47 52 it
953 1437 343 68 patriotism,
1332 1438 75 66 by
1442 1439 197 52 Bruno
1676 1436 241 67 Brehm;
1954 1436 315 54 translated
2307 1435 152 55 from

465 1516 93 52 the
610 1515 250 55 German
911 1515 64 52 of
1025 1515 181 68 “Apis
1255 1516 117 52 und
1425 1514 171 54 Este”
1644 1514 75 68 by
1768 1514 296 67 Margaret
2114 1513 343 55 Goldsmith.

466 1593 231 66 Boston,
726 1592 194 68 Little,
950 1594 229 63 Brown,
1208 1593 111 52 and
1348 1610 297 49 company,
1676 1594 150 50 1932.

536 1665 757 51 vii p., 2 l., [3]-373 p. 21½ ᶜᵐ .
537 1724 114 47 Map
680 1734 59 28 on
769 1722 136 41 front
934 1722 350 48 lining-paper;
1317 1723 114 47 plan
1462 1731 60 29 on
1552 1721 122 40 back
1704 1720 338 49 lining-paper.

473 1776 1971 108 © Mar. 4, 1932; 2c. and aff. Mar. 5; A 47977; Little, Brown, and company. (32-26201)
466 1940 216 63 Burke,
712 1939 287 65 Fielding.

542 2015 121 54 Call
700 2016 164 52 home
897 2016 95 52 the
1025 2017 180 66 heart,
1240 2037 31 32 a
1305 2017 164 51 novel
1504 2016 72 66 by
1612 2015 271 69 Fielding
1916 2016 208 53 Burke.
2199 2016 258 69 London,

469 2094 137 52 New
633 2094 162 52 York
843 2099 120 62 [etc.]
996 2097 344 65 Longmans,
1368 2095 185 55 Green
1581 2096 111 51 and
1721 2114 98 49 co.,
1849 2098 148 49 1932.

536 2168 540 48 4 p. l., 432 p. 21 ᶜᵐ .
543 2224 160 39 “First
741 2225 196 46 edition,
976 2225 262 45 February,
1278 2224 112 39 1932;
1458 2225 261 47 reprinted,
1758 2225 182 44 March,
1980 2225 156 39 1932.”

542 2280 228 40 “Printed
800 2281 49 38 in
879 2281 80 39 the
990 2281 177 39 United
1200 2281 162 39 States
1391 2281 53 39 of
1470 2281 266 40 America.”

474 2333 1985 53 © Feb. 17, 1932; 2c. and aff. Mar. 16; A 50136; Longmans, Green & co.
550 2393 279 48 (32-26047)

471 2482 259 64 Cannon,
758 2478 224 56 Walter
1008 2479 316 66 Bradford,
1355 2481 171 54 1871-

539 2557 1918 68 The wisdom of the body, by Walter B. Cannon … New
471 2634 1404 68 York, W. W. Norton & company, inc. [ ᶜ1 932]
603 2707 1194 49 xv p., 1 l., 19-312 p. illus., pl., diagrs. 22½ ᶜᵐ .
539 2764 163 40 “First
726 2763 226 42 edition.”

541 2819 348 42 “References”
921 2822 51 38 at
1003 2821 92 39 end
1126 2820 52 39 of
1207 2821 118 38 each
1355 2820 201 47 chapter
1585 2823 169 46 except
1784 2821 81 40 the
1895 2821 96 40 last;
2055 2820 68 40 “A
2152 2821 84 40 list
2266 2821 51 41 of
469 2822 1971 96 publications

732 2878 126 38 from
898 2877 82 40 the
1018 2875 346 50 physiological
1405 2875 280 49 laboratory
1722 2878 48 39 in
1809 2877 230 42 Harvard
2077 2877 281 48 university,
2398 2889 57 29 on

470 2934 158 40 which
659 2935 82 39 the
773 2936 194 46 present
1000 2935 204 38 account
1234 2932 43 41 is
1307 2933 175 40 based”
1502 2943 9 30 :
1545 2944 42 37 p.
1619 2933 216 41 307-308.

474 2988 1984 52 © Mar. 5, 1932; 2c. Mar. 9; aff. Mar. 8; A 49027; W. B. Cannon, Boston.
551 3047 279 49 (32-26227)

469 3136 322 66 Chapman,
822 3136 197 54 Frank
1047 3135 264 65 Michler,
1344 3143 169 49 1864-

537 3213 326 53 Handbook
899 3213 64 52 of
997 3212 158 53 birds
1193 3213 64 52 of
1292 3219 220 47 eastern
1548 3215 185 52 North
1771 3214 292 66 America;
2103 3214 138 52 with
468 3213 1963 145 introductory

746 3291 262 66 chapters
1046 3308 73 34 on
1155 3292 95 51 the
1287 3291 171 66 study
1498 3291 64 52 of
1599 3290 159 54 birds
1795 3291 59 52 in
1892 3296 219 61 nature,
2146 3292 74 66 by
2261 3292 195 51 Frank

467 3365 1988 71 M. Chapman … With illustrations by Louis Agassiz Fuertes,
468 3447 243 65 Tappan
765 3446 223 66 Adney,
1042 3446 208 51 Ernest
1302 3445 330 66 Thompson
1687 3446 190 64 Seton,
1932 3446 111 52 and
2100 3445 237 53 Francis
2389 3447 63 51 L.

467 3522 226 68 Jaques.
767 3524 72 51 2d
883 3541 111 34 rev.
1042 3522 83 52 ed.
1200 3522 137 52 New
1383 3523 161 51 York
1588 3524 112 52 and
1743 3523 257 65 London,
2043 3523 71 51 D.
2162 3522 292 68 Appleton

467 3602 111 51 and
608 3617 294 50 company,
932 3603 148 50 1932.

538 3668 1916 51 xxxvi, 581 p. illus. (incl. maps) XXIX pl. (part col.) col. double pl.
469 3726 144 42 19½ ᶜᵐ .
542 3785 116 47 Map
681 3794 59 29 on
769 3783 135 40 front
929 3782 337 49 lining-paper.

540 3839 439 47 “Bibliographical
1007 3837 269 49 appendix”
1295 3848 9 29 :
1335 3849 42 37 p.
1407 3837 217 42 547-566.

474 3893 1789 51 © Jan. 29, 1932; 2c. and aff. Feb. 1; A 47323; D. Appleton & co.
549 3952 250 49 (32-3379)
