<alto xmlns="http://www.loc.gov/standards/alto/ns-v3#" xmlns:xlink="http://www.w3.org/1999/xlink" xmlns:xsi="http://www.w3.org/2001/XMLSchema-instance" xsi:schemaLocation="http://www.loc.gov/standards/alto/ns-v3# http://www.loc.gov/alto/v3/alto-3-0.xsd"><Description>
<MeasurementUnit>pixel</MeasurementUnit>
<sourceImageInformation>
<fileName>1932_v29_part001.pdf</fileName>
</sourceImageInformation>
<OCRProcessing ID="IdOcr">
<ocrProcessingStep>
<processingDateTime>2019-04-25</processingDateTime>
<processingSoftware>
<softwareCreator>ABBYY</softwareCreator>
<softwareName>ABBYY Recognition Server</softwareName>
<softwareVersion>4.0</softwareVersion>
</processingSoftware>
</ocrProcessingStep>
</OCRProcessing>
</Description>
<Styles>
<ParagraphStyle ID="StyleId-FFFFFFFF-FFFF-FFFF-FFFF-FFFFFFFFFFFF-" ALIGN="Left" LEFT="0." RIGHT="0." FIRSTLINE="0."/>
<ParagraphStyle ID="StyleId-547D96D3-B2DE-4E86-A4BD-9DDFC275973A-" ALIGN="Left" LEFT="0." RIGHT="0." FIRSTLINE="0." LINESPACE="7.699999809"/>
<ParagraphStyle ID="StyleId-BE433B82-DF6F-491A-9872-F562FF4150C8-" ALIGN="Block" LEFT="0." RIGHT="0." FIRSTLINE="-13." LINESPACE="7.900000095"/>
<ParagraphStyle ID="StyleId-CC286467-50C5-4655-B0CF-BA365CCE0736-" ALIGN="Block" LEFT="0." RIGHT="0." FIRSTLINE="-15." LINESPACE="8.479999542"/>
<ParagraphStyle ID="StyleId-9878414D-BEDB-487D-971A-CF5ADB5C4AD2-" ALIGN="Block" LEFT="0." RIGHT="0." FIRSTLINE="-14." LINESPACE="10.92000008"/>
<ParagraphStyle ID="StyleId-EBC70DE5-3635-4BD4-B07B-05DF6EFE0022-" ALIGN="Block" LEFT="0." RIGHT="0." FIRSTLINE="-13." LINESPACE="12.19999981"/>
<ParagraphStyle ID="StyleId-8A688F83-F017-4D5D-A00A-14637016ED45-" ALIGN="Left" LEFT="0." RIGHT="0." FIRSTLINE="0." LINESPACE="9.399999619"/>
<ParagraphStyle ID="StyleId-20F0BBAE-20C6-42F4-8113-00B5C02924DC-" ALIGN="Left" LEFT="0." RIGHT="0." FIRSTLINE="0." LINESPACE="11.10000038"/>
<ParagraphStyle ID="StyleId-7AA70148-8873-4ACB-90AE-BF9322E02302-" ALIGN="Left" LEFT="0." RIGHT="0." FIRSTLINE="-13." LINESPACE="11.09000015"/>
<ParagraphStyle ID="StyleId-072EF7BA-7207-4F8B-9A7C-F564E8B4CB16-" ALIGN="Left" LEFT="0." RIGHT="0." FIRSTLINE="-14." LINESPACE="12.19999981"/>
<ParagraphStyle ID="StyleId-44303D12-21D7-4DB0-9E9F-87FA1A861DD7-" ALIGN="Block" LEFT="0." RIGHT="0." FIRSTLINE="-14." LINESPACE="10.92000008"/>
<ParagraphStyle ID="StyleId-43CF0D44-8AC2-4CD0-865F-942C78705184-" ALIGN="Block" LEFT="0." RIGHT="0." FIRSTLINE="-13." LINESPACE="12.19999981"/>
<ParagraphStyle ID="StyleId-7A298A86-29F5-413A-AEC9-078A4CC464D7-" ALIGN="Block" LEFT="0." RIGHT="0." FIRSTLINE="13." LINESPACE="12.19999981"/>
<ParagraphStyle ID="StyleId-8E4E86F7-C1F9-4A1A-B605-6B1FC1C8E9F7-" ALIGN="Left" LEFT="0." RIGHT="0." FIRSTLINE="0." LINESPACE="11.60000038"/>
<ParagraphStyle ID="StyleId-AB39791B-5ED1-444F-BEF5-2CFED1F2709A-" ALIGN="Left" LEFT="0." RIGHT="0." FIRSTLINE="-13." LINESPACE="11.09000015"/>
<ParagraphStyle ID="StyleId-C1F2EEE7-CD00-4E11-9EAD-B222287AEDA4-" ALIGN="Center" LEFT="0." RIGHT="0." FIRSTLINE="0." LINESPACE="11.10000038"/>
</Styles>
<Layout>
<Page ID="Page992" PHYSICAL_IMG_NR="992" HEIGHT="4368" WIDTH="2563">
<TopMargin HEIGHT="482" WIDTH="2563" VPOS="0" HPOS="0">
</TopMargin>
<LeftMargin HEIGHT="3688" WIDTH="338" VPOS="482" HPOS="0">
</LeftMargin>
<RightMargin HEIGHT="3688" WIDTH="207" VPOS="482" HPOS="2356">
</RightMargin>
<BottomMargin HEIGHT="198" WIDTH="2563" VPOS="4170" HPOS="0">
</BottomMargin>
<PrintSpace HEIGHT="3688" WIDTH="2018" VPOS="482" HPOS="338">
<TextBlock ID="Page992_Block1" HEIGHT="70" WIDTH="122" VPOS="4100" HPOS="1288" LANG="en-US" STYLEREFS="StyleId-6E990D6C-111F-4776-9A1D-F6F79DA00191-">
<TextLine HEIGHT="49" WIDTH="100" VPOS="4110" HPOS="1299">
<String CONTENT="992" HEIGHT="49" WIDTH="100" VPOS="4110" HPOS="1299"/>
</TextLine>
</TextBlock>
<TextBlock ID="Page992_Block2" HEIGHT="3622" WIDTH="2018" VPOS="482" HPOS="338" LANG="en-US" CS="1" STYLEREFS="StyleId-8F932FAA-B6D9-4844-9A10-985D3FA7FF01-">
<TextLine HEIGHT="67" WIDTH="873" VPOS="491" HPOS="353" STYLEREFS="StyleId-8EE06112-1BB6-482D-98CC-43B9A05C175A-">
<String CONTENT="Wallace," HEIGHT="66" WIDTH="269" VPOS="492" HPOS="353"/>
<SP HEIGHT="64" WIDTH="29" VPOS="494" HPOS="623"/>
<String CONTENT="Edgar," HEIGHT="64" WIDTH="218" VPOS="493" HPOS="653"/>
<SP HEIGHT="59" WIDTH="30" VPOS="498" HPOS="872"/>
<String CONTENT="1875-1932." HEIGHT="55" WIDTH="323" VPOS="491" HPOS="903"/>
</TextLine>
<TextLine HEIGHT="72" WIDTH="1860" VPOS="562" HPOS="484" STYLEREFS="StyleId-44A108C9-3CDE-43B5-B448-8F1F1B13022B-" CS="1">
<String CS="1" CONTENT="&#8230;"/>
<SP HEIGHT="51" WIDTH="33" VPOS="571" HPOS="484"/>
<String CONTENT="The" HEIGHT="52" WIDTH="121" VPOS="570" HPOS="518"/>
<SP HEIGHT="33" WIDTH="26" VPOS="589" HPOS="640"/>
<String CONTENT="colossus" HEIGHT="52" WIDTH="244" VPOS="570" HPOS="667"/>
<SP HEIGHT="32" WIDTH="32" VPOS="588" HPOS="912"/>
<String CS="1" CONTENT="&#8230;"/>
<SP HEIGHT="55" WIDTH="66" VPOS="566" HPOS="1003"/>
<String CONTENT="Garden" HEIGHT="55" WIDTH="233" VPOS="566" HPOS="1070"/>
<SP HEIGHT="54" WIDTH="29" VPOS="565" HPOS="1304"/>
<String CONTENT="City," HEIGHT="69" WIDTH="152" VPOS="565" HPOS="1334"/>
<SP HEIGHT="69" WIDTH="27" VPOS="565" HPOS="1487"/>
<String LANG="fr" CONTENT="N." HEIGHT="52" WIDTH="69" VPOS="565" HPOS="1515"/>
<SP HEIGHT="52" WIDTH="31" VPOS="565" HPOS="1585"/>
<String CONTENT="Y.," HEIGHT="68" WIDTH="90" VPOS="565" HPOS="1617"/>
<SP HEIGHT="66" WIDTH="25" VPOS="567" HPOS="1708"/>
<String CONTENT="Pub." HEIGHT="52" WIDTH="142" VPOS="565" HPOS="1734"/>
<SP HEIGHT="54" WIDTH="30" VPOS="562" HPOS="1877"/>
<String CONTENT="for" HEIGHT="55" WIDTH="94" VPOS="562" HPOS="1908"/>
<SP HEIGHT="48" WIDTH="27" VPOS="568" HPOS="2003"/>
<String CONTENT="the" HEIGHT="56" WIDTH="94" VPOS="562" HPOS="2031"/>
<SP HEIGHT="56" WIDTH="28" VPOS="563" HPOS="2126"/>
<String CONTENT="Crime" HEIGHT="56" WIDTH="189" VPOS="563" HPOS="2155"/>
</TextLine>
<TextLine HEIGHT="71" WIDTH="1793" VPOS="643" HPOS="351" STYLEREFS="StyleId-44A108C9-3CDE-43B5-B448-8F1F1B13022B-" CS="1">
<String CONTENT="club," HEIGHT="66" WIDTH="145" VPOS="648" HPOS="351"/>
<SP HEIGHT="66" WIDTH="29" VPOS="648" HPOS="497"/>
<String CONTENT="inc.," HEIGHT="66" WIDTH="125" VPOS="648" HPOS="527"/>
<SP HEIGHT="68" WIDTH="28" VPOS="646" HPOS="653"/>
<String CONTENT="by" HEIGHT="68" WIDTH="74" VPOS="646" HPOS="682"/>
<SP HEIGHT="68" WIDTH="29" VPOS="646" HPOS="757"/>
<String CONTENT="Doubleday," HEIGHT="68" WIDTH="355" VPOS="645" HPOS="787"/>
<SP HEIGHT="68" WIDTH="29" VPOS="644" HPOS="1143"/>
<String CONTENT="Doran" HEIGHT="52" WIDTH="198" VPOS="644" HPOS="1173"/>
<SP HEIGHT="50" WIDTH="28" VPOS="646" HPOS="1372"/>
<String CONTENT="&amp;" HEIGHT="50" WIDTH="46" VPOS="646" HPOS="1401"/>
<SP HEIGHT="51" WIDTH="30" VPOS="646" HPOS="1448"/>
<String CONTENT="company," HEIGHT="50" WIDTH="296" VPOS="660" HPOS="1479"/>
<SP HEIGHT="67" WIDTH="30" VPOS="643" HPOS="1776"/>
<String CONTENT="inc." HEIGHT="52" WIDTH="106" VPOS="643" HPOS="1807"/>
<SP HEIGHT="33" WIDTH="37" VPOS="676" HPOS="1914"/>
<String STYLE="subscript" CS="1" CONTENT="[&#7580;193"/>
<String CONTENT="2]" HEIGHT="64" WIDTH="50" VPOS="644" HPOS="2094"/>
</TextLine>
<TextLine HEIGHT="48" WIDTH="367" VPOS="720" HPOS="420" STYLEREFS="StyleId-CD9207AB-4B8D-46D1-A771-D8B7677B1FD0-" CS="1">
<String CONTENT="319" HEIGHT="40" WIDTH="88" VPOS="721" HPOS="420"/>
<SP HEIGHT="47" WIDTH="28" VPOS="721" HPOS="509"/>
<String CONTENT="p." HEIGHT="36" WIDTH="43" VPOS="732" HPOS="538"/>
<SP HEIGHT="39" WIDTH="58" VPOS="721" HPOS="582"/>
<String CS="1" CONTENT="19&#189;&#7580;&#7504;." HEIGHT="40" WIDTH="146" VPOS="720" HPOS="641"/>
</TextLine>
<TextLine HEIGHT="44" WIDTH="416" VPOS="774" HPOS="422">
<String CONTENT="&#8220;First" HEIGHT="41" WIDTH="163" VPOS="777" HPOS="422"/>
<SP HEIGHT="39" WIDTH="26" VPOS="779" HPOS="586"/>
<String CONTENT="edition.&#8221;" HEIGHT="42" WIDTH="225" VPOS="774" HPOS="613"/>
</TextLine>
<TextLine HEIGHT="54" WIDTH="1985" VPOS="828" HPOS="359" CS="1">
<String CONTENT="&#169;" HEIGHT="52" WIDTH="51" VPOS="830" HPOS="359"/>
<SP HEIGHT="52" WIDTH="30" VPOS="830" HPOS="411"/>
<String CONTENT="June" HEIGHT="39" WIDTH="126" VPOS="835" HPOS="442"/>
<SP HEIGHT="38" WIDTH="28" VPOS="835" HPOS="569"/>
<String CONTENT="16," HEIGHT="45" WIDTH="68" VPOS="834" HPOS="598"/>
<SP HEIGHT="46" WIDTH="29" VPOS="833" HPOS="667"/>
<String CONTENT="1932;" HEIGHT="48" WIDTH="140" VPOS="831" HPOS="697"/>
<SP HEIGHT="47" WIDTH="31" VPOS="832" HPOS="838"/>
<String CONTENT="2c." HEIGHT="40" WIDTH="66" VPOS="832" HPOS="870"/>
<SP HEIGHT="31" WIDTH="30" VPOS="841" HPOS="937"/>
<String CONTENT="and" HEIGHT="37" WIDTH="93" VPOS="833" HPOS="968"/>
<SP/>
<String CS="1" CONTENT="aff."/>
<SP HEIGHT="40" WIDTH="29" VPOS="831" HPOS="1176"/>
<String CONTENT="June" HEIGHT="39" WIDTH="126" VPOS="831" HPOS="1206"/>
<SP HEIGHT="41" WIDTH="29" VPOS="829" HPOS="1333"/>
<String CONTENT="23;" HEIGHT="48" WIDTH="81" VPOS="829" HPOS="1363"/>
<SP HEIGHT="47" WIDTH="33" VPOS="830" HPOS="1445"/>
<!-- cceid 0C123079-6D7D-1014-B4A5-D7A31D17AB40 --><String CONTENT="A" HEIGHT="38" WIDTH="40" VPOS="830" HPOS="1479"/>
<SP HEIGHT="39" WIDTH="28" VPOS="830" HPOS="1520"/>
<String CONTENT="52922;" HEIGHT="48" WIDTH="169" VPOS="828" HPOS="1549"/>
<SP HEIGHT="46" WIDTH="34" VPOS="830" HPOS="1719"/>
<String CONTENT="Ethel" HEIGHT="40" WIDTH="141" VPOS="829" HPOS="1754"/>
<SP HEIGHT="38" WIDTH="30" VPOS="830" HPOS="1896"/>
<String CONTENT="Violet" HEIGHT="41" WIDTH="158" VPOS="828" HPOS="1927"/>
<SP HEIGHT="39" WIDTH="30" VPOS="830" HPOS="2086"/>
<String CONTENT="Wallace," HEIGHT="42" WIDTH="227" VPOS="828" HPOS="2117"/>
</TextLine>
<TextLine HEIGHT="50" WIDTH="556" VPOS="887" HPOS="426" CS="1">
<String CS="1" CONTENT="London." HEIGHT="40" WIDTH="194" VPOS="891" HPOS="426"/>
<SP HEIGHT="48" WIDTH="64" VPOS="889" HPOS="637"/>
<String CONTENT="(32-16971)" HEIGHT="50" WIDTH="280" VPOS="887" HPOS="702"/>
</TextLine>
<TextLine HEIGHT="71" WIDTH="1438" VPOS="986" HPOS="352" STYLEREFS="StyleId-8EE06112-1BB6-482D-98CC-43B9A05C175A-">
<String CONTENT="Washburn," HEIGHT="66" WIDTH="355" VPOS="991" HPOS="352"/>
<SP HEIGHT="65" WIDTH="30" VPOS="992" HPOS="708"/>
<String CONTENT="Robert" HEIGHT="53" WIDTH="222" VPOS="992" HPOS="739"/>
<SP HEIGHT="54" WIDTH="28" VPOS="991" HPOS="962"/>
<String CONTENT="Mann," HEIGHT="63" WIDTH="200" VPOS="991" HPOS="991"/>
<SP HEIGHT="60" WIDTH="36" VPOS="994" HPOS="1192"/>
<String CONTENT="1874-" HEIGHT="56" WIDTH="171" VPOS="986" HPOS="1229"/>
<SP HEIGHT="35" WIDTH="208" VPOS="1006" HPOS="1401"/>
<String CONTENT="comp." HEIGHT="52" WIDTH="180" VPOS="1005" HPOS="1610"/>
</TextLine>
<TextLine HEIGHT="69" WIDTH="1920" VPOS="1067" HPOS="424" STYLEREFS="StyleId-44A108C9-3CDE-43B5-B448-8F1F1B13022B-">
<String CONTENT="Problems" HEIGHT="53" WIDTH="293" VPOS="1069" HPOS="424"/>
<SP HEIGHT="54" WIDTH="48" VPOS="1068" HPOS="718"/>
<String CONTENT="in" HEIGHT="53" WIDTH="60" VPOS="1068" HPOS="767"/>
<SP HEIGHT="54" WIDTH="46" VPOS="1067" HPOS="828"/>
<String CONTENT="ice" HEIGHT="55" WIDTH="82" VPOS="1067" HPOS="875"/>
<SP HEIGHT="34" WIDTH="46" VPOS="1088" HPOS="958"/>
<String CONTENT="cream" HEIGHT="33" WIDTH="183" VPOS="1088" HPOS="1005"/>
<SP HEIGHT="34" WIDTH="48" VPOS="1087" HPOS="1189"/>
<String CONTENT="making," HEIGHT="69" WIDTH="253" VPOS="1067" HPOS="1238"/>
<SP HEIGHT="47" WIDTH="47" VPOS="1087" HPOS="1492"/>
<String CONTENT="compiled" HEIGHT="68" WIDTH="282" VPOS="1067" HPOS="1540"/>
<SP HEIGHT="52" WIDTH="47" VPOS="1067" HPOS="1823"/>
<String CONTENT="and" HEIGHT="52" WIDTH="113" VPOS="1068" HPOS="1871"/>
<SP HEIGHT="52" WIDTH="47" VPOS="1068" HPOS="1985"/>
<String CONTENT="edited" HEIGHT="54" WIDTH="187" VPOS="1067" HPOS="2033"/>
<SP HEIGHT="54" WIDTH="47" VPOS="1067" HPOS="2221"/>
<String CONTENT="by" HEIGHT="67" WIDTH="75" VPOS="1067" HPOS="2269"/>
</TextLine>
<TextLine HEIGHT="68" WIDTH="1612" VPOS="1145" HPOS="353" STYLEREFS="StyleId-44A108C9-3CDE-43B5-B448-8F1F1B13022B-" CS="1">
<String CONTENT="Prof." HEIGHT="56" WIDTH="163" VPOS="1147" HPOS="353"/>
<SP HEIGHT="54" WIDTH="31" VPOS="1149" HPOS="517"/>
<String LANG="fr" CONTENT="R." HEIGHT="51" WIDTH="68" VPOS="1149" HPOS="549"/>
<SP HEIGHT="52" WIDTH="32" VPOS="1148" HPOS="618"/>
<String CONTENT="M." HEIGHT="53" WIDTH="79" VPOS="1148" HPOS="651"/>
<SP HEIGHT="54" WIDTH="33" VPOS="1148" HPOS="731"/>
<String CONTENT="Washburn" HEIGHT="55" WIDTH="327" VPOS="1147" HPOS="765"/>
<SP HEIGHT="35" WIDTH="36" VPOS="1166" HPOS="1093"/>
<String CS="1" CONTENT="&#8230;"/>
<SP HEIGHT="53" WIDTH="76" VPOS="1147" HPOS="1188"/>
<String CONTENT="Milwaukee," HEIGHT="68" WIDTH="357" VPOS="1145" HPOS="1265"/>
<SP HEIGHT="66" WIDTH="28" VPOS="1147" HPOS="1623"/>
<String CONTENT="Wis.," HEIGHT="66" WIDTH="160" VPOS="1146" HPOS="1652"/>
<SP HEIGHT="65" WIDTH="31" VPOS="1147" HPOS="1813"/>
<String CONTENT="The" HEIGHT="52" WIDTH="120" VPOS="1146" HPOS="1845"/>
</TextLine>
<TextLine HEIGHT="149" WIDTH="1968" VPOS="1145" HPOS="352" STYLEREFS="StyleId-44A108C9-3CDE-43B5-B448-8F1F1B13022B-" CS="1">
<String CONTENT="Olsen" HEIGHT="54" WIDTH="173" VPOS="1145" HPOS="1999"/>
<SP HEIGHT="49" WIDTH="31" VPOS="1162" HPOS="2173"/>
<String CONTENT="publishing" HEIGHT="149" WIDTH="1968" VPOS="1145" HPOS="352"/>
<SP HEIGHT="50" WIDTH="29" VPOS="1244" HPOS="567"/>
<String CONTENT="co." HEIGHT="35" WIDTH="79" VPOS="1245" HPOS="597"/>
<SP HEIGHT="34" WIDTH="35" VPOS="1258" HPOS="677"/>
<String CONTENT="[" HEIGHT="34" WIDTH="14" VPOS="1258" HPOS="713"/>
<String STYLE="superscript" CS="1" CONTENT="&#7580;193"/>
<String CONTENT="2]" HEIGHT="64" WIDTH="50" VPOS="1229" HPOS="856"/>
</TextLine>
<TextLine HEIGHT="49" WIDTH="754" VPOS="1297" HPOS="424" CS="1">
<String CONTENT="121" HEIGHT="40" WIDTH="83" VPOS="1298" HPOS="424"/>
<SP HEIGHT="46" WIDTH="30" VPOS="1300" HPOS="508"/>
<String CONTENT="p." HEIGHT="37" WIDTH="42" VPOS="1309" HPOS="539"/>
<SP HEIGHT="42" WIDTH="58" VPOS="1297" HPOS="582"/>
<String CONTENT="illus.," HEIGHT="48" WIDTH="142" VPOS="1297" HPOS="641"/>
<SP HEIGHT="46" WIDTH="32" VPOS="1299" HPOS="784"/>
<String CONTENT="diagr." HEIGHT="48" WIDTH="153" VPOS="1297" HPOS="817"/>
<SP HEIGHT="41" WIDTH="60" VPOS="1297" HPOS="971"/>
<String CS="1" CONTENT="20&#189;" HEIGHT="40" WIDTH="57" VPOS="1297" HPOS="1032"/>
<String STYLE="superscript" CS="1" CONTENT="&#7580;&#7504;"/>
<String CONTENT="." HEIGHT="8" WIDTH="8" VPOS="1329" HPOS="1170"/>
</TextLine>
<TextLine HEIGHT="51" WIDTH="1684" VPOS="1353" HPOS="359" CS="1">
<String CONTENT="&#169;" HEIGHT="51" WIDTH="52" VPOS="1353" HPOS="359"/>
<SP HEIGHT="51" WIDTH="27" VPOS="1353" HPOS="412"/>
<String CONTENT="June" HEIGHT="40" WIDTH="127" VPOS="1357" HPOS="440"/>
<SP HEIGHT="39" WIDTH="24" VPOS="1358" HPOS="568"/>
<String CONTENT="1," HEIGHT="45" WIDTH="39" VPOS="1358" HPOS="593"/>
<SP HEIGHT="45" WIDTH="28" VPOS="1358" HPOS="633"/>
<String CONTENT="1932;" HEIGHT="47" WIDTH="140" VPOS="1355" HPOS="662"/>
<SP HEIGHT="48" WIDTH="28" VPOS="1354" HPOS="803"/>
<String CONTENT="2c." HEIGHT="41" WIDTH="66" VPOS="1354" HPOS="832"/>
<SP HEIGHT="28" WIDTH="30" VPOS="1366" HPOS="899"/>
<String CONTENT="and" HEIGHT="38" WIDTH="93" VPOS="1357" HPOS="930"/>
<SP HEIGHT="38" WIDTH="28" VPOS="1357" HPOS="1024"/>
<String CONTENT="aff." HEIGHT="41" WIDTH="82" VPOS="1354" HPOS="1053"/>
<SP HEIGHT="40" WIDTH="28" VPOS="1355" HPOS="1136"/>
<String CONTENT="July" HEIGHT="47" WIDTH="115" VPOS="1354" HPOS="1165"/>
<SP HEIGHT="46" WIDTH="27" VPOS="1355" HPOS="1281"/>
<String CS="1" CONTENT="1;" HEIGHT="37" WIDTH="23" VPOS="1355" HPOS="1309"/>
<SP HEIGHT="46" WIDTH="29" VPOS="1354" HPOS="1362"/>
<!-- cceid 0C128FC4-6D7D-1014-B4A5-D7A31D17AB40 --><String CONTENT="A" HEIGHT="38" WIDTH="41" VPOS="1354" HPOS="1392"/>
<SP HEIGHT="39" WIDTH="25" VPOS="1354" HPOS="1434"/>
<String CONTENT="52860;" HEIGHT="47" WIDTH="169" VPOS="1353" HPOS="1460"/>
<SP HEIGHT="47" WIDTH="32" VPOS="1353" HPOS="1630"/>
<String CONTENT="Olsen" HEIGHT="40" WIDTH="145" VPOS="1353" HPOS="1663"/>
<SP HEIGHT="37" WIDTH="27" VPOS="1364" HPOS="1809"/>
<String CONTENT="pub." HEIGHT="48" WIDTH="109" VPOS="1353" HPOS="1837"/>
<SP HEIGHT="28" WIDTH="28" VPOS="1365" HPOS="1947"/>
<String CONTENT="co." HEIGHT="29" WIDTH="67" VPOS="1364" HPOS="1976"/>
</TextLine>
<TextLine HEIGHT="49" WIDTH="279" VPOS="1412" HPOS="436">
<String CONTENT="(32-17271)" HEIGHT="49" WIDTH="279" VPOS="1412" HPOS="436"/>
</TextLine>
<TextLine HEIGHT="66" WIDTH="773" VPOS="1515" HPOS="354" STYLEREFS="StyleId-8EE06112-1BB6-482D-98CC-43B9A05C175A-">
<String CONTENT="Watkins," HEIGHT="64" WIDTH="290" VPOS="1517" HPOS="354"/>
<SP HEIGHT="64" WIDTH="27" VPOS="1517" HPOS="645"/>
<String CONTENT="Ralph" HEIGHT="65" WIDTH="191" VPOS="1515" HPOS="673"/>
<SP HEIGHT="53" WIDTH="27" VPOS="1516" HPOS="865"/>
<String CONTENT="Knupp." HEIGHT="64" WIDTH="234" VPOS="1516" HPOS="893"/>
</TextLine>
<TextLine HEIGHT="70" WIDTH="1921" VPOS="1590" HPOS="419" STYLEREFS="StyleId-44A108C9-3CDE-43B5-B448-8F1F1B13022B-" CS="1">
<String CONTENT="General" HEIGHT="55" WIDTH="245" VPOS="1592" HPOS="419"/>
<SP HEIGHT="51" WIDTH="41" VPOS="1595" HPOS="665"/>
<String CONTENT="science" HEIGHT="53" WIDTH="211" VPOS="1593" HPOS="707"/>
<SP HEIGHT="51" WIDTH="42" VPOS="1594" HPOS="919"/>
<String CONTENT="for" HEIGHT="52" WIDTH="94" VPOS="1594" HPOS="962"/>
<SP HEIGHT="48" WIDTH="39" VPOS="1598" HPOS="1057"/>
<String CONTENT="today," HEIGHT="68" WIDTH="193" VPOS="1592" HPOS="1097"/>
<SP HEIGHT="67" WIDTH="42" VPOS="1593" HPOS="1291"/>
<String CONTENT="by" HEIGHT="66" WIDTH="74" VPOS="1593" HPOS="1334"/>
<SP HEIGHT="66" WIDTH="41" VPOS="1593" HPOS="1409"/>
<String CONTENT="Ralph" HEIGHT="66" WIDTH="194" VPOS="1593" HPOS="1451"/>
<SP HEIGHT="52" WIDTH="42" VPOS="1592" HPOS="1646"/>
<String CONTENT="K." HEIGHT="52" WIDTH="74" VPOS="1592" HPOS="1689"/>
<SP HEIGHT="54" WIDTH="42" VPOS="1592" HPOS="1764"/>
<String CONTENT="Watkins" HEIGHT="55" WIDTH="266" VPOS="1591" HPOS="1807"/>
<SP HEIGHT="35" WIDTH="48" VPOS="1610" HPOS="2074"/>
<String CS="1" CONTENT="&#8230;"/>
<SP HEIGHT="34" WIDTH="47" VPOS="1610" HPOS="2181"/>
<String CONTENT="and" HEIGHT="53" WIDTH="111" VPOS="1590" HPOS="2229"/>
</TextLine>
<TextLine HEIGHT="70" WIDTH="1993" VPOS="1669" HPOS="349" STYLEREFS="StyleId-44A108C9-3CDE-43B5-B448-8F1F1B13022B-" CS="1">
<String CONTENT="Ralph" HEIGHT="70" WIDTH="194" VPOS="1669" HPOS="349"/>
<SP HEIGHT="55" WIDTH="45" VPOS="1671" HPOS="544"/>
<String CONTENT="C." HEIGHT="55" WIDTH="64" VPOS="1671" HPOS="590"/>
<SP HEIGHT="52" WIDTH="44" VPOS="1672" HPOS="655"/>
<String CONTENT="Bedell" HEIGHT="52" WIDTH="200" VPOS="1671" HPOS="700"/>
<SP HEIGHT="50" WIDTH="50" VPOS="1673" HPOS="901"/>
<String CS="1" CONTENT="&#8230;"/>
<SP HEIGHT="52" WIDTH="82" VPOS="1671" HPOS="1008"/>
<String CONTENT="New" HEIGHT="52" WIDTH="139" VPOS="1671" HPOS="1091"/>
<SP HEIGHT="52" WIDTH="45" VPOS="1670" HPOS="1231"/>
<String CONTENT="York," HEIGHT="69" WIDTH="180" VPOS="1669" HPOS="1277"/>
<SP HEIGHT="67" WIDTH="42" VPOS="1671" HPOS="1458"/>
<String CONTENT="The" HEIGHT="52" WIDTH="120" VPOS="1670" HPOS="1501"/>
<SP HEIGHT="52" WIDTH="43" VPOS="1670" HPOS="1622"/>
<String CS="1" CONTENT="Macmillan"/>
<SP HEIGHT="34" WIDTH="44" VPOS="1688" HPOS="2002"/>
<String CONTENT="company," HEIGHT="49" WIDTH="295" VPOS="1687" HPOS="2047"/>
</TextLine>
<TextLine HEIGHT="50" WIDTH="148" VPOS="1752" HPOS="353" STYLEREFS="StyleId-44A108C9-3CDE-43B5-B448-8F1F1B13022B-">
<String CONTENT="1932." HEIGHT="50" WIDTH="148" VPOS="1752" HPOS="353"/>
</TextLine>
<TextLine HEIGHT="50" WIDTH="1380" VPOS="1819" HPOS="421" CS="1">
<String CONTENT="xiv" HEIGHT="40" WIDTH="84" VPOS="1820" HPOS="421"/>
<SP HEIGHT="37" WIDTH="22" VPOS="1832" HPOS="506"/>
<String LANG="fr" CONTENT="p.," HEIGHT="37" WIDTH="58" VPOS="1832" HPOS="529"/>
<SP HEIGHT="47" WIDTH="23" VPOS="1821" HPOS="588"/>
<String CONTENT="1" HEIGHT="39" WIDTH="25" VPOS="1821" HPOS="612"/>
<SP/>
<String CS="1" CONTENT="l.," HEIGHT="16" WIDTH="8" VPOS="1852" HPOS="699"/>
<SP HEIGHT="47" WIDTH="26" VPOS="1821" HPOS="708"/>
<String CONTENT="653" HEIGHT="40" WIDTH="84" VPOS="1820" HPOS="735"/>
<SP HEIGHT="48" WIDTH="24" VPOS="1820" HPOS="820"/>
<String CONTENT="p." HEIGHT="37" WIDTH="43" VPOS="1831" HPOS="845"/>
<SP HEIGHT="28" WIDTH="53" VPOS="1832" HPOS="889"/>
<String CONTENT="col." HEIGHT="40" WIDTH="86" VPOS="1821" HPOS="943"/>
<SP HEIGHT="40" WIDTH="25" VPOS="1820" HPOS="1030"/>
<String CONTENT="front.," HEIGHT="47" WIDTH="164" VPOS="1820" HPOS="1056"/>
<SP HEIGHT="47" WIDTH="25" VPOS="1820" HPOS="1221"/>
<String CONTENT="illus.," HEIGHT="48" WIDTH="144" VPOS="1820" HPOS="1247"/>
<SP HEIGHT="47" WIDTH="23" VPOS="1821" HPOS="1392"/>
<String CONTENT="diagrs." HEIGHT="49" WIDTH="179" VPOS="1820" HPOS="1416"/>
<SP HEIGHT="41" WIDTH="58" VPOS="1819" HPOS="1596"/>
<String CS="1" CONTENT="20&#189;" HEIGHT="41" WIDTH="57" VPOS="1819" HPOS="1655"/>
<String STYLE="superscript" CS="1" CONTENT="&#7580;&#7504;"/>
<String CONTENT="." HEIGHT="10" WIDTH="10" VPOS="1850" HPOS="1791"/>
</TextLine>
<TextLine HEIGHT="51" WIDTH="1157" VPOS="1875" HPOS="424">
<String CONTENT="&#8220;Suggested" HEIGHT="51" WIDTH="295" VPOS="1875" HPOS="424"/>
<SP HEIGHT="39" WIDTH="26" VPOS="1878" HPOS="720"/>
<String CONTENT="readings&#8221;" HEIGHT="48" WIDTH="254" VPOS="1877" HPOS="747"/>
<SP HEIGHT="40" WIDTH="28" VPOS="1877" HPOS="1002"/>
<String CONTENT="at" HEIGHT="37" WIDTH="53" VPOS="1880" HPOS="1031"/>
<SP HEIGHT="38" WIDTH="25" VPOS="1880" HPOS="1085"/>
<String CONTENT="end" HEIGHT="41" WIDTH="92" VPOS="1877" HPOS="1111"/>
<SP HEIGHT="40" WIDTH="27" VPOS="1877" HPOS="1204"/>
<String CONTENT="of" HEIGHT="41" WIDTH="51" VPOS="1876" HPOS="1232"/>
<SP HEIGHT="41" WIDTH="26" VPOS="1876" HPOS="1284"/>
<String CONTENT="each" HEIGHT="41" WIDTH="119" VPOS="1876" HPOS="1311"/>
<SP HEIGHT="41" WIDTH="27" VPOS="1876" HPOS="1431"/>
<String CONTENT="unit." HEIGHT="41" WIDTH="122" VPOS="1876" HPOS="1459"/>
</TextLine>
<TextLine HEIGHT="52" WIDTH="1738" VPOS="1931" HPOS="360" CS="1">
<String CONTENT="&#169;" HEIGHT="52" WIDTH="51" VPOS="1931" HPOS="360"/>
<SP HEIGHT="52" WIDTH="27" VPOS="1931" HPOS="412"/>
<String CONTENT="June" HEIGHT="39" WIDTH="126" VPOS="1936" HPOS="440"/>
<SP HEIGHT="39" WIDTH="24" VPOS="1935" HPOS="567"/>
<String CONTENT="21," HEIGHT="47" WIDTH="68" VPOS="1935" HPOS="592"/>
<SP HEIGHT="46" WIDTH="27" VPOS="1936" HPOS="661"/>
<String CONTENT="1932;" HEIGHT="43" WIDTH="140" VPOS="1933" HPOS="689"/>
<SP HEIGHT="43" WIDTH="28" VPOS="1933" HPOS="830"/>
<String CONTENT="2c." HEIGHT="41" WIDTH="65" VPOS="1933" HPOS="859"/>
<SP HEIGHT="29" WIDTH="28" VPOS="1945" HPOS="925"/>
<String CONTENT="and" HEIGHT="37" WIDTH="94" VPOS="1936" HPOS="954"/>
<SP HEIGHT="37" WIDTH="28" VPOS="1936" HPOS="1049"/>
<String CONTENT="aff." HEIGHT="40" WIDTH="80" VPOS="1933" HPOS="1078"/>
<SP HEIGHT="39" WIDTH="29" VPOS="1934" HPOS="1159"/>
<String CONTENT="June" HEIGHT="39" WIDTH="127" VPOS="1934" HPOS="1189"/>
<SP HEIGHT="40" WIDTH="23" VPOS="1933" HPOS="1317"/>
<String CONTENT="22;" HEIGHT="47" WIDTH="82" VPOS="1933" HPOS="1341"/>
<SP HEIGHT="47" WIDTH="28" VPOS="1933" HPOS="1424"/>
<!-- cceid 0C12F1C0-6D7D-1014-B4A5-D7A31D17AB40 --><String CONTENT="A" HEIGHT="39" WIDTH="40" VPOS="1933" HPOS="1453"/>
<SP HEIGHT="40" WIDTH="26" VPOS="1933" HPOS="1494"/>
<String CONTENT="52717;" HEIGHT="47" WIDTH="171" VPOS="1933" HPOS="1521"/>
<SP HEIGHT="45" WIDTH="29" VPOS="1935" HPOS="1693"/>
<String CS="1" CONTENT="Macmillan"/>
<SP HEIGHT="29" WIDTH="26" VPOS="1945" HPOS="2005"/>
<String CONTENT="co," HEIGHT="30" WIDTH="66" VPOS="1945" HPOS="2032"/>
</TextLine>
<TextLine HEIGHT="49" WIDTH="279" VPOS="1991" HPOS="437">
<String CONTENT="(32-16858)" HEIGHT="49" WIDTH="279" VPOS="1991" HPOS="437"/>
</TextLine>
<TextLine HEIGHT="64" WIDTH="557" VPOS="2094" HPOS="355" STYLEREFS="StyleId-8EE06112-1BB6-482D-98CC-43B9A05C175A-">
<String CONTENT="Welzl," HEIGHT="64" WIDTH="195" VPOS="2094" HPOS="355"/>
<SP HEIGHT="64" WIDTH="25" VPOS="2094" HPOS="551"/>
<String CONTENT="Jan," HEIGHT="64" WIDTH="133" VPOS="2094" HPOS="577"/>
<SP HEIGHT="57" WIDTH="29" VPOS="2101" HPOS="711"/>
<String CONTENT="1870-" HEIGHT="55" WIDTH="171" VPOS="2094" HPOS="741"/>
</TextLine>
<TextLine HEIGHT="145" WIDTH="1968" VPOS="2168" HPOS="353" STYLEREFS="StyleId-44A108C9-3CDE-43B5-B448-8F1F1B13022B-" CS="1">
<String CS="1" CONTENT="&#8230;"/>
<SP HEIGHT="53" WIDTH="29" VPOS="2171" HPOS="486"/>
<String CONTENT="Thirty" HEIGHT="68" WIDTH="208" VPOS="2169" HPOS="516"/>
<SP HEIGHT="48" WIDTH="24" VPOS="2189" HPOS="725"/>
<String CONTENT="years" HEIGHT="49" WIDTH="162" VPOS="2188" HPOS="750"/>
<SP HEIGHT="52" WIDTH="27" VPOS="2169" HPOS="913"/>
<String CONTENT="in" HEIGHT="52" WIDTH="59" VPOS="2169" HPOS="941"/>
<SP HEIGHT="46" WIDTH="25" VPOS="2176" HPOS="1001"/>
<String CONTENT="the" HEIGHT="54" WIDTH="96" VPOS="2170" HPOS="1027"/>
<SP HEIGHT="49" WIDTH="23" VPOS="2187" HPOS="1124"/>
<String CONTENT="golden" HEIGHT="68" WIDTH="207" VPOS="2168" HPOS="1148"/>
<SP HEIGHT="33" WIDTH="23" VPOS="2188" HPOS="1356"/>
<String CONTENT="north;" HEIGHT="65" WIDTH="198" VPOS="2170" HPOS="1380"/>
<SP HEIGHT="59" WIDTH="29" VPOS="2176" HPOS="1579"/>
<String CONTENT="translated" HEIGHT="55" WIDTH="314" VPOS="2169" HPOS="1609"/>
<SP HEIGHT="53" WIDTH="24" VPOS="2169" HPOS="1924"/>
<String CONTENT="by" HEIGHT="66" WIDTH="74" VPOS="2169" HPOS="1949"/>
<SP HEIGHT="66" WIDTH="26" VPOS="2169" HPOS="2024"/>
<String CONTENT="Paul" HEIGHT="51" WIDTH="146" VPOS="2169" HPOS="2051"/>
<SP HEIGHT="54" WIDTH="28" VPOS="2168" HPOS="2198"/>
<String CONTENT="Selver;" HEIGHT="145" WIDTH="1968" VPOS="2168" HPOS="353"/>
</TextLine>
<TextLine HEIGHT="70" WIDTH="1647" VPOS="2244" HPOS="511" STYLEREFS="StyleId-44A108C9-3CDE-43B5-B448-8F1F1B13022B-" CS="1">
<String CONTENT="with" HEIGHT="53" WIDTH="140" VPOS="2245" HPOS="511"/>
<SP HEIGHT="53" WIDTH="32" VPOS="2246" HPOS="652"/>
<String CONTENT="a" HEIGHT="32" WIDTH="30" VPOS="2267" HPOS="685"/>
<SP HEIGHT="53" WIDTH="30" VPOS="2246" HPOS="716"/>
<String CONTENT="foreword" HEIGHT="54" WIDTH="285" VPOS="2245" HPOS="747"/>
<SP HEIGHT="53" WIDTH="28" VPOS="2245" HPOS="1033"/>
<String CONTENT="by" HEIGHT="69" WIDTH="75" VPOS="2245" HPOS="1062"/>
<SP HEIGHT="68" WIDTH="29" VPOS="2246" HPOS="1138"/>
<String CONTENT="Karel" HEIGHT="53" WIDTH="178" VPOS="2245" HPOS="1168"/>
<SP HEIGHT="56" WIDTH="32" VPOS="2245" HPOS="1347"/>
<String CS="1" CONTENT="&#268;apek." HEIGHT="67" WIDTH="157" VPOS="2246" HPOS="1431"/>
<SP HEIGHT="51" WIDTH="68" VPOS="2245" HPOS="1589"/>
<String CONTENT="New" HEIGHT="52" WIDTH="135" VPOS="2245" HPOS="1658"/>
<SP HEIGHT="53" WIDTH="35" VPOS="2244" HPOS="1794"/>
<String CONTENT="York," HEIGHT="68" WIDTH="176" VPOS="2244" HPOS="1830"/>
<SP HEIGHT="67" WIDTH="30" VPOS="2245" HPOS="2007"/>
<String CONTENT="The" HEIGHT="54" WIDTH="120" VPOS="2245" HPOS="2038"/>
</TextLine>
<TextLine HEIGHT="65" WIDTH="509" VPOS="2326" HPOS="554" STYLEREFS="StyleId-44A108C9-3CDE-43B5-B448-8F1F1B13022B-" CS="1">
<String CS="1" CONTENT="Macmillan"/>
<SP HEIGHT="33" WIDTH="29" VPOS="2343" HPOS="554"/>
<String CONTENT="company," HEIGHT="50" WIDTH="293" VPOS="2341" HPOS="584"/>
<SP HEIGHT="65" WIDTH="34" VPOS="2326" HPOS="878"/>
<String CONTENT="1932." HEIGHT="51" WIDTH="150" VPOS="2326" HPOS="913"/>
</TextLine>
<TextLine HEIGHT="50" WIDTH="692" VPOS="2394" HPOS="421" CS="1">
<String CONTENT="336" HEIGHT="41" WIDTH="89" VPOS="2394" HPOS="421"/>
<SP HEIGHT="50" WIDTH="26" VPOS="2394" HPOS="511"/>
<String CONTENT="p." HEIGHT="39" WIDTH="43" VPOS="2405" HPOS="538"/>
<SP HEIGHT="42" WIDTH="54" VPOS="2394" HPOS="582"/>
<String CONTENT="fold." HEIGHT="41" WIDTH="119" VPOS="2394" HPOS="637"/>
<SP HEIGHT="29" WIDTH="27" VPOS="2406" HPOS="757"/>
<String CONTENT="map." HEIGHT="37" WIDTH="124" VPOS="2405" HPOS="785"/>
<SP HEIGHT="41" WIDTH="56" VPOS="2395" HPOS="910"/>
<String CS="1" CONTENT="22&#189;" HEIGHT="39" WIDTH="56" VPOS="2394" HPOS="967"/>
<String STYLE="superscript" CS="1" CONTENT="&#7580;&#7504;"/>
<String CONTENT="." HEIGHT="8" WIDTH="9" VPOS="2426" HPOS="1104"/>
</TextLine>
<TextLine HEIGHT="49" WIDTH="1607" VPOS="2450" HPOS="423">
<String CONTENT="Reminiscences" HEIGHT="41" WIDTH="387" VPOS="2450" HPOS="423"/>
<SP HEIGHT="29" WIDTH="22" VPOS="2462" HPOS="811"/>
<String CONTENT="of" HEIGHT="39" WIDTH="51" VPOS="2451" HPOS="834"/>
<SP HEIGHT="40" WIDTH="21" VPOS="2451" HPOS="886"/>
<String CONTENT="the" HEIGHT="40" WIDTH="82" VPOS="2451" HPOS="908"/>
<SP HEIGHT="39" WIDTH="23" VPOS="2452" HPOS="991"/>
<String CONTENT="Arctic," HEIGHT="49" WIDTH="176" VPOS="2450" HPOS="1015"/>
<SP HEIGHT="37" WIDTH="25" VPOS="2462" HPOS="1192"/>
<String CONTENT="as" HEIGHT="29" WIDTH="54" VPOS="2462" HPOS="1218"/>
<SP HEIGHT="39" WIDTH="23" VPOS="2452" HPOS="1273"/>
<String CONTENT="dictated" HEIGHT="42" WIDTH="217" VPOS="2450" HPOS="1297"/>
<SP HEIGHT="40" WIDTH="23" VPOS="2452" HPOS="1515"/>
<String CONTENT="to" HEIGHT="38" WIDTH="46" VPOS="2454" HPOS="1539"/>
<SP HEIGHT="37" WIDTH="22" VPOS="2455" HPOS="1586"/>
<String CONTENT="two" HEIGHT="37" WIDTH="94" VPOS="2455" HPOS="1609"/>
<SP HEIGHT="47" WIDTH="23" VPOS="2452" HPOS="1704"/>
<String CONTENT="journalists." HEIGHT="47" WIDTH="302" VPOS="2452" HPOS="1728"/>
</TextLine>
<TextLine HEIGHT="49" WIDTH="1554" VPOS="2507" HPOS="424" CS="1">
<String CONTENT="Introduction" HEIGHT="40" WIDTH="338" VPOS="2508" HPOS="424"/>
<SP HEIGHT="29" WIDTH="24" VPOS="2518" HPOS="763"/>
<String CS="1" CONTENT="signed:" HEIGHT="47" WIDTH="166" VPOS="2508" HPOS="788"/>
<SP HEIGHT="40" WIDTH="27" VPOS="2507" HPOS="981"/>
<String CONTENT="Edvard" HEIGHT="41" WIDTH="197" VPOS="2507" HPOS="1009"/>
<SP HEIGHT="40" WIDTH="23" VPOS="2508" HPOS="1207"/>
<String CONTENT="Valenta" HEIGHT="40" WIDTH="207" VPOS="2508" HPOS="1231"/>
<SP HEIGHT="38" WIDTH="29" VPOS="2518" HPOS="1439"/>
<String CONTENT="[and]" HEIGHT="47" WIDTH="125" VPOS="2509" HPOS="1469"/>
<SP HEIGHT="46" WIDTH="27" VPOS="2510" HPOS="1595"/>
<String CONTENT="B." HEIGHT="38" WIDTH="54" VPOS="2510" HPOS="1623"/>
<SP HEIGHT="41" WIDTH="25" VPOS="2508" HPOS="1678"/>
<String CONTENT="Golombek." HEIGHT="41" WIDTH="274" VPOS="2508" HPOS="1704"/>
</TextLine>
<TextLine HEIGHT="52" WIDTH="1679" VPOS="2564" HPOS="360" CS="1">
<String CONTENT="&#169;" HEIGHT="52" WIDTH="51" VPOS="2564" HPOS="360"/>
<SP HEIGHT="52" WIDTH="29" VPOS="2564" HPOS="412"/>
<String CONTENT="July" HEIGHT="48" WIDTH="115" VPOS="2568" HPOS="442"/>
<SP HEIGHT="48" WIDTH="27" VPOS="2568" HPOS="558"/>
<String CONTENT="5," HEIGHT="47" WIDTH="39" VPOS="2568" HPOS="586"/>
<SP HEIGHT="45" WIDTH="28" VPOS="2570" HPOS="626"/>
<String CONTENT="1932;" HEIGHT="48" WIDTH="140" VPOS="2567" HPOS="655"/>
<SP HEIGHT="48" WIDTH="28" VPOS="2567" HPOS="796"/>
<String CONTENT="2c." HEIGHT="40" WIDTH="65" VPOS="2567" HPOS="825"/>
<SP HEIGHT="29" WIDTH="31" VPOS="2578" HPOS="891"/>
<String CONTENT="and" HEIGHT="39" WIDTH="95" VPOS="2568" HPOS="923"/>
<SP HEIGHT="38" WIDTH="27" VPOS="2568" HPOS="1019"/>
<String CONTENT="aff." HEIGHT="41" WIDTH="81" VPOS="2566" HPOS="1047"/>
<SP HEIGHT="40" WIDTH="30" VPOS="2567" HPOS="1129"/>
<String CONTENT="July" HEIGHT="47" WIDTH="115" VPOS="2567" HPOS="1160"/>
<SP HEIGHT="47" WIDTH="28" VPOS="2567" HPOS="1276"/>
<String CONTENT="6;" HEIGHT="47" WIDTH="53" VPOS="2567" HPOS="1305"/>
<SP HEIGHT="47" WIDTH="28" VPOS="2567" HPOS="1359"/>
<!-- cceid 0C136A8A-6D7D-1014-B4A5-D7A31D17AB40 --><String CONTENT="A" HEIGHT="38" WIDTH="42" VPOS="2567" HPOS="1388"/>
<SP HEIGHT="39" WIDTH="27" VPOS="2567" HPOS="1431"/>
<String CONTENT="51991;" HEIGHT="49" WIDTH="170" VPOS="2565" HPOS="1459"/>
<SP HEIGHT="47" WIDTH="30" VPOS="2567" HPOS="1630"/>
<String CS="1" CONTENT="Macmillan"/>
<SP HEIGHT="28" WIDTH="27" VPOS="2579" HPOS="1943"/>
<String CONTENT="co." HEIGHT="29" WIDTH="68" VPOS="2579" HPOS="1971"/>
</TextLine>
<TextLine HEIGHT="50" WIDTH="278" VPOS="2623" HPOS="438">
<String CONTENT="(32-17346)" HEIGHT="50" WIDTH="278" VPOS="2623" HPOS="438"/>
</TextLine>
<TextLine HEIGHT="64" WIDTH="563" VPOS="2728" HPOS="352" STYLEREFS="StyleId-8EE06112-1BB6-482D-98CC-43B9A05C175A-">
<String CONTENT="Wethered," HEIGHT="64" WIDTH="336" VPOS="2728" HPOS="352"/>
<SP HEIGHT="64" WIDTH="27" VPOS="2728" HPOS="689"/>
<String CONTENT="Joyce." HEIGHT="63" WIDTH="198" VPOS="2728" HPOS="717"/>
</TextLine>
<TextLine HEIGHT="68" WIDTH="883" VPOS="2804" HPOS="425" STYLEREFS="StyleId-44A108C9-3CDE-43B5-B448-8F1F1B13022B-">
<String CONTENT="The" HEIGHT="53" WIDTH="121" VPOS="2805" HPOS="425"/>
<SP HEIGHT="34" WIDTH="25" VPOS="2824" HPOS="547"/>
<String CONTENT="vital" HEIGHT="53" WIDTH="144" VPOS="2804" HPOS="573"/>
<SP HEIGHT="66" WIDTH="24" VPOS="2806" HPOS="718"/>
<String CONTENT="part" HEIGHT="61" WIDTH="132" VPOS="2811" HPOS="743"/>
<SP HEIGHT="46" WIDTH="25" VPOS="2811" HPOS="876"/>
<String CONTENT="of" HEIGHT="51" WIDTH="62" VPOS="2805" HPOS="902"/>
<SP HEIGHT="53" WIDTH="22" VPOS="2805" HPOS="965"/>
<String CONTENT="the" HEIGHT="52" WIDTH="97" VPOS="2806" HPOS="988"/>
<SP HEIGHT="36" WIDTH="23" VPOS="2822" HPOS="1086"/>
<String CONTENT="swing." HEIGHT="68" WIDTH="198" VPOS="2804" HPOS="1110"/>
</TextLine>
<TextLine HEIGHT="53" WIDTH="1216" VPOS="2874" HPOS="436" STYLEREFS="StyleId-13C56E23-7854-4A59-9D22-837B1192EDDE-">
<String CONTENT="(In" HEIGHT="48" WIDTH="83" VPOS="2879" HPOS="436"/>
<SP HEIGHT="41" WIDTH="25" VPOS="2875" HPOS="520"/>
<String CONTENT="London" HEIGHT="42" WIDTH="201" VPOS="2875" HPOS="546"/>
<SP HEIGHT="43" WIDTH="27" VPOS="2874" HPOS="748"/>
<String CONTENT="Sunday" HEIGHT="51" WIDTH="200" VPOS="2874" HPOS="776"/>
<SP HEIGHT="37" WIDTH="28" VPOS="2888" HPOS="977"/>
<String CONTENT="express," HEIGHT="38" WIDTH="218" VPOS="2888" HPOS="1006"/>
<SP HEIGHT="49" WIDTH="30" VPOS="2876" HPOS="1225"/>
<String CONTENT="May" HEIGHT="50" WIDTH="118" VPOS="2876" HPOS="1256"/>
<SP HEIGHT="49" WIDTH="29" VPOS="2877" HPOS="1375"/>
<String CONTENT="22," HEIGHT="50" WIDTH="72" VPOS="2876" HPOS="1405"/>
<SP HEIGHT="50" WIDTH="30" VPOS="2876" HPOS="1478"/>
<String CONTENT="1932)" HEIGHT="50" WIDTH="143" VPOS="2875" HPOS="1509"/>
</TextLine>
<TextLine HEIGHT="108" WIDTH="1967" VPOS="2930" HPOS="361" CS="1">
<String CONTENT="&#169;" HEIGHT="52" WIDTH="51" VPOS="2930" HPOS="361"/>
<SP/>
<String CS="1" CONTENT="1c."/>
<SP HEIGHT="40" WIDTH="27" VPOS="2935" HPOS="508"/>
<String CONTENT="July" HEIGHT="47" WIDTH="116" VPOS="2935" HPOS="536"/>
<SP HEIGHT="46" WIDTH="25" VPOS="2936" HPOS="653"/>
<String CONTENT="18," HEIGHT="46" WIDTH="68" VPOS="2935" HPOS="679"/>
<SP HEIGHT="45" WIDTH="27" VPOS="2936" HPOS="748"/>
<String CS="1" CONTENT="1932;" HEIGHT="40" WIDTH="113" VPOS="2934" HPOS="776"/>
<SP HEIGHT="45" WIDTH="29" VPOS="2935" HPOS="917"/>
<!-- cceid 0C13CA80-6D7D-1014-B4A5-D7A31D17AB40 --><String CONTENT="A" HEIGHT="38" WIDTH="41" VPOS="2935" HPOS="947"/>
<SP HEIGHT="38" WIDTH="27" VPOS="2935" HPOS="989"/>
<String CONTENT="ad" HEIGHT="38" WIDTH="61" VPOS="2936" HPOS="1017"/>
<SP HEIGHT="39" WIDTH="25" VPOS="2935" HPOS="1079"/>
<String CONTENT="int." HEIGHT="40" WIDTH="86" VPOS="2935" HPOS="1105"/>
<SP HEIGHT="37" WIDTH="30" VPOS="2936" HPOS="1192"/>
<String CS="1" CONTENT="16666;" HEIGHT="39" WIDTH="142" VPOS="2935" HPOS="1223"/>
<SP HEIGHT="38" WIDTH="30" VPOS="2945" HPOS="1392"/>
<String CONTENT="pubd." HEIGHT="47" WIDTH="139" VPOS="2936" HPOS="1423"/>
<SP HEIGHT="38" WIDTH="30" VPOS="2936" HPOS="1563"/>
<String CONTENT="May" HEIGHT="46" WIDTH="113" VPOS="2936" HPOS="1594"/>
<SP HEIGHT="48" WIDTH="26" VPOS="2934" HPOS="1708"/>
<String CS="1" CONTENT="22;" HEIGHT="39" WIDTH="55" VPOS="2934" HPOS="1735"/>
<SP HEIGHT="47" WIDTH="31" VPOS="2935" HPOS="1820"/>
<String CONTENT="J." HEIGHT="39" WIDTH="43" VPOS="2935" HPOS="1852"/>
<SP HEIGHT="40" WIDTH="28" VPOS="2934" HPOS="1896"/>
<String CONTENT="Wethered," HEIGHT="47" WIDTH="272" VPOS="2934" HPOS="1925"/>
<SP HEIGHT="46" WIDTH="28" VPOS="2935" HPOS="2198"/>
<String CONTENT="Witley," HEIGHT="106" WIDTH="1900" VPOS="2932" HPOS="428"/>
</TextLine>
<TextLine HEIGHT="48" WIDTH="454" VPOS="2990" HPOS="548">
<String CONTENT="Surrey," HEIGHT="47" WIDTH="191" VPOS="2991" HPOS="548"/>
<SP HEIGHT="46" WIDTH="27" VPOS="2992" HPOS="740"/>
<String CONTENT="England." HEIGHT="48" WIDTH="234" VPOS="2990" HPOS="768"/>
</TextLine>
<TextLine HEIGHT="66" WIDTH="1984" VPOS="3093" HPOS="355" STYLEREFS="StyleId-8EE06112-1BB6-482D-98CC-43B9A05C175A-">
<String CONTENT="White" HEIGHT="55" WIDTH="198" VPOS="3093" HPOS="355"/>
<SP HEIGHT="53" WIDTH="50" VPOS="3093" HPOS="554"/>
<String CONTENT="house" HEIGHT="54" WIDTH="184" VPOS="3093" HPOS="605"/>
<SP HEIGHT="37" WIDTH="49" VPOS="3110" HPOS="790"/>
<String CONTENT="conference" HEIGHT="54" WIDTH="345" VPOS="3094" HPOS="840"/>
<SP HEIGHT="37" WIDTH="50" VPOS="3111" HPOS="1186"/>
<String CONTENT="on" HEIGHT="37" WIDTH="73" VPOS="3111" HPOS="1237"/>
<SP HEIGHT="37" WIDTH="51" VPOS="3112" HPOS="1311"/>
<String CONTENT="child" HEIGHT="54" WIDTH="153" VPOS="3095" HPOS="1363"/>
<SP HEIGHT="55" WIDTH="49" VPOS="3094" HPOS="1517"/>
<String CONTENT="health" HEIGHT="55" WIDTH="206" VPOS="3094" HPOS="1567"/>
<SP HEIGHT="54" WIDTH="47" VPOS="3094" HPOS="1774"/>
<String CONTENT="and" HEIGHT="53" WIDTH="116" VPOS="3095" HPOS="1822"/>
<SP HEIGHT="64" WIDTH="51" VPOS="3095" HPOS="1939"/>
<String CONTENT="protection." HEIGHT="65" WIDTH="348" VPOS="3094" HPOS="1991"/>
</TextLine>
<TextLine HEIGHT="69" WIDTH="1916" VPOS="3172" HPOS="425" STYLEREFS="StyleId-C462F71E-B5A1-4CDB-890D-AF5452233A97-" CS="1">
<String CONTENT="Sect." HEIGHT="54" WIDTH="148" VPOS="3172" HPOS="425"/>
<SP HEIGHT="34" WIDTH="36" VPOS="3191" HPOS="574"/>
<String CS="1" CONTENT="IV:" HEIGHT="34" WIDTH="66" VPOS="3191" HPOS="611"/>
<SP HEIGHT="52" WIDTH="36" VPOS="3173" HPOS="708"/>
<String CONTENT="The" HEIGHT="54" WIDTH="119" VPOS="3172" HPOS="745"/>
<SP HEIGHT="54" WIDTH="38" VPOS="3172" HPOS="865"/>
<String CONTENT="handicapped." HEIGHT="68" WIDTH="416" VPOS="3172" HPOS="904"/>
<SP HEIGHT="54" WIDTH="74" VPOS="3172" HPOS="1321"/>
<String CONTENT="Committee" HEIGHT="55" WIDTH="337" VPOS="3172" HPOS="1396"/>
<SP HEIGHT="36" WIDTH="37" VPOS="3191" HPOS="1734"/>
<String CONTENT="on" HEIGHT="36" WIDTH="74" VPOS="3191" HPOS="1772"/>
<SP HEIGHT="35" WIDTH="33" VPOS="3192" HPOS="1847"/>
<String CONTENT="national," HEIGHT="69" WIDTH="276" VPOS="3172" HPOS="1881"/>
<SP HEIGHT="51" WIDTH="34" VPOS="3190" HPOS="2158"/>
<String CONTENT="state" HEIGHT="49" WIDTH="148" VPOS="3178" HPOS="2193"/>
</TextLine>
<TextLine HEIGHT="71" WIDTH="1408" VPOS="3249" HPOS="424" STYLEREFS="StyleId-C462F71E-B5A1-4CDB-890D-AF5452233A97-">
<String CONTENT="and" HEIGHT="53" WIDTH="116" VPOS="3250" HPOS="424"/>
<SP HEIGHT="53" WIDTH="26" VPOS="3250" HPOS="541"/>
<String CONTENT="local" HEIGHT="53" WIDTH="146" VPOS="3250" HPOS="568"/>
<SP HEIGHT="53" WIDTH="26" VPOS="3250" HPOS="715"/>
<String CONTENT="organization" HEIGHT="68" WIDTH="397" VPOS="3249" HPOS="742"/>
<SP HEIGHT="67" WIDTH="24" VPOS="3252" HPOS="1140"/>
<String CONTENT="for" HEIGHT="67" WIDTH="99" VPOS="3252" HPOS="1165"/>
<SP HEIGHT="46" WIDTH="27" VPOS="3258" HPOS="1265"/>
<String CONTENT="the" HEIGHT="56" WIDTH="93" VPOS="3251" HPOS="1293"/>
<SP HEIGHT="56" WIDTH="29" VPOS="3251" HPOS="1387"/>
<String CONTENT="handicapped." HEIGHT="69" WIDTH="415" VPOS="3251" HPOS="1417"/>
</TextLine>
<TextLine HEIGHT="73" WIDTH="1916" VPOS="3324" HPOS="426" STYLEREFS="StyleId-44A108C9-3CDE-43B5-B448-8F1F1B13022B-">
<String CONTENT="Organization" HEIGHT="70" WIDTH="414" VPOS="3324" HPOS="426"/>
<SP HEIGHT="53" WIDTH="25" VPOS="3326" HPOS="841"/>
<String CONTENT="for" HEIGHT="53" WIDTH="93" VPOS="3326" HPOS="867"/>
<SP HEIGHT="46" WIDTH="23" VPOS="3334" HPOS="961"/>
<String CONTENT="the" HEIGHT="51" WIDTH="95" VPOS="3329" HPOS="985"/>
<SP HEIGHT="34" WIDTH="25" VPOS="3346" HPOS="1081"/>
<String CONTENT="care" HEIGHT="35" WIDTH="125" VPOS="3346" HPOS="1107"/>
<SP HEIGHT="34" WIDTH="24" VPOS="3347" HPOS="1233"/>
<String CONTENT="of" HEIGHT="51" WIDTH="64" VPOS="3330" HPOS="1258"/>
<SP HEIGHT="53" WIDTH="21" VPOS="3330" HPOS="1323"/>
<String CONTENT="handicapped" HEIGHT="68" WIDTH="401" VPOS="3329" HPOS="1345"/>
<SP HEIGHT="52" WIDTH="22" VPOS="3331" HPOS="1747"/>
<String CONTENT="children," HEIGHT="67" WIDTH="274" VPOS="3330" HPOS="1770"/>
<SP HEIGHT="47" WIDTH="23" VPOS="3350" HPOS="2045"/>
<String CONTENT="national," HEIGHT="65" WIDTH="273" VPOS="3330" HPOS="2069"/>
</TextLine>
<TextLine HEIGHT="69" WIDTH="1985" VPOS="3404" HPOS="355" STYLEREFS="StyleId-44A108C9-3CDE-43B5-B448-8F1F1B13022B-">
<String CONTENT="state," HEIGHT="64" WIDTH="162" VPOS="3407" HPOS="355"/>
<SP HEIGHT="67" WIDTH="37" VPOS="3404" HPOS="518"/>
<String CONTENT="local;" HEIGHT="67" WIDTH="172" VPOS="3404" HPOS="556"/>
<SP HEIGHT="48" WIDTH="41" VPOS="3423" HPOS="729"/>
<String CONTENT="report" HEIGHT="60" WIDTH="193" VPOS="3411" HPOS="771"/>
<SP HEIGHT="46" WIDTH="38" VPOS="3411" HPOS="965"/>
<String CONTENT="of" HEIGHT="52" WIDTH="64" VPOS="3405" HPOS="1004"/>
<SP HEIGHT="53" WIDTH="35" VPOS="3405" HPOS="1069"/>
<String CONTENT="the" HEIGHT="52" WIDTH="95" VPOS="3406" HPOS="1105"/>
<SP HEIGHT="54" WIDTH="40" VPOS="3406" HPOS="1201"/>
<String CONTENT="Committee" HEIGHT="54" WIDTH="336" VPOS="3406" HPOS="1242"/>
<SP HEIGHT="36" WIDTH="37" VPOS="3425" HPOS="1579"/>
<String CONTENT="on" HEIGHT="35" WIDTH="72" VPOS="3426" HPOS="1617"/>
<SP HEIGHT="33" WIDTH="39" VPOS="3426" HPOS="1690"/>
<String CONTENT="national," HEIGHT="66" WIDTH="274" VPOS="3407" HPOS="1730"/>
<SP HEIGHT="46" WIDTH="38" VPOS="3427" HPOS="2005"/>
<String CONTENT="state" HEIGHT="47" WIDTH="144" VPOS="3413" HPOS="2044"/>
<SP HEIGHT="34" WIDTH="39" VPOS="3425" HPOS="2189"/>
<String CONTENT="and" HEIGHT="52" WIDTH="111" VPOS="3408" HPOS="2229"/>
</TextLine>
<TextLine HEIGHT="72" WIDTH="1986" VPOS="3479" HPOS="355" STYLEREFS="StyleId-44A108C9-3CDE-43B5-B448-8F1F1B13022B-">
<String CONTENT="local" HEIGHT="55" WIDTH="144" VPOS="3479" HPOS="355"/>
<SP HEIGHT="51" WIDTH="38" VPOS="3482" HPOS="500"/>
<String CONTENT="organization" HEIGHT="69" WIDTH="393" VPOS="3480" HPOS="539"/>
<SP HEIGHT="51" WIDTH="38" VPOS="3482" HPOS="933"/>
<String CONTENT="for" HEIGHT="52" WIDTH="93" VPOS="3482" HPOS="972"/>
<SP HEIGHT="46" WIDTH="34" VPOS="3488" HPOS="1066"/>
<String CONTENT="the" HEIGHT="51" WIDTH="95" VPOS="3484" HPOS="1101"/>
<SP HEIGHT="51" WIDTH="37" VPOS="3484" HPOS="1197"/>
<String CONTENT="handicapped," HEIGHT="68" WIDTH="415" VPOS="3483" HPOS="1235"/>
<SP HEIGHT="66" WIDTH="35" VPOS="3485" HPOS="1651"/>
<String CONTENT="Kate" HEIGHT="52" WIDTH="151" VPOS="3485" HPOS="1687"/>
<SP HEIGHT="52" WIDTH="35" VPOS="3486" HPOS="1839"/>
<String CONTENT="Burr" HEIGHT="52" WIDTH="154" VPOS="3486" HPOS="1875"/>
<SP HEIGHT="53" WIDTH="34" VPOS="3486" HPOS="2030"/>
<String CONTENT="Johnson," HEIGHT="63" WIDTH="276" VPOS="3486" HPOS="2065"/>
</TextLine>
<TextLine HEIGHT="68" WIDTH="1663" VPOS="3557" HPOS="355" STYLEREFS="StyleId-44A108C9-3CDE-43B5-B448-8F1F1B13022B-" CS="1">
<String CONTENT="chairman," HEIGHT="68" WIDTH="311" VPOS="3557" HPOS="355"/>
<SP HEIGHT="65" WIDTH="39" VPOS="3560" HPOS="667"/>
<String CONTENT="White" HEIGHT="54" WIDTH="193" VPOS="3559" HPOS="707"/>
<SP HEIGHT="53" WIDTH="37" VPOS="3559" HPOS="901"/>
<String CONTENT="house" HEIGHT="55" WIDTH="172" VPOS="3559" HPOS="939"/>
<SP HEIGHT="35" WIDTH="36" VPOS="3579" HPOS="1112"/>
<String CONTENT="conference" HEIGHT="54" WIDTH="329" VPOS="3559" HPOS="1149"/>
<SP HEIGHT="33" WIDTH="38" VPOS="3580" HPOS="1479"/>
<String CONTENT="on" HEIGHT="34" WIDTH="74" VPOS="3580" HPOS="1518"/>
<SP HEIGHT="34" WIDTH="36" VPOS="3580" HPOS="1593"/>
<String CONTENT="child" HEIGHT="53" WIDTH="155" VPOS="3561" HPOS="1630"/>
<SP HEIGHT="52" WIDTH="37" VPOS="3562" HPOS="1786"/>
<String CONTENT="health" HEIGHT="53" WIDTH="194" VPOS="3561" HPOS="1824"/>
</TextLine>
<TextLine HEIGHT="142" WIDTH="1961" VPOS="3563" HPOS="355" STYLEREFS="StyleId-44A108C9-3CDE-43B5-B448-8F1F1B13022B-" CS="1">
<String CONTENT="and" HEIGHT="52" WIDTH="112" VPOS="3563" HPOS="2059"/>
<SP HEIGHT="65" WIDTH="40" VPOS="3563" HPOS="2172"/>
<String CONTENT="protection." HEIGHT="107" WIDTH="1961" VPOS="3580" HPOS="355"/>
<SP HEIGHT="53" WIDTH="73" VPOS="3635" HPOS="581"/>
<String CONTENT="New" HEIGHT="54" WIDTH="139" VPOS="3635" HPOS="655"/>
<SP HEIGHT="51" WIDTH="30" VPOS="3638" HPOS="795"/>
<String CONTENT="York," HEIGHT="65" WIDTH="178" VPOS="3636" HPOS="826"/>
<SP HEIGHT="63" WIDTH="29" VPOS="3638" HPOS="1005"/>
<String CONTENT="London," HEIGHT="65" WIDTH="256" VPOS="3637" HPOS="1035"/>
<SP HEIGHT="62" WIDTH="31" VPOS="3640" HPOS="1292"/>
<String CONTENT="The" HEIGHT="52" WIDTH="120" VPOS="3639" HPOS="1324"/>
<SP HEIGHT="56" WIDTH="30" VPOS="3637" HPOS="1445"/>
<String CONTENT="Century" HEIGHT="68" WIDTH="254" VPOS="3637" HPOS="1476"/>
<SP HEIGHT="49" WIDTH="27" VPOS="3656" HPOS="1731"/>
<String CONTENT="co." HEIGHT="38" WIDTH="79" VPOS="3655" HPOS="1759"/>
<SP HEIGHT="33" WIDTH="34" VPOS="3671" HPOS="1839"/>
<String CS="1" CONTENT="[&#7580;1932]" HEIGHT="64" WIDTH="191" VPOS="3641" HPOS="1874"/>
</TextLine>
<TextLine HEIGHT="49" WIDTH="1097" VPOS="3707" HPOS="497" STYLEREFS="StyleId-CD9207AB-4B8D-46D1-A771-D8B7677B1FD0-" CS="1">
<String CS="1" CONTENT="xx," HEIGHT="17" WIDTH="10" VPOS="3737" HPOS="497"/>
<SP HEIGHT="46" WIDTH="30" VPOS="3708" HPOS="508"/>
<String CONTENT="365" HEIGHT="40" WIDTH="86" VPOS="3707" HPOS="539"/>
<SP HEIGHT="47" WIDTH="30" VPOS="3707" HPOS="626"/>
<String LANG="fr" CONTENT="p." HEIGHT="37" WIDTH="42" VPOS="3717" HPOS="657"/>
<SP HEIGHT="39" WIDTH="58" VPOS="3708" HPOS="700"/>
<String CONTENT="1" HEIGHT="38" WIDTH="25" VPOS="3708" HPOS="759"/>
<SP HEIGHT="38" WIDTH="30" VPOS="3708" HPOS="785"/>
<String CONTENT="illus.," HEIGHT="47" WIDTH="143" VPOS="3708" HPOS="816"/>
<SP HEIGHT="46" WIDTH="30" VPOS="3709" HPOS="960"/>
<String CONTENT="diagr." HEIGHT="46" WIDTH="153" VPOS="3708" HPOS="991"/>
<SP HEIGHT="40" WIDTH="57" VPOS="3708" HPOS="1145"/>
<String CS="1" CONTENT="23&#189;" HEIGHT="39" WIDTH="55" VPOS="3708" HPOS="1203"/>
<String STYLE="superscript" CS="1" CONTENT="&#7580;&#7504;"/>
<String CONTENT="." HEIGHT="9" WIDTH="9" VPOS="3740" HPOS="1339"/>
<SP/>
<String CONTENT="$2.75" HEIGHT="49" WIDTH="131" VPOS="3707" HPOS="1463"/>
</TextLine>
<TextLine HEIGHT="49" WIDTH="679" VPOS="3762" HPOS="427">
<String CONTENT="Illustrated" HEIGHT="41" WIDTH="287" VPOS="3762" HPOS="427"/>
<SP HEIGHT="39" WIDTH="29" VPOS="3764" HPOS="715"/>
<String CONTENT="lining-papers." HEIGHT="49" WIDTH="361" VPOS="3762" HPOS="745"/>
</TextLine>
<TextLine HEIGHT="52" WIDTH="1911" VPOS="3817" HPOS="429" CS="1">
<String CONTENT="&#8220;Section" HEIGHT="42" WIDTH="223" VPOS="3817" HPOS="429"/>
<SP HEIGHT="32" WIDTH="35" VPOS="3827" HPOS="653"/>
<String CS="1" CONTENT="IV&#8212;The" HEIGHT="39" WIDTH="161" VPOS="3820" HPOS="739"/>
<SP HEIGHT="39" WIDTH="35" VPOS="3820" HPOS="901"/>
<String CS="1" CONTENT="handicapped:" HEIGHT="50" WIDTH="333" VPOS="3818" HPOS="937"/>
<SP HEIGHT="37" WIDTH="37" VPOS="3831" HPOS="1299"/>
<String CONTENT="prevention," HEIGHT="47" WIDTH="297" VPOS="3821" HPOS="1337"/>
<SP HEIGHT="36" WIDTH="35" VPOS="3832" HPOS="1635"/>
<String CONTENT="maintenance," HEIGHT="48" WIDTH="350" VPOS="3821" HPOS="1671"/>
<SP HEIGHT="37" WIDTH="36" VPOS="3832" HPOS="2022"/>
<String CONTENT="protection," HEIGHT="48" WIDTH="281" VPOS="3821" HPOS="2059"/>
</TextLine>
<TextLine HEIGHT="53" WIDTH="1134" VPOS="3873" HPOS="358" CS="1">
<String LANG="en-US" CONTENT="C." HEIGHT="42" WIDTH="50" VPOS="3873" HPOS="358"/>
<SP HEIGHT="41" WIDTH="28" VPOS="3874" HPOS="409"/>
<String LANG="en-US" CONTENT="C." HEIGHT="42" WIDTH="50" VPOS="3874" HPOS="438"/>
<SP HEIGHT="42" WIDTH="29" VPOS="3874" HPOS="489"/>
<String LANG="de" CONTENT="Carstens," HEIGHT="49" WIDTH="244" VPOS="3874" HPOS="519"/>
<SP HEIGHT="37" WIDTH="26" VPOS="3886" HPOS="764"/>
<String LANG="de" CS="1" CONTENT="PH"/>
<String LANG="en-US" CONTENT="." HEIGHT="10" WIDTH="11" VPOS="3905" HPOS="866"/>
<SP HEIGHT="29" WIDTH="25" VPOS="3887" HPOS="878"/>
<String LANG="en-US" CS="1" CONTENT="D.," HEIGHT="17" WIDTH="24" VPOS="3906" HPOS="936"/>
<SP HEIGHT="37" WIDTH="27" VPOS="3886" HPOS="961"/>
<String LANG="en-US" CONTENT="chairman.&#8221;&#8212;p." HEIGHT="49" WIDTH="400" VPOS="3875" HPOS="989"/>
<SP HEIGHT="30" WIDTH="32" VPOS="3896" HPOS="1390"/>
<String LANG="en-US" CS="1" CONTENT="[iii]" HEIGHT="50" WIDTH="69" VPOS="3876" HPOS="1423"/>
</TextLine>
<TextLine HEIGHT="54" WIDTH="1984" VPOS="3927" HPOS="362" CS="1">
<String CONTENT="&#169;" HEIGHT="52" WIDTH="51" VPOS="3927" HPOS="362"/>
<SP HEIGHT="52" WIDTH="30" VPOS="3927" HPOS="414"/>
<String CONTENT="May" HEIGHT="47" WIDTH="113" VPOS="3932" HPOS="445"/>
<SP HEIGHT="47" WIDTH="26" VPOS="3932" HPOS="559"/>
<String CONTENT="9," HEIGHT="47" WIDTH="38" VPOS="3932" HPOS="586"/>
<SP HEIGHT="46" WIDTH="29" VPOS="3933" HPOS="625"/>
<String CS="1" CONTENT="1932;" HEIGHT="41" WIDTH="112" VPOS="3931" HPOS="655"/>
<SP HEIGHT="46" WIDTH="30" VPOS="3933" HPOS="796"/>
<String CONTENT="2c." HEIGHT="40" WIDTH="68" VPOS="3933" HPOS="827"/>
<SP HEIGHT="29" WIDTH="28" VPOS="3943" HPOS="896"/>
<String CONTENT="and" HEIGHT="38" WIDTH="95" VPOS="3934" HPOS="925"/>
<SP HEIGHT="39" WIDTH="28" VPOS="3934" HPOS="1021"/>
<String CONTENT="aff." HEIGHT="41" WIDTH="82" VPOS="3932" HPOS="1050"/>
<SP HEIGHT="39" WIDTH="29" VPOS="3934" HPOS="1133"/>
<String CONTENT="May" HEIGHT="47" WIDTH="113" VPOS="3934" HPOS="1163"/>
<SP HEIGHT="45" WIDTH="28" VPOS="3936" HPOS="1277"/>
<String CS="1" CONTENT="13;" HEIGHT="39" WIDTH="53" VPOS="3935" HPOS="1306"/>
<SP HEIGHT="45" WIDTH="31" VPOS="3935" HPOS="1387"/>
<!-- cceid 0C143056-6D7D-1014-B4A5-D7A31D17AB40 --><String CONTENT="A" HEIGHT="38" WIDTH="41" VPOS="3935" HPOS="1419"/>
<SP HEIGHT="39" WIDTH="28" VPOS="3935" HPOS="1461"/>
<String CS="1" CONTENT="51276;" HEIGHT="40" WIDTH="145" VPOS="3934" HPOS="1490"/>
<SP HEIGHT="47" WIDTH="31" VPOS="3934" HPOS="1659"/>
<String CONTENT="White" HEIGHT="41" WIDTH="164" VPOS="3934" HPOS="1691"/>
<SP HEIGHT="40" WIDTH="26" VPOS="3935" HPOS="1856"/>
<String CONTENT="house" HEIGHT="40" WIDTH="149" VPOS="3935" HPOS="1883"/>
<SP HEIGHT="30" WIDTH="29" VPOS="3945" HPOS="2033"/>
<String CONTENT="conference" HEIGHT="42" WIDTH="283" VPOS="3934" HPOS="2063"/>
</TextLine>
<TextLine HEIGHT="50" WIDTH="1911" VPOS="3988" HPOS="431" CS="1">
<String CONTENT="on" HEIGHT="30" WIDTH="60" VPOS="3997" HPOS="431"/>
<SP HEIGHT="29" WIDTH="28" VPOS="3999" HPOS="492"/>
<String CONTENT="child" HEIGHT="40" WIDTH="128" VPOS="3988" HPOS="521"/>
<SP HEIGHT="39" WIDTH="28" VPOS="3989" HPOS="650"/>
<String CONTENT="health" HEIGHT="39" WIDTH="167" VPOS="3989" HPOS="679"/>
<SP HEIGHT="39" WIDTH="29" VPOS="3989" HPOS="847"/>
<String CONTENT="and" HEIGHT="39" WIDTH="96" VPOS="3990" HPOS="877"/>
<SP HEIGHT="46" WIDTH="26" VPOS="3990" HPOS="974"/>
<String CONTENT="protection," HEIGHT="48" WIDTH="282" VPOS="3989" HPOS="1001"/>
<SP HEIGHT="46" WIDTH="31" VPOS="3991" HPOS="1284"/>
<String CONTENT="Ray" HEIGHT="46" WIDTH="106" VPOS="3991" HPOS="1316"/>
<SP HEIGHT="47" WIDTH="29" VPOS="3990" HPOS="1423"/>
<String CONTENT="Lyman" HEIGHT="48" WIDTH="184" VPOS="3990" HPOS="1453"/>
<SP HEIGHT="40" WIDTH="30" VPOS="3991" HPOS="1638"/>
<String CONTENT="Wilbur," HEIGHT="48" WIDTH="201" VPOS="3990" HPOS="1669"/>
<SP HEIGHT="36" WIDTH="33" VPOS="4002" HPOS="1871"/>
<String CS="1" CONTENT="M." HEIGHT="8" WIDTH="8" VPOS="4022" HPOS="1950"/>
<SP HEIGHT="28" WIDTH="31" VPOS="4002" HPOS="1959"/>
<String CS="1" CONTENT="D.," HEIGHT="15" WIDTH="22" VPOS="4023" HPOS="2023"/>
<SP HEIGHT="36" WIDTH="31" VPOS="4002" HPOS="2046"/>
<String CONTENT="chairman," HEIGHT="47" WIDTH="264" VPOS="3989" HPOS="2078"/>
</TextLine>
<TextLine HEIGHT="51" WIDTH="681" VPOS="4043" HPOS="430">
<String CONTENT="Washington." HEIGHT="50" WIDTH="333" VPOS="4043" HPOS="430"/>
<SP HEIGHT="49" WIDTH="69" VPOS="4045" HPOS="764"/>
<String CONTENT="(32-26699)" HEIGHT="50" WIDTH="277" VPOS="4044" HPOS="834"/>
</TextLine>
</TextBlock>
</PrintSpace>
</Page>
</Layout>
</alto>