2563 4368
1078 4139 134 50 1961

135 523 347 65 Agrafiotis,
513 522 176 56 Chris
713 523 72 64 J.,
817 526 171 50 1900-

211 597 1918 72 Κριτική μελέτη του Συντάγματος των Ή νωμένων πολιτειών,
135 675 1990 68 υπό Χρυσοστόμου Ίωάννου Αγραφιώτου … Manchester, N. Η.
183 761 133 50 [ ᶜ 1932]
207 831 435 45 152, [2] p . 20 ᶜᵐ .
202 881 439 51 “Πρώτη ἕ κδοσίΐ.“
209 944 129 41 Title
379 943 321 49 (translated):
773 941 203 41 Critical
1007 941 145 47 study
1186 939 53 41 of
1270 942 83 38 the
1387 939 331 41 Constitution
1752 939 51 39 of
1838 939 81 39 the
1953 939 178 38 United

140 1000 177 41 States.

143 1053 52 52 ©
230 1057 100 40 Oct.
364 1057 70 47 21,
467 1055 140 47 1932;
642 1055 66 40 2c.
743 1056 95 39 and
871 1054 83 42 aff.
989 1054 101 41 Oct.
1123 1053 82 47 24;
1241 1053 41 39 A
1316 1052 170 48 56698;
1523 1051 49 42 C.
1607 1052 44 40 J.
1685 1050 277 50 Agrafiotis,

210 1051 1904 110 Manchester,
440 1114 56 39 N.
524 1113 60 39 H.
655 1111 251 50 (33-2959)

138 1201 329 66 Anderson,
498 1201 206 55 Victor
733 1201 217 65 Vance,
984 1202 171 54 1878-

139 1273 1970 138 Psychiatry in education, by V. V. Anderson … in collaboration
140 1352 1970 150 with Willie Maude Kennedy … New York and London, Harper & brothers, 1932.
209 1508 497 48 xviii, 430 p. 21 ᶜᵐ .
212 1565 163 40 “First
399 1562 225 43 edition.”

147 1618 52 52 ©
230 1622 111 41 Dec.
372 1620 68 48 19,
472 1619 112 42 1932;
645 1621 68 40 2c.
744 1622 95 39 and
870 1618 82 41 aff.
985 1619 111 40 Dec.
1127 1618 55 40 21;
1242 1618 43 39 A
1315 1618 144 40 57554;
1519 1619 193 47 Harper
1745 1618 36 41 &
1810 1618 125 40 bros.

224 1677 249 50 (33-2501)

140 1767 252 65 Ardery,
430 1767 157 54 Julia
624 1768 166 63 Hoge
834 1766 315 65 (Spencer)
1193 1766 171 52 “Mrs.
1402 1765 258 55 William
1695 1766 436 65 Breckenridge

210 1845 290 65 Ardery,”
530 1864 178 50 comp.

211 1923 306 68 Kentucky
560 1928 162 48 court
765 1924 112 51 and
922 1923 160 52 other
1127 1923 227 52 records.
1444 1941 52 34 v.
1541 1925 48 50 2.
1664 1924 177 52 From
1884 1923 250 70 original

142 2009 161 46 court
354 2002 222 53 entries.
651 2002 189 67 Wills,
892 2002 187 66 deeds,
1132 2002 211 65 orders,
1394 2001 161 68 suits,
1608 2002 211 52 church
1870 2002 265 70 minutes,

142 2080 331 69 marriages,
525 2081 95 53 old
674 2080 194 52 Bibles
922 2080 112 52 and
1086 2080 320 52 tombstone
1454 2080 399 69 inscriptions;
1907 2082 227 54 records

143 2158 153 53 from
333 2160 258 67 Fayette,
627 2155 283 58 Jefferson
949 2158 113 53 and
1097 2157 241 54 Lincoln
1387 2156 152 70 (first
1572 2160 160 52 three
1768 2165 162 62 great
141 2178 1969 127 counties),
355 2237 172 67 Bath,

579 2236 288 68 Bourbon,
919 2235 277 68 Bracken,
1250 2236 193 68 Clark,
1495 2237 283 69 Fleming,
1830 2238 305 69 Harrison,

143 2314 248 70 Hardin,
431 2315 334 68 Jessamine,
803 2315 222 66 Mason,
1063 2313 287 69 Madison,
1387 2317 420 68 Montgomery,
1847 2317 288 71 Nicholas,

143 2393 269 69 Oldham,
448 2394 177 67 Scott,
659 2392 344 69 Woodford,
1035 2395 259 53 Warren.
1372 2394 299 68 Compiled
1707 2396 76 68 by
1816 2396 140 53 Mrs.

142 2398 1968 126 William
328 2471 422 68 Breckenridge
793 2472 243 68 Ardery.
1113 2472 342 68 Lexington,
1500 2474 132 66 Ky.,
1678 2475 121 52 The
1843 2475 292 67 Keystone

144 2549 489 69 printery [ᶜ193 2]
216 2623 646 50 2 p. l., [7]-257 p. 23½ ᶜᵐ .
219 2681 102 39 Vol.
350 2681 25 39 1
404 2680 91 39 has
523 2679 133 40 title:
688 2679 260 47 Kentucky
978 2680 208 46 records,
1216 2681 136 46 early
1381 2680 130 41 wills
1538 2681 96 40 and
1664 2681 281 50 marriages.

152 2731 52 53 ©
235 2736 111 40 Dec.
377 2736 41 48 1,
448 2735 139 47 1932;
622 2736 66 40 2c.
721 2737 96 39 and
849 2735 81 40 aff.
962 2736 110 39 Dec.
1105 2735 52 47 5;
1191 2735 41 39 A
1263 2735 170 49 57340;
1468 2737 43 39 J.
1546 2737 45 41 S.
1623 2738 201 49 Ardery,

1858 2740 154 48 Paris,
2046 2742 93 48 Ky.

147 2839 235 52 Bureau
409 2838 64 53 of
500 2836 317 65 municipal
845 2837 294 65 research,
1168 2838 426 68 Philadelphia.

216 2914 452 68 Philadelphia’s
701 2919 386 63 government,
1121 2917 152 65 1932,
1304 2934 72 33 an
1408 2915 395 69 organization
1835 2919 162 55 chart
2028 2921 112 52 and

147 2993 365 68 description,
543 2993 280 66 prepared
855 2991 76 68 by
961 2991 96 53 the
1089 2992 228 52 Bureau
1348 2992 65 52 of
1442 2993 315 69 municipal
1789 2998 255 52 research
2078 2998 63 53 of

146 3070 425 67 Philadelphia.
657 3067 442 69 [Philadelphia]
1150 3069 225 52 Bureau
1423 3070 65 52 of
1527 3072 314 69 municipal
1884 3077 255 53 research

147 3149 63 54 of
239 3145 426 69 Philadelphia,
695 3148 150 49 1932.

217 3217 818 53 viii, 99 p. fold. diagr. 22½ᶜᵐ.
155 3277 52 52 ©
243 3280 112 40 Dec.
392 3278 40 47 1,
467 3275 140 47 1932;
645 3275 67 40 2c.
749 3276 96 39 and
882 3274 81 41 aff.
1000 3275 111 41 Dec.
1148 3275 82 47 16;
1269 3276 41 39 A
1346 3277 170 48 57480;
1557 3280 195 40 Bureau
1790 3282 52 40 of
1877 3283 265 49 municipal

222 3334 239 42 research.
532 3331 248 49 (33-2835)

148 3428 281 61 Burgess,
461 3421 245 56 Charles
732 3422 79 52 M.

219 3497 1862 79 Prosperity for jobbers in 1933, by Charles M. Burgess …
157 3575 1648 75 [Detroit, National standard parts association, ᶜ193 2]
220 3648 422 53 63 p., 11. 18 ᶜᵐ .
155 3703 1972 57 © Dec. 2, 1932; 2c. and aff. Dec. 15; A 58451; Natl. standard parts assn
233 3762 251 51 (33-3588)

151 3867 215 64 Burke,
397 3866 206 61 Henry
632 3860 285 66 Gershon,
948 3866 170 50 1902-

221 3943 122 53 The
376 3939 204 55 Public
615 3937 211 54 service
860 3937 357 53 commission
1255 3938 65 53 of
1354 3939 328 71 Maryland,
1719 3946 75 68 by
1830 3948 204 74 Henry
2072 3954 68 56 G.

152 4020 208 54 Burke.
431 4016 333 66 Baltimore,
797 4014 122 53 The
950 4013 184 54 Johns
1167 4014 270 69 Hopkins
1471 4035 174 53 press,
1681 4025 150 54 1932.
