2563 4368
1085 4017 63 48 55

107 403 244 53 Indiana
393 406 182 69 (Ter.)
661 405 182 68 Lazos,
871 409 257 61 statutes,
1156 409 100 47 etc.

234 473 1866 72 … The laws of Indiana Territory, 1801-1809, edited with
106 550 1797 72 introduction by Francis S. Philbrick … published by the
103 551 1974 134 Trustees
238 631 63 53 of
327 634 95 53 the
448 630 225 56 Illinois
701 637 144 50 state
872 629 294 55 historical
1193 629 234 69 library,
1459 628 370 69 Springfield,
1859 628 242 66 Illinois,

107 712 147 47 1930.
335 707 334 67 Reprinted,
713 710 142 50 with
902 707 462 68 supplementary
1411 706 245 52 Indiana
1704 707 278 66 material,
2028 704 75 69 by

105 785 93 52 the
238 783 314 54 Historical
591 783 212 53 bureau
843 783 64 52 of
946 786 94 52 the
1082 782 246 54 Indiana
1370 783 246 70 Library
1659 782 111 52 and
1810 782 292 54 historical

104 861 372 67 department.
551 860 397 68 Indianapolis
993 859 388 70 [Springfield,
1421 860 111 68 Ill.,
1571 859 309 55 Jeffersons

107 859 1974 147 printing
232 940 44 50 &
307 938 310 69 stationery
648 956 96 49 co.]
784 940 148 51 1931.

128 1019 1960 96 9 p. l. , ix-cclxxxii p., 2 l., 741 p. 8 maps on 2 fold. l. 23ᶜᵐ. (Collections
263 1076 52 39 of
344 1076 80 40 the
455 1074 189 41 Illinois
674 1077 126 38 state
832 1075 248 41 historical
1113 1076 198 47 library,
1343 1077 89 38 vol.
1464 1087 99 29 xxi.
1627 1077 113 38 Law
1774 1077 161 40 series.
2017 1077 87 41 [vol.

148 1136 37 46 II])

177 1201 250 40 Half-title:
487 1203 203 39 Indiana
726 1201 251 41 historical
1008 1202 289 41 collections.
1358 1202 218 48 Reprint.

176 1256 140 49 Maps
343 1261 226 38 mounted
600 1269 59 28 on
689 1260 92 39 end
809 1257 333 48 lining-paper.

175 1317 42 37 A
247 1314 335 48 reproduction
614 1316 48 38 in
693 1315 197 39 modern
920 1316 113 46 type
1064 1315 51 39 of
1145 1316 106 39 text
1281 1316 95 39 and
1406 1315 272 48 title-pages
1710 1316 53 40 of
1793 1316 233 47 originals
2057 1315 51 40 of

106 1370 81 42 the
218 1371 203 40 Indiana
453 1372 132 39 laws.

177 1426 176 41 “Notes
386 1429 48 39 to
469 1426 268 49 appendix”:
802 1436 45 38 p.
880 1426 443 42 ccxxxv-cclxxxii.

178 1482 344 50 Bibliography:
581 1494 43 37 p.
663 1480 248 53 [683]-686.

116 1550 50 52 ©
206 1555 110 40 Dec.
355 1556 68 45 17,
462 1553 139 47 1931;
642 1554 66 39 2c.
748 1554 109 41 Jan.
895 1554 68 47 11,
1003 1552 139 48 1932;
1184 1553 80 40 aff.
1306 1554 108 39 Feb.
1456 1554 51 47 6;
1549 1555 42 38 A
1627 1554 171 48 46896;
1839 1554 268 41 Historical

182 1612 184 40 bureau
390 1611 51 39 of
463 1612 82 39 the
570 1610 206 40 Indiana
802 1610 186 47 library
1014 1611 95 38 and
1132 1610 252 40 historical
1412 1611 319 47 department.
1760 1610 347 49 Indianapolis,

203 1664 50 52 [©
285 1679 106 28 new
421 1668 242 47 material]
736 1666 250 48 (32-1745)

105 1773 297 62 Jameson,
433 1772 218 63 Storm,
684 1771 171 54 1897-

180 1848 154 52 That
362 1865 114 35 was
505 1848 320 68 yesterday,
856 1847 75 68 by
965 1845 194 56 Storm
1190 1847 286 54 Jameson.
1545 1847 139 53 New
1718 1847 180 68 York,
1930 1848 71 53 A.
2035 1849 71 52 A.

110 1924 224 69 Knopf,
366 1927 151 50 1932.

179 1996 718 51 4 p. l. , 3-439, [1] p. 19 ½ᶜᵐ .
183 2055 162 40 “First
374 2053 228 42 edition.”

117 2122 52 52 ©
197 2127 109 39 Feb.
335 2127 39 46 5,
401 2125 139 47 1932;
569 2126 66 39 2c.
665 2127 94 38 and
787 2125 81 40 aff.
898 2126 108 40 Feb.
1035 2125 54 39 10;
1147 2126 40 38 A
1212 2125 171 47 48410;
1414 2127 248 45 Margaret

1694 2126 159 40 Storm
1883 2127 228 40 Jameson

187 2183 263 47 Chapman,
483 2183 211 46 Whitby,
731 2182 277 47 Yorkshire,
1044 2183 236 45 England.
1351 2182 279 51 (32-26062)

106 2285 237 63 Jensen,
371 2285 146 54 Jens
543 2286 195 53 Peter.

183 2376 283 66 Property
489 2374 259 53 taxation
771 2374 60 52 in
856 2375 96 51 the
975 2374 216 54 United
1217 2373 204 68 States,
1448 2375 72 65 by
1545 2375 138 53 Jens
1709 2375 167 53 Peter
1903 2375 206 52 Jensen

175 2450 1756 69 … Chicago, Ill., The University of Chicago press [ ᶜ193 1]
182 2522 1927 50 xvi, 532 p. 21 ᶜᵐ . (Half-title: The University of Chicago studies in
113 2578 280 48 economics,
425 2579 110 47 pub.
566 2580 155 39 under
749 2579 81 41 the
862 2577 237 43 direction
1129 2579 52 41 of
1209 2580 81 40 the
1321 2580 126 48 Dept.
1495 2580 51 40 of

1574 2580 281 49 economics,
1886 2581 82 39 the
114 2582 1978 101 University
328 2635 54 41 of
413 2634 235 49 Chicago)

183 2692 377 48 Bibliography:
595 2702 44 39 p.
671 2690 219 43 493-515.

121 2762 51 52 ©
202 2767 110 39 Dec.
339 2765 68 48 29,
437 2765 111 41 1931;
606 2766 67 40 2c.
701 2766 96 39 and
826 2764 81 41 aff.
937 2767 109 39 Jan.
1074 2765 70 47 21,
1173 2764 113 41 1932;
1343 2766 41 38 A
1411 2765 145 40 46997;
1616 2766 280 47 University

1927 2767 50 40 of
188 2766 1908 106 Chicago,
354 2822 222 48 Chicago.
647 2821 280 50 (32-26099)

115 2932 205 65 Johns,
348 2932 190 65 Ralph
565 2932 210 56 Leslie.

184 3012 267 54 Business
518 3012 220 67 letters;
812 3012 306 69 functions,
1187 3011 326 69 principles,
1581 3011 389 69 composition,
2039 3013 71 69 by

117 3088 1997 70 Ralph Leslie Johns … New York, Chicago [etc. ] The Gregg
116 3166 869 72 publishing company [ ᶜ193 2]
186 3246 954 49 xi, 347 p. incl. illus., forms. 21 ᶜᵐ .
187 3303 349 49 Bibliography:
596 3314 43 38 p.
669 3304 217 41 337-339.

125 3373 51 52 ©
206 3378 108 39 Jan.
344 3377 68 46 16,
441 3376 139 47 1932;
611 3376 66 40 2c.
708 3378 95 38 and
832 3376 81 40 aff.
945 3377 109 41 Jan.
1083 3376 81 42 20;
1197 3377 40 37 A
1265 3376 171 45 47075;
1471 3377 159 47 Gregg
1657 3376 278 48 publishing
1965 3386 67 29 co.

203 3433 249 48 (32-2210)

120 3534 170 66 Kaib,
321 3536 208 53 Daniel
559 3537 238 63 Joseph,
831 3542 171 49 1869-

189 3618 406 68 Bookkeeping
639 3618 92 52 for
776 3619 196 66 parish
1016 3617 232 69 priests;
1296 3640 29 32 a
1371 3617 230 54 treatise
1644 3636 71 34 on
1761 3616 353 70 accounting,

121 3694 249 53 business
406 3694 179 53 forms
621 3696 112 51 and
767 3695 254 53 business
1057 3697 127 66 law,
1220 3696 268 66 designed
1528 3695 93 51 for
1658 3696 94 50 the
1789 3712 95 34 use
1919 3694 63 52 of
2019 3695 95 52 the

124 3770 256 54 Catholic
403 3772 189 69 clergy
617 3772 111 53 and
753 3791 59 34 as
835 3792 29 32 a
887 3771 290 53 text-book
1200 3773 60 51 in
1285 3771 340 70 seminaries,
1650 3772 70 69 by
1747 3773 135 52 Rev.
1909 3771 204 51 Daniel

121 3847 1992 71 J. Kaib … 3d, rev. and enl., ed. Latrobe, Pa., The Archabbey
123 3943 170 49 press,
327 3928 149 49 1931.
