2563 4368
1274 4078 135 50 1504

322 463 239 66 Joseph,
589 464 138 54 Mrs.
757 462 184 53 Helen
980 459 316 67 (Haiman)

391 539 179 55 Little
598 539 109 52 Mr.
744 537 196 55 Clown;
1001 536 95 53 the
1127 535 339 53 adventures
1494 532 63 54 of
1587 553 31 34 a
1650 530 350 69 marionette,
2029 530 74 69 by
2135 528 186 54 Helen

323 617 255 54 Haiman
610 615 242 68 Joseph;
889 613 141 53 with
1065 609 288 70 drawings
1384 611 74 68 by
1490 609 296 68 Margaret
1820 609 290 53 Freeman.
2182 606 136 54 New

327 693 176 68 York,
533 694 309 65 Harcourt,
872 691 179 51 Brace
1083 689 112 52 and
1227 705 278 49 company
1616 689 118 64 [ᶜ1932]

394 758 1145 54 xvi, 190 p. incl. front., illus., plates. 20 ᶜᵐ.
330 835 51 51 ©
414 839 125 46 Sept.
572 839 38 44 1,
641 835 113 41 1932;
812 837 67 38 2c.
910 837 94 37 and
1035 833 81 40 aff.
1150 834 126 47 Sept.
1308 832 81 47 10;
1422 832 40 38 A
1492 831 170 46 55043;
1697 832 260 46 Harcourt,
1990 831 154 38 Brace
2176 830 35 39 &
2241 838 82 38 co.,

397 895 91 40 inc.
558 892 279 49 (32-28839)

326 998 276 64 Knevels,
638 996 310 55 Gertrude.

400 1072 118 54 Out
549 1072 62 53 of
641 1072 96 52 the
769 1070 145 53 dark
951 1071 111 68 [by]
1101 1068 283 55 Gertrude
1417 1068 262 52 Knevels.
1748 1065 424 69 Philadelphia,
2204 1066 121 54 The

329 1148 1044 70 Penn publishing company [ ᶜ1 932]
397 1221 101 49 viii,
533 1221 144 41 9-312
712 1232 44 37 p.
819 1220 58 40 19½cm

333 1286 51 51 ©
418 1290 126 47 Sept.
574 1288 70 48 30,
673 1287 114 41 1932;
845 1288 69 39 2c.
944 1289 95 38 and
1071 1287 80 39 aff.
1185 1287 100 39 Oct.
1317 1285 82 47 12;
1431 1286 40 38 A
1502 1284 170 47 56426;
1706 1286 131 39 Penn
1869 1284 109 49 pub.
2009 1295 67 30 co.

411 1344 279 49 (32-28828)

330 1450 204 66 Lamb,
571 1450 177 53 Peter
784 1449 65 55 O.

401 1526 120 51 The
547 1525 126 68 sign
698 1524 63 53 of
785 1524 96 53 the
904 1521 215 54 buffalo
1147 1522 166 68 skull,
1339 1522 95 52 the
1461 1528 155 62 story
1642 1520 63 54 of
1732 1519 121 56 Jim
1879 1519 265 68 Bridger,
332 1519 1972 137 frontier

480 1607 171 62 scout,
691 1602 74 67 by
804 1601 169 52 Peter
1012 1598 67 55 O.
1120 1599 208 67 Lamb;
1370 1599 142 54 with
1551 1598 262 55 fourteen
1850 1596 377 55 illustrations
2268 1596 61 53 in

327 1678 502 56 black-and-white
847 1678 75 68 by
943 1677 193 54 James
1159 1676 351 69 Daugherty.
1569 1675 136 53 New
1731 1674 177 69 York,
1930 1672 306 56 Frederick
2257 1674 71 53 A.

335 1757 200 54 Stokes
566 1772 294 51 company,
892 1757 150 50 1932.

403 1825 1103 50 xi, 288 p. incl. front., illus., plates. 19 ᶜᵐ.
338 1884 51 51 ©
417 1888 125 47 Sept.
566 1886 69 49 19,
658 1885 113 41 1932;
825 1886 66 39 2c.
916 1886 95 38 and
1035 1885 81 38 aff.
1143 1885 126 47 Sept.
1295 1884 54 40 23;
1404 1886 40 37 A
1468 1885 141 39 56013;
1664 1886 51 39 P.
1742 1886 51 39 O.
1819 1885 162 40 Lamb.
2009 1883 321 49 Bedminster,

455 1976 7 7 N.
497 1944 41 39 J.
611 1942 278 49 (32-26905)

335 2043 286 66 Larimer,
651 2045 183 63 Loyal
861 2043 276 65 Herbert,
1170 2046 168 52 1869-
1551 2043 85 54 ed.

406 2120 212 69 Gospel
644 2119 312 70 preaching
984 2120 93 54 for
1105 2120 95 54 the
1228 2123 111 66 day;
1398 2139 249 36 sermons
1676 2121 93 53 for
1798 2122 94 52 the
1923 2121 264 68 Sundays
2216 2122 112 53 and

336 2198 184 67 major
546 2199 259 53 festivals
830 2198 64 53 of
916 2200 95 51 the
1036 2199 210 52 church
1269 2217 151 48 year,
1445 2199 75 67 by
1543 2199 292 52 Lutheran
1860 2206 250 60 pastors;
2142 2199 187 54 edited

337 2274 1992 71 by the Rev. L. H. Larimer … the Rev. John C. Seegers … and
338 2353 1967 146 the Rev. Frederick A. Bowers … v. 1. From the first Sunday
493 2433 57 51 in
590 2433 232 51 Advent
861 2438 59 46 to
958 2432 96 52 the
1097 2431 236 69 Sunday
1375 2431 151 53 after
1566 2433 328 53 Ascension.
1969 2434 138 52 New
2150 2433 179 68 York,

341 2511 839 67 N. Y., Falcon press [ ᶜ1 932]
412 2585 62 46 ix,
504 2584 87 40 278
619 2595 43 37 p.
718 2584 55 38 21ᶜᵐ.

346 2637 51 51 ©
429 2641 123 47 Sept.
581 2639 54 41 23,
677 2639 140 47 1932;
846 2640 66 39 2c.
944 2639 126 47 Sept.
1097 2639 55 39 26;
1210 2640 81 40 aff.
1322 2640 126 48 Sept.
1475 2641 83 47 28;
1587 2642 41 38 A
1656 2642 143 40 56190;
1859 2642 177 40 Falcon
2065 2651 148 39 press,
2243 2643 90 39 inc.

424 2696 278 48 (32-28930)

344 2799 354 63 Larrimore,
734 2798 163 56 Lida.

414 2874 186 54 Robin
652 2873 129 53 Hill
858 2873 72 67 [by]
1008 2873 143 52 Lida
1207 2875 338 53 Larrimore.
1637 2876 421 70 Philadelphia,
2108 2877 226 53 Macrae

346 2952 189 54 Smith
564 2969 293 49 company,
888 2952 148 50 1932.

414 3020 571 51 3 p. l ., [9]-266 p. 19½ᶜᵐ.
416 3080 162 39 “First
612 3077 226 41 edition.”

350 3136 51 51 ©
435 3139 126 47 Sept.
591 3137 70 48 26,
691 3136 111 41 1932;
862 3137 66 38 2c.
961 3137 101 39 Oct.
1091 3138 54 38 11;
1206 3138 80 38 aff.
1318 3139 101 39 Oct.
1450 3139 54 39 12;
1565 3142 41 37 A
1636 3140 142 41 56433;
1839 3142 209 47 Macrae,
2081 3141 157 41 Smith
2268 3151 68 30 co.

428 3194 277 50 (32-28974)

347 3298 157 63 Law,
536 3298 305 63 Margaret
872 3294 282 66 Lathrop.

418 3372 257 53 Horizon
709 3372 207 66 smoke,
952 3371 75 67 by
1059 3372 295 67 Margaret
1389 3375 258 67 Lathrop
1683 3377 154 52 Law.
1910 3375 424 67 Philadelphia,

348 3450 119 64 Pa.,
496 3451 212 63 Poetry
737 3448 336 68 publishers,
1106 3451 149 51 1932.

420 3521 56 42 68
504 3533 44 38 p.
606 3520 56 40 22ᶜᵐ.

421 3577 182 42 Poems.

354 3631 51 51 ©
443 3635 128 47 Sept.
604 3634 56 39 24,
709 3632 138 46 1932;
885 3633 66 39 2c.
988 3632 94 39 and
1118 3632 80 39 aff.
1236 3633 101 40 Oct.
1375 3636 51 45 5;
1463 3637 40 37 A
1538 3637 170 47 56224;
1747 3639 63 39 M.
1846 3639 52 39 L.
1933 3640 129 46 Law,
2102 3638 235 41 Chestnut

421 3690 117 46 Hill,
567 3692 81 35 Pa.
721 3688 277 47 (32-28951)

353 3789 311 65 Leighton,
693 3789 167 55 Clare
888 3788 287 55 Veronica
1203 3791 182 66 Hope,
1416 3798 171 49 1900-

421 3866 120 51 The
580 3864 234 53 musical
852 3864 125 67 box,
1015 3863 75 68 by
1130 3863 165 55 Clare
1333 3867 295 67 Leighton.
1706 3869 255 67 London,
2000 3870 135 52 New
2176 3869 160 52 York

375 3939 1194 71 [etc.] Longmans, Green and co. [ ᶜ1 932]
424 4010 587 51 [32] p. illus. 22 × 27½ ᶜᵐ.
