2563 4368
1277 4103 137 52 1824

427 552 675 49 1 p. l., 5-16 p. port. 19½ᶜᵐ.
429 609 181 42 Poems.

359 676 51 53 ©
444 681 117 40 Nov.
595 681 69 47 21,
699 680 112 40 1932;
874 679 67 41 2c.
976 680 111 40 Dec.
1165 690 9 36 8;
1210 679 81 40 aff.
1328 679 110 41 Dec.
1473 678 28 40 9;
1563 680 38 38 A
1635 678 142 41 57391;
1844 679 211 41 Costella
2093 679 53 40 G.
425 678 1905 105 Washburn,

592 737 192 46 Orford,
813 737 55 39 N.
899 737 59 38 H.
1030 735 279 48 (32-34504)

356 837 390 67 Washington
791 840 216 67 (State)
1092 839 183 59 Laws,
1305 844 258 61 statutes,
1592 846 101 46 etc.

424 917 392 68 Remington’s
873 917 219 53 revised
1148 922 237 49 statutes
1443 918 63 52 of
1560 917 401 68 Washington,
2019 917 325 67 annotated,

355 995 258 69 showing
643 998 73 52 all
747 1002 238 48 statutes
1015 996 58 52 in
1104 996 155 52 force
1290 1001 58 47 to
1376 996 112 52 and
1518 995 299 70 including
1844 996 96 52 the
1968 995 209 54 session
2206 997 138 54 laws

353 1074 1966 146 of 1931, by Hon. Arthur Remington … v. 7-9 … San Francisco,
549 1153 583 58 Bancroft-Whitney
1165 1170 297 51 company,
1496 1156 149 51 1932.

422 1228 210 41 3 v. 23½ ᶜᵐ.
429 1286 105 38 Seal
565 1284 51 40 of
645 1285 81 40 the
751 1286 128 38 state
907 1283 53 41 of
992 1283 314 46 Washington
1335 1283 223 41 included
1588 1284 49 39 in
1665 1285 117 39 each
1811 1285 202 39 volume.

359 1351 51 52 ©
443 1356 111 39 Dec.
586 1355 69 48 21,
686 1355 140 46 1932;
859 1356 65 37 2c.
959 1355 117 39 each
1109 1355 110 39 Dec.
1252 1355 82 46 27;
1368 1354 108 41 affs.
1510 1355 112 40 Dec.
1652 1354 82 47 30;
1768 1356 41 38 A
1842 1354 347 47 57655-57657;

425 1356 1905 104 Bancroft-Whitney
842 1424 66 27 co.
990 1408 54 52 [©
1083 1411 246 41 additions
1370 1412 95 39 and
1510 1411 248 50 revisions]

354 1515 194 65 Wells,
578 1517 184 52 Amos
787 1517 230 54 Russel.

485 1592 1857 68 … Select notes on the International Sunday school lessons,
354 1671 1988 68 improved uniform series: course for 1933 … By Amos R.
352 1749 1966 148 Wells … 59th annual volume. Boston, W. A. Wilde company [ ᶜ1 932 ]
426 1901 1356 51 378 p. fronts, illus., col. plates, maps, diagr. 22½ ᶜᵐ.
358 1968 51 53 ©
438 1973 125 48 Sept.
588 1973 40 46 5,
653 1972 113 40 1932;
820 1973 66 38 2c.
914 1973 109 40 Dec.
1049 1972 82 48 29;
1159 1972 80 41 aff.
1267 1973 110 40 Dec.
1401 1972 83 47 28;
1512 1973 39 38 A
1577 1973 170 46 57633;
1775 1974 54 39 A.
1903 2004 8 8 R.
1938 1973 162 42 Wells,
425 1973 1902 103 Auburndale,

576 2031 143 38 Mass.

353 2134 291 64 Wootten,
677 2134 138 53 Mrs.
847 2133 293 53 Kathleen
1174 2133 345 55 Wilkinson.

421 2210 215 53 Health
671 2210 297 51 education
1002 2209 309 67 activities;
1345 2227 192 35 source
1569 2211 146 51 book
1745 2209 64 52 of
1839 2210 300 66 suggested
354 2210 1968 131 activities
519 2288 60 51 in

620 2285 192 54 health
856 2286 317 68 education,
1212 2287 203 68 grades
1477 2320 144 35 I-XII,
1660 2287 75 67 by
1776 2285 286 54 Kathleen
351 2282 1970 136 Wilkinson
489 2366 267 53 Wootten
804 2364 164 67 (Mrs.

351 2362 1996 148 Henry Stewart Wootten) … New York city, The National tuberculosis
1363 2441 562 68 association [ ᶜ1 932]
457 2547 9 17 x,
494 2515 88 42 278
606 2527 44 37 p.
709 2516 25 39 1
762 2516 128 39 illus.
951 2514 116 42 21ᶜᵐ.

423 2573 223 40 Includes
676 2570 392 50 bibliographies.

355 2638 51 53 ©
437 2644 118 40 Nov.
585 2643 67 47 10,
684 2642 112 41 1932;
855 2643 68 40 2c.
953 2643 118 40 Nov.
1102 2643 53 39 17;
1217 2642 81 40 aff.
1329 2643 118 40 Nov.
1477 2643 82 47 22;
1593 2644 40 38 A
1663 2642 169 48 58038;
1865 2642 229 41 National
425 2640 1902 100 tuberculosis
566 2711 126 30 assn.
764 2699 279 48 (32-34221)

352 2801 270 66 Worden,
653 2802 203 66 Helen,
887 2807 170 51 1896-

422 2881 121 52 The
577 2881 117 52 real
729 2880 139 53 New
905 2881 187 66 York;
1133 2900 31 33 a
1199 2880 171 68 guide
1406 2880 94 53 for
1534 2881 95 53 the
1664 2881 382 53 adventurous
2081 2881 263 68 shopper,

352 2959 95 52 the
483 2958 366 67 exploratory
885 2963 152 48 eater
1073 2959 113 52 and
1221 2959 94 52 the
1349 2956 347 56 know-it-all
1731 2956 276 70 sightseer
2042 2959 126 53 who
2205 2957 140 53 ain’t

351 3053 129 36 seen
506 3034 221 55 nothin’
753 3040 112 63 yet,
892 3034 75 69 by
994 3035 185 54 Helen
1206 3033 267 56 Worden.
1538 3028 415 75 Indianapolis,
1981 3036 121 54 The
351 3034 1991 132 Bobbs-Merrill

613 3115 515 65 company [ ᶜ1 932]
422 3185 735 49 8 p. l., 19-401 p. illus. 22 ᶜᵐ.
423 3242 286 40 Illustrated
738 3241 361 49 lining-papers.

357 3308 51 52 ©
445 3313 116 39 Nov.
599 3311 69 48 30,
705 3312 138 46 1932;
882 3312 66 40 2c.
987 3313 109 38 Dec.
1134 3311 52 48 2;
1227 3312 81 41 aff.
1346 3313 110 39 Dec.
1493 3314 52 45 3;
1586 3313 39 39 A
1661 3312 169 48 58236;
1871 3314 59 39 H.
1969 3313 221 47 Worden,
2227 3314 116 40 New

424 3369 142 39 York.
637 3368 277 47 (32-34645)

353 3470 212 66 Zweig,
592 3472 241 64 Arnold,
865 3474 168 53 1887-

484 3547 1858 70 … Young woman of 1914; translated from German by Eric
356 3625 222 54 Sutton.
655 3625 136 52 New
821 3623 177 67 York,
1025 3626 119 52 The
1171 3625 220 67 Viking
1418 3644 172 49 press,
1619 3627 150 51 1932.

423 3695 1083 50 viii, 346 p., 1 l. 1 illus. (music) 21½ᶜᵐ.
422 3752 118 40 This
572 3753 121 39 book
726 3753 224 47 precedes
984 3754 80 38 the
1096 3750 217 43 author’s
1346 3752 321 50 unpublished
1701 3754 139 40 novel
1873 3750 270 43 Education
2176 3753 164 41 before

357 3809 206 46 Verdun,
604 3808 157 41 which
799 3808 41 41 is
881 3808 227 41 intended
1149 3812 47 38 to
1237 3810 55 41 be
1330 3810 82 41 the
1450 3808 108 43 first
1595 3809 54 41 of
1684 3820 29 30 a
1752 3807 164 51 series,
1956 3809 81 40 the
2075 3810 174 40 second
2286 3810 53 41 of

355 3863 156 41 which
545 3864 41 40 is
620 3865 101 39 The
754 3875 110 29 case
897 3865 51 40 of
983 3864 233 48 Sergeant
1253 3864 216 49 Grischa,
1505 3866 49 39 to
1586 3865 57 42 be
1674 3865 227 41 followed
1934 3866 61 48 by
2026 3865 102 41 The
353 3876 1968 92 crowning
462 3920 52 40 of
540 3931 28 29 a
597 3920 129 48 king.

357 3977 51 53 ©
439 3982 109 41 Dec.
577 3983 40 46 3,
648 3984 111 39 1932;
818 3986 65 39 2c.
914 3984 111 41 Dec.
1056 3984 27 40 6;
1140 3983 83 41 aff.
1253 3983 111 39 Dec.
1395 3985 26 38 5;
1480 3984 42 39 A
1549 3984 143 41 57343;
1751 3983 179 51 Viking
1956 3994 151 39 press,
2137 3985 90 40 inc.

435 4037 277 50 (32-33840)
