2563 4368
1043 4073 98 50 621

164 539 162 41 “First
354 539 225 41 edition.”

98 592 51 53 ©
178 597 111 47 Apr.
319 595 69 48 22,
418 595 112 41 1932;
589 596 67 40 2c.
685 595 114 48 Apr.
828 595 82 46 23;
943 593 82 42 aff.
1055 594 112 48 Apr.
1197 593 83 48 29;
1313 595 39 38 A
1382 593 169 48 51096;
1585 595 70 39 W.
1688 592 227 49 Deeping,
166 593 1897 108 Weybridge,

381 653 192 48 Surrey,
609 653 235 47 England.
914 650 279 50 (32-26439)

94 754 286 65 Donham,
407 752 253 57 Wallace
687 755 193 65 Brett,
911 755 171 55 1877-

160 830 267 53 Business
455 830 158 53 looks
642 835 59 48 at
729 831 95 52 the
852 830 354 68 unforeseen,
1231 829 75 70 by
1334 829 253 56 Wallace
1618 830 167 52 Brett
1813 829 268 53 Donham

91 906 1965 148 … New York, Whittlesey house, McGraw-Hill book company,
290 985 126 68 inc.,
450 987 149 51 1932.

160 1057 63 49 ix,
255 1058 85 41 209
369 1070 44 38 p.
473 1058 53 40 23½ᶜᵐ.
734 1058 129 50 $2.50

161 1116 159 41 “First
353 1116 226 41 edition.”

98 1168 54 53 ©
177 1173 111 47 Apr.
318 1173 68 47 18,
415 1172 113 42 1932;
583 1172 68 42 2c.
680 1175 94 38 and
803 1173 82 43 aff.
915 1174 112 47 Apr.
1055 1173 54 39 21;
1167 1174 39 38 A
1233 1173 144 41 49637;
1436 1174 71 40 W.
1537 1174 53 40 B.
1620 1173 236 47 Donham,
1887 1172 195 40 Boston.

175 1229 277 50 (32-26341)

93 1332 277 66 Douglas,
404 1335 99 53 Sir
535 1334 220 54 Robert
789 1335 359 64 Kennaway,
1186 1340 323 50 1838-1913.

221 1409 1862 71 … China, by Sir Robert K. Douglas … with special article,
91 1487 139 52 Late
272 1494 191 46 events
507 1489 110 52 and
663 1494 227 63 present
931 1488 337 68 conditions,
1311 1489 76 69 by
1428 1489 291 54 Jeremiah
1764 1489 90 54 W.
1903 1488 179 54 Jenks

153 1565 1961 71 … [Memorial ed.] New York, P. F. Collier & son company-
169 1645 117 64 [ᶜ1932]

163 1715 1918 51 xiii, 358 p. front., illus. (maps) plates (1 col.) port. 23 ᶜᵐ. (The
91 1771 1640 50 history of nations, H. G. Lodge … editor-in-chief, vol. VI)
162 1828 329 48 Frontispiece
522 1831 93 39 and
645 1830 188 40 colored
861 1830 132 47 plate
1022 1831 339 46 accompanied
1391 1830 60 47 by
1482 1831 153 46 guard
1667 1830 160 39 sheets
1859 1830 118 39 with
92 1831 1971 102 descriptive

349 1886 296 48 letterpress.

163 1941 143 40 “War
340 1943 94 39 and
467 1942 457 42 nationalism—the
960 1942 204 41 Chinese
1201 1942 225 48 republic.
1489 1941 275 51 1911-1927,
1799 1942 61 49 by
1896 1941 188 49 Quincy

91 1997 217 48 Wright”:
366 2008 42 38 p.
436 1998 219 42 327-342.

163 2053 174 42 “Later
369 2055 190 48 phases.
595 2054 274 48 1927-1932,
904 2055 63 49 by
1000 2055 156 41 Adam
1190 2054 177 42 Ward”:
1433 2065 45 38 p.
1513 2054 218 41 343-350.

162 2110 372 49 Bibliography:
564 2122 43 38 p.
642 2110 246 53 [351]-358.

101 2164 50 52 ©
177 2170 112 47 Apr.
314 2171 38 46 1,
378 2168 113 42 1932;
543 2170 68 40 2c.
638 2171 113 47 May
777 2170 25 40 3;
858 2169 81 41 aff.
966 2171 113 47 Apr.
1105 2170 56 40 30;
1215 2170 41 39 A
1280 2168 145 43 49817;
1481 2171 49 40 P.
1558 2170 50 39 F.
1638 2169 177 42 Collier
1842 2170 36 40 &
1904 2180 85 29 son
2016 2178 67 30 co.

171 2221 69 54 [©
265 2237 104 29 new
396 2226 225 40 material
647 2227 95 39 and
771 2225 250 49 revisions]
1093 2226 278 48 (32-12651)

98 2312 400 69 Drawbridge,
539 2315 257 64 Cyprian
837 2317 336 64 Leycester,
1214 2320 170 51 1868-
1597 2316 82 54 ed.

161 2392 120 53 The
321 2392 241 69 religion
603 2394 65 52 of
707 2393 300 69 scientists,
1043 2394 172 68 being
1253 2399 189 48 recent
1480 2394 262 67 opinions
1784 2392 297 68 expressed

93 2469 73 67 by
204 2475 112 48 two
352 2471 262 53 hundred
654 2471 219 53 fellows
914 2471 64 54 of
1014 2472 95 52 the
1146 2473 185 66 Royal
1370 2471 212 67 society
1619 2490 72 34 on
1729 2471 96 52 the
1863 2471 219 66 subject

93 2546 62 52 of
188 2546 241 70 religion
465 2548 112 53 and
611 2548 297 69 theology;
945 2548 189 54 edited
1169 2549 75 68 by
1278 2548 64 56 C.
1377 2550 64 52 L.
1476 2548 398 67 Drawbridge,
1965 2591 9 9 M.
2052 2589 29 25 A.,

93 2641 71 34 on
188 2624 195 53 behalf
411 2626 63 53 of
499 2626 95 53 the
623 2626 294 55 Christian
943 2625 263 54 evidence
1233 2626 227 68 society.
1521 2626 258 66 London,
1806 2627 68 52 E.
1903 2628 179 64 Benn,

91 2703 102 53 ltd.
233 2706 171 64 [1932]

166 2775 83 40 160
277 2787 44 38 p.
379 2775 57 40 21½ᶜᵐ.

167 2830 204 42 “Names
398 2833 94 39 and
523 2831 321 49 descriptions
873 2832 51 41 of
951 2832 188 41 fellows
1168 2833 50 40 of
1246 2834 81 40 the
1358 2833 155 48 Royal
1540 2832 182 49 society
1749 2833 304 41 mentioned”:

95 2898 43 37 p.
170 2888 213 42 150-158.

105 2941 1983 53 © 1c. Apr. 13, 1932; A ad int. 16276; pubd. Mar. 4; Macmillan co., New
170 3003 142 39 York.
381 3002 279 50 (32-11999)

103 3092 139 65 Faÿ,
271 3093 284 66 Bernard,
587 3098 170 50 1893-

230 3171 1856 68 … Georges Washington, gentilhomme. Paris, B. Grasset
105 3251 189 64 [ ᶜ1 932]
171 3320 1087 51 2 p. l. , [7]-315 p., 2 l. front. (map) 21ᶜᵐ.
173 3377 258 41 Published
457 3379 103 39 also
587 3379 50 39 in
667 3378 217 48 English.

176 3433 259 42 “Sources”:
497 3445 43 37 p.
576 3433 247 51 [301]-315.

108 3486 1962 110 © Jan. 8, 1932; 1c. Mar. 21; A—Foreign 16206; Editions Bernard Grasset. (32-11430)
111 3635 336 67 [Ferguson,
477 3636 252 56 William
758 3636 161 54 Blair
947 3638 254 66 Morton]
1237 3641 170 51 1882-

174 3713 120 52 The
341 3731 121 34 case
508 3714 64 52 of
623 3713 218 69 Caspar
890 3713 195 69 Gault,
1130 3713 75 70 by
1253 3714 260 56 William
1560 3716 232 52 Morton
1862 3712 216 70 [pseud.]

107 3790 252 68 London,
386 3792 186 52 Hurst
595 3795 45 50 &
665 3791 282 67 Blackett,
973 3792 104 54 ltd.
1109 3794 173 65 [1932]

177 3863 712 50 2 p. l. , ix-x, 11-288 p. 19½ᶜᵐ.
112 3914 1975 55 © 1c. Apr. 22, 1932; A ad int. 16321; pubd. Feb. 26; W. B. M. Ferguson,
178 3975 330 47 Portstewart,
541 3976 188 48 County
763 3977 169 50 Derry,
965 3978 209 38 Ireland.
1245 3977 278 48 (32-11945)
