2563 4368
1077 4036 102 49 335

136 434 245 67 Tomlin,
411 434 261 66 Charles,
704 439 170 51 1853-

203 510 228 55 Tomlin
456 512 338 67 genealogy;
824 510 333 55 Greenwich
1182 508 286 68 township
1493 508 215 53 branch
1734 507 112 53 and
135 503 1964 143 Heislerville

302 588 230 67 branch,
567 588 280 68 compiled
879 586 76 69 by
991 586 234 54 Charles
1262 585 245 54 Tomlin.
1582 585 156 68 Cape
1771 585 139 67 May
1945 586 179 55 Court

134 666 212 68 House,
371 667 71 52 N.
468 666 74 66 J.,
572 667 149 50 1932.

203 738 338 49 19 p. 23½ ᶜᵐ .
142 803 51 52 ©
225 807 110 41 Feb.
366 807 68 41 10,
466 805 113 41 1932;
639 806 68 42 2c.
737 805 95 42 and
864 805 82 41 aff.
981 805 109 39 Feb.
1121 805 55 40 23;
1238 805 40 39 A
1309 804 144 41 48900;
1515 804 48 40 C.
1596 803 204 48 Tomlin,
1836 804 126 48 Cape
1996 805 127 46 May,

211 863 54 40 N.
296 864 44 40 J.
410 862 250 49 (32-0652)

137 962 388 67 Turkington,
557 963 185 55 Grace
770 963 181 64 Alice,
983 965 170 54 1879-

266 1036 1855 75 … My country. 2d rev. ed. By Grace A. Turkington;
135 1115 367 70 frontispiece
525 1118 62 51 in
611 1119 152 52 color
787 1118 77 67 by
886 1119 71 52 N.
984 1118 64 55 C.
1073 1118 228 68 Wyeth.
1364 1120 233 64 Boston,
1622 1119 140 52 New
1788 1117 161 53 York
1998 1123 120 60 [etc.]

133 1193 830 70 Ginn and company [ ᶜ19 32]
238 1264 1278 55 v, [1], 450 p. col. front., illus. (incl. map) 19 ᶜᵐ .
205 1323 64 40 At
294 1323 124 41 head
444 1323 51 40 of
519 1323 109 40 title:
683 1324 40 37 A
747 1322 231 43 textbook
1002 1324 51 39 in
1078 1323 147 41 civics
1250 1324 96 40 and
1371 1323 279 49 patriotism
1675 1324 80 40 for
1780 1335 159 38 young
134 1321 1975 103 Americans.

144 1433 51 52 ©
232 1437 120 40 Mar.
387 1438 38 46 1,
460 1437 113 39 1932;
636 1436 67 41 2c.
738 1436 121 42 Mar.
894 1436 26 40 9;
984 1436 81 40 aff.
1102 1438 122 39 Mar.
1259 1437 25 41 7;
1348 1438 41 38 A
1421 1437 144 40 48864;
1632 1437 52 41 G.
1720 1438 55 40 A.
1809 1438 317 49 Turkington,

213 1494 195 40 Boston.
478 1493 248 48 (32-6582)

140 1594 314 55 Unamuno
478 1611 40 48 y
544 1594 171 65 Jugo,
745 1593 220 66 Miguel
994 1594 87 66 de,
1112 1601 170 49 1864-

206 1670 257 68 Ensayos
485 1690 40 48 y
550 1670 309 55 sentencias
884 1670 68 53 de
978 1671 305 54 Unamuno;
1342 1670 190 55 edited
1556 1670 141 53 with
1725 1670 403 70 introduction,

137 1744 1991 74 notes, and vocabulary by Wilfred A. Beardsley … New York,
137 1823 122 54 The
291 1822 330 55 Macmillan
657 1840 293 52 company,
987 1826 149 49 1932.

206 1892 1919 55 vii, 149 p. front. (port.) 18 ᶜᵐ . (Lettered on cover: The Macmillan
136 1949 237 51 Hispanic
402 1950 175 47 series)

205 2006 348 49 Bibliography:
614 2018 42 37 p.
686 2007 156 41 13-17.

146 2063 50 51 ©
227 2067 110 41 Feb.
364 2067 69 48 16,
462 2066 111 41 1932;
631 2067 66 38 2c.
728 2066 108 43 Feb.
866 2067 54 39 17;
979 2066 81 42 aff.
1091 2067 108 39 Feb.
1231 2067 55 41 18;
1345 2067 38 39 A
1411 2068 142 40 48546;
1615 2068 280 42 Macmillan
1924 2081 66 29 co.

222 2122 250 49 (32-6794)

141 2225 176 63 Very,
345 2225 220 64 Pierre,
598 2228 170 52 1900-

270 2299 1858 73 … Les métamorphoses. Paris, Gallimard, La Nouvelle
136 2396 169 35 revue
335 2378 284 65 française
654 2382 171 65 [1931]

206 2451 783 52 4 p. l., [11]-202 p., 2 l. 19 ᶜᵐ .
146 2504 1929 57 © Oct. 29, 1931; 1c. Dec. 21; A—Foreign 14926; Librairie Gallimard.
224 2564 248 49 (32-7232)

141 2663 265 69 Viereck,
439 2667 226 66 George
694 2668 322 67 Sylvester,
1051 2676 169 50 1884-

209 2743 120 52 The
374 2743 307 55 invincible
725 2747 192 54 Adam
985 2749 92 67 [by]
1128 2748 221 71 George
1397 2751 289 66 Sylvester
1729 2750 241 56 Viereck
2016 2754 109 51 and

138 2819 1617 78 Paul Eldridge. New York, Liveright, inc. [ ᶜ19 32]
208 2893 928 52 4 p. l., vii-xii p., 1 l., 451 p. 21 ᶜᵐ .
147 2945 51 52 ©
229 2952 121 40 Mar.
380 2952 40 47 1,
450 2951 112 41 1932;
621 2952 67 41 2c.
720 2955 121 39 Mar.
872 2955 55 38 14;
988 2954 82 42 aff.
1102 2956 120 40 Mar.
1254 2955 55 41 12;
1369 2956 41 39 A
1439 2956 145 41 49094;
1644 2959 190 40 Horace
1866 2958 261 50 Liveright,

214 3005 88 42 inc.
374 3008 249 49 (32-6655)

141 3107 265 66 Warner,
438 3109 244 56 Charles
711 3112 184 54 Bond.

205 3181 245 70 History
483 3185 63 53 of
580 3187 142 53 Port
756 3187 220 70 Henry,
1010 3191 72 52 N.
1117 3192 90 65 Y.,
1242 3191 76 67 by
1351 3194 104 51 Dr.
1491 3193 235 55 Charles
1763 3196 69 51 B.
1865 3194 260 66 Warner,

139 3258 64 55 C.
250 3260 249 54 Eleanor
547 3263 160 68 Hall,
756 3265 432 70 collaborating.
1271 3269 277 67 Rutland,
1597 3272 115 65 Vt.,
1760 3271 121 53 The
1931 3273 195 51 Tuttle

133 3354 295 51 company,
473 3341 152 52 1931.

209 3393 1024 70 182 p. incl. front. (port.) illus. 24 ᶜᵐ .
211 3462 145 44 “This
384 3466 42 40 is
455 3477 28 29 a
513 3466 186 42 limited
729 3468 184 43 edition
942 3471 51 40 of
1022 3472 156 41 which
1207 3473 100 43 this
1335 3475 43 40 is
1406 3477 201 40 number
1634 3475 128 43 493.”

146 3517 52 52 ©
225 3522 128 49 Sept.
378 3523 69 42 15,
473 3523 139 47 1931;
639 3525 68 42 2c.
731 3527 94 41 and
852 3528 82 40 aff.
961 3529 110 40 Feb.
1098 3531 68 45 18,
1193 3529 140 48 1932;
1361 3532 40 39 A
1426 3532 171 47 48559;
1627 3533 132 43 First
1786 3535 343 47 Presbyterian

212 3578 195 47 church,
433 3580 116 40 Port
574 3581 179 48 Henry,
778 3583 56 39 N.
861 3585 53 39 Y.
983 3584 252 50 (32-6552)

140 3679 265 63 Weaver,
434 3681 211 53 Louise
674 3683 276 58 Bennett.

208 3752 57 51 A
302 3752 280 54 thousand
624 3775 152 49 ways
814 3764 59 48 to
912 3760 186 67 please
1139 3781 27 33 a
1210 3762 259 54 husband
1508 3764 140 53 with
1689 3764 277 55 Bettina’s
2005 3767 121 54 best

139 3826 227 71 recipes,
393 3829 73 68 by
494 3831 205 54 Louise
726 3834 243 56 Bennett
995 3837 239 54 Weaver
1264 3839 111 54 and
1404 3841 182 51 Helen
1618 3841 214 55 Cowles
1860 3842 231 54 LeCron;

138 3904 93 54 the
260 3922 258 37 romance
545 3907 63 52 of
636 3909 235 69 cookery
901 3916 110 51 and
1040 3912 430 72 housekeeping.
1539 3917 289 70 Complete
1859 3937 119 36 new
2009 3937 112 36 rev.
