2563 4368
1018 4046 101 49 435

76 454 371 64 Chesterton,
478 452 225 56 Gilbert
729 450 201 64 Keith,
960 450 170 55 1874-

140 532 120 52 The
285 530 266 54 collected
577 546 192 50 poems
795 527 65 53 of
883 526 69 55 G.
977 525 74 53 K.
1081 524 352 55 Chesterton.
1496 522 137 53 New
1663 519 180 69 York,
1869 519 189 68 Dodd,

71 609 167 53 Mead
267 610 45 50 &
342 623 296 51 company,
671 607 151 51 1932.

140 678 585 50 5 p. l., 3-391 p. 21ᶜᵐ.
405 771 71 18 CONTENTS.—
491 748 118 40 New
639 756 177 39 poems.
832 769 59 6 —
907 743 175 42 Ballad
1116 743 53 41 of
1201 742 69 42 St.
1304 742 236 40 Barbara.
1556 763 59 6 —
1633 741 181 40 Poems.
1832 762 60 5 —
1907 738 151 47 Wine,

70 807 153 39 water
254 806 95 39 and
382 803 294 49 song.—The
708 802 164 40 ballad
908 800 53 42 of
995 802 82 40 the
1111 799 161 41 White
1309 796 317 42 horse.—The
1663 796 114 40 wild
70 794 1988 108 knight.—Miscellaneous.

77 929 51 52 ©
164 934 121 38 Mar.
320 932 54 41 18,
481 932 82 46 1932;
600 931 66 40 2c.
703 932 120 39 Mar.
859 930 83 47 23;
979 928 84 41 aff.
1098 928 120 39 Mar.
1255 927 55 40 25;
1376 925 41 40 A
1451 924 169 48 50369;
1659 924 153 48 Dodd,
1848 924 142 39 Mead
2027 922 36 40 &

143 999 81 33 co.,
252 989 90 40 inc.
413 988 249 49 (32-8195)

73 1105 274 66 Chicago.
420 1105 368 64 University.

141 1182 298 54 Abstracts
477 1183 63 53 of
577 1183 198 52 theses.
848 1178 368 57 Humanistic
1253 1177 169 55 series.
1513 1198 51 32 v.
1605 1181 47 49 8.
1690 1175 368 54 Humanities

74 1261 111 52 and
230 1260 173 54 social
450 1261 256 65 sciences,
753 1259 267 69 divinity,
1066 1276 304 36 commerce
1415 1257 112 52 and
1576 1253 482 68 administration,

72 1338 171 53 social
280 1338 208 54 service
527 1337 481 68 administration,
1045 1337 294 56 Graduate
1376 1335 219 68 library
1631 1335 208 52 school.
73 1332 1961 137 Submitted

311 1422 57 47 to
405 1417 97 52 the
534 1416 278 69 graduate
846 1416 223 68 faculty
1106 1415 63 54 of
1202 1415 96 53 the
1333 1413 337 69 University
1707 1413 63 54 of
1806 1412 217 70 Chicago

75 1494 92 53 for
209 1495 95 53 the
347 1495 200 68 degree
589 1495 63 52 of
694 1496 213 51 Doctor
952 1494 63 54 of
1053 1493 365 70 philosophy,
1461 1494 230 68 August
1735 1492 324 55 1929-June

76 1571 1907 70 1930. Chicago, Ill., The University of Chicago press [ ᶜ1 932 ]
142 1646 493 49 xiii, 626 p. 23½ ᶜᵐ .
77 1712 51 53 ©
152 1718 108 39 Jan.
283 1717 69 41 26,
377 1715 112 42 1932;
541 1715 66 42 2c.
631 1717 114 47 Apr.
769 1717 25 39 7;
848 1715 81 43 aff.
954 1715 112 48 Apr.
1090 1714 56 41 29;
1199 1715 39 40 A
1262 1715 142 40 51065;
1459 1714 282 48 University
1765 1714 51 40 of
1841 1714 221 48 Chicago,

146 1773 221 49 Chicago.

75 1889 233 66 Collins,
339 1889 219 55 Archie
589 1890 333 65 Frederick,
958 1895 169 50 1869-

138 1966 149 52 How
328 1972 61 49 to
430 1967 351 53 understand
826 1967 333 68 chemistry;
1205 1967 171 68 being
1420 1986 31 34 a
1491 1967 221 68 simple,
1756 1968 148 52 clear
1947 1966 112 54 and

71 2043 212 53 concise
321 2044 369 68 explanation
729 2045 63 53 of
828 2046 94 52 the
961 2045 311 68 principles
1311 2045 112 53 and
1461 2046 137 51 laws
1637 2044 63 53 of
1738 2044 322 67 chemistry,

71 2118 1988 72 by A. Frederick Collins … New York, London, D. Appleton
70 2199 110 51 and
210 2217 295 48 company,
535 2202 152 49 1932.

141 2268 1184 52 xii p., 1 l., 321, [1] p. illus., diagrs. 19½ ᶜᵐ .
80 2335 51 52 ©
162 2341 120 39 Mar.
312 2340 55 40 18,
468 2342 56 39 1932;
583 2341 68 41 2c.
681 2342 95 39 and
807 2340 81 41 aff.
920 2342 121 39 Mar.
1072 2341 54 39 21;
1187 2342 41 38 A
1257 2341 146 40 50246;
1462 2343 55 38 D.
1550 2342 238 48 Appleton
1820 2347 36 41 &
1885 2354 66 28 co.

156 2397 249 49 (32-8414)

76 2511 1984 76 The Colophon; a book collectors’ quarterly … pt. 9. [New
146 2590 1005 72 York, The Colophon ltd., ᶜ1 932 ]
150 2664 1906 54 [104] p., 1 l. illus. (part col.), 1 col. plate, facsims. (1 fold. mounted)
73 2720 144 43 27½ ᶜᵐ .
82 2787 51 52 ©
162 2792 111 40 Feb.
301 2792 69 47 26,
400 2792 140 47 1932;
572 2793 67 41 2c.
669 2795 121 40 Mar.
820 2795 81 46 12;
935 2794 81 42 aff.
1047 2796 112 47 Apr.
1191 2796 81 47 16;
1304 2796 42 39 A
1374 2795 171 49 49091;
1579 2797 257 48 Colophon,
1867 2799 85 39 ltd.

79 2909 245 66 Connor,
354 2912 182 63 Ruth,
570 2916 170 50 1892-

145 2986 119 52 The
296 2987 298 54 scholastic
624 2988 271 54 behavior
930 2990 64 52 of
1026 3010 31 34 a
1091 2992 237 53 selected
1360 3011 184 50 group
1578 2993 64 52 of
78 2994 1962 121 undergraduate

196 3064 1868 71 home economics students, by Ruth Connor … New York
79 3139 128 67 city,
237 3142 276 53 Teachers
542 3144 227 67 college,
801 3143 299 55 Columbia
1130 3146 333 69 university,
1496 3152 149 49 1931.

81 3212 1964 109 ix, 71 p. 23½ ᶜᵐ . (Teachers college, Columbia university. Contributions to education, no. 497)
149 3339 169 40 Issued
345 3341 103 39 also
474 3351 54 29 as
555 3342 152 40 thesis
734 3343 108 47 (PH.
900 3343 35 48 D.)
972 3344 250 41 Columbia
1250 3346 284 49 university.

148 3394 371 50 Bibliography:
554 3408 42 37 p.
626 3398 158 41 70-71.

86 3459 50 51 ©
168 3465 107 40 Jan.
307 3466 67 46 22,
405 3467 140 47 1932;
577 3468 67 40 2c.
675 3470 121 41 Mar.
829 3471 81 41 14;
944 3470 81 41 aff.
1059 3472 120 39 Mar.
1212 3473 55 40 18;
1328 3473 40 39 A
1399 3474 169 47 50152;
1604 3476 238 40 Teachers
1875 3476 191 47 college,

152 3520 246 43 Columbia
433 3524 283 48 university.
787 3527 249 48 (32-8287)

84 3623 248 67 Craigie,
362 3627 320 57 Hamilton.

152 3697 317 55 Southwest
512 3703 63 50 of
616 3704 94 51 the
752 3704 125 67 law,
920 3705 75 67 by
1038 3707 298 52 Hamilton
1383 3709 243 67 Craigie.
1707 3709 135 51 New
1889 3709 178 68 York,

82 3771 730 76 E. J. Clode, inc. [ ᶜ1 932 ]
149 3843 843 57 viii p., 1 l., 9-252, [1] p. 19½ ᶜᵐ .
88 3910 51 52 ©
170 3916 108 41 Feb.
310 3919 67 49 16,
407 3920 113 41 1932;
580 3923 67 40 2c.
678 3926 94 38 and
805 3924 81 41 aff.
919 3926 120 41 Mar.
1072 3927 54 40 31;
1189 3928 40 39 A
1258 3928 145 41 49329;
1465 3931 211 41 Edward
1708 3932 44 40 J.
1786 3932 158 46 Clode,
1978 3930 89 40 inc.

164 3972 246 51 (32-8308)
