2563 4368
1080 4113 133 56 1745

149 502 244 65 Abbott,
427 501 238 56 Austin.

217 577 1922 70 Abbott New York digest … Consolidated ed. November,
151 660 151 65 1932,
329 656 344 55 cumulative
698 657 292 68 quarterly
1016 657 317 68 pamphlet,
1358 658 140 52 with
1525 656 345 55 cumulative
1896 657 153 53 table
2076 656 65 55 of

149 735 1791 69 cases digested … Rochester and New York city, The
147 737 1968 145 Lawyers
316 813 382 69 co-operative
737 812 336 70 publishing
1112 831 306 50 company;
1467 813 83 55 St.
1593 814 165 67 Paul,

150 814 1964 146 West publishing co.; New York city. Baker, Voorhis & co. [ ᶜ193 2 ]
217 966 88 41 300
330 978 43 37 p.
429 966 116 40 24ᶜᵐ.

152 1019 52 53 ©
231 1024 117 40 Nov.
373 1024 40 46 7,
440 1022 114 41 1932;
608 1022 67 41 2c.
703 1023 96 40 and
826 1022 81 41 aff.
935 1022 112 41 Dec.
1076 1022 54 39 15;
1187 1022 40 39 A
1254 1022 143 40 58425;
1454 1023 137 40 West
1615 1023 110 47 pub.
1754 1033 67 29 co.
1850 1027 36 40 &
1913 1023 228 47 Lawyers

219 1079 321 48 co-operative
568 1079 108 48 pub.
707 1090 67 30 co.

149 1167 356 66 Abrahams,
534 1168 222 54 Robert
784 1167 210 67 David,
1026 1173 171 50 1905-

149 1244 1970 148 The pot-bellied gods, by Robert D. Abrahams … frontispiece
149 1322 1970 148 by Clayton Whitehill. Philadelphia, Dorrance & company, inc. [ ᶜ193 2]
220 1474 1921 51 64 p. incl. front. 20 ᶜᵐ . (Half-title: Contemporary poets of Dorrance,
150 1532 111 49 107)

154 1586 52 53 ©
234 1590 102 40 Oct.
363 1590 68 47 17,
459 1588 113 41 1932;
627 1589 68 40 2c.
723 1588 102 41 Oct.
851 1588 27 39 28;
965 1588 82 40 aff.
1075 1588 118 41 Nov.
1220 1587 56 40 22;
1333 1589 41 38 A
1401 1588 143 41 58028;
1602 1590 248 41 Dorrance
1877 1590 37 40 &
1941 1601 81 38 co.,
2051 1592 91 39 inc.

232 1645 278 50 (32-33271)

150 1735 264 54 Arabian
443 1736 227 64 nights.

219 1814 121 53 The
388 1812 259 53 Arabian
694 1812 215 68 nights’
959 1811 494 69 entertainments;
1507 1829 81 50 or,
1637 1812 315 55 The book
2000 1814 65 53 of
2113 1834 30 34 a

149 1891 282 53 thousand
465 1890 196 68 nights
697 1891 112 52 and
845 1910 31 33 a
911 1888 196 70 night;
1145 1909 31 33 a
1212 1887 265 57 selection
1512 1889 65 54 of
1609 1889 96 55 the
1738 1899 147 47 most
1920 1891 224 54 famous

150 1969 114 53 and
305 1968 442 68 representative
788 1967 64 53 of
891 1968 155 53 these
1087 1967 140 54 tales
1269 1968 152 53 from
1462 1967 96 55 the
1599 1966 160 70 plain
1801 1971 112 53 and
1955 1968 190 56 literal

150 2044 369 55 translations
569 2045 74 67 by
695 2044 255 54 Richard
1001 2044 64 55 F.
1119 2046 251 66 Burton;
1424 2046 95 51 the
1567 2045 198 55 stories
1814 2048 145 54 have
2006 2049 139 53 been

150 2124 202 53 chosen
400 2123 113 53 and
561 2123 281 67 arranged
888 2123 76 68 by
1012 2122 247 54 Bennett
1304 2123 70 53 A.
1425 2123 141 55 Cerf
1611 2125 113 53 and
1772 2144 95 35 are
1913 2126 231 68 printed

150 2202 275 66 complete
454 2201 112 51 and
597 2198 356 69 unabridged
985 2198 140 54 with
1153 2218 175 49 many
1357 2200 64 52 of
1450 2200 268 55 Burton’s
1748 2206 157 48 notes;

151 2203 1970 143 introductory
430 2296 160 49 essay
627 2276 77 69 by
742 2277 122 52 Ben
904 2275 127 70 Ray
1071 2275 276 54 Redman.
1421 2278 139 53 New

150 2277 1971 145 York, The Modern library [ ᶜ193 2]
220 2426 1925 54 2 p. l. , iii-xiv, 823 p. 17 ᶜᵐ . (Half-title: The modern library of the
153 2485 190 41 world’s
369 2485 107 39 best
501 2483 173 48 books)

223 2541 162 40 “First
411 2541 200 39 Modern
635 2539 185 49 library
846 2538 196 50 edition,
1069 2539 156 41 1932.”

156 2594 52 53 ©
240 2599 128 48 Sept.
395 2597 69 48 22,
493 2597 113 41 1932;
664 2596 66 42 2c.
763 2597 127 48 Sept.
919 2595 56 41 26;
1033 2596 82 41 aff.
1148 2598 126 47 Sept.
1304 2596 57 42 27;
1418 2598 43 40 A
1489 2598 143 41 55264;
1691 2601 212 41 Bennett
1929 2603 53 40 A.
2016 2602 129 50 Cerf,

222 2655 118 40 New
370 2655 144 39 York.
594 2650 53 52 [©
679 2652 185 49 editing
895 2655 96 38 and
1024 2656 343 45 arrangement
1397 2655 61 47 by
1491 2656 212 41 Bennett
1733 2658 55 40 A.
1822 2658 140 48 Cerf;

223 2659 1904 93 introduction
443 2712 61 47 by
527 2712 102 40 Ben
654 2711 106 46 Ray
783 2710 233 48 Redman]
1089 2709 280 51 (32-28027)

151 2797 214 67 Bacon,
395 2799 287 65 Leonard,
716 2799 171 55 1887-

223 2875 123 53 The
386 2875 232 67 furioso,
657 2874 75 69 by
769 2874 261 53 Leonard
1070 2874 206 53 Bacon.
1354 2874 137 53 New
1535 2875 161 54 York
1738 2877 111 53 and
1891 2878 256 69 London,

153 2952 230 68 Harper
410 2955 51 51 &
491 2952 274 68 brothers,
795 2954 149 49 1932.

220 3022 535 49 3 p. l. , 245 p. 20 ᶜᵐ .
222 3080 43 39 A
294 3079 251 41 narrative
575 3089 149 39 poem.

225 3134 162 43 “First
427 3135 225 42 edition.”

160 3192 51 52 ©
243 3197 117 40 Nov.
392 3196 69 48 16,
493 3196 113 40 1932;
667 3195 65 41 2c.
766 3196 118 40 Nov.
917 3196 81 46 16;
1034 3195 82 40 aff.
1148 3196 119 40 Nov.
1299 3196 82 46 30;
1417 3197 42 38 A
1490 3196 169 49 58216;
1696 3198 51 40 L.
1781 3200 178 46 Bacon,
1994 3201 151 41 Peace

224 3253 136 48 Dale,
388 3253 56 40 R.
472 3254 37 39 I.
579 3252 279 48 (32-28134)

154 3339 225 67 Barrie,
406 3342 100 52 Sir
531 3341 204 54 James
758 3340 307 65 Matthew,
1133 3345 125 63 bart.,
1288 3343 172 50 1860-

225 3419 294 67 Farewell,
549 3418 142 53 Miss
720 3418 157 54 Julie
907 3420 217 67 Logan,
1157 3437 31 33 a
1219 3418 212 70 wintry
1458 3421 131 68 tale,
1617 3421 76 66 by
1723 3423 56 53 J.
1809 3423 77 51 M.
1921 3424 218 52 Barrie.

154 3497 139 53 New
320 3497 179 67 York,
528 3499 60 54 C.
620 3496 310 57 Scribner’s
955 3514 147 51 sons,
1132 3499 148 50 1932.

222 3570 522 50 4 p. l. , 103 p. 19ᶜᵐ.
159 3623 52 53 ©
239 3628 117 41 Nov.
384 3628 68 46 11,
481 3627 140 47 1932;
650 3627 67 40 2c.
745 3627 116 39 Nov.
890 3626 82 47 16;
1003 3625 82 41 aff.
1115 3625 117 42 Nov.
1260 3626 82 47 14;
1373 3626 41 40 A
1442 3626 169 48 57422;
1643 3628 44 40 J.
1718 3630 61 38 M.
1810 3629 186 47 Barrie,

224 3634 1904 90 London.
400 3683 279 49 (32-28135)

155 3764 127 64 Boy
310 3766 203 52 scouts
539 3764 64 53 of
632 3760 293 56 America.
1001 3762 120 53 Cub
1154 3762 228 54 section.

225 3841 122 54 The
382 3839 361 54 cubmaster’s
779 3839 294 69 packbook
1108 3840 64 53 of
1206 3840 96 52 the
1335 3858 255 52 younger
1624 3842 111 69 boy
1771 3862 272 52 program
2079 3847 63 52 of

156 3917 1922 74 the Boy scouts of America … 1st packbook, 1st imprint …
157 3995 1983 76 New York, N. Y., Cub section, Boy scouts of America, ᶜ193 2.
