2563 4368
1087 4020 99 49 655

207 519 329 48 Frontispiece
573 518 339 48 accompanied
947 520 60 46 by
1043 519 100 39 leaf
1180 518 119 40 with
1334 517 292 48 descriptive
1659 519 297 46 letterpress.

207 576 170 40 Issued
406 578 103 38 also
538 587 55 29 as
622 575 152 41 thesis
801 574 108 48 (PH.
970 575 34 47 D.)
1043 574 249 41 Columbia
1322 573 285 48 university.

205 631 347 49 Bibliography:
612 643 42 37 p.
684 631 200 40 149-153

143 700 51 51 ©
227 705 107 38 Jan.
369 704 67 47 10,
469 702 112 41 1932;
644 703 67 42 2c.
744 706 95 37 and
871 701 81 41 aff.
986 702 111 46 Apr.
1131 702 57 39 25;
1248 701 41 39 A
1322 700 141 41 51011;
1528 700 250 41 Columbia
1813 699 130 41 univ.
1975 708 150 38 press.

220 759 277 49 (32-11449)

139 876 431 65 Haroutunian,
598 876 238 65 Joseph,
869 881 171 50 1904-

204 963 165 69 Piety
396 982 192 36 versus
613 963 317 67 moralism;
959 963 92 53 the
1079 960 233 71 passing
1337 962 63 53 of
1424 962 92 54 the
1543 961 137 53 New
1707 959 269 70 England
134 960 1965 149 theology,

346 1040 72 69 by
448 1040 213 68 Joseph
692 1040 420 54 Haroutunian.
1182 1039 134 54 New
1350 1038 178 68 York,
1556 1039 77 54 H.
1662 1038 146 53 Holt
1837 1037 111 56 and
134 1055 1964 132 company
322 1152 13 35 [
363 1120 133 50 ᶜ1932
501 1151 14 35 ]

307 1233 10 18 xxv,
343 1202 87 41 329
454 1214 43 37 p.
549 1202 117 41 22ᶜᵐ.
731 1202 298 51 (Half-title:
1057 1202 194 42 Studies
1277 1203 49 40 in
1353 1202 202 49 religion
1584 1204 95 40 and
1705 1203 203 40 culture.
135 1203 1975 97 American
270 1258 202 49 religion
501 1258 165 49 series,
753 1259 14 47 IV)

206 1330 171 40 Issued
404 1330 105 40 also
540 1340 54 30 as
624 1329 155 41 thesis
817 1329 107 49 (PH.
986 1329 35 48 D.)
1060 1330 251 41 Columbia
1343 1330 285 48 university.

204 1386 346 49 Bibliography:
612 1396 43 38 p.
686 1385 216 43 307-322.

142 1456 51 52 ©
223 1461 113 46 Apr.
365 1459 68 47 22,
465 1458 111 41 1932;
637 1460 65 39 2c.
735 1462 95 38 and
861 1459 82 41 aff.
974 1460 113 47 Apr.
1117 1459 55 40 23;
1232 1461 39 37 A
1301 1457 148 41 49650;
1506 1459 166 48 Henry
1704 1459 118 39 Holt
1855 1458 38 40 &
1920 1468 79 37 co.,
2034 1457 90 41 inc.

218 1513 277 52 (32-11666)

139 1633 404 67 Hemingway,
574 1633 235 56 Wilfrid
839 1633 250 66 Hubert,
1121 1634 171 55 1879-

208 1726 166 52 Basic
405 1724 254 55 business
693 1727 362 66 barometers,
1089 1726 148 52 their
1270 1724 267 70 meaning
1571 1726 112 52 and
1717 1745 123 48 use;
1879 1744 30 34 a
140 1726 1958 131 handbook

315 1803 92 52 for
440 1804 93 51 the
568 1803 176 54 offices
779 1802 63 54 of
874 1802 429 55 manufacturer
1337 1805 111 51 and
1482 1803 246 66 retailer,
1762 1803 213 52 banker
2011 1804 111 52 and

140 1881 489 68 credit-manager,
664 1881 359 67 statistician,
1059 1886 338 48 accountant
1431 1884 112 52 and
1576 1882 266 66 investor,
1875 1882 74 67 by
142 1881 1958 131 Wilfrid

297 1957 1826 70 H. Hemingway … Washington, D. C., San Francisco,
141 2036 137 68 Cal.,
306 2038 119 53 The
455 2038 381 67 Hemingway
865 2036 277 68 institute,
1174 2041 149 50 1932.

210 2121 1524 51 2 p. l., 9-209 p. incl. illus. (map) tables (1 fold.) 23ᶜᵐ.
149 2190 50 52 ©
226 2196 107 39 Jan.
359 2195 67 45 27,
455 2194 139 46 1932;
623 2194 66 40 2c.
717 2196 121 40 Mar.
864 2195 81 44 16;
974 2194 82 39 aff.
1085 2195 118 39 Mar.
1233 2195 81 44 15;
1344 2195 40 37 A
1409 2194 171 47 49162;
1610 2195 70 39 W.
1708 2195 61 39 H.
1797 2193 331 48 Hemingway,

217 2250 94 40 San
344 2250 270 41 Francisco.
685 2250 278 48 (32-11602)

143 2366 347 68 Hickernell,
519 2369 246 53 Warren
796 2368 268 64 Fayette.

142 2457 1959 134 What makes stock market prices? By Warren F. Hickernell … New
586 2539 161 51 York
775 2539 111 52 and
915 2538 256 66 London,
1197 2539 231 66 Harper
1455 2541 45 50 &
1527 2539 276 66 brothers,
1835 2542 148 49 1932.

211 2622 867 49 xi p., 1 l., 199 p. diagrs. 22ᶜᵐ.
214 2692 158 41 “First
404 2693 225 41 edition.”

151 2758 50 51 ©
231 2764 111 47 Apr.
370 2763 69 46 23,
469 2763 112 41 1932;
639 2763 67 41 2c.
737 2766 96 39 and
862 2764 81 43 aff.
974 2767 112 45 Apr.
1116 2764 57 41 28;
1231 2766 40 38 A
1298 2765 144 41 49734;
1502 2767 70 39 W.
1606 2767 50 39 F.
1690 2766 291 48 Hickernell,
2014 2767 118 40 New

216 2820 140 39 York.
428 2820 277 48 (32-11601)

147 2937 237 65 Hjorth,
418 2940 280 55 Herman.

213 3026 148 52 How
384 3033 56 46 to
465 3029 163 52 make
652 3030 268 52 veneered
946 3031 212 67 panels,
1177 3031 92 52 for
1293 3031 95 53 the
1412 3032 189 52 school
1626 3033 112 52 and
1761 3032 163 53 home
145 3032 1961 138 workshop,

338 3105 1791 70 by Herman Hjorth … New York, N. Y., The Casein
146 3179 463 70 manufacturing
639 3201 277 49 company
945 3184 64 52 of
1036 3185 283 66 America,
1349 3186 106 53 inc.
1491 3189 192 64 [ᶜ1932]

216 3266 56 40 96
300 3277 42 37 p.
401 3268 141 48 illus.,
573 3269 177 48 diagrs.
811 3271 144 40 23½ᶜᵐ.

215 3336 309 50 Advertising
550 3342 178 37 matter:
784 3350 42 37 p.
854 3339 156 41 92-96.

155 3402 50 51 ©
227 3408 112 46 Apr.
362 3409 68 46 20,
456 3409 112 40 1932;
619 3409 66 40 2c.
710 3411 94 38 and
829 3410 81 41 aff.
935 3412 111 46 Apr.
1072 3411 54 40 23;
1180 3413 39 37 A
1243 3411 143 41 49653;
1442 3413 173 41 Casein
1639 3413 398 46 manufacturing
2061 3424 66 29 co.

220 3464 50 38 of
298 3465 233 43 America,
561 3465 90 39 inc.
721 3466 278 50 (32-11585)

151 3579 153 66 Holt,
333 3582 220 64 Henry.

218 3670 1905 76 The Wolf’s claw, by Henry Holt … London [etc.] G. G.
152 3745 229 68 Harrap
409 3752 45 50 &
479 3768 96 47 co.,
602 3750 102 55 ltd.
758 3756 130 48 [1932]

218 3831 87 40 320
330 3842 44 37 p.
432 3832 114 42 19ᶜᵐ.

159 3896 50 51 ©
235 3903 63 40 1c.
325 3904 111 47 May
459 3903 39 46 5,
524 3904 111 41 1932;
690 3906 39 39 A
756 3909 60 38 ad
841 3907 86 41 int.
952 3908 141 41 16372;
1148 3910 142 47 pubd.
1316 3911 112 47 Apr.
1455 3913 24 37 1;
1537 3912 58 39 H.
1624 3912 131 46 Holt,
1783 3912 175 46 Hythe,
1987 3912 140 45 Kent,

226 3958 229 46 England.
526 3961 276 43 (32-12732)
