2563 4368
1025 4053 136 50 1663

84 441 230 66 Schick,
349 442 160 66 Béla,
547 442 169 55 1877-

156 514 1918 73 Child care today, by Béla Schick … and William Rosenson
146 594 990 69 … New York, Greenberg [ ᶜ1 932]
152 666 404 49 xvi, 320 p. 19 ᶜᵐ.
155 723 247 41 “Selected
432 724 147 39 books
609 724 78 39 for
717 723 81 40 the
826 723 267 47 pre-school
1123 722 158 40 child”
1301 733 9 27 :
1342 733 41 36 p.
1415 721 216 41 223-227.

89 792 52 52 ©
177 796 101 40 Oct.
313 795 69 47 20,
418 795 112 41 1932;
595 796 67 40 2c.
699 797 94 39 and
829 795 80 40 aff.
947 795 102 40 Oct.
1085 794 55 41 27;
1206 795 41 38 A
1282 795 142 39 55675;
1491 794 275 46 Greenberg
1800 794 150 48 pubr.,
1987 794 89 41 inc.

167 852 279 48 (32-31552)

86 967 321 67 Schwartz,
435 969 256 55 William
720 970 287 65 Leonard,
1041 974 170 51 1888-

212 1046 283 53 Vocational
530 1046 419 68 opportunities
986 1046 93 53 for
1116 1046 227 68 foreign
1378 1048 283 66 language
1695 1046 274 67 students,
2003 1046 76 68 by

84 1121 1990 70 William Leonard Schwartz … Lawrence A. Wilkins … [and]
87 1200 1994 70 Arthur Gibbon Bovée … Washington, D. C., The Modern
88 1280 281 68 language
414 1280 228 67 journal
699 1280 301 67 (National
1046 1279 321 54 federation
1412 1280 65 52 of
1519 1281 235 52 modern
1799 1280 282 68 language

90 1358 277 67 teachers)
411 1360 149 51 1932.

159 1429 549 50 cover-title, 38 p. 23 ᶜᵐ.
163 1488 145 40 “This
345 1489 163 47 report
543 1487 42 40 is
623 1488 80 39 the
740 1487 153 40 result
930 1486 52 41 of
1018 1497 28 30 a
1083 1487 146 47 study
1265 1486 139 41 made
1441 1487 60 48 by
1537 1498 28 29 a
1603 1485 273 42 committee
1913 1487 52 39 of
2001 1487 81 41 the

90 1545 230 41 National
350 1543 276 41 federation
658 1543 53 40 of
740 1543 198 40 modern
968 1542 238 48 language
1238 1541 371 50 teachers.”—p.
1644 1544 55 49 [2]
1734 1544 51 39 of
1816 1553 153 32 cover.

161 1602 171 39 Issued
370 1602 104 39 also
511 1600 50 39 in
599 1600 82 39 the
719 1600 200 39 Modern
957 1600 238 46 language
1232 1599 210 48 journal,
1479 1601 93 40 vol.
1696 1632 8 16 XVI,
1742 1612 76 29 no.
1855 1601 38 48 7,
1930 1600 152 47 April.

90 1658 126 48 1932,
245 1668 43 38 p.
317 1656 216 41 545-582.

94 1725 52 53 ©
188 1730 125 40 June
351 1730 41 45 4,
434 1728 113 41 1932;
616 1728 65 39 2c.
726 1729 94 39 and
863 1727 81 40 aff.
987 1728 124 39 June
1154 1727 27 40 6;
1249 1728 41 38 A
1332 1727 141 41 52323;
1545 1729 131 40 Natl,
1717 1728 276 41 federation
2035 1729 48 40 of

164 1787 195 38 modern
387 1788 239 45 language
654 1785 234 40 teachers.
958 1783 278 48 (32-19172)

91 1902 303 66 Shipman,
424 1904 270 63 Dorothy
722 1901 420 66 Middlebrook,
1173 1922 177 49 comp.

165 1980 269 55 Stardust
460 1984 50 50 &
537 1981 176 68 holly,
739 2000 191 49 poems
957 1982 111 51 and
1096 2000 169 50 songs
1290 1981 63 53 of
1382 1981 336 68 Christmas,
1743 1983 237 54 selected
2007 1983 73 68 by

92 2059 262 69 Dorothy
389 2059 403 53 Middlebrook
829 2059 298 68 Shipman.
1202 2062 138 51 New
1376 2062 179 65 York,
1591 2061 121 52 The
1748 2062 333 52 Macmillan

93 2155 297 51 company,
421 2142 149 50 1932.

161 2212 131 46 xxiv,
322 2212 85 39 235
435 2223 43 36 p.
537 2213 144 39 17½ᶜᵐ.

98 2277 52 52 ©
182 2280 115 40 Nov.
333 2281 69 46 15,
435 2279 113 42 1932;
609 2281 67 40 2c.
711 2282 94 39 and
840 2281 81 40 aff.
955 2282 116 39 Nov.
1105 2282 55 39 16;
1223 2282 41 38 A
1297 2282 146 40 57086;
1504 2282 281 40 Macmillan
1820 2293 65 30 co.

177 2337 279 49 (32-28093)

94 2444 387 67 Tarkington,
511 2448 211 64 Booth,
756 2450 172 48 1869-

164 2523 253 53 Wanton
460 2525 202 65 Mally,
705 2525 35 51 by
824 2526 186 51 Booth
1057 2525 388 69 Tarkington;
1493 2526 140 52 with
1679 2528 289 68 drawings
2009 2528 76 69 by

98 2600 214 69 Joseph
362 2601 238 55 Simont.
676 2602 233 54 Garden
955 2603 151 69 City,
1151 2606 69 51 N.
1266 2605 90 65 Y.,
1400 2605 356 69 Doubleday,
1799 2607 199 52 Doran
2040 2611 45 49 &

99 2698 295 49 company,
423 2680 124 67 inc.,
578 2684 149 53 1932.

170 2752 1333 50 5 p. l., 280 p. incl. 1 illus., plates, col. front. 20 ᶜᵐ.
171 2809 286 40 Illustrated
487 2809 361 49 lining-papers.

171 2865 163 41 “First
361 2866 226 41 edition.”

104 2931 52 52 ©
193 2936 119 40 Nov.
349 2933 38 49 9,
427 2935 112 40 1932;
607 2936 66 40 2c.
712 2937 115 39 Nov.
868 2937 81 47 10;
991 2938 81 41 aff.
1111 2939 118 40 Nov.
1268 2940 81 46 17;
1389 2940 42 38 A
1470 2940 168 47 58034;
1682 2942 52 38 B.
1775 2941 315 48 Tarkington,

172 2991 346 48 Indianapolis.
590 2992 278 48 (32-28094)

98 3094 354 65 Thompson,
481 3096 174 63 Mary
680 3096 212 56 Wolfe.

101 3170 1965 146 Cherry farm, by Mary Wolfe Thompson … with frontispiece in
377 3249 151 53 color
561 3251 111 51 and
704 3251 245 52 thirteen
982 3251 376 55 illustrations
1391 3254 60 52 in
1480 3254 507 54 black-and-white
2017 3256 73 67 by

102 3327 165 52 Edna
294 3328 216 51 Potter.
585 3327 137 52 New
751 3327 178 67 York,
956 3330 307 52 Frederick
1288 3331 71 53 A.
1391 3331 199 55 Stokes
1616 3349 296 51 company,
1941 3335 149 51 1932.

171 3400 953 50 5 p. l., 181 p. col. front., illus. 19½ ᶜᵐ.
107 3467 52 52 ©
190 3472 126 47 Sept.
344 3472 56 39 26,
443 3471 113 41 1932;
614 3473 66 39 2c.
712 3472 125 48 Sept.
867 3472 59 40 28;
981 3474 82 40 aff.
1093 3475 99 39 Oct.
1224 3475 55 39 22;
1338 3477 40 38 A
1407 3476 143 41 56284;
1611 3479 61 39 M.
1703 3479 71 39 W.
1806 3477 285 48 Thompson.

176 3528 118 40 Glen
325 3529 144 46 Rock,
499 3529 56 40 N.
587 3529 42 39 J.
701 3528 276 49 (32-25839)

102 3630 238 66 Trevor,
368 3632 195 54 Tudor
591 3632 310 65 Gruffydd,
933 3638 168 49 1865-

173 3707 1856 73 Tradition counts, a novel by Major Tudor G. Trevor …
103 3784 256 68 London,
386 3786 186 53 Hurst
602 3791 44 49 &
677 3788 280 66 Blackett,
986 3788 101 53 ltd.
1144 3792 150 65 [1932]

173 3856 618 51 2 p. l., 7-286 p. 19½ᶜᵐ.
109 3923 1981 60 © 1c. Nov. 4, 1932; A ad int. 17008; pubd. Sept. 9; T. G. Trevor, London.
186 3983 278 49 (32-33287)
