2563 4368
1339 4101 135 49 1024

394 497 440 64 Weatherman,
871 497 175 53 Rosa.

465 574 351 66 Driftwood,
847 574 149 51 facts
1026 572 112 52 and
1169 571 234 69 fancies,
1431 569 205 71 picked
1665 590 79 50 up
1776 570 153 55 from
1957 572 96 53 the
2083 576 209 49 stream
2321 571 63 54 of

396 652 137 53 time
563 654 170 66 along
760 652 95 52 the
883 650 272 69 pathway
1181 651 63 53 of
1270 650 120 53 life.
1467 651 91 68 By
1585 651 149 53 Rosa
1759 651 420 55 Weatherman.
396 654 1965 142 Boston,

541 728 1313 69 The Christopher publishing house [ ᶜ19 32]
469 817 267 48 111 p. 21 ᶜᵐ.
468 889 181 38 Poems.

406 953 1981 53 © June 23, 1932; 1c. June 28; 1c. July 8; aff. June 25; A 52958;
473 1013 314 48 Christopher
814 1014 108 47 pub.
950 1013 162 39 house.
1183 1012 279 48 (32-17817)

397 1133 334 64 Weinberg,
763 1132 197 56 Louis.

468 1209 122 52 The
623 1208 182 53 world
838 1225 83 35 we
954 1207 113 54 live
1101 1208 77 67 in,
1214 1225 75 34 an
1321 1205 391 55 introduction
1745 1211 59 48 to
1839 1205 96 54 the
1971 1204 172 55 social
2179 1204 214 55 studies

401 1282 1991 72 for the intermediate grades, by Louis Weinberg … Zenos E.
402 1359 1988 73 Scott … Evelyn T. Holston … Boston, New York [etc.] D. C.
399 1442 196 53 Heath
624 1441 114 54 and
767 1458 298 51 company,
1095 1442 151 52 1932.

472 1526 1019 50 xi, 266 p. front. (map) illus. 19 ½ᶜᵐ .
471 1598 299 42 “Children’s
810 1598 244 41 reference
1094 1596 112 41 list”;
1276 1607 43 37 p.
1361 1595 203 41 264-265;
1638 1595 283 41 “Teacher’s
1964 1595 244 41 reference
2251 1594 111 41 list”;

398 1666 43 38 p.
470 1655 100 42 266.

409 1725 51 51 ©
492 1729 126 39 June
647 1727 69 48 30,
749 1726 140 47 1932;
923 1726 67 41 2c.
1023 1727 114 47 July
1168 1727 25 39 7;
1254 1725 80 42 aff.
1368 1725 117 48 July
1515 1725 53 47 6;
1602 1725 41 39 A
1675 1724 169 47 53000;
1879 1724 51 39 L,
1963 1723 268 47 Weinberg,
2265 1723 131 48 Long

476 1786 168 39 Island
672 1784 123 48 City,
823 1785 56 38 N.
906 1785 67 45 Y.,
1003 1784 149 39 Zenos
1181 1784 51 37 E.
1265 1783 134 40 Scott
1426 1783 95 38 and
1548 1782 184 48 Evelyn
1759 1781 51 39 T.
1841 1782 221 47 Holston,
2095 1779 301 49 Springfield,

476 1842 147 40 Mass.
693 1840 279 48 (32-17667)

403 1960 335 64 Wethered,
771 1959 198 64 Joyce.

474 2036 241 69 Hitting
743 2054 189 50 power
962 2036 154 52 from
1144 2035 94 53 the
1267 2034 311 54 shoulders.

485 2125 83 48 (In
594 2120 201 43 London
823 2119 200 52 Sunday
1052 2133 221 38 express,
1300 2118 129 43 June
1455 2120 42 49 5,
1527 2119 143 49 1932)

411 2189 1985 53 © 1c. July 30, 1932; A ad int. 16717; pubd. June 5; J. Wethered, Witley,
482 2251 192 47 Surrey,
703 2250 235 47 England.

407 2366 198 55 White
658 2367 183 54 house
893 2367 345 54 conference
1291 2382 74 38 on
1417 2365 155 55 child
1622 2365 206 54 health
1879 2365 117 54 and
2047 2364 349 66 protection.

474 2443 1897 135 Sect, II ; Public health service and administration. Committee on
799 2524 143 53 milk
970 2524 346 68 production
1341 2524 115 53 and
1484 2523 235 54 control.

481 2601 149 53 Milk
657 2602 342 67 production
1029 2602 112 51 and
1170 2602 218 51 control;
1450 2600 441 53 communicable
1922 2601 258 67 diseases,
2210 2598 191 70 public

412 2679 195 53 health
645 2680 374 67 supervision,
1056 2679 343 53 nutritional
1437 2684 236 63 aspects,
1711 2679 282 53 economic
2031 2683 246 63 aspects;
413 2696 1965 130 report

574 2758 64 52 of
667 2758 95 53 the
793 2757 337 54 Committee
1161 2776 72 35 on
1262 2758 144 52 milk
1435 2758 344 68 production
1808 2758 114 53 and
1954 2758 236 64 control,
2219 2757 78 53 H.
2329 2757 71 52 A.

409 2835 346 69 Whittaker,
786 2837 311 68 chairman,
1127 2837 196 53 White
1353 2837 173 52 house
1557 2836 330 53 conference
1918 2854 72 35 on
2022 2836 154 53 child
2207 2835 193 53 health

413 2914 1965 69 and protection. New York, London, The Century co. [ ᶜ19 32]
481 3003 115 46 xvii,
623 3001 85 42 392
737 3013 41 37 p.
834 3003 24 39 1
888 3002 142 49 illus.,
1059 3003 177 48 diagrs.
1292 3002 56 41 23½ᶜᵐ.
1551 3001 131 50 $3.00

484 3066 287 39 Illustrated
811 3065 359 48 lining-papers.

413 3121 1970 107 “Section II—Public health service and administration, Hugh S. Cumming, M . D., chairman.”—p. [iii]
486 3235 223 40 Includes
741 3234 389 48 bibliographies.

417 3300 52 51 ©
499 3304 125 39 June
652 3304 68 46 30,
750 3303 139 46 1932;
920 3303 67 40 2c.
1017 3305 95 37 and
1140 3303 81 40 aff.
1251 3304 116 47 July
1395 3304 52 46 6;
1480 3305 40 37 A
1549 3303 169 48 51988;
1750 3304 161 39 White
1941 3306 152 38 house
2120 3302 280 42 conference

486 3369 59 30 on
576 3360 129 39 child
734 3360 168 39 health
932 3361 96 38 and
1057 3360 282 47 protection,
1373 3361 106 46 Ray
1509 3360 184 47 Lyman
1726 3360 201 47 Wilbur,
2009 3392 7 7 M.
2079 3390 22 17 D.,
2136 3358 264 48 chairman,

484 3416 333 48 Washington.
887 3415 278 48 (32-17996)

411 3532 381 67 Williamson,
819 3534 258 52 Thames
1102 3533 169 64 Ross,
1303 3538 170 50 1894-

484 3609 94 54 On
603 3609 96 53 the
727 3608 255 54 reindeer
1010 3610 152 68 trail,
1189 3610 74 68 by
1291 3611 242 53 Thames
1560 3610 390 67 Williamson;
1981 3610 140 54 with
414 3611 1959 127 illustrations

601 3687 76 67 by
715 3689 110 50 Lee
865 3688 333 51 Townsend.
1274 3688 216 51 Boston
1529 3689 113 52 and
1681 3690 139 50 New
1861 3688 179 67 York,
2081 3689 313 66 Houghton

413 3762 203 53 Mifflin
644 3781 294 51 company,
969 3767 148 50 1932.

487 3846 1417 52 ix, [1] p., 2 l., 242, [1] p. front., illus., plates. 21 ᶜᵐ.
485 3911 287 39 Illustrated
802 3911 361 48 lining-papers.

422 3976 51 52 ©
501 3981 116 47 July
642 3982 38 48 1,
709 3981 117 40 1932;
878 3981 68 41 2c.
974 3982 116 47 July
1117 3982 55 39 14;
1230 3982 81 41 aff.
1341 3982 115 48 July
1482 3983 54 39 13;
1594 3982 41 39 A
1664 3982 145 40 53078;
1864 3983 52 39 T.
1944 3982 318 46 Williamson,
2293 3982 106 40 Ann

488 4037 169 39 Arbor.
750 4037 231 39 (32-17786)
