2563 4368
1445 3965 67 51 80

492 379 222 63 Tower,
742 379 130 54 Olin
903 380 305 64 Freeman,
1239 380 170 53 1872-

564 454 55 51 A
652 472 193 34 course
877 451 64 55 of
972 453 337 68 qualitative
1343 452 270 54 chemical
1647 451 249 69 analysis
1930 449 64 54 of
2029 450 296 69 inorganic
493 451 1968 147 substances,

764 528 1659 71 with explanatory notes, by Olin Freeman Tower …
496 605 1965 71 6th ed., rev. Philadelphia, P. Blakiston’s son & co., inc. [ ᶜ1 932]
630 721 8 15 xv,
667 689 54 40 92
748 699 43 38 p.
851 689 26 39 1
905 689 126 41 illus.
1091 688 115 41 24ᶜᵐ.

561 758 175 41 Tables
765 769 60 29 on
857 757 360 49 lining-papers.

501 826 51 51 ©
583 831 107 39 Jan.
724 832 38 45 7,
793 829 113 41 1932;
966 828 66 42 2c.
1064 830 94 39 and
1191 829 79 40 aff.
1303 830 110 40 Jan.
1443 830 52 46 8;
1529 829 40 38 A
1597 828 171 46 46807;
1803 828 50 39 P.
1887 826 298 41 Blakiston’s
2217 837 83 30 son
2334 827 37 40 &
2402 837 81 37 co.,

568 886 90 40 inc.
730 886 248 48 (32-2453)

495 990 293 64 Wadsley,
818 988 182 55 Olive.

565 1069 31 50 I
628 1066 317 53 surrender.
1026 1067 361 66 [Instalment
1416 1070 48 62 3]

574 1140 80 48 (In
684 1136 136 43 Good
846 1136 325 51 needlework,
1201 1136 126 51 Jan.,
1359 1137 143 48 1932)

502 1205 1981 52 © 1c. Feb. 6, 1932; A ad int. 16045; pubd. Dec. 10, 1931; Olive Mary
567 1266 240 47 Wadsley,
834 1266 210 41 London.

565 1367 198 53 Prima
792 1368 223 52 Donna.
1096 1367 362 68 [Instalment
1486 1371 80 48 11.
1642 1366 360 67 Conclusion]

575 1442 78 46 (In
683 1438 210 42 Woman
922 1438 96 43 and
1048 1438 143 42 home
1219 1436 275 53 magazine,
1525 1437 126 50 Jan.,
1685 1438 143 49 1932)

500 1506 1982 53 © 1c. Feb. 15, 1932; A ad int. 10067; pubd. Dec. 18, 1931; Olive Mary
566 1567 239 47 Wadsley,
842 1568 209 39 London.

491 1669 513 65 Welby-Gregory,
1053 1672 151 51 Hon.
1257 1669 263 53 Victoria
1570 1668 403 54 Alexandrina
2024 1668 190 53 Maria
2263 1668 216 53 Louisa

566 1746 559 65 (Stuart-Wortley)
1162 1749 151 65 lady,
1344 1748 323 54 1837-1912.

563 1821 180 55 Other
774 1822 367 66 dimensions;
1176 1843 31 33 a
1239 1822 260 53 selection
1533 1823 150 51 from
1716 1823 94 54 the
1841 1823 143 52 later
2015 1822 468 68 correspondence

492 1900 63 52 of
591 1899 256 54 Victoria
881 1899 135 66 lady
1051 1899 220 68 Welby,
1307 1900 187 53 edited
1530 1900 73 66 by
1638 1900 101 51 her
1775 1900 296 67 daughter,
2106 1899 137 52 Mrs.
2282 1899 199 68 Henry

495 1975 1987 69 Oust; with an introduction by L. P. Jacks … London, J. Cape
497 2056 172 64 [1931]

560 2122 88 42 362
674 2133 44 38 p.
746 2122 109 41 incl.
885 2122 148 42 front.
1063 2122 172 49 (port.)
1302 2122 116 42 23ᶜᵐ.

563 2193 69 39 “A
653 2193 162 40 choice
838 2193 52 39 of
911 2194 89 38 her
1022 2194 134 46 early
1178 2195 170 37 letters
1371 2195 89 38 has
1485 2195 240 46 appeared
1749 2195 49 38 in
1823 2195 184 39 Echoes
2031 2195 51 39 of
2105 2196 163 45 larger
2289 2194 190 40 life.”—

524 2281 12 11 p.
567 2248 84 51 [10]

499 2319 1965 109 © 1c. Dec. 3, 1931; A ad int. 15978; pubd. Oct. 5; Jonathan Cape & Harrison Smith, inc., New York. (32-4014)
490 2476 273 53 Western
805 2479 300 54 influences
1144 2479 58 52 in
1242 2482 233 51 modern
1514 2482 222 66 Japan;
1780 2501 31 34 a
1851 2481 169 54 series
2059 2482 64 52 of
2163 2499 205 51 papers
2410 2501 66 33 on

561 2554 245 52 cultural
846 2553 287 68 relations,
1173 2554 75 67 by
1291 2557 174 50 Inazo
1507 2554 207 55 Nitobe
1757 2557 111 52 and
1912 2556 205 53 others.
2211 2555 268 69 Chicago,

561 2630 1415 70 Ill., The University of Chicago press [ ᶜ1 931]
560 2707 83 48 xii,
673 2708 84 39 532
784 2717 43 37 p.
887 2707 127 40 illus.
1043 2707 132 46 (incl.
1203 2708 229 45 facsims.,
1463 2708 177 47 music)
1709 2709 145 40 20½ᶜᵐ.

564 2763 291 41 “Published
891 2765 94 38 and
1026 2766 254 45 presented
1319 2765 59 46 by
1417 2766 80 38 the
1535 2766 241 45 Japanese
1813 2765 186 40 council
2037 2765 51 40 of
2127 2766 80 39 the
2245 2765 232 41 Institute

491 2821 52 40 of
569 2820 176 41 Pacific
776 2820 610 42 relations.”—Foreword.

560 2878 133 40 Each
720 2887 148 38 paper
895 2878 103 38 also
1025 2876 162 40 issued
1215 2879 288 46 separately.

498 2945 51 51 ©
588 2950 109 39 Dec.
736 2948 68 46 15,
843 2947 139 46 1931;
1022 2948 66 39 2c.
1127 2949 95 38 and
1261 2947 81 41 aff.
1381 2949 109 40 Jan.
1527 2948 68 49 21,
1635 2949 140 46 1932;
1817 2950 40 37 A
1894 2949 170 46 40995;
2108 2948 280 48 University
2428 2948 50 40 of

565 3005 221 47 Chicago,
821 3004 219 47 Chicago.
1112 3004 248 47 (32-2471)

491 3103 228 67 Wheat,
751 3105 267 53 Leonard
1048 3107 334 63 Benjamin,
1417 3112 169 48 1902-

560 3181 142 52 Free
736 3179 364 53 associations
1134 3188 57 44 to
1227 3198 254 34 common
1516 3182 213 64 words;
1767 3200 31 33 a
1833 3182 171 68 study
2039 3180 64 54 of
2135 3182 157 52 word
491 3199 1961 112 associations
780 3263 57 46 to
887 3257 349 67 twenty-five
1285 3259 185 51 words
1520 3258 203 67 picked
1775 3264 59 46 at
1885 3259 239 51 random
2178 3257 152 53 from
2381 3257 94 52 the

490 3334 1983 145 five hundred most commonly used words in the English language, by Leonard B. Wheat … New York city, Teachers
490 3489 227 67 college,
749 3486 298 54 Columbia
1078 3487 333 68 university,
1445 3490 149 50 1931.

563 3578 40 33 V,
643 3567 56 39 46
738 3576 41 37 p.
842 3567 22 37 1
906 3566 142 45 illus.,
1088 3567 178 46 diagrs.
1325 3566 144 40 23½ᶜᵐ.
1541 3568 263 46 (Teachers
1844 3569 192 46 college,
2080 3567 248 41 Columbia
490 3569 1962 101 university.
742 3621 365 41 Contributions
1134 3625 48 37 to
1210 3623 270 47 education,
1508 3634 74 29 no.
1611 3623 109 49 498)

561 3680 168 38 Issued
756 3679 102 38 also
884 3689 54 28 as
963 3678 152 39 thesis
1152 3679 105 45 (PH.
1317 3679 33 45 D.)
1387 3678 248 41 Columbia
1663 3679 284 48 university.

559 3734 371 47 Bibliography:
965 3743 43 37 p.
1041 3732 156 41 39-40.

499 3801 1958 107 © Nov. 16, 1931; 2c. Dec. 28; aff. Jan. 10, 1932; A 46968: Teachers college, Columbia university. (32-2569)
