2563 4368
1271 4071 132 49 1910

334 469 386 64 Richardson,
748 468 178 54 Irwin
954 469 70 54 D.

405 547 138 53 Diet
570 546 113 52 and
713 545 213 53 disease;
986 565 79 34 or.
1095 548 119 50 The
1245 545 242 52 relation
1519 544 62 54 of
1610 546 120 52 diet
1756 550 58 47 to
1843 545 196 53 health
2069 546 112 52 and
336 546 1964 148 disease,

505 623 1823 70 by Irwin D. Richardson … Akron, O., The Me-na vita
336 721 296 49 company,
663 705 149 50 1932.

406 772 1032 52 2 p. 1, 3-145, [2] p. illus., plates. 19½ ᶜᵐ.
408 832 160 39 Blank
593 840 146 40 pages
763 831 79 39 for
873 831 203 40 “Notes”
1114 831 82 49 ([2]
1227 833 54 38 at
1306 832 116 48 end)

409 888 187 40 “Books
624 887 79 40 for
731 888 248 39 advanced
1009 885 227 52 reading”:
1296 898 43 37 p.
1369 888 98 40 145.

340 940 1988 52 © Nov. 23, 1932; 2c. and aff. Nov. 26; A 58097; L . D . Richardson. Akron,
408 1000 52 41 O.
532 1002 13 47 (CA
632 1000 145 40 33-12
797 1000 234 47 Unrev’d)
2093 997 148 43 12439

340 1089 211 65 [Shaw,
583 1090 226 63 George
839 1089 286 66 Bernard]
1164 1092 170 50 1856-

406 1166 120 53 The
571 1167 339 52 adventures
953 1165 64 53 of
1059 1166 95 52 the
1197 1165 165 53 black
1403 1166 114 68 girl
1561 1166 58 52 in
1664 1168 99 51 her
1806 1168 192 53 search
2045 1166 94 53 for
2182 1168 143 55 God.

335 1242 1452 70 London, Constable & company, limited [ ᶜ1 932]
405 1315 902 51 2 p. l. , 7-74, [1] p., 1 l. illus. 21 ᶜᵐ.
337 1371 1975 107 “Written by Bernard Shaw. Designed and engraved by John Farleigh …
567 1429 1121 48 and published for the first time … 1932.”
341 1485 1989 52 © 1c. Dec. 13, 1932; A ad int. 17224; pubd. Dec. 5; G. B. Shaw. London.
419 1545 249 48 (33-1503)

336 1634 296 65 Simenon,
663 1635 278 64 Georges,
973 1639 171 49 1903-

469 1709 1858 70 … Le relais d’Alsace, roman. Paris, A. Fayard & cⁱᵉ [1931]
407 1780 687 51 2 p. l. , [7]-252 p., 1 l. 19 ᶜᵐ.
342 1837 1990 52 © Nov. 3, 1931; 1c. Feb. 15, 1932; A—Foreign 15679; Arthome Fayard
410 1898 35 39 &
473 1898 83 40 cie.
627 1896 249 49 (33-1773)

337 1986 267 65 Sinclair,
633 1987 253 54 Gordon.

407 2065 322 51 Foot-loose
781 2063 59 53 in
891 2064 199 65 India;
1147 2064 338 52 adventures
1537 2063 63 52 of
1652 2083 30 33 a
1732 2083 150 34 news
1933 2066 196 53 chaser
2179 2065 151 53 from

338 2141 282 69 Khyber’s
660 2140 150 69 grim
845 2142 141 67 gash
1024 2142 64 52 of
1125 2141 171 53 death
1334 2146 59 46 to
1430 2141 94 52 the
1561 2140 149 69 tiger
1746 2141 225 69 jungles
2008 2141 63 54 of
2110 2143 221 68 Bengal

338 2221 114 50 and
483 2220 94 51 the
612 2221 269 49 Burmese
915 2218 176 52 battle
1125 2219 224 66 ground
1383 2218 64 51 of
1480 2219 95 52 the
1606 2219 166 52 black
1805 2220 182 51 cobra.
2064 2223 89 64 By
338 2221 1970 129 Gordon

481 2294 1850 71 Sinclair … Toronto, Doubleday, Doran and Gundy, ltd.,
341 2379 149 50 1932.

409 2444 1190 52 vii p., 2 l., 324 p. front. (port.) plates. 19½ ᶜᵐ.
412 2504 161 40 “First
603 2503 255 49 published
889 2502 217 47 October,
1137 2501 128 41 1932.
1328 2502 182 40 Second
1541 2502 216 47 printing
1789 2502 217 48 October,
2037 2504 156 39 1932.”

344 2559 1987 52 © 1c. Dec. 7, 1932; A ad int. 17205; pubd. Oct. 12; G. Sinclair, Islington,
414 2618 217 47 Ontario,
657 2618 211 40 Canada.
941 2615 248 49 (33-1493)

340 2690 341 66 Spaulding,
711 2693 219 50 Ernest
957 2689 237 63 Wilder,
1224 2696 170 49 1899-

409 2771 139 51 New
586 2769 162 52 York
785 2768 59 52 in
882 2768 94 52 the
1016 2767 220 52 critical
1275 2766 216 68 period,
1533 2768 324 66 1783-1789,
1894 2769 74 66 by
2007 2770 66 51 E.
2112 2768 220 54 Wilder

342 2843 1919 71 Spaulding … New York, Columbia university press, 1932.
344 2916 1988 99 xiii p., 2 l., [3]-334 p., 1 l. incl. maps. front. (port.) 23½ᶜᵐ. (Half-title:
502 2975 116 39 New
649 2975 131 39 York
810 2975 128 38 state
970 2972 253 40 historical
1254 2971 294 41 association
1578 2971 163 41 series.
1818 2983 42 30 [v.
1892 2972 68 49 1])

412 3030 347 48 Bibliography:
816 3040 42 37 p.
890 3028 248 50 [289]-315.

347 3083 50 51 ©
433 3088 108 39 Dec.
575 3088 69 41 21,
678 3087 112 38 1932;
851 3085 68 40 2c.
953 3087 93 37 and
1080 3084 80 40 aff.
1196 3085 111 40 Dec.
1339 3085 54 38 23;
1457 3085 40 38 A
1531 3085 144 39 57576;
1738 3085 248 39 Columbia
2022 3085 129 41 univ.
2184 3095 148 39 press.

424 3142 219 49 (33-729)

342 3216 248 65 Speidel,
620 3216 192 64 Willy.

413 3290 489 55 Wirtschaftliche
945 3288 544 71 energieverteilung
1531 3289 60 54 in
1635 3291 698 70 drehstromkabelnetzen,

346 3386 108 34 von
496 3368 226 67 dr.-ing.
763 3366 180 69 Willy
987 3365 244 69 Speidel.
1309 3367 112 53 Mit
1464 3366 64 53 17
1571 3367 396 68 abbildungen.
2048 3367 285 53 München

345 3444 115 52 und
490 3444 215 67 Berlin,
734 3444 67 51 R.
834 3442 384 69 Oldenbourg,
1249 3446 149 50 1932.

412 3513 786 49 xi, 113 p. illus., diagrs. 25 ᶜᵐ.
415 3568 607 43 “Literaturverzeichnis”:
1081 3580 43 37 p.
1154 3569 129 43 x-xi.

349 3626 1817 52 © Sept. 27, 1932; 1c. Nov. 25; A— Foreign 18737; R. Oldenbourg.
426 3686 248 47 (33-1562)

345 3756 280 65 Spender,
654 3759 154 53 John
840 3758 230 64 Alfred,
1105 3763 169 49 1862-

415 3832 131 53 Life
581 3831 64 54 of
676 3833 253 54 Herbert
956 3834 204 68 Henry
1191 3832 267 70 Asquith,
1491 3835 126 52 lord
1653 3833 229 56 Oxford
1917 3835 113 53 and
2065 3834 268 70 Asquith,

347 3908 1983 72 by J. A. Spender and Cyril Asquith … London, Hutchinson
345 3986 46 50 &
414 4003 78 35 co.
523 3989 171 64 [1932]
