2563 4368
1333 4053 100 49 618

437 494 610 42 “Literaturverzeichnis”
1067 505 10 30 :
1118 507 42 37 p.
1216 494 236 50 [337]-340.

374 566 1992 52 © Nov. 11, 1931; 1c. Feb. 25, 1932; A—Foreign 15879; R. Yoigtländers
441 629 178 46 verlag.
690 625 280 50 (32-11470)

369 731 238 64 Blüher,
636 732 185 62 Hans,
852 735 170 50 1888-

364 806 1977 148 … Die erhebung Israels gegen die christlichen güter. Hamburg,
555 884 1350 69 Berlin, Hanseatische verlagsanstalt [ ᶜ1 931]
370 956 1981 101 202 p., 1 l. 2 pl. on 1 1. (incl. 3 port.) 21½ ᶜᵐ. (Half-title: Die ring bücherei der
740 1014 390 41 Hanseatischen
1162 1013 396 50 verlagsanstalt,
1590 1014 277 50 Hamburg)

718 1094 59 5 CONTENTS.—
780 1071 98 42 Der
930 1074 78 38 rat
1060 1072 84 40 des
1195 1070 415 42 Macchiavelli.—
1614 1071 437 42 Protestantismus
2106 1072 73 41 als
369 1074 1983 97 norddeutsche
630 1128 518 49 entscheidung.—Die

1178 1127 412 50 gegengründung
1617 1128 84 41 des
1730 1128 443 43 nachchristlichen
370 1131 1982 97 Judentums.—Frankreich
907 1185 75 41 als
1011 1184 391 42 antichristliche
1431 1185 694 51 sendungsmacht.—Anhang
2141 1197 10 30 :
2185 1187 184 41 Martin

372 1244 173 41 Buber.
605 1243 255 41 Friedrich
891 1240 228 43 Gundolf.
1179 1241 91 42 Die
1299 1253 178 37 presse.

379 1312 1976 108 © Dec. 8, 1931; 1c. Jan. 19, 1932; A —Foreign 15393; Hanseatische verlagsanstalt,
780 1383 42 30 a.
848 1381 42 37 g.
961 1369 279 50 (32-10994)

376 1473 391 68 Bolshevism,
798 1475 251 66 fascism,
1083 1474 112 53 and
1228 1473 326 69 capitalism;
1616 1492 74 36 an
1721 1479 238 50 account
1989 1474 65 55 of
2083 1475 98 55 the
2210 1474 161 56 three

442 1551 282 57 economic
757 1557 252 63 systems,
1040 1550 75 70 by
1149 1549 218 70 George
1401 1550 56 55 S.
1495 1550 231 69 Counts,
1758 1550 171 69 Luigi
1964 1550 229 70 Villari,
444 1551 1903 132 Malcolm

625 1628 60 55 C.
723 1628 183 70 Rorty
946 1628 150 69 [and]
1137 1627 239 55 Newton
1411 1628 71 54 D.
1521 1627 202 54 Baker.
1798 1628 136 53 New
1971 1629 223 69 Haven,
2230 1629 141 53 Pub.

446 1707 92 53 for
576 1706 98 55 the
714 1707 271 53 Institute
1024 1704 64 54 of
1129 1705 226 68 politics
1394 1704 74 69 by
1509 1705 94 52 the
1647 1705 144 52 Yale
1831 1704 314 71 university
2186 1724 184 51 press;

445 1784 257 67 London,
728 1783 76 53 H.
836 1782 262 68 Milford,
1129 1780 227 55 Oxford
1386 1780 315 71 university
1730 1800 173 51 press,
1934 1785 149 50 1932.

375 1855 1985 108 4 p. l., [3]-274 p. 20½ᶜᵐ (Half-title: The Institute of politics publications,
609 1914 243 40 Williams
882 1914 192 48 college,
1105 1912 391 48 Williamstown,
1527 1912 173 49 Mass.)

724 1971 162 39 CONTENTS.—The
925 1970 156 40 soviet
1120 1969 234 50 planning
1394 1971 180 46 system
1617 1970 94 40 and
1754 1970 82 40 the
1876 1970 228 49 five-year
2145 1971 128 48 plan,
2318 1971 60 50 by

377 2028 52 41 G.
471 2028 45 41 S.
555 2026 361 43 Counts.—The
953 2024 268 43 economics
1260 2026 53 41 of
1349 2025 216 48 fascism,
1603 2026 61 48 by
1704 2026 142 49 Luigi
1885 2026 189 41 Villari.
2076 2028 162 40 —The
377 2038 1982 88 economics
598 2085 51 40 of

688 2083 291 49 capitalism,
1017 2083 60 48 by
1118 2084 62 40 M.
1219 2082 51 42 C.
1311 2083 397 47 Rorty.—World
1749 2082 242 43 economic
2030 2083 247 50 planning,
2317 2084 61 49 by

377 2142 56 40 N.
460 2142 57 39 D.
545 2139 491 49 Baker.—Appendix
1055 2150 9 29 :
1090 2138 284 42 Discussion
1401 2139 53 40 of
1478 2139 81 40 the
1584 2138 244 42 economic
1852 2141 207 46 systems
2085 2140 51 40 of
2162 2140 216 47 fascism,

377 2197 330 46 communism,
736 2197 96 39 and
860 2196 289 48 capitalism.

387 2250 51 52 ©
467 2254 113 48 Apr.
609 2254 39 46 8,
678 2252 112 41 1932;
847 2253 68 40 2c.
945 2253 113 47 May
1086 2253 26 38 4;
1172 2251 81 40 aff.
1284 2252 113 46 May
1425 2252 26 38 2;
1509 2251 41 39 A
1576 2250 143 41 49821;
1781 2252 118 40 Yale
1928 2250 271 50 university
2228 2262 147 39 press.

464 2309 279 50 (32-26505)

376 2409 399 64 Bonnechose,
799 2410 283 70 François
1102 2413 144 52 Paul
1272 2401 187 64 Émile
1483 2411 429 54 Boisnormand
1937 2413 89 62 de,
2050 2411 325 55 1801-1875.

512 2488 1865 68 … France, revised and edited from the work of Emile de
383 2566 1994 70 Bonnechose by Fred Morrow Fling … [Memorial ed.] New
381 2644 1351 69 York, P. F. Collier & son company [ ᶜ1 932]
382 2716 1977 107 xvii, 569 p. front., illus. (maps) plates, col. port. 23 ᶜᵐ. (The history of nations,
841 2772 1102 50 H. C. Lodge … editor-in-chief, vol. IX)
457 2831 331 47 Frontispiece
819 2832 94 39 and
946 2831 190 39 colored
1168 2830 211 48 portrait
1409 2830 341 48 accompanied
1783 2831 60 46 by
1876 2831 155 47 guard
2064 2831 162 41 sheets
2257 2830 120 42 with

382 2888 291 47 descriptive
703 2889 297 46 letterpress.

452 2944 374 48 Bibliography:
854 2953 43 38 p.
945 2942 235 50 [559]-569.

392 2999 51 51 ©
469 3003 112 47 Apr.
608 3004 38 44 1,
672 3002 113 40 1932;
839 3002 55 40 2c.
934 3003 113 46 May
1072 3002 52 46 3;
1153 3000 83 41 aff.
1262 3001 113 48 Apr.
1401 3001 81 46 30;
1511 3002 39 39 A
1575 3001 145 41 49817;
1776 3003 49 39 P.
1854 3002 50 40 F.
1934 3002 177 40 Collier
2138 3002 36 40 &
2200 3011 85 31 son
2312 3012 66 30 co.

480 3056 51 51 [©
556 3070 104 30 new
684 3059 226 40 material
934 3059 95 39 and
1055 3057 250 49 revisions]
1377 3058 280 49 (32-12646)

383 3161 329 65 Bosworth,
740 3162 201 63 Harry
966 3161 173 63 John,
1170 3162 170 54 1873-

441 3236 1931 132 Dental economics, by Harry J. Bosworth … [Chicago] ᶜ1 932.
457 3387 1335 50 1 p. l., iv, 616 p. front. (port.) illus., forms. 24 ᶜᵐ.
458 3444 170 40 Editor
646 3454 9 29 :
686 3444 49 40 C.
764 3445 54 39 U.
845 3443 223 48 Hillweg.
1128 3442 60 48 cf.
1217 3444 130 40 Pref.

395 3498 51 51 ©
481 3502 107 39 Feb.
623 3503 39 44 1,
694 3500 139 45 1932;
867 3500 67 41 2c.
968 3499 108 40 Feb.
1111 3500 51 47 5;
1197 3500 81 40 aff.
1313 3502 111 46 May
1456 3501 83 45 31;
1574 3500 39 39 A
1646 3500 170 47 48328;
1852 3501 256 40 Bosworth
2141 3499 239 40 economic

461 3557 239 41 institute.
771 3556 250 48 (32-4845)

391 3658 333 65 Bromfield,
750 3657 198 65 Louis,
979 3663 171 49 1896-

458 3734 56 52 A
543 3734 235 52 modern
809 3734 152 67 hero,
990 3734 74 67 by
1095 3734 172 53 Louis
1299 3735 328 53 Bromfield.
1694 3736 138 52 New
1864 3735 178 66 York,
2073 3734 305 54 Frederick

388 3810 71 53 A.
493 3810 200 55 Stokes
722 3828 295 51 company,
1050 3814 151 51 1932.

459 3884 472 49 4 p. l., 450 p. 19½ ᶜᵐ.
397 3937 51 52 ©
483 3942 112 47 Apr.
631 3941 68 48 28,
735 3940 140 47 1932;
911 3941 66 40 2c.
1014 3943 94 38 and
1144 3941 81 41 aff.
1260 3941 114 49 Apr.
1408 3941 82 48 30;
1527 3942 41 39 A
1601 3941 170 47 49788;
1809 3942 51 41 L.
1897 3941 273 48 Bromfield,
2208 3939 166 45 Senlis,

464 3998 199 40 France.
734 3997 278 43 (32-26501)
