2563 4368
1136 4030 99 49 843

202 433 281 65 Mourret,
514 432 288 64 Fernand,
835 434 169 49 1854-

268 511 53 51 A
343 511 219 67 history
582 510 63 52 of
672 510 96 51 the
790 506 259 55 Catholic
1070 506 227 66 church,
1317 506 75 68 by
1413 506 95 51 the
1535 507 136 51 Rev.
1695 504 268 53 Fernand
204 505 1954 152 Mourret,

370 585 1812 70 S. S.; translated by the Rev. Newton Thompson … v. 1.
203 667 207 53 Period
450 667 62 51 of
551 667 155 66 early
744 662 324 69 expansion.
1146 661 82 55 St.
1269 662 191 69 Louis,
1496 662 134 67 Mo.,
1667 662 113 53 and
1816 662 259 68 London,
2113 662 68 52 B.

201 744 224 53 Herder
452 743 146 52 book
624 761 96 48 co.,
750 743 149 51 1930.

273 830 96 47 xix,
400 830 85 39 636
511 839 43 39 p.
611 828 54 41 23½ᶜᵐ.

208 898 51 51 ©
288 902 109 38 Dec.
425 901 67 40 14.
521 899 111 40 1931;
690 899 66 40 2c.
784 898 110 40 Dec.
922 898 55 39 15;
1035 897 80 40 aff.
1146 898 111 40 Dec.
1286 898 55 40 17;
1398 898 41 38 A
1466 898 143 40 45533;
1669 898 53 39 B.
1752 898 188 39 Herder
1970 898 121 38 book
2119 908 68 30 co.

283 956 219 48 (31-507)

201 1088 226 65 Muller,
461 1088 189 54 Julius
678 1087 413 65 Washington,
1125 1087 171 55 1867-

270 1164 245 68 Fishing
541 1164 219 52 around
789 1164 138 52 New
958 1162 188 68 York;
1180 1163 185 53 where
1393 1168 59 48 to
1480 1162 120 53 find
1630 1163 172 68 them,
1831 1162 127 53 how
1988 1168 58 48 to
2078 1163 108 69 rig,

199 1242 127 53 how
353 1248 57 47 to
441 1243 161 51 catch
628 1241 153 53 them;
843 1242 163 51 chart
1037 1239 63 54 of
1128 1239 177 54 books
1335 1240 259 69 showing
1623 1245 162 48 exact
1814 1240 141 54 sizes
1983 1246 59 48 to
2072 1257 115 52 use,

200 1324 119 63 etc.,
353 1318 75 69 by
462 1319 55 54 J.
552 1318 89 54 W.
676 1318 238 67 Muller;
952 1317 225 53 Arthur
1212 1317 331 69 Knowlson,
1580 1316 394 55 collaborator.
2047 1319 138 53 Rev.

201 1399 150 50 1932.
419 1395 311 69 Brooklyn,
763 1395 69 53 N.
866 1395 91 68 Y.,
989 1395 66 53 F.
1086 1393 272 56 Weidner
1389 1394 266 70 printing
1685 1397 45 51 &
1762 1395 133 69 pub.
1931 1414 98 50 co.,
2060 1395 127 70 inc.,

254 1475 117 51 ᶜ1 932.
270 1559 436 48 64 p. illus. 18 ᶜᵐ.
206 1628 51 52 ©
291 1634 112 45 May
433 1632 68 47 26,
533 1630 140 47 1932;
705 1630 66 40 2c.
804 1630 94 40 and
931 1630 81 41 aff.
1045 1631 127 39 June
1202 1632 52 44 1;
1286 1630 41 39 A
1359 1630 141 39 52242;
1563 1632 51 39 F.
1646 1631 229 40 Weidner
1905 1630 217 50 printing
2154 1633 35 40 &

272 1689 109 47 pub.
409 1698 81 38 co.,
519 1688 89 39 inc.
679 1687 278 48 (32-14772)

199 1819 244 66 Neville,
474 1820 136 51 Mrs.
643 1818 231 54 Amelia
912 1819 353 65 (Ransome)
1307 1820 323 56 1837-1927.

267 1896 120 51 The
420 1895 271 54 fantastic
725 1893 143 69 city;
902 1895 262 53 memoirs
1196 1894 63 54 of
1290 1895 96 55 the
1421 1896 169 53 social
1626 1895 113 53 and
1773 1895 278 54 romantic
2083 1895 105 53 life

198 1973 64 52 of
289 1972 94 54 old
415 1971 116 55 San
560 1971 318 69 Francisco,
907 1972 75 68 by
1011 1971 223 54 Amelia
1264 1971 280 55 Ransome
1574 1971 249 69 Neville;
1856 1972 189 56 edited
2075 1974 113 52 and

198 2050 217 53 revised
440 2050 76 68 by
545 2048 266 69 Virginia
841 2049 275 54 Brastow.
1183 2049 213 53 Boston
1426 2050 113 54 and
1570 2049 135 54 New
1740 2049 178 70 York,
198 2050 1965 132 Houghton

322 2125 202 56 Mifflin
554 2144 293 51 company,
877 2128 151 52 1932.

266 2211 1184 49 xii p., 1 l., 285 p. front., plates, ports. 25 ᶜᵐ.
205 2281 51 52 ©
285 2286 125 39 June
438 2286 38 47 1,
506 2283 139 47 1932;
674 2285 68 39 2c.
771 2285 125 39 June
923 2285 54 46 4;
1009 2283 82 41 aff.
1120 2284 127 40 June
1273 2285 53 46 3;
1357 2284 41 39 A
1427 2284 170 48 52282;
1630 2286 264 47 Houghton
1923 2286 169 40 Mifflin
2121 2298 67 30 co.

282 2340 277 50 (32-14694)

200 2474 246 65 Newlin,
474 2474 222 54 Harold
723 2473 71 57 V.

197 2546 1965 147 An answer to prohibition … by Harold V. Newlin. [Portland,
382 2625 996 69 Ore., Metropolitan press, ᶜ1 932]
264 2711 59 42 48
358 2721 44 39 p.
469 2710 58 42 20½ᶜᵐ.

267 2767 375 49 Bibliography:
676 2778 43 38 p.
750 2767 71 41 48.

206 2838 51 51 ©
285 2843 112 45 May
424 2841 69 47 21,
520 2839 112 41 1932;
688 2841 67 39 2c.
784 2842 94 38 and
907 2839 80 41 aff.
1017 2841 112 47 May
1157 2841 55 40 31;
1268 2841 42 39 A
1337 2841 144 41 51570;
1537 2843 59 40 H.
1626 2843 52 40 V.
1707 2844 202 48 Newlin,
1939 2846 249 45 Portland,

274 2898 78 40 Or.
422 2898 278 49 (32-14755)

199 3007 179 65 Nuss,
405 3005 254 55 William
686 3006 289 66 Winfred,
1006 3011 170 51 1866-

268 3084 423 68 Physiological
721 3085 112 52 and
861 3083 241 54 medical
1130 3085 167 68 facts,
1322 3086 76 68 by
1424 3087 260 56 William
1711 3088 294 56 Winifred
2033 3092 149 53 Nuss

261 3160 1921 74 … Elkland, Penna. [ New York, Printed by the International
199 3256 173 50 press]
410 3243 151 50 1932.

272 3325 244 48 87 p. 23½ ᶜᵐ.
206 3388 51 52 ©
283 3395 111 46 Apr.
421 3395 39 47 8,
486 3394 112 41 1932;
651 3396 68 40 2c.
745 3398 94 38 and
866 3396 81 43 aff.
974 3398 112 47 Apr.
1113 3399 53 39 13;
1222 3399 41 39 A
1289 3400 140 40 50731;
1486 3402 71 40 W.
1583 3403 71 40 W.
1681 3403 142 48 Nuss,
1851 3403 222 49 Elkland,
2103 3406 81 37 Pa.

282 3450 13 48 (CA
379 3451 171 40 32-401
571 3453 233 48 Unrev’d)

201 3551 257 68 Patrick,
487 3553 86 68 Q.,
599 3555 196 67 pseud.

199 3627 1956 146 Murder at the Women’s city club, by Q. Patrick … Philadelphia,
473 3708 225 53 Roland
729 3709 193 55 Swain
950 3728 295 52 company,
1277 3718 149 50 1932.

300 3819 9 17 v,
342 3789 85 41 294
458 3801 44 38 p.
559 3790 129 41 illus.
716 3791 164 50 (plan)
949 3793 58 41 19½ᶜᵐ.

205 3854 1974 65 © Apr. 17, 1932; 1c. June 8; 1c. June 10; aff. June 18; A 51817; Roland
273 3914 174 50 Swain,
472 3918 351 49 Philadelphia.
893 3921 279 50 (32-26062)
