2563 4368
1328 4061 102 54 722

395 535 55 55 S.
493 537 260 52 Bernard
794 536 64 53 of
899 535 328 55 Clairvaux.
1304 537 241 52 Printed
1586 538 75 68 by
1703 537 252 68 Stephen
1994 538 71 53 A.
2104 539 259 52 Hurlbut,

395 614 396 69 Washington,
819 617 71 51 D.
921 615 82 68 C.,
1031 617 121 52 The
1181 615 168 56 Saint
1375 614 219 55 Albans
1623 634 175 50 press,
1829 619 149 50 1932.

463 689 960 49 1 p. l., 30 p. illus., facsim. 18½ᶜᵐ.
395 755 52 52 ©
477 760 125 39 June
631 761 39 45 1,
701 759 139 47 1932;
871 761 66 40 2c.
967 761 93 39 and
1091 759 83 44 aff.
1202 761 128 38 June
1357 761 51 46 3;
1441 759 38 39 A
1510 758 169 48 52275;
1716 759 43 40 S.
1791 760 53 40 A.
1874 759 231 48 Hurlbut,
462 759 1908 98 Washington.

391 918 239 56 Illinois.
704 920 309 68 Appellate
1048 925 203 50 courts.

464 997 1916 68 Reports of cases determined … with a directory of the
393 1076 288 69 judiciary
723 1077 63 53 of
831 1078 94 52 the
967 1082 145 48 state
1154 1077 111 53 and
1313 1078 277 52 abstracts
1633 1076 64 54 of
1738 1095 150 36 cases
1930 1077 334 68 designated
2306 1078 76 69 by

393 1154 1925 70 the courts as not to be reported in full. v. 263, A. D. 1932 …
392 1234 289 68 Reported
725 1235 75 66 by
846 1235 157 52 Basil
1049 1236 191 54 Jones.
1317 1233 271 71 Chicago,
1631 1235 322 69 Callaghan
1996 1239 46 50 &
2085 1253 298 53 company,

395 1317 148 50 1932.

460 1387 498 49 xxix, 685 p. 23 ᶜᵐ .
395 1455 50 52 ©
475 1461 124 38 June
627 1461 39 44 7,
695 1457 140 46 1932;
866 1458 65 41 2c.
960 1458 126 40 June
1114 1457 53 48 9;
1199 1457 81 43 aff.
1309 1458 125 40 June
1463 1457 81 48 10;
1575 1458 41 39 A
1644 1457 169 48 52394;
1846 1458 268 49 Callaghan
2144 1461 35 39 &
2207 1468 68 31 co.

390 1579 198 64 Jacob,
616 1579 215 52 Naomi
860 1576 320 65 Ellington,
1211 1581 170 51 1889-

456 1655 204 68 Props,
701 1654 74 70 by
817 1654 205 54 Naomi
1065 1652 197 56 Jacob.
1339 1653 259 68 London,
1639 1653 365 55 Hutchinson
2049 1657 46 50 &
2136 1673 99 50 co.,
2278 1655 102 54 ltd.

391 1735 173 66 [1932]

455 1805 335 49 287 p. 19 ᶜᵐ .
394 1873 1988 53 © 1c. May 10, 1932; A ad int. 16392; pubd. Mar. 11; N. Jacob, London.
471 1934 280 50 (32-12987)

389 2039 216 64 Keene,
637 2038 272 65 Carolyn.

388 2112 1972 133 … Nancy’s mysterious letter, by Carolyn Keene … illustrated
613 2192 73 68 by
727 2191 223 52 Russell
988 2191 75 52 H.
1105 2190 219 68 Tandy.
1400 2190 136 53 New
1578 2189 176 69 York,
1795 2189 232 54 Grosset
2061 2192 46 49 &
2147 2190 232 68 Dunlap

391 2271 193 66 [ ᶜ19 32]
457 2339 61 49 iv,
544 2339 87 41 209
652 2350 42 38 p.
747 2339 163 48 front.,
936 2340 169 47 plates.
1158 2338 146 42 19½ᶜᵐ.
1365 2338 129 48 (Her
1515 2339 167 48 Nancy
1708 2339 142 40 Drew
1876 2342 214 45 mystery
2116 2338 200 57 stories)

395 2410 50 52 ©
477 2416 112 46 May
619 2414 68 47 16,
719 2413 111 40 1932;
889 2412 67 44 2c.
987 2414 95 38 and
1113 2412 82 41 aff.
1226 2414 111 46 May
1368 2413 81 46 18;
1482 2412 40 38 A
1552 2411 169 46 51366;
1757 2412 196 40 Grosset
1984 2413 35 39 &
2051 2412 207 48 Dunlap,
2291 2413 89 39 inc.

471 2471 278 49 (32-12763)

388 2576 262 63 Ladline,
678 2575 241 55 Robert.

456 2652 121 52 The
609 2657 160 63 quest
803 2649 64 53 of
901 2650 96 53 the
1030 2648 308 70 vanishing
1373 2654 137 64 star,
1543 2649 77 69 by
1654 2648 217 54 Robert
1902 2648 257 54 Ladline.
386 2649 1968 148 London,

541 2729 78 53 H.
648 2727 260 69 Jenkins,
935 2727 221 53 limited
1192 2729 173 65 [1932]

455 2801 274 48 312 p 19 ᶜᵐ .
393 2855 1969 109 © 1c. Mar. 15, 1932; A ad int. 16389; pubd. Jan. 18; R. Ladline, Wallasey,
638 2916 244 48 Cheshire,
914 2914 235 49 England.
1220 2913 278 49 (32-12988)

389 3019 216 66 Lavell,
633 3021 137 51 Mrs.
802 3018 200 56 Edith.

456 3095 1919 69 Linda Carlton’s perilous summer, by Edith Lavell … New
388 3176 179 66 York,
595 3173 268 68 Chicago,
891 3175 70 51 A.
990 3176 62 52 L.
1083 3175 147 52 Burt
1256 3191 282 50 company
1570 3177 193 64 [ᶜ1932]

458 3244 1361 51 247 p. front. 19 ᶜᵐ . (Her Linda Carlton series)
395 3301 50 52 ©
475 3306 112 46 May
616 3304 67 47 10,
712 3304 113 39 1932;
880 3303 66 41 2c.
976 3305 94 38 and
1099 3303 79 40 aff.
1211 3304 111 47 May
1351 3303 52 39 11;
1462 3303 41 39 A
1530 3302 142 41 51239;
1729 3303 55 41 A.
1812 3303 50 40 L.
1892 3304 123 39 Burt
2043 3311 65 31 co.

469 3360 278 49 (32-12723)

390 3463 328 64 Maternity
746 3465 200 52 center
975 3462 375 65 association,
1379 3464 140 52 New
1550 3462 176 54 York.

456 3540 316 67 Maternity
810 3537 322 67 handbook,
1174 3537 94 53 for
1307 3544 285 62 pregnant
1630 3539 250 52 mothers
1922 3537 111 54 and
2076 3542 301 63 expectant

390 3617 235 66 fathers,
657 3616 74 68 by
763 3617 96 51 the
892 3615 316 67 Maternity
1242 3620 188 48 center
1465 3615 355 67 association,
1854 3614 138 54 New
2030 3614 161 53 York
2227 3614 145 70 city;

387 3699 120 47 text
538 3693 279 67 prepared
850 3693 75 67 by
958 3692 164 51 Anne
1154 3692 69 51 A.
1261 3690 264 67 Stevens;
1560 3691 379 53 illustrations
1973 3691 75 69 by
2081 3691 295 69 Margaret

392 3766 1980 71 Ayer … New York and London, G. P. Putnam’s sons, 1932.
456 3842 96 46 178,
585 3841 53 50 [4]
668 3852 41 36 p.
773 3841 127 40 illus.
961 3840 144 41 19½ᶜᵐ.

484 3897 158 40 Blank
670 3906 145 38 pages
843 3898 78 38 for
950 3895 371 41 “Memoranda”
1359 3896 83 49 ([4]
1473 3898 52 38 at
1554 3897 116 46 end)

394 3952 51 51 ©
471 3957 113 46 Apr.
610 3954 68 47 29,
706 3954 111 41 1932;
873 3954 66 41 2c.
968 3956 94 38 and
1090 3954 80 39 aff.
1200 3955 112 47 May
1339 3954 26 39 5;
1421 3954 38 39 A
1486 3952 143 42 49835;
1687 3954 266 48 Maternity
1980 3956 162 38 center
461 3952 1896 108 association,

604 4012 116 39 New
748 4011 142 40 York.
961 4010 279 49 (32-26564)
