2563 4368
1138 4143 131 51 1859

203 539 133 63 Gee,
369 537 238 62 Wilson,
640 541 168 50 1888-

270 608 1919 70 Research barriers in the South, by Wilson Gee … New
204 689 1216 67 York, London, The Century co. [ ᶜ1 932 ]
271 764 62 46 ix,
360 763 83 40 192
472 774 42 37 p.
540 763 109 40 incl.
675 762 166 39 forms.
902 760 114 41 23ᶜᵐ.
1134 758 128 49 $2.25

272 819 323 48 Compilation
626 818 52 40 of
709 819 80 39 the
822 817 317 40 information
1172 816 225 40 obtained
1432 817 61 47 by
1525 817 80 39 the
1638 826 175 36 survey
1844 817 139 39 made
2016 816 61 47 by
2109 817 81 39 the

204 877 237 39 Southern
477 875 212 47 regional
720 874 272 40 committee
1023 874 51 39 of
1106 874 80 38 the
1219 872 155 40 Social
1407 872 185 40 science
1623 873 224 38 research
1878 870 199 42 council.

205 928 51 53 ©
287 933 116 40 Nov.
433 932 68 46 21,
532 931 113 40 1932;
703 931 66 40 2c.
801 931 95 39 and
925 930 81 40 aff.
1037 930 115 39 Nov.
1185 930 81 41 25;
1299 930 40 38 A
1369 929 168 47 58080;
1574 929 212 48 Century
1817 940 68 30 co.

283 989 277 48 (32-35045)

203 1078 214 63 Gregg,
448 1077 255 53 Richard
734 1077 278 63 Bartlett,
1045 1082 170 48 1885-

274 1152 341 55 Gandhiism
658 1172 192 34 versus
892 1154 301 66 socialism,
1235 1155 74 65 by
1349 1153 256 53 Richard
1650 1155 68 50 B.
1763 1152 210 68 Gregg.
2050 1154 139 52 New

207 1231 176 67 York,
408 1232 119 52 The
554 1231 157 54 John
738 1232 130 66 Day
893 1249 279 49 company
1278 1234 117 62 [ᶜ1932]

276 1303 1905 49 2 p. l., 7-30 p. 19½ᶜᵐ. (On cover: The John Day pamphlets, no. 17)
206 1358 51 51 ©
289 1362 109 40 Dec.
430 1365 24 35 8,
500 1362 112 38 1932;
672 1362 64 37 2c.
769 1362 93 38 and
894 1361 81 39 aff.
1008 1361 109 39 Dec.
1149 1360 25 39 9;
1234 1361 40 38 A
1305 1360 141 40 57415;
1509 1361 53 38 R.
1597 1362 53 39 B.
1683 1361 167 45 Gregg.
1885 1360 195 40 Boston.

282 1418 277 47 (32-35003)

204 1498 255 65 Gribetz,
490 1498 178 54 Louis
697 1499 214 63 Judah,
946 1504 169 48 1896-

272 1575 233 53 Jimmie
550 1574 252 67 Walker,
849 1575 93 52 the
987 1581 157 61 story
1190 1573 63 54 of
1298 1593 31 33 a
1377 1574 370 69 personality,
1793 1574 74 68 by
1913 1574 174 53 Louis
2135 1574 56 53 J.

202 1652 233 55 Gribetz
478 1653 113 52 and
631 1651 217 68 Joseph
889 1652 181 68 Kaye.
1149 1651 139 53 New
1331 1651 180 68 York,
1551 1652 65 52 L.
1660 1651 353 69 MacVeagh,
2056 1652 135 52 Dial

202 1747 173 50 press,
403 1729 126 68 inc.,
560 1731 151 52 1932.

271 1800 1464 49 5 p. l., 3-353 p. front., plates, ports., facsims. 22½ᶜᵐ.
207 1856 50 51 ©
284 1861 110 40 Dec.
421 1861 53 39 16,
513 1861 113 39 1932;
680 1860 65 39 2c.
772 1860 110 39 Dec.
908 1861 54 38 17;
1017 1860 80 39 aff.
1125 1860 111 38 Dec.
1261 1860 53 38 19;
1371 1860 40 38 A
1435 1860 140 39 57511;
1634 1861 49 39 L.
1710 1861 43 38 J.
1781 1860 208 42 Gribetz,
273 1860 1905 104 Brooklyn.

395 1918 95 38 and
517 1916 178 48 Joseph
723 1918 150 46 Kaye,
901 1917 117 38 New
1045 1916 143 40 York.
1259 1915 278 47 (32-35512)

204 1992 248 63 Hadida,
482 1992 213 64 Sophie
724 1993 60 53 C.

275 2068 267 52 Manners
584 2068 93 52 for
717 2068 268 67 millions,
1026 2088 32 33 a
1100 2075 213 46 correct
1354 2070 132 51 code
1527 2068 62 53 of
1627 2069 261 67 pleasing
1930 2070 261 66 personal

204 2144 1926 69 habits for everyday men and women, by Sophie C. Hadida …
206 2221 230 54 Garden
468 2223 152 66 City,
649 2224 70 50 N.
752 2224 90 65 Y.,
871 2223 356 66 Doubleday,
1256 2223 197 52 Doran
1483 2225 45 50 &
1560 2240 296 49 company,
1884 2224 126 65 inc.,
2042 2226 150 49 1932.

279 2293 781 49 xi p., 1 l., 312 p. illus. 21ᶜᵐ.
209 2346 51 53 ©
295 2353 109 40 Dec.
439 2353 38 46 1,
512 2353 111 38 1932;
687 2352 66 40 2c.
788 2354 94 38 and
917 2351 80 40 aff.
1032 2352 109 39 Dec.
1177 2352 81 45 12;
1294 2352 41 38 A
1370 2352 168 45 57418;
1577 2352 42 40 S.
1658 2352 48 40 C.
1742 2352 209 48 Hadida,
1988 2352 206 39 Buffalo.

286 2407 278 50 (32-35598)

207 2483 307 63 Hastings,
546 2484 294 52 Lansford
882 2484 256 53 Warren.

209 2557 1961 131 … The emigrants’ guide to Oregon and California, by Lansford
373 2636 88 53 W.
494 2636 310 68 Hastings;
840 2636 348 67 reproduced
1224 2637 58 51 in
1318 2636 279 53 facsimile
1633 2636 151 53 from
1817 2637 95 53 the
1948 2637 245 70 original

206 2713 215 53 edition
471 2713 64 52 of
586 2717 150 62 1845,
786 2713 140 52 with
975 2713 293 52 historical
1319 2719 130 47 note
1500 2715 112 51 and
1664 2714 324 69 bibliography
2120 2715 77 68 by

209 2790 234 55 Charles
475 2792 202 67 Henry
710 2789 199 69 Carey.
978 2790 326 68 Princeton,
1335 2790 307 54 Princeton
1673 2790 317 71 university
2022 2810 175 50 press,

209 2871 149 50 1932.

278 2941 131 46 xxix,
447 2941 84 40 157
565 2951 42 37 p.
668 2940 134 41 front.
845 2941 169 47 (port.)
1083 2940 145 39 22½ᶜᵐ.
1300 2939 310 49 (Narratives
1648 2941 52 40 of
1738 2941 82 40 the
208 2941 1973 103 trans-Mississippi
362 2997 231 47 frontier)

279 3053 370 47 Bibliography:
681 3063 42 37 p.
757 3051 318 51 [xxiii]-xxiv.

213 3108 51 51 ©
298 3112 107 39 Dec.
441 3113 53 36 15,
541 3111 111 40 1932;
715 3111 67 40 2c.
813 3113 93 37 and
940 3110 70 40 aff
1057 3111 109 39 Dec.
1201 3112 52 38 17;
1315 3112 40 37 A
1388 3111 142 40 58467;
1595 3111 256 40 Princeton
1886 3111 128 41 univ.
2050 3122 148 38 press.

284 3164 66 54 [©
378 3168 330 39 introduction
735 3169 92 37 and
855 3170 149 46 notes]
1077 3167 278 47 (32-35508)

209 3240 346 57 Heathcote,
592 3242 242 54 Charles
876 3241 263 64 William,
1175 3245 170 49 1882-
1556 3260 82 35 ed.

279 3319 53 51 A
364 3319 220 66 history
617 3317 63 53 of
716 3318 233 54 Chester
983 3323 226 63 county,
1242 3317 442 69 Pennsylvania,
1718 3319 179 52 under
1932 3318 266 54 editorial

210 3394 1987 69 supervision of C. AY. Heathcote, sr. … Lucile Shenk, associate
211 3473 197 52 editor.
474 3472 375 69 Harrisburg,
878 3472 271 53 National
1179 3472 293 52 historical
1503 3472 354 68 association,
1887 3473 127 66 inc.,
2048 3476 148 49 1932.

282 3546 78 39 vii.
390 3545 85 40 479
503 3555 42 37 p.
606 3545 169 48 plates,
806 3545 26 38 2
861 3547 122 45 port.
1043 3544 115 41 27ᶜᵐ.

282 3601 368 47 “Biographical
680 3600 275 41 sketches”:
985 3611 43 37 p.
1057 3599 215 42 373-479.

216 3655 50 51 ©
303 3660 109 39 Dec.
448 3660 55 39 10,
552 3658 111 40 1932;
727 3658 66 41 2c.
829 3660 93 38 and
957 3658 82 41 aff.
1074 3659 109 37 Dec.
1221 3659 80 47 15;
1339 3659 40 38 A
1413 3659 168 46 58447;
1620 3659 112 39 Natl.
1785 3658 253 41 historical
2072 3668 126 31 assn.

294 3714 276 48 (32-35511)

213 3788 357 66 Holzwarth,
602 3789 243 55 Charles
874 3791 236 63 Homer,
1142 3795 169 49 1884-

344 3866 1854 67 … Second-year French, by Charles H. Holzwarth … and
213 3944 1986 67 William R. Price … illustrated by James D. Powell. Boston,
215 4021 1613 70 New York [etc.] D. C. Heath and company [ ᶜ1 932]
