2563 4368
1359 3984 100 51 138

429 477 53 52 ©
517 481 113 43 Feb.
661 481 40 48 3,
736 478 113 42 1932;
913 479 67 43 2c.
1015 483 95 38 and
1145 480 82 42 aff.
1263 481 111 40 Feb.
1407 482 28 38 4;
1498 481 41 38 A
1572 480 144 41 48287;
1781 481 45 41 J.
1861 482 51 38 E.
1950 479 226 49 Lansing,
2214 480 206 47 Geneva,

496 537 56 41 N.
580 539 53 38 Y.
703 537 251 49 (32-3881)

418 641 336 64 Lawrance,
786 640 244 55 Charles
1058 640 234 65 Lanier,
1324 646 172 50 1882-

495 716 124 54 Our
644 717 258 52 national
933 714 255 55 aviation
1217 735 288 49 program,
1536 717 153 53 from
1718 737 31 32 a
1779 716 167 54 series
1977 717 64 52 of
2073 718 241 66 articles,
2343 718 73 67 by

424 792 1970 132 Charles L. Lawrance … New York city, Aeronautical chamber
557 872 1182 67 of commerce of America, inc. [ ᶜ1 932]
494 944 997 50 xii p., 1 l., 208 p. illus., diagrs. 19½ᶜᵐ.
428 1013 51 52 ©
507 1018 110 41 Jan.
643 1016 69 48 20,
742 1015 139 47 1932;
911 1017 66 39 2c.
1007 1016 109 39 Jan.
1143 1014 84 49 29;
1256 1014 81 41 aff.
1367 1015 110 40 Jan.
1506 1014 81 47 30;
1618 1016 40 38 A
1686 1014 172 48 48211;
1888 1014 342 41 Aeronautical
495 1015 1907 99 chamber

612 1074 52 39 of
697 1082 262 31 commerce
994 1073 52 40 of
1079 1073 237 46 America,
1350 1072 91 39 inc.
1513 1071 249 49 (32-3871)

418 1176 277 64 Leacock,
725 1175 261 64 Stephen
1014 1175 225 65 Butler,
1271 1181 171 49 1869-

493 1253 158 53 Back
692 1259 57 48 to
789 1254 355 68 prosperity;
1187 1254 96 52 the
1322 1259 162 62 great
1522 1251 378 69 opportunity
1941 1252 66 53 of
2045 1253 94 52 the
2181 1253 237 68 Empire

422 1330 1994 69 conference, by Stephen Leacock … Toronto, The Macmillan
421 1427 280 50 company
725 1408 65 53 of
817 1410 235 55 Canada
1077 1408 240 68 limited,
1347 1412 149 51 1932.

490 1480 464 51 4 p. l ., 108 p. 19½ ᶜᵐ.
427 1549 1993 53 © 1c. Jan. 27, 1932; A ad int. 16012; pubd. Jan. 9; Macmillan co. of
496 1612 212 46 Canada,
742 1612 86 39 ltd.
898 1610 251 49 (32-4605)

416 1713 221 65 Llwyd,
664 1714 155 53 John
848 1713 299 53 Plummer
1175 1714 299 63 Derwent,
1506 1717 171 50 1861-

493 1789 118 56 Son
646 1788 64 55 of
744 1790 276 67 thunder;
1060 1808 31 33 a
1128 1789 172 68 study
1335 1787 65 54 of
1435 1788 96 53 the
1566 1786 106 54 life
1709 1788 114 52 and
1861 1786 159 53 work
2056 1786 65 54 of
2157 1787 155 54 John
2352 1787 63 53 of

420 1867 331 67 Bethsaida,
794 1866 172 54 fisher
1006 1865 64 54 of
1111 1884 147 50 men,
1301 1866 76 69 by
1420 1866 56 54 J.
1520 1866 66 52 P.
1630 1865 74 53 D.
1746 1864 224 69 Llwyd.
2052 1864 137 54 New
2236 1865 179 53 York.

419 1945 67 53 R.
514 1946 165 68 Long
704 1947 46 50 &
775 1945 68 52 R.
872 1945 68 52 R.
972 1943 208 69 Smith,
1207 1944 128 68 inc.,
1362 1944 152 52 1932.

489 2016 573 51 xii p., 1 l., 170 p. 19 ᶜᵐ.
426 2086 51 52 ©
507 2091 110 40 Jan.
646 2089 69 47 29,
746 2089 112 41 1932;
917 2090 68 40 2c.
1015 2090 95 38 and
1140 2088 81 42 aff.
1252 2089 109 39 Feb.
1392 2089 52 46 1;
1477 2088 40 38 A
1545 2087 145 40 47383;
1749 2087 107 48 Ray
1886 2088 134 47 Long
2048 2087 37 41 &
2114 2087 215 41 Richard
2359 2088 56 39 R.

495 2147 170 47 Smith,
696 2147 89 39 inc.
858 2145 251 50 (32-3729)

421 2247 336 55 Louisiana.
835 2249 207 52 Courts
1071 2248 63 67 of
1162 2247 223 68 appeal.

491 2322 1920 71 Reports … v. 17. Cases argued and determined in the
423 2403 206 54 Courts
660 2403 64 53 of
756 2405 205 65 appeal
993 2403 64 52 of
1088 2404 95 51 the
1214 2409 145 48 state
1390 2402 66 52 of
1483 2402 310 53 Louisiana
1827 2407 59 48 at
1915 2402 97 53 the
2041 2407 146 48 term
420 2402 1966 147 beginning

601 2479 124 55 first
763 2481 257 68 Monday
1060 2481 62 51 of
1165 2479 263 70 October,
1470 2483 151 50 1931.
1699 2480 181 55 Court
1917 2481 64 53 of
2023 2483 223 67 appeal,
2285 2480 125 55 first

421 2559 220 67 circuit,
686 2561 189 51 Baton
920 2560 215 67 Rouge,
1181 2560 203 52 second
1430 2558 219 69 circuit,
1696 2559 366 69 Shreveport,
2104 2560 198 68 parish
2346 2560 65 55 of

422 2635 1988 70 Orleans, New Orleans … Edited by J. B. Herold … under
420 2717 96 53 the
545 2715 280 53 direction
851 2715 64 52 of
940 2715 97 52 the
1063 2715 202 68 judges
1294 2715 64 52 of
1383 2716 96 52 the
1508 2718 207 54 Courts
1744 2717 64 52 of
1837 2719 222 67 appeal.
2133 2718 139 55 New
419 2719 1967 143 Orleans,
619 2795 228 52 Hauser
873 2792 264 69 printing
1164 2811 97 50 co.,
1292 2797 150 49 1932.

486 2866 436 49 xxix, 749 p. 23 ᶜᵐ.
424 2920 50 52 ©
506 2925 110 41 Jan.
645 2924 69 46 30,
746 2923 139 47 1932;
917 2922 67 41 2c.
1015 2924 100 40 and
1141 2922 82 40 aff.
1255 2923 112 41 Feb.
1396 2923 83 47 20;
1512 2925 40 38 A
1582 2924 172 48 48575;
1789 2926 193 39 Hauser
2012 2925 219 49 printing
2260 2938 65 29 co.

419 3083 335 53 Louisiana.
828 3085 380 65 Department
1238 3082 64 67 of
1332 3083 408 55 conservation.

418 3159 1964 146 … Bulletin. No. 20. The birds of Louisiana … New Orleans,
618 3239 379 66 Department
1027 3237 64 54 of
1120 3237 410 68 conservation,
1561 3241 151 51 1931.

490 3309 1244 49 598 p., 1 l. illus. (incl. map) col. plates. 23 ᶜᵐ.
489 3367 65 39 At
591 3367 124 39 head
755 3367 53 40 of
845 3367 107 40 title:
1025 3367 138 40 State
1201 3367 52 39 of
1290 3366 278 48 Louisiana,
1609 3369 320 47 Department
1968 3369 52 41 of
2059 3371 349 50 conservation,

417 3422 140 41 Rob’t
591 3423 44 41 S.
667 3424 217 42 Maestri,
917 3423 374 41 commissioner.

422 3474 51 52 ©
498 3479 110 40 Dec.
633 3481 39 46 1,
697 3478 113 42 1931;
863 3480 67 40 2c.
956 3482 95 38 and
1075 3479 81 41 aff.
1183 3480 109 39 Jan.
1317 3481 39 46 7,
1384 3479 112 41 1932;
1551 3481 40 38 A
1615 3481 142 40 46811;
1813 3482 262 40 Louisiana
2102 3485 307 47 department

490 3536 52 39 of
572 3536 351 48 conservation,
956 3537 117 39 New
1106 3536 216 41 Orleans.

411 3638 215 64 Lovell,
653 3639 137 54 Mrs.
820 3639 268 54 Caroline
1118 3640 227 63 Couper
1380 3639 239 64 (Stiles)
1657 3645 169 49 1862-

486 3712 1856 70 The Golden isles of Georgia, by Caroline Couper Lovell …
417 3791 232 65 Boston,
677 3790 195 65 Little,
903 3791 229 63 Brown,
1161 3792 113 52 and
1301 3807 296 52 company,
1630 3793 150 52 1932.

485 3861 1275 51 viii p., 3 l., [3]-300 p. front., plates, ports. 21 ᶜᵐ.
485 3917 139 48 Maps
653 3929 60 29 on
742 3919 361 48 lining-papers.
