<alto xmlns="http://www.loc.gov/standards/alto/ns-v3#" xmlns:xlink="http://www.w3.org/1999/xlink" xmlns:xsi="http://www.w3.org/2001/XMLSchema-instance" xsi:schemaLocation="http://www.loc.gov/standards/alto/ns-v3# http://www.loc.gov/alto/v3/alto-3-0.xsd"><Description>
<MeasurementUnit>pixel</MeasurementUnit>
<sourceImageInformation>
<fileName>1932_v29_part001.pdf</fileName>
</sourceImageInformation>
<OCRProcessing ID="IdOcr">
<ocrProcessingStep>
<processingDateTime>2019-04-25</processingDateTime>
<processingSoftware>
<softwareCreator>ABBYY</softwareCreator>
<softwareName>ABBYY Recognition Server</softwareName>
<softwareVersion>4.0</softwareVersion>
</processingSoftware>
</ocrProcessingStep>
</OCRProcessing>
</Description>
<Styles>
<ParagraphStyle ID="StyleId-FFFFFFFF-FFFF-FFFF-FFFF-FFFFFFFFFFFF-" ALIGN="Left" LEFT="0." RIGHT="0." FIRSTLINE="0."/>
<ParagraphStyle ID="StyleId-547D96D3-B2DE-4E86-A4BD-9DDFC275973A-" ALIGN="Left" LEFT="0." RIGHT="0." FIRSTLINE="0." LINESPACE="7.699999809"/>
<ParagraphStyle ID="StyleId-BE433B82-DF6F-491A-9872-F562FF4150C8-" ALIGN="Block" LEFT="0." RIGHT="0." FIRSTLINE="-13." LINESPACE="7.900000095"/>
<ParagraphStyle ID="StyleId-CC286467-50C5-4655-B0CF-BA365CCE0736-" ALIGN="Block" LEFT="0." RIGHT="0." FIRSTLINE="-15." LINESPACE="8.479999542"/>
<ParagraphStyle ID="StyleId-9878414D-BEDB-487D-971A-CF5ADB5C4AD2-" ALIGN="Block" LEFT="0." RIGHT="0." FIRSTLINE="-14." LINESPACE="10.92000008"/>
<ParagraphStyle ID="StyleId-EBC70DE5-3635-4BD4-B07B-05DF6EFE0022-" ALIGN="Block" LEFT="0." RIGHT="0." FIRSTLINE="-13." LINESPACE="12.19999981"/>
<ParagraphStyle ID="StyleId-8A688F83-F017-4D5D-A00A-14637016ED45-" ALIGN="Left" LEFT="0." RIGHT="0." FIRSTLINE="0." LINESPACE="9.399999619"/>
<ParagraphStyle ID="StyleId-20F0BBAE-20C6-42F4-8113-00B5C02924DC-" ALIGN="Left" LEFT="0." RIGHT="0." FIRSTLINE="0." LINESPACE="11.10000038"/>
<ParagraphStyle ID="StyleId-7AA70148-8873-4ACB-90AE-BF9322E02302-" ALIGN="Left" LEFT="0." RIGHT="0." FIRSTLINE="-13." LINESPACE="11.09000015"/>
<ParagraphStyle ID="StyleId-072EF7BA-7207-4F8B-9A7C-F564E8B4CB16-" ALIGN="Left" LEFT="0." RIGHT="0." FIRSTLINE="-14." LINESPACE="12.19999981"/>
<ParagraphStyle ID="StyleId-44303D12-21D7-4DB0-9E9F-87FA1A861DD7-" ALIGN="Block" LEFT="0." RIGHT="0." FIRSTLINE="-14." LINESPACE="10.92000008"/>
<ParagraphStyle ID="StyleId-43CF0D44-8AC2-4CD0-865F-942C78705184-" ALIGN="Block" LEFT="0." RIGHT="0." FIRSTLINE="-13." LINESPACE="12.19999981"/>
<ParagraphStyle ID="StyleId-7A298A86-29F5-413A-AEC9-078A4CC464D7-" ALIGN="Block" LEFT="0." RIGHT="0." FIRSTLINE="13." LINESPACE="12.19999981"/>
<ParagraphStyle ID="StyleId-8E4E86F7-C1F9-4A1A-B605-6B1FC1C8E9F7-" ALIGN="Left" LEFT="0." RIGHT="0." FIRSTLINE="0." LINESPACE="11.60000038"/>
<ParagraphStyle ID="StyleId-AB39791B-5ED1-444F-BEF5-2CFED1F2709A-" ALIGN="Left" LEFT="0." RIGHT="0." FIRSTLINE="-13." LINESPACE="11.09000015"/>
<ParagraphStyle ID="StyleId-C1F2EEE7-CD00-4E11-9EAD-B222287AEDA4-" ALIGN="Center" LEFT="0." RIGHT="0." FIRSTLINE="0." LINESPACE="11.10000038"/>
</Styles>
<Layout>
<Page ID="Page1505" PHYSICAL_IMG_NR="1505" HEIGHT="4368" WIDTH="2563">
<TopMargin HEIGHT="440" WIDTH="2563" VPOS="0" HPOS="0">
</TopMargin>
<LeftMargin HEIGHT="3705" WIDTH="121" VPOS="440" HPOS="0">
</LeftMargin>
<RightMargin HEIGHT="3705" WIDTH="352" VPOS="440" HPOS="2211">
</RightMargin>
<BottomMargin HEIGHT="223" WIDTH="2563" VPOS="4145" HPOS="0">
</BottomMargin>
<PrintSpace HEIGHT="3705" WIDTH="2090" VPOS="440" HPOS="121">
<TextBlock ID="Page1505_Block1" HEIGHT="70" WIDTH="156" VPOS="4075" HPOS="1065" LANG="en-US" STYLEREFS="StyleId-B7848AF1-D5D1-4DB0-9FCF-3C1055F6D7BB-">
<TextLine HEIGHT="51" WIDTH="134" VPOS="4084" HPOS="1076">
<String CONTENT="1505" HEIGHT="51" WIDTH="134" VPOS="4084" HPOS="1076"/>
</TextLine>
</TextBlock>
<TextBlock ID="Page1505_Block2" HEIGHT="3644" WIDTH="2090" VPOS="440" HPOS="121" LANG="en-US" CS="1" STYLEREFS="StyleId-B56FE80E-7966-4D6A-845E-2A2230B0A3A4-">
<Shape>
<Polygon POINTS="2025,440 2201,440 2201,507 2202,507 2202,879 2203,879 2203,1252 2204,1252 2204,1624 2205,1624 2205,1996 2206,1996 2206,2369 2207,2369 2207,2741 2208,2741 2208,3113 2209,3113 2209,3486 2210,3486 2210,3858 2211,3858 2211,4078 2028,4078 2028,4079 1655,4079 1655,4080 1283,4080 1283,4081 911,4081 911,4082 538,4082 538,4083 166,4083 166,4084 131,4084 131,3861 130,3861 130,3489 129,3489 129,3116 128,3116 128,2744 127,2744 127,2372 126,2372 126,1999 125,1999 125,1627 124,1627 124,1255 123,1255 123,882 122,882 122,510 121,510 121,446 163,446 163,445 535,445 535,444 908,444 908,443 1280,443 1280,442 1652,442 1652,441 2025,441 2025,440"/>
</Shape>
<TextLine HEIGHT="45" WIDTH="424" VPOS="528" HPOS="203" STYLEREFS="StyleId-C61C5B9D-1C6C-4B76-86F8-4C8497C881A7-">
<String CONTENT="&#8220;First" HEIGHT="40" WIDTH="163" VPOS="533" HPOS="203"/>
<SP HEIGHT="39" WIDTH="32" VPOS="534" HPOS="367"/>
<String CONTENT="edition.&#8221;" HEIGHT="44" WIDTH="227" VPOS="528" HPOS="400"/>
</TextLine>
<TextLine HEIGHT="49" WIDTH="1214" VPOS="580" HPOS="205">
<String CONTENT="&#8220;Printed" HEIGHT="40" WIDTH="229" VPOS="589" HPOS="205"/>
<SP HEIGHT="41" WIDTH="30" VPOS="588" HPOS="435"/>
<String CONTENT="in" HEIGHT="40" WIDTH="50" VPOS="588" HPOS="466"/>
<SP HEIGHT="39" WIDTH="31" VPOS="590" HPOS="517"/>
<String CONTENT="the" HEIGHT="40" WIDTH="80" VPOS="588" HPOS="549"/>
<SP HEIGHT="41" WIDTH="31" VPOS="586" HPOS="630"/>
<String CONTENT="United" HEIGHT="41" WIDTH="178" VPOS="585" HPOS="662"/>
<SP HEIGHT="42" WIDTH="32" VPOS="584" HPOS="841"/>
<String CONTENT="States" HEIGHT="43" WIDTH="163" VPOS="583" HPOS="874"/>
<SP HEIGHT="31" WIDTH="32" VPOS="593" HPOS="1038"/>
<String CONTENT="of" HEIGHT="41" WIDTH="51" VPOS="582" HPOS="1071"/>
<SP HEIGHT="40" WIDTH="28" VPOS="582" HPOS="1123"/>
<String CONTENT="America.&#8221;" HEIGHT="43" WIDTH="267" VPOS="580" HPOS="1152"/>
</TextLine>
<TextLine HEIGHT="64" WIDTH="1992" VPOS="635" HPOS="137" CS="1">
<String CONTENT="&#169;" HEIGHT="53" WIDTH="51" VPOS="646" HPOS="137"/>
<SP HEIGHT="52" WIDTH="32" VPOS="646" HPOS="189"/>
<String LANG="fr" CONTENT="Sept." HEIGHT="47" WIDTH="126" VPOS="650" HPOS="222"/>
<SP HEIGHT="37" WIDTH="29" VPOS="650" HPOS="349"/>
<String CONTENT="28," HEIGHT="39" WIDTH="69" VPOS="650" HPOS="379"/>
<SP HEIGHT="40" WIDTH="31" VPOS="649" HPOS="449"/>
<String CS="1" CONTENT="1932;" HEIGHT="46" WIDTH="112" VPOS="642" HPOS="481"/>
<SP HEIGHT="49" WIDTH="31" VPOS="644" HPOS="621"/>
<String CONTENT="2c." HEIGHT="41" WIDTH="67" VPOS="644" HPOS="653"/>
<SP HEIGHT="28" WIDTH="30" VPOS="657" HPOS="721"/>
<String CONTENT="and" HEIGHT="40" WIDTH="95" VPOS="645" HPOS="752"/>
<SP/>
<String CS="1" CONTENT="aff."/>
<SP HEIGHT="41" WIDTH="29" VPOS="642" HPOS="961"/>
<String CONTENT="Oct." HEIGHT="40" WIDTH="102" VPOS="642" HPOS="991"/>
<SP HEIGHT="38" WIDTH="28" VPOS="642" HPOS="1094"/>
<String CS="1" CONTENT="4;" HEIGHT="38" WIDTH="28" VPOS="642" HPOS="1123"/>
<SP HEIGHT="39" WIDTH="32" VPOS="641" HPOS="1178"/>
<!-- cceid 0FE0FE2F-6D7D-1014-B4A5-D7A31D17AB40 --><String CONTENT="A" HEIGHT="39" WIDTH="41" VPOS="641" HPOS="1211"/>
<SP HEIGHT="41" WIDTH="29" VPOS="640" HPOS="1253"/>
<String CS="1" CONTENT="55376;" HEIGHT="41" WIDTH="143" VPOS="639" HPOS="1283"/>
<SP HEIGHT="46" WIDTH="33" VPOS="640" HPOS="1454"/>
<String CONTENT="Longmans," HEIGHT="48" WIDTH="286" VPOS="639" HPOS="1488"/>
<SP HEIGHT="48" WIDTH="33" VPOS="636" HPOS="1775"/>
<String CONTENT="Green" HEIGHT="41" WIDTH="156" VPOS="636" HPOS="1809"/>
<SP HEIGHT="38" WIDTH="29" VPOS="638" HPOS="1966"/>
<String CONTENT="&amp;" HEIGHT="39" WIDTH="37" VPOS="637" HPOS="1996"/>
<SP HEIGHT="39" WIDTH="30" VPOS="637" HPOS="2034"/>
<String CONTENT="co." HEIGHT="31" WIDTH="64" VPOS="645" HPOS="2065"/>
</TextLine>
<TextLine HEIGHT="45" WIDTH="278" VPOS="706" HPOS="214" CS="1">
<String LANG="en-US" CS="1" CONTENT="(3" HEIGHT="39" WIDTH="12" VPOS="707" HPOS="214"/>
<String LANG="fr" CS="1" CONTENT="2-28840" HEIGHT="36" WIDTH="173" VPOS="707" HPOS="265"/>
<String LANG="en-US" CONTENT=")" HEIGHT="45" WIDTH="12" VPOS="706" HPOS="480"/>
</TextLine>
<TextLine HEIGHT="69" WIDTH="628" VPOS="791" HPOS="133" STYLEREFS="StyleId-C61C5B9D-1C6C-4B76-86F8-4C8497C881A7-">
<String CONTENT="Lenski," HEIGHT="68" WIDTH="236" VPOS="792" HPOS="133"/>
<SP HEIGHT="66" WIDTH="29" VPOS="793" HPOS="370"/>
<String CONTENT="Lois," HEIGHT="66" WIDTH="156" VPOS="792" HPOS="400"/>
<SP HEIGHT="60" WIDTH="34" VPOS="797" HPOS="557"/>
<String CONTENT="1893-" HEIGHT="49" WIDTH="169" VPOS="797" HPOS="592"/>
</TextLine>
<TextLine HEIGHT="79" WIDTH="1930" VPOS="856" HPOS="202" STYLEREFS="StyleId-8856204E-C084-4EB2-8E7D-1A42244C38DF-">
<String CONTENT="The" HEIGHT="53" WIDTH="122" VPOS="870" HPOS="202"/>
<SP HEIGHT="54" WIDTH="22" VPOS="869" HPOS="324"/>
<String CONTENT="little" HEIGHT="55" WIDTH="150" VPOS="868" HPOS="346"/>
<SP HEIGHT="53" WIDTH="24" VPOS="868" HPOS="496"/>
<String CONTENT="family," HEIGHT="68" WIDTH="226" VPOS="867" HPOS="520"/>
<SP HEIGHT="46" WIDTH="22" VPOS="888" HPOS="747"/>
<String CONTENT="a" HEIGHT="33" WIDTH="31" VPOS="888" HPOS="770"/>
<SP HEIGHT="55" WIDTH="28" VPOS="866" HPOS="801"/>
<String CONTENT="little" HEIGHT="53" WIDTH="148" VPOS="864" HPOS="829"/>
<SP HEIGHT="52" WIDTH="24" VPOS="864" HPOS="977"/>
<String CONTENT="book" HEIGHT="53" WIDTH="146" VPOS="863" HPOS="1001"/>
<SP HEIGHT="51" WIDTH="24" VPOS="863" HPOS="1147"/>
<String CONTENT="by" HEIGHT="67" WIDTH="76" VPOS="863" HPOS="1171"/>
<SP HEIGHT="67" WIDTH="24" VPOS="863" HPOS="1247"/>
<String CONTENT="Lois" HEIGHT="54" WIDTH="135" VPOS="861" HPOS="1271"/>
<SP HEIGHT="52" WIDTH="24" VPOS="862" HPOS="1406"/>
<String CONTENT="Lenski." HEIGHT="55" WIDTH="224" VPOS="858" HPOS="1430"/>
<SP HEIGHT="54" WIDTH="66" VPOS="858" HPOS="1654"/>
<String CONTENT="Garden" HEIGHT="54" WIDTH="230" VPOS="858" HPOS="1720"/>
<SP HEIGHT="56" WIDTH="28" VPOS="857" HPOS="1950"/>
<String CONTENT="City," HEIGHT="72" WIDTH="154" VPOS="856" HPOS="1978"/>
</TextLine>
<TextLine HEIGHT="80" WIDTH="1329" VPOS="937" HPOS="134" STYLEREFS="StyleId-8856204E-C084-4EB2-8E7D-1A42244C38DF-">
<String LANG="fr" CONTENT="N." HEIGHT="52" WIDTH="67" VPOS="948" HPOS="134"/>
<SP HEIGHT="51" WIDTH="31" VPOS="948" HPOS="202"/>
<String CONTENT="Y.," HEIGHT="68" WIDTH="89" VPOS="948" HPOS="234"/>
<SP HEIGHT="69" WIDTH="28" VPOS="947" HPOS="324"/>
<String CONTENT="Doubleday," HEIGHT="70" WIDTH="353" VPOS="944" HPOS="353"/>
<SP HEIGHT="70" WIDTH="26" VPOS="943" HPOS="707"/>
<String CONTENT="Doran" HEIGHT="52" WIDTH="197" VPOS="942" HPOS="734"/>
<SP HEIGHT="50" WIDTH="24" VPOS="943" HPOS="932"/>
<String CONTENT="&amp;" HEIGHT="50" WIDTH="45" VPOS="943" HPOS="957"/>
<SP HEIGHT="51" WIDTH="26" VPOS="943" HPOS="1003"/>
<String CONTENT="co.," HEIGHT="50" WIDTH="97" VPOS="958" HPOS="1030"/>
<SP HEIGHT="70" WIDTH="26" VPOS="938" HPOS="1128"/>
<String CONTENT="inc.," HEIGHT="71" WIDTH="127" VPOS="937" HPOS="1155"/>
<SP HEIGHT="65" WIDTH="29" VPOS="942" HPOS="1283"/>
<String CONTENT="1932." HEIGHT="52" WIDTH="150" VPOS="941" HPOS="1313"/>
</TextLine>
<TextLine HEIGHT="56" WIDTH="778" VPOS="1013" HPOS="207" CS="1">
<String CONTENT="[48]" HEIGHT="51" WIDTH="85" VPOS="1018" HPOS="207"/>
<SP HEIGHT="39" WIDTH="29" VPOS="1028" HPOS="293"/>
<String CONTENT="p." HEIGHT="38" WIDTH="43" VPOS="1028" HPOS="323"/>
<SP HEIGHT="42" WIDTH="59" VPOS="1016" HPOS="367"/>
<String CONTENT="illus." HEIGHT="43" WIDTH="128" VPOS="1015" HPOS="427"/>
<SP HEIGHT="48" WIDTH="26" VPOS="1015" HPOS="556"/>
<String CONTENT="(part" HEIGHT="49" WIDTH="137" VPOS="1015" HPOS="583"/>
<SP HEIGHT="38" WIDTH="28" VPOS="1017" HPOS="721"/>
<String CONTENT="col.)" HEIGHT="48" WIDTH="112" VPOS="1014" HPOS="750"/>
<SP HEIGHT="49" WIDTH="66" VPOS="1013" HPOS="863"/>
<String CONTENT="12" HEIGHT="40" WIDTH="55" VPOS="1013" HPOS="930"/>
<String STYLE="superscript" CS="1" CONTENT="&#7580;&#7504;."/>
</TextLine>
<TextLine HEIGHT="45" WIDTH="421" VPOS="1071" HPOS="204">
<String CONTENT="&#8220;First" HEIGHT="40" WIDTH="164" VPOS="1076" HPOS="204"/>
<SP HEIGHT="38" WIDTH="30" VPOS="1078" HPOS="369"/>
<String CONTENT="edition.&#8221;" HEIGHT="43" WIDTH="225" VPOS="1071" HPOS="400"/>
</TextLine>
<TextLine HEIGHT="63" WIDTH="1994" VPOS="1123" HPOS="139" CS="1">
<String CONTENT="&#169;" HEIGHT="54" WIDTH="51" VPOS="1132" HPOS="139"/>
<SP HEIGHT="53" WIDTH="37" VPOS="1132" HPOS="191"/>
<String CONTENT="Sept." HEIGHT="47" WIDTH="126" VPOS="1136" HPOS="229"/>
<SP HEIGHT="36" WIDTH="33" VPOS="1137" HPOS="356"/>
<String CONTENT="21," HEIGHT="47" WIDTH="69" VPOS="1136" HPOS="390"/>
<SP HEIGHT="49" WIDTH="34" VPOS="1134" HPOS="460"/>
<String CONTENT="1932;" HEIGHT="44" WIDTH="140" VPOS="1131" HPOS="495"/>
<SP HEIGHT="41" WIDTH="35" VPOS="1133" HPOS="636"/>
<String CONTENT="2c." HEIGHT="38" WIDTH="67" VPOS="1133" HPOS="672"/>
<SP HEIGHT="28" WIDTH="36" VPOS="1143" HPOS="740"/>
<String CONTENT="and" HEIGHT="38" WIDTH="95" VPOS="1132" HPOS="777"/>
<SP/>
<String CS="1" CONTENT="aff."/>
<SP HEIGHT="39" WIDTH="38" VPOS="1129" HPOS="990"/>
<String CONTENT="Sept." HEIGHT="47" WIDTH="127" VPOS="1129" HPOS="1029"/>
<SP HEIGHT="38" WIDTH="33" VPOS="1129" HPOS="1157"/>
<String CONTENT="27;" HEIGHT="45" WIDTH="81" VPOS="1129" HPOS="1191"/>
<SP HEIGHT="47" WIDTH="37" VPOS="1127" HPOS="1273"/>
<!-- cceid 0FE1339C-6D7D-1014-B4A5-D7A31D17AB40 --><String CONTENT="A" HEIGHT="39" WIDTH="41" VPOS="1127" HPOS="1311"/>
<SP HEIGHT="40" WIDTH="33" VPOS="1126" HPOS="1353"/>
<String CONTENT="55258;" HEIGHT="49" WIDTH="171" VPOS="1126" HPOS="1387"/>
<SP HEIGHT="48" WIDTH="37" VPOS="1127" HPOS="1559"/>
<String CONTENT="Lois" HEIGHT="41" WIDTH="113" VPOS="1125" HPOS="1597"/>
<SP HEIGHT="39" WIDTH="34" VPOS="1126" HPOS="1711"/>
<String CONTENT="Lenski" HEIGHT="40" WIDTH="178" VPOS="1124" HPOS="1746"/>
<SP HEIGHT="41" WIDTH="36" VPOS="1124" HPOS="1925"/>
<String CONTENT="Covey," HEIGHT="48" WIDTH="171" VPOS="1123" HPOS="1962"/>
</TextLine>
<TextLine HEIGHT="53" WIDTH="833" VPOS="1185" HPOS="205">
<String CONTENT="Torrington," HEIGHT="46" WIDTH="305" VPOS="1192" HPOS="205"/>
<SP HEIGHT="45" WIDTH="29" VPOS="1188" HPOS="511"/>
<String CONTENT="Conn." HEIGHT="41" WIDTH="145" VPOS="1188" HPOS="541"/>
<SP HEIGHT="47" WIDTH="70" VPOS="1188" HPOS="687"/>
<String CONTENT="(32-28836)" HEIGHT="50" WIDTH="280" VPOS="1185" HPOS="758"/>
</TextLine>
<TextLine HEIGHT="73" WIDTH="1567" VPOS="1272" HPOS="138" STYLEREFS="StyleId-C61C5B9D-1C6C-4B76-86F8-4C8497C881A7-">
<String CONTENT="Lipton," HEIGHT="65" WIDTH="231" VPOS="1280" HPOS="138"/>
<SP HEIGHT="63" WIDTH="27" VPOS="1281" HPOS="370"/>
<String CONTENT="Sir" HEIGHT="55" WIDTH="101" VPOS="1279" HPOS="398"/>
<SP HEIGHT="53" WIDTH="23" VPOS="1280" HPOS="500"/>
<String CONTENT="Thomas" HEIGHT="56" WIDTH="259" VPOS="1277" HPOS="524"/>
<SP HEIGHT="55" WIDTH="24" VPOS="1277" HPOS="784"/>
<String CONTENT="Johnstone," HEIGHT="65" WIDTH="347" VPOS="1276" HPOS="809"/>
<SP HEIGHT="66" WIDTH="28" VPOS="1274" HPOS="1157"/>
<String CONTENT="bart.," HEIGHT="68" WIDTH="163" VPOS="1273" HPOS="1186"/>
<SP HEIGHT="64" WIDTH="28" VPOS="1276" HPOS="1350"/>
<String CONTENT="1850-1931." HEIGHT="52" WIDTH="326" VPOS="1274" HPOS="1379"/>
</TextLine>
<TextLine HEIGHT="82" WIDTH="1935" VPOS="1344" HPOS="199" STYLEREFS="StyleId-8856204E-C084-4EB2-8E7D-1A42244C38DF-" CS="1">
<String CONTENT="Lipton&#8217;s" HEIGHT="69" WIDTH="259" VPOS="1357" HPOS="199"/>
<SP HEIGHT="34" WIDTH="18" VPOS="1376" HPOS="459"/>
<String CS="1" CONTENT="autobiography;" HEIGHT="69" WIDTH="454" VPOS="1353" HPOS="478"/>
<SP HEIGHT="49" WIDTH="24" VPOS="1369" HPOS="961"/>
<String CONTENT="with" HEIGHT="52" WIDTH="140" VPOS="1351" HPOS="986"/>
<SP HEIGHT="51" WIDTH="18" VPOS="1352" HPOS="1127"/>
<String CONTENT="twenty-four" HEIGHT="70" WIDTH="378" VPOS="1349" HPOS="1146"/>
<SP HEIGHT="53" WIDTH="19" VPOS="1347" HPOS="1525"/>
<String CONTENT="illustrations." HEIGHT="55" WIDTH="394" VPOS="1346" HPOS="1545"/>
<SP HEIGHT="52" WIDTH="56" VPOS="1345" HPOS="1940"/>
<String CONTENT="New" HEIGHT="55" WIDTH="137" VPOS="1344" HPOS="1997"/>
</TextLine>
<TextLine HEIGHT="75" WIDTH="1172" VPOS="1427" HPOS="139" STYLEREFS="StyleId-8856204E-C084-4EB2-8E7D-1A42244C38DF-" CS="1">
<String CONTENT="York" HEIGHT="54" WIDTH="159" VPOS="1434" HPOS="139"/>
<SP HEIGHT="51" WIDTH="29" VPOS="1435" HPOS="299"/>
<String CONTENT="city," HEIGHT="66" WIDTH="132" VPOS="1435" HPOS="329"/>
<SP HEIGHT="68" WIDTH="30" VPOS="1433" HPOS="462"/>
<String CONTENT="Duffield" HEIGHT="55" WIDTH="244" VPOS="1430" HPOS="493"/>
<SP HEIGHT="52" WIDTH="31" VPOS="1431" HPOS="738"/>
<String CONTENT="and" HEIGHT="53" WIDTH="110" VPOS="1430" HPOS="770"/>
<SP HEIGHT="56" WIDTH="34" VPOS="1428" HPOS="881"/>
<String CONTENT="Green" HEIGHT="55" WIDTH="184" VPOS="1428" HPOS="916"/>
<SP HEIGHT="50" WIDTH="34" VPOS="1447" HPOS="1101"/>
<String CS="1" CONTENT="["/>
<String STYLE="superscript" CS="1" CONTENT="&#7580;1"/>
<String CS="1" CONTENT="932]" HEIGHT="50" WIDTH="100" VPOS="1429" HPOS="1211"/>
</TextLine>
<TextLine HEIGHT="58" WIDTH="1746" VPOS="1498" HPOS="208" CS="1">
<String CONTENT="2" HEIGHT="39" WIDTH="27" VPOS="1508" HPOS="208"/>
<SP HEIGHT="48" WIDTH="32" VPOS="1508" HPOS="236"/>
<String LANG="fr" CS="1" CONTENT="p."/>
<SP/>
<String LANG="fr" CS="1" CONTENT="l."/>
<String CONTENT="," HEIGHT="16" WIDTH="8" VPOS="1539" HPOS="382"/>
<SP HEIGHT="48" WIDTH="34" VPOS="1507" HPOS="391"/>
<String CONTENT="9-278" HEIGHT="43" WIDTH="144" VPOS="1505" HPOS="426"/>
<SP HEIGHT="47" WIDTH="31" VPOS="1506" HPOS="571"/>
<String CONTENT="p." HEIGHT="37" WIDTH="42" VPOS="1516" HPOS="603"/>
<SP HEIGHT="40" WIDTH="34" VPOS="1506" HPOS="646"/>
<String CONTENT="incl." HEIGHT="41" WIDTH="109" VPOS="1505" HPOS="681"/>
<SP HEIGHT="42" WIDTH="33" VPOS="1504" HPOS="791"/>
<String CS="1" CONTENT="front." HEIGHT="41" WIDTH="134" VPOS="1503" HPOS="825"/>
<SP HEIGHT="48" WIDTH="25" VPOS="1502" HPOS="975"/>
<String CONTENT="(port.)" HEIGHT="49" WIDTH="173" VPOS="1501" HPOS="1001"/>
<SP HEIGHT="47" WIDTH="67" VPOS="1501" HPOS="1175"/>
<String CONTENT="plates," HEIGHT="50" WIDTH="170" VPOS="1500" HPOS="1243"/>
<SP HEIGHT="38" WIDTH="34" VPOS="1511" HPOS="1414"/>
<String CONTENT="ports.," HEIGHT="46" WIDTH="163" VPOS="1503" HPOS="1449"/>
<SP HEIGHT="49" WIDTH="33" VPOS="1499" HPOS="1613"/>
<String CONTENT="facsim." HEIGHT="43" WIDTH="191" VPOS="1498" HPOS="1647"/>
<SP HEIGHT="41" WIDTH="58" VPOS="1498" HPOS="1839"/>
<String CS="1" CONTENT="22&#189;" HEIGHT="39" WIDTH="56" VPOS="1498" HPOS="1898"/>
<String STYLE="superscript" CS="1" CONTENT="&#7580;&#7504;."/>
</TextLine>
<TextLine HEIGHT="56" WIDTH="1926" VPOS="1554" HPOS="209">
<String CONTENT="The" HEIGHT="40" WIDTH="101" VPOS="1565" HPOS="209"/>
<SP HEIGHT="30" WIDTH="24" VPOS="1575" HPOS="311"/>
<String CONTENT="author" HEIGHT="39" WIDTH="176" VPOS="1565" HPOS="336"/>
<SP HEIGHT="31" WIDTH="23" VPOS="1573" HPOS="513"/>
<String CONTENT="was" HEIGHT="30" WIDTH="101" VPOS="1573" HPOS="537"/>
<SP HEIGHT="29" WIDTH="24" VPOS="1573" HPOS="639"/>
<String CONTENT="assisted" HEIGHT="41" WIDTH="210" VPOS="1561" HPOS="664"/>
<SP HEIGHT="39" WIDTH="25" VPOS="1562" HPOS="875"/>
<String CONTENT="by" HEIGHT="48" WIDTH="59" VPOS="1561" HPOS="901"/>
<SP HEIGHT="47" WIDTH="26" VPOS="1561" HPOS="961"/>
<String CONTENT="William" HEIGHT="41" WIDTH="214" VPOS="1559" HPOS="988"/>
<SP HEIGHT="39" WIDTH="27" VPOS="1560" HPOS="1203"/>
<String CONTENT="Blackwood" HEIGHT="41" WIDTH="292" VPOS="1558" HPOS="1231"/>
<SP HEIGHT="41" WIDTH="25" VPOS="1557" HPOS="1524"/>
<String CONTENT="in" HEIGHT="40" WIDTH="49" VPOS="1557" HPOS="1550"/>
<SP HEIGHT="37" WIDTH="26" VPOS="1560" HPOS="1600"/>
<String CONTENT="the" HEIGHT="39" WIDTH="81" VPOS="1558" HPOS="1627"/>
<SP HEIGHT="30" WIDTH="27" VPOS="1566" HPOS="1709"/>
<String CONTENT="writing" HEIGHT="48" WIDTH="197" VPOS="1555" HPOS="1737"/>
<SP HEIGHT="37" WIDTH="24" VPOS="1566" HPOS="1935"/>
<String CONTENT="of" HEIGHT="41" WIDTH="51" VPOS="1555" HPOS="1960"/>
<SP HEIGHT="42" WIDTH="25" VPOS="1554" HPOS="2012"/>
<String CONTENT="this" HEIGHT="41" WIDTH="97" VPOS="1554" HPOS="2038"/>
</TextLine>
<TextLine HEIGHT="57" WIDTH="1914" VPOS="1612" HPOS="139" CS="1">
<String CONTENT="book" HEIGHT="41" WIDTH="121" VPOS="1622" HPOS="139"/>
<SP HEIGHT="39" WIDTH="28" VPOS="1623" HPOS="260"/>
<String CONTENT="of" HEIGHT="39" WIDTH="53" VPOS="1623" HPOS="288"/>
<SP HEIGHT="45" WIDTH="25" VPOS="1623" HPOS="341"/>
<String CONTENT="personal" HEIGHT="47" WIDTH="226" VPOS="1621" HPOS="366"/>
<SP HEIGHT="38" WIDTH="29" VPOS="1621" HPOS="592"/>
<String CS="1" CONTENT="recollections." HEIGHT="42" WIDTH="333" VPOS="1617" HPOS="621"/>
<SP HEIGHT="30" WIDTH="59" VPOS="1626" HPOS="969"/>
<String CONTENT="cf." HEIGHT="47" WIDTH="62" VPOS="1616" HPOS="1028"/>
<SP HEIGHT="41" WIDTH="30" VPOS="1616" HPOS="1090"/>
<String CONTENT="Foreword" HEIGHT="41" WIDTH="260" VPOS="1615" HPOS="1120"/>
<SP HEIGHT="49" WIDTH="34" VPOS="1616" HPOS="1380"/>
<String CONTENT="[Signed]" HEIGHT="51" WIDTH="198" VPOS="1614" HPOS="1414"/>
<SP HEIGHT="48" WIDTH="31" VPOS="1616" HPOS="1612"/>
<String CONTENT="W." HEIGHT="40" WIDTH="72" VPOS="1615" HPOS="1643"/>
<SP HEIGHT="39" WIDTH="31" VPOS="1615" HPOS="1715"/>
<String CONTENT="Blackwood." HEIGHT="41" WIDTH="307" VPOS="1613" HPOS="1746"/>
</TextLine>
<TextLine HEIGHT="55" WIDTH="1928" VPOS="1669" HPOS="209">
<String CONTENT="London" HEIGHT="40" WIDTH="198" VPOS="1678" HPOS="209"/>
<SP HEIGHT="29" WIDTH="32" VPOS="1689" HPOS="408"/>
<String CONTENT="edition" HEIGHT="43" WIDTH="184" VPOS="1675" HPOS="441"/>
<SP HEIGHT="48" WIDTH="41" VPOS="1675" HPOS="626"/>
<String CONTENT="(Hutchinson" HEIGHT="50" WIDTH="333" VPOS="1673" HPOS="668"/>
<SP HEIGHT="40" WIDTH="32" VPOS="1674" HPOS="1002"/>
<String CONTENT="&amp;" HEIGHT="40" WIDTH="37" VPOS="1674" HPOS="1035"/>
<SP HEIGHT="40" WIDTH="32" VPOS="1674" HPOS="1073"/>
<String CONTENT="co.," HEIGHT="37" WIDTH="81" VPOS="1684" HPOS="1106"/>
<SP HEIGHT="47" WIDTH="32" VPOS="1674" HPOS="1188"/>
<String CONTENT="ltd.)" HEIGHT="50" WIDTH="114" VPOS="1671" HPOS="1221"/>
<SP HEIGHT="49" WIDTH="40" VPOS="1671" HPOS="1336"/>
<String CONTENT="has" HEIGHT="40" WIDTH="89" VPOS="1672" HPOS="1377"/>
<SP HEIGHT="37" WIDTH="33" VPOS="1675" HPOS="1467"/>
<String CONTENT="title:" HEIGHT="41" WIDTH="137" VPOS="1672" HPOS="1501"/>
<SP HEIGHT="42" WIDTH="31" VPOS="1671" HPOS="1639"/>
<String CONTENT="Leaves" HEIGHT="41" WIDTH="183" VPOS="1671" HPOS="1671"/>
<SP HEIGHT="42" WIDTH="33" VPOS="1670" HPOS="1855"/>
<String CONTENT="from" HEIGHT="41" WIDTH="130" VPOS="1670" HPOS="1889"/>
<SP HEIGHT="38" WIDTH="35" VPOS="1673" HPOS="2020"/>
<String CONTENT="the" HEIGHT="39" WIDTH="81" VPOS="1671" HPOS="2056"/>
</TextLine>
<TextLine HEIGHT="51" WIDTH="322" VPOS="1734" HPOS="139">
<String CONTENT="Lipton" HEIGHT="51" WIDTH="175" VPOS="1734" HPOS="139"/>
<SP HEIGHT="39" WIDTH="28" VPOS="1737" HPOS="315"/>
<String CONTENT="logs." HEIGHT="47" WIDTH="117" VPOS="1737" HPOS="344"/>
</TextLine>
<TextLine HEIGHT="56" WIDTH="1929" VPOS="1783" HPOS="210" CS="1">
<String CONTENT="&#8220;A" HEIGHT="40" WIDTH="69" VPOS="1793" HPOS="210"/>
<SP HEIGHT="40" WIDTH="28" VPOS="1793" HPOS="280"/>
<String CONTENT="lovable" HEIGHT="40" WIDTH="188" VPOS="1793" HPOS="309"/>
<SP HEIGHT="29" WIDTH="31" VPOS="1803" HPOS="498"/>
<String CONTENT="and" HEIGHT="40" WIDTH="95" VPOS="1792" HPOS="530"/>
<SP HEIGHT="39" WIDTH="31" VPOS="1792" HPOS="626"/>
<String CONTENT="unique" HEIGHT="49" WIDTH="180" VPOS="1789" HPOS="658"/>
<SP HEIGHT="37" WIDTH="31" VPOS="1800" HPOS="839"/>
<String CONTENT="personality," HEIGHT="51" WIDTH="313" VPOS="1786" HPOS="871"/>
<SP HEIGHT="49" WIDTH="32" VPOS="1787" HPOS="1185"/>
<String CONTENT="by" HEIGHT="48" WIDTH="61" VPOS="1787" HPOS="1218"/>
<SP HEIGHT="47" WIDTH="31" VPOS="1788" HPOS="1280"/>
<String CONTENT="William" HEIGHT="43" WIDTH="217" VPOS="1785" HPOS="1312"/>
<SP HEIGHT="39" WIDTH="31" VPOS="1787" HPOS="1530"/>
<String CS="1" CONTENT="Blackwood&#8221;:" HEIGHT="42" WIDTH="320" VPOS="1785" HPOS="1562"/>
<SP HEIGHT="38" WIDTH="32" VPOS="1796" HPOS="1913"/>
<String CONTENT="p." HEIGHT="38" WIDTH="43" VPOS="1796" HPOS="1946"/>
<SP HEIGHT="40" WIDTH="31" VPOS="1786" HPOS="1990"/>
<String CONTENT="269-" HEIGHT="42" WIDTH="117" VPOS="1784" HPOS="2022"/>
</TextLine>
<TextLine HEIGHT="43" WIDTH="99" VPOS="1849" HPOS="138">
<String CONTENT="275." HEIGHT="43" WIDTH="99" VPOS="1849" HPOS="138"/>
</TextLine>
<TextLine HEIGHT="58" WIDTH="1745" VPOS="1899" HPOS="143" CS="1">
<String CONTENT="&#169;" HEIGHT="53" WIDTH="51" VPOS="1904" HPOS="143"/>
<SP HEIGHT="52" WIDTH="28" VPOS="1904" HPOS="195"/>
<String CONTENT="Oct." HEIGHT="40" WIDTH="102" VPOS="1908" HPOS="224"/>
<SP HEIGHT="39" WIDTH="25" VPOS="1909" HPOS="327"/>
<String CONTENT="3," HEIGHT="47" WIDTH="41" VPOS="1909" HPOS="353"/>
<SP HEIGHT="48" WIDTH="27" VPOS="1908" HPOS="395"/>
<String CONTENT="1932;" HEIGHT="49" WIDTH="139" VPOS="1905" HPOS="423"/>
<SP HEIGHT="48" WIDTH="30" VPOS="1905" HPOS="563"/>
<String CONTENT="2c." HEIGHT="41" WIDTH="67" VPOS="1905" HPOS="594"/>
<SP HEIGHT="29" WIDTH="28" VPOS="1916" HPOS="662"/>
<String CONTENT="and" HEIGHT="39" WIDTH="95" VPOS="1906" HPOS="691"/>
<SP/>
<String CS="1" CONTENT="aff."/>
<SP HEIGHT="40" WIDTH="30" VPOS="1904" HPOS="898"/>
<String CONTENT="Oct." HEIGHT="39" WIDTH="101" VPOS="1904" HPOS="929"/>
<SP HEIGHT="38" WIDTH="28" VPOS="1904" HPOS="1031"/>
<String CONTENT="5;" HEIGHT="46" WIDTH="52" VPOS="1904" HPOS="1060"/>
<SP HEIGHT="47" WIDTH="28" VPOS="1903" HPOS="1113"/>
<!-- cceid 0FE16E1D-6D7D-1014-B4A5-D7A31D17AB40 --><String CONTENT="A" HEIGHT="38" WIDTH="41" VPOS="1903" HPOS="1142"/>
<SP HEIGHT="39" WIDTH="27" VPOS="1903" HPOS="1184"/>
<String CONTENT="56239;" HEIGHT="50" WIDTH="171" VPOS="1900" HPOS="1212"/>
<SP HEIGHT="47" WIDTH="31" VPOS="1902" HPOS="1384"/>
<String CONTENT="Duffield" HEIGHT="39" WIDTH="207" VPOS="1902" HPOS="1416"/>
<SP HEIGHT="45" WIDTH="29" VPOS="1902" HPOS="1624"/>
<String CONTENT="&amp;" HEIGHT="41" WIDTH="35" VPOS="1905" HPOS="1654"/>
<SP HEIGHT="44" WIDTH="30" VPOS="1902" HPOS="1690"/>
<String CONTENT="Green." HEIGHT="40" WIDTH="167" VPOS="1902" HPOS="1721"/>
</TextLine>
<TextLine HEIGHT="48" WIDTH="280" VPOS="1963" HPOS="219">
<String CONTENT="(32-28919)" HEIGHT="48" WIDTH="280" VPOS="1963" HPOS="219"/>
</TextLine>
<TextLine HEIGHT="70" WIDTH="1112" VPOS="2050" HPOS="140" STYLEREFS="StyleId-C61C5B9D-1C6C-4B76-86F8-4C8497C881A7-">
<String CONTENT="Logan," HEIGHT="65" WIDTH="219" VPOS="2055" HPOS="140"/>
<SP HEIGHT="63" WIDTH="28" VPOS="2056" HPOS="360"/>
<String CONTENT="Mrs." HEIGHT="52" WIDTH="139" VPOS="2056" HPOS="389"/>
<SP HEIGHT="54" WIDTH="27" VPOS="2054" HPOS="529"/>
<String CONTENT="Josephine" HEIGHT="66" WIDTH="319" VPOS="2051" HPOS="557"/>
<SP HEIGHT="65" WIDTH="35" VPOS="2053" HPOS="877"/>
<String CONTENT="(Hancock)" HEIGHT="66" WIDTH="339" VPOS="2051" HPOS="913"/>
</TextLine>
<TextLine HEIGHT="74" WIDTH="1928" VPOS="2125" HPOS="206" STYLEREFS="StyleId-8856204E-C084-4EB2-8E7D-1A42244C38DF-">
<String CONTENT="Lights" HEIGHT="69" WIDTH="206" VPOS="2130" HPOS="206"/>
<SP HEIGHT="33" WIDTH="37" VPOS="2150" HPOS="413"/>
<String CONTENT="and" HEIGHT="53" WIDTH="113" VPOS="2130" HPOS="451"/>
<SP HEIGHT="52" WIDTH="33" VPOS="2130" HPOS="565"/>
<String CONTENT="shadows," HEIGHT="67" WIDTH="278" VPOS="2129" HPOS="599"/>
<SP HEIGHT="50" WIDTH="36" VPOS="2147" HPOS="878"/>
<String CONTENT="poems" HEIGHT="49" WIDTH="192" VPOS="2147" HPOS="915"/>
<SP HEIGHT="52" WIDTH="34" VPOS="2128" HPOS="1108"/>
<String CONTENT="by" HEIGHT="67" WIDTH="76" VPOS="2128" HPOS="1143"/>
<SP HEIGHT="67" WIDTH="34" VPOS="2128" HPOS="1220"/>
<String CONTENT="Josephine" HEIGHT="68" WIDTH="314" VPOS="2127" HPOS="1255"/>
<SP HEIGHT="52" WIDTH="35" VPOS="2127" HPOS="1570"/>
<String CONTENT="Hancock" HEIGHT="54" WIDTH="276" VPOS="2126" HPOS="1606"/>
<SP HEIGHT="52" WIDTH="33" VPOS="2126" HPOS="1883"/>
<String CONTENT="Logan." HEIGHT="69" WIDTH="217" VPOS="2125" HPOS="1917"/>
</TextLine>
<TextLine HEIGHT="70" WIDTH="794" VPOS="2206" HPOS="139" STYLEREFS="StyleId-8856204E-C084-4EB2-8E7D-1A42244C38DF-">
<String LANG="en-US" CONTENT="Chicago," HEIGHT="67" WIDTH="269" VPOS="2209" HPOS="139"/>
<SP HEIGHT="66" WIDTH="27" VPOS="2208" HPOS="409"/>
<String LANG="en-US" CONTENT="A." HEIGHT="52" WIDTH="72" VPOS="2208" HPOS="437"/>
<SP HEIGHT="51" WIDTH="26" VPOS="2209" HPOS="510"/>
<String LANG="de" CONTENT="Kroch," HEIGHT="64" WIDTH="214" VPOS="2207" HPOS="537"/>
<SP HEIGHT="60" WIDTH="27" VPOS="2211" HPOS="752"/>
<String LANG="en-US" CONTENT="1932." HEIGHT="50" WIDTH="153" VPOS="2209" HPOS="780"/>
</TextLine>
<TextLine HEIGHT="53" WIDTH="803" VPOS="2276" HPOS="213" CS="1">
<String CONTENT="101" HEIGHT="40" WIDTH="84" VPOS="2280" HPOS="213"/>
<SP HEIGHT="47" WIDTH="28" VPOS="2282" HPOS="298"/>
<String CONTENT="p." HEIGHT="38" WIDTH="43" VPOS="2291" HPOS="327"/>
<SP HEIGHT="40" WIDTH="55" VPOS="2280" HPOS="371"/>
<String CS="1" CONTENT="front."/>
<SP HEIGHT="47" WIDTH="28" VPOS="2279" HPOS="577"/>
<String CONTENT="(col." HEIGHT="47" WIDTH="109" VPOS="2279" HPOS="606"/>
<SP HEIGHT="38" WIDTH="27" VPOS="2289" HPOS="716"/>
<String CONTENT="port.)" HEIGHT="49" WIDTH="148" VPOS="2278" HPOS="744"/>
<SP HEIGHT="48" WIDTH="66" VPOS="2277" HPOS="893"/>
<String CONTENT="23" HEIGHT="40" WIDTH="56" VPOS="2276" HPOS="960"/>
<String STYLE="superscript" CS="1" CONTENT="&#7580;&#7504;."/>
</TextLine>
<TextLine HEIGHT="59" WIDTH="1996" VPOS="2328" HPOS="145" CS="1">
<String CONTENT="&#169;" HEIGHT="53" WIDTH="53" VPOS="2333" HPOS="145"/>
<SP HEIGHT="52" WIDTH="30" VPOS="2333" HPOS="198"/>
<String CONTENT="Sept." HEIGHT="47" WIDTH="129" VPOS="2337" HPOS="228"/>
<SP HEIGHT="40" WIDTH="26" VPOS="2337" HPOS="357"/>
<String CONTENT="23," HEIGHT="46" WIDTH="70" VPOS="2337" HPOS="383"/>
<SP HEIGHT="45" WIDTH="29" VPOS="2338" HPOS="453"/>
<String CONTENT="1932;" HEIGHT="48" WIDTH="141" VPOS="2335" HPOS="482"/>
<SP HEIGHT="46" WIDTH="29" VPOS="2336" HPOS="623"/>
<String CONTENT="2c." HEIGHT="40" WIDTH="68" VPOS="2336" HPOS="652"/>
<SP HEIGHT="40" WIDTH="31" VPOS="2336" HPOS="720"/>
<String CONTENT="Sept." HEIGHT="46" WIDTH="127" VPOS="2336" HPOS="751"/>
<SP HEIGHT="40" WIDTH="28" VPOS="2334" HPOS="878"/>
<String CONTENT="26;" HEIGHT="49" WIDTH="83" VPOS="2333" HPOS="906"/>
<SP/>
<String CS="1" CONTENT="aff."/>
<SP HEIGHT="40" WIDTH="32" VPOS="2334" HPOS="1102"/>
<String CONTENT="Oct." HEIGHT="41" WIDTH="103" VPOS="2334" HPOS="1134"/>
<SP HEIGHT="40" WIDTH="28" VPOS="2335" HPOS="1237"/>
<String CONTENT="5;" HEIGHT="47" WIDTH="53" VPOS="2334" HPOS="1265"/>
<SP HEIGHT="45" WIDTH="33" VPOS="2335" HPOS="1318"/>
<!-- cceid 0FE1A14C-6D7D-1014-B4A5-D7A31D17AB40 --><String CONTENT="A" HEIGHT="37" WIDTH="40" VPOS="2335" HPOS="1351"/>
<SP HEIGHT="39" WIDTH="29" VPOS="2334" HPOS="1391"/>
<String CONTENT="56226;" HEIGHT="47" WIDTH="171" VPOS="2333" HPOS="1420"/>
<SP HEIGHT="48" WIDTH="32" VPOS="2332" HPOS="1591"/>
<String CONTENT="A." HEIGHT="44" WIDTH="55" VPOS="2331" HPOS="1623"/>
<SP HEIGHT="40" WIDTH="31" VPOS="2334" HPOS="1678"/>
<String LANG="de" CONTENT="Kroch," HEIGHT="49" WIDTH="177" VPOS="2332" HPOS="1709"/>
<SP HEIGHT="48" WIDTH="31" VPOS="2333" HPOS="1886"/>
<String CONTENT="Chicago." HEIGHT="51" WIDTH="224" VPOS="2331" HPOS="1917"/>
</TextLine>
<TextLine HEIGHT="49" WIDTH="280" VPOS="2393" HPOS="222">
<String CONTENT="(32-28950)" HEIGHT="49" WIDTH="280" VPOS="2393" HPOS="222"/>
</TextLine>
<TextLine HEIGHT="68" WIDTH="962" VPOS="2480" HPOS="143" STYLEREFS="StyleId-C61C5B9D-1C6C-4B76-86F8-4C8497C881A7-">
<String CONTENT="McKinney," HEIGHT="65" WIDTH="348" VPOS="2483" HPOS="143"/>
<SP HEIGHT="63" WIDTH="26" VPOS="2484" HPOS="492"/>
<String CONTENT="William" HEIGHT="56" WIDTH="256" VPOS="2481" HPOS="519"/>
<SP HEIGHT="53" WIDTH="25" VPOS="2481" HPOS="776"/>
<String CONTENT="Mark," HEIGHT="66" WIDTH="191" VPOS="2480" HPOS="802"/>
<SP HEIGHT="47" WIDTH="27" VPOS="2498" HPOS="994"/>
<String CONTENT="ed." HEIGHT="52" WIDTH="83" VPOS="2481" HPOS="1022"/>
</TextLine>
<TextLine HEIGHT="139" WIDTH="1970" VPOS="2554" HPOS="145" STYLEREFS="StyleId-8856204E-C084-4EB2-8E7D-1A42244C38DF-" CS="1">
<String CONTENT="New" HEIGHT="52" WIDTH="137" VPOS="2562" HPOS="215"/>
<SP HEIGHT="54" WIDTH="35" VPOS="2560" HPOS="353"/>
<String CONTENT="California" HEIGHT="56" WIDTH="324" VPOS="2558" HPOS="389"/>
<SP HEIGHT="52" WIDTH="33" VPOS="2559" HPOS="714"/>
<String CONTENT="digest," HEIGHT="69" WIDTH="203" VPOS="2558" HPOS="748"/>
<SP HEIGHT="48" WIDTH="33" VPOS="2578" HPOS="952"/>
<String CONTENT="compiled" HEIGHT="70" WIDTH="281" VPOS="2557" HPOS="986"/>
<SP HEIGHT="55" WIDTH="32" VPOS="2556" HPOS="1268"/>
<String CONTENT="under" HEIGHT="53" WIDTH="181" VPOS="2558" HPOS="1301"/>
<SP HEIGHT="48" WIDTH="30" VPOS="2562" HPOS="1483"/>
<String CONTENT="the" HEIGHT="53" WIDTH="96" VPOS="2558" HPOS="1514"/>
<SP HEIGHT="34" WIDTH="32" VPOS="2577" HPOS="1611"/>
<String CONTENT="editorial" HEIGHT="55" WIDTH="268" VPOS="2557" HPOS="1644"/>
<SP HEIGHT="50" WIDTH="30" VPOS="2560" HPOS="1913"/>
<String CONTENT="supervision" HEIGHT="118" WIDTH="1970" VPOS="2575" HPOS="145"/>
</TextLine>
<TextLine HEIGHT="76" WIDTH="1775" VPOS="2633" HPOS="362" STYLEREFS="StyleId-8856204E-C084-4EB2-8E7D-1A42244C38DF-">
<String CONTENT="of" HEIGHT="52" WIDTH="63" VPOS="2639" HPOS="362"/>
<SP HEIGHT="54" WIDTH="32" VPOS="2639" HPOS="426"/>
<String CONTENT="William" HEIGHT="55" WIDTH="260" VPOS="2638" HPOS="459"/>
<SP HEIGHT="52" WIDTH="31" VPOS="2638" HPOS="720"/>
<String CONTENT="M." HEIGHT="52" WIDTH="80" VPOS="2638" HPOS="752"/>
<SP HEIGHT="52" WIDTH="33" VPOS="2638" HPOS="833"/>
<String CONTENT="McKinney;" HEIGHT="69" WIDTH="358" VPOS="2637" HPOS="867"/>
<SP HEIGHT="48" WIDTH="36" VPOS="2655" HPOS="1226"/>
<String CONTENT="managing" HEIGHT="72" WIDTH="314" VPOS="2635" HPOS="1263"/>
<SP HEIGHT="51" WIDTH="30" VPOS="2655" HPOS="1578"/>
<String CONTENT="editor," HEIGHT="70" WIDTH="201" VPOS="2635" HPOS="1609"/>
<SP HEIGHT="68" WIDTH="33" VPOS="2636" HPOS="1811"/>
<String CONTENT="J." HEIGHT="55" WIDTH="54" VPOS="2636" HPOS="1845"/>
<SP HEIGHT="55" WIDTH="38" VPOS="2636" HPOS="1900"/>
<String CONTENT="Oliver" HEIGHT="56" WIDTH="198" VPOS="2635" HPOS="1939"/>
</TextLine>
<TextLine HEIGHT="78" WIDTH="1993" VPOS="2712" HPOS="146" STYLEREFS="StyleId-8856204E-C084-4EB2-8E7D-1A42244C38DF-" CS="1">
<String CONTENT="Tucker." HEIGHT="52" WIDTH="236" VPOS="2718" HPOS="146"/>
<SP HEIGHT="53" WIDTH="76" VPOS="2717" HPOS="382"/>
<String CONTENT="Volume" HEIGHT="54" WIDTH="242" VPOS="2716" HPOS="458"/>
<SP HEIGHT="35" WIDTH="36" VPOS="2734" HPOS="700"/>
<String CS="1" CONTENT="XVIII." HEIGHT="11" WIDTH="11" VPOS="2757" HPOS="891"/>
<SP HEIGHT="54" WIDTH="38" VPOS="2715" HPOS="902"/>
<String CONTENT="New" HEIGHT="53" WIDTH="141" VPOS="2715" HPOS="940"/>
<SP HEIGHT="48" WIDTH="34" VPOS="2720" HPOS="1081"/>
<String CONTENT="trial," HEIGHT="69" WIDTH="155" VPOS="2715" HPOS="1115"/>
<SP HEIGHT="68" WIDTH="38" VPOS="2717" HPOS="1270"/>
<String CONTENT="&#167;" HEIGHT="67" WIDTH="29" VPOS="2717" HPOS="1308"/>
<SP HEIGHT="67" WIDTH="39" VPOS="2717" HPOS="1337"/>
<String CONTENT="133" HEIGHT="49" WIDTH="99" VPOS="2718" HPOS="1376"/>
<SP HEIGHT="50" WIDTH="36" VPOS="2718" HPOS="1475"/>
<String CONTENT="to" HEIGHT="48" WIDTH="60" VPOS="2720" HPOS="1511"/>
<SP HEIGHT="53" WIDTH="37" VPOS="2717" HPOS="1571"/>
<String CONTENT="Pleading," HEIGHT="71" WIDTH="302" VPOS="2715" HPOS="1608"/>
<SP HEIGHT="67" WIDTH="42" VPOS="2716" HPOS="1910"/>
<String CONTENT="&#167;" HEIGHT="65" WIDTH="28" VPOS="2716" HPOS="1952"/>
<SP HEIGHT="65" WIDTH="40" VPOS="2716" HPOS="1980"/>
<String CONTENT="111." HEIGHT="52" WIDTH="119" VPOS="2719" HPOS="2020"/>
</TextLine>
<TextLine HEIGHT="76" WIDTH="1597" VPOS="2791" HPOS="147" STYLEREFS="StyleId-8856204E-C084-4EB2-8E7D-1A42244C38DF-">
<String CONTENT="San" HEIGHT="55" WIDTH="116" VPOS="2797" HPOS="147"/>
<SP HEIGHT="50" WIDTH="29" VPOS="2798" HPOS="264"/>
<String CONTENT="Francisco," HEIGHT="63" WIDTH="321" VPOS="2795" HPOS="294"/>
<SP HEIGHT="60" WIDTH="31" VPOS="2797" HPOS="616"/>
<String CONTENT="Bancroft-Whitney" HEIGHT="68" WIDTH="584" VPOS="2793" HPOS="648"/>
<SP HEIGHT="50" WIDTH="30" VPOS="2810" HPOS="1233"/>
<String CONTENT="company," HEIGHT="52" WIDTH="297" VPOS="2812" HPOS="1264"/>
<SP HEIGHT="63" WIDTH="32" VPOS="2800" HPOS="1562"/>
<String CONTENT="1932." HEIGHT="53" WIDTH="149" VPOS="2796" HPOS="1595"/>
</TextLine>
<TextLine HEIGHT="50" WIDTH="310" VPOS="2868" HPOS="247" CS="1">
<String CS="1" CONTENT="v." HEIGHT="9" WIDTH="9" VPOS="2903" HPOS="247"/>
<SP HEIGHT="39" WIDTH="29" VPOS="2873" HPOS="257"/>
<String CONTENT="704" HEIGHT="40" WIDTH="84" VPOS="2871" HPOS="287"/>
<SP HEIGHT="44" WIDTH="28" VPOS="2874" HPOS="372"/>
<String CONTENT="p." HEIGHT="37" WIDTH="42" VPOS="2881" HPOS="401"/>
<SP HEIGHT="41" WIDTH="56" VPOS="2869" HPOS="444"/>
<String CONTENT="26" HEIGHT="42" WIDTH="56" VPOS="2868" HPOS="501"/>
<String STYLE="superscript" CS="1" CONTENT="&#7580;&#7504;."/>
</TextLine>
<TextLine HEIGHT="59" WIDTH="1882" VPOS="2917" HPOS="149" CS="1">
<String CONTENT="&#169;" HEIGHT="54" WIDTH="50" VPOS="2922" HPOS="149"/>
<SP HEIGHT="53" WIDTH="28" VPOS="2922" HPOS="200"/>
<String CONTENT="Oct." HEIGHT="40" WIDTH="101" VPOS="2927" HPOS="229"/>
<SP HEIGHT="41" WIDTH="24" VPOS="2926" HPOS="331"/>
<String CONTENT="27," HEIGHT="42" WIDTH="69" VPOS="2926" HPOS="356"/>
<SP HEIGHT="42" WIDTH="26" VPOS="2926" HPOS="426"/>
<String CONTENT="1932;" HEIGHT="48" WIDTH="140" VPOS="2925" HPOS="453"/>
<SP HEIGHT="46" WIDTH="28" VPOS="2926" HPOS="594"/>
<String CONTENT="2c." HEIGHT="39" WIDTH="66" VPOS="2926" HPOS="623"/>
<SP HEIGHT="28" WIDTH="27" VPOS="2936" HPOS="690"/>
<String CONTENT="and" HEIGHT="38" WIDTH="95" VPOS="2926" HPOS="718"/>
<SP/>
<String CS="1" CONTENT="aff."/>
<SP HEIGHT="39" WIDTH="27" VPOS="2924" HPOS="923"/>
<String CONTENT="Nov." HEIGHT="40" WIDTH="116" VPOS="2924" HPOS="951"/>
<SP HEIGHT="38" WIDTH="26" VPOS="2925" HPOS="1068"/>
<String CONTENT="4;" HEIGHT="45" WIDTH="54" VPOS="2925" HPOS="1095"/>
<SP HEIGHT="45" WIDTH="28" VPOS="2925" HPOS="1150"/>
<!-- cceid 0FE1CF78-6D7D-1014-B4A5-D7A31D17AB40 --><String CONTENT="A" HEIGHT="38" WIDTH="41" VPOS="2925" HPOS="1179"/>
<SP HEIGHT="39" WIDTH="25" VPOS="2925" HPOS="1221"/>
<String CONTENT="56889;" HEIGHT="50" WIDTH="170" VPOS="2923" HPOS="1247"/>
<SP HEIGHT="47" WIDTH="30" VPOS="2925" HPOS="1418"/>
<String CONTENT="Bancroft-Whitney" HEIGHT="48" WIDTH="487" VPOS="2924" HPOS="1449"/>
<SP HEIGHT="36" WIDTH="28" VPOS="2935" HPOS="1937"/>
<String CONTENT="co." HEIGHT="31" WIDTH="65" VPOS="2934" HPOS="1966"/>
</TextLine>
<TextLine HEIGHT="70" WIDTH="737" VPOS="3013" HPOS="145" STYLEREFS="StyleId-C61C5B9D-1C6C-4B76-86F8-4C8497C881A7-">
<String LANG="de" CONTENT="Magre," HEIGHT="64" WIDTH="223" VPOS="3017" HPOS="145"/>
<SP HEIGHT="64" WIDTH="28" VPOS="3016" HPOS="369"/>
<String LANG="en-US" CONTENT="Maurice," HEIGHT="68" WIDTH="281" VPOS="3014" HPOS="398"/>
<SP HEIGHT="61" WIDTH="30" VPOS="3020" HPOS="680"/>
<String LANG="en-US" CONTENT="1877-" HEIGHT="56" WIDTH="171" VPOS="3013" HPOS="711"/>
</TextLine>
<TextLine HEIGHT="74" WIDTH="1928" VPOS="3086" HPOS="212" STYLEREFS="StyleId-8856204E-C084-4EB2-8E7D-1A42244C38DF-" CS="1">
<String CONTENT="Magicians," HEIGHT="70" WIDTH="338" VPOS="3090" HPOS="212"/>
<SP HEIGHT="48" WIDTH="26" VPOS="3111" HPOS="550"/>
<String CONTENT="seers," HEIGHT="50" WIDTH="165" VPOS="3109" HPOS="576"/>
<SP HEIGHT="49" WIDTH="25" VPOS="3110" HPOS="741"/>
<String CONTENT="and" HEIGHT="51" WIDTH="114" VPOS="3093" HPOS="766"/>
<SP HEIGHT="51" WIDTH="29" VPOS="3093" HPOS="880"/>
<String CONTENT="mystics" HEIGHT="69" WIDTH="234" VPOS="3090" HPOS="909"/>
<SP HEIGHT="33" WIDTH="32" VPOS="3111" HPOS="1143"/>
<String CS="1" CONTENT="&#8230;"/>
<SP HEIGHT="47" WIDTH="33" VPOS="3097" HPOS="1231"/>
<String CONTENT="translated" HEIGHT="53" WIDTH="316" VPOS="3091" HPOS="1264"/>
<SP HEIGHT="52" WIDTH="31" VPOS="3091" HPOS="1580"/>
<String CONTENT="from" HEIGHT="55" WIDTH="153" VPOS="3090" HPOS="1611"/>
<SP HEIGHT="47" WIDTH="27" VPOS="3097" HPOS="1764"/>
<String CONTENT="the" HEIGHT="52" WIDTH="96" VPOS="3092" HPOS="1791"/>
<SP HEIGHT="52" WIDTH="30" VPOS="3092" HPOS="1887"/>
<String CONTENT="French" HEIGHT="54" WIDTH="223" VPOS="3090" HPOS="1917"/>
</TextLine>
<TextLine HEIGHT="76" WIDTH="1993" VPOS="3165" HPOS="146" STYLEREFS="StyleId-8856204E-C084-4EB2-8E7D-1A42244C38DF-">
<String CONTENT="of" HEIGHT="52" WIDTH="63" VPOS="3170" HPOS="146"/>
<SP HEIGHT="53" WIDTH="38" VPOS="3170" HPOS="210"/>
<String CONTENT="Maurice" HEIGHT="53" WIDTH="256" VPOS="3170" HPOS="249"/>
<SP HEIGHT="53" WIDTH="41" VPOS="3170" HPOS="506"/>
<String LANG="de" CONTENT="Magre" HEIGHT="67" WIDTH="200" VPOS="3170" HPOS="548"/>
<SP HEIGHT="52" WIDTH="39" VPOS="3170" HPOS="749"/>
<String CONTENT="by" HEIGHT="67" WIDTH="75" VPOS="3170" HPOS="789"/>
<SP HEIGHT="66" WIDTH="41" VPOS="3171" HPOS="865"/>
<String CONTENT="Reginald" HEIGHT="69" WIDTH="286" VPOS="3168" HPOS="907"/>
<SP HEIGHT="53" WIDTH="40" VPOS="3169" HPOS="1194"/>
<String CONTENT="Merton." HEIGHT="54" WIDTH="244" VPOS="3168" HPOS="1235"/>
<SP HEIGHT="53" WIDTH="74" VPOS="3168" HPOS="1480"/>
<String CONTENT="New" HEIGHT="55" WIDTH="137" VPOS="3167" HPOS="1555"/>
<SP HEIGHT="53" WIDTH="44" VPOS="3169" HPOS="1693"/>
<String CONTENT="York," HEIGHT="68" WIDTH="179" VPOS="3168" HPOS="1738"/>
<SP HEIGHT="66" WIDTH="43" VPOS="3170" HPOS="1918"/>
<String CONTENT="E." HEIGHT="52" WIDTH="67" VPOS="3170" HPOS="1962"/>
<SP HEIGHT="52" WIDTH="42" VPOS="3170" HPOS="2030"/>
<String CONTENT="P." HEIGHT="52" WIDTH="66" VPOS="3170" HPOS="2073"/>
</TextLine>
<TextLine HEIGHT="71" WIDTH="780" VPOS="3246" HPOS="145" STYLEREFS="StyleId-8856204E-C084-4EB2-8E7D-1A42244C38DF-" CS="1">
<String CONTENT="Dutton" HEIGHT="52" WIDTH="223" VPOS="3249" HPOS="145"/>
<SP HEIGHT="49" WIDTH="25" VPOS="3252" HPOS="369"/>
<String CONTENT="&amp;" HEIGHT="49" WIDTH="45" VPOS="3252" HPOS="395"/>
<SP HEIGHT="49" WIDTH="24" VPOS="3252" HPOS="441"/>
<String CONTENT="co.," HEIGHT="51" WIDTH="97" VPOS="3265" HPOS="466"/>
<SP HEIGHT="68" WIDTH="26" VPOS="3247" HPOS="564"/>
<String CONTENT="inc." HEIGHT="54" WIDTH="106" VPOS="3247" HPOS="591"/>
<SP HEIGHT="33" WIDTH="34" VPOS="3282" HPOS="698"/>
<String CS="1" CONTENT="["/>
<String STYLE="superscript" CS="1" CONTENT="&#7580;1"/>
<String CONTENT="932]" HEIGHT="65" WIDTH="118" VPOS="3250" HPOS="807"/>
</TextLine>
<TextLine HEIGHT="52" WIDTH="753" VPOS="3317" HPOS="217" CS="1">
<String CONTENT="2" HEIGHT="38" WIDTH="27" VPOS="3322" HPOS="217"/>
<SP HEIGHT="45" WIDTH="24" VPOS="3322" HPOS="245"/>
<String LANG="fr" CS="1" CONTENT="p."/>
<SP/>
<String LANG="fr" CS="1" CONTENT="l."/>
<String CONTENT="," HEIGHT="17" WIDTH="8" VPOS="3351" HPOS="376"/>
<SP HEIGHT="37" WIDTH="28" VPOS="3331" HPOS="385"/>
<String CONTENT="vii-viii," HEIGHT="51" WIDTH="199" VPOS="3318" HPOS="414"/>
<SP HEIGHT="49" WIDTH="24" VPOS="3319" HPOS="614"/>
<String CONTENT="9-287" HEIGHT="41" WIDTH="146" VPOS="3319" HPOS="639"/>
<SP HEIGHT="48" WIDTH="25" VPOS="3320" HPOS="786"/>
<String CONTENT="p." HEIGHT="38" WIDTH="44" VPOS="3330" HPOS="812"/>
<SP HEIGHT="41" WIDTH="57" VPOS="3318" HPOS="857"/>
<String CONTENT="21" HEIGHT="40" WIDTH="55" VPOS="3318" HPOS="915"/>
<String STYLE="superscript" CS="1" CONTENT="&#7580;&#7504;."/>
</TextLine>
<TextLine HEIGHT="43" WIDTH="419" VPOS="3374" HPOS="220">
<String CONTENT="&#8220;First" HEIGHT="40" WIDTH="162" VPOS="3377" HPOS="220"/>
<SP HEIGHT="38" WIDTH="31" VPOS="3379" HPOS="383"/>
<String CONTENT="edition.&#8221;" HEIGHT="43" WIDTH="224" VPOS="3374" HPOS="415"/>
</TextLine>
<TextLine HEIGHT="58" WIDTH="1728" VPOS="3426" HPOS="218">
<String CONTENT="London" HEIGHT="41" WIDTH="197" VPOS="3432" HPOS="218"/>
<SP HEIGHT="29" WIDTH="28" VPOS="3444" HPOS="416"/>
<String CONTENT="edition" HEIGHT="44" WIDTH="184" VPOS="3429" HPOS="445"/>
<SP HEIGHT="47" WIDTH="37" VPOS="3433" HPOS="630"/>
<String CONTENT="(P." HEIGHT="48" WIDTH="75" VPOS="3432" HPOS="668"/>
<SP HEIGHT="40" WIDTH="29" VPOS="3433" HPOS="744"/>
<String CONTENT="Allan)" HEIGHT="47" WIDTH="168" VPOS="3432" HPOS="774"/>
<SP HEIGHT="46" WIDTH="39" VPOS="3432" HPOS="943"/>
<String CONTENT="has" HEIGHT="39" WIDTH="88" VPOS="3433" HPOS="983"/>
<SP HEIGHT="38" WIDTH="31" VPOS="3434" HPOS="1072"/>
<String CONTENT="title:" HEIGHT="40" WIDTH="135" VPOS="3432" HPOS="1104"/>
<SP HEIGHT="40" WIDTH="32" VPOS="3432" HPOS="1240"/>
<String CONTENT="The" HEIGHT="43" WIDTH="102" VPOS="3431" HPOS="1273"/>
<SP HEIGHT="30" WIDTH="28" VPOS="3443" HPOS="1376"/>
<String CONTENT="return" HEIGHT="38" WIDTH="169" VPOS="3434" HPOS="1405"/>
<SP HEIGHT="29" WIDTH="30" VPOS="3444" HPOS="1575"/>
<String CONTENT="of" HEIGHT="40" WIDTH="53" VPOS="3433" HPOS="1606"/>
<SP HEIGHT="39" WIDTH="28" VPOS="3433" HPOS="1660"/>
<String CONTENT="the" HEIGHT="39" WIDTH="82" VPOS="3433" HPOS="1689"/>
<SP HEIGHT="28" WIDTH="30" VPOS="3444" HPOS="1772"/>
<String CONTENT="magi." HEIGHT="48" WIDTH="143" VPOS="3432" HPOS="1803"/>
</TextLine>
<TextLine HEIGHT="107" WIDTH="1976" VPOS="3485" HPOS="148" CS="1">
<String CS="1" CONTENT="CONTENTS.&#8212;Apollonius" HEIGHT="47" WIDTH="284" VPOS="3489" HPOS="556"/>
<SP HEIGHT="29" WIDTH="29" VPOS="3501" HPOS="841"/>
<String CONTENT="of" HEIGHT="42" WIDTH="52" VPOS="3488" HPOS="871"/>
<SP HEIGHT="40" WIDTH="26" VPOS="3488" HPOS="924"/>
<String LANG="la" CONTENT="Tyana." HEIGHT="49" WIDTH="183" VPOS="3488" HPOS="951"/>
<String CONTENT="&#8212;The" HEIGHT="41" WIDTH="162" VPOS="3488" HPOS="1136"/>
<SP HEIGHT="29" WIDTH="30" VPOS="3500" HPOS="1299"/>
<String CONTENT="unknown" HEIGHT="41" WIDTH="242" VPOS="3489" HPOS="1330"/>
<SP HEIGHT="30" WIDTH="30" VPOS="3500" HPOS="1573"/>
<String CONTENT="master" HEIGHT="38" WIDTH="183" VPOS="3492" HPOS="1604"/>
<SP HEIGHT="29" WIDTH="30" VPOS="3500" HPOS="1788"/>
<String CONTENT="of" HEIGHT="39" WIDTH="52" VPOS="3490" HPOS="1819"/>
<SP HEIGHT="39" WIDTH="29" VPOS="3490" HPOS="1872"/>
<String CONTENT="the" HEIGHT="39" WIDTH="81" VPOS="3491" HPOS="1902"/>
<SP HEIGHT="40" WIDTH="29" VPOS="3491" HPOS="1984"/>
<String CONTENT="Albigenses.&#8212;Christian" HEIGHT="102" WIDTH="1976" VPOS="3490" HPOS="148"/>
</TextLine>
<TextLine HEIGHT="57" WIDTH="1464" VPOS="3542" HPOS="679">
<String LANG="de" CONTENT="Rosenkreutz" HEIGHT="42" WIDTH="333" VPOS="3545" HPOS="679"/>
<SP HEIGHT="29" WIDTH="31" VPOS="3557" HPOS="1013"/>
<String LANG="en-US" CONTENT="and" HEIGHT="39" WIDTH="95" VPOS="3547" HPOS="1045"/>
<SP HEIGHT="39" WIDTH="33" VPOS="3547" HPOS="1141"/>
<String LANG="en-US" CONTENT="the" HEIGHT="39" WIDTH="81" VPOS="3547" HPOS="1175"/>
<SP HEIGHT="41" WIDTH="32" VPOS="3546" HPOS="1257"/>
<String LANG="en-US" CONTENT="Rosicrucians.&#8212;The" HEIGHT="44" WIDTH="520" VPOS="3544" HPOS="1290"/>
<SP HEIGHT="31" WIDTH="32" VPOS="3556" HPOS="1811"/>
<String LANG="en-US" CONTENT="mystery" HEIGHT="48" WIDTH="214" VPOS="3548" HPOS="1844"/>
<SP HEIGHT="38" WIDTH="31" VPOS="3557" HPOS="2059"/>
<String LANG="en-US" CONTENT="of" HEIGHT="41" WIDTH="52" VPOS="3547" HPOS="2091"/>
</TextLine>
<TextLine HEIGHT="104" WIDTH="1976" VPOS="3597" HPOS="150" CS="1">
<String CONTENT="the" HEIGHT="41" WIDTH="82" VPOS="3604" HPOS="150"/>
<SP HEIGHT="41" WIDTH="29" VPOS="3603" HPOS="233"/>
<String CONTENT="Templars.&#8212;Nicolas" HEIGHT="49" WIDTH="523" VPOS="3601" HPOS="263"/>
<SP HEIGHT="40" WIDTH="29" VPOS="3603" HPOS="787"/>
<String CONTENT="Flamel" HEIGHT="42" WIDTH="185" VPOS="3602" HPOS="817"/>
<SP HEIGHT="38" WIDTH="29" VPOS="3605" HPOS="1003"/>
<String CONTENT="and" HEIGHT="39" WIDTH="96" VPOS="3604" HPOS="1033"/>
<SP HEIGHT="39" WIDTH="29" VPOS="3604" HPOS="1130"/>
<String CONTENT="the" HEIGHT="39" WIDTH="82" VPOS="3604" HPOS="1160"/>
<SP HEIGHT="38" WIDTH="27" VPOS="3614" HPOS="1243"/>
<String CONTENT="philosopher&#8217;s" HEIGHT="50" WIDTH="350" VPOS="3602" HPOS="1271"/>
<SP HEIGHT="31" WIDTH="30" VPOS="3614" HPOS="1622"/>
<String CONTENT="stone.&#8212;Saint-Germain" HEIGHT="98" WIDTH="1976" VPOS="3603" HPOS="150"/>
</TextLine>
<TextLine HEIGHT="56" WIDTH="1573" VPOS="3656" HPOS="312">
<String CONTENT="the" HEIGHT="38" WIDTH="82" VPOS="3662" HPOS="312"/>
<SP HEIGHT="40" WIDTH="28" VPOS="3660" HPOS="395"/>
<String CONTENT="immortal.&#8212;Madame" HEIGHT="45" WIDTH="548" VPOS="3658" HPOS="424"/>
<SP HEIGHT="40" WIDTH="29" VPOS="3661" HPOS="973"/>
<String CONTENT="Blavatsky" HEIGHT="48" WIDTH="271" VPOS="3660" HPOS="1003"/>
<SP HEIGHT="38" WIDTH="28" VPOS="3670" HPOS="1275"/>
<String CONTENT="and" HEIGHT="39" WIDTH="96" VPOS="3662" HPOS="1304"/>
<SP HEIGHT="39" WIDTH="29" VPOS="3662" HPOS="1401"/>
<String CONTENT="the" HEIGHT="39" WIDTH="82" VPOS="3662" HPOS="1431"/>
<SP HEIGHT="37" WIDTH="27" VPOS="3664" HPOS="1514"/>
<String CONTENT="theosophists." HEIGHT="49" WIDTH="343" VPOS="3660" HPOS="1542"/>
</TextLine>
<TextLine HEIGHT="62" WIDTH="1988" VPOS="3707" HPOS="154" CS="1">
<String CONTENT="&#169;" HEIGHT="53" WIDTH="51" VPOS="3712" HPOS="154"/>
<SP HEIGHT="52" WIDTH="36" VPOS="3712" HPOS="206"/>
<String CONTENT="Sept." HEIGHT="48" WIDTH="125" VPOS="3717" HPOS="243"/>
<SP HEIGHT="38" WIDTH="34" VPOS="3719" HPOS="369"/>
<String CONTENT="13," HEIGHT="47" WIDTH="68" VPOS="3718" HPOS="404"/>
<SP HEIGHT="47" WIDTH="33" VPOS="3718" HPOS="473"/>
<String CS="1" CONTENT="1932;" HEIGHT="43" WIDTH="112" VPOS="3715" HPOS="507"/>
<SP HEIGHT="46" WIDTH="34" VPOS="3717" HPOS="646"/>
<String CONTENT="2c." HEIGHT="40" WIDTH="67" VPOS="3717" HPOS="681"/>
<SP HEIGHT="28" WIDTH="33" VPOS="3728" HPOS="749"/>
<String CONTENT="and" HEIGHT="37" WIDTH="95" VPOS="3719" HPOS="783"/>
<SP/>
<String CS="1" CONTENT="aff."/>
<SP HEIGHT="40" WIDTH="37" VPOS="3717" HPOS="994"/>
<String CONTENT="Sept." HEIGHT="47" WIDTH="126" VPOS="3717" HPOS="1032"/>
<SP HEIGHT="38" WIDTH="33" VPOS="3718" HPOS="1159"/>
<String CS="1" CONTENT="15;" HEIGHT="40" WIDTH="55" VPOS="3717" HPOS="1193"/>
<SP HEIGHT="47" WIDTH="37" VPOS="3717" HPOS="1275"/>
<!-- cceid 0FE1FEB2-6D7D-1014-B4A5-D7A31D17AB40 --><String CONTENT="A" HEIGHT="39" WIDTH="40" VPOS="3717" HPOS="1313"/>
<SP HEIGHT="40" WIDTH="32" VPOS="3717" HPOS="1354"/>
<String CS="1" CONTENT="56183;" HEIGHT="40" WIDTH="142" VPOS="3718" HPOS="1387"/>
<SP HEIGHT="46" WIDTH="37" VPOS="3719" HPOS="1557"/>
<String LANG="la" CONTENT="E." HEIGHT="39" WIDTH="52" VPOS="3719" HPOS="1595"/>
<SP HEIGHT="39" WIDTH="33" VPOS="3719" HPOS="1648"/>
<String CONTENT="P." HEIGHT="40" WIDTH="51" VPOS="3719" HPOS="1682"/>
<SP HEIGHT="41" WIDTH="34" VPOS="3718" HPOS="1734"/>
<String CONTENT="Dutton" HEIGHT="40" WIDTH="187" VPOS="3718" HPOS="1769"/>
<SP HEIGHT="41" WIDTH="33" VPOS="3718" HPOS="1957"/>
<String CONTENT="&amp;" HEIGHT="41" WIDTH="37" VPOS="3718" HPOS="1991"/>
<SP HEIGHT="42" WIDTH="31" VPOS="3717" HPOS="2029"/>
<String CONTENT="co.," HEIGHT="36" WIDTH="81" VPOS="3727" HPOS="2061"/>
</TextLine>
<TextLine HEIGHT="51" WIDTH="439" VPOS="3772" HPOS="221">
<String CONTENT="inc." HEIGHT="39" WIDTH="87" VPOS="3773" HPOS="221"/>
<SP HEIGHT="47" WIDTH="71" VPOS="3774" HPOS="309"/>
<String CONTENT="(32-28927)" HEIGHT="51" WIDTH="279" VPOS="3772" HPOS="381"/>
</TextLine>
<TextLine HEIGHT="70" WIDTH="728" VPOS="3845" HPOS="152" STYLEREFS="StyleId-C61C5B9D-1C6C-4B76-86F8-4C8497C881A7-">
<String CONTENT="Markey," HEIGHT="67" WIDTH="264" VPOS="3846" HPOS="152"/>
<SP HEIGHT="63" WIDTH="27" VPOS="3849" HPOS="416"/>
<String CONTENT="Morris," HEIGHT="66" WIDTH="235" VPOS="3848" HPOS="443"/>
<SP HEIGHT="58" WIDTH="31" VPOS="3855" HPOS="678"/>
<String CONTENT="1899-" HEIGHT="50" WIDTH="171" VPOS="3853" HPOS="709"/>
</TextLine>
<TextLine HEIGHT="84" WIDTH="1922" VPOS="3915" HPOS="219" STYLEREFS="StyleId-8856204E-C084-4EB2-8E7D-1A42244C38DF-">
<String CONTENT="This" HEIGHT="56" WIDTH="141" VPOS="3920" HPOS="219"/>
<SP HEIGHT="35" WIDTH="34" VPOS="3942" HPOS="361"/>
<String CONTENT="country" HEIGHT="64" WIDTH="240" VPOS="3929" HPOS="396"/>
<SP HEIGHT="50" WIDTH="34" VPOS="3942" HPOS="637"/>
<String CONTENT="of" HEIGHT="53" WIDTH="64" VPOS="3924" HPOS="672"/>
<SP HEIGHT="69" WIDTH="33" VPOS="3924" HPOS="737"/>
<String CONTENT="yours," HEIGHT="52" WIDTH="188" VPOS="3941" HPOS="771"/>
<SP HEIGHT="67" WIDTH="33" VPOS="3925" HPOS="960"/>
<String CONTENT="by" HEIGHT="68" WIDTH="75" VPOS="3925" HPOS="994"/>
<SP HEIGHT="68" WIDTH="32" VPOS="3925" HPOS="1070"/>
<String CONTENT="Morris" HEIGHT="57" WIDTH="211" VPOS="3923" HPOS="1103"/>
<SP HEIGHT="53" WIDTH="34" VPOS="3926" HPOS="1315"/>
<String CONTENT="Markey." HEIGHT="69" WIDTH="257" VPOS="3924" HPOS="1350"/>
<SP HEIGHT="51" WIDTH="71" VPOS="3927" HPOS="1608"/>
<String CONTENT="Boston," HEIGHT="67" WIDTH="233" VPOS="3927" HPOS="1680"/>
<SP HEIGHT="68" WIDTH="32" VPOS="3926" HPOS="1914"/>
<String CONTENT="Little," HEIGHT="71" WIDTH="194" VPOS="3924" HPOS="1947"/>
</TextLine>
<TextLine HEIGHT="75" WIDTH="866" VPOS="3998" HPOS="151" STYLEREFS="StyleId-8856204E-C084-4EB2-8E7D-1A42244C38DF-">
<String CONTENT="Brown" HEIGHT="54" WIDTH="212" VPOS="4000" HPOS="151"/>
<SP HEIGHT="34" WIDTH="29" VPOS="4020" HPOS="364"/>
<String CONTENT="and" HEIGHT="52" WIDTH="112" VPOS="4003" HPOS="394"/>
<SP HEIGHT="54" WIDTH="28" VPOS="4003" HPOS="507"/>
<String CONTENT="company," HEIGHT="51" WIDTH="297" VPOS="4021" HPOS="536"/>
<SP HEIGHT="64" WIDTH="31" VPOS="4007" HPOS="834"/>
<String CONTENT="1932." HEIGHT="52" WIDTH="151" VPOS="4005" HPOS="866"/>
</TextLine>
</TextBlock>
</PrintSpace>
</Page>
</Layout>
</alto>