2563 4368
1335 4106 133 52 1410

377 475 228 65 Bleyer,
633 473 243 56 Willard
906 475 353 64 Grosvenor,
1291 474 169 55 1873-

445 554 350 67 Newspaper
851 551 236 69 writing
1144 550 113 53 and
1315 548 240 70 editing,
1610 550 76 68 by
1740 548 250 56 Willard
2049 547 323 56 Grosvenor

378 626 1970 136 Bleyer … Rev. and enl. ed. Boston, New York [etc. ] Houghton
504 709 741 65 Mifflin company [ ᶜ193 2]
449 778 845 53 ix p., 1 l., 482 p. illus. 19½ ᶜᵐ .
385 849 51 52 ©
474 853 127 48 Sept.
636 853 69 45 14,
740 849 140 49 1932;
917 850 66 41 2c.
1021 850 125 48 Sept.
1183 850 82 46 23;
1303 850 81 40 aff.
1423 850 127 47 Sept.
1585 850 82 46 21;
1706 850 40 39 A
1781 850 169 46 56048;
1989 849 71 40 W.
2097 848 52 40 G.
2187 850 187 47 Bleyer,

454 909 236 47 Madison,
719 908 116 40 Wis.
906 907 279 49 (32-24683)

382 1010 330 65 Bordeaux,
743 1011 225 64 Henry,
1001 1011 170 54 1870-

515 1087 1862 69 … Le fort de Vaux, 1916; avec quatre planches hors-texte
382 1163 1637 71 tirées en héliogravure. [Paris] Flammarion [ᶜ193 2]
456 1236 1546 53 125, [3] p. front., plates. 18 ᶜᵐ . [“Hier et aujourd’hui”]
456 1295 96 42 “Ce
577 1296 191 41 volume
795 1306 28 30 a
851 1294 78 42 été
954 1294 243 43 constitué
1223 1306 116 30 avec
1365 1297 84 39 des
1477 1304 146 39 pages
1651 1293 305 49 empruntées
1986 1295 28 40 à
2044 1295 91 40 Les
2162 1295 218 41 derniers

385 1352 141 48 jours
551 1355 65 39 du
641 1353 103 41 fort
770 1354 59 40 de
854 1353 155 48 Vaux,
1038 1354 59 39 de
1122 1352 169 49 Henry
1320 1351 304 43 Bordeaux.”

391 1413 1991 53 © May 26, 1932; 1c. June 11; A— Foreign 17100; Ernest Flammarion.
467 1473 279 49 (32-25472)

389 1575 208 67 Bruce,
624 1577 241 65 Robert,
895 1577 173 55 1872-

458 1652 122 54 The
604 1652 248 70 fighting
877 1652 213 55 Norths
1118 1652 111 54 and
1256 1652 240 55 Pawnee
1522 1658 183 47 scouts;
1761 1650 316 55 narratives
2104 1650 114 56 and

392 1668 1969 117 reminiscences
731 1730 64 53 of
832 1730 256 68 military
1128 1728 208 56 service
1377 1748 72 35 on
1488 1729 96 54 the
1624 1728 95 54 old
1760 1726 260 71 frontier,
2059 1728 75 69 by
2174 1726 214 55 Robert

393 1807 200 68 Bruce,
618 1806 216 70 mainly
863 1807 151 52 from
1042 1806 284 56 extensive
1353 1806 474 69 correspondence
1853 1805 139 54 with
2023 1805 166 69 Capt.
2217 1805 64 53 L.
2308 1805 77 53 H.

392 1883 1625 69 North, 1929-’32 … Published with the cooperation
2042 1883 112 54 and
394 1901 1967 114 approval
516 1962 64 53 of
607 1962 96 53 the
731 1960 289 56 Nebraska
1051 1966 143 51 state
1223 1959 292 57 historical

1546 1959 841 71 society … Lincoln, Nebr.,
519 2042 47 50 ᶜ193 2.
464 2108 1605 51 cover-title, 72 p. illus. (incl. ports., maps, facsims.) 30½ ᶜᵐ .
464 2167 125 41 Text
620 2168 97 39 and
748 2166 329 41 illustrations
1110 2178 59 29 on
1204 2176 153 32 cover.

402 2222 51 52 ©
488 2226 119 48 Aug.
639 2226 70 48 31,
743 2225 140 47 1932;
919 2225 65 40 2c.
1021 2226 95 40 and
1150 2225 81 40 aff.
1269 2226 127 47 Sept.
1430 2225 52 47 2;
1519 2226 40 38 A
1593 2225 170 48 55078;
1801 2227 54 38 R.
1891 2227 169 47 Bruce,
2096 2227 116 40 New
2246 2226 145 40 York.

479 2282 280 48 (32-24575)

398 2385 278 66 Bürklen,
715 2386 164 55 Karl.

469 2461 197 54 Touch
701 2462 240 68 reading
977 2461 66 54 of
1076 2462 96 54 the
1207 2461 180 70 blind,
1425 2463 73 69 by
1537 2463 147 53 Karl
1723 2463 286 68 Bürklen;
2050 2464 119 53 also
2205 2462 188 55 minor

400 2539 225 53 articles
662 2557 73 36 on
772 2540 96 52 the
904 2540 351 70 psychology
1293 2539 66 54 of
1391 2540 290 55 blindness
1718 2541 77 69 by
1833 2541 147 53 Paul
2019 2539 374 70 Grasemann,

395 2616 247 70 Ludwig
664 2616 180 69 Cohn,
863 2616 274 55 Wilhelm
1161 2616 302 70 Steinberg;
1515 2618 317 54 translated
1852 2618 76 70 by
1951 2617 210 54 Frieda
2186 2616 208 55 Kiefer

398 2694 1996 70 Merry … New York, American foundation for the blind, inc.,
405 2775 148 50 1932.

472 2845 1296 51 1 p. l. , v-x, 81 p. illus., 2 fold. pl., diagr. 24ᶜᵐ.
475 2902 147 41 “This
647 2902 184 41 edition
859 2902 42 41 is
930 2902 188 42 limited
1146 2904 49 40 to
1221 2902 87 42 300
1335 2901 203 50 copies.”

476 2957 70 40 “A
576 2958 149 41 series
758 2958 53 41 of
842 2958 197 42 articles
1071 2970 61 30 on
1163 2960 84 41 the
1277 2958 291 50 psychology
1601 2958 53 42 of
1684 2960 83 40 the
1798 2957 134 42 blind
1963 2956 159 43 which
2156 2959 125 41 have
405 2967 1972 94 appeared

627 3015 50 40 in
720 3016 81 40 the
846 3015 284 42 Zeitschrift
1173 3016 84 40 für
1301 3017 317 46 angewandte
1662 3013 306 50 psychologie
2013 3025 84 31 are
2139 3015 258 47 presented

405 3071 235 40 herewith
669 3071 50 40 in
746 3072 296 47 monograph
1068 3071 506 43 form.”—Foreword.

480 3127 194 41 “Under
703 3128 80 40 the
813 3128 221 47 auspices
1063 3129 53 39 of
1143 3128 204 41 Perkins
1377 3128 281 41 institution
1690 3129 96 39 and
1816 3128 387 40 Massachusetts
2235 3127 160 41 school

406 3183 79 40 for
517 3184 81 40 the
630 3184 147 47 blind,
811 3185 313 46 Watertown,
1158 3185 386 41 Massachusetts
1578 3185 95 40 and
1706 3183 254 42 American
1995 3182 291 42 foundation
2317 3181 80 42 for

407 3239 83 41 the
513 3239 146 50 blind,
684 3240 105 48 inc.,
816 3241 118 39 New
960 3240 142 49 York,
1128 3240 56 42 N.
1211 3240 84 42 Y.”

477 3295 374 49 Bibliography:
882 3305 43 40 p.
955 3296 69 41 54.

413 3348 51 52 ©
490 3353 120 49 Aug.
634 3355 40 47 5,
700 3354 113 40 1932;
868 3356 64 38 2c.
960 3355 94 38 and
1081 3355 82 40 aff.
1192 3356 128 48 Sept.
1345 3357 55 38 14;
1455 3356 40 39 A
1522 3355 143 40 54827;
1721 3355 255 40 American
2003 3352 289 41 foundation
2319 3353 79 39 for

481 3410 81 40 the
589 3409 145 43 blind,
763 3409 91 41 inc.
924 3410 278 50 (32-24507)

409 3509 223 68 Burtis,
664 3513 314 58 Thomson.

482 3588 121 52 The
627 3607 119 35 war
770 3589 65 53 of
857 3591 95 53 the
976 3592 212 68 ghosts,
1215 3613 31 33 a
1271 3593 182 69 flying
1478 3593 312 53 adventure
1813 3596 176 62 story,
2014 3588 74 68 by
2114 3588 287 51 Thomson

414 3664 225 67 Burtis;
686 3666 324 54 illustrated
1051 3669 75 68 by
1170 3671 197 51 Frank
1409 3670 232 52 Dobias.
1722 3667 232 54 Garden
1999 3664 153 67 City,
2195 3663 69 52 N.
2311 3662 92 66 Y.,

413 3739 353 71 Doubleday,
793 3743 199 54 Doran
1018 3747 48 50 &
1092 3764 298 51 company,
1418 3747 127 67 inc.,
1576 3749 151 49 1932.

479 3813 926 52 4 p. l. , 3-262 p. col. front. 20½ ᶜᵐ .
482 3868 161 43 “First
670 3870 226 43 edition.”

479 3923 203 42 “Junior
718 3925 189 44 books.”

414 3974 51 52 ©
498 3979 125 48 Sept.
653 3981 69 47 21,
753 3982 140 49 1932;
925 3984 66 42 2c.
1023 3989 93 39 and
1149 3986 81 42 aff.
1265 3987 127 46 Sept.
1424 3986 82 45 24;
1539 3987 37 43 A
1611 3983 170 48 55224;
1815 3984 51 39 T.
1898 3980 182 47 Burtis,
2112 3980 117 38 New
2259 3978 142 39 York.

489 4034 279 56 (32-24673)
