2563 4368
1114 4058 132 49 1283

276 526 64 40 At
368 525 124 40 head
519 525 53 39 of
600 524 109 40 title;
767 524 119 39 Prix
915 522 623 49 Théophraste-Renaudot.

209 591 1986 52 © 1c. Aug. 11, 1932; A ad int. 16742; pubd. July 26; Brentano’s, inc.,
275 652 116 39 New
413 652 143 39 York.
626 651 280 49 (32-22286)

203 753 154 52 Iowa
387 752 112 53 and
528 753 188 53 North
745 758 239 47 western
1015 751 202 69 digest,
1248 750 269 70 covering
1546 751 78 53 all
1653 768 151 37 cases
1833 750 267 70 reported
2129 749 62 54 in

271 829 156 54 Iowa
465 837 237 60 reports,
738 833 187 52 North
962 836 237 47 western
1235 835 257 62 reporter
1529 832 114 51 and
1679 830 78 51 all
1792 828 65 54 of
1890 830 98 52 the
2021 831 171 52 north

271 914 236 46 western
542 914 114 47 states
748 914 221 62 reports
1003 908 153 53 from
1188 909 95 52 the
1317 907 224 53 earliest
1576 907 181 66 times,
1791 907 141 53 with
1965 913 226 47 current

270 985 249 54 cumulative
745 986 94 53 pocket
866 986 211 53 service
1100 984 245 68 keeping
1369 985 115 54 this
1510 985 183 67 digest
1722 985 210 67 always
1959 990 59 47 to
2044 986 147 55 date.

272 1063 299 67 Compiled
603 1064 111 51 and
744 1063 189 53 edited
963 1065 74 64 by
1066 1064 96 52 the
1189 1062 337 69 publisher’s
1558 1062 265 53 editorial
1853 1060 150 55 staff,
2069 1084 52 32 v.
2144 1066 45 48 1.

269 1140 544 70 Descriptive-word
873 1141 186 53 index.
1139 1142 82 54 St.
1280 1143 165 57 Paul,
1501 1143 160 52 West
1718 1141 334 68 publishing
2109 1161 77 34 co.

275 1253 13 34 [
316 1223 134 49 ᶜ1932
455 1253 12 34 ]

270 1294 388 48 ix, 1870 p. 26 ᶜᵐ.
271 1349 226 41 Lettered
524 1360 63 30 on
615 1359 142 32 cover;
815 1349 116 41 1839
957 1351 50 39 to
1033 1349 130 42 date.

271 1407 134 48 “Key
437 1407 204 40 number
674 1405 224 50 system.”

206 1474 1639 52 © July 27. 1932; 2c. and aff. Oct. 3; A 55432; West pub. co.
282 1534 277 48 (32-16943)

199 1636 157 54 Iowa
385 1637 110 52 and
526 1637 187 52 North
744 1642 238 46 western
1011 1637 202 67 digest,
1245 1636 266 68 covering
1543 1636 77 51 all
1651 1655 148 33 cases
1831 1636 266 68 reported
2128 1636 61 50 in

267 1715 156 52 Iowa
460 1720 239 62 reports,
735 1715 186 51 North
958 1720 238 46 western
1231 1720 256 62 reporter
1523 1714 113 52 and
1673 1715 77 51 all
1786 1714 63 52 of
1885 1714 96 52 the
2017 1715 171 51 north

267 1792 1919 68 western states reports from the earliest times … Compiled
269 1871 112 52 and
421 1870 189 53 edited
651 1871 75 68 by
765 1872 95 51 the
902 1870 339 69 publisher’s
1281 1870 267 53 editorial
1589 1868 135 55 staff.
1813 1890 51 33 v.
1907 1874 117 48 2-4.
2103 1871 82 54 St.

266 1948 1054 70 Paul, West publishing co. [ ᶜ19 32]
266 2023 209 40 3 v. 26 ᶜᵐ.
547 2090 106 28 CONTENTS.—v.
687 2078 42 40 2.
760 2078 585 48 Abandonment-Appeal
1379 2080 95 39 and
1508 2089 148 38 error,
1691 2079 206 40 168.—v.
1932 2076 43 43 3.
2007 2078 184 48 Appeal

201 2137 94 38 and
322 2145 148 37 error,
499 2134 87 40 169
611 2138 48 37 to
688 2135 206 40 835.—v.
923 2133 41 42 4.
993 2135 184 47 Appeal
1205 2136 96 38 and
1328 2145 149 37 error,
1508 2135 84 40 836
1621 2138 49 37 to
1699 2136 106 39 end.

203 2202 50 51 ©
284 2208 112 45 May
425 2207 67 44 20,
523 2205 138 46 1932;
692 2205 68 39 2c.
790 2206 116 38 each
936 2206 125 38 June
1090 2206 81 44 11;
1203 2204 108 40 affs.
1341 2206 128 38 June
1495 2205 81 45 13;
1608 2206 41 36 A
1679 2204 321 39 52456-52458;
2057 2205 134 38 West

269 2263 107 45 pub.
407 2272 65 30 co.

197 2362 156 53 Iowa
383 2364 112 51 and
525 2364 186 52 North
743 2369 237 46 western
1011 2363 203 68 digest,
1242 2363 267 68 covering
1541 2364 76 51 all
1648 2382 149 36 cases
1829 2363 266 69 reported
2125 2363 61 51 in

266 2441 157 52 Iowa
457 2448 239 61 reports,
729 2442 187 52 North
954 2448 236 46 western
1226 2447 258 62 reporter
1521 2442 112 51 and
1669 2443 77 50 all
1784 2441 62 52 of
1882 2442 96 52 the
2013 2442 172 51 north

265 2518 1918 70 western states reports from the earliest times … Compiled
267 2598 113 51 and
418 2597 189 52 edited
644 2598 75 67 by
756 2598 99 54 the
888 2597 339 69 publisher’s
1266 2598 266 52 editorial
1570 2595 136 55 staff.
1795 2615 52 35 v.
1888 2603 47 63 5,
1975 2602 47 48 6.
2100 2599 84 54 St.

264 2675 1034 69 Paul, West publishing co. [ ᶜ19 32]
265 2750 25 40 2
319 2762 42 28 v.
418 2750 115 39 26ᶜᵐ.

544 2815 105 30 CONTENTS.—v.
682 2804 42 41 5.
754 2805 711 47 Appearance-Bailment.—v.
1500 2805 40 42 6.
1575 2807 526 46 Bankruptcy-Bonds.

201 2873 50 51 ©
281 2878 125 38 June
433 2875 67 42 21.
532 2874 139 47 1932;
701 2875 65 39 2c.
797 2875 117 39 each
944 2875 115 47 July
1087 2876 80 45 11;
1199 2875 108 39 affs.
1338 2876 114 46 July
1481 2875 81 47 12;
1594 2876 41 38 A
1664 2875 156 47 54028,
1851 2874 170 47 54029;
2053 2876 134 40 West

267 2933 108 47 pub.
401 2944 66 28 co.

193 3036 194 64 Irwin,
417 3037 305 62 Margaret
753 3036 66 51 E.
849 3035 62 51 F.

266 3112 184 68 Royal
477 3111 163 67 flush,
669 3111 96 52 the
790 3117 157 61 story
974 3109 64 53 of
1065 3111 257 67 Minette,
1349 3111 76 68 by
1452 3111 294 69 Margaret
1776 3111 196 52 Irwin.
195 3111 1966 147 London,

355 3189 209 54 Chatto
594 3192 51 50 &
675 3189 263 68 Windus,
970 3191 151 50 1932.

267 3263 1601 49 6 p. l., 3-431, [5] p. incl. geneal. tables, front. (port.) 21½ᶜᵐ.
200 3317 1986 52 © 1c. July 28, 1832; A ad int. 16711; pubd. June 2; Harcourt, Brace &
266 3388 81 36 co.,
379 3377 103 46 inc.,
514 3378 117 38 New
660 3378 144 39 York.
874 3376 279 48 (32-22287)

191 3478 258 66 Kipling,
480 3479 299 63 Rudyard,
814 3484 171 49 1865-

266 3555 306 54 Selections
612 3556 153 52 from
803 3557 95 51 the
938 3556 152 52 freer
1127 3574 157 34 verse
1322 3558 242 65 Horace,
1600 3557 75 67 by
1715 3556 278 68 Rudyard
191 3555 1961 145 Kipling.

405 3633 231 54 Garden
665 3631 151 70 City,
843 3636 69 52 N.
939 3635 90 57 Y.,
1055 3634 355 68 Doubleday,
1436 3635 198 53 Doran
1660 3638 45 49 &
1730 3653 296 49 company,
2050 3637 127 65 inc.,

194 3713 148 49 1932.

263 3783 469 48 2 p. l., 3-8 p. 19 ᶜᵐ.
267 3839 118 40 Free
412 3839 216 40 versions
657 3840 51 38 of
735 3840 206 40 selected
969 3850 231 38 passages
1225 3840 128 39 from
1382 3841 205 40 Horace.

198 3891 1982 54 © July 11, 1932; 2c. and aff. July 13; A 53086; R. Kipling, Bateman’s,
266 3951 251 48 Burwash,
551 3952 190 46 Sussex,
772 3952 235 47 England,
1077 3951 15 48 (CA
1177 3951 173 41 32-629
1368 3951 234 50 Unrev’d)
