<alto xmlns="http://www.loc.gov/standards/alto/ns-v3#" xmlns:xlink="http://www.w3.org/1999/xlink" xmlns:xsi="http://www.w3.org/2001/XMLSchema-instance" xsi:schemaLocation="http://www.loc.gov/standards/alto/ns-v3# http://www.loc.gov/alto/v3/alto-3-0.xsd"><Description>
<MeasurementUnit>pixel</MeasurementUnit>
<sourceImageInformation>
<fileName>1932_v29_part001.pdf</fileName>
</sourceImageInformation>
<OCRProcessing ID="IdOcr">
<ocrProcessingStep>
<processingDateTime>2019-04-25</processingDateTime>
<processingSoftware>
<softwareCreator>ABBYY</softwareCreator>
<softwareName>ABBYY Recognition Server</softwareName>
<softwareVersion>4.0</softwareVersion>
</processingSoftware>
</ocrProcessingStep>
</OCRProcessing>
</Description>
<Styles>
<ParagraphStyle ID="StyleId-FFFFFFFF-FFFF-FFFF-FFFF-FFFFFFFFFFFF-" ALIGN="Left" LEFT="0." RIGHT="0." FIRSTLINE="0."/>
<ParagraphStyle ID="StyleId-547D96D3-B2DE-4E86-A4BD-9DDFC275973A-" ALIGN="Left" LEFT="0." RIGHT="0." FIRSTLINE="0." LINESPACE="7.699999809"/>
<ParagraphStyle ID="StyleId-BE433B82-DF6F-491A-9872-F562FF4150C8-" ALIGN="Block" LEFT="0." RIGHT="0." FIRSTLINE="-13." LINESPACE="7.900000095"/>
<ParagraphStyle ID="StyleId-CC286467-50C5-4655-B0CF-BA365CCE0736-" ALIGN="Block" LEFT="0." RIGHT="0." FIRSTLINE="-15." LINESPACE="8.479999542"/>
<ParagraphStyle ID="StyleId-9878414D-BEDB-487D-971A-CF5ADB5C4AD2-" ALIGN="Block" LEFT="0." RIGHT="0." FIRSTLINE="-14." LINESPACE="10.92000008"/>
<ParagraphStyle ID="StyleId-EBC70DE5-3635-4BD4-B07B-05DF6EFE0022-" ALIGN="Block" LEFT="0." RIGHT="0." FIRSTLINE="-13." LINESPACE="12.19999981"/>
<ParagraphStyle ID="StyleId-8A688F83-F017-4D5D-A00A-14637016ED45-" ALIGN="Left" LEFT="0." RIGHT="0." FIRSTLINE="0." LINESPACE="9.399999619"/>
<ParagraphStyle ID="StyleId-20F0BBAE-20C6-42F4-8113-00B5C02924DC-" ALIGN="Left" LEFT="0." RIGHT="0." FIRSTLINE="0." LINESPACE="11.10000038"/>
<ParagraphStyle ID="StyleId-7AA70148-8873-4ACB-90AE-BF9322E02302-" ALIGN="Left" LEFT="0." RIGHT="0." FIRSTLINE="-13." LINESPACE="11.09000015"/>
<ParagraphStyle ID="StyleId-072EF7BA-7207-4F8B-9A7C-F564E8B4CB16-" ALIGN="Left" LEFT="0." RIGHT="0." FIRSTLINE="-14." LINESPACE="12.19999981"/>
<ParagraphStyle ID="StyleId-44303D12-21D7-4DB0-9E9F-87FA1A861DD7-" ALIGN="Block" LEFT="0." RIGHT="0." FIRSTLINE="-14." LINESPACE="10.92000008"/>
<ParagraphStyle ID="StyleId-43CF0D44-8AC2-4CD0-865F-942C78705184-" ALIGN="Block" LEFT="0." RIGHT="0." FIRSTLINE="-13." LINESPACE="12.19999981"/>
<ParagraphStyle ID="StyleId-7A298A86-29F5-413A-AEC9-078A4CC464D7-" ALIGN="Block" LEFT="0." RIGHT="0." FIRSTLINE="13." LINESPACE="12.19999981"/>
<ParagraphStyle ID="StyleId-8E4E86F7-C1F9-4A1A-B605-6B1FC1C8E9F7-" ALIGN="Left" LEFT="0." RIGHT="0." FIRSTLINE="0." LINESPACE="11.60000038"/>
<ParagraphStyle ID="StyleId-AB39791B-5ED1-444F-BEF5-2CFED1F2709A-" ALIGN="Left" LEFT="0." RIGHT="0." FIRSTLINE="-13." LINESPACE="11.09000015"/>
<ParagraphStyle ID="StyleId-C1F2EEE7-CD00-4E11-9EAD-B222287AEDA4-" ALIGN="Center" LEFT="0." RIGHT="0." FIRSTLINE="0." LINESPACE="11.10000038"/>
</Styles>
<Layout>
<Page ID="Page136" PHYSICAL_IMG_NR="136" HEIGHT="4368" WIDTH="2563">
<TopMargin HEIGHT="374" WIDTH="2563" VPOS="0" HPOS="0">
</TopMargin>
<LeftMargin HEIGHT="3690" WIDTH="436" VPOS="374" HPOS="0">
</LeftMargin>
<RightMargin HEIGHT="3690" WIDTH="101" VPOS="374" HPOS="2462">
</RightMargin>
<BottomMargin HEIGHT="304" WIDTH="2563" VPOS="4064" HPOS="0">
</BottomMargin>
<PrintSpace HEIGHT="3690" WIDTH="2026" VPOS="374" HPOS="436">
<TextBlock ID="Page136_Block1" HEIGHT="110" WIDTH="219" VPOS="3954" HPOS="1363" LANG="en-US" STYLEREFS="StyleId-D0D3592D-5117-41E1-BE27-281EF053DFE0-">
<TextLine HEIGHT="50" WIDTH="98" VPOS="3982" HPOS="1405">
<String CONTENT="136" HEIGHT="50" WIDTH="98" VPOS="3982" HPOS="1405"/>
</TextLine>
</TextBlock>
<TextBlock ID="Page136_Block2" HEIGHT="3668" WIDTH="2026" VPOS="374" HPOS="436" LANG="en-US" CS="1" STYLEREFS="StyleId-57713800-BE92-4C0A-B0C7-4CFDD962D4F8-">
<Shape>
<Polygon POINTS="436,374 2462,374 2462,4042 436,4042 436,374"/>
</Shape>
<TextLine HEIGHT="52" WIDTH="1987" VPOS="455" HPOS="456">
<String CONTENT="&#169;" HEIGHT="51" WIDTH="50" VPOS="456" HPOS="456"/>
<SP HEIGHT="52" WIDTH="26" VPOS="455" HPOS="507"/>
<String CONTENT="Jan." HEIGHT="45" WIDTH="108" VPOS="455" HPOS="534"/>
<SP HEIGHT="40" WIDTH="25" VPOS="460" HPOS="643"/>
<String CONTENT="25," HEIGHT="47" WIDTH="68" VPOS="460" HPOS="669"/>
<SP HEIGHT="46" WIDTH="26" VPOS="461" HPOS="738"/>
<String CONTENT="1932;" HEIGHT="48" WIDTH="139" VPOS="459" HPOS="765"/>
<SP HEIGHT="48" WIDTH="26" VPOS="459" HPOS="905"/>
<String CONTENT="2c." HEIGHT="41" WIDTH="67" VPOS="459" HPOS="932"/>
<SP HEIGHT="29" WIDTH="26" VPOS="470" HPOS="1000"/>
<String CONTENT="and" HEIGHT="39" WIDTH="95" VPOS="460" HPOS="1027"/>
<SP HEIGHT="40" WIDTH="25" VPOS="460" HPOS="1123"/>
<String CONTENT="aff." HEIGHT="42" WIDTH="81" VPOS="459" HPOS="1149"/>
<SP HEIGHT="41" WIDTH="26" VPOS="460" HPOS="1231"/>
<String CONTENT="Jan." HEIGHT="41" WIDTH="109" VPOS="460" HPOS="1258"/>
<SP HEIGHT="43" WIDTH="24" VPOS="458" HPOS="1368"/>
<String CONTENT="26;" HEIGHT="49" WIDTH="82" VPOS="458" HPOS="1393"/>
<SP HEIGHT="47" WIDTH="28" VPOS="460" HPOS="1476"/>
<!-- cceid 004CF7AB-6D7D-1014-B4A5-D7A31D17AB40 --><String CONTENT="A" HEIGHT="38" WIDTH="40" VPOS="460" HPOS="1505"/>
<SP HEIGHT="38" WIDTH="24" VPOS="460" HPOS="1546"/>
<String CONTENT="48146;" HEIGHT="42" WIDTH="170" VPOS="459" HPOS="1571"/>
<SP HEIGHT="41" WIDTH="28" VPOS="460" HPOS="1742"/>
<String CONTENT="Luther" HEIGHT="39" WIDTH="184" VPOS="459" HPOS="1771"/>
<SP HEIGHT="39" WIDTH="26" VPOS="458" HPOS="1956"/>
<String CONTENT="Gulick," HEIGHT="49" WIDTH="185" VPOS="457" HPOS="1983"/>
<SP HEIGHT="47" WIDTH="29" VPOS="459" HPOS="2169"/>
<String CONTENT="Millburn," HEIGHT="47" WIDTH="244" VPOS="457" HPOS="2199"/>
</TextLine>
<TextLine HEIGHT="49" WIDTH="452" VPOS="516" HPOS="523">
<String LANG="fr" CONTENT="N." HEIGHT="40" WIDTH="56" VPOS="516" HPOS="523"/>
<SP HEIGHT="39" WIDTH="30" VPOS="517" HPOS="580"/>
<String CONTENT="J." HEIGHT="39" WIDTH="41" VPOS="517" HPOS="611"/>
<SP HEIGHT="47" WIDTH="71" VPOS="518" HPOS="653"/>
<String CONTENT="(32-3755)" HEIGHT="49" WIDTH="250" VPOS="516" HPOS="725"/>
</TextLine>
<TextLine HEIGHT="66" WIDTH="895" VPOS="620" HPOS="446" STYLEREFS="StyleId-7CD5AB83-765F-432E-817E-4E4590556398-">
<String CONTENT="Haney," HEIGHT="63" WIDTH="225" VPOS="621" HPOS="446"/>
<SP HEIGHT="63" WIDTH="28" VPOS="621" HPOS="672"/>
<String CONTENT="Lewis" HEIGHT="54" WIDTH="194" VPOS="620" HPOS="701"/>
<SP HEIGHT="52" WIDTH="22" VPOS="622" HPOS="896"/>
<String CONTENT="Henry," HEIGHT="64" WIDTH="222" VPOS="622" HPOS="919"/>
<SP HEIGHT="58" WIDTH="28" VPOS="628" HPOS="1142"/>
<String CONTENT="1882-" HEIGHT="50" WIDTH="170" VPOS="626" HPOS="1171"/>
</TextLine>
<TextLine HEIGHT="70" WIDTH="1926" VPOS="693" HPOS="521" STYLEREFS="StyleId-418CFA1B-77C9-4058-B3DC-CC5C5B801B61-">
<String CONTENT="Brokers&#8217;" HEIGHT="53" WIDTH="264" VPOS="696" HPOS="521"/>
<SP HEIGHT="50" WIDTH="33" VPOS="697" HPOS="786"/>
<String CONTENT="loans;" HEIGHT="65" WIDTH="187" VPOS="698" HPOS="820"/>
<SP HEIGHT="48" WIDTH="38" VPOS="715" HPOS="1008"/>
<String CONTENT="a" HEIGHT="32" WIDTH="30" VPOS="717" HPOS="1047"/>
<SP HEIGHT="33" WIDTH="35" VPOS="716" HPOS="1078"/>
<String CONTENT="study" HEIGHT="65" WIDTH="168" VPOS="698" HPOS="1114"/>
<SP HEIGHT="66" WIDTH="35" VPOS="697" HPOS="1283"/>
<String CONTENT="in" HEIGHT="51" WIDTH="59" VPOS="697" HPOS="1319"/>
<SP HEIGHT="46" WIDTH="34" VPOS="702" HPOS="1379"/>
<String CONTENT="the" HEIGHT="53" WIDTH="95" VPOS="697" HPOS="1414"/>
<SP HEIGHT="34" WIDTH="34" VPOS="716" HPOS="1510"/>
<String CONTENT="relation" HEIGHT="51" WIDTH="241" VPOS="697" HPOS="1545"/>
<SP HEIGHT="51" WIDTH="33" VPOS="695" HPOS="1787"/>
<String CONTENT="between" HEIGHT="51" WIDTH="246" VPOS="695" HPOS="1821"/>
<SP HEIGHT="32" WIDTH="35" VPOS="714" HPOS="2068"/>
<String CONTENT="speculative" HEIGHT="68" WIDTH="343" VPOS="693" HPOS="2104"/>
</TextLine>
<TextLine HEIGHT="71" WIDTH="1997" VPOS="770" HPOS="450" STYLEREFS="StyleId-418CFA1B-77C9-4058-B3DC-CC5C5B801B61-">
<String CONTENT="credits" HEIGHT="54" WIDTH="207" VPOS="772" HPOS="450"/>
<SP HEIGHT="35" WIDTH="31" VPOS="791" HPOS="658"/>
<String CONTENT="and" HEIGHT="53" WIDTH="112" VPOS="773" HPOS="690"/>
<SP HEIGHT="52" WIDTH="30" VPOS="773" HPOS="803"/>
<String CONTENT="the" HEIGHT="51" WIDTH="96" VPOS="773" HPOS="834"/>
<SP HEIGHT="34" WIDTH="28" VPOS="791" HPOS="931"/>
<String CONTENT="stock" HEIGHT="52" WIDTH="155" VPOS="774" HPOS="960"/>
<SP HEIGHT="50" WIDTH="27" VPOS="774" HPOS="1116"/>
<String CONTENT="market," HEIGHT="68" WIDTH="238" VPOS="773" HPOS="1144"/>
<SP HEIGHT="68" WIDTH="28" VPOS="773" HPOS="1383"/>
<String CONTENT="business," HEIGHT="68" WIDTH="268" VPOS="772" HPOS="1412"/>
<SP HEIGHT="48" WIDTH="30" VPOS="792" HPOS="1681"/>
<String CONTENT="and" HEIGHT="54" WIDTH="110" VPOS="771" HPOS="1712"/>
<SP HEIGHT="52" WIDTH="32" VPOS="771" HPOS="1823"/>
<String CONTENT="banking," HEIGHT="67" WIDTH="272" VPOS="772" HPOS="1856"/>
<SP HEIGHT="68" WIDTH="27" VPOS="771" HPOS="2129"/>
<String CONTENT="by" HEIGHT="68" WIDTH="74" VPOS="771" HPOS="2157"/>
<SP HEIGHT="68" WIDTH="31" VPOS="771" HPOS="2232"/>
<String CONTENT="Lewis" HEIGHT="54" WIDTH="183" VPOS="770" HPOS="2264"/>
</TextLine>
<TextLine HEIGHT="70" WIDTH="1993" VPOS="848" HPOS="451" STYLEREFS="StyleId-418CFA1B-77C9-4058-B3DC-CC5C5B801B61-" CS="1">
<String CONTENT="H." HEIGHT="52" WIDTH="75" VPOS="849" HPOS="451"/>
<SP HEIGHT="51" WIDTH="32" VPOS="850" HPOS="527"/>
<String CONTENT="Haney," HEIGHT="67" WIDTH="223" VPOS="850" HPOS="560"/>
<SP HEIGHT="67" WIDTH="31" VPOS="850" HPOS="784"/>
<String CONTENT="Lyman" HEIGHT="66" WIDTH="222" VPOS="850" HPOS="816"/>
<SP HEIGHT="54" WIDTH="32" VPOS="849" HPOS="1039"/>
<String CONTENT="S." HEIGHT="54" WIDTH="55" VPOS="849" HPOS="1072"/>
<SP HEIGHT="50" WIDTH="34" VPOS="851" HPOS="1128"/>
<String CONTENT="Logan" HEIGHT="67" WIDTH="197" VPOS="851" HPOS="1163"/>
<SP HEIGHT="49" WIDTH="38" VPOS="869" HPOS="1361"/>
<String CS="1" CONTENT="[an"/>
<String LANG="de" CONTENT="d]" HEIGHT="68" WIDTH="54" VPOS="849" HPOS="1494"/>
<SP HEIGHT="68" WIDTH="36" VPOS="849" HPOS="1549"/>
<String CONTENT="Henry" HEIGHT="67" WIDTH="202" VPOS="849" HPOS="1586"/>
<SP HEIGHT="68" WIDTH="36" VPOS="848" HPOS="1789"/>
<String CONTENT="S." HEIGHT="54" WIDTH="54" VPOS="848" HPOS="1826"/>
<SP HEIGHT="54" WIDTH="36" VPOS="848" HPOS="1881"/>
<String CONTENT="Gavens" HEIGHT="54" WIDTH="224" VPOS="848" HPOS="1918"/>
<SP HEIGHT="36" WIDTH="37" VPOS="867" HPOS="2143"/>
<String CS="1" CONTENT="&#8230;"/>
<SP HEIGHT="62" WIDTH="71" VPOS="848" HPOS="2238"/>
<String CS="1" CONTENT="N"/>
<String LANG="fr" CONTENT="ew" HEIGHT="34" WIDTH="78" VPOS="866" HPOS="2366"/>
</TextLine>
<TextLine HEIGHT="70" WIDTH="1410" VPOS="925" HPOS="454" STYLEREFS="StyleId-418CFA1B-77C9-4058-B3DC-CC5C5B801B61-">
<String CONTENT="York" HEIGHT="54" WIDTH="159" VPOS="925" HPOS="454"/>
<SP HEIGHT="51" WIDTH="29" VPOS="927" HPOS="614"/>
<String CONTENT="and" HEIGHT="56" WIDTH="111" VPOS="927" HPOS="644"/>
<SP HEIGHT="52" WIDTH="29" VPOS="927" HPOS="756"/>
<String CONTENT="London," HEIGHT="64" WIDTH="255" VPOS="927" HPOS="786"/>
<SP HEIGHT="64" WIDTH="27" VPOS="927" HPOS="1042"/>
<String CONTENT="Harper" HEIGHT="68" WIDTH="231" VPOS="927" HPOS="1070"/>
<SP HEIGHT="50" WIDTH="29" VPOS="929" HPOS="1302"/>
<String CONTENT="&amp;" HEIGHT="50" WIDTH="44" VPOS="929" HPOS="1332"/>
<SP HEIGHT="51" WIDTH="28" VPOS="928" HPOS="1377"/>
<String CONTENT="brothers," HEIGHT="65" WIDTH="274" VPOS="928" HPOS="1406"/>
<SP HEIGHT="63" WIDTH="33" VPOS="930" HPOS="1681"/>
<String CONTENT="1932." HEIGHT="48" WIDTH="149" VPOS="930" HPOS="1715"/>
</TextLine>
<TextLine HEIGHT="49" WIDTH="750" VPOS="996" HPOS="555" CS="1">
<String CS="1" CONTENT="x"/>
<SP HEIGHT="37" WIDTH="25" VPOS="1007" HPOS="555"/>
<String LANG="fr" CONTENT="p.," HEIGHT="37" WIDTH="57" VPOS="1007" HPOS="581"/>
<SP HEIGHT="45" WIDTH="27" VPOS="999" HPOS="639"/>
<String CS="1" CONTENT="1"/>
<SP/>
<String CS="1" CONTENT="l.," HEIGHT="16" WIDTH="8" VPOS="1028" HPOS="757"/>
<SP HEIGHT="48" WIDTH="28" VPOS="996" HPOS="766"/>
<String CONTENT="244" HEIGHT="40" WIDTH="88" VPOS="996" HPOS="795"/>
<SP HEIGHT="48" WIDTH="27" VPOS="997" HPOS="884"/>
<String CONTENT="p." HEIGHT="38" WIDTH="44" VPOS="1007" HPOS="912"/>
<SP HEIGHT="40" WIDTH="55" VPOS="998" HPOS="957"/>
<String CONTENT="diagrs." HEIGHT="48" WIDTH="179" VPOS="997" HPOS="1013"/>
<SP HEIGHT="41" WIDTH="55" VPOS="998" HPOS="1193"/>
<String CONTENT="22" HEIGHT="39" WIDTH="56" VPOS="998" HPOS="1249"/>
<String STYLE="superscript" CS="1" CONTENT="&#7580;&#7504;."/>
</TextLine>
<TextLine HEIGHT="41" WIDTH="422" VPOS="1053" HPOS="522">
<String CONTENT="&#8220;First" HEIGHT="40" WIDTH="162" VPOS="1054" HPOS="522"/>
<SP HEIGHT="38" WIDTH="31" VPOS="1056" HPOS="685"/>
<String CONTENT="edition.&#8221;" HEIGHT="41" WIDTH="227" VPOS="1053" HPOS="717"/>
</TextLine>
<TextLine HEIGHT="48" WIDTH="707" VPOS="1110" HPOS="521">
<String CONTENT="Bibliography:" HEIGHT="48" WIDTH="375" VPOS="1110" HPOS="521"/>
<SP HEIGHT="37" WIDTH="36" VPOS="1121" HPOS="897"/>
<String CONTENT="p." HEIGHT="37" WIDTH="43" VPOS="1121" HPOS="934"/>
<SP HEIGHT="42" WIDTH="33" VPOS="1110" HPOS="978"/>
<String CONTENT="239-241." HEIGHT="41" WIDTH="216" VPOS="1110" HPOS="1012"/>
</TextLine>
<TextLine HEIGHT="51" WIDTH="1820" VPOS="1167" HPOS="459" CS="1">
<String CONTENT="&#169;" HEIGHT="51" WIDTH="50" VPOS="1167" HPOS="459"/>
<SP HEIGHT="51" WIDTH="31" VPOS="1167" HPOS="510"/>
<String CONTENT="Feb." HEIGHT="40" WIDTH="109" VPOS="1171" HPOS="542"/>
<SP HEIGHT="40" WIDTH="28" VPOS="1171" HPOS="652"/>
<String CONTENT="3," HEIGHT="46" WIDTH="40" VPOS="1171" HPOS="681"/>
<SP HEIGHT="45" WIDTH="29" VPOS="1172" HPOS="722"/>
<String CS="1" CONTENT="1932;" HEIGHT="41" WIDTH="113" VPOS="1169" HPOS="752"/>
<SP HEIGHT="46" WIDTH="31" VPOS="1171" HPOS="893"/>
<String CONTENT="2c." HEIGHT="40" WIDTH="67" VPOS="1171" HPOS="925"/>
<SP HEIGHT="41" WIDTH="28" VPOS="1170" HPOS="993"/>
<String CONTENT="Feb." HEIGHT="39" WIDTH="110" VPOS="1170" HPOS="1022"/>
<SP HEIGHT="39" WIDTH="29" VPOS="1170" HPOS="1133"/>
<String CS="1" CONTENT="2;" HEIGHT="39" WIDTH="26" VPOS="1170" HPOS="1163"/>
<SP HEIGHT="37" WIDTH="31" VPOS="1180" HPOS="1217"/>
<String CONTENT="aff." HEIGHT="41" WIDTH="81" VPOS="1168" HPOS="1249"/>
<SP HEIGHT="38" WIDTH="32" VPOS="1170" HPOS="1331"/>
<String CONTENT="Feb." HEIGHT="42" WIDTH="110" VPOS="1170" HPOS="1364"/>
<SP HEIGHT="43" WIDTH="29" VPOS="1169" HPOS="1475"/>
<String CS="1" CONTENT="6;" HEIGHT="39" WIDTH="25" VPOS="1169" HPOS="1505"/>
<SP HEIGHT="46" WIDTH="32" VPOS="1170" HPOS="1558"/>
<!-- cceid 004DB456-6D7D-1014-B4A5-D7A31D17AB40 --><String CONTENT="A" HEIGHT="38" WIDTH="39" VPOS="1170" HPOS="1591"/>
<SP HEIGHT="38" WIDTH="29" VPOS="1170" HPOS="1631"/>
<String CS="1" CONTENT="48326;" HEIGHT="40" WIDTH="144" VPOS="1169" HPOS="1661"/>
<SP HEIGHT="46" WIDTH="33" VPOS="1170" HPOS="1833"/>
<String CONTENT="Harper" HEIGHT="47" WIDTH="191" VPOS="1170" HPOS="1867"/>
<SP HEIGHT="39" WIDTH="31" VPOS="1170" HPOS="2059"/>
<String CONTENT="&amp;" HEIGHT="39" WIDTH="35" VPOS="1170" HPOS="2091"/>
<SP HEIGHT="39" WIDTH="28" VPOS="1170" HPOS="2127"/>
<String CONTENT="bros." HEIGHT="40" WIDTH="123" VPOS="1170" HPOS="2156"/>
</TextLine>
<TextLine HEIGHT="48" WIDTH="249" VPOS="1227" HPOS="536">
<String CONTENT="(32-3753)" HEIGHT="48" WIDTH="249" VPOS="1227" HPOS="536"/>
</TextLine>
<TextLine HEIGHT="65" WIDTH="994" VPOS="1330" HPOS="448" STYLEREFS="StyleId-7CD5AB83-765F-432E-817E-4E4590556398-">
<String CONTENT="Harman," HEIGHT="64" WIDTH="284" VPOS="1330" HPOS="448"/>
<SP HEIGHT="63" WIDTH="27" VPOS="1331" HPOS="733"/>
<String CONTENT="Mary" HEIGHT="63" WIDTH="174" VPOS="1331" HPOS="761"/>
<SP HEIGHT="64" WIDTH="24" VPOS="1330" HPOS="936"/>
<String CONTENT="Theresa," HEIGHT="65" WIDTH="278" VPOS="1330" HPOS="961"/>
<SP HEIGHT="59" WIDTH="31" VPOS="1336" HPOS="1240"/>
<String CONTENT="1877-" HEIGHT="55" WIDTH="170" VPOS="1330" HPOS="1272"/>
</TextLine>
<TextLine HEIGHT="131" WIDTH="1968" VPOS="1406" HPOS="453" STYLEREFS="StyleId-418CFA1B-77C9-4058-B3DC-CC5C5B801B61-" CS="1">
<String CONTENT="A" HEIGHT="52" WIDTH="57" VPOS="1408" HPOS="523"/>
<SP HEIGHT="52" WIDTH="35" VPOS="1408" HPOS="581"/>
<String CONTENT="textbook" HEIGHT="54" WIDTH="271" VPOS="1406" HPOS="617"/>
<SP HEIGHT="52" WIDTH="36" VPOS="1408" HPOS="889"/>
<String CONTENT="of" HEIGHT="52" WIDTH="64" VPOS="1407" HPOS="926"/>
<SP HEIGHT="52" WIDTH="36" VPOS="1407" HPOS="991"/>
<String CONTENT="embryology," HEIGHT="69" WIDTH="385" VPOS="1406" HPOS="1028"/>
<SP HEIGHT="67" WIDTH="36" VPOS="1407" HPOS="1414"/>
<String CONTENT="by" HEIGHT="67" WIDTH="76" VPOS="1407" HPOS="1451"/>
<SP HEIGHT="66" WIDTH="38" VPOS="1408" HPOS="1528"/>
<String CONTENT="Mary" HEIGHT="67" WIDTH="169" VPOS="1408" HPOS="1567"/>
<SP HEIGHT="66" WIDTH="37" VPOS="1409" HPOS="1737"/>
<String CONTENT="T." HEIGHT="52" WIDTH="65" VPOS="1409" HPOS="1775"/>
<SP HEIGHT="53" WIDTH="39" VPOS="1408" HPOS="1841"/>
<String CONTENT="Harman" HEIGHT="54" WIDTH="263" VPOS="1408" HPOS="1881"/>
<SP HEIGHT="33" WIDTH="42" VPOS="1429" HPOS="2145"/>
<String CS="1" CONTENT="&#8230;"/>
<SP HEIGHT="54" WIDTH="44" VPOS="1407" HPOS="2244"/>
<String CONTENT="illustrated" HEIGHT="130" WIDTH="1968" VPOS="1407" HPOS="453"/>
</TextLine>
<TextLine HEIGHT="71" WIDTH="1760" VPOS="1482" HPOS="687" STYLEREFS="StyleId-418CFA1B-77C9-4058-B3DC-CC5C5B801B61-">
<String CONTENT="with" HEIGHT="55" WIDTH="141" VPOS="1482" HPOS="687"/>
<SP HEIGHT="51" WIDTH="42" VPOS="1486" HPOS="829"/>
<String CONTENT="284" HEIGHT="49" WIDTH="102" VPOS="1489" HPOS="872"/>
<SP HEIGHT="48" WIDTH="41" VPOS="1490" HPOS="975"/>
<String CONTENT="engravings." HEIGHT="69" WIDTH="359" VPOS="1483" HPOS="1017"/>
<SP HEIGHT="51" WIDTH="91" VPOS="1485" HPOS="1377"/>
<String CONTENT="Philadelphia," HEIGHT="68" WIDTH="425" VPOS="1484" HPOS="1469"/>
<SP HEIGHT="66" WIDTH="42" VPOS="1486" HPOS="1895"/>
<String CONTENT="Lea" HEIGHT="51" WIDTH="115" VPOS="1486" HPOS="1938"/>
<SP HEIGHT="51" WIDTH="42" VPOS="1488" HPOS="2054"/>
<String CONTENT="&amp;" HEIGHT="51" WIDTH="47" VPOS="1488" HPOS="2097"/>
<SP HEIGHT="53" WIDTH="41" VPOS="1486" HPOS="2145"/>
<String CONTENT="Febiger," HEIGHT="69" WIDTH="260" VPOS="1484" HPOS="2187"/>
</TextLine>
<TextLine HEIGHT="49" WIDTH="149" VPOS="1566" HPOS="455" STYLEREFS="StyleId-418CFA1B-77C9-4058-B3DC-CC5C5B801B61-">
<String CONTENT="1932." HEIGHT="49" WIDTH="149" VPOS="1566" HPOS="455"/>
</TextLine>
<TextLine HEIGHT="51" WIDTH="942" VPOS="1633" HPOS="524" CS="1">
<String CONTENT="xiii," HEIGHT="50" WIDTH="102" VPOS="1634" HPOS="524"/>
<SP HEIGHT="29" WIDTH="31" VPOS="1655" HPOS="627"/>
<String CS="1" CONTENT="[17]-476" HEIGHT="49" WIDTH="206" VPOS="1635" HPOS="659"/>
<SP HEIGHT="47" WIDTH="25" VPOS="1635" HPOS="866"/>
<String CONTENT="p." HEIGHT="36" WIDTH="43" VPOS="1646" HPOS="892"/>
<SP HEIGHT="42" WIDTH="61" VPOS="1634" HPOS="936"/>
<String CONTENT="illus.," HEIGHT="48" WIDTH="142" VPOS="1634" HPOS="998"/>
<SP HEIGHT="46" WIDTH="29" VPOS="1636" HPOS="1141"/>
<String CONTENT="diagrs." HEIGHT="47" WIDTH="179" VPOS="1635" HPOS="1171"/>
<SP HEIGHT="40" WIDTH="57" VPOS="1634" HPOS="1351"/>
<String CS="1" CONTENT="20&#189;" HEIGHT="40" WIDTH="57" VPOS="1633" HPOS="1409"/>
<String STYLE="superscript" CS="1" CONTENT="&#7580;&#7504;."/>
</TextLine>
<TextLine HEIGHT="53" WIDTH="1790" VPOS="1688" HPOS="461">
<String CONTENT="&#169;" HEIGHT="52" WIDTH="50" VPOS="1688" HPOS="461"/>
<SP HEIGHT="52" WIDTH="33" VPOS="1688" HPOS="512"/>
<String CONTENT="Jan." HEIGHT="38" WIDTH="107" VPOS="1694" HPOS="546"/>
<SP HEIGHT="39" WIDTH="30" VPOS="1692" HPOS="654"/>
<String CONTENT="27," HEIGHT="49" WIDTH="70" VPOS="1692" HPOS="685"/>
<SP HEIGHT="48" WIDTH="31" VPOS="1693" HPOS="756"/>
<String CONTENT="1932;" HEIGHT="48" WIDTH="140" VPOS="1691" HPOS="788"/>
<SP HEIGHT="48" WIDTH="31" VPOS="1691" HPOS="929"/>
<String CONTENT="2c." HEIGHT="41" WIDTH="66" VPOS="1691" HPOS="961"/>
<SP HEIGHT="28" WIDTH="32" VPOS="1703" HPOS="1028"/>
<String CONTENT="and" HEIGHT="39" WIDTH="95" VPOS="1693" HPOS="1061"/>
<SP HEIGHT="39" WIDTH="31" VPOS="1693" HPOS="1157"/>
<String CONTENT="aff." HEIGHT="42" WIDTH="81" VPOS="1691" HPOS="1189"/>
<SP HEIGHT="41" WIDTH="31" VPOS="1692" HPOS="1271"/>
<String CONTENT="Jan." HEIGHT="39" WIDTH="109" VPOS="1692" HPOS="1303"/>
<SP HEIGHT="39" WIDTH="31" VPOS="1692" HPOS="1413"/>
<String CONTENT="28;" HEIGHT="41" WIDTH="80" VPOS="1692" HPOS="1445"/>
<SP HEIGHT="42" WIDTH="34" VPOS="1691" HPOS="1526"/>
<!-- cceid 004E665D-6D7D-1014-B4A5-D7A31D17AB40 --><String CONTENT="A" HEIGHT="39" WIDTH="39" VPOS="1691" HPOS="1561"/>
<SP HEIGHT="39" WIDTH="30" VPOS="1691" HPOS="1601"/>
<String CONTENT="48170;" HEIGHT="49" WIDTH="172" VPOS="1690" HPOS="1632"/>
<SP HEIGHT="47" WIDTH="34" VPOS="1692" HPOS="1805"/>
<String CONTENT="Lea" HEIGHT="39" WIDTH="93" VPOS="1692" HPOS="1840"/>
<SP HEIGHT="40" WIDTH="32" VPOS="1691" HPOS="1934"/>
<String CONTENT="&amp;" HEIGHT="40" WIDTH="36" VPOS="1691" HPOS="1967"/>
<SP HEIGHT="40" WIDTH="32" VPOS="1691" HPOS="2004"/>
<String CONTENT="Febiger." HEIGHT="48" WIDTH="214" VPOS="1690" HPOS="2037"/>
</TextLine>
<TextLine HEIGHT="49" WIDTH="249" VPOS="1749" HPOS="537">
<String CONTENT="(32-3711)" HEIGHT="49" WIDTH="249" VPOS="1749" HPOS="537"/>
</TextLine>
<TextLine HEIGHT="65" WIDTH="566" VPOS="1851" HPOS="452" STYLEREFS="StyleId-7CD5AB83-765F-432E-817E-4E4590556398-">
<String CONTENT="Hobeika," HEIGHT="65" WIDTH="281" VPOS="1851" HPOS="452"/>
<SP HEIGHT="63" WIDTH="29" VPOS="1853" HPOS="734"/>
<String CONTENT="John" HEIGHT="54" WIDTH="155" VPOS="1852" HPOS="764"/>
<SP HEIGHT="52" WIDTH="31" VPOS="1853" HPOS="920"/>
<String CONTENT="E." HEIGHT="54" WIDTH="66" VPOS="1853" HPOS="952"/>
</TextLine>
<TextLine HEIGHT="70" WIDTH="1925" VPOS="1926" HPOS="523" STYLEREFS="StyleId-418CFA1B-77C9-4058-B3DC-CC5C5B801B61-" CS="1">
<String CONTENT="Lee," HEIGHT="67" WIDTH="127" VPOS="1928" HPOS="523"/>
<SP HEIGHT="61" WIDTH="36" VPOS="1934" HPOS="651"/>
<String CONTENT="the" HEIGHT="52" WIDTH="95" VPOS="1928" HPOS="688"/>
<SP HEIGHT="34" WIDTH="37" VPOS="1946" HPOS="784"/>
<String CONTENT="soul" HEIGHT="51" WIDTH="121" VPOS="1929" HPOS="822"/>
<SP HEIGHT="51" WIDTH="39" VPOS="1929" HPOS="944"/>
<String CONTENT="of" HEIGHT="54" WIDTH="64" VPOS="1926" HPOS="984"/>
<SP HEIGHT="53" WIDTH="35" VPOS="1926" HPOS="1049"/>
<String CONTENT="honor;" HEIGHT="68" WIDTH="209" VPOS="1927" HPOS="1085"/>
<SP HEIGHT="50" WIDTH="42" VPOS="1945" HPOS="1295"/>
<String CONTENT="an" HEIGHT="33" WIDTH="72" VPOS="1946" HPOS="1338"/>
<SP HEIGHT="33" WIDTH="39" VPOS="1946" HPOS="1411"/>
<String CONTENT="appreciation" HEIGHT="69" WIDTH="394" VPOS="1926" HPOS="1451"/>
<SP/>
<String CONTENT="by" HEIGHT="69" WIDTH="75" VPOS="1927" HPOS="1883"/>
<SP HEIGHT="50" WIDTH="38" VPOS="1946" HPOS="1959"/>
<String CONTENT="an" HEIGHT="33" WIDTH="72" VPOS="1946" HPOS="1998"/>
<SP HEIGHT="35" WIDTH="38" VPOS="1945" HPOS="2071"/>
<String CONTENT="orientalist," HEIGHT="68" WIDTH="338" VPOS="1927" HPOS="2110"/>
</TextLine>
<TextLine HEIGHT="72" WIDTH="1991" VPOS="2002" HPOS="456" STYLEREFS="StyleId-418CFA1B-77C9-4058-B3DC-CC5C5B801B61-">
<String CONTENT="with" HEIGHT="52" WIDTH="139" VPOS="2005" HPOS="456"/>
<SP HEIGHT="52" WIDTH="33" VPOS="2005" HPOS="596"/>
<String CONTENT="additional" HEIGHT="54" WIDTH="320" VPOS="2004" HPOS="630"/>
<SP HEIGHT="53" WIDTH="36" VPOS="2004" HPOS="951"/>
<String CONTENT="facts," HEIGHT="69" WIDTH="165" VPOS="2004" HPOS="988"/>
<SP HEIGHT="68" WIDTH="33" VPOS="2005" HPOS="1154"/>
<String CONTENT="by" HEIGHT="69" WIDTH="74" VPOS="2005" HPOS="1188"/>
<SP HEIGHT="69" WIDTH="34" VPOS="2005" HPOS="1263"/>
<String CONTENT="John" HEIGHT="54" WIDTH="157" VPOS="2005" HPOS="1298"/>
<SP HEIGHT="52" WIDTH="35" VPOS="2005" HPOS="1456"/>
<String CONTENT="E." HEIGHT="53" WIDTH="67" VPOS="2005" HPOS="1492"/>
<SP HEIGHT="54" WIDTH="36" VPOS="2004" HPOS="1560"/>
<String CONTENT="Hobeika," HEIGHT="68" WIDTH="283" VPOS="2004" HPOS="1597"/>
<SP HEIGHT="48" WIDTH="33" VPOS="2024" HPOS="1881"/>
<String CONTENT="with" HEIGHT="54" WIDTH="140" VPOS="2004" HPOS="1915"/>
<SP HEIGHT="53" WIDTH="37" VPOS="2005" HPOS="2056"/>
<String CONTENT="a" HEIGHT="33" WIDTH="31" VPOS="2025" HPOS="2094"/>
<SP HEIGHT="54" WIDTH="36" VPOS="2004" HPOS="2126"/>
<String CONTENT="foreword" HEIGHT="57" WIDTH="284" VPOS="2002" HPOS="2163"/>
</TextLine>
<TextLine HEIGHT="146" WIDTH="1967" VPOS="2081" HPOS="456" STYLEREFS="StyleId-418CFA1B-77C9-4058-B3DC-CC5C5B801B61-" CS="1">
<String CONTENT="by" HEIGHT="69" WIDTH="72" VPOS="2081" HPOS="456"/>
<SP HEIGHT="67" WIDTH="36" VPOS="2083" HPOS="529"/>
<String CONTENT="Lyon" HEIGHT="68" WIDTH="164" VPOS="2083" HPOS="566"/>
<SP HEIGHT="56" WIDTH="36" VPOS="2081" HPOS="731"/>
<String CONTENT="Gardiner" HEIGHT="56" WIDTH="288" VPOS="2081" HPOS="768"/>
<SP HEIGHT="52" WIDTH="36" VPOS="2082" HPOS="1057"/>
<String CONTENT="Tyler" HEIGHT="69" WIDTH="174" VPOS="2082" HPOS="1094"/>
<SP HEIGHT="33" WIDTH="44" VPOS="2102" HPOS="1269"/>
<String CS="1" CONTENT="&#8230;"/>
<SP HEIGHT="51" WIDTH="79" VPOS="2084" HPOS="1371"/>
<String CONTENT="Boston," HEIGHT="68" WIDTH="234" VPOS="2084" HPOS="1451"/>
<SP HEIGHT="69" WIDTH="39" VPOS="2083" HPOS="1686"/>
<String CONTENT="The" HEIGHT="54" WIDTH="121" VPOS="2082" HPOS="1726"/>
<SP HEIGHT="56" WIDTH="41" VPOS="2081" HPOS="1848"/>
<String CONTENT="Christopher" HEIGHT="70" WIDTH="376" VPOS="2081" HPOS="1890"/>
<SP HEIGHT="51" WIDTH="39" VPOS="2101" HPOS="2267"/>
<String CONTENT="publishing" HEIGHT="145" WIDTH="1967" VPOS="2082" HPOS="456"/>
</TextLine>
<TextLine HEIGHT="66" WIDTH="382" VPOS="2160" HPOS="698" STYLEREFS="StyleId-418CFA1B-77C9-4058-B3DC-CC5C5B801B61-" CS="1">
<String CONTENT="house" HEIGHT="53" WIDTH="172" VPOS="2160" HPOS="698"/>
<SP HEIGHT="47" WIDTH="33" VPOS="2179" HPOS="871"/>
<String CS="1" CONTENT="["/>
<String STYLE="superscript" CS="1" CONTENT="&#7580;1"/>
<String CS="1" CONTENT="932]" HEIGHT="50" WIDTH="101" VPOS="2162" HPOS="979"/>
</TextLine>
<TextLine HEIGHT="48" WIDTH="1090" VPOS="2231" HPOS="525" CS="1">
<String CONTENT="3" HEIGHT="39" WIDTH="26" VPOS="2232" HPOS="525"/>
<SP HEIGHT="46" WIDTH="22" VPOS="2232" HPOS="552"/>
<String LANG="fr" CONTENT="p." HEIGHT="36" WIDTH="42" VPOS="2242" HPOS="575"/>
<SP HEIGHT="41" WIDTH="27" VPOS="2232" HPOS="618"/>
<String LANG="fr" CS="1" CONTENT="l"/>
<String CONTENT=".," HEIGHT="14" WIDTH="22" VPOS="2263" HPOS="663"/>
<SP HEIGHT="46" WIDTH="23" VPOS="2231" HPOS="686"/>
<String CONTENT="3-303" HEIGHT="41" WIDTH="144" VPOS="2231" HPOS="710"/>
<SP HEIGHT="48" WIDTH="22" VPOS="2231" HPOS="855"/>
<String CONTENT="p." HEIGHT="37" WIDTH="41" VPOS="2242" HPOS="878"/>
<SP HEIGHT="38" WIDTH="53" VPOS="2233" HPOS="920"/>
<String CONTENT="front.," HEIGHT="46" WIDTH="162" VPOS="2233" HPOS="974"/>
<SP HEIGHT="38" WIDTH="23" VPOS="2241" HPOS="1137"/>
<String CONTENT="plates," HEIGHT="46" WIDTH="170" VPOS="2232" HPOS="1161"/>
<SP HEIGHT="37" WIDTH="24" VPOS="2241" HPOS="1332"/>
<String CONTENT="ports." HEIGHT="45" WIDTH="148" VPOS="2233" HPOS="1357"/>
<SP HEIGHT="40" WIDTH="52" VPOS="2231" HPOS="1506"/>
<String CONTENT="21" HEIGHT="39" WIDTH="56" VPOS="2231" HPOS="1559"/>
<String STYLE="superscript" CS="1" CONTENT="&#7580;&#7504;."/>
</TextLine>
<TextLine HEIGHT="48" WIDTH="1891" VPOS="2287" HPOS="527" CS="1">
<String CONTENT="&#8220;Books," HEIGHT="47" WIDTH="200" VPOS="2287" HPOS="527"/>
<SP HEIGHT="36" WIDTH="29" VPOS="2298" HPOS="728"/>
<String CONTENT="magazines," HEIGHT="47" WIDTH="289" VPOS="2288" HPOS="758"/>
<SP HEIGHT="36" WIDTH="27" VPOS="2299" HPOS="1048"/>
<String CONTENT="newspapers," HEIGHT="38" WIDTH="321" VPOS="2297" HPOS="1076"/>
<SP HEIGHT="37" WIDTH="31" VPOS="2298" HPOS="1398"/>
<String CONTENT="and" HEIGHT="39" WIDTH="95" VPOS="2289" HPOS="1430"/>
<SP HEIGHT="46" WIDTH="28" VPOS="2289" HPOS="1526"/>
<String CONTENT="pamphlets" HEIGHT="47" WIDTH="273" VPOS="2288" HPOS="1555"/>
<SP HEIGHT="30" WIDTH="28" VPOS="2298" HPOS="1829"/>
<String CONTENT="consulted" HEIGHT="40" WIDTH="249" VPOS="2288" HPOS="1858"/>
<SP HEIGHT="39" WIDTH="28" VPOS="2289" HPOS="2108"/>
<String CONTENT="and" HEIGHT="39" WIDTH="96" VPOS="2289" HPOS="2137"/>
<SP HEIGHT="39" WIDTH="28" VPOS="2289" HPOS="2234"/>
<String CS="1" CONTENT="cited&#8221;:" HEIGHT="41" WIDTH="155" VPOS="2287" HPOS="2263"/>
</TextLine>
<TextLine HEIGHT="47" WIDTH="289" VPOS="2343" HPOS="453">
<String CONTENT="p." HEIGHT="37" WIDTH="43" VPOS="2353" HPOS="453"/>
<SP HEIGHT="40" WIDTH="29" VPOS="2343" HPOS="497"/>
<String CONTENT="282-285." HEIGHT="41" WIDTH="215" VPOS="2343" HPOS="527"/>
</TextLine>
<TextLine HEIGHT="53" WIDTH="1985" VPOS="2398" HPOS="463" CS="1">
<String CONTENT="&#169;" HEIGHT="51" WIDTH="50" VPOS="2398" HPOS="463"/>
<SP HEIGHT="51" WIDTH="31" VPOS="2398" HPOS="514"/>
<String CONTENT="Jan." HEIGHT="40" WIDTH="109" VPOS="2403" HPOS="546"/>
<SP HEIGHT="40" WIDTH="28" VPOS="2403" HPOS="656"/>
<String CONTENT="28," HEIGHT="47" WIDTH="69" VPOS="2403" HPOS="685"/>
<SP HEIGHT="47" WIDTH="30" VPOS="2403" HPOS="755"/>
<String CS="1" CONTENT="1932;" HEIGHT="40" WIDTH="112" VPOS="2402" HPOS="786"/>
<SP HEIGHT="43" WIDTH="32" VPOS="2402" HPOS="926"/>
<String CONTENT="2c." HEIGHT="42" WIDTH="65" VPOS="2402" HPOS="959"/>
<SP HEIGHT="31" WIDTH="30" VPOS="2413" HPOS="1025"/>
<String CONTENT="and" HEIGHT="39" WIDTH="94" VPOS="2403" HPOS="1056"/>
<SP HEIGHT="39" WIDTH="30" VPOS="2403" HPOS="1151"/>
<String CONTENT="aff." HEIGHT="41" WIDTH="80" VPOS="2401" HPOS="1182"/>
<SP HEIGHT="38" WIDTH="32" VPOS="2403" HPOS="1263"/>
<String CONTENT="Feb." HEIGHT="39" WIDTH="109" VPOS="2403" HPOS="1296"/>
<SP HEIGHT="40" WIDTH="31" VPOS="2402" HPOS="1406"/>
<String CS="1" CONTENT="8;" HEIGHT="40" WIDTH="29" VPOS="2402" HPOS="1438"/>
<SP HEIGHT="46" WIDTH="31" VPOS="2403" HPOS="1491"/>
<!-- cceid 004F16FD-6D7D-1014-B4A5-D7A31D17AB40 --><String CONTENT="A" HEIGHT="38" WIDTH="40" VPOS="2403" HPOS="1523"/>
<SP HEIGHT="39" WIDTH="27" VPOS="2402" HPOS="1564"/>
<String CS="1" CONTENT="47496;" HEIGHT="40" WIDTH="145" VPOS="2402" HPOS="1592"/>
<SP HEIGHT="47" WIDTH="35" VPOS="2402" HPOS="1764"/>
<String CONTENT="Christopher" HEIGHT="49" WIDTH="314" VPOS="2402" HPOS="1800"/>
<SP HEIGHT="37" WIDTH="31" VPOS="2414" HPOS="2115"/>
<String CONTENT="pub." HEIGHT="48" WIDTH="106" VPOS="2403" HPOS="2147"/>
<SP HEIGHT="39" WIDTH="32" VPOS="2403" HPOS="2254"/>
<String CONTENT="house." HEIGHT="39" WIDTH="161" VPOS="2403" HPOS="2287"/>
</TextLine>
<TextLine HEIGHT="48" WIDTH="249" VPOS="2459" HPOS="541">
<String CONTENT="(32-3721)" HEIGHT="48" WIDTH="249" VPOS="2459" HPOS="541"/>
</TextLine>
<TextLine HEIGHT="64" WIDTH="898" VPOS="2562" HPOS="452" STYLEREFS="StyleId-7CD5AB83-765F-432E-817E-4E4590556398-">
<String CONTENT="Howell," HEIGHT="64" WIDTH="237" VPOS="2562" HPOS="452"/>
<SP HEIGHT="63" WIDTH="30" VPOS="2563" HPOS="690"/>
<String CONTENT="Leslie" HEIGHT="53" WIDTH="190" VPOS="2562" HPOS="721"/>
<SP HEIGHT="53" WIDTH="31" VPOS="2564" HPOS="912"/>
<String CONTENT="Shackelford." HEIGHT="56" WIDTH="406" VPOS="2562" HPOS="944"/>
</TextLine>
<TextLine HEIGHT="69" WIDTH="1924" VPOS="2637" HPOS="527" STYLEREFS="StyleId-418CFA1B-77C9-4058-B3DC-CC5C5B801B61-">
<String CONTENT="Biography" HEIGHT="68" WIDTH="334" VPOS="2637" HPOS="527"/>
<SP HEIGHT="48" WIDTH="23" VPOS="2657" HPOS="862"/>
<String CONTENT="of" HEIGHT="52" WIDTH="63" VPOS="2638" HPOS="886"/>
<SP HEIGHT="52" WIDTH="20" VPOS="2638" HPOS="950"/>
<String CONTENT="Dr." HEIGHT="53" WIDTH="101" VPOS="2639" HPOS="971"/>
<SP HEIGHT="53" WIDTH="23" VPOS="2639" HPOS="1073"/>
<String CONTENT="A." HEIGHT="50" WIDTH="68" VPOS="2639" HPOS="1097"/>
<SP HEIGHT="53" WIDTH="25" VPOS="2638" HPOS="1166"/>
<String CONTENT="U." HEIGHT="54" WIDTH="73" VPOS="2638" HPOS="1192"/>
<SP HEIGHT="53" WIDTH="24" VPOS="2639" HPOS="1266"/>
<String CONTENT="Boone," HEIGHT="67" WIDTH="208" VPOS="2639" HPOS="1291"/>
<SP HEIGHT="63" WIDTH="19" VPOS="2643" HPOS="1500"/>
<String CONTENT="thirty-two" HEIGHT="68" WIDTH="323" VPOS="2638" HPOS="1520"/>
<SP HEIGHT="48" WIDTH="23" VPOS="2657" HPOS="1844"/>
<String CONTENT="years" HEIGHT="48" WIDTH="162" VPOS="2657" HPOS="1868"/>
<SP HEIGHT="49" WIDTH="21" VPOS="2657" HPOS="2031"/>
<String CONTENT="pastor" HEIGHT="62" WIDTH="194" VPOS="2644" HPOS="2053"/>
<SP HEIGHT="33" WIDTH="21" VPOS="2657" HPOS="2248"/>
<String CONTENT="of" HEIGHT="53" WIDTH="62" VPOS="2637" HPOS="2270"/>
<SP HEIGHT="52" WIDTH="20" VPOS="2637" HPOS="2333"/>
<String CONTENT="the" HEIGHT="52" WIDTH="97" VPOS="2639" HPOS="2354"/>
</TextLine>
<TextLine HEIGHT="129" WIDTH="1963" VPOS="2714" HPOS="461" STYLEREFS="StyleId-418CFA1B-77C9-4058-B3DC-CC5C5B801B61-" CS="1">
<String CONTENT="First" HEIGHT="52" WIDTH="153" VPOS="2715" HPOS="461"/>
<SP HEIGHT="51" WIDTH="31" VPOS="2715" HPOS="615"/>
<String CONTENT="Baptist" HEIGHT="67" WIDTH="230" VPOS="2715" HPOS="647"/>
<SP HEIGHT="48" WIDTH="32" VPOS="2721" HPOS="878"/>
<String CONTENT="church," HEIGHT="66" WIDTH="226" VPOS="2715" HPOS="911"/>
<SP HEIGHT="67" WIDTH="31" VPOS="2714" HPOS="1138"/>
<String CONTENT="Memphis," HEIGHT="68" WIDTH="302" VPOS="2714" HPOS="1170"/>
<SP HEIGHT="66" WIDTH="31" VPOS="2716" HPOS="1473"/>
<String CONTENT="Tennessee," HEIGHT="65" WIDTH="323" VPOS="2716" HPOS="1505"/>
<SP HEIGHT="64" WIDTH="30" VPOS="2717" HPOS="1829"/>
<String CONTENT="by" HEIGHT="65" WIDTH="72" VPOS="2717" HPOS="1860"/>
<SP HEIGHT="66" WIDTH="33" VPOS="2716" HPOS="1933"/>
<String CONTENT="Leslie" HEIGHT="53" WIDTH="183" VPOS="2715" HPOS="1967"/>
<SP HEIGHT="54" WIDTH="33" VPOS="2715" HPOS="2151"/>
<String CONTENT="Shackelford" HEIGHT="128" WIDTH="1963" VPOS="2715" HPOS="461"/>
</TextLine>
<TextLine HEIGHT="142" WIDTH="1962" VPOS="2790" HPOS="463" STYLEREFS="StyleId-418CFA1B-77C9-4058-B3DC-CC5C5B801B61-" CS="1">
<String CONTENT="Howell." HEIGHT="52" WIDTH="239" VPOS="2792" HPOS="618"/>
<SP HEIGHT="48" WIDTH="67" VPOS="2795" HPOS="858"/>
<String CONTENT="1st" HEIGHT="50" WIDTH="83" VPOS="2795" HPOS="926"/>
<SP HEIGHT="46" WIDTH="27" VPOS="2799" HPOS="1010"/>
<String CONTENT="ed." HEIGHT="52" WIDTH="82" VPOS="2792" HPOS="1038"/>
<SP HEIGHT="54" WIDTH="65" VPOS="2790" HPOS="1121"/>
<String CONTENT="Shawnee," HEIGHT="69" WIDTH="290" VPOS="2790" HPOS="1187"/>
<SP HEIGHT="69" WIDTH="27" VPOS="2790" HPOS="1478"/>
<String CONTENT="Okla.," HEIGHT="69" WIDTH="184" VPOS="2790" HPOS="1506"/>
<SP HEIGHT="69" WIDTH="30" VPOS="2790" HPOS="1691"/>
<String CONTENT="Oklahoma" HEIGHT="55" WIDTH="317" VPOS="2790" HPOS="1722"/>
<SP HEIGHT="52" WIDTH="28" VPOS="2793" HPOS="2040"/>
<String CONTENT="Baptist" HEIGHT="69" WIDTH="230" VPOS="2791" HPOS="2069"/>
<SP HEIGHT="46" WIDTH="26" VPOS="2799" HPOS="2300"/>
<String CONTENT="university" HEIGHT="142" WIDTH="1962" VPOS="2790" HPOS="463"/>
</TextLine>
<TextLine HEIGHT="63" WIDTH="368" VPOS="2872" HPOS="704" STYLEREFS="StyleId-418CFA1B-77C9-4058-B3DC-CC5C5B801B61-" CS="1">
<String CONTENT="press" HEIGHT="49" WIDTH="154" VPOS="2886" HPOS="704"/>
<SP HEIGHT="45" WIDTH="39" VPOS="2890" HPOS="859"/>
<String CS="1" CONTENT="["/>
<String STYLE="superscript" CS="1" CONTENT="&#7580;1"/>
<String CS="1" CONTENT="932]" HEIGHT="47" WIDTH="99" VPOS="2872" HPOS="973"/>
</TextLine>
<TextLine HEIGHT="48" WIDTH="989" VPOS="2938" HPOS="528" CS="1">
<String CONTENT="xi," HEIGHT="47" WIDTH="64" VPOS="2939" HPOS="528"/>
<SP HEIGHT="48" WIDTH="32" VPOS="2938" HPOS="593"/>
<String CONTENT="232" HEIGHT="40" WIDTH="85" VPOS="2938" HPOS="626"/>
<SP HEIGHT="48" WIDTH="32" VPOS="2938" HPOS="712"/>
<String CONTENT="p." HEIGHT="37" WIDTH="42" VPOS="2949" HPOS="745"/>
<SP HEIGHT="40" WIDTH="60" VPOS="2938" HPOS="788"/>
<String CONTENT="front.," HEIGHT="40" WIDTH="164" VPOS="2938" HPOS="849"/>
<SP HEIGHT="37" WIDTH="32" VPOS="2949" HPOS="1014"/>
<String CONTENT="plates," HEIGHT="47" WIDTH="169" VPOS="2939" HPOS="1047"/>
<SP HEIGHT="37" WIDTH="32" VPOS="2948" HPOS="1217"/>
<String CONTENT="ports." HEIGHT="44" WIDTH="149" VPOS="2941" HPOS="1250"/>
<SP HEIGHT="39" WIDTH="59" VPOS="2939" HPOS="1400"/>
<String CS="1" CONTENT="20&#189;&#7580;&#7504;." HEIGHT="40" WIDTH="57" VPOS="2938" HPOS="1460"/>
</TextLine>
<TextLine HEIGHT="54" WIDTH="1983" VPOS="2994" HPOS="465" CS="1">
<String CONTENT="&#169;" HEIGHT="51" WIDTH="50" VPOS="2994" HPOS="465"/>
<SP HEIGHT="51" WIDTH="26" VPOS="2994" HPOS="516"/>
<String CONTENT="Feb." HEIGHT="41" WIDTH="109" VPOS="2997" HPOS="543"/>
<SP HEIGHT="39" WIDTH="25" VPOS="2999" HPOS="653"/>
<String CONTENT="1," HEIGHT="45" WIDTH="39" VPOS="2999" HPOS="679"/>
<SP HEIGHT="45" WIDTH="24" VPOS="2999" HPOS="719"/>
<String CS="1" CONTENT="1932;" HEIGHT="40" WIDTH="112" VPOS="2997" HPOS="744"/>
<SP HEIGHT="46" WIDTH="26" VPOS="2998" HPOS="885"/>
<String CONTENT="2c." HEIGHT="42" WIDTH="66" VPOS="2998" HPOS="912"/>
<SP HEIGHT="42" WIDTH="26" VPOS="2998" HPOS="979"/>
<String CONTENT="Feb." HEIGHT="38" WIDTH="108" VPOS="2998" HPOS="1006"/>
<SP HEIGHT="37" WIDTH="25" VPOS="2999" HPOS="1115"/>
<String CS="1" CONTENT="4;" HEIGHT="37" WIDTH="27" VPOS="2999" HPOS="1141"/>
<SP HEIGHT="37" WIDTH="28" VPOS="3006" HPOS="1195"/>
<String CONTENT="aff." HEIGHT="40" WIDTH="80" VPOS="2996" HPOS="1224"/>
<SP HEIGHT="39" WIDTH="26" VPOS="2997" HPOS="1305"/>
<String CONTENT="Feb." HEIGHT="41" WIDTH="110" VPOS="2997" HPOS="1332"/>
<SP HEIGHT="41" WIDTH="25" VPOS="2997" HPOS="1443"/>
<String CS="1" CONTENT="5;" HEIGHT="39" WIDTH="26" VPOS="2997" HPOS="1469"/>
<SP HEIGHT="46" WIDTH="27" VPOS="2998" HPOS="1522"/>
<!-- cceid 004FC503-6D7D-1014-B4A5-D7A31D17AB40 --><String CONTENT="A" HEIGHT="38" WIDTH="40" VPOS="2998" HPOS="1550"/>
<SP HEIGHT="38" WIDTH="23" VPOS="2998" HPOS="1591"/>
<String CS="1" CONTENT="47440;" HEIGHT="41" WIDTH="145" VPOS="2997" HPOS="1615"/>
<SP HEIGHT="47" WIDTH="27" VPOS="2998" HPOS="1787"/>
<String CONTENT="L." HEIGHT="40" WIDTH="50" VPOS="2998" HPOS="1815"/>
<SP HEIGHT="40" WIDTH="29" VPOS="2998" HPOS="1866"/>
<String CONTENT="S." HEIGHT="41" WIDTH="43" VPOS="2998" HPOS="1896"/>
<SP HEIGHT="40" WIDTH="26" VPOS="2999" HPOS="1940"/>
<String CONTENT="Howell," HEIGHT="50" WIDTH="201" VPOS="2998" HPOS="1967"/>
<SP HEIGHT="49" WIDTH="27" VPOS="2999" HPOS="2169"/>
<String CONTENT="Memphis," HEIGHT="48" WIDTH="251" VPOS="2998" HPOS="2197"/>
</TextLine>
<TextLine HEIGHT="48" WIDTH="467" VPOS="3054" HPOS="532">
<String CONTENT="Tenn." HEIGHT="39" WIDTH="145" VPOS="3055" HPOS="532"/>
<SP HEIGHT="46" WIDTH="71" VPOS="3055" HPOS="678"/>
<String CONTENT="(32-3758)" HEIGHT="48" WIDTH="249" VPOS="3054" HPOS="750"/>
</TextLine>
<TextLine HEIGHT="65" WIDTH="1307" VPOS="3155" HPOS="460" STYLEREFS="StyleId-7CD5AB83-765F-432E-817E-4E4590556398-">
<String CONTENT="Hudson," HEIGHT="65" WIDTH="263" VPOS="3155" HPOS="460"/>
<SP HEIGHT="64" WIDTH="28" VPOS="3156" HPOS="724"/>
<String CONTENT="Manley" HEIGHT="64" WIDTH="237" VPOS="3156" HPOS="753"/>
<SP HEIGHT="63" WIDTH="25" VPOS="3157" HPOS="991"/>
<String CONTENT="Ottmer," HEIGHT="63" WIDTH="252" VPOS="3157" HPOS="1017"/>
<SP HEIGHT="62" WIDTH="29" VPOS="3158" HPOS="1270"/>
<String CONTENT="1886-" HEIGHT="50" WIDTH="170" VPOS="3158" HPOS="1300"/>
<SP HEIGHT="36" WIDTH="212" VPOS="3175" HPOS="1471"/>
<String CONTENT="ed." HEIGHT="53" WIDTH="83" VPOS="3158" HPOS="1684"/>
</TextLine>
<TextLine HEIGHT="144" WIDTH="1960" VPOS="3233" HPOS="461" STYLEREFS="StyleId-418CFA1B-77C9-4058-B3DC-CC5C5B801B61-" CS="1">
<String CONTENT="International" HEIGHT="53" WIDTH="419" VPOS="3233" HPOS="532"/>
<SP HEIGHT="51" WIDTH="31" VPOS="3235" HPOS="952"/>
<String CONTENT="legislation;" HEIGHT="68" WIDTH="353" VPOS="3233" HPOS="984"/>
<SP HEIGHT="47" WIDTH="35" VPOS="3252" HPOS="1338"/>
<String CONTENT="a" HEIGHT="33" WIDTH="31" VPOS="3252" HPOS="1374"/>
<SP HEIGHT="34" WIDTH="29" VPOS="3251" HPOS="1406"/>
<String CONTENT="collection" HEIGHT="54" WIDTH="295" VPOS="3233" HPOS="1436"/>
<SP HEIGHT="33" WIDTH="30" VPOS="3254" HPOS="1732"/>
<String CONTENT="of" HEIGHT="52" WIDTH="62" VPOS="3235" HPOS="1763"/>
<SP HEIGHT="53" WIDTH="29" VPOS="3235" HPOS="1826"/>
<String CONTENT="the" HEIGHT="52" WIDTH="96" VPOS="3236" HPOS="1856"/>
<SP HEIGHT="46" WIDTH="28" VPOS="3242" HPOS="1953"/>
<String CONTENT="texts" HEIGHT="48" WIDTH="148" VPOS="3241" HPOS="1982"/>
<SP HEIGHT="34" WIDTH="28" VPOS="3255" HPOS="2131"/>
<String CONTENT="of" HEIGHT="52" WIDTH="63" VPOS="3236" HPOS="2160"/>
<SP HEIGHT="52" WIDTH="29" VPOS="3236" HPOS="2224"/>
<String CONTENT="multipartite" HEIGHT="140" WIDTH="1960" VPOS="3237" HPOS="461"/>
</TextLine>
<TextLine HEIGHT="145" WIDTH="1960" VPOS="3310" HPOS="462" STYLEREFS="StyleId-418CFA1B-77C9-4058-B3DC-CC5C5B801B61-" CS="1">
<String CONTENT="international" HEIGHT="54" WIDTH="407" VPOS="3310" HPOS="721"/>
<SP HEIGHT="53" WIDTH="44" VPOS="3310" HPOS="1129"/>
<String CONTENT="instruments" HEIGHT="55" WIDTH="370" VPOS="3310" HPOS="1174"/>
<SP HEIGHT="34" WIDTH="43" VPOS="3331" HPOS="1545"/>
<String CONTENT="of" HEIGHT="52" WIDTH="63" VPOS="3313" HPOS="1589"/>
<SP HEIGHT="68" WIDTH="44" VPOS="3313" HPOS="1653"/>
<String CONTENT="general" HEIGHT="65" WIDTH="228" VPOS="3316" HPOS="1698"/>
<SP HEIGHT="51" WIDTH="45" VPOS="3315" HPOS="1927"/>
<String CONTENT="interest" HEIGHT="53" WIDTH="236" VPOS="3315" HPOS="1973"/>
<SP HEIGHT="52" WIDTH="42" VPOS="3316" HPOS="2210"/>
<String CONTENT="beginning" HEIGHT="139" WIDTH="1960" VPOS="3316" HPOS="462"/>
</TextLine>
<TextLine HEIGHT="76" WIDTH="1807" VPOS="3387" HPOS="639" STYLEREFS="StyleId-418CFA1B-77C9-4058-B3DC-CC5C5B801B61-">
<String CONTENT="with" HEIGHT="52" WIDTH="139" VPOS="3388" HPOS="639"/>
<SP HEIGHT="52" WIDTH="34" VPOS="3389" HPOS="779"/>
<String CONTENT="the" HEIGHT="52" WIDTH="98" VPOS="3389" HPOS="814"/>
<SP HEIGHT="55" WIDTH="35" VPOS="3388" HPOS="913"/>
<String CONTENT="Covenant" HEIGHT="55" WIDTH="293" VPOS="3388" HPOS="949"/>
<SP HEIGHT="46" WIDTH="34" VPOS="3395" HPOS="1243"/>
<String CONTENT="of" HEIGHT="52" WIDTH="62" VPOS="3387" HPOS="1278"/>
<SP HEIGHT="54" WIDTH="34" VPOS="3387" HPOS="1341"/>
<String CONTENT="the" HEIGHT="53" WIDTH="96" VPOS="3390" HPOS="1376"/>
<SP HEIGHT="52" WIDTH="32" VPOS="3391" HPOS="1473"/>
<String CONTENT="League" HEIGHT="68" WIDTH="227" VPOS="3391" HPOS="1506"/>
<SP HEIGHT="34" WIDTH="34" VPOS="3411" HPOS="1734"/>
<String CONTENT="of" HEIGHT="53" WIDTH="63" VPOS="3392" HPOS="1769"/>
<SP HEIGHT="52" WIDTH="33" VPOS="3392" HPOS="1833"/>
<String CONTENT="nations," HEIGHT="66" WIDTH="244" VPOS="3393" HPOS="1867"/>
<SP HEIGHT="47" WIDTH="34" VPOS="3412" HPOS="2112"/>
<String CONTENT="edited" HEIGHT="53" WIDTH="189" VPOS="3393" HPOS="2147"/>
<SP HEIGHT="54" WIDTH="32" VPOS="3393" HPOS="2337"/>
<String CONTENT="by" HEIGHT="69" WIDTH="76" VPOS="3394" HPOS="2370"/>
</TextLine>
<TextLine HEIGHT="69" WIDTH="1984" VPOS="3463" HPOS="461" STYLEREFS="StyleId-418CFA1B-77C9-4058-B3DC-CC5C5B801B61-" CS="1">
<String CONTENT="Manley" HEIGHT="69" WIDTH="232" VPOS="3463" HPOS="461"/>
<SP HEIGHT="67" WIDTH="43" VPOS="3465" HPOS="694"/>
<String CONTENT="O." HEIGHT="54" WIDTH="66" VPOS="3465" HPOS="738"/>
<SP HEIGHT="51" WIDTH="43" VPOS="3467" HPOS="805"/>
<String CONTENT="Hudson" HEIGHT="52" WIDTH="245" VPOS="3467" HPOS="849"/>
<SP HEIGHT="33" WIDTH="47" VPOS="3486" HPOS="1095"/>
<String CS="1" CONTENT="&#8230;"/>
<SP HEIGHT="35" WIDTH="76" VPOS="3484" HPOS="1200"/>
<String CONTENT="v." HEIGHT="35" WIDTH="51" VPOS="3484" HPOS="1277"/>
<SP HEIGHT="50" WIDTH="42" VPOS="3469" HPOS="1329"/>
<String CONTENT="2." HEIGHT="49" WIDTH="48" VPOS="3469" HPOS="1372"/>
<SP HEIGHT="47" WIDTH="75" VPOS="3472" HPOS="1421"/>
<String CONTENT="1922-1924." HEIGHT="51" WIDTH="325" VPOS="3471" HPOS="1497"/>
<SP HEIGHT="52" WIDTH="73" VPOS="3472" HPOS="1823"/>
<String CONTENT="Numbers" HEIGHT="53" WIDTH="278" VPOS="3471" HPOS="1897"/>
<SP HEIGHT="49" WIDTH="46" VPOS="3475" HPOS="2176"/>
<String CONTENT="65-133." HEIGHT="51" WIDTH="222" VPOS="3475" HPOS="2223"/>
</TextLine>
<TextLine HEIGHT="78" WIDTH="1986" VPOS="3541" HPOS="461" STYLEREFS="StyleId-418CFA1B-77C9-4058-B3DC-CC5C5B801B61-">
<String CONTENT="Washington," HEIGHT="70" WIDTH="402" VPOS="3541" HPOS="461"/>
<SP HEIGHT="68" WIDTH="52" VPOS="3543" HPOS="864"/>
<String CONTENT="Carnegie" HEIGHT="69" WIDTH="277" VPOS="3543" HPOS="917"/>
<SP HEIGHT="34" WIDTH="50" VPOS="3562" HPOS="1195"/>
<String CONTENT="endowment" HEIGHT="54" WIDTH="355" VPOS="3544" HPOS="1246"/>
<SP HEIGHT="52" WIDTH="50" VPOS="3547" HPOS="1602"/>
<String CONTENT="for" HEIGHT="53" WIDTH="94" VPOS="3547" HPOS="1653"/>
<SP HEIGHT="52" WIDTH="51" VPOS="3548" HPOS="1748"/>
<String CONTENT="international" HEIGHT="55" WIDTH="409" VPOS="3548" HPOS="1800"/>
<SP HEIGHT="68" WIDTH="50" VPOS="3551" HPOS="2210"/>
<String CONTENT="peace," HEIGHT="51" WIDTH="186" VPOS="3568" HPOS="2261"/>
</TextLine>
<TextLine HEIGHT="50" WIDTH="150" VPOS="3622" HPOS="465" STYLEREFS="StyleId-418CFA1B-77C9-4058-B3DC-CC5C5B801B61-">
<String CONTENT="1931." HEIGHT="50" WIDTH="150" VPOS="3622" HPOS="465"/>
</TextLine>
<TextLine HEIGHT="95" WIDTH="1969" VPOS="3692" HPOS="464" CS="1">
<String CONTENT="xix," HEIGHT="46" WIDTH="98" VPOS="3692" HPOS="533"/>
<SP HEIGHT="44" WIDTH="32" VPOS="3694" HPOS="632"/>
<String CS="1" CONTENT="787-1544" HEIGHT="39" WIDTH="231" VPOS="3693" HPOS="665"/>
<SP HEIGHT="45" WIDTH="30" VPOS="3695" HPOS="897"/>
<String CONTENT="p." HEIGHT="35" WIDTH="42" VPOS="3705" HPOS="928"/>
<SP HEIGHT="38" WIDTH="58" VPOS="3694" HPOS="971"/>
<String CONTENT="25" HEIGHT="38" WIDTH="55" VPOS="3694" HPOS="1030"/>
<String STYLE="superscript" CS="1" CONTENT="&#7580;&#7504;."/>
<SP HEIGHT="46" WIDTH="70" VPOS="3695" HPOS="1145"/>
<String CONTENT="(Half-title:" HEIGHT="46" WIDTH="297" VPOS="3695" HPOS="1216"/>
<SP HEIGHT="38" WIDTH="30" VPOS="3697" HPOS="1514"/>
<String CONTENT="Publications" HEIGHT="43" WIDTH="335" VPOS="3697" HPOS="1545"/>
<SP HEIGHT="30" WIDTH="29" VPOS="3710" HPOS="1881"/>
<String CONTENT="of" HEIGHT="37" WIDTH="52" VPOS="3701" HPOS="1911"/>
<SP HEIGHT="38" WIDTH="30" VPOS="3701" HPOS="1964"/>
<String CONTENT="the" HEIGHT="37" WIDTH="81" VPOS="3702" HPOS="1995"/>
<SP HEIGHT="39" WIDTH="33" VPOS="3701" HPOS="2077"/>
<String CONTENT="Carnegie" HEIGHT="47" WIDTH="234" VPOS="3701" HPOS="2111"/>
<SP HEIGHT="30" WIDTH="29" VPOS="3711" HPOS="2346"/>
<String CONTENT="endowment" HEIGHT="76" WIDTH="1969" VPOS="3711" HPOS="464"/>
</TextLine>
<TextLine HEIGHT="103" WIDTH="1972" VPOS="3748" HPOS="460" CS="1">
<String CONTENT="for" HEIGHT="40" WIDTH="80" VPOS="3748" HPOS="735"/>
<SP HEIGHT="39" WIDTH="29" VPOS="3748" HPOS="816"/>
<String CONTENT="international" HEIGHT="41" WIDTH="349" VPOS="3748" HPOS="846"/>
<SP HEIGHT="45" WIDTH="30" VPOS="3752" HPOS="1196"/>
<String CONTENT="peace," HEIGHT="38" WIDTH="156" VPOS="3759" HPOS="1227"/>
<SP HEIGHT="46" WIDTH="34" VPOS="3751" HPOS="1384"/>
<String CONTENT="Division" HEIGHT="41" WIDTH="220" VPOS="3750" HPOS="1419"/>
<SP HEIGHT="29" WIDTH="33" VPOS="3764" HPOS="1640"/>
<String CONTENT="of" HEIGHT="39" WIDTH="52" VPOS="3754" HPOS="1674"/>
<SP HEIGHT="39" WIDTH="29" VPOS="3754" HPOS="1727"/>
<String CONTENT="international" HEIGHT="42" WIDTH="350" VPOS="3754" HPOS="1757"/>
<SP HEIGHT="38" WIDTH="32" VPOS="3758" HPOS="2108"/>
<String CONTENT="law," HEIGHT="46" WIDTH="107" VPOS="3759" HPOS="2141"/>
<SP HEIGHT="47" WIDTH="34" VPOS="3758" HPOS="2249"/>
<String CONTENT="Washington)" HEIGHT="93" WIDTH="1972" VPOS="3758" HPOS="460"/>
</TextLine>
<TextLine HEIGHT="61" WIDTH="1981" VPOS="3854" HPOS="468">
<String CONTENT="&#169;" HEIGHT="51" WIDTH="50" VPOS="3854" HPOS="468"/>
<SP HEIGHT="51" WIDTH="29" VPOS="3854" HPOS="519"/>
<String CONTENT="Feb." HEIGHT="40" WIDTH="107" VPOS="3858" HPOS="549"/>
<SP HEIGHT="38" WIDTH="30" VPOS="3861" HPOS="657"/>
<String CONTENT="5," HEIGHT="46" WIDTH="38" VPOS="3861" HPOS="688"/>
<SP HEIGHT="46" WIDTH="28" VPOS="3861" HPOS="727"/>
<String CONTENT="1932;" HEIGHT="47" WIDTH="140" VPOS="3860" HPOS="756"/>
<SP HEIGHT="46" WIDTH="27" VPOS="3861" HPOS="897"/>
<String CONTENT="2c." HEIGHT="40" WIDTH="66" VPOS="3861" HPOS="925"/>
<SP HEIGHT="28" WIDTH="28" VPOS="3873" HPOS="992"/>
<String CONTENT="and" HEIGHT="37" WIDTH="95" VPOS="3864" HPOS="1021"/>
<SP HEIGHT="37" WIDTH="27" VPOS="3864" HPOS="1117"/>
<String CONTENT="aff." HEIGHT="39" WIDTH="79" VPOS="3862" HPOS="1145"/>
<SP HEIGHT="39" WIDTH="30" VPOS="3862" HPOS="1225"/>
<String CONTENT="Feb." HEIGHT="40" WIDTH="108" VPOS="3862" HPOS="1256"/>
<SP HEIGHT="39" WIDTH="29" VPOS="3863" HPOS="1365"/>
<String CONTENT="16;" HEIGHT="47" WIDTH="80" VPOS="3863" HPOS="1395"/>
<SP HEIGHT="46" WIDTH="31" VPOS="3864" HPOS="1476"/>
<!-- cceid 005077A1-6D7D-1014-B4A5-D7A31D17AB40 --><String CONTENT="A" HEIGHT="38" WIDTH="40" VPOS="3864" HPOS="1508"/>
<SP HEIGHT="38" WIDTH="25" VPOS="3864" HPOS="1549"/>
<String CONTENT="48517;" HEIGHT="48" WIDTH="171" VPOS="3864" HPOS="1575"/>
<SP HEIGHT="45" WIDTH="31" VPOS="3867" HPOS="1747"/>
<String CONTENT="Carnegie" HEIGHT="48" WIDTH="232" VPOS="3867" HPOS="1779"/>
<SP HEIGHT="29" WIDTH="29" VPOS="3880" HPOS="2012"/>
<String CONTENT="endowment" HEIGHT="39" WIDTH="299" VPOS="3871" HPOS="2042"/>
<SP HEIGHT="40" WIDTH="27" VPOS="3870" HPOS="2342"/>
<String CONTENT="for" HEIGHT="40" WIDTH="79" VPOS="3870" HPOS="2370"/>
</TextLine>
<TextLine HEIGHT="50" WIDTH="534" VPOS="3915" HPOS="535">
<String CONTENT="international" HEIGHT="42" WIDTH="349" VPOS="3915" HPOS="535"/>
<SP HEIGHT="45" WIDTH="29" VPOS="3920" HPOS="885"/>
<String CONTENT="peace." HEIGHT="37" WIDTH="154" VPOS="3928" HPOS="915"/>
</TextLine>
</TextBlock>
</PrintSpace>
</Page>
</Layout>
</alto>