<alto xmlns="http://www.loc.gov/standards/alto/ns-v3#" xmlns:xlink="http://www.w3.org/1999/xlink" xmlns:xsi="http://www.w3.org/2001/XMLSchema-instance" xsi:schemaLocation="http://www.loc.gov/standards/alto/ns-v3# http://www.loc.gov/alto/v3/alto-3-0.xsd"><Description>
<MeasurementUnit>pixel</MeasurementUnit>
<sourceImageInformation>
<fileName>1932_v29_part001.pdf</fileName>
</sourceImageInformation>
<OCRProcessing ID="IdOcr">
<ocrProcessingStep>
<processingDateTime>2019-04-25</processingDateTime>
<processingSoftware>
<softwareCreator>ABBYY</softwareCreator>
<softwareName>ABBYY Recognition Server</softwareName>
<softwareVersion>4.0</softwareVersion>
</processingSoftware>
</ocrProcessingStep>
</OCRProcessing>
</Description>
<Styles>
<ParagraphStyle ID="StyleId-FFFFFFFF-FFFF-FFFF-FFFF-FFFFFFFFFFFF-" ALIGN="Left" LEFT="0." RIGHT="0." FIRSTLINE="0."/>
<ParagraphStyle ID="StyleId-547D96D3-B2DE-4E86-A4BD-9DDFC275973A-" ALIGN="Left" LEFT="0." RIGHT="0." FIRSTLINE="0." LINESPACE="7.699999809"/>
<ParagraphStyle ID="StyleId-BE433B82-DF6F-491A-9872-F562FF4150C8-" ALIGN="Block" LEFT="0." RIGHT="0." FIRSTLINE="-13." LINESPACE="7.900000095"/>
<ParagraphStyle ID="StyleId-CC286467-50C5-4655-B0CF-BA365CCE0736-" ALIGN="Block" LEFT="0." RIGHT="0." FIRSTLINE="-15." LINESPACE="8.479999542"/>
<ParagraphStyle ID="StyleId-9878414D-BEDB-487D-971A-CF5ADB5C4AD2-" ALIGN="Block" LEFT="0." RIGHT="0." FIRSTLINE="-14." LINESPACE="10.92000008"/>
<ParagraphStyle ID="StyleId-EBC70DE5-3635-4BD4-B07B-05DF6EFE0022-" ALIGN="Block" LEFT="0." RIGHT="0." FIRSTLINE="-13." LINESPACE="12.19999981"/>
<ParagraphStyle ID="StyleId-8A688F83-F017-4D5D-A00A-14637016ED45-" ALIGN="Left" LEFT="0." RIGHT="0." FIRSTLINE="0." LINESPACE="9.399999619"/>
<ParagraphStyle ID="StyleId-20F0BBAE-20C6-42F4-8113-00B5C02924DC-" ALIGN="Left" LEFT="0." RIGHT="0." FIRSTLINE="0." LINESPACE="11.10000038"/>
<ParagraphStyle ID="StyleId-7AA70148-8873-4ACB-90AE-BF9322E02302-" ALIGN="Left" LEFT="0." RIGHT="0." FIRSTLINE="-13." LINESPACE="11.09000015"/>
<ParagraphStyle ID="StyleId-072EF7BA-7207-4F8B-9A7C-F564E8B4CB16-" ALIGN="Left" LEFT="0." RIGHT="0." FIRSTLINE="-14." LINESPACE="12.19999981"/>
<ParagraphStyle ID="StyleId-44303D12-21D7-4DB0-9E9F-87FA1A861DD7-" ALIGN="Block" LEFT="0." RIGHT="0." FIRSTLINE="-14." LINESPACE="10.92000008"/>
<ParagraphStyle ID="StyleId-43CF0D44-8AC2-4CD0-865F-942C78705184-" ALIGN="Block" LEFT="0." RIGHT="0." FIRSTLINE="-13." LINESPACE="12.19999981"/>
<ParagraphStyle ID="StyleId-7A298A86-29F5-413A-AEC9-078A4CC464D7-" ALIGN="Block" LEFT="0." RIGHT="0." FIRSTLINE="13." LINESPACE="12.19999981"/>
<ParagraphStyle ID="StyleId-8E4E86F7-C1F9-4A1A-B605-6B1FC1C8E9F7-" ALIGN="Left" LEFT="0." RIGHT="0." FIRSTLINE="0." LINESPACE="11.60000038"/>
<ParagraphStyle ID="StyleId-AB39791B-5ED1-444F-BEF5-2CFED1F2709A-" ALIGN="Left" LEFT="0." RIGHT="0." FIRSTLINE="-13." LINESPACE="11.09000015"/>
<ParagraphStyle ID="StyleId-C1F2EEE7-CD00-4E11-9EAD-B222287AEDA4-" ALIGN="Center" LEFT="0." RIGHT="0." FIRSTLINE="0." LINESPACE="11.10000038"/>
</Styles>
<Layout>
<Page ID="Page63" PHYSICAL_IMG_NR="63" HEIGHT="4368" WIDTH="2563">
<TopMargin HEIGHT="510" WIDTH="2563" VPOS="0" HPOS="0">
</TopMargin>
<LeftMargin HEIGHT="3482" WIDTH="101" VPOS="510" HPOS="0">
</LeftMargin>
<RightMargin HEIGHT="3482" WIDTH="323" VPOS="510" HPOS="2240">
</RightMargin>
<BottomMargin HEIGHT="376" WIDTH="2563" VPOS="3992" HPOS="0">
<TextBlock ID="Page63_Block1" HEIGHT="70" WIDTH="84" VPOS="4034" HPOS="1124" LANG="en-US" STYLEREFS="StyleId-1DE576C7-C059-4ECA-9A09-C1D94C475BAE-">
<TextLine HEIGHT="50" WIDTH="64" VPOS="4044" HPOS="1135">
<String CONTENT="63" HEIGHT="50" WIDTH="64" VPOS="4044" HPOS="1135"/>
</TextLine>
</TextBlock>
</BottomMargin>
<PrintSpace HEIGHT="3482" WIDTH="2139" VPOS="510" HPOS="101">
<TextBlock ID="Page63_Block2" HEIGHT="3482" WIDTH="2139" VPOS="510" HPOS="101" LANG="en-US" CS="1" STYLEREFS="StyleId-4E7A510B-C2F6-47E0-8B1C-EAF1F9F87D84-">
<TextLine HEIGHT="65" WIDTH="1992" VPOS="530" HPOS="146">
<String CONTENT="3d" HEIGHT="52" WIDTH="70" VPOS="538" HPOS="146"/>
<SP HEIGHT="52" WIDTH="30" VPOS="538" HPOS="217"/>
<String CONTENT="ed." HEIGHT="52" WIDTH="83" VPOS="537" HPOS="248"/>
<SP HEIGHT="51" WIDTH="74" VPOS="536" HPOS="332"/>
<String CONTENT="New" HEIGHT="51" WIDTH="138" VPOS="536" HPOS="407"/>
<SP HEIGHT="51" WIDTH="31" VPOS="536" HPOS="546"/>
<String CONTENT="York" HEIGHT="51" WIDTH="163" VPOS="536" HPOS="578"/>
<SP HEIGHT="51" WIDTH="30" VPOS="536" HPOS="742"/>
<String CONTENT="and" HEIGHT="52" WIDTH="112" VPOS="536" HPOS="773"/>
<SP HEIGHT="52" WIDTH="30" VPOS="536" HPOS="886"/>
<String CONTENT="London," HEIGHT="58" WIDTH="257" VPOS="533" HPOS="917"/>
<SP HEIGHT="56" WIDTH="30" VPOS="535" HPOS="1175"/>
<String CONTENT="McGraw-Hill" HEIGHT="55" WIDTH="426" VPOS="530" HPOS="1206"/>
<SP HEIGHT="51" WIDTH="31" VPOS="530" HPOS="1633"/>
<String CONTENT="book" HEIGHT="51" WIDTH="145" VPOS="530" HPOS="1665"/>
<SP HEIGHT="50" WIDTH="32" VPOS="530" HPOS="1811"/>
<String CONTENT="company," HEIGHT="49" WIDTH="294" VPOS="546" HPOS="1844"/>
</TextLine>
<TextLine HEIGHT="65" WIDTH="304" VPOS="615" HPOS="145">
<String CONTENT="inc.," HEIGHT="65" WIDTH="124" VPOS="615" HPOS="145"/>
<SP HEIGHT="59" WIDTH="30" VPOS="621" HPOS="270"/>
<String CONTENT="1932." HEIGHT="52" WIDTH="148" VPOS="616" HPOS="301"/>
</TextLine>
<TextLine HEIGHT="53" WIDTH="1177" VPOS="681" HPOS="215" STYLEREFS="StyleId-2AD5C376-F3BA-47A3-BE16-D61E17F27F28-" CS="1">
<String CONTENT="xiii," HEIGHT="48" WIDTH="103" VPOS="686" HPOS="215"/>
<SP HEIGHT="47" WIDTH="29" VPOS="687" HPOS="319"/>
<String CONTENT="338" HEIGHT="41" WIDTH="87" VPOS="686" HPOS="349"/>
<SP HEIGHT="47" WIDTH="29" VPOS="687" HPOS="437"/>
<String CONTENT="p." HEIGHT="37" WIDTH="42" VPOS="697" HPOS="467"/>
<SP HEIGHT="42" WIDTH="28" VPOS="685" HPOS="510"/>
<String CONTENT="incl." HEIGHT="41" WIDTH="110" VPOS="685" HPOS="539"/>
<SP/>
<String CS="1" CONTENT="pl.," HEIGHT="13" WIDTH="9" VPOS="716" HPOS="748"/>
<SP HEIGHT="44" WIDTH="31" VPOS="685" HPOS="758"/>
<String CONTENT="diagrs." HEIGHT="45" WIDTH="177" VPOS="685" HPOS="790"/>
<SP HEIGHT="39" WIDTH="60" VPOS="683" HPOS="968"/>
<String CS="1" CONTENT="21&#7580;&#7504;." HEIGHT="38" WIDTH="115" VPOS="683" HPOS="1029"/>
<SP HEIGHT="48" WIDTH="115" VPOS="681" HPOS="1145"/>
<String CONTENT="$2.50" HEIGHT="48" WIDTH="131" VPOS="681" HPOS="1261"/>
</TextLine>
<TextLine HEIGHT="47" WIDTH="1029" VPOS="754" HPOS="217" STYLEREFS="StyleId-2AD5C376-F3BA-47A3-BE16-D61E17F27F28-" CS="1">
<String CONTENT="&#8220;References&#8221;" HEIGHT="42" WIDTH="348" VPOS="755" HPOS="217"/>
<SP HEIGHT="41" WIDTH="29" VPOS="755" HPOS="566"/>
<String CONTENT="at" HEIGHT="38" WIDTH="51" VPOS="758" HPOS="596"/>
<SP HEIGHT="38" WIDTH="27" VPOS="758" HPOS="648"/>
<String CONTENT="end" HEIGHT="38" WIDTH="90" VPOS="756" HPOS="676"/>
<SP HEIGHT="38" WIDTH="30" VPOS="756" HPOS="767"/>
<String CONTENT="of" HEIGHT="39" WIDTH="52" VPOS="754" HPOS="798"/>
<SP HEIGHT="40" WIDTH="27" VPOS="754" HPOS="851"/>
<String CONTENT="chapter" HEIGHT="46" WIDTH="201" VPOS="755" HPOS="879"/>
<SP HEIGHT="29" WIDTH="27" VPOS="763" HPOS="1081"/>
<String CS="1" CONTENT="XVIII." HEIGHT="7" WIDTH="8" VPOS="784" HPOS="1238"/>
</TextLine>
<TextLine HEIGHT="56" WIDTH="1989" VPOS="821" HPOS="153" STYLEREFS="StyleId-2AD5C376-F3BA-47A3-BE16-D61E17F27F28-" CS="1">
<String CONTENT="&#169;" HEIGHT="51" WIDTH="51" VPOS="826" HPOS="153"/>
<SP HEIGHT="51" WIDTH="28" VPOS="826" HPOS="205"/>
<String CONTENT="Feb." HEIGHT="39" WIDTH="108" VPOS="830" HPOS="234"/>
<SP HEIGHT="37" WIDTH="28" VPOS="830" HPOS="343"/>
<String CONTENT="1," HEIGHT="45" WIDTH="38" VPOS="830" HPOS="372"/>
<SP HEIGHT="45" WIDTH="28" VPOS="830" HPOS="411"/>
<String CS="1" CONTENT="1932;" HEIGHT="40" WIDTH="111" VPOS="828" HPOS="440"/>
<SP HEIGHT="43" WIDTH="28" VPOS="826" HPOS="580"/>
<String CONTENT="2c." HEIGHT="42" WIDTH="67" VPOS="826" HPOS="609"/>
<SP HEIGHT="40" WIDTH="28" VPOS="828" HPOS="677"/>
<String CONTENT="Feb." HEIGHT="40" WIDTH="109" VPOS="827" HPOS="706"/>
<SP HEIGHT="39" WIDTH="27" VPOS="827" HPOS="816"/>
<String CS="1" CONTENT="6;"/>
<SP/>
<String CS="1" CONTENT="aff."/>
<SP HEIGHT="39" WIDTH="29" VPOS="826" HPOS="1009"/>
<String CONTENT="Feb." HEIGHT="40" WIDTH="107" VPOS="824" HPOS="1039"/>
<SP HEIGHT="39" WIDTH="30" VPOS="825" HPOS="1147"/>
<String CS="1" CONTENT="5;" HEIGHT="39" WIDTH="24" VPOS="825" HPOS="1178"/>
<SP HEIGHT="41" WIDTH="30" VPOS="824" HPOS="1230"/>
<!-- cceid FEFA9E31-6D7C-1014-B4A5-D7A31D17AB40 --><String CONTENT="A" HEIGHT="38" WIDTH="39" VPOS="824" HPOS="1261"/>
<SP HEIGHT="38" WIDTH="25" VPOS="824" HPOS="1301"/>
<String CS="1" CONTENT="47474;" HEIGHT="39" WIDTH="145" VPOS="824" HPOS="1327"/>
<SP HEIGHT="39" WIDTH="33" VPOS="824" HPOS="1498"/>
<String CONTENT="McGraw-Hill" HEIGHT="41" WIDTH="348" VPOS="821" HPOS="1532"/>
<SP HEIGHT="38" WIDTH="28" VPOS="822" HPOS="1881"/>
<String CONTENT="book" HEIGHT="39" WIDTH="122" VPOS="821" HPOS="1910"/>
<SP HEIGHT="40" WIDTH="27" VPOS="821" HPOS="2033"/>
<String CONTENT="co.," HEIGHT="32" WIDTH="81" VPOS="829" HPOS="2061"/>
</TextLine>
<TextLine HEIGHT="49" WIDTH="439" VPOS="884" HPOS="219" STYLEREFS="StyleId-2AD5C376-F3BA-47A3-BE16-D61E17F27F28-">
<String CONTENT="inc." HEIGHT="40" WIDTH="89" VPOS="886" HPOS="219"/>
<SP HEIGHT="47" WIDTH="70" VPOS="886" HPOS="309"/>
<String CONTENT="(32-26095)" HEIGHT="49" WIDTH="278" VPOS="884" HPOS="380"/>
</TextLine>
<TextLine HEIGHT="69" WIDTH="1131" VPOS="1007" HPOS="148" STYLEREFS="StyleId-1436FBD6-EA69-42D1-9F70-4137422396C0-">
<String CONTENT="Texas." HEIGHT="50" WIDTH="209" VPOS="1014" HPOS="148"/>
<SP HEIGHT="51" WIDTH="76" VPOS="1012" HPOS="358"/>
<String CONTENT="Court" HEIGHT="51" WIDTH="178" VPOS="1012" HPOS="435"/>
<SP HEIGHT="47" WIDTH="30" VPOS="1016" HPOS="614"/>
<String CONTENT="of" HEIGHT="65" WIDTH="63" VPOS="1011" HPOS="645"/>
<SP HEIGHT="65" WIDTH="28" VPOS="1011" HPOS="709"/>
<String CONTENT="criminal" HEIGHT="55" WIDTH="263" VPOS="1008" HPOS="738"/>
<SP HEIGHT="51" WIDTH="27" VPOS="1009" HPOS="1002"/>
<String CONTENT="appeals." HEIGHT="68" WIDTH="249" VPOS="1007" HPOS="1030"/>
</TextLine>
<TextLine HEIGHT="72" WIDTH="1859" VPOS="1095" HPOS="222" CS="1">
<String CONTENT="The" HEIGHT="52" WIDTH="120" VPOS="1102" HPOS="222"/>
<SP HEIGHT="50" WIDTH="30" VPOS="1104" HPOS="343"/>
<String CONTENT="Texas" HEIGHT="50" WIDTH="183" VPOS="1104" HPOS="374"/>
<SP HEIGHT="33" WIDTH="31" VPOS="1121" HPOS="558"/>
<String CONTENT="criminal" HEIGHT="55" WIDTH="263" VPOS="1099" HPOS="590"/>
<SP HEIGHT="50" WIDTH="31" VPOS="1101" HPOS="854"/>
<String CONTENT="reports;" HEIGHT="63" WIDTH="250" VPOS="1104" HPOS="886"/>
<SP HEIGHT="46" WIDTH="34" VPOS="1118" HPOS="1137"/>
<String CONTENT="cases" HEIGHT="35" WIDTH="150" VPOS="1117" HPOS="1172"/>
<SP HEIGHT="34" WIDTH="32" VPOS="1116" HPOS="1323"/>
<String CONTENT="argued" HEIGHT="68" WIDTH="215" VPOS="1097" HPOS="1356"/>
<SP HEIGHT="52" WIDTH="32" VPOS="1097" HPOS="1572"/>
<String CONTENT="and" HEIGHT="52" WIDTH="111" VPOS="1097" HPOS="1605"/>
<SP HEIGHT="51" WIDTH="32" VPOS="1097" HPOS="1717"/>
<String CONTENT="adjudged" HEIGHT="69" WIDTH="292" VPOS="1095" HPOS="1750"/>
<SP HEIGHT="52" WIDTH="38" VPOS="1095" HPOS="2043"/>
<String CS="1" CONTENT="&#8230;"/>
</TextLine>
<TextLine HEIGHT="73" WIDTH="1847" VPOS="1175" HPOS="151" CS="1">
<String CONTENT="during" HEIGHT="68" WIDTH="213" VPOS="1180" HPOS="151"/>
<SP HEIGHT="67" WIDTH="37" VPOS="1181" HPOS="365"/>
<String CONTENT="May," HEIGHT="64" WIDTH="155" VPOS="1181" HPOS="403"/>
<SP HEIGHT="54" WIDTH="42" VPOS="1179" HPOS="559"/>
<String CONTENT="June," HEIGHT="54" WIDTH="167" VPOS="1179" HPOS="602"/>
<SP HEIGHT="55" WIDTH="42" VPOS="1178" HPOS="770"/>
<String CONTENT="October," HEIGHT="56" WIDTH="262" VPOS="1178" HPOS="813"/>
<SP HEIGHT="55" WIDTH="39" VPOS="1179" HPOS="1076"/>
<String CONTENT="November" HEIGHT="53" WIDTH="318" VPOS="1176" HPOS="1116"/>
<SP HEIGHT="32" WIDTH="42" VPOS="1195" HPOS="1435"/>
<String CONTENT="and" HEIGHT="51" WIDTH="111" VPOS="1176" HPOS="1478"/>
<SP HEIGHT="52" WIDTH="40" VPOS="1176" HPOS="1590"/>
<String CONTENT="December," HEIGHT="66" WIDTH="326" VPOS="1175" HPOS="1631"/>
<SP HEIGHT="48" WIDTH="40" VPOS="1193" HPOS="1958"/>
<String CS="1" CONTENT="A."/>
<SP/>
<String CS="1" CONTENT="D."/>
</TextLine>
<TextLine HEIGHT="69" WIDTH="1986" VPOS="1254" HPOS="154">
<String CONTENT="1930." HEIGHT="49" WIDTH="147" VPOS="1260" HPOS="154"/>
<SP HEIGHT="53" WIDTH="76" VPOS="1255" HPOS="302"/>
<String CONTENT="January" HEIGHT="67" WIDTH="260" VPOS="1255" HPOS="379"/>
<SP HEIGHT="48" WIDTH="27" VPOS="1274" HPOS="640"/>
<String CONTENT="and" HEIGHT="51" WIDTH="108" VPOS="1258" HPOS="668"/>
<SP HEIGHT="50" WIDTH="32" VPOS="1258" HPOS="777"/>
<String CONTENT="February," HEIGHT="66" WIDTH="312" VPOS="1257" HPOS="810"/>
<SP HEIGHT="37" WIDTH="26" VPOS="1275" HPOS="1123"/>
<String CONTENT="a." HEIGHT="33" WIDTH="52" VPOS="1275" HPOS="1150"/>
<SP HEIGHT="33" WIDTH="27" VPOS="1275" HPOS="1203"/>
<String CONTENT="d." HEIGHT="33" WIDTH="47" VPOS="1275" HPOS="1231"/>
<SP HEIGHT="49" WIDTH="32" VPOS="1259" HPOS="1279"/>
<String CONTENT="1931." HEIGHT="47" WIDTH="149" VPOS="1259" HPOS="1312"/>
<SP HEIGHT="50" WIDTH="74" VPOS="1256" HPOS="1462"/>
<String CONTENT="Reported" HEIGHT="68" WIDTH="290" VPOS="1254" HPOS="1537"/>
<SP HEIGHT="52" WIDTH="25" VPOS="1254" HPOS="1828"/>
<String CONTENT="by" HEIGHT="66" WIDTH="75" VPOS="1255" HPOS="1854"/>
<SP HEIGHT="64" WIDTH="23" VPOS="1257" HPOS="1930"/>
<String CONTENT="AY." HEIGHT="52" WIDTH="89" VPOS="1256" HPOS="1954"/>
<SP HEIGHT="50" WIDTH="31" VPOS="1255" HPOS="2044"/>
<String CONTENT="E." HEIGHT="50" WIDTH="64" VPOS="1255" HPOS="2076"/>
</TextLine>
<TextLine HEIGHT="68" WIDTH="1824" VPOS="1334" HPOS="150" CS="1">
<String CONTENT="Wear." HEIGHT="53" WIDTH="186" VPOS="1338" HPOS="150"/>
<SP HEIGHT="33" WIDTH="75" VPOS="1353" HPOS="337"/>
<String CS="1" CONTENT="v." HEIGHT="8" WIDTH="8" VPOS="1378" HPOS="453"/>
<SP HEIGHT="46" WIDTH="37" VPOS="1340" HPOS="462"/>
<String CONTENT="116." HEIGHT="47" WIDTH="114" VPOS="1340" HPOS="500"/>
<SP HEIGHT="54" WIDTH="75" VPOS="1334" HPOS="615"/>
<String CONTENT="Chicago," HEIGHT="68" WIDTH="269" VPOS="1334" HPOS="691"/>
<SP HEIGHT="54" WIDTH="33" VPOS="1336" HPOS="961"/>
<String CONTENT="Callaghan" HEIGHT="67" WIDTH="321" VPOS="1335" HPOS="995"/>
<SP HEIGHT="33" WIDTH="32" VPOS="1353" HPOS="1317"/>
<String CONTENT="and" HEIGHT="51" WIDTH="111" VPOS="1335" HPOS="1350"/>
<SP HEIGHT="53" WIDTH="30" VPOS="1335" HPOS="1462"/>
<String CONTENT="company," HEIGHT="49" WIDTH="298" VPOS="1352" HPOS="1493"/>
<SP HEIGHT="52" WIDTH="33" VPOS="1338" HPOS="1792"/>
<String CONTENT="1932." HEIGHT="49" WIDTH="148" VPOS="1336" HPOS="1826"/>
</TextLine>
<TextLine HEIGHT="49" WIDTH="453" VPOS="1408" HPOS="221" CS="1">
<String CONTENT="xxvii," HEIGHT="47" WIDTH="149" VPOS="1409" HPOS="221"/>
<SP HEIGHT="45" WIDTH="30" VPOS="1411" HPOS="371"/>
<String CONTENT="706" HEIGHT="40" WIDTH="86" VPOS="1409" HPOS="402"/>
<SP HEIGHT="48" WIDTH="26" VPOS="1409" HPOS="489"/>
<String CONTENT="p." HEIGHT="37" WIDTH="43" VPOS="1420" HPOS="516"/>
<SP HEIGHT="40" WIDTH="58" VPOS="1408" HPOS="560"/>
<String CS="1" CONTENT="23&#189;&#7580;&#7504;" HEIGHT="41" WIDTH="55" VPOS="1408" HPOS="619"/>
<SP/>
</TextLine>
<TextLine HEIGHT="52" WIDTH="1992" VPOS="1478" HPOS="156" STYLEREFS="StyleId-2AD5C376-F3BA-47A3-BE16-D61E17F27F28-" CS="1">
<String CONTENT="&#169;" HEIGHT="51" WIDTH="51" VPOS="1479" HPOS="156"/>
<SP HEIGHT="51" WIDTH="25" VPOS="1479" HPOS="208"/>
<String CONTENT="Jan." HEIGHT="39" WIDTH="109" VPOS="1483" HPOS="234"/>
<SP HEIGHT="39" WIDTH="22" VPOS="1483" HPOS="344"/>
<String CONTENT="15," HEIGHT="46" WIDTH="68" VPOS="1482" HPOS="367"/>
<SP HEIGHT="46" WIDTH="24" VPOS="1482" HPOS="436"/>
<String CS="1" CONTENT="1932;" HEIGHT="40" WIDTH="113" VPOS="1479" HPOS="461"/>
<SP HEIGHT="41" WIDTH="25" VPOS="1479" HPOS="601"/>
<String CONTENT="2c." HEIGHT="40" WIDTH="67" VPOS="1479" HPOS="627"/>
<SP HEIGHT="29" WIDTH="25" VPOS="1490" HPOS="695"/>
<String CONTENT="and" HEIGHT="38" WIDTH="93" VPOS="1480" HPOS="721"/>
<SP HEIGHT="38" WIDTH="25" VPOS="1480" HPOS="815"/>
<String LANG="de" CONTENT="aff." HEIGHT="40" WIDTH="80" VPOS="1478" HPOS="841"/>
<SP HEIGHT="38" WIDTH="27" VPOS="1479" HPOS="922"/>
<String CONTENT="Jan." HEIGHT="38" WIDTH="108" VPOS="1479" HPOS="950"/>
<SP/>
<String CS="1" CONTENT="18;" HEIGHT="35" WIDTH="8" VPOS="1489" HPOS="1158"/>
<SP HEIGHT="45" WIDTH="27" VPOS="1479" HPOS="1167"/>
<!-- cceid FEFB5A47-6D7C-1014-B4A5-D7A31D17AB40 --><String CONTENT="A" HEIGHT="38" WIDTH="39" VPOS="1479" HPOS="1195"/>
<SP HEIGHT="38" WIDTH="22" VPOS="1479" HPOS="1235"/>
<String CONTENT="47035:" HEIGHT="40" WIDTH="171" VPOS="1478" HPOS="1258"/>
<SP HEIGHT="39" WIDTH="27" VPOS="1479" HPOS="1430"/>
<String CONTENT="W." HEIGHT="40" WIDTH="72" VPOS="1479" HPOS="1458"/>
<SP HEIGHT="41" WIDTH="25" VPOS="1478" HPOS="1531"/>
<String CONTENT="C." HEIGHT="40" WIDTH="48" VPOS="1478" HPOS="1557"/>
<SP HEIGHT="39" WIDTH="24" VPOS="1479" HPOS="1606"/>
<String CONTENT="Wear," HEIGHT="45" WIDTH="160" VPOS="1479" HPOS="1631"/>
<SP HEIGHT="46" WIDTH="25" VPOS="1478" HPOS="1792"/>
<String CONTENT="Austin," HEIGHT="41" WIDTH="190" VPOS="1478" HPOS="1818"/>
<SP HEIGHT="41" WIDTH="26" VPOS="1478" HPOS="2009"/>
<String CONTENT="Tex." HEIGHT="38" WIDTH="112" VPOS="1478" HPOS="2036"/>
</TextLine>
<TextLine HEIGHT="66" WIDTH="741" VPOS="1626" HPOS="151" STYLEREFS="StyleId-ABACE515-2CF0-4F90-9DE6-4622CEF71706-">
<String CONTENT="Thayer," HEIGHT="63" WIDTH="253" VPOS="1629" HPOS="151"/>
<SP HEIGHT="64" WIDTH="27" VPOS="1628" HPOS="405"/>
<String CONTENT="Tiffany," HEIGHT="66" WIDTH="257" VPOS="1626" HPOS="433"/>
<SP HEIGHT="59" WIDTH="29" VPOS="1633" HPOS="691"/>
<String CONTENT="1902-" HEIGHT="49" WIDTH="171" VPOS="1632" HPOS="721"/>
</TextLine>
<TextLine HEIGHT="72" WIDTH="1922" VPOS="1706" HPOS="222" CS="1">
<String CONTENT="The" HEIGHT="51" WIDTH="120" VPOS="1713" HPOS="222"/>
<SP HEIGHT="55" WIDTH="44" VPOS="1710" HPOS="343"/>
<String CONTENT="Greek" HEIGHT="56" WIDTH="187" VPOS="1709" HPOS="388"/>
<SP HEIGHT="67" WIDTH="48" VPOS="1709" HPOS="576"/>
<String CS="1" CONTENT="[by]" HEIGHT="69" WIDTH="75" VPOS="1709" HPOS="642"/>
<SP HEIGHT="66" WIDTH="49" VPOS="1709" HPOS="736"/>
<String CONTENT="Tiffany" HEIGHT="70" WIDTH="235" VPOS="1707" HPOS="786"/>
<SP HEIGHT="69" WIDTH="44" VPOS="1708" HPOS="1022"/>
<String CONTENT="Thayer;" HEIGHT="68" WIDTH="256" VPOS="1707" HPOS="1067"/>
<SP HEIGHT="66" WIDTH="48" VPOS="1707" HPOS="1324"/>
<String CONTENT="decorations" HEIGHT="54" WIDTH="355" VPOS="1706" HPOS="1373"/>
<SP HEIGHT="51" WIDTH="46" VPOS="1708" HPOS="1729"/>
<String CONTENT="by" HEIGHT="68" WIDTH="72" VPOS="1708" HPOS="1776"/>
<SP HEIGHT="68" WIDTH="47" VPOS="1708" HPOS="1849"/>
<String CONTENT="Edward" HEIGHT="52" WIDTH="247" VPOS="1708" HPOS="1897"/>
</TextLine>
<TextLine HEIGHT="69" WIDTH="1267" VPOS="1784" HPOS="155">
<String CONTENT="Staloff." HEIGHT="56" WIDTH="224" VPOS="1788" HPOS="155"/>
<SP HEIGHT="52" WIDTH="59" VPOS="1788" HPOS="380"/>
<String CONTENT="New" HEIGHT="53" WIDTH="139" VPOS="1788" HPOS="440"/>
<SP HEIGHT="52" WIDTH="24" VPOS="1787" HPOS="580"/>
<String CONTENT="York," HEIGHT="67" WIDTH="179" VPOS="1786" HPOS="605"/>
<SP HEIGHT="67" WIDTH="24" VPOS="1786" HPOS="785"/>
<String CONTENT="A." HEIGHT="52" WIDTH="72" VPOS="1786" HPOS="810"/>
<SP HEIGHT="50" WIDTH="26" VPOS="1788" HPOS="883"/>
<String CONTENT="&amp;" HEIGHT="50" WIDTH="45" VPOS="1788" HPOS="910"/>
<SP HEIGHT="55" WIDTH="26" VPOS="1784" HPOS="956"/>
<String LANG="la" CONTENT="C." HEIGHT="55" WIDTH="63" VPOS="1784" HPOS="983"/>
<SP HEIGHT="52" WIDTH="26" VPOS="1786" HPOS="1047"/>
<String CONTENT="Boni," HEIGHT="67" WIDTH="169" VPOS="1785" HPOS="1074"/>
<SP HEIGHT="62" WIDTH="27" VPOS="1790" HPOS="1244"/>
<String CONTENT="1931." HEIGHT="50" WIDTH="150" VPOS="1787" HPOS="1272"/>
</TextLine>
<TextLine HEIGHT="53" WIDTH="880" VPOS="1865" HPOS="221" STYLEREFS="StyleId-5E4E0D72-3959-440A-8F6B-E9C3D2D923D6-" CS="1">
<String CONTENT="4" HEIGHT="39" WIDTH="28" VPOS="1870" HPOS="221"/>
<SP HEIGHT="48" WIDTH="21" VPOS="1870" HPOS="250"/>
<String CONTENT="p." HEIGHT="38" WIDTH="43" VPOS="1880" HPOS="272"/>
<SP/>
<String CS="1" CONTENT="l.,"/>
<SP HEIGHT="49" WIDTH="23" VPOS="1868" HPOS="384"/>
<String CONTENT="3-338" HEIGHT="41" WIDTH="144" VPOS="1868" HPOS="408"/>
<SP HEIGHT="48" WIDTH="22" VPOS="1868" HPOS="553"/>
<String CONTENT="p.," HEIGHT="38" WIDTH="58" VPOS="1878" HPOS="576"/>
<SP HEIGHT="47" WIDTH="23" VPOS="1868" HPOS="635"/>
<String CONTENT="1" HEIGHT="38" WIDTH="25" VPOS="1868" HPOS="659"/>
<SP HEIGHT="39" WIDTH="24" VPOS="1867" HPOS="685"/>
<String CS="1" CONTENT="l." HEIGHT="7" WIDTH="8" VPOS="1897" HPOS="729"/>
<SP HEIGHT="40" WIDTH="60" VPOS="1866" HPOS="738"/>
<String CONTENT="illus." HEIGHT="41" WIDTH="128" VPOS="1866" HPOS="799"/>
<SP HEIGHT="42" WIDTH="57" VPOS="1865" HPOS="928"/>
<String LANG="el" CONTENT="21" HEIGHT="40" WIDTH="55" VPOS="1865" HPOS="986"/>
<String CS="1" CONTENT="&#7580;&#7504;"/>
<String LANG="el" CONTENT="." HEIGHT="9" WIDTH="8" VPOS="1898" HPOS="1093"/>
</TextLine>
<TextLine HEIGHT="107" WIDTH="1975" VPOS="1938" HPOS="161" STYLEREFS="StyleId-2AD5C376-F3BA-47A3-BE16-D61E17F27F28-" CS="1">
<String CONTENT="&#169;" HEIGHT="52" WIDTH="51" VPOS="1939" HPOS="161"/>
<SP HEIGHT="52" WIDTH="26" VPOS="1939" HPOS="213"/>
<String CONTENT="Nov." HEIGHT="38" WIDTH="116" VPOS="1944" HPOS="240"/>
<SP HEIGHT="39" WIDTH="27" VPOS="1941" HPOS="357"/>
<String CONTENT="28," HEIGHT="47" WIDTH="68" VPOS="1941" HPOS="385"/>
<SP HEIGHT="45" WIDTH="27" VPOS="1943" HPOS="454"/>
<String CS="1" CONTENT="1931;" HEIGHT="41" WIDTH="111" VPOS="1940" HPOS="482"/>
<SP HEIGHT="39" WIDTH="28" VPOS="1942" HPOS="623"/>
<String CONTENT="2c." HEIGHT="37" WIDTH="68" VPOS="1942" HPOS="652"/>
<SP HEIGHT="39" WIDTH="27" VPOS="1940" HPOS="721"/>
<String CONTENT="Jan." HEIGHT="39" WIDTH="108" VPOS="1940" HPOS="749"/>
<SP HEIGHT="37" WIDTH="28" VPOS="1940" HPOS="858"/>
<String CONTENT="22," HEIGHT="47" WIDTH="69" VPOS="1939" HPOS="887"/>
<SP HEIGHT="46" WIDTH="28" VPOS="1940" HPOS="957"/>
<String CONTENT="1932;" HEIGHT="46" WIDTH="140" VPOS="1938" HPOS="986"/>
<SP HEIGHT="35" WIDTH="29" VPOS="1949" HPOS="1127"/>
<String CONTENT="aff." HEIGHT="39" WIDTH="82" VPOS="1939" HPOS="1157"/>
<SP HEIGHT="39" WIDTH="29" VPOS="1939" HPOS="1240"/>
<String CONTENT="Dec." HEIGHT="39" WIDTH="109" VPOS="1939" HPOS="1270"/>
<SP HEIGHT="37" WIDTH="27" VPOS="1940" HPOS="1380"/>
<String CONTENT="28," HEIGHT="41" WIDTH="69" VPOS="1940" HPOS="1408"/>
<SP HEIGHT="41" WIDTH="29" VPOS="1940" HPOS="1478"/>
<String CONTENT="1931;" HEIGHT="46" WIDTH="139" VPOS="1939" HPOS="1508"/>
<SP HEIGHT="46" WIDTH="30" VPOS="1939" HPOS="1648"/>
<!-- cceid FEFC3A7F-6D7C-1014-B4A5-D7A31D17AB40 --><String CONTENT="A" HEIGHT="38" WIDTH="41" VPOS="1939" HPOS="1679"/>
<SP HEIGHT="39" WIDTH="25" VPOS="1939" HPOS="1721"/>
<String CONTENT="48056:" HEIGHT="39" WIDTH="170" VPOS="1940" HPOS="1747"/>
<SP HEIGHT="39" WIDTH="32" VPOS="1940" HPOS="1918"/>
<String CONTENT="E." HEIGHT="39" WIDTH="52" VPOS="1940" HPOS="1951"/>
<SP HEIGHT="38" WIDTH="30" VPOS="1941" HPOS="2004"/>
<String CONTENT="Ellsworth," HEIGHT="106" WIDTH="1907" VPOS="1939" HPOS="229"/>
<SP HEIGHT="46" WIDTH="30" VPOS="1999" HPOS="400"/>
<String CONTENT="New" HEIGHT="38" WIDTH="115" VPOS="1999" HPOS="431"/>
<SP HEIGHT="39" WIDTH="29" VPOS="1998" HPOS="547"/>
<String CONTENT="York." HEIGHT="38" WIDTH="143" VPOS="1998" HPOS="577"/>
<SP HEIGHT="42" WIDTH="70" VPOS="1998" HPOS="721"/>
<String CONTENT="(32-2229)" HEIGHT="47" WIDTH="250" VPOS="1995" HPOS="792"/>
</TextLine>
<TextLine HEIGHT="65" WIDTH="806" VPOS="2130" HPOS="154" STYLEREFS="StyleId-ABACE515-2CF0-4F90-9DE6-4622CEF71706-">
<String CONTENT="Thompson," HEIGHT="65" WIDTH="354" VPOS="2130" HPOS="154"/>
<SP HEIGHT="64" WIDTH="28" VPOS="2131" HPOS="509"/>
<String CONTENT="Sylvia," HEIGHT="64" WIDTH="219" VPOS="2130" HPOS="538"/>
<SP HEIGHT="57" WIDTH="31" VPOS="2137" HPOS="758"/>
<String CONTENT="1902-" HEIGHT="50" WIDTH="170" VPOS="2134" HPOS="790"/>
</TextLine>
<TextLine HEIGHT="69" WIDTH="1924" VPOS="2218" HPOS="229" CS="1">
<String CONTENT="Summers" HEIGHT="54" WIDTH="288" VPOS="2220" HPOS="229"/>
<SP HEIGHT="33" WIDTH="39" VPOS="2239" HPOS="518"/>
<String CONTENT="night," HEIGHT="69" WIDTH="186" VPOS="2218" HPOS="558"/>
<SP HEIGHT="66" WIDTH="41" VPOS="2220" HPOS="745"/>
<String CONTENT="by" HEIGHT="66" WIDTH="76" VPOS="2220" HPOS="787"/>
<SP HEIGHT="66" WIDTH="42" VPOS="2220" HPOS="864"/>
<String CONTENT="Sylvia" HEIGHT="68" WIDTH="199" VPOS="2218" HPOS="907"/>
<SP HEIGHT="49" WIDTH="42" VPOS="2222" HPOS="1107"/>
<String CONTENT="Thompson" HEIGHT="66" WIDTH="329" VPOS="2219" HPOS="1150"/>
<SP HEIGHT="34" WIDTH="48" VPOS="2237" HPOS="1480"/>
<String CS="1" CONTENT="&#8230;"/>
<SP HEIGHT="49" WIDTH="98" VPOS="2222" HPOS="1585"/>
<String CONTENT="Boston," HEIGHT="62" WIDTH="233" VPOS="2222" HPOS="1684"/>
<SP HEIGHT="64" WIDTH="42" VPOS="2220" HPOS="1918"/>
<String CONTENT="Little." HEIGHT="51" WIDTH="192" VPOS="2219" HPOS="1961"/>
</TextLine>
<TextLine HEIGHT="65" WIDTH="868" VPOS="2299" HPOS="158">
<String CONTENT="Brown," HEIGHT="64" WIDTH="228" VPOS="2300" HPOS="158"/>
<SP HEIGHT="48" WIDTH="26" VPOS="2316" HPOS="387"/>
<String CONTENT="and" HEIGHT="51" WIDTH="112" VPOS="2300" HPOS="414"/>
<SP HEIGHT="51" WIDTH="24" VPOS="2300" HPOS="527"/>
<String CONTENT="company," HEIGHT="50" WIDTH="298" VPOS="2314" HPOS="552"/>
<SP HEIGHT="61" WIDTH="25" VPOS="2302" HPOS="851"/>
<String CONTENT="1932." HEIGHT="50" WIDTH="149" VPOS="2299" HPOS="877"/>
</TextLine>
<TextLine HEIGHT="51" WIDTH="636" VPOS="2369" HPOS="227" STYLEREFS="StyleId-5E4E0D72-3959-440A-8F6B-E9C3D2D923D6-" CS="1">
<String CONTENT="4" HEIGHT="38" WIDTH="29" VPOS="2373" HPOS="227"/>
<SP HEIGHT="47" WIDTH="26" VPOS="2373" HPOS="257"/>
<String CONTENT="p." HEIGHT="38" WIDTH="43" VPOS="2382" HPOS="284"/>
<SP/>
<String CS="1" CONTENT="l.,"/>
<SP HEIGHT="30" WIDTH="32" VPOS="2390" HPOS="404"/>
<String CONTENT="[3]-335" HEIGHT="50" WIDTH="175" VPOS="2370" HPOS="437"/>
<SP HEIGHT="48" WIDTH="30" VPOS="2370" HPOS="613"/>
<String CONTENT="p." HEIGHT="38" WIDTH="43" VPOS="2380" HPOS="644"/>
<SP HEIGHT="40" WIDTH="57" VPOS="2370" HPOS="688"/>
<String CS="1" CONTENT="20&#7580;&#7504;." HEIGHT="41" WIDTH="117" VPOS="2369" HPOS="746"/>
</TextLine>
<TextLine HEIGHT="108" WIDTH="1976" VPOS="2439" HPOS="164" STYLEREFS="StyleId-2AD5C376-F3BA-47A3-BE16-D61E17F27F28-" CS="1">
<String CONTENT="&#169;" HEIGHT="51" WIDTH="51" VPOS="2440" HPOS="164"/>
<SP HEIGHT="51" WIDTH="33" VPOS="2440" HPOS="216"/>
<String CONTENT="Feb." HEIGHT="40" WIDTH="110" VPOS="2443" HPOS="250"/>
<SP HEIGHT="40" WIDTH="28" VPOS="2443" HPOS="361"/>
<String CONTENT="2." HEIGHT="42" WIDTH="39" VPOS="2443" HPOS="390"/>
<SP/>
<String CS="1" CONTENT="1932;" HEIGHT="40" WIDTH="112" VPOS="2442" HPOS="462"/>
<SP HEIGHT="41" WIDTH="32" VPOS="2441" HPOS="602"/>
<String CONTENT="2c." HEIGHT="40" WIDTH="67" VPOS="2441" HPOS="635"/>
<SP HEIGHT="29" WIDTH="32" VPOS="2452" HPOS="703"/>
<String CONTENT="and" HEIGHT="38" WIDTH="94" VPOS="2444" HPOS="736"/>
<SP/>
<String CS="1" CONTENT="aff."/>
<SP HEIGHT="41" WIDTH="31" VPOS="2441" HPOS="945"/>
<String CONTENT="Feb." HEIGHT="39" WIDTH="110" VPOS="2441" HPOS="977"/>
<SP HEIGHT="40" WIDTH="32" VPOS="2440" HPOS="1088"/>
<String CONTENT="9;" HEIGHT="47" WIDTH="52" VPOS="2440" HPOS="1121"/>
<SP HEIGHT="46" WIDTH="34" VPOS="2441" HPOS="1174"/>
<!-- cceid FEFCF666-6D7C-1014-B4A5-D7A31D17AB40 --><String CONTENT="A" HEIGHT="38" WIDTH="39" VPOS="2441" HPOS="1209"/>
<SP HEIGHT="38" WIDTH="29" VPOS="2441" HPOS="1249"/>
<String CONTENT="48396;" HEIGHT="45" WIDTH="171" VPOS="2441" HPOS="1279"/>
<SP HEIGHT="45" WIDTH="35" VPOS="2441" HPOS="1451"/>
<String CONTENT="Little," HEIGHT="48" WIDTH="161" VPOS="2439" HPOS="1487"/>
<SP HEIGHT="46" WIDTH="34" VPOS="2441" HPOS="1649"/>
<String CONTENT="Brown," HEIGHT="46" WIDTH="190" VPOS="2441" HPOS="1684"/>
<SP HEIGHT="35" WIDTH="33" VPOS="2452" HPOS="1875"/>
<String CONTENT="and" HEIGHT="38" WIDTH="94" VPOS="2441" HPOS="1909"/>
<SP HEIGHT="38" WIDTH="33" VPOS="2441" HPOS="2004"/>
<String CONTENT="company." HEIGHT="96" WIDTH="1908" VPOS="2451" HPOS="232"/>
<SP HEIGHT="47" WIDTH="69" VPOS="2499" HPOS="374"/>
<String CONTENT="(31-28627)" HEIGHT="49" WIDTH="280" VPOS="2498" HPOS="444"/>
</TextLine>
<TextLine HEIGHT="65" WIDTH="894" VPOS="2631" HPOS="161" STYLEREFS="StyleId-ABACE515-2CF0-4F90-9DE6-4622CEF71706-">
<String CONTENT="Thorndike," HEIGHT="65" WIDTH="353" VPOS="2631" HPOS="161"/>
<SP HEIGHT="64" WIDTH="29" VPOS="2632" HPOS="515"/>
<String CONTENT="Arthur" HEIGHT="52" WIDTH="231" VPOS="2632" HPOS="545"/>
<SP HEIGHT="51" WIDTH="27" VPOS="2632" HPOS="777"/>
<String CONTENT="Russell." HEIGHT="54" WIDTH="250" VPOS="2631" HPOS="805"/>
</TextLine>
<TextLine HEIGHT="68" WIDTH="1923" VPOS="2721" HPOS="233">
<String CONTENT="The" HEIGHT="51" WIDTH="119" VPOS="2721" HPOS="233"/>
<SP HEIGHT="35" WIDTH="65" VPOS="2738" HPOS="353"/>
<String CONTENT="water" HEIGHT="47" WIDTH="174" VPOS="2727" HPOS="419"/>
<SP HEIGHT="33" WIDTH="61" VPOS="2740" HPOS="594"/>
<String CONTENT="witch," HEIGHT="66" WIDTH="188" VPOS="2721" HPOS="656"/>
<SP HEIGHT="65" WIDTH="62" VPOS="2722" HPOS="845"/>
<String CONTENT="by" HEIGHT="67" WIDTH="75" VPOS="2722" HPOS="908"/>
<SP HEIGHT="66" WIDTH="64" VPOS="2723" HPOS="984"/>
<String CONTENT="Russell" HEIGHT="51" WIDTH="223" VPOS="2723" HPOS="1049"/>
<SP HEIGHT="50" WIDTH="64" VPOS="2722" HPOS="1273"/>
<String CONTENT="Thorndike." HEIGHT="52" WIDTH="347" VPOS="2722" HPOS="1338"/>
<SP HEIGHT="33" WIDTH="80" VPOS="2756" HPOS="1686"/>
<String CONTENT="[Instalments" HEIGHT="66" WIDTH="389" VPOS="2723" HPOS="1767"/>
</TextLine>
<TextLine HEIGHT="63" WIDTH="186" VPOS="2803" HPOS="166">
<String CONTENT="16-21]" HEIGHT="63" WIDTH="186" VPOS="2803" HPOS="166"/>
</TextLine>
<TextLine HEIGHT="52" WIDTH="1158" VPOS="2870" HPOS="269" STYLEREFS="StyleId-8615000B-C045-4430-ADC5-CFB7610604D1-" CS="1">
<String CS="1" CONTENT="(In" HEIGHT="37" WIDTH="57" VPOS="2875" HPOS="269"/>
<SP HEIGHT="41" WIDTH="27" VPOS="2871" HPOS="327"/>
<String CONTENT="London" HEIGHT="43" WIDTH="200" VPOS="2870" HPOS="355"/>
<SP HEIGHT="42" WIDTH="28" VPOS="2870" HPOS="556"/>
<String CONTENT="Daily" HEIGHT="46" WIDTH="146" VPOS="2870" HPOS="585"/>
<SP HEIGHT="31" WIDTH="31" VPOS="2885" HPOS="732"/>
<String CONTENT="mail," HEIGHT="49" WIDTH="132" VPOS="2871" HPOS="764"/>
<SP HEIGHT="49" WIDTH="29" VPOS="2871" HPOS="897"/>
<String CONTENT="Nov." HEIGHT="42" WIDTH="125" VPOS="2871" HPOS="927"/>
<SP HEIGHT="40" WIDTH="30" VPOS="2873" HPOS="1053"/>
<String CONTENT="23-28," HEIGHT="50" WIDTH="165" VPOS="2872" HPOS="1084"/>
<SP HEIGHT="50" WIDTH="32" VPOS="2872" HPOS="1250"/>
<String CONTENT="1931)" HEIGHT="49" WIDTH="144" VPOS="2872" HPOS="1283"/>
</TextLine>
<TextLine HEIGHT="55" WIDTH="1992" VPOS="2939" HPOS="168" STYLEREFS="StyleId-2AD5C376-F3BA-47A3-BE16-D61E17F27F28-" CS="1">
<String CONTENT="&#169;" HEIGHT="52" WIDTH="51" VPOS="2939" HPOS="168"/>
<SP/>
<String CS="1" CONTENT="1c."/>
<SP HEIGHT="29" WIDTH="21" VPOS="2955" HPOS="311"/>
<String CONTENT="each" HEIGHT="39" WIDTH="117" VPOS="2944" HPOS="333"/>
<SP HEIGHT="39" WIDTH="21" VPOS="2944" HPOS="451"/>
<String CONTENT="Jan." HEIGHT="40" WIDTH="109" VPOS="2945" HPOS="473"/>
<SP HEIGHT="41" WIDTH="22" VPOS="2944" HPOS="583"/>
<String CONTENT="21," HEIGHT="47" WIDTH="69" VPOS="2944" HPOS="606"/>
<SP HEIGHT="46" WIDTH="24" VPOS="2945" HPOS="676"/>
<String CS="1" CONTENT="1932;" HEIGHT="40" WIDTH="111" VPOS="2944" HPOS="701"/>
<SP HEIGHT="45" WIDTH="25" VPOS="2945" HPOS="841"/>
<!-- cceid FEFDBFB9-6D7C-1014-B4A5-D7A31D17AB40 --><String CONTENT="A" HEIGHT="38" WIDTH="41" VPOS="2945" HPOS="867"/>
<SP HEIGHT="39" WIDTH="22" VPOS="2945" HPOS="909"/>
<String CONTENT="ad" HEIGHT="38" WIDTH="60" VPOS="2946" HPOS="932"/>
<SP HEIGHT="39" WIDTH="22" VPOS="2945" HPOS="993"/>
<String CONTENT="int." HEIGHT="40" WIDTH="86" VPOS="2945" HPOS="1016"/>
<SP HEIGHT="41" WIDTH="23" VPOS="2944" HPOS="1103"/>
<String CONTENT="16006;" HEIGHT="47" WIDTH="170" VPOS="2944" HPOS="1127"/>
<SP HEIGHT="38" WIDTH="26" VPOS="2955" HPOS="1298"/>
<String CONTENT="pubd." HEIGHT="47" WIDTH="143" VPOS="2946" HPOS="1325"/>
<SP HEIGHT="40" WIDTH="23" VPOS="2946" HPOS="1469"/>
<String CONTENT="Nov." HEIGHT="39" WIDTH="117" VPOS="2946" HPOS="1493"/>
<SP HEIGHT="39" WIDTH="24" VPOS="2946" HPOS="1611"/>
<String CONTENT="23," HEIGHT="47" WIDTH="68" VPOS="2946" HPOS="1636"/>
<SP HEIGHT="47" WIDTH="24" VPOS="2946" HPOS="1705"/>
<String CONTENT="24," HEIGHT="46" WIDTH="70" VPOS="2946" HPOS="1730"/>
<SP HEIGHT="45" WIDTH="24" VPOS="2947" HPOS="1801"/>
<String CONTENT="25," HEIGHT="48" WIDTH="69" VPOS="2946" HPOS="1826"/>
<SP HEIGHT="48" WIDTH="18" VPOS="2946" HPOS="1896"/>
<String CONTENT="26," HEIGHT="47" WIDTH="69" VPOS="2946" HPOS="1915"/>
<SP HEIGHT="48" WIDTH="16" VPOS="2945" HPOS="1985"/>
<String CONTENT="27," HEIGHT="48" WIDTH="69" VPOS="2945" HPOS="2002"/>
<SP HEIGHT="46" WIDTH="18" VPOS="2947" HPOS="2072"/>
<String CONTENT="28," HEIGHT="48" WIDTH="69" VPOS="2946" HPOS="2091"/>
</TextLine>
<TextLine HEIGHT="48" WIDTH="930" VPOS="3000" HPOS="238" STYLEREFS="StyleId-2AD5C376-F3BA-47A3-BE16-D61E17F27F28-">
<String CONTENT="1931;" HEIGHT="47" WIDTH="139" VPOS="3000" HPOS="238"/>
<SP HEIGHT="45" WIDTH="32" VPOS="3002" HPOS="378"/>
<String CONTENT="Russell" HEIGHT="38" WIDTH="192" VPOS="3002" HPOS="411"/>
<SP HEIGHT="37" WIDTH="29" VPOS="3002" HPOS="604"/>
<String CONTENT="Thorndike," HEIGHT="47" WIDTH="290" VPOS="3001" HPOS="634"/>
<SP HEIGHT="45" WIDTH="30" VPOS="3003" HPOS="925"/>
<String CONTENT="London." HEIGHT="40" WIDTH="212" VPOS="3002" HPOS="956"/>
</TextLine>
<TextLine HEIGHT="68" WIDTH="1139" VPOS="3116" HPOS="165" STYLEREFS="StyleId-ABACE515-2CF0-4F90-9DE6-4622CEF71706-">
<String CONTENT="Untermeyer," HEIGHT="68" WIDTH="412" VPOS="3116" HPOS="165"/>
<SP HEIGHT="64" WIDTH="29" VPOS="3120" HPOS="578"/>
<String CONTENT="Louis," HEIGHT="64" WIDTH="197" VPOS="3120" HPOS="608"/>
<SP HEIGHT="60" WIDTH="32" VPOS="3124" HPOS="806"/>
<String CONTENT="1885-" HEIGHT="49" WIDTH="170" VPOS="3124" HPOS="839"/>
<SP HEIGHT="36" WIDTH="210" VPOS="3137" HPOS="1010"/>
<String CONTENT="ed." HEIGHT="54" WIDTH="83" VPOS="3122" HPOS="1221"/>
</TextLine>
<TextLine HEIGHT="71" WIDTH="1928" VPOS="3199" HPOS="231">
<String CONTENT="The" HEIGHT="54" WIDTH="120" VPOS="3199" HPOS="231"/>
<SP HEIGHT="54" WIDTH="24" VPOS="3199" HPOS="352"/>
<String CONTENT="book" HEIGHT="52" WIDTH="144" VPOS="3199" HPOS="377"/>
<SP HEIGHT="53" WIDTH="23" VPOS="3199" HPOS="522"/>
<String CONTENT="of" HEIGHT="52" WIDTH="62" VPOS="3200" HPOS="546"/>
<SP HEIGHT="52" WIDTH="23" VPOS="3200" HPOS="609"/>
<String CONTENT="living" HEIGHT="69" WIDTH="183" VPOS="3199" HPOS="633"/>
<SP HEIGHT="50" WIDTH="23" VPOS="3218" HPOS="817"/>
<String CONTENT="verse," HEIGHT="49" WIDTH="173" VPOS="3219" HPOS="841"/>
<SP HEIGHT="67" WIDTH="23" VPOS="3201" HPOS="1015"/>
<String CONTENT="English" HEIGHT="69" WIDTH="246" VPOS="3200" HPOS="1039"/>
<SP HEIGHT="54" WIDTH="24" VPOS="3201" HPOS="1286"/>
<String CONTENT="and" HEIGHT="54" WIDTH="113" VPOS="3201" HPOS="1311"/>
<SP HEIGHT="52" WIDTH="26" VPOS="3201" HPOS="1425"/>
<String CONTENT="American" HEIGHT="55" WIDTH="305" VPOS="3200" HPOS="1452"/>
<SP HEIGHT="50" WIDTH="24" VPOS="3219" HPOS="1758"/>
<String CONTENT="poetry" HEIGHT="64" WIDTH="199" VPOS="3206" HPOS="1783"/>
<SP HEIGHT="69" WIDTH="26" VPOS="3201" HPOS="1983"/>
<String CONTENT="from" HEIGHT="52" WIDTH="149" VPOS="3201" HPOS="2010"/>
</TextLine>
<TextLine HEIGHT="74" WIDTH="1996" VPOS="3276" HPOS="165">
<String CONTENT="the" HEIGHT="52" WIDTH="94" VPOS="3276" HPOS="165"/>
<SP HEIGHT="48" WIDTH="42" VPOS="3283" HPOS="260"/>
<String CONTENT="thirteenth" HEIGHT="54" WIDTH="313" VPOS="3277" HPOS="303"/>
<SP HEIGHT="51" WIDTH="47" VPOS="3278" HPOS="617"/>
<String CONTENT="century" HEIGHT="63" WIDTH="234" VPOS="3284" HPOS="665"/>
<SP HEIGHT="63" WIDTH="43" VPOS="3284" HPOS="900"/>
<String CONTENT="to" HEIGHT="47" WIDTH="58" VPOS="3284" HPOS="944"/>
<SP HEIGHT="48" WIDTH="43" VPOS="3283" HPOS="1003"/>
<String CONTENT="the" HEIGHT="53" WIDTH="94" VPOS="3279" HPOS="1047"/>
<SP HEIGHT="50" WIDTH="45" VPOS="3296" HPOS="1142"/>
<String CONTENT="present" HEIGHT="60" WIDTH="227" VPOS="3286" HPOS="1188"/>
<SP HEIGHT="54" WIDTH="42" VPOS="3279" HPOS="1416"/>
<String CONTENT="day," HEIGHT="71" WIDTH="130" VPOS="3279" HPOS="1459"/>
<SP HEIGHT="51" WIDTH="42" VPOS="3297" HPOS="1590"/>
<String CONTENT="edited" HEIGHT="56" WIDTH="188" VPOS="3278" HPOS="1633"/>
<SP HEIGHT="55" WIDTH="44" VPOS="3279" HPOS="1822"/>
<String CONTENT="by" HEIGHT="71" WIDTH="73" VPOS="3279" HPOS="1867"/>
<SP HEIGHT="71" WIDTH="45" VPOS="3279" HPOS="1941"/>
<String CONTENT="Louis" HEIGHT="53" WIDTH="174" VPOS="3279" HPOS="1987"/>
</TextLine>
<TextLine HEIGHT="73" WIDTH="1993" VPOS="3354" HPOS="164" CS="1">
<String CONTENT="Untermeyer." HEIGHT="67" WIDTH="388" VPOS="3354" HPOS="164"/>
<SP HEIGHT="51" WIDTH="60" VPOS="3355" HPOS="553"/>
<String CONTENT="New" HEIGHT="51" WIDTH="137" VPOS="3355" HPOS="614"/>
<SP HEIGHT="51" WIDTH="26" VPOS="3355" HPOS="752"/>
<String CONTENT="York," HEIGHT="71" WIDTH="178" VPOS="3354" HPOS="779"/>
<SP HEIGHT="69" WIDTH="22" VPOS="3356" HPOS="958"/>
<String CONTENT="Harcourt," HEIGHT="68" WIDTH="308" VPOS="3356" HPOS="981"/>
<SP HEIGHT="68" WIDTH="21" VPOS="3356" HPOS="1290"/>
<String CONTENT="Brace" HEIGHT="53" WIDTH="181" VPOS="3356" HPOS="1312"/>
<SP HEIGHT="35" WIDTH="22" VPOS="3375" HPOS="1494"/>
<String CONTENT="and" HEIGHT="54" WIDTH="112" VPOS="3356" HPOS="1517"/>
<SP HEIGHT="53" WIDTH="25" VPOS="3356" HPOS="1630"/>
<String CONTENT="company" HEIGHT="53" WIDTH="277" VPOS="3374" HPOS="1656"/>
<SP HEIGHT="51" WIDTH="28" VPOS="3376" HPOS="1934"/>
<String STYLE="subscript" CONTENT="[" HEIGHT="35" WIDTH="14" VPOS="3390" HPOS="1963"/>
<String STYLE="superscript" CS="1" CONTENT="&#7580;1"/>
<String CONTENT="932" HEIGHT="50" WIDTH="101" VPOS="3358" HPOS="2037"/>
<String STYLE="subscript" CONTENT="]" HEIGHT="34" WIDTH="14" VPOS="3389" HPOS="2143"/>
</TextLine>
<TextLine HEIGHT="49" WIDTH="399" VPOS="3433" HPOS="340" CS="1">
<String CS="1" CONTENT="xxx," HEIGHT="16" WIDTH="8" VPOS="3464" HPOS="340"/>
<SP HEIGHT="47" WIDTH="27" VPOS="3433" HPOS="349"/>
<String CONTENT="647" HEIGHT="41" WIDTH="85" VPOS="3433" HPOS="377"/>
<SP HEIGHT="48" WIDTH="25" VPOS="3434" HPOS="463"/>
<String CONTENT="p." HEIGHT="38" WIDTH="43" VPOS="3444" HPOS="489"/>
<SP HEIGHT="39" WIDTH="59" VPOS="3435" HPOS="533"/>
<String CS="1" CONTENT="18&#189;&#7580;&#7504;." HEIGHT="41" WIDTH="146" VPOS="3434" HPOS="593"/>
</TextLine>
<TextLine HEIGHT="41" WIDTH="420" VPOS="3503" HPOS="237" STYLEREFS="StyleId-5E4E0D72-3959-440A-8F6B-E9C3D2D923D6-">
<String CONTENT="&#8220;First" HEIGHT="41" WIDTH="162" VPOS="3503" HPOS="237"/>
<SP HEIGHT="38" WIDTH="29" VPOS="3505" HPOS="400"/>
<String CONTENT="edition.&#8221;" HEIGHT="40" WIDTH="227" VPOS="3504" HPOS="430"/>
</TextLine>
<TextLine HEIGHT="56" WIDTH="1990" VPOS="3572" HPOS="175" STYLEREFS="StyleId-2AD5C376-F3BA-47A3-BE16-D61E17F27F28-" CS="1">
<String CONTENT="&#169;" HEIGHT="51" WIDTH="51" VPOS="3572" HPOS="175"/>
<SP HEIGHT="51" WIDTH="30" VPOS="3572" HPOS="227"/>
<String CONTENT="Jan." HEIGHT="39" WIDTH="107" VPOS="3577" HPOS="258"/>
<SP HEIGHT="37" WIDTH="31" VPOS="3579" HPOS="366"/>
<String CS="1" CONTENT="16," HEIGHT="39" WIDTH="54" VPOS="3578" HPOS="398"/>
<SP HEIGHT="39" WIDTH="31" VPOS="3579" HPOS="466"/>
<String CS="1" CONTENT="1932;" HEIGHT="41" WIDTH="112" VPOS="3577" HPOS="498"/>
<SP HEIGHT="38" WIDTH="33" VPOS="3579" HPOS="636"/>
<String CONTENT="2c." HEIGHT="39" WIDTH="66" VPOS="3579" HPOS="670"/>
<SP HEIGHT="28" WIDTH="30" VPOS="3590" HPOS="737"/>
<String CONTENT="and" HEIGHT="38" WIDTH="94" VPOS="3580" HPOS="768"/>
<SP/>
<String CS="1" CONTENT="aff."/>
<SP HEIGHT="38" WIDTH="31" VPOS="3581" HPOS="974"/>
<String CONTENT="Jan." HEIGHT="38" WIDTH="110" VPOS="3581" HPOS="1006"/>
<SP HEIGHT="37" WIDTH="29" VPOS="3582" HPOS="1117"/>
<String CONTENT="23;" HEIGHT="44" WIDTH="82" VPOS="3581" HPOS="1147"/>
<SP HEIGHT="44" WIDTH="32" VPOS="3581" HPOS="1230"/>
<!-- cceid FEFE7A2F-6D7C-1014-B4A5-D7A31D17AB40 --><String CONTENT="A" HEIGHT="38" WIDTH="39" VPOS="3581" HPOS="1263"/>
<SP HEIGHT="38" WIDTH="27" VPOS="3581" HPOS="1303"/>
<String CS="1" CONTENT="48049;" HEIGHT="39" WIDTH="145" VPOS="3581" HPOS="1331"/>
<SP HEIGHT="39" WIDTH="34" VPOS="3583" HPOS="1503"/>
<String CONTENT="Harcourt." HEIGHT="40" WIDTH="260" VPOS="3583" HPOS="1538"/>
<SP HEIGHT="40" WIDTH="32" VPOS="3583" HPOS="1799"/>
<String CONTENT="Brace" HEIGHT="40" WIDTH="154" VPOS="3583" HPOS="1832"/>
<SP HEIGHT="39" WIDTH="29" VPOS="3588" HPOS="1987"/>
<String CONTENT="&amp;" HEIGHT="39" WIDTH="36" VPOS="3588" HPOS="2017"/>
<SP HEIGHT="39" WIDTH="28" VPOS="3588" HPOS="2054"/>
<String CONTENT="co.," HEIGHT="36" WIDTH="82" VPOS="3592" HPOS="2083"/>
</TextLine>
<TextLine HEIGHT="50" WIDTH="410" VPOS="3633" HPOS="243" STYLEREFS="StyleId-2AD5C376-F3BA-47A3-BE16-D61E17F27F28-">
<String CONTENT="inc." HEIGHT="40" WIDTH="88" VPOS="3633" HPOS="243"/>
<SP HEIGHT="47" WIDTH="70" VPOS="3635" HPOS="332"/>
<String CONTENT="(32-2369)" HEIGHT="49" WIDTH="250" VPOS="3634" HPOS="403"/>
</TextLine>
<TextLine HEIGHT="68" WIDTH="871" VPOS="3738" HPOS="171" STYLEREFS="StyleId-ABACE515-2CF0-4F90-9DE6-4622CEF71706-">
<String CONTENT="Vaughan," HEIGHT="66" WIDTH="309" VPOS="3738" HPOS="171"/>
<SP HEIGHT="62" WIDTH="27" VPOS="3742" HPOS="481"/>
<String CONTENT="Watkins" HEIGHT="55" WIDTH="276" VPOS="3740" HPOS="509"/>
<SP HEIGHT="52" WIDTH="23" VPOS="3743" HPOS="786"/>
<String CONTENT="Mabry." HEIGHT="64" WIDTH="232" VPOS="3742" HPOS="810"/>
</TextLine>
<TextLine HEIGHT="75" WIDTH="1928" VPOS="3830" HPOS="240">
<String CONTENT="Vaughan&#8217;s" HEIGHT="69" WIDTH="332" VPOS="3830" HPOS="240"/>
<SP HEIGHT="69" WIDTH="30" VPOS="3831" HPOS="573"/>
<String CONTENT="(complete)" HEIGHT="70" WIDTH="329" VPOS="3831" HPOS="604"/>
<SP HEIGHT="68" WIDTH="30" VPOS="3833" HPOS="934"/>
<String CONTENT="Alabama" HEIGHT="54" WIDTH="283" VPOS="3833" HPOS="965"/>
<SP HEIGHT="52" WIDTH="32" VPOS="3835" HPOS="1249"/>
<String CONTENT="form" HEIGHT="53" WIDTH="151" VPOS="3835" HPOS="1282"/>
<SP HEIGHT="52" WIDTH="31" VPOS="3836" HPOS="1434"/>
<String CONTENT="book;" HEIGHT="65" WIDTH="174" VPOS="3836" HPOS="1466"/>
<SP HEIGHT="63" WIDTH="35" VPOS="3838" HPOS="1641"/>
<String CONTENT="legal" HEIGHT="67" WIDTH="149" VPOS="3838" HPOS="1677"/>
<SP HEIGHT="52" WIDTH="34" VPOS="3836" HPOS="1827"/>
<String CONTENT="forms" HEIGHT="52" WIDTH="179" VPOS="3836" HPOS="1862"/>
<SP HEIGHT="54" WIDTH="33" VPOS="3834" HPOS="2042"/>
<String CONTENT="for" HEIGHT="52" WIDTH="92" VPOS="3834" HPOS="2076"/>
</TextLine>
<TextLine HEIGHT="73" WIDTH="1990" VPOS="3909" HPOS="174">
<String CONTENT="use" HEIGHT="35" WIDTH="94" VPOS="3924" HPOS="174"/>
<SP HEIGHT="33" WIDTH="28" VPOS="3926" HPOS="269"/>
<String CONTENT="especially" HEIGHT="69" WIDTH="303" VPOS="3909" HPOS="298"/>
<SP HEIGHT="68" WIDTH="28" VPOS="3910" HPOS="602"/>
<String CONTENT="in" HEIGHT="52" WIDTH="60" VPOS="3910" HPOS="631"/>
<SP HEIGHT="47" WIDTH="28" VPOS="3915" HPOS="692"/>
<String CONTENT="the" HEIGHT="52" WIDTH="97" VPOS="3911" HPOS="721"/>
<SP HEIGHT="34" WIDTH="27" VPOS="3930" HPOS="819"/>
<String CONTENT="state" HEIGHT="48" WIDTH="145" VPOS="3917" HPOS="847"/>
<SP HEIGHT="34" WIDTH="29" VPOS="3931" HPOS="993"/>
<String CONTENT="of" HEIGHT="52" WIDTH="64" VPOS="3912" HPOS="1023"/>
<SP HEIGHT="52" WIDTH="28" VPOS="3912" HPOS="1088"/>
<String CONTENT="Alabama." HEIGHT="54" WIDTH="299" VPOS="3912" HPOS="1117"/>
<SP HEIGHT="53" WIDTH="74" VPOS="3914" HPOS="1417"/>
<String CONTENT="Useful" HEIGHT="54" WIDTH="209" VPOS="3913" HPOS="1492"/>
<SP HEIGHT="51" WIDTH="30" VPOS="3915" HPOS="1702"/>
<String CONTENT="to" HEIGHT="46" WIDTH="58" VPOS="3920" HPOS="1733"/>
<SP HEIGHT="69" WIDTH="28" VPOS="3913" HPOS="1792"/>
<String CONTENT="judges" HEIGHT="69" WIDTH="202" VPOS="3913" HPOS="1821"/>
<SP HEIGHT="33" WIDTH="32" VPOS="3932" HPOS="2024"/>
<String CONTENT="and" HEIGHT="53" WIDTH="107" VPOS="3912" HPOS="2057"/>
</TextLine>
</TextBlock>
</PrintSpace>
</Page>
</Layout>
</alto>