2563 4368
1295 4080 132 53 1790

434 539 1343 51 6 p. l., 79 p. front., plates, ports., facsims. 20 ᶜᵐ .
435 598 101 41 The
571 600 202 38 account
808 607 102 30 was
945 597 146 40 taken
1126 599 126 38 from
1288 598 81 40 the
1404 595 206 42 Journal
1644 598 53 39 of
1730 597 128 47 1748,
1896 598 257 47 preserved
2190 598 50 39 in
2278 598 80 41 the

366 653 250 41 collection
646 653 52 41 of
726 653 320 48 Washington
1078 663 175 39 papers
1285 653 49 39 in
1365 654 81 40 the
1478 652 206 49 Library
1716 652 52 41 of
1797 651 251 50 Congress.

438 709 87 40 “In
557 709 424 40 commemoration
1017 709 52 40 of
1103 709 81 41 the
1218 710 97 39 two
1351 709 278 40 hundredth
1667 707 320 48 anniversary
2023 708 52 40 of
2109 709 82 39 the
2227 708 133 40 birth

367 764 53 41 of
446 764 182 48 George
656 764 336 51 Washington,
1021 763 303 42 1732-1932.”

371 818 52 53 ©
459 824 116 39 Nov.
613 824 68 47 17,
717 822 141 48 1932;
895 822 67 41 2c.
998 824 94 39 and
1131 822 81 42 aff.
1248 823 117 39 Nov.
1402 822 82 47 25;
1523 823 41 38 A
1599 821 170 49 58091;
1810 823 53 40 A.
1901 822 50 41 C.
1989 823 175 46 Myers,
437 821 1903 107 Philadelphia.

716 879 278 49 (32-33668)

441 982 603 69 [Ø berg, Edith] 1895-
496 1058 1863 71 … Imorgen er idag ig å r. Oslo, H. Aschehoug & co., 1932.
435 1133 88 41 160
546 1145 43 37 p.
649 1133 147 40 20½ᶜᵐ.

435 1189 230 40 Author’s
691 1189 178 48 pseud.,
897 1189 124 48 Lita,
1048 1192 52 38 at
1125 1190 122 39 head
1274 1189 51 40 of
1350 1188 122 41 title.

370 1241 1989 54 © Oct. 21, 1932; 1c. Nov. 14; A—Foreign 18596; H. Aschehoug & co.
447 1302 279 49 (32-35046)

366 1392 232 66 Phelps,
631 1392 183 55 Edith
844 1394 159 65 May,
1035 1394 85 53 ed.

366 1469 1968 146 … Debate index; also bibliographies on interscholastic athletics,
590 1550 355 65 compulsory
994 1545 339 55 arbitration
1380 1547 63 52 of
1489 1545 304 54 industrial
1842 1546 270 69 disputes,
2159 1568 32 33 a
2238 1564 119 35 new

367 1622 198 55 liberal
607 1630 188 62 party,
835 1629 365 63 government
1241 1622 319 71 ownership
1602 1623 64 53 of
1704 1622 413 71 hydroelectric
2155 1642 206 51 power,

366 1700 188 54 edited
594 1700 72 69 by
705 1700 181 55 Edith
926 1700 78 53 M.
1045 1701 225 68 Phelps.
1346 1700 136 55 New
1525 1700 177 68 York,
1740 1701 121 54 The
1896 1701 79 58 H.
2011 1701 89 53 W.
2139 1700 220 55 Wilson

364 1797 296 51 company,
691 1784 149 50 1932.

434 1849 1390 51 144 p. 20 ᶜᵐ . (The reference shelf, vol. VIII, no. 5)
437 1907 69 39 “A
536 1906 210 41 revision
776 1908 96 38 and
902 1908 330 47 enlargement
1261 1907 52 41 of
1342 1908 80 40 the
1452 1907 190 48 subject
1673 1908 145 40 index
1849 1912 50 37 to
1929 1909 172 39 debate
2132 1906 226 43 material

365 1962 1995 100 formerly included in the Debaters’ manual (6th ed., rev. … 1929)”—Introd.
436 2077 188 41 “Books
654 2078 95 39 and
779 2077 274 48 pamphlets
1085 2075 263 48 analyzed”:
1407 2086 43 38 p.
1483 2075 130 50 [7]-9.

371 2133 52 52 ©
454 2137 101 41 Oct.
586 2137 69 48 31,
686 2135 115 40 1932;
859 2135 66 41 2c.
957 2137 96 38 and
1084 2134 81 41 aff.
1197 2135 118 40 Nov.
1345 2137 54 45 4;
1433 2135 40 39 A
1505 2135 169 46 56887;
1709 2136 60 39 H.
1802 2136 70 39 W.
1905 2134 185 42 Wilson
2122 2146 67 30 co.

448 2193 277 48 (32-33820)

367 2282 202 53 Rhode
598 2282 216 53 Island.
888 2284 277 65 Supreme
1194 2288 175 47 court.

498 2358 1858 70 … Reports of cases argued and determined … Edward C.
369 2436 234 69 Stiness,
635 2442 271 64 reporter,
982 2454 49 36 v.
1066 2441 82 48 52.
1224 2437 367 67 Providence,
1623 2436 229 56 Oxford
1885 2455 173 50 press,
2089 2436 268 69 printers,

371 2518 148 55 1932.

433 2590 153 48 xxxii,
617 2590 83 40 552
731 2601 41 37 p.
830 2590 146 40 23½ᶜᵐ.

372 2642 52 53 ©
458 2647 116 40 Nov.
610 2646 70 48 30,
715 2645 140 48 1932;
893 2646 66 41 2c.
995 2646 109 40 Dec.
1141 2646 82 46 21;
1262 2645 82 41 aff.
1381 2646 110 40 Dec.
1526 2644 82 49 19;
1646 2647 41 38 A
1722 2645 169 46 58511;
1933 2645 138 40 State
2105 2645 51 40 of
2193 2645 166 39 Rhode

441 2705 167 39 Island
635 2704 95 38 and
756 2703 295 40 Providence
1078 2703 314 47 plantations,
1419 2702 307 46 Providence,
1755 2703 55 39 R.
1840 2703 36 38 I.

367 2792 302 65 Schuyler,
702 2791 218 55 Elmer.

436 2868 156 52 Drill
626 2868 270 53 exercises
929 2867 60 53 in
1023 2866 396 54 intermediate
1454 2866 248 70 algebra,
1737 2867 76 68 by
1850 2866 195 54 Elmer
2082 2866 276 70 Schuyler

429 2943 1928 71 … Rev. and enl. (1932) New York, Oxford book company
481 3026 83 64 [ ᶜ19 32]
437 3095 441 49 vii, 152 p. 19 ᶜᵐ .
374 3149 50 52 ©
455 3154 100 40 Oct.
584 3154 40 45 3,
653 3153 112 40 1932;
822 3154 66 40 2c.
919 3153 102 41 Oct.
1051 3155 53 39 17;
1163 3153 81 39 aff.
1274 3154 102 40 Oct.
1404 3153 56 41 29;
1518 3154 40 39 A
1585 3152 142 41 56482;
1788 3153 186 41 Oxford
2036 3155 89 37 book
2156 3163 82 37 co.,
2267 3153 90 41 inc.

450 3209 278 49 (32-33674)

369 3298 321 65 Schuylkill
723 3299 221 64 fishing
973 3315 304 48 company.

438 3378 56 51 A
523 3375 221 69 history
776 3376 62 53 of
868 3376 94 52 the
997 3375 321 70 Schuylkill
1349 3374 209 69 fishing
1589 3394 278 51 company
1899 3377 63 52 of
1993 3378 95 51 the
2117 3380 146 49 state
2293 3374 62 53 in

371 3452 1982 70 Schuylkill, 1888-1932. (v. 2) … Philadelphia, The Citizens
371 3531 63 53 of
461 3534 96 53 the
585 3537 144 49 state
757 3534 57 50 in
849 3531 338 69 Schuylkill,
1220 3535 149 51 1932.

442 3606 96 41 571.
571 3606 54 48 [1]
655 3616 42 37 p.
752 3606 163 45 front.,
945 3607 168 46 plates,
1142 3607 163 46 ports.,
1332 3604 215 42 facsims.
1602 3605 144 41 27½ᶜᵐ.

375 3657 50 52 ©
454 3662 111 40 Dec.
591 3662 55 38 22,
747 3662 55 40 1932;
859 3662 65 40 2c.
954 3663 96 39 and
1077 3661 82 40 aff.
1187 3661 112 41 Dec.
1327 3660 82 47 28;
1440 3661 40 39 A
1507 3662 169 45 57605;
1711 3660 267 48 Schuylkill
2006 3660 177 48 fishing
2211 3671 66 30 co.
2307 3660 49 40 in

443 3717 80 39 the
548 3720 175 44 county
749 3717 52 39 of
825 3716 353 48 Philadelphia,
1206 3716 288 47 Eddington,
1522 3718 81 39 Pa.

371 3807 187 53 South
587 3807 251 53 Dakota.
913 3810 275 64 Supreme
1219 3813 173 49 court.

441 3883 1909 69 Reports of cases decided … from the decisions of April 11,
375 3963 148 54 1930.
556 3966 57 47 to
649 3962 110 52 and
793 3960 297 70 including
1122 3960 275 55 decisions
1430 3962 62 53 of
1525 3965 261 65 January
1819 3965 82 65 30,
1938 3964 148 49 1931.
2161 3962 190 66 Notes,
