2563 4368
1325 4038 135 55 1972

406 430 265 55 Catholic
700 430 238 54 church.
1013 431 249 67 Liturgy
1290 432 114 52 and
1429 430 196 54 ritual.
1696 431 446 69 Redemptorist.

475 507 1931 71 Devotions in honor of the Infant Jesus … Brooklyn, N. Y.,
406 585 1057 69 The Redemptorist fathers [ ᶜ1 932]
476 673 707 48 86 p. mounted front. 14½ ᶜᵐ.
475 744 226 39 Includes
732 742 168 41 music.

478 799 227 40 Portions
749 798 52 41 of
843 799 80 40 the
968 800 105 38 text
1115 800 96 39 and
1256 798 80 40 the
1382 800 159 39 words
1585 798 53 41 of
1681 799 83 40 the
1806 799 173 48 hymns
2024 798 50 41 in
2118 798 146 42 Latin
2309 802 95 40 and

405 855 216 48 English.

411 921 52 52 ©
489 926 119 40 Nov.
636 926 38 47 7,
703 924 114 41 1932;
873 924 68 41 2c.
968 925 117 39 Nov.
1113 924 60 39 22;
1227 923 81 42 aff.
1338 923 118 43 Nov.
1483 924 56 40 21;
1597 924 45 40 A,
1666 923 142 42 57193;
1866 925 53 39 A.
1951 926 55 41 B.
2034 924 161 50 Kuhn,
478 925 1911 105 Brooklyn.

645 982 250 50 (33-4714)

408 1087 258 64 Charny,
700 1087 312 55 Gertrude.

477 1163 121 55 The
626 1166 161 65 royal
816 1164 140 51 road
983 1168 59 48 to
1071 1163 263 69 learning
1362 1164 95 52 for
1485 1164 135 52 each
1648 1163 113 53 and
1788 1166 96 66 all,
1912 1163 141 54 with
2084 1183 31 33 a
2141 1183 123 36 new
2291 1164 109 71 key

406 1246 59 48 to
499 1260 32 34 a
565 1241 187 53 richer
785 1241 124 68 life,
942 1243 75 66 by
1052 1242 285 55 Gertrude
1374 1242 250 69 Charny.
1699 1242 312 70 Including
2046 1262 72 34 an
2153 1243 248 70 original

406 1321 138 67 plan
581 1321 113 52 and
731 1320 279 68 practical
1044 1321 162 68 helps
1243 1321 95 53 for
1375 1320 357 68 cooperative
406 1322 1970 144 magazine-story-telling-and-exchange

1055 1399 722 68 … [Chicago, Ill.] ᶜ1 932.
479 1485 779 49 4 p. l., 228 p. incl. front. 22 ᶜᵐ.
479 1557 362 48 Lithographed
869 1556 130 40 from
1027 1554 313 50 typewritten
1369 1566 133 38 copy.

411 1626 52 52 ©
491 1629 111 39 Dec.
630 1628 69 48 23,
728 1627 113 40 1932;
897 1627 68 41 2c.
993 1628 95 38 and
1116 1626 81 40 aff.
1226 1626 112 41 Dec.
1366 1626 56 40 29;
1478 1628 41 38 A
1547 1627 146 41 58605;
1749 1629 53 41 G.
1833 1630 208 49 Charny,
2072 1630 223 48 Chicago.

407 1729 224 67 Cinelli,
663 1730 244 66 Delfino,
944 1735 169 50 1889-

535 1804 1864 72 … Raffiche sui grattacieli. Milano-Roma, Treves-Treccani-
405 1888 387 67 Tumminelli,
823 1891 150 50 1932.

476 1959 471 50 2 p. l. , 210 p. 22½ᶜᵐ.
478 2030 241 43 “Secondo
749 2029 260 49 migliaio.”

411 2096 1991 56 © Sept. 15, 1932; 1c. Nov. 23; A—Foreign 18868; D. Cinelli, Firenze,
478 2161 145 46 Italy.
694 2157 249 50 (33-4169)

407 2262 255 54 Crocker
691 2260 248 55 Francis
966 2261 215 64 Bacon,
1214 2265 325 50 1861-1921.

476 2338 240 69 Storage
747 2337 297 68 batteries;
1078 2357 31 33 a
1141 2335 276 70 practical
1449 2336 387 69 presentation
1870 2336 64 52 of
1963 2336 97 52 the
2089 2335 310 69 principles

405 2417 63 52 of
499 2417 204 67 action,
735 2416 402 68 construction,
1168 2417 113 52 and
1310 2414 392 55 maintenance
1732 2415 64 52 of
1826 2414 127 53 lead
1985 2415 114 52 and
2131 2415 267 53 non-lead

404 2494 267 54 batteries
730 2495 113 52 and
900 2493 149 54 their
1106 2492 288 69 principal
1451 2491 356 55 commercial
1865 2491 368 69 application.
2309 2493 90 67 By

405 2570 1993 67 Francis B. Crocker … and Morton Arendt … and Ray F. Kuns
466 2647 1431 71 … Chicago, American technical society, 1933.
474 2733 1099 50 3 p. l., 9-127, 3 p. illus., pl., diagrs. 21½ ᶜᵐ.
475 2805 191 39 Earlier
696 2804 184 40 edition
909 2805 62 47 by
1000 2806 194 39 Morton
1221 2805 200 39 Arendt.

410 2872 52 52 ©
487 2876 112 41 Dec.
624 2876 68 47 16,
718 2875 113 41 1932;
885 2876 68 40 2c.
979 2875 112 42 Dec.
1117 2875 55 40 19;
1226 2875 82 42 aff.
1336 2876 110 40 Feb.
1472 2874 39 49 9,
1539 2874 113 42 1933;
1709 2876 41 38 A
1775 2875 142 41 58523;
1973 2874 144 40 Amer.
2160 2873 238 43 technical

476 2942 92 30 soc.
639 2933 250 49 (33-1323)

406 3036 316 64 Curasson,
751 3035 278 64 Georges.

405 3110 1963 130 La peste bovine, par G. Curasson … Préface de m. le professeur
649 3190 77 52 H.
757 3190 212 54 Vallée.
1044 3191 185 66 Paris,
1258 3191 180 68 Vigot
1464 3191 198 68 frères,
1691 3193 148 51 1932.

472 3262 682 50 2 p. l., [7]-334 p., 1 l. 25½ ᶜᵐ.
475 3330 418 50 “Bibliographie”:
957 3343 44 38 p.
1053 3333 233 51 [288]-329.

478 3387 260 48 “Chapitre
766 3399 45 29 x.
870 3389 163 42 Police
1062 3389 263 41 sanitaire”
1369 3391 66 48 (p.
1484 3389 244 50 [270]-287)
1770 3389 220 42 contains
2021 3389 290 49 legislation.

407 3452 52 52 ©
490 3457 127 47 Sept.
645 3457 68 48 15,
740 3456 113 41 1932;
967 3489 8 8 1c.
1004 3460 117 40 Nov.
1148 3459 55 40 21;
1260 3461 102 38 A—
1364 3460 208 48 Foreign
1595 3459 143 41 18976;
1796 3459 145 48 Vigot
1966 3459 170 49 frères,
2166 3457 228 44 éditeurs.

486 3513 250 50 (33-3574)

403 3614 219 66 Curtis,
652 3616 300 54 Theodore
984 3618 270 56 Edward.

471 3690 1919 73 Mother, heart of gold, by Theodore E. Curtis … Salt Lake
399 3766 1482 76 City, Utah, Magazine printing co. press [ ᶜ1 932]
475 3848 56 40 78
557 3858 41 37 p.
657 3847 128 41 illus.
815 3848 132 48 (incl.
977 3851 174 48 ports.)
1218 3852 55 40 19ᶜᵐ.

406 3912 52 52 ©
491 3917 111 41 Dec.
635 3919 40 48 4,
711 3917 140 48 1932;
887 3920 67 39 2c.
989 3922 95 38 and
1118 3920 82 42 aff.
1235 3922 111 41 Dec.
1381 3921 82 48 19;
1499 3923 41 38 A
1574 3922 168 48 57533;
1780 3924 51 39 T.
1868 3924 52 39 E.
1957 3922 177 48 Curtis,
2171 3933 76 37 sr.,
2286 3922 104 41 Salt

472 3972 133 41 Lake
631 3974 121 48 City.
