2563 4368
1337 4154 132 49 1048

461 609 193 40 Fifteen
684 608 164 43 folded
878 609 158 47 plates
1066 607 51 40 in
1147 606 185 49 pocket.

463 666 195 41 “Erstes
687 665 74 40 bis
792 665 166 40 achtes
989 663 250 41 tausend.”

393 715 1987 55 © Jan. 1, 1931; 1c. July 21; A— Foreign 13023; Eugen Diederichs verlag.
471 778 278 48 (32-18122)

387 865 122 55 The
537 866 182 64 Wits;
753 885 81 48 or,
867 865 176 68 Sport
1071 883 157 50 upon
1255 869 180 65 sport,
1464 862 192 55 edited
1684 862 76 69 by
1789 862 159 57 John
1976 864 195 56 James
2200 861 176 55 Elson

516 939 1863 72 … Ithaca, N. Y., Cornell university press; London, H.
453 1020 267 69 Milford,
751 1020 230 55 Oxford
1011 1020 318 69 university
1361 1038 172 50 press,
1567 1022 151 50 1932.

457 1090 1927 53 xiii, 266 p., 2 l., 267-367 p., 1 l., 369-440 p. front. 22½ᶜᵐ. (Half-title:
387 1148 1123 51 Cornell studies in English … vol . XVIII)
457 1208 40 38 A
527 1206 252 42 collection
811 1207 52 41 of
891 1207 152 41 drolls
1073 1209 98 39 and
1202 1207 209 49 playlets
1443 1206 261 50 originally
1735 1205 256 50 published
2022 1205 50 39 in
2104 1207 95 38 two
2232 1207 150 47 parts,

387 1267 68 47 pt.
489 1266 26 39 1
549 1266 61 47 by
645 1265 168 48 Henry
847 1264 170 41 Marsh
1053 1265 50 39 in
1138 1263 113 41 1662
1297 1263 82 50 (2d
1413 1265 72 40 ed.
1521 1263 255 49 published
1809 1262 61 48 by
1905 1261 203 41 Francis
2143 1262 240 40 Kirkman

388 1323 50 39 in
464 1321 139 49 1672)
638 1323 97 39 and
761 1323 67 47 pt.
854 1322 27 39 2
908 1323 59 47 by
996 1322 204 40 Francis
1228 1321 241 39 Kirkman
1496 1320 51 39 in
1573 1318 127 42 1673.
1755 1319 148 48 Many
1929 1319 52 40 of
2007 1320 82 40 the
2115 1319 158 49 pieces
2300 1329 85 31 are

389 1378 147 41 taken
567 1378 128 41 from
727 1379 110 40 well
866 1378 175 40 knowm
1073 1378 139 49 plays
1243 1379 60 46 by
1339 1377 333 49 Shakespeare
1703 1377 98 40 and
1833 1377 177 40 others.
2071 1376 117 41 Five
2221 1375 51 41 of
2303 1377 83 39 the

389 1437 348 45 twenty-seven
771 1435 151 41 drolls
957 1436 50 38 in
1040 1436 66 47 pt.
1140 1436 26 38 1
1200 1445 124 30 were
1358 1433 278 50 previously
1671 1433 164 41 issued
1870 1433 50 40 in
1956 1443 30 30 a
2019 1433 143 41 small
2196 1433 190 41 volume

389 1491 205 43 entitled
636 1493 194 40 Actæon
870 1493 97 39 and
1010 1491 174 48 Diana,
1226 1492 60 46 by
1329 1491 181 40 Robert
1552 1489 113 42 Cox.
1737 1490 254 47 Kirkman,
2035 1490 82 41 the
2157 1489 229 50 probable

389 1548 243 49 compiler,
664 1550 51 38 in
745 1549 77 40 his
852 1548 196 50 preface
1079 1551 49 38 to
1160 1549 66 48 pt.
1258 1547 40 48 2,
1329 1548 155 40 called
1517 1547 182 41 Robert
1730 1545 100 43 Cox
1863 1546 112 42 “not
2005 1547 113 48 only
2147 1547 82 41 the
390 1546 1979 110 principal

552 1608 150 46 actor,
739 1607 86 39 but
859 1606 103 39 also
999 1605 81 41 the
1116 1603 245 42 contriver
1396 1605 97 39 and
1527 1603 206 41 author”
1771 1604 53 40 of
1856 1606 126 39 most
2017 1604 53 41 of
2102 1604 83 40 the
2221 1603 164 41 drolls.

391 1663 118 41 This
547 1664 187 48 reprint
771 1664 41 39 is
850 1663 146 40 based
1037 1673 60 29 on
1135 1662 83 41 the
1258 1661 209 49 original
1504 1660 224 49 editions,
1768 1660 120 41 with
1929 1660 367 50 reproductions
2336 1659 52 42 of

391 1720 210 49 original
629 1721 290 47 title-pages,
977 1719 63 40 cf.
1071 1718 187 41 Introd.

400 1775 51 52 ©
486 1779 127 40 June
643 1779 40 43 3,
717 1777 114 40 1932;
893 1777 67 40 2c.
994 1777 95 39 and
1123 1776 82 39 aff.
1239 1776 126 39 June
1398 1774 54 40 21;
1516 1775 40 39 A
1590 1775 144 39 51875;
1799 1775 189 41 Cornell
2023 1773 145 50 univ.,
2203 1774 184 48 Ithaca,

467 1836 56 40 N.
552 1836 53 39 Y.
675 1833 281 49 (32-17365)

394 1925 415 64 Woodthorpe,
837 1923 192 64 Ralph
1061 1923 230 55 Carter.

464 2001 120 52 The
619 1999 194 69 public
847 1999 186 53 school
1067 1996 248 69 murder,
1347 1997 76 68 by
1457 1996 68 52 R.
1565 1995 61 55 C.
1661 1995 403 68 Woodthorpe.
2135 1994 255 69 London,

395 2078 46 51 I.
476 2076 310 55 Nicholson
817 2078 45 50 &
892 2075 254 66 Watson,
1182 2077 150 50 1932.

464 2149 89 41 320
577 2159 44 37 p.
675 2148 26 39 1
729 2148 130 40 illus.
886 2145 164 50 (plan)
1113 2146 117 41 19ᶜᵐ.

404 2203 1985 54 © 1c. July 6, 1932; A ad int. 16609; pubd. May 10; R. C. Woodthorpe,
473 2265 149 40 Great
646 2263 263 48 Bookham,
935 2262 350 46 Leatherhead,
1315 2261 193 48 Surrey,
1536 2261 235 47 England.
1837 2260 278 48 (32-18618)

396 2353 197 55 World
624 2352 335 55 federation
991 2353 63 52 of
1085 2351 310 54 education
1426 2349 409 56 associations.
1907 2350 220 55 Health
2158 2350 229 54 section.

468 2432 218 52 Health
719 2430 213 54 section
965 2436 213 62 report,
1211 2429 203 55 World
1449 2428 325 53 federation
1807 2429 63 52 of
1905 2428 302 53 education
398 2446 1967 132 associations,

720 2510 142 68 July
925 2508 402 69 27th-August
1393 2511 101 65 1st,
1561 2510 152 66 1931,
1777 2508 246 68 Denver,
2089 2506 300 69 Colorado,

400 2590 74 53 U.
513 2589 55 55 S.
604 2590 70 52 A.
751 2589 137 53 New
923 2587 163 54 York
1121 2587 134 68 city,
1288 2585 309 55 American
1631 2586 154 55 child
1818 2587 198 52 health
2052 2585 338 55 association

402 2668 111 52 and
543 2669 96 50 the
668 2665 415 69 Metropolitan
1113 2664 106 53 life
1246 2665 299 53 insurance
1573 2683 298 52 company,
1904 2668 152 50 1932.

473 2741 104 47 xiii,
609 2739 86 41 299
724 2751 43 36 p.
825 2740 149 39 front.
1034 2739 145 41 22½ᶜᵐ.

408 2793 51 52 ©
487 2798 113 47 Apr.
627 2796 69 47 21,
725 2795 113 41 1932;
896 2796 66 41 2c.
991 2796 111 47 Apr.
1132 2795 56 40 25;
1245 2795 82 41 aff.
1356 2795 113 48 Apr.
1497 2794 59 41 27;
1611 2795 40 39 A
1680 2794 145 41 51046;
1881 2795 145 40 Amer.
2068 2794 130 41 child
2226 2795 166 41 health

476 2864 127 29 assn.

464 2924 1927 71 … The world’s economic crisis and the way of escape, by Sir
471 3001 1924 70 Arthur Salter … Sir Josiah Stamp … J. Maynard Keynes
536 3077 1857 72 … Sir Basil Blackett … Henry Clay … [and] Sir W. H.
474 3156 1592 70 Beveridge … New York, The Century co. [ᶜ1932]
475 3228 1780 51 5 p. l., 3-185 p. 19½ᶜᵐ. (Halley Stewart lecture, 1931) $1.75
478 3287 162 41 “First
665 3286 261 49 printing.”

413 3341 51 52 ©
493 3346 129 39 June
647 3346 39 46 9,
718 3344 140 48 1932;
889 3344 68 41 2c.
988 3345 128 39 June
1142 3344 83 47 16;
1257 3344 82 40 aff.
1371 3346 127 38 June
1525 3344 84 47 23;
1641 3345 40 38 A
1712 3344 171 47 52787;
1917 3343 214 48 Century
2161 3353 65 29 co.

491 3402 277 47 (32-17668)

409 3482 314 64 Wyoming
764 3481 111 53 and
917 3480 213 56 Pacific
1170 3481 203 69 digest,
1413 3481 267 69 covering
1721 3482 77 52 all
1838 3500 149 35 cases
2027 3479 267 71 reported
2332 3478 62 53 in

476 3560 312 68 Wyoming
847 3566 241 62 reports,
1149 3558 327 70 1870-1931,
1536 3558 212 57 Pacific
1808 3564 275 64 reporter,
2143 3559 250 52 volumes

482 3640 186 54 1-300,
697 3638 112 52 and
841 3638 77 52 all
949 3638 63 51 of
1040 3639 96 51 the
1165 3636 212 57 Pacific
1407 3642 170 49 states
1607 3644 222 62 reports
1859 3637 152 53 from
2041 3637 96 52 the
2168 3635 226 54 earliest

480 3712 1914 72 times … Compiled and edited by the publisher’s editorial
479 3789 151 55 staff.
744 3838 10 10 v.
788 3792 184 53 17-19.
1050 3792 82 54 St.
1163 3794 165 65 Paul,
1355 3795 159 53 West
1543 3792 334 70 publishing
1906 3812 98 50 co.,
2034 3795 150 50 1932.

482 3866 26 38 3
572 3896 8 7 v.
641 3865 115 40 26ᶜᵐ.

414 3918 1986 106 CONTENTS.— v. 17. Exchange of property-Fixtures. — v. 18. Food-Guaranty.—v . 19.
927 3977 250 40 Guardian
1212 3979 94 38 and
1340 3978 433 41 ward-Homicide.

418 4028 51 52 ©
504 4033 114 47 July
651 4033 69 47 23,
755 4032 139 47 1932;
930 4033 67 41 2c.
1031 4033 116 40 each
1181 4034 120 46 Aug.
1335 4034 52 46 5;
1425 4034 107 41 affs.
1566 4035 118 47 Aug.
1718 4034 53 47 2;
1808 4034 40 39 A
1883 4032 343 47 53458-53460;
2265 4033 134 40 West

485 4088 109 48 pub.
622 4099 66 31 co.
