2563 4368
1140 4082 98 48 659

177 469 242 65 Morley,
450 468 388 65 Christopher
867 467 373 65 Darlington,
1271 471 171 51 1890-

241 546 174 53 Notes
462 565 71 35 on
579 545 308 67 Bermuda,
930 545 77 67 by
1052 544 377 68 Christopher
1475 543 241 66 Morley.
1796 541 140 53 New
1984 540 179 66 York,

173 623 217 68 Henry,
417 624 293 67 Longwell
737 626 47 50 &
812 623 253 64 another,
1095 625 152 50 1931.

241 696 57 40 32
334 708 44 36 p.
438 695 114 41 18ᶜᵐ.

246 751 180 41 “These
455 754 137 38 notes
622 762 124 29 were
774 750 107 40 first
911 749 193 49 printed
1134 750 50 39 in
1214 750 82 40 the
1327 748 246 47 Saturday
1603 747 177 41 review
1812 747 51 40 of
1892 748 272 46 literature,

177 808 275 48 September
479 809 40 45 5,
548 807 54 39 12
631 808 96 39 and
757 807 68 47 19,
855 805 156 41 1931.”

183 861 50 52 ©
263 867 110 39 Dec.
399 866 68 46 11,
494 864 112 40 1931;
662 863 65 40 2c.
757 865 94 38 and
880 863 80 39 aff.
989 864 112 46 Apr.
1129 861 69 42 25.
1226 861 112 41 1932;
1397 862 39 38 A
1464 860 140 41 50981;
1665 862 48 39 C.
1744 862 196 47 Morley,
1971 861 195 48 Roslyn,

248 924 50 39 L.
325 923 51 47 I.,
401 923 54 37 N.
481 922 53 41 Y.
604 920 279 48 (32-11556)

178 1026 248 63 Musset,
454 1024 209 53 Alfred
692 1025 88 63 de,
811 1023 324 55 1810-1857.

309 1096 1860 71 … Comédies et nuits; edited, with introduction, notes and
179 1173 1991 72 vocabulary, by Hugh A. Smith … New York and London,
176 1254 231 68 Harper
432 1256 45 50 &
503 1254 274 67 brothers,
806 1256 150 50 1932.

247 1326 97 47 xiv,
378 1325 85 41 278
495 1336 42 37 p.
600 1325 145 41 19½ᶜᵐ.

251 1382 162 41 “First
444 1380 226 43 edition.”

186 1438 51 51 ©
269 1443 113 46 Apr.
411 1441 69 48 23,
512 1441 113 40 1932;
685 1440 65 41 2c.
785 1442 91 38 and
911 1439 79 40 aff.
1024 1441 112 46 Apr.
1167 1439 57 40 28;
1283 1441 40 37 A
1353 1438 144 41 49743;
1559 1440 192 47 Harper
1784 1439 36 40 &
1851 1440 122 39 bros.

263 1498 279 47 (32-11662)

183 1604 144 52 New
356 1601 180 53 York.
610 1600 418 64 Metropolitan
1059 1616 269 36 museum
1358 1599 64 53 of
1449 1603 116 52 art.

182 1677 1964 132 … Samuel F. B. Morse, American painter; a study occasioned
403 1755 75 69 by
506 1774 73 33 an
607 1755 315 52 exhibition
953 1754 63 52 of
1045 1755 88 53 his
1162 1755 312 67 paintings,
1503 1755 296 67 February
1830 1758 64 49 16
1921 1755 252 68 through

180 1833 200 52 March
413 1833 83 67 27,
531 1835 149 65 1932,
712 1833 74 67 by
818 1832 198 68 Harry
1049 1833 65 51 B.
1147 1832 214 54 Wehle.
1437 1833 138 52 New
1607 1833 179 66 York,
1822 1836 148 49 1932.

251 1906 63 46 ix,
340 1906 58 40 49
424 1917 57 37 p.,
509 1908 23 37 1
560 1908 30 39 1.
650 1908 171 46 plates,
849 1908 148 45 ports.
1057 1906 115 39 22ᶜᵐ.

253 1964 63 39 At
346 1964 123 38 head
501 1963 52 39 of
581 1963 108 40 title:
748 1963 101 39 The
879 1961 345 48 Metropolitan
1253 1972 219 30 museum
1502 1962 52 41 of
1583 1964 92 39 art.

254 2020 91 41 “Of
377 2020 98 40 this
505 2020 123 40 book
657 2019 132 47 1,000
817 2018 159 48 copies
1008 2029 124 29 were
1165 2018 192 48 printed
1388 2018 50 39 in
1470 2018 262 49 February,
1766 2018 156 41 1932.”

255 2077 319 39 “References
600 2075 154 42 cited”:
810 2086 44 37 p.
878 2074 70 41 49.

189 2131 50 52 ©
268 2135 109 39 Feb.
404 2135 68 47 15,
500 2133 112 40 1932;
667 2133 67 40 2c.
762 2133 94 38 and
882 2131 82 41 aff.
991 2132 110 40 Feb.
1128 2131 57 40 26;
1239 2132 39 38 A
1306 2131 144 40 50229;
1507 2133 347 47 Metropolitan
1879 2143 218 29 museum
2124 2133 53 39 of

257 2194 91 43 art,
378 2192 115 37 New
522 2190 142 38 York.
735 2188 278 48 (32-11776)

185 2294 145 52 New
355 2292 161 53 York
543 2295 190 50 steam
763 2291 391 64 corporation.

255 2368 169 69 Fifty
463 2387 162 50 years
666 2368 63 51 of
770 2368 137 52 New
949 2367 161 52 York
1149 2373 176 47 steam
1364 2367 239 67 service;
1646 2369 95 51 the
1781 2375 158 62 story
1979 2370 63 52 of
2082 2371 95 52 the

191 2446 282 69 founding
516 2447 111 51 and
673 2446 392 66 development
1109 2445 64 52 of
1217 2464 30 33 a
1292 2445 192 68 public
1527 2445 212 69 utility.
1815 2447 138 52 New
1998 2447 180 68 York,

186 2524 138 52 New
354 2522 160 53 York
541 2530 176 46 steam
744 2523 379 67 corporation,
1155 2526 149 50 1932.

256 2598 86 40 135
367 2608 42 37 p.
437 2598 109 40 incl.
575 2599 86 39 col.
689 2597 164 46 front.,
882 2596 142 48 illus.,
1054 2598 161 46 ports.,
1245 2607 150 37 maps,
1423 2596 230 48 facsims.,
1682 2597 179 48 diagrs.
1920 2598 146 40 28½ᶜᵐ.

259 2655 285 39 Illustrated
572 2653 361 48 lining-papers.

258 2710 311 48 Advertising
593 2712 179 38 matter:
828 2720 43 37 p.
899 2708 215 41 131-135.

194 2764 50 52 ©
274 2769 112 47 Apr.
418 2769 67 47 11,
517 2766 112 41 1932;
689 2766 65 40 2c.
787 2767 95 38 and
912 2764 82 42 aff.
1025 2767 113 46 Apr.
1170 2765 54 40 28;
1285 2765 40 39 A
1352 2764 147 41 49729;
1557 2767 117 39 New
1704 2768 132 39 York
1867 2770 153 37 steam
2052 2777 126 38 corp.

272 2825 278 48 (32-11781)

191 2920 144 52 New
365 2919 160 53 York
554 2918 377 68 supplement,
958 2917 141 55 with
1126 2918 109 69 key
1262 2919 236 52 number
1527 2920 379 55 amiotations.
1981 2938 49 35 v.
2059 2923 116 50 253.

261 2997 1916 71 Permanent ed. … December 1, 1931-January 5, 1932. St.
261 3076 163 66 Paul,
456 3077 160 53 West
646 3075 334 68 publishing
1011 3094 99 49 co.,
1144 3078 151 51 1932.

264 3149 148 46 xxvii,
442 3149 126 47 1087,
600 3149 99 48 [28],
728 3149 56 39 45
812 3159 43 37 p.
915 3148 115 42 24ᶜᵐ.

199 3201 50 52 ©
280 3207 111 46 Apr.
424 3206 68 43 16,
522 3204 114 41 1932;
695 3205 66 40 2c.
793 3206 112 46 May
936 3206 55 38 14;
1051 3205 80 39 aff.
1165 3207 112 46 May
1307 3207 53 39 13;
1422 3207 40 38 A
1492 3206 148 41 49960;
1698 3209 133 39 West
1862 3210 107 46 pub.
2004 3220 65 30 co.

193 3291 269 66 Newton,
491 3294 219 63 Joseph
741 3293 161 64 Fort,
936 3293 170 55 1876-
1317 3296 84 53 ed.

262 3367 66 53 If
354 3369 31 51 I
412 3369 114 52 had
555 3370 134 68 only
717 3387 104 34 one
847 3387 222 35 sermon
1094 3375 58 47 to
1183 3388 258 50 prepare,
1470 3371 188 53 edited
1686 3371 78 69 by
1792 3373 216 68 Joseph
2039 3374 144 52 Fort

194 3446 254 53 Newton.
523 3446 138 53 New
702 3446 162 53 York
904 3448 113 52 and
1057 3447 257 67 London,
1352 3447 233 69 Harper
1625 3451 45 50 &
1710 3449 276 69 brothers,
2030 3453 150 51 1932.

318 3517 536 49 x p.,1 l., 233 p. 21ᶜᵐ.
263 3574 163 41 “First
453 3574 227 41 edition.”

202 3627 50 52 ©
281 3634 113 45 Apr.
422 3633 68 42 23,
520 3631 111 41 1932;
688 3633 67 39 2c.
784 3634 94 38 and
908 3632 82 41 aff.
1019 3633 113 48 Apr.
1160 3633 56 41 28;
1273 3635 41 37 A
1341 3633 144 41 49733;
1544 3636 43 40 J.
1618 3636 50 38 F.
1699 3637 216 46 Newton,
269 3636 1899 98 Philadelphia.
467 3688 278 46 (32-11678)

198 3774 147 64 Ogg,
377 3775 273 55 Frederic
678 3776 238 64 Austin,
946 3779 170 54 1878-

268 3852 1853 73 Essentials of American government, by Frederic A. Ogg …
199 3929 1982 73 and P. Orman Ray … New York, London, The Century co.
204 4038 13 34 [
243 4010 134 49 ᶜ1932]
