2563 4368
1081 4051 101 48 235

127 445 270 63 Mondon,
426 434 206 65 Émile.

200 519 474 54 Assainissement
708 519 228 67 général
974 518 95 51 des
1104 517 162 52 villes
1302 524 53 45 et
1388 517 96 51 des
1518 514 205 68 petites
1757 513 365 53 collectivités

132 587 1964 142 … par Émile Mondon … t. 1. Les déchets urbains et la pollution
283 677 95 51 des
407 675 151 53 cités.
633 674 184 66 Paris,
846 674 230 65 Dunod,
1108 676 148 48 1931.

202 745 594 50 xxi, 122 p. illus. 25 ½ ᶜᵐ.
137 799 1571 54 © Sept. 28, 1931; 1c. Dec. 28; A— Foreign 15059; Dunod.
215 861 248 47 (32-4333)

127 962 277 52 National
434 961 407 64 organization
871 961 95 51 for
996 960 193 64 public
1216 959 205 54 health
1451 960 269 64 nursing.

202 1038 319 67 Principles
553 1041 110 51 and
698 1037 274 68 practices
1003 1040 61 51 in
1094 1038 191 67 public
1315 1039 194 52 health
1540 1037 257 67 nursing,
1828 1037 297 67 including

132 1125 117 45 cost
280 1117 266 67 analysis,
579 1118 278 66 prepared
890 1116 73 66 by
998 1116 94 51 the
1125 1114 273 54 National
1429 1115 395 67 organization
1859 1117 92 51 for
133 1116 1967 133 public

245 1191 1880 70 health nursing … New York, The Macmillan company,
136 1277 146 50 1932.

203 1345 64 46 ix,
297 1344 86 41 129
408 1354 42 37 p.
510 1344 152 39 forms
691 1343 49 48 (1
766 1342 144 47 fold.)
977 1342 57 40 20½ᶜᵐ.

205 1402 130 39 “The
377 1401 229 39 National
649 1400 336 47 organization
1024 1400 78 38 for
1143 1398 159 49 public
1345 1398 173 41 health
1552 1397 216 48 nursing,
1811 1399 211 47 through
2062 1399 64 39 its

138 1455 1987 48 Service evaluation committee, has prepared this handbook … which is
139 1519 47 35 to
227 1515 56 40 be
323 1515 117 39 used
481 1513 47 39 in
570 1513 283 40 connection
896 1512 119 39 with
1055 1513 82 39 the
1176 1512 163 39 Board
1379 1511 251 40 members’
1671 1512 197 39 manual
1910 1512 95 39 and
2045 1513 82 39 the

137 1572 197 39 Manual
362 1572 50 38 of
438 1571 158 48 public
621 1571 167 39 health
814 1569 494 47 nursing.”—Introd.

141 1624 51 52 ©
224 1629 109 41 Feb.
363 1629 68 40 23.
490 1629 84 37 1932;
632 1629 67 39 2c.
730 1629 93 38 and
856 1628 80 39 aff.
969 1626 109 39 Feb.
1110 1626 55 39 24;
1225 1628 39 37 A
1294 1626 146 40 48608;
1500 1627 280 39 Macmillan
1812 1637 66 30 co.

218 1685 248 46 (32-5475)

130 1786 334 64 Nicholson,
495 1787 228 64 Alfred,
759 1792 170 49 1898-

136 1861 1968 145 … Cimabue; a critical study by Alfred Nicholson. Princeton,
281 1940 306 53 Princeton
621 1940 317 67 university
972 1958 184 49 press;
1192 1940 259 68 London,
1485 1939 78 54 H.
1596 1938 269 69 Milford,
1898 1938 229 56 Oxford

137 2017 312 68 university
476 2036 156 49 press;
714 2023 119 61 [etc.,
860 2023 119 60 etc.]
1014 2019 149 51 1932.

201 2088 1926 50 xiii, 60 p. plates (1 double) 27 ᶜᵐ. (Princeton monographs in art and
136 2146 331 47 archaeology,
634 2147 37 48 [XVI])

206 2202 355 47 “Appendices”
588 2202 281 47 containing
892 2202 338 46 bibliography;
1286 2213 42 36 p.
1373 2202 177 48 [43]-60.

142 2255 51 52 ©
221 2260 110 40 Feb.
358 2261 39 45 1,
422 2259 114 41 1932;
589 2259 65 41 2c.
683 2261 95 38 and
805 2260 80 40 aff.
913 2260 111 42 Feb.
1050 2261 26 38 2;
1133 2261 40 38 A
1197 2260 145 40 48254;
1399 2261 258 39 Princeton
1685 2259 269 48 university
1981 2270 149 38 press.

219 2316 251 49 (32-5250)

133 2419 158 64 Paul,
321 2419 154 54 John
504 2420 283 64 Harland,
819 2424 171 51 1900-

207 2496 1923 68 The last cruise of the Carnegie, by J. Harland Paul … with
136 2573 1996 68 a foreword by John A. Fleming … Baltimore, The Williams
135 2652 45 50 &
212 2650 248 54 Wilkins
493 2669 296 49 company,
825 2654 150 50 1932.

207 2723 115 46 xvii,
350 2724 81 40 331
461 2734 42 37 p.
562 2726 87 39 col.
676 2725 163 46 front.,
866 2724 142 47 illus.,
1038 2724 177 48 diagrs.
1275 2725 147 40 23½ᶜᵐ.

144 2776 51 52 ©
227 2780 109 41 Feb.
367 2781 39 40 6.
439 2780 112 41 1932;
609 2781 66 39 2c.
709 2783 93 37 and
835 2781 80 39 aff.
949 2781 110 41 Feb.
1092 2782 52 39 13;
1207 2782 40 38 A
1277 2781 143 41 48472;
1482 2782 241 40 Williams
1757 2782 36 40 &
1822 2780 210 42 Wilkins
2064 2793 66 29 co.

221 2838 249 47 (32-5271)

132 2939 204 63 Pence,
365 2939 255 54 William
649 2941 208 61 David,
891 2946 169 49 1865-

210 3016 322 68 Surveying
562 3018 230 51 manual;
853 3037 29 33 a
913 3018 230 52 manual
1171 3017 65 53 of
1265 3017 132 53 field
1429 3019 112 51 and
1571 3017 150 54 office
1748 3019 259 53 methods
2039 3019 93 52 for

138 3094 1992 68 the use of students in surveying, by William D. Pence … and
138 3171 1996 69 Milo S. Ketchum … 5th ed., total issue, 57,000. New York
138 3249 111 52 and
279 3249 256 58 London,
563 3248 430 55 McGraw-Hill
1018 3249 148 52 book
1193 3268 297 50 company,
1519 3251 126 65 inc.,
1676 3254 150 49 1932.

209 3322 115 45 xvii,
354 3322 84 40 363
468 3333 43 36 p.
543 3322 108 40 incl.
683 3322 141 47 illus.,
857 3323 169 42 tables,
1058 3322 178 47 diagrs.
1297 3322 54 40 19½ᶜᵐ.
1558 3322 131 47 $2.50

146 3375 52 51 ©
228 3380 107 38 Feb.
367 3380 38 40 5.
434 3378 113 39 1932;
604 3379 67 39 2c.
702 3379 109 39 Feb.
841 3378 55 40 10;
954 3379 81 40 aff.
1066 3379 111 40 Feb.
1207 3378 55 40 19;
1320 3380 41 38 A
1389 3379 147 41 47728;
1592 3381 72 40 W.
1694 3380 56 38 D.
1783 3381 166 45 Pence,
214 3379 1900 99 Madison,
345 3435 129 42 Wis.,
507 3437 95 38 and
636 3435 115 40 Milo
786 3435 43 41 S.
864 3436 254 46 Ketchum,
1153 3436 211 47 Urbana,
1400 3438 74 38 Ill.
1546 3436 250 48 (32-5260)

142 3525 201 64 Perry,
373 3526 232 53 Arthur
637 3526 168 64 Cecil,
840 3528 171 52 1873-

212 3603 306 52 American
568 3603 236 68 history.
883 3608 83 48 1st
1019 3604 145 52 book
1229 3603 365 70 (1492-1763)
1657 3606 75 66 by
1785 3606 226 52 Arthur
2066 3605 62 55 C.

144 3679 1962 142 Perry, jr. … and Gertrude A. Price … New York, Cincinnati [etc.]
473 3757 1015 70 American book company [ ᶜ19 32 ]
216 3829 1367 53 vi, 250 p. col. front., illus., col. plates, maps. 18½ ᶜᵐ.
149 3881 52 51 ©
240 3886 110 40 Feb.
389 3887 39 39 1.
466 3886 112 39 1932;
644 3888 67 40 2c.
750 3890 94 37 and
882 3888 80 41 aff.
1003 3889 111 40 Feb.
1151 3891 52 45 3;
1245 3891 40 38 A
1322 3892 141 39 47411;
1534 3892 53 38 A.
1629 3891 48 40 C.
1717 3892 164 47 Perry,
1921 3892 59 46 jr.,
2038 3893 93 38 and

217 3942 236 39 Gertrude
482 3944 53 37 A.
567 3943 149 48 Price,
747 3945 259 48 Brooklyn.
