2563 4368
1419 3998 102 51 204

473 421 245 64 Riddell,
750 421 296 56 Florence.

546 492 259 56 Perilous
853 495 141 69 love,
1043 495 74 69 by
1169 498 269 51 Florence
1488 494 245 55 Riddell.
1824 494 419 70 Philadelphia.
2294 497 56 55 J.
2401 497 63 52 B.

475 571 334 70 Lippincott
840 590 295 51 company,
1171 575 150 52 1932.

546 646 370 50 304 p. 19½ ᶜᵐ .
485 715 51 51 ©
566 720 109 38 Jan.
705 720 68 46 18,
803 719 112 39 1932;
973 718 66 40 2c.
1070 720 94 37 and
1194 717 82 41 aff.
1307 718 109 40 Feb.
1447 718 55 39 23;
1561 718 38 38 A
1628 719 136 39 47751;
1833 719 49 38 F.
1915 718 206 48 Riddell,
2151 720 210 38 London.

562 775 249 49 (32-4752)

475 877 271 65 Roberts,
776 878 188 64 Lydia
993 877 164 56 Lion.

551 954 123 53 The
699 953 328 69 inquisitive
1055 954 322 67 Winslows,
1403 954 73 68 by
1504 954 186 68 Lydia
1718 954 146 52 Lion
1893 955 240 52 Roberts
2163 955 111 52 and
2304 954 167 69 Mary

482 1032 1990 70 E. Pennell … Boston, New York [etc.] Ginn and company
483 1114 192 64 [ ᶜ1 932 ]
550 1184 618 49 vi, 302 p. illus. 19 ᶜᵐ .
484 1252 52 52 ©
565 1257 107 39 Jan.
704 1258 40 46 2,
773 1256 114 40 1932;
943 1257 66 39 2c.
1041 1258 93 38 and
1166 1256 81 41 aff.
1278 1256 107 39 Feb.
1420 1258 17 37 1;
1504 1257 38 38 A
1572 1257 137 39 47351;
1777 1257 49 40 L.
1858 1257 49 42 L.
1943 1257 215 43 Roberts,
2190 1256 281 46 Wollaston,

553 1314 145 40 Mass,
729 1314 92 38 and
853 1315 139 46 Mary
1023 1315 51 39 E.
1105 1313 151 39 Pinnell
1300 1345 8 17 ,
1339 1314 113 38 New
1490 1314 137 39 York.
1698 1312 249 49 (32-4948)

472 1416 349 65 Robertson,
854 1415 253 55 William
1138 1418 240 64 Spence,
1411 1416 171 56 1872-

547 1492 240 68 History
821 1491 63 54 of
918 1492 94 53 the
1046 1491 504 54 Latin-American
1583 1491 243 69 nations,
1859 1492 72 68 by
1966 1491 257 53 William
2258 1490 214 69 Spence

479 1568 1847 69 Robertson … 2d ed., rev. and enl. New York, London, D.
478 1569 1970 146 Appleton
703 1646 112 54 and
848 1664 293 51 company,
1174 1649 150 49 1932.

548 1717 1468 50 xviii p., 1 l., 821 p. maps (part double) diagr. 22 ᶜᵐ .
547 1774 346 49 “Suggestions
916 1774 80 41 for
1019 1775 197 40 further
1240 1774 203 49 reading
1465 1775 96 40 and
1585 1774 173 48 study”
1778 1786 11 29 :
1813 1785 44 38 p.
1883 1773 217 44 762-799.

484 1845 51 52 ©
567 1850 110 39 Feb.
708 1843 69 53 19,
808 1847 112 42 1932;
979 1848 66 40 2c.
1077 1850 95 38 and
1203 1848 80 41 aff.
1317 1848 110 41 Feb.
1457 1848 55 39 23;
1572 1848 41 38 A
1640 1848 144 40 47755;
1846 1848 55 40 D.
1934 1848 237 47 Appleton
2201 1848 37 40 &
2269 1857 80 37 co.,
2382 1847 88 42 inc.

562 1906 248 49 (32-4924)

479 2009 348 64 Rosendahl,
855 2009 135 55 Carl
1016 2008 160 65 Otto,
1206 2008 170 55 1875-

545 2085 55 53 A
627 2084 171 69 guide
826 2091 57 46 to
912 2085 95 53 the
1035 2085 202 67 spring
1264 2085 217 53 flowers
1507 2084 65 52 of
1598 2085 341 66 Minnesota,
1967 2084 74 68 by
2071 2083 136 56 Carl
2236 2084 69 55 O.

475 2086 1972 143 Rosendahl … and Frederic K. Butters … Minneapolis,
2179 2163 121 52 The
481 2163 1965 144 University
721 2239 64 53 of
815 2239 323 53 Minnesota
1171 2257 173 48 press,
1379 2241 151 50 1931.

547 2311 733 51 xvii, [1], 89 p. illus. 26 ᶜᵐ .
549 2369 145 42 Sixth
722 2368 197 41 edition.

485 2437 50 51 ©
566 2441 112 41 Dec.
706 2440 70 47 30,
806 2439 112 40 1931;
976 2439 65 40 2c.
1074 2439 109 39 Jan.
1212 2438 69 47 30,
1312 2437 112 41 1932;
1485 2438 80 39 aff.
1599 2440 119 37 Mar.
1750 2440 25 38 5;
1836 2439 40 38 A
1905 2437 143 41 48193;
2111 2437 279 49 University
2422 2439 51 40 of

551 2497 287 50 Minnesota,
871 2495 335 48 Minneapolis.
1270 2491 67 53 [©
1371 2505 105 30 new
1508 2497 193 47 matter]
1774 2494 249 51 (32-3886)

480 2599 325 66 Rukeyser,
833 2599 224 55 Walter
1086 2599 242 66 Arnold,
1359 2605 171 50 1895-

545 2677 284 66 Working
867 2676 93 53 for
995 2676 95 54 the
1126 2678 234 65 soviets;
1400 2695 73 34 an
1508 2677 307 52 American
1852 2677 262 67 engineer
2152 2677 59 53 in
2247 2678 223 66 Russia,

477 2756 34 52 by
611 2755 222 54 Walter
892 2755 225 52 Arnold
1181 2754 308 67 Rukeyser.
1582 2754 137 53 New
1783 2754 178 67 York,
2024 2753 447 69 Covici-Friede,

479 2835 151 50 1932.

616 2905 728 50 xv, [1], 286 p. plates. 20½ ᶜᵐ .
485 2972 51 52 ©
568 2976 108 39 Feb.
707 2975 68 47 23,
806 2973 112 41 1932;
977 2976 66 39 2c.
1075 2977 95 39 and
1201 2974 80 43 aff.
1313 2975 109 39 Feb.
1454 2973 55 40 25;
1570 2974 38 39 A
1638 2975 144 39 47812;
1844 2974 175 47 Covici,
2054 2974 184 48 Friede,
2269 2974 88 41 inc.

561 3031 278 50 (32-26216)

481 3136 286 63 Sanborn,
794 3134 162 53 Ruth
985 3135 174 53 Burr.

551 3212 120 52 The
700 3212 134 67 jury
865 3229 157 33 room
1050 3215 267 63 mystery.
1397 3211 362 65 [Instalment
1790 3214 48 62 3]

561 3285 84 48 (In
673 3281 255 44 Canadian
958 3281 142 42 home
1130 3281 212 50 journal,
1372 3281 132 51 Feb.,
1538 3281 141 49 1932)

486 3337 1981 52 © 1c. Mar. 12, 1932; A ad int. 16137; pubd. Jan. 15; R. B. Sanborn,
555 3397 96 40 San
683 3398 164 47 Diego,
881 3397 140 40 Calif.

481 3500 274 65 Sanford,
786 3503 138 51 Mrs.
956 3501 170 52 Anne
1155 3501 82 65 P.,
1269 3501 84 51 ed.

550 3574 176 54 Peace
764 3577 179 66 plays,
981 3574 276 68 compiled
1296 3575 109 53 and
1445 3575 187 52 edited
1668 3575 72 66 by
1778 3576 71 53 A.
1886 3575 63 52 P.
1988 3574 267 54 Sanford.
2330 3573 134 54 New

483 3650 175 58 York,
687 3651 187 59 Dodd,
902 3651 169 54 Mead
1102 3654 111 52 and
1243 3669 294 49 company,
1567 3654 149 50 1932.

547 3720 461 49 vi, 276 p. 19½ ᶜᵐ .
549 3777 71 39 “A
648 3776 86 41 list
763 3777 52 40 of
845 3787 143 38 peace
1020 3777 388 48 organizations”
1427 3788 9 30 :
1470 3789 42 37 p.
1545 3778 216 41 273-276.

814 3835 198 40 CONTENTS.—That
1047 3834 240 39 unknown
1321 3844 109 37 guy,
1464 3834 60 48 by
1561 3835 123 39 Jean
1721 3835 61 40 M.
1819 3833 379 42 Gower.—Good
2235 3832 112 50 will,
2385 3832 81 42 the

479 3889 253 48 magician,
769 3891 62 46 by
868 3890 154 40 Hazel
1060 3889 425 48 MacKaye.—The
1523 3891 153 39 whole
1714 3890 191 40 world’s
1943 3889 271 42 Christmas
2251 3892 115 46 tree,
2404 3889 60 49 by
