2563 4368
1098 4014 98 48 155

148 413 212 61 Morse,
389 410 228 64 Perley,
651 414 170 49 1869-

219 486 266 52 Business
504 485 301 66 machines,
826 483 148 52 their
996 483 271 67 practical
1291 480 351 69 application
1661 481 111 53 and
1794 479 355 55 educational

154 557 1970 73 requirements, by Perley Morse … London, New York [etc.]
151 641 338 66 Longmans,
524 638 183 55 Green
741 639 111 53 and
887 657 97 47 co.,
1021 640 149 50 1932.

219 707 931 50 xiii, 281, 32 p. incl. plates. 22 ½ᶜᵐ .
222 766 230 40 “Printed
483 765 51 40 in
564 765 84 40 the
678 764 180 41 United
892 764 163 41 States
1089 763 52 41 of
1174 761 266 43 America.”

221 823 163 41 “First
416 820 227 43 edition.”

222 879 329 41 “Instruction
585 878 259 40 literature
877 888 60 29 on
970 876 131 40 office
1134 875 248 41 machines
1416 877 96 39 and
1547 875 221 41 machine
1801 876 345 47 accounting”.

152 948 41 37 p.
223 936 100 42 271.

159 1006 51 52 ©
242 1011 109 40 Jan.
383 1010 68 46 13,
483 1008 112 39 1832;
655 1008 67 40 2c.
756 1006 110 40 Feb.
897 1006 25 39 3;
985 1005 80 39 aff.
1100 1006 108 39 Feb.
1241 1007 23 37 1;
1328 1005 39 38 A
1398 1005 144 40 47457;
1606 1005 288 48 Longmans,
1928 1005 158 41 Green
2117 1004 34 42 &

226 1078 65 28 co.
363 1066 250 48 (32-4188)

148 1197 234 64 Mullen,
413 1200 138 52 Mrs.
584 1197 190 55 Sarah
816 1196 317 65 (McLean)
1173 1198 85 52 ed.

223 1269 1926 71 Oh, Mr. Noah! By Sarah McLean Mullen … and Muriel
153 1346 1728 71 Lanz … New York, London, The Century co. [ᶜ1932]
220 1422 101 46 xix,
347 1420 86 40 204
458 1431 44 37 p.
558 1421 171 47 plates.
785 1418 144 43 19½ᶜᵐ.
1040 1417 130 49 $0.88

222 1493 192 39 Animal
455 1492 176 40 stories
672 1490 156 40 which
873 1491 240 47 appeared
1156 1490 50 40 in
1249 1491 81 40 the
1372 1490 68 41 St.
1482 1490 230 42 Nicholas
1753 1491 265 49 magazine,
2088 1493 62 49 cf.

153 1549 129 41 Pref.

221 1606 348 47 Bibliography:
627 1615 42 37 p.
700 1603 216 41 193-204.

159 1675 51 52 ©
239 1679 108 40 Jan.
376 1678 68 42 19.
473 1677 139 48 1932;
643 1677 66 42 2c.
737 1678 95 37 and
861 1676 80 38 aff.
973 1676 110 39 Feb.
1112 1675 51 46 2;
1194 1676 40 38 A
1260 1675 170 48 48233;
1463 1675 213 49 Century
1705 1687 68 31 co.
237 1736 250 49 (32-3914)

147 1868 259 64 Nichols,
434 1871 138 52 Mrs.
604 1866 309 53 Elizabeth
953 1867 283 65 (Berger)

221 1942 1868 70 Life and heart throbs, by Elizabeth Berger Nichols …
152 2023 110 52 Los
296 2022 250 68 Angeles
587 2022 185 66 [Press
807 2020 65 53 of
906 2020 434 69 Kellaway-Ide
1376 2038 300 52 company]
1721 2023 152 52 1931.

219 2095 86 40 273
331 2105 45 38 p.
434 2096 123 46 port.
617 2093 117 43 23ᶜᵐ.

220 2166 185 40 Poems.

224 2222 225 40 Grimm’s
473 2222 132 45 fairy
631 2221 126 40 tales
781 2221 48 38 in
858 2230 135 30 verse:
1049 2230 42 37 p.
1119 2219 217 41 111-258.

160 2289 50 51 ©
241 2294 109 40 Dec.
380 2294 68 47 24,
477 2293 141 47 1931;
649 2294 67 39 2c.
745 2293 110 40 Jan.
886 2292 67 48 12,
984 2289 140 50 1932;
1156 2291 80 40 aff.
1270 2292 108 39 Feb.
1410 2292 54 47 6;
1495 2293 41 38 A
1565 2292 171 48 48307;
1772 2294 52 39 E.
1855 2294 52 40 B.
1939 2292 214 49 Nichols,

227 2350 92 40 Los
359 2352 215 46 Angeles.
647 2349 250 50 (32-4088)

148 2484 259 65 Nichols,
436 2485 155 54 Inez.

222 2560 211 67 Tropic
457 2561 187 68 night,
667 2561 76 68 by
768 2562 135 52 Inez
931 2560 252 54 Nichols.
1257 2562 56 52 A
1338 2560 208 69 daring
1571 2562 166 53 novel
1762 2561 65 54 of
1851 2562 96 53 the
153 2564 1971 143 seething

285 2658 95 35 sex
416 2639 256 67 problem
704 2640 60 52 in
797 2639 296 53 Honolulu
1127 2640 217 67 to-day.
1418 2639 138 54 New
1593 2639 180 68 York,
1808 2639 169 56 Sears
152 2642 1973 143 publishing

394 2735 296 49 company,
719 2717 106 55 inc.
861 2720 192 65 [ᶜ1932]

220 2789 616 50 4 p. l., 3-308 p. 19½ᶜᵐ.
160 2859 50 51 ©
249 2862 109 40 Feb.
396 2862 56 39 10,
501 2860 140 48 1932;
679 2862 67 40 2c.
785 2861 110 41 Feb.
933 2862 83 45 15;
1055 2860 81 41 aff.
1176 2860 110 41 Feb.
1324 2861 81 47 12;
1447 2861 40 38 A
1520 2860 172 48 47653;
1733 2861 38 40 I.
1809 2860 212 49 Nichols,
2060 2862 93 40 Los

226 2918 217 46 Angeles.
516 2919 249 47 (32-4113)

154 3037 227 64 Novak,
410 3038 144 52 Karl
582 3037 324 55 Friedrich.

231 3114 139 66 [The
397 3116 111 51 last
535 3114 63 54 of
626 3115 96 52 the
749 3115 250 54 German
1026 3113 233 67 kaisers]
1340 3114 65 54 “I
1434 3115 182 52 threw
1643 3133 144 49 your
1814 3115 246 70 majesty
2088 3119 60 50 to

154 3192 94 51 the
302 3191 276 54 French.”
653 3195 90 65 By
797 3193 148 53 Karl
1002 3193 300 52 Friedrich
1357 3194 221 53 Novak.
1659 3195 358 65 [Translated
2073 3196 75 69 by

155 3271 214 53 Robert
398 3273 288 51 Thomson
715 3272 196 66 Clark]

235 3345 82 46 (In
344 3341 199 43 London
571 3341 227 53 Evening
826 3342 257 49 standard,
1111 3341 107 44 Oct.
1248 3343 73 49 14,
1350 3343 143 51 1931)

161 3410 1989 56 © 1c. Nov. 16, 1931; A ad int. 16026; pubd. Oct. 14; Evening standard
228 3483 80 31 co.,
338 3473 100 46 ltd.,
470 3473 210 39 London.

232 3589 138 65 [The
394 3590 110 52 last
530 3590 63 52 of
618 3591 96 51 the
739 3590 250 55 German
1014 3591 233 67 kaisers]
1326 3591 209 54 Kaiser
1560 3594 151 52 lures
1738 3599 121 48 tsar
1884 3598 60 50 to
1971 3597 177 50 secret

155 3666 263 68 meeting.
493 3669 90 65 By
615 3670 146 50 Karl
795 3669 300 52 Friedrich
1130 3670 218 51 Novak.
1430 3672 359 65 [Translated
1823 3672 76 66 by
1932 3672 216 53 Robert

157 3742 285 54 Thomson
475 3745 193 67 Clark]

236 3816 81 46 (Tn
347 3815 198 43 London
574 3816 227 52 Evening
829 3818 255 49 standard,
1116 3818 107 43 Oct.
1255 3820 71 53 16,
1359 3820 144 50 1931)

162 3882 1986 59 © 1c. Nov. 16, 1931; A ad int. 16027; pubd. Oct. 16; Evening standard
230 3955 80 34 co.,
340 3944 98 48 ltd.,
466 3946 210 41 London.
