2563 4368
1133 4085 100 54 837

177 482 218 63 Duren,
424 478 250 55 William
704 474 239 56 Larkin.

243 556 233 55 Charles
519 556 161 50 Betts
724 552 316 65 Galloway,
1083 556 208 60 orator,
1334 549 286 67 preacher,
1665 546 112 54 and
1819 545 230 68 “prince
2093 544 63 53 of

172 622 1958 154 Christian chivalry”, by William Larkin Duren … Emory University,
429 707 778 67 Ga., Banner press [ ᶜ1 932]
245 793 84 41 331
362 805 43 38 p.
463 792 163 48 front.,
660 793 150 48 ports.
868 788 57 42 20½ᶜᵐ.

247 850 371 49 Bibliography:
649 859 43 38 p.
726 846 113 51 [327]

184 919 50 51 ©
267 924 111 45 May
407 919 69 48 25,
508 918 111 41 1932;
679 917 67 41 2c.
777 917 94 40 and
903 916 81 40 aff.
1018 917 112 46 May
1160 915 55 40 27;
1276 916 41 38 A
1347 914 143 41 52203;
1552 916 72 40 W.
1655 915 52 40 L.
1739 914 179 47 Duren,
1953 914 210 45 Monroe,

249 980 80 38 La.
400 975 277 50 (32-14735)

179 1080 247 64 Durfey,
461 1077 217 56 Frank.

245 1157 120 52 The
396 1162 321 61 sportsman
748 1173 72 34 on
852 1156 94 51 the
977 1152 144 68 sofa,
1153 1153 77 68 by
1262 1153 197 52 Frank
1491 1150 244 70 Durfey.
1810 1152 138 53 New
1981 1152 180 65 York,

177 1234 210 67 Covici,
415 1234 221 66 Friede,
666 1235 150 51 1932.

247 1317 531 52 5 p. l. , 3-311 p. 20 ᶜᵐ.
183 1388 50 51 ©
265 1393 113 38 May
407 1390 70 47 24,
507 1388 140 48 1932;
680 1389 65 40 2c.
778 1389 125 39 June
931 1389 54 46 4;
1017 1386 82 42 aff.
1131 1387 126 39 June
1288 1387 51 46 8;
1373 1387 41 38 A
1444 1386 169 47 52365;
1648 1386 50 41 F.
1732 1385 201 48 Durfey,
1967 1384 197 47 Darien,

250 1448 147 40 Conn.
465 1445 280 49 (32-14945)

178 1554 211 62 Eaton,
421 1553 253 53 Hunter.

246 1629 176 53 What
456 1646 167 49 every
657 1645 221 34 woman
914 1627 203 52 should
1150 1626 166 53 know
1355 1626 171 52 about
1561 1644 72 33 an
1667 1625 342 53 automobile
2064 1626 93 67 [by]

175 1706 230 52 Hunter
438 1707 204 51 Eaton.
716 1706 138 51 New
889 1704 178 66 York,
1104 1702 198 57 Simon
1338 1705 112 51 and
1489 1703 284 66 Schuster,
1811 1707 149 49 1932.

246 1774 1170 53 2 p. l. , 153 p. incl. illus., plates, front. 19 ᶜᵐ.
247 1834 363 42 “Illustrations
638 1835 61 47 by
729 1834 166 40 Frank
923 1831 172 42 Beck.”

185 1904 50 51 ©
274 1908 78 38 May
421 1905 68 48 19,
527 1905 112 40 1932;
706 1906 66 39 2c.
810 1906 114 45 May
959 1903 82 48 24;
1080 1903 81 41 aff.
1200 1905 113 46 May
1349 1903 83 48 21;
1471 1904 41 38 A
1549 1902 168 48 52109;
1758 1904 61 40 H.
1858 1905 171 45 Eaton,
2070 1903 96 40 San

251 1964 162 47 Diego,
447 1962 142 40 Calif.
660 1962 278 47 (32-26685)

181 2065 231 65 Fairlie,
444 2065 242 63 Gerard,
720 2069 170 51 1899-

251 2142 142 55 Shot
422 2143 61 51 in
511 2142 95 53 the
637 2142 160 67 dark,
827 2143 76 66 by
933 2142 222 55 Gerard
1188 2141 232 53 Fairlie.
1493 2143 257 66 London,
1781 2143 242 51 Hodder
2053 2143 113 51 and

182 2220 339 67 Stoughton,
546 2220 220 52 limited
821 2223 150 63 [1932]

249 2291 275 49 315 p. 19 ᶜᵐ.
187 2359 1980 51 © 1c. June 3, 1932; A ad int. 16481; pubd. May 26; G. Fairlie, London.
263 2419 278 48 (32-15766)

184 2524 272 63 Farjeon,
488 2523 268 55 Eleanor.

253 2600 120 52 The
424 2599 117 52 fair
590 2599 63 53 of
706 2599 83 55 St.
838 2600 209 65 James,
1098 2617 31 33 a
1179 2598 251 53 fantasia
1480 2599 76 68 by
1605 2599 248 52 Eleanor
1901 2599 264 67 Farjeon.

184 2678 254 65 London,
477 2677 185 52 Faber
702 2679 112 51 and
853 2676 202 67 Faber,
1093 2676 222 55 limited
1360 2680 171 64 [1932]

253 2749 271 49 352 p. 19 ᶜᵐ.
190 2816 1981 53 © 1c. June 8, 1932; A ad int. 16501; pubd. Apr. 11; E. Farjeon. London.
252 2877 291 48 (32-15767)

190 2981 255 64 Fassett,
472 2979 315 55 Frederick
816 2980 305 65 Gardiner,
1150 2985 170 50 1901-

254 3057 283 54 Practical
569 3058 250 67 writing,
850 3059 76 66 by
959 3057 308 54 Frederick
1299 3058 68 55 G.
1401 3060 242 65 Fassett,
1673 3058 70 68 jr.
1778 3060 111 51 and
1922 3060 148 52 Paul
2104 3060 62 55 C.

189 3135 1767 68 Eaton … [Boston] Houghton Mifflin company [ ᶜ1 932]
258 3207 61 47 vi,
351 3207 96 48 240,
484 3208 53 48 [1]
571 3218 42 37 p.
674 3207 179 48 diagrs.
912 3206 56 41 19½ᶜᵐ.

196 3259 1974 54 © May 3, 1932; 2c. May 21; aff. May 20; A 51435; F. G. Fassett, jr.,
263 3319 296 49 Cambridge,
588 3322 159 46 Mass.,
777 3322 94 38 and
898 3321 122 39 Paul
1048 3320 49 41 C.
1126 3322 170 45 Eaton,
1326 3322 196 40 Boston.
1592 3321 278 49 (32-14643)

194 3421 143 66 Felt,
369 3423 283 64 Ephraim
681 3425 229 64 Porter,
943 3429 171 51 1868-

259 3497 213 56 Insects
520 3502 112 51 and
680 3501 240 53 diseases
968 3501 64 53 of
1078 3504 353 51 ornamental
1478 3509 145 47 trees
1672 3505 110 51 and
1831 3505 219 64 shrubs,
2095 3504 77 67 by

194 3574 1977 67 Ephraim Porter Felt … and W. Howard Rankin … New
194 3651 174 68 York,
395 3655 120 51 The
544 3655 332 52 Macmillan
905 3674 295 48 company,
1231 3661 149 49 1932.

262 3722 97 49 xix,
390 3724 84 41 507
503 3735 43 37 p.
605 3724 128 41 illus.
791 3724 56 39 22½ᶜᵐ.
1005 3726 299 49 (Half-title:
1331 3728 101 40 The
1463 3730 136 38 rural
1633 3728 185 40 science
1850 3728 175 48 series)

265 3778 144 42 “This
448 3781 188 40 volume
675 3781 42 40 is
759 3793 28 29 a
828 3782 326 41 combination
1192 3783 53 40 of
1283 3785 83 39 the
1408 3784 160 40 senior
1608 3783 217 42 author’s
1867 3785 213 40 ‘Manual
2122 3785 51 40 of

197 3835 99 39 tree
334 3836 94 39 and
467 3837 147 39 shrub
652 3838 192 40 insects’
884 3840 95 39 and
1017 3840 82 40 the
1136 3839 166 48 junior
1339 3840 219 41 author’s
1597 3841 213 40 ‘Manual
1850 3841 51 40 of
1939 3843 103 38 tree
197 3841 1959 98 diseases’,

396 3891 204 49 entirely
636 3893 250 42 rewritten
924 3897 95 39 and
1056 3897 208 47 brought
1302 3897 139 40 down
1479 3898 50 39 to
1564 3896 351 42 date.”—Pref.

202 3956 50 51 ©
281 3962 124 39 June
432 3964 38 45 7,
498 3963 139 48 1932;
666 3964 67 43 2c.
762 3967 93 39 and
885 3965 81 40 aff.
996 3967 125 39 June
1149 3968 51 46 8;
1230 3968 41 38 A
1298 3967 169 47 52345;
1500 3969 279 40 Macmillan
1808 3978 67 31 co.

277 4018 275 48 (32-26646)
