2563 4368
1352 4119 133 55 1978

439 498 334 67 MacOrlan,
803 497 221 68 Pierre,
1057 504 172 51 1882-

571 589 1428 69 … Quartier réservé. [Paris] Gallimard [1932]
511 676 681 52 2 p. l. , [7]-157 p., 1 l. 19 ᶜᵐ.
446 743 1990 53 © July 8, 1932; 1c. Sept. 30; A—Foreign 18159; Librairie Gallimard.
523 804 249 49 (33-3323)

441 912 304 67 Makarov,
777 912 336 55 Aleksandr
1142 913 406 66 Nīkolaevīch,
1582 918 171 51 1888-

574 1002 1864 69 … Précis de droit international privé d’après la législation
441 1079 1996 70 et la doctrine russes, par A. N. Makarov … traduit par E. Nolde
441 1156 1994 71 et P. Pereverzeff; préface par m. J. P. Niboyet … Paris, M.
441 1234 200 69 Giard,
673 1239 151 51 1932.

508 1319 1929 53 2 p. l., 471 p. 22½ᶜᵐ. (Bibliothèque internationale de droit privé et de
440 1376 130 42 droit
606 1375 245 50 criminel)

510 1445 399 43 “Abréviations”:
967 1458 45 38 p.
1044 1447 159 51 [9]-11.

444 1515 1709 53 © Oct. 1, 1932; 1c. Dec. 5; A— Foreign 18790; Marcel Giard.
521 1577 251 48 (33-4830)

441 1686 285 67 Malthus,
756 1687 261 55 Thomas
1044 1687 240 66 Robert,
1319 1688 326 56 1766-1834.

571 1777 1866 71 … Observations on the effects of the corn laws, by Thomas
440 1855 216 54 Robert
684 1855 276 69 Malthus,
994 1858 151 51 1814.
1216 1855 334 69 Baltimore,
1583 1857 122 53 The
1738 1856 185 55 Johns
1955 1856 270 69 Hopkins
2262 1875 173 51 press,

440 1936 151 50 1932.

510 2017 1914 52 37 p. 25 ᶜᵐ. (A Reprint of economic tracts, ed. by J. H. Hollander)
509 2089 135 41 With
683 2087 340 50 reproduction
1063 2087 52 41 of
1152 2087 209 49 original
1399 2089 97 46 t.-p.:
1568 2087 347 42 Observations
1954 2099 59 30 on
2054 2089 81 40 the
2175 2088 169 42 effects
2384 2089 53 42 of

441 2147 82 40 the
556 2156 112 30 corn
703 2146 133 45 laws,
870 2145 96 40 and
1001 2144 52 41 of
1088 2156 28 29 a
1153 2144 96 41 rise
1282 2155 55 29 or
1368 2144 92 40 fall
1495 2144 49 40 in
1581 2144 82 41 the
1696 2144 130 48 price
1863 2144 53 41 of
1948 2155 112 30 corn
2096 2156 61 29 on
2193 2147 83 39 the
439 2146 1978 96 agriculture

657 2203 96 38 and
781 2202 195 46 general
1005 2200 179 40 wealth
1213 2200 53 40 of
1295 2202 81 38 the
1408 2202 217 44 country.
1686 2201 71 45 By
1789 2202 82 40 the
1902 2202 115 40 Rev.
2048 2202 53 40 T.
2131 2202 56 39 R.
2218 2202 218 41 Malthus

490 2254 1307 51 … London, Printed for J. Johnson and co., 1814.
445 2325 51 52 ©
524 2329 102 41 Oct.
650 2329 70 47 27,
746 2327 140 48 1932;
912 2329 68 40 2c.
1005 2328 118 40 Nov.
1149 2329 26 39 7;
1230 2327 81 39 aff.
1338 2327 119 41 Nov.
1482 2326 83 48 22;
1592 2328 42 39 A
1659 2326 142 42 56922;
1859 2329 154 40 Johns
2039 2327 221 50 Hopkins
2286 2339 150 39 press.

515 2382 68 54 [©
610 2384 331 42 introduction
969 2385 95 39 and
1089 2386 153 47 notes]
1315 2383 250 49 (33-4420)

440 2487 242 66 Martin,
714 2487 316 54 Prestonia
1066 2487 242 65 (Mann)
1348 2488 172 53 “Mrs.
1555 2487 154 55 John
1740 2488 280 64 Martin,”
2057 2495 171 49 1861-

572 2577 1860 70 … Prohibiting poverty; being suggestions for a method of
441 2656 300 68 obtaining
798 2657 283 54 economic
1139 2655 264 69 security,
1462 2657 75 68 by
1595 2657 301 53 Prestonia
1954 2658 181 53 Mann
2193 2658 237 54 Martin.

440 2735 227 55 Winter
692 2734 174 67 Park,
895 2735 142 67 Fla.,
1065 2735 121 55 The
1214 2733 224 55 Rollins
1467 2753 174 50 press,
1670 2737 148 51 1932.

509 2819 363 52 vi, 131 p. 19 ᶜᵐ.
513 2894 40 38 A
588 2894 115 47 plan
739 2894 51 37 to
824 2890 238 41 establish
1098 2902 28 29 a
1163 2892 181 46 system
1380 2891 52 40 of
1468 2891 316 41 distribution
1822 2893 51 39 of
1909 2891 280 42 necessities
2226 2893 208 49 through

441 2950 82 40 the
551 2948 231 41 National
812 2947 260 41 livelihood
1102 2949 129 46 plan.

447 3016 51 52 ©
533 3019 119 48 Aug.
686 3019 40 48 5,
760 3017 113 41 1932;
936 3017 69 41 2c.
1040 3017 110 40 Dec.
1185 3017 25 39 1;
1275 3016 83 41 aff.
1392 3017 116 41 Nov.
1542 3017 59 41 30;
1662 3019 40 38 A
1737 3018 143 42 57293;
1946 3019 188 41 Rollins
2168 3029 150 39 press.

441 3119 225 68 Mayer,
696 3119 269 54 Theodor
993 3119 303 65 Heinrich,
1329 3124 169 49 1884-

574 3202 1860 73 … Deutscher im Osten, roman. Leipzig, L. Staackmann,
445 3288 148 51 1932.

509 3368 100 50 395,
643 3369 55 51 [1]
731 3379 44 38 p.
834 3368 57 41 19½ᶜᵐ.

447 3439 1985 52 © Oct. 13, 1932; 1c. Dec. 7; A—Foreign 18917; L. Staackmann verlag,
513 3510 40 37 g.
581 3511 58 27 m.
667 3500 42 39 b.
737 3498 45 40 h.
852 3498 250 50 (33-4074)

441 3604 293 63 Medsger,
764 3601 200 55 Oliver
987 3602 204 63 Perry.

511 3693 218 51 Nature
756 3691 258 52 rambles.
1113 3709 50 34 [v.
1189 3695 51 61 4]
1282 3692 254 65 Winter;
1566 3709 72 35 an
1665 3689 390 53 introduction
2080 3695 61 46 to
2165 3693 264 63 country-

442 3769 136 67 lore,
609 3770 76 67 by
719 3767 198 55 Oliver
949 3771 182 63 Perry
1165 3769 282 67 Medsger,
1479 3768 255 53 forword
1767 3768 74 67 by
1875 3769 101 52 Dr.
2012 3766 181 68 Clyde
2226 3765 202 54 Fisher

506 3844 1699 69 … New York and London, F. Warne & co., inc. [ ᶜ1 932]
513 3934 100 48 viii,
644 3932 177 51 [9]-160
844 3943 43 37 p.
943 3932 142 47 illus.,
1113 3932 158 48 plates
1299 3932 134 48 (part
1462 3933 112 48 col.)
1636 3931 56 41 19½ᶜᵐ.

448 4000 50 51 ©
524 4004 118 40 Nov.
667 4002 69 49 21,
762 4002 116 40 1932;
930 4001 67 41 2c.
1023 4002 117 40 Nov.
1166 4001 55 40 23;
1277 4002 82 40 aff.
1385 4002 116 40 Nov.
1528 4002 56 40 25;
1639 4002 42 39 A
1706 4001 143 41 58064;
1905 3999 260 42 Frederick
2190 4000 177 40 Warne
2395 3998 36 41 &

514 4070 82 36 co.,
622 4059 92 41 inc.
