2563 4368
1146 4114 133 55 1875

216 501 277 66 Douglas,
525 502 221 53 Robert
778 500 165 65 Dick,
977 506 169 49 1912-

285 580 72 52 In
402 580 93 51 the
539 580 137 51 land
720 579 65 52 of
827 580 95 52 the
966 580 272 51 Thunder
1280 578 352 67 mountains;
1684 578 338 52 adventures
2067 577 136 52 with

216 656 214 52 Father
467 657 283 52 Hubbard
791 675 207 49 among
1036 657 96 52 the
1170 655 294 54 volcanoes
1504 654 63 53 of
1605 655 234 68 Alaska,
1878 655 76 67 by
1994 655 213 53 Robert

216 735 149 51 Dick
413 736 272 65 Douglas.
761 735 137 51 New
953 734 178 67 York,
1182 737 246 64 Brewer,
1480 735 244 52 Warren
1775 733 112 52 and
1938 735 268 65 Putnam,

216 816 148 50 1932.

317 882 1076 50 v, 160 p. front., plates, ports., map. 20 ᶜᵐ.
221 945 51 52 ©
304 949 101 40 Oct.
435 949 68 46 14,
534 949 112 39 1932;
705 948 66 40 2c.
803 948 111 39 Dec.
944 948 55 37 14;
1059 945 82 41 aff.
1173 946 101 39 Oct.
1306 946 54 39 18;
1420 948 40 36 A
1491 945 142 40 57461;
1695 946 53 38 R.
1783 945 54 39 D.
1871 944 229 47 Douglas,
2132 944 75 49 jr.,

289 1006 311 45 Greensboro,
680 1036 8 7 N.
721 1004 47 41 C.
840 1003 277 48 (32-35778)

216 1108 260 64 Dunbar,
507 1107 182 53 Edith
720 1107 302 52 Flanders.

286 1185 120 52 The
454 1185 278 52 Flanders
780 1183 206 69 family
1035 1183 152 52 from
1235 1185 229 66 Europe
1510 1189 58 47 to
1614 1182 295 67 America;
1958 1182 170 69 being
2173 1200 32 33 a

215 1262 221 69 history
482 1263 62 53 of
590 1263 96 52 the
731 1263 279 51 Flanders
1057 1261 212 69 family
1311 1261 155 52 from
1510 1262 74 51 its
1631 1261 189 68 origin
1867 1261 62 51 in
1973 1261 230 67 Europe

216 1342 250 67 through
494 1341 74 53 its
593 1342 272 52 branches
893 1341 61 51 in
979 1341 279 52 America.
1334 1343 56 50 A
1416 1339 376 69 preliminary
1821 1357 220 49 survey.
2117 1342 89 67 By

217 1419 1964 147 Edith Flanders Dunbar … Rutland, Vt., The Tuttle company, 1932.
285 1552 237 68 24 p. 23 ᶜᵐ.
222 1625 51 51 ©
310 1630 118 47 Aug.
463 1629 69 46 22,
569 1627 138 48 1932;
746 1629 67 39 2c.
850 1629 95 38 and
981 1625 81 42 aff.
1098 1627 119 48 Aug.
1253 1625 82 49 29;
1375 1628 40 38 A
1451 1628 143 39 53837;
1660 1629 51 37 E.
1751 1626 49 39 F.
1840 1627 216 48 Dunbar,
2094 1628 116 38 New

287 1686 143 39 York.

216 1787 192 65 Duun,
438 1786 163 66 Olav,
634 1788 170 54 1876-

287 1865 120 52 The
453 1866 199 67 people
700 1865 63 53 of
807 1864 198 68 Juvik,
1049 1865 74 68 by
1171 1864 150 54 Olav
1363 1867 193 64 Duun,
1602 1883 31 33 a
1678 1883 137 50 saga
1862 1864 63 52 of
1969 1864 238 53 modern

217 1944 265 68 Norway,
511 1944 316 51 translated
858 1944 153 51 from
1038 1944 97 51 the
1162 1943 343 68 Norwegian
1536 1944 75 67 by
1639 1944 226 51 Arthur
1892 1943 68 54 G.
1995 1943 212 54 Chater

279 2020 1926 70 … IV. Odin in fairyland. New York, London, A. A. Knopf
223 2103 192 65 [ ᶜ19 32 ]
287 2173 812 50 4 p. l., 3-229, [1] p., 1 l. 19 ᶜᵐ .
288 2229 160 41 “First
478 2229 224 41 edition.”

222 2283 51 51 ©
305 2288 115 46 July
450 2290 38 38 8.
519 2286 140 47 1932;
691 2287 66 40 2c.
790 2287 95 39 and
915 2286 79 39 aff.
1028 2286 116 48 July
1174 2283 27 41 9;
1260 2286 41 38 A
1331 2285 170 48 53035;
1534 2286 171 39 Alfred
1737 2286 52 39 A.
1823 2286 179 47 Knopf,
2034 2286 89 39 inc.

219 2404 202 65 Engel,
453 2403 209 54 Alfred
691 2420 131 48 von,
855 2409 169 48 1898-

288 2481 355 52 Elektrische
685 2482 253 67 gasentla
946 2482 244 67 düngen,
1234 2481 121 52 ihre
1398 2482 211 67 physik
1649 2483 119 52 und
1810 2483 245 65 technik,
2097 2501 109 34 von

218 2559 1963 146 A. v. Engel und M. Steenbeck … 1. bd. Grundgesetze. Berlin, J. Springer. 1932.
289 2711 79 47 vii,
396 2712 86 39 248
509 2722 40 37 p.
608 2712 141 45 illus.,
779 2711 178 48 diagrs.
1013 2711 116 39 24ᶜᵐ.

223 2764 1820 52 © Sept. 24. 1932; 1c. Nov. 25; A—Foreign 18723; Julius Springer.
300 2824 219 49 (33-941)

220 2927 244 52 Federal
490 2927 222 53 council
739 2928 63 51 of
828 2928 102 52 the
958 2928 288 53 churches
1274 2928 62 51 of
1365 2927 202 54 Christ
1594 2927 59 52 in
1679 2927 294 54 America.
2034 2929 171 51 Dept.

290 3007 62 64 of
378 3007 257 51 research
665 3008 113 50 and
809 3007 314 52 education.

293 3081 121 54 Our
443 3082 283 53 economic
753 3083 107 52 life
888 3083 59 53 in
976 3084 95 52 the
1099 3084 151 67 light
1281 3084 63 52 of
1375 3082 295 56 Christian
1699 3083 197 66 ideals,
1925 3084 281 66 prepared

223 3158 73 67 by
336 3178 31 33 a
405 3160 209 66 special
654 3160 317 52 committee
1012 3160 94 53 for
1144 3162 95 51 the
1279 3162 379 65 Department
1695 3160 63 53 of
1795 3161 258 52 research
2095 3161 111 52 and

222 3235 297 53 education
551 3237 62 52 of
644 3237 97 52 the
772 3237 241 52 Federal
1048 3238 217 51 council
1297 3238 64 53 of
1390 3239 94 52 the
1518 3238 269 52 churches
1820 3237 63 53 of
1917 3237 197 56 Christ
2145 3239 61 51 in

223 3312 280 53 America.
576 3314 139 51 New
745 3314 178 66 York,
949 3314 361 52 Association
1336 3333 173 48 press,
1538 3319 150 49 1932.

294 3385 550 50 xi p., 1 l., 161 p. 19½ ᶜᵐ.
296 3441 245 42 “Selected
571 3443 253 48 readings”:
883 3454 42 37 p.
957 3442 214 41 152-156.

226 3495 51 52 ©
311 3500 101 40 Oct.
447 3500 67 46 19,
549 3499 113 40 1932;
725 3500 66 39 2c.
827 3499 101 40 Oct.
962 3499 56 39 24;
1081 3499 82 39 aff.
1199 3499 101 40 Oct.
1334 3500 55 38 22;
1453 3502 41 37 A
1528 3501 142 40 55648;
1735 3501 206 40 General
1976 3502 150 40 board
2161 3502 51 41 of

294 3557 81 38 the
402 3557 169 41 Young
598 3557 147 39 men’s
777 3555 249 41 Christian
1055 3555 332 48 associations,
1419 3558 117 39 New
1565 3557 143 39 York.

303 3612 278 48 (32-35745)

223 3711 225 66 Fisher,
534 3714 179 64 Vardis,
747 3719 170 49 1895-

291 3791 71 51 In
389 3790 182 67 tragic
599 3790 121 67 life,
746 3792 76 64 by
906 3788 153 55 Vardis
1087 3790 216 54 Fisher.
1381 3793 292 66 Caldwell,
1700 3792 107 67 Id.,
1835 3793 120 52 The
1987 3794 222 54 Caxton

220 3867 265 68 printers,
515 3867 122 67 ltd.,
669 3872 149 51 1932.

290 3940 86 39 464
407 3951 42 37 p.
510 3939 55 41 19½ᶜᵐ.

228 3993 51 51 ©
308 3998 112 40 Dec.
448 3999 39 45 1,
516 3996 112 41 1932;
686 3997 64 40 2c.
782 4000 94 38 and
906 3997 79 40 aff.
1015 3998 110 39 Dec.
1156 3997 54 40 19;
1270 3999 39 37 A
1338 3999 143 40 57534;
1540 3998 189 41 Caxton
1758 3998 225 49 printers,
2013 3999 86 41 ltd.

304 4052 276 50 (32-35789)
