2563 4368
1016 4053 102 55 729

93 464 221 64 Allard,
351 453 207 66 Émile.

160 539 1923 69 Cours d’aéronautique, par Emile Allard … Paris, Dunod,
89 621 151 50 1932.

192 689 912 50 x, 406 p. illus., diagrs. 28 × 22 ᶜᵐ .
94 742 1615 53 © Nov. 23, 1931; 1c. Mar. 21; A— Foreign 16216; Dunod.
170 804 278 48 (32-13763)

87 909 189 64 Allen,
311 908 176 64 Amy.

216 982 1788 70 … Voulez-vous maigrir? [Paris] E. Flammarion [ᶜ1931]
154 1056 99 48 viii,
288 1057 158 49 [9]-68,
482 1058 54 49 [2]
569 1068 42 37 p.
671 1058 146 40 17½ᶜᵐ.

91 1110 1930 53 © Oct. 8, 1931; 1c. Nov. 13; A— Foreign 14887; Ernest Flammarion.
168 1171 278 48 (32-13759)

85 1274 297 65 Andrade,
413 1275 251 53 Edward
692 1273 226 56 Neville
947 1276 72 52 da
1050 1275 196 65 Costa,
1278 1276 169 53 1887-

148 1351 1925 68 An introduction to science, by E. N. da C. Andrade … and
84 1428 1926 72 Julian Huxley … with drawings by L. R. Brightwell …
82 1508 91 53 bk.
206 1512 45 48 1.
327 1507 246 67 Oxford,
601 1512 64 51 B.
697 1509 309 53 Blackwell
1060 1511 133 50 [1932]

155 1581 807 49 vi p., 1 l., 184 p. illus. 19 ᶜᵐ .
88 1634 1985 53 © 1c. May 12, 1932; A ad int. 16399; pubd. Apr. 15; Basil Blackwell.
165 1695 278 48 (32-13660)

83 1786 324 54 Armenian
437 1785 240 55 church.
749 1786 249 68 Liturgy
1027 1786 115 54 and
1170 1786 194 53 ritual.

146 1862 122 54 The
299 1862 222 68 missal;
557 1881 80 50 or,
672 1864 121 53 The
826 1863 193 54 divine
1050 1863 221 68 liturgy
1307 1864 303 66 according
1643 1869 59 47 to
1736 1864 97 52 the
1863 1864 110 52 rite
2006 1864 63 53 of

75 1941 96 52 the
204 1940 230 56 Church
468 1940 62 54 of
562 1939 292 54 Armenia.
923 1941 303 67 Arranged
1261 1942 112 52 and
1406 1942 317 52 translated
1754 1942 123 53 into
75 1943 1969 143 English,

244 2019 260 67 together
543 2019 139 52 with
721 2019 96 52 the
855 2018 179 54 music
1073 2018 63 53 of
1176 2018 95 53 the
1310 2019 269 52 melodies
1619 2037 146 50 sung
1806 2025 57 47 at
1903 2039 164 33 mass.

76 2095 1992 68 By Theodoros Isaac … with the approval of the Ecclesiastical
76 2172 179 68 synod
286 2173 62 53 of
377 2174 95 52 the
500 2172 316 53 Armenian
844 2172 218 53 diocese
1090 2173 62 52 of
1184 2173 343 54 California.
1593 2174 233 64 Fresno,
1855 2177 153 50 1932.

148 2244 132 49 xxix,
315 2246 70 49 [1],
416 2245 84 41 335
531 2257 42 37 p.
635 2246 24 38 1
691 2245 126 41 illus.
877 2244 172 41 18½ᶜᵐ.

146 2302 169 41 Added
344 2304 98 46 t.-p.
473 2302 51 39 in
554 2301 277 41 Armenian.

146 2358 265 42 Armenian
443 2359 96 39 and
570 2358 216 49 English.

149 2414 259 42 “Melodies
436 2415 51 41 of
511 2416 173 47 hymns
709 2415 97 39 and
831 2415 172 39 chants
1031 2425 122 38 sung
1178 2416 51 38 at
1257 2415 81 41 the
1365 2415 161 42 divine
1553 2413 249 53 litergy[!],
1828 2419 241 50 arranged

77 2474 96 39 and
199 2472 310 40 harmonized
535 2473 61 46 by
621 2471 63 41 M.
714 2470 287 41 Ekmalian”:
1057 2482 43 38 p.
1144 2470 234 50 [264]-335.

85 2527 51 52 ©
162 2532 122 39 Mar.
311 2531 38 46 1,
376 2529 113 40 1932;
545 2529 65 39 2c.
637 2530 95 38 and
759 2527 82 43 aff.
867 2528 112 47 Apr.
1006 2527 55 41 23;
1117 2528 41 39 A
1183 2527 144 41 49655;
1384 2529 275 41 Theodoros
1688 2531 154 48 Isaac,
1875 2532 194 48 Sanger,

155 2587 141 41 Calif.
367 2584 278 50 (32-13159)

79 2677 263 65 Babbitt,
371 2676 221 65 Irving,
623 2680 170 50 1865-

148 2754 92 55 On
264 2753 170 69 being
456 2752 262 67 creative,
744 2751 111 54 and
882 2751 161 54 other
1068 2770 187 51 essays
1279 2751 75 70 by
1380 2751 206 71 Irving
1611 2753 255 55 Babbitt.
76 2758 1968 127 Boston

202 2833 112 51 and
342 2831 138 52 New
508 2829 179 56 York,
714 2829 319 68 Houghton
1061 2828 204 53 Mifflin
1292 2848 297 52 company,
1620 2834 150 51 1932.

146 2887 865 67 xliii, [1 ] p., 1 l., 265, [1] p. 19 ᶜᵐ .
415 2959 144 41 CONTENTS.—On
602 2958 140 48 being
782 2957 389 41 creative.—The
1211 2957 312 49 primitivism
1568 2960 52 40 of
76 2961 1989 97 Wordsworth.—The

216 3016 211 49 problem
468 3015 52 41 of
558 3016 81 40 the
680 3014 347 48 imagination:
1069 3014 85 40 Dr.
1197 3014 394 41 Johnson.—The
1635 3017 211 47 problem
1890 3020 51 38 of
1984 3021 81 39 the

77 3073 344 47 imagination:
455 3069 534 50 Coleridge.—Schiller
1018 3082 54 29 as
1142 3070 176 41 æsthetic
1349 3071 281 41 theorist.—
1632 3073 163 41 Julien
77 3074 1992 97 Benda.—The

207 3129 138 40 critic
375 3130 95 39 and
500 3128 257 40 American
788 3126 514 41 life.—Romanticism
1333 3129 96 39 and
1461 3129 80 40 the
1575 3127 182 43 Orient.

85 3183 51 52 ©
165 3189 112 46 May
303 3188 41 46 4,
371 3186 112 41 1932;
540 3187 67 39 2c.
635 3187 113 47 May
776 3186 24 39 7;
857 3184 82 42 aff.
967 3186 113 47 May
1108 3185 26 39 5;
1189 3185 41 39 A
1258 3185 143 41 51220;
1458 3188 38 39 I.
1524 3188 213 49 Babbitt,
1768 3189 299 49 Cambridge,

152 3246 146 39 Mass.
368 3242 278 49 (32-12974)

81 3334 200 66 Binns,
311 3334 172 64 John,
514 3333 323 55 1772-1860.

145 3409 225 54 Binns’s
397 3410 219 67 justice,
641 3428 80 48 or,
743 3407 386 69 Magistrate’s
1157 3409 158 67 daily
1339 3411 354 66 companion.
1757 3412 53 52 A
1835 3415 230 52 treatise

74 3506 72 33 on
168 3489 95 52 the
287 3488 148 53 office
460 3487 111 53 and
596 3487 184 52 duties
806 3486 62 54 of
893 3486 229 67 justices
1147 3485 63 54 of
1234 3487 96 52 the
1356 3506 184 49 peace,
1564 3489 361 67 magistrates
1952 3493 112 51 and

75 3565 286 52 aldermen
388 3565 60 52 in
476 3565 96 52 the
599 3564 465 53 commonwealth
1094 3563 62 54 of
1187 3565 443 67 Pennsylvania,
1660 3567 296 69 including
1987 3571 76 51 all

75 3641 94 53 the
204 3641 263 68 required
510 3641 180 53 forms
730 3641 63 53 of
834 3658 222 50 process
1095 3642 112 51 and
1248 3641 452 55 docket-entries.
1777 3647 134 52 And
72 3666 1968 120 embodying

350 3724 99 47 not
477 3719 134 65 only
639 3717 285 53 whatever
949 3735 131 49 may
1106 3717 68 53 be
1200 3717 230 53 deemed
1459 3720 261 53 valuable
1746 3727 58 47 to
1833 3722 229 66 justices

75 3794 63 52 of
177 3796 95 52 the
313 3813 187 49 peace,
540 3795 102 52 but
684 3799 59 48 to
784 3794 314 66 landlords,
1137 3799 225 48 tenants
1407 3796 111 51 and
1560 3800 229 64 general
1834 3806 225 61 agents;

76 3873 110 51 and
221 3871 234 68 making
488 3871 115 53 this
637 3871 224 52 volume
896 3871 154 52 what
1084 3871 47 52 it
1169 3877 270 61 purports
1474 3878 58 48 to
1568 3874 83 65 be,
1688 3893 31 34 a
1753 3876 125 53 safe
1911 3879 149 66 legal

75 3948 168 68 guide
274 3948 94 53 for
396 3947 251 54 business
679 3966 144 34 men.
892 3946 332 69 Originally
1255 3949 280 67 compiled
1568 3950 74 67 by
1673 3952 156 54 John
1861 3954 199 58 Binns,
