2563 4368
1092 4042 132 50 1081

187 432 312 53 American
528 431 283 64 academy
840 432 62 52 of
930 433 353 63 optometry.

255 503 1853 77 Report of the transactions of the tenth annual meeting …
184 587 131 52 held
356 591 58 48 at
452 585 425 69 Philadelphia,
916 584 440 70 Pennsylvania,
1396 586 324 67 December,
1762 589 148 48 1931.
1993 585 175 67 [First

183 663 215 53 edition.
529 705 9 10 v.
571 667 44 50 6.
692 664 400 70 Minneapolis,
1120 665 201 66 Minn.,
1348 663 241 55 Printed
1618 666 75 67 by
1722 665 121 52 The
1869 664 298 70 Hayward

182 742 153 52 brief
368 759 98 49 co.,
500 744 153 65 1932]

253 813 1042 52 4 p. l., 11-114 p. illus., diagrs. 23½ᶜᵐ.
187 882 51 53 ©
270 888 124 39 June
422 887 70 46 20,
523 885 113 42 1932;
695 887 67 40 2c.
793 887 117 48 July
938 887 55 39 15;
1053 884 81 43 aff.
1167 886 115 47 July
1312 886 55 38 22;
1428 886 41 38 A
1499 885 142 42 53225;
1702 886 144 38 Amer.
1892 886 195 48 journal
2120 886 52 40 of

254 945 281 46 optometry,
567 943 334 48 Minneapolis.

182 1048 314 53 American
528 1047 276 54 institute
834 1048 65 52 of
928 1049 406 54 accountants.

249 1123 405 56 Accountants’
678 1124 188 53 index.
940 1123 183 54 Third
1148 1125 373 68 supplement.
1596 1126 56 52 A
1675 1123 406 70 bibliography
2103 1124 63 52 of

181 1203 339 67 accounting
559 1202 314 66 literature,
912 1205 280 64 January,
1234 1202 497 69 1928-December,
1775 1206 132 49 1931
178 1199 1962 152 (inclusive)

408 1281 138 53 New
574 1280 179 68 York,
778 1283 71 52 N.
875 1284 91 63 Y.,
991 1279 312 57 Published
1331 1282 94 52 for
1449 1281 98 54 the
1572 1281 307 54 American
1904 1281 261 55 institute

180 1359 65 52 of
278 1363 364 49 accountants
677 1360 74 67 by
788 1360 95 52 the
917 1358 307 55 American
1258 1359 262 55 institute
1554 1360 335 70 publishing
1925 1379 97 42 co.,
2057 1360 106 54 inc.

260 1440 118 63 [ ᶜ1 932]
249 1511 530 49 3 p. l., 635 p. 24ᶜᵐ.
184 1576 51 54 ©
265 1582 124 39 June
416 1583 38 45 1,
482 1580 140 48 1932;
651 1581 67 40 2c.
747 1583 119 45 Aug.
894 1580 52 48 9;
977 1580 82 42 aff.
1087 1581 117 48 Aug.
1235 1581 81 48 10;
1347 1582 41 39 A
1416 1580 169 49 53682;
1617 1582 144 40 Amer.
1804 1582 225 42 institute
2058 1583 109 48 pub.

252 1649 81 37 co.,
358 1638 90 40 inc.

179 1740 313 54 American
531 1740 277 54 institute
845 1742 63 52 of
945 1741 227 64 mining
1211 1742 114 52 and
1365 1740 430 65 metallurgical
1834 1742 329 66 engineers.

246 1820 273 52 Institute
556 1819 63 68 of
650 1820 200 52 metals
885 1819 263 54 division.

248 1896 402 54 Transactions
675 1897 64 52 of
761 1898 93 52 the
880 1896 305 55 American
1209 1898 261 52 institute
1496 1898 63 53 of
1581 1898 224 69 mining
1830 1900 112 52 and
178 1898 1961 148 metallurgical

449 1975 289 69 engineers
782 1974 454 70 (incorporated)
1320 1995 52 34 v.
1406 1980 78 49 99.
1562 1977 273 53 Institute
1868 1978 65 52 of
1963 1980 200 52 metals

177 2051 264 68 division,
485 2055 145 50 1932.
708 2055 214 67 Papers
965 2054 112 53 and
1118 2054 339 55 discussions
1497 2056 298 69 presented
1833 2058 196 53 before
2067 2058 95 52 the

177 2129 250 54 division
457 2136 59 47 at
547 2129 277 72 meetings
855 2133 132 51 held
1022 2137 60 48 at
1115 2135 234 65 Boston,
1385 2134 347 69 September,
1767 2139 153 65 1931,
1954 2136 114 54 and
2104 2152 58 38 at

177 2208 138 53 New
349 2209 176 57 York,
558 2208 312 68 February,
904 2213 147 48 1932.
1128 2212 138 52 New
1299 2213 179 66 York,
1510 2214 68 52 N.
1614 2215 90 54 Y.,
1737 2216 119 50 The
1887 2215 275 53 Institute

182 2289 190 63 [ ᶜ1 932]
246 2359 87 40 418
356 2370 43 37 p.
426 2359 108 40 incl.
562 2359 142 50 illus.,
732 2364 136 44 port.,
897 2361 168 47 tables,
1093 2361 180 49 diagrs.
1326 2364 147 40 23½ᶜᵐ.

180 2424 51 52 ©
256 2430 119 47 Aug.
400 2429 39 47 5,
464 2429 111 40 1932;
630 2430 67 41 2c.
722 2432 96 38 and
842 2431 81 39 aff.
949 2431 119 49 Aug.
1093 2432 82 47 20;
1203 2433 41 38 A
1269 2432 170 48 54474;
1466 2433 145 41 Amer.
1650 2434 226 41 institute
1904 2436 50 40 of
1979 2435 184 51 mining

247 2487 96 38 and
372 2486 355 49 metallurgical
758 2487 262 48 engineers,
1051 2489 91 39 inc.

176 2589 313 54 American
519 2591 548 64 wood-preservers’
1097 2593 374 55 association.

175 2667 1959 134 Proceedings of the twenty-eighth annual meeting … Jefferson
428 2744 193 69 Hotel,
686 2744 80 55 St.
830 2747 189 67 Louis,
1081 2748 288 69 Missouri,
1431 2752 263 68 January
1754 2756 188 64 26-28,
2008 2758 150 51 1932.

180 2821 300 69 [Madison,
506 2822 159 69 Wis.,
693 2825 306 52 Democrat
1025 2825 264 71 printing
1317 2846 295 53 company,
1642 2834 151 63 1932]

245 2896 99 48 470,
372 2897 139 38 xxxii
539 2908 41 37 p.
639 2897 141 48 illus.,
810 2901 136 45 port.,
978 2897 155 42 tables
1161 2898 135 49 (part
1322 2902 144 48 fold.)
1506 2902 176 50 diagrs.
1741 2904 146 42 22½ᶜᵐ.

179 2955 51 53 ©
267 2960 115 47 July
416 2960 69 47 18,
520 2958 111 43 1932;
697 2959 66 41 2c.
801 2962 96 38 and
932 2960 82 40 aff.
1050 2962 120 48 Aug.
1206 2964 54 39 13;
1325 2964 41 39 A
1402 2965 143 41 54405;
1611 2967 255 40 American
245 2966 1899 94 wood-preservers’
479 3025 141 39 assn.,

653 3017 333 47 Washington.

173 3116 288 66 Athearn,
490 3117 223 57 Walter
743 3121 186 65 Scott,
959 3121 172 55 1872-

239 3195 120 53 The
394 3196 258 54 minister
686 3198 112 52 and
832 3198 96 53 the
961 3198 254 68 teacher;
1252 3220 71 33 an
1357 3201 440 69 interpretation
1831 3206 64 53 of
1930 3212 228 48 current

169 3272 1926 73 trends in Christian education, by Walter Scott Athearn …
169 3347 1390 76 New York, London, The Century co. [ ᶜ1 932]
240 3421 102 48 xiii,
376 3422 85 39 274
493 3433 44 37 p.
597 3422 144 40 19½ᶜᵐ.
856 3422 130 50 $2.00

244 3477 126 42 “The
418 3479 205 40 Duncan
670 3479 221 48 lectures,
939 3481 51 38 in
1037 3480 82 42 the
1169 3482 261 43 Louisville
1478 3484 343 50 Presbyterian
1870 3490 290 51 theological

171 3533 243 49 seminary
441 3534 80 41 for
549 3534 83 42 the
659 3544 116 38 year
805 3533 264 54 1930.”—p.
1112 3549 46 38 [V]

242 3590 202 42 “Notes”
464 3602 9 28 :
504 3602 43 36 p.
579 3589 216 43 253-266.

177 3644 51 52 ©
258 3649 113 46 July
399 3648 68 47 12,
494 3646 140 49 1932;
664 3648 68 40 2c.
761 3650 95 38 and
884 3648 82 40 aff.
995 3649 115 48 July
1139 3650 80 48 19;
1250 3652 41 38 A
1319 3653 170 48 54154;
1521 3655 214 50 Century
1764 3669 66 30 co.

253 3703 278 48 (32-18849)

172 3805 236 66 Austin,
437 3805 245 66 Phyllis,
713 3810 171 50 1888-

243 3880 1914 80 Sunblinds, by Phyllis. Austin … London [etc.] W. Collins
171 3976 128 35 sons
323 3960 44 51 &
391 3976 97 49 co.,
514 3958 103 53 ltd.
650 3960 170 66 [1932]
