2563 4368
1095 4025 134 51 1149

141 426 270 67 [Powers,
440 421 154 56 John
623 419 273 68 Vincent]
933 419 171 56 1876-

202 503 139 51 Law
370 499 93 53 for
489 499 96 53 the
614 497 215 53 farmer
857 496 140 51 with
1028 494 180 53 forms
1239 491 92 54 for
1360 489 274 70 ordinary
1660 486 254 56 business
135 493 1966 140 transactions

378 577 113 53 and
517 575 215 54 certain
759 573 276 53 abstracts
1062 571 64 55 of
1151 572 96 51 the
1272 571 111 51 law
1409 568 65 54 of
1500 567 98 54 the
1622 572 172 48 states
1821 566 114 53 and
135 563 1967 159 territories;

363 640 1763 80 how to make your will … San Francisco, Calif., F. T.
137 732 452 66 Darvill [ ᶜ1 932]
207 820 28 40 5
259 831 43 37 p.
363 850 9 17 l.,
399 819 69 47 97,
498 819 55 49 [2]
580 827 43 39 p.
650 816 111 41 incl.
787 816 171 40 double
985 813 98 42 tab.
1142 813 146 40 17½ᶜᵐ.
1402 807 133 52 $1.00

144 886 52 53 ©
225 891 111 46 Apr.
365 889 68 47 12,
462 886 140 50 1932;
631 888 69 38 2c.
729 888 94 38 and
853 885 83 42 aff.
963 885 115 48 Apr.
1106 884 82 47 18;
1220 883 41 40 A
1289 882 170 48 50759;
1492 882 125 41 Fred
1645 882 55 41 T.
1729 879 207 43 Darvill.

223 945 278 49 (32-19709)

141 1055 1989 72 Quarterly cumulative index medicus … v. 11, January-June,
211 1134 1714 74 1932. Chicago, American medical association [ ᶜ1 932]
210 1226 116 40 1269
353 1237 44 37 p.
454 1223 146 42 26½ᶜᵐ.

148 1292 52 53 ©
232 1296 125 48 Sept.
384 1296 40 48 2,
453 1293 141 49 1932;
623 1294 67 40 2c.
720 1295 95 39 and
844 1293 81 41 aff.
958 1292 128 50 Sept.
1115 1293 53 47 6;
1199 1293 41 38 A
1268 1292 171 46 54663;
1471 1292 159 41 Amer.
1659 1290 209 42 medical
1896 1299 129 31 assn.

142 1411 473 67 Schlumberger,
644 1413 167 65 Jean,
845 1411 170 56 1877-

216 1491 168 56 Saint
413 1489 296 69 Saturnin,
735 1490 77 68 by
839 1490 150 54 Jean
1020 1488 464 69 Schlumberger;
1516 1487 317 54 translated
1862 1485 153 55 from
2044 1487 97 52 the

145 1569 223 53 French
402 1568 76 68 by
514 1568 265 68 Dorothy
813 1568 203 66 Bussy.
1087 1566 140 53 New
1263 1565 180 67 York,
1479 1564 191 69 Dodd,
1705 1564 172 54 Mead
1913 1566 46 50 &
143 1582 1973 132 company,
341 1648 150 52 1932.

215 1734 28 40 5
264 1745 44 37 p.
367 1763 9 17 l.,
399 1731 146 42 3-326
568 1742 44 39 p.
663 1731 144 41 19½ᶜᵐ.

154 1798 51 54 ©
237 1804 121 47 Aug.
389 1804 39 47 1,
460 1800 140 49 1932;
635 1801 67 42 2c.
735 1802 96 39 and
864 1800 83 40 aff.
979 1800 119 50 Aug.
1130 1801 54 46 3;
1218 1801 43 38 A
1292 1800 171 47 53448;
1499 1799 153 49 Dodd,
1687 1800 142 40 Mead
1863 1803 36 42 &
1931 1808 82 39 co.,
2049 1800 91 39 inc.

230 1858 277 50 (32-19825)

148 1977 241 65 Seltzer,
417 1974 247 59 Charles
688 1974 208 67 Alden,
926 1976 172 56 1875-

217 2054 141 54 War
381 2071 74 35 on
473 2051 311 56 Wishbone
811 2070 192 51 range,
1028 2051 75 71 by
1131 2050 237 56 Charles
1394 2050 193 55 Alden
1613 2050 234 56 Seltzer.
1909 2050 234 57 Garden

151 2130 154 70 City,
330 2131 72 53 N.
433 2131 91 67 Y.,
552 2129 359 71 Doubleday,
937 2129 198 54 Doran
1165 2129 45 51 &
1240 2145 299 55 company,
1568 2129 127 69 inc.,
1727 2132 151 52 1932.

218 2216 28 39 4
271 2227 45 37 p.
380 2248 9 17 l.,
416 2215 86 41 303
531 2226 43 37 p.
633 2215 118 41 20ᶜᵐ.

158 2282 52 54 ©
236 2288 115 47 July
375 2288 69 48 20,
470 2286 116 41 1932;
637 2286 69 42 2c.
732 2288 95 38 and
854 2287 82 40 aff.
960 2286 121 49 Aug.
1108 2287 52 47 8;
1188 2287 41 39 A
1254 2287 170 47 53555;
1453 2286 49 42 C.
1529 2288 55 40 A.
1612 2287 198 49 Seltzer,
1836 2286 158 41 North
224 2286 1904 106 Olmstead,

413 2343 134 41 Ohio.
618 2343 279 49 (32-20047)

153 2459 309 67 Sherman,
490 2461 222 55 Harold
739 2463 271 64 Morrow,
1040 2465 171 53 1898-

224 2534 1928 76 It’s a pass! By Harold M. Sherman … New York, The
156 2613 1028 73 Goldsmith publishing co. [ ᶜ1 931]
224 2700 642 51 4 p. l. , 13-243 p. 19½ᶜᵐ.
163 2767 52 53 ©
245 2772 102 40 Oct.
374 2773 39 46 1,
441 2770 140 48 1931;
611 2771 66 41 2c.
707 2774 96 38 and
830 2772 80 40 aff.
940 2771 117 49 July
1084 2773 67 48 13,
1182 2772 141 48 1932;
1353 2774 43 38 A
1423 2772 169 50 53385;
1625 2772 274 41 Goldsmith
1926 2773 112 48 pub.
2066 2784 83 34 co..

230 2828 90 41 inc.
390 2826 278 51 (32-19828)

157 2944 240 65 Spence,
428 2944 277 56 Kenneth
737 2945 372 57 Wartenbee.

163 3018 1965 148 … The reliability of the maze and methods of its determination,
344 3099 77 69 by
464 3099 269 55 Kenneth
778 3101 90 54 W.
917 3098 235 71 Spence.
1232 3102 337 70 Baltimore,
1613 3103 142 68 Md.,
1801 3104 122 52 The
1968 3101 186 56 Johns

161 3175 684 73 Hopkins press [ ᶜ1 932 ]
234 3252 281 48 cover-title,
561 3253 55 39 45
661 3264 45 37 p.
779 3254 144 48 illus.,
969 3253 179 48 diagrs.
1221 3254 149 42 25½ᶜᵐ.
1453 3254 367 52 (Comparative
1864 3255 292 52 psychology

167 3309 335 47 monographs,
557 3320 42 30 v.
627 3310 40 48 8,
695 3310 149 40 serial
871 3322 76 29 no.
973 3311 72 48 40,
1074 3311 127 49 May,
1230 3311 140 48 1932)

237 3364 375 43 “References”:
644 3378 44 37 p.
716 3367 161 41 44-45.

171 3429 52 53 ©
250 3437 113 46 May
387 3435 69 46 28,
482 3434 113 42 1932;
650 3436 68 42 2c.
744 3438 127 39 June
894 3439 52 46 6;
976 3437 82 42 aff.
1086 3438 116 49 July
1226 3440 54 46 8;
1307 3440 44 39 A
1376 3439 170 49 52350;
1576 3441 153 40 Johns
1757 3438 224 50 Hopkins
2005 3449 150 40 press.

249 3491 278 48 (32-20105)

167 3609 268 67 Sumner,
470 3611 155 57 Ann.

237 3681 1919 81 The glittering illusion, by Ann Sumner … New York,
170 3757 1145 74 Chicago, A. L. Burt company [ ᶜ1 932]
241 3831 87 43 288
356 3844 44 37 p.
459 3831 147 45 19½ᶜᵐ.

177 3890 52 53 ©
256 3896 120 49 Aug.
403 3897 38 47 5,
470 3896 140 50 1932;
640 3898 67 41 2c.
736 3902 94 37 and
860 3900 82 41 aff.
969 3901 120 48 Aug.
1117 3902 53 46 6;
1200 3902 41 39 A
1269 3902 170 49 54330;
1470 3903 55 42 A.
1554 3904 49 40 L.
1635 3905 124 41 Burt
1788 3915 68 30 co.

254 3951 279 52 (32-20043)
