2563 4368
1247 4044 132 49 1506

380 531 53 41 ix
455 541 59 39 p.,
538 530 29 40 2
625 560 10 18 l.,
658 529 146 41 3-313
826 540 44 38 p.
929 528 56 40 22½ᶜᵐ.

383 588 139 47 Maps
550 597 61 30 on
640 585 361 48 lining-papers.

315 655 50 51 ©
397 657 125 49 Sept.
550 656 39 49 9,
617 656 138 47 1932;
785 656 66 40 2c.
878 657 95 38 and
1001 654 81 41 aff.
1113 655 126 47 Sept.
1268 653 80 46 13;
1378 653 40 38 A
1445 652 170 41 55081;
1646 652 59 38 M.
1738 651 214 47 Markey,
1982 650 215 39 Atlanta.

392 713 279 49 (32-27066)

311 824 225 64 Mason,
566 822 210 52 Alfred
807 821 253 52 Edward
1089 818 296 64 Woodley.

381 900 121 52 The
532 897 270 70 sapphire.
892 898 164 67 chap.
1086 895 149 54 9-27.
1318 895 380 68 [Conclusion]

392 975 83 46 (In
517 970 199 43 London
758 969 148 42 News
948 966 262 50 chronicle,
1252 966 129 51 Aug.
1426 967 162 49 22-27,
1635 965 162 49 29-31,
1845 963 136 52 Sept.
2026 962 101 50 1-3,
2171 963 135 50 5-10,

314 1030 160 48 12-17,
509 1028 163 49 19-24,
705 1026 144 50 1932)

317 1092 1990 56 © 1c. each Oct. 20, 1932; A ad int. 17043; pubd. Aug. 22-27, 29-31,
387 1158 127 46 Sept.
549 1157 96 39 1-3.
682 1155 126 47 5-10,
845 1154 155 46 12-17,
1038 1152 169 48 19-24;
1248 1152 296 47 Doubleday,
1583 1152 163 37 Doran
1783 1150 36 39 &
1854 1160 80 37 co.,
1973 1149 103 47 inc.,
2115 1147 194 42 Garden

385 1212 122 48 City,
535 1212 56 40 N.
619 1213 52 38 Y.

312 1316 156 64 May,
502 1315 140 53 Earl
674 1313 246 66 Chapin,
956 1313 171 55 1873-

381 1392 121 52 The
527 1389 213 70 prairie
766 1389 228 68 pirates,
1019 1388 74 69 by
1119 1388 141 53 Earl
1289 1386 225 69 Chapin
1540 1386 136 69 May;
1734 1384 323 55 illustrated
2085 1384 71 68 by
2184 1383 123 52 Bob

314 1462 1532 73 Dean. New York city, Duffield & Green [ ᶜ1 932]
382 1537 748 50 5 p. l. , 3-360 p. plates. 21 ᶜᵐ.
318 1610 50 51 ©
401 1613 101 41 Oct.
533 1614 68 46 10,
631 1613 111 40 1932;
802 1612 66 39 2c.
901 1613 95 38 and
1028 1610 80 41 aff.
1141 1611 101 40 Oct.
1274 1610 54 39 12;
1390 1611 40 38 A
1462 1610 143 40 56448;
1666 1610 206 40 Duffield
1904 1610 36 39 &
1972 1608 168 40 Green.

394 1669 278 49 (32-28973)

313 1771 189 65 Mead,
536 1772 198 53 Frank
765 1772 273 64 Spencer,
1073 1775 169 50 1898-

383 1848 122 54 The
527 1849 194 53 march
748 1847 63 53 of
835 1848 190 52 eleven
1051 1866 145 49 men,
1221 1848 75 67 by
1321 1847 197 53 Frank
1545 1848 56 54 S.
1628 1847 186 52 Mead.
1891 1844 415 68 Indianapolis,

314 1925 1122 68 The Bobbs-Merrill company [ ᶜ1 932]
385 1997 648 50 xi p., 1 l., 15-236 p. 21 ᶜᵐ.
388 2055 161 41 “First
580 2054 226 41 edition.”

320 2123 50 51 ©
402 2127 127 47 Sept.
557 2126 67 47 14,
654 2125 139 48 1932;
823 2126 67 39 2c.
922 2125 124 48 Sept.
1077 2126 82 46 27;
1191 2125 81 40 aff.
1304 2126 126 47 Sept.
1460 2125 81 46 29;
1574 2125 39 38 A
1643 2124 168 47 55305;
1844 2122 366 41 Bobbs-Merrill
2241 2134 65 29 co.

397 2182 277 48 (32-28932)

315 2283 189 65 Mead,
537 2285 324 63 Margaret,
896 2287 171 51 1901-

385 2360 122 54 The
534 2359 288 68 changing
848 2360 218 52 culture
1093 2359 64 53 of
1184 2377 72 35 an
1285 2359 212 53 Indian
1524 2358 164 69 tribe,
1713 2359 76 68 by
1816 2359 295 67 Margaret
2138 2359 171 53 Mead

377 2436 1471 69 … New York, Columbia university press, 1932.
387 2511 96 48 xiv,
517 2511 84 40 313
636 2522 41 37 p.
740 2511 56 40 23½ᶜᵐ.
953 2510 264 50 [Columbia
1256 2511 271 48 university
1561 2509 354 43 contributions
1950 2513 47 39 to
318 2510 1972 106 anthropology,

446 2568 71 40 ed.
543 2567 61 48 by
628 2567 160 40 Franz
810 2567 141 40 Boas.
1012 2568 91 41 vol.
1127 2576 76 40 XV]

664 2622 131 48 CONTENTS.—pt.
834 2629 33 33 I.
906 2623 207 40 General
1150 2623 459 48 background.—pt.
1645 2629 54 35 II.
1737 2624 100 40 The
1876 2623 176 40 Indian
2091 2632 187 30 woman:

321 2682 84 39 her
435 2681 135 47 place
603 2679 50 39 in
686 2679 98 40 this
817 2678 239 49 changing
1087 2679 336 47 culture.—pt.
1518 2708 11 11 III.
1562 2680 215 39 Tabular
1809 2681 95 39 and
1938 2677 371 50 diagrammatic

320 2738 262 39 treatment
605 2736 53 40 of
681 2746 103 29 raw
807 2734 265 42 materials.

324 2803 50 51 ©
407 2806 101 40 Oct.
540 2807 38 46 1,
609 2804 112 41 1932;
781 2804 66 40 2c.
882 2804 101 40 Oct.
1015 2806 25 39 7;
1101 2805 81 41 aff.
1216 2805 101 41 Oct.
1350 2807 25 38 3;
1436 2807 41 38 A
1509 2806 141 41 55492;
1715 2807 248 41 Columbia
2000 2806 127 40 univ.
2160 2813 148 40 press.

400 2861 278 49 (32-28812)

320 2965 221 64 Meech,
566 2966 283 63 Harmon,
877 2965 172 63 Lytle
1076 2967 114 52 and
1218 2965 364 66 Blackmore,
1609 2964 251 69 Buffalo.

389 3042 122 52 The
550 3041 156 54 fiscal
748 3040 282 68 problems
1073 3040 63 53 of
1175 3040 444 69 municipalities
1661 3042 64 54 of
1765 3043 138 53 New
1946 3041 161 53 York
2147 3046 162 62 state,

320 3119 139 53 with
498 3117 384 69 comparative
921 3118 270 54 statistics
1232 3117 93 54 for
1363 3120 203 53 second
1605 3120 113 53 and
1755 3120 160 53 third
1953 3119 141 54 class
2133 3115 176 58 cities.

321 3197 289 67 Prepared
656 3196 111 52 and
813 3195 185 52 issued
1042 3195 76 68 by
1159 3196 214 68 Meech,
1415 3197 280 69 Harmon,
1737 3197 168 69 Lytle
1949 3198 113 53 and
321 3195 1965 132 Blackmore.

564 3272 673 68 Buffalo, N. Y. [ ᶜ1 932]
389 3347 59 40 48
478 3359 42 37 p.
581 3347 179 47 diagrs.
818 3346 55 40 23½ᶜᵐ.

328 3414 50 51 ©
410 3419 112 46 May
550 3417 68 47 28,
649 3416 139 47 1932;
820 3416 67 40 2c.
917 3417 95 38 and
1043 3415 79 40 aff.
1156 3416 124 39 June
1310 3418 80 46 15;
1424 3419 39 37 A
1494 3419 170 47 52605;
1698 3421 178 46 Meech,
1908 3421 232 45 Harmon,
2172 3420 139 45 Lytle

464 3471 645 48 & Blackmore. (32-28818)
324 3574 207 66 Meigs,
562 3575 267 54 Cornelia
857 3575 220 64 Lynde,
1111 3580 169 49 1884-

395 3650 174 55 Swift
601 3650 193 66 rivers,
827 3649 73 68 by
935 3648 263 55 Cornelia
1232 3650 210 68 Meigs;
1479 3652 140 52 with
1652 3652 376 55 illustrations
2061 3653 74 67 by
327 3653 1957 126 Forrest

469 3726 85 52 W.
593 3724 127 54 Orr.
790 3724 230 68 Boston,
1052 3723 194 70 Little,
1281 3726 226 69 Brown,
1542 3729 112 54 and
1689 3746 292 51 company,
2019 3732 147 49 1932.

391 3795 945 50 4 p. l. , [3]-234 p. front., illus. 21 ᶜᵐ.
395 3852 285 41 Illustrated
708 3851 362 48 lining-papers.

331 3921 50 51 ©
410 3925 124 48 Sept.
561 3924 39 47 9,
626 3923 139 48 1932;
793 3925 67 39 2c.
885 3927 94 39 and
1006 3924 80 39 aff.
1118 3924 125 48 Sept.
1271 3926 80 42 14;
1381 3927 40 38 A
1447 3927 168 47 54823;
1647 3929 219 41 Cornelia
1898 3930 164 48 Meigs,
2091 3929 217 48 Keokuk,

426 3992 41 28 Ia.
537 3980 277 49 (32-27002)
