2563 4368
1096 3932 67 55 73

233 390 98 39 "The
358 389 127 39 facts
510 388 165 40 herein
702 390 73 37 set
799 387 134 39 forth
959 396 83 30 are
1068 385 147 40 taken
1243 384 183 48 largely
1451 384 128 40 from
1602 384 83 40 the
1710 382 125 40 book
134 381 1976 105 ‘Washington

242 445 49 38 in
319 443 368 43 Germantown’,
714 443 256 47 published
998 442 50 39 in
1075 440 496 41 1905.”—Foreword.

141 500 50 51 ©
225 504 106 38 Jan.
367 503 38 48 8,
438 502 112 40 1932;
613 501 65 40 2c.
714 502 94 38 and
840 500 81 40 aff.
956 501 109 39 Jan.
1099 499 82 47 25;
1217 500 41 38 A
1290 498 171 48 47200;
1499 499 343 40 Germantown
1875 496 255 41 historical

207 559 194 47 society,
436 557 352 48 Philadelphia.
861 556 250 48 (32-2752)

134 658 264 66 Jenkins,
430 660 246 55 Charles
702 658 263 65 Francis,
998 663 170 49 1869-

205 735 121 51 The
349 734 263 68 boyhood
637 733 63 52 of
726 752 71 33 an
822 732 263 53 inventor
1115 735 90 65 [by]
1255 733 61 54 C.
1342 732 239 52 Francis
1608 731 258 54 Jenkins.
138 733 1966 145 Washington,

386 812 71 51 D.
491 811 61 54 C.
591 810 258 68 [Printed
880 812 74 65 by
987 809 272 53 National
1293 807 214 69 capital
1537 827 175 49 press,
1742 808 126 67 inc.]
1909 813 149 48 1931.

205 886 98 48 xix,
328 887 84 40 273
440 897 43 37 p.
509 886 109 41 incl.
644 886 163 48 front.,
834 887 142 46 illus.,
1003 888 149 45 ports.
1211 885 145 40 23½ᶜᵐ.

205 943 410 47 Autobiography.

141 997 1987 52 © Dec. 28, 1931; 2c. and aff. Jan. 13, 1932; A 45983; C. F. Jenkins,
207 1058 332 47 Washington.
611 1056 250 49 (32-2539)

134 1160 197 63 Jones,
359 1162 137 51 Mrs.
529 1159 190 55 Claire
748 1160 71 54 K.

204 1226 240 69 Hitting
467 1227 95 52 the
586 1227 140 68 high
750 1232 184 61 spots;
962 1227 191 51 letters
1179 1225 228 52 written
1431 1224 212 69 during
1665 1224 216 53 sixteen
1904 1225 228 51 months

135 1305 63 51 of
233 1304 333 68 wandering
599 1322 134 34 over
766 1309 230 62 strange
1030 1303 165 53 lands
1231 1303 112 52 and
1379 1320 207 50 among
1620 1307 230 62 strange
1887 1302 246 67 peoples,

137 1382 71 69 by
247 1380 190 56 Claire
473 1380 71 54 K.
583 1381 191 54 Jones.
849 1380 116 54 San
1003 1380 323 67 Francisco,
1363 1380 159 53 Priv.
1559 1380 176 67 print,
1774 1379 94 52 for
1903 1381 97 51 the
135 1397 1973 113 author

299 1460 232 66 [Taylor
557 1461 45 49 &
632 1458 230 68 Taylor]
900 1461 151 49 1931.

206 1540 1096 49 xii p., 1 l., 299 p. front., plates. 23½ᶜᵐ.
142 1594 50 52 ©
226 1599 111 39 Dec.
370 1599 68 40 23,
472 1596 140 48 1931;
647 1598 65 39 2c.
747 1598 109 40 Jan.
889 1597 40 43 2,
963 1596 140 47 1932;
1138 1597 82 41 aff.
1254 1598 109 39 Jan.
1397 1597 82 45 22;
1515 1598 41 38 A
1587 1596 170 42 48045;
1795 1597 49 41 C.
1878 1598 57 38 K.
1971 1598 161 47 Jones,

209 1656 267 46 Piedmont,
503 1654 143 41 Galif.
718 1654 248 48 (32-2522)

136 1756 258 68 [Jordan,
421 1760 138 53 Mrs.
589 1757 186 53 Helen
805 1756 293 68 Rosaline]
1137 1762 171 50 1891-

267 1832 1685 69 … Bricks and mortar, a novel … Garden City, N. Y.,
137 1834 1969 145 Doubleday,
391 1911 196 54 Doran
622 1910 112 53 and
769 1928 295 50 company,
1097 1909 125 67 inc.,
1261 1914 149 48 1932.

204 1980 529 50 4 p. l., 304 p. 21ᶜᵐ.
205 2037 230 42 Author’s
465 2038 180 48 pseud.,
679 2038 156 40 Helen
866 2037 202 49 Ashton,
1101 2039 53 40 at
1186 2039 124 40 head
1344 2039 52 40 of
1427 2037 122 43 title.

207 2094 163 42 “First
402 2093 226 43 edition.”

143 2151 1990 54 © Feb. 4, 1932; 2c. and aff. Feb. 18; A 48527; Doubleday, Doran & co.,
209 2211 91 41 inc.
372 2210 278 49 (32-26063)

138 2312 228 64 Kassel,
397 2311 179 55 Louis
606 2314 58 54 S.

206 2386 122 52 The
372 2385 241 53 kinetics
660 2384 64 54 of
769 2387 414 66 homogeneous
1231 2404 100 50 gas
1381 2385 298 69 reactions,
1726 2386 75 69 by
1849 2386 175 53 Louis
2077 2385 57 56 S.

137 2462 1998 72 Kassel … New York, The Chemical catalog company, inc.,
140 2543 149 49 1932.

204 2620 87 41 330
335 2631 44 38 p.
453 2621 180 48 diagrs.
706 2621 145 41 23½ᶜᵐ.
939 2621 279 49 (American
1266 2621 232 41 chemical
1546 2621 197 49 society.
1834 2621 298 50 Monograph

137 2678 163 40 series.
379 2688 75 30 [no.
484 2677 97 50 57])

206 2733 410 48 Bibliographical
648 2734 275 43 foot-notes.

146 2787 50 51 ©
222 2792 108 40 Jan.
355 2793 68 47 15,
448 2791 112 41 1932;
614 2793 67 39 2c.
708 2793 109 40 Jan.
843 2793 80 46 16;
951 2804 25 28 a
982 2792 49 39 ff.
1058 2794 110 40 Jan.
1193 2794 81 45 18;
1302 2794 41 38 A
1366 2793 171 47 47055;
1568 2793 244 41 Chemical
1838 2794 193 47 catalog
2053 2803 82 37 co.,

211 2848 89 40 inc.
372 2848 249 48 (32-2454)

139 2937 331 65 Kentucky.
544 2941 183 65 Laws,
755 2947 257 58 statutes,
1040 2949 101 47 etc.

210 3010 269 54 Carroll’s
517 3011 307 70 Kentucky
861 3014 179 66 codes,
1079 3012 153 55 Civil
1271 3014 113 51 and
1423 3011 300 68 Criminal,
1760 3012 139 52 with
1939 3010 198 70 forms,

139 3089 322 51 annotated.
533 3091 134 49 1932
699 3090 262 52 revision.
1030 3091 200 53 Linder
1260 3091 95 52 the
1387 3090 265 53 editorial
1685 3090 357 67 supervision
2073 3089 64 53 of

139 3165 1997 71 William Edward Baldwin … annotations by Richard Priest
139 3242 1995 70 Dietzman … Kennion K. Kauffman, associate editor. 8th ed.
141 3318 324 61 Cleveland,
491 3321 122 53 The
639 3321 266 53 Baldwin
933 3324 108 50 law
1067 3323 334 69 publishing
1427 3341 296 51 company,
1751 3326 152 49 1932.

209 3401 102 47 xiii,
345 3402 113 50 [790]
490 3414 30 36 p.
592 3404 115 40 26ᶜᵐ.

210 3458 208 40 Various
445 3459 217 48 pagings.

146 3509 1987 57 © Jan. 19, 1932; 2c. Jan. 20; aff. Feb. 6: A 47121; Baldwin law pub. co.
222 3571 247 48 (32-2510)

140 3659 367 66 Laubreaux,
537 3662 155 54 Alin.

207 3735 120 54 The
357 3736 195 67 happy
584 3737 254 66 glutton;
874 3756 68 32 an
976 3756 158 48 essay
1168 3756 70 33 on
1273 3736 239 69 cooking
1543 3738 326 53 considered
1901 3738 139 52 both
2073 3756 59 34 as

141 3830 24 32 a
205 3810 107 53 fine
348 3820 89 46 art
471 3814 109 51 and
616 3834 27 32 a
680 3814 242 67 worldly
957 3814 273 68 pleasure,
1265 3814 397 69 accompanied
1697 3817 74 66 by
1807 3816 213 66 recipes
2054 3833 54 34 se­
