2563 4368
1326 4081 134 53 1298

370 458 272 65 Bringer,
670 457 319 64 Rodolphe,
1022 457 168 54 1871-

505 531 1863 69 … Deux femmes et un monsieur, roman inédit. Paris, L.
373 613 489 67 Querelle [ ᶜ19 32 ]
444 686 681 50 2 p. l., [7]—251 p., 2 l. 18½ᶜᵐ.
380 740 1825 51 © June 27, 1932; 1c. Aug. 15; A— Foreign 17748; Louis Querelle.
457 799 278 48 (32-23262)

375 900 266 66 Browne,
676 901 221 64 Joseph
932 901 370 63 Greengrass
1336 900 388 65 Maximilian,
1763 906 168 50 1890-

446 978 242 52 Federal
727 978 286 67 appellate
1053 977 248 68 practice
1339 978 112 52 and
1490 978 340 68 procedure;
1871 995 31 34 a
1944 977 276 68 practical
375 977 1973 148 disquisition
680 1074 72 33 on

783 1056 95 52 the
911 1055 248 68 practice
1193 1055 113 53 and
1338 1056 312 67 procedure
1682 1055 60 52 in
1773 1055 96 53 the
1905 1055 274 68 Supreme
2214 1061 160 47 court

377 1134 64 52 of
474 1134 96 53 the
606 1134 216 53 United
862 1133 188 55 States
1087 1134 113 52 and
1237 1133 95 53 the
1369 1133 216 54 United
1624 1131 188 56 States
1852 1132 223 55 Circuit
2112 1138 160 48 court
2311 1131 64 55 of

377 1211 262 68 appeals;
680 1212 265 52 elements
983 1210 64 54 of
1083 1210 384 69 jurisdiction,
1505 1210 346 54 illustrative
1889 1210 199 68 forms,
2124 1211 149 53 rules
2312 1209 64 54 of

378 1289 267 68 practice,
677 1289 150 53 table
861 1288 63 53 of
956 1306 150 36 cases
1141 1290 114 52 and
1289 1289 229 68 general
1553 1288 187 54 index.
1810 1290 90 68 By
1936 1288 217 69 Joseph
2189 1287 69 56 G.
2295 1288 80 53 M.

379 1366 1859 69 Browne … Brooklyn, N. Y., Federal publications, 1932.
486 1439 307 48 x, 455 p. 26 ᶜᵐ.
388 1494 51 52 ©
464 1499 119 47 Aug.
608 1498 69 48 29,
703 1497 114 41 1932;
871 1498 67 41 2c.
965 1500 95 38 and
1086 1498 80 40 aff.
1193 1499 120 47 Aug.
1339 1498 54 40 31;
1450 1498 40 39 A
1515 1498 143 41 53884;
1715 1498 42 40 J.
1786 1498 53 41 G.
1865 1498 62 40 M.
1955 1499 220 46 Browne,
454 1497 1910 105 Brooklyn.
621 1554 254 48 (32-22719)

452 1656 139 53 New
622 1655 163 53 York
814 1661 145 48 state
991 1655 286 69 appellate
1306 1654 249 69 practice
1587 1656 113 52 and
1730 1656 338 67 procedure;
2105 1674 30 33 a
383 1653 1971 134 practical

500 1734 364 68 disquisition
894 1734 64 53 of
986 1735 96 51 the
1112 1733 248 69 practice
1392 1734 111 52 and
1535 1733 311 68 procedure
1877 1733 59 53 in
1967 1734 95 53 the
2094 1733 288 69 appellate

383 1817 188 48 courts
599 1812 64 53 of
688 1812 95 53 the
812 1817 143 48 state
983 1811 64 53 of
1075 1811 138 53 New
1235 1810 191 67 York;
1451 1810 266 53 elements
1735 1810 65 54 of
1820 1809 383 70 jurisdiction,
384 1810 1973 133 illustrative
639 1890 199 67 forms,
882 1890 149 52 rules
1075 1889 64 53 of
1182 1889 266 68 practice,
1492 1889 151 53 table
1687 1888 64 53 of
1796 1907 150 35 cases
1993 1889 114 52 and
2152 1888 229 69 general

385 1966 1994 70 index. By Joseph G. M. Browne … Brooklyn, N. Y., Federal
385 2045 400 68 publications,
821 2047 149 50 1932.

492 2116 316 50 x, 261 p. 26 ᶜᵐ.
395 2172 51 52 ©
481 2176 127 48 Sept.
641 2177 38 45 1,
712 2176 113 40 1932;
886 2175 67 41 2c.
986 2177 94 38 and
1114 2175 81 41 aff.
1231 2175 127 48 Sept.
1390 2174 25 39 2;
1478 2174 39 40 A
1550 2174 143 41 53932;
1756 2176 43 39 J.
1835 2175 52 40 G.
1920 2176 63 40 M.
2016 2176 220 48 Browne,
2269 2175 117 39 New

462 2233 142 38 York.
677 2231 279 48 (32-22720)

390 2336 297 62 Brunetti,
719 2335 158 55 Rita.

522 2408 1863 71 … L’atomo e le sue radiazioni. Bologna, N. Zanichelli,
393 2491 150 51 1932.

461 2548 1866 64 1 p. l., [v]-xiv, [2], 471 p., 1 l. illus., diagrs., xiv (i. e. 16) pl. 24 ᶜᵐ.
404 2617 384 49 (Pubblicazioni
825 2617 108 41 dell’
954 2617 201 41 Istituto
1192 2617 252 40 nazionale
1480 2617 50 40 di
1567 2617 150 40 ottica
1756 2617 49 40 di
1843 2617 215 48 Firenze,
2098 2630 44 27 n.
2181 2616 51 49 4)

464 2674 341 40 “Riferimenti
833 2673 346 47 bibliografici”
1207 2675 52 39 at
1286 2674 92 39 end
1406 2672 52 41 of
1483 2673 238 47 chapters.

400 2727 1989 53 © July 15, 1932; 1c. Aug. 4; A—Foreign 17626; Casa ed. N. Zanichelli.
479 2788 279 48 (32-23174)

395 2889 248 65 Cahuet,
676 2890 255 65 Albéric,
966 2891 169 55 1877-

531 2967 1855 69 … Sainte-Hélène, petite île, roman. Paris, Fasquelle [ᶜ1932]
466 3040 398 49 283 p., 1 l. 19 ᶜᵐ.
405 3093 1874 53 © June 10, 1932; 1c. Aug. 15; A—Foreign 17745; A. Cahuet, Paris.
482 3153 279 47 (32-23261)

404 3249 318 66 [Carslake,
753 3252 155 51 John
941 3251 517 67 Foster-Barham]
1497 3256 170 49 1889-

469 3325 120 52 The
632 3326 188 54 cradle
860 3326 63 52 of
962 3327 221 67 reality,
1226 3327 74 68 by
1340 3327 156 53 John
1535 3325 244 70 Hilsyde
1848 3326 207 68 [pseud.]
2135 3324 256 67 London,

399 3401 67 54 E.
497 3402 277 54 Mathews
801 3405 45 50 &
874 3404 238 68 Marrot,
1142 3407 150 50 1932.

468 3472 421 50 vii, 84 p. 19 ᶜᵐ .
408 3527 1967 101 © 1c. July 12, 1932; A ad int. 16643; pubd. May 17; John Foster Barham
617 3589 245 48 Carslake,
893 3590 218 48 Woking,
1146 3591 191 49 Surrey,
1369 3594 235 46 England.
1673 3591 278 49 (32-24000)

403 3674 295 68 Carswell,
728 3680 138 51 Mrs.
897 3679 317 54 Catherine
1254 3682 445 64 (MacFarlane)
1740 3683 170 53 1879-

472 3754 122 52 The
624 3771 206 51 savage
862 3756 372 69 pilgrimage;
1271 3777 31 34 a
1334 3759 290 53 narrative
1658 3757 65 54 of
1754 3759 73 52 D.
1860 3758 78 52 H.
1970 3757 320 63 Lawrence,
2320 3752 75 67 by

404 3829 1922 73 Catherine Carswell … London, Chatto and Windus, 1932.
471 3902 819 53 xiii, 296 p. front. (port.) 21 ᶜᵐ.
410 3954 1968 113 © 1c. Aug. 17, 1932; A ad int. 16753; pubd. June 23; C. Carswell, London. (32-23872)
