2563 4368
1376 4017 101 56 178

494 485 348 48 Bibliography:
905 496 42 37 p.
984 485 214 41 146-147.

431 554 51 51 ©
512 558 110 40 Feb.
652 558 38 45 5,
722 557 111 40 1932;
891 557 65 39 2c.
987 558 94 38 and
1111 556 82 40 aff.
1223 557 108 39 Feb.
1362 556 29 40 8;
1447 555 39 39 A
1514 555 171 45 47487;
1718 557 60 37 M.
1812 556 52 39 B.
1896 556 140 44 Barr,
2068 553 352 48 Philadelphia.

506 613 250 47 (32-4741)

421 715 424 64 Barthelmess,
875 716 244 52 Harriet
1150 717 158 63 May,
1343 721 169 49 1892-

495 792 121 53 The
651 792 245 67 validity
935 792 63 52 of
1034 792 358 69 intelligence
1429 798 109 46 test
1575 791 283 66 elements,
1893 791 75 67 by
2005 789 241 54 Harriet
2280 790 139 68 May

428 866 1994 70 Barthelmess … Published with the approval of Professor
424 946 257 55 William
721 947 72 53 A.
832 946 246 69 McCall,
1116 965 253 50 sponsor.
1445 947 138 52 New
1623 945 163 53 York
1822 944 134 69 city,
1996 945 278 54 Teachers
426 945 1971 147 college,

597 1023 299 55 Columbia
928 1024 334 69 university,
1295 1027 150 50 1931.

496 1098 82 48 vii,
623 1097 54 41 91
723 1109 42 37 p.
839 1097 153 49 diagr.
1064 1098 145 40 23½ᶜᵐ.
1294 1097 265 48 (Teachers
1602 1097 191 48 college,
1839 1095 251 42 Columbia
2137 1094 284 50 university.

428 1154 366 41 Contributions
824 1156 48 38 to
902 1154 271 48 education,
1203 1165 75 30 no.
1308 1152 111 49 505)

497 1212 170 39 Issued
696 1212 103 39 also
826 1221 54 30 as
908 1210 151 41 thesis
1087 1211 108 47 (PH.
1254 1210 34 47 D.)
1325 1209 250 42 Columbia
1603 1208 286 49 university.

499 1267 246 41 “Selected
776 1266 364 50 bibliography”:
1200 1278 43 37 p.
1270 1265 159 42 90-91.

435 1332 51 53 ©
520 1337 99 40 Oct.
652 1336 68 45 30,
755 1336 111 40 1931;
927 1336 67 42 2c.
1026 1336 108 40 Jan.
1166 1336 69 47 30,
1268 1335 112 41 1932;
1442 1334 82 41 aff.
1558 1335 110 41 Feb.
1698 1336 30 38 2;
1787 1336 39 39 A
1857 1335 144 41 48225;
2063 1335 239 42 Teachers
501 1337 1906 103 college,
650 1393 249 40 Columbia
936 1393 284 48 university.
1291 1392 249 48 (32-4648)

425 1497 217 65 Bigler,
671 1500 137 53 Mrs.
837 1498 307 63 Margaret
1172 1498 72 54 K.

498 1572 1926 70 A lantern to our children, by Margaret K. Bigler … with
431 1650 1931 69 foreword by the Right Reverend George Craig Stewart …
430 1728 1413 68 Milwaukee, Morehouse publishing co. [ ᶜ1932]
501 1802 83 48 xii,
611 1802 55 41 68
691 1812 58 38 p.,
777 1803 24 38 1
850 1834 9 9 l.
884 1802 109 41 incl.
1020 1802 162 47 front.,
1210 1801 142 48 illus.,
1381 1803 61 47 pl.
1503 1802 146 41 23½ᶜᵐ.

501 1859 225 40 Includes
756 1857 390 49 bibliographies.

437 1927 51 51 ©
522 1930 108 40 Feb.
665 1931 39 45 1,
737 1929 139 47 1932;
912 1930 65 39 2c.
1012 1930 110 38 Feb.
1155 1930 81 46 11;
1272 1929 80 40 aff.
1388 1930 110 40 Feb.
1531 1929 51 46 8;
1619 1929 38 39 A
1690 1929 171 47 47594;
1897 1930 285 41 Morehouse
2215 1930 109 48 pub.
2357 1942 67 29 co.

513 1987 250 47 (32-4652)

426 2091 234 53 Bisodol
690 2106 304 48 company,
1023 2092 138 51 New
1190 2092 223 53 Haven.

502 2166 301 68 Vomiting
831 2166 64 52 of
924 2184 356 49 pregnancy;
1315 2185 31 33 a
1375 2165 348 68 symposium
1756 2166 63 53 of
1850 2166 95 53 the
1974 2171 226 49 current
433 2166 1965 129 literature.

647 2243 139 52 New
822 2242 225 67 Haven,
1087 2241 198 68 Conn.,
1320 2242 290 68 Windsor,
1650 2242 153 68 Ont.,
1842 2243 122 53 The
2003 2243 235 53 Bisodol
433 2262 1966 127 company
661 2322 151 65 [ᶜ1932]

503 2391 922 49 2 p. l., 7-76 p. incl. plates. 23½ᶜᵐ.
506 2450 372 47 Bibliography:
908 2460 43 37 p.
980 2448 156 41 72-76.

439 2518 50 52 ©
520 2523 108 38 Jan.
658 2522 69 46 29,
756 2522 113 40 1932;
927 2522 67 40 2c.
1025 2522 108 38 Feb.
1163 2521 52 46 5;
1248 2521 81 41 aff.
1360 2521 109 39 Feb.
1498 2523 53 45 4;
1586 2522 39 38 A
1652 2522 172 46 48300;
1858 2521 194 41 Bisodol
2084 2533 68 30 co.
515 2578 249 49 (32-4729)

429 2682 272 65 Bradley,
731 2681 247 55 Francis
1003 2683 220 63 James,
1254 2684 323 53 1877-1925.

504 2759 55 52 A
583 2760 153 52 brief
761 2760 221 67 history
1008 2758 64 53 of
1097 2759 96 52 the
1218 2759 219 52 diocese
1460 2759 64 52 of
1550 2760 130 51 Fall
1708 2759 192 67 River,
1927 2760 190 66 Mass.,
2143 2759 75 68 by
436 2759 1965 132 Francis

549 2838 55 54 J.
642 2839 270 67 Bradley,
985 2880 9 9 D.
1070 2879 30 25 D.,
1136 2837 189 53 edited
1363 2838 113 52 and
1511 2838 251 69 brought
1796 2856 78 49 up
1913 2843 56 47 to
2008 2839 133 51 date
2173 2837 74 68 by
2285 2838 137 52 Rev.

434 2916 247 53 Michael
722 2917 70 53 V.
835 2915 348 69 McCarthy;
1227 2916 140 52 with
1411 2916 230 68 preface
1681 2916 75 68 by
1799 2917 95 51 Rt.
1938 2917 137 52 Rev.
2118 2916 194 54 James
2355 2916 67 52 E.

435 2993 975 70 Cassidy … [New York] 1931.
504 3069 974 49 2 p. l., 7-63 p. front., ports. 22ᶜᵐ.
440 3122 51 51 ©
522 3127 111 40 Dec.
662 3125 69 48 22,
761 3125 112 40 1931;
933 3126 67 40 2c.
1031 3126 95 39 and
1157 3125 80 40 aff.
1270 3125 110 39 Feb.
1412 3126 39 47 1,
1481 3125 113 41 1932;
1655 3126 40 39 A
1722 3126 144 39 47354;
1927 3126 165 39 James
2123 3126 51 38 E.
2207 3125 218 48 Cassidy,

507 3183 107 39 Fall
643 3183 160 46 River,
833 3185 146 38 Mass.
1049 3182 249 47 (32-4550)

429 3286 339 63 Brummell,
800 3287 225 63 George
1056 3286 219 63 Bryan,
1309 3286 322 54 1778-1840.

503 3367 154 53 Male
701 3367 114 53 and
861 3366 207 55 female
1113 3372 274 62 costume;
1439 3366 245 56 Grecian
1731 3367 114 53 and
1890 3367 223 52 Roman
2160 3372 264 62 costume,

435 3444 222 53 British
689 3450 247 49 costume
968 3443 152 55 from
1153 3444 95 54 the
1280 3444 223 53 Roman
1535 3443 260 55 invasion
1828 3444 151 52 until
2014 3446 134 51 1822
2182 3445 112 52 and
2326 3443 97 54 the

435 3521 309 68 principles
785 3521 64 53 of
888 3528 248 47 costume
1176 3521 234 68 applied
1449 3528 59 47 to
1550 3522 96 53 the
1687 3521 297 68 improved
2025 3522 154 52 dress
2222 3519 66 54 of
2327 3521 96 52 the

434 3605 225 61 present
698 3600 129 68 day,
865 3598 75 69 by
980 3600 158 52 Beau
1179 3600 317 52 Brummell
1533 3598 258 69 <George
1832 3599 197 67 Bryan
2072 3598 317 52 Brummell>

434 3675 336 52 Illustrated
814 3676 151 52 from
1007 3676 95 52 the
1142 3675 371 68 manuscript,
1556 3675 189 53 edited
1788 3677 112 50 and
1944 3674 139 52 with
2128 3693 73 34 an
434 3674 1963 130 introduction

697 3752 75 68 by
804 3752 248 53 Eleanor
1083 3751 234 53 Parker.
1386 3751 233 55 Garden
1653 3751 152 69 City,
1839 3751 69 52 N.
1943 3751 91 66 Y.,
2066 3751 356 68 Doubleday,

434 3828 196 53 Doran
658 3831 46 50 &
731 3846 297 52 company,
1055 3829 127 68 inc.,
1212 3830 149 51 1932.

503 3899 1059 49 xviii, 316 p., 1 1. incl. LXXXV pl. 28 ½ᶜᵐ .
504 3956 236 42 “Limited
773 3956 227 42 edition.”
