2563 4368
1104 4033 130 50 1183

255 490 107 41 “All
400 491 138 41 these
575 491 198 41 articles
813 493 95 39 and
949 503 177 38 poems,
1167 492 121 41 with
1330 504 86 29 one
1456 492 266 49 exception,
1763 491 124 43 have
1929 494 241 48 appeared

183 548 50 40 in
262 549 81 41 the
373 548 185 42 Double
588 547 207 42 dealer.”

254 601 1868 54 “The edition is strictly limited to 525 numbered copies … number …
182 661 96 42 12.”

187 715 54 51 ©
269 719 114 48 Apr.
413 719 69 46 30,
513 717 115 40 1932;
686 718 68 39 2c.
785 719 97 39 and
913 717 79 39 aff.
1028 720 113 45 May
1173 717 54 40 12;
1286 718 43 40 A
1359 717 146 40 49941;
1566 719 253 41 Casanova
1852 729 151 38 press.

263 773 278 51 (32-20509)

180 874 276 55 Favorite
489 875 200 54 stories
723 876 75 69 by
832 875 226 54 famous
1090 876 253 54 writers:
1374 874 175 57 Louis
1582 874 332 73 Bromfield,
1947 875 222 56 Fannie

248 953 204 64 Hurst,
488 952 89 54 W.
619 951 284 57 Somerset
937 951 333 70 Maugham,
1309 952 287 54 Kathleen
1634 952 221 70 Norris,
1891 954 171 53 Peter
2101 955 69 54 B.

248 1029 185 69 Kyne,
456 1030 195 53 Elmer
676 1030 250 53 Ransom;
981 1030 141 53 with
1145 1048 72 35 an
1240 1028 390 56 introduction
1653 1031 76 69 by
1752 1032 200 69 Harry
1974 1032 196 69 Payne

250 1104 916 71 Burton … New York, 1932.
244 1178 736 52 3 p. l. , 212 p. ports. 19 ᶜᵐ .
252 1235 185 43 Stories
464 1237 147 40 taken
639 1237 128 39 from
797 1235 360 49 Cosmopolitan
1185 1235 263 50 magazine.

184 1291 52 52 ©
264 1295 119 48 Aug.
411 1295 39 46 2,
481 1295 112 40 1932;
651 1295 68 40 2c.
750 1296 94 39 and
874 1295 82 41 aff.
985 1296 118 47 Aug.
1134 1295 54 39 12;
1247 1295 42 40 A
1317 1296 143 41 53617;
1521 1296 255 42 Internati,
1808 1297 251 46 magazine
2088 1308 82 35 co.,

251 1350 105 48 inc.,
384 1352 117 38 New
525 1351 144 40 York.
741 1350 278 50 (32-20304)

180 1452 191 66 Frith,
399 1454 223 65 Henry,
653 1458 172 51 1840-

247 1528 164 69 King
442 1529 226 52 Arthur
701 1530 113 53 and
848 1529 89 53 his
972 1529 253 70 knights,
1257 1530 76 69 by
1368 1530 203 69 Henry
1606 1530 199 68 Frith;
1844 1531 326 55 illustrated

181 1605 57 53 in
286 1606 153 54 color
485 1606 75 69 by
609 1606 197 54 Frank
856 1606 66 53 E.
975 1606 376 56 Schoonover.
1443 1606 251 69 [Garden
1745 1607 153 70 City,
1947 1609 70 53 N.
2072 1610 91 67 Y.]

181 1682 229 55 Garden
435 1683 137 69 City
594 1683 336 70 publishing
953 1701 99 51 co.,
1077 1684 128 69 inc.,
1230 1685 153 53 1932.

246 1753 1267 53 3 p. l. , v-xvii p., 2 l., 406 p. col. plates. 22½ᶜᵐ.
250 1812 286 41 Illustrated
562 1814 98 46 t.-p.
685 1812 50 40 in
761 1811 130 42 color
914 1823 62 30 on
1002 1814 95 39 two
1123 1813 176 43 leaves.

188 1864 51 52 ©
270 1869 116 49 July
420 1870 38 47 5,
493 1869 139 47 1932;
668 1870 67 41 2c.
770 1871 96 40 and
899 1870 82 41 aff.
1017 1872 114 46 July
1165 1870 82 48 30;
1285 1872 42 39 A
1359 1872 170 46 53558;
1569 1873 192 40 Garden
1798 1874 109 48 City
1942 1874 108 47 pub.
2087 1884 83 38 co.,

253 1924 84 43 inc.
403 1923 68 53 [©
505 1926 342 50 illustrations]
920 1926 279 50 (32-20301)

183 2025 240 69 Gilbert,
452 2029 223 65 Henry,
705 2034 172 51 1868-

251 2102 185 55 Bobin
479 2105 172 53 Hood
719 2106 76 69 [by]
864 2106 203 69 Henry
1113 2105 253 69 Gilbert;
1415 2107 326 54 illustrated
1788 2109 59 51 in
1894 2109 153 53 color
2093 2109 75 70 by

182 2179 198 54 Frank
415 2181 259 53 Godwin.
749 2182 250 66 [Garden
1037 2181 155 70 City,
1226 2183 72 53 N.
1333 2185 73 51 Y.]
1468 2183 233 55 Garden
1739 2184 138 70 City

182 2182 1961 148 publishing co., inc., ᶜ193 2.
253 2327 1249 55 3 p. l. , v-vii p., 3 l., 331 p. col. plates. 22½ ᶜᵐ .
255 2384 286 41 Illustrated
566 2390 97 45 t.-p.
692 2388 51 40 in
772 2388 131 41 color
932 2400 61 29 on
1022 2390 96 39 two
1147 2389 175 43 leaves.

190 2439 51 52 ©
275 2443 116 48 July
423 2443 39 47 5,
496 2442 134 52 1932;
665 2447 68 41 2c.
767 2447 95 41 and
897 2447 82 41 aff.
1012 2448 119 47 Aug.
1167 2448 81 47 11;
1285 2449 42 38 A
1360 2447 170 49 53609;
1569 2449 193 40 Garden
1798 2449 110 49 City
1942 2450 108 48 pub.
2087 2460 81 39 co.,

256 2499 89 42 inc.
410 2495 67 54 [©
512 2500 335 52 illustrations]
920 2503 256 49 (32-20305
1185 2507 14 46 )

186 2589 262 66 Greeley,
477 2591 213 56 Harold
717 2594 247 65 Dudley,
994 2599 172 51 1882-

253 2665 1918 76 Law for laymen, by Harold Dudley Greeley … New York,
184 2743 303 54 American
514 2743 252 55 institute
795 2746 333 70 publishing
1156 2766 96 49 co.,
1280 2749 126 67 inc.,
1437 2751 150 51 1932.

253 2812 705 55 xxiii p., 1 l., 347 p. 24 ᶜᵐ .
257 2871 216 42 Selected
506 2872 61 47 by
602 2872 82 40 the
717 2872 250 43 American
1001 2875 227 42 institute
1263 2876 53 43 of
1349 2879 319 41 accountants
1702 2880 210 48 through
1945 2880 66 41 its

184 2885 1965 87 committee
384 2939 60 29 on
476 2928 317 49 publications
828 2942 54 30 as
915 2943 28 29 a
976 2932 190 41 concise
1196 2933 272 49 exposition
1501 2946 60 29 on
1596 2935 305 42 commercial
1932 2939 110 41 law.
2104 2938 61 48 cf.

186 2983 209 42 Editor’s
424 2987 125 46 note,
579 2985 168 47 signed:
798 2988 54 40 A.
883 2989 49 41 P.
964 2989 316 41 Richardson.

191 3039 1975 61 © July 20, 1932; 2c. Aug. 9; aff. Aug. 10; A 53598; Amer. institute pub.
259 3110 80 38 co.,
370 3100 90 40 inc.
530 3100 279 49 (32-20201)

186 3190 201 64 Grose,
417 3191 242 55 Helena.

255 3265 120 53 The
404 3265 297 69 marrying
729 3266 159 67 kind,
908 3269 75 68 by
1013 3270 221 53 Helena
1268 3268 194 58 Grose.
1530 3272 138 52 New
1701 3270 180 69 York,
1911 3272 65 53 L.
188 3267 1952 146 MacVeagh,

429 3343 137 52 Dial
592 3361 175 49 press,
791 3343 128 68 inc.,
939 3348 150 52 1932.

255 3413 86 42 254
369 3425 44 38 p.
472 3414 146 41 19½ᶜᵐ.

193 3467 51 53 ©
275 3472 118 48 Aug.
426 3473 69 47 12,
527 3472 112 41 1932;
700 3473 67 41 2c.
800 3475 95 40 and
926 3476 75 41 aff.
1032 3477 117 47 Aug.
1183 3478 55 39 13;
1300 3478 42 38 A
1372 3479 142 39 54414;
1577 3479 113 39 Dial
1722 3488 149 40 press,
1905 3479 91 41 inc.

269 3527 277 50 (32-20525)

187 3617 283 65 Haefner,
497 3618 209 64 Ralph,
738 3623 172 50 1894-

257 3692 120 52 The
412 3693 329 67 typewriter
776 3693 60 53 in
870 3694 96 51 the
1004 3695 246 71 primary
1287 3699 111 53 and
1436 3696 391 56 intermediate
1864 3699 229 66 grades;
2136 3719 31 34 a

187 3768 151 53 basic
375 3769 354 53 educational
764 3769 332 55 instrument
1134 3773 92 52 for
1263 3791 251 51 younger
1554 3774 272 69 children,
1860 3775 76 68 by
1973 3775 190 68 Ralph

189 3844 1705 78 Haefner. New York, The Macmillan company, 1932.
257 3915 1041 54 xiv, 342 p. illus. (1 col.) diagr. 26 ᶜᵐ .
