2563 4368
1495 4071 98 55 100

510 465 293 63 Coleman,
834 463 198 54 Rufus
1059 461 250 64 Arthur,
1340 463 86 52 ed.

579 541 260 52 Western
871 556 163 50 prose
1068 537 112 53 and
1214 541 215 62 poetry,
1462 532 235 55 selected
1732 530 110 53 and
1877 527 185 54 edited
2098 528 74 66 by
2205 526 190 54 Rufus
2431 524 67 54 A.

513 604 1986 73 Coleman … New York and London, Harper & brothers, 1932.
580 695 727 52 xxi, 502 p. plates. 19½ ᶜᵐ .
584 770 162 40 “First
778 767 226 42 edition.”

583 825 233 43 Contains
848 821 391 51 bibliographies.

521 897 51 52 ©
601 901 109 41 Jan.
739 899 69 49 20,
837 896 113 43 1932;
1007 897 67 42 2c.
1103 897 109 39 Jan.
1240 893 82 50 20;
1353 894 82 41 aff.
1465 894 107 39 Jan.
1602 890 82 49 25;
1715 891 41 39 A
1783 891 171 45 47213;
1987 889 192 49 Harper
2207 889 40 40 &
2273 888 123 39 bros.

599 955 249 49 (32-3391)

521 1059 228 66 Collier,
776 1058 255 55 William
1059 1056 209 55 Miller.

654 1124 1850 76 … Annual cumulative supplement [1932] (including all
522 1214 264 69 previous
824 1214 387 68 supplements
1250 1212 112 52 and
1398 1215 58 47 to
1494 1208 262 66 January
1795 1211 47 63 1,
1881 1206 161 69 1932)
2090 1211 59 48 to
2186 1205 213 55 Collier
2435 1223 72 36 on

523 1284 1985 76 bankruptcy. 13th ed. … By Ralph E. Rogers … Albany,
524 1372 69 52 N.
621 1373 91 64 Y.,
737 1370 279 53 Matthew
1043 1368 226 54 Bender
1296 1371 45 50 &
1367 1384 297 50 company,
1690 1363 418 70 incorporated,
2137 1366 149 50 1932.

594 1455 531 52 1 p. l., 856 p. 25 ᶜᵐ .
530 1526 51 52 ©
611 1531 109 39 Jan.
749 1528 68 48 12,
845 1527 139 48 1932;
1015 1527 67 40 2c.
1112 1527 108 39 Jan.
1249 1526 82 46 14;
1363 1524 80 40 aff.
1474 1525 109 39 Jan.
1613 1524 81 46 13;
1725 1524 41 38 A
1793 1522 171 48 45984;
1998 1522 235 42 Matthew
2262 1523 188 39 Bender
2480 1522 36 40 &

597 1597 81 36 co.,
710 1586 90 39 inc.

530 1688 227 63 Corpus
778 1686 145 70 juris;
976 1687 170 68 being
1171 1706 30 33 a
1225 1687 275 67 complete
1524 1685 111 52 and
1659 1684 326 67 systematic
2007 1687 303 50 statement
2333 1682 62 54 of
2417 1681 96 55 the

600 1768 181 51 whole
809 1765 150 68 body
990 1765 63 52 of
1082 1765 95 52 the
1206 1764 110 52 law
1346 1782 60 34 as
1436 1762 295 54 embodied
1761 1762 63 52 in
1850 1762 113 52 and
1993 1762 310 69 developed
2331 1763 75 67 by
2436 1761 77 54 all

600 1838 1891 137 reported decisions. Edited by William Mack … and Donald
723 1916 1793 73 J. Kiser … v. 56. New York, The American law book
603 2019 107 48 co.;
742 2000 258 67 London,
1029 1998 393 55 Butterworth
1452 2003 45 49 &
1527 2017 98 48 co.,
1658 2001 149 50 1932.

602 2085 564 49 xxviii, 1287 p. 26 ᶜᵐ .
538 2154 53 53 ©
618 2159 110 39 Jan.
758 2157 55 40 15,
913 2157 61 41 1932;
1026 2156 69 40 2c.
1125 2155 110 40 Feb.
1266 2156 51 45 8;
1350 2155 80 40 aff.
1463 2155 109 40 Feb.
1604 2155 81 48 10;
1718 2156 42 39 A
1786 2156 171 47 48435;
1989 2155 146 41 Amer.
2178 2159 96 37 law
2303 2157 123 39 book
2454 2167 69 30 co.

535 2273 340 65 Crampton,
905 2275 205 62 Henry
1138 2272 271 65 Edward,
1441 2274 171 53 1875-

604 2352 121 52 The
761 2349 226 70 coming
1023 2350 112 52 and
1171 2347 288 55 evolution
1495 2350 63 52 of
1594 2347 133 70 life;
1767 2352 127 51 how
1929 2349 184 71 living
2149 2350 194 69 things
2379 2352 141 52 have

535 2423 1986 76 come to be as they are, by Henry Edward Crampton … New
537 2500 1594 75 York, The University society, incorporated [ ᶜ1 931]
611 2585 1914 56 iv p., 1 l., 103 p. illus. 23ᶜᵐ. (The University series; highlights of
541 2650 197 39 modern
769 2646 293 48 knowledge.
1125 2644 225 50 Biology)

611 2715 343 49 “Suggestions
982 2717 79 39 for
1090 2715 195 40 further
1315 2713 212 50 reading,
1558 2718 234 47 prepared
1824 2717 58 47 by
1913 2718 81 39 the
2025 2717 211 41 editors”
2255 2727 8 29 :
2296 2728 42 37 p.
2368 2716 157 42 95-96.

546 2787 51 52 ©
627 2791 110 39 Dec.
768 2790 69 45 23,
865 2787 113 42 1931;
1037 2788 65 39 2c.
1134 2789 95 38 and
1259 2786 81 42 aff.
1372 2788 110 39 Dec.
1513 2788 56 39 28;
1627 2788 41 39 A
1696 2787 144 41 46805;
1901 2788 244 42 University
2213 2789 193 46 society,
2439 2788 88 39 inc.

625 2847 248 48 (32-3377)

545 2951 310 61 Cranston,
884 2948 146 53 Paul
1056 2948 64 54 F.

615 3024 253 54 Camden
899 3028 225 62 county,
1163 3026 305 50 1681-1931;
1534 3028 111 48 two
1679 3024 261 53 hundred
1974 3025 111 53 and
2120 3024 217 53 fiftieth
546 3023 1958 146 anniversary;
835 3100 94 53 the
956 3106 85 46 story
1140 3101 64 52 of
1233 3118 72 34 an
1334 3099 307 53 industrial
1668 3098 229 71 empire,
1927 3101 229 54 written
2181 3102 76 67 by
2285 3102 148 52 Paul
2463 3102 64 51 F.

548 3178 310 67 Cranston;
902 3176 150 53 from
1094 3177 147 52 facts
1282 3178 112 52 and
1434 3178 207 66 figures
1682 3179 316 68 appearing
2037 3177 60 54 in
2137 3198 73 34 an
2249 3178 281 54 economic

547 3274 203 49 survey
792 3256 164 52 made
998 3255 75 67 by
1114 3254 182 67 Loyal
1338 3255 71 51 D.
1455 3253 235 55 Odhner
1735 3257 112 51 and
1891 3256 235 54 Charles
2170 3257 55 53 J.
2270 3256 258 67 Mooney.

548 3332 269 65 Camden,
846 3333 70 52 N.
947 3333 75 64 J.,
1053 3330 251 56 Camden
1335 3336 208 62 county
1575 3331 261 53 chamber
1867 3332 64 53 of
1958 3351 321 49 commerce,
2312 3337 149 49 1931.

652 3414 1310 54 v, [1], 193, [1] p. front., illus. (incl. maps) 27 ᶜᵐ .
555 3485 51 52 ©
633 3490 109 39 Jan.
769 3489 67 47 18,
864 3487 111 42 1932;
1031 3488 66 40 2c.
1125 3489 94 38 and
1247 3486 81 44 aff.
1357 3488 109 42 Jan.
1491 3488 82 45 29;
1602 3489 40 37 A
1668 3488 170 46 47285;
1870 3487 210 42 Camden
2108 3492 175 44 county
2312 3487 225 41 chamber

623 3546 50 38 of
707 3554 272 31 commerce.
1050 3543 248 48 (32-3464)

552 3646 394 65 Cunnington,
976 3648 266 61 Morgan.

621 3723 235 53 Heaven
885 3720 49 54 is
965 3741 32 32 a
1028 3721 118 65 hat,
1176 3722 72 64 by
1284 3720 240 68 Morgan
1559 3719 368 69 Cunnington;
1992 3722 138 53 with
2162 3720 376 56 illustrations

554 3793 1888 77 by Steele Savage. New York, The Vanguard press [ ᶜ1 932]
621 3877 882 51 191 p. incl. front., plates. 19½ ᶜᵐ .
560 3949 51 52 ©
642 3954 108 38 Jan.
778 3951 69 44 27,
878 3950 111 43 1932;
1047 3951 65 40 2c.
1145 3952 108 40 Feb.
1283 3952 26 39 4;
1368 3951 80 39 aff.
1481 3952 109 39 Feb.
1621 3952 25 39 2;
1704 3951 40 39 A
1773 3952 143 40 48281;
2019 3955 220 46 Vanguard
2269 3964 147 38 press,
2448 3952 89 42 inc.

638 4008 248 53 (32-3290)
