<alto xmlns="http://www.loc.gov/standards/alto/ns-v3#" xmlns:xlink="http://www.w3.org/1999/xlink" xmlns:xsi="http://www.w3.org/2001/XMLSchema-instance" xsi:schemaLocation="http://www.loc.gov/standards/alto/ns-v3# http://www.loc.gov/alto/v3/alto-3-0.xsd"><Description>
<MeasurementUnit>pixel</MeasurementUnit>
<sourceImageInformation>
<fileName>1932_v29_part001.pdf</fileName>
</sourceImageInformation>
<OCRProcessing ID="IdOcr">
<ocrProcessingStep>
<processingDateTime>2019-04-25</processingDateTime>
<processingSoftware>
<softwareCreator>ABBYY</softwareCreator>
<softwareName>ABBYY Recognition Server</softwareName>
<softwareVersion>4.0</softwareVersion>
</processingSoftware>
</ocrProcessingStep>
</OCRProcessing>
</Description>
<Styles>
<ParagraphStyle ID="StyleId-FFFFFFFF-FFFF-FFFF-FFFF-FFFFFFFFFFFF-" ALIGN="Left" LEFT="0." RIGHT="0." FIRSTLINE="0."/>
<ParagraphStyle ID="StyleId-547D96D3-B2DE-4E86-A4BD-9DDFC275973A-" ALIGN="Left" LEFT="0." RIGHT="0." FIRSTLINE="0." LINESPACE="7.699999809"/>
<ParagraphStyle ID="StyleId-BE433B82-DF6F-491A-9872-F562FF4150C8-" ALIGN="Block" LEFT="0." RIGHT="0." FIRSTLINE="-13." LINESPACE="7.900000095"/>
<ParagraphStyle ID="StyleId-CC286467-50C5-4655-B0CF-BA365CCE0736-" ALIGN="Block" LEFT="0." RIGHT="0." FIRSTLINE="-15." LINESPACE="8.479999542"/>
<ParagraphStyle ID="StyleId-9878414D-BEDB-487D-971A-CF5ADB5C4AD2-" ALIGN="Block" LEFT="0." RIGHT="0." FIRSTLINE="-14." LINESPACE="10.92000008"/>
<ParagraphStyle ID="StyleId-EBC70DE5-3635-4BD4-B07B-05DF6EFE0022-" ALIGN="Block" LEFT="0." RIGHT="0." FIRSTLINE="-13." LINESPACE="12.19999981"/>
<ParagraphStyle ID="StyleId-8A688F83-F017-4D5D-A00A-14637016ED45-" ALIGN="Left" LEFT="0." RIGHT="0." FIRSTLINE="0." LINESPACE="9.399999619"/>
<ParagraphStyle ID="StyleId-20F0BBAE-20C6-42F4-8113-00B5C02924DC-" ALIGN="Left" LEFT="0." RIGHT="0." FIRSTLINE="0." LINESPACE="11.10000038"/>
<ParagraphStyle ID="StyleId-7AA70148-8873-4ACB-90AE-BF9322E02302-" ALIGN="Left" LEFT="0." RIGHT="0." FIRSTLINE="-13." LINESPACE="11.09000015"/>
<ParagraphStyle ID="StyleId-072EF7BA-7207-4F8B-9A7C-F564E8B4CB16-" ALIGN="Left" LEFT="0." RIGHT="0." FIRSTLINE="-14." LINESPACE="12.19999981"/>
<ParagraphStyle ID="StyleId-44303D12-21D7-4DB0-9E9F-87FA1A861DD7-" ALIGN="Block" LEFT="0." RIGHT="0." FIRSTLINE="-14." LINESPACE="10.92000008"/>
<ParagraphStyle ID="StyleId-43CF0D44-8AC2-4CD0-865F-942C78705184-" ALIGN="Block" LEFT="0." RIGHT="0." FIRSTLINE="-13." LINESPACE="12.19999981"/>
<ParagraphStyle ID="StyleId-7A298A86-29F5-413A-AEC9-078A4CC464D7-" ALIGN="Block" LEFT="0." RIGHT="0." FIRSTLINE="13." LINESPACE="12.19999981"/>
<ParagraphStyle ID="StyleId-8E4E86F7-C1F9-4A1A-B605-6B1FC1C8E9F7-" ALIGN="Left" LEFT="0." RIGHT="0." FIRSTLINE="0." LINESPACE="11.60000038"/>
<ParagraphStyle ID="StyleId-AB39791B-5ED1-444F-BEF5-2CFED1F2709A-" ALIGN="Left" LEFT="0." RIGHT="0." FIRSTLINE="-13." LINESPACE="11.09000015"/>
<ParagraphStyle ID="StyleId-C1F2EEE7-CD00-4E11-9EAD-B222287AEDA4-" ALIGN="Center" LEFT="0." RIGHT="0." FIRSTLINE="0." LINESPACE="11.10000038"/>
</Styles>
<Layout>
<Page ID="Page1843" PHYSICAL_IMG_NR="1843" HEIGHT="4368" WIDTH="2563">
<TopMargin HEIGHT="587" WIDTH="2563" VPOS="0" HPOS="0">
</TopMargin>
<LeftMargin HEIGHT="3665" WIDTH="185" VPOS="587" HPOS="0">
</LeftMargin>
<RightMargin HEIGHT="3665" WIDTH="269" VPOS="587" HPOS="2294">
</RightMargin>
<BottomMargin HEIGHT="116" WIDTH="2563" VPOS="4252" HPOS="0">
</BottomMargin>
<PrintSpace HEIGHT="3665" WIDTH="2109" VPOS="587" HPOS="185">
<TextBlock ID="Page1843_Block1" HEIGHT="118" WIDTH="290" VPOS="4134" HPOS="1088" LANG="en-US" STYLEREFS="StyleId-9D4FEB7C-6FF9-479B-9172-3153492E026F-">
<TextLine HEIGHT="49" WIDTH="131" VPOS="4141" HPOS="1175">
<String CONTENT="1843" HEIGHT="49" WIDTH="131" VPOS="4141" HPOS="1175"/>
</TextLine>
</TextBlock>
<TextBlock ID="Page1843_Block2" HEIGHT="3613" WIDTH="2109" VPOS="587" HPOS="185" LANG="en-US" CS="1" STYLEREFS="StyleId-DF149A27-87FA-41A0-AC93-B3E66DFA3BA8-">
<Shape>
<Polygon POINTS="185,587 2294,587 2294,4094 686,4094 686,4200 185,4200 185,587"/>
</Shape>
<TextLine HEIGHT="110" WIDTH="1973" VPOS="588" HPOS="218" CS="1">
<String LANG="la" CONTENT="vi," HEIGHT="47" WIDTH="61" VPOS="602" HPOS="287"/>
<SP/>
<String LANG="la" CONTENT="226" HEIGHT="39" WIDTH="87" VPOS="600" HPOS="396"/>
<SP HEIGHT="47" WIDTH="43" VPOS="600" HPOS="484"/>
<String LANG="la" CONTENT="p." HEIGHT="37" WIDTH="42" VPOS="610" HPOS="528"/>
<SP HEIGHT="40" WIDTH="74" VPOS="598" HPOS="571"/>
<String LANG="la" CONTENT="23" HEIGHT="40" WIDTH="56" VPOS="598" HPOS="646"/>
<String CS="1" CONTENT="&#189;&#7580;&#7504;"/>
<String LANG="la" CONTENT="." HEIGHT="7" WIDTH="8" VPOS="630" HPOS="783"/>
<SP HEIGHT="47" WIDTH="84" VPOS="597" HPOS="792"/>
<String CONTENT="(Teachers" HEIGHT="49" WIDTH="264" VPOS="595" HPOS="877"/>
<SP HEIGHT="31" WIDTH="46" VPOS="604" HPOS="1142"/>
<String CONTENT="college," HEIGHT="48" WIDTH="191" VPOS="593" HPOS="1189"/>
<SP HEIGHT="48" WIDTH="49" VPOS="592" HPOS="1381"/>
<String CONTENT="Columbia" HEIGHT="41" WIDTH="249" VPOS="591" HPOS="1431"/>
<SP HEIGHT="31" WIDTH="49" VPOS="600" HPOS="1681"/>
<String CONTENT="university." HEIGHT="49" WIDTH="283" VPOS="589" HPOS="1731"/>
<SP HEIGHT="42" WIDTH="76" VPOS="588" HPOS="2015"/>
<String CONTENT="Contributions" HEIGHT="110" WIDTH="1973" VPOS="588" HPOS="218"/>
</TextLine>
<TextLine HEIGHT="50" WIDTH="578" VPOS="649" HPOS="505">
<String CONTENT="to" HEIGHT="38" WIDTH="47" VPOS="657" HPOS="505"/>
<SP HEIGHT="30" WIDTH="25" VPOS="665" HPOS="553"/>
<String CONTENT="education," HEIGHT="47" WIDTH="270" VPOS="652" HPOS="579"/>
<SP HEIGHT="35" WIDTH="24" VPOS="664" HPOS="850"/>
<String CONTENT="no." HEIGHT="29" WIDTH="74" VPOS="663" HPOS="875"/>
<SP HEIGHT="41" WIDTH="23" VPOS="651" HPOS="950"/>
<String CONTENT="521)" HEIGHT="48" WIDTH="109" VPOS="649" HPOS="974"/>
</TextLine>
<TextLine HEIGHT="51" WIDTH="1417" VPOS="703" HPOS="288" CS="1">
<String CONTENT="Issued" HEIGHT="38" WIDTH="170" VPOS="713" HPOS="288"/>
<SP HEIGHT="37" WIDTH="31" VPOS="713" HPOS="459"/>
<String CONTENT="also" HEIGHT="38" WIDTH="101" VPOS="712" HPOS="491"/>
<SP HEIGHT="28" WIDTH="30" VPOS="721" HPOS="593"/>
<String CONTENT="as" HEIGHT="28" WIDTH="54" VPOS="721" HPOS="624"/>
<SP HEIGHT="38" WIDTH="31" VPOS="711" HPOS="679"/>
<String CONTENT="thesis" HEIGHT="39" WIDTH="151" VPOS="708" HPOS="711"/>
<SP HEIGHT="46" WIDTH="27" VPOS="708" HPOS="863"/>
<String CS="1" CONTENT="(PH." HEIGHT="46" WIDTH="108" VPOS="708" HPOS="891"/>
<SP HEIGHT="30" WIDTH="29" VPOS="717" HPOS="1000"/>
<String CS="1" CONTENT="D.)" HEIGHT="46" WIDTH="35" VPOS="707" HPOS="1061"/>
<SP HEIGHT="47" WIDTH="39" VPOS="706" HPOS="1097"/>
<String CONTENT="Columbia" HEIGHT="41" WIDTH="251" VPOS="704" HPOS="1137"/>
<SP HEIGHT="28" WIDTH="31" VPOS="715" HPOS="1389"/>
<String CONTENT="university." HEIGHT="47" WIDTH="284" VPOS="703" HPOS="1421"/>
</TextLine>
<TextLine HEIGHT="54" WIDTH="687" VPOS="761" HPOS="289">
<String CONTENT="Bibliography:" HEIGHT="49" WIDTH="373" VPOS="766" HPOS="289"/>
<SP HEIGHT="37" WIDTH="29" VPOS="776" HPOS="663"/>
<String CONTENT="p." HEIGHT="37" WIDTH="42" VPOS="776" HPOS="693"/>
<SP HEIGHT="40" WIDTH="23" VPOS="764" HPOS="736"/>
<String CONTENT="219-226." HEIGHT="42" WIDTH="216" VPOS="761" HPOS="760"/>
</TextLine>
<TextLine HEIGHT="58" WIDTH="1986" VPOS="827" HPOS="224" CS="1">
<String CONTENT="&#169;" HEIGHT="52" WIDTH="51" VPOS="833" HPOS="224"/>
<SP HEIGHT="52" WIDTH="35" VPOS="833" HPOS="276"/>
<String CONTENT="Oct." HEIGHT="40" WIDTH="101" VPOS="837" HPOS="312"/>
<SP HEIGHT="41" WIDTH="33" VPOS="836" HPOS="414"/>
<String CONTENT="6," HEIGHT="48" WIDTH="39" VPOS="836" HPOS="448"/>
<SP HEIGHT="46" WIDTH="33" VPOS="838" HPOS="488"/>
<String CS="1" CONTENT="1932;" HEIGHT="40" WIDTH="113" VPOS="835" HPOS="522"/>
<SP HEIGHT="41" WIDTH="35" VPOS="834" HPOS="662"/>
<String CONTENT="2c." HEIGHT="39" WIDTH="66" VPOS="834" HPOS="698"/>
<SP HEIGHT="39" WIDTH="32" VPOS="834" HPOS="765"/>
<String CS="1" CONTENT="Nov." HEIGHT="30" WIDTH="71" VPOS="843" HPOS="844"/>
<SP HEIGHT="39" WIDTH="35" VPOS="834" HPOS="916"/>
<String CONTENT="19;" HEIGHT="47" WIDTH="80" VPOS="831" HPOS="952"/>
<SP HEIGHT="36" WIDTH="37" VPOS="842" HPOS="1033"/>
<String CONTENT="aff." HEIGHT="41" WIDTH="80" VPOS="830" HPOS="1071"/>
<SP HEIGHT="40" WIDTH="35" VPOS="831" HPOS="1152"/>
<String CS="1" CONTENT="Nov." HEIGHT="30" WIDTH="71" VPOS="840" HPOS="1234"/>
<SP HEIGHT="41" WIDTH="33" VPOS="829" HPOS="1306"/>
<String CONTENT="25;" HEIGHT="47" WIDTH="82" VPOS="829" HPOS="1340"/>
<SP HEIGHT="45" WIDTH="36" VPOS="831" HPOS="1423"/>
<!-- cceid 1112259A-6D7D-1014-B4A5-D7A31D17AB40 --><String CONTENT="A" HEIGHT="37" WIDTH="40" VPOS="831" HPOS="1460"/>
<SP HEIGHT="39" WIDTH="32" VPOS="830" HPOS="1501"/>
<String CONTENT="58074;" HEIGHT="47" WIDTH="170" VPOS="829" HPOS="1534"/>
<SP HEIGHT="47" WIDTH="37" VPOS="829" HPOS="1705"/>
<String CONTENT="Teachers" HEIGHT="41" WIDTH="239" VPOS="827" HPOS="1743"/>
<SP HEIGHT="29" WIDTH="34" VPOS="839" HPOS="1983"/>
<String CONTENT="college," HEIGHT="46" WIDTH="192" VPOS="827" HPOS="2018"/>
</TextLine>
<TextLine HEIGHT="48" WIDTH="756" VPOS="889" HPOS="294">
<String CONTENT="Columbia" HEIGHT="40" WIDTH="246" VPOS="892" HPOS="294"/>
<SP HEIGHT="30" WIDTH="31" VPOS="902" HPOS="541"/>
<String CONTENT="univ." HEIGHT="38" WIDTH="127" VPOS="892" HPOS="573"/>
<SP HEIGHT="45" WIDTH="71" VPOS="892" HPOS="701"/>
<String CONTENT="(32-35056)" HEIGHT="48" WIDTH="277" VPOS="889" HPOS="773"/>
</TextLine>
<TextLine HEIGHT="66" WIDTH="871" VPOS="993" HPOS="222" STYLEREFS="StyleId-2F46AB04-4914-427F-BB0D-D66028BD8CC1-">
<String CONTENT="Looney," HEIGHT="63" WIDTH="250" VPOS="996" HPOS="222"/>
<SP HEIGHT="64" WIDTH="27" VPOS="995" HPOS="473"/>
<String CONTENT="William" HEIGHT="55" WIDTH="255" VPOS="993" HPOS="501"/>
<SP HEIGHT="52" WIDTH="25" VPOS="994" HPOS="757"/>
<String CONTENT="W.," HEIGHT="62" WIDTH="106" VPOS="994" HPOS="783"/>
<SP HEIGHT="57" WIDTH="32" VPOS="999" HPOS="890"/>
<String CONTENT="1891-" HEIGHT="49" WIDTH="170" VPOS="997" HPOS="923"/>
</TextLine>
<TextLine HEIGHT="75" WIDTH="1921" VPOS="1063" HPOS="290" STYLEREFS="StyleId-9D4FEB7C-6FF9-479B-9172-3153492E026F-">
<String CONTENT="Anatomy" HEIGHT="67" WIDTH="291" VPOS="1071" HPOS="290"/>
<SP HEIGHT="50" WIDTH="44" VPOS="1088" HPOS="582"/>
<String CONTENT="of" HEIGHT="53" WIDTH="64" VPOS="1069" HPOS="627"/>
<SP HEIGHT="52" WIDTH="44" VPOS="1069" HPOS="692"/>
<String CONTENT="the" HEIGHT="51" WIDTH="95" VPOS="1071" HPOS="737"/>
<SP HEIGHT="54" WIDTH="45" VPOS="1068" HPOS="833"/>
<String CONTENT="brain" HEIGHT="53" WIDTH="165" VPOS="1068" HPOS="879"/>
<SP HEIGHT="34" WIDTH="46" VPOS="1086" HPOS="1045"/>
<String CONTENT="and" HEIGHT="52" WIDTH="113" VPOS="1068" HPOS="1092"/>
<SP HEIGHT="52" WIDTH="45" VPOS="1068" HPOS="1206"/>
<String CONTENT="spinal" HEIGHT="68" WIDTH="189" VPOS="1066" HPOS="1252"/>
<SP HEIGHT="51" WIDTH="46" VPOS="1068" HPOS="1442"/>
<String CONTENT="cord," HEIGHT="67" WIDTH="153" VPOS="1066" HPOS="1489"/>
<SP HEIGHT="68" WIDTH="45" VPOS="1065" HPOS="1643"/>
<String CONTENT="by" HEIGHT="69" WIDTH="75" VPOS="1065" HPOS="1689"/>
<SP HEIGHT="70" WIDTH="43" VPOS="1064" HPOS="1765"/>
<String CONTENT="William" HEIGHT="56" WIDTH="262" VPOS="1063" HPOS="1809"/>
<SP HEIGHT="54" WIDTH="46" VPOS="1064" HPOS="2072"/>
<String CONTENT="W." HEIGHT="54" WIDTH="92" VPOS="1064" HPOS="2119"/>
</TextLine>
<TextLine HEIGHT="75" WIDTH="1994" VPOS="1141" HPOS="221" STYLEREFS="StyleId-9D4FEB7C-6FF9-479B-9172-3153492E026F-" CS="1">
<String CONTENT="Looney" HEIGHT="66" WIDTH="229" VPOS="1150" HPOS="221"/>
<SP HEIGHT="49" WIDTH="35" VPOS="1167" HPOS="451"/>
<String CS="1" CONTENT="&#8230;"/>
<SP HEIGHT="33" WIDTH="36" VPOS="1166" HPOS="544"/>
<String CONTENT="with" HEIGHT="53" WIDTH="139" VPOS="1147" HPOS="581"/>
<SP HEIGHT="52" WIDTH="35" VPOS="1147" HPOS="721"/>
<String CONTENT="153" HEIGHT="50" WIDTH="98" VPOS="1149" HPOS="757"/>
<SP HEIGHT="51" WIDTH="33" VPOS="1147" HPOS="856"/>
<String CONTENT="illustrations." HEIGHT="54" WIDTH="395" VPOS="1144" HPOS="890"/>
<SP HEIGHT="49" WIDTH="69" VPOS="1146" HPOS="1286"/>
<String CONTENT="2d" HEIGHT="52" WIDTH="73" VPOS="1145" HPOS="1356"/>
<SP HEIGHT="52" WIDTH="33" VPOS="1145" HPOS="1430"/>
<String CONTENT="ed.," HEIGHT="67" WIDTH="104" VPOS="1144" HPOS="1464"/>
<SP HEIGHT="49" WIDTH="32" VPOS="1162" HPOS="1569"/>
<String CONTENT="rev." HEIGHT="34" WIDTH="113" VPOS="1161" HPOS="1602"/>
<SP HEIGHT="52" WIDTH="70" VPOS="1143" HPOS="1716"/>
<String CONTENT="Philadelphia," HEIGHT="69" WIDTH="428" VPOS="1141" HPOS="1787"/>
</TextLine>
<TextLine HEIGHT="67" WIDTH="880" VPOS="1225" HPOS="222" STYLEREFS="StyleId-9D4FEB7C-6FF9-479B-9172-3153492E026F-">
<String CONTENT="F." HEIGHT="52" WIDTH="65" VPOS="1227" HPOS="222"/>
<SP HEIGHT="53" WIDTH="27" VPOS="1226" HPOS="288"/>
<String CONTENT="A." HEIGHT="53" WIDTH="71" VPOS="1226" HPOS="316"/>
<SP HEIGHT="52" WIDTH="27" VPOS="1227" HPOS="388"/>
<String CONTENT="Davis" HEIGHT="53" WIDTH="180" VPOS="1225" HPOS="416"/>
<SP HEIGHT="35" WIDTH="26" VPOS="1243" HPOS="597"/>
<String CONTENT="company," HEIGHT="50" WIDTH="297" VPOS="1242" HPOS="624"/>
<SP HEIGHT="64" WIDTH="29" VPOS="1227" HPOS="922"/>
<String CONTENT="1932." HEIGHT="51" WIDTH="150" VPOS="1225" HPOS="952"/>
</TextLine>
<TextLine HEIGHT="53" WIDTH="993" VPOS="1293" HPOS="293" CS="1">
<String CONTENT="1" HEIGHT="37" WIDTH="25" VPOS="1300" HPOS="293"/>
<SP HEIGHT="46" WIDTH="26" VPOS="1300" HPOS="319"/>
<String LANG="la" CONTENT="p." HEIGHT="37" WIDTH="43" VPOS="1309" HPOS="346"/>
<SP/>
<String LANG="la" CS="1" CONTENT="l."/>
<String CONTENT="," HEIGHT="9" WIDTH="8" VPOS="1330" HPOS="451"/>
<SP HEIGHT="41" WIDTH="28" VPOS="1298" HPOS="460"/>
<String CONTENT="5-370" HEIGHT="41" WIDTH="143" VPOS="1296" HPOS="489"/>
<SP HEIGHT="49" WIDTH="23" VPOS="1296" HPOS="633"/>
<String CONTENT="p." HEIGHT="38" WIDTH="42" VPOS="1307" HPOS="657"/>
<SP HEIGHT="39" WIDTH="60" VPOS="1297" HPOS="700"/>
<String CONTENT="illus.," HEIGHT="43" WIDTH="142" VPOS="1297" HPOS="761"/>
<SP HEIGHT="43" WIDTH="26" VPOS="1297" HPOS="904"/>
<String CONTENT="diagrs." HEIGHT="47" WIDTH="178" VPOS="1296" HPOS="931"/>
<SP HEIGHT="40" WIDTH="58" VPOS="1295" HPOS="1110"/>
<String CS="1" CONTENT="24&#7580;&#7504;." HEIGHT="41" WIDTH="117" VPOS="1293" HPOS="1169"/>
</TextLine>
<TextLine HEIGHT="49" WIDTH="696" VPOS="1352" HPOS="295">
<String CONTENT="Bibliography:" HEIGHT="47" WIDTH="371" VPOS="1354" HPOS="295"/>
<SP HEIGHT="37" WIDTH="32" VPOS="1363" HPOS="667"/>
<String CONTENT="p." HEIGHT="37" WIDTH="42" VPOS="1363" HPOS="700"/>
<SP HEIGHT="40" WIDTH="31" VPOS="1353" HPOS="743"/>
<String CONTENT="349-351." HEIGHT="41" WIDTH="216" VPOS="1352" HPOS="775"/>
</TextLine>
<TextLine HEIGHT="54" WIDTH="1712" VPOS="1420" HPOS="230" CS="1">
<String CONTENT="&#169;" HEIGHT="52" WIDTH="51" VPOS="1422" HPOS="230"/>
<SP HEIGHT="52" WIDTH="28" VPOS="1422" HPOS="282"/>
<String CONTENT="Oct" HEIGHT="38" WIDTH="87" VPOS="1427" HPOS="311"/>
<SP HEIGHT="39" WIDTH="41" VPOS="1426" HPOS="399"/>
<String CONTENT="22," HEIGHT="45" WIDTH="68" VPOS="1426" HPOS="441"/>
<SP HEIGHT="45" WIDTH="28" VPOS="1426" HPOS="510"/>
<String CS="1" CONTENT="1932;" HEIGHT="39" WIDTH="111" VPOS="1425" HPOS="539"/>
<SP HEIGHT="41" WIDTH="29" VPOS="1424" HPOS="678"/>
<String CONTENT="2c." HEIGHT="40" WIDTH="66" VPOS="1424" HPOS="708"/>
<SP HEIGHT="29" WIDTH="28" VPOS="1435" HPOS="775"/>
<String CONTENT="and" HEIGHT="37" WIDTH="94" VPOS="1425" HPOS="804"/>
<SP HEIGHT="37" WIDTH="27" VPOS="1425" HPOS="899"/>
<String CONTENT="aff." HEIGHT="39" WIDTH="81" VPOS="1423" HPOS="927"/>
<SP HEIGHT="39" WIDTH="28" VPOS="1423" HPOS="1009"/>
<String CONTENT="Dec." HEIGHT="39" WIDTH="109" VPOS="1423" HPOS="1038"/>
<SP HEIGHT="38" WIDTH="29" VPOS="1424" HPOS="1148"/>
<String CS="1" CONTENT="7;" HEIGHT="38" WIDTH="24" VPOS="1424" HPOS="1178"/>
<SP HEIGHT="40" WIDTH="29" VPOS="1423" HPOS="1230"/>
<!-- cceid 11122EE6-6D7D-1014-B4A5-D7A31D17AB40 --><String CONTENT="A" HEIGHT="37" WIDTH="41" VPOS="1423" HPOS="1260"/>
<SP HEIGHT="38" WIDTH="27" VPOS="1422" HPOS="1302"/>
<String CS="1" CONTENT="57367;" HEIGHT="39" WIDTH="142" VPOS="1422" HPOS="1330"/>
<SP HEIGHT="40" WIDTH="32" VPOS="1423" HPOS="1499"/>
<String CONTENT="F." HEIGHT="38" WIDTH="50" VPOS="1423" HPOS="1532"/>
<SP HEIGHT="40" WIDTH="29" VPOS="1421" HPOS="1583"/>
<String CONTENT="A." HEIGHT="40" WIDTH="53" VPOS="1421" HPOS="1613"/>
<SP HEIGHT="39" WIDTH="27" VPOS="1422" HPOS="1667"/>
<String CONTENT="Davis" HEIGHT="41" WIDTH="152" VPOS="1420" HPOS="1695"/>
<SP HEIGHT="31" WIDTH="28" VPOS="1430" HPOS="1848"/>
<String CS="1" CONTENT="co." HEIGHT="29" WIDTH="38" VPOS="1431" HPOS="1904"/>
</TextLine>
<TextLine HEIGHT="47" WIDTH="279" VPOS="1481" HPOS="307">
<String CONTENT="(32-35199)" HEIGHT="47" WIDTH="279" VPOS="1481" HPOS="307"/>
</TextLine>
<TextLine HEIGHT="63" WIDTH="581" VPOS="1584" HPOS="225" STYLEREFS="StyleId-2F46AB04-4914-427F-BB0D-D66028BD8CC1-">
<String CONTENT="Lorimer," HEIGHT="63" WIDTH="283" VPOS="1584" HPOS="225"/>
<SP HEIGHT="63" WIDTH="29" VPOS="1584" HPOS="509"/>
<String CONTENT="Graeme." HEIGHT="54" WIDTH="267" VPOS="1584" HPOS="539"/>
</TextLine>
<TextLine HEIGHT="72" WIDTH="1919" VPOS="1654" HPOS="294" STYLEREFS="StyleId-9D4FEB7C-6FF9-479B-9172-3153492E026F-">
<String CONTENT="Men" HEIGHT="52" WIDTH="134" VPOS="1660" HPOS="294"/>
<SP HEIGHT="34" WIDTH="39" VPOS="1678" HPOS="429"/>
<String CONTENT="are" HEIGHT="34" WIDTH="92" VPOS="1678" HPOS="469"/>
<SP HEIGHT="52" WIDTH="38" VPOS="1660" HPOS="562"/>
<String CONTENT="like" HEIGHT="54" WIDTH="112" VPOS="1658" HPOS="601"/>
<SP HEIGHT="34" WIDTH="40" VPOS="1678" HPOS="714"/>
<String CONTENT="street" HEIGHT="46" WIDTH="170" VPOS="1665" HPOS="755"/>
<SP HEIGHT="46" WIDTH="39" VPOS="1665" HPOS="926"/>
<String CONTENT="cars," HEIGHT="48" WIDTH="140" VPOS="1677" HPOS="966"/>
<SP HEIGHT="68" WIDTH="38" VPOS="1657" HPOS="1107"/>
<String CONTENT="by" HEIGHT="69" WIDTH="73" VPOS="1657" HPOS="1146"/>
<SP HEIGHT="69" WIDTH="41" VPOS="1657" HPOS="1220"/>
<String CONTENT="Graeme" HEIGHT="55" WIDTH="240" VPOS="1657" HPOS="1262"/>
<SP HEIGHT="34" WIDTH="40" VPOS="1676" HPOS="1503"/>
<String CONTENT="and" HEIGHT="52" WIDTH="112" VPOS="1658" HPOS="1544"/>
<SP HEIGHT="57" WIDTH="43" VPOS="1654" HPOS="1657"/>
<String CONTENT="Sarah" HEIGHT="57" WIDTH="184" VPOS="1654" HPOS="1701"/>
<SP HEIGHT="52" WIDTH="39" VPOS="1657" HPOS="1886"/>
<String CONTENT="Lorimer;" HEIGHT="66" WIDTH="287" VPOS="1657" HPOS="1926"/>
</TextLine>
<TextLine HEIGHT="150" WIDTH="1967" VPOS="1734" HPOS="227" STYLEREFS="StyleId-9D4FEB7C-6FF9-479B-9172-3153492E026F-" CS="1">
<String CONTENT="with" HEIGHT="51" WIDTH="136" VPOS="1738" HPOS="227"/>
<SP HEIGHT="51" WIDTH="27" VPOS="1738" HPOS="364"/>
<String CONTENT="illustrations" HEIGHT="53" WIDTH="378" VPOS="1736" HPOS="392"/>
<SP HEIGHT="52" WIDTH="26" VPOS="1736" HPOS="771"/>
<String CONTENT="by" HEIGHT="62" WIDTH="74" VPOS="1736" HPOS="798"/>
<SP HEIGHT="62" WIDTH="24" VPOS="1736" HPOS="873"/>
<String CONTENT="Marge." HEIGHT="62" WIDTH="218" VPOS="1736" HPOS="898"/>
<SP HEIGHT="52" WIDTH="65" VPOS="1736" HPOS="1117"/>
<String CONTENT="Boston," HEIGHT="62" WIDTH="235" VPOS="1736" HPOS="1183"/>
<SP HEIGHT="63" WIDTH="26" VPOS="1735" HPOS="1419"/>
<String CONTENT="Little," HEIGHT="64" WIDTH="195" VPOS="1734" HPOS="1446"/>
<SP HEIGHT="62" WIDTH="28" VPOS="1736" HPOS="1642"/>
<String CONTENT="Brown," HEIGHT="62" WIDTH="230" VPOS="1736" HPOS="1671"/>
<SP HEIGHT="46" WIDTH="28" VPOS="1752" HPOS="1902"/>
<String CONTENT="and" HEIGHT="52" WIDTH="112" VPOS="1735" HPOS="1931"/>
<SP HEIGHT="52" WIDTH="27" VPOS="1735" HPOS="2044"/>
<String CONTENT="company," HEIGHT="133" WIDTH="1966" VPOS="1751" HPOS="228"/>
<SP HEIGHT="64" WIDTH="27" VPOS="1819" HPOS="398"/>
<String CONTENT="1932." HEIGHT="51" WIDTH="150" VPOS="1816" HPOS="426"/>
</TextLine>
<TextLine HEIGHT="53" WIDTH="1393" VPOS="1884" HPOS="296" CS="1">
<String CONTENT="6" HEIGHT="39" WIDTH="26" VPOS="1888" HPOS="296"/>
<SP HEIGHT="46" WIDTH="21" VPOS="1888" HPOS="323"/>
<String LANG="la" CONTENT="p." HEIGHT="36" WIDTH="42" VPOS="1898" HPOS="345"/>
<SP/>
<String LANG="la" CS="1" CONTENT="l."/>
<String CONTENT="," HEIGHT="15" WIDTH="8" VPOS="1919" HPOS="448"/>
<SP HEIGHT="46" WIDTH="25" VPOS="1888" HPOS="457"/>
<String CONTENT="3-222," HEIGHT="48" WIDTH="157" VPOS="1885" HPOS="483"/>
<SP HEIGHT="30" WIDTH="29" VPOS="1907" HPOS="641"/>
<String CONTENT="[3]" HEIGHT="51" WIDTH="54" VPOS="1886" HPOS="671"/>
<SP HEIGHT="40" WIDTH="27" VPOS="1896" HPOS="726"/>
<String CONTENT="p." HEIGHT="37" WIDTH="41" VPOS="1896" HPOS="754"/>
<SP HEIGHT="39" WIDTH="27" VPOS="1887" HPOS="796"/>
<String CONTENT="incl." HEIGHT="40" WIDTH="107" VPOS="1886" HPOS="824"/>
<SP HEIGHT="40" WIDTH="26" VPOS="1886" HPOS="932"/>
<String CONTENT="illus.," HEIGHT="47" WIDTH="142" VPOS="1886" HPOS="959"/>
<SP HEIGHT="38" WIDTH="25" VPOS="1895" HPOS="1102"/>
<String CONTENT="plates," HEIGHT="47" WIDTH="170" VPOS="1886" HPOS="1128"/>
<SP HEIGHT="40" WIDTH="62" VPOS="1884" HPOS="1299"/>
<String CONTENT="front." HEIGHT="42" WIDTH="148" VPOS="1884" HPOS="1362"/>
<SP HEIGHT="42" WIDTH="61" VPOS="1884" HPOS="1511"/>
<String CS="1" CONTENT="21&#7580;&#7504;." HEIGHT="41" WIDTH="116" VPOS="1884" HPOS="1573"/>
</TextLine>
<TextLine HEIGHT="49" WIDTH="1603" VPOS="1940" HPOS="298">
<String CONTENT="&#8220;Published" HEIGHT="39" WIDTH="289" VPOS="1944" HPOS="298"/>
<SP HEIGHT="41" WIDTH="38" VPOS="1942" HPOS="588"/>
<String CONTENT="November," HEIGHT="46" WIDTH="279" VPOS="1942" HPOS="627"/>
<SP HEIGHT="45" WIDTH="40" VPOS="1943" HPOS="907"/>
<String CONTENT="1932;" HEIGHT="48" WIDTH="140" VPOS="1940" HPOS="948"/>
<SP HEIGHT="36" WIDTH="42" VPOS="1952" HPOS="1089"/>
<String CONTENT="reprinted" HEIGHT="48" WIDTH="247" VPOS="1941" HPOS="1132"/>
<SP HEIGHT="40" WIDTH="38" VPOS="1941" HPOS="1380"/>
<String CONTENT="November," HEIGHT="46" WIDTH="282" VPOS="1941" HPOS="1419"/>
<SP HEIGHT="44" WIDTH="41" VPOS="1943" HPOS="1702"/>
<String CONTENT="1932.&#8221;" HEIGHT="42" WIDTH="157" VPOS="1940" HPOS="1744"/>
</TextLine>
<TextLine HEIGHT="52" WIDTH="1986" VPOS="2009" HPOS="234" CS="1">
<String CONTENT="&#169;" HEIGHT="51" WIDTH="51" VPOS="2009" HPOS="234"/>
<SP HEIGHT="51" WIDTH="36" VPOS="2009" HPOS="286"/>
<String CS="1" CONTENT="Nov." HEIGHT="28" WIDTH="70" VPOS="2025" HPOS="368"/>
<SP HEIGHT="38" WIDTH="37" VPOS="2015" HPOS="439"/>
<String CONTENT="18," HEIGHT="47" WIDTH="68" VPOS="2014" HPOS="477"/>
<SP HEIGHT="46" WIDTH="35" VPOS="2015" HPOS="546"/>
<String CS="1" CONTENT="1932;" HEIGHT="39" WIDTH="112" VPOS="2013" HPOS="582"/>
<SP HEIGHT="39" WIDTH="39" VPOS="2014" HPOS="722"/>
<String CONTENT="2c." HEIGHT="38" WIDTH="66" VPOS="2014" HPOS="762"/>
<SP HEIGHT="28" WIDTH="37" VPOS="2024" HPOS="829"/>
<String CONTENT="and" HEIGHT="38" WIDTH="94" VPOS="2014" HPOS="867"/>
<SP HEIGHT="37" WIDTH="37" VPOS="2014" HPOS="962"/>
<String CONTENT="aff." HEIGHT="41" WIDTH="82" VPOS="2011" HPOS="1000"/>
<SP HEIGHT="40" WIDTH="36" VPOS="2012" HPOS="1083"/>
<String CS="1" CONTENT="Nov." HEIGHT="29" WIDTH="71" VPOS="2023" HPOS="1166"/>
<SP HEIGHT="38" WIDTH="35" VPOS="2013" HPOS="1238"/>
<String CONTENT="22;" HEIGHT="45" WIDTH="81" VPOS="2013" HPOS="1274"/>
<SP HEIGHT="45" WIDTH="40" VPOS="2013" HPOS="1356"/>
<!-- cceid 11123736-6D7D-1014-B4A5-D7A31D17AB40 --><String CONTENT="A" HEIGHT="38" WIDTH="40" VPOS="2013" HPOS="1397"/>
<SP HEIGHT="38" WIDTH="37" VPOS="2013" HPOS="1438"/>
<String CS="1" CONTENT="57419;" HEIGHT="40" WIDTH="142" VPOS="2011" HPOS="1476"/>
<SP HEIGHT="40" WIDTH="41" VPOS="2013" HPOS="1646"/>
<String CONTENT="Graeme" HEIGHT="39" WIDTH="203" VPOS="2013" HPOS="1688"/>
<SP HEIGHT="29" WIDTH="37" VPOS="2023" HPOS="1892"/>
<String CONTENT="and" HEIGHT="39" WIDTH="95" VPOS="2013" HPOS="1930"/>
<SP HEIGHT="40" WIDTH="39" VPOS="2012" HPOS="2026"/>
<String CONTENT="Sarah" HEIGHT="40" WIDTH="154" VPOS="2012" HPOS="2066"/>
</TextLine>
<TextLine HEIGHT="46" WIDTH="1101" VPOS="2069" HPOS="302">
<String CONTENT="Lorimer," HEIGHT="43" WIDTH="229" VPOS="2070" HPOS="302"/>
<SP HEIGHT="41" WIDTH="29" VPOS="2072" HPOS="532"/>
<String CONTENT="Meadowbrook," HEIGHT="45" WIDTH="380" VPOS="2070" HPOS="562"/>
<SP HEIGHT="45" WIDTH="29" VPOS="2070" HPOS="943"/>
<String CONTENT="Pa." HEIGHT="39" WIDTH="82" VPOS="2070" HPOS="973"/>
<SP HEIGHT="40" WIDTH="69" VPOS="2070" HPOS="1056"/>
<String CONTENT="(32-34681)" HEIGHT="46" WIDTH="277" VPOS="2069" HPOS="1126"/>
</TextLine>
<TextLine HEIGHT="65" WIDTH="1186" VPOS="2171" HPOS="230" STYLEREFS="StyleId-2F46AB04-4914-427F-BB0D-D66028BD8CC1-">
<String CONTENT="Lutz," HEIGHT="62" WIDTH="167" VPOS="2173" HPOS="230"/>
<SP HEIGHT="61" WIDTH="25" VPOS="2174" HPOS="398"/>
<String CONTENT="Ralph" HEIGHT="65" WIDTH="191" VPOS="2171" HPOS="424"/>
<SP HEIGHT="52" WIDTH="26" VPOS="2173" HPOS="616"/>
<String CONTENT="Haswell," HEIGHT="63" WIDTH="275" VPOS="2172" HPOS="643"/>
<SP HEIGHT="56" WIDTH="30" VPOS="2179" HPOS="919"/>
<String CONTENT="1886-" HEIGHT="49" WIDTH="170" VPOS="2177" HPOS="950"/>
<SP HEIGHT="35" WIDTH="209" VPOS="2190" HPOS="1121"/>
<String CONTENT="ed." HEIGHT="53" WIDTH="85" VPOS="2172" HPOS="1331"/>
</TextLine>
<TextLine HEIGHT="69" WIDTH="1860" VPOS="2247" HPOS="362" STYLEREFS="StyleId-9D4FEB7C-6FF9-479B-9172-3153492E026F-" CS="1">
<String CS="1" CONTENT="&#8230;"/>
<SP HEIGHT="52" WIDTH="43" VPOS="2249" HPOS="362"/>
<String CONTENT="Fall" HEIGHT="52" WIDTH="130" VPOS="2248" HPOS="406"/>
<SP HEIGHT="52" WIDTH="37" VPOS="2248" HPOS="537"/>
<String CONTENT="of" HEIGHT="53" WIDTH="64" VPOS="2247" HPOS="575"/>
<SP HEIGHT="53" WIDTH="35" VPOS="2247" HPOS="640"/>
<String CONTENT="the" HEIGHT="53" WIDTH="94" VPOS="2248" HPOS="676"/>
<SP HEIGHT="55" WIDTH="38" VPOS="2247" HPOS="771"/>
<String CONTENT="German" HEIGHT="55" WIDTH="249" VPOS="2247" HPOS="810"/>
<SP HEIGHT="33" WIDTH="39" VPOS="2267" HPOS="1060"/>
<String CONTENT="empire," HEIGHT="69" WIDTH="232" VPOS="2247" HPOS="1100"/>
<SP HEIGHT="64" WIDTH="39" VPOS="2252" HPOS="1333"/>
<String CONTENT="1914-1918" HEIGHT="50" WIDTH="308" VPOS="2251" HPOS="1373"/>
<SP HEIGHT="49" WIDTH="44" VPOS="2252" HPOS="1682"/>
<String CS="1" CONTENT="&#8230;"/>
<SP HEIGHT="34" WIDTH="43" VPOS="2267" HPOS="1784"/>
<String CONTENT="selected" HEIGHT="54" WIDTH="240" VPOS="2248" HPOS="1828"/>
<SP HEIGHT="54" WIDTH="39" VPOS="2248" HPOS="2069"/>
<String CONTENT="and" HEIGHT="54" WIDTH="113" VPOS="2248" HPOS="2109"/>
</TextLine>
<TextLine HEIGHT="70" WIDTH="1990" VPOS="2325" HPOS="232" STYLEREFS="StyleId-9D4FEB7C-6FF9-479B-9172-3153492E026F-" CS="1">
<String CONTENT="edited" HEIGHT="53" WIDTH="188" VPOS="2326" HPOS="232"/>
<SP HEIGHT="53" WIDTH="36" VPOS="2325" HPOS="421"/>
<String CONTENT="by" HEIGHT="69" WIDTH="75" VPOS="2325" HPOS="458"/>
<SP HEIGHT="68" WIDTH="37" VPOS="2326" HPOS="534"/>
<String CONTENT="Ralph" HEIGHT="67" WIDTH="194" VPOS="2326" HPOS="572"/>
<SP HEIGHT="53" WIDTH="36" VPOS="2325" HPOS="767"/>
<String CONTENT="Haswell" HEIGHT="53" WIDTH="256" VPOS="2325" HPOS="804"/>
<SP HEIGHT="52" WIDTH="36" VPOS="2325" HPOS="1061"/>
<String CONTENT="Lutz" HEIGHT="53" WIDTH="146" VPOS="2325" HPOS="1098"/>
<SP HEIGHT="34" WIDTH="43" VPOS="2344" HPOS="1245"/>
<String CS="1" CONTENT="&#8230;"/>
<SP HEIGHT="48" WIDTH="43" VPOS="2330" HPOS="1347"/>
<String CONTENT="translations" HEIGHT="54" WIDTH="371" VPOS="2325" HPOS="1391"/>
<SP HEIGHT="54" WIDTH="37" VPOS="2325" HPOS="1763"/>
<String CONTENT="by" HEIGHT="70" WIDTH="77" VPOS="2325" HPOS="1801"/>
<SP HEIGHT="69" WIDTH="37" VPOS="2326" HPOS="1879"/>
<String CONTENT="David" HEIGHT="54" WIDTH="194" VPOS="2325" HPOS="1917"/>
<SP HEIGHT="56" WIDTH="39" VPOS="2325" HPOS="2112"/>
<String CONTENT="G." HEIGHT="56" WIDTH="70" VPOS="2325" HPOS="2152"/>
</TextLine>
<TextLine HEIGHT="72" WIDTH="1987" VPOS="2401" HPOS="235" STYLEREFS="StyleId-9D4FEB7C-6FF9-479B-9172-3153492E026F-">
<String CONTENT="Rempel" HEIGHT="68" WIDTH="237" VPOS="2403" HPOS="235"/>
<SP HEIGHT="53" WIDTH="66" VPOS="2403" HPOS="473"/>
<String CONTENT="and" HEIGHT="52" WIDTH="113" VPOS="2404" HPOS="540"/>
<SP HEIGHT="55" WIDTH="68" VPOS="2402" HPOS="654"/>
<String CONTENT="Gertrude" HEIGHT="55" WIDTH="284" VPOS="2402" HPOS="723"/>
<SP HEIGHT="52" WIDTH="68" VPOS="2403" HPOS="1008"/>
<String CONTENT="Rendtorff." HEIGHT="53" WIDTH="322" VPOS="2402" HPOS="1077"/>
<SP HEIGHT="57" WIDTH="106" VPOS="2401" HPOS="1400"/>
<String CONTENT="Stanford" HEIGHT="57" WIDTH="283" VPOS="2401" HPOS="1507"/>
<SP HEIGHT="54" WIDTH="72" VPOS="2404" HPOS="1791"/>
<String CONTENT="University," HEIGHT="70" WIDTH="358" VPOS="2403" HPOS="1864"/>
</TextLine>
<TextLine HEIGHT="71" WIDTH="1829" VPOS="2479" HPOS="234" STYLEREFS="StyleId-9D4FEB7C-6FF9-479B-9172-3153492E026F-" CS="1">
<String CONTENT="Calif.," HEIGHT="68" WIDTH="194" VPOS="2480" HPOS="234"/>
<SP HEIGHT="68" WIDTH="39" VPOS="2480" HPOS="429"/>
<String CONTENT="Stanford" HEIGHT="56" WIDTH="281" VPOS="2479" HPOS="469"/>
<SP HEIGHT="52" WIDTH="38" VPOS="2481" HPOS="751"/>
<String CONTENT="university" HEIGHT="70" WIDTH="317" VPOS="2479" HPOS="790"/>
<SP HEIGHT="50" WIDTH="40" VPOS="2499" HPOS="1108"/>
<String CONTENT="press;" HEIGHT="49" WIDTH="184" VPOS="2499" HPOS="1149"/>
<SP HEIGHT="66" WIDTH="43" VPOS="2481" HPOS="1334"/>
<String CONTENT="London," HEIGHT="68" WIDTH="259" VPOS="2481" HPOS="1378"/>
<SP HEIGHT="69" WIDTH="38" VPOS="2480" HPOS="1638"/>
<String CONTENT="H." HEIGHT="54" WIDTH="77" VPOS="2480" HPOS="1677"/>
<SP HEIGHT="53" WIDTH="42" VPOS="2481" HPOS="1755"/>
<String CONTENT="Milford," HEIGHT="70" WIDTH="265" VPOS="2480" HPOS="1798"/>
</TextLine>
<TextLine HEIGHT="146" WIDTH="1964" VPOS="2480" HPOS="235" STYLEREFS="StyleId-9D4FEB7C-6FF9-479B-9172-3153492E026F-" CS="1">
<String CONTENT="Oxford" HEIGHT="131" WIDTH="1964" VPOS="2480" HPOS="235"/>
<SP HEIGHT="52" WIDTH="27" VPOS="2559" HPOS="368"/>
<String CONTENT="university" HEIGHT="69" WIDTH="318" VPOS="2557" HPOS="396"/>
<SP HEIGHT="51" WIDTH="27" VPOS="2575" HPOS="715"/>
<String CONTENT="press," HEIGHT="50" WIDTH="175" VPOS="2576" HPOS="743"/>
<SP HEIGHT="65" WIDTH="31" VPOS="2560" HPOS="919"/>
<String CONTENT="1932." HEIGHT="50" WIDTH="150" VPOS="2560" HPOS="951"/>
</TextLine>
<TextLine HEIGHT="51" WIDTH="1416" VPOS="2629" HPOS="303" CS="1">
<String CONTENT="2" HEIGHT="38" WIDTH="27" VPOS="2631" HPOS="303"/>
<SP HEIGHT="38" WIDTH="26" VPOS="2631" HPOS="331"/>
<String CS="1" CONTENT="v." HEIGHT="8" WIDTH="8" VPOS="2661" HPOS="391"/>
<SP HEIGHT="38" WIDTH="60" VPOS="2631" HPOS="400"/>
<String CS="1" CONTENT="23&#7580;&#7504;." HEIGHT="40" WIDTH="116" VPOS="2631" HPOS="461"/>
<SP HEIGHT="47" WIDTH="69" VPOS="2631" HPOS="578"/>
<String CONTENT="(Documents" HEIGHT="47" WIDTH="319" VPOS="2631" HPOS="648"/>
<SP HEIGHT="29" WIDTH="24" VPOS="2641" HPOS="968"/>
<String CONTENT="of" HEIGHT="41" WIDTH="53" VPOS="2629" HPOS="993"/>
<SP HEIGHT="42" WIDTH="25" VPOS="2629" HPOS="1047"/>
<String CONTENT="the" HEIGHT="40" WIDTH="81" VPOS="2631" HPOS="1073"/>
<SP HEIGHT="40" WIDTH="28" VPOS="2630" HPOS="1155"/>
<String CONTENT="German" HEIGHT="40" WIDTH="210" VPOS="2630" HPOS="1184"/>
<SP HEIGHT="30" WIDTH="28" VPOS="2640" HPOS="1395"/>
<String CONTENT="revolution)" HEIGHT="49" WIDTH="295" VPOS="2631" HPOS="1424"/>
</TextLine>
<TextLine HEIGHT="48" WIDTH="1813" VPOS="2686" HPOS="307" CS="1">
<String CONTENT="&#8220;The" HEIGHT="40" WIDTH="128" VPOS="2687" HPOS="307"/>
<SP HEIGHT="29" WIDTH="36" VPOS="2698" HPOS="436"/>
<String CONTENT="originals" HEIGHT="48" WIDTH="233" VPOS="2686" HPOS="473"/>
<SP HEIGHT="29" WIDTH="36" VPOS="2697" HPOS="707"/>
<String CONTENT="or" HEIGHT="29" WIDTH="53" VPOS="2697" HPOS="744"/>
<SP HEIGHT="29" WIDTH="36" VPOS="2697" HPOS="798"/>
<String CONTENT="authentic" HEIGHT="39" WIDTH="253" VPOS="2687" HPOS="835"/>
<SP HEIGHT="30" WIDTH="36" VPOS="2696" HPOS="1089"/>
<String CONTENT="copies" HEIGHT="47" WIDTH="159" VPOS="2687" HPOS="1126"/>
<SP HEIGHT="30" WIDTH="36" VPOS="2697" HPOS="1286"/>
<String CONTENT="of" HEIGHT="39" WIDTH="52" VPOS="2687" HPOS="1323"/>
<SP HEIGHT="40" WIDTH="36" VPOS="2687" HPOS="1376"/>
<String CONTENT="all" HEIGHT="40" WIDTH="67" VPOS="2687" HPOS="1413"/>
<SP HEIGHT="40" WIDTH="38" VPOS="2687" HPOS="1481"/>
<String CONTENT="documents" HEIGHT="40" WIDTH="280" VPOS="2688" HPOS="1520"/>
<SP HEIGHT="30" WIDTH="37" VPOS="2697" HPOS="1801"/>
<String CONTENT="which" HEIGHT="40" WIDTH="157" VPOS="2687" HPOS="1839"/>
<SP HEIGHT="39" WIDTH="39" VPOS="2688" HPOS="1997"/>
<String CONTENT="are" HEIGHT="32" WIDTH="83" VPOS="2697" HPOS="2037"/>
</TextLine>
<TextLine HEIGHT="103" WIDTH="1992" VPOS="2687" HPOS="234" CS="1">
<String CONTENT="included" HEIGHT="96" WIDTH="1974" VPOS="2687" HPOS="234"/>
<SP HEIGHT="40" WIDTH="26" VPOS="2743" HPOS="405"/>
<String CONTENT="in" HEIGHT="39" WIDTH="50" VPOS="2743" HPOS="432"/>
<SP HEIGHT="38" WIDTH="26" VPOS="2745" HPOS="483"/>
<String CONTENT="these" HEIGHT="39" WIDTH="133" VPOS="2744" HPOS="510"/>
<SP HEIGHT="30" WIDTH="26" VPOS="2753" HPOS="644"/>
<String CONTENT="volumes" HEIGHT="39" WIDTH="216" VPOS="2744" HPOS="671"/>
<SP HEIGHT="29" WIDTH="24" VPOS="2753" HPOS="888"/>
<String CONTENT="are" HEIGHT="30" WIDTH="82" VPOS="2753" HPOS="913"/>
<SP HEIGHT="28" WIDTH="26" VPOS="2755" HPOS="996"/>
<String CONTENT="now" HEIGHT="30" WIDTH="107" VPOS="2753" HPOS="1023"/>
<SP HEIGHT="39" WIDTH="25" VPOS="2743" HPOS="1131"/>
<String CONTENT="in" HEIGHT="39" WIDTH="49" VPOS="2743" HPOS="1157"/>
<SP HEIGHT="38" WIDTH="27" VPOS="2745" HPOS="1207"/>
<String CONTENT="the" HEIGHT="40" WIDTH="81" VPOS="2743" HPOS="1235"/>
<SP HEIGHT="40" WIDTH="28" VPOS="2743" HPOS="1317"/>
<String CONTENT="Hoover" HEIGHT="40" WIDTH="192" VPOS="2743" HPOS="1346"/>
<SP HEIGHT="29" WIDTH="26" VPOS="2753" HPOS="1539"/>
<String CONTENT="war" HEIGHT="30" WIDTH="103" VPOS="2753" HPOS="1566"/>
<SP HEIGHT="39" WIDTH="27" VPOS="2743" HPOS="1670"/>
<String CONTENT="library" HEIGHT="48" WIDTH="184" VPOS="2742" HPOS="1698"/>
<SP HEIGHT="37" WIDTH="25" VPOS="2753" HPOS="1883"/>
<String CONTENT="of" HEIGHT="40" WIDTH="53" VPOS="2743" HPOS="1909"/>
<SP HEIGHT="40" WIDTH="29" VPOS="2743" HPOS="1963"/>
<String CONTENT="Stanford" HEIGHT="42" WIDTH="233" VPOS="2743" HPOS="1993"/>
</TextLine>
<TextLine HEIGHT="48" WIDTH="687" VPOS="2798" HPOS="236">
<String CONTENT="university.&#8221;&#8212;Pref.," HEIGHT="48" WIDTH="518" VPOS="2798" HPOS="236"/>
<SP HEIGHT="38" WIDTH="29" VPOS="2808" HPOS="755"/>
<String CONTENT="p." HEIGHT="38" WIDTH="43" VPOS="2808" HPOS="785"/>
<SP HEIGHT="30" WIDTH="32" VPOS="2810" HPOS="829"/>
<String CONTENT="vi." HEIGHT="40" WIDTH="61" VPOS="2799" HPOS="862"/>
</TextLine>
<TextLine HEIGHT="53" WIDTH="1985" VPOS="2865" HPOS="243" CS="1">
<String CONTENT="&#169;" HEIGHT="52" WIDTH="51" VPOS="2865" HPOS="243"/>
<SP HEIGHT="52" WIDTH="39" VPOS="2865" HPOS="295"/>
<String CS="1" CONTENT="Nov." HEIGHT="29" WIDTH="71" VPOS="2881" HPOS="381"/>
<SP HEIGHT="40" WIDTH="39" VPOS="2870" HPOS="453"/>
<String CONTENT="29," HEIGHT="43" WIDTH="69" VPOS="2869" HPOS="493"/>
<SP HEIGHT="41" WIDTH="40" VPOS="2871" HPOS="563"/>
<String CS="1" CONTENT="1932;" HEIGHT="41" WIDTH="113" VPOS="2869" HPOS="604"/>
<SP HEIGHT="40" WIDTH="42" VPOS="2870" HPOS="744"/>
<String CONTENT="2c." HEIGHT="40" WIDTH="66" VPOS="2870" HPOS="787"/>
<SP HEIGHT="28" WIDTH="40" VPOS="2882" HPOS="854"/>
<String CONTENT="each" HEIGHT="39" WIDTH="117" VPOS="2871" HPOS="895"/>
<SP HEIGHT="38" WIDTH="41" VPOS="2871" HPOS="1013"/>
<String CONTENT="Dec." HEIGHT="41" WIDTH="110" VPOS="2871" HPOS="1055"/>
<SP HEIGHT="40" WIDTH="42" VPOS="2872" HPOS="1166"/>
<String CS="1" CONTENT="7;" HEIGHT="38" WIDTH="24" VPOS="2872" HPOS="1209"/>
<SP HEIGHT="28" WIDTH="42" VPOS="2883" HPOS="1261"/>
<String CONTENT="aff." HEIGHT="40" WIDTH="81" VPOS="2871" HPOS="1304"/>
<SP HEIGHT="38" WIDTH="41" VPOS="2872" HPOS="1386"/>
<String CONTENT="Dec." HEIGHT="40" WIDTH="109" VPOS="2872" HPOS="1428"/>
<SP HEIGHT="39" WIDTH="43" VPOS="2872" HPOS="1538"/>
<String CONTENT="6;" HEIGHT="46" WIDTH="51" VPOS="2872" HPOS="1582"/>
<SP HEIGHT="45" WIDTH="43" VPOS="2873" HPOS="1634"/>
<!-- cceid 11123FBB-6D7D-1014-B4A5-D7A31D17AB40 --><String CONTENT="A" HEIGHT="37" WIDTH="40" VPOS="2873" HPOS="1678"/>
<SP HEIGHT="39" WIDTH="39" VPOS="2872" HPOS="1719"/>
<String CONTENT="58278;" HEIGHT="47" WIDTH="169" VPOS="2871" HPOS="1759"/>
<SP HEIGHT="45" WIDTH="44" VPOS="2873" HPOS="1929"/>
<String CONTENT="Board" HEIGHT="38" WIDTH="162" VPOS="2873" HPOS="1974"/>
<SP HEIGHT="38" WIDTH="39" VPOS="2873" HPOS="2137"/>
<String CONTENT="of" HEIGHT="39" WIDTH="51" VPOS="2872" HPOS="2177"/>
</TextLine>
<TextLine HEIGHT="49" WIDTH="1916" VPOS="2926" HPOS="311">
<String CONTENT="trustees" HEIGHT="37" WIDTH="211" VPOS="2929" HPOS="311"/>
<SP HEIGHT="28" WIDTH="32" VPOS="2938" HPOS="523"/>
<String CONTENT="of" HEIGHT="39" WIDTH="51" VPOS="2927" HPOS="556"/>
<SP HEIGHT="39" WIDTH="33" VPOS="2927" HPOS="608"/>
<String CONTENT="the" HEIGHT="39" WIDTH="81" VPOS="2928" HPOS="642"/>
<SP HEIGHT="39" WIDTH="33" VPOS="2928" HPOS="724"/>
<String CONTENT="Leland" HEIGHT="38" WIDTH="182" VPOS="2928" HPOS="758"/>
<SP HEIGHT="40" WIDTH="37" VPOS="2927" HPOS="941"/>
<String CONTENT="Stanford" HEIGHT="40" WIDTH="233" VPOS="2927" HPOS="979"/>
<SP HEIGHT="47" WIDTH="33" VPOS="2928" HPOS="1213"/>
<String CONTENT="junior" HEIGHT="48" WIDTH="165" VPOS="2927" HPOS="1247"/>
<SP HEIGHT="28" WIDTH="34" VPOS="2939" HPOS="1413"/>
<String CONTENT="univ.," HEIGHT="40" WIDTH="143" VPOS="2929" HPOS="1448"/>
<SP HEIGHT="41" WIDTH="39" VPOS="2928" HPOS="1592"/>
<String CONTENT="Stanford" HEIGHT="41" WIDTH="233" VPOS="2928" HPOS="1632"/>
<SP HEIGHT="38" WIDTH="36" VPOS="2931" HPOS="1866"/>
<String CONTENT="univ.," HEIGHT="43" WIDTH="143" VPOS="2927" HPOS="1903"/>
<SP HEIGHT="42" WIDTH="38" VPOS="2928" HPOS="2047"/>
<String CONTENT="Calif." HEIGHT="42" WIDTH="141" VPOS="2926" HPOS="2086"/>
</TextLine>
<TextLine HEIGHT="48" WIDTH="278" VPOS="2983" HPOS="320">
<String CONTENT="(32-34781)" HEIGHT="48" WIDTH="278" VPOS="2983" HPOS="320"/>
</TextLine>
<TextLine HEIGHT="68" WIDTH="967" VPOS="3084" HPOS="240" STYLEREFS="StyleId-2F46AB04-4914-427F-BB0D-D66028BD8CC1-">
<String CONTENT="Lyon," HEIGHT="66" WIDTH="182" VPOS="3084" HPOS="240"/>
<SP HEIGHT="65" WIDTH="25" VPOS="3085" HPOS="423"/>
<String CONTENT="Leverett" HEIGHT="55" WIDTH="280" VPOS="3085" HPOS="449"/>
<SP HEIGHT="54" WIDTH="26" VPOS="3087" HPOS="730"/>
<String CONTENT="Samuel," HEIGHT="65" WIDTH="253" VPOS="3087" HPOS="757"/>
<SP HEIGHT="59" WIDTH="27" VPOS="3093" HPOS="1011"/>
<String CONTENT="1885-" HEIGHT="51" WIDTH="168" VPOS="3092" HPOS="1039"/>
</TextLine>
<TextLine HEIGHT="72" WIDTH="1915" VPOS="3161" HPOS="311" STYLEREFS="StyleId-9D4FEB7C-6FF9-479B-9172-3153492E026F-">
<String CONTENT="Advertising" HEIGHT="69" WIDTH="374" VPOS="3161" HPOS="311"/>
<SP HEIGHT="49" WIDTH="22" VPOS="3181" HPOS="686"/>
<String CONTENT="allowances;" HEIGHT="66" WIDTH="360" VPOS="3165" HPOS="709"/>
<SP HEIGHT="48" WIDTH="24" VPOS="3183" HPOS="1070"/>
<String CONTENT="a" HEIGHT="33" WIDTH="31" VPOS="3184" HPOS="1095"/>
<SP HEIGHT="48" WIDTH="20" VPOS="3184" HPOS="1127"/>
<String CONTENT="phase" HEIGHT="66" WIDTH="172" VPOS="3166" HPOS="1148"/>
<SP HEIGHT="33" WIDTH="23" VPOS="3185" HPOS="1321"/>
<String CONTENT="of" HEIGHT="53" WIDTH="62" VPOS="3165" HPOS="1345"/>
<SP HEIGHT="53" WIDTH="21" VPOS="3165" HPOS="1408"/>
<String CONTENT="the" HEIGHT="52" WIDTH="94" VPOS="3167" HPOS="1430"/>
<SP HEIGHT="48" WIDTH="21" VPOS="3185" HPOS="1525"/>
<String CONTENT="price-making" HEIGHT="67" WIDTH="418" VPOS="3166" HPOS="1547"/>
<SP HEIGHT="47" WIDTH="19" VPOS="3185" HPOS="1966"/>
<String CONTENT="process," HEIGHT="47" WIDTH="240" VPOS="3185" HPOS="1986"/>
</TextLine>
<TextLine HEIGHT="142" WIDTH="1958" VPOS="3238" HPOS="242" STYLEREFS="StyleId-9D4FEB7C-6FF9-479B-9172-3153492E026F-" CS="1">
<String CONTENT="by" HEIGHT="67" WIDTH="75" VPOS="3238" HPOS="242"/>
<SP HEIGHT="67" WIDTH="21" VPOS="3238" HPOS="318"/>
<String CONTENT="Leverett" HEIGHT="54" WIDTH="262" VPOS="3238" HPOS="340"/>
<SP HEIGHT="55" WIDTH="22" VPOS="3239" HPOS="603"/>
<String CONTENT="S." HEIGHT="55" WIDTH="57" VPOS="3239" HPOS="626"/>
<SP HEIGHT="52" WIDTH="22" VPOS="3240" HPOS="684"/>
<String CONTENT="Lyon." HEIGHT="67" WIDTH="179" VPOS="3240" HPOS="707"/>
<SP HEIGHT="53" WIDTH="56" VPOS="3242" HPOS="887"/>
<String CONTENT="Washington," HEIGHT="68" WIDTH="400" VPOS="3241" HPOS="944"/>
<SP HEIGHT="65" WIDTH="23" VPOS="3243" HPOS="1345"/>
<String CONTENT="D." HEIGHT="52" WIDTH="71" VPOS="3243" HPOS="1369"/>
<SP HEIGHT="55" WIDTH="25" VPOS="3243" HPOS="1441"/>
<String CONTENT="C.," HEIGHT="66" WIDTH="81" VPOS="3243" HPOS="1467"/>
<SP HEIGHT="64" WIDTH="21" VPOS="3245" HPOS="1549"/>
<String CONTENT="The" HEIGHT="52" WIDTH="119" VPOS="3243" HPOS="1571"/>
<SP HEIGHT="50" WIDTH="25" VPOS="3246" HPOS="1691"/>
<String CONTENT="Brookings" HEIGHT="66" WIDTH="322" VPOS="3243" HPOS="1717"/>
<SP HEIGHT="52" WIDTH="23" VPOS="3243" HPOS="2040"/>
<String CONTENT="institution," HEIGHT="137" WIDTH="1958" VPOS="3243" HPOS="242"/>
<SP HEIGHT="61" WIDTH="29" VPOS="3319" HPOS="448"/>
<String CONTENT="1932." HEIGHT="50" WIDTH="150" VPOS="3319" HPOS="478"/>
</TextLine>
<TextLine HEIGHT="50" WIDTH="1844" VPOS="3387" HPOS="389" CS="1">
<String CS="1" CONTENT="xx," HEIGHT="16" WIDTH="9" VPOS="3416" HPOS="389"/>
<SP HEIGHT="44" WIDTH="46" VPOS="3388" HPOS="399"/>
<String CONTENT="125" HEIGHT="41" WIDTH="83" VPOS="3387" HPOS="446"/>
<SP HEIGHT="48" WIDTH="45" VPOS="3388" HPOS="530"/>
<String CONTENT="p." HEIGHT="37" WIDTH="43" VPOS="3399" HPOS="576"/>
<SP HEIGHT="40" WIDTH="58" VPOS="3388" HPOS="620"/>
<String CS="1" CONTENT="21&#7580;&#7504;." HEIGHT="41" WIDTH="115" VPOS="3388" HPOS="679"/>
<SP HEIGHT="47" WIDTH="69" VPOS="3390" HPOS="795"/>
<String CONTENT="(Half-title:" HEIGHT="47" WIDTH="296" VPOS="3390" HPOS="865"/>
<SP HEIGHT="38" WIDTH="44" VPOS="3392" HPOS="1162"/>
<String CONTENT="The" HEIGHT="40" WIDTH="100" VPOS="3392" HPOS="1207"/>
<SP HEIGHT="40" WIDTH="48" VPOS="3392" HPOS="1308"/>
<String CONTENT="Institute" HEIGHT="41" WIDTH="233" VPOS="3392" HPOS="1357"/>
<SP HEIGHT="29" WIDTH="47" VPOS="3404" HPOS="1591"/>
<String CONTENT="of" HEIGHT="41" WIDTH="51" VPOS="3392" HPOS="1639"/>
<SP HEIGHT="40" WIDTH="45" VPOS="3392" HPOS="1691"/>
<String CONTENT="economics" HEIGHT="39" WIDTH="267" VPOS="3393" HPOS="1737"/>
<SP HEIGHT="31" WIDTH="46" VPOS="3403" HPOS="2005"/>
<String CONTENT="of" HEIGHT="41" WIDTH="52" VPOS="3393" HPOS="2052"/>
<SP HEIGHT="41" WIDTH="45" VPOS="3393" HPOS="2105"/>
<String CONTENT="the" HEIGHT="40" WIDTH="82" VPOS="3395" HPOS="2151"/>
</TextLine>
<TextLine HEIGHT="53" WIDTH="1166" VPOS="3442" HPOS="250">
<String CONTENT="Brookings" HEIGHT="50" WIDTH="268" VPOS="3442" HPOS="250"/>
<SP HEIGHT="39" WIDTH="27" VPOS="3445" HPOS="519"/>
<String CONTENT="institution." HEIGHT="41" WIDTH="293" VPOS="3445" HPOS="547"/>
<SP HEIGHT="41" WIDTH="57" VPOS="3445" HPOS="841"/>
<String CONTENT="Publication" HEIGHT="43" WIDTH="304" VPOS="3445" HPOS="899"/>
<SP HEIGHT="27" WIDTH="29" VPOS="3460" HPOS="1204"/>
<String CONTENT="no." HEIGHT="29" WIDTH="73" VPOS="3459" HPOS="1234"/>
<SP HEIGHT="38" WIDTH="26" VPOS="3449" HPOS="1308"/>
<String CONTENT="47)" HEIGHT="46" WIDTH="81" VPOS="3449" HPOS="1335"/>
</TextLine>
<TextLine HEIGHT="110" WIDTH="1966" VPOS="3509" HPOS="250" CS="1">
<String CONTENT="&#169;" HEIGHT="51" WIDTH="51" VPOS="3509" HPOS="250"/>
<SP HEIGHT="51" WIDTH="32" VPOS="3509" HPOS="302"/>
<String CS="1" CONTENT="Nov." HEIGHT="30" WIDTH="71" VPOS="3525" HPOS="381"/>
<SP HEIGHT="39" WIDTH="31" VPOS="3516" HPOS="453"/>
<String CONTENT="3." HEIGHT="40" WIDTH="40" VPOS="3516" HPOS="485"/>
<SP HEIGHT="39" WIDTH="33" VPOS="3517" HPOS="526"/>
<String CS="1" CONTENT="1932;" HEIGHT="40" WIDTH="111" VPOS="3515" HPOS="560"/>
<SP HEIGHT="39" WIDTH="24" VPOS="3514" HPOS="709"/>
<String CONTENT="2c." HEIGHT="43" WIDTH="67" VPOS="3514" HPOS="734"/>
<SP HEIGHT="40" WIDTH="32" VPOS="3517" HPOS="802"/>
<String CS="1" CONTENT="Nov." HEIGHT="29" WIDTH="69" VPOS="3527" HPOS="881"/>
<SP HEIGHT="39" WIDTH="34" VPOS="3517" HPOS="951"/>
<String CS="1" CONTENT="22;" HEIGHT="40" WIDTH="54" VPOS="3516" HPOS="986"/>
<SP HEIGHT="30" WIDTH="36" VPOS="3529" HPOS="1068"/>
<String CONTENT="aff." HEIGHT="39" WIDTH="81" VPOS="3518" HPOS="1105"/>
<SP HEIGHT="38" WIDTH="34" VPOS="3519" HPOS="1187"/>
<String CONTENT="Dec." HEIGHT="40" WIDTH="111" VPOS="3519" HPOS="1222"/>
<SP HEIGHT="38" WIDTH="33" VPOS="3521" HPOS="1334"/>
<String CONTENT="1;" HEIGHT="44" WIDTH="51" VPOS="3521" HPOS="1368"/>
<SP HEIGHT="44" WIDTH="35" VPOS="3521" HPOS="1420"/>
<!-- cceid 11124959-6D7D-1014-B4A5-D7A31D17AB40 --><String CONTENT="A" HEIGHT="37" WIDTH="40" VPOS="3521" HPOS="1456"/>
<SP HEIGHT="38" WIDTH="32" VPOS="3520" HPOS="1497"/>
<String CONTENT="58165;" HEIGHT="47" WIDTH="169" VPOS="3519" HPOS="1530"/>
<SP HEIGHT="45" WIDTH="36" VPOS="3521" HPOS="1700"/>
<String CONTENT="Brookings" HEIGHT="47" WIDTH="269" VPOS="3520" HPOS="1737"/>
<SP HEIGHT="40" WIDTH="33" VPOS="3519" HPOS="2007"/>
<String CONTENT="institution." HEIGHT="90" WIDTH="1898" VPOS="3519" HPOS="318"/>
<SP HEIGHT="45" WIDTH="69" VPOS="3573" HPOS="433"/>
<String CONTENT="(32-34810)" HEIGHT="47" WIDTH="277" VPOS="3572" HPOS="503"/>
</TextLine>
<TextLine HEIGHT="65" WIDTH="639" VPOS="3673" HPOS="246" STYLEREFS="StyleId-2F46AB04-4914-427F-BB0D-D66028BD8CC1-">
<String CONTENT="McCloskey," HEIGHT="65" WIDTH="364" VPOS="3673" HPOS="246"/>
<SP HEIGHT="62" WIDTH="27" VPOS="3676" HPOS="611"/>
<String CONTENT="John" HEIGHT="52" WIDTH="156" VPOS="3676" HPOS="639"/>
<SP HEIGHT="53" WIDTH="28" VPOS="3677" HPOS="796"/>
<String CONTENT="C." HEIGHT="54" WIDTH="60" VPOS="3677" HPOS="825"/>
</TextLine>
<TextLine HEIGHT="143" WIDTH="1957" VPOS="3747" HPOS="249" STYLEREFS="StyleId-9D4FEB7C-6FF9-479B-9172-3153492E026F-" CS="1">
<String CONTENT="Hand" HEIGHT="53" WIDTH="177" VPOS="3747" HPOS="318"/>
<SP HEIGHT="51" WIDTH="25" VPOS="3749" HPOS="496"/>
<String CONTENT="book" HEIGHT="53" WIDTH="145" VPOS="3749" HPOS="522"/>
<SP HEIGHT="53" WIDTH="27" VPOS="3750" HPOS="668"/>
<String CONTENT="of" HEIGHT="52" WIDTH="63" VPOS="3751" HPOS="696"/>
<SP HEIGHT="52" WIDTH="27" VPOS="3751" HPOS="760"/>
<String CONTENT="business" HEIGHT="53" WIDTH="252" VPOS="3752" HPOS="788"/>
<SP HEIGHT="33" WIDTH="27" VPOS="3772" HPOS="1041"/>
<String CONTENT="correspondence," HEIGHT="65" WIDTH="492" VPOS="3756" HPOS="1069"/>
<SP HEIGHT="65" WIDTH="27" VPOS="3756" HPOS="1562"/>
<String CONTENT="by" HEIGHT="65" WIDTH="76" VPOS="3756" HPOS="1590"/>
<SP HEIGHT="65" WIDTH="28" VPOS="3756" HPOS="1667"/>
<String CONTENT="John" HEIGHT="53" WIDTH="155" VPOS="3756" HPOS="1696"/>
<SP HEIGHT="55" WIDTH="29" VPOS="3756" HPOS="1852"/>
<String CONTENT="C." HEIGHT="55" WIDTH="63" VPOS="3756" HPOS="1882"/>
<SP HEIGHT="51" WIDTH="28" VPOS="3757" HPOS="1946"/>
<String CONTENT="McCloskey" HEIGHT="133" WIDTH="1957" VPOS="3757" HPOS="249"/>
</TextLine>
<TextLine HEIGHT="71" WIDTH="1227" VPOS="3825" HPOS="446" STYLEREFS="StyleId-9D4FEB7C-6FF9-479B-9172-3153492E026F-" CS="1">
<String CS="1" CONTENT="&#8230;"/>
<SP HEIGHT="52" WIDTH="66" VPOS="3825" HPOS="446"/>
<String CONTENT="New" HEIGHT="53" WIDTH="138" VPOS="3825" HPOS="513"/>
<SP HEIGHT="50" WIDTH="27" VPOS="3828" HPOS="652"/>
<String CONTENT="York," HEIGHT="67" WIDTH="178" VPOS="3828" HPOS="680"/>
<SP HEIGHT="65" WIDTH="27" VPOS="3830" HPOS="859"/>
<String CONTENT="Prentice-Hall," HEIGHT="66" WIDTH="448" VPOS="3830" HPOS="887"/>
<SP HEIGHT="64" WIDTH="28" VPOS="3832" HPOS="1336"/>
<String CONTENT="inc.," HEIGHT="64" WIDTH="126" VPOS="3832" HPOS="1365"/>
<SP HEIGHT="61" WIDTH="31" VPOS="3835" HPOS="1492"/>
<String CONTENT="1932." HEIGHT="50" WIDTH="149" VPOS="3835" HPOS="1524"/>
</TextLine>
<TextLine HEIGHT="49" WIDTH="395" VPOS="3897" HPOS="390" CS="1">
<String CS="1" CONTENT="xv," HEIGHT="16" WIDTH="9" VPOS="3927" HPOS="390"/>
<SP HEIGHT="46" WIDTH="24" VPOS="3897" HPOS="400"/>
<String CONTENT="467" HEIGHT="40" WIDTH="87" VPOS="3897" HPOS="425"/>
<SP HEIGHT="48" WIDTH="23" VPOS="3898" HPOS="513"/>
<String CONTENT="p." HEIGHT="37" WIDTH="43" VPOS="3909" HPOS="537"/>
<SP HEIGHT="37" WIDTH="59" VPOS="3900" HPOS="581"/>
<String CS="1" CONTENT="17&#189;&#7580;&#7504;." HEIGHT="39" WIDTH="144" VPOS="3900" HPOS="641"/>
</TextLine>
<TextLine HEIGHT="53" WIDTH="579" VPOS="3952" HPOS="323">
<String CONTENT="Text" HEIGHT="41" WIDTH="123" VPOS="3952" HPOS="323"/>
<SP HEIGHT="39" WIDTH="30" VPOS="3955" HPOS="447"/>
<String CONTENT="on" HEIGHT="29" WIDTH="59" VPOS="3965" HPOS="478"/>
<SP HEIGHT="39" WIDTH="29" VPOS="3954" HPOS="538"/>
<String CONTENT="lining-paper." HEIGHT="51" WIDTH="334" VPOS="3954" HPOS="568"/>
</TextLine>
<TextLine HEIGHT="65" WIDTH="1980" VPOS="4009" HPOS="256" CS="1">
<String CONTENT="&#169;" HEIGHT="52" WIDTH="51" VPOS="4009" HPOS="256"/>
<SP HEIGHT="52" WIDTH="31" VPOS="4009" HPOS="308"/>
<String CS="1" CONTENT="Nov." HEIGHT="30" WIDTH="69" VPOS="4026" HPOS="387"/>
<SP HEIGHT="40" WIDTH="33" VPOS="4016" HPOS="457"/>
<String CONTENT="29," HEIGHT="46" WIDTH="68" VPOS="4015" HPOS="491"/>
<SP HEIGHT="43" WIDTH="33" VPOS="4018" HPOS="560"/>
<String CS="1" CONTENT="1932;" HEIGHT="40" WIDTH="112" VPOS="4016" HPOS="594"/>
<SP HEIGHT="40" WIDTH="35" VPOS="4018" HPOS="733"/>
<String CONTENT="2c." HEIGHT="40" WIDTH="66" VPOS="4018" HPOS="769"/>
<SP HEIGHT="39" WIDTH="33" VPOS="4019" HPOS="836"/>
<String CONTENT="Dec." HEIGHT="40" WIDTH="109" VPOS="4019" HPOS="870"/>
<SP HEIGHT="38" WIDTH="34" VPOS="4021" HPOS="980"/>
<String CONTENT="7;" HEIGHT="45" WIDTH="51" VPOS="4021" HPOS="1015"/>
<SP HEIGHT="35" WIDTH="37" VPOS="4031" HPOS="1067"/>
<String CONTENT="aff." HEIGHT="38" WIDTH="78" VPOS="4021" HPOS="1105"/>
<SP HEIGHT="38" WIDTH="36" VPOS="4021" HPOS="1184"/>
<String CONTENT="Dec." HEIGHT="41" WIDTH="110" VPOS="4021" HPOS="1221"/>
<SP HEIGHT="40" WIDTH="34" VPOS="4022" HPOS="1332"/>
<String CONTENT="6;" HEIGHT="47" WIDTH="51" VPOS="4022" HPOS="1367"/>
<SP HEIGHT="45" WIDTH="35" VPOS="4024" HPOS="1419"/>
<!-- cceid 11125182-6D7D-1014-B4A5-D7A31D17AB40 --><String CONTENT="A" HEIGHT="37" WIDTH="41" VPOS="4024" HPOS="1455"/>
<SP HEIGHT="38" WIDTH="32" VPOS="4024" HPOS="1497"/>
<String CS="1" CONTENT="58284;" HEIGHT="40" WIDTH="142" VPOS="4024" HPOS="1530"/>
<SP HEIGHT="40" WIDTH="37" VPOS="4025" HPOS="1699"/>
<String CONTENT="Prentice-Hall," HEIGHT="49" WIDTH="374" VPOS="4025" HPOS="1737"/>
<SP HEIGHT="47" WIDTH="33" VPOS="4027" HPOS="2112"/>
<String CONTENT="inc." HEIGHT="39" WIDTH="90" VPOS="4027" HPOS="2146"/>
</TextLine>
<TextLine HEIGHT="48" WIDTH="276" VPOS="4071" HPOS="333">
<String CONTENT="(32-34807)" HEIGHT="48" WIDTH="276" VPOS="4071" HPOS="333"/>
</TextLine>
</TextBlock>
<GraphicalElement ID="Page1843_Block3" HEIGHT="12" WIDTH="204" VPOS="862" HPOS="610"/>
</PrintSpace>
</Page>
</Layout>
</alto>