2563 4368
1119 4071 133 50 1361

204 447 244 65 Abbott,
478 443 237 59 Austin.

273 523 1915 70 Abbott New York digest … Consolidated ed. July, 1932,
204 602 340 55 cumulative
571 603 291 67 quarterly
889 603 313 68 pamphlet,
1231 603 139 52 with
1397 602 345 54 cumulative
1768 602 151 53 table
1948 602 63 53 of
2038 621 149 36 cases

205 680 1862 69 digested … Rochester and New York city, The Lawyers
204 700 1958 127 cooperative
521 756 334 71 publishing
882 777 279 50 company;
1223 757 80 55 St.
1335 760 165 65 Paul,
1527 761 160 53 West
1715 758 334 68 publishing
2077 778 78 35 co.;

204 835 1388 69 New York city, Baker, Voorhis & co. [ ᶜ1 932]
357 911 272 48 186 p. 25½ ᶜᵐ .
207 964 51 51 ©
295 969 114 47 July
444 967 69 47 27,
550 965 140 48 1932;
727 966 26 39 2
790 979 37 28 c.
865 966 102 41 Oct.
1003 968 53 45 4;
1095 966 82 41 aff.
1216 967 102 40 Oct.
1355 968 52 46 3;
1447 968 41 38 A
1524 966 168 47 55425;
1734 967 134 39 West
1905 967 107 46 pub.
2052 976 65 31 co.
2158 968 35 40 &

273 1024 226 47 Lawyers
527 1023 320 48 co-operative
874 1024 109 47 pub.
1013 1034 65 29 co.

201 1127 187 64 Allen,
418 1127 232 54 Arthur
680 1127 252 64 Samuel,
964 1129 323 53 1907-1929.

270 1204 200 55 Under
497 1204 107 54 sail
633 1212 57 46 to
720 1203 324 55 Greenland;
1104 1204 170 68 being
1303 1223 68 33 an
1404 1210 234 47 account
1668 1204 64 53 of
1759 1204 95 52 the
1883 1221 216 51 voyage
2128 1203 63 53 of

200 1283 95 51 the
324 1287 182 48 cutter
534 1279 380 70 “Direction”,
941 1282 226 52 Arthur
1196 1281 57 55 S.
1283 1282 189 67 Allen,
1499 1282 90 67 jr.,
1617 1280 248 69 captain,
1894 1287 57 47 to
199 1280 1966 133 Greenland

367 1360 59 52 in
456 1360 96 54 the
581 1378 245 35 summer
854 1359 64 53 of
950 1362 150 64 1929,
1129 1362 259 65 together
1417 1359 139 53 with
1587 1360 94 53 the
1711 1360 112 67 log,
1853 1360 194 53 letters
2078 1359 111 53 and

199 1439 163 52 other
394 1437 391 54 memoranda:
824 1437 318 53 illustrated
1181 1437 140 52 with
1357 1436 393 69 photographs
1783 1437 171 53 taken
1989 1455 71 35 on
2095 1435 96 56 the

200 1516 196 53 cruise.
463 1515 138 53 New
633 1515 178 66 York,
842 1514 157 53 Priv.
1031 1515 174 67 print.
1261 1514 119 53 [The
1411 1514 384 54 Marchbanks
1827 1532 173 50 press]
2039 1517 150 51 1931.

200 1586 1834 109 5 p. l., [13]-91, [1] p. illus., plates, 2 port. (incl. mounted front.) fold. map. 24 ᶜᵐ .
270 1703 148 39 Plans
447 1712 60 30 on
535 1701 360 48 lining-papers.

201 1755 1970 108 “Nine hundred copies of this book have been printed … three hundred for private
696 1813 315 41 distribution
1051 1814 94 39 and
1182 1813 76 40 six
1295 1814 221 39 hundred
1553 1813 79 40 for
1669 1814 84 39 the
1787 1812 317 50 publishers.”

202 1869 51 53 ©
289 1874 117 40 Nov.
443 1875 38 45 7,
519 1871 138 47 1931;
694 1871 67 41 2c.
799 1871 115 48 July
948 1870 70 48 25,
1053 1869 142 48 1932;
1233 1870 82 40 aff.
1353 1870 124 41 June
1512 1870 82 47 21;
1635 1871 35 38 A
1711 1871 169 47 53577;
1919 1871 187 40 Arthur
2145 1871 43 41 S.

269 1929 151 47 Allen,
449 1930 115 38 New
590 1928 143 40 York.
804 1926 278 49 (32-23898)

199 2029 189 56 Allied
417 2034 114 52 and
561 2030 330 56 associated
919 2046 228 49 powers
1187 2031 363 64 (1914-)

267 2110 198 52 Terms
504 2110 62 53 of
603 2110 95 53 the
740 2109 282 53 armistice
1063 2127 58 34 as
1161 2109 310 68 originally
1510 2109 267 68 supplied
1816 2115 58 47 to
1914 2110 96 53 the
2047 2110 141 54 War

197 2185 377 68 department,
601 2186 400 68 Washington,
1027 2187 73 51 D.
1130 2186 82 66 C.,
1239 2187 75 65 by
1343 2186 305 52 American
1678 2186 68 54 G.
1777 2186 76 52 H.
1882 2186 87 66 Q.,
197 2187 1966 142 Chaumont,

393 2262 236 67 France,
651 2263 334 67 November,
1012 2266 151 50 1918.
1222 2263 138 53 New
1388 2263 177 67 York,
1586 2264 167 52 Press
1777 2263 64 54 of
1863 2264 95 53 the
1981 2265 206 66 Wooly

198 2340 197 66 whale,
429 2342 150 51 1931.

270 2412 712 50 4 p. l., 11, [1] p., 1 l. 24 ᶜᵐ .
271 2468 282 42 Facsimiles
583 2480 59 30 on
671 2469 362 49 lining-papers.

275 2525 226 42 “Printed
541 2526 53 39 in
630 2536 63 30 an
732 2526 183 41 edition
957 2526 52 41 of
1045 2526 58 41 50
1139 2527 171 48 copies,
1351 2538 123 29 none
1509 2526 78 41 for
1626 2529 114 46 sale,
1782 2528 141 50 being
1959 2528 228 43 intended

201 2581 149 49 solely
378 2582 77 42 for
484 2582 191 50 private
703 2581 359 42 distribution.”

272 2639 256 40 Foreword
556 2639 167 49 signed
741 2649 9 30 :
781 2639 63 41 M.
874 2639 53 41 B.
957 2637 159 52 C[ary]

271 2694 223 43 Lettered
523 2707 58 30 on
610 2706 139 30 cover
768 2707 9 29 :
808 2695 270 48 Armistice,
1107 2695 126 41 1918.

206 2749 52 52 ©
289 2753 126 40 June
445 2755 38 46 1,
516 2752 113 42 1932;
689 2752 67 41 2c.
788 2753 115 47 July
933 2752 59 41 29;
1051 2752 80 41 aff.
1168 2752 126 49 Sept.
1327 2753 53 39 12;
1443 2754 40 39 A
1515 2754 142 41 54821;
1722 2756 205 40 Melbert
1959 2757 55 40 B.
2049 2755 139 49 Cary,

268 2811 74 47 jr.,
374 2810 116 39 New
520 2810 142 39 York.
743 2805 52 52 [©
826 2810 257 48 foreword]
1156 2807 278 50 (32-23850)

199 2899 283 66 Barbour,
512 2901 205 63 Henry
748 2900 177 64 Gray,
958 2904 172 51 1886-

269 2977 432 68 Experimental
733 2977 445 68 pharmacology
1209 2979 112 51 and
1353 2976 351 69 toxicology;
1740 2996 32 33 a
1802 2978 237 53 selected

199 2977 1988 141 laboratory course, by Henry G. Barbour … Philadelphia, Lea
198 3135 45 50 &
269 3132 258 69 Febiger,
554 3136 149 49 1932.

268 3205 872 50 141 p. illus., pl., diagrs. 20½ ᶜᵐ .
270 3264 321 39 Interleaved.

272 3318 345 42 “References”
644 3321 52 38 at
720 3321 92 38 end
837 3319 52 39 of
911 3319 118 39 each
1055 3319 213 46 chapter.

201 3373 52 52 ©
284 3377 127 48 Sept.
440 3376 39 47 8,
508 3375 113 41 1932;
678 3375 67 41 2c.
777 3376 126 47 Sept.
933 3375 54 40 12;
1047 3374 81 40 aff.
1161 3375 126 48 Sept.
1317 3376 28 40 9;
1400 3377 41 38 A
1471 3377 141 40 54762;
1672 3379 95 40 Lea
1796 3381 37 41 &
1862 3379 215 49 Febiger.

278 3431 279 50 (32-23885)

205 3524 305 66 [Bargone,
539 3522 262 69 Charles]
837 3524 170 54 1876-

329 3596 1782 76 … L’Atlantique en rond. [Paris] E. Flammarion [1932]
268 3671 736 50 3 p. l., [5]-248 p., 1 l. 19 ᶜᵐ .
267 3728 229 40 Author’s
521 3729 179 47 pseud.,
728 3727 183 41 Claude
936 3727 220 47 Farrère,
1185 3729 51 39 at
1261 3728 125 40 head
1411 3729 53 41 of
1489 3729 123 43 title.

533 3814 9 9 CONTENTS.
558 3804 60 6 —
632 3783 68 40 La
751 3794 100 29 mer
903 3784 84 39 des
1036 3783 239 42 Atlantes.
1291 3807 60 5 —
1365 3785 111 40 Aux
1525 3787 263 43 frontières
1839 3792 82 39 des
1972 3792 213 39 hommes

197 3840 299 42 noirs.—Les
537 3839 311 41 découvertes
888 3840 58 39 de
987 3839 344 41 Colomb.—Au
1370 3840 51 41 fil
1461 3842 64 40 du
1566 3842 463 46 Gulf-stream.—Le
2067 3855 119 39 pays

197 3899 84 38 des
308 3895 358 49 Basques.—Le
693 3906 120 38 pays
840 3896 82 39 des
948 3896 263 40 Andalous.

199 3950 1882 53 © Aug. 4, 1932; 1c. Aug. 18; A— Foreign 17780; Ernest Flammarion.
276 4008 278 51 (32-24040)
