2563 4383
1074 4035 131 56 1675

135 404 206 66 Miller,
370 406 236 63 Dayton
637 405 294 64 Clarence,
963 408 169 51 1866-

200 482 357 68 Laboratory
603 482 254 68 physics:
909 500 31 34 a
985 479 275 54 student’s
1306 481 230 51 manual
1584 478 95 53 for
1724 478 238 67 colleges
2009 477 113 54 and

133 555 1985 72 scientific schools by Dayton Clarence Miller … New ed.
133 635 1635 68 Boston, New York [etc.] Ginn and company [ ᶜ1 932]
203 710 135 47 xviii,
367 711 87 40 438
481 721 43 37 p.
584 710 142 47 illus.,
759 709 176 47 diagrs.
996 707 53 40 21½ᶜᵐ.

206 767 293 39 “Reference
526 765 176 41 books”
721 776 9 30 :
761 776 43 38 p.
831 764 218 42 423-424.

139 825 50 52 ©
220 830 128 46 Sept.
373 828 69 48 28,
471 827 112 41 1932;
640 828 67 40 2c.
735 830 94 38 and
858 828 82 39 aff.
970 828 100 39 Oct.
1101 829 53 38 17;
1212 828 40 38 A
1280 827 145 40 55746;
1481 828 57 39 D.
1568 828 50 40 C.
1646 826 173 48 Miller,
1852 825 274 42 Cleveland.
216 884 277 50 (32-31892)

137 987 192 64 Milne,
363 987 151 52 Alan
549 987 352 64 Alexander,
936 992 169 50 1882-

209 1064 120 53 The
368 1063 376 68 Christopher
776 1064 190 54 Robin
1000 1083 213 48 verses;
1251 1065 171 67 being
1456 1064 199 55 ‘When
1691 1083 81 34 we
1809 1083 142 34 were
1986 1081 138 49 very

142 1140 209 68 young’
386 1141 111 53 and
533 1141 160 53 ‘Now
730 1161 81 34 we
845 1160 94 35 are
971 1142 123 66 six’,
1128 1142 140 53 with
1305 1161 31 34 a
1370 1142 232 67 preface
1636 1140 96 54 for
1764 1146 249 63 parents,
2047 1142 77 67 by

143 1217 70 52 A.
240 1218 72 52 A.
338 1217 199 67 Milne,
564 1218 140 53 with
732 1220 201 51 twelve
962 1221 182 64 plates
1170 1219 60 52 in
1259 1221 193 51 colour
1478 1219 112 53 and
1618 1224 122 48 text
1769 1219 354 53 decorations

143 1295 72 68 by
249 1296 209 53 Ernest
491 1297 76 52 H.
606 1295 280 68 Shepard.
957 1297 138 53 New
1130 1297 179 67 York,
1343 1298 69 52 E.
1447 1298 66 52 P.
1548 1298 225 52 Dutton
1805 1300 47 51 &
1885 1316 97 47 co.,
2013 1299 110 52 inc.

217 1377 117 63 [ ᶜ1 932 ]
215 1445 1284 51 xi, 210 p., 1 l. col. front., illus., col. plates. 21 ᶜᵐ.
216 1503 160 40 “First
405 1503 227 41 edition.”

142 1556 51 51 ©
223 1560 102 40 Oct.
353 1558 68 50 28,
451 1560 113 40 1932;
623 1561 67 39 2c.
721 1562 94 37 and
845 1560 81 40 aff.
959 1560 102 40 Oct.
1090 1561 53 39 31;
1203 1561 41 38 A
1273 1559 144 41 55769;
1477 1562 52 39 E.
1560 1562 51 39 P.
1640 1561 186 41 Dutton
1858 1567 37 40 &
1925 1572 80 38 co.,
2037 1562 91 39 inc.

219 1615 279 49 (32-31592)

139 1717 335 67 Mogensen,
506 1718 173 53 Allan
711 1719 275 64 Herbert,
1022 1721 171 50 1901-
1403 1720 84 54 ed.

208 1794 273 55 Common
515 1814 153 34 sense
704 1797 233 66 applied
969 1801 57 48 to
1060 1796 215 53 motion
1310 1798 112 52 and
1455 1796 137 55 time
1624 1797 190 70 study,
1845 1798 77 69 by
1952 1797 176 55 Allan

138 1873 1993 70 H. Mogensen … 1st ed. New York and London, Pub. for
138 1952 246 67 Factory
410 1952 113 52 and
551 1951 307 52 industrial
885 1957 396 62 management
1306 1952 75 67 by
1407 1952 94 53 the
1528 1952 429 55 McGraw-Hill
1984 1954 148 55 book

137 2047 296 50 company,
459 2029 127 67 inc.,
614 2031 149 50 1932.

207 2102 689 49 228 p. illus., diagrs. 23½ ᶜᵐ.
144 2155 52 52 ©
228 2159 103 41 Oct.
362 2161 68 45 17,
462 2159 113 41 1932;
636 2159 68 41 2c.
737 2160 95 39 and
864 2159 82 41 aff.
981 2161 101 39 Oct.
1116 2161 55 39 18;
1233 2161 41 38 A
1305 2160 143 41 55592;
1512 2162 350 40 McGraw-Hill
1894 2164 122 38 book
2049 2173 81 39 co.,

211 2215 90 41 inc.
372 2215 277 49 (32-31880)

140 2318 240 64 Morley,
414 2318 387 64 Christopher
831 2318 372 65 Darlington,
1235 2325 170 50 1890-

210 2397 123 53 The
371 2395 244 70 goldfish
656 2398 182 52 under
874 2397 99 54 the
1010 2397 100 69 ice,
1147 2398 76 68 by
1264 2397 377 71 Christopher
1681 2401 251 69 Morley;
143 2403 1968 125 illustrated

353 2474 76 67 by
452 2474 157 54 Kurt
630 2475 204 54 Wiese.
908 2474 233 55 Garden
1168 2475 153 69 City,
1344 2477 70 53 N.
1440 2477 92 68 Y.,
1556 2478 356 69 Doubleday,
1936 2480 198 53 Doran

192 2553 676 67 & company, inc., 1932.
210 2625 1196 50 5 p. l., 3-69 p. incl. illus., plates, front. 19½ᶜᵐ.
213 2682 161 40 “First
401 2682 182 41 edition
609 2692 54 31 as
688 2682 164 41 book.”

149 2734 50 53 ©
243 2739 102 40 Oct.
385 2739 69 47 26,
495 2737 140 49 1932;
677 2738 69 42 2c.
787 2741 95 39 and
923 2739 83 42 aff.
1048 2739 102 42 Oct.
1193 2739 82 49 28;
1320 2741 40 40 A
1401 2741 170 49 56768;
1617 2742 47 41 C.
1710 2743 198 49 Morley,
1952 2743 182 49 Roslyn

215 2795 221 49 Heights,
462 2796 51 40 L.
539 2797 51 47 I.,
617 2797 57 38 N.
700 2797 52 38 Y.
823 2795 278 49 (32-31724)

143 2898 207 53 Mount
380 2899 264 62 Holyoke
673 2898 233 65 college.
979 2902 171 66 Dept,
1182 2902 64 67 of
1273 2901 264 68 English.

216 2975 121 52 The
364 2975 370 67 preparation
759 2977 64 52 of
849 2995 206 49 papers
1082 2978 171 52 based
1281 2997 72 34 on
1381 2979 256 67 reading,
1663 2979 73 68 by
1763 2982 96 51 the
151 2981 1957 122 Department

349 3051 62 52 of
459 3052 264 67 English,
770 3053 205 54 Mount
1026 3054 263 68 Holyoke
1338 3058 227 65 college.
1651 3056 182 55 South
1884 3058 248 68 Hadley,

148 3127 185 68 Mass.,
366 3132 151 51 1932.

218 3199 368 51 25 p., 1 l. 22½ᶜᵐ.
223 3256 92 41 “Of
337 3258 100 40 this
460 3258 247 49 pamphlet
734 3259 114 40 1400
872 3260 159 48 copies
1058 3271 125 31 were
1207 3261 238 48 printed.”

221 3314 234 41 “Revised
485 3315 196 48 edition,
711 3315 156 41 1932.”

154 3367 50 51 ©
245 3372 101 39 Oct.
385 3372 68 45 13,
491 3370 113 41 1932;
672 3372 68 39 2c.
781 3373 100 39 Oct.
921 3373 55 40 15;
1045 3372 83 41 aff.
1166 3374 117 40 Nov.
1322 3374 27 39 2;
1417 3376 41 38 A
1496 3376 142 41 55819;
1709 3378 169 42 Mount
1918 3379 222 46 Holyoke

219 3428 190 47 college,
445 3428 150 40 South
627 3429 204 47 Hadley,
863 3429 147 40 Mass.
1079 3428 277 51 (32-31749)

148 3529 274 65 Murphy,
455 3531 283 64 Gardner,
773 3536 170 50 1895-

218 3607 370 66 Approaches
621 3613 57 47 to
711 3610 350 66 personality;
1126 3630 151 34 some
1308 3618 432 65 contemporary
1775 3615 358 68 conceptions

151 3684 1876 79 used in psychology and psychiatry, by Gardner Murphy …
153 3762 1883 79 and Friedrich Jensen … with a supplement by John Levy …
151 3839 138 54 New
318 3841 180 68 York,
529 3842 549 69 Coward-McCann,
1107 3845 124 69 inc.,
1265 3850 148 54 1932.

289 3913 706 52 xv, 427 p. illus., diagrs. 22 ᶜᵐ.
223 3970 160 41 “First
410 3971 225 42 edition.”
