2563 4368
1268 4034 135 56 1472

346 415 137 66 Vos,
511 416 145 54 Bert
685 416 173 66 John,
892 417 170 54 1867-

417 489 1924 70 Oral and written German, by B. J. Vos … New York, F. S.
347 570 198 55 Crofts
573 572 45 50 &
647 588 97 50 co.,
775 573 149 50 1932.

414 641 500 50 viii, 229 p. 19½ ᶜᵐ .
415 700 116 47 Map
562 709 60 30 on
655 698 339 48 lining-paper.

349 769 52 52 ©
431 774 127 47 Sept.
585 775 69 44 16,
683 771 138 47 1932;
851 772 67 40 2c.
947 772 95 39 and
1071 770 82 41 aff.
1184 771 128 47 Sept.
1339 768 83 48 20;
1453 771 40 38 A
1521 770 169 47 55181;
1723 770 51 40 F.
1806 771 45 39 S.
1881 770 165 41 Crofts
2074 770 35 40 &
2138 781 84 35 co.,
2250 771 90 40 inc.

423 829 279 49 (32-25292)

347 933 194 64 Ward,
574 930 407 65 Christopher,
1014 935 170 50 1868-

413 1010 56 53 A
522 1009 236 54 Yankee
809 1027 182 49 rover,
1041 1007 173 69 being
1264 1009 96 52 the
1414 1013 158 63 story
1624 1007 65 54 of
1741 1009 97 52 the
1890 1008 342 54 adventures
2281 1006 67 55 of

344 1088 297 54 Jonathan
674 1087 172 53 Drew
885 1086 213 68 during
1135 1086 90 53 his
1262 1086 212 54 travels
1513 1085 60 54 in
1611 1086 96 54 the
1748 1084 183 57 South
1970 1088 46 50 &
2054 1085 94 54 far
2185 1085 159 56 West

344 1165 75 69 by
456 1167 158 66 road,
653 1164 153 54 river
846 1164 113 54 and
997 1164 136 53 trail
1171 1163 60 53 in
1270 1164 96 54 the
1404 1181 164 50 years
1608 1166 257 65 1824-29,
1905 1164 262 69 together
2204 1163 140 54 with

344 1262 152 36 some
540 1248 238 49 account
822 1241 65 55 of
932 1243 96 53 the
1076 1241 201 69 people
1322 1242 72 53 he
1438 1247 133 62 met,
1618 1240 190 70 white,
1853 1240 167 55 black
2067 1241 113 54 and
2228 1241 118 69 red,

343 1323 166 68 good,
544 1322 113 53 bad
694 1321 113 54 and
842 1319 350 68 indifferent,
1226 1320 90 54 his
1355 1318 222 55 friends
1614 1319 114 54 and
1764 1319 240 54 enemies
2041 1320 114 54 and
2191 1319 153 54 what

342 1400 136 68 they
502 1400 101 54 did
630 1418 64 35 or
719 1399 150 53 tried
894 1404 59 48 to
979 1400 89 52 do.
1142 1397 83 54 As
1250 1397 172 54 taken
1448 1399 168 52 down
1640 1397 76 68 by
1744 1396 377 69 Christopher
2145 1397 200 68 Ward,

343 1496 108 50 esq.
526 1477 138 54 New
692 1476 180 68 York,
899 1476 199 56 Simon
1126 1476 111 53 and
1265 1474 286 69 Schuster,
1578 1478 152 51 1932.

409 1549 711 51 4 p. l., 3-323, [1] p. 21½ ᶜᵐ .
347 1617 51 53 ©
435 1622 125 47 Sept.
595 1620 69 47 26,
699 1619 140 47 1932;
874 1619 68 41 2c.
978 1619 127 48 Sept.
1140 1618 82 47 29;
1259 1618 81 40 aff.
1378 1618 128 48 Sept.
1540 1619 56 40 28;
1660 1620 41 37 A
1735 1618 170 47 55320;
1943 1619 49 40 C.
2032 1619 158 47 Ward,
412 1618 1908 107 Wilmington.
674 1677 103 40 Del.
848 1674 279 49 (32-25325)

343 1776 393 64 Washington
779 1777 218 69 (State)
1081 1777 183 67 Laws,
1294 1782 258 61 statutes,
1583 1783 100 50 etc.

414 1855 392 69 Remington’s
864 1854 218 54 revised
1139 1860 239 48 statutes
1435 1855 63 52 of
1553 1854 402 69 Washington,
2013 1858 326 65 annotated,

343 1933 258 70 showing
631 1933 78 54 all
736 1939 238 47 statutes
1004 1932 60 53 in
1094 1932 157 54 force
1278 1940 58 46 to
1366 1935 113 52 and
1510 1931 298 70 including
1837 1933 97 53 the
1960 1933 212 54 session
2200 1934 137 55 laws

343 2010 1970 147 of 1931, by Hon. Arthur Remington … San Francisco, Bancroft-Whitney company, 1932.
414 2162 307 43 3 v. 23½ ᶜᵐ .
415 2218 179 40 Pocket
626 2217 164 41 device
821 2228 62 29 on
913 2218 157 40 inside
1102 2218 52 39 of
1183 2218 123 39 back
1337 2226 141 31 cover
1507 2218 53 39 of
1591 2218 118 40 each
1738 2218 205 41 volume.

418 2275 109 40 Seal
557 2275 52 40 of
637 2276 82 39 the
748 2275 130 40 state
908 2275 52 39 of
990 2273 321 48 Washington
1341 2273 225 41 included
1597 2273 50 41 in
1676 2274 120 41 each
1827 2274 205 42 volume.

415 2330 236 42 “Revised
684 2330 184 43 edition
899 2332 53 40 of
984 2329 344 48 ‘Remington’s
1361 2330 237 48 compiled
1629 2331 225 40 statutes’
1889 2333 95 39 and
2018 2333 52 39 of
346 2333 1976 97 ‘Remington’s
495 2388 114 42 1927
639 2387 555 49 supplement’.”—Pref.

379 2481 7 7 v.
421 2450 39 45 1,
496 2443 52 52 ©
581 2448 118 48 Aug.
733 2447 40 48 9,
807 2446 112 41 1932;
983 2446 68 41 2c.
1083 2446 121 48 Aug.
1237 2445 57 41 10;
1356 2445 82 42 aff.
1474 2445 128 49 Sept.
1635 2445 56 40 22;
1755 2457 43 30 v.
1830 2447 41 48 2,
1908 2442 52 53 ©
1995 2448 120 47 Aug.
2149 2449 56 40 31;
2268 2449 67 41 2c.

419 2504 128 48 Sept.
580 2504 25 38 2;
670 2503 81 40 aff.
790 2503 126 47 Sept.
951 2502 55 39 22;
1070 2514 42 30 v.
1144 2503 41 46 3,
1222 2498 58 52 ©
1312 2501 128 49 Sept.
1476 2503 55 38 14;
1594 2502 66 41 2c.
1700 2503 128 48 Sept.
1863 2504 55 39 15;
1981 2503 84 42 aff.
2103 2505 115 48 Sept
2251 2505 58 40 22;

412 2560 41 38 A
485 2558 319 41 54994-54996;
867 2557 487 49 Bancroft-Whitney
1387 2569 68 31 co.
1517 2554 69 54 [©
1622 2558 236 41 revisions
1892 2565 36 39 &
1960 2559 261 52 additions]

422 2615 278 48 (32-25281)

343 2717 208 65 Weiss,
579 2717 164 65 Paul,
776 2723 171 49 1898-

416 2794 1856 70 Entwicklungsphysiologie der tiere, von dr. Paul Weiss …
343 2872 105 52 mit
487 2877 27 47 1
553 2872 330 69 abbildung.
959 2874 258 52 Dresden
1250 2875 118 52 und
1404 2873 256 70 Leipzig,
1697 2876 66 51 T.
1801 2872 344 72 Steinkopff,
2183 2878 148 52 1930.

345 2945 1975 109 xi, 138 p. diagr. 21½ ᶜᵐ . (Added t.-p.: Wissenschaftliche forschungsberichte, naturwissenschaftliche reihe … bd. XXII )
413 3058 414 49 Bibliographical
856 3059 275 40 foot-notes.

346 3110 52 52 ©
433 3115 118 40 Nov.
585 3116 41 46 3,
661 3114 140 47 1930;
868 3126 37 29 1c.
942 3114 109 40 Feb.
1088 3116 68 47 13,
1194 3115 139 41 1931;
1372 3116 309 47 A—Foreign
1717 3116 169 48 11608;
1926 3118 222 40 Theodor
413 3118 1904 100 Steinkopff.
629 3170 249 47 (31-1955)

342 3271 195 66 Wells,
568 3273 257 54 Herbert
856 3274 244 64 George.

413 3349 232 67 Project
674 3350 63 52 of
769 3369 30 35 a
828 3351 181 53 world
1038 3351 226 69 society.

422 3422 84 48 (In
531 3420 104 43 The
660 3434 107 29 new
794 3424 282 40 statesman
1103 3422 95 43 and
1226 3421 187 51 nation,
1442 3421 130 53 Aug.
1602 3424 73 50 20,
1706 3423 143 49 1932)

347 3473 52 52 ©
429 3479 65 40 1c.
528 3479 126 47 Sept.
684 3480 25 39 3,
754 3480 113 39 1932;
927 3481 39 38 A
996 3481 59 39 ad
1088 3480 86 40 int.
1204 3480 141 40 16942;
1405 3480 142 48 pubd.
1578 3482 119 46 Aug.
1728 3482 55 40 20;
1844 3483 61 40 H.
1938 3483 52 39 G.
2022 3483 162 47 Wells,
414 3484 1900 91 London.

344 3632 308 70 Zolotkoff,
681 3638 175 64 Leon,
887 3642 171 50 1866-

412 3710 175 54 From
620 3712 177 54 Vilna
830 3719 58 48 to
922 3713 363 69 Hollywood,
1319 3733 31 34 a
1383 3716 165 52 novel
1580 3715 76 68 by
1688 3716 155 53 Leon
1876 3715 282 54 Zolotkoff
2201 3716 131 68 (Dr.

344 3787 190 68 Aleph
572 3789 308 68 Klorman)
966 3791 137 52 New
1143 3789 178 68 York,
1357 3791 180 53 Bloch
1574 3791 334 69 publishing
1943 3808 97 52 co.,
2078 3794 150 51 1932.

412 3860 456 50 iv, 234 p. 19½ ᶜᵐ .
350 3912 52 52 ©
436 3916 127 49 Sept.
594 3918 69 47 30,
693 3918 115 41 1932;
867 3918 67 42 2c.
968 3919 100 40 Oct.
1100 3920 25 39 3;
1187 3918 82 41 aff.
1303 3920 101 39 Oct.
1436 3921 25 38 1;
1524 3921 40 38 A
1596 3921 144 40 55356;
1802 3921 149 41 Bloch
1983 3923 107 47 pub.
2126 3931 81 37 co.,
2241 3923 89 40 inc.

426 3972 278 50 (32-25170)
