2563 4368
1112 4113 131 51 1301

199 490 330 67 Döderlein,
559 491 246 65 Ludwig
834 489 282 55 Heinrich
1145 489 251 65 Philipp,
1430 495 169 49 1855-

267 568 574 69 Bestimmungsbuch
885 566 98 53 für
1025 567 264 52 deutsche
1332 566 159 53 land-
1535 566 118 53 und
1698 565 486 54 süsswassertiere.

197 642 1989 71 Insekten … von Ludwig Döderlein … München und Berlin,
197 724 67 51 R.
296 722 388 69 Oldenbourg,
717 725 150 49 1932.

266 808 460 41 2 v . illus. 19 ᶜᵐ .
541 863 104 41 CONTENTS.—1.
683 865 36 39 t.
757 863 169 42 Käfer,
969 873 202 37 wespen,
1211 862 208 45 libellen,
1458 861 358 41 heuschrecken
1855 871 116 31 usw.
1989 885 59 5 —
2065 861 43 42 2.
2148 863 37 40 t.

198 920 223 47 Wanzen,
449 920 173 47 fliegen
649 921 97 39 und
773 918 402 48 Schmetterlinge.

204 989 1900 53 © May 2, 1932; 1c. each July 22; A—Foreign 17369; R. Oldenbourg.
279 1048 278 49 (32-23175)

196 1150 210 64 Eaton,
435 1150 224 64 Evelyn
687 1148 163 65 Sybil
877 1151 190 61 Mary,
1096 1154 170 49 1902-

265 1225 522 68 Desire—Spanish
815 1226 240 67 version,
1080 1227 77 67 by
1181 1226 224 68 Evelyn
1432 1229 204 50 Eaton.
1710 1227 256 66 London,
195 1227 1964 129 Chapman
359 1306 111 52 and
503 1305 159 67 Hall,
695 1305 103 52 ltd.
858 1308 150 64 [1932]

265 1391 98 47 284,
393 1391 55 50 [1]
473 1402 42 37 p.
577 1390 58 41 19½ᶜᵐ.

203 1460 1981 51 © 1c. Sept. 10, 1932; A ad int. 16836; pubd. July 13; E. S. M. Viedt,
271 1519 353 48 Seine-et-Oise,
655 1519 197 39 France.
923 1517 279 51 (32-24067)

196 1624 201 63 Ernst,
424 1623 203 53 James
654 1621 303 56 Emanuel.

265 1698 189 69 Roger
488 1697 303 67 Williams,
828 1701 138 51 New
1004 1700 269 67 England
1309 1699 303 66 firebrand,
1648 1700 76 66 by
1760 1700 192 53 James
1989 1700 192 53 Ernst.

194 1776 137 53 New
355 1777 178 67 York,
556 1778 120 51 The
699 1777 334 54 Macmillan
1056 1795 295 49 company,
1379 1781 148 50 1932.

263 1850 594 48 xiv, 538 p. front. 23 ᶜᵐ.
201 1918 51 51 ©
282 1922 127 47 Sept.
437 1922 39 47 6,
504 1920 112 42 1932;
672 1921 67 41 2c.
768 1923 95 38 and
891 1921 81 40 aff.
1003 1922 127 47 Sept.
1160 1923 24 38 7;
1242 1922 40 38 A
1310 1921 145 40 54658;
1510 1921 280 40 Macmillan
1819 1931 67 31 co.

277 1977 277 49 (32-22812)

194 2081 225 66 Ewing,
450 2082 138 51 Mrs.
619 2080 236 54 Juliana
883 2081 250 53 Horatia
1172 2080 248 65 (Gatty)
1460 2086 323 50 1841-1885.

262 2157 317 68 Timothy’s
613 2158 160 54 shoes
809 2158 112 52 and
957 2165 111 45 two
1106 2158 161 52 other
1302 2157 216 68 stories,
1551 2156 75 69 by
1661 2156 239 56 Juliana
1936 2158 246 52 Horatio

195 2236 233 67 Ewing;
481 2235 246 67 adapted
773 2234 75 68 by
894 2233 133 54 Lois
1076 2233 238 69 Dwight
1364 2231 161 69 Cole;
1576 2233 249 68 pictures
1869 2235 76 67 by
1994 2232 70 57 Y.
2115 2236 68 52 E.

196 2312 331 68 Soderberg.
596 2313 135 52 New
766 2311 178 68 York,
978 2311 119 53 The
1128 2311 334 53 Macmillan
1492 2329 297 50 company,
1823 2314 149 50 1932.

263 2391 1917 50 xiv p., 1 l., 180 p. incl. front., illus., plates, pl. 16½ᶜᵐ. [The little
194 2450 197 49 library]

538 2503 1645 49 CONTENTS. — Timothy's shoes. — The brownies. — Amelia and the
191 2563 199 41 dwarfs.

200 2631 51 51 ©
283 2635 120 47 Aug.
433 2634 69 46 30,
535 2632 111 41 1932;
708 2633 65 39 2c.
809 2633 94 39 and
937 2632 82 40 aff.
1050 2632 118 47 Aug.
1203 2632 54 39 31;
1320 2632 42 38 A
1394 2632 142 40 53862;
1600 2633 279 40 Macmillan
1914 2643 68 31 co.

275 2690 277 49 (32-22978)

194 2790 242 54 Federal
485 2797 270 62 reporter.
833 2789 218 55 Second
1097 2790 183 53 series.
1359 2789 168 55 Cases
1576 2793 213 67 argued
1838 2793 111 52 and
262 2793 1892 129 determined

479 2870 59 51 in
563 2870 96 52 the
685 2869 221 55 Circuit
930 2875 187 48 courts
1143 2869 62 52 of
1232 2870 233 66 appeals
1492 2870 112 51 and
1629 2870 246 53 District
1899 2877 189 47 courts
2115 2870 62 53 of

262 2948 94 53 the
405 2948 215 52 United
673 2946 205 68 States,
926 2946 217 53 United
1195 2946 186 54 States
1433 2947 179 54 Court
1661 2948 62 52 of
1772 2953 243 48 customs
2065 2950 112 51 and

261 3032 198 61 patent
497 3027 250 66 appeals,
785 3024 178 54 Court
1000 3024 62 53 of
1100 3025 195 52 claims
1332 3025 62 52 of
1432 3027 95 51 the
1564 3026 216 55 United
1820 3027 205 54 States,
2065 3028 111 52 and

264 3103 176 54 Court
489 3103 62 53 of
597 3105 232 66 appeals
875 3103 63 52 of
981 3103 94 53 the
1121 3102 243 54 District
1410 3104 63 52 of
1521 3105 317 68 Columbia,
1885 3106 139 53 with
2068 3107 109 68 key

260 3182 235 52 number
519 3181 377 53 annotations,
972 3198 48 35 v.
1047 3185 29 47 57
1147 3181 126 68 (2d)
1306 3184 344 66 May-June,
1676 3187 150 48 1932.
1904 3184 80 54 St.
2011 3185 164 68 Paul,

259 3261 159 53 West
447 3260 334 68 publishing
811 3280 98 46 co.,
943 3263 149 49 1932.

264 3333 1826 52 xxiv, 1161 p. incl. front. (map) 26 ᶜᵐ. (National reporter system)
197 3399 51 51 ©
283 3404 125 47 Sept.
439 3405 39 48 7,
507 3402 112 40 1932;
678 3403 67 40 2c.
776 3406 94 37 and
902 3403 81 41 aff.
1016 3403 101 40 Oct.
1148 3404 55 39 10;
1263 3404 40 38 A
1334 3403 142 41 56395;
1537 3405 134 40 West
1701 3405 109 47 pub.
1842 3415 67 30 co.

191 3506 293 64 Florence,
514 3506 252 65 Gabriel,
798 3511 170 50 1886-

259 3582 107 53 Les
407 3582 315 68 problèmes
764 3583 67 52 de
875 3583 53 52 la
971 3583 301 53 biochimie
1314 3584 284 66 moderne,
1642 3601 106 50 par
1792 3583 68 54 G.
1906 3584 272 54 Florence

253 3659 1923 69 … [et] J. Enselme … Préface de L. Hugounenq … Paris,
190 3734 597 68 G. Doin & c ⁱᵉ , 1932.
261 3807 1082 50 2 p. l., [3]-312 p., 1 l. illus., diagrs. 24½ ᶜᵐ.
260 3864 235 40 “Errata”;
552 3865 26 38 1
606 3864 100 41 leaf
732 3865 226 41 attached
987 3867 49 38 to
1062 3876 44 37 p.
1152 3864 43 51 [3]

261 3919 417 49 “Bibliographie”
706 3922 52 39 at
783 3923 91 39 end
900 3922 53 39 of
979 3923 125 39 most
1129 3921 52 41 of
1204 3922 83 40 the
1314 3922 238 47 chapters.

197 3988 1872 53 © Mar. 11, 1932; 1c. July 23; A—Foreign 17545; Gaston Doin & cie.
273 4048 276 49 (32-23171)
