2563 4368
1426 4019 102 51 226

540 489 1914 57 viii, 137, [1] p. illus. (part col.) 19 ᶜᵐ. (The story series in health)
476 560 1988 58 © Jan. 2, 1932; 2c. and aff. Feb. 1; A 47352; J. M. Andress and Annie
542 627 187 38 Turner
755 626 225 40 Andress,
1009 623 332 47 Newtonville,
1371 624 146 38 Mass.
1588 620 250 49 (32-5586)

475 743 372 55 Association
874 745 63 51 of
964 742 105 53 life
1099 744 311 52 insurance
1437 742 243 53 medical
1710 740 306 54 directors.

542 820 272 54 Abstract
865 822 63 50 of
980 822 95 51 the
1125 820 370 68 proceedings
1548 819 62 51 of
1662 819 95 51 the
1809 817 391 67 forty-second
2251 817 211 52 annual

473 900 248 67 meeting
751 900 63 52 of
844 901 95 51 the
969 899 360 53 Association
1361 898 62 52 of
1453 898 105 52 life
1588 897 297 53 insurance
1915 896 241 53 medical
2188 895 275 53 directors

474 974 1991 70 of America … v. 18. New York city, Press of Recording &
474 1057 303 54 statistical
805 1056 382 68 corporation,
1220 1059 149 49 1932.

547 1132 99 46 viii,
678 1132 83 39 373
795 1142 40 36 p.
898 1132 169 46 plates,
1102 1130 167 48 tables,
1302 1129 176 48 diagrs.
1540 1129 54 40 23½ᶜᵐ.

481 1197 51 52 ©
561 1202 111 39 Dec.
701 1202 67 47 15,
798 1201 112 40 1931;
968 1201 68 42 2c.
1066 1200 110 41 Feb.
1205 1202 38 45 1,
1273 1199 113 41 1932;
1445 1200 81 39 aff.
1558 1201 109 38 Feb.
1697 1200 55 40 23;
1812 1200 40 38 A
1879 1200 145 40 48711;
2083 1197 306 42 Association
2420 1199 52 40 of

546 1258 88 41 life
661 1259 258 39 insurance
948 1258 201 40 medical
1180 1258 236 39 directors
1445 1258 54 39 of
1523 1257 237 48 America,
1791 1257 223 47 Newark,
2043 1257 56 39 N.
2129 1256 41 41 J.

477 1378 375 54 Association
882 1379 63 52 of
974 1378 420 64 practitioners
1422 1378 204 52 before
1656 1377 102 53 the
1787 1378 327 51 Interstate
2144 1392 323 38 commerce

548 1457 394 55 commission.

548 1535 219 66 Report
793 1535 61 52 of
881 1535 95 52 the
1000 1535 203 52 second
1229 1536 211 50 annual
1467 1534 249 67 meeting
1742 1534 61 52 of
1829 1534 362 53 Association
2218 1534 63 52 of
480 1552 1964 113 practitioners
776 1613 196 52 before

1008 1613 96 52 the
1141 1615 310 51 Interstate
1487 1631 305 35 commerce
1827 1613 376 64 commission,
2238 1613 134 53 held
2410 1618 60 49 at

480 1689 330 67 Mayflower
846 1692 171 58 hotel,
1054 1691 401 68 Washington,
1493 1694 69 50 D.
1603 1693 81 65 C.,
1723 1691 330 68 September
2089 1694 189 66 24-25,
2317 1696 151 49 1931.

485 1769 1595 70 [Baltimore, Md., The Lord Baltimore press, ᶜ19 31]
551 1845 84 38 260
668 1855 41 36 p.
770 1845 147 38 front.
948 1844 170 47 (port.)
1161 1845 156 46 plates
1346 1843 135 48 (part
1513 1844 143 48 fold.)
1724 1845 54 40 23½ᶜᵐ.

485 1911 51 52 ©
576 1916 109 40 Jan.
725 1916 66 42 16,
832 1914 112 41 1932;
1013 1916 66 39 2c.
1119 1916 108 38 Feb.
1268 1914 81 47 16;
1392 1915 80 39 aff.
1515 1916 108 39 Feb.
1665 1916 81 45 15;
1788 1916 41 38 A
1866 1915 170 46 47670;
2080 1915 304 42 Association
2424 1918 51 39 of

551 1972 344 47 practitioners
921 1972 161 40 before
1108 1974 84 38 the
1215 1974 265 38 Interstate
1507 1982 259 30 commerce
1793 1973 318 45 commission,
2140 1973 333 48 Washington.

474 2090 248 64 Aubert,
753 2092 236 63 Marcel,
1024 2097 170 49 1884-
1405 2095 83 53 ed.

485 2168 1985 135 Nouvelle histoire universelle de l’art, publiée sous la direction de Marcel Aubert … Préface d’Emile Mâle … t. 1.
488 2324 1074 68 [Paris] Firmin-Didot et c ⁱᵉ [ ᶜ19 32]
555 2398 1208 50 viii, 379, [1] p. illus. (incl. map, plans) 26 ᶜᵐ.
551 2469 233 41 Contains
813 2469 391 48 bibliographies.

488 2537 1989 52 © Dec. 10, 1931; 1c. Jan. 25, 1932; A— Foreign 15526; Firmin-Didot &
556 2598 82 40 cie.
711 2598 249 48 (32-4645)

484 2718 308 63 Bateman,
820 2718 206 63 Henry
1053 2718 194 63 Mayo.

555 2793 120 55 The
704 2794 238 67 burglar
970 2795 127 51 who
1128 2795 255 67 coughed
1413 2813 71 34 on
1516 2795 94 51 the
1641 2794 440 68 job—Kensitas
2111 2795 190 53 would
2329 2795 144 53 have

485 2872 171 51 saved
698 2871 120 52 him
839 2871 9 51 !
952 2873 89 64 [By
1085 2873 203 66 Henry
1331 2874 173 66 Mayo
1551 2876 279 50 Bateman
1874 2874 112 52 and
2029 2874 263 53 Leonard
2334 2877 139 51 Max

484 2949 236 66 Masius]

649 3020 1071 53 (In London Morning post, Feb. 29, 1932)
491 3090 1986 56 © 1c. Mar. 22, 1932; A ad int. 16173; pubd. Feb. 29; J. Wix & sons, ltd.,
557 3152 208 39 London.

479 3252 209 66 Beard,
716 3253 207 54 Daniel
951 3256 227 61 Carter,
1210 3261 170 49 1850-

554 3329 126 69 Boy
715 3333 194 52 heroes
945 3335 64 51 of
1044 3335 190 65 today,
1271 3332 125 68 Boy
1433 3340 157 47 scout
1626 3335 135 66 gold
1797 3335 180 54 honor
2012 3337 184 52 medal
2236 3337 239 63 awards,

484 3406 74 70 by
586 3409 131 51 Dan
749 3410 203 52 Beard.
1028 3411 137 51 New
1196 3411 178 55 York,
1405 3413 246 63 Brewer,
1680 3413 241 52 Warren
1954 3416 43 48 &
2026 3414 266 65 Putnam,
2326 3416 146 49 1932.

555 3482 875 49 160 p. front., plates, ports. 20 ᶜᵐ.
556 3553 286 40 Illustrated
875 3552 364 50 lining-papers.

491 3618 51 51 ©
571 3623 108 40 Feb.
709 3625 37 45 8,
776 3624 139 45 1932;
945 3625 66 40 2c.
1041 3625 108 41 Feb.
1251 3636 8 34 18;
1291 3624 80 41 aff.
1402 3625 108 38 Feb.
1541 3626 79 45 16;
1651 3625 41 39 A
1717 3626 170 46 48533;
1919 3626 101 46 Boy
2049 3628 160 36 scouts
2238 3625 51 39 of
558 3624 1902 100 America,
677 3681 116 37 New
823 3682 142 37 York.
1038 3681 249 46 (32-5582)

479 3780 484 71 Bedford-Jones,
990 3785 222 63 Henry,
1243 3784 154 53 1887-

554 3857 212 54 Drums
814 3859 64 52 of
926 3861 282 52 Dambala
1282 3860 89 68 [by]
1427 3860 75 51 H.
1553 3859 478 54 Bedford-Jones.
2109 3860 136 51 New
2295 3857 179 68 York,

486 3934 657 71 Covici-Friede [ ᶜ1 932]
