2563 4368
1307 4068 133 55 1670

433 510 1291 69 x p., 1 l. , 696 p. illus. (maps, plans) diagrs. 22½ ᶜᵐ.
402 585 294 50 “Suggested
722 581 204 50 parallel
953 575 252 50 readings”
1231 577 51 38 at
1308 574 91 40 end
1424 572 51 39 of
1499 570 119 40 each
1643 566 216 48 chapter.

336 643 51 51 ©
419 644 102 42 Oct.
550 643 69 47 25,
651 639 112 42 1932;
823 638 66 40 2c.
922 637 94 40 and
1047 634 83 40 aff.
1162 633 103 40 Oct.
1295 630 59 40 26;
1411 629 43 39 A
1484 627 143 42 56723;
1689 623 283 42 Macmillan
2003 634 65 29 co.
413 697 278 52 (32-31702)

335 788 233 67 Gillum,
606 787 223 54 Grover
863 781 238 56 Nelson.

404 841 1924 84 The modern health book, by G. N. Gillum … Kansas City,
336 942 131 68 Mo.,
499 940 120 53 The
654 937 217 55 Gillum
905 933 144 54 book
1080 947 296 52 company,
1412 929 151 51 1932.

405 1011 96 49 xvi,
533 1010 83 41 641
646 1020 43 37 p.
746 1009 129 39 illus.
931 1004 56 41 23½ᶜᵐ.

406 1065 346 51 Bibliography
771 1077 8 29 :
821 1074 44 37 p.
904 1060 215 43 622-626.

344 1126 51 51 ©
431 1128 113 49 Sept
592 1126 39 47 6,
665 1123 139 46 1932;
840 1123 67 40 2c.
941 1122 95 40 and
1071 1118 82 43 aff.
1189 1117 102 42 Oct.
1324 1117 82 46 24;
1444 1116 40 39 A
1518 1112 170 49 56699;
1727 1113 52 41 G.
1814 1112 56 42 N.
1907 1109 195 51 Gillum,
2138 1110 195 41 Kansas

413 1184 121 49 City,
565 1183 91 39 Mo.
727 1178 280 50 (32-31555)

341 1273 344 62 Gladfelter,
714 1267 330 57 Katharine
1073 1265 270 55 Eleanor.

412 1349 178 68 Many
619 1365 193 35 moons
845 1364 105 49 ago
982 1345 113 53 and
1124 1362 145 48 now,
1300 1361 31 34 a
1360 1358 194 37 course
1583 1358 72 35 on
1683 1339 97 53 the
1807 1338 188 54 North
2026 1335 308 55 American

345 1425 236 55 Indians
612 1424 93 53 for
734 1423 194 69 junior
955 1422 136 68 boys
1123 1420 113 54 and
1264 1420 159 68 girls,
1451 1419 75 66 by
1555 1415 324 55 Katharine
1907 1417 69 51 E.
2006 1413 326 56 Gladfelter

405 1495 1204 75 … New York, Friendship press [ ᶜ1 932]
418 1570 754 56 5 p. l., [9]-157 p. illus. 19½ᶜᵐ.
419 1632 113 51 Map
563 1644 60 29 on
656 1630 361 51 lining-papers.

423 1688 93 43 For
541 1690 83 40 the
647 1699 84 31 use
757 1688 51 40 of
833 1685 190 49 juniors
1047 1685 49 39 in
1124 1685 81 40 the
1232 1683 180 43 church
1439 1682 176 42 school.

420 1745 157 44 Music
593 1757 10 29 :
635 1758 44 37 p.
711 1743 215 41 141-146.

424 1803 291 43 “Reference
744 1800 112 40 list”
875 1810 9 29 :
915 1811 44 37 p.
993 1798 247 51 [147]-157.

354 1859 51 51 ©
443 1861 101 41 Oct.
580 1860 68 48 11,
685 1857 139 47 1932;
862 1857 66 40 2c.
966 1856 94 40 and
1097 1854 82 41 aff.
1217 1853 102 42 Oct.
1355 1853 82 47 26;
1477 1852 40 40 A
1554 1852 170 47 56712;
1766 1852 53 40 G.
1857 1852 51 47 Q.
1948 1850 239 48 LeSourd,
2226 1850 114 41 New

419 1918 144 40 York.
633 1913 277 51 (32-31741)

353 2003 245 67 Glazier,
626 2002 244 55 Harriet
900 2001 254 64 Eudora,
1186 2000 169 56 1870-

420 2073 1926 76 Arithmetic for teachers, by Harriet E. Glazier … 1st ed.
354 2160 136 54 New
540 2158 160 53 York
746 2158 113 52 and
905 2156 257 68 London,
1209 2153 429 57 McGraw-Hill
1684 2153 147 55 book
1878 2169 297 53 company,
2220 2151 127 69 inc.,

357 2239 148 51 1932.

493 2305 696 52 xv, 291 p. illus., diagrs. 21 ᶜᵐ.
429 2366 240 48 Enlarged
709 2364 96 40 and
843 2361 188 42 revised
1071 2361 182 41 edition
1292 2361 51 41 of
1382 2362 82 40 the
1502 2358 219 44 author’s
1760 2359 134 42 work
1933 2358 194 51 printed
2167 2360 60 48 by
2267 2359 82 42 the

362 2421 243 42 Students’
646 2419 304 48 cooperative
989 2420 130 39 store
1158 2418 51 40 of
1249 2418 82 41 the
1371 2415 283 52 University
1693 2417 52 41 of
1785 2415 272 43 California
2097 2416 94 40 and
2231 2415 118 41 used

360 2480 77 40 for
462 2479 82 40 the
568 2478 110 48 past
703 2476 137 41 three
864 2484 156 39 years,
1080 2473 62 49 cf.
1169 2473 130 43 Pref.

432 2531 299 51 “Readings”
767 2534 51 38 at
852 2532 92 39 end
976 2531 50 40 of
1061 2531 115 39 each
1212 2529 201 49 chapter;
1477 2527 349 53 Bibliography
1842 2538 11 31 :
1890 2541 42 37 p.
1966 2526 216 43 281-283.

366 2587 51 52 ©
451 2591 102 41 Oct.
582 2590 58 40 20,
683 2589 113 41 1932;
857 2588 67 40 2c.
957 2589 95 39 and
1084 2586 83 41 aff.
1198 2586 104 42 Oct.
1333 2586 58 39 22;
1450 2587 42 38 A
1523 2586 139 41 55651;
1730 2585 351 42 McGraw-Hill
2114 2586 123 39 book
2269 2596 83 39 co.,

433 2646 89 41 inc.
592 2643 278 51 (32-31889)

366 2736 176 65 Good,
570 2738 137 51 Mrs.
737 2735 230 53 Marian
997 2734 216 63 Bigler.

437 2813 165 55 Some
652 2812 235 54 musical
940 2809 397 70 backgrounds
1388 2811 66 53 of
1505 2811 443 70 Pennsylvania,
2001 2811 75 69 by
2128 2810 227 54 Marian

368 2883 1988 81 Bigler Good … Carrolltown, Pa., Printed [by] Carrolltown
365 2969 556 67 news press [ ᶜ1 932]
435 3040 269 49 101 p. 24 ᶜᵐ.
441 3089 1868 62 “A collection of twenty-eight articles … that have appeared … in …
372 3153 81 39 the
484 3152 141 39 News
659 3151 147 48 sheet,
841 3152 81 39 the
955 3150 171 42 official
1159 3151 298 48 publication
1491 3153 52 40 of
1578 3154 82 39 the
1692 3152 360 50 Pennsylvania
2086 3151 275 42 federation

372 3200 1988 64 of music clubs … It is really a second editioh of ‘Pennsylvania papers’
425 3257 1858 60 … published by the American music department in 1929.”—Foreword.
717 3318 131 49 CONTENTS.—pt.
876 3325 32 33 I.
936 3317 506 53 Pennsylvania.—pt.
1467 3327 53 33 II.
1548 3321 257 42 American
1833 3321 228 48 subjects.

381 3372 51 50 ©
463 3376 102 41 Oct.
594 3376 38 46 5,
663 3374 141 49 1932;
834 3376 68 38 2c.
932 3375 96 41 and
1056 3375 83 41 aff.
1170 3376 104 41 Oct.
1303 3375 82 49 27;
1416 3378 44 38 A
1487 3377 172 50 55678;
1692 3379 63 39 M.
1786 3378 56 41 B.
1875 3378 144 47 Good,
2053 3377 191 47 Patton,
2278 3376 83 40 Pa.

458 3431 276 49 (32-31720)

378 3502 235 67 Griggs,
647 3504 251 54 Edward
928 3504 274 67 Howard,
1237 3511 167 51 1868-

450 3578 274 71 Socrates,
758 3581 224 51 teacher
1017 3581 111 52 and
1162 3586 238 64 martyr,
1435 3583 75 68 by
1547 3584 253 54 Edward
1837 3584 258 53 Howard
2131 3582 230 71 Griggs.

380 3654 603 71 Croton-on-Hudson,
1012 3657 70 53 N.
1113 3658 91 66 Y.,
1233 3656 262 56 Orchard
1524 3660 107 53 hill
1661 3679 155 45 press
1851 3664 173 59 [1932]

450 3725 491 52 2 p. l., 7-51 p. 18 ᶜᵐ.
451 3783 118 40 This
607 3783 144 47 study
788 3794 101 30 was
926 3783 257 48 originally
1221 3784 140 48 given
1399 3796 55 30 as
1492 3797 28 29 a
1558 3788 180 42 lecture
1779 3788 50 40 in
1868 3799 28 29 a
1935 3788 117 48 high
2092 3788 161 42 school
384 3797 1964 88 assembly
591 3840 122 38 hour
742 3841 152 39 under

922 3840 80 39 the
1030 3840 220 47 auspices
1280 3840 53 40 of
1362 3842 80 40 the
1474 3841 145 42 Frick
1648 3843 306 43 commission
1984 3845 53 40 of
2067 3843 298 49 Pittsburgh.

384 3892 60 45 cf.
472 3892 269 44 Foreword.

392 3944 50 52 ©
468 3950 101 42 Oct.
593 3951 68 47 22,
687 3949 111 43 1932;
852 3952 67 38 2c.
946 3951 101 43 Oct.
1071 3952 56 40 29;
1180 3953 81 40 aff.
1288 3952 100 43 Oct.
1415 3955 54 40 31;
1526 3955 39 40 A
1591 3956 140 40 56791;
1789 3958 52 40 E.
1869 3959 61 39 H.
1958 3957 186 50 Griggs,
458 3958 1911 97 Croton-on-Hudson,
783 4008 55 39 N.
867 4008 53 39 Y.
990 4006 277 50 (32-31563)
