2563 4368
1097 4134 131 49 1935

139 525 264 63 Strayer,
433 522 219 65 Joseph
682 523 204 54 Reese.

211 613 120 52 The
376 611 461 55 administration
882 611 62 53 of
987 608 332 67 Normandy
1363 608 181 52 under
1588 606 168 55 Saint
1796 606 172 53 Louis
2019 604 110 70 [by]

142 682 1991 74 Joseph Reese Strayer … Cambridge, Mass., The Mediaeval
143 766 267 67 academy
440 766 64 52 of
534 763 282 67 America,
849 766 150 52 1932.

247 832 1888 53 x, 133 p. 26 ᶜᵐ. (Half-title: Monographs of the Mediaeval academy of
140 893 238 41 America,
436 903 75 30 no.
541 891 51 48 6)

214 963 271 47 “Academy
513 961 340 50 publications,
911 973 76 31 no.
1014 960 99 42 13.”

589 1018 331 49 Bibliography: p. 123-127.
149 1090 51 52 ©
232 1095 111 39 Dec.
375 1095 39 40 5.
446 1093 113 41 1932;
619 1093 67 40 2c.
719 1093 112 40 Dec.
862 1091 55 40 19;
979 1091 80 40 aff.
1093 1092 111 39 Dec.
1239 1091 28 40 8;
1325 1092 41 38 A
1397 1090 146 40 57530;
1603 1089 272 40 Mediaeval
1910 1088 231 46 academy

216 1151 53 39 of
290 1150 237 41 America.
598 1148 248 50 (33-1071)

147 1253 235 65 Sutton,
409 1253 257 54 Richard
696 1252 356 65 Lightburn,
1083 1252 170 54 1878-

216 1344 96 55 An
347 1344 198 53 Arctic
581 1344 199 67 safari,
815 1344 141 54 with
991 1363 221 34 camera
1247 1344 113 52 and
1394 1342 125 54 rifle
1553 1342 61 53 in
1646 1344 98 51 the
1776 1343 137 53 land
1948 1341 64 54 of
2045 1344 96 52 the

147 1421 1996 70 midnight sun, by Richard L. Sutton … With more than one
149 1500 261 54 hundred
451 1499 396 68 illustrations,
887 1501 166 52 made
1094 1501 153 52 from
1287 1500 394 67 photographs
1720 1500 171 51 taken
1931 1499 75 68 by
2047 1500 96 51 the

151 1579 206 52 author
387 1580 113 52 and
531 1579 74 67 by
638 1578 255 54 Richard
923 1580 63 52 L.
1024 1578 226 67 Sutton,
1282 1577 89 68 jr.,
1445 1620 10 10 A.
1547 1619 29 26 M.,
1663 1621 10 10 M.
1744 1620 10 10 D.
1789 1578 113 52 and
1934 1579 207 66 Emmy

150 1654 1993 70 Lou Sutton, F. R. G. S . St. Louis, The C. V. Mosby company,
152 1739 150 51 1932.

220 1804 1461 54 3 p. l., 11-199 p. incl. illus., map. front. (port.) 23½ ᶜᵐ.
223 1876 105 41 “All
361 1877 52 40 of
445 1878 82 40 the
557 1877 226 40 included
813 1877 181 39 matter
1026 1876 277 49 previously
1335 1877 241 47 appeared
1608 1876 51 39 in
1692 1877 82 39 the
1807 1877 194 40 Kansas
2037 1877 109 48 City

150 1933 343 42 star.”—Pref.

224 1991 347 42 “References”;
629 2002 45 38 p.
702 1990 101 44 199.

157 2059 52 52 ©
237 2064 110 40 Dec.
375 2064 69 48 16,
471 2063 116 41 1932;
640 2063 67 41 2c.
734 2064 112 40 Dec.
873 2064 55 39 23;
985 2063 81 39 aff.
1095 2064 112 39 Dec.
1234 2063 56 40 27;
1345 2064 41 38 A
1414 2062 146 42 58569;
1617 2064 48 41 C.
1694 2064 52 39 V.
1776 2064 169 47 Mosby
1973 2074 67 30 co.

234 2120 221 48 (33-933)

153 2223 298 63 Sweeney,
483 2224 259 52 Frances
768 2223 311 53 Gertrude.

224 2311 259 54 Western
512 2311 178 68 youth
717 2318 171 46 meets
916 2316 219 50 eastern
1161 2311 245 67 culture;
1439 2331 32 33 a
1499 2311 169 68 study
1697 2309 60 54 in
1783 2311 96 51 the
156 2308 1970 134 integration
302 2389 63 51 of
385 2388 170 53 social

577 2390 231 67 studies,
831 2388 264 69 English,
1121 2389 113 55 and
1257 2395 88 46 art
1369 2388 60 52 in
1452 2389 95 54 the
1568 2387 194 68 junior
1784 2387 141 68 high
1949 2387 203 69 school,

155 2464 1991 71 by Frances G. Sweeney … Emily Fanning Barry … [and]
158 2541 1995 70 Alice E. Schoelkopf … New York city, Pub. by Bureau of
159 2616 395 71 publications,
594 2619 276 55 Teachers
910 2619 225 68 college,
1177 2618 296 55 Columbia
1512 2619 335 70 university,
1887 2621 93 51 for
160 2620 1970 127 Lincoln

311 2695 189 54 school
528 2696 63 51 of
617 2695 274 54 Teachers
921 2696 225 68 college,
1178 2699 149 49 1932.

229 2764 1921 53 xvi, 335 p. col. front., illus., col. pl. 20½ ᶜᵐ. (Half-title: Lincoln school
160 2821 1990 52 of Teachers college, Columbia university … Lincoln school curriculum
160 2877 211 48 studies)

232 2950 139 47 Maps
404 2960 59 29 on
496 2948 362 50 lining-papers.

231 3005 306 49 Descriptive
569 3008 283 46 letterpress
886 3017 59 29 on
981 3007 131 40 recto
1148 3008 50 40 of
1230 3008 329 48 frontispiece.

610 3062 327 49 Bibliography: p. 307-335.
167 3133 52 52 ©
251 3138 118 39 Nov.
400 3136 69 47 22,
503 3136 112 40 1932;
676 3136 67 40 2c.
776 3137 109 39 Dec.
919 3136 55 39 12;
1037 3136 79 39 aff.
1152 3137 112 39 Dec.
1297 3137 56 39 16;
1413 3138 41 38 A
1486 3138 143 40 57476;
1692 3138 239 41 Teachers
1965 3139 193 48 college,

237 3194 249 40 Columbia
512 3192 130 40 univ.
712 3191 220 49 (33-955)

164 3295 243 66 Thoma,
438 3294 264 66 Ludwig,
734 3296 324 54 1867-1921.

296 3385 1861 73 … Gesammelte werke … München, A. Langen/G. Müller,
167 3469 149 50 1933.

236 3540 26 39 7
327 3569 9 9 v.
395 3536 135 40 front.
573 3536 171 48 (port.)
813 3536 58 41 19½ᶜᵐ.

239 3608 96 41 “26.
363 3608 72 40 bis
462 3606 70 42 30.
559 3608 220 40 tausend.
840 3608 132 40 Neue
1000 3608 273 41 erweiterte
1301 3610 254 47 ausgabe.”

511 3666 1646 54 CONTENTS. — 1. bd. Autobiographisches und ausgewählte briefe. —
170 3725 42 41 2.
252 3723 78 43 bd.
369 3725 192 48 Heilige
600 3725 162 49 nacht,
803 3727 330 46 ausgewählte
1173 3727 234 49 gedichte,
1446 3730 220 39 novellen
1706 3731 98 39 und
1870 3731 158 39 satiren
2092 3755 66 15 I.—

170 3780 42 43 3.
252 3780 76 43 bd.
366 3784 231 39 Novellen
638 3784 98 39 und
774 3782 186 41 satiren
1041 3781 115 43 II.—4.
1194 3781 80 44 bd.
1312 3785 215 41 Romane
1567 3788 98 38 und
1703 3786 325 49 erzählungen
2092 3811 67 17 I.—

169 3838 45 42 5.
239 3837 77 43 bd.
344 3840 215 39 Romane
586 3840 97 39 und
712 3839 323 47 erzählungen
1108 3839 116 41 II.—6.
1249 3839 79 43 bd.
1354 3842 497 42 Bühnenstücke.—7.
1877 3841 78 43 bd.
169 3845 1975 91 Erzählendes
361 3907 89 30 aus
478 3898 106 39 dem
613 3897 226 39 nachlass
868 3898 98 38 und
995 3898 331 46 ausgewählte
1354 3899 238 41 aufsätze.

174 3962 1988 113 © Oct. 1, 1932; 1c. each Dec. 7; A —Foreign 18935; Albert Langen-Georg Müller verlag, g. m. b. h. (33-1887)
