2563 4368
992 4048 101 49 481

43 464 280 67 Addams,
351 466 165 66 Jane,
548 470 170 50 1860-

110 542 122 52 The
280 542 270 52 excellent
598 541 249 53 becomes
897 541 92 53 the
1040 547 349 61 permanent,
1436 541 74 67 by
1559 541 145 54 Jane
1756 541 266 54 Addams.

40 619 1352 67 New York, The Macmillan company, 1932.
110 691 608 49 5 p. l., 3-162 p. 20½ ᶜᵐ .
112 747 281 40 “Memorial
425 746 299 41 addresses.”

47 800 1784 51 © Mar. 29, 1932; 2c. and aff, Mar. 30; A 50412; Macmillan co.
124 859 248 48 (32-9011)

43 962 359 64 Addington,
430 962 179 65 Hugh
638 964 78 54 M.

109 1038 243 67 History
378 1038 63 52 of
466 1039 94 52 the
587 1038 339 68 Addington
957 1038 205 68 family
1188 1039 58 52 in
1274 1039 214 54 United
1519 1037 186 56 States
1735 1040 111 52 and
1874 1041 132 65 Eng

39 1116 153 64 land,
230 1116 73 66 by
341 1116 179 66 Hugh
560 1117 77 51 M.
677 1116 368 67 Addington;
1086 1116 297 67 including
1419 1135 172 45 many

40 1117 1964 144 related families … Nickelsville, Va., Service printery, 1931.
110 1266 831 49 98, [3] p. front., ports. 18½ ᶜᵐ .
111 1322 147 40 Deals
295 1322 173 48 chiefly
503 1323 119 39 with
658 1324 81 38 the
775 1326 247 37 ancestors
1059 1323 94 39 and
1190 1323 319 40 descendants
1545 1323 52 40 of
1632 1322 201 41 Charles

40 1323 1970 95 Cromwell
175 1378 277 49 Addington
478 1379 52 39 of
555 1378 235 49 Virginia.

47 1430 1818 52 © Sept. 16, 1931; 2c. and aff. Sept. 21; A 49281; Service printery.
125 1490 247 48 (32-9005)

43 1581 326 65 Anderson,
400 1580 251 55 Melville
680 1581 162 65 Best,
874 1587 170 49 1851-

107 1657 118 53 The
252 1658 270 53 Florence
548 1659 64 53 of
636 1659 190 52 Dante
851 1658 306 68 Alighieri,
1181 1659 97 53 the
1301 1660 188 52 Dante
1518 1659 63 53 of
1608 1660 77 52 all
1709 1660 95 52 the
1830 1660 198 65 world,

41 1733 71 70 by
141 1734 253 54 Melville
427 1737 137 52 Best
595 1735 317 54 Anderson.
981 1736 115 55 San
1129 1737 322 66 Francisco,
1482 1737 241 53 Printed
1754 1737 76 67 by
1861 1739 57 53 J.
1951 1738 77 52 H.

38 1812 173 67 Nash,
243 1816 151 50 1929.

110 1884 628 51 3 p. l. , [5]-120 p. 36 ᶜᵐ .
113 1940 92 41 “Of
239 1942 99 40 this
373 1942 121 40 book
531 1945 95 38 two
661 1942 221 41 hundred
918 1943 95 39 and
1050 1942 112 48 fifty
1198 1943 158 48 copies
1393 1954 126 31 were
1556 1944 193 48 printed
1786 1945 52 40 of
1874 1946 154 41 which

42 1999 95 41 two
165 1999 216 40 hundred
413 1999 94 40 and
536 1998 156 48 thirty
720 2009 84 31 are
833 1998 78 41 for
940 1998 144 42 sale.”

50 2052 51 52 ©
131 2057 119 47 Aug.
279 2056 69 46 12,
378 2055 116 41 1929;
550 2056 66 40 2c.
648 2057 120 38 Mar.
800 2055 25 40 8,
870 2055 112 41 1932;
1044 2055 80 40 aff.
1158 2057 121 40 Mar.
1311 2058 24 38 7;
1396 2057 41 39 A
1467 2056 146 42 49400;
1674 2059 60 38 M.
1769 2060 51 38 B.

117 2059 1898 101 Anderson,
243 2113 67 40 La
339 2113 142 46 Jolla,
511 2112 143 41 Calif.
724 2112 250 48 (32-9145)

46 2190 253 63 Bandas,
327 2188 268 64 Rudolph
627 2188 66 55 G.

114 2263 450 68 Contemporary
624 2264 343 67 philosophy
1029 2264 111 52 and
1201 2265 313 53 Thomistic
1575 2266 326 68 principles,
1958 2269 73 67 by

45 2341 1986 72 Rev. Rudolph G. Bandas … with an introduction by Rev.
44 2418 1605 70 J. S. Zybura … New York, Milwaukee [etc.] The
46 2424 1963 141 Bruce publishing company [ᶜ193 2]
113 2570 651 49 viii p., 1 l., 468 p. 20 ᶜᵐ .
53 2623 1731 54 © Mar. 4, 1932; 2c. and aff. Mar. 16; A 50020; Bruce pub. co.
129 2684 247 48 (32-9010)

49 2774 313 65 Barbusse,
392 2773 203 64 Henri,
627 2773 170 54 1874-

113 2852 150 65 Zola,
299 2869 105 49 par
439 2850 184 52 Henri
659 2849 299 53 Barbusse.
1029 2849 184 67 Paris,
1249 2850 324 55 Gallimard
1614 2856 171 65 [1932]

48 2921 1966 107 2 p. l. , [7]-296 p., 3 l. 2 port. (incl. front.) 19 ᶜᵐ . (On cover: Les contemporains vus de près)
56 3033 1867 52 © Feb. 2, 1932; 1c. Mar. 7; A— Foreign 15973; Librairie Gallimard.
131 3093 247 47 (32-9147)

52 3184 280 56 Beowulf.

116 3260 278 53 Beowulf.
457 3260 138 52 New
625 3259 178 66 York,
831 3258 264 53 Random
1122 3258 189 65 house,
1341 3262 151 51 1932.

119 3331 1288 51 2 p. l., 145, [1] p. 1 l. illus., plates, map. 34½ᶜᵐ.
122 3388 92 40 “Of
243 3389 98 40 this
373 3389 135 47 book,
539 3389 137 40 there
708 3398 126 30 were
866 3388 140 39 made
1037 3387 79 40 for
1149 3388 219 41 Random
1403 3390 162 48 house,
1598 3391 116 42 New
1746 3393 143 48 York,
1922 3395 112 43 nine

51 3444 217 42 hundred
296 3446 96 39 and
422 3444 110 48 fifty
561 3444 260 40 numbered
851 3443 172 48 copies,
1054 3444 118 40 with
1204 3444 131 49 eight
1367 3445 303 50 lithographs
1701 3449 60 47 by
1791 3451 243 41 Rockwell

52 3499 888 51 Kent … this being number 108.”
121 3559 131 41 With
284 3558 243 41 Rockwell
559 3557 168 41 Kent’s
757 3556 169 41 thumb
957 3556 147 49 print.

123 3614 174 42 “Verse
323 3614 295 41 translation
646 3614 60 46 by
734 3612 215 41 William
980 3612 162 48 Ellery
1171 3613 264 41 Leonard.”

61 3668 1975 51 © Feb. 5, 1932; 2c. Apr. 6; aff. Feb. 9; A 50568; Random house, inc.
131 3724 67 53 [©
227 3726 323 41 illustrations
580 3727 60 45 by
670 3725 241 40 Rockwell
942 3725 143 47 Kent]
1157 3723 249 52 (32-9472)

57 3817 333 65 Beresford,
416 3816 154 55 John
595 3817 221 62 Davys,
847 3816 170 54 1873-

125 3890 1909 77 The old people, by J. D. Beresford … New York, E. P.
57 3971 747 67 Dutton & co., inc. [ ᶜ193 2]
