2563 4368
1429 4017 103 51 462

482 405 228 65 Schulz,
742 405 164 54 Ellen
936 405 71 56 D.

553 478 1926 70 Cactus culture [ by] Ellen D. Schulz … illustrated with
482 559 289 69 drawings
814 560 74 68 by
934 561 120 50 Ben
1100 558 236 55 Carlton
1382 559 186 52 Mead.
1644 559 137 51 New
1826 557 180 67 York,
2048 557 230 68 Orange
2321 557 160 54 Judd

481 636 335 71 publishing
845 656 99 49 co.,
975 638 125 67 inc.,
1134 640 148 49 1932.

552 710 1543 48 xvi, 17-157 p. front., illus., xxrv pl. on 12 l. 21½ᶜᵐ.
553 767 287 49 Tail-pieces.

489 836 51 52 ©
573 842 120 39 Mar.
723 841 69 40 31,
825 840 139 41 1932;
997 841 66 37 2c.
1095 840 95 40 and
1222 838 82 41 aff.
1336 840 112 46 Apr.
1482 839 80 45 15;
1598 838 38 39 A
1668 837 171 46 50742;
1875 838 189 47 Orange
2096 838 130 39 Jiuld
2259 838 107 48 pub.
2401 846 81 35 co.,

556 898 87 40 inc.
717 898 280 46 (32-26446)

483 1015 267 65 Sinclair,
781 1016 199 65 Upton
1009 1015 181 65 Beall,
1222 1017 170 54 1878-

482 1088 1975 149 American outpost; a book of reminiscences, by Upton Sinclair. New York, Farrar & Rinehart, incorporated [ ᶜ1 932 ]
553 1240 1010 51 5 p. l., 3-280 p. front. (port.) 21ᶜᵐ.
488 1312 52 52 ©
572 1317 111 47 Apr.
716 1316 68 40 14,
817 1313 140 48 1932;
991 1315 67 40 2c.
1089 1315 95 39 and
1216 1312 82 43 aff.
1329 1314 115 48 Apr.
1474 1313 81 47 15;
1589 1313 41 39 A
1661 1311 172 49 49557;
1868 1314 56 40 U.
1959 1313 222 49 Sinclair,
2214 1314 267 48 Pasadena,

557 1372 144 41 Oalif.
772 1372 280 49 (32-26373)

484 1476 214 66 Smith,
730 1476 248 56 Brooke.

548 1551 367 55 Prohibition
947 1553 113 53 and
1091 1553 95 53 the
1217 1553 185 67 Bible,
1431 1553 96 53 the
1556 1553 158 67 evils,
1744 1553 97 54 the
1870 1554 248 66 remedy,
2149 1552 76 69 by
2255 1553 224 53 Brooke

482 1630 1177 68 Smith … [ Brownwood, Tex., ᶜ1 932]
551 1704 84 41 207
666 1716 43 37 p.
771 1704 144 40 18½ᶜᵐ.

489 1772 51 52 ©
574 1778 120 38 Mar.
726 1776 38 46 8,
797 1774 139 42 1932;
970 1777 66 38 2c.
1070 1776 134 39 Mar..
1221 1775 82 40 22:
1336 1774 82 41 aff.
1451 1776 121 42 Mar.
1604 1774 82 47 21;
1719 1775 39 39 A
1790 1775 170 42 50266:
1996 1777 53 40 B.
2085 1774 171 48 Smith,
558 1777 1907 102 Brownwood,

737 1834 114 39 Tex.
922 1832 250 47 (32-8554)

484 1937 248 67 Snyder,
763 1936 302 65 Franklyn
1095 1936 174 66 Bliss,
1302 1942 170 51 1884-

554 2015 122 53 The
701 2014 105 53 life
834 2015 64 52 of
925 2016 215 53 Robert
1169 2017 208 66 Burns,
1406 2016 75 67 by
1510 2015 299 68 Franklyn
1840 2015 152 54 Bliss
2025 2016 239 68 Snyder.
2339 2018 133 52 New

486 2093 178 68 York,
690 2094 120 53 The
839 2093 333 55 Macmillan
1202 2112 297 49 company,
1531 2098 149 49 1932.

554 2166 103 49 xiii,
685 2167 83 39 524
797 2178 40 38 p.
867 2166 108 42 incl.
1002 2166 128 39 illus.
1158 2165 161 49 (map)
1354 2166 170 48 plates,
1552 2165 128 49 plan,
1740 2166 149 41 front.
1918 2164 172 50 (port.)
2116 2166 127 47 plan,
2261 2166 213 41 facsims.

485 2224 144 40 24½ᶜᵐ.

557 2279 441 48 “Bibliographical
1028 2278 195 41 notes”:
1254 2291 43 37 p.
1326 2278 217 42 477-498.

490 2348 52 51 ©
576 2352 114 47 Apr.
724 2351 67 44 12,
827 2350 139 46 1932;
1003 2351 66 40 2c.
1105 2352 94 38 and
1234 2350 80 40 aff.
1350 2350 112 48 Apr.
1499 2351 81 44 13;
1616 2351 39 38 A
1689 2350 171 46 50725;
1898 2351 281 40 Macmillan
2214 2357 65 35 co.

566 2407 280 48 (32-26447)

485 2511 237 64 Society
749 2512 63 53 of
841 2511 316 54 American
1184 2510 267 65 military
1480 2511 330 65 engineers.

554 2586 1920 73 The Washington monument. 2d ed. … Copyright [ by]
483 2666 96 53 the
628 2664 213 70 Society
899 2664 66 54 of
1009 2664 308 54 American
1363 2664 259 71 military
1668 2665 310 70 engineers.
2078 2665 401 71 Washington,

483 2743 71 53 D.
587 2742 82 69 C.,
700 2745 150 51 1929.

550 2815 57 41 32
645 2827 42 37 p.
750 2816 125 40 illus.
906 2815 132 49 (incl.
1081 2815 164 48 plans)
1313 2815 146 39 22½ᶜᵐ.
1575 2813 130 51 $0.15

555 2872 218 41 Portrait
800 2884 60 28 on
890 2883 154 30 cover.

492 2940 50 52 ©
576 2945 115 45 July
722 2945 39 46 1,
792 2943 140 47 1929;
965 2943 67 41 2c.
1066 2945 94 38 and
1192 2943 81 41 aff.
1306 2945 122 40 Mar.
1460 2943 70 49 25,
1563 2943 138 48 1932;
1736 2944 42 39 A
1810 2944 170 47 50351;
2017 2943 190 50 Society
2241 2945 51 40 of
2323 2944 155 43 Amer.

559 3000 218 48 military
807 3000 262 48 engineers,
1102 3001 333 47 Washington.
1507 3000 250 48 (32-8632)

487 3103 431 54 Southeastern
948 3107 287 61 reporter.

620 3180 1857 71 … Temporary South eastern digest of cases reported in
491 3259 248 53 volumes
776 3262 98 49 156
910 3263 58 48 to
1006 3261 99 50 160
1142 3260 183 55 South
1360 3265 219 49 eastern
1615 3266 256 64 reporter
1905 3260 140 54 with
2084 3260 183 56 South
493 3262 1959 127 Carolina
632 3336 150 53 table
806 3336 64 53 of
893 3356 168 38 cases,
1085 3338 74 68 by
1183 3337 95 55 the
1303 3338 266 54 editorial
1595 3337 135 56 staff
1752 3339 65 54 of
1839 3340 96 53 the
1959 3340 307 54 American
2291 3339 185 70 digest

488 3413 1987 75 system … [South Carolina ed.] St. Paul, West publishing co.,
491 3495 150 51 1932.

556 3566 98 48 315,
687 3567 26 39 7
742 3577 40 38 p.
845 3567 145 41 24½ᶜᵐ.

494 3631 51 52 ©
574 3637 109 39 Feb.
711 3637 39 47 6,
778 3636 140 47 1932;
947 3638 67 40 2c.
1042 3640 93 38 and
1164 3638 80 41 aff.
1275 3640 110 47 Apr.
1415 3640 82 45 21;
1528 3642 39 38 A
1595 3641 168 47 50855;
1796 3643 134 39 West
1957 3642 106 48 pub.
2094 3652 66 30 co.

490 3736 311 67 Stoddard,
829 3740 301 54 Theodore
1160 3741 280 66 Lothrop,
1474 3749 170 50 1883-

554 3813 1920 75 Europe and our money, by Lothrop Stoddard … New York,
487 3889 116 54 The
635 3891 335 55 Macmillan
1001 3912 297 51 company,
1330 3899 153 51 1932.
