2563 4368
1415 4113 100 49 654

438 504 293 64 Goddard,
759 501 245 66 Morrill,
1033 506 171 51 1865-

500 594 179 54 What
708 593 261 53 interests
1000 591 389 70 people—and
1420 590 160 67 why;
1613 588 243 53 Modern
1887 585 288 64 miracles;
430 582 1978 142 Underneath

643 672 99 52 the
781 689 200 35 veneer
1024 671 63 52 of
1130 668 263 53 civilized
1434 685 133 35 man;
1639 666 124 54 The
1800 665 219 53 sixteen
2058 663 266 52 elements
2366 659 64 54 of

435 739 1998 75 universal interest, by Morrill Goddard … Four addresses
436 825 165 54 made
632 831 59 47 at
719 825 98 54 the
847 825 212 52 annual
1091 822 358 54 conferences
1482 821 63 54 of
1576 822 97 52 the
1703 819 308 54 American
2044 817 216 67 weekly
2290 817 145 52 sales

436 903 395 68 organization
866 903 60 52 in
961 902 140 52 New
1141 900 178 67 York,
1357 899 308 53 December
1705 900 153 64 1928,
1898 899 153 64 1929,
2089 897 153 64 1930,
2283 897 150 51 1931.

441 980 155 67 [New
627 980 179 66 York,
833 980 123 53 The
985 978 305 53 American
1319 977 233 68 weekly,
1582 980 154 63 1932]

507 1054 57 41 91
598 1066 44 37 p.
701 1053 117 41 22ᶜᵐ.

511 1124 73 41 On
613 1135 141 31 cover:
815 1124 196 41 Edition
1045 1123 51 42 of
1126 1121 126 42 1932.

448 1192 51 52 ©
531 1197 113 47 Apr.
677 1196 68 48 16,
777 1195 113 41 1932;
951 1195 67 42 2c.
1051 1196 95 39 and
1177 1194 83 41 aff.
1291 1195 113 47 Apr.
1436 1193 53 41 23;
1553 1193 40 39 A
1625 1191 145 42 50980;
1830 1191 256 40 American
2117 1189 198 48 weekly,
2349 1190 91 39 inc.

527 1253 281 48 (32-11484)

446 1371 269 66 Golding,
746 1370 210 66 Louis,·
982 1375 170 51 1895-

515 1445 1924 72 Forward from Babylon, by Louis Golding … London, V.
445 1528 292 67 Gollancz,
767 1528 122 67 ltd.,
922 1532 149 49 1932.

516 1601 87 41 288
633 1613 43 36 p.
736 1599 116 44 19ᶜᵐ.

520 1672 145 40 “New
706 1670 238 50 (revised)
986 1670 195 48 edition,
1218 1671 170 40 March
1418 1670 157 43 1932.”

455 1739 1992 52 © 1c. May 4, 1932; A ad int. 16363; pubd. Mar. 7; L. Golding, London.
533 1800 280 48 (32-12727)

453 1920 178 63 Gray,
659 1918 189 55 Willis
877 1918 159 56 Gale.

521 1993 276 55 Farewell
825 2000 58 47 to
912 1994 272 68 freedom,
1211 1994 74 69 by
1315 1993 192 54 Willis
1536 1992 144 56 Gale
1708 1993 172 69 Gray.
1949 1993 136 53 New
2119 1992 178 68 York,
2327 1992 122 55 The

450 2072 304 68 Macaulay
792 2088 277 51 company
1154 2074 133 49 [ᶜ1932]

520 2143 622 49 4 p. l., 7-316 p. 19½ᶜᵐ.
460 2213 51 51 ©
541 2219 112 45 Apr.
683 2217 69 46 25,
783 2216 113 40 1932;
954 2216 66 39 2c.
1053 2218 111 45 May
1193 2218 27 37 4;
1280 2216 81 42 aff.
1392 2218 113 45 May
1533 2217 26 39 3;
1618 2217 40 37 A
1686 2216 148 40 49819;
1889 2218 71 39 W.
1992 2217 51 39 G.
2078 2217 143 46 Gray,
2253 2216 196 38 Pelham
529 2274 183 46 Manor,
741 2274 55 39 N.
825 2274 51 38 Y.
948 2272 280 48 (32-11570)

458 2389 371 67 Greenough,
860 2390 248 55 Chester
1137 2392 219 65 Noyes,
1387 2392 171 55 1874-

457 2465 1970 134 Writing well … by Chester Noyes Greenough … Frank Wilson
602 2542 1849 70 Cheney Hersey … and Harold Lawton Bruce … New
459 2620 178 69 York,
669 2621 123 52 The
825 2620 333 54 Macmillan
1191 2639 294 51 company,
1521 2624 148 52 1932.

525 2691 117 49 xvii,
672 2691 88 41 470
789 2703 44 37 p.
891 2693 171 48 plates.
1122 2692 146 42 19½ᶜᵐ.

527 2763 160 40 Based
725 2773 61 30 on
825 2763 81 40 the
944 2762 215 42 authors’
1201 2763 232 48 “English
1472 2764 361 50 composition”,
1872 2765 291 49 thoroughly
2203 2765 249 41 rewritten

458 2820 95 39 and
585 2819 242 48 enlarged,
889 2820 62 49 cf.
985 2818 130 43 Pref.

467 2888 51 52 ©
559 2894 113 46 Apr.
715 2891 69 49 19,
826 2891 139 49 1932;
1009 2893 66 40 2c.
1117 2895 96 38 and
1256 2892 81 42 aff.
1380 2893 114 48 Apr.
1536 2893 82 46 23;
1663 2894 40 38 A
1744 2893 172 48 49648;
1962 2894 50 42 C.
2055 2894 55 40 N.
2155 2891 295 49 Greenough,

536 2949 51 40 F.
615 2951 71 38 W.
715 2949 49 41 C.
793 2950 199 47 Hersey,
1022 2949 300 49 Cambridge,
1352 2951 160 46 Mass.,
1541 2952 95 38 and
1665 2951 58 38 H.
1755 2951 50 40 L.
1834 2952 171 46 Bruce,
2033 2950 250 48 Berkeley,
2312 2947 142 44 Calif.

545 3006 279 47 (32-11660)

465 3125 227 62 Hague.
767 3124 303 64 Academy
1101 3125 64 52 of
1200 3125 421 54 international
1654 3126 129 55 law.

466 3201 1962 145 … Recueil des cours, t. 3, 4, 1930. t. 33, 34 de la collection. Paris,
890 3279 1074 72 Librairie du Recueil Sirey [ ᶜ 1931]
537 3352 510 48 2 v. ports. 24 ½ᶜᵐ .
470 3418 1983 58 t. 3, © Nov. 27, 1931; t. 4, © Dec. 24; 1c. each May 9, 1932; A— Foreign
541 3479 155 47 16844,
733 3480 141 39 16845;
940 3480 238 39 Librairie
1213 3482 62 38 du
1312 3482 196 40 Recueil
1546 3483 150 48 Sirey.

469 3596 223 65 Hardy,
723 3597 253 54 Edward
1005 3598 237 67 Rochie,
1274 3605 171 50 1908-

537 3673 122 50 The
696 3672 158 68 large
890 3679 202 47 estates
1131 3675 64 51 of
1234 3677 319 65 Byzantine
1591 3679 214 67 Egypt,
1842 3679 75 67 by
1956 3679 252 54 Edward
2246 3679 207 53 Rochie

468 3748 1798 77 Hardy, jr. … New York, Columbia university press;
468 3757 1963 136 London,
623 3826 65 52 P.
717 3826 56 54 S.
801 3825 161 71 King
987 3831 45 49 &
1056 3846 118 49 son,
1201 3830 121 67 ltd.,
1350 3834 149 49 1931.

541 3899 1912 56 162 p. incl. geneal. tab. front., map. 23 ᶜᵐ . ( Half-title : Studies in
474 3954 198 48 history,
709 3957 266 40 economics
1010 3959 95 38 and
1141 3958 159 47 public
1335 3960 107 47 law,
1478 3962 70 39 ed.
1585 3962 61 47 by
1681 3963 83 38 the
1797 3962 206 49 Faculty
2037 3963 51 41 of
2121 3963 216 49 political
471 3960 1964 91 science
611 4011 51 40 of

688 4010 250 43 Columbia
966 4014 283 49 university,
1278 4026 74 30 no.
1378 4016 110 48 354)
