2563 4368
1299 4065 100 51 838

331 456 226 66 Fisher,
588 452 222 67 Irving,
841 453 171 56 1867-

397 532 150 53 How
592 539 58 47 to
692 530 141 66 live;
877 527 149 57 rules
1071 526 93 53 for
1206 523 289 55 healthful
1537 520 185 70 living
1761 518 171 54 based
1976 537 72 34 on
2093 515 231 54 modern

329 609 229 67 science,
590 605 330 56 authorized
954 604 76 69 by
1065 603 112 53 and
1209 599 279 72 prepared
1522 601 61 52 in
1618 594 405 59 collaboration
2058 593 140 55 with
2230 592 95 56 the

330 684 266 70 Hygiene
635 683 286 56 reference
961 680 179 54 board
1183 679 63 53 of
1287 678 94 53 the
1426 675 135 54 Life
1601 672 291 57 extension
1934 671 277 70 institute,
2252 669 74 70 by

329 747 1977 162 Irving Fisher … and Eugene Lyman Fisk … 19th ed., completely
575 855 112 37 rev.
759 836 137 53 New
934 833 162 54 York
1129 832 111 55 and
1275 830 256 69 London,
1567 827 169 54 Funk
1770 828 46 51 &
1848 825 300 70 Wagnalls
331 841 1972 145 company,
536 918 149 51 1932.

400 989 1919 60 xxxi, 371 p. incl. illus., tables. front. (port.) plates, diagrs. (1 fold.)
332 1057 57 42 19 ᶜᵐ.
404 1113 235 44 Contains
673 1108 363 44 “References”.

342 1185 51 52 ©
427 1189 113 46 May
573 1187 69 48 14,
674 1184 112 41 1932;
847 1184 68 41 2c.
949 1184 96 38 and
1078 1181 81 41 aff.
1194 1181 114 48 May
1340 1178 58 41 26;
1457 1179 42 38 A
1532 1176 145 42 51526;
1739 1177 140 39 Funk
1913 1176 37 40 &
1981 1175 251 49 Wagnalls
2265 1181 66 34 co.

418 1243 279 50 (32-14697)

339 1361 291 65 Fletcher,
665 1360 175 55 Bruz.

408 1438 157 68 Only
595 1438 98 54 the
723 1437 141 67 rich,
895 1436 79 69 by
1006 1437 155 51 Bruz
1193 1432 279 55 Fletcher.
1548 1431 138 55 New
1722 1430 180 67 York,
1937 1431 69 53 A.
2042 1430 76 52 H.
2153 1428 180 68 King,

340 1520 149 51 1932.

408 1589 87 42 277
522 1600 44 38 p.
625 1587 59 41 20ᶜᵐ.

346 1656 51 52 ©
425 1661 125 39 June
576 1657 41 50 9,
644 1657 140 48 1932;
813 1657 67 41 2c.
909 1658 96 40 and
1031 1655 82 40 aff.
1141 1656 126 39 June
1294 1653 55 41 10;
1406 1653 41 39 A
1475 1652 144 41 52387;
1675 1652 172 40 Alfred
1875 1652 62 40 H.
1965 1651 143 49 King,
2135 1650 93 41 inc.

423 1715 280 50 (32-14948)

343 1834 233 63 Follett,
605 1835 139 52 Mrs.
773 1832 186 54 Helen
985 1831 278 56 Thomas.

407 1909 194 70 Magic
635 1909 310 70 portholes,
979 1910 75 67 by
1090 1908 185 53 Helen
1313 1908 244 66 Follett;
1594 1906 248 69 pictures
1881 1905 74 67 by
1990 1904 346 68 Armstrong

339 1986 233 70 Sperry.
645 1988 140 53 New
821 1986 180 56 York.
1038 1986 122 54 The
1196 1985 334 54 Macmillan
1569 2001 297 52 company,
1906 1985 151 51 1932.

413 2067 1641 56 ix p., 1 l., 321 p. incl. front., illus. (incl. music) plates. 24 ᶜᵐ.
413 2129 288 42 Illustrated
732 2128 350 51 lining-papers
1111 2129 51 39 in
1191 2128 144 42 color.

414 2187 76 38 An
514 2188 205 39 account
748 2186 52 40 of
825 2186 82 41 the
933 2185 184 41 travels
1145 2185 51 40 of
1225 2184 114 41 Mrs.
1371 2184 179 41 Follett
1577 2184 98 40 and
1702 2185 86 40 her
1817 2183 253 48 daughter,
2102 2182 236 48 Barbara,

344 2242 50 41 in
419 2244 84 42 the
529 2244 135 41 West
690 2242 179 42 Indies.

351 2310 51 52 ©
432 2315 126 40 June
584 2315 39 48 7,
652 2312 112 41 1932;
821 2312 65 41 2c.
916 2314 96 39 and
1038 2311 83 41 aff.
1150 2312 126 40 June
1304 2310 26 41 8;
1387 2311 41 39 A
1455 2311 144 40 52347;
1657 2311 61 40 H.
1746 2311 53 41 T.
1828 2310 194 49 Follett,
2051 2311 117 40 New
2196 2308 145 43 York.

429 2369 278 51 (32-26647)

348 2473 261 66 Forrest,
639 2473 248 56 Charles
913 2473 69 57 E.

417 2544 1923 76 Thralgate of Layland hall, by Charles Forrest … London,
407 2671 9 10 V.
446 2627 290 69 Gollancz,
762 2628 123 67 ltd.,
917 2631 149 51 1932.

417 2711 279 51 287 p. 19 ᶜᵐ.
355 2773 1986 64 © 1c. June 4, 1932; A ad int. 16484; pubd. Apr. 11; C. Forrest, Seaton,
423 2839 179 51 Devon,
629 2840 237 48 England.
935 2838 281 51 (32-15768)

352 2943 216 62 Frank,
595 2944 219 62 Joseph
844 2944 160 65 Otto,
1034 2949 171 50 1885-

419 3018 120 52 The
572 3016 266 71 teaching
872 3018 64 52 of
969 3019 142 68 high
1145 3018 186 54 school
1368 3018 302 71 chemistry
1717 3018 302 71 (formerly
2055 3017 289 70 Teaching

349 3094 124 54 first
505 3113 135 51 year
672 3093 330 72 chemistry)
1081 3095 189 69 Notes,
1304 3093 370 72 suggestions,
1708 3096 113 53 and
1852 3095 374 55 information
352 3114 1968 127 relating

560 3178 57 49 to
645 3191 167 49 every
834 3171 174 69 phase
1036 3172 63 52 of
1124 3173 95 53 the
1243 3171 231 69 subject.
1538 3172 98 55 5th
1662 3173 104 69 ed.,
1791 3171 288 58 rewritten
2103 3174 61 53 in
2192 3175 147 51 1932.

353 3242 1987 81 By J. O. Frank … Oshkosh, Wis., J. O. Frank and sons, 1932.
421 3333 62 49 vi,
511 3332 100 51 285,
644 3331 55 53 [1]
729 3344 43 38 p.
828 3333 57 40 22½ᶜᵐ.

422 3389 258 43 “Author’s
708 3388 300 51 publication
1034 3401 76 31 no.
1140 3391 98 41 54.”

424 3446 348 42 “References”
801 3448 54 39 at
883 3448 91 40 end
1003 3446 52 41 of
1083 3447 120 41 each
1232 3447 214 50 chapter.

359 3516 52 52 ©
440 3521 115 46 May
583 3518 69 51 20,
683 3519 114 41 1932;
854 3519 69 42 2c.
953 3520 114 47 May
1094 3519 58 39 24;
1210 3519 83 43 aff.
1323 3521 114 47 May
1467 3522 55 39 31;
1581 3521 41 40 A
1653 3522 143 40 51577;
1856 3523 42 39 J.
1932 3521 52 42 O.
2017 3520 178 47 Frank,
425 3520 1902 105 Oshkosh,

589 3577 116 40 Wis.
775 3575 281 51 (32-14702)

357 3677 241 64 Gallert,
628 3680 192 53 David
849 3680 239 64 Jacque,
1120 3681 172 54 1873-

486 3748 1858 78 … Small loan legislation; a history of the regulation of the
355 3824 1990 79 business of lending small sums, by David J. Gallert … Walter
356 3901 1963 151 S. Hilborn … Geoffrey May … New York, Russell Sage foundation, 1932.
