<alto xmlns="http://www.loc.gov/standards/alto/ns-v3#" xmlns:xlink="http://www.w3.org/1999/xlink" xmlns:xsi="http://www.w3.org/2001/XMLSchema-instance" xsi:schemaLocation="http://www.loc.gov/standards/alto/ns-v3# http://www.loc.gov/alto/v3/alto-3-0.xsd"><Description>
<MeasurementUnit>pixel</MeasurementUnit>
<sourceImageInformation>
<fileName>1932_v29_part001.pdf</fileName>
</sourceImageInformation>
<OCRProcessing ID="IdOcr">
<ocrProcessingStep>
<processingDateTime>2019-04-25</processingDateTime>
<processingSoftware>
<softwareCreator>ABBYY</softwareCreator>
<softwareName>ABBYY Recognition Server</softwareName>
<softwareVersion>4.0</softwareVersion>
</processingSoftware>
</ocrProcessingStep>
</OCRProcessing>
</Description>
<Styles>
<ParagraphStyle ID="StyleId-FFFFFFFF-FFFF-FFFF-FFFF-FFFFFFFFFFFF-" ALIGN="Left" LEFT="0." RIGHT="0." FIRSTLINE="0."/>
<ParagraphStyle ID="StyleId-547D96D3-B2DE-4E86-A4BD-9DDFC275973A-" ALIGN="Left" LEFT="0." RIGHT="0." FIRSTLINE="0." LINESPACE="7.699999809"/>
<ParagraphStyle ID="StyleId-BE433B82-DF6F-491A-9872-F562FF4150C8-" ALIGN="Block" LEFT="0." RIGHT="0." FIRSTLINE="-13." LINESPACE="7.900000095"/>
<ParagraphStyle ID="StyleId-CC286467-50C5-4655-B0CF-BA365CCE0736-" ALIGN="Block" LEFT="0." RIGHT="0." FIRSTLINE="-15." LINESPACE="8.479999542"/>
<ParagraphStyle ID="StyleId-9878414D-BEDB-487D-971A-CF5ADB5C4AD2-" ALIGN="Block" LEFT="0." RIGHT="0." FIRSTLINE="-14." LINESPACE="10.92000008"/>
<ParagraphStyle ID="StyleId-EBC70DE5-3635-4BD4-B07B-05DF6EFE0022-" ALIGN="Block" LEFT="0." RIGHT="0." FIRSTLINE="-13." LINESPACE="12.19999981"/>
<ParagraphStyle ID="StyleId-8A688F83-F017-4D5D-A00A-14637016ED45-" ALIGN="Left" LEFT="0." RIGHT="0." FIRSTLINE="0." LINESPACE="9.399999619"/>
<ParagraphStyle ID="StyleId-20F0BBAE-20C6-42F4-8113-00B5C02924DC-" ALIGN="Left" LEFT="0." RIGHT="0." FIRSTLINE="0." LINESPACE="11.10000038"/>
<ParagraphStyle ID="StyleId-7AA70148-8873-4ACB-90AE-BF9322E02302-" ALIGN="Left" LEFT="0." RIGHT="0." FIRSTLINE="-13." LINESPACE="11.09000015"/>
<ParagraphStyle ID="StyleId-072EF7BA-7207-4F8B-9A7C-F564E8B4CB16-" ALIGN="Left" LEFT="0." RIGHT="0." FIRSTLINE="-14." LINESPACE="12.19999981"/>
<ParagraphStyle ID="StyleId-44303D12-21D7-4DB0-9E9F-87FA1A861DD7-" ALIGN="Block" LEFT="0." RIGHT="0." FIRSTLINE="-14." LINESPACE="10.92000008"/>
<ParagraphStyle ID="StyleId-43CF0D44-8AC2-4CD0-865F-942C78705184-" ALIGN="Block" LEFT="0." RIGHT="0." FIRSTLINE="-13." LINESPACE="12.19999981"/>
<ParagraphStyle ID="StyleId-7A298A86-29F5-413A-AEC9-078A4CC464D7-" ALIGN="Block" LEFT="0." RIGHT="0." FIRSTLINE="13." LINESPACE="12.19999981"/>
<ParagraphStyle ID="StyleId-8E4E86F7-C1F9-4A1A-B605-6B1FC1C8E9F7-" ALIGN="Left" LEFT="0." RIGHT="0." FIRSTLINE="0." LINESPACE="11.60000038"/>
<ParagraphStyle ID="StyleId-AB39791B-5ED1-444F-BEF5-2CFED1F2709A-" ALIGN="Left" LEFT="0." RIGHT="0." FIRSTLINE="-13." LINESPACE="11.09000015"/>
<ParagraphStyle ID="StyleId-C1F2EEE7-CD00-4E11-9EAD-B222287AEDA4-" ALIGN="Center" LEFT="0." RIGHT="0." FIRSTLINE="0." LINESPACE="11.10000038"/>
</Styles>
<Layout>
<Page ID="Page1371" PHYSICAL_IMG_NR="1371" HEIGHT="4368" WIDTH="2563">
<TopMargin HEIGHT="452" WIDTH="2563" VPOS="0" HPOS="0">
</TopMargin>
<LeftMargin HEIGHT="3595" WIDTH="144" VPOS="452" HPOS="0">
</LeftMargin>
<RightMargin HEIGHT="3595" WIDTH="377" VPOS="452" HPOS="2186">
</RightMargin>
<BottomMargin HEIGHT="321" WIDTH="2563" VPOS="4047" HPOS="0">
<TextBlock ID="Page1371_Block1" HEIGHT="120" WIDTH="314" VPOS="4057" HPOS="1063" LANG="en-US" STYLEREFS="StyleId-9AE56770-F1CC-484E-9828-5549A5F1FE97-">
<TextLine HEIGHT="55" WIDTH="132" VPOS="4074" HPOS="1113">
<String CONTENT="1371" HEIGHT="55" WIDTH="132" VPOS="4074" HPOS="1113"/>
</TextLine>
</TextBlock>
</BottomMargin>
<PrintSpace HEIGHT="3595" WIDTH="2042" VPOS="452" HPOS="144">
<TextBlock ID="Page1371_Block2" HEIGHT="3595" WIDTH="2042" VPOS="452" HPOS="144" LANG="en-US" CS="1" STYLEREFS="StyleId-40C5A46C-6E70-498F-B8B6-26DC197852D1-">
<TextLine HEIGHT="67" WIDTH="759" VPOS="471" HPOS="158" STYLEREFS="StyleId-DE60EB48-76C7-4465-84C3-B125BBDDDEA4-">
<String CONTENT="Minckley," HEIGHT="63" WIDTH="309" VPOS="475" HPOS="158"/>
<SP HEIGHT="63" WIDTH="30" VPOS="474" HPOS="468"/>
<String CONTENT="Loren" HEIGHT="52" WIDTH="191" VPOS="474" HPOS="499"/>
<SP HEIGHT="55" WIDTH="29" VPOS="472" HPOS="691"/>
<String CONTENT="Stiles." HEIGHT="56" WIDTH="196" VPOS="471" HPOS="721"/>
</TextLine>
<TextLine HEIGHT="158" WIDTH="1963" VPOS="541" HPOS="158" CS="1">
<String CONTENT="Americanization" HEIGHT="56" WIDTH="519" VPOS="546" HPOS="225"/>
<SP HEIGHT="47" WIDTH="28" VPOS="554" HPOS="745"/>
<String CONTENT="through" HEIGHT="68" WIDTH="250" VPOS="547" HPOS="774"/>
<SP HEIGHT="53" WIDTH="29" VPOS="547" HPOS="1025"/>
<String CONTENT="education," HEIGHT="64" WIDTH="315" VPOS="543" HPOS="1055"/>
<SP HEIGHT="62" WIDTH="27" VPOS="545" HPOS="1371"/>
<String CONTENT="by" HEIGHT="67" WIDTH="75" VPOS="545" HPOS="1399"/>
<SP HEIGHT="67" WIDTH="28" VPOS="545" HPOS="1475"/>
<String CONTENT="Loren" HEIGHT="51" WIDTH="187" VPOS="545" HPOS="1504"/>
<SP HEIGHT="55" WIDTH="29" VPOS="543" HPOS="1692"/>
<String CONTENT="Stiles" HEIGHT="56" WIDTH="172" VPOS="542" HPOS="1722"/>
<SP HEIGHT="53" WIDTH="27" VPOS="542" HPOS="1895"/>
<String CONTENT="Minckley" HEIGHT="158" WIDTH="1963" VPOS="541" HPOS="158"/>
</TextLine>
<TextLine HEIGHT="71" WIDTH="1663" VPOS="621" HPOS="337" CS="1">
<String CS="1" CONTENT="&#8230;"/>
<SP HEIGHT="53" WIDTH="78" VPOS="629" HPOS="337"/>
<String CONTENT="Boston," HEIGHT="63" WIDTH="231" VPOS="629" HPOS="416"/>
<SP HEIGHT="63" WIDTH="30" VPOS="629" HPOS="648"/>
<String CONTENT="The" HEIGHT="52" WIDTH="121" VPOS="627" HPOS="679"/>
<SP HEIGHT="55" WIDTH="30" VPOS="626" HPOS="801"/>
<String CONTENT="Christopher" HEIGHT="67" WIDTH="375" VPOS="624" HPOS="832"/>
<SP HEIGHT="49" WIDTH="28" VPOS="642" HPOS="1208"/>
<String CONTENT="publishing" HEIGHT="70" WIDTH="335" VPOS="621" HPOS="1237"/>
<SP HEIGHT="67" WIDTH="26" VPOS="622" HPOS="1573"/>
<String CONTENT="house" HEIGHT="52" WIDTH="173" VPOS="622" HPOS="1600"/>
<SP HEIGHT="50" WIDTH="33" VPOS="638" HPOS="1774"/>
<String CS="1" CONTENT="["/>
<String STYLE="superscript" CS="1" CONTENT="&#7580;1"/>
<String CONTENT="932]" HEIGHT="64" WIDTH="118" VPOS="623" HPOS="1882"/>
</TextLine>
<TextLine HEIGHT="50" WIDTH="418" VPOS="699" HPOS="285" STYLEREFS="StyleId-AE88AD2D-FCDE-4908-A61D-EB1496E10E7E-" CS="1">
<String LANG="el" CS="1" CONTENT="107" HEIGHT="39" WIDTH="26" VPOS="703" HPOS="285"/>
<SP HEIGHT="46" WIDTH="20" VPOS="703" HPOS="312"/>
<String CONTENT="p." HEIGHT="37" WIDTH="43" VPOS="712" HPOS="333"/>
<SP HEIGHT="41" WIDTH="58" VPOS="701" HPOS="377"/>
<String CONTENT="diagr." HEIGHT="47" WIDTH="153" VPOS="699" HPOS="436"/>
<SP HEIGHT="41" WIDTH="56" VPOS="699" HPOS="590"/>
<String CONTENT="21" HEIGHT="39" WIDTH="56" VPOS="699" HPOS="647"/>
<String STYLE="superscript" CS="1" CONTENT="&#7580;&#7504;."/>
</TextLine>
<TextLine HEIGHT="62" WIDTH="1987" VPOS="758" HPOS="163" STYLEREFS="StyleId-05F481F9-3B97-4BB5-9654-F18B0DB48020-" CS="1">
<String CONTENT="&#169;" HEIGHT="51" WIDTH="51" VPOS="769" HPOS="163"/>
<SP HEIGHT="51" WIDTH="30" VPOS="769" HPOS="215"/>
<String CONTENT="Aug." HEIGHT="45" WIDTH="119" VPOS="773" HPOS="246"/>
<SP HEIGHT="40" WIDTH="31" VPOS="771" HPOS="366"/>
<String CONTENT="19," HEIGHT="49" WIDTH="68" VPOS="768" HPOS="398"/>
<SP HEIGHT="48" WIDTH="31" VPOS="769" HPOS="467"/>
<String CS="1" CONTENT="1932;" HEIGHT="40" WIDTH="112" VPOS="768" HPOS="499"/>
<SP HEIGHT="47" WIDTH="33" VPOS="768" HPOS="639"/>
<String CONTENT="2c." HEIGHT="40" WIDTH="67" VPOS="768" HPOS="673"/>
<SP HEIGHT="40" WIDTH="34" VPOS="768" HPOS="741"/>
<String CONTENT="Sept." HEIGHT="47" WIDTH="127" VPOS="768" HPOS="776"/>
<SP HEIGHT="40" WIDTH="31" VPOS="767" HPOS="904"/>
<String CONTENT="1;" HEIGHT="40" WIDTH="51" VPOS="767" HPOS="936"/>
<SP HEIGHT="31" WIDTH="34" VPOS="776" HPOS="988"/>
<String LANG="de" CONTENT="aff." HEIGHT="41" WIDTH="82" VPOS="764" HPOS="1023"/>
<SP HEIGHT="40" WIDTH="32" VPOS="765" HPOS="1106"/>
<String CONTENT="Aug." HEIGHT="47" WIDTH="119" VPOS="765" HPOS="1139"/>
<SP HEIGHT="39" WIDTH="31" VPOS="765" HPOS="1259"/>
<String CONTENT="31;" HEIGHT="47" WIDTH="83" VPOS="765" HPOS="1291"/>
<SP HEIGHT="49" WIDTH="34" VPOS="763" HPOS="1375"/>
<!-- cceid 0F227FB6-6D7D-1014-B4A5-D7A31D17AB40 --><String CONTENT="A" HEIGHT="40" WIDTH="41" VPOS="763" HPOS="1410"/>
<SP HEIGHT="40" WIDTH="30" VPOS="763" HPOS="1452"/>
<String CONTENT="53886;" HEIGHT="48" WIDTH="170" VPOS="762" HPOS="1483"/>
<SP HEIGHT="48" WIDTH="35" VPOS="762" HPOS="1654"/>
<String CONTENT="Christopher" HEIGHT="49" WIDTH="316" VPOS="760" HPOS="1690"/>
<SP HEIGHT="38" WIDTH="32" VPOS="770" HPOS="2007"/>
<String CONTENT="pub." HEIGHT="50" WIDTH="110" VPOS="758" HPOS="2040"/>
</TextLine>
<TextLine HEIGHT="50" WIDTH="512" VPOS="824" HPOS="229" STYLEREFS="StyleId-05F481F9-3B97-4BB5-9654-F18B0DB48020-">
<String CONTENT="house." HEIGHT="40" WIDTH="162" VPOS="827" HPOS="229"/>
<SP HEIGHT="48" WIDTH="68" VPOS="826" HPOS="392"/>
<String CONTENT="(32-23907)" HEIGHT="50" WIDTH="280" VPOS="824" HPOS="461"/>
</TextLine>
<TextLine HEIGHT="67" WIDTH="852" VPOS="929" HPOS="160" STYLEREFS="StyleId-4014F5C9-E8E2-4A3B-B51D-03CBC9ABD13E-">
<String CONTENT="Missouri." HEIGHT="54" WIDTH="296" VPOS="929" HPOS="160"/>
<SP HEIGHT="52" WIDTH="71" VPOS="931" HPOS="457"/>
<String CONTENT="Supreme" HEIGHT="65" WIDTH="277" VPOS="931" HPOS="529"/>
<SP HEIGHT="35" WIDTH="31" VPOS="946" HPOS="807"/>
<String CONTENT="court." HEIGHT="49" WIDTH="173" VPOS="932" HPOS="839"/>
</TextLine>
<TextLine HEIGHT="76" WIDTH="1917" VPOS="998" HPOS="230" CS="1">
<String CONTENT="Reports" HEIGHT="67" WIDTH="242" VPOS="1007" HPOS="230"/>
<SP HEIGHT="35" WIDTH="31" VPOS="1024" HPOS="473"/>
<String CONTENT="of" HEIGHT="51" WIDTH="62" VPOS="1007" HPOS="505"/>
<SP HEIGHT="51" WIDTH="32" VPOS="1007" HPOS="568"/>
<String CONTENT="cases" HEIGHT="34" WIDTH="148" VPOS="1024" HPOS="601"/>
<SP HEIGHT="53" WIDTH="32" VPOS="1005" HPOS="750"/>
<String CONTENT="determined" HEIGHT="53" WIDTH="351" VPOS="1004" HPOS="783"/>
<SP HEIGHT="52" WIDTH="35" VPOS="1004" HPOS="1135"/>
<String CS="1" CONTENT="&#8230;"/>
<SP HEIGHT="52" WIDTH="35" VPOS="1003" HPOS="1228"/>
<String CONTENT="between" HEIGHT="52" WIDTH="250" VPOS="1003" HPOS="1264"/>
<SP HEIGHT="54" WIDTH="31" VPOS="1002" HPOS="1515"/>
<String CONTENT="June" HEIGHT="54" WIDTH="150" VPOS="1002" HPOS="1547"/>
<SP HEIGHT="49" WIDTH="31" VPOS="1005" HPOS="1698"/>
<String CONTENT="12," HEIGHT="65" WIDTH="82" VPOS="1004" HPOS="1730"/>
<SP HEIGHT="65" WIDTH="35" VPOS="1004" HPOS="1813"/>
<String CONTENT="1931," HEIGHT="66" WIDTH="152" VPOS="1002" HPOS="1849"/>
<SP HEIGHT="49" WIDTH="32" VPOS="1019" HPOS="2002"/>
<String CONTENT="and" HEIGHT="55" WIDTH="112" VPOS="998" HPOS="2035"/>
</TextLine>
<TextLine HEIGHT="150" WIDTH="1964" VPOS="1079" HPOS="160" CS="1">
<String CONTENT="November" HEIGHT="53" WIDTH="316" VPOS="1084" HPOS="160"/>
<SP HEIGHT="47" WIDTH="33" VPOS="1088" HPOS="477"/>
<String CONTENT="20," HEIGHT="64" WIDTH="84" VPOS="1087" HPOS="511"/>
<SP HEIGHT="64" WIDTH="37" VPOS="1087" HPOS="596"/>
<String CONTENT="1931." HEIGHT="49" WIDTH="148" VPOS="1086" HPOS="634"/>
<SP HEIGHT="51" WIDTH="74" VPOS="1084" HPOS="783"/>
<String CONTENT="Perry" HEIGHT="67" WIDTH="182" VPOS="1084" HPOS="858"/>
<SP HEIGHT="68" WIDTH="36" VPOS="1083" HPOS="1041"/>
<String CONTENT="S." HEIGHT="55" WIDTH="54" VPOS="1083" HPOS="1078"/>
<SP HEIGHT="51" WIDTH="37" VPOS="1083" HPOS="1133"/>
<String CONTENT="Rader," HEIGHT="67" WIDTH="208" VPOS="1081" HPOS="1171"/>
<SP HEIGHT="48" WIDTH="33" VPOS="1100" HPOS="1380"/>
<String CONTENT="reporter," HEIGHT="64" WIDTH="273" VPOS="1085" HPOS="1414"/>
<SP HEIGHT="35" WIDTH="72" VPOS="1095" HPOS="1688"/>
<String CONTENT="v." HEIGHT="36" WIDTH="51" VPOS="1095" HPOS="1761"/>
<SP HEIGHT="49" WIDTH="35" VPOS="1082" HPOS="1813"/>
<String CONTENT="328." HEIGHT="51" WIDTH="118" VPOS="1081" HPOS="1849"/>
<SP HEIGHT="55" WIDTH="74" VPOS="1079" HPOS="1968"/>
<String CONTENT="Columbia," HEIGHT="150" WIDTH="1962" VPOS="1079" HPOS="162"/>
</TextLine>
<TextLine HEIGHT="70" WIDTH="1328" VPOS="1159" HPOS="420">
<String CONTENT="Mo.," HEIGHT="66" WIDTH="134" VPOS="1163" HPOS="420"/>
<SP HEIGHT="65" WIDTH="28" VPOS="1164" HPOS="555"/>
<String CONTENT="E." HEIGHT="50" WIDTH="65" VPOS="1164" HPOS="584"/>
<SP HEIGHT="53" WIDTH="25" VPOS="1164" HPOS="650"/>
<String CONTENT="W." HEIGHT="53" WIDTH="90" VPOS="1164" HPOS="676"/>
<SP HEIGHT="55" WIDTH="31" VPOS="1162" HPOS="767"/>
<String CONTENT="Stephens" HEIGHT="69" WIDTH="280" VPOS="1160" HPOS="799"/>
<SP HEIGHT="49" WIDTH="24" VPOS="1179" HPOS="1080"/>
<String CONTENT="publishing" HEIGHT="70" WIDTH="336" VPOS="1159" HPOS="1105"/>
<SP HEIGHT="51" WIDTH="26" VPOS="1178" HPOS="1442"/>
<String CONTENT="co.," HEIGHT="49" WIDTH="98" VPOS="1179" HPOS="1469"/>
<SP HEIGHT="66" WIDTH="29" VPOS="1162" HPOS="1568"/>
<String CONTENT="1932." HEIGHT="51" WIDTH="150" VPOS="1160" HPOS="1598"/>
</TextLine>
<TextLine HEIGHT="49" WIDTH="484" VPOS="1235" HPOS="229" CS="1">
<String CONTENT="xl," HEIGHT="46" WIDTH="63" VPOS="1237" HPOS="229"/>
<SP HEIGHT="46" WIDTH="29" VPOS="1237" HPOS="293"/>
<String CONTENT="1473," HEIGHT="46" WIDTH="127" VPOS="1237" HPOS="323"/>
<SP HEIGHT="36" WIDTH="28" VPOS="1247" HPOS="451"/>
<String CONTENT="vi" HEIGHT="40" WIDTH="49" VPOS="1236" HPOS="480"/>
<SP HEIGHT="48" WIDTH="26" VPOS="1236" HPOS="530"/>
<String CONTENT="p." HEIGHT="37" WIDTH="43" VPOS="1247" HPOS="557"/>
<SP HEIGHT="41" WIDTH="56" VPOS="1235" HPOS="601"/>
<String CS="1" CONTENT="23&#189;&#7580;&#7504;." HEIGHT="40" WIDTH="55" VPOS="1235" HPOS="658"/>
</TextLine>
<TextLine HEIGHT="102" WIDTH="1970" VPOS="1300" HPOS="167" STYLEREFS="StyleId-05F481F9-3B97-4BB5-9654-F18B0DB48020-" CS="1">
<String CONTENT="&#169;" HEIGHT="51" WIDTH="51" VPOS="1303" HPOS="167"/>
<SP HEIGHT="51" WIDTH="26" VPOS="1303" HPOS="219"/>
<String CONTENT="Aug." HEIGHT="47" WIDTH="118" VPOS="1306" HPOS="246"/>
<SP HEIGHT="39" WIDTH="27" VPOS="1305" HPOS="365"/>
<String CONTENT="25," HEIGHT="49" WIDTH="68" VPOS="1305" HPOS="393"/>
<SP HEIGHT="48" WIDTH="27" VPOS="1306" HPOS="462"/>
<String CONTENT="1932;" HEIGHT="47" WIDTH="139" VPOS="1304" HPOS="490"/>
<SP HEIGHT="47" WIDTH="28" VPOS="1304" HPOS="630"/>
<String CONTENT="2c." HEIGHT="41" WIDTH="66" VPOS="1304" HPOS="659"/>
<SP HEIGHT="40" WIDTH="27" VPOS="1305" HPOS="726"/>
<String CONTENT="Aug." HEIGHT="46" WIDTH="120" VPOS="1305" HPOS="754"/>
<SP HEIGHT="39" WIDTH="25" VPOS="1304" HPOS="875"/>
<String CONTENT="29;" HEIGHT="48" WIDTH="82" VPOS="1303" HPOS="901"/>
<SP HEIGHT="37" WIDTH="30" VPOS="1314" HPOS="984"/>
<String CONTENT="aff." HEIGHT="41" WIDTH="82" VPOS="1303" HPOS="1015"/>
<SP HEIGHT="41" WIDTH="28" VPOS="1303" HPOS="1098"/>
<String CONTENT="Oct." HEIGHT="41" WIDTH="102" VPOS="1303" HPOS="1127"/>
<SP HEIGHT="39" WIDTH="27" VPOS="1304" HPOS="1230"/>
<String CONTENT="15;" HEIGHT="48" WIDTH="82" VPOS="1303" HPOS="1258"/>
<SP HEIGHT="48" WIDTH="29" VPOS="1303" HPOS="1341"/>
<!-- cceid 0F22BB28-6D7D-1014-B4A5-D7A31D17AB40 --><String CONTENT="A" HEIGHT="39" WIDTH="41" VPOS="1303" HPOS="1371"/>
<SP HEIGHT="40" WIDTH="26" VPOS="1303" HPOS="1413"/>
<String CONTENT="56515;" HEIGHT="48" WIDTH="169" VPOS="1302" HPOS="1440"/>
<SP HEIGHT="48" WIDTH="31" VPOS="1302" HPOS="1610"/>
<String LANG="fr" CONTENT="J." HEIGHT="40" WIDTH="43" VPOS="1302" HPOS="1642"/>
<SP HEIGHT="39" WIDTH="28" VPOS="1302" HPOS="1686"/>
<String CONTENT="D." HEIGHT="41" WIDTH="57" VPOS="1302" HPOS="1715"/>
<SP HEIGHT="42" WIDTH="27" VPOS="1301" HPOS="1773"/>
<String CONTENT="Allen," HEIGHT="48" WIDTH="155" VPOS="1301" HPOS="1801"/>
<SP HEIGHT="48" WIDTH="29" VPOS="1301" HPOS="1957"/>
<String CONTENT="Jefferson" HEIGHT="102" WIDTH="1903" VPOS="1300" HPOS="234"/>
</TextLine>
<TextLine HEIGHT="49" WIDTH="242" VPOS="1361" HPOS="347" STYLEREFS="StyleId-05F481F9-3B97-4BB5-9654-F18B0DB48020-">
<String CONTENT="City," HEIGHT="49" WIDTH="122" VPOS="1361" HPOS="347"/>
<SP HEIGHT="46" WIDTH="26" VPOS="1363" HPOS="470"/>
<String CONTENT="Mo." HEIGHT="39" WIDTH="92" VPOS="1363" HPOS="497"/>
</TextLine>
<TextLine HEIGHT="65" WIDTH="639" VPOS="1464" HPOS="164" STYLEREFS="StyleId-DE60EB48-76C7-4465-84C3-B125BBDDDEA4-">
<String CONTENT="Monroe," HEIGHT="64" WIDTH="258" VPOS="1464" HPOS="164"/>
<SP HEIGHT="64" WIDTH="27" VPOS="1464" HPOS="423"/>
<String CONTENT="Day," HEIGHT="65" WIDTH="150" VPOS="1464" HPOS="451"/>
<SP HEIGHT="59" WIDTH="31" VPOS="1470" HPOS="602"/>
<String CONTENT="1888-" HEIGHT="49" WIDTH="169" VPOS="1469" HPOS="634"/>
</TextLine>
<TextLine HEIGHT="71" WIDTH="1922" VPOS="1538" HPOS="235">
<String CONTENT="Chicago" HEIGHT="70" WIDTH="252" VPOS="1539" HPOS="235"/>
<SP HEIGHT="52" WIDTH="39" VPOS="1541" HPOS="488"/>
<String CONTENT="families;" HEIGHT="68" WIDTH="276" VPOS="1540" HPOS="528"/>
<SP HEIGHT="48" WIDTH="41" VPOS="1560" HPOS="805"/>
<String CONTENT="a" HEIGHT="33" WIDTH="30" VPOS="1560" HPOS="847"/>
<SP HEIGHT="34" WIDTH="39" VPOS="1560" HPOS="878"/>
<String CONTENT="study" HEIGHT="68" WIDTH="168" VPOS="1541" HPOS="918"/>
<SP HEIGHT="50" WIDTH="40" VPOS="1559" HPOS="1087"/>
<String CONTENT="of" HEIGHT="53" WIDTH="63" VPOS="1540" HPOS="1128"/>
<SP HEIGHT="53" WIDTH="37" VPOS="1540" HPOS="1192"/>
<String CONTENT="unpublished" HEIGHT="70" WIDTH="383" VPOS="1538" HPOS="1230"/>
<SP HEIGHT="53" WIDTH="38" VPOS="1540" HPOS="1614"/>
<String CONTENT="census" HEIGHT="35" WIDTH="195" VPOS="1558" HPOS="1653"/>
<SP HEIGHT="53" WIDTH="38" VPOS="1540" HPOS="1849"/>
<String CONTENT="data," HEIGHT="66" WIDTH="154" VPOS="1540" HPOS="1888"/>
<SP HEIGHT="67" WIDTH="34" VPOS="1539" HPOS="2043"/>
<String CONTENT="by" HEIGHT="67" WIDTH="79" VPOS="1539" HPOS="2078"/>
</TextLine>
<TextLine HEIGHT="71" WIDTH="1990" VPOS="1616" HPOS="165" CS="1">
<String CONTENT="Day" HEIGHT="69" WIDTH="131" VPOS="1618" HPOS="165"/>
<SP HEIGHT="67" WIDTH="43" VPOS="1620" HPOS="297"/>
<String CONTENT="Monroe" HEIGHT="51" WIDTH="236" VPOS="1620" HPOS="341"/>
<SP HEIGHT="34" WIDTH="52" VPOS="1638" HPOS="578"/>
<String CS="1" CONTENT="&#8230;"/>
<SP HEIGHT="55" WIDTH="79" VPOS="1618" HPOS="686"/>
<String CONTENT="Chicago," HEIGHT="68" WIDTH="269" VPOS="1618" HPOS="766"/>
<SP HEIGHT="66" WIDTH="44" VPOS="1620" HPOS="1036"/>
<String CONTENT="Ill.," HEIGHT="67" WIDTH="113" VPOS="1619" HPOS="1081"/>
<SP HEIGHT="66" WIDTH="46" VPOS="1620" HPOS="1195"/>
<String CONTENT="The" HEIGHT="52" WIDTH="120" VPOS="1619" HPOS="1242"/>
<SP HEIGHT="54" WIDTH="45" VPOS="1618" HPOS="1363"/>
<String CONTENT="University" HEIGHT="68" WIDTH="337" VPOS="1617" HPOS="1409"/>
<SP HEIGHT="50" WIDTH="45" VPOS="1635" HPOS="1747"/>
<String CONTENT="of" HEIGHT="54" WIDTH="64" VPOS="1616" HPOS="1793"/>
<SP HEIGHT="56" WIDTH="45" VPOS="1616" HPOS="1858"/>
<String CONTENT="Chicago" HEIGHT="69" WIDTH="251" VPOS="1616" HPOS="1904"/>
</TextLine>
<TextLine HEIGHT="65" WIDTH="382" VPOS="1700" HPOS="165" CS="1">
<String CONTENT="press" HEIGHT="51" WIDTH="156" VPOS="1714" HPOS="165"/>
<SP HEIGHT="47" WIDTH="33" VPOS="1717" HPOS="322"/>
<String CONTENT="[" HEIGHT="34" WIDTH="13" VPOS="1730" HPOS="356"/>
<String STYLE="superscript" CS="1" CONTENT="&#7580;1"/>
<String CONTENT="932]" HEIGHT="64" WIDTH="118" VPOS="1700" HPOS="429"/>
</TextLine>
<TextLine HEIGHT="51" WIDTH="1922" VPOS="1766" HPOS="235" STYLEREFS="StyleId-05F481F9-3B97-4BB5-9654-F18B0DB48020-" CS="1">
<String CONTENT="xxi," HEIGHT="51" WIDTH="100" VPOS="1766" HPOS="235"/>
<SP HEIGHT="48" WIDTH="28" VPOS="1769" HPOS="336"/>
<String CONTENT="344" HEIGHT="40" WIDTH="86" VPOS="1769" HPOS="365"/>
<SP HEIGHT="46" WIDTH="29" VPOS="1770" HPOS="452"/>
<String CONTENT="p." HEIGHT="38" WIDTH="42" VPOS="1778" HPOS="482"/>
<SP HEIGHT="42" WIDTH="58" VPOS="1767" HPOS="525"/>
<String CONTENT="21" HEIGHT="39" WIDTH="56" VPOS="1767" HPOS="584"/>
<String STYLE="superscript" CS="1" CONTENT="&#7580;&#7504;."/>
<SP/>
<String CONTENT="(Half-title:" HEIGHT="50" WIDTH="297" VPOS="1767" HPOS="770"/>
<SP HEIGHT="40" WIDTH="31" VPOS="1769" HPOS="1068"/>
<String CONTENT="Social" HEIGHT="42" WIDTH="158" VPOS="1767" HPOS="1100"/>
<SP HEIGHT="39" WIDTH="30" VPOS="1769" HPOS="1259"/>
<String CONTENT="science" HEIGHT="40" WIDTH="185" VPOS="1768" HPOS="1290"/>
<SP HEIGHT="29" WIDTH="29" VPOS="1779" HPOS="1476"/>
<String CONTENT="studies," HEIGHT="49" WIDTH="200" VPOS="1767" HPOS="1506"/>
<SP HEIGHT="48" WIDTH="29" VPOS="1768" HPOS="1707"/>
<String CONTENT="directed" HEIGHT="41" WIDTH="216" VPOS="1766" HPOS="1737"/>
<SP HEIGHT="40" WIDTH="30" VPOS="1767" HPOS="1954"/>
<String CONTENT="by" HEIGHT="48" WIDTH="60" VPOS="1767" HPOS="1985"/>
<SP HEIGHT="45" WIDTH="30" VPOS="1770" HPOS="2046"/>
<String CONTENT="the" HEIGHT="40" WIDTH="80" VPOS="1768" HPOS="2077"/>
</TextLine>
<TextLine HEIGHT="51" WIDTH="1986" VPOS="1822" HPOS="171" STYLEREFS="StyleId-05F481F9-3B97-4BB5-9654-F18B0DB48020-" CS="1">
<String CONTENT="Social" HEIGHT="44" WIDTH="157" VPOS="1822" HPOS="171"/>
<SP HEIGHT="38" WIDTH="39" VPOS="1827" HPOS="329"/>
<String CONTENT="science" HEIGHT="41" WIDTH="184" VPOS="1824" HPOS="369"/>
<SP HEIGHT="29" WIDTH="39" VPOS="1836" HPOS="554"/>
<String CONTENT="research" HEIGHT="38" WIDTH="226" VPOS="1827" HPOS="594"/>
<SP HEIGHT="38" WIDTH="36" VPOS="1827" HPOS="821"/>
<String CONTENT="committee" HEIGHT="42" WIDTH="274" VPOS="1824" HPOS="858"/>
<SP HEIGHT="31" WIDTH="37" VPOS="1835" HPOS="1133"/>
<String CONTENT="of" HEIGHT="40" WIDTH="51" VPOS="1825" HPOS="1171"/>
<SP HEIGHT="40" WIDTH="40" VPOS="1825" HPOS="1223"/>
<String CONTENT="the" HEIGHT="39" WIDTH="80" VPOS="1827" HPOS="1264"/>
<SP HEIGHT="40" WIDTH="39" VPOS="1826" HPOS="1345"/>
<String CONTENT="University" HEIGHT="49" WIDTH="282" VPOS="1824" HPOS="1385"/>
<SP HEIGHT="38" WIDTH="38" VPOS="1835" HPOS="1668"/>
<String CONTENT="of" HEIGHT="40" WIDTH="52" VPOS="1825" HPOS="1707"/>
<SP HEIGHT="42" WIDTH="39" VPOS="1824" HPOS="1760"/>
<String CONTENT="Chicago," HEIGHT="49" WIDTH="223" VPOS="1824" HPOS="1800"/>
<SP HEIGHT="31" WIDTH="56" VPOS="1835" HPOS="2024"/>
<String CONTENT="no." HEIGHT="31" WIDTH="76" VPOS="1835" HPOS="2081"/>
<SP/>
<String CS="1" CONTENT="XXII)"/>
</TextLine>
<TextLine HEIGHT="108" WIDTH="1972" VPOS="1936" HPOS="172" STYLEREFS="StyleId-05F481F9-3B97-4BB5-9654-F18B0DB48020-" CS="1">
<String CONTENT="&#169;" HEIGHT="52" WIDTH="52" VPOS="1936" HPOS="172"/>
<SP HEIGHT="52" WIDTH="26" VPOS="1936" HPOS="225"/>
<String CONTENT="Aug." HEIGHT="48" WIDTH="119" VPOS="1941" HPOS="252"/>
<SP HEIGHT="41" WIDTH="26" VPOS="1939" HPOS="372"/>
<String CONTENT="9," HEIGHT="48" WIDTH="39" VPOS="1939" HPOS="399"/>
<SP HEIGHT="46" WIDTH="27" VPOS="1941" HPOS="439"/>
<String CS="1" CONTENT="1932;" HEIGHT="41" WIDTH="113" VPOS="1939" HPOS="467"/>
<SP HEIGHT="47" WIDTH="29" VPOS="1940" HPOS="608"/>
<String CONTENT="2c." HEIGHT="40" WIDTH="67" VPOS="1940" HPOS="638"/>
<SP HEIGHT="40" WIDTH="30" VPOS="1940" HPOS="706"/>
<String CONTENT="Sept." HEIGHT="48" WIDTH="127" VPOS="1940" HPOS="737"/>
<SP HEIGHT="39" WIDTH="27" VPOS="1941" HPOS="865"/>
<String CS="1" CONTENT="13;" HEIGHT="39" WIDTH="55" VPOS="1941" HPOS="893"/>
<SP HEIGHT="37" WIDTH="30" VPOS="1950" HPOS="975"/>
<String CONTENT="aff." HEIGHT="40" WIDTH="81" VPOS="1939" HPOS="1006"/>
<SP HEIGHT="40" WIDTH="30" VPOS="1940" HPOS="1088"/>
<String CONTENT="Sept." HEIGHT="48" WIDTH="127" VPOS="1940" HPOS="1119"/>
<SP HEIGHT="40" WIDTH="28" VPOS="1940" HPOS="1247"/>
<String CS="1" CONTENT="12;" HEIGHT="39" WIDTH="55" VPOS="1940" HPOS="1276"/>
<SP HEIGHT="47" WIDTH="28" VPOS="1940" HPOS="1359"/>
<!-- cceid 0F22F47D-6D7D-1014-B4A5-D7A31D17AB40 --><String CONTENT="A" HEIGHT="39" WIDTH="41" VPOS="1940" HPOS="1388"/>
<SP HEIGHT="40" WIDTH="26" VPOS="1940" HPOS="1430"/>
<String CS="1" CONTENT="54786;" HEIGHT="41" WIDTH="144" VPOS="1940" HPOS="1457"/>
<SP HEIGHT="47" WIDTH="30" VPOS="1941" HPOS="1629"/>
<String CONTENT="University" HEIGHT="50" WIDTH="283" VPOS="1938" HPOS="1660"/>
<SP HEIGHT="38" WIDTH="28" VPOS="1950" HPOS="1944"/>
<String CONTENT="of" HEIGHT="40" WIDTH="52" VPOS="1939" HPOS="1973"/>
<SP HEIGHT="42" WIDTH="28" VPOS="1939" HPOS="2026"/>
<String CONTENT="Chicago," HEIGHT="108" WIDTH="1904" VPOS="1936" HPOS="240"/>
</TextLine>
<TextLine HEIGHT="48" WIDTH="570" VPOS="1996" HPOS="398" STYLEREFS="StyleId-05F481F9-3B97-4BB5-9654-F18B0DB48020-">
<String CONTENT="Chicago." HEIGHT="48" WIDTH="222" VPOS="1996" HPOS="398"/>
<SP HEIGHT="46" WIDTH="67" VPOS="1997" HPOS="621"/>
<String CONTENT="(32-24052)" HEIGHT="47" WIDTH="279" VPOS="1996" HPOS="689"/>
</TextLine>
<TextLine HEIGHT="66" WIDTH="435" VPOS="2099" HPOS="168" STYLEREFS="StyleId-DE60EB48-76C7-4465-84C3-B125BBDDDEA4-">
<String CONTENT="Moore," HEIGHT="65" WIDTH="217" VPOS="2100" HPOS="168"/>
<SP HEIGHT="66" WIDTH="33" VPOS="2099" HPOS="386"/>
<String CONTENT="Olive." HEIGHT="55" WIDTH="183" VPOS="2099" HPOS="420"/>
</TextLine>
<TextLine HEIGHT="69" WIDTH="1924" VPOS="2175" HPOS="238">
<String CONTENT="Fugue," HEIGHT="66" WIDTH="217" VPOS="2176" HPOS="238"/>
<SP HEIGHT="66" WIDTH="41" VPOS="2175" HPOS="456"/>
<String CONTENT="by" HEIGHT="64" WIDTH="75" VPOS="2175" HPOS="498"/>
<SP HEIGHT="64" WIDTH="44" VPOS="2175" HPOS="574"/>
<String CONTENT="Olive" HEIGHT="53" WIDTH="165" VPOS="2175" HPOS="619"/>
<SP HEIGHT="51" WIDTH="42" VPOS="2176" HPOS="785"/>
<String CONTENT="Moore." HEIGHT="51" WIDTH="212" VPOS="2176" HPOS="828"/>
<SP HEIGHT="51" WIDTH="74" VPOS="2176" HPOS="1041"/>
<String CONTENT="New" HEIGHT="51" WIDTH="138" VPOS="2176" HPOS="1116"/>
<SP HEIGHT="50" WIDTH="43" VPOS="2176" HPOS="1255"/>
<String CONTENT="York," HEIGHT="67" WIDTH="178" VPOS="2176" HPOS="1299"/>
<SP HEIGHT="66" WIDTH="40" VPOS="2177" HPOS="1478"/>
<String CONTENT="L." HEIGHT="52" WIDTH="66" VPOS="2177" HPOS="1519"/>
<SP HEIGHT="53" WIDTH="41" VPOS="2176" HPOS="1586"/>
<String CONTENT="MacVeagh," HEIGHT="68" WIDTH="354" VPOS="2176" HPOS="1628"/>
<SP HEIGHT="67" WIDTH="41" VPOS="2177" HPOS="1983"/>
<String CONTENT="Dial" HEIGHT="51" WIDTH="137" VPOS="2177" HPOS="2025"/>
</TextLine>
<TextLine HEIGHT="69" WIDTH="512" VPOS="2250" HPOS="171">
<String CONTENT="press," HEIGHT="48" WIDTH="172" VPOS="2271" HPOS="171"/>
<SP HEIGHT="68" WIDTH="30" VPOS="2250" HPOS="344"/>
<String CONTENT="inc.," HEIGHT="66" WIDTH="125" VPOS="2250" HPOS="375"/>
<SP HEIGHT="60" WIDTH="32" VPOS="2256" HPOS="501"/>
<String CONTENT="1932." HEIGHT="49" WIDTH="149" VPOS="2255" HPOS="534"/>
</TextLine>
<TextLine HEIGHT="50" WIDTH="278" VPOS="2324" HPOS="240" STYLEREFS="StyleId-AE88AD2D-FCDE-4908-A61D-EB1496E10E7E-" CS="1">
<String CONTENT="283" HEIGHT="41" WIDTH="87" VPOS="2325" HPOS="240"/>
<SP HEIGHT="48" WIDTH="28" VPOS="2326" HPOS="328"/>
<String CONTENT="p." HEIGHT="38" WIDTH="42" VPOS="2336" HPOS="357"/>
<SP HEIGHT="41" WIDTH="59" VPOS="2325" HPOS="400"/>
<String CS="1" CONTENT="19&#189;&#7580;&#7504;." HEIGHT="42" WIDTH="58" VPOS="2324" HPOS="460"/>
</TextLine>
<TextLine HEIGHT="108" WIDTH="1742" VPOS="2378" HPOS="177" STYLEREFS="StyleId-05F481F9-3B97-4BB5-9654-F18B0DB48020-" CS="1">
<String CONTENT="&#169;" HEIGHT="51" WIDTH="51" VPOS="2378" HPOS="177"/>
<SP HEIGHT="51" WIDTH="24" VPOS="2378" HPOS="229"/>
<String CONTENT="Aug." HEIGHT="47" WIDTH="118" VPOS="2382" HPOS="254"/>
<SP HEIGHT="38" WIDTH="27" VPOS="2383" HPOS="373"/>
<String CONTENT="19," HEIGHT="46" WIDTH="67" VPOS="2383" HPOS="401"/>
<SP HEIGHT="46" WIDTH="26" VPOS="2383" HPOS="469"/>
<String CS="1" CONTENT="1932;" HEIGHT="41" WIDTH="112" VPOS="2381" HPOS="496"/>
<SP HEIGHT="41" WIDTH="28" VPOS="2382" HPOS="636"/>
<String CONTENT="2c." HEIGHT="40" WIDTH="67" VPOS="2382" HPOS="665"/>
<SP HEIGHT="30" WIDTH="24" VPOS="2392" HPOS="733"/>
<String CONTENT="and" HEIGHT="38" WIDTH="95" VPOS="2383" HPOS="758"/>
<SP HEIGHT="38" WIDTH="25" VPOS="2383" HPOS="854"/>
<String CONTENT="aff." HEIGHT="41" WIDTH="82" VPOS="2381" HPOS="880"/>
<SP HEIGHT="39" WIDTH="24" VPOS="2383" HPOS="963"/>
<String CONTENT="Aug." HEIGHT="47" WIDTH="120" VPOS="2383" HPOS="988"/>
<SP HEIGHT="39" WIDTH="24" VPOS="2382" HPOS="1109"/>
<String CS="1" CONTENT="20;" HEIGHT="40" WIDTH="59" VPOS="2382" HPOS="1134"/>
<SP HEIGHT="47" WIDTH="26" VPOS="2382" HPOS="1218"/>
<!-- cceid 0F23312A-6D7D-1014-B4A5-D7A31D17AB40 --><String CONTENT="A" HEIGHT="39" WIDTH="41" VPOS="2382" HPOS="1245"/>
<SP HEIGHT="40" WIDTH="24" VPOS="2382" HPOS="1287"/>
<String CS="1" CONTENT="54480;" HEIGHT="41" WIDTH="145" VPOS="2382" HPOS="1312"/>
<SP HEIGHT="45" WIDTH="29" VPOS="2383" HPOS="1483"/>
<String CONTENT="Dial" HEIGHT="40" WIDTH="113" VPOS="2383" HPOS="1513"/>
<SP HEIGHT="47" WIDTH="25" VPOS="2384" HPOS="1627"/>
<String CONTENT="press," HEIGHT="39" WIDTH="149" VPOS="2393" HPOS="1653"/>
<SP HEIGHT="48" WIDTH="26" VPOS="2384" HPOS="1803"/>
<String CONTENT="inc." HEIGHT="40" WIDTH="89" VPOS="2384" HPOS="1830"/>
<SP/>
<String CONTENT="(32-25854)" HEIGHT="49" WIDTH="279" VPOS="2437" HPOS="255"/>
</TextLine>
<TextLine HEIGHT="66" WIDTH="700" VPOS="2539" HPOS="177" STYLEREFS="StyleId-DE60EB48-76C7-4465-84C3-B125BBDDDEA4-">
<String CONTENT="Neelley," HEIGHT="66" WIDTH="254" VPOS="2539" HPOS="177"/>
<SP HEIGHT="64" WIDTH="29" VPOS="2541" HPOS="432"/>
<String CONTENT="John" HEIGHT="54" WIDTH="155" VPOS="2540" HPOS="462"/>
<SP HEIGHT="52" WIDTH="32" VPOS="2541" HPOS="618"/>
<String CONTENT="Haven." HEIGHT="55" WIDTH="226" VPOS="2541" HPOS="651"/>
</TextLine>
<TextLine HEIGHT="76" WIDTH="1921" VPOS="2614" HPOS="245">
<String CONTENT="Differential" HEIGHT="55" WIDTH="364" VPOS="2614" HPOS="245"/>
<SP HEIGHT="51" WIDTH="36" VPOS="2618" HPOS="610"/>
<String CONTENT="and" HEIGHT="53" WIDTH="113" VPOS="2618" HPOS="647"/>
<SP HEIGHT="54" WIDTH="36" VPOS="2617" HPOS="761"/>
<String CONTENT="integral" HEIGHT="68" WIDTH="247" VPOS="2617" HPOS="798"/>
<SP HEIGHT="52" WIDTH="37" VPOS="2619" HPOS="1046"/>
<String CONTENT="calculus," HEIGHT="69" WIDTH="265" VPOS="2618" HPOS="1084"/>
<SP HEIGHT="68" WIDTH="32" VPOS="2619" HPOS="1350"/>
<String CONTENT="by" HEIGHT="68" WIDTH="75" VPOS="2619" HPOS="1383"/>
<SP HEIGHT="67" WIDTH="36" VPOS="2620" HPOS="1459"/>
<String CONTENT="John" HEIGHT="54" WIDTH="156" VPOS="2620" HPOS="1496"/>
<SP HEIGHT="52" WIDTH="36" VPOS="2621" HPOS="1653"/>
<String CONTENT="Haven" HEIGHT="53" WIDTH="206" VPOS="2621" HPOS="1690"/>
<SP HEIGHT="52" WIDTH="36" VPOS="2622" HPOS="1897"/>
<String CONTENT="Neelley" HEIGHT="68" WIDTH="232" VPOS="2622" HPOS="1934"/>
</TextLine>
<TextLine HEIGHT="72" WIDTH="1929" VPOS="2694" HPOS="237" CS="1">
<String CS="1" CONTENT="&#8230;"/>
<SP HEIGHT="35" WIDTH="37" VPOS="2712" HPOS="237"/>
<String CONTENT="and" HEIGHT="53" WIDTH="112" VPOS="2694" HPOS="275"/>
<SP HEIGHT="54" WIDTH="30" VPOS="2694" HPOS="388"/>
<String CONTENT="Joshua" HEIGHT="53" WIDTH="218" VPOS="2695" HPOS="419"/>
<SP HEIGHT="52" WIDTH="31" VPOS="2695" HPOS="638"/>
<String CONTENT="Irving" HEIGHT="70" WIDTH="206" VPOS="2694" HPOS="670"/>
<SP HEIGHT="66" WIDTH="30" VPOS="2698" HPOS="877"/>
<String CONTENT="Tracey" HEIGHT="66" WIDTH="216" VPOS="2698" HPOS="908"/>
<SP HEIGHT="50" WIDTH="36" VPOS="2714" HPOS="1125"/>
<String CS="1" CONTENT="&#8230;"/>
<SP HEIGHT="52" WIDTH="78" VPOS="2698" HPOS="1218"/>
<String CONTENT="New" HEIGHT="53" WIDTH="139" VPOS="2698" HPOS="1297"/>
<SP HEIGHT="53" WIDTH="30" VPOS="2698" HPOS="1437"/>
<String CONTENT="York," HEIGHT="68" WIDTH="181" VPOS="2698" HPOS="1468"/>
<SP HEIGHT="66" WIDTH="29" VPOS="2700" HPOS="1650"/>
<String CONTENT="The" HEIGHT="52" WIDTH="121" VPOS="2700" HPOS="1680"/>
<SP HEIGHT="52" WIDTH="28" VPOS="2699" HPOS="1802"/>
<String CONTENT="Macmillan" HEIGHT="54" WIDTH="335" VPOS="2699" HPOS="1831"/>
</TextLine>
<TextLine HEIGHT="64" WIDTH="467" VPOS="2776" HPOS="177">
<String CONTENT="company," HEIGHT="51" WIDTH="294" VPOS="2789" HPOS="177"/>
<SP HEIGHT="62" WIDTH="23" VPOS="2777" HPOS="472"/>
<String CONTENT="1932." HEIGHT="51" WIDTH="148" VPOS="2776" HPOS="496"/>
</TextLine>
<TextLine HEIGHT="56" WIDTH="1917" VPOS="2843" HPOS="249" STYLEREFS="StyleId-05F481F9-3B97-4BB5-9654-F18B0DB48020-" CS="1">
<String CONTENT="viii" HEIGHT="40" WIDTH="86" VPOS="2843" HPOS="249"/>
<SP HEIGHT="47" WIDTH="31" VPOS="2844" HPOS="336"/>
<String LANG="fr" CS="1" CONTENT="p.,"/>
<SP/>
<String LANG="fr" CS="1" CONTENT="1"/>
<SP/>
<String LANG="fr" CS="1" CONTENT="l."/>
<String CONTENT="," HEIGHT="16" WIDTH="8" VPOS="2875" HPOS="553"/>
<SP HEIGHT="45" WIDTH="32" VPOS="2846" HPOS="562"/>
<String CONTENT="496" HEIGHT="41" WIDTH="89" VPOS="2844" HPOS="595"/>
<SP HEIGHT="47" WIDTH="28" VPOS="2845" HPOS="685"/>
<String CONTENT="p." HEIGHT="37" WIDTH="43" VPOS="2855" HPOS="714"/>
<SP HEIGHT="39" WIDTH="58" VPOS="2847" HPOS="758"/>
<String CONTENT="diagrs." HEIGHT="48" WIDTH="179" VPOS="2845" HPOS="817"/>
<SP HEIGHT="38" WIDTH="57" VPOS="2847" HPOS="997"/>
<String CS="1" CONTENT="19&#189;&#7580;&#7504;." HEIGHT="41" WIDTH="58" VPOS="2845" HPOS="1055"/>
<SP HEIGHT="31" WIDTH="61" VPOS="2865" HPOS="1202"/>
<String CONTENT="[A" HEIGHT="49" WIDTH="56" VPOS="2847" HPOS="1264"/>
<SP HEIGHT="41" WIDTH="31" VPOS="2847" HPOS="1321"/>
<String CONTENT="series" HEIGHT="41" WIDTH="152" VPOS="2847" HPOS="1353"/>
<SP HEIGHT="30" WIDTH="30" VPOS="2858" HPOS="1506"/>
<String CONTENT="of" HEIGHT="41" WIDTH="53" VPOS="2847" HPOS="1537"/>
<SP HEIGHT="41" WIDTH="31" VPOS="2847" HPOS="1591"/>
<String CONTENT="mathematical" HEIGHT="41" WIDTH="365" VPOS="2848" HPOS="1623"/>
<SP HEIGHT="40" WIDTH="32" VPOS="2850" HPOS="1989"/>
<String CONTENT="texts," HEIGHT="48" WIDTH="144" VPOS="2851" HPOS="2022"/>
</TextLine>
<TextLine HEIGHT="53" WIDTH="575" VPOS="2899" HPOS="181" STYLEREFS="StyleId-05F481F9-3B97-4BB5-9654-F18B0DB48020-">
<String CONTENT="ed." HEIGHT="41" WIDTH="71" VPOS="2899" HPOS="181"/>
<SP HEIGHT="40" WIDTH="25" VPOS="2900" HPOS="253"/>
<String CONTENT="by" HEIGHT="48" WIDTH="60" VPOS="2900" HPOS="279"/>
<SP HEIGHT="46" WIDTH="24" VPOS="2902" HPOS="340"/>
<String CONTENT="E." HEIGHT="39" WIDTH="51" VPOS="2902" HPOS="365"/>
<SP HEIGHT="39" WIDTH="27" VPOS="2902" HPOS="417"/>
<String CONTENT="R." HEIGHT="40" WIDTH="56" VPOS="2902" HPOS="445"/>
<SP HEIGHT="41" WIDTH="24" VPOS="2901" HPOS="502"/>
<String CONTENT="Hedrick]" HEIGHT="51" WIDTH="229" VPOS="2901" HPOS="527"/>
</TextLine>
<TextLine HEIGHT="108" WIDTH="1740" VPOS="2954" HPOS="185" STYLEREFS="StyleId-05F481F9-3B97-4BB5-9654-F18B0DB48020-" CS="1">
<String CONTENT="&#169;" HEIGHT="51" WIDTH="51" VPOS="2954" HPOS="185"/>
<SP HEIGHT="51" WIDTH="28" VPOS="2954" HPOS="237"/>
<String CONTENT="Sept." HEIGHT="47" WIDTH="125" VPOS="2958" HPOS="266"/>
<SP HEIGHT="37" WIDTH="26" VPOS="2960" HPOS="392"/>
<String CONTENT="13," HEIGHT="47" WIDTH="68" VPOS="2959" HPOS="419"/>
<SP HEIGHT="46" WIDTH="26" VPOS="2960" HPOS="488"/>
<String CS="1" CONTENT="1932;" HEIGHT="42" WIDTH="112" VPOS="2958" HPOS="515"/>
<SP HEIGHT="47" WIDTH="28" VPOS="2959" HPOS="655"/>
<String CONTENT="2c." HEIGHT="42" WIDTH="67" VPOS="2959" HPOS="684"/>
<SP HEIGHT="30" WIDTH="25" VPOS="2971" HPOS="752"/>
<String CONTENT="and" HEIGHT="39" WIDTH="95" VPOS="2961" HPOS="778"/>
<SP HEIGHT="39" WIDTH="24" VPOS="2961" HPOS="874"/>
<String CONTENT="aff." HEIGHT="40" WIDTH="82" VPOS="2960" HPOS="899"/>
<SP HEIGHT="40" WIDTH="29" VPOS="2960" HPOS="982"/>
<String CONTENT="Sept." HEIGHT="48" WIDTH="127" VPOS="2960" HPOS="1012"/>
<SP HEIGHT="39" WIDTH="26" VPOS="2961" HPOS="1140"/>
<String CS="1" CONTENT="14;" HEIGHT="39" WIDTH="55" VPOS="2961" HPOS="1167"/>
<SP HEIGHT="47" WIDTH="29" VPOS="2961" HPOS="1249"/>
<!-- cceid 0F236B72-6D7D-1014-B4A5-D7A31D17AB40 --><String CONTENT="A" HEIGHT="39" WIDTH="41" VPOS="2961" HPOS="1279"/>
<SP HEIGHT="40" WIDTH="24" VPOS="2961" HPOS="1321"/>
<String CS="1" CONTENT="54805;" HEIGHT="41" WIDTH="144" VPOS="2962" HPOS="1346"/>
<SP HEIGHT="46" WIDTH="30" VPOS="2963" HPOS="1517"/>
<String CONTENT="Macmillan" HEIGHT="41" WIDTH="280" VPOS="2962" HPOS="1548"/>
<SP HEIGHT="30" WIDTH="27" VPOS="2973" HPOS="1829"/>
<String CONTENT="co." HEIGHT="32" WIDTH="68" VPOS="2973" HPOS="1857"/>
<SP/>
<String CONTENT="(32-23757)" HEIGHT="48" WIDTH="276" VPOS="3014" HPOS="261"/>
</TextLine>
<TextLine HEIGHT="79" WIDTH="1986" VPOS="3113" HPOS="181">
<String CONTENT="New" HEIGHT="52" WIDTH="145" VPOS="3113" HPOS="181"/>
<SP HEIGHT="52" WIDTH="25" VPOS="3115" HPOS="327"/>
<String CONTENT="Mexico" HEIGHT="55" WIDTH="228" VPOS="3115" HPOS="353"/>
<SP HEIGHT="36" WIDTH="27" VPOS="3134" HPOS="582"/>
<String CONTENT="and" HEIGHT="52" WIDTH="112" VPOS="3118" HPOS="610"/>
<SP HEIGHT="53" WIDTH="28" VPOS="3118" HPOS="723"/>
<String CONTENT="Pacific" HEIGHT="58" WIDTH="211" VPOS="3116" HPOS="752"/>
<SP HEIGHT="55" WIDTH="29" VPOS="3119" HPOS="964"/>
<String CONTENT="digest," HEIGHT="69" WIDTH="203" VPOS="3119" HPOS="994"/>
<SP HEIGHT="48" WIDTH="27" VPOS="3138" HPOS="1198"/>
<String CONTENT="covering" HEIGHT="69" WIDTH="267" VPOS="3120" HPOS="1226"/>
<SP HEIGHT="49" WIDTH="29" VPOS="3140" HPOS="1494"/>
<String CONTENT="all" HEIGHT="51" WIDTH="76" VPOS="3122" HPOS="1524"/>
<SP HEIGHT="53" WIDTH="30" VPOS="3122" HPOS="1601"/>
<String CONTENT="cases" HEIGHT="35" WIDTH="150" VPOS="3141" HPOS="1632"/>
<SP HEIGHT="34" WIDTH="26" VPOS="3142" HPOS="1783"/>
<String CONTENT="reported" HEIGHT="68" WIDTH="266" VPOS="3124" HPOS="1810"/>
<SP HEIGHT="54" WIDTH="27" VPOS="3123" HPOS="2077"/>
<String CONTENT="in" HEIGHT="53" WIDTH="62" VPOS="3123" HPOS="2105"/>
</TextLine>
<TextLine HEIGHT="78" WIDTH="1916" VPOS="3191" HPOS="253" CS="1">
<String CONTENT="New" HEIGHT="53" WIDTH="138" VPOS="3191" HPOS="253"/>
<SP HEIGHT="51" WIDTH="37" VPOS="3194" HPOS="392"/>
<String CONTENT="Mexico" HEIGHT="52" WIDTH="222" VPOS="3194" HPOS="430"/>
<SP HEIGHT="34" WIDTH="38" VPOS="3212" HPOS="653"/>
<String CONTENT="reports," HEIGHT="64" WIDTH="240" VPOS="3201" HPOS="692"/>
<SP HEIGHT="65" WIDTH="39" VPOS="3200" HPOS="933"/>
<String CS="1" CONTENT="1852-1931;" HEIGHT="51" WIDTH="306" VPOS="3199" HPOS="973"/>
<SP HEIGHT="65" WIDTH="41" VPOS="3200" HPOS="1310"/>
<String CONTENT="Pacific" HEIGHT="57" WIDTH="212" VPOS="3198" HPOS="1352"/>
<SP HEIGHT="36" WIDTH="38" VPOS="3219" HPOS="1565"/>
<String CONTENT="reporter," HEIGHT="63" WIDTH="274" VPOS="3206" HPOS="1604"/>
<SP HEIGHT="48" WIDTH="37" VPOS="3220" HPOS="1879"/>
<String CONTENT="volumes" HEIGHT="54" WIDTH="252" VPOS="3202" HPOS="1917"/>
</TextLine>
<TextLine HEIGHT="73" WIDTH="1912" VPOS="3272" HPOS="257" CS="1">
<String CS="1" CONTENT="1-300," HEIGHT="64" WIDTH="185" VPOS="3273" HPOS="257"/>
<SP HEIGHT="48" WIDTH="29" VPOS="3289" HPOS="443"/>
<String CONTENT="and" HEIGHT="51" WIDTH="111" VPOS="3272" HPOS="473"/>
<SP HEIGHT="53" WIDTH="30" VPOS="3272" HPOS="585"/>
<String CONTENT="all" HEIGHT="51" WIDTH="77" VPOS="3274" HPOS="616"/>
<SP HEIGHT="53" WIDTH="27" VPOS="3274" HPOS="694"/>
<String CONTENT="of" HEIGHT="53" WIDTH="63" VPOS="3274" HPOS="722"/>
<SP HEIGHT="52" WIDTH="26" VPOS="3274" HPOS="786"/>
<String CONTENT="the" HEIGHT="52" WIDTH="96" VPOS="3275" HPOS="813"/>
<SP HEIGHT="51" WIDTH="26" VPOS="3277" HPOS="910"/>
<String CONTENT="Pacific" HEIGHT="57" WIDTH="211" VPOS="3273" HPOS="937"/>
<SP HEIGHT="35" WIDTH="28" VPOS="3295" HPOS="1149"/>
<String CONTENT="states" HEIGHT="48" WIDTH="172" VPOS="3281" HPOS="1178"/>
<SP HEIGHT="33" WIDTH="28" VPOS="3296" HPOS="1351"/>
<String CONTENT="reports" HEIGHT="62" WIDTH="222" VPOS="3283" HPOS="1380"/>
<SP HEIGHT="52" WIDTH="30" VPOS="3279" HPOS="1603"/>
<String CONTENT="from" HEIGHT="52" WIDTH="154" VPOS="3279" HPOS="1634"/>
<SP HEIGHT="49" WIDTH="24" VPOS="3284" HPOS="1789"/>
<String CONTENT="the" HEIGHT="53" WIDTH="98" VPOS="3280" HPOS="1814"/>
<SP HEIGHT="35" WIDTH="29" VPOS="3298" HPOS="1913"/>
<String CONTENT="earliest" HEIGHT="55" WIDTH="226" VPOS="3279" HPOS="1943"/>
</TextLine>
<TextLine HEIGHT="79" WIDTH="1915" VPOS="3345" HPOS="253" CS="1">
<String CONTENT="times" HEIGHT="55" WIDTH="163" VPOS="3345" HPOS="253"/>
<SP HEIGHT="32" WIDTH="36" VPOS="3368" HPOS="417"/>
<String CS="1" CONTENT="&#8230;"/>
<SP HEIGHT="55" WIDTH="79" VPOS="3347" HPOS="510"/>
<String CONTENT="Compiled" HEIGHT="71" WIDTH="298" VPOS="3347" HPOS="590"/>
<SP HEIGHT="52" WIDTH="34" VPOS="3353" HPOS="889"/>
<String CONTENT="and" HEIGHT="52" WIDTH="112" VPOS="3354" HPOS="924"/>
<SP HEIGHT="52" WIDTH="32" VPOS="3354" HPOS="1037"/>
<String CONTENT="edited" HEIGHT="53" WIDTH="190" VPOS="3353" HPOS="1070"/>
<SP HEIGHT="53" WIDTH="30" VPOS="3354" HPOS="1261"/>
<String CONTENT="by" HEIGHT="68" WIDTH="74" VPOS="3355" HPOS="1292"/>
<SP HEIGHT="63" WIDTH="31" VPOS="3360" HPOS="1367"/>
<String CONTENT="the" HEIGHT="52" WIDTH="96" VPOS="3357" HPOS="1399"/>
<SP HEIGHT="49" WIDTH="32" VPOS="3375" HPOS="1496"/>
<String CONTENT="publisher&#8217;s" HEIGHT="67" WIDTH="339" VPOS="3357" HPOS="1529"/>
<SP HEIGHT="34" WIDTH="32" VPOS="3377" HPOS="1869"/>
<String CONTENT="editorial" HEIGHT="54" WIDTH="266" VPOS="3358" HPOS="1902"/>
</TextLine>
<TextLine HEIGHT="79" WIDTH="1706" VPOS="3421" HPOS="252">
<String CONTENT="staff," HEIGHT="55" WIDTH="149" VPOS="3421" HPOS="252"/>
<SP HEIGHT="32" WIDTH="73" VPOS="3444" HPOS="402"/>
<String LANG="fr" CONTENT="v." HEIGHT="32" WIDTH="49" VPOS="3444" HPOS="476"/>
<SP HEIGHT="47" WIDTH="30" VPOS="3429" HPOS="526"/>
<String CONTENT="20-22." HEIGHT="50" WIDTH="187" VPOS="3429" HPOS="557"/>
<SP HEIGHT="55" WIDTH="75" VPOS="3429" HPOS="745"/>
<String CONTENT="St." HEIGHT="55" WIDTH="83" VPOS="3429" HPOS="821"/>
<SP HEIGHT="52" WIDTH="27" VPOS="3431" HPOS="905"/>
<String CONTENT="Paul," HEIGHT="55" WIDTH="165" VPOS="3431" HPOS="933"/>
<SP HEIGHT="53" WIDTH="27" VPOS="3434" HPOS="1099"/>
<String CONTENT="West" HEIGHT="53" WIDTH="160" VPOS="3434" HPOS="1127"/>
<SP HEIGHT="60" WIDTH="26" VPOS="3440" HPOS="1288"/>
<String CONTENT="publishing" HEIGHT="66" WIDTH="335" VPOS="3434" HPOS="1315"/>
<SP HEIGHT="45" WIDTH="26" VPOS="3455" HPOS="1651"/>
<String CONTENT="co.," HEIGHT="46" WIDTH="98" VPOS="3454" HPOS="1678"/>
<SP HEIGHT="61" WIDTH="29" VPOS="3439" HPOS="1777"/>
<String CONTENT="1932." HEIGHT="50" WIDTH="151" VPOS="3439" HPOS="1807"/>
</TextLine>
<TextLine HEIGHT="41" WIDTH="215" VPOS="3498" HPOS="251" STYLEREFS="StyleId-05F481F9-3B97-4BB5-9654-F18B0DB48020-" CS="1">
<String CONTENT="3" HEIGHT="38" WIDTH="25" VPOS="3498" HPOS="251"/>
<SP/>
<String CS="1" CONTENT="v"/>
<String LANG="fr" CONTENT="." HEIGHT="7" WIDTH="8" VPOS="3531" HPOS="343"/>
<SP HEIGHT="40" WIDTH="57" VPOS="3499" HPOS="352"/>
<String CONTENT="26" HEIGHT="40" WIDTH="56" VPOS="3499" HPOS="410"/>
<String STYLE="superscript" CS="1" CONTENT="&#7580;&#7504;."/>
</TextLine>
<TextLine HEIGHT="100" WIDTH="1969" VPOS="3555" HPOS="188" STYLEREFS="StyleId-05F481F9-3B97-4BB5-9654-F18B0DB48020-" CS="1">
<String CS="1" CONTENT="CONTENTS.&#8212;v." HEIGHT="29" WIDTH="102" VPOS="3566" HPOS="533"/>
<SP HEIGHT="40" WIDTH="27" VPOS="3555" HPOS="636"/>
<String CONTENT="20." HEIGHT="41" WIDTH="73" VPOS="3555" HPOS="664"/>
<SP HEIGHT="38" WIDTH="26" VPOS="3558" HPOS="738"/>
<String CONTENT="Hospitals-Injunction.&#8212;v." HEIGHT="50" WIDTH="688" VPOS="3558" HPOS="765"/>
<SP HEIGHT="42" WIDTH="29" VPOS="3561" HPOS="1454"/>
<String CONTENT="21." HEIGHT="42" WIDTH="69" VPOS="3561" HPOS="1484"/>
<SP HEIGHT="38" WIDTH="31" VPOS="3565" HPOS="1554"/>
<String CONTENT="Innkeepers-Intoxicating" HEIGHT="91" WIDTH="1969" VPOS="3564" HPOS="188"/>
</TextLine>
<TextLine HEIGHT="57" WIDTH="1194" VPOS="3609" HPOS="297" STYLEREFS="StyleId-05F481F9-3B97-4BB5-9654-F18B0DB48020-">
<String CONTENT="liquors.&#8212;v." HEIGHT="48" WIDTH="301" VPOS="3609" HPOS="297"/>
<SP HEIGHT="41" WIDTH="27" VPOS="3610" HPOS="599"/>
<String CONTENT="22." HEIGHT="42" WIDTH="71" VPOS="3610" HPOS="627"/>
<SP HEIGHT="39" WIDTH="28" VPOS="3613" HPOS="699"/>
<String CONTENT="Joint" HEIGHT="40" WIDTH="135" VPOS="3613" HPOS="728"/>
<SP HEIGHT="37" WIDTH="26" VPOS="3616" HPOS="864"/>
<String CONTENT="adventures-Judgment." HEIGHT="51" WIDTH="600" VPOS="3615" HPOS="891"/>
</TextLine>
<TextLine HEIGHT="66" WIDTH="1983" VPOS="3660" HPOS="193" STYLEREFS="StyleId-05F481F9-3B97-4BB5-9654-F18B0DB48020-" CS="1">
<String CONTENT="&#169;" HEIGHT="50" WIDTH="51" VPOS="3660" HPOS="193"/>
<SP HEIGHT="50" WIDTH="26" VPOS="3660" HPOS="245"/>
<String CONTENT="Sept." HEIGHT="47" WIDTH="125" VPOS="3665" HPOS="272"/>
<SP HEIGHT="39" WIDTH="22" VPOS="3666" HPOS="398"/>
<String CONTENT="23," HEIGHT="46" WIDTH="69" VPOS="3666" HPOS="421"/>
<SP HEIGHT="44" WIDTH="23" VPOS="3668" HPOS="491"/>
<String CS="1" CONTENT="1932;" HEIGHT="40" WIDTH="112" VPOS="3666" HPOS="515"/>
<SP HEIGHT="46" WIDTH="24" VPOS="3667" HPOS="655"/>
<String CONTENT="2c." HEIGHT="40" WIDTH="65" VPOS="3667" HPOS="680"/>
<SP HEIGHT="28" WIDTH="25" VPOS="3679" HPOS="746"/>
<String CONTENT="each" HEIGHT="39" WIDTH="117" VPOS="3669" HPOS="772"/>
<SP HEIGHT="39" WIDTH="23" VPOS="3669" HPOS="890"/>
<String CONTENT="and" HEIGHT="38" WIDTH="94" VPOS="3671" HPOS="914"/>
<SP HEIGHT="38" WIDTH="23" VPOS="3671" HPOS="1009"/>
<String CONTENT="aff." HEIGHT="39" WIDTH="81" VPOS="3671" HPOS="1033"/>
<SP HEIGHT="40" WIDTH="25" VPOS="3671" HPOS="1115"/>
<String CONTENT="Oct." HEIGHT="40" WIDTH="100" VPOS="3671" HPOS="1141"/>
<SP HEIGHT="37" WIDTH="25" VPOS="3674" HPOS="1242"/>
<String CONTENT="10;" HEIGHT="45" WIDTH="81" VPOS="3674" HPOS="1268"/>
<SP HEIGHT="43" WIDTH="25" VPOS="3676" HPOS="1350"/>
<!-- cceid 0F23AB8E-6D7D-1014-B4A5-D7A31D17AB40 --><String CONTENT="A" HEIGHT="37" WIDTH="40" VPOS="3676" HPOS="1376"/>
<SP HEIGHT="38" WIDTH="24" VPOS="3675" HPOS="1417"/>
<String CONTENT="56343-56345;" HEIGHT="48" WIDTH="344" VPOS="3675" HPOS="1442"/>
<SP HEIGHT="45" WIDTH="27" VPOS="3678" HPOS="1787"/>
<String CONTENT="West" HEIGHT="40" WIDTH="134" VPOS="3678" HPOS="1815"/>
<SP HEIGHT="46" WIDTH="22" VPOS="3680" HPOS="1950"/>
<String CONTENT="pub." HEIGHT="47" WIDTH="109" VPOS="3679" HPOS="1973"/>
<SP HEIGHT="30" WIDTH="24" VPOS="3690" HPOS="2083"/>
<String CONTENT="co." HEIGHT="29" WIDTH="68" VPOS="3690" HPOS="2108"/>
</TextLine>
<TextLine HEIGHT="77" WIDTH="1979" VPOS="3790" HPOS="191" CS="1">
<String CONTENT="Ohio" HEIGHT="55" WIDTH="147" VPOS="3790" HPOS="191"/>
<SP HEIGHT="67" WIDTH="35" VPOS="3793" HPOS="339"/>
<String CONTENT="jurisprudence" HEIGHT="69" WIDTH="431" VPOS="3793" HPOS="375"/>
<SP HEIGHT="33" WIDTH="44" VPOS="3815" HPOS="807"/>
<String CS="1" CONTENT="&#8230;"/>
<SP HEIGHT="33" WIDTH="44" VPOS="3816" HPOS="907"/>
<String CONTENT="a" HEIGHT="33" WIDTH="27" VPOS="3816" HPOS="952"/>
<SP HEIGHT="36" WIDTH="41" VPOS="3816" HPOS="980"/>
<String CONTENT="complete" HEIGHT="66" WIDTH="273" VPOS="3801" HPOS="1022"/>
<SP HEIGHT="34" WIDTH="36" VPOS="3820" HPOS="1296"/>
<String CONTENT="statement" HEIGHT="49" WIDTH="303" VPOS="3807" HPOS="1333"/>
<SP HEIGHT="50" WIDTH="36" VPOS="3808" HPOS="1637"/>
<String CONTENT="of" HEIGHT="53" WIDTH="64" VPOS="3805" HPOS="1674"/>
<SP HEIGHT="55" WIDTH="33" VPOS="3805" HPOS="1739"/>
<String CONTENT="the" HEIGHT="54" WIDTH="97" VPOS="3807" HPOS="1773"/>
<SP HEIGHT="53" WIDTH="35" VPOS="3808" HPOS="1871"/>
<String CONTENT="law" HEIGHT="53" WIDTH="111" VPOS="3808" HPOS="1907"/>
<SP HEIGHT="34" WIDTH="39" VPOS="3826" HPOS="2019"/>
<String CONTENT="and" HEIGHT="53" WIDTH="111" VPOS="3807" HPOS="2059"/>
</TextLine>
<TextLine HEIGHT="85" WIDTH="1913" VPOS="3869" HPOS="262">
<String CONTENT="practice" HEIGHT="66" WIDTH="248" VPOS="3869" HPOS="262"/>
<SP HEIGHT="36" WIDTH="28" VPOS="3888" HPOS="511"/>
<String CONTENT="of" HEIGHT="51" WIDTH="62" VPOS="3873" HPOS="540"/>
<SP HEIGHT="52" WIDTH="30" VPOS="3873" HPOS="603"/>
<String CONTENT="the" HEIGHT="52" WIDTH="95" VPOS="3874" HPOS="634"/>
<SP HEIGHT="34" WIDTH="27" VPOS="3893" HPOS="730"/>
<String CONTENT="state" HEIGHT="50" WIDTH="145" VPOS="3879" HPOS="758"/>
<SP HEIGHT="35" WIDTH="30" VPOS="3894" HPOS="904"/>
<String CONTENT="of" HEIGHT="51" WIDTH="63" VPOS="3877" HPOS="935"/>
<SP HEIGHT="55" WIDTH="31" VPOS="3876" HPOS="999"/>
<String CONTENT="Ohio," HEIGHT="69" WIDTH="168" VPOS="3876" HPOS="1031"/>
<SP HEIGHT="47" WIDTH="28" VPOS="3898" HPOS="1200"/>
<String CONTENT="with" HEIGHT="51" WIDTH="138" VPOS="3880" HPOS="1229"/>
<SP HEIGHT="52" WIDTH="32" VPOS="3880" HPOS="1368"/>
<String CONTENT="forms." HEIGHT="53" WIDTH="196" VPOS="3881" HPOS="1401"/>
<SP HEIGHT="52" WIDTH="74" VPOS="3884" HPOS="1598"/>
<String CONTENT="Editor" HEIGHT="54" WIDTH="208" VPOS="3883" HPOS="1673"/>
<SP HEIGHT="53" WIDTH="30" VPOS="3884" HPOS="1882"/>
<String CONTENT="in" HEIGHT="53" WIDTH="61" VPOS="3884" HPOS="1913"/>
<SP HEIGHT="37" WIDTH="28" VPOS="3904" HPOS="1975"/>
<String CONTENT="chief," HEIGHT="69" WIDTH="171" VPOS="3885" HPOS="2004"/>
</TextLine>
<TextLine HEIGHT="81" WIDTH="1911" VPOS="3945" HPOS="259">
<String CONTENT="Willis" HEIGHT="58" WIDTH="190" VPOS="3945" HPOS="259"/>
<SP HEIGHT="54" WIDTH="38" VPOS="3949" HPOS="450"/>
<String CONTENT="A." HEIGHT="52" WIDTH="69" VPOS="3949" HPOS="489"/>
<SP HEIGHT="50" WIDTH="41" VPOS="3952" HPOS="559"/>
<String LANG="de" CONTENT="Estrich;" HEIGHT="67" WIDTH="259" VPOS="3952" HPOS="601"/>
<SP HEIGHT="48" WIDTH="42" VPOS="3971" HPOS="861"/>
<String CONTENT="consulting" HEIGHT="71" WIDTH="324" VPOS="3954" HPOS="904"/>
<SP HEIGHT="50" WIDTH="38" VPOS="3975" HPOS="1229"/>
<String CONTENT="editor," HEIGHT="69" WIDTH="201" VPOS="3957" HPOS="1268"/>
<SP HEIGHT="64" WIDTH="37" VPOS="3962" HPOS="1470"/>
<String CONTENT="William" HEIGHT="55" WIDTH="259" VPOS="3960" HPOS="1508"/>
<SP HEIGHT="51" WIDTH="37" VPOS="3965" HPOS="1768"/>
<String CONTENT="M." HEIGHT="51" WIDTH="79" VPOS="3965" HPOS="1806"/>
<SP HEIGHT="51" WIDTH="42" VPOS="3964" HPOS="1886"/>
<String CONTENT="McKin-" HEIGHT="53" WIDTH="241" VPOS="3963" HPOS="1929"/>
</TextLine>
</TextBlock>
</PrintSpace>
</Page>
</Layout>
</alto>