2563 4368
1390 4038 101 51 338

441 493 112 53 and
596 489 415 70 public-health
1055 508 213 48 nurses,
1309 488 75 69 by
1427 487 193 55 Lilian
1663 489 254 67 Brandt;
1961 507 33 34 a
2037 493 193 64 report
2272 488 164 54 made

441 573 56 48 to
525 569 95 52 the
645 567 289 54 executive
961 567 320 53 committee
1309 567 65 53 of
1399 569 96 51 the
1518 566 259 57 Welfare
1805 565 266 56 council’s
442 565 1972 151 Coordinating

585 645 320 55 committee
950 664 73 34 on
1068 646 482 67 unemployment,
1596 644 60 53 in
1700 644 97 54 the
1841 662 194 36 course
2080 643 66 54 of
2189 644 97 53 the
441 646 1972 131 Research

677 723 260 53 bureau’s
979 724 171 66 study
1193 723 64 52 of
1298 722 173 55 social
1517 721 233 53 welfare
1793 721 211 67 during
2048 722 96 53 the
2184 721 254 54 business

442 802 343 68 depression.
885 802 137 52 [New
1060 800 179 68 York]
1281 799 258 57 Welfare
1574 798 219 54 council
1829 797 64 53 of
1930 798 138 53 New
2106 798 163 53 York
2304 798 137 69 city,

443 884 147 49 1932.

558 952 327 49 x, 91 p. 23 ᶜᵐ .
514 1010 100 41 “W.
645 1009 50 42 C.
725 1007 100 43 39.”

448 1065 51 52 ©
537 1068 110 43 Feb.
682 1067 69 45 15,
787 1066 113 41 1932;
965 1067 68 41 2c.
1067 1067 112 41 Feb.
1213 1065 82 47 26;
1335 1065 81 41 aff.
1453 1064 111 41 Feb.
1599 1064 58 41 27;
1720 1065 39 39 A
1793 1065 171 46 47873;
2004 1064 214 41 Welfare
2255 1064 189 41 council

517 1126 52 39 of
598 1126 115 38 New
745 1125 129 38 York
904 1124 111 47 city,
1048 1124 116 40 New
1195 1123 141 39 York.
1409 1122 251 49 (32-6782)

444 1215 270 65 Bridges,
744 1215 224 56 Victor.

516 1293 174 67 Betty
718 1311 117 36 sees
865 1294 46 52 it
938 1292 268 69 through.
1305 1296 68 48 [24
1403 1293 376 66 instalments]

548 1368 61 38 (In
649 1364 199 43 London
890 1364 146 52 Daily
1078 1364 187 50 sketch,
1308 1364 116 43 Feb.
1465 1365 135 49 8-13,
1643 1365 163 48 15-20,
1850 1365 164 48 22-27,
2056 1365 72 49 29,
2170 1363 125 44 Mar.
2339 1364 101 50 1-5,

444 1422 143 50 1932)

450 1478 1992 52 © 1c. each Apr. 7, 1932; A ad int. 16243; pubd. Feb. 8-13, 15-20, 22-27,
517 1538 68 48 29,
619 1540 122 39 Mar.
773 1539 83 39 1-5;
918 1538 52 39 V.
1004 1537 217 50 Bridges,
1255 1538 211 39 London.

446 1630 231 65 Brown,
707 1629 204 66 Helen,
945 1634 172 51 1883-

515 1708 121 52 The
677 1706 291 54 essentials
1007 1706 65 54 of
1110 1706 239 69 reading
1388 1708 112 53 and
1540 1707 296 69 speaking,
1872 1707 75 69 by
1985 1708 186 53 Helen
2213 1710 229 62 Brown,

593 1785 1320 63 A. M. [Boston, Rand Avery supply co., ᶜ19 32]
518 1857 672 50 xii p., 1 l., 258 p. 20 ½ᶜᵐ .
516 1915 376 48 Bibliography:
922 1926 43 37 p.
994 1914 218 42 240-253.

451 1969 51 52 ©
536 1975 118 38 Mar.
687 1975 40 42 4,
760 1973 140 47 1932;
934 1974 67 40 2c.
1034 1975 95 38 and
1162 1973 82 41 aff.
1276 1974 121 39 Mar.
1429 1974 53 45 7;
1517 1974 39 39 A
1588 1972 170 47 48821;
1795 1973 60 40 H.
1888 1974 190 46 Brown,
2114 1973 204 48 Belfast,
2354 1974 89 40 Me.

528 2030 250 48 (32-7153)

453 2123 280 67 [Buchan,
764 2122 192 67 Anna]

518 2199 1592 69 Priorsford [ by] O. Douglas [pseud.] chap. 10-13.
551 2274 61 39 (In
638 2269 137 44 Good
802 2268 370 53 housekeeping
1203 2268 274 53 magazine,
1509 2269 131 51 Feb.,
1672 2269 143 50 1932)

452 2326 1990 54 © 1c. Feb. 16, 1932; A ad int. 16242; pubd. Jan. 29; A. Buchan, Peebles,
523 2387 242 40 Scotland.

447 2477 236 53 Bureau
713 2477 65 52 of
807 2477 275 53 business
1109 2475 277 66 practice,
1420 2475 268 69 Chicago.

518 2551 189 54 Retail
737 2559 422 61 management;
1193 2551 228 69 knacks,
1449 2552 274 68 methods,
1755 2551 248 70 policies,
2034 2552 73 68 by
2137 2552 207 54 Ernest
2374 2553 67 52 R.

447 2629 170 67 Hart,
644 2630 285 52 executive
955 2627 184 54 editor
1167 2629 65 52 of
1256 2629 94 53 the
1382 2629 227 54 Bureau
1636 2629 63 52 of
1724 2628 251 55 business
2002 2629 262 68 practice,
2293 2630 150 54 from

446 2706 261 54 material
743 2704 298 54 furnished
1077 2706 73 67 by
1188 2704 149 69 1,071
1375 2705 231 69 leading
1640 2707 164 54 retail
1840 2707 319 56 merchants
2193 2707 125 53 who
447 2727 1972 125 cooperated.

795 2782 268 69 Chicago,
1089 2782 112 69 Ill.,
1226 2783 122 54 The
1377 2783 227 54 Bureau
1632 2784 64 53 of
1720 2783 250 55 business
1997 2783 264 69 practice,
2291 2787 148 50 1932.

519 2854 948 50 [3]-206 p. incl. illus., forms. 30 ᶜᵐ .
454 2911 51 52 ©
546 2915 109 40 Feb.
693 2916 67 46 17,
800 2914 113 40 1932;
980 2914 69 40 2c.
1086 2916 95 38 and
1218 2914 82 41 aff.
1340 2914 109 40 Feb.
1488 2914 82 46 29;
1611 2915 40 39 A
1688 2914 171 47 48698;
1902 2917 193 39 Bureau
2134 2916 53 40 of
2223 2915 220 42 business

521 2971 223 49 practice.
816 2970 249 49 (32-6883)

451 3059 344 57 California.
868 3063 185 65 Laws,
1081 3066 258 62 statutes,
1369 3067 100 47 etc.

518 3137 120 52 The
667 3136 268 54 Political
962 3138 134 53 code
1123 3137 64 53 of
1214 3137 95 54 the
1337 3141 143 50 state
1507 3136 63 54 of
1600 3136 339 68 California,
1968 3136 245 69 adopted
2241 3137 200 53 March

452 3217 82 65 12,
574 3213 152 69 1872,
761 3214 140 53 with
939 3214 383 55 amendments
1357 3233 78 49 up
1475 3219 57 48 to
1573 3214 109 54 and
1722 3212 296 70 including
2054 3215 156 53 those
2248 3215 64 52 of
2347 3215 95 52 the

448 3290 1993 70 forty-ninth session of the Legislature, 1931 … Edited by James
448 3367 1992 70 H. Deering … San Francisco, Bancroft-Whitney company,
450 3448 149 50 1932.

515 3516 28 39 2
606 3548 9 9 v.
675 3516 146 41 23½ᶜᵐ.

517 3573 162 48 Paged
713 3572 352 48 continuously.

454 3629 51 51 ©
531 3634 122 39 Mar.
675 3633 41 45 4,
741 3631 114 41 1932;
904 3632 68 40 2c.
994 3633 119 39 each
1137 3633 119 38 Mar.
1283 3632 53 39 11;
1389 3631 106 41 affs.
1522 3634 120 39 Mar.
1667 3632 52 47 9;
1745 3633 40 38 A
1807 3632 157 48 48898,
1989 3632 171 47 48899;
521 3632 1918 102 Bancroft-Whitney

773 3700 67 28 co.
911 3688 248 47 (32-6787)

451 3761 310 66 Calloway,
792 3763 305 56 Artemus.

518 3837 1858 70 A. B. C.’s of short story writing, by Artemus Calloway …
453 3913 1705 71 [Birmingham, Ala., Birmingham publishing co., ᶜ19 32]
