2563 4368
1286 4064 134 53 1270

409 534 557 49 3 p. l., 275 p. 20 ½ᶜᵐ .
345 588 51 52 ©
427 591 127 49 Sept.
582 591 40 47 2,
651 589 139 42 1932;
821 589 66 41 2c.
916 589 94 39 and
1040 586 82 41 aff.
1153 586 128 48 Sept.
1311 586 52 46 8;
1395 586 40 38 A
1463 584 170 47 53995;
1666 585 49 41 C.
1745 583 267 49 Hamilton,
2042 584 116 39 New
2188 583 143 40 York.

421 647 280 49 (32-22558)

341 736 344 63 Hartinger,
718 735 253 52 Edward
1000 734 63 53 T.

340 808 1967 151 The opticians’ dispensing manual. New York, E. T. Hartinger [ ᶜ1 932 ]
410 958 919 53 4 p. l., 192 p. illus., diagrs. 20ᶜᵐ.
414 1020 93 41 “As
541 1021 116 38 read
692 1019 165 39 before
890 1019 94 38 and
1019 1017 235 40 endorsed
1289 1016 60 47 by
1385 1016 80 40 the
1501 1015 322 40 Educational
1857 1015 273 40 committee
2166 1014 52 41 of
2252 1016 81 39 the

343 1076 144 42 Guild
516 1076 51 41 of
594 1075 318 49 prescription
942 1073 239 50 opticians
1211 1073 51 40 of
1290 1072 265 41 America."

348 1132 51 52 ©
428 1136 119 47 Aug.
576 1134 68 48 15,
674 1133 140 48 1932;
845 1133 68 41 2c.
941 1134 95 39 and
1066 1132 82 41 aff.
1177 1132 118 46 Aug.
1325 1130 83 48 20;
1440 1132 41 38 A
1507 1130 172 48 54466;
1711 1132 53 39 E.
1794 1130 41 39 T
1862 1128 281 50 Hartinger.

425 1191 279 49 (32-22376)

344 1281 217 65 Hayes,
592 1279 240 56 Carlton
861 1279 220 63 Joseph
1109 1276 282 67 Huntley,
1424 1281 170 51 1882-

412 1361 55 52 A
494 1358 258 69 political
783 1358 111 52 and
921 1358 243 53 cvltvral
1192 1357 222 67 history
1442 1356 63 53 of
1531 1355 235 53 modern
1795 1357 246 67 Evrope,
2068 1357 74 67 by
344 1356 1964 135 Carlton

478 1434 1854 70 J. H. Hayes … v. l. Three centuries of predominantly
344 1516 376 69 agricultural
763 1514 227 68 society,
1037 1516 324 49 1500-1830.
1435 1515 136 52 New
1616 1513 179 66 York,
1839 1513 121 54 The
2000 1513 334 54 Macmillan

344 1612 296 50 company,
671 1596 149 49 1932.

418 1668 99 46 xix,
553 1668 86 40 863
672 1677 43 38 p.
780 1667 163 46 front.,
978 1667 172 47 plates,
1187 1668 162 45 ports.,
1385 1675 139 38 maps
1550 1666 136 48 (part
1723 1665 196 47 double)
1965 1667 182 46 geneal.
2185 1665 156 41 tables

357 1725 133 47 (part
523 1724 142 46 fold.)
735 1723 146 40 22½ᶜᵐ.

417 1779 138 46 Maps
590 1788 60 29 on
683 1777 374 48 lining-papers;
1094 1776 108 41 title
1237 1776 172 40 within
1444 1778 304 39 ornamental
1783 1777 199 46 border;
2019 1777 188 40 initials
2242 1778 96 39 and

349 1835 279 48 tail-pieces.

420 1893 128 40 “The
574 1893 193 46 present
796 1891 133 40 work
957 1890 40 41 is
1024 1891 148 40 based
1201 1891 48 39 in
1278 1892 124 46 part,
1430 1890 84 40 but
1543 1890 112 48 only
1684 1890 49 40 in
1761 1893 125 46 part,
1915 1902 59 29 on
2003 1892 81 39 the
2114 1891 224 41 Political

349 1952 95 39 and
483 1948 148 42 social
669 1949 188 47 history
895 1949 51 39 of
985 1947 198 39 modern
1220 1947 192 46 Europe
1449 1946 158 41 which
1646 1948 81 39 the
1764 1949 179 39 author
1980 1951 150 37 wrote
2169 1949 49 39 in
2257 1950 81 39 the

349 2007 112 40 four
488 2017 141 38 years
654 2005 127 40 from
809 2005 114 40 1912
950 2008 48 37 to
1027 2004 492 40 1916.”—Foreword.

421 2060 1918 50 “Original version published July, 1916 … New and radically revised
351 2121 189 40 version
565 2120 268 49 published,
858 2120 202 47 August,
1085 2118 156 40 1932.”

422 2178 184 41 “Select
632 2175 393 49 bibliography”:
1058 2186 43 30 v.
1128 2176 40 47 1,
1195 2185 43 38 p.
1264 2174 217 43 812-840.

357 2232 51 52 ©
440 2236 119 45 Aug.
591 2235 68 46 23,
693 2234 139 41 1932;
867 2233 67 40 2c.
967 2235 94 38 and
1095 2232 80 40 aff.
1209 2232 120 48 Aug.
1360 2231 82 47 26;
1478 2232 40 38 A
1551 2232 170 47 53804;
1758 2233 48 41 C.
1841 2234 41 40 J.
1919 2234 60 39 H.
2014 2234 177 47 Hayes,
2225 2235 117 39 New

424 2292 143 40 York.
638 2289 277 49 (32-22656)

350 2382 348 61 Heartman,
730 2377 245 56 Charles
1005 2376 332 65 Frederick,
1370 2382 171 48 1883-
1753 2396 177 52 comp.

421 2458 56 52 A
515 2475 194 34 census
751 2457 62 51 of
857 2454 121 54 first
1018 2456 243 52 editions
1304 2456 112 52 and
1458 2475 194 33 source
1692 2458 290 53 materials
2022 2459 74 67 by
2140 2458 199 69 Edgar

351 2535 176 52 Allan
576 2535 116 53 Poe
738 2535 60 51 in
848 2534 305 52 American
1203 2534 339 53 collections.
1617 2538 46 48 2.
1705 2535 199 69 Edgar
1952 2537 175 51 Allan
2178 2537 160 53 Poe’s

353 2612 413 53 contributions
804 2618 58 47 to
900 2612 238 53 annuals
1177 2613 111 52 and
1325 2611 356 69 periodicals.
1756 2614 54 51 A
1846 2615 310 58 check-list,

354 2634 1961 124 compiled by Charles F. Heartman and Kenneth Rede …
355 2695 1960 141 Metuchen,
606 2771 68 52 N.
703 2770 76 67 J.,
810 2771 149 49 1932.

426 2842 53 40 91
509 2853 42 39 p.
607 2842 116 41 21ᶜᵐ.

431 2899 140 39 “Two
600 2898 220 39 hundred
848 2898 95 39 and
972 2900 97 37 two
1094 2897 160 48 copies
1279 2898 193 48 printed
1499 2899 79 40 for
1607 2899 81 40 the
1716 2899 154 40 editor
1901 2898 53 40 of
1981 2899 80 41 the
2089 2900 255 40 American

358 2953 1157 48 book collector.” This copy is number 141.
427 3009 277 41 Half-title:
738 3009 95 39 Poe
862 3018 184 30 census.

364 3062 1980 55 © Sept. 22, 1932; 2c. and aff. Sept. 23; A 56005; C F. Heartman,
431 3123 270 45 Metuchen,
728 3121 54 40 N.
812 3121 43 40 J.

358 3209 190 65 Helm,
574 3207 253 57 William
854 3209 251 65 Pickett,
1136 3216 170 48 1883-

430 3286 383 69 Washington
836 3286 234 53 swindle
1094 3287 172 67 sheet,
1287 3287 74 69 by
1384 3288 260 53 William
1667 3290 64 50 P.
1757 3289 188 52 Helm.
2006 3290 137 52 New
2170 3289 177 66 York,

359 3365 69 51 A.
458 3367 46 50 &
533 3363 61 55 C.
625 3364 166 67 Boni,
823 3367 148 49 1932.

427 3437 99 49 248,
560 3440 54 48 [1]
645 3448 43 38 p.
744 3437 116 41 23ᶜᵐ.

436 3495 143 40 “This
617 3494 40 41 is
695 3505 27 30 a
762 3496 97 38 tale
897 3495 50 39 of
986 3494 80 40 the
1105 3495 190 41 world’s
1333 3499 213 45 greatest
1585 3495 201 41 swindle
1825 3496 276 40 sheet—the
2140 3505 206 39 expense

364 3550 1653 50 account of the Senate of the United States … 1931.”—p. 11.
367 3603 51 52 ©
449 3608 119 45 Aug.
601 3607 70 47 23,
702 3606 112 41 1932;
875 3607 66 39 2c.
976 3607 127 46 Sept.
1135 3608 19 37 1;
1222 3606 80 42 aff.
1335 3608 118 45 Aug.
1486 3608 81 41 27;
1603 3608 39 39 A
1674 3608 169 47 53913;
1879 3609 165 40 Albert
2077 3609 37 40 &
2147 3608 202 41 Charles

436 3663 137 46 Boni,
600 3663 88 40 inc.
759 3662 278 47 (32-22566)

361 3735 363 58 Henderson,
758 3736 309 55 Gertrude,
1103 3737 169 54 1872-

431 3812 120 53 The
592 3812 130 68 ring
762 3813 63 53 of
863 3814 96 51 the
998 3812 306 69 Nibelung,
1342 3815 74 66 by
1457 3814 283 55 Gertrude
1780 3814 365 65 Henderson;
361 3814 1958 126 illustrated

576 3889 74 67 by
678 3890 213 54 Gustaf
917 3891 318 66 Tenggren.
1297 3891 138 53 New
1466 3892 177 67 York,
1671 3892 72 52 A.
1770 3892 71 52 A.
1869 3891 224 67 Knopf,
2122 3894 151 50 1932.

434 3958 1555 53 ix p., 2 l., 217, [1] p. incl. illus., plates. col. front. 24½ᶜᵐ.
