2563 4368
1340 4086 135 50 1294

403 547 152 55 lated
589 547 112 54 and
731 547 305 54 annotated
1067 546 74 68 by
1175 546 306 53 Frederick
1516 545 60 55 C.
1613 544 233 56 Chabot.
1916 543 361 53 Translation

405 561 1966 132 revised by Carlos E. Castaneda … San Antonio, Tex., Priv. pub.,
404 701 271 67 Printing
704 703 73 66 by
809 701 95 53 the
935 701 218 68 Naylor
1183 699 261 69 printing
1475 718 294 49 company,
1803 703 148 48 1932.

471 771 1675 51 xxii, 85, [2] p. illus., plates, maps (1 double) 29 ᶜᵐ.
473 828 128 42 Title
633 828 228 49 vignette.

475 886 93 41 “Of
600 887 83 40 the
714 885 85 41 200
830 885 324 48 individually
1188 887 262 39 numbered
1483 886 159 48 copies
1675 886 51 41 of
1758 887 82 39 the
1873 886 257 41 restricted
2163 886 107 41 first
404 885 1973 99 edition

536 942 100 41 this
668 942 43 40 is
741 953 119 38 copy
890 944 203 38 number
1124 942 130 42 300.”
1313 944 102 39 The
1443 942 190 41 limited
1663 944 201 38 number
1899 943 114 40 “200
2044 943 351 46 individually”

404 1000 137 39 ruled
572 1000 85 40 out
686 999 49 39 in
765 997 316 49 manuscript.

475 1070 252 40 Half-title;
785 1070 260 40 Memorias
1070 1069 81 40 for
1175 1070 83 40 the
1285 1068 188 49 history
1501 1069 51 40 of
1580 1071 172 46 Texas,
1778 1070 61 47 by
1867 1071 181 38 Father
2077 1069 152 41 Morfi.
404 1052 1976 129 {Indian
550 1124 248 81 excerpts}

477 1212 129 39 “The
635 1210 259 41 memorias
926 1210 80 39 for
1036 1210 82 39 the
1151 1209 186 48 history
1368 1209 51 41 of
1449 1210 173 48 Texas,
1654 1211 81 39 the
1767 1211 235 39 standard
2035 1209 250 49 authority
2318 1208 79 42 for

403 1265 1995 50 Texan history down to 1783, comprises 462 folios of manuscript … The
404 1327 194 47 present
624 1326 223 45 excerpts
873 1333 126 30 were
1025 1324 273 39 translated
1326 1322 126 40 from
1483 1323 82 40 the
1593 1323 247 48 photostat
1869 1333 117 38 copy
2015 1324 48 39 in
2092 1325 81 39 the

396 1323 1985 108 University
516 1381 51 40 of
587 1383 159 38 Texas
767 1380 201 48 library,
991 1379 145 40 taken
1160 1379 127 40 from
1309 1380 82 39 the
1414 1378 206 49 original
1643 1380 49 39 in
1713 1380 82 40 the
1816 1378 204 49 Library
2045 1381 58 38 of
2119 1379 278 49 Congress.”

474 1438 349 48 Bibliography;
885 1447 42 38 p.
968 1435 187 51 [73]-76.

413 1495 51 53 ©
505 1500 126 40 June
669 1500 68 42 17,
778 1496 139 47 1932;
959 1498 68 39 2c.
1068 1496 115 46 July
1224 1496 81 45 11;
1348 1494 81 41 aff.
1470 1495 120 48 Aug.
1631 1495 83 47 25;
1758 1496 38 38 A
1837 1495 169 48 54572;
2052 1496 258 40 Frederick
2352 1495 47 42 C.

482 1555 198 47 Chabot,
715 1555 96 41 San
842 1553 226 48 Antonio,
1100 1553 113 38 Tex.
1284 1550 279 48 (32-22954)

406 1643 336 65 Phillpotts,
773 1643 182 65 Eden,
988 1646 171 51 1862-

474 1722 154 52 Bred
666 1722 59 51 in
763 1721 97 52 the
897 1722 159 65 bone,
1092 1721 75 65 by
1205 1720 163 51 Eden
1409 1719 332 67 Phillpotts.
1816 1719 256 65 London,
403 1720 1970 132 Hutchinson
531 1802 45 50 &
605 1818 61 33 co.,
728 1798 103 53 ltd.
868 1800 172 64 [1932]

477 1868 554 53 3 p. l., 11-286 p. 19½ ᶜᵐ.
414 1924 1986 52 © 1c. Aug. 26, 1932; A ad int. 16789; pubd. July 1; E. Phillpotts, Exeter,
482 1985 178 47 Devon,
690 1983 236 45 England.
997 1981 279 49 (32-22534)

407 2074 339 64 Photiadès,
779 2071 374 57 Constantin.

540 2148 1858 70 … Les vies du comte de Cagliostro. Paris, B. Grasset
413 2233 193 63 [ ᶜ19 32]
477 2299 702 52 4 p. l., [11]-442 p., 3 l. 20½ ᶜᵐ.
413 2358 1988 58 © Apr. 4, 1932; 1c. July 23; A—Foreign 17510; Éditions Bernard
484 2424 212 40 Grasset.
768 2421 280 48 (32-22663)

408 2508 222 54 Punch.
745 2552 10 10 v.
787 2514 116 64 183,
928 2529 90 34 no.
1046 2510 155 68 4752,
1229 2510 151 69 Aug.
1410 2514 49 64 3,
1490 2514 149 51 1932.

415 2582 1986 55 © 1c. Oct. 1, 1932; A ad int. 16905; pubd. Aug. 3; Herbert Heather,
483 2643 209 38 London.

411 2731 160 64 Real,
602 2730 243 55 Urbano
874 2730 331 54 Sebastian.

539 2809 103 51 Vade
689 2825 217 35 mecum
954 2807 219 53 “Real’s
1222 2808 242 66 system”
1511 2808 64 51 of
1620 2807 385 55 lubrification
2053 2811 112 51 and
2214 2809 184 53 minor

414 2885 377 68 adjustments
827 2886 95 52 for
956 2886 94 51 the
1086 2905 189 33 owner
1310 2887 62 51 of
1409 2906 29 32 a
1476 2892 184 47 motor
1696 2906 95 34 car
1837 2889 380 66 (Instruction
2252 2888 148 52 book

412 2961 1958 74 form) By Urbano S. Real … Havana, Cuba, Printed by;
412 3040 159 56 Julio
602 3041 227 67 Arroyo
860 3045 45 50 &
933 3060 103 34 cía.
1097 3045 149 64 [1932]

484 3115 274 40 2 l. 23½ cm.
421 3156 1983 65 © 1c. Oct. 5, 1932; A ad int. 16925; pubd. Sept. 3; U. S. Real, Havana.
541 3294 103 51 Vade
690 3311 217 34 mecum
954 3292 219 54 “Real’s
1221 3295 242 68 system”
1512 3296 63 52 of
1622 3295 383 56 lubrification
2055 3299 110 51 and
2213 3299 186 51 minor

417 3371 376 67 adjustments
837 3371 94 52 for
972 3372 95 51 the
1108 3390 188 35 owner
1338 3374 63 51 of
1443 3393 31 33 a
1515 3381 185 46 motor
1742 3394 95 33 car
1890 3375 254 68 (Service
2187 3377 210 51 station

416 3447 1954 77 form) By Urbano S. Real … Havana, Cuba, Printed by;
414 3524 160 54 Julio
602 3527 227 67 Arroyo
856 3531 45 49 &
929 3546 102 33 cía.
1088 3530 150 64 [1932]

489 3599 407 48 table. 30½ × 23½ᶜᵐ.
423 3650 1979 59 © 1c. Oct. 5, 1932; A ad int. 16926; pubd. Sept. 3; U. S. Real, Havana.
417 3727 232 66 Sauter,
681 3730 217 54 Erwin.

485 3805 357 67 Heterogene
862 3806 224 68 katalyse;
1171 3809 315 67 ergebnisse
1509 3810 99 52 der
1630 3828 240 35 neueren
1893 3812 384 69 entwicklung
2300 3813 99 51 der

417 3880 767 71 chemisch-physikalischen
1228 3886 376 70 erforschung
1647 3889 100 52 der
1787 3888 178 54 durch
2009 3889 391 69 grenzflächen

417 3956 460 71 beschleunigten
913 3960 350 56 chemischen
1302 3964 347 70 reaktionen,
1687 3984 108 35 von
1833 3968 82 51 dr.
1957 3968 196 52 Erwin
2195 3968 204 53 Sauter
