2563 4368
1450 4071 98 49 118

544 539 100 48 viii,
678 538 203 51 [17]-272
908 548 45 38 p.
1008 537 129 41 illus.
1193 535 116 42 21ᶜᵐ.

546 594 349 50 Bibliography
924 596 52 38 at
1003 594 91 40 end
1122 592 52 42 of
1198 593 118 39 each
1345 592 201 46 chapter
1573 592 167 44 except
1771 589 80 40 the
1880 588 119 40 first.

484 652 50 51 ©
568 655 107 39 Jan.
708 655 69 42 27,
811 654 138 47 1932;
984 653 66 39 2c.
1083 654 95 39 and
1212 651 79 41 aff.
1326 650 109 40 Jan.
1467 650 55 40 28
1541 660 8 36 ;
1582 649 41 39 A
1654 645 171 50 48169;
1860 647 95 39 Lea
1989 646 37 39 &
2059 644 214 47 Febiger.

562 710 249 49 (32-3685)

481 801 279 64 Graham,
793 802 221 50 Evarts
1044 798 308 62 Ambrose,
1384 797 84 52 ed.

615 869 1852 76 … General surgery, edited by Evarts A. Graham, A. B., M. D.
544 949 1437 74 … Chicago, The Year book publishers [ ᶜ1 931]
554 1020 1873 58 804 p. illus., diagrs., tables. 18½ ᶜᵐ . (The practical medicine series …
486 1086 158 40 Series
674 1083 137 50 1931)

490 1138 51 51 ©
577 1143 110 42 Dec.
722 1142 69 47 29,
827 1140 139 47 1931;
1001 1140 68 41 2c.
1103 1141 109 40 Jan.
1247 1139 69 48 15,
1352 1137 139 47 1932;
1529 1137 80 40 aff.
1647 1137 108 41 Jan.
1793 1135 81 49 16;
1913 1136 37 39 A
1985 1136 170 42 47313;
2194 1136 125 39 Year
2355 1135 120 40 book

557 1199 177 48 pubrs.,
769 1197 90 42 inc.

480 1287 175 63 Gray,
688 1287 246 65 Horace,
968 1286 169 54 1887-

554 1361 238 55 Growth
821 1362 60 52 in
912 1364 223 65 private
1163 1361 187 52 school
1380 1360 275 66 children,
1683 1358 140 54 with
1854 1376 266 48 averages
2150 1357 111 53 and
484 1356 1966 138 variabilities

726 1440 168 53 based
927 1458 70 33 on
1030 1441 152 64 3,110
1215 1436 351 69 measurings
1598 1455 70 34 on
1700 1435 154 68 boys,
1889 1436 111 51 and
2035 1434 149 67 1,473
2218 1453 69 33 on
2322 1432 158 70 girls,

488 1510 1987 74 from the ages of one to nineteen years [by] Horace Gray … and
487 1586 1992 75 J. G. Ayres … Chicago, Ill., The University of Chicago press
494 1674 171 64 [1931]

625 1735 1852 54 xv, 282 p. incl. tables, diagrs. 23½ ᶜᵐ . (Half-title: Behavior research
487 1797 137 40 fund.
684 1795 350 49 Monographs)

558 1851 348 43 “References”
925 1862 11 29 :
970 1863 44 37 p.
1049 1851 215 41 256-278.

496 1910 52 51 ©
576 1913 113 41 Dec.
715 1912 69 49 15,
811 1911 113 41 1931;
980 1911 66 40 2c.
1077 1911 95 39 and
1199 1909 83 41 aff.
1310 1909 109 40 Jan.
1448 1910 69 47 21,
1546 1908 141 47 1932;
1716 1909 41 39 A
1782 1907 173 50 48007;
1985 1908 282 50 University
2296 1910 52 39 of
564 1908 1901 109 Chicago,

734 1968 222 49 Chicago.
1026 1967 250 49 (32-3698)

493 2045 216 63 Gregg,
741 2044 151 55 Cecil
923 2044 306 53 Freeman.

562 2120 120 51 The
722 2119 202 53 double
962 2117 263 64 solution,
1267 2138 30 32 a
1338 2117 112 53 tale
1489 2116 63 53 of
1592 2117 280 66 inspector
1909 2115 270 68 Higgins,
2218 2116 71 67 by
2332 2115 150 55 Cecil

496 2196 270 52 Freeman
806 2194 207 67 Gregg.
1091 2194 134 52 New
1268 2193 177 68 York,
1482 2194 62 51 L.
1587 2193 349 67 MacVeagh,
1975 2193 134 51 Dial
2151 2211 169 49 press,
2361 2192 122 66 inc.,

497 2276 147 48 1932.

563 2339 795 51 1 p. l., v-vi, 7-287 p. 19½ ᶜᵐ .
503 2398 50 51 ©
584 2402 108 39 Jan.
721 2401 56 40 25,
878 2400 81 46 1932;
991 2401 66 38 2c.
1088 2401 96 39 and
1213 2399 81 40 aff.
1325 2400 109 39 Feb.
1509 2410 8 31 8;
1550 2399 40 39 A
1619 2400 170 46 47520;
1824 2399 111 40 Dial
1966 2409 149 38 press,
2147 2399 90 41 inc.

580 2457 249 50 (32-3494)

498 2535 241 62 Groves,
772 2533 162 52 Ruth
966 2533 235 62 Dewey.

567 2607 340 65 Heartache,
952 2607 295 67 published
1296 2608 230 68 serially
1569 2609 181 51 under
1791 2608 95 53 the
1930 2608 125 52 title
2099 2609 121 51 The
2260 2608 224 67 melody

498 2681 1961 150 girl, by Ruth Dewey Groves … New York, Grosset & Dunlap [ ᶜ1 932]
569 2834 556 50 2 p. l., 260 p. 19½ ᶜᵐ .
507 2886 1981 55 © Feb. 5, 1932 ; 2c. and aff. Feb. 8 ; A 47506 ; R. D. Groves, New York.
584 2949 250 48 (32-3607)

500 3024 295 64 Haddock,
825 3025 214 54 Laura.

575 3100 166 67 Steps
788 3099 237 67 upward
1074 3099 56 51 in
1179 3100 375 68 personality;
1602 3101 154 51 what
1799 3098 136 54 kind
1986 3100 62 51 of
2094 3117 199 48 person
2341 3098 69 53 do
2458 3098 31 50 I

505 3185 149 45 want
681 3184 57 46 to
765 3176 97 53 be?
930 3176 53 50 A
1013 3194 188 34 source
1231 3176 143 53 book
1401 3177 62 51 of
1489 3178 258 51 material
1777 3176 91 53 for
1900 3176 452 53 administrative
505 3173 1961 145 officers,

672 3252 265 67 teachers,
975 3271 259 47 sponsors
1272 3253 110 52 and
1419 3253 192 67 pupils
1648 3255 58 51 in
1743 3253 338 67 elementary
2121 3253 108 52 and
507 3251 1957 145 secondary

662 3330 214 52 schools
932 3331 109 50 and
1098 3327 141 53 civic
1291 3328 435 68 organizations,
1781 3329 366 69 cooperating
2203 3330 136 53 with
2399 3329 93 54 the

505 3406 215 52 schools
756 3405 54 50 in
855 3405 330 66 citizenship
1222 3405 108 53 and
1372 3406 286 52 character
1696 3406 403 68 development.
2177 3407 87 66 By
2303 3406 183 52 Laura

508 3478 1977 76 Haddock … New York, Professional & technical press [ ᶜ1 931]
575 3548 1411 56 xii. 357 p. 22½ ᶜᵐ . (Educational executives’ series)
577 3606 372 49 Bibliography:
985 3616 42 37 p.
1060 3605 215 43 235-337.

514 3664 50 50 ©
595 3668 107 38 Jan.
732 3667 40 46 7,
801 3665 116 40 1932
932 3676 8 34 ;
971 3665 65 39 2c.
1069 3666 96 38 and
1192 3665 81 40 aff.
1304 3666 108 40 Jan.
1442 3667 81 45 11;
1555 3667 41 39 A
1624 3666 144 42 45937
1786 3679 8 37 ;
1828 3667 330 41 Professional
2188 3668 36 40 &
2255 3667 237 42 technical

580 3733 147 38 press.
799 3720 248 49 (32-3699)

503 3794 260 65 Hawley,
796 3796 225 63 George
1050 3795 268 53 Maxwell
1347 3795 368 66 Blackstock,
1749 3799 170 55 1870-

579 3867 1905 79 The public lands of the United States, a public trust … [by]
509 3945 1508 77 George Μ. B. Hawley … Tucson, Ariz., 1931.
