2563 4368
995 4062 104 56 443

112 548 652 54 vi p., 1 l., 307 p. 19½ᶜᵐ.
114 608 194 40 London
337 606 184 42 edition
561 604 330 49 (Hutchinson
921 599 46 44 &
995 612 82 37 co.,
1106 602 111 47 ltd.)
1256 602 88 39 has
1376 600 134 40 title:
1545 599 122 39 Poor
1696 598 223 48 delights.

49 667 1983 60 © Mar. 10, 1932; 2c. and aff. Mar. 12; A 50382; Margaret Fisher,
116 736 256 44 Horsham,
409 734 192 45 Sussex,
635 731 232 47 England.
939 728 250 49 (32-8432)

44 833 265 55 Political
355 832 304 54 handbook
706 832 63 51 of
816 832 96 51 the
958 830 209 63 world;
1217 828 389 68 parliaments,
1652 826 216 69 parties
1916 825 114 54 and

117 932 174 49 press,
319 931 60 34 as
407 912 62 52 of
496 913 261 65 January
788 917 45 59 1,
864 911 150 50 1932.
1079 907 212 54 Edited
1317 908 76 67 by
1418 907 221 56 Walter
1665 907 77 52 H.
1763 904 266 69 Mallory.

116 991 137 52 New
281 989 178 66 York,
487 988 312 55 Published
826 987 75 69 by
928 988 233 66 Harper
1187 990 46 50 &
1259 986 277 66 brothers,
1564 986 138 53 New
1731 983 179 68 York,
1938 983 94 54 for

118 1064 1275 70 Council on foreign relations, inc. [ ᶜ1 932]
116 1140 558 49 4 p. l., 200 p. 25½ ᶜᵐ .
52 1208 51 51 ©
134 1213 121 39 Mar.
285 1212 37 44 7,
353 1209 140 48 1932;
524 1210 66 38 2c.
621 1210 120 39 Mar.
773 1208 80 47 10;
886 1207 81 42 aff.
999 1210 111 45 Apr.
1142 1208 80 47 25;
1255 1208 42 38 A
1325 1207 169 47 51006;
1528 1205 198 42 Council
1758 1216 59 29 on
1848 1204 189 49 foreign

120 1268 243 44 relations,
391 1268 88 40 inc.

49 1371 188 63 Potts,
268 1369 186 53 Abbie
486 1369 266 63 Findlay.

116 1445 281 67 Kindred,
435 1444 74 69 by
547 1444 185 53 Abbie
774 1443 250 69 Findlay
1064 1444 182 52 Potts.
1323 1443 138 54 New
1503 1441 180 69 York,
1723 1441 122 53 The
104 1441 1877 134 Macmillan
277 1539 297 51 company,
607 1523 149 52 1932.

118 1593 614 50 4 p. l., 3-152 p. 20½ᶜᵐ.
117 1651 184 41 Poems.

55 1705 51 51 ©
143 1710 121 41 Mar.
298 1709 67 43 15,
402 1707 138 43 1932;
577 1708 66 39 2c.
680 1709 93 38 and
809 1707 80 40 aff.
928 1709 120 39 Mar.
1086 1707 80 48 16;
1203 1707 39 39 A
1276 1706 170 49 50004;
1486 1706 279 41 Macmillan
1802 1718 67 29 co.

132 1766 248 46 (32-8186)

52 1866 226 65 Powys,
304 1867 154 53 John
487 1868 259 62 Cowper,
775 1870 169 51 1872-

182 1938 1860 72 … A Glastonbury romance. New York, Simon and Schuster,
53 2023 148 48 1932.

120 2090 726 49 viii p., 2 l., 1174 p. 21½ᶜᵐ.
58 2146 51 51 ©
137 2151 119 38 Mar.
282 2148 69 46 24,
378 2148 113 41 1932;
544 2148 65 41 2c.
638 2150 121 40 Mar.
786 2149 58 40 29;
898 2148 80 41 aff.
1008 2150 119 39 Mar.
1156 2148 57 40 26;
1267 2150 39 38 A
1333 2148 143 42 50427;
1534 2149 42 41 J.
1605 2148 49 42 C.
1683 2149 185 46 Powys,
123 2147 1904 105 Hillsdale,
273 2207 56 39 N.
358 2207 52 38 Y.
481 2205 248 47 (32-8310)

54 2305 303 66 Prichard,
384 2307 220 53 Harold
631 2307 187 64 Adye,
849 2312 171 50 1882-

121 2384 120 51 The
274 2383 275 67 minister,
582 2385 95 51 the
710 2384 247 66 method,
993 2385 111 51 and
1138 2385 96 52 the
1267 2402 277 49 message;
1581 2384 357 67 suggestions
1973 2402 71 34 on

52 2460 1967 144 preaching [by] Harold Adye Prichard … New York, London,
211 2537 61 54 C.
305 2537 310 55 Scribner’s
643 2556 146 48 sons,
820 2541 148 49 1932.

156 2610 574 49 x p., 2 l., 3-303 p. 19ᶜᵐ.
61 2662 51 52 ©
143 2668 119 40 Mar.
291 2669 41 45 4,
361 2666 113 41 1932;
532 2665 66 42 2c.
629 2668 121 40 Mar.
781 2668 57 39 17;
895 2667 82 41 aff.
1008 2668 122 40 Mar.
1159 2667 54 40 23;
1273 2669 39 37 A
1344 2667 140 41 50281;
1548 2668 200 40 Charles
1781 2666 264 42 Scribner’s

127 2733 123 31 sons.
321 2723 250 49 (32-8289)

59 2826 308 65 Priestley,
396 2828 154 53 John
578 2828 292 64 Boynton.

128 2902 93 53 I’ll
248 2904 100 52 tell
375 2922 112 50 you
515 2903 355 70 everything,
899 2905 73 68 by
999 2907 57 53 J.
1084 2908 65 50 B.
1179 2904 283 70 Priestley
1487 2910 46 49 &
1561 2905 215 55 Gerald
1805 2907 235 55 Bullett.

65 2981 359 66 [Instalment
452 2987 47 61 1]

136 3055 82 47 (In
246 3051 181 43 Nash’s
458 3051 106 43 Pall
595 3051 116 44 mall
742 3052 274 52 magazine,
1047 3053 141 50 Mar.,
1220 3055 144 50 1932)

66 3106 1980 57 © 1c. Apr. 21, 1932; A ad int. 16352; pubd. Feb. 21; J. B. Priestley,
132 3167 208 47 London,
373 3169 95 38 and
501 3168 176 40 Gerald
711 3169 214 40 William
959 3169 198 48 Bullett,
1192 3171 122 40 East
1343 3171 226 47 Harting,
1602 3181 117 29 near
1753 3171 294 48 Petersfield,

133 3223 191 47 Sussex,
353 3224 234 48 England.

61 3322 217 54 Punch.
354 3342 48 34 v.
434 3330 115 63 182,
575 3346 89 34 no.
692 3328 153 67 4731,
872 3330 203 52 March
1101 3333 47 64 9,
1179 3332 147 50 1932.

67 3392 1978 58 © 1c. May 3, 1932; A ad int. 16361; pubd. Mar. 9; Herbert Heather,
132 3455 207 41 London.

64 3554 274 66 Robbins,
367 3557 338 65 Archibald,
737 3560 324 57 1792-1865.

130 3631 268 56 Robbins’
432 3635 246 67 journal,
713 3637 350 68 comprising
1098 3657 73 34 an
1207 3645 237 47 account
1478 3639 64 54 of
1578 3640 95 53 the
1708 3642 111 51 loss
1855 3639 63 53 of
1951 3640 95 52 the

62 3708 126 67 brig
213 3709 338 70 Commerce,
575 3712 65 52 of
663 3712 292 55 Hartford
988 3713 195 69 (Con.)
1216 3715 193 54 James
1433 3715 185 69 Riley,
1642 3721 226 62 master,
1894 3733 153 50 upon

61 3785 93 52 the
195 3792 235 48 western
471 3796 152 46 coast
664 3789 65 53 of
768 3790 224 67 Africa,
1032 3792 230 67 August
1301 3793 151 67 28th,
1496 3796 151 62 1815,
1689 3794 120 53 also
1848 3793 66 54 of
1950 3793 99 53 the

62 3861 220 69 slavery
315 3866 111 52 and
458 3865 304 70 sufferings
795 3867 65 54 of
892 3868 94 54 the
1020 3870 205 53 author
1260 3871 112 53 and
1405 3872 95 51 the
1533 3876 116 48 rest
1680 3869 65 54 of
1772 3871 97 53 the
1903 3888 142 35 crew

63 3955 150 50 upon
246 3940 94 53 the
372 3942 185 54 desert
587 3943 64 53 of
681 3945 218 53 Zahara
934 3947 58 52 in
1025 3949 96 52 the
1151 3965 163 50 years
1349 3951 151 64 1815,
1535 3951 149 64 1816,
1722 3947 150 68 1817,
1905 3948 139 53 with
