2563 4368
1399 4056 102 55 756

441 425 282 55 Colorado
769 426 112 51 and
925 421 213 58 Pacific
1182 424 204 69 digest,
1429 422 268 70 covering
1742 423 77 53 all
1864 442 149 36 cases
2058 423 268 69 reported
2369 421 61 55 in

510 504 284 54 Colorado
818 508 239 63 reports,
1084 504 326 67 1864-1931,
1433 499 213 58 Pacific
1668 507 273 63 reporter,
1967 502 249 54 volumes
2243 503 186 67 1-300,

512 585 112 51 and
659 583 76 53 all
769 582 63 53 of
863 583 96 52 the
990 579 213 57 Pacific
1232 585 173 49 states
1437 585 222 65 reports
1691 581 154 53 from
1877 582 97 53 the
2007 581 227 54 earliest
2265 581 164 53 times

572 657 1858 72 … Compiled and edited by the publisher’s editorial staff.
552 783 10 10 v.
594 742 185 50 11-13.
857 738 81 54 St.
968 739 165 66 Paul,
1160 741 160 53 West
1347 737 336 69 publishing
1710 756 98 49 co.,
1839 740 149 54 1932.

515 813 273 41 3 v. 26 ᶜᵐ .
781 879 117 30 CONTENTS.—v.
925 867 71 42 11.
1024 868 236 41 Criminal
1284 870 110 46 law,
1421 869 24 38 1
1473 871 48 37 to
1545 868 206 40 904.—v.
1780 866 71 42 12.
1880 867 235 42 Criminal
2139 868 109 47 law,
2275 867 89 42 905
2387 871 49 39 to

443 929 170 39 end.—
614 938 45 29 v.
689 925 71 42 13.
788 925 461 48 Crops-Discovery.

449 981 52 52 ©
530 986 115 46 May
671 983 70 47 24,
769 983 112 40 1932;
940 983 67 39 2c.
1037 982 117 41 each
1183 982 126 39 June
1337 982 54 39 11;
1451 981 107 40 affs.
1589 982 125 40 June
1744 982 54 39 13;
1857 982 41 39 A
1927 980 317 42 52480-52482;
2303 983 135 40 West

516 1042 110 47 pub.
654 1050 68 31 co.

447 1145 292 65 Crandall,
768 1143 183 55 Louis
977 1144 80 55 M.

511 1218 1862 71 Indirect selling, the way to win, by Louis M. Crandall …
443 1296 1591 70 New York, N. Y., The Spectator company [ ᶜ1 932]
514 1371 444 49 vii, 83 p. 18½ ᶜᵐ .
453 1426 54 53 ©
534 1432 113 46 May
675 1430 38 47 5,
743 1429 114 40 1932;
913 1429 67 41 2c.
1010 1430 113 46 May
1151 1429 30 39 7;
1234 1427 83 43 aff.
1347 1429 113 46 May
1488 1428 29 40 6;
1571 1428 41 39 A
1641 1427 146 41 51186;
1845 1429 253 47 Spectator
2126 1438 67 31 co.

530 1486 280 48 (32-13544)

449 1589 343 66 Creighton,
819 1590 206 53 James
1051 1587 226 69 Edwin,
1307 1593 324 51 1861-1924.

514 1663 1926 71 An introductory logic, by James Edwin Creighton … 5th
446 1744 103 68 ed.,
586 1744 349 68 thoroughly
972 1761 114 35 rev.
1125 1742 142 53 with
1304 1743 98 54 the
1437 1741 262 55 addition
1737 1742 65 54 of
1839 1760 124 35 new
2001 1742 284 69 problems
2325 1744 115 53 and

447 1819 1995 71 examples, by Harold R. Smart … New York, The Macmillan
446 1917 297 51 company,
775 1901 151 50 1932.

515 1971 719 49 xvi, 496 p. diagrs. 19½ ᶜᵐ .
522 2028 442 48 “Bibliographical
989 2026 141 42 note”
1149 2037 9 30 :
1189 2037 44 39 p.
1260 2025 71 43 40.

455 2083 52 52 ©
542 2089 113 46 May
687 2086 69 47 10,
790 2085 113 41 1932;
965 2086 69 41 2c.
1067 2086 96 39 and
1196 2084 83 43 aff.
1313 2086 113 47 May
1460 2086 55 39 11;
1578 2085 42 39 A
1652 2084 143 42 51253;
1859 2085 281 41 Macmillan
2173 2096 67 30 co.

534 2144 278 49 (32-13438)

456 2245 255 69 [Davies,
737 2246 186 64 Betty
951 2243 227 66 Evelyn]

520 2321 386 69 Background
930 2328 59 47 to
1012 2321 278 69 Primula,
1313 2321 76 69 by
1410 2321 243 55 Pauline
1674 2321 290 57 Warwick
2010 2322 195 68 [pseud.]
2302 2323 138 53 New

451 2400 178 68 York,
654 2402 63 52 L.
741 2400 353 67 MacVeagh,
1116 2399 138 54 Dial
1280 2417 174 51 press,
1477 2400 125 67 inc.,
1632 2404 148 50 1932.

520 2471 557 51 4 p. l. , 310 p. 19½ ᶜᵐ .
458 2527 52 52 ©
542 2532 113 46 May
684 2531 70 48 26,
785 2529 113 41 1932;
957 2529 95 41 2c.
1057 2531 96 38 and
1183 2529 82 40 aff.
1298 2530 113 47 May
1441 2528 58 41 27;
1557 2530 41 39 A
1627 2529 146 41 51539;
1833 2529 113 40 Dial
1977 2539 149 39 press,
2157 2529 90 41 inc.

536 2587 279 49 (32-13786)

454 2687 340 68 Dickinson,
823 2689 260 54 Thomas
1107 2689 278 68 Herbert,
1416 2690 168 55 1877-

522 2767 120 52 The
674 2766 236 69 making
940 2767 64 55 of
1035 2766 306 54 American
1371 2767 312 69 literature,
1713 2766 75 70 by
1819 2769 247 51 Thomas
2097 2769 77 52 H.
453 2767 1965 145 Dickinson;

621 2842 172 70 being
829 2863 31 33 a
898 2863 137 34 near
1073 2845 143 53 view
1254 2845 64 52 of
1353 2845 96 52 the
1487 2846 321 66 procession
1845 2844 65 53 of
1944 2845 306 54 American
453 2843 1965 146 writings

615 2923 111 51 and
761 2921 234 69 writing
1025 2941 130 35 men
1186 2922 153 54 from
1371 2923 95 52 the
1500 2922 226 54 earliest
1758 2923 345 53 settlements
2135 2941 79 50 up
2249 2929 59 46 to
2339 2941 104 35 our

454 3016 127 37 own
623 2998 180 54 times.
876 2998 164 55 With
1085 3018 152 37 some
1279 2999 419 55 consideration
1742 3000 65 53 of
1848 3000 96 52 the
1987 3018 127 50 way
2155 3018 128 35 men
2330 3002 111 51 and

454 3093 216 36 women
693 3076 169 68 lived,
888 3076 150 53 their
1063 3077 307 68 vocations,
1396 3075 280 70 opinions,
1702 3080 114 53 and
1842 3084 388 47 amusements.
2304 3079 137 53 New

455 3153 939 69 York, The Century co. [ ᶜ1 932]
524 3224 1454 51 xii, 733 p. illus. (incl. ports., maps) 17½ ᶜᵐ . $2.50
525 3282 149 40 Table
707 3292 60 30 on
799 3282 137 41 front
965 3281 323 49 lining-paper;
1351 3293 112 37 map
1495 3294 60 29 on
1589 3284 91 39 end
1712 3282 337 49 lining-paper.

463 3335 52 52 ©
546 3341 113 46 May
688 3340 68 46 17,
788 3339 116 41 1932;
959 3341 66 39 2c.
1057 3342 96 38 and
1182 3340 81 40 aff.
1297 3342 112 46 May
1439 3341 54 39 21;
1553 3341 42 38 A
1624 3340 142 41 52071;
1829 3341 212 48 Century
2072 3351 68 31 co.

540 3396 279 49 (32-13570)

457 3499 220 64 Dodge,
708 3499 288 54 Harrison
1028 3500 238 56 Howell.

527 3576 206 52 Mount
813 3594 194 49 Vernon,
1029 3576 73 53 its
1129 3595 215 35 owners
1370 3580 112 51 and
1507 3577 74 54 its
1607 3584 174 63 story,
1806 3579 75 67 by
1905 3577 285 54 Harrison
2214 3578 226 53 Howell

458 3652 1921 71 Dodge … edited and arranged by Edwin Bateman Morris …
458 3733 66 48 31
572 3729 394 55 illustrations.
1041 3731 407 69 Philadelphia
1494 3738 48 49 &
1584 3735 257 66 London,
1887 3735 54 54 J.
1991 3736 67 51 B.
2105 3734 335 69 Lippincott

459 3825 295 50 company,
785 3812 148 49 1932.

532 3880 936 51 232 p. front., plates, ports. 21 ᶜᵐ .
466 3930 51 53 ©
548 3936 112 41 Feb.
689 3936 68 49 19,
788 3937 113 41 1932;
959 3939 68 40 2c.
1058 3940 96 38 and
1184 3939 81 43 aff.
1297 3940 113 48 Apr.
1441 3940 29 40 6;
1526 3940 41 40 A
1595 3940 145 42 49430;
1799 3942 43 40 J.
1875 3942 55 41 B.
1959 3941 278 49 Lippincott
2264 3951 67 32 co.
