2563 4368
1108 4051 101 49 323

232 511 145 40 “This
408 511 146 47 study
583 512 95 39 and
710 511 63 40 its
805 509 297 49 publication
1133 511 124 39 have
1288 511 116 39 been
1439 510 138 39 made
1609 509 207 49 possible
1848 509 61 47 by
1942 520 24 29 a
2003 513 142 45 grant

160 567 125 42 from
318 567 83 40 the
433 567 233 47 Carnegie
699 566 304 48 corporation
1036 566 51 40 of
1117 567 117 39 New
1267 566 171 40 York.”

166 622 1960 108 © Feb. 26, 1932; 2c. Mar. 2; aff. Mar. 3; A 47937 ; Association of collegiale
441 678 1706 50 schools of architecture, ℅ American institute of architects,
236 739 328 46 Washington.
635 737 248 46 (32-6564)

161 839 242 65 Brooks,
432 838 252 56 William
715 839 325 66 Elizabeth,
1072 840 169 54 1875-

158 912 1967 149 Lee of Virginia, a biography by William E. Brooks … Indianapolis,
532 993 119 53 The
687 992 441 54 Bobbs-Merrill
1163 1009 278 51 company
1521 995 151 63 [ᶜ1932]

230 1065 1283 49 xix p., 1 l. , 23-361 p. front., plates, ports. 23ᶜᵐ.
231 1122 161 40 “First
423 1122 225 41 edition.”

231 1178 346 47 Bibliography
595 1189 8 28 :
637 1189 42 37 p.
714 1177 246 51 [343]-348.

166 1230 51 51 ©
245 1236 120 37 Mar.
392 1234 39 47 9,
458 1234 112 41 1932;
626 1235 65 39 2c.
720 1236 94 38 and
842 1234 79 40 aff.
950 1235 120 38 Mar.
1097 1234 55 38 14;
1208 1233 40 39 A
1274 1232 142 41 48953;
1473 1231 369 41 Bobbs-Merrill
1867 1242 68 30 co.
244 1291 249 46 (32-6648)

164 1393 266 64 Bunyan,
459 1392 172 66 John,
664 1398 324 50 1628-1688.

229 1469 119 50 The
385 1468 279 68 pilgrim’s
702 1486 277 50 progress,
1017 1468 153 53 John
1210 1467 289 67 Bunyan’s
1537 1473 152 60 story
1727 1464 289 55 rewritten
2056 1464 92 53 for

159 1563 190 50 young
373 1547 215 66 people,
612 1545 73 68 by
711 1545 178 52 Wade
917 1545 60 53 C.
1008 1543 206 68 Smith,
1242 1542 321 55 illustrated
1587 1542 74 67 by
1687 1543 94 51 the
1807 1542 148 52 little
1981 1542 163 53 Jetts.

161 1622 135 54 New
331 1622 161 52 York
524 1622 111 52 and
667 1621 255 67 London,
954 1622 229 66 Harper
1217 1622 44 50 &
1293 1620 272 66 brothers,
1599 1622 148 50 1932.

261 1693 707 48 x p., 1 l. , 104 p. illus. 24 ᶜᵐ.
230 1750 161 40 “First
423 1748 226 42 edition.”

166 1805 51 52 ©
249 1810 108 40 Feb.
386 1812 41 44 3,
456 1809 112 41 1932;
627 1809 66 40 2c.
725 1808 110 40 Feb.
863 1809 25 39 3;
949 1807 81 40 aff.
1063 1809 119 38 Mar.
1214 1808 24 38 1;
1297 1808 40 38 A
1366 1807 144 40 48870;
1571 1808 190 46 Harper
1794 1808 36 39 &
1860 1807 123 41 bros.
243 1865 249 47 (32-6795)

163 1969 291 66 Cabbage,
483 1968 172 57 John.

231 2050 29 49 8
303 2045 158 67 bells,
502 2045 75 68 by
619 2045 156 54 John
821 2044 278 69 Cabbage.
1176 2044 137 52 New
1361 2043 178 68 York,
1583 2044 68 52 N.
1701 2043 90 66 Y.,
1837 2044 314 52 Parnassus
159 2142 172 49 press,
368 2127 148 49 1932.

232 2197 70 47 95,
337 2198 55 48 [1]
427 2208 42 37 p.
529 2197 57 39 22½ᶜᵐ.

231 2254 183 39 Poems.

237 2310 183 39 “Three
452 2309 220 40 hundred
705 2312 94 39 and
833 2308 131 48 sixty
996 2307 158 49 copies
1188 2308 52 40 of
1272 2307 98 41 this
1405 2308 122 40 book
1559 2308 122 40 have
1716 2306 117 41 been
1866 2306 192 49 printed
2089 2318 62 30 on

165 2363 1986 50 Linweave text, laid, antique finish, deckled-edge book paper … Three
165 2419 1956 50 hundred and twenty-five copies are for sale, this copy … is number 125.”
167 2474 51 52 ©
248 2481 121 38 Mar.
398 2480 23 37 1,
466 2478 138 47 1932;
633 2479 67 39 2c.
729 2481 94 37 and
854 2478 81 41 aff.
964 2480 121 38 Mar.
1114 2479 29 39 7;
1198 2478 41 39 A
1264 2477 148 40 48820;
1467 2478 43 39 J.
1542 2476 234 45 Cabbage,
1805 2477 117 38 New
1953 2476 142 40 York.
245 2535 249 47 (32-6676)

169 2636 334 69 [Campbell,
528 2639 140 52 Mrs.
695 2637 250 54 Rosalea
971 2638 175 63 Mary
1179 2635 414 69 (McCready)]
1625 2641 172 50 1895-

231 2712 327 69 Headlines,
587 2712 74 69 by
690 2713 228 54 Janette
950 2713 218 68 Cooper
1220 2713 191 68 [pseud.]
1503 2712 136 53 New
1673 2710 161 53 York
1864 2709 112 54 and
162 2710 1965 148 London,

320 2791 229 66 Harper
581 2794 50 50 &
666 2790 273 67 brothers,
973 2793 147 49 1932.

231 2860 570 50 ix p., 1 l. , 271 p. 19½ᶜᵐ.
233 2918 162 41 “First
427 2917 227 42 edition.”

169 2974 51 51 ©
256 2979 120 38 Mar.
412 2977 41 47 9,
488 2977 139 46 1932;
663 2976 67 41 2c.
767 2978 119 39 Mar.
924 2978 25 39 8;
1014 2976 79 40 aff.
1133 2978 120 38 Mar.
1291 2977 80 45 11;
1410 2976 40 39 A
1485 2975 171 46 48891;
1696 2976 169 39 Rhoda
1904 2975 247 46 Cameron,

240 3035 260 45 Stamford,
538 3033 144 41 Conn.
753 3034 250 48 (32-7119)

166 3122 338 66 Carcopino,
532 3123 252 64 Jérôme,
816 3128 169 51 1881-

230 3241 60 13 ,..
331 3198 191 64 Sylla;
558 3219 88 43 ou,
679 3200 84 53 La
796 3199 323 54 monarchie
1154 3200 287 62 manquée.
1511 3198 185 64 Paris,
1730 3197 306 53 L’Artisan
2072 3196 75 53 du

158 3277 161 65 livre,
351 3280 152 50 1931.

232 3348 1183 50 3 p. l., [9]-245 p., 1 l. fold. geneal. tab. 19 ᶜᵐ.
234 3404 244 42 “Tableau
511 3405 341 49 généalogique
884 3408 57 38 de
975 3406 46 39 la
1054 3405 189 41 famille
1276 3407 84 39 des
1395 3404 201 41 Caecilii
1629 3404 185 41 Metelli”
1860 3414 9 29 :
1905 3403 116 41 fold.
2055 3403 96 40 tab.

171 3458 1982 52 © Nov. 25, 1931; 1c. Jan. 18, 1932; A—Foreign 15291; Choureau & cie.,
239 3519 153 40 Paris.
463 3519 248 47 (32-7214)

168 3608 271 64 Carman,
472 3611 137 51 Mrs.
645 3609 272 64 Dorothy
957 3608 382 66 (Walworth)

237 3683 158 52 Reno
426 3682 175 68 fever,
628 3683 76 69 by
731 3683 266 69 Dorothy
1022 3684 321 52 Walworth
1373 3682 264 55 Carman.
1702 3682 139 51 New
1872 3680 180 67 York,
2082 3680 69 53 R.

168 3759 165 68 Long
359 3761 45 50 &
429 3759 68 53 R.
525 3760 69 52 R.
623 3758 207 69 Smith,
855 3760 127 67 inc.,
1010 3762 152 51 1932.

237 3829 460 51 2 p. l., 267 p. 19½ᶜᵐ.
173 3884 51 52 ©
264 3891 120 38 Mar.
421 3889 67 47 11,
527 3889 112 40 1932;
704 3890 67 40 2c.
809 3892 95 38 and
941 3891 81 40 aff.
1062 3892 120 38 Mar.
1221 3891 54 38 12;
1343 3891 39 38 A
1418 3890 170 46 48923;
1630 3888 219 48 Dorothy
1887 3886 267 41 Walworth

242 3945 208 41 Carman
480 3944 216 51 Crowell,
726 3947 115 40 New
869 3947 142 39 York.
1083 3946 249 49 (32-6523)
