2563 4368
1395 4109 103 51 964

431 477 278 67 Conring,
735 478 305 55 Friedrich
1069 480 190 52 Franz
1286 495 131 50 von,
1448 480 172 56 1873-

503 555 114 53 Ein
657 555 203 55 offizier
900 555 330 55 Friedrichs
1269 558 96 52 des
1403 558 247 55 Grossen
1689 562 166 49 unter
1893 558 127 52 dem
431 558 1969 144 sternenbanner;

608 633 276 56 Steubens
927 633 446 54 amerikanische
1417 635 275 68 sendung,
1737 654 110 35 von
1892 635 300 54 Friedrich
2237 637 187 52 Franz

432 729 110 35 von
576 710 271 69 Conring.
923 711 113 52 Mit
1070 717 29 48 8
1134 712 400 67 abbildungen.
1610 712 217 66 Berlin,
1859 712 434 55 Volksverband
2327 715 100 51 der

431 787 1654 70 bücherfreunde, Wegweiser-verlag g. m. b. h. [ ᶜ1 931]
503 860 1083 50 266, [2] p. 4 pl. (incl. ports., map) 18 ½ ᶜᵐ.
506 916 199 42 “Dieses
735 918 124 40 buch
887 918 65 40 ist
980 918 49 40 in
1059 919 86 39 der
1171 918 360 40 auswahlreihe
1559 919 84 40 des
1670 918 421 40 Volksverbandes
2119 919 86 39 der
434 918 1979 96 bücherfreunde

674 974 280 41 erschienen
987 976 97 39 und
1116 975 122 40 wird
1269 986 94 28 nur
1395 986 61 29 an
1490 976 170 39 dessen
1693 975 277 48 mitglieder
2000 975 314 48 abgegeben.”

440 1028 1990 53 © Nov. 1, 1931; 1c. Jan. 7, 1932; A —Foreign 15102; Volksverband der
508 1088 401 48 bücherfreunde,
938 1089 488 49 Wegweiser-verlag,
1455 1101 42 37 g.
1524 1101 60 29 m.
1611 1090 42 41 b.
1681 1091 46 38 h.
1796 1089 280 49 (32-17488)

437 1194 274 64 Conway,
742 1194 276 56 Eustace.

504 1268 121 53 The
666 1270 399 67 supernatural
1105 1269 59 53 in
1206 1269 402 69 Shakespeare,
1646 1269 298 68 including
1983 1288 71 34 an
2097 1274 235 48 account
2369 1270 63 51 of

434 1344 1995 72 his ghosts, witches, and fairies, by Eustace Conway … [Yellow
436 1421 263 70 Springs,
732 1422 87 69 O.]
858 1423 156 53 Priv.
1049 1422 175 71 print.
1265 1422 268 71 [Antioch
1567 1442 175 51 press,
1778 1427 152 65 1932]

505 1494 29 40 2
561 1505 44 39 p.
632 1495 46 48 l.,
708 1494 59 42 35
796 1506 43 38 p.
896 1495 146 41 19½ᶜᵐ.

444 1551 51 52 ©
526 1555 127 40 June
680 1554 69 47 22,
780 1554 114 41 1932;
952 1555 66 41 2c.
1051 1556 126 39 June
1206 1554 55 41 25;
1320 1555 82 42 aff.
1432 1556 126 41 June
1587 1555 56 40 24;
1702 1556 40 40 A
1772 1556 143 41 52777;
1976 1557 51 40 E.
2061 1556 223 48 Conway,
2316 1556 117 40 New

513 1612 143 40 York.
729 1612 278 48 (32-16883)

440 1713 241 67 Cooper,
710 1715 205 54 James
941 1715 329 66 Fenimore,
1302 1716 326 56 1789-1851.

507 1790 121 55 The
658 1790 110 53 last
795 1791 63 52 of
884 1791 96 54 the
1007 1790 313 70 Mohicans,
1345 1792 77 68 by
1449 1792 193 54 James
1671 1790 296 57 Fenimore
1998 1790 247 69 Cooper;
441 1790 1971 131 illustrations

710 1868 73 68 by
811 1868 254 54 Edward
1093 1868 236 54 Wilson.
1397 1869 134 52 New
1563 1868 178 68 York,
1767 1868 122 55 The
1918 1867 249 54 Limited
2195 1867 242 54 editions

442 1944 146 67 club,
618 1948 150 50 1932.

510 2015 1376 52 vii p., 2 l., 3-377 p., 1 l. incl. illus., col. plates. 28 ᶜᵐ.
510 2072 288 42 Illustrated
838 2075 97 47 t.-p.
974 2073 51 41 in
1064 2074 144 41 color.

511 2128 222 43 “Fifteen
758 2130 221 40 hundred
1007 2128 159 50 copies
1191 2129 237 50 comprise
1455 2130 99 42 this
1579 2130 199 50 edition,
1805 2131 192 49 printed
2024 2132 60 47 by
2114 2131 80 41 the
2220 2129 215 50 printing

441 2187 149 39 house
620 2186 53 40 of
699 2187 95 39 Leo
822 2187 130 39 Hart
980 2187 48 38 in
1058 2187 278 47 Rochester,
1367 2187 117 40 New
1511 2187 145 48 York,
1686 2190 155 38 under
1868 2189 81 38 the
1978 2186 235 41 direction
2242 2187 52 40 of
2322 2187 109 40 Will

442 2241 1993 50 Ransom … this is copy number Copyright copy and it is signed by
441 2300 82 42 the
550 2298 319 42 illustrator.”

451 2355 51 52 ©
533 2359 126 40 June
687 2359 69 48 18,
785 2358 141 47 1932;
956 2358 67 41 2c.
1055 2360 95 39 and
1180 2358 82 41 aff.
1292 2358 126 40 June
1447 2358 83 47 25;
1562 2359 42 38 A
1633 2357 170 48 51912;
1836 2357 209 41 Limited
2077 2357 208 41 editions
2316 2355 121 48 club,

517 2415 90 41 inc.
669 2412 70 53 [©
773 2415 328 41 illustrations
1133 2417 96 38 and
1262 2415 345 49 introduction]
1678 2414 280 50 (32-16890)

444 2517 371 67 Culbertson,
846 2518 130 66 Ely,
1009 2523 169 51 1891-

516 2595 271 55 Contract
828 2596 202 69 bridge
1072 2596 94 53 for
1207 2596 227 52 auction
1474 2595 256 69 players;
1774 2593 298 70 including
2112 2613 74 35 an
2225 2592 215 55 outline

445 2673 94 54 for
563 2673 301 69 beginners
892 2675 112 52 and
1035 2674 345 53 illustrative
1405 2674 184 54 hands
1618 2673 153 54 from
1797 2673 96 53 the
1922 2672 516 55 Culbertson-Lenz

444 2748 1996 71 match, by Ely Culbertson … Garden City, N. Y., Garden
445 2828 137 69 City
609 2828 335 70 publishing
969 2847 297 51 company,
1293 2829 127 68 inc.,
1449 2832 149 50 1932.

516 2902 797 50 188, [4] p. front. (port.) 21 ᶜᵐ.
445 2957 1976 108 “Pocket outline … the Culbertson honor-trick table” mounted on lining-paper.
454 3069 53 53 ©
538 3075 123 38 Mar.
692 3073 68 47 31,
792 3072 140 46 1932;
966 3072 67 40 2c.
1066 3074 95 38 and
1193 3073 82 39 aff.
1308 3073 126 39 June
1465 3073 82 46 23;
1582 3072 42 40 A
1654 3072 170 47 51886;
1861 3072 191 41 Garden
2086 3072 98 48 city
2215 3071 109 50 pub.
2357 3082 81 35 co.,

522 3130 92 41 inc.
683 3129 280 49 (32-16863)

449 3219 262 66 Curtius,
743 3221 185 53 Ernst
959 3219 241 66 Robert,
1233 3225 171 51 1886-

443 3296 1970 145 … Deutscher geist in gefahr. Stuttgart [etc.] Deutsche verlags-anstalt, 1932.
520 3444 371 52 130, [1] p. 22 ᶜᵐ.
457 3499 1966 108 © Feb. 24, 1932; 1c. Apr. 13; A—Foreign 16460; Deutsche verlagsanstalt. (32-17892)
451 3645 323 64 Dalgliesh,
802 3647 182 56 Alice.

453 3720 1963 130 First experiences with literature, by Alice Dalgliesh … introduction
728 3796 1706 70 by Patty Smith Hill … New York, Boston [etc.]
453 3872 783 71 C. Scribner’s sons [ ᶜ1 932]
520 3943 1918 53 xviii, 162 p. col. front., illus., plates. 19½ ᶜᵐ. (Half-title: Series on
451 4000 257 41 childhood
738 4001 271 49 education,
1041 4001 71 42 ed.
1143 4002 60 47 by
1233 4003 147 48 Patty
1413 4003 155 42 Smith
1599 4003 130 48 Hill)
