2563 4368
1043 4036 99 54 749

94 448 452 54 Northwestern
577 449 285 62 reporter.

227 528 1791 77 … Digest of the North western reporter. v. 231-240 and …
95 606 1986 77 state reports … Edited by the editorial staff of the American
95 693 186 68 digest
310 698 223 62 system.
611 691 83 54 St.
725 691 163 66 Paul,
918 692 159 53 West
1106 688 336 70 publishing
1470 705 97 51 co.,
1601 691 150 51 1932.

169 766 68 47 iii,
271 765 82 41 807
387 776 42 36 p.
489 765 115 40 26ᶜᵐ.

104 832 50 53 ©
185 838 111 40 May
325 836 68 46 12,
423 835 140 47 1932;
592 834 67 42 2c.
687 835 125 40 June
843 835 81 42 11;
955 833 81 41 aff.
1066 834 125 39 June
1220 834 82 45 13;
1334 833 40 39 A
1404 831 169 48 52513;
1606 832 133 40 West
1769 831 94 48 pub
1908 840 66 30 co.

96 1003 1988 74 North western reporter. v. 240. Permanent ed. … with key
165 1089 236 51 number
461 1086 378 54 annotations.
913 1087 296 68 February
1267 1085 304 52 10-March
1631 1086 82 62 16,
1773 1085 150 51 1932.
1999 1081 84 56 St.

166 1167 165 66 Paul,
357 1167 159 55 West
543 1164 334 69 publishing
906 1183 95 48 co.,
1034 1167 149 50 1932.

170 1240 98 48 xiv,
295 1238 89 42 986
411 1249 43 38 p.
513 1238 116 43 26ᶜᵐ.

105 1306 52 52 ©
187 1311 112 47 May
327 1310 68 48 16,
425 1309 112 41 1932;
594 1308 66 42 2c.
692 1310 127 39 June
845 1310 53 38 11;
958 1308 80 41 aff.
1070 1309 125 39 June
1223 1308 55 40 13;
1338 1309 39 39 A
1406 1308 141 39 52511;
1608 1308 134 40 West
1771 1304 108 50 pub.
1911 1315 65 30 co.

96 1482 212 55 Pacific
330 1489 272 62 reporter.
677 1483 218 54 Second
915 1482 184 54 series.
1174 1483 170 55 Cases
1365 1480 214 69 argued
1602 1480 111 53 and
1736 1477 350 57 determined

167 1562 60 52 in
251 1563 95 52 the
374 1564 273 65 Supreme
672 1569 186 47 courts
884 1562 63 51 of
975 1560 341 67 California,
1344 1560 243 67 Kansas,
1612 1559 248 68 Oregon,
169 1557 1893 152 Washington,

464 1639 300 68 Colorado,
838 1641 294 66 Montana,
1208 1638 270 68 Arizona,
1555 1637 254 66 Nevada,
1883 1637 204 68 Idaho,

168 1718 326 69 Wyoming,
524 1719 175 67 Utah,
728 1721 137 51 New
896 1718 239 68 Mexico,
1166 1717 338 67 Oklahoma,
1534 1716 245 55 District
1807 1721 187 51 courts
2024 1715 63 53 of

172 1798 203 68 appeal
414 1798 112 52 and
565 1798 284 67 appellate
887 1797 361 68 department
1282 1796 64 54 of
1382 1797 95 51 the
1516 1794 274 70 Superior
1826 1799 161 49 court
2024 1794 64 54 of

172 1874 322 55 California
523 1876 111 52 and
662 1874 261 54 criminal
951 1881 159 49 court
1139 1875 63 53 of
1230 1876 231 67 appeals
1490 1874 63 53 of
1581 1874 340 69 Oklahoma,
1947 1873 141 55 with

169 1954 106 67 key
309 1954 235 52 number
578 1953 361 53 annotations.
1031 1970 52 37 v.
1116 1952 32 54 7
1191 1953 127 69 (2d)
1364 1953 295 68 February
1697 1957 63 49 19
1795 1959 57 47 to
1885 1953 203 53 March

173 2037 81 61 11,
301 2035 149 49 1932.
525 2032 344 52 Permanent
913 2030 83 54 ed.
1075 2031 82 57 St.
1203 2033 165 68 Paul,
1409 2034 160 54 West
1614 2031 333 72 publishing
1990 2050 99 51 co.,

173 2113 150 51 1932.

174 2183 96 48 xvi,
301 2183 111 40 1192
444 2194 41 36 p.
544 2183 115 41 26ᶜᵐ.

109 2247 50 53 ©
190 2254 112 46 May
331 2252 67 47 18,
428 2251 114 41 1932;
597 2251 69 42 2c.
693 2252 126 41 June
849 2252 52 39 11;
961 2252 82 41 aff.
1072 2253 125 39 June
1226 2253 55 39 13;
1340 2253 40 39 A
1410 2252 142 41 52519;
1612 2255 133 39 West
1775 2254 110 48 pub.
1915 2264 66 30 co.

102 2371 205 65 Pence,
343 2372 224 53 Gilbert
604 2373 258 63 Eugene,
900 2377 169 49 1883-

170 2459 1922 72 Prohibition is wrong, by Gilbert E. Pence … New Market,
101 2538 1077 68 Va., The Henkel press, inc. [ ᶜ1 932]
173 2611 85 40 167
287 2621 44 38 p.
391 2612 115 40 23ᶜᵐ.

110 2678 52 52 ©
191 2683 122 40 Mar.
339 2683 39 47 5,
407 2681 111 41 1932;
577 2683 65 39 2c.
673 2684 91 38 and
796 2681 81 45 aff.
906 2683 112 47 May
1048 2684 54 39 17;
1160 2684 41 38 A
1227 2683 143 41 52028;
1429 2684 52 40 G.
1513 2685 52 39 E.
1594 2684 166 48 Pence,
1790 2682 302 48 Woodstock,

178 2739 85 42 Va.
333 2740 277 47 (32-13328)

104 2854 302 68 Peterson,
437 2858 214 65 Abbot,
685 2862 170 50 1884-

170 2946 119 53 The
325 2947 248 67 opening
610 2947 63 53 of
709 2948 95 53 the
841 2948 222 66 House;
1101 2949 170 66 being
1308 2968 31 34 a
1377 2949 295 53 collection
1708 2949 62 52 of
1809 2968 30 33 a
1877 2948 112 53 few
2026 2947 63 54 of

99 3023 95 53 the
225 3042 232 49 prayers
487 3023 212 54 offered
727 3026 75 66 by
831 3026 96 52 the
955 3026 296 53 Reverend
1280 3026 192 53 Abbot
1501 3027 289 66 Peterson,
1822 3026 268 67 chaplain

101 3100 63 51 of
185 3102 95 52 the
303 3102 192 52 House
519 3102 62 53 of
603 3103 468 66 representatives
1095 3102 63 54 of
1179 3103 95 53 the
1298 3103 466 53 commonwealth
1787 3103 64 54 of
100 3104 1965 141 Massachusetts,

413 3181 150 65 1930,
614 3183 149 63 1931,
814 3182 150 49 1932.
1048 3180 362 69 Cambridge,
1458 3180 158 53 Priv.
1663 3181 161 67 print.
1890 3187 56 46 at
1994 3181 94 52 the

98 3254 297 54 Riverside
430 3275 172 48 press,
639 3260 149 50 1932.

171 3327 78 49 51,
275 3328 54 50 [1]
360 3339 43 38 p.
464 3329 115 41 18ᶜᵐ.

111 3393 52 52 ©
193 3399 112 46 Apr.
335 3398 69 47 29,
436 3397 112 41 1932;
607 3399 68 41 2c.
707 3400 112 47 May
850 3400 24 40 7;
935 3399 82 41 aff.
1049 3401 112 47 May
1193 3401 24 38 5;
1277 3402 40 37 A
1349 3401 142 41 51216;
1553 3401 53 39 A.
1639 3402 243 45 Peterson,

178 3401 1898 101 Brookline,
318 3456 143 39 Mass.
533 3455 277 48 (32-13160)

106 3559 305 65 Priestley,
441 3559 152 54 John
623 3561 290 63 Boynton.

175 3649 94 52 I’ll
297 3649 98 53 tell
422 3665 111 49 you
562 3650 353 68 everything,
944 3651 74 68 by
1046 3653 57 53 J.
1131 3654 65 51 B.
1227 3652 281 68 Priestley
1534 3657 46 50 &
1607 3653 212 55 Gerald
1850 3653 165 52 Bulle
2019 3656 67 48 tt.

103 3732 80 61 pt.
217 3731 47 47 3.

184 3800 77 46 (In
294 3794 315 45 Nash’s-Pall
641 3798 115 41 mall
788 3798 274 51 magazine,
1093 3798 133 53 May,
1260 3801 142 49 1932)

111 3862 1976 59 © 1c. June 16, 1932; A ad int. 16538; pubd. Apr. 18; J. B. Priestley,
176 3925 209 46 London,
427 3928 95 38 and
563 3926 176 41 Gerald
781 3928 199 47 Bullett,
1023 3930 118 40 East
1184 3929 217 49 Garting,
1444 3939 71 32 nr.
1558 3928 294 48 Petersfield,
1897 3928 190 47 Sussex,

177 3981 235 49 England.
