2563 4368
1090 4078 68 51 95

114 512 325 53 troduction
466 512 114 52 and
604 517 177 63 notes,
807 511 73 68 by
907 511 354 67 Marguerite
1291 511 153 69 Eyer
1470 510 245 54 Wilbur.
1781 511 111 52 Los
118 510 1967 146 Angeles,

242 590 122 52 The
394 589 243 63 Quivira
667 589 230 68 society,
931 592 151 49 1931.

181 668 1925 50 xii, 298 p. IX pl. (incl. maps, facsims.) 26 ᶜᵐ . ( Added t.-p.: Quivira
113 725 837 48 society. Publications. vol. II )
183 781 117 41 “Six
331 782 221 40 hundred
586 783 95 39 and
715 780 242 47 sixty-five
992 781 160 47 copies
1184 781 195 48 printed
1414 781 79 40 for
1527 781 82 41 the
1646 780 203 48 Quivira
1885 780 225 48 society.”

114 838 117 40 This
255 848 119 37 copy
399 839 85 39 not
508 838 277 41 numbered.

185 892 1926 50 “The original Journal … on which the following English rendition is
113 950 162 47 based,
305 961 110 29 now
445 950 154 40 forms
628 952 114 46 part
774 951 51 39 of
857 951 82 40 the
970 950 127 47 Ayer
1129 949 253 41 collection
1414 950 53 40 of
1498 952 209 38 western
1739 950 288 40 Americana
2062 950 48 40 in

114 1007 81 41 the
221 1007 264 47 Newberry
512 1007 183 47 library
724 1008 53 39 at
804 1006 500 48 Chicago.”—Introd.

183 1063 349 48 Bibliography
559 1063 224 41 included
812 1063 51 39 in
891 1064 82 39 the
1001 1063 345 41 introduction.

121 1117 51 51 ©
201 1122 110 39 Dec.
340 1121 68 48 21,
437 1120 141 48 1931;
608 1120 66 41 2c.
705 1123 95 38 and
829 1120 81 42 aff.
940 1122 109 39 Jan.
1079 1122 68 46 13,
1178 1120 113 41 1932;
1350 1122 42 38 A
1418 1120 146 41 48046;
1625 1120 201 49 Quivira
1857 1132 92 29 soc.

198 1178 250 48 (32-2754)

112 1255 195 53 Texas
335 1270 306 49 company.

115 1326 1976 149 Texaco; a picture story. [New York] The Texas company [ ᶜ1 931]
184 1484 1251 51 124 p., 1 l. illus. (1 double; incl. map) 30 ᶜᵐ .
187 1543 141 48 Maps
356 1554 61 29 on
445 1543 361 48 lining-papers.

122 1597 1995 53 © Dec. 12, 1931; 2c. and aff. Jan. 12, 1932; A 46871; Texas co., New
190 1659 143 40 York.
405 1658 250 48 (32-2801)

115 1731 228 68 Theiss,
369 1734 191 54 Lewis
589 1730 226 66 Edwin,
847 1732 170 54 1878-

190 1810 121 52 The
364 1809 227 67 pursuit
645 1807 64 53 of
762 1808 95 52 the
910 1807 183 68 flying
1145 1807 337 68 smugglers,
1538 1806 72 68 by
1667 1805 184 53 Lewis
1907 1805 205 53 Edwin

122 1888 227 67 Theiss;
397 1887 140 52 with
581 1905 163 34 cover
788 1887 200 68 design
1030 1886 77 68 by
1151 1886 225 52 Harold
1425 1884 134 55 Cue.
1635 1886 235 66 Boston,
1915 1885 88 53 W.
2051 1885 68 52 A.

118 1966 729 68 Wilde company [ ᶜ1 931]
189 2047 579 49 320 p. front. 19½ ᶜᵐ .
124 2101 51 52 ©
206 2106 127 47 Sept.
363 2106 67 45 14,
460 2104 140 47 1931;
630 2104 67 41 2c.
727 2105 109 40 Jan.
865 2105 71 47 30,
965 2103 140 48 1932;
1138 2103 81 43 aff.
1249 2105 109 39 Jan.
1390 2103 58 40 29;
1505 2104 39 38 A
1573 2103 145 41 47308;
1776 2104 70 39 W.
1879 2104 51 38 A.
1963 2102 156 41 Wilde

191 2172 68 31 co.
330 2161 250 48 (32-2871)

120 2236 354 66 Thorndike,
504 2236 237 52 Arthur
766 2236 251 55 Russell.

190 2313 121 52 The
374 2317 175 48 water
614 2313 190 67 witch,
867 2313 75 67 by
1005 2313 225 53 Russell
1296 2312 349 54 Thorndike.
1727 2313 391 68 [Instalments

120 2390 189 67 27-30]

201 2461 78 48 (In
303 2461 201 43 London
536 2461 146 51 Daily
717 2462 131 49 mail,
881 2462 114 42 Dec.
1028 2462 41 49 5,
1105 2463 102 48 7-9,
1243 2462 143 51 1931)

126 2516 1992 56 © 1c. each Feb. 3, 1932; A ad int. 16033; pubd. Dec. 5, 7, 8, 9, 1931;
195 2578 193 40 Russell
421 2578 290 47 Thorndike,
747 2579 211 39 London.

118 2650 208 66 Tracy,
356 2652 197 66 Louis,
587 2657 325 50 1863-1928.

193 2727 1929 69 A dangerous situation, by Louis Tracy … New York, E. J.
125 2805 560 68 Clode, inc. [ ᶜ1 932]
222 2887 637 49 v p., 1 l., 9-251 p. 19 ᶜᵐ .
128 2940 51 53 ©
236 2946 108 40 Jan.
375 2946 69 46 15,
475 2944 113 41 1932;
647 2946 67 40 2c.
745 2947 97 39 and
871 2945 81 41 aff.
984 2946 110 39 Jan.
1125 2945 83 48 30;
1241 2946 43 39 A
1311 2946 172 47 48207;
1519 2947 211 39 Edward
1762 2947 42 39 J.
1840 2945 159 48 Clode,
2031 2946 92 41 inc.

206 3001 249 49 (32-2876)

116 3077 255 64 Turmel,
399 3077 240 64 Joseph,
671 3082 170 49 1859-

125 3153 1971 145 … Histoire des dogmes … I. Le péché originel; la rédemption.
511 3232 185 67 Paris,
723 3232 228 68 Rieder,
983 3236 151 50 1931.

193 3304 364 48 467 p. 25 ½ ᶜᵐ .
126 3361 1828 59 © Nov. 17, 1931; 1c. Dec. 28; A— Foreign 15004; Éditions Rieder.
209 3424 249 48 (32-3776)

128 3485 69 55 U.
232 3486 57 54 S.
363 3487 183 65 Laws,
577 3493 241 47 statutes
824 3529 11 24 ,
870 3494 100 48 etc.

261 3562 1857 75 … Mason’s United States Code annotated [Supplement
128 3656 89 35 no.
248 3643 48 62 2]
337 3640 357 69 Continuing
723 3644 96 51 the
853 3644 170 54 Code,
1058 3646 112 51 and
1201 3647 363 66 supplement
1594 3666 88 34 no.
1721 3651 46 62 1,
1796 3648 139 52 both
1969 3667 58 33 as
2061 3653 59 47 to

129 3719 120 48 text
282 3717 111 51 and
427 3723 381 56 annotations,
841 3725 59 47 to
934 3720 245 55 October
1216 3726 46 62 1,
1298 3726 151 64 1931,
1482 3725 184 52 under
1695 3726 97 52 the
130 3724 1967 120 classification

280 3795 112 51 and
420 3796 341 68 numbering
788 3798 64 52 of
879 3796 200 55 official
1107 3803 362 66 supplement
1495 3820 87 35 no.
1679 3846 9 18 IV,
1715 3805 305 67 published
2045 3804 76 67 by

129 3869 95 52 the
273 3880 385 57 government.
734 3875 140 53 Also
925 3877 339 70 continuing
1312 3881 95 52 the
1458 3881 251 54 features
1760 3882 62 53 of
1871 3883 249 53 Mason’s

133 3944 152 55 Code
321 3949 294 54 embraced
653 3952 61 52 in
750 3954 96 52 the
885 3957 359 67 appendices,
1283 3960 333 68 presenting
1655 3962 364 52 annotations
2059 3962 62 52 of
