2563 4368
1077 4074 135 51 1319

221 524 1917 54 Previously published as vol. II of Mechanical equipment of buildings,
152 588 59 47 by
237 586 145 42 Louis
408 586 139 40 Allen
573 584 225 50 Harding
821 585 97 40 and
942 584 186 40 Arthur
1154 583 141 42 Cutts
1319 583 222 42 Willard.

155 641 52 52 ©
233 645 121 47 Aug.
379 644 70 47 25,
476 642 114 42 1932;
644 643 69 41 2c.
740 643 95 39 and
863 642 83 41 aff.
973 643 120 46 Aug.
1120 641 57 41 27;
1233 642 41 38 A
1301 641 144 40 54567;
1502 641 52 41 L.
1581 642 56 40 A.
1665 639 237 50 Harding,
1932 640 209 42 Buffalo.

231 699 279 48 (32-23143)

149 780 226 65 Haslip,
409 780 170 57 Joan.

219 854 438 56 Grandfather’s
692 859 151 64 steps
896 854 76 68 [by]
1028 854 149 55 Joan
1210 851 229 71 Haslip.
1510 851 136 54 New
1684 851 179 69 York,
1897 852 246 69 Minton,

151 933 180 54 Balch
358 934 46 51 &
434 950 295 51 company,
758 935 152 52 1932.

216 1003 534 50 4 p. l. , 3-282 p. 19½ᶜᵐ.
155 1060 52 52 ©
233 1064 120 48 Aug.
379 1062 70 48 19,
476 1062 114 42 1932;
646 1064 66 40 2c.
741 1063 121 49 Aug.
887 1063 57 40 22;
1001 1063 83 41 aff.
1110 1064 121 48 Aug.
1257 1062 59 42 20;
1370 1065 41 38 A
1437 1063 144 41 54814;
1638 1063 44 40 J.
1712 1063 190 48 Haslip,
1930 1062 211 41 London.

231 1120 278 50 (32-23132)

148 1202 342 66 Hentschel,
517 1201 198 66 Adolf,
748 1202 171 55 1887-

216 1278 186 54 Adolf
434 1279 311 53 Hentschel
779 1279 113 54 and
920 1277 90 55 his
1042 1278 187 68 work;
1261 1278 272 69 prefaced
1564 1279 76 66 by
1671 1278 194 55 James
1895 1278 245 55 Wallen.

146 1356 243 69 Twenty
416 1356 200 69 plates.
678 1355 429 70 Philadelphia,
1135 1356 78 53 H.
1244 1356 65 56 C.
1338 1356 307 68 Perleberg
1678 1358 194 65 [ᶜ1932]

225 1429 55 51 [3]
312 1440 44 39 p.
414 1429 59 42 20
501 1440 63 39 pl.
622 1427 57 43 35½ᶜᵐ.

220 1488 171 39 Issued
420 1486 50 40 in
499 1486 248 48 portfolio.

155 1539 52 52 ©
232 1543 120 48 Aug.
376 1544 40 47 5,
441 1541 113 42 1932;
608 1542 68 41 2c.
701 1542 96 40 and
821 1541 84 42 aff.
931 1542 118 48 Aug.
1075 1542 55 39 11;
1188 1542 38 38 A
1251 1541 143 41 54573;
1449 1542 55 39 A.
1531 1542 277 47 Hentschel,
1836 1539 305 51 Ridgewood,

222 1600 56 40 N.
307 1600 45 39 J.
421 1598 278 49 (32-23122)

151 1674 244 65 Hickey,
423 1675 139 52 Mrs.
590 1672 328 54 Theodosia
946 1673 260 55 Frances
1229 1674 248 63 Wynne.

221 1749 473 68 Semi-detached,
732 1749 76 68 by
849 1750 65 52 T.
956 1750 65 52 F.
1063 1750 89 54 W.
1193 1749 254 69 Hickey;
1488 1750 142 52 with
1668 1769 31 34 a
1741 1749 286 55 foreword
2066 1752 76 67 by

149 1827 221 69 George
422 1827 73 54 A.
548 1827 420 68 Birmingham.
1059 1827 258 68 London,
1367 1827 188 53 Hurst
1606 1830 46 51 &
1703 1826 284 69 Blackett,
2037 1827 105 54 ltd.

154 1909 172 65 [1932]

218 1979 89 41 288
335 1990 43 38 p.
438 1977 58 42 19½ᶜᵐ.

156 2032 1986 53 © 1c. Sept. 10, 1932; A ad int. 16838; pubd. July 15; T. F. W. Hickey,
221 2093 309 47 Beechwood,
565 2091 473 48 Hexham-on-Tyne,
1073 2091 237 48 England.
1380 2091 279 49 (32-24292)

149 2164 361 67 Hirschfeld,
538 2167 273 64 Magnus,
843 2170 172 51 1868-

282 2240 1862 70 … Sexual pathology, being a study of the abnormalities of
150 2322 94 52 the
286 2321 195 53 sexual
524 2319 318 68 functions;
888 2338 72 34 an
1002 2319 329 54 exhaustive
1372 2320 230 53 treatise
1644 2338 73 35 on
1758 2321 195 53 sexual
151 2338 1968 127 symbolism,

397 2395 438 70 hypereoticism
892 2397 59 68 [!],
978 2397 332 68 impotence,
1339 2401 122 64 etc.,
1487 2398 172 53 based
1685 2416 158 50 upon
1870 2398 274 67 research,

149 2475 387 54 observations
567 2476 114 53 and
710 2480 188 48 recent
928 2473 227 55 clinical
1184 2475 134 53 data
1349 2476 275 67 gathered
1655 2481 61 48 at
1744 2476 95 53 the
1869 2475 276 55 Institute

150 2551 1969 134 for sexual science in Berlin, by Magnus Hirschfeld … Authorized
438 2631 340 53 translation
810 2630 75 68 by
917 2631 227 54 Jerome
1175 2630 197 55 Gibbs.
1439 2629 266 71 Newark,
1735 2631 203 55 Julian
1969 2650 175 50 press,

154 2712 149 51 1932.

221 2780 1922 51 vii p., 1 l., ix-x, 349, [1] p. plates. 23½ ᶜᵐ. (Advanced sexual science
152 2839 175 48 series)

158 2893 52 52 ©
239 2897 115 46 July
381 2895 70 48 26,
481 2894 140 49 1932;
651 2895 68 41 2c.
746 2894 121 48 Aug.
896 2894 53 48 2;
980 2894 84 42 aff.
1091 2894 121 48 Aug.
1241 2894 56 41 27;
1354 2896 41 38 A
1425 2894 170 50 54590;
1628 2895 170 42 Julian
1826 2906 150 40 press.

234 2952 278 49 (32-23155)

152 3028 274 64 Howard,
455 3026 312 56 Winifred.

223 3103 120 53 The
380 3120 314 50 vengeance
730 3101 65 54 of
829 3103 89 52 Fu
956 3101 222 70 Chang,
1213 3103 76 69 by
1325 3102 295 57 Winifred
1656 3103 288 69 Howard;
152 3105 1965 129 illustrated

379 3180 76 69 by
495 3179 254 53 Richard
792 3180 274 68 Rodgers.
1143 3180 260 68 London,
1443 3181 138 53 New
1626 3180 164 54 York
1837 3187 138 63 [etc.]
154 3181 1964 131 Oxford
314 3257 319 69 university
660 3274 157 51 press
852 3259 192 65 [ᶜ1932]

221 3329 676 49 3 p. l. , 282 p. front. 21 ᶜᵐ.
223 3387 288 41 Illustrated
539 3385 361 49 lining-papers.

226 3443 228 41 “Printed
481 3443 50 40 in
556 3442 82 41 the
665 3442 179 40 United
874 3440 162 42 States
1064 3442 52 40 of
1142 3441 265 42 America.”

159 3496 52 52 ©
239 3500 127 49 Sept.
392 3502 39 46 1,
456 3500 113 41 1932;
624 3500 67 41 2c.
718 3500 96 39 and
838 3498 82 41 aff.
951 3499 126 48 Sept.
1104 3499 81 48 10;
1214 3501 41 38 A
1282 3500 169 48 55038;
1482 3501 187 40 Oxford
1696 3501 271 49 university
1993 3512 149 39 press,

226 3557 116 40 New
370 3557 143 47 York,
543 3556 91 41 inc.
703 3555 278 49 (32-23276)

155 3630 264 67 Hughes,
444 3632 133 63 Ray
601 3631 252 65 Osgood,
884 3630 170 56 1879-

152 3706 1966 144 Economic and vocational civics, by R. O. Hughes … Boston,
305 3782 1350 71 New York [etc.] Allyn and Bacon [ ᶜ1 932]
224 3855 1079 50 xiv, 327, 23 p. front., illus., diagrs. 19½ ᶜᵐ.
161 3909 52 52 ©
241 3914 115 48 July
383 3914 69 47 18,
479 3912 113 42 1932;
649 3914 68 41 2c.
743 3915 119 47 Aug.
891 3914 27 40 5;
976 3913 80 40 aff.
1085 3915 120 46 Aug.
1232 3915 28 37 4;
1316 3915 41 38 A
1385 3914 145 41 54319;
1587 3916 56 39 R.
1672 3915 53 42 O.
1753 3915 215 48 Hughes,
227 3915 1899 102 Pittsburgh.
457 3966 69 53 [©
555 3970 223 49 changes]
849 3969 280 50 (32-23153)
