2563 4368
1299 4090 102 50 984

428 532 225 43 Lettered
685 547 60 29 on
774 546 141 30 cover;
975 536 132 40 With
1138 536 149 48 grade
1318 536 307 48 vocabulary.

430 591 124 41 “For
585 593 117 40 each
735 593 162 40 school
930 593 148 47 grade
1110 591 127 41 from
1270 594 81 39 the
1384 593 105 40 first
1521 593 108 41 half
1658 594 50 41 of
1743 596 79 39 the
1855 595 106 40 first
1994 606 116 37 year
2141 598 208 48 through

357 649 83 41 the
468 651 173 39 second
670 649 109 40 half
807 649 51 40 of
887 650 81 40 the
997 648 133 41 sixth
1159 649 161 47 year.”

366 702 51 52 ©
444 708 113 46 Apr.
586 707 68 46 15,
681 706 140 46 1932;
851 706 66 39 2c.
946 707 118 38 each
1092 707 123 38 June
1243 706 81 46 28;
1356 706 107 40 affs.
1493 707 128 39 June
1645 707 82 46 29;
1757 709 40 38 A
1826 709 314 41 52820-52831;
2202 712 149 40 Noble

432 763 36 40 &
496 764 162 39 Noble.
730 762 279 48 (32-17293)

357 854 169 64 Ross,
559 854 216 55 Ishbel.

427 931 355 52 Promenade
816 930 156 66 deck,
1006 930 74 66 by
1115 929 190 53 Ishbel
1343 930 157 52 Ross.
1577 930 138 53 New
1750 931 163 53 York
1947 932 112 53 and
2095 932 256 68 London,

356 1008 234 68 Harper
619 1011 51 50 &
700 1008 276 63 brothers,
1010 1010 150 51 1932.

427 1081 643 50 4 p l., 332 p., 1 l. 20 ᶜᵐ .
429 1141 161 39 “First
622 1138 225 41 edition.”

363 1194 51 52 ©
449 1198 115 46 July
597 1196 38 48 6,
669 1195 140 47 1932;
844 1195 65 40 2c.
946 1196 114 47 July
1093 1194 52 47 6;
1182 1194 79 41 aff.
1297 1195 115 47 July
1445 1194 51 47 8;
1534 1196 39 37 A
1608 1195 168 48 53011;
1814 1198 36 37 I.
1886 1197 136 47 Ross,
2058 1197 115 40 New
2207 1199 144 41 York.

442 1252 278 50 (32-17149)

362 1345 309 68 [Salomon,
702 1345 224 67 Henry]

490 1420 1659 70 … Le XVIII ᵉ siècle. [Paris] Librairie Hachette [ ᶜ193 1]
459 1498 29 38 64
515 1508 41 37 p.
586 1497 109 40 incl.
724 1497 163 46 front.,
917 1496 127 39 illus.
1101 1495 55 39 24
1159 1497 45 21 cm
1208 1526 7 7 .
1285 1495 375 48 (Encyclopédie
1687 1506 89 37 par
1805 1495 203 48 l’image.
2068 1495 274 52 [Histoire])

434 1554 175 48 Signed:
670 1554 167 46 Henry
871 1552 237 41 Salomon.

432 1609 629 49 “Bibliographie”: p. 6 3.
365 1664 1900 52 © Mar. 4, 1931; 1c. Oct. 12; A—Foreign 13970; Librairie Hachette.
356 1756 168 66 Selle,
553 1755 199 55 Erwin
779 1756 347 65 Stevenson,
1158 1756 170 55 1887-

427 1834 121 53 The
588 1832 396 70 organization
1024 1834 113 53 and
1178 1832 282 54 activities
1500 1832 63 54 of
1602 1833 97 53 the
1736 1833 273 53 National
2050 1833 296 54 education

358 1910 364 69 association;
766 1930 30 34 a
836 1929 121 36 case
995 1911 169 67 study
1206 1909 57 51 in
1302 1910 356 54 educational
1695 1910 304 68 sociology,
2036 1911 75 67 by
2148 1911 198 53 Erwin

359 1987 1989 69 Stevenson Selle … Published with the approval of Professor
357 2066 207 55 Daniel
590 2069 76 52 H.
692 2068 179 67 Kulp,
948 2111 11 23 II,
982 2083 253 50 sponsor.
1310 2066 136 53 New
1473 2067 163 52 York
1660 2064 133 69 city,
1819 2066 277 53 Teachers
2121 2067 225 67 college,

358 2146 298 55 Columbia
687 2144 335 68 university,
1055 2148 148 50 1932.

428 2218 80 47 vii,
556 2218 84 39 180
686 2228 42 37 p.
789 2217 153 46 diagr.
1001 2217 55 38 23½
1089 2218 44 20 ᶜᵐ
1139 2246 8 9 .
1216 2215 265 48 (Teachers
1527 2216 191 46 college,
1765 2214 251 41 Columbia
2062 2215 284 48 university.

358 2273 367 42 Contributions
754 2276 48 37 to
833 2273 271 45 education,
1133 2283 76 32 no.
1238 2271 110 47 513)

429 2331 171 39 Issued
632 2331 103 39 also
769 2341 54 29 as
855 2330 153 39 thesis
1049 2329 106 47 (PH.
1222 2329 34 47 D.)
1298 2328 250 41 Columbia
1583 2328 285 48 university.

428 2387 347 47 Bibliography:
838 2397 40 37 p.
911 2385 214 42 177-180.

365 2441 51 53 ©
450 2447 114 45 May
594 2445 69 47 26,
697 2444 112 40 1932;
871 2445 65 39 2c.
972 2444 125 40 June
1129 2444 25 40 8;
1217 2442 82 41 aff.
1333 2443 125 39 June
1491 2442 55 40 20;
1607 2443 40 38 A
1680 2442 142 41 52698;
1884 2443 239 41 Teachers
2158 2444 190 46 college,

432 2501 246 41 Columbia
714 2501 129 40 univ.
914 2499 279 49 (32-17178)

355 2590 198 55 White
606 2590 184 54 house
841 2591 345 53 conference
1238 2605 73 38 on
1365 2589 154 54 child
1570 2588 205 55 health
1827 2590 116 54 and
1996 2590 346 65 protection.

428 2670 132 53 Sect.
653 2687 18 34 I:
713 2668 249 53 Medical
1001 2669 226 53 service.
1304 2666 337 56 Committee
1685 2685 74 36 on
1798 2666 243 56 medical
2083 2685 126 37 care
2249 2667 97 69 for

429 2748 272 54 children.

429 2823 172 56 Child
631 2824 194 52 health
857 2829 214 48 centers:
1132 2843 30 33 a
1195 2841 204 50 survey;
1461 2831 193 61 report
1686 2825 63 51 of
1780 2825 95 52 the
1908 2825 438 55 Subcommittee

358 2922 72 34 on
469 2903 194 52 health
702 2907 232 61 centers,
974 2904 55 53 J.
1069 2902 76 53 H.
1184 2903 203 52 Mason
1426 2903 191 65 Knox,
1655 2902 89 67 jr.,
1782 2901 310 67 chairman,
2130 2902 214 53 Lillian

357 2980 174 53 Laser
561 2981 245 64 Strauss,
834 2979 457 66 vice-chairman,
1316 2979 196 56 White
1538 2980 173 52 house
1737 2979 331 55 conference
2092 2998 71 34 on
2192 2981 152 53 child

357 3058 194 52 health
587 3059 112 51 and
736 3055 331 69 protection.
1139 3056 137 53 New
1314 3056 179 68 York,
1527 3057 258 67 London,
1820 3057 121 53 The
1977 3057 252 67 Century
2265 3076 78 35 co.

362 3139 192 64 [ ᶜ193 2]
427 3207 100 48 viii,
557 3206 55 41 57
642 3216 42 38 p.
715 3207 108 39 incl.
855 3206 141 39 form.
1055 3205 145 40 23½ᶜᵐ.
1263 3205 149 48 (With
1440 3206 64 40 its
1534 3203 251 42 Nutrition
1816 3204 183 41 service
2027 3204 50 41 in
2108 3206 82 40 the
2220 3206 122 41 field.

357 3262 705 49 New York, London, ᶜ193 2]
429 3318 1866 48 “Section I. Medical service, Samuel McC. Hamill, M. D., chairman …
359 3374 1968 108 Committee c. Medical care for children, Philip Van Ingen, M . D., chairman.”— p. [v]
365 3487 51 51 ©
446 3490 113 48 Apr.
589 3491 38 47 1,
658 3489 112 41 1932;
829 3489 66 40 2c.
927 3491 95 38 and
1052 3488 81 41 aff.
1164 3490 112 46 Apr.
1307 3488 55 39 22;
1421 3488 42 39 A
1492 3488 141 40 50925;
1694 3489 161 40 White
1885 3490 149 39 house
2065 3488 281 41 conference

433 3558 60 29 on
523 3547 129 41 child
683 3547 166 39 health
881 3545 93 39 and
1007 3545 281 47 protection,
1320 3546 106 47 Ray
1456 3545 183 47 Lyman
1671 3544 201 42 Wilbur,
1953 3576 7 7 M.
2026 3577 21 17 D.,
2081 3545 264 42 chairman.

433 3603 333 47 Washington.
836 3601 277 48 (32-16329)

357 3689 305 66 Williams,
691 3690 262 65 Charles,
985 3694 169 49 1886-

427 3763 1915 70 The greater trumps, by Charles Williams … London, Y.
359 3841 289 64 Gollancz,
676 3842 123 66 ltd.,
831 3844 147 49 1932.

426 3912 86 42 287
539 3923 43 38 p.
639 3912 56 41 19
698 3915 43 21 ᶜᵐ
746 3945 9 9 .

366 3968 1830 52 © 1c. June 22, 1932; A ad int. 16563; pubd. Apr. 25; C. Williams,
433 3972 1891 97 London.
610 4027 277 50 (32-17266)
