2563 4368
1068 4059 134 54 1447

481 517 1646 55 CONTENTS. — The Stoic [Cato] — The Christian [Saint Francis of
138 579 169 50 Assisi]
326 602 59 6 —
401 579 101 40 The
542 589 112 30 man
696 579 53 40 of
789 579 80 41 the
912 578 149 40 world
1106 576 345 51 [Chesterfield]
1470 600 59 6 —
1545 576 101 42 The
1688 575 128 43 child
1859 577 52 40 of
1951 579 174 38 nature

140 636 224 50 [Thomas
391 635 287 49 Day]—The
705 635 104 40 free
835 645 188 29 woman
1052 633 197 51 [George
1279 634 145 49 Sand]

141 689 51 52 ©
236 693 126 48 Sept.
403 692 69 48 22,
513 692 140 48 1932;
696 693 66 40 2c.
804 694 94 39 and
940 691 82 41 aff.
1066 691 125 48 Sept.
1234 691 82 47 24;
1361 692 39 37 A
1443 689 168 48 55242;
1658 692 62 37 M.
1762 691 188 46 Jaeger,
1994 690 133 40 West

208 748 266 47 Worthing,
509 748 191 47 Sussex,
734 748 234 47 England.
1038 745 279 49 (32-24988)

135 835 219 66 James,
384 838 223 64 Henry,
639 841 324 51 1843-1916.

207 913 244 54 Theatre
486 916 112 52 and
634 912 353 69 friendship;
1023 932 152 35 some
1208 916 202 65 Henry
1445 915 193 54 James
1673 913 211 68 letters,
1919 912 140 54 with
2095 932 32 34 a

137 997 383 64 commentary
566 993 76 67 by
689 992 296 54 Elizabeth
1035 991 233 54 Robins.
1343 992 137 53 New
1527 990 180 69 York,
1755 991 70 56 G.
1873 993 66 52 P.
138 993 1964 131 Putnam’s

347 1088 145 49 sons,
529 1074 147 50 1932.

207 1141 906 51 303 p. front., ports., facsim. 21½ ᶜᵐ.
141 1197 51 52 ©
219 1201 127 48 Sept.
370 1201 68 48 16,
462 1200 112 41 1932;
626 1200 66 39 2c.
718 1201 95 39 and
839 1199 79 41 aff.
947 1201 127 47 Sept.
1099 1199 55 40 26;
1208 1200 41 39 A
1273 1200 144 41 56078;
1472 1199 252 40 Elizabeth
1751 1199 182 40 Robins
1958 1199 169 49 Parks,

208 1258 207 39 London.
488 1257 279 49 (32-25009)

136 1342 313 68 Jefferson,
478 1346 265 53 Bernard
774 1346 160 64 Levi,
968 1346 172 53 1887-
1350 1346 83 52 ed.

205 1422 266 67 Literary
514 1420 213 55 studies
773 1422 94 52 for
910 1422 246 53 rhetoric
1200 1424 201 51 classes.
1497 1424 138 51 Rev.
1717 1421 253 56 Selected
2016 1423 112 53 and

136 1500 188 54 edited
362 1500 75 67 by
474 1500 260 52 Bernard
772 1500 63 54 L.
876 1499 300 68 Jefferson,
1213 1500 148 52 Paul
1399 1500 70 53 N.
1505 1498 235 69 Landis,
1776 1500 224 54 Arthur
2037 1502 90 54 W.

139 1576 1989 69 Secord [and] James E. Ernst … New York, T. Nelson and
136 1673 144 48 sons,
308 1658 150 49 1932.

207 1726 1922 51 xiii, 835 p. 21½ ᶜᵐ. (Half-title: Nelson’s English series; general editor,
141 1788 49 39 E.
217 1784 301 48 Bernbaum)

208 1841 262 41 Published
511 1839 116 41 1929
666 1840 155 40 under
861 1840 107 40 title;
1041 1839 225 49 Literary
1307 1840 187 41 studies
1534 1840 79 41 for
1652 1839 252 42 freshman
136 1850 1977 90 composition.

209 1953 341 49 “Suggestions
575 1953 81 41 for
680 1951 174 50 study”;
910 1963 43 38 p.
980 1951 216 42 757-835.

143 2008 50 52 ©
224 2012 126 48 Sept.
377 2011 69 48 16,
473 2010 112 41 1932;
642 2011 66 40 2c.
738 2010 128 48 Sept.
892 2009 55 39 22;
1005 2009 81 41 aff.
1117 2010 128 47 Sept.
1273 2010 55 40 26;
1384 2012 41 37 A
1452 2010 143 40 56069;
1653 2011 211 41 Thomas
1889 2012 179 40 Nelson
2096 2012 36 40 &

209 2079 125 30 sons.
404 2067 280 49 (32-25167)

138 2156 264 66 Jenkins,
431 2156 211 54 Burris
668 2155 237 65 Atkins,
937 2161 170 50 1869-

208 2234 262 66 Torrent,
498 2232 73 68 by
601 2232 204 52 Burris
835 2230 258 55 Jenkins.
1158 2231 418 69 Indianapolis,
1607 2234 123 52 The
139 2234 1967 128 Bobbs-Merrill

261 2311 507 67 company [ ᶜ19 32]
209 2381 88 42 346
324 2392 43 38 p.
428 2381 55 41 19½ᶜᵐ.

209 2438 162 42 “First
400 2437 228 43 edition.”

143 2492 51 52 ©
227 2497 126 47 Sept.
381 2498 68 46 14,
477 2496 112 40 1932;
647 2497 65 39 2c.
745 2497 128 46 Sept.
900 2496 55 40 27;
1014 2496 81 39 aff.
1127 2496 127 48 Sept.
1283 2496 55 39 29;
1397 2498 38 37 A
1465 2497 143 40 55304;
1666 2498 367 41 Bobbs-Merrill
2063 2510 68 30 co.

220 2552 279 48 (32-24985)

140 2642 315 65 Johnsone,
486 2642 318 64 Delphene.

210 2718 171 54 Webs
428 2718 64 53 of
537 2720 295 67 harmony,
880 2719 74 68 by
1002 2720 295 67 Delphene
1343 2722 318 68 Johnsone;
1713 2723 188 53 edited
1950 2724 75 67 by
2073 2726 55 53 J.

141 2795 308 68 Randolph
489 2795 243 56 Sasnett.
807 2797 298 68 Portland,
1143 2797 148 69 Ore.,
1328 2798 186 54 Print,
1553 2800 74 68 by
1665 2801 96 51 the
141 2801 1964 128 Metropolitan
266 2893 157 49 press
457 2878 190 65 [ᶜ1932]

212 2945 1103 51 6 p. l., 79 p. front. (mounted port.) 20½ ᶜᵐ.
212 3003 185 41 Poems.

147 3057 50 52 ©
231 3062 127 47 Sept.
388 3062 68 47 12,
486 3060 138 47 1932;
655 3061 65 40 2c.
752 3063 96 38 and
877 3062 80 39 aff.
992 3062 126 48 Sept.
1149 3061 81 49 19;
1263 3064 41 39 A
1333 3064 170 47 54877;
1537 3063 201 42 Charles
1770 3066 69 39 W.
1873 3066 258 48 Johnsone,

213 3118 298 47 Ellensburg,
546 3118 163 40 Wash.
779 3118 277 48 (32-25014)

141 3198 256 67 Kerwin,
425 3201 139 52 Mrs.
592 3201 341 55 Madeleine.

273 3273 1848 75 … One-over-one for everyone (the Philip Hal Sims system)
136 3350 1991 72 by Madeleine Kerwin. New York, The Kerwin company [ ᶜ19 32]
212 3422 479 48 vi, 116 p., 1 l. 18 ᶜᵐ.
213 3480 63 40 At
299 3480 125 40 head
448 3479 52 41 of
524 3480 107 40 title;
684 3481 100 41 The
806 3482 199 48 bidding
1027 3484 172 40 tactics
1223 3485 51 39 of
1300 3486 80 39 the
1405 3489 182 37 master
1610 3487 207 47 players.

216 3536 260 48 “Synopsis
511 3536 51 40 of
597 3538 80 39 the
711 3538 122 40 laws
868 3538 51 41 of
954 3541 217 39 contract
1209 3540 179 50 bridge,
1425 3553 54 29 as
1513 3543 209 47 adopted
1757 3544 61 46 by
1854 3543 80 40 the
1970 3541 161 42 Whist

143 3593 122 47 club,
293 3593 117 40 New
436 3592 157 41 York”;
651 3604 42 37 p.
723 3593 215 43 113-116.

149 3648 51 52 ©
230 3653 126 47 Sept.
385 3653 67 46 14,
480 3652 112 41 1932;
648 3652 66 41 2c.
744 3655 95 38 and
866 3653 80 39 aff.
978 3654 127 48 Sept.
1133 3655 55 39 23;
1245 3657 40 37 A
1313 3655 139 40 54981;
1514 3659 61 38 M.
1605 3656 212 49 Kerwin,
1846 3657 115 39 New
1989 3656 143 40 York.

225 3708 277 46 (32-24946)

145 3783 227 64 Knapp,
404 3783 226 63 George
658 3784 285 64 Leonard,
974 3786 169 53 1872-

213 3859 1918 71 The boys’ book of journalism, by George L. Knapp … New
147 3936 176 67 York,
349 3937 190 66 Dodd,
564 3936 169 53 Mead
759 3939 47 51 &
830 3955 295 51 company,
1156 3941 150 50 1932.
