2563 4368
1135 4045 97 55 173

240 505 69 39 On
353 514 167 30 cover:
566 503 322 44 Preliminary
932 502 137 39 draft
1112 499 312 41 conventions
1469 502 48 37 to
1560 499 57 39 be
1661 497 281 41 considered
1985 498 52 39 at
2082 497 81 41 the

170 561 132 39 sixth
339 560 208 48 meeting
582 560 51 38 of
671 560 79 40 the
787 559 228 45 advisory
1053 556 287 46 committee,
1378 556 210 39 Kendall
1626 555 164 46 house,
1828 554 113 40 1563
166 554 1975 103 Massachusetts

415 626 198 36 avenue,
651 615 301 48 Cambridge,
990 614 400 45 Massachusetts,
1428 612 250 46 February
1714 610 70 47 19,
1820 610 71 46 20,
1927 610 70 47 21,
2035 609 127 41 1932.

173 670 52 52 ©
257 675 107 38 Jan.
396 673 68 41 29.
497 673 111 39 1932;
669 673 65 39 2c.
768 673 94 39 and
895 672 81 40 aff.
1010 672 108 39 Feb.
1151 671 29 38 6;
1239 670 38 38 A
1307 668 171 45 48329;
1513 668 230 39 Harvard
1778 667 93 38 law
1901 666 176 40 school.

158 764 165 61 Rine,
354 764 318 62 Josephine
704 764 59 51 Z.

231 836 121 52 The
382 836 149 54 ideal
562 836 213 52 Boston
807 834 228 64 terrier;
1070 856 32 33 a
1132 836 273 67 complete
1435 833 229 56 treatise
1695 853 71 34 on
1798 833 95 55 the
1923 834 239 66 history,

163 910 286 72 breeding,
491 912 280 70 selection,
809 931 123 35 care
974 913 111 52 and
1125 919 395 61 management
1558 911 62 53 of
1661 911 217 53 Boston
1917 911 246 66 terriers,

163 987 2000 71 by Josephine Z. Eine … New York, Orange Judd publishing
164 1084 293 52 company,
488 1070 126 65 inc.,
647 1070 149 50 1932.

238 1140 1697 50 xvi p., 1 l., 19-192 p. front., illus., plates, fold. tab. 20½ᶜᵐ.
239 1198 162 41 “First
430 1199 195 47 printed
656 1198 237 49 January,
927 1198 156 41 1932.”

240 1254 188 42 “Based
459 1268 128 36 upon
620 1267 27 29 a
681 1256 149 40 series
865 1256 51 41 of
947 1255 200 41 articles
1178 1255 256 49 published
1468 1254 260 50 originally
1763 1254 49 40 in
1847 1253 321 51 Dogdom.”—

167 1313 61 47 cf.
263 1314 274 41 Foreword.

177 1368 50 52 ©
254 1372 107 39 Jan.
388 1370 58 40 29,
483 1370 140 46 1932;
650 1370 65 40 2c.
743 1371 95 38 and
864 1369 82 43 aff.
975 1370 109 40 Feb.
1109 1369 52 45 9;
1192 1370 39 38 A
1256 1368 144 42 48398;
1457 1369 191 48 Orange
1674 1370 130 39 Judd
1832 1368 108 50 pub.
1968 1380 81 37 co.,
2077 1369 89 41 inc.

254 1429 249 46 (32-4433)

172 1519 183 63 Ruck,
387 1519 201 54 Berta.

243 1596 141 52 This
415 1614 154 49 year,
602 1600 135 47 next
769 1613 153 49 year,
954 1593 377 53 sometime—.
1413 1594 391 67 [Instalments
1841 1593 187 68 17-20]

278 1670 58 38 (In
361 1665 249 44 Woman’s
638 1665 105 50 life,
771 1666 110 42 Jan.
911 1667 40 48 9,
982 1666 69 48 16,
1081 1666 72 48 23,
1183 1666 71 48 30,
1286 1666 143 49 1932)

179 1722 52 52 ©
257 1727 64 40 1c.
346 1726 116 40 each
490 1726 107 39 Feb.
623 1726 69 45 27,
719 1724 116 41 1932;
887 1725 38 38 A
949 1726 60 38 ad
1035 1724 87 41 int.
1148 1725 147 40 16088;
1345 1725 142 48 pubd.
1515 1725 108 40 Jan.
1650 1725 41 47 4,
1719 1725 67 43 11.
1813 1724 69 48 18,
1909 1724 82 47 25;
2021 1725 148 40 Berta

248 1783 136 39 Ruck
415 1782 176 49 Oliver,
625 1782 240 47 Windsor,
898 1782 169 47 Berks,
1101 1783 233 44 England.

168 1873 189 64 Rugg,
386 1873 220 53 Harold
636 1872 273 63 Ordway,
940 1877 171 49 1886-

248 1956 308 69 Changing
590 1961 399 63 governments
1026 1956 112 52 and
1176 1954 289 70 changing
1500 1955 276 67 cultures;
1815 1955 97 53 the
1948 1953 228 55 world’s

178 2034 1997 69 march toward democracy, by Harold Rugg … Boston, New
181 2113 161 53 York
393 2119 119 61 [etc.]
547 2113 156 55 Ginn
734 2114 112 52 and
876 2131 278 51 company
1232 2116 152 65 [ᶜ1932]

245 2188 97 46 xvi,
391 2186 83 40 701
523 2199 41 35 p.
626 2188 144 46 illus.,
818 2198 136 37 maps
984 2188 135 47 (part
1167 2188 197 46 double)
1423 2187 179 49 diagrs.
1661 2188 148 39 23½ᶜᵐ.
1870 2187 116 49 [The
2036 2188 139 48 Rugg

177 2243 150 41 social
356 2244 185 40 science
569 2254 182 32 course.
812 2244 100 41 The
941 2243 220 48 Reading
1190 2243 162 42 books,
1411 2246 92 38 vol.
1588 2263 11 31 VI]

249 2300 327 48 “Interesting
599 2300 226 49 readings
849 2301 129 40 from
1004 2300 157 41 which
1187 2311 95 37 you
1307 2312 90 29 can
1423 2304 79 45 get
1527 2300 273 42 additional
1826 2300 348 42 information”

179 2359 51 38 at
257 2359 93 39 end
377 2357 51 40 of
453 2360 125 37 most
606 2358 52 39 of
686 2357 82 41 the
795 2357 240 48 chapters.

183 2410 52 52 ©
265 2415 109 39 Jan.
404 2415 68 46 27,
503 2413 139 48 1932;
673 2414 67 40 2c.
772 2414 109 40 Feb.
911 2415 53 46 4;
997 2414 80 40 aff.
1111 2415 109 39 Feb.
1253 2415 51 46 1;
1335 2415 40 39 A
1403 2415 172 46 48278;
1609 2415 60 41 H.
1701 2416 152 47 Rugg,
1884 2415 116 40 New
2031 2414 144 41 York.

262 2471 250 49 (32-4414)

172 2561 171 65 Rust,
369 2561 192 54 Metta
587 2562 239 64 Maund,
856 2567 171 49 1889-

247 2638 122 52 The
401 2637 164 54 effect
598 2638 64 52 of
695 2638 303 54 resistance
1031 2657 69 34 on
1139 2638 359 69 intelligence
1532 2643 108 49 test
1672 2657 183 37 scores
1888 2638 65 54 of
1985 2658 193 50 young

177 2715 274 68 children,
476 2716 75 68 by
574 2715 182 53 Metta
780 2716 221 53 Maund
1025 2717 163 67 Rust,
1299 2759 11 10 PH.
1371 2760 9 8 D.
1458 2717 138 52 New
1621 2716 163 53 York
1808 2716 135 69 city,

178 2717 1975 128 Teachers
294 2792 229 69 college,
554 2792 299 55 Columbia
884 2793 334 68 university,
1250 2797 151 49 1931.

249 2867 65 48 xi,
344 2867 57 41 80
427 2878 44 37 p.
529 2866 178 48 diagrs.
764 2867 147 41 23½ᶜᵐ.
977 2867 300 48 (Half-title:
1306 2867 143 40 Child
1479 2868 333 47 development
1841 2869 336 48 monographs.

182 2924 299 48 Monograph
511 2934 75 30 no.
618 2922 52 48 6)

251 2981 172 39 Issued
453 2980 104 40 also
588 2990 54 30 as
674 2979 153 40 thesis
856 2980 108 47 (PH.
1027 2979 35 47 D.)
1103 2979 250 41 Columbia
1387 2979 286 48 university.

251 3036 349 48 Bibliography:
655 3046 44 37 p.
726 3035 70 41 66.

188 3089 52 52 ©
267 3094 101 41 Oct.
393 3093 69 47 26,
489 3092 113 40 1931;
657 3092 66 39 2c.
752 3093 108 39 Jan.
887 3091 71 48 25,
983 3090 112 41 1932;
1153 3091 80 39 aff.
1262 3092 116 40 Nov.
1407 3093 70 46 11,
1504 3092 112 40 1931;
1674 3093 40 39 A
1742 3093 143 41 48134;
1941 3093 240 41 Teachers

256 3151 190 46 college,
478 3149 251 40 Columbia
759 3149 129 39 univ.
960 3148 249 49 (32-4249)

178 3226 203 62 Sayre,
409 3225 144 65 Joel,
584 3230 170 49 1900-

255 3302 256 67 Rackety
550 3320 121 47 rax,
710 3301 75 68 by
824 3302 129 53 Joel
996 3300 206 69 Sayre;
1248 3301 138 52 with
1428 3301 215 54 sixteen
1686 3301 379 54 illustrations
2106 3300 72 69 by

186 3380 152 52 Alan
367 3380 192 52 Dunn.
634 3380 138 52 New
804 3380 180 65 York,
1012 3380 71 52 A.
1115 3380 70 52 A.
1217 3379 226 69 Knopf,
1475 3383 151 50 1932.

254 3454 892 49 4 p. l., 3-147, [1] p. illus. 21ᶜᵐ.
257 3511 160 41 “First
449 3510 226 41 edition.”

193 3563 50 51 ©
273 3567 108 40 Feb.
410 3568 38 41 5,
478 3567 113 40 1932;
646 3567 67 41 2c.
742 3567 109 40 Feb.
882 3567 57 40 10;
993 3566 82 42 aff.
1105 3568 109 40 Feb.
1244 3568 55 39 16;
1356 3568 40 39 A
1421 3568 144 40 48483;
1624 3568 41 40 J.
1700 3567 164 48 Sayre,
1893 3568 116 40 New
2038 3567 142 40 York.

270 3622 249 48 (32-4563)

182 3698 429 64 Scarborough,
640 3699 289 63 Dorothy.

257 3773 121 53 The
422 3774 406 69 stretch-berry
874 3776 177 65 smile,
1098 3775 74 69 by
1217 3776 264 68 Dorothy
1531 3771 415 72 Scarborough.
189 3772 1969 146 Indianapolis,

497 3853 121 51 The
649 3853 443 53 Bobbs-Merrill
1126 3872 279 50 company
1484 3857 152 63 [ᶜ1932]

257 3924 88 41 326
374 3937 43 36 p.
506 3925 115 41 19½ᶜᵐ.

259 3981 163 41 “First
452 3982 225 43 edition.”
