2563 4368
1441 4074 65 52 84

451 556 137 53 New
642 554 179 69 York,
873 555 216 66 Joseph
1143 554 65 51 F.
1261 552 269 67 Wagner,
1582 549 135 64 inc.;
1773 545 257 64 London,
2086 544 67 51 B.
2205 540 229 54 Herder

519 707 65 46 ix,
613 707 89 39 488
729 717 42 36 p.
830 706 144 38 23½ᶜᵐ.

455 771 52 53 ©
534 776 127 47 Sept.
687 775 68 47 12,
780 775 139 45 1931;
945 774 67 39 2c.
1039 773 110 41 Feb.
1174 773 40 46 8,
1238 770 140 48 1932;
1407 769 81 42 aff.
1515 769 109 39 Feb.
1651 769 53 45 6;
1731 767 41 40 A
1795 765 171 46 48332;
1995 763 181 50 Joseph
2202 762 41 39 F
2266 793 8 8 .
524 763 1900 117 Wagner,
650 832 92 40 inc.

453 930 248 69 Carney,
730 934 199 67 Hugh,
961 935 171 51 1883-

521 1011 152 52 How
709 1015 58 47 to
805 1008 162 52 make
1007 1007 326 69 prosperity
1371 1022 144 50 now,
1553 1003 76 69 by
1667 1001 181 69 Hugh
1890 998 242 70 Carney.
2209 999 234 64 Boston,

455 1086 584 69 Corac press [ ᶜ1 931]
524 1169 63 46 iv,
615 1167 57 41 59
696 1178 43 37 p.
798 1166 146 42 19½ᶜᵐ.

463 1222 51 52 ©
542 1227 124 39 June
692 1225 69 47 24,
790 1224 140 47 1931;
958 1223 66 40 2c.
1053 1223 94 40 and
1175 1221 81 41 aff.
1284 1222 107 39 Jan.
1421 1220 39 50 8,
1488 1219 140 47 1932;
1659 1219 40 39 A
1726 1216 170 48 45914;
1927 1216 59 40 H.
2017 1215 53 40 A.
2102 1213 201 49 Carney,
531 1215 1897 107 Boston.
697 1280 248 50 (32-2800)

460 1380 234 69 Cheley,
723 1384 197 53 Frank
949 1380 247 67 Hobart,
1229 1385 169 49 1889-

529 1457 301 70 Bettering
864 1456 290 69 boyhood;
1193 1452 268 71 boystuff,
1496 1453 162 51 home
1697 1449 104 55 life
1841 1450 108 52 and
1993 1447 341 69 leadership,
2372 1446 74 68 by

461 1535 196 53 Frank
689 1535 76 52 H.
801 1534 238 67 Cheley;
1077 1532 322 53 illustrated
1433 1530 75 70 by
1541 1526 251 56 author’s
1828 1526 410 69 photographs.
460 1526 1964 153 Boston,

602 1608 933 72 W. A. Wilde company [ ᶜ1 931 ]
530 1693 85 40 317
641 1703 43 37 p.
747 1692 162 47 front.,
938 1691 169 47 plates.
1168 1689 115 41 20ᶜᵐ.

535 1749 181 40 “These
758 1747 124 42 little
925 1747 185 40 studies
1152 1747 121 39 have
1317 1754 163 38 grown
1523 1745 86 39 out
1649 1743 52 41 of
1744 1754 28 30 a
1817 1741 168 49 simple
2030 1739 213 49 parents’
2289 1739 159 41 school

464 1806 264 39 conducted
766 1803 248 48 annually,
1050 1803 61 47 by
1148 1804 82 38 the
1267 1799 305 49 Highlander
1609 1800 92 46 boy
1736 1797 291 43 foundation
2066 1797 53 40 of
2157 1795 295 41 Denver.”—

466 1862 182 39 Introd.

536 1915 372 49 Bibliography:
938 1925 42 38 p.
1008 1912 217 43 316-317.

471 1970 51 52 ©
554 1974 127 47 Sept.
709 1972 67 49 12,
805 1972 139 47 1931;
976 1972 66 40 2c.
1072 1971 107 41 Jan.
1209 1972 68 48 21,
1307 1970 139 48 1932;
1478 1969 81 42 aff.
1589 1971 107 39 Jan.
1728 1968 81 49 20;
1840 1970 40 38 A
1909 1969 169 41 47117;
2112 1968 70 41 W.
2214 1968 52 39 A.
2299 1965 157 41 Wilde

540 2042 66 29 co.
676 2029 248 49 (32-2903)

469 2128 159 68 Clay,
659 2130 243 57 Cassius
928 2129 330 67 Marcellus,
1289 2133 169 50 1895-

537 2205 344 69 Regulation
917 2204 64 52 of
1015 2204 192 67 public
1242 2202 266 68 utilities;
1549 2222 31 32 a
1616 2201 210 53 crucial
1862 2203 254 66 problem
2154 2201 60 51 in
469 2199 1961 136 constitutional
759 2285 386 66 government,
1191 2281 75 68 by
1315 2277 227 56 Cassius
1589 2280 78 51 M.
1718 2277 159 71 Clay.
1963 2279 137 51 New
2150 2278 180 66 York,
2378 2277 75 52 H.

468 2357 809 71 Holt and company [ ᶜ1 932 ]
538 2436 674 51 3 p. l., v-xi, 309 p. 21ᶜᵐ.
540 2494 207 42 “Notes”
772 2496 54 40 at
848 2497 93 38 end
967 2495 54 39 of
1043 2494 119 42 each
1189 2495 211 46 chapter.

542 2550 245 42 “Selected
813 2551 243 40 reference
1083 2550 140 42 list”:
1251 2560 43 38 p.
1321 2547 216 45 301-309.

479 2605 51 52 ©
559 2610 106 39 Jan.
692 2609 69 48 22,
788 2607 139 48 1932;
956 2609 67 40 2c.
1052 2608 94 42 and
1174 2608 80 41 aff.
1283 2608 107 41 Jan,
1418 2607 81 49 26;
1529 2608 41 39 A
1595 2608 170 47 48121;
1797 2608 133 39 Henry
1991 2608 117 40 Holt
2137 2608 36 40 &
2201 2618 82 37 co.,
2313 2607 88 39 inc.

557 2664 248 50 (32-2896)

476 2767 250 65 Clevely,
757 2768 198 65 Hugh.

548 2843 208 51 Fraser
781 2840 156 54 butts
964 2842 78 66 in,
1070 2840 73 69 by
1172 2841 180 68 Hugh
1383 2839 247 70 Clevely.
1704 2841 139 53 New
1874 2841 179 67 York,
2083 2841 66 52 E.
2180 2841 56 53 J.
2270 2839 193 67 Clode,

478 2920 335 67 inc. [ ᶜ1 931]
548 3003 86 39 256
663 3013 42 37 p.
765 3000 113 41 19ᶜᵐ.

485 3056 50 51 ©
568 3060 110 38 Dec.
709 3058 39 46 5,
780 3055 139 48 1931;
952 3057 66 39 2c.
1051 3057 94 40 and
1177 3057 80 39 aff.
1291 3058 108 39 Jan.
1431 3056 68 50 30,
1532 3056 139 48 1932;
1705 3058 40 39 A
1776 3057 169 48 48208;
1982 3058 211 40 Edward
2226 3058 42 38 J.
2304 3055 157 47 Clode,

552 3116 87 39 inc.
711 3113 247 48 (32-2873)

480 3214 359 54 Conference
868 3231 72 35 on
971 3213 449 67 examinations,
1449 3216 373 66 Eastbourne,
1850 3218 166 64 Eng.,
2046 3221 149 51 1931.

479 3285 1963 308 Conference on examinations, under the auspices of the Carnegie corporation, the Carnegie foundation and the International institute of Teachers college, Columbia university; conference organized and proceedings edited by Paul Monroe …
482 3597 198 54 Grand
707 3596 170 68 hotel,
905 3595 371 69 Eastbourne,
1304 3597 286 69 England,
1618 3598 139 67 May
1783 3601 84 66 23,
1894 3602 84 64 24,
2003 3602 85 64 25,
2117 3604 149 49 1931.
2329 3601 136 51 New

483 3674 161 51 York
680 3673 133 67 city,
851 3673 275 51 Teachers
1165 3674 227 65 college,
1432 3672 297 56 Columbia
1768 3675 333 68 university,
2143 3681 149 47 1931.

553 3744 518 50 5 p. l., 316 p. 24ᶜᵐ.
552 3802 101 39 The
685 3800 186 41 French
902 3801 94 38 and
1030 3798 207 42 German
1267 3800 254 42 addresses
1552 3803 95 38 and
1679 3811 174 39 papers
1884 3802 341 49 accompanied
2255 3805 60 47 by
483 3806 1970 92 English
607 3855 307 43 translation.

491 3910 51 52 ©
573 3915 110 40 Dec.
714 3912 68 48 22,
812 3911 139 47 1931;
982 3911 67 40 2c.
1080 3910 108 41 Jan.
1220 3911 67 49 15,
1319 3910 140 49 1932;
1493 3912 81 43 aff.
1607 3913 109 40 Feb.
1748 3913 51 47 2;
1834 3915 40 38 A
1904 3915 169 47 48230;
2108 3916 240 42 Teachers
558 3917 1894 101 college,
707 3968 245 42 Columbia
987 3967 281 49 university.
1340 3968 246 50 (32-3096)
