2563 4368
1128 4025 100 49 909

161 412 248 62 Oregon.
484 409 275 65 Supreme
792 410 175 50 court.

231 476 1914 77 Reports of cases decided … Bryan Goodenough, reporter.
201 607 8 9 v.
248 566 111 49 138.
436 562 175 52 From
643 560 318 53 November
994 562 49 65 3,
1078 560 153 65 1931,
1261 564 59 47 to
1354 557 296 66 February
1685 558 82 63 16,
1802 557 150 49 1932.
2029 552 116 55 San

161 635 1710 72 Francisco, Calif., Bancroft-Whitney company [ ᶜ1 932 ]
234 713 465 48 xiii, 750 p. 23 ᶜᵐ .
168 766 51 52 ©
252 772 124 38 June
405 769 69 47 25,
505 767 112 41 1932;
677 768 66 40 2c.
776 768 115 46 July
923 767 55 38 14;
1040 765 81 40 aff.
1154 765 115 48 July
1301 764 53 39 12;
1417 764 41 39 A
1488 763 143 40 54095;
1696 762 137 40 State
1865 761 52 40 of
1949 760 201 48 Oregon,

239 827 171 46 Salem,
440 826 77 40 Or.

164 923 195 64 Owen,
390 923 202 62 Harry
619 919 312 65 Collinson,
965 923 171 50 1882-

296 990 1859 73 … Les rois du crime, traduit de l’anglais par Henry Musnik.
166 1078 184 67 Paris,
381 1077 276 53 Nouvelle
686 1075 258 52 librairie
977 1073 282 65 française
1297 1076 171 63 [1931]

236 1143 1805 57 2 p. l., [7]-249 p., 2 l. 19 ᶜᵐ . ( On cover: Les documents du siècle)
236 1210 63 40 At
326 1209 124 40 head
476 1209 53 39 of
556 1208 109 40 title;
722 1206 247 42 Collinson
997 1205 159 41 Owen.

237 1266 326 46 Translation,
595 1264 121 41 with
748 1274 131 30 some
911 1262 270 48 omissions,
1214 1262 52 39 of
1299 1261 81 40 the
1414 1259 216 41 author’s
1663 1259 132 48 King
1827 1257 158 42 crime.

170 1319 51 52 ©
266 1322 100 41 Oct.
411 1322 68 47 10,
523 1321 139 48 1931;
707 1321 65 40 1c.
816 1321 111 39 Dec.
969 1319 81 47 21;
1097 1318 309 48 A—Foreign
1449 1316 169 43 14922;
1664 1317 232 38 Nouvelle
1938 1313 221 41 librairie

238 1380 257 47 française.
568 1377 278 49 (32-15406)

164 1473 214 56 Pacific
430 1478 272 64 reporter.
779 1472 218 54 Second
1050 1470 185 54 series.
1312 1470 169 54 Cases
1535 1469 214 68 argued
1805 1468 112 53 and
236 1466 1894 139 determined
453 1552 59 52 in

539 1553 95 51 the
663 1552 273 67 Supreme
963 1555 188 50 courts
1176 1548 63 53 of
1267 1547 343 67 California,
1636 1548 244 62 Kansas,
1908 1545 248 69 Oregon,

235 1631 400 67 Washington,
676 1630 301 66 Colorado,
1014 1629 296 66 Montana,
1349 1627 272 64 Arizona,
1659 1624 255 69 Nevada,
1952 1624 204 68 Idaho,

236 1706 328 71 Wyoming,
607 1708 178 66 Utah,
826 1708 138 52 New
1008 1706 241 68 Mexico,
1295 1705 340 66 Oklahoma,
1678 1703 246 54 District
1968 1709 188 47 courts

239 1787 63 52 of
328 1787 205 68 appeal
560 1786 111 53 and
697 1787 285 66 appellate
1009 1786 363 67 department
1395 1784 63 53 of
1483 1784 97 53 the
1608 1783 275 68 Superior
1907 1787 162 50 court
2094 1782 62 53 of

241 1862 324 56 California
593 1865 111 51 and
733 1862 262 56 criminal
1022 1867 161 49 court
1209 1862 64 53 of
1299 1864 233 67 appeals
1559 1862 63 52 of
1650 1862 339 68 Oklahoma,
2017 1861 140 54 with

238 1942 108 68 key
382 1943 237 51 number
659 1941 364 53 annotations.
1112 1961 52 32 v.
1203 1945 29 49 8
1282 1941 127 68 (2d)
1457 1942 203 54 March
1700 1944 64 50 18
1801 1947 59 47 to
1898 1940 173 70 April
2109 1944 49 64 8,

242 2022 149 50 1932.
466 2020 346 52 Permanent
842 2020 84 52 ed.
1004 2018 82 55 St.
1121 2020 166 68 Paul,
1316 2021 159 54 West
1507 2019 336 69 publishing
1874 2037 98 51 co.,
2007 2022 150 52 1932.

243 2093 527 48 xviii, 1197 p. 26 ᶜᵐ .
177 2147 51 52 ©
259 2152 125 38 June
412 2150 69 46 14,
510 2150 139 46 1932;
679 2150 68 40 2c.
777 2151 115 46 July
921 2150 81 46 11;
1036 2149 81 41 aff.
1149 2150 115 47 July
1294 2150 81 47 12;
1407 2150 43 39 A
1478 2150 170 47 54014;
1680 2151 137 40 West
1846 2151 106 47 pub.
1985 2162 65 28 co.

172 2240 177 65 Page,
380 2238 208 64 Kirby,
623 2242 171 51 1890-

243 2317 120 52 The
402 2315 351 68 personality
793 2315 63 52 of
895 2316 195 67 Jesus;
1132 2315 298 68 pathways
1469 2316 75 67 by
1584 2316 186 53 which
1810 2316 70 52 he
1920 2315 240 54 climbed

172 2392 1964 147 the heights of life, by Kirby Page … New York, Association press, 1932.
245 2543 490 49 xiii, 176 p. 18½ ᶜᵐ .
248 2601 175 40 “Short
458 2598 364 49 bibliography”
861 2602 52 37 at
949 2599 81 40 the
1065 2599 92 40 end
1193 2598 53 41 of
1279 2599 119 40 each
1435 2600 215 47 chapter.

182 2653 51 52 ©
269 2659 125 38 June
428 2658 40 45 1,
503 2655 112 41 1932;
680 2656 65 40 2c.
782 2658 127 38 June
941 2657 25 39 3;
1033 2656 81 40 aff.
1150 2658 126 38 June
1309 2658 28 37 4;
1401 2657 43 38 A
1477 2657 143 40 52285;
1688 2657 206 40 General
1930 2659 151 39 board
2117 2658 52 39 of

249 2714 83 40 the
359 2714 170 47 Young
554 2713 147 39 men’s
731 2712 251 41 Christian
1011 2712 333 49 associations,
1376 2714 117 39 New
1522 2714 144 40 York.

259 2770 277 48 (32-15321)

178 2859 310 65 Pancoast,
515 2858 308 57 Chalmers
846 2859 231 66 Lowell,
1106 2864 171 50 1880-
1488 2877 180 50 comp.

247 2937 121 53 The
398 2938 236 51 modern
665 2937 299 67 Templar;
1000 2956 31 33 a
1064 2937 370 67 compilation
1467 2937 66 53 of
1565 2938 307 66 addresses,
1905 2956 267 47 sermons,

178 3015 312 67 editorials,
517 3033 155 49 gems
697 3014 65 53 of
788 3015 249 68 thought
1065 3016 112 52 and
1206 3015 124 53 aids
1359 3015 94 53 for
1481 3034 302 49 programs
1808 3017 113 51 and
179 3016 1969 130 observances

373 3092 65 54 of
468 3094 98 52 the
595 3095 234 51 modern
864 3095 166 51 order
1064 3093 65 53 of
1161 3093 256 68 Knights
1449 3095 247 66 templar
1729 3093 64 53 of
1826 3095 95 52 the
1956 3094 215 54 United

182 3169 1989 70 States, by Sir Knight Chalmers Lowell Pancoast … Limited
181 3250 323 67 autograph
558 3251 84 51 ed.
716 3250 139 52 New
909 3249 180 67 York,
1144 3249 69 53 N.
1270 3250 91 66 Y.,
1408 3249 209 68 Macoy
1671 3250 337 68 publishing
2060 3251 111 52 and

179 3328 249 52 masonic
455 3328 211 67 supply
691 3345 297 51 company,
1016 3331 151 50 1932.

249 3400 1051 50 xiii, 173 p. front., illus., ports. 21½ ᶜᵐ .
253 3457 144 40 “This
425 3457 182 40 edition
633 3458 42 40 is
700 3457 188 40 limited
916 3461 49 37 to
992 3457 93 40 five
1109 3457 222 41 hundred
1358 3457 173 49 copies,
1560 3457 167 49 signed
1755 3459 63 47 by
1846 3459 79 39 the
1952 3456 219 42 author.”

181 3513 117 40 This
322 3524 117 37 copy
466 3513 189 40 neither
680 3514 261 40 numbered
965 3524 88 30 nor
1079 3513 181 48 signed.

190 3564 51 52 ©
266 3571 125 39 June
415 3570 38 45 8,
478 3569 139 42 1932;
644 3569 67 41 2c.
737 3571 94 39 and
857 3569 81 40 aff.
964 3571 124 38 June
1113 3569 26 40 9;
1193 3570 41 38 A
1258 3570 142 40 51688;
1456 3570 48 41 C.
1531 3571 50 39 L.
1607 3571 254 48 Pancoast,
1887 3571 116 38 New
2028 3570 142 39 York.

268 3625 277 48 (32-15536)

184 3713 244 65 Peretti,
462 3714 203 64 Lydie.

255 3788 83 53 La
361 3790 147 51 mère
533 3790 67 51 de
623 3790 347 68 l’empereur,
994 3790 217 53 Letizia
1238 3790 344 68 Bonaparte,
1607 3808 104 50 par
1734 3788 182 69 Lydie
1942 3787 230 54 Peretti.

188 3863 237 56 Preface
474 3865 67 52 de
588 3866 193 52 Pierre
828 3866 269 52 Bonardi.
1185 3866 154 54 Avec
1384 3886 109 33 une
1540 3885 243 49 gravure
1829 3867 132 51 hors
2007 3870 164 47 texte.

188 3940 181 67 Paris,
401 3942 145 52 Plon
584 3945 171 65 [1932]
