2563 4368
1098 4061 132 48 1133

149 442 223 64 Potter,
400 440 153 55 John
581 438 189 66 Kelly,
801 444 169 50 1904-

221 518 226 55 Samuel
486 517 65 52 L.
591 516 276 68 Clemens,
904 515 125 53 first
1067 514 244 54 editions
1351 514 112 53 and
1502 513 211 67 values,
1749 513 75 66 by
1863 511 156 55 John
2058 512 74 51 K.

150 595 212 53 Potter.
445 594 271 68 Chicago,
760 594 113 66 Ill.,
917 593 120 52 The
1083 592 183 53 Black
1309 592 196 52 archer
1548 609 175 49 press,
1768 593 151 50 1932.

222 667 26 38 2
279 678 44 38 p.
389 698 9 16 l.,
431 665 69 49 iii,
536 667 71 50 [1],
701 697 9 16 80,
746 665 55 51 [2]
833 677 44 38 p.
935 665 165 47 front.,
1131 664 128 41 illus.
1288 664 133 48 (incl.
1453 663 240 47 facsims.)
1899 693 10 9 18½ᶜᵐ.

225 723 92 39 “Of
357 723 99 40 this
498 723 134 39 work
675 722 85 40 500
800 722 159 47 copies
1000 723 123 38 have
1165 722 118 39 been
1323 721 162 39 issued
1526 720 81 39 for
1648 719 313 46 subscribers,
2004 720 132 39 after

155 780 155 40 which
352 780 82 39 the
475 781 113 46 type
630 778 122 40 lines
794 779 123 39 have
959 777 117 41 been
1119 778 229 40 returned
1392 779 51 37 to
1484 777 82 39 the
1607 775 204 49 melting
1850 777 97 46 pot.
2018 776 118 40 This

153 847 117 38 copy
300 836 43 40 is
372 836 200 40 number
605 833 126 42 153.”

160 890 51 52 ©
250 895 113 45 Apr.
403 893 38 46 1,
481 891 139 46 1932;
662 891 67 40 2c.
769 892 113 46 Apr.
923 892 24 37 11;
1046 889 83 41 aff.
1174 890 111 47 July
1323 889 82 47 20;
1449 890 40 38 A
1530 888 169 48 53321;
1742 888 216 41 William
1999 889 141 48 Targ,

227 949 220 47 Chicago.
518 947 278 47 (32-19601)

153 1050 363 54 President’s
553 1050 344 54 conference
937 1065 71 37 on
1046 1049 171 53 home
1253 1046 268 65 building
1554 1048 116 54 and
1707 1047 174 55 home
221 1062 1893 131 ownership,

476 1127 324 67 Washington,
826 1129 72 52 D.
979 1168 29 21 C.,
1038 1130 151 50 1931.

223 1205 190 68 Negro
445 1204 271 69 housing;
751 1210 195 62 report
977 1204 64 53 of
1072 1204 95 53 the
1199 1205 338 55 Committee
1568 1222 74 36 on
1671 1222 176 50 negro
1877 1202 263 72 housing,

158 1284 225 52 Nannie
411 1283 76 52 H.
521 1282 353 69 Burroughs,
904 1282 321 67 chairman;
1261 1283 280 67 prepared
1575 1282 92 53 for
1698 1283 96 52 the
1827 1283 317 52 committee

159 1361 74 55 by
269 1360 234 55 Charles
541 1360 56 55 S.
633 1360 289 68 Johnson;
960 1361 187 52 edited
1181 1361 77 67 by
1293 1361 156 53 John
1483 1360 79 53 M.
1600 1360 166 55 Gries
1803 1361 113 52 and
1951 1361 193 54 James

159 1440 172 52 Ford.
389 1440 402 68 Washington,
814 1441 72 50 D.
912 1438 81 68 C.,
1016 1439 119 52 The
1161 1439 347 53 President’s
1533 1438 327 54 conference
1885 1458 74 34 on
1984 1440 162 52 home

156 1517 1182 69 building and home ownership [ ᶜ1 932 ]
228 1592 96 48 xiv,
351 1591 85 41 282
461 1602 45 37 p.
560 1592 162 47 front.,
750 1593 173 47 plates.
976 1591 146 41 23½ᶜᵐ.

230 1649 224 40 Lettered
494 1660 61 29 on
593 1658 166 30 cover:
801 1648 226 47 Physical
1067 1650 216 46 aspects;
1326 1647 150 41 social
1516 1648 95 40 and
1652 1646 241 42 economic
1931 1649 213 47 factors;

159 1704 138 41 home
325 1704 274 49 ownership
625 1706 97 38 and
751 1704 258 49 financing.

227 1759 373 48 Bibliography:
629 1769 42 38 p.
698 1758 217 42 260-271.

164 1814 51 51 ©
247 1818 115 48 July
391 1817 69 46 23,
491 1816 83 41 1932;
663 1819 68 38 2c.
763 1818 94 39 and
889 1817 81 40 aff.
1002 1817 115 46 July
1148 1817 82 46 25;
1264 1818 40 38 A
1336 1816 169 47 53248;
1540 1817 294 41 President's
1866 1818 282 40 conference

233 1884 60 28 on
325 1874 137 39 home
496 1873 218 47 building
747 1875 95 38 and
876 1873 137 40 home
1046 1873 289 48 ownership,
1371 1874 180 40 Robert
1586 1875 49 37 P.
1672 1874 205 40 Lamont
1913 1874 96 39 and
2044 1875 106 46 Ray

233 1930 183 47 Lyman
446 1930 200 42 Wilbur,
678 1929 126 46 joint
835 1929 259 47 chairmen,
1128 1929 333 49 Washington.
1532 1929 278 49 (32-26908)

157 2031 269 67 Rawson,
457 2033 137 53 Mrs.
626 2032 229 54 Marion
887 2031 249 58 Nicholl.

228 2108 176 53 From
446 2109 131 53 here
623 2114 60 49 to
727 2109 212 68 yender;
1016 2111 158 66 early
1217 2110 166 53 trails
1428 2111 112 52 and
1585 2110 272 69 highway
1903 2110 124 68 life,
2071 2111 75 67 by

158 2182 1986 71 Marion Nicholl Rawson … with illustrations by the author.
157 2259 1333 72 New York, E. P. Dutton & co., inc. [ ᶜ1 932]
232 2333 96 49 xvi,
356 2333 86 42 308
471 2346 45 38 p.
572 2335 164 47 front.,
767 2335 128 41 illus.
954 2334 146 42 21½ᶜᵐ.

233 2390 286 42 Illustrated
554 2392 362 49 lining-papers.

235 2447 161 42 “First
428 2448 225 41 edition.”

170 2501 51 51 ©
249 2506 116 47 July
390 2505 69 47 26,
486 2505 83 40 1932;
653 2505 68 40 2c.
750 2506 114 47 July
890 2505 83 46 29;
1003 2505 81 40 aff.
1112 2506 116 48 July
1253 2506 83 41 28:
1365 2507 41 39 A
1433 2508 169 45 53335;
1634 2509 52 38 E.
1715 2509 49 38 P.
1794 2509 187 41 Dutton
2009 2510 35 40 &
2072 2519 81 38 co.,

236 2561 90 40 inc.
396 2561 278 48 (32-19472)

164 2661 248 67 Rivaud,
443 2663 228 65 Albert,
705 2664 170 55 1876-

296 2739 1796 72 … Les crises allemandes (1919-1931) par Albert Rivaud …
164 2816 185 67 Paris,
374 2817 70 52 A.
475 2815 185 68 Colin,
687 2819 149 51 1932.

242 2889 61 48 vi,
339 2889 88 41 218
461 2899 45 37 p.
573 2889 146 41 17½ᶜᵐ.
796 2888 286 49 (Collection
1119 2891 216 41 Armand
1374 2891 137 41 Colin
1562 2891 216 50 (Section
1819 2893 250 43 d’histoire
2109 2897 49 39 et

168 2945 209 40 sciences
435 2945 328 48 économiques)
830 2948 56 38 n°
915 2945 109 49 150)

245 3000 857 50 “Ouvrages à consulter” : p. 216.
174 3055 1984 57 © Mar. 16. 1932; 1c. June 21; A—Foreign 17144; Max Leclerc & cie.,
242 3116 154 40 Paris.
466 3115 277 49 (32-20217)

169 3216 329 66 Roosevelt,
527 3216 282 55 Franklin
838 3218 240 67 Delano,
1109 3225 170 50 1882-

239 3293 558 56 Government—not
827 3296 246 68 politics,
1103 3297 76 67 by
1212 3298 283 53 Franklin
1526 3300 71 52 D.
1633 3300 315 53 Roosevelt.
2023 3300 138 53 New

170 3371 860 70 York, Covici-Friede [ ᶜ1 932 ]
239 3444 369 48 107 p. 19 ½ᶜᵐ .
178 3496 51 51 ©
265 3501 114 46 July
413 3501 69 41 28.
516 3500 140 47 1932;
693 3502 66 39 2c.
795 3504 120 46 Aug.
947 3505 54 44 3;
1038 3503 81 39 aff.
1155 3504 116 47 July
1305 3505 83 47 30;
1424 3506 42 39 A
1500 3504 169 48 53439;
1709 3506 51 39 F.
1796 3506 55 38 D.
1889 3506 270 46 Roosevelt,

245 3556 202 48 Albany.
517 3557 278 47 (32-26965)

175 3649 282 66 Rostand,
485 3652 166 64 Jean,
682 3660 171 49 1894-

304 3726 1852 72 … L’evolution des especes, histoire des idees transformistes.
179 3802 744 71 [ Paris] Hachette [ ᶜ1 932]
248 3873 1186 55 205, [1] p. 19ᶜᵐ . (Le roman de la science)
182 3927 1978 60 © Mar. 23, 1932; 1c. June 21; A—Foreign 17119; Librairie Hachette.
259 3988 276 49 (32-20515)
