2563 4368
1260 4081 126 50 1520

307 462 177 66 King,
518 463 233 55 Gordon
784 462 296 64 Congdon,
1115 465 324 51 1893-1930.

375 541 122 53 The
532 540 110 53 rise
678 539 64 54 of
777 540 197 66 Rome,
1009 539 75 68 by
1120 537 235 56 Gordon
1391 538 178 68 King.
1643 537 231 56 Garden
1911 537 154 67 City,
2100 537 71 52 N.
2211 536 91 67 Y.,

306 618 356 67 Doubleday,
691 618 197 53 Doran
918 619 47 51 &
993 633 296 50 company,
1318 616 127 65 inc.,
1477 618 151 51 1932.

380 686 1349 53 7 p. l. , 218 p. incl. front., illus., maps, plates. 23½ ᶜᵐ.
379 745 271 50 “Designed
679 745 97 41 and
806 744 280 42 illustrated
1119 744 59 47 by
1211 743 186 41 Gustav
1427 742 223 43 Jensen.”

380 804 162 40 “First
572 802 227 43 edition.”

381 859 376 50 Bibliography;
787 870 44 38 p.
861 857 217 42 201-204.

317 929 51 51 ©
406 933 102 40 Oct.
543 932 40 47 5,
619 930 113 41 1932;
797 931 67 39 2c.
902 932 94 38 and
1034 930 79 39 aff.
1155 930 101 41 Oct.
1293 932 25 39 7;
1385 933 39 37 A
1461 930 143 40 56269;
1671 931 120 38 Arto
1829 927 327 49 Funduklian,
2193 930 115 39 New

385 989 142 39 York.
598 987 279 48 (32-28038)

311 1092 181 65 Ladd,
525 1091 224 55 Walter
780 1090 354 56 Alexander.

381 1168 210 53 Ladd’s
628 1167 442 53 Massachusetts
1107 1167 212 67 digest:
1359 1167 441 53 Massachusetts
1839 1167 275 67 Supreme
2150 1172 160 48 court

312 1251 239 64 reports,
579 1247 251 51 volumes
859 1248 240 50 232-269
1130 1245 291 67 inclusive,
1453 1248 152 64 1932,
1630 1245 77 67 by
1732 1244 222 56 Walter
1981 1243 329 55 Alexander

312 1323 1692 67 Ladd … Limited ed. Boston, E. W. Hildreth, 1932.
383 1397 475 50 3 p. l. , 770 p. 26 ᶜᵐ.
387 1451 1924 52 “This digest … consolidates volumes II, III, IV, V and VI of Hildreth’s
316 1509 1976 100 Massachusetts digest … with a digest of the cases found in the Massachusetts
576 1570 202 45 reports,
818 1567 216 39 volumes
1073 1565 216 48 264-269,
1329 1565 250 50 inclusive,
1619 1568 84 39 not
1741 1566 276 41 heretofore
2056 1565 256 51 published

315 1627 61 47 by
407 1623 293 42 us.”—Pref.

322 1692 51 52 ©
399 1697 113 46 Apr.
538 1695 55 40 25,
633 1693 139 48 1932;
801 1693 66 40 2c.
894 1694 112 46 Apr.
1034 1693 56 39 30;
1145 1693 82 38 aff.
1254 1693 113 47 Apr.
1393 1693 83 47 28;
1505 1693 40 39 A
1572 1693 169 47 51106;
1834 1727 7 6 W.
1871 1695 53 40 A.
1951 1694 150 43 Ladd,
390 1694 1906 104 Somerville,

599 1762 91 29 Mass.
764 1749 278 49 (32-29089)

317 1853 241 66 Lamon,
587 1855 201 62 Harry
813 1853 188 64 Miles,
1033 1853 171 55 1872-

387 1932 150 53 How
585 1938 57 47 to
693 1931 147 52 raise
884 1930 234 68 turkeys
1165 1929 388 68 successfully,
1600 1932 118 52 also
1766 1931 253 69 guineas,
2068 1931 248 70 peafowl

319 2007 1974 133 and pheasants, by Harry M. Lamon … and Jos. Wm. Kinghorne …
669 2084 1641 71 Washington, D. C., Lamon and Kinghorne [ ᶜ1 932]
388 2160 86 41 138
501 2171 42 37 p.
603 2159 143 48 illus.,
774 2159 177 48 diagrs.
1013 2158 57 41 19ᶜᵐ.

326 2226 1986 51 © Aug. 1, 1932; 2c. and aff. Sept. 9; A 55041; H. M . Lamon and Jos.
455 2296 57 29 Wm.
546 2285 295 45 Kinghorne.
935 2284 272 45 Washington.
1278 2284 279 48 (32-25863)

322 2387 375 65 Linderman,
730 2388 199 52 Frank
960 2387 161 65 Bird,
1159 2392 171 51 1868-

392 2465 123 53 Red
538 2465 239 65 mother,
800 2465 74 67 by
898 2464 197 54 Frank
1119 2468 67 51 B.
1209 2465 379 68 Linderman;
1615 2465 325 55 illustrated
1965 2467 74 69 by
2065 2468 250 53 Herbert

321 2542 1915 71 Morton Stoops. New York, The John Day company [ ᶜ1 932]
391 2617 87 40 256
508 2628 42 37 p.
611 2616 129 40 illus.
797 2615 56 40 21½ᶜᵐ.

393 2675 101 39 The
526 2673 88 40 life
645 2676 134 44 story
812 2673 51 39 of
895 2672 359 48 Pretty-shield,
1288 2684 27 29 a
1349 2673 445 42 medicine-woman
1826 2675 52 40 of
1910 2675 83 41 the
2024 2675 178 42 Crows.

330 2741 50 51 ©
412 2745 101 39 Oct.
542 2747 29 36 6,
611 2743 112 40 1932;
782 2747 66 36 2c.
878 2745 94 37 and
1002 2743 80 39 aff.
1115 2744 100 39 Oct.
1248 2745 24 38 7;
1331 2745 39 37 A
1401 2744 167 42 56305;
1604 2746 49 39 F.
1685 2747 52 38 B.
1770 2747 306 48 Linderman,
2110 2748 204 45 Somers,

449 2804 95 36 Mont.
616 2799 276 48 (32-27272)

324 2902 333 67 Lindquist,
691 2902 303 55 Gustavus
1027 2901 197 55 Elmer
1256 2904 305 65 Emanuel,
1595 2909 171 52 1886-

394 2981 57 54 A
487 2979 306 55 handbook
829 2979 95 54 for
960 2979 342 71 missionary
1339 2981 249 55 workers
1627 3000 208 53 among
1872 2986 96 52 the
2006 2985 304 55 American

326 3057 1986 73 Indians, by G. E. E. Lindquist … New York, Home missions
326 3135 1763 73 council and Council of women for home missions [ ᶜ1 932]
395 3210 245 49 87 p. 23 ᶜᵐ.
450 3266 176 42 Material
661 3267 78 39 for
772 3265 98 40 this
905 3265 254 39 handbook
1194 3276 98 30 was
1328 3266 233 48 gathered
1596 3269 61 48 by
1691 3280 27 29 a
1755 3270 141 39 small
1930 3268 274 45 committee
327 3282 1974 91 appointed

554 3323 61 47 by
647 3323 81 39 the
762 3321 136 40 Joint
930 3322 272 40 committee
1235 3334 61 28 on
1328 3323 175 41 Indian
1537 3326 134 39 work
1704 3327 52 38 of
1789 3326 83 40 the
1903 3326 155 41 Home
2090 3325 226 45 missions

327 3380 185 41 council
543 3379 95 40 and
669 3378 197 41 Council
897 3378 50 39 of
976 3388 183 29 women
1187 3378 79 39 for
1294 3379 138 40 home
1462 3379 225 42 missions.
1760 3381 61 48 cf.
1852 3382 271 42 Foreword.

398 3436 347 48 Bibliography:
800 3444 43 38 p.
872 3433 155 41 83-87.

332 3504 52 51 ©
419 3508 126 48 Sept.
576 3507 69 41 29.
678 3506 112 39 1932;
850 3505 65 39 2c.
950 3508 94 37 and
1077 3506 80 38 aff.
1192 3506 101 40 Oct.
1324 3509 26 37 4;
1412 3509 40 37 A
1485 3508 141 41 55393;
1689 3511 152 38 Home
1874 3512 224 39 missions
2131 3512 186 41 council

401 3566 93 37 and
526 3563 195 40 Council
752 3563 51 39 of
832 3571 182 30 women
1043 3562 78 38 for
1149 3562 138 40 home
1316 3563 239 41 missions.
1626 3566 278 48 (32-28956)

329 3665 251 64 Liptzin,
612 3667 288 62 Solomon,
933 3670 170 49 1901-

396 3741 1914 69 Arthur Schnitzler, by Sol Liptzin … New York, Prentice-
328 3817 158 68 Hall,
515 3819 127 64 inc.,
672 3821 151 50 1932.

399 3889 873 49 4 p. l. , 275 p. front. (port.) 21 ᶜᵐ.
335 3956 52 52 ©
423 3961 127 47 Sept.
583 3961 68 42 27,
687 3960 112 40 1932;
863 3960 65 41 2c.
965 3961 100 39 Oct.
1102 3961 24 39 6;
1191 3961 80 39 aff.
1310 3963 100 39 Oct.
1445 3964 52 40 4;
1536 3965 38 37 A
1611 3965 141 38 55445;
1818 3964 371 42 Prentice-Hall.
2224 3965 92 41 inc.

413 4016 277 51 (32-25991)
