2563 4368
1054 4042 102 57 767

93 441 1984 81 Teacher supply and demand in Ohio, 1929/30 … Columbus,
166 523 1151 74 O., The Ohio state university [ ᶜ1 932]
170 591 1912 61 xii, 170 p., 1 l. 24 ᶜᵐ . annual. (Half-title: [Ohio state university]
99 659 193 40 Bureau
323 658 50 39 of
400 657 307 42 educational
736 657 237 40 research.
1035 655 322 49 Monographs.
1432 665 72 32 no.
1536 654 80 48 11)

167 724 72 40 On
267 735 166 30 cover:
462 725 121 39 Ohio
613 725 128 40 state
768 724 270 48 university
1067 722 199 42 studies.

169 780 215 50 1929/30,
415 782 60 48 by
506 783 54 40 E.
589 783 70 39 W.
691 782 251 40 Anderson
971 782 96 39 and
1098 782 56 41 R.
1184 781 57 41 R.
1273 781 183 47 Foster,
1490 791 27 29 a
1548 780 127 47 joint
1705 777 296 53 publication
2034 779 52 41 of

100 839 82 40 the
209 837 121 43 Ohio
358 838 257 40 education
643 837 294 42 association
967 839 95 39 and
1093 838 81 40 the
1202 839 193 39 Bureau
1427 838 51 40 of
1508 837 307 40 educational
1846 834 238 49 research,

100 895 122 41 Ohio
253 896 130 40 state
412 894 286 50 university.

104 960 51 52 ©
185 966 122 42 Mar.
335 965 70 47 25,
434 964 141 47 1932;
606 963 67 43 2c.
702 965 96 41 and
828 963 82 42 aff.
938 963 114 49 Apr.
1081 963 83 48 25;
1195 964 42 39 A
1267 963 169 47 51013;
1470 964 195 40 Bureau
1697 963 51 39 of
1778 959 308 44 educational

171 1021 236 48 research,
441 1021 121 40 Ohio
593 1023 126 39 state
751 1020 143 47 univ.,
928 1020 273 48 Columbus,
1235 1021 52 40 O.
1358 1019 278 50 (32-13428)

97 1152 274 65 Thomas,
400 1154 259 63 Eugene.

165 1241 122 54 The
332 1242 262 54 intimate
640 1248 278 63 stranger,
965 1244 74 67 by
1087 1245 235 66 Eugene
1370 1243 264 54 Thomas.
1718 1243 140 52 New
1908 1242 178 66 York,

96 1317 1225 73 Sears publishing company, inc. [ ᶜ1 932]
166 1391 558 52 3 p. l., 272 p. 19½ ᶜᵐ .
106 1459 51 52 ©
189 1463 113 48 May
333 1463 69 48 20,
435 1462 113 42 1932;
607 1462 68 44 2c.
709 1464 113 51 May
853 1463 56 40 24;
971 1463 80 41 aff.
1086 1466 113 46 May
1231 1464 56 40 23;
1349 1466 41 38 A
1421 1464 143 42 51475;
1628 1466 52 38 E.
1714 1464 223 48 Thomas,
1972 1466 116 40 New

173 1521 144 39 York.
387 1519 278 50 (32-13341)

101 1651 162 55 Utah
300 1652 111 53 and
447 1650 211 58 Pacific
693 1653 201 69 digest,
931 1654 266 69 covering
1234 1653 78 53 all
1344 1671 149 39 cases
1528 1654 268 68 reported
1829 1655 64 52 in
1925 1654 160 56 Utah

170 1733 240 65 reports,
445 1733 327 67 1850-1931,
804 1730 212 58 Pacific
1047 1735 274 65 reporter,
1353 1733 251 53 volumes
1640 1736 187 65 1-300,
1862 1733 114 54 and
2010 1735 77 52 all

173 1805 1612 75 of the Pacific states reports from the earliest times …
170 1809 1893 150 Compiled
353 1887 112 52 and
493 1886 190 55 edited
710 1888 75 68 by
809 1888 95 53 the
932 1888 339 70 publisher’s
1300 1889 266 56 editorial
1591 1888 137 56 staff.
1818 1908 52 37 v.
1900 1895 184 50 11-13.

173 1963 84 55 St.
283 1965 165 68 Paul,
473 1965 160 54 West
661 1964 332 71 publishing
1020 1983 97 51 co.,
1147 1970 151 51 1932.

172 2039 27 39 3
233 2049 42 30 v.
334 2038 116 41 26ᶜᵐ.

439 2119 115 30 CONTENTS.—v.
583 2107 69 42 11.
681 2109 234 42 Criminal
941 2113 108 45 law,
1077 2111 25 40 1
1128 2114 49 38 to
1202 2111 204 42 904.—v.
1437 2111 70 43 12.
1535 2114 236 40 Criminal
1796 2115 107 45 law,
1931 2114 85 41 905
2044 2118 49 39 to

105 2166 213 40 end.—v.
347 2164 71 41 13.
445 2165 463 51 Crops-Discovery.

110 2229 51 52 ©
193 2235 113 48 May
334 2235 69 49 24,
435 2234 113 41 1932;
606 2235 67 42 2c.
704 2237 118 40 each
853 2237 126 40 June
1009 2238 53 39 11;
1124 2238 82 42 aff.
1238 2239 125 39 June
1394 2240 52 40 13;
1509 2242 41 38 A
1579 2240 319 43 52486-52488;
1960 2243 133 40 West

177 2290 108 49 pub.
316 2303 67 29 co.

109 2423 323 66 Waldman,
461 2426 305 64 Seymour.

174 2513 187 53 Death
395 2516 112 51 and
538 2514 227 69 profits;
799 2536 31 33 a
861 2518 171 67 study
1063 2518 63 54 of
1156 2520 96 52 the
1281 2521 143 54 War
1454 2519 231 70 policies
1718 2522 373 70 commission,

103 2589 75 69 by
213 2590 276 69 Seymour
522 2593 322 54 Waldman.
919 2596 139 52 New
1093 2596 179 67 York,
1306 2599 245 67 Brewer,
1587 2601 243 53 Warren
1864 2605 52 49 &
104 2599 1965 142 Putnam,
281 2673 149 50 1932.

179 2739 64 50 ix,
268 2741 87 41 156
377 2753 44 37 p.
480 2740 145 42 19½ᶜᵐ.

113 2807 51 52 ©
193 2813 113 47 May
333 2813 68 48 13,
429 2811 113 42 1932;
598 2813 67 40 2c.
695 2815 113 47 May
837 2813 54 41 19;
950 2815 82 41 aff.
1062 2816 115 48 May
1203 2817 54 39 21;
1315 2819 41 38 A
1385 2818 146 43 52086;
1586 2821 208 49 Brewer,
1825 2822 205 41 Warren
2059 2824 37 40 &

179 2869 222 48 Putnam,
432 2870 90 40 inc.
593 2869 278 52 (32-13714)

112 2986 193 64 Ward,
336 2987 244 55 Charles
605 2988 319 66 Henshaw,
953 2991 171 56 1872-

176 3075 451 72 Writing-craft,
665 3099 31 34 a
731 3080 89 53 kit
855 3080 94 54 for
982 3082 358 69 high-school
1378 3087 391 70 composition,
1804 3090 76 68 by
1917 3092 61 55 C.
2015 3093 77 53 H.

108 3152 1962 152 Ward … Chicago, Atlanta [etc.] Scott, Foresman and company [ᶜ1932]
180 3303 736 51 1 p. l., 429 p. illus. 19½ᶜᵐ.
180 3372 388 49 “Writing-craft
610 3375 44 40 is
693 3388 65 29 an
798 3380 276 45 outgrowth
1113 3380 128 40 from
1284 3382 418 51 Theme-building
1740 3388 98 39 and
1879 3386 216 43 includes

111 3439 128 30 some
265 3431 54 41 of
344 3431 65 40 its
436 3431 414 44 matter.”—Pref.

118 3494 51 52 ©
201 3500 112 48 May
343 3501 68 46 13,
442 3501 112 41 1932;
614 3500 67 44 2c.
712 3506 96 38 and
837 3504 82 44 aff.
952 3507 113 46 May
1096 3508 57 39 16;
1211 3509 41 38 A
1282 3509 145 41 51328;
1488 3511 147 50 Scott,
1668 3513 261 41 Foresman
1962 3515 36 40 &
2029 3527 68 29 co.

194 3555 276 50 (32-13571)

113 3669 352 69 Washburn,
495 3676 221 53 Homer
744 3678 261 66 Charles,
1037 3682 170 54 1876-

181 3759 1909 84 Beginning pharmacy, by Homer C. Washburn … [and]
113 3834 1956 150 Carl J. Klemme … New York, J. Wiley & sons, inc.; London,
273 3913 296 70 Chapman
601 3921 46 49 &
673 3920 160 68 Hall,
862 3921 239 70 limited,
1135 3928 149 51 1932.
