2563 4368
1382 4093 99 49 656

443 487 236 64 Hottes,
706 485 210 55 Alfred
947 486 152 65 Carl,
1130 490 171 50 1891-

512 573 1928 71 The book of trees, by Alfred Carl Hottes … New York,
442 653 69 54 N.
549 654 91 67 Y.,
674 654 122 52 The
831 654 70 52 A.
936 654 65 52 T.
1036 654 88 52 De
1155 654 84 52 La
1274 653 163 52 Mare
1470 670 298 51 company,
1802 652 136 68 inc.;
1976 653 270 67 Toronto,
2283 651 158 69 Can.,

443 731 245 54 General
716 732 335 67 publishing
1077 748 297 50 company,
1399 731 123 67 ltd.,
1551 733 151 50 1932.

515 804 98 49 viii,
641 805 87 40 440
754 816 43 37 p.
823 805 110 40 incl.
960 804 163 47 front.,
1152 803 142 49 illus.,
1322 803 180 49 diagrs.
1561 803 146 41 19½ᶜᵐ.

517 875 163 40 “Book
708 876 96 39 and
833 874 204 41 bulletin
1066 873 112 41 list”:
1239 884 42 38 p.
1310 873 218 41 428-429.

451 944 52 51 ©
534 948 111 47 Apr.
676 946 69 48 20,
777 945 113 42 1932;
950 945 69 43 2c.
1047 946 94 39 and
1174 945 81 40 aff.
1286 945 112 47 Apr.
1430 944 55 41 23;
1546 945 39 38 A
1616 943 143 42 49711;
1820 945 54 39 A.
1906 945 53 40 T.
1989 944 74 40 De
2092 944 68 41 La
2192 945 136 40 Mare
2359 954 84 37 co.,

519 1004 91 40 inc.
679 1003 279 48 (32-11587)

448 1123 265 64 Hughes,
743 1123 131 64 Ray
902 1122 252 65 Osgood,
1185 1123 171 55 1879-

512 1213 58 52 A
598 1213 295 52 text-book
924 1213 59 52 in
1015 1213 337 67 citizenship;
1416 1212 350 69 community
1798 1212 188 68 civics,
2017 1212 281 54 economic
443 1212 1975 147 civics,

569 1289 1875 71 vocational civics. Rev. ed. By R. O. Hughes … Boston,
444 1369 139 53 New
619 1369 163 52 York
838 1376 119 59 [etc.]
998 1369 180 69 Allyn
1213 1370 112 52 and
1361 1370 193 52 Bacon
1635 1371 151 65 [ᶜ1931]

514 1442 1231 49 xxvi p., 1 l., 744 p., 1 l., 39 p. illus. 19 ½ᶜᵐ .
518 1515 128 40 “The
673 1514 144 41 effort
840 1515 43 40 is
906 1516 141 39 made
1072 1515 113 39 here
1212 1517 47 37 to
1285 1515 109 39 deal
1419 1514 119 40 with
1563 1525 143 37 every
1732 1513 128 49 topic
1885 1513 52 41 of
1960 1513 299 49 importance
2285 1512 160 42 which

445 1573 42 40 is
516 1572 190 39 treated
735 1571 49 40 in
816 1572 80 40 the
926 1570 217 41 author’s
1174 1571 178 40 earlier
1382 1570 322 49 ‘Community
1734 1570 160 41 civics’
1926 1571 97 40 and
2053 1570 269 41 ‘Economic
446 1569 1980 101 civics’.”—Foreword.

516 1685 294 41 “Reference
840 1686 148 40 books
1017 1685 78 40 for
1127 1685 194 40 teacher
1352 1686 97 39 and
1478 1684 162 49 pupil”:
1701 1695 43 38 p.
1774 1684 143 41 27-31
1948 1686 54 39 at
2029 1684 108 41 end.

451 1754 52 51 ©
531 1758 125 39 June
682 1757 69 48 30,
778 1756 112 41 1931;
948 1756 67 39 2c.
1043 1756 112 43 Dec.
1181 1756 56 39 12;
1294 1754 82 41 aff.
1403 1755 112 40 Dec.
1544 1755 57 40 10;
1655 1756 41 38 A
1722 1754 147 42 46376;
1922 1755 145 49 Allyn
2095 1760 37 41 &
2159 1755 177 40 Bacon.

529 1814 280 48 (32-11452)

447 1934 398 64 Huntington,
881 1932 245 56 Charles
1158 1932 217 56 White.

519 2025 277 54 Enclaves
848 2024 63 53 of
961 2023 283 53 economic
1292 2029 129 47 rent
1469 2023 95 52 for
1613 2024 97 51 the
1757 2041 137 50 year
1946 2024 150 52 1931.
2171 2022 187 70 Being
2406 2040 34 36 a

449 2102 395 69 compendium
887 2103 63 53 of
987 2103 97 53 the
1120 2103 149 68 legal
1309 2103 329 52 documents
1674 2102 287 69 involved,
1999 2101 262 69 together
2300 2101 140 55 with

448 2200 31 33 a
544 2181 297 52 historical
908 2181 367 67 description,
1342 2181 72 68 by
1484 2181 236 54 Charles
1786 2182 196 54 White
2047 2181 391 69 Huntington.

448 2259 1992 70 Twelfth annual volume … Harvard, Mass., Fiske Warren,
451 2342 146 53 1932.

554 2445 8 16 x,
597 2412 70 50 [2],
697 2412 87 41 338
811 2422 45 38 p.
914 2422 152 38 maps.
1124 2412 117 40 21ᶜᵐ.

451 2480 52 51 ©
529 2485 114 47 Apr.
668 2483 69 48 27,
766 2482 112 42 1932;
933 2483 69 40 2c.
1028 2485 94 38 and
1150 2483 82 41 aff.
1260 2484 113 47 May
1400 2484 53 40 13;
1510 2483 42 39 A
1577 2482 145 42 51339;
1778 2483 144 42 Fiske
1950 2485 218 41 Warren.

446 2602 393 64 Hutchinson,
871 2603 131 62 Ray
1031 2602 279 64 Coryton.

514 2694 124 52 The
671 2692 320 69 answering
1027 2692 183 69 glory,
1244 2693 75 69 by
1353 2695 68 52 R.
1459 2694 63 54 C.
1556 2693 382 55 Hutchinson.
2013 2696 239 52 London
2312 2701 119 61 [etc.]

445 2771 214 54 Cassell
690 2772 113 52 and
833 2789 295 50 company,
1158 2771 222 54 limited
1437 2775 151 64 [1932]

513 2842 368 50 320 p. 19½ᶜᵐ .
451 2911 1986 55 © 1c. Apr. 30, 1932; A ad int. 16343; pubd. Mar. 3; R. C. Hutchinson,
517 2971 241 47 Norwich,
791 2973 235 46 England.
1096 2971 280 49 (32-12733)

446 3074 349 66 Jerusalem,
822 3073 291 66 Wilhelm,
1144 3080 325 52 1854-1923.

510 3163 1862 71 An introduction to philosophy, by Wilhelm Jerusalem …
442 3240 353 53 Authorized
832 3240 340 54 translation
1220 3241 180 68 (from
1435 3242 96 54 the
1571 3243 130 51 10th
1736 3243 104 68 ed.,
1875 3261 113 35 rev.
2029 3245 111 52 and
2178 3243 136 69 enl.)
2359 3243 76 70 by

445 3316 1990 71 Charles F. Sanders … Rev. ed. New York, The Macmillan
443 3411 295 52 company,
769 3397 150 51 1932.

511 3465 525 50 xvii, 526 p. 19½ᶜᵐ .
448 3535 52 51 ©
526 3540 114 46 Apr.
664 3538 70 48 26,
760 3538 113 41 1932;
928 3538 68 40 2c.
1023 3540 94 38 and
1143 3539 82 42 aff.
1250 3540 114 47 Apr.
1390 3539 55 41 27;
1500 3541 40 38 A
1568 3540 143 40 51022;
1768 3542 279 41 Macmillan
2074 3552 67 32 co.

524 3595 278 48 (32-11468)

442 3699 280 64 Josephy,
754 3698 204 56 Helen.

510 3787 144 52 Beer
698 3787 112 52 and
853 3787 249 67 skittles;
1150 3807 31 34 a
1228 3790 255 69 friendly
1527 3791 172 69 guide
1742 3796 57 49 to
1842 3792 235 52 modern
2122 3790 305 71 Germany,

442 3863 71 68 by
540 3863 185 53 Helen
754 3864 257 69 Josephy
1038 3866 111 51 and
1177 3866 171 69 Mary
1375 3868 295 68 Margaret
1700 3868 303 68 McBride;
2036 3869 288 70 drawings
2351 3869 74 69 by

440 3939 293 70 Margaret
757 3941 292 53 Freeman.
1113 3942 138 53 New
1279 3943 179 68 York,
1483 3944 258 69 London,
1767 3944 69 56 G.
1863 3946 67 53 P.
1958 3945 295 55 Putnam’s
2280 3964 143 49 sons,

439 4020 150 50 1932.
