2563 4368
0 0 0 0 1194
401 539 1920 60 294, [1] p. illus., 17b (i. e. 19) pl. 19 ᶜᵐ. [Veröffentlichungen der
333 607 277 39 Deutschen
640 601 494 50 buchgemeinsehaft,
1163 601 101 49 327]

336 651 1970 115 © Apr. 1, 1930; 1c. Feb. 13, 1931; A— Foreign 11519; Deutsche buchgemeinschaft,
798 726 40 36 g.
867 726 61 28 m.
956 716 43 38 b.
1025 714 45 37 h.
1142 713 121 48 (Agr
1280 712 199 49 30-913)

330 820 245 65 Brooks,
605 817 256 64 Harlow,
896 817 170 54 1871-

463 888 1861 70 … Functional disturbances of the heart, by Harlow Brooks
338 967 1987 153 Philadelphia and London, J. B. Lippincott company [ ᶜ1 932 ]
404 1119 1348 55 xix, 19-288 p. 21 ᶜᵐ. (Everyday practice series)
341 1179 51 52 ©
420 1183 116 47 July
562 1182 69 47 21,
660 1180 113 41 1932;
830 1181 68 40 2c.
927 1180 94 39 and
1051 1178 81 41 aff.
1160 1179 118 46 Aug.
1309 1178 54 40 16;
1421 1178 42 39 A
1489 1177 142 40 54432;
1692 1178 43 40 J.
1763 1178 55 39 B.
1846 1176 278 49 Lippincott
2151 1187 67 29 co.

418 1237 279 51 (32-21039)

335 1342 233 64 Brown,
599 1341 71 54 A.
703 1340 86 65 E.,
822 1357 179 49 comp.

407 1418 234 53 Beware
679 1417 63 52 of
780 1414 346 54 imitations!
1206 1414 299 68 Compiled
1544 1413 153 55 from
1733 1415 97 52 the
1867 1415 224 52 records
2131 1414 63 52 of
2231 1415 95 52 the

338 1496 216 54 United
591 1494 189 56 States
813 1496 210 51 Patent
1057 1493 165 68 office,
1253 1494 77 67 by
1363 1494 71 52 A.
1469 1494 69 52 E.
1574 1495 213 51 Brown
1821 1492 113 53 and
1967 1493 77 53 H.
2078 1493 71 52 A.
338 1492 1964 150 Jeffcott,
498 1573 70 69 jr.

644 1573 138 53 New
810 1571 178 68 York,
1017 1572 121 53 The
1165 1570 220 69 Viking
1412 1589 174 49 press,
1617 1574 149 52 1932.

410 1646 85 40 125
524 1657 30 38 p
626 1645 143 46 illus.,
801 1645 179 47 diagrs.
1039 1644 56 40 21½ᶜᵐ.

345 1701 51 52 ©
426 1705 115 47 July
570 1704 39 47 8,
637 1702 140 48 1932;
809 1703 67 40 2c.
905 1702 117 47 July
1051 1702 81 47 11;
1165 1701 82 40 aff.
1277 1701 115 47 July
1421 1701 82 47 23;
1536 1701 42 39 A
1605 1699 170 49 54241;
1808 1700 54 41 A.
1893 1702 53 39 E.
1976 1701 191 47 Brown,
2197 1702 137 40 West

412 1759 354 48 Philadelphia,
798 1759 98 48 Pa.,
928 1760 96 38 and
1056 1758 60 39 H.
1149 1757 55 41 A.
1238 1757 213 46 Jeffcott,
1483 1757 76 49 jr.,
1592 1756 312 48 Lansdowne,
1938 1758 82 38 Pa.
423 1815 280 49 (32-21062)

339 1918 334 67 Chadwick,
704 1919 191 63 Mary.

472 1991 1860 72 … The psychological effects of menstruation, by Mary
342 2072 326 55 Chadwick.
738 2072 139 53 New
912 2071 162 52 York
1106 2072 111 52 and
1250 2070 400 69 Washington,
1682 2071 257 53 Nervous
1974 2072 112 52 and
2119 2072 214 53 mental

340 2151 214 53 disease
580 2149 335 69 publishing
939 2167 297 49 company,
1264 2151 150 50 1932.

412 2221 1919 51 1 p. l., 70 p. 23½ᶜᵐ. (Nervous and mental disease monograph series,
341 2290 75 31 no.
446 2279 80 48 56)

412 2335 376 48 Bibliography:
819 2345 44 37 p.
891 2334 157 41 50-51.

349 2388 51 52 ©
437 2393 120 48 Aug.
591 2393 39 46 1,
668 2391 139 47 1932;
845 2392 68 40 2c.
951 2392 95 38 and
1082 2389 81 42 aff.
1200 2391 120 48 Aug.
1357 2390 82 48 16;
1477 2391 41 39 A
1555 2389 169 50 54439;
1764 2392 220 40 Nervous
2020 2393 95 40 and
2153 2393 181 39 mental

417 2448 189 41 disease
628 2448 109 48 pub.
762 2458 67 30 co.
899 2446 278 49 (32-21047)

349 2536 385 68 [Colmorgen,
772 2538 185 66 Hans]

483 2613 1847 72 …Tierbilder aus deutschen landen, III - IV . Raubvögel.
345 2690 217 69 Berlin,
586 2692 283 53 Deutsche
933 2692 555 69 verlagsgesellschaft
1511 2713 72 33 m.
1609 2694 53 53 b.
1686 2694 54 53 h.
1793 2697 152 65 [1930]

417 2765 395 40 1 v. illus. 21 ᶜᵐ.
417 2820 232 41 Author’s
677 2821 177 47 pseud.,
887 2821 140 39 Hans
1055 2831 92 30 von
1177 2823 86 38 der
1292 2823 288 48 Nordmark,
1612 2825 54 39 at
1695 2825 124 39 head
1848 2824 53 40 of
1931 2824 122 41 title.

351 2871 1967 101 © Mar. 20, 1930; 1c. Nov. 1; A—Foreign 10264; Deutsche verlagsgesellschaft
606 2943 60 29 m.
691 2932 43 41 b.
759 2932 44 38 h.

347 3021 239 66 Cooper,
618 3021 244 55 Charles
890 3022 65 56 P.

418 3095 220 56 Should
678 3097 95 52 the
815 3096 642 72 “prohibition-repeal”
1498 3102 179 68 plank
1717 3103 144 52 have
1902 3103 138 53 been
2085 3104 247 53 inserted

346 3173 1987 77 in the platform of the national Democratic party? … By
348 3249 1983 73 Charles P. Cooper … Jacksonville, Fla., Cooper press, ᶜ1 932.
416 3322 246 49 52 p. 23 ᶜᵐ.
353 3375 51 52 ©
435 3381 114 47 July
578 3382 69 47 23,
677 3381 140 48 1932;
849 3382 66 41 2c.
946 3384 95 38 and
1071 3383 82 41 aff.
1183 3385 116 48 July
1327 3386 83 47 27;
1442 3386 42 39 A
1513 3386 169 48 53319;
1716 3387 48 41 C.
1797 3389 50 39 P.
1880 3388 196 48 Cooper,
419 3388 1897 97 Jacksonville,

579 3437 102 41 Fla.
752 3437 277 49 (32-21080)

346 3524 278 65 Cramlet,
653 3526 319 57 Theodore.

415 3599 271 68 Physical
740 3602 299 55 education
1093 3605 309 70 activities;
1462 3628 31 34 a
1549 3627 272 52 program
1876 3608 65 55 of
1991 3608 342 53 intramural

345 3677 1987 77 gymnastics for secondary schools, by Theodore Cramlet … and
345 3750 1987 81 Russell C. Hinote … with preface by J. C. Elsom … illustrated
345 3827 141 54 with
531 3830 287 71 drawings
864 3834 113 53 and
1022 3834 410 70 photographs.
1514 3840 139 53 New
1700 3839 179 69 York,
1926 3839 192 67 Dodd,
2162 3838 170 53 Mead

344 3905 114 53 and
484 3925 298 52 company,
809 3912 150 51 1932.

412 3977 1444 61 xxii p., 2 l., 3-302 p. front., illus., plates, diagrs. 19 ᶜᵐ.
