2563 4368
1075 4014 62 53 17

118 385 314 56 American
460 386 224 53 bureau
713 386 64 52 of
804 384 298 64 shipping,
1131 382 137 54 New
1302 383 177 53 York.

248 461 1807 68 … Record of American and foreign shipping [1932] …
123 544 155 64 [New
309 544 179 63 York,
519 545 84 52 De
634 541 570 54 Vinne-Hallenbeck
1233 559 97 37 co.,
1361 543 125 64 inc.,
1518 541 267 66 printers,
1819 543 152 63 1931]

190 616 305 47 1257 p. 27 ᶜᵐ.
196 686 131 47 “Key
359 688 47 38 to
437 684 362 42 abbreviations
829 684 229 41 attached
1090 687 48 37 to
1167 684 123 39 back
1321 682 182 41 cover.”

126 752 51 51 ©
211 756 111 41 Dec.
353 756 69 42 31,
454 754 141 47 1931;
629 755 67 40 2c.
729 755 110 40 Jan.
869 756 40 46 4,
943 753 139 47 1932;
1117 752 83 42 aff.
1233 754 111 40 Jan.
1376 753 52 46 5;
1465 753 40 38 A
1536 753 171 46 46716;
1743 752 157 39 Amer.
1935 752 183 40 bureau

194 813 51 38 of
269 812 235 48 shipping.

114 914 315 54 American
457 916 126 52 iron
612 915 115 52 and
756 915 147 52 steel
930 914 297 56 institute.

113 991 1978 148 Year book … 1931. May meeting, New York; October meeting,
112 1070 1976 146 New York … New York, American iron and steel institute [ ᶜ19 32]
191 1220 1276 51 564 p. illus., plates, maps, tables, diagrs. 24 ᶜᵐ.
123 1289 50 52 ©
200 1293 110 40 Jan.
333 1293 39 39 2.
399 1292 111 40 1932;
564 1292 67 40 2c.
657 1293 108 39 Jan.
793 1293 24 38 5;
873 1303 25 29 a
904 1291 49 39 ff.
980 1292 107 39 Jan.
1115 1292 25 39 6;
1195 1292 40 38 A
1258 1291 171 41 45829;
1459 1291 156 40 Amer.
1643 1291 107 39 iron
1775 1291 38 39 &
1837 1291 118 40 steel
191 1288 1908 102 institute.

115 1443 201 63 Ames,
347 1442 253 53 Edward
629 1443 378 63 Remington.

184 1517 273 68 YHWH,
522 1518 327 66 presenting
912 1535 148 35 some
1125 1517 260 54 essential
1453 1516 146 53 facts
1663 1524 99 44 not
1824 1516 289 69 generally

112 1594 203 52 known
358 1595 342 67 concerning
742 1594 96 52 the
881 1593 126 54 God
1051 1594 62 52 of
1155 1597 98 51 the
1295 1593 165 53 Bible
1505 1592 112 55 and
1662 1594 111 52 His
1816 1612 180 48 name,
2041 1594 70 69 by

110 1670 254 53 Edward
414 1672 343 67 Remington
808 1671 187 54 Ames.
1082 1671 112 53 Los
1242 1671 264 68 Angeles,
1558 1670 193 70 Calif.,
1801 1671 55 54 J.
1910 1672 204 51 Prince

113 1752 193 65 [ ᶜ19 32]
179 1830 468 49 5 p. l., 108 p. 20 ᶜᵐ.
120 1898 50 52 ©
202 1902 102 40 Jan.
329 1901 38 47 2,
391 1900 112 41 1932;
557 1901 66 40 2c.
648 1901 110 40 Jan.
781 1901 25 39 7;
860 1900 81 40 aff.
966 1900 109 43 Jan.
1100 1900 26 40 6;
1180 1901 39 38 A
1273 1899 113 42 45880;
1441 1902 49 38 E.
1519 1902 54 38 K.
1597 1902 156 48 Ames,
1781 1902 91 40 Los
1897 1902 219 48 Angeles.

198 1958 248 48 (32-1470)

112 2052 377 55 Aristoteles.

182 2130 120 52 The
347 2129 272 53 Rhetoric
664 2128 64 54 of
771 2128 298 67 Aristotle,
1115 2147 71 34 an
1234 2128 298 69 expanded
1579 2129 344 54 translation
1972 2130 137 53 with

111 2207 467 67 supplementary
607 2208 286 65 examples
923 2205 94 53 for
1045 2206 259 52 students
1332 2205 65 54 of
1424 2206 377 68 composition
1830 2208 111 52 and

112 2208 1999 145 public speaking, by Lane Cooper … New York, London, D.
110 2360 295 69 Appleton
435 2362 112 52 and
578 2379 299 51 company,
908 2363 151 50 1932.

179 2440 648 50 xlviii p., 1 l., 259 p. 21½ ᶜᵐ.
185 2499 69 39 “A
280 2498 84 41 list
391 2499 53 40 of
470 2498 163 41 useful
657 2498 149 41 books
834 2498 81 41 for
943 2497 274 42 reference”;
1273 2508 43 39 p.
1346 2497 219 43 243-245.

119 2566 1994 55 © Jan. 8, 1932; 2c. and aff. Jan. 11; A 45924; Lane Cooper, Ithaca,
185 2627 54 39 N.
280 2628 49 38 Y.
400 2627 250 51 (32-1678)

112 2718 283 68 Baldwin,
428 2719 246 56 Charles
703 2721 195 63 Sears,
932 2721 171 55 1867-

180 2798 181 51 Three
405 2797 280 53 medieval
728 2798 279 52 centuries
1050 2797 64 53 of
1157 2796 295 54 literature
1499 2798 59 52 in
1604 2799 290 70 England,
1943 2804 167 50 1100-

114 2873 1995 71 1400, by Charles Sears Baldwin … Boston, Little, Brown,
110 2953 111 51 and
248 2970 298 51 company,
575 2954 151 52 1932.

180 3031 364 50 ix, 274 p. 19 ᶜᵐ.
180 3089 324 48 “Supersedes
548 3100 79 36 my
671 3089 339 42 Introduction
1055 3092 49 38 to
1149 3089 202 50 English
1396 3092 237 40 medieval
1680 3092 269 49 literature,
111 3095 1981 91 published
289 3147 49 39 in

365 3145 115 42 1914
506 3148 96 39 and
626 3157 108 29 now
758 3148 85 39 out
868 3148 53 39 of
945 3146 368 49 print.”—Pref.

181 3202 205 41 “Notes”
416 3203 249 48 including
692 3203 336 49 bibliography;
1085 3214 42 38 p.
1163 3203 249 50 [245]-267.

117 3269 50 52 ©
198 3274 107 39 Jan.
335 3277 38 40 7,
403 3274 139 47 1932;
571 3274 67 42 2c.
667 3276 95 39 and
791 3274 80 40 aff.
903 3276 107 39 Jan.
1040 3275 53 42 9;
1124 3276 41 38 A
1191 3276 172 46 46822;
1395 3277 49 40 C.
1475 3277 43 40 S.
1551 3278 239 47 Baldwin,
1820 3280 116 38 New
1966 3281 144 40 York.

195 3332 248 46 (32-1332)

111 3424 212 63 Beach,
354 3424 253 54 William
637 3424 299 55 Nicholas.

180 3503 70 51 In
285 3503 96 52 the
415 3504 231 53 shadow
682 3505 63 51 of
779 3510 199 47 mount
1012 3504 330 70 McKinley,
1376 3507 75 68 by
1484 3506 261 54 William
1782 3509 70 51 N.
1892 3510 216 58 Beach;

117 3576 281 56 foreword
429 3579 76 69 by
534 3580 156 54 John
721 3581 299 52 Burnham;
1083 3581 390 52 introduction
1503 3582 75 68 by
1609 3584 213 52 Robert
1856 3584 256 66 Sterling

117 3655 189 65 Yard;
345 3657 323 52 illustrated
705 3656 152 53 from
893 3658 296 68 paintings
1223 3659 75 67 by
1336 3658 136 54 Carl
1509 3660 263 68 Rungius
1808 3663 112 51 and
1960 3662 149 52 from

115 3732 394 69 photographs
535 3734 75 68 by
637 3735 98 52 the
762 3735 221 52 author.
1059 3735 138 52 New
1228 3736 181 67 York,
1438 3737 124 52 The
1589 3738 319 68 Derrydale
1937 3758 175 49 press,

115 3812 149 50 1931.

182 3893 1925 57 3 p. l., v-xiii, [1], 289 p., 1 l. col. front., plates, ports., fold. map.
107 3949 56 40 24½ᶜᵐ.
