2563 4368
1364 4010 99 54 170

433 490 125 53 who
592 508 144 35 were
769 495 191 63 guests
994 490 64 51 of
1095 491 251 52 Bernarr
1382 490 350 53 Macfadden
1768 494 212 65 during
2013 510 31 34 a
2080 496 125 64 stay
2240 491 63 53 of
2338 492 85 53 six

431 568 227 53 months
686 568 59 53 in
774 568 94 52 the
900 566 215 56 United
1149 567 187 56 States
1366 567 275 69 studying
1669 567 90 54 his
1786 569 259 53 methods
2073 569 63 53 of
2167 569 252 69 physical

430 645 1993 69 culture, by Thomas B. Morgan … with an introduction by His
433 723 337 67 Excellency
819 724 221 51 Renato
1090 721 187 69 Ricci;
1329 723 204 52 details
1581 722 63 52 of
1693 722 255 69 training
1994 724 308 66 procedure
2349 725 73 67 by

432 800 217 55 Claude
674 801 80 53 M.
782 802 86 51 De
897 798 228 57 Vitalis.
1200 802 138 52 New
1369 800 178 67 York,
1575 800 350 55 Macfadden
1955 801 146 52 book
2129 820 294 50 company,

431 880 106 54 inc.
571 882 191 65 [ᶜ1932]

500 952 85 43 xii.
610 952 83 40 193
721 962 43 38 p.
792 952 110 40 incl.
929 951 162 42 front.,
1120 951 128 40 illus.
1307 950 117 41 20ᶜᵐ.

438 1020 1985 53 © Jan. 27, 1932; 2c. and aff. Feb. 5 ; A 47447; Macfadden book co., inc.
514 1080 249 49 (32-4323)

430 1210 256 65 Mosher,
719 1210 182 54 Edith
931 1212 88 65 R.,
1054 1213 169 50 1884-
1436 1210 84 53 ed.

497 1286 172 53 From
697 1284 209 54 Indian
932 1287 228 68 legends
1187 1294 57 46 to
1269 1288 97 53 the
1389 1286 234 52 modern
1649 1285 338 68 book-shelf,
2015 1306 71 34 an
2114 1285 307 70 anthology

425 1364 63 53 of
527 1381 164 51 prose
730 1364 111 51 and
882 1382 155 36 verse
1077 1363 74 69 by
1191 1362 295 69 Michigan
1529 1364 232 53 authors
1803 1363 278 67 prepared
2122 1363 297 68 especially

426 1438 93 56 for
556 1441 95 53 the
686 1444 179 66 youth
901 1440 62 53 of
998 1441 95 54 the
1130 1446 159 62 state,
1326 1440 279 68 compiled
1646 1443 111 51 and
1795 1439 187 55 edited
2021 1440 72 69 by
2131 1440 182 56 Edith
2352 1440 66 52 R.

425 1516 1995 71 Mosher … and Nella Dietrich Williams … Ann Arbor, G.
422 1596 196 68 Wahr,
655 1600 150 49 1931.

498 1668 1032 52 7 p. l., [3]-395 p. front., illus. 21½ᶜᵐ.
499 1741 68 38 “A
593 1742 188 40 limited
809 1743 85 39 list
922 1742 50 41 of
999 1742 148 40 books
1184 1742 143 48 (with
1354 1742 155 48 price)
1549 1742 58 47 by
1635 1741 245 49 Michigan
1911 1742 260 41 authors”:
2202 1754 42 37 p.
425 1743 1997 98 [391]-395.

436 1867 53 53 ©
518 1873 109 38 Jan.
659 1871 68 47 28,
757 1870 140 47 1932;
930 1869 67 40 2c.
1030 1870 108 40 Feb.
1170 1870 52 46 3;
1257 1868 79 41 aff.
1371 1869 109 40 Feb.
1513 1868 53 48 6;
1600 1869 39 39 A
1670 1869 144 40 48330;
1876 1869 183 48 George
2089 1870 164 41 Wahr.

513 1927 250 50 (32-4358)

427 2060 247 70 [Muriel,
700 2062 155 52 John
884 2062 86 53 St.
1000 2058 155 55 Clair]
1208 2064 170 49 1909-

496 2139 121 51 The
656 2137 135 68 lady
833 2137 111 53 and
985 2136 95 54 the
1119 2140 169 63 mute,
1328 2135 73 68 by
1441 2135 153 53 John
1636 2135 248 68 Lindsey
1955 2136 186 67 [pseud.]
2208 2135 139 52 with
2388 2156 30 33 a

429 2215 226 67 preface
704 2214 72 67 by
827 2214 173 52 Ethel
1049 2212 257 52 Mannin.
1393 2212 135 52 New
1581 2212 177 66 York,
1805 2212 87 52 W.
1943 2212 247 53 Morrow
2241 2217 51 49 &
2342 2231 77 33 co.

473 2295 132 49 [ ᶜ1931]
494 2358 632 53 2 p. l., 7-269 p. 19 ½ᶜᵐ .
434 2432 51 53 ©
515 2437 110 39 Dec.
655 2436 69 46 17,
754 2433 111 41 1931;
924 2433 67 40 2c.
1022 2433 110 42 Dec.
1162 2432 56 39 24;
1277 2431 82 41 aff.
1390 2432 111 40 Feb.
1531 2432 68 41 12.
1630 2431 114 40 1932;
1804 2433 40 38 A
1872 2431 145 41 47692;
2075 2433 43 40 J.
2154 2433 42 41 S.
2230 2434 190 47 Muriel,

501 2492 256 48 Hadleigh,
797 2491 201 48 Suffolk,
1034 2489 236 48 England.
1341 2488 249 50 (32-4340)

423 2612 236 63 Nelson,
689 2610 226 63 George
945 2608 271 65 Edward,
1247 2613 170 49 1900-

423 2683 1994 148 The introductory biological sciences in the traditional liberal arts college, by George E. Nelson … New York city,
424 2842 275 53 Teachers
731 2841 227 66 college,
991 2838 299 55 Columbia
1320 2838 333 68 university,
1685 2841 150 50 1931.

426 2911 1973 109 viii, 135 p. illus., diagrs. 23½ ᶜᵐ . (Teachers college, Columbia university.
679 2968 365 44 Contributions
1073 2970 48 38 to
1150 2967 271 48 education,
1449 2979 75 30 no.
1552 2967 110 48 501)

495 3042 170 40 Issued
691 3041 103 38 also
820 3049 55 29 as
901 3037 152 41 thesis
1081 3037 107 48 (PH.
1246 3037 33 47 D.)
1316 3036 250 41 Columbia
1594 3036 284 49 university.

431 3108 51 53 ©
513 3114 112 39 Dec.
655 3110 68 48 23,
754 3110 141 47 1931;
926 3109 67 41 2c.
1024 3108 108 40 Jan.
1163 3107 69 47 30,
1263 3106 141 48 1932;
1437 3106 81 40 aff.
1553 3107 109 40 Feb.
1694 3106 53 49 2;
1781 3108 40 38 A
1851 3107 114 41 48228;
2055 3108 240 40 Teachers
496 3108 1898 110 college,

642 3167 250 42 Columbia
922 3165 127 40 univ.
1121 3163 249 49 (32-1505)

426 3286 144 53 New
599 3286 161 53 York
790 3286 208 50 annual
1027 3281 203 68 digest,
1261 3285 150 63 1931,
1439 3282 267 68 covering
1734 3283 76 51 all
1839 3284 264 66 reported
2134 3282 275 54 decisions

498 3364 62 51 of
598 3364 96 52 the
734 3361 207 54 Courts
981 3360 62 53 of
1083 3361 136 52 New
1259 3361 179 65 York,
1477 3359 140 53 with
1655 3361 152 51 table
1845 3360 63 52 of
1948 3378 149 35 cases
2136 3359 273 69 digested,

496 3439 462 69 supplementing
1010 3439 111 52 and
1173 3437 338 69 continuing
1559 3440 139 52 New
1749 3438 162 54 York
1961 3439 211 51 annual
2223 3437 188 69 digest

499 3521 147 49 1930.
722 3518 307 51 Rochester
1066 3517 112 51 and
1215 3516 137 53 New
1389 3516 161 52 York
1584 3516 133 68 city,
1753 3517 68 52 N.
1860 3518 90 64 Y.,
1984 3516 123 53 The
2141 3518 267 67 Lawyers

495 3595 380 67 co-operative
921 3592 334 70 publishing
1302 3611 306 51 company:
1661 3593 82 56 St.
1792 3595 165 65 Paul,
2003 3594 201 69 Minn.,
2247 3596 161 54 West

498 3672 333 65 publishing
873 3690 106 38 co.;
1025 3672 136 51 New
1206 3671 161 51 York
1408 3672 133 67 city,
1583 3673 69 51 N.
1698 3674 88 64 Y.,
1828 3673 206 66 Baker,
2076 3674 245 53 Voorhis
2364 3678 45 48 &

495 3766 278 49 company
809 3751 174 64 [ᶜ1932]

494 3821 67 47 iii,
594 3821 86 39 508
711 3832 41 37 p.
813 3821 116 40 26ᶜᵐ.

431 3885 50 52 ©
512 3890 109 40 Feb.
650 3892 67 46 17,
747 3890 139 48 1932;
917 3892 65 41 2c.
1013 3893 120 38 Mar.
1163 3892 80 46 14;
1275 3892 81 41 aff.
1387 3894 120 40 Mar.
1536 3893 80 44 16;
1650 3894 40 38 A
1717 3893 169 46 50114;
1918 3894 134 40 West
2081 3894 108 48 pub.
2219 3904 65 29 co.
2315 3894 93 39 and

498 3946 226 48 Lawyers
752 3949 322 40 co-operative
1100 3949 107 45 pub.
1234 3959 69 31 co.
