2563 4368
1010 4042 101 49 445

41 455 274 64 Sanford,
343 456 139 51 Mrs.
511 452 169 53 Anne
708 451 83 65 P.,
821 450 84 55 ed.

107 530 177 53 Little
323 530 163 67 plays
525 526 95 54 for
658 526 349 69 everybody;
1049 525 158 53 short
1249 524 163 69 plays
1453 522 93 54 for
1585 540 290 52 grammar
1915 522 113 53 and

39 608 139 69 high
212 606 245 66 schools;
496 605 238 54 selected
770 603 75 69 by
882 602 72 54 A.
990 603 67 53 P.
1097 600 273 56 Sanford.
1446 601 138 53 New
1622 600 180 67 York,
1838 599 193 67 Dodd,

40 685 167 53 Mead
234 684 113 54 and
374 700 297 50 company,
700 684 151 50 1932.

109 754 450 50 vi, 342 p. 19½ ᶜᵐ .
47 825 51 51 ©
123 830 121 38 Mar.
268 828 67 47 18,
362 826 138 43 1932;
527 826 67 41 2c.
620 827 121 40 Mar.
765 825 55 41 23;
876 824 80 40 aff.
985 825 120 40 Mar.
1131 825 82 45 25;
1241 824 39 38 A
1307 823 140 41 50371;
1505 823 54 40 A.
1586 824 48 39 P.
1665 821 223 47 Sanford,
1916 822 117 39 New

112 885 144 39 York.
325 883 249 49 (32-8192)

43 1001 294 65 Scheffler,
366 1001 162 64 Karl,
563 1005 170 50 1869-

173 1075 1859 69 … Holland; 65 illustrations in half-tone; translated from
43 1158 94 52 the
168 1157 249 55 German
447 1156 75 67 by
555 1154 265 55 Caroline
852 1154 292 53 Fredrick.
1220 1154 137 52 New
1390 1152 180 67 York,
1604 1154 71 53 A.
1708 1154 69 52 A.
1810 1152 224 68 Knopf,

47 1238 147 50 1932.

114 1303 1442 52 xvii, 303, ix, [1] p. incl. front. plates, ports. 22½ ᶜᵐ .
121 1376 160 41 “First
308 1375 196 41 edition.”

51 1444 51 52 ©
136 1450 118 38 Mar.
287 1448 69 46 18,
387 1446 140 47 1932;
559 1447 68 40 2c.
659 1448 93 38 and
786 1446 81 41 aff.
901 1447 120 39 Mar.
1053 1445 81 48 19;
1168 1446 40 39 A
1240 1446 170 45 50203;
1446 1445 170 40 Alfred
1649 1445 53 43 A.
1736 1443 178 50 Knopf,
1947 1444 90 42 inc.

126 1504 249 49 (32-8170)

48 1619 465 66 Schmeckebier,
543 1621 300 53 Laurence
872 1619 334 65 Frederick,
1238 1621 170 54 1877-

178 1696 1860 69 … The Federal radio commission; its history, activities and
48 1774 411 71 organization,
513 1775 75 67 by
641 1777 288 51 Laurence
982 1777 63 51 F.
1105 1775 441 55 Schmeckebier.
1638 1774 402 69 Washington,

48 1855 120 51 The
200 1852 322 68 Brookings
553 1853 344 66 institution,
931 1856 148 51 1932.

51 1924 1972 107 x, 162 p. 22½ ᶜᵐ . (Institute for government research. Service monographs
254 1984 52 39 of
330 1983 82 40 the
439 1983 177 39 United
646 1983 162 40 States
834 1983 326 47 government,
1188 1993 72 29 no.
1291 1980 80 47 65)

121 2053 374 49 Bibliography:
530 2065 42 37 p.
602 2053 214 41 135-157.

57 2121 51 52 ©
134 2127 118 38 Mar.
278 2127 26 38 7,
399 2125 56 40 1932;
508 2125 65 40 2c.
599 2125 95 40 and
721 2125 80 41 aff.
829 2126 120 39 Mar.
976 2125 54 40 10;
1085 2125 40 39 A
1147 2125 145 40 49034;
1348 2125 270 49 Brookings
1644 2125 293 41 institution.

132 2181 249 47 (32-8405)

55 2300 308 64 Sherman,
392 2299 273 55 Frederic
696 2299 315 56 Fairchild.

122 2375 182 69 Early
339 2374 306 54 American
683 2374 286 70 painting,
1005 2375 74 70 by
1118 2376 269 53 Frederic
1427 2375 297 55 Fairchild
1766 2376 281 56 Sherman

115 2452 1492 70 … New York, London, The Century co. [ ᶜ1 932]
120 2525 1924 52 xxi, 289 p. front., plates, ports. 21 ᶜᵐ . [Century library of American
53 2581 239 50 antiques]
408 2580 130 49 $4.00

127 2650 163 42 “First
320 2651 259 49 printing.”

123 2706 371 50 Bibliography:
527 2718 43 38 p.
618 2707 234 51 [275]-280.

64 2774 51 52 ©
147 2780 121 39 Mar.
299 2780 69 46 22,
399 2780 112 41 1932;
572 2781 66 41 2c.
671 2783 93 38 and
798 2781 81 40 aff.
911 2784 121 39 Mar.
1064 2783 55 38 24;
1180 2783 39 38 A
1251 2782 143 40 49274;
1457 2783 212 47 Century
1701 2794 67 30 co.

139 2835 249 50 (32-8434)

62 2951 269 67 Sherriff,
359 2954 222 54 Robert
609 2954 223 57 Cedric.

132 3029 299 68 Journey’s
461 3032 161 52 other
651 3032 124 53 end.

140 3103 80 43 (In
247 3099 129 43 John
406 3100 110 44 Bull
545 3103 275 51 magazine,
849 3104 128 42 Mar.
1009 3105 69 49 12,
1110 3104 142 50 1932)

69 3167 1980 61 © 1c. May 7, 1932; A ad int. 16383; pubd. Mar. 10; R. C. Sherriff.
137 3230 163 46 Esher,
330 3231 190 48 Surrey,
550 3233 234 48 England.

68 3328 259 70 Sherrill,
356 3333 193 56 Lewis
574 3335 238 66 Joseph,
842 3343 169 50 1892-

133 3408 401 68 Presbyterian
565 3413 293 67 parochial
888 3416 237 68 schools,
1157 3417 326 69 1846-1870,
1514 3419 76 67 by
1621 3419 183 53 Lewis
1836 3420 215 67 Joseph

67 3481 1985 82 Sherrill … New Haven, Yale university press; London, H.
65 3558 261 71 Milford,
357 3563 228 55 Oxford
615 3567 318 69 university
963 3589 172 47 press,
1167 3574 151 50 1932.

69 3635 1968 108 xv p., 1 l., 261 p. 23½ ᶜᵐ . (Lettered on cover: Yale studies in religious education. [IV])
141 3754 126 45 “The
299 3763 194 44 present
525 3762 188 43 volume
747 3765 42 40 is
819 3767 82 41 the
933 3768 170 40 fourth
1137 3770 134 39 work
1304 3771 253 48 published
1593 3773 59 46 by
1685 3773 82 41 the
1802 3773 117 42 Yale
73 3774 1966 88 university
288 3826 135 37 press

458 3829 59 29 on
552 3820 82 41 the
672 3818 190 44 Samuel
901 3823 52 39 B.
992 3823 182 42 Sneath
1208 3827 250 40 memorial
1496 3828 298 48 publication
104 3828 1953 80 fund.”—p.
144 3889 58 30 [V]

145 3924 83 41 “In
260 3926 64 42 its
355 3928 207 50 original
592 3932 127 40 form
752 3934 99 40 this
883 3936 145 47 study
1059 3947 101 31 was
1188 3940 256 46 presented
1476 3942 48 39 to
1557 3943 81 39 the
1669 3941 190 49 faculty
1892 3944 51 39 of
1975 3945 81 39 the
