2563 4368
1273 4072 134 51 1200

341 456 198 65 Small,
567 457 266 51 Norman
858 454 253 65 Jerome,
1142 454 169 55 1907-

475 529 1860 71 … Some presidential interpretations of the presidency, by
341 611 257 53 Norman
621 609 56 54 J.
706 607 197 56 Small.
965 607 333 68 Baltimore,
1326 607 121 53 The
1473 608 184 54 Johns
1684 606 270 69 Hopkins
1980 625 174 50 press,
2184 611 150 51 1932.

412 682 86 42 208
533 693 43 38 p.
636 681 56 39 24½ᶜᵐ.
854 681 177 48 (Johns
1068 680 222 48 Hopkins
1328 679 271 49 university
1637 679 186 41 studies
1859 680 51 40 in
1950 680 252 40 historical
2239 682 95 39 and

342 737 905 49 political science … ser. L, no. 2)
418 794 170 40 Issued
614 794 103 40 also
743 804 56 29 as
825 792 153 42 thesis
1012 792 15 49 (PH.
1197 792 14 49 D.)
1246 792 154 40 Johns
1427 791 223 48 Hopkins
1676 790 284 48 university.

411 850 374 48 Bibliography:
815 860 45 37 p.
888 847 217 42 201-204.

350 904 51 52 ©
433 909 128 40 June
588 908 69 46 22,
689 907 140 47 1932;
863 907 65 40 2c.
961 907 96 40 and
1087 906 81 40 aff.
1201 907 127 39 June
1357 906 82 46 28;
1474 907 40 38 A
1545 906 169 47 51940;
1750 906 152 40 Johns
1935 906 221 48 Hopkins
2188 916 149 38 press.
428 963 278 50 (32-21077)

343 1037 276 66 Stewart,
649 1039 258 53 Herbert
937 1037 209 66 Leslie,
1179 1040 171 52 1882-

413 1114 1860 70 Modernism, past and present, by Herbert Leslie Stewart …
346 1192 1927 71 with a foreword by the Rt. Rev. the Lord Bishop of Ripon …
342 1272 257 68 London,
631 1275 56 54 J.
717 1275 242 66 Murray
996 1275 171 64 [1932]

414 1346 133 47 xxix,
578 1346 87 41 369
694 1357 42 37 p.
795 1345 146 43 22½ᶜᵐ.

417 1402 162 41 “First
607 1402 226 40 edition.”

351 1454 1986 53 © 1c. Aug. 19, 1932; A ad int. 16776; pubd. June 23; H. L. Stewart,
418 1514 222 48 Halifax,
667 1515 134 39 Nova
833 1513 175 41 Scotia.

342 1589 285 66 Streeter,
663 1590 222 54 Robert
919 1590 71 55 A.

413 1665 116 52 Are
566 1684 112 50 you
715 1685 30 33 a
784 1665 231 68 genius?
1093 1665 91 69 By
1219 1665 215 54 Robert
1466 1664 71 52 A.
1577 1664 250 54 Streeter
1866 1664 112 53 and
2016 1664 212 53 Robert
2266 1664 67 54 G.

343 1742 222 68 Hoehn,
594 1742 140 53 with
760 1747 94 48 ten
881 1742 377 54 illustrations
1282 1743 75 68 by
1386 1740 66 55 O.
1482 1741 244 68 Soglow.
1789 1741 137 54 New
1956 1741 177 69 York,
343 1741 1968 131 Frederick

523 1820 70 52 A.
624 1819 200 54 Stokes
851 1837 294 51 company,
1175 1822 149 51 1932.

412 1890 87 40 108
525 1901 44 37 p.
627 1890 127 41 illus.
813 1890 145 41 19½ᶜᵐ.

351 1946 51 52 ©
431 1951 116 47 July
573 1950 69 47 26,
671 1950 140 48 1932;
841 1951 66 41 2c.
936 1952 95 39 and
1059 1951 82 40 aff.
1169 1952 116 47 July
1311 1951 56 40 27;
1423 1952 41 38 A
1492 1950 170 48 53299;
1694 1951 261 41 Frederick
1982 1952 55 40 A.
2069 1951 171 41 Stokes
2269 1961 68 31 co.
428 2007 279 49 (32-21099)

342 2080 309 66 Strodach,
678 2082 145 52 Paul
853 2081 202 66 Zeller,
1088 2082 171 55 1876-

413 2157 120 54 The
571 2157 139 52 road
750 2157 91 53 He
880 2156 157 67 trod;
1081 2180 32 33 a
1153 2156 266 69 spiritual
1458 2155 360 70 pilgrimage,
1856 2157 75 67 by
1972 2156 146 52 Paul
2156 2156 179 53 Zeller

345 2231 1529 71 Strodach. New York, Falcon press, inc. [ ᶜ1 932]
482 2335 8 16 xv,
522 2304 86 39 148
636 2314 43 38 p.
737 2304 116 41 20ᶜᵐ.

350 2359 51 52 ©
431 2364 120 48 Aug.
581 2364 38 48 6,
650 2363 113 41 1932;
820 2364 68 40 2c.
919 2366 96 39 and
1043 2364 80 40 aff.
1154 2365 119 48 Aug.
1303 2366 25 39 8;
1387 2365 41 39 A
1458 2365 140 40 53541;
1660 2365 180 41 Falcon
1870 2376 148 38 press,
2051 2365 90 41 inc.

429 2419 278 48 (32-20958)

342 2493 290 66 Thuener,
664 2494 320 66 Domitilla,
1015 2496 181 67 sister,
1231 2498 169 51 1880-

342 2571 1969 131 … On the number and reality of the self-symmetric quadrilaterals
609 2646 663 57 in-and-circumscribed
1309 2656 57 47 to
1404 2651 95 52 the
1536 2650 674 68 triangular-symmetric
343 2669 1967 110 rational
559 2727 220 67 quartic

343 2725 1966 147 … by Sister M. Domitilla Thuener … Washington, D. C., The
964 2804 260 55 Catholic
1254 2805 315 69 university
1600 2805 64 53 of
1693 2805 284 69 America,
2009 2806 150 52 1932.

414 2877 798 49 1 p. l., 19 p., 1 l. diagrs. 23 ᶜᵐ.
415 2934 62 40 At
512 2935 124 39 head
671 2934 51 40 of
756 2934 108 40 title
882 2946 8 28 :
927 2934 101 40 The
1063 2934 220 41 Catholic
1317 2934 271 48 university
1622 2935 52 40 of
1706 2933 237 42 America.

415 2990 173 40 Thesis
614 2990 107 48 (PH.
758 2990 358 47 D.)—Catholic
1152 2990 271 49 university
1457 2991 52 40 of
1543 2989 236 51 America,
1816 2990 128 41 1932.

353 3042 51 52 ©
430 3047 127 39 June
580 3047 38 46 6,
644 3045 113 42 1932;
810 3047 66 41 2c.
903 3049 94 38 and
1023 3047 81 41 aff.
1129 3048 127 39 June
1279 3047 52 47 9;
1357 3048 41 38 A
1424 3047 141 41 51693;
1622 3047 218 42 Catholic
1866 3049 128 40 univ.
2023 3049 52 40 of
2099 3048 236 41 America.

429 3103 277 49 (32-21045)

345 3176 349 65 University
722 3177 212 65 prints,
963 3181 234 53 Boston.

416 3253 336 68 University
787 3254 204 67 prints.
1069 3254 184 54 Series
1328 3298 9 9 B.
1379 3254 181 69 Early
1597 3253 218 54 Italian
1853 3260 117 61 art;
2014 3257 99 50 500
2151 3256 184 67 plates

346 3335 58 48 to
440 3348 345 50 accompany
820 3330 261 55 Outlines
1119 3330 93 53 for
1247 3332 96 52 the
1377 3332 171 68 study
1584 3331 65 53 of
1684 3336 107 63 art,
1826 3332 222 52 volume
2110 3374 10 10 I.
345 3334 1963 139 Boston,
487 3408 189 66 Mass.,

701 3408 121 51 The
850 3407 335 69 University
1214 3408 205 68 prints,
1448 3411 149 50 1931.

418 3479 1048 49 3 p. l., 12, 500 p. of pl., vi-xxxiv p. 20½ᶜᵐ.
354 3532 51 52 ©
444 3537 125 47 Sept.
607 3538 38 40 1.
683 3537 138 46 1931;
860 3538 67 40 2c.
963 3538 119 47 Aug.
1119 3539 67 46 10,
1224 3538 139 47 1932;
1402 3538 80 41 aff.
1519 3539 120 48 Aug.
1675 3539 53 47 9;
1767 3539 40 38 A
1844 3539 169 47 54388;
2053 3537 281 50 University

421 3592 171 48 prints,
620 3594 214 46 Newton,
864 3595 145 38 Mass.
1079 3594 278 47 (32-21084)

345 3663 129 55 Van
510 3666 215 65 Gilder,
761 3668 193 54 Ethel.

417 3742 173 53 Fiom
624 3741 237 55 thimble
893 3749 57 47 to
983 3761 193 50 gown;
1212 3763 31 34 a
1274 3745 231 53 manual
1536 3745 65 52 of
1631 3744 228 68 sewing,
1889 3745 75 67 by
1997 3744 172 52 Ethel
2259 3762 72 35 Van

347 3815 1874 74 Gilder. Boston, New York [etc.] Allyn and Bacon [ ᶜ1 932]
418 3890 1572 51 xvi p., 1 l. , 344 p., 1 l. , 20 p. col. front., illus., diagrs. 19½ ᶜᵐ.
355 3943 51 52 ©
435 3948 119 49 Aug.
584 3949 38 48 5,
654 3948 112 42 1932;
825 3950 68 42 2c.
922 3951 120 48 Aug.
1072 3951 54 40 11;
1186 3951 82 40 aff.
1298 3951 120 48 Aug.
1448 3950 29 41 9;
1532 3952 41 39 A
1603 3951 146 40 54386;
1804 3951 144 47 Allyn
1979 3951 36 40 &
2046 3951 173 39 Bacon.
431 4003 278 51 (32-21063)
