2563 4368
1091 4063 130 54 1473

170 427 306 56 Alabama.
551 429 165 53 Laws
723 470 11 26 ,
765 435 257 61 statutes,
1052 434 99 47 etc.

241 508 133 50 1932
404 508 362 67 supplement
796 512 57 47 to
885 506 95 53 the
1010 506 280 52 Alabama
1322 505 134 54 code
1487 505 63 53 of
1584 507 150 51 1928.
1811 504 352 70 Containing

170 585 77 51 all
273 585 95 53 the
394 588 229 65 general
648 586 137 53 laws
811 585 62 52 of
902 588 151 64 1931,
1078 585 140 53 with
1246 584 112 52 full
1386 583 380 54 annotations.
1840 583 201 55 Under
2065 584 98 52 the

169 662 265 54 editorial
474 664 357 68 supervision
874 664 62 52 of
975 664 70 51 A.
1087 665 249 52 Hewson
1377 662 227 54 Michie.
1683 662 480 70 Charlottesville,

168 742 124 53 Va.,
321 743 120 52 The
469 742 212 53 Michie
712 760 296 51 company,
1041 744 150 51 1932.

237 815 568 49 2 p. l., 323 p. 26½ ᶜᵐ .
172 880 51 53 ©
253 885 101 41 Oct.
381 886 68 47 28,
479 885 139 44 1932;
648 887 67 40 2c.
743 888 94 38 and
865 899 82 27 aff.
977 885 102 41 Oct.
1106 885 83 48 29;
1219 887 40 38 A
1286 886 145 40 55736;
1489 884 176 42 Michie
1693 896 67 30 co.

168 990 315 55 American
522 992 277 52 institute
839 993 63 51 of
941 992 227 63 mining
1207 992 113 52 and
1361 990 430 64 metallurgical
1831 991 329 64 engineers.

236 1072 140 50 Iron
401 1070 116 52 and
543 1071 138 52 steel
707 1069 265 54 division.

237 1147 404 53 Transactions
665 1147 64 53 of
754 1149 93 54 the
873 1149 305 52 American
1206 1148 259 52 institute
1490 1148 63 52 of
1578 1147 222 69 mining
1826 1148 112 52 and
167 1148 1970 145 metallurgical

440 1227 292 67 engineers
775 1226 456 69 (incorporated)
1317 1246 50 33 v.
1403 1230 114 50 100.
1593 1226 136 54 Iron
1764 1227 111 52 and
1908 1229 136 51 steel
167 1226 1967 146 division,
422 1308 150 49 1932.
648 1308 216 65 Papers

917 1306 107 52 and
1081 1305 341 53 discuss’ons
1473 1306 297 68 presented
1819 1306 196 54 before
2065 1306 96 53 the

168 1381 246 55 division
456 1390 57 46 at
552 1385 94 52 the
685 1383 275 69 meetings
999 1384 132 53 held
1171 1391 58 46 at
1270 1383 299 69 Bluefield,
1605 1386 91 54 W.
1735 1385 124 65 Va.,
1898 1384 263 68 October,

171 1463 130 51 1931
343 1463 111 52 and
495 1468 58 48 at
590 1464 138 52 New
767 1463 178 67 York,
986 1464 314 67 February,
1339 1466 149 49 1932.
1564 1464 138 52 New
1742 1463 180 68 York,
1960 1465 71 52 N.
2070 1466 91 62 Y.,

166 1541 650 68 The Institute [ ᶜ1 932]
236 1616 87 41 338
349 1627 43 37 p.
419 1616 77 40 incl.
558 1615 141 47 illus.,
728 1619 138 45 port.,
896 1616 171 47 tables,
1095 1616 180 48 diagrs.
1332 1617 147 40 23½ᶜᵐ.

170 1668 52 52 ©
258 1672 128 49 Sept.
419 1674 40 46 8,
493 1671 113 42 1932;
670 1674 66 39 2c.
772 1674 95 39 and
903 1672 81 41 aff.
1021 1672 101 41 Oct.
1156 1672 57 41 28;
1276 1673 41 39 A
1350 1673 147 40 56776;
1560 1673 257 40 American
1854 1673 227 41 institute
2115 1675 51 39 of

239 1729 184 47 mining
452 1730 94 39 and
579 1728 355 49 metallurgical
967 1728 266 49 engineers,
1264 1729 93 40 inc.

166 1831 291 67 Banning,
486 1831 321 65 Jeremiah,
840 1833 324 56 1733-1798.

233 1910 126 69 Log
406 1910 114 53 and
570 1910 119 52 will
738 1909 65 54 of
851 1909 294 55 Jeremiah
1198 1910 274 70 Banning
1533 1909 368 71 (1733-1798)
2023 1912 140 54 [New

165 1988 179 67 York]
377 1988 160 53 Priv.
565 1988 177 69 print.
797 1990 135 51 [1932]

238 2059 1023 53 [6], facsim. ([7-48]), [49-72] p. 23½ ᶜᵐ .
235 2118 257 41 Facsimile
526 2118 340 48 reproduction
896 2118 53 40 of
979 2118 81 41 the
1093 2116 301 50 manuscript
1427 2127 118 39 copy
1577 2118 53 41 of
1661 2119 82 40 the
1778 2118 386 51 autobiography

164 2176 139 39 made
327 2174 62 50 by
413 2174 117 42 Mrs.
556 2174 160 47 Emily
742 2174 54 42 E.
821 2174 226 48 Banning
1070 2174 51 40 in
1148 2173 129 42 1880.

237 2229 101 50 Slip
373 2230 120 42 with
526 2231 156 40 added
717 2229 222 42 notation
973 2230 216 41 inserted
1222 2229 218 42 between
1474 2240 43 38 p.
1557 2229 86 52 [10]
1680 2231 96 40 and
1889 2251 11 30 [11]

236 2285 909 53 “Copyright … [by] W. F. Austin.”
170 2341 51 53 ©
261 2347 127 47 Sept.
421 2346 70 44 21,
525 2345 114 40 1932;
702 2346 67 40 2c.
808 2345 127 48 Sept.
969 2345 83 46 22;
1091 2345 80 39 aff.
1210 2345 128 48 Sept.
1372 2345 83 42 29;
1493 2346 40 38 A
1569 2345 143 41 55328;
1777 2347 71 39 W.
1886 2347 51 39 F.
1971 2347 192 48 Austin,

237 2403 115 39 New
377 2403 141 40 York.
591 2401 280 49 (32-25409)

164 2505 210 65 Barry,
404 2505 264 64 Charles,
694 2506 196 67 pseud.

234 2582 121 54 The
386 2601 198 50 wrong
613 2583 232 52 murder.
936 2583 163 68 chap.
1133 2586 79 49 11.

245 2657 84 48 (In
357 2653 259 51 Universe,
647 2653 134 52 Sept.
812 2655 41 50 2,
885 2654 143 50 1932)

171 2710 1991 53 © 1c. Oct. 29, 1932; A ad int. 16992; pubd Sept. 2; Charles Bryson,
238 2771 210 40 London.

167 2873 202 66 Benét,
397 2871 254 56 William
678 2874 172 64 Rose,
882 2877 169 51 1886-

231 2950 119 69 Rip
389 2951 138 67 tide,
567 2970 31 34 a
638 2952 167 52 novel
844 2951 61 53 in
945 2969 157 35 verse
1142 2951 75 66 by
1256 2951 263 55 William
1555 2953 148 52 Rose
1745 2954 197 52 Benét.
2017 2953 140 52 New

163 3026 178 69 York,
369 3028 245 54 Duffield
644 3031 51 51 &
726 3029 205 64 Green,
961 3030 152 51 1932.

237 3099 708 53 5 p. l., [3]-80 p., 1 l. 23 ᶜᵐ .
239 3157 1179 50 “First edition … consisting of 1200 copies.”
170 3211 51 52 ©
252 3216 126 48 Sept.
406 3216 70 43 23,
504 3215 112 41 1932;
673 3216 67 39 2c.
771 3217 127 46 Sept.
926 3215 82 41 29;
1040 3214 82 40 aff.
1153 3216 124 47 Sept.
1307 3216 83 47 27;
1421 3216 40 39 A
1489 3215 170 49 55288;
1691 3217 205 41 Duffield
1926 3219 37 39 &
1991 3219 170 41 Green.

246 3272 280 48 (32-25450)

166 3375 120 52 The
314 3375 131 52 best
475 3374 164 68 plays
666 3373 62 53 of
761 3376 239 50 1931-32
1029 3373 112 53 and
1169 3373 95 53 the
1294 3374 154 52 Year
1476 3375 147 54 book
1651 3376 62 53 of
1743 3377 95 55 the
1868 3378 200 52 drama
2096 3378 60 52 in

237 3452 282 53 America.
595 3451 211 53 Edited
858 3452 75 68 by
988 3453 189 53 Burns
1231 3452 236 54 Mantle.
1541 3455 164 54 With
1761 3456 394 55 illustrations.

235 3532 137 51 New
402 3530 179 67 York,
607 3530 189 67 Dodd,
824 3530 171 53 Mead
1024 3531 113 52 and
1166 3548 297 51 company,
1495 3535 148 53 1932.

236 3603 1087 50 xi p., 2 l., 3-559 p. front., plates. 21 ᶜᵐ .
169 3658 52 51 ©
252 3662 103 40 Oct.
387 3662 67 41 14,
488 3659 111 42 1932;
659 3660 65 39 2c.
758 3661 95 39 and
885 3659 81 41 aff.
1000 3659 102 41 Oct.
1134 3659 56 40 19;
1248 3660 41 39 A
1320 3661 145 40 56590;
1527 3662 152 47 Dodd,
1715 3664 141 40 Mead
1889 3665 36 39 &
1954 3674 81 37 co.,
2069 3665 90 42 inc.

163 3776 181 54 Bible.
419 3775 264 69 English.
758 3775 327 54 Selections.
1160 3780 153 51 1932.

234 3849 1927 75 Chapel readings, edited by Arthur E. Brown … New York,
162 3930 122 55 The
312 3929 333 54 Macmillan
675 3945 296 51 company,
1002 3930 149 50 1932.

233 3999 455 50 ix, 310 p. 24 ½ᶜᵐ .
