2563 4368
1098 4083 132 51 1579

188 464 246 67 Dudley,
464 466 177 55 Owen
669 465 262 65 Francis,
963 470 167 50 1882-

253 543 260 68 Pageant
545 543 63 53 of
639 542 123 69 life,
796 563 30 33 a
858 542 215 53 human
1105 542 217 68 drama,
1353 541 77 69 by
1463 541 177 56 Owen
1673 542 239 53 Francis
1944 541 231 68 Dudley

245 618 1929 70 … London, New York [etc.] Longmans, Green and co., 1932.
257 691 83 48 vii,
373 691 87 41 343
495 702 45 38 p.
600 692 144 42 19½ᶜᵐ.
818 692 114 49 (His
968 692 247 41 Problems
1251 693 51 40 of
1336 693 182 40 human
1553 692 274 49 happiness,
1893 693 73 47 iv)

256 749 163 40 “First
447 748 225 42 edition.”

258 804 228 41 “Printed
511 806 49 39 in
587 806 83 41 the
698 805 177 40 United
905 804 161 41 States
1094 804 53 41 of
1172 804 267 41 America.”

190 859 51 51 ©
270 863 101 40 Oct.
399 863 37 47 5,
463 861 113 41 1932;
632 863 66 40 2c.
727 864 93 38 and
848 861 81 41 aff.
959 861 99 41 Oct.
1086 861 56 40 15;
1197 862 42 38 A
1264 861 146 40 55580;
1466 861 51 41 O.
1547 862 51 39 F.
1626 862 203 47 Dudley,
1858 862 210 39 London.

267 918 279 49 (32-29906)

188 1021 264 66 Everett,
481 1021 234 55 Millard
745 1022 271 65 Spencer,
1048 1023 170 54 1897-

255 1099 122 53 The
417 1098 242 69 hygiene
699 1098 65 54 of
803 1099 312 67 marriage;
1159 1118 30 34 a
1232 1097 247 54 detailed
1520 1096 418 55 consideration
1978 1097 65 54 of
2082 1114 97 37 sex

185 1174 1992 70 and marriage, by Millard S. Everett … foreword by Clara
185 1251 1993 70 M. Davis … introduction by T. V. Smith … New York, The
186 1332 316 67 Vanguard
528 1349 173 50 press,
732 1333 150 50 1932.

254 1402 1210 51 1 p. l. , v-vi, ix-xvii, 21-248 p. illus. 21½ ᶜᵐ .
256 1461 292 40 “Reference
577 1460 167 41 notes”:
804 1471 43 38 p.
879 1460 216 44 235-244.

189 1517 51 51 ©
276 1520 128 48 Sept.
437 1519 69 47 28,
540 1518 114 41 1932;
715 1518 67 41 2c.
818 1519 102 40 Oct.
954 1518 54 39 12;
1073 1517 81 41 aff.
1191 1518 102 41 Oct.
1327 1518 57 40 10;
1446 1519 41 38 A
1520 1518 143 40 56532;
1727 1519 264 47 Vanguard
2026 1526 149 40 press,

255 1577 89 39 inc.
415 1575 277 49 (32-29856)

182 1664 244 54 Federal
473 1671 271 61 reporter.
823 1664 218 54 Second
1089 1665 184 52 series.
1351 1664 168 55 Cases
1569 1665 213 68 argued
1829 1665 114 53 and

251 1665 1897 130 determined
476 1744 61 51 in
572 1744 95 52 the
704 1742 221 56 Circuit
960 1748 188 48 courts
1185 1742 63 53 of
1284 1743 233 68 appeals
1555 1743 110 52 and
1702 1742 247 54 District
1983 1748 188 47 courts

253 1822 64 51 of
350 1822 96 53 the
481 1822 217 54 United
738 1820 206 69 States,
979 1820 218 56 United
1237 1821 187 56 States
1464 1821 180 55 Court
1679 1822 63 52 of
1777 1827 243 48 customs
2060 1822 111 52 and

251 1906 198 62 patent
489 1901 250 67 appeals,
778 1900 181 54 Court
992 1901 63 51 of
1093 1900 195 54 claims
1325 1901 64 52 of
1424 1901 96 52 the
1556 1899 217 56 United
1814 1901 207 68 States,
2059 1900 112 53 and

254 1977 178 55 Court
477 1980 64 51 of
588 1981 231 65 appeals
866 1980 62 51 of
973 1979 94 54 the
1112 1979 246 53 District
1404 1980 64 51 of
1514 1978 318 65 Columbia,
1878 1980 141 52 with
2063 1980 108 68 key

249 2057 239 52 number
549 2058 362 52 annotations.
1002 2077 50 31 v.
1115 2061 64 49 58
1251 2058 127 68 (2d)
1448 2058 349 67 June-July,
1860 2061 149 50 1932.
2087 2060 83 54 St.

250 2137 164 67 Paul,
442 2136 160 54 West
628 2136 336 69 publishing
989 2156 98 48 co.,
1118 2139 149 50 1932.

252 2209 1832 49 xxiii, 1157 p. incl. front. (map) 26 ᶜᵐ . (National reporter system)
185 2262 51 51 ©
263 2266 100 40 Oct.
388 2266 68 44 30.
482 2265 114 41 1932;
650 2266 65 40 2c.
743 2267 95 39 and
863 2266 82 40 aff.
970 2266 116 39 Nov.
1113 2266 55 39 14;
1222 2267 41 38 A
1289 2266 143 40 57066;
1486 2267 134 39 West
1645 2266 109 48 pub.
1781 2278 66 28 co.

181 2355 179 66 Field,
386 2356 217 54 Rachel
629 2357 247 63 Lyman,
906 2361 170 50 1894-

246 2432 284 70 Hepatica
563 2432 235 69 Hawks,
831 2434 74 67 by
937 2433 214 53 Rachel
1185 2434 197 66 Field;
1417 2434 345 67 engravings
1795 2451 73 35 on
1901 2433 162 53 wood
2095 2433 73 67 by

177 2509 1887 69 Allen Lewis. New York, The Macmillan company, 1932.
248 2582 1142 50 5 p. l. , 239 p. front., illus., plates. 19½ ᶜᵐ .
184 2637 1733 51 © Oct. 18, 1932; 2c. and aff. Oct. 19; A 56552; Macmillan co.
260 2696 278 49 (32-29901)

179 2788 209 64 Fralie,
419 2788 208 56 Mario.

307 2863 1676 69 … Le secret d’Ivar Kreuger. Paris, Nouvelle librairie
176 2863 1970 146 française,
368 2945 150 50 1932.

245 3015 756 51 3 p. l., [9]-203 p., 1 l. 18 ½ᶜᵐ .
182 3069 1584 52 © June 1, 1932; 1c. Sept. 12; A— Foreign 18051; Nouvelle
1791 3072 220 40 librairie
247 3073 1905 104 française.
460 3129 277 48 (32-30402)

178 3219 227 64 Gebier,
436 3219 220 54 Robert
687 3220 63 54 T.

247 3295 112 55 Get
390 3296 128 53 that
550 3296 126 68 job!
754 3299 57 51 A
845 3296 277 68 practical
1155 3296 169 69 guide
1362 3297 94 51 for
1490 3298 96 52 the
1621 3316 133 33 man
1787 3296 231 69 seeking
177 3316 1964 126 employment,

518 3374 1643 68 by Robert T. Gebier … New York, Frederick A.
179 3451 199 54 Stokes
406 3471 295 49 company,
733 3456 149 50 1932.

279 3526 921 48 x p., 1 l., 160 p. incl. forms. 19½ ᶜᵐ .
180 3579 51 51 ©
261 3582 100 41 Oct.
391 3582 67 47 10,
486 3581 113 41 1932;
655 3583 66 39 2c.
752 3583 102 39 Oct.
882 3582 54 39 12;
995 3584 81 39 aff.
1107 3582 101 41 Oct.
1237 3584 53 39 13;
1349 3584 41 38 A
1417 3584 143 40 55563;
1619 3583 261 40 Frederick
1908 3585 54 38 A.
1995 3583 170 41 Stokes

244 3649 66 30 co.
381 3638 277 50 (32-29861)

176 3728 243 64 George,
455 3729 202 64 Lloyd.

243 3804 240 53 Modern
523 3804 336 68 Mercuries;
901 3806 95 52 the
1034 3810 157 62 story
1231 3805 64 53 of
1333 3803 492 70 communication,
1861 3805 76 68 by
1976 3805 183 68 Lloyd

174 3880 219 69 George
431 3883 112 52 and
580 3881 192 56 James
809 3881 260 68 Gilman;
1109 3882 323 54 illustrated
1468 3883 75 67 by
1577 3881 157 57 John
1771 3883 72 52 D.
1878 3880 283 69 Whiting.

174 3957 138 54 New
352 3959 179 63 York,
568 3959 68 53 R.
675 3960 79 51 M.
793 3960 275 52 McBride
1106 3962 45 50 &
1187 3977 295 51 company,
1523 3961 151 51 1932.
