2563 4368
1058 4090 132 49 1491

129 464 354 65 [Longsdorf,
514 464 225 63 George
770 463 228 65 Foster]

177 541 346 69 Cyclopedia
548 540 65 53 of
637 540 219 53 federal
882 539 327 68 procedure,
1235 537 133 54 civil
1396 537 112 53 and
1534 536 279 54 criminal.
107 536 1968 136 Cumulative

321 621 377 66 supplement.
742 622 147 48 1932.
967 619 90 66 By
1095 618 156 53 John
1292 617 79 52 M.
1414 613 339 58 Greenfield.
1831 615 270 69 Chicago,

108 699 319 66 Callaghan
458 699 111 50 and
599 716 297 48 company.
927 700 150 47 1932.

177 770 471 49 2 p. l. , 894 p. 26 ᶜᵐ.
109 838 1725 52 © Oct. 28, 1932; 2c. and aff. Oct. 31; A 56804; Callaghan & co.
106 961 273 63 Lorbeer,
411 959 182 63 Floyd
625 959 223 63 Irving.

176 1035 357 69 Philosophy
582 1036 64 53 of
693 1036 180 68 light;
927 1055 71 33 an
1047 1035 400 68 introductory
1495 1036 249 65 treatise,
1792 1035 75 66 by
1917 1034 189 67 Floyd

106 1111 2000 71 Irving Lorbeer … Los Angeles, Calif., Wetzel publishing
104 1211 97 44 co.,
228 1193 126 66 inc.,
389 1195 150 50 1932.

179 1263 850 50 1 p. l., v-x p., 2 l., 3-259 p. 19½ ᶜᵐ.
114 1332 50 52 ©
201 1338 119 44 Aug.
354 1337 69 43 25,
461 1336 112 38 1932;
637 1337 67 38 2c.
745 1337 126 45 Sept.
908 1337 54 36 12;
1029 1336 80 38 aff.
1151 1336 126 46 Sept.
1315 1337 55 37 29;
1436 1338 40 36 A
1512 1336 170 46 55324;
1724 1338 49 37 F.
1813 1337 34 37 I.
1888 1336 221 45 Lorbeer,

184 1394 276 39 Lancaster.
492 1393 143 40 Calif.
707 1393 278 44 (32-25822)

110 1514 334 61 McCreery,
478 1513 201 52 James
712 1512 280 63 Lindsay.

180 1589 81 52 At
286 1589 94 52 the
407 1608 99 33 zoo
535 1589 112 52 and
677 1596 58 45 at
762 1590 181 66 home,
972 1590 73 66 by
1072 1590 193 53 James
1294 1589 256 67 Lindsay
1579 1588 326 67 McCreery.
1971 1589 137 51 New

112 1665 176 68 York,
316 1666 311 52 Frederick
656 1667 71 52 A.
758 1665 201 56 Stokes
990 1684 297 50 company,
1319 1670 151 49 1932.

214 1739 679 49 x p., 1 l., 160 p. illus. 24 ᶜᵐ.
184 1795 287 41 Illustrated
500 1798 98 45 t.-p.
626 1796 95 39 and
749 1795 363 49 lining-papers.

116 1862 52 52 ©
198 1869 126 46 Sept.
350 1867 69 42 26,
446 1866 113 40 1932;
615 1869 66 38 2c.
708 1868 93 38 and
829 1880 82 28 aff.
941 1867 126 48 Sept,
1096 1869 54 37 28;
1209 1870 38 37 A
1275 1868 170 47 56138;
1477 1869 260 40 Frederick
1763 1870 55 39 A.
1848 1869 171 41 Stokes
2047 1878 64 31 co.

195 1923 278 47 (32-25690)

113 2029 225 62 Mason,
370 2027 210 54 Alfred
613 2027 252 54 Edward
898 2028 295 64 Woodley,
1229 2033 169 51 1865-

248 2102 1866 72 … The three gentlemen … Garden City, N. Y., Doubleday.
119 2182 191 50 Doran
341 2182 45 50 &
416 2198 293 50 company,
738 2181 126 66 inc.,
898 2184 150 48 1932.

185 2251 622 49 3 p. l., v-vi, 311 p. 20 ᶜᵐ.
185 2309 64 40 At
280 2309 125 39 head
437 2307 52 41 of
521 2307 108 41 title:
690 2308 53 41 A.
777 2309 53 40 E.
863 2309 73 40 W.
969 2310 184 40 Mason.

188 2365 162 40 “First
382 2363 227 42 edition.”

122 2434 50 52 ©
205 2438 102 40 Oct.
340 2440 38 39 5.
411 2437 140 43 1932;
586 2440 64 37 2c.
687 2440 92 36 and
813 2439 82 38 aff.
931 2439 101 39 Oct.
1067 2440 23 38 7;
1154 2441 38 36 A
1226 2439 170 41 56265;
1433 2441 298 41 Doubleday.
1766 2442 165 40 Doran
1966 2443 35 39 &
2034 2454 82 30 co.,

190 2496 89 39 inc.
350 2495 280 44 (32-25729)

121 2596 318 66 Michigan.
516 2601 276 64 Supreme
825 2605 174 45 court.

123 2674 1966 131 Michigan reports. Cases decided … from June 1 to December
248 2758 47 48 8.
330 2756 147 52 1931.
554 2754 253 52 Richard
839 2757 87 52 W.
961 2755 237 68 Cooper,
1230 2762 144 47 state
1406 2763 256 62 reporter.
1753 2778 50 36 v.
1837 2762 117 50 255.
2033 2765 81 48 1st

120 2832 82 51 ed.
281 2830 269 69 Chicago,
582 2832 320 67 Callaghan
933 2835 110 50 and
1075 2853 296 49 company,
1404 2839 149 49 1932.

192 2906 464 48 xxxix, 787 p. 23 ᶜᵐ.
125 2971 52 52 ©
205 2976 101 40 Oct.
333 2978 69 44 21,
430 2976 111 40 1932;
598 2978 64 38 2c.
693 2977 101 40 Oct.
819 2978 82 46 25;
932 2978 80 38 aff.
1042 2978 101 40 Oct.
1171 2978 81 42 26;
1282 2981 41 37 A
1349 2979 170 43 56709;
1551 2982 164 39 Frank
1744 2983 55 40 D.
1830 2981 290 49 Fitzgerald,

194 3038 245 42 secretary
466 3034 51 38 of
542 3038 129 36 state
696 3034 78 39 for
800 3035 80 38 the
908 3039 128 36 state
1063 3035 51 40 of
1141 3035 257 47 Michigan,
1427 3038 225 46 Lansing.
1684 3039 141 39 Mich.

124 3131 225 65 Milton,
379 3137 173 63 John,
586 3139 324 50 1608-1674.

196 3214 1922 61 The works of John Milton … Volume VII . New York.
128 3290 296 54 Columbia
458 3291 315 71 university
802 3313 174 49 press,
1010 3298 149 50 1932.

198 3365 987 51 vii, 587 p., 1 l. front. (facsim.) 23½ ᶜᵐ.
198 3422 192 39 “Frank
419 3424 137 38 Allen
587 3425 271 47 Patterson,
889 3426 195 45 general
1112 3427 172 41 editor.”

130 3487 52 52 ©
213 3492 101 39 Oct.
343 3493 68 41 31,
442 3493 111 39 1932;
611 3497 67 37 2c.
708 3495 93 38 and
833 3495 81 40 aff.
990 3507 72 29 Nov.
1092 3499 17 35 1;
1176 3498 39 38 A
1246 3499 142 39 55774;
1449 3499 247 41 Columbia
1731 3501 127 39 univ.
1892 3512 148 36 press.

128 3610 242 65 Morley,
409 3612 182 64 Felix,
629 3614 83 52 ed.

128 3685 1968 145 Aspects of the depression, edited by Felix Morley … Chicago,
315 3763 1435 75 Ill., The University of Chicago press [ ᶜ1 932]
201 3834 84 49 xii,
314 3835 85 41 300
429 3848 43 37 p.
532 3836 55 41 21½ᶜᵐ.

247 3890 304 51 Bibliography
576 3897 53 38 at
653 3896 91 40 end
773 3896 52 41 of
849 3898 117 39 each
996 3898 196 41 section.

136 3956 52 52 ©
225 3962 125 40 June
387 3964 67 41 17,
492 3962 139 49 1932;
669 3967 65 37 2c.
775 3966 127 49 Sept.
940 3968 53 39 13;
1061 3969 81 38 aff.
1183 3970 127 47 Sept.
1349 3971 52 38 12;
1470 3972 40 39 A
1547 3973 169 47 54780;
1759 3973 280 41 University
2078 3974 50 40 of

205 4017 220 44 Chicago,
460 4020 220 48 Chicago.
752 4023 279 49 (32-26881)
