2563 4368
1047 4071 99 54 703

168 543 1262 51 3 p. l. , v-xiv p., 1 l., 347, [3] p. plates. 24½ ᶜᵐ .
165 602 235 40 “Limited
430 601 183 41 edition
644 602 51 39 of
726 601 91 39 five
850 601 218 39 hundred
1100 598 172 48 copies,
1304 599 116 39 each
1453 597 164 48 signed
1651 598 58 47 by
1743 597 81 39 the
1857 596 219 42 author.”

94 660 116 40 This
238 670 118 37 copy
385 659 166 47 signed
582 659 83 39 but
694 660 83 37 not
807 657 276 40 numbered.

99 724 1983 52 © Mar. 12, 1932; 2c. Apr. 22; aff. May 4; A 51124; H. Goodman, New
166 786 140 39 York.
378 784 278 49 (32-12504)

95 888 343 67 Gourmont,
466 889 188 63 Rémy
682 889 88 63 de,
801 892 323 52 1858-1915.

166 966 121 52 The
310 965 341 68 physiology
675 964 64 53 of
764 966 141 65 love,
929 963 74 70 by
1029 964 180 68 Remy
1236 965 68 51 de
1329 962 335 54 Gourmont.
1740 961 137 53 New
1905 960 180 67 York,

95 1044 157 53 Priv.
280 1043 175 69 print,
487 1043 92 52 for
608 1043 205 68 Rarity
843 1061 172 50 press,
1047 1044 123 65 inc.,
1202 1045 148 49 1932.

196 1116 563 50 x p., 1 l., 176 p. 24 ᶜᵐ .
101 1184 51 52 ©
184 1190 111 46 May
323 1187 40 48 2,
392 1187 112 40 1932;
563 1187 67 41 2c.
662 1189 111 46 May
803 1187 25 39 5;
888 1186 80 40 aff.
1001 1188 111 46 May
1141 1188 25 38 3;
1226 1187 38 38 A
1294 1185 143 40 49844;
1498 1184 174 49 Rarity
1704 1194 149 39 press,
1884 1185 90 39 inc.

178 1244 278 48 (32-12421)

97 1346 241 65 Gurian,
367 1348 352 65 Waldemar,
749 1351 170 51 1902-

224 1422 1860 69 … Der bolschewismus, ein führ ung in geschichte und lehre.
94 1500 282 69 Freiburg
409 1503 77 50 im
521 1502 295 67 Breisgau,
851 1502 225 51 Herder
1109 1504 46 49 &
1187 1520 78 34 co.
1302 1519 52 49 g.
1389 1519 71 33 m.
1494 1500 52 53 b.
1581 1500 72 65 h.,
1689 1503 151 49 1931.

163 1574 64 46 xi,
254 1574 86 41 337
365 1586 42 37 p.
467 1575 55 40 23
526 1577 43 21 cm
574 1607 7 8 .

167 1630 479 41 “Bolschewistische
674 1629 317 41 dokumente”:
1051 1640 42 38 p.
1127 1629 245 50 [213]-288.

164 1686 513 41 “Literaturhinweis”:
738 1696 42 38 p.
813 1684 113 51 [293]

101 1752 1983 52 © Oct. 2, 1931; 1c. Apr. 13, 1932; A—Foreign 16475; Herder & co.,
169 1824 39 37 g.
238 1823 65 46 m,
326 1814 40 42 b.
395 1814 43 40 h.
510 1812 277 48 (32-12957)

97 1916 321 66 Hamilton,
445 1917 258 53 Thomas
730 1917 249 55 Marion.

165 1992 119 52 The
313 2010 192 50 young
532 1992 245 68 pioneer,
807 1992 162 53 when
1000 1990 246 69 Captain
1276 1990 141 53 Tom
1448 2009 114 34 was
1593 2010 30 33 a
1652 1989 138 69 boy;
1822 1988 267 69 thrilling

97 2068 138 55 tales
273 2069 62 53 of
371 2089 30 33 a
439 2069 115 53 real
591 2069 154 69 boy’s
782 2068 242 53 frontier
1061 2068 335 54 adventures
1436 2085 205 51 among
1674 2066 257 69 Indians,
96 2065 1966 150 pioneers,
292 2153 199 61 scouts,

96 2142 1966 148 cowboys and bandits. By Thomas Marion Hamilton … Washington,
778 2222 1015 69 D. C., The Library press [ ᶜ193 2 ]
165 2292 810 51 5 p. l. , [15]-284 p. pl. 20½ ᶜᵐ .
165 2349 384 41 Reminiscences
588 2350 51 40 of
674 2351 82 40 the
791 2350 217 41 author’s
1044 2350 101 41 life.

104 2420 50 51 ©
186 2426 112 45 Apr.
328 2423 69 48 21,
429 2422 110 41 1932;
601 2424 63 39 2c.
699 2425 94 38 and
825 2423 79 41 aff.
937 2424 111 47 Apr.
1082 2423 55 40 28;
1196 2423 40 39 A
1266 2422 145 41 49750;
1471 2423 51 40 T.
1555 2424 62 38 M.
1651 2421 266 48 Hamilton,
173 2422 1897 106 Alexandria,

392 2482 85 39 Va.
547 2480 278 48 (32-12288)

100 2585 218 64 Hayes,
347 2585 240 54 Carlton
614 2585 219 64 Joseph
861 2584 281 66 Huntley,
1172 2588 170 51 1882-

240 2661 1845 68 World history [by] Carlton J. H. Hayes … Parker Thomas
96 2736 1642 70 Moon … [and] John W. Wayland … New York,
1773 2739 121 51 The
95 2738 1965 130 Macmillan
327 2834 295 49 company,
658 2819 151 50 1932.

169 2885 122 42 xviii
317 2899 58 37 p.,
407 2889 24 38 1
498 2919 9 16 l.,
535 2887 85 41 912
649 2900 43 37 p.
750 2889 86 40 col.
866 2888 164 47 front.,
1061 2889 141 47 illus.,
1233 2890 86 39 col.
1350 2890 170 47 plates,
1551 2898 136 39 maps
1716 2887 135 49 (part
1880 2889 197 47 double)

98 2944 55 41 20½
185 2946 44 22 ᶜᵐ
232 2976 10 10 .

172 2999 301 49 Descriptive
499 3001 281 48 letterpress
808 3013 60 29 on
894 3003 130 39 recto
1053 3001 51 41 of
1128 3001 315 49 frontispiece
1470 3002 96 39 and
1593 3012 140 30 verso
1759 3002 52 40 of
1835 3003 170 47 plates.

170 3055 186 42 “Based
384 3057 50 39 in
460 3056 331 42 considerable
818 3060 112 46 part
957 3069 60 29 on
1044 3058 82 40 the
1153 3058 203 40 Ancient
1385 3059 95 38 and
1511 3059 238 40 medieval
1775 3059 187 47 history
1991 3060 96 39 and

99 3113 82 41 the
207 3113 200 41 Modern
432 3114 189 48 history
648 3114 52 40 of
727 3114 162 47 Hayes
917 3115 95 39 and
1040 3113 378 42 Moon.”—Pref.

172 3167 182 42 “Select
386 3168 364 50 bibliography”
779 3170 96 40 and
908 3170 292 41 “Reference
1229 3170 180 49 topics”
1441 3174 50 37 at
1522 3172 91 39 end
1645 3171 51 41 of
1723 3173 119 39 each
1873 3173 214 47 chapter.

108 3237 1982 53 © Apr. 26, 1932; 2c. and aff. Apr. 27; A 51020; C. J. H. Hayes, Parker
175 3299 211 40 Thomas
416 3300 152 40 Moon,
601 3299 117 39 New
747 3298 142 49 York,
921 3299 95 39 and
1047 3299 129 39 John
1207 3299 68 40 W.
1309 3299 252 48 Wayland,
1594 3299 377 48 Harrisonburg,
2005 3299 84 39 Va.

185 3355 277 48 (32-12407)

106 3460 294 64 Herndon,
432 3459 155 53 John
621 3460 86 64 G.,
737 3460 74 66 jr.

172 3533 188 53 Relief
393 3533 149 53 from
574 3533 404 57 international
1009 3534 213 53 income
1253 3536 286 66 taxation;
1573 3535 94 52 the
1701 3533 389 69 development

102 3610 63 53 of
188 3609 401 56 international
615 3610 335 70 reciprocity
976 3611 92 52 for
1092 3612 94 51 the
1210 3613 331 66 prevention
1564 3611 62 53 of
1650 3612 201 52 double
1876 3611 213 52 income

104 3686 1986 70 taxation, by John G. Herndon, jr. … Chicago, Callaghan and
104 3779 292 51 company,
428 3765 149 50 1932.

172 3833 100 48 viii,
303 3834 85 40 303
418 3845 43 36 p.
519 3833 55 41 23
577 3836 44 21 ᶜᵐ
627 3866 8 9 .

174 3889 346 49 Bibliography:
581 3901 42 37 p.
658 3889 215 42 281-293.

113 3958 50 51 ©
195 3964 113 46 Apr.
339 3962 69 47 30,
441 3962 110 40 1932;
612 3963 65 40 2c.
710 3965 94 38 and
835 3963 81 41 aff.
951 3965 111 47 May
1093 3965 27 38 4;
1183 3965 37 38 A
1254 3963 144 40 51120;
1459 3964 268 47 Callaghan
1759 3963 35 39 &
1828 3973 64 30 co.

190 4018 277 50 (32-12292)
