2563 4368
1079 4073 136 54 1407

206 523 41 37 A
274 520 85 40 life
386 520 53 39 of
464 519 162 47 Queen
654 518 255 41 Elizabeth
936 522 49 37 to
1012 519 87 38 her
1124 516 296 41 coronation.

206 576 161 40 “First
400 574 259 50 printing.”

207 632 372 48 Bibliography:
610 641 44 39 p.
685 630 216 42 381-382.

142 700 51 51 ©
219 705 113 46 Sept
372 705 38 45 7,
433 702 113 40 1932;
599 701 68 42 2c.
693 703 127 47 Sept.
844 703 27 39 8;
923 702 81 40 aff.
1030 702 128 47 Sept.
1183 702 27 40 9;
1260 701 42 40 A
1325 700 142 41 54681;
1523 701 223 46 Elswyth
1769 700 167 40 Thane
1960 700 170 47 Beebe,

205 759 116 40 New
348 759 142 39 York.
563 758 278 48 (32-24268)

137 861 275 66 Thomas,
441 862 264 63 Murray.

207 938 291 52 Buzzards
548 937 133 68 pick
727 938 97 53 the
873 939 187 65 bones,
1108 938 75 66 by
1231 937 243 66 Murray
1520 935 266 53 Thomas.
1869 934 260 66 London,

136 1013 1594 69 New York [etc. ] Longmans. Green and co., 1932.
208 1087 632 50 3 p. l. , 326 [1] p. 19½ ᶜᵐ .
146 1154 1985 52 © 1c. Apr. 1, 1932; A ad int. 16247; pubd. Feb. 4; Thomas Murray Bagg,
211 1215 212 40 London.
492 1214 278 48 (32-29198)

140 1317 205 65 Trego,
373 1318 316 64 Benjamin
716 1317 229 54 Brooke
973 1318 276 64 Thomas,
1280 1322 171 50 1861-

208 1396 121 52 The
369 1394 278 68 sacrifice;
688 1394 367 54 meditations
1095 1396 61 51 in
1196 1413 156 35 verse
1394 1413 72 35 on
1505 1394 97 53 the
1641 1394 108 53 life
1791 1393 112 54 and
1945 1393 185 53 words

140 1469 1928 71 of Jesus the Incarnate Lord, by Benjamin Thomas Trego …
141 1547 1618 70 Milwaukee, Wis., Morehouse publishing co. [ ᶜ193 2 ]
211 1620 764 51 5 p. l. , [3]-148 p., 1 l. 19½ ᶜᵐ .
149 1689 48 52 ©
231 1693 128 48 Sept.
389 1694 39 46 1,
458 1692 114 41 1932;
632 1693 68 40 2c.
731 1695 97 39 and
857 1693 83 40 aff.
974 1693 127 48 Sept.
1133 1693 27 39 6;
1218 1694 42 38 A
1291 1693 141 40 53983;
1496 1693 285 39 Morehouse
1814 1693 107 47 pub.
1955 1703 66 29 co.

220 1749 280 48 (32-24418)

143 1853 299 66 Vinmont,
473 1853 138 54 Rolf
639 1853 336 66 Benjamin,
1006 1873 84 34 ed.

212 1928 123 54 Our
364 1929 317 68 presidents
713 1936 58 48 at
802 1950 29 33 a
863 1930 213 68 glance,
1108 1929 140 53 Rolf
1278 1927 304 69 Benjamin
1670 1928 236 69 Vimnont,
1936 1928 201 70 editor,

144 2006 228 55 Samuel
414 2007 56 53 J.
513 2007 235 52 Patrick,
804 2007 347 67 illustrator;
1197 2005 329 70 containing
1565 2006 60 53 in
1666 2006 312 54 condensed
142 2008 1972 129 pictorial
342 2084 112 53 and

481 2083 287 54 narrative
800 2084 152 54 form
981 2085 96 54 the
1106 2082 363 71 biographies
1499 2084 64 53 of
1594 2084 77 52 all
1700 2085 95 51 the
1823 2083 316 70 presidents

144 2161 112 54 and
285 2161 148 52 their
462 2160 186 68 wives,
678 2162 112 52 and
821 2182 29 33 a
881 2161 326 68 panoramic
1239 2164 140 52 view
1414 2162 63 53 of
1505 2162 95 53 the
1631 2160 286 70 principal
1947 2168 192 49 events

145 2235 59 53 in
236 2238 95 53 the
365 2238 219 68 history
619 2237 63 53 of
716 2257 101 33 our
854 2243 254 64 country,
1140 2239 258 67 together
1431 2238 141 52 with
1606 2260 31 34 a
1675 2239 206 53 wealth
1915 2238 63 53 of

145 2256 1969 112 convenient
412 2315 131 53 data
587 2315 112 52 and
739 2315 373 53 information
1153 2315 185 53 which
1381 2334 166 50 every
1588 2315 302 54 American
1935 2316 204 53 should

145 2390 1420 72 know. New York, Grosset & Dunlap [ ᶜ193 2 ]
214 2461 868 51 79 p. illus. (incl. ports.) 31 ᶜᵐ .
150 2517 51 52 ©
244 2522 128 49 Sept.
411 2522 69 50 21,
521 2522 140 48 1932;
702 2524 68 40 2c.
811 2525 95 39 and
946 2523 82 42 aff.
1071 2524 128 47 Sept.
1238 2524 83 48 23;
1363 2526 42 38 A
1445 2524 169 49 54987;
1698 2527 69 38 V-P
1808 2527 197 47 service,
2044 2527 93 40 Los

216 2579 219 47 Angeles.
505 2579 279 50 (32-24573)

147 2682 271 65 Wallace,
448 2683 263 55 Francis.

217 2758 196 53 That’s
447 2776 97 50 my
577 2759 126 67 boy,
738 2760 74 67 by
846 2761 238 53 Francis
1118 2762 267 53 Wallace.
1457 2763 138 52 New
1633 2761 178 70 York,
1846 2764 216 54 Farrar
2095 2767 46 51 &

147 2836 961 69 Rinehart, incorporated [ ᶜ193 2 ]
217 2910 613 48 4 p. l. , 3-314 p. 19½ᶜᵐ.
154 2961 52 52 ©
236 2966 126 48 Sept.
391 2966 68 48 22,
488 2966 113 41 1932;
658 2967 66 39 2c.
758 2968 125 47 Sept.
914 2968 55 40 24;
1028 2968 82 42 aff.
1141 2969 128 48 Sept.
1297 2970 55 41 23;
1411 2972 40 37 A
1480 2970 145 41 55236;
1684 2972 52 40 F.
1765 2972 229 46 Wallace,
2024 2972 118 39 New

220 3023 143 39 York.
433 3023 279 47 (32-24277)

150 3124 323 67 Weidman,
506 3128 253 65 Samuel,
792 3131 170 53 1870-

219 3201 436 56 Miami-Picher
681 3203 277 54 zinc-lead
986 3205 222 53 district
1243 3206 109 68 [by]
1388 3205 227 55 Samuel
1642 3204 303 55 Weidman;
2003 3205 140 53 with

153 3278 259 68 chapters
441 3298 70 33 on
540 3279 222 69 mining
791 3282 257 53 methods
1076 3283 74 69 by
1184 3282 60 55 C.
1276 3284 64 50 F.
1371 3282 285 55 Williams
1687 3283 112 54 and
1827 3283 230 70 milling
2083 3283 61 53 in

152 3355 94 53 the
270 3357 246 53 tri-state
541 3356 224 56 district
786 3359 74 67 by
887 3358 133 55 Carl
1047 3358 66 54 O.
1139 3360 315 55 Anderson.
1513 3361 270 68 Norman,
1808 3361 335 69 University

151 3432 64 52 of
241 3431 315 58 Oklahoma
586 3453 171 49 press,
788 3439 148 50 1932.

220 3504 1920 56 xii, 177 p. illus., mounted fold. pl., maps (part mounted fold.) tables
161 3559 901 51 (1 mounted fold.) diagrs. 23½ ᶜᵐ .
222 3617 374 50 Bibliography:
630 3630 41 38 p.
719 3620 233 49 [170]-172.

158 3671 52 52 ©
243 3677 127 47 Sept.
398 3680 40 41 1,
467 3678 140 46 1932;
638 3680 69 39 2c.
738 3680 128 46 Sept.
895 3679 53 47 9;
979 3680 83 39 aff.
1093 3681 127 47 Sept.
1250 3682 53 44 6;
1335 3683 41 37 A
1405 3683 168 47 54767;
1607 3683 283 48 University
1920 3683 52 40 of

222 3683 1902 90 Oklahoma
387 3743 149 38 press.
605 3734 280 48 (32-24391)

154 3833 238 65 Werfel,
420 3836 190 52 Franz
637 3836 89 65 V.,
756 3842 170 50 1890-

287 3911 1849 77 … Können wir ohne Gottesglauben leben? Berlin [etc.]
155 3987 65 54 P.
251 3989 259 68 Zsolnay,
545 3994 149 51 1932.
