2563 4368
1087 4041 98 48 361

127 459 181 64 Koch,
339 459 238 63 Robert,
611 462 323 50 1843-1910.

195 535 120 51 The
347 534 279 67 aetiology
657 533 63 52 of
749 530 383 70 tuberculosis,
1163 530 74 69 by
1269 531 101 51 Dr.
1403 529 211 54 Robert
1645 528 193 66 Koch;
1872 548 31 33 a
128 534 1962 131 translation

338 611 149 51 from
518 611 95 51 the
645 608 246 55 German
924 609 63 52 of
1016 609 95 53 the
1142 608 245 67 original
1419 624 179 50 paper
1629 604 359 68 announcing
2022 605 94 52 the

127 688 288 66 discovery
442 688 62 51 of
527 687 95 53 the
645 686 246 52 tubercle
914 685 254 66 bacillus,
1193 683 136 55 read
1356 684 193 52 before
1573 683 95 52 the
1693 680 422 69 Physiological

127 763 207 68 society
356 762 58 52 in
440 763 213 67 Berlin,
678 762 200 51 March
902 765 83 62 24,
1013 763 151 65 1882,
1189 759 112 54 and
1327 758 298 69 published
1649 760 61 52 in
1736 758 95 52 the
1854 757 261 54 Berliner

127 833 1992 73 klinische wochenschrift, 1882, XIX , 221, specially prepared for
128 918 93 53 the
253 917 301 53 American
587 917 200 51 review
821 915 62 53 of
915 915 384 67 tuberculosis,
1330 913 218 66 March,
1583 916 150 64 1932,
1763 912 75 68 by
1870 912 99 51 Dr.
2005 911 110 54 and

128 995 136 51 Mrs.
315 994 138 52 Max
505 994 238 64 Pinner;
797 992 139 52 with
988 1011 71 33 an
1107 989 385 54 introduction
1542 990 75 67 by
1667 990 101 51 Dr.
1821 988 169 52 Allen
2042 989 73 51 K.

127 1071 236 53 Krause.
421 1070 134 51 New
581 1068 158 53 York
761 1068 132 68 city,
915 1068 269 52 National
1204 1066 367 53 tuberculosis
1594 1065 351 68 association,
1967 1067 150 52 1932.

195 1139 900 51 48 p. illus. (incl. 2 facsim.) 26 ᶜᵐ.
201 1198 292 48 “Reprinted
518 1197 127 41 from
671 1198 82 39 the
774 1196 256 40 American
1057 1196 175 40 review
1259 1196 50 41 of
1335 1195 332 49 tuberculosis,
1696 1195 182 49 March,
1904 1194 127 42 1932.”

137 1268 51 52 ©
222 1273 120 40 Mar.
374 1273 68 45 11,
475 1270 111 40 1932;
647 1270 194 39 2c.
647 1270 194 39 and
875 1269 81 41 aff.
990 1270 120 39 Mar.
1143 1268 80 47 12;
1259 1269 40 38 A
1331 1267 169 47 49104;
1537 1267 232 40 National
1802 1262 319 44 tuberculosis

204 1338 127 30 assn.
401 1328 248 48 (32-7331)

134 1430 521 65 Krarup-Nielsen,
685 1430 184 65 Aage,
899 1430 84 52 ed.

202 1510 245 52 Jordens
481 1509 293 67 erobring;
811 1509 106 50 alle
949 1506 179 54 tiders
1160 1510 150 49 store
1340 1505 528 70 opdagelsesrejser,
136 1504 1960 137 redigeret

253 1589 63 51 af
349 1588 161 67 Aage
543 1588 235 66 Krarup
813 1587 247 67 Nielsen,
1092 1586 224 51 skrevet
1349 1585 62 52 af
1445 1585 84 52 dr.
1562 1584 143 70 phil.
1737 1583 115 71 Kaj
1891 1583 227 54 Birket-

138 1666 205 67 Smith,
373 1668 86 51 dr.
490 1664 141 70 phil.
663 1665 178 52 Knud
874 1666 359 65 Rasmussen,
1263 1662 273 70 magister
1568 1663 183 54 Einar
1784 1663 336 69 Storgaard,

135 1744 306 68 professor,
471 1744 85 52 dr.
587 1743 141 69 phil.
759 1747 65 50 P.
856 1746 200 51 Tuxen
1085 1761 72 50 og
1186 1743 357 52 redaktøren.
1706 1785 10 10 [VI.
135 1741 1963 149 Polarforskningens

135 1820 1961 134 saga, af Knud Rasmussen] … Köbenhavn, C. Erichsen;
311 1902 450 66 [ etc., etc.] 1932.
207 1972 1747 52 4 p. l., [9]-398, [9] p. illus., plates (part col.) ports., maps. 24 ᶜᵐ.
141 2041 1985 51 © Mar. 1, 1932; 1c. Mar. 26; A—Foreign 16293; Chr. Erichsens
208 2101 175 49 forlag.

138 2205 269 66 Leblanc,
436 2205 338 64 Georgette.

210 2280 306 55 Souvenirs;
573 2299 95 50 my
695 2280 106 52 life
828 2280 139 52 with
995 2280 394 68 Maeterlinck,
1414 2280 75 69 by
1518 2280 306 70 Georgette
1849 2280 247 54 Leblanc;

139 2357 1989 70 translated from the French by Janet Flanner … New York,
138 2437 957 67 E. P. Dutton & co., inc. [ ᶜ1 932]
210 2510 1223 50 5 p. l. , 7-352 p. incl. front., plates, ports. 23ᶜᵐ.
211 2568 161 40 “First
403 2567 225 41 edition.”

147 2634 51 52 ©
223 2640 120 39 Mar.
369 2639 67 46 15,
463 2637 140 47 1932;
630 2639 67 40 2c.
724 2640 120 38 Mar.
871 2640 81 45 17;
981 2638 82 41 aff.
1091 2640 120 39 Mar.
1238 2640 81 45 18;
1348 2641 39 37 A
1414 2639 167 47 50166;
1613 2641 51 38 E.
1694 2640 50 40 P.
1772 2640 186 40 Dutton
1985 2640 36 39 &
2047 2650 82 37 co.,

213 2695 88 40 inc.
372 2695 249 48 (32-7384)

142 2797 272 66 Lesesne,
444 2797 257 56 Thomas
729 2799 265 63 Petigru,
1028 2804 170 50 1882-

211 2874 354 54 Landmarks
601 2874 64 52 of
705 2874 350 68 Charleston,
1094 2873 298 69 including
1431 2873 343 69 description
1813 2874 63 52 of
1913 2874 94 51 An
142 2873 1962 146 incomparable

525 2949 1604 70 stroll, by Thomas Petigru Lesesne … Richmond,
144 3027 230 54 Garrett
412 3030 45 49 &
495 3028 224 67 Massie,
757 3027 413 68 incorporated,
1211 3030 149 49 1932.

243 3099 1009 49 x p., 1 l., 114 p. incl. front., illus. 20½ ᶜᵐ.
213 3155 146 40 Plans
389 3166 59 29 on
478 3154 362 49 lining-papers.

153 3209 51 52 ©
230 3216 118 37 Mar.
377 3216 38 45 1,
442 3214 112 40 1932;
609 3214 66 41 2c.
703 3216 120 38 Mar.
849 3215 25 38 3;
931 3213 81 42 aff.
1039 3215 119 38 Mar.
1187 3215 25 39 7;
1268 3215 40 37 A
1333 3213 142 41 48842;
1534 3215 198 40 Garrett
1758 3215 36 40 &
1822 3214 191 48 Massie,
2042 3214 90 39 inc.

228 3271 247 48 (32-7321)

149 3373 210 65 Leven,
389 3374 278 57 Maurice.

279 3448 1852 69 … The practice of dentistry and the incomes of dentists in
149 3525 1980 68 twenty states: 1929 [by] Maurice Leven … based upon data
149 3602 1955 142 collected under the direction of Dorothy Fahs Beck … Chicago,
329 3679 111 66 Ill.,
469 3681 120 51 The
619 3680 333 67 University
982 3681 63 51 of
1077 3679 247 69 Chicago
1355 3699 155 48 press
1563 3683 151 63 [1932]

218 3749 95 47 xxi,
341 3749 85 39 224
451 3760 42 38 p.
548 3750 128 40 illus.
705 3750 159 49 (map)
898 3751 177 48 diagrs.
1132 3752 55 40 23½ᶜᵐ.
1341 3752 356 47 (Publications
1723 3752 51 40 of
1799 3753 82 40 the
150 3750 1963 93 Committee

253 3815 58 29 on
341 3806 81 39 the
451 3807 144 46 study
624 3807 52 39 of
705 3808 164 38 dental
899 3807 211 48 practice
1138 3808 54 40 of
1218 3809 82 39 the
1329 3807 255 41 American
1615 3809 164 39 dental
1809 3808 292 40 association:

149 3869 73 31 no.
249 3860 50 47 1)

159 3914 50 51 ©
241 3919 108 42 Feb.
381 3921 39 46 2,
453 3920 111 40 1932;
625 3921 65 39 2c.
724 3921 94 39 and
852 3920 78 40 aff.
967 3923 120 41 Mar.
1119 3921 57 39 16;
1236 3923 37 37 A
1307 3921 141 41 50123;
1513 3921 279 49 University
1827 3920 50 41 of
1912 3919 219 47 Chicago,

226 3975 218 50 Chicago.
513 3978 248 47 (32-7330)
