2563 4368
1118 4161 133 50 1823

250 602 171 42 Thesis
462 604 63 48 (J.
589 635 10 9 C.
660 603 104 48 D.)—
767 602 220 42 Catholic
1019 602 271 48 university
1322 603 52 40 of
1404 602 239 49 America,
1674 601 128 43 1932.

252 659 488 50 “Nota biogr á fica.”
252 716 726 50 “Bibliograf í a” : p. 135-137.
185 786 52 52 ©
298 800 93 29 June
416 790 54 39 15,
510 788 113 41 1932;
678 789 66 40 2c.
773 790 95 38 and
895 788 82 41 aff.
1004 789 116 46 July
1147 788 55 39 22;
1259 789 40 38 A
1326 788 143 41 53212;
1528 788 220 41 Catholic
1776 790 129 39 uiiiv.
1934 791 51 38 of
253 790 1903 102 America,

369 845 333 48 Washington.
772 845 279 48 (32-34623)

180 948 192 65 Turle,
401 949 221 56 James.

252 1027 253 53 Richard
545 1025 236 56 Coverel
821 1028 113 53 and
973 1044 297 51 company,
1307 1027 77 68 by
1421 1027 194 54 James
1654 1027 190 52 Turle.
1917 1025 259 67 London,

181 1104 968 68 T. Butterworth, limited [ 1932]
248 1175 622 52 3 p. l., 9-317, [1] p. 19 ᶜᵐ.
187 1229 1973 110 © 1c. Dec. 8, 1932; A ad int. 17194; pubd. Oct. 13; J. Turle, Crowborough,
518 1291 192 47 Sussex,
745 1292 233 46 England.
1051 1291 220 47 (33-488)

183 1392 128 54 Van
341 1392 195 65 Slyke,
565 1394 217 53 Lucius
810 1393 259 65 Lincoln,
1100 1399 324 50 1859-1931.

254 1468 234 68 Cheese;
532 1490 31 33 a
600 1471 230 53 treatise
868 1489 72 34 on
976 1471 96 53 the
1110 1468 400 56 manufacture
1548 1470 64 53 of
1648 1470 305 54 American
183 1470 1969 131 Cheddar
323 1549 188 53 cheese

547 1550 113 52 and
694 1566 150 35 some
881 1549 160 52 other
1077 1544 608 57 varieties—intended
1721 1566 59 36 as
1817 1568 31 33 a
1884 1547 294 54 text-book

186 1625 92 53 for
316 1626 97 52 the
449 1645 95 33 use
582 1625 65 54 of
684 1625 167 68 dairy
887 1625 252 54 teachers
1179 1626 113 53 and
1330 1624 256 55 students
1625 1624 59 54 in
1723 1626 303 53 classroom
2064 1626 112 53 and

185 1703 669 67 workroom—prepared
902 1705 117 51 also
1066 1723 58 34 as
1170 1722 31 33 a
1245 1701 306 55 handbook
1594 1707 112 49 and
1751 1703 159 53 work
1954 1703 64 54 of
184 1702 1970 134 reference
413 1782 94 52 for

543 1781 96 53 the
676 1780 158 68 daily
871 1800 95 34 use
1003 1781 65 52 of
1104 1779 275 68 practical
1416 1780 438 55 cheese-makers
1890 1782 60 52 in
1989 1780 190 54 cheese

186 1856 1990 71 factory operations. By Lucius L. Van Slyke … Walter V.
183 1933 1996 72 Price … Rev. and enl. New York, Orange Judd publishing
184 2034 296 49 company,
513 2015 107 52 inc.;
685 2013 258 68 London,
977 2013 72 53 K.
1084 2012 164 59 Paul,
1282 2012 240 68 Trench,
1555 2012 261 55 Trubner
1848 2018 46 50 &
1926 2032 97 50 co.,
2056 2013 122 68 ltd.,

187 2096 149 50 1932.

255 2163 1303 51 viii, 262, 262a, [1], 263-387 p. illus., diagrs. 23½ ᶜᵐ.
259 2223 127 39 “The
412 2222 256 39 literature
695 2221 52 39 of
771 2219 412 47 cheese-making”
1203 2231 9 28 :
1241 2231 42 36 p.
1309 2218 217 42 336-359.

191 2275 51 52 ©
271 2280 119 40 Nov.
420 2278 69 47 16,
520 2277 114 41 1932;
693 2277 68 41 2c.
792 2278 95 38 and
918 2276 81 41 aff.
1031 2277 116 39 Nov.
1180 2276 55 40 23;
1296 2277 41 38 A
1368 2276 169 48 57202;
1573 2277 189 40 Orange
1795 2278 130 39 Judd
1958 2279 106 38 nub.
2098 2289 82 39 co.,

257 2335 91 41 inc.
418 2334 280 49 (32-34491)

243 2436 1935 135 Die w ahrheit über Gott. Frankfurt am Main, C. Dost, ᶜ1 932.
257 2584 510 48 1 p. l., 5-47 p. 22½ ᶜᵐ.
193 2627 1873 121 © Aug. 26, 1932; 1c. Nov. 2; A—Foreign 18387; Curt Dost v erlag. (33-20)
189 2805 376 64 Warburton,
598 2804 193 65 Clark,
824 2809 170 49 1896-

261 2881 118 52 The
417 2882 281 53 economic
735 2883 204 52 results
976 2882 62 51 of
1075 2882 372 68 prohibition,
1482 2883 76 66 by
1598 2883 177 54 Clark
1806 2884 372 68 Warburton,

189 2976 97 38 PH.
320 2979 48 32 D.
443 2960 137 52 New
613 2961 178 56 York,
826 2960 297 55 Columbia
1159 2961 317 68 university
1507 2980 184 49 press;
1725 2962 260 66 London,
2017 2964 64 52 P.
2121 2962 55 55 S.

191 3038 160 68 King
377 3043 45 50 &
446 3057 117 38 son,
590 3039 122 67 ltd.,
742 3042 149 50 1932.

262 3110 1921 51 273 p. 23 ᶜᵐ. (Half-title: Studies in history, economics and public
191 3170 108 46 law,
342 3170 70 39 ed.
455 3168 61 48 by
557 3169 80 39 the
680 3169 206 40 Faculty
928 3171 53 39 of
1021 3168 218 49 political
1282 3169 183 41 science
1508 3170 52 39 of
1603 3169 249 41 Columbia
1897 3168 283 50 university,

190 3233 75 32 no.
291 3224 110 46 379)

197 3276 51 52 ©
284 3281 116 40 Nov.
436 3282 55 38 15,
540 3280 113 41 1932;
718 3281 67 40 2c.
822 3282 109 40 Dec.
968 3282 56 41 27;
1090 3281 80 41 aff.
1209 3284 111 39 Dec.
1357 3282 55 41 23;
1476 3283 42 39 A
1554 3282 143 40 57590;
1765 3283 249 40 Columbia
2053 3284 129 40 univ.
262 3347 149 38 press.

191 3439 369 66 Warington,
591 3442 245 52 Amabel
868 3441 326 65 Elizabeth,
1228 3449 170 49 1902-

261 3518 1921 66 Man of pride, by A. E. Warington … London, J. Long,
191 3595 222 55 limited
446 3599 171 65 [1932]

260 3668 548 49 5 p. l., 15-287 p. 19½ ᶜᵐ.
198 3719 51 51 ©
282 3724 66 39 1c.
379 3724 117 40 Nov.
529 3725 26 38 5,
603 3724 138 47 1932;
777 3726 41 38 A
850 3729 61 39 ad
944 3726 85 40 int.
1064 3726 168 46 17013;
1267 3728 142 46 pubd.
1446 3727 125 48 Sept.
1606 3726 53 47 9;
1695 3726 199 40 Amabel
1930 3726 252 40 Elizabeth

265 3779 287 49 Warington
579 3781 182 47 Smyth,
789 3782 211 40 London.
1071 3782 219 48 (33-479)

193 3880 354 67 Washburn,
579 3883 177 53 Owen
785 3884 354 65 Redington,
1172 3891 171 49 1866-

265 3958 48 51 By
397 3977 125 47 way
563 3960 63 52 of
666 3961 142 65 love,
848 3962 75 64 by
967 3962 175 54 Owen
1183 3964 330 63 Redington
1553 3964 343 53 Washburn.
1991 3963 185 53 North

194 4032 363 71 Montpelier,
593 4037 114 66 Vt.,
745 4037 121 53 The
900 4038 330 53 Driftwood
1270 4059 172 47 press,
1476 4042 90 52 W.
1603 4042 55 52 J.
1699 4041 219 65 Coates,
1958 4045 149 48 1932.
