2563 4368
1342 4073 101 50 854

480 516 114 41 “750
620 517 159 47 copies
805 518 81 40 for
912 519 102 39 sale
1040 518 51 40 in
1117 518 267 41 America.”

417 568 52 52 ©
504 575 113 46 May
649 573 40 48 2,
724 573 114 41 1932;
901 574 66 41 2c.
1003 576 113 47 May
1149 575 81 46 25;
1268 575 82 40 aff.
1386 576 125 39 June
1543 577 54 44 4;
1635 577 40 38 A
1708 576 168 43 52311;
1914 577 224 49 Printing
2172 578 151 40 house
2355 579 52 39 of

485 630 215 40 William
732 631 172 40 Edwin
937 632 181 48 Rudge,
1151 632 104 48 inc.,
1289 632 116 39 New
1438 633 144 39 York.
1662 629 51 51 [©
1748 634 344 50 introduction]

494 687 280 49 (32-15001)

410 777 281 63 Ostwald,
722 779 168 53 Hans
919 778 144 54 Otto
1090 778 258 65 August,
1382 779 171 55 1873-

478 855 1929 70 Zille’s v ermächtnis, von Hans Ostwald; unter mitarbeit
409 932 179 54 seines
611 933 199 53 sohnes
835 933 165 53 Hans
1026 934 156 54 Zille.
1241 933 119 54 Mit
1382 937 103 50 240
1507 934 242 68 bildern,
1774 937 188 51 davon
1987 939 101 49 225
2115 937 294 68 erstmalig

408 1010 1886 72 veröffentlicht. 26.-50. tausend. Berlin, P. Franke [ ᶜ1 930]
474 1085 1287 48 464 p. front. (port.) illus. (incl. facsims.) 19ᶜᵐ.
414 1138 51 51 ©
494 1142 113 47 May
632 1141 68 48 22,
729 1141 139 47 1930;
926 1153 36 28 1c.
992 1143 109 39 Jan.
1129 1141 68 47 19,
1225 1142 140 46 1932;
1395 1144 40 36 A
1437 1142 267 48 —Foreign
1732 1142 169 47 15429;
1933 1143 121 39 Paul
2084 1143 192 40 Franke
483 1154 1903 92 verlag,

602 1198 96 40 inh.:
756 1199 122 39 Paul
906 1199 193 40 Franke
1125 1200 36 39 &
1187 1199 224 51 Rudolph
1439 1199 220 48 Henssel,
1688 1210 40 37 g.
1756 1211 58 27 m.
1842 1201 43 39 b.
1911 1200 44 38 h.

492 1255 279 48 (32-14660)

406 1346 265 64 Parrish,
703 1345 288 64 Wayland
1022 1344 295 59 Maxfield.

476 1423 265 67 Beading
775 1425 198 65 aloud;
1013 1443 31 33 a
1078 1423 300 68 technique
1411 1424 60 52 in
1507 1423 97 53 the
1638 1423 441 68 interpretation
2115 1423 64 55 of
404 1424 1975 143 literature,

406 1500 1973 132 by Wayland Maxfield Parrish … illustrated by Katherine
592 1580 249 52 Eleanor
871 1580 255 53 Parrish.
1203 1580 138 53 New
1374 1579 179 66 York,
1585 1580 66 52 T.
1685 1580 212 53 Nelson
1929 1581 112 51 and
2073 1599 145 43 sons,
2253 1583 148 49 1932.

474 1652 85 41 401
590 1663 43 38 p.
693 1652 128 41 illus.
881 1653 55 39 21½ᶜᵐ.
1098 1652 299 49 (Half-title:
1425 1652 219 41 Nelson’s
1675 1651 203 50 English
1911 1652 176 47 series)

476 1710 86 39 “In
604 1709 97 40 this
741 1710 124 40 book
905 1710 23 39 I
969 1710 124 40 have
1133 1711 73 39 set
1247 1719 64 38 up
1350 1719 54 30 as
1446 1720 29 29 a
1515 1710 110 47 goal
1665 1710 82 40 the
1788 1709 105 40 oral
1932 1707 377 50 interpretation
2349 1709 53 41 of

403 1766 405 48 poetry.”—Pref.

413 1819 51 51 ©
495 1823 126 40 June
650 1824 38 40 6,
719 1822 140 47 1932;
892 1822 68 41 2c.
993 1824 97 38 and
1119 1823 82 40 aff.
1233 1823 127 39 June
1391 1823 51 40 8;
1478 1823 39 37 A
1549 1821 169 48 52375;
1754 1822 211 40 Thomas
1996 1822 178 40 Nelson
2207 1822 36 39 &
2275 1833 124 29 sons.

489 1879 279 49 (32-15009)

404 1958 1996 70 The Pennsylvania corporation reporter … Reported and,
475 2036 1921 70 edited by Karl E. Richards … v. 20, Jan. 1931-December
472 2116 1899 147 1931. Harrisburg, Pa., The Pennsylvania corporation reporter [ ᶜ1 932]
477 2268 493 49 ix, 459, viii p. 23½ ᶜᵐ.
410 2323 51 51 ©
492 2327 126 39 June
644 2324 69 50 27,
743 2324 113 41 1932;
915 2324 67 42 2c.
1013 2325 115 47 July
1159 2326 24 37 1;
1244 2324 81 40 aff.
1357 2325 126 39 June
1513 2324 57 40 28;
1628 2325 40 38 A
1699 2325 145 40 52868;
1903 2325 122 39 Karl
2058 2325 53 39 E.
2143 2323 253 50 Richards,

477 2383 314 46 Harrisburg,
817 2383 81 39 Pa.

404 2457 185 66 Price,
622 2458 134 54 Carl
786 2457 243 65 Fowler,
1062 2461 170 51 1881-

471 2535 347 67 Wesleyan’s
852 2535 125 52 first
1013 2540 251 62 century,
1300 2533 141 54 with
1473 2554 72 33 an
1579 2541 236 46 account
1850 2534 64 53 of
1947 2535 97 51 the
2077 2534 316 54 centennial

402 2612 339 53 celebration
781 2613 107 67 [by]
928 2613 136 55 Carl
1093 2614 66 53 F.
1190 2612 180 53 Price.
1439 2611 393 68 Middletown,
1868 2613 195 66 Conn.,
2092 2613 302 66 Wesleyan

403 2691 332 67 university,
765 2694 149 51 1932.

471 2761 872 49 384 p. front., plates, ports. 23½ ᶜᵐ.
409 2817 51 51 ©
493 2822 113 45 May
639 2819 37 43 6,
710 2819 140 47 1932;
884 2820 67 40 2c.
985 2821 95 38 and
1111 2820 81 40 aff.
1226 2820 127 39 June
1384 2820 52 46 3;
1470 2820 40 38 A
1542 2819 143 39 52256;
1747 2819 48 41 C.
1831 2820 50 40 F.
1916 2819 151 46 Price,
2101 2819 115 39 New
2250 2819 141 39 York.

485 2877 279 48 (32-15088)

402 2954 260 64 Reagan,
694 2953 225 63 George
947 2952 274 66 William,
1252 2954 170 54 1887-

471 3029 1918 69 Fundamentals of teaching, by G. W. Beagan … Chicago,
403 3108 1726 66 New York [etc.] Scott, Foresman and company [ ᶜ1 932]
471 3180 600 48 vi, 554 p. diagrs. 19 ᶜᵐ.
475 3236 318 41 “References
825 3236 79 40 for
933 3238 393 46 supplementary
1357 3235 229 48 reading”
1616 3238 51 38 at
1696 3236 91 39 end
1819 3235 52 39 of
1900 3237 124 37 most
2056 3234 50 40 of
2139 3235 82 39 the
402 3235 1972 100 chapters.

407 3347 51 51 ©
492 3351 127 39 June
650 3350 40 47 2,
725 3349 138 47 1932;
900 3350 67 40 2c.
1001 3351 94 38 and
1128 3349 82 42 aff.
1244 3350 126 39 June
1402 3350 52 46 6;
1491 3350 40 38 A
1566 3348 169 48 52287;
1775 3350 147 46 Scott,
1958 3349 262 39 Foresman
2254 3349 36 39 &
2324 3359 66 29 co.

484 3407 278 47 (32-15091)

401 3482 308 66 Richards,
736 3483 255 55 William
1021 3484 238 63 Evarts,
1291 3486 324 51 1855-1920.

467 3560 253 67 Patents,
758 3559 379 54 trade-marks
1176 3560 111 52 and
1327 3559 349 68 copyrights,
1713 3561 109 50 law
1862 3559 111 52 and
2012 3557 263 68 practice,
2311 3557 75 66 by

398 3634 1988 69 Oscar A. Geier … 6th ed. New York, N. Y., Washington,
396 3710 990 69 D. C., Bichards & Geier, ᶜ1 932.
469 3784 274 50 128 p. 23 ᶜᵐ.
471 3840 131 41 First
636 3841 253 49 published
926 3842 49 39 in
1013 3841 113 40 1919
1161 3841 120 40 with
1315 3840 218 41 William
1566 3841 53 40 E.
1657 3840 252 41 Richards’
1945 3851 141 30 name
2122 3840 264 48 appearing

396 3900 107 39 first
533 3910 59 29 on
623 3900 96 47 t.-p.

407 3952 51 51 ©
487 3957 126 38 June
640 3957 40 47 1,
707 3954 139 47 1932;
878 3955 66 40 2c.
973 3956 94 38 and
1096 3954 81 41 aff.
1206 3955 127 39 June
1360 3954 52 47 6;
1441 3954 41 39 A
1509 3953 168 48 52326;
1708 3953 239 40 Richards
1977 3959 36 39 &
2043 3953 151 40 Geier.

483 4011 277 50 (32-14969)
