2563 4368
1267 4059 135 51 1632

340 511 180 42 lations
549 522 125 30 were
705 512 253 48 published
989 512 49 40 in
1069 512 114 40 1905
1212 512 58 47 by
1303 512 81 40 the
1416 512 120 39 East
1567 510 115 40 Asia
1718 509 613 48 magazine.”—Foreword

340 570 94 40 and
464 569 130 42 Pref.

344 626 51 51 ©
436 630 126 46 Sept.
599 630 68 38 13.
704 628 113 40 1932;
883 629 63 39 2c.
989 630 126 46 Sept.
1154 629 22 36 16;
1274 626 81 40 aff.
1396 626 126 48 Sept.
1559 627 54 39 15;
1681 626 39 38 A
1757 624 140 40 54901;
1967 624 280 47 University
2285 626 51 38 of

413 685 222 48 Chicago,
666 684 222 47 Chicago.
960 683 278 48 (32-31028)

337 785 341 66 Twitmyer,
710 785 207 54 Edwin
946 787 246 63 Burket,
1225 787 171 54 1873-

409 864 332 55 Correction
776 865 64 52 of
876 864 279 53 defective
1193 863 228 68 speech;
1461 882 30 34 a
1529 862 275 68 complete
1838 862 232 52 manual
2106 860 64 54 of
338 879 1972 131 psycho-physiological

925 942 296 67 technique
1264 940 93 54 for
1395 941 95 52 the
1528 945 306 49 treatment
1872 940 113 52 and
2024 940 312 53 correction

338 1016 1996 71 of the defects of speech [by] Burket Twitmyer … and Yale
341 1094 1995 70 Samuel Nathanson … Philadelphia, P. Blakiston’s son & co.,
341 1178 331 66 inc. [ ᶜ1 932]
408 1251 121 40 xviii
558 1262 56 37 p.,
643 1251 24 38 1
733 1281 8 16 l.,
769 1251 85 39 413
883 1261 42 36 p.
987 1249 142 47 illus.,
1159 1248 178 47 diagrs.
1398 1248 144 39 21½ᶜᵐ.

343 1305 51 51 ©
432 1309 101 39 Oct.
569 1307 69 47 25,
675 1308 139 45 1932;
853 1307 68 40 2c.
957 1308 95 39 and
1088 1318 24 28 a
1120 1306 51 41 ff.
1209 1306 101 40 Oct.
1346 1305 83 47 26;
1468 1306 40 38 A
1544 1306 170 47 56724;
1754 1307 51 40 P.
1843 1305 297 41 Blakiston’s
2177 1316 86 30 son
2300 1307 36 40 &

412 1377 80 29 co..
521 1366 92 39 inc.
683 1364 280 49 (32-30864)

340 1470 71 53 U.
441 1470 57 53 S.
574 1469 182 65 Laws,
784 1474 240 46 statutes,
1070 1474 99 48 etc.

410 1545 216 54 United
680 1545 187 54 States
920 1545 170 66 Code,
1142 1545 323 52 annotated.
1546 1548 131 48 1932
1728 1545 343 52 cumulative
2122 1546 210 51 annual

340 1623 1991 69 pocket part for General index … St. Paul, West publishing
339 1703 1458 67 co.; Northport, Edward Thompson co. [ ᶜ1 932]
408 1778 56 40 92
495 1788 42 38 p.
597 1778 145 40 23½ᶜᵐ.

411 1833 294 42 Cover-title.

411 1890 117 39 This
552 1890 246 48 pamphlet
823 1890 41 39 is
889 1892 48 37 to
962 1890 56 39 be
1041 1889 137 40 fitted
1204 1889 102 39 into
1332 1889 81 40 the
1439 1889 170 47 pocket
1634 1891 52 38 at
1712 1889 80 39 the
1818 1888 122 41 back
1964 1889 50 39 of
2041 1889 80 39 the
2147 1890 189 39 volume

341 1948 52 38 of
419 1948 81 39 the
525 1949 74 38 set
627 1950 47 36 to
701 1946 158 39 which
887 1946 37 39 it
951 1946 209 46 belongs.

345 2000 51 51 ©
423 2003 102 41 Oct.
552 2003 67 40 10.
648 2001 114 42 1932;
816 2002 67 39 2c.
911 2004 95 37 and
1033 2002 80 40 aff.
1141 2002 117 39 Nov.
1288 2002 81 45 14;
1398 2002 40 38 A
1466 2001 170 47 55937;
1667 2002 133 39 West
1828 2002 108 47 pub.
1965 2012 67 28 co.
2061 2002 36 39 &
2124 2002 209 39 Edward

412 2060 273 47 Thompson
715 2071 66 28 co.

410 2160 216 54 United
680 2160 188 54 States
921 2161 168 65 Code,
1141 2161 322 52 annotated.
1542 2164 133 48 1932
1725 2161 345 52 cumulative
2120 2160 210 54 annual

341 2237 1986 69 pocket part for Tables … St. Paul. TTest publishing co.;
398 2317 1260 68 Northport, Edward Thompson co. [ ᶜ1 932]
409 2392 55 39 31
493 2402 42 37 p.
591 2390 145 42 23½ᶜᵐ.

410 2447 294 41 Cover-title.

412 2503 117 40 This
553 2504 247 47 pamphlet
824 2504 41 40 is
889 2507 48 37 to
962 2504 57 40 be
1042 2504 137 40 fitted
1205 2505 102 38 into
1335 2504 79 40 the
1438 2504 169 47 pocket
1633 2506 50 37 at
1710 2504 80 39 the
1817 2503 122 39 back
1963 2502 52 40 of
2040 2503 79 39 the
2146 2503 188 40 volume

339 2560 51 38 of
417 2560 80 40 the
524 2563 72 37 set
625 2563 47 37 to
700 2560 158 40 which
885 2560 39 40 it
950 2560 209 48 belongs.

345 2612 51 52 ©
424 2616 101 40 Oct.
552 2616 68 47 10,
648 2616 140 47 1932;
817 2617 65 40 2c.
911 2618 95 38 and
1034 2616 80 40 aff.
1142 2617 117 38 Nov.
1288 2617 54 38 14;
1398 2616 41 39 A
1466 2614 169 48 55938;
1666 2616 133 39 West
1827 2616 109 47 pub.
1965 2625 66 30 co.
2059 2615 36 39 &
2124 2615 209 39 Edward

412 2673 274 47 Thompson
714 2684 65 29 co.

340 2776 194 63 Ward,
563 2776 255 54 William
847 2775 252 65 Rankin,
1130 2777 170 54 1870-

407 2852 184 53 Down
622 2853 97 52 the
749 2871 191 48 years;
975 2873 30 33 a
1036 2853 222 67 history
1291 2854 63 52 of
1385 2854 96 51 the
1512 2853 228 53 Mutual
1774 2852 205 53 benefit
2010 2851 107 53 life

342 2852 1963 129 insurance
505 2948 295 49 company,
831 2931 133 51 1845
995 2936 58 46 to
1087 2934 151 63 1932,
1268 2931 75 66 by
1371 2930 261 54 William
1660 2930 233 53 Rankin
1922 2930 199 64 Ward,
2153 2947 66 34 m.
2247 2947 50 34 d.;

341 3024 106 49 pen
472 3007 289 68 drawings
785 3008 75 67 by
884 3008 198 67 Harry
1107 3008 71 51 A.
1203 3007 375 53 Richardson.
1642 3008 290 67 Prepared
1958 3007 94 53 for
340 3007 1966 129 publication

508 3085 75 66 by
631 3083 252 54 Mildred
931 3086 66 50 F.
1047 3083 190 55 Stone.
1326 3085 290 66 [Camden,
1664 3085 71 52 N.
1783 3084 75 65 J.,
1907 3085 121 52 The
2078 3084 251 53 Haddon

336 3161 533 66 craftsmen, ᶜ1 932]
410 3232 1366 50 5 p. l., 256 p. illus., plates, ports., facsims. 21½ᶜᵐ.
346 3285 50 51 ©
424 3290 99 40 Oct.
611 3323 8 10 18,
647 3290 138 42 1932;
814 3292 65 39 2c.
908 3292 95 38 and
1030 3290 79 39 aff.
1140 3291 101 39 Oct.
1267 3291 56 38 24;
1379 3292 40 38 A
1446 3291 142 39 56645;
1646 3292 190 38 Mutual
1865 3290 173 41 benefit
2065 3291 87 39 life

413 3292 1902 93 insurance
558 3357 67 29 co.
696 3346 278 48 (32-30882)

343 3447 189 65 Ware,
563 3448 243 54 Charles
837 3448 331 65 Crossfield,
1201 3454 171 50 1886-

412 3525 220 51 Barton
677 3524 243 54 Warren
970 3524 191 67 Stone,
1209 3525 327 67 pathfinder
1584 3525 65 53 of
1696 3524 296 55 Christian
2040 3525 204 67 union;
2297 3544 31 35 a

340 3605 157 63 story
529 3600 66 53 of
624 3601 88 53 his
743 3602 107 52 life
882 3603 113 51 and
1026 3602 181 67 times,
1239 3601 75 70 by
1347 3601 236 55 Charles
1617 3601 305 55 Crossfield
1952 3603 200 66 Ware;
2189 3602 138 53 with

341 3677 1989 70 introduction by Elmer Ellsworth Snoddy … St. Louis, Mo.,
341 3753 825 69 The Bethany press [ ᶜ1 932]
414 3826 95 46 xiv,
537 3826 85 40 357
648 3836 44 38 p.
752 3827 160 47 front.,
941 3828 170 46 plates,
1140 3828 162 47 ports.,
1330 3827 213 40 facsims.
1606 3826 145 42 22½ᶜᵐ.

411 3880 374 49 Bibliography:
815 3893 42 37 p.
884 3882 218 41 345-349.

347 3934 52 51 ©
434 3938 102 41 Oct.
567 3939 69 47 12,
669 3938 140 48 1932;
845 3940 66 40 2c.
945 3942 95 37 and
1074 3940 82 40 aff.
1192 3939 100 41 Oct.
1328 3941 80 45 17;
1446 3940 39 39 A
1518 3940 142 40 56505;
1725 3940 221 48 Bethany
1979 3950 149 40 press.

424 3992 278 51 (32-30916)
