2563 4368
1050 4026 135 54 1147

122 419 352 54 Minnesota.
547 417 276 68 Supreme
853 420 174 48 court.

191 496 322 52 Minnesota
551 500 235 62 reports,
862 511 52 34 v.
955 495 113 49 185.
1147 490 167 54 Cases
1353 490 214 69 argued
1607 490 112 51 and
1757 488 350 53 determined

122 567 1961 153 … December 18, 1931-April 8, 1932. Ethel M. Martin, reporter.
409 651 81 55 St.
521 652 165 65 Paul,
714 650 226 52 Review
970 646 334 70 publishing
1334 665 297 50 company,
1661 648 151 50 1932.

192 725 132 46 xxxi,
357 725 82 38 716
470 735 41 36 p.
572 724 143 39 22½ᶜᵐ.

129 778 51 51 ©
213 782 119 46 Aug.
364 780 68 48 22,
466 778 138 48 1932;
639 778 68 41 2c.
737 779 95 38 and
866 776 79 41 aff.
984 778 124 46 Sept.
1142 776 52 47 6;
1229 776 43 39 A
1304 774 169 49 53977;
1511 775 129 40 Mike
1673 775 158 48 Holm,
1866 777 246 46 secretary

197 838 51 37 of
273 837 81 40 the
380 839 126 37 state
532 836 51 39 of
608 834 271 40 Minnesota
906 834 50 38 in
982 835 129 38 trust
1136 833 79 39 for
1241 833 83 40 the
1348 831 175 41 benefit
1550 832 52 39 of
1628 832 81 40 the
1735 833 166 46 people
1928 831 51 40 of
2006 829 107 42 said

193 895 141 46 state,
365 893 67 40 St.
459 893 136 38 Paul.

123 983 284 64 Moravia,
439 982 263 55 Alberto.

192 1060 121 51 The
346 1057 330 53 indifferent
712 1074 148 50 ones,
896 1056 71 68 by
1003 1055 239 54 Alberto
1276 1055 292 67 Moravia;
1605 1053 317 55 translated
1959 1052 154 56 from

124 1138 94 51 the
252 1135 217 53 Italian
504 1134 74 68 by
613 1134 153 52 Aida
802 1132 406 70 Mastrangelo.
1282 1133 138 52 New
1459 1131 179 69 York,
1677 1133 68 52 E.
1784 1132 66 53 P.
1889 1132 224 53 Dutton

121 1213 525 66 & co., inc. [ ᶜ1 932]
191 1285 86 41 327
307 1297 42 37 p.
414 1286 145 41 19½ᶜᵐ.

198 1342 162 41 “First
388 1339 226 44 edition.”

130 1397 51 51 ©
212 1402 119 46 Aug.
362 1402 40 45 1,
433 1399 139 48 1932;
605 1399 66 40 2c.
704 1400 95 39 and
829 1398 82 41 aff.
942 1399 118 46 Aug.
1093 1399 53 45 3;
1179 1398 41 38 A
1250 1396 170 49 53432;
1455 1399 54 39 E.
1540 1398 49 38 P.
1624 1398 186 39 Dutton
1842 1397 37 40 &
1910 1406 80 38 co.,
2024 1396 90 40 inc.

206 1456 278 49 (32-20041)

124 1545 175 66 Muir,
327 1545 247 56 Charles
598 1545 305 65 Stothard,
933 1545 171 56 1873-

195 1625 121 52 The
356 1642 260 35 romance
655 1622 64 54 of
758 1623 95 53 the
895 1623 193 66 Bible;
1132 1641 82 48 or,
1254 1623 121 52 The
1415 1621 270 69 thrilling
1722 1626 158 63 story
1919 1620 66 55 of
2023 1622 98 52 the

125 1698 1996 71 greatest book, by Charles S. Muir … Washington, D. C., The
127 1778 1045 68 Green lamp library league [ ᶜ1 932]
192 1853 84 40 213
302 1863 42 37 p.
397 1852 144 40 19½ᶜᵐ.
606 1852 180 48 (Green
810 1853 133 46 lamp
965 1850 186 48 library
1176 1849 174 48 series)

133 1905 50 52 ©
209 1909 114 47 July
345 1909 69 46 20,
440 1907 139 48 1932;
605 1907 67 42 2c.
698 1909 96 38 and
818 1907 82 42 aff.
925 1908 115 47 July
1065 1906 54 39 22;
1174 1907 41 38 A
1239 1906 169 47 54220;
1438 1907 50 40 C.
1516 1906 44 41 S.
1587 1905 142 48 Muir,
1758 1905 161 48 Chevy
1947 1905 170 49 Chase,

199 1966 94 39 Md.
364 1964 278 49 (32-19932)

125 2054 280 54 National
437 2054 223 54 council
693 2053 64 54 of
788 2053 277 54 teachers
1094 2053 65 54 of
1193 2051 269 66 English.
1539 2051 337 57 Committee
1910 2069 74 36 on
194 2050 1898 137 leisure
351 2133 258 67 reading.

194 2207 231 55 Leisure
457 2207 239 70 reading
728 2208 93 53 for
852 2210 204 67 grades
1087 2226 183 50 seven,
1302 2208 175 69 eight,
1509 2211 113 50 and
1653 2209 149 67 nine,
1834 2211 283 65 prepared

128 2286 93 54 for
246 2287 95 53 the
367 2285 272 54 National
665 2286 220 53 council
910 2286 64 53 of
999 2287 251 52 teachers
1277 2285 64 53 of
1369 2286 245 68 English
1641 2286 74 68 by
1741 2286 75 53 its
127 2286 1965 131 Committee
241 2382 72 35 on
341 2364 203 53 leisure
574 2364 256 68 reading,
861 2364 178 55 Stella
1075 2365 55 54 S.
1166 2364 206 55 Center
1402 2366 113 51 and
1545 2365 140 52 Max
1714 2365 56 54 J.
1802 2364 314 68 Herzberg,

127 2439 392 55 co-chairmen.
596 2441 268 69 Chicago,
899 2442 114 67 Ill.,
1048 2443 120 51 The
1203 2441 274 55 National
1512 2441 219 53 council
1766 2440 64 54 of
1864 2444 251 53 teachers

127 2520 64 53 of
217 2520 262 68 English,
508 2524 149 50 1932.

197 2593 84 40 132
311 2603 43 37 p.
413 2592 129 41 illus.
570 2591 135 49 (part
736 2592 109 48 col.)
914 2592 116 40 23ᶜᵐ.

199 2649 266 48 Classified,
495 2649 118 40 with
643 2650 107 40 title
779 2650 96 39 and
905 2649 177 40 author
1110 2648 160 43 index.

135 2704 50 51 ©
215 2708 113 47 May
356 2708 68 46 15,
453 2707 112 40 1932;
622 2707 66 40 2c.
719 2708 116 46 July
861 2708 82 45 14;
975 2706 80 41 aff.
1085 2707 120 46 Aug.
1235 2708 52 45 1;
1318 2706 42 40 A
1388 2707 169 47 53416;
1589 2707 232 40 National
1849 2706 188 42 council
2067 2708 55 41 of

201 2765 220 39 teachers
449 2764 53 40 of
531 2763 214 47 English.
817 2762 278 51 (32-20094)

129 2850 293 68 Neprash,
451 2853 178 64 Jerry
655 2852 195 64 Alvin,
882 2858 171 49 1904-

199 2931 120 53 The
358 2930 327 53 Brookhart
722 2930 330 67 campaigns
1089 2930 61 51 in
1185 2931 175 68 Iowa,
1399 2933 338 65 1920-1926;
1778 2950 31 34 a
1846 2933 171 67 study
2054 2931 62 52 in

129 3009 94 52 the
253 3007 340 53 motivation
625 3008 63 53 of
719 3007 259 69 political
1010 3007 292 69 attitudes,
1332 3010 75 65 by
1437 3010 173 68 Jerry
1641 3009 181 54 Alvin
1853 3011 262 67 Neprash

191 3086 1923 70 … New York, Columbia university press; London, P. S.
129 3164 161 67 King
322 3169 44 49 &
399 3183 117 49 son,
548 3165 122 67 ltd.,
704 3168 150 49 1932.

202 3238 86 39 128
313 3249 42 36 p.
412 3237 125 39 illus.
568 3236 183 48 (maps)
814 3237 116 40 23ᶜᵐ.
997 3238 297 48 (Half-title:
1324 3239 193 41 Studies
1544 3239 52 40 in
1621 3239 202 49 history,
1854 3240 267 42 economics

134 3295 94 38 and
259 3294 160 47 public
452 3294 106 47 law,
592 3293 160 41 edited
784 3294 60 47 by
878 3294 80 40 the
992 3295 205 48 Faculty
1231 3296 52 39 of
1314 3296 216 49 political
1565 3296 185 40 science
1784 3296 50 40 of
1869 3296 249 41 Columbia

129 3350 282 48 university,
444 3360 72 31 no.
548 3350 109 48 366)

203 3407 171 39 Issued
402 3407 101 39 also
532 3416 53 30 as
614 3406 152 40 thesis
804 3406 108 49 (PH.
972 3406 32 48 D.)
1044 3407 248 40 Columbia
1323 3407 284 49 university.

202 3461 374 49 Bibliography:
607 3471 42 40 p.
681 3462 215 41 124-126.

135 3514 51 51 ©
218 3519 126 43 June
372 3518 68 47 20,
473 3518 139 48 1932;
644 3517 68 42 2c.
743 3520 96 39 and
870 3518 80 40 aff.
984 3519 115 47 July
1128 3517 55 41 19;
1244 3520 41 38 A
1317 3520 168 47 54147;
1521 3520 250 42 Columbia
1804 3521 127 39 univ.
1967 3531 148 38 press.

210 3574 278 50 (32-19904)

127 3655 246 65 Newlin,
406 3657 217 53 Claude
654 3657 228 54 Milton.

201 3731 121 52 The
363 3730 107 54 life
512 3733 114 51 and
669 3732 260 69 writings
974 3732 64 53 of
1081 3732 182 69 Hugh
1306 3734 204 67 Henry
1555 3733 442 69 Brackenridge,
2041 3732 35 55 by

133 3807 1981 74 Claude Milton Newlin … Princeton, Princeton university
128 3903 173 50 press,
334 3890 148 49 1932.

201 3959 47 41 vi
278 3971 57 37 p.,
364 3960 26 39 1
454 3991 9 17 l.,
492 3960 88 41 328
606 3972 44 37 p.
706 3961 146 43 23½ᶜᵐ.
