2563 4368
1084 4124 135 56 1717

176 504 225 64 Farnol,
429 503 245 66 Jeffery,
706 504 170 54 1878-

240 580 330 67 Charmian,
604 580 136 69 lady
829 579 168 67 Vibart,
1030 579 76 69 by
1140 577 219 71 Jeffery
1393 578 231 53 Farnol.
1697 580 233 68 Boston,
1965 579 196 69 Little,

171 659 227 65 Brown,
426 659 113 52 and
564 675 297 51 company,
891 658 149 51 1932.

238 730 99 47 viii,
367 730 86 39 245
478 740 43 37 p.
585 729 146 41 19½ᶜᵐ.

173 797 50 52 ©
250 801 117 40 Nov.
393 801 67 47 18,
486 799 114 42 1932;
654 799 66 41 2c.
747 801 94 39 and
867 799 83 41 aff.
974 800 118 40 Nov.
1119 798 56 41 19;
1229 799 41 41 A
1295 798 141 41 58023;
1493 801 44 40 J.
1565 800 193 47 Farnol,
1786 801 202 40 Preston
2017 802 144 48 Park,

241 857 250 49 Brighton,
525 857 191 46 Sussex,
747 857 237 45 England.
1053 855 281 50 (32-32770)

169 960 377 66 Farrington,
577 960 246 56 Charles
848 961 68 55 E.

237 1038 121 52 The
384 1038 401 68 degeneration
813 1038 112 53 and
952 1038 394 68 regeneration
1373 1038 63 53 of
1464 1056 32 35 a
1521 1037 273 69 republic,
1819 1039 76 67 by
1921 1038 238 56 Charles

169 1114 1857 69 E. Farrington … What everybody ought to know about
168 1135 1965 110 political
394 1191 212 55 affairs.
691 1192 393 68 [Norristown,
1125 1194 121 66 Pa.,
1287 1193 360 53 Norristown
1689 1212 175 49 press,
1930 1197 135 51 ᶜ1932]

239 1265 271 50 100 p. 19 ᶜᵐ.
172 1332 50 52 ©
258 1337 127 47 Sept.
414 1337 71 47 28,
516 1335 140 48 1932;
689 1337 67 39 2c.
792 1336 127 48 Sept.
950 1336 82 47 30;
1067 1336 81 40 aff.
1184 1336 102 41 Oct.
1319 1337 51 47 8;
1406 1338 40 38 A
1477 1337 170 47 55478;
1683 1337 50 41 C.
1766 1339 52 40 E.
1852 1337 308 51 Farrington,

239 1392 344 47 Phoenixville,
616 1394 82 39 Pa.
770 1392 278 48 (32-32534)

169 1496 314 65 Fleischer,
510 1496 323 55 Nathaniel
859 1496 59 57 S.

236 1571 1922 70 How to box, by Nat Fleischer … [New York, C. J. O’Brien
165 1647 262 70 printing
458 1668 97 48 co.,
611 1652 151 65 ᶜ1932]

233 1719 99 49 107,
380 1720 53 50 [1]
481 1731 43 37 p.
595 1720 128 41 illus.
752 1719 135 49 (incl.
932 1721 175 49 ports.)
1187 1722 117 40 22ᶜᵐ.
1381 1722 114 50 [The
1540 1722 127 49 Ring
1712 1724 203 40 athletic
1957 1723 200 51 library,

166 1777 120 40 book
312 1787 74 31 no.
413 1778 41 49 3]
563 1776 130 49 $1.00

165 1833 1975 106 On cover: Revised with many new features and illustrations … foreword by
411 1890 165 41 James
603 1889 45 41 J.
676 1890 213 42 Corbett.

234 1947 180 41 “Third
449 1946 226 42 edition.”

169 2004 50 52 ©
249 2009 116 39 Nov.
395 2010 38 43 1,
463 2006 141 48 1932;
633 2007 67 40 2c.
730 2007 103 40 Oct.
860 2006 58 41 28;
975 2006 82 42 aff.
1085 2007 118 41 Nov.
1233 2007 52 47 8;
1317 2007 40 39 A
1386 2007 169 47 55870;
1589 2008 53 39 N.
1678 2008 43 41 S.
1754 2007 258 47 Fleischer,
2043 2008 117 39 New

235 2064 143 40 York.
449 2063 277 48 (32-32562)

164 2169 305 61 Foreman,
507 2166 276 56 Clarence
818 2168 220 54 James.

232 2243 150 55 Rent
406 2244 141 52 liens
574 2244 112 52 and
711 2243 193 68 public
929 2242 261 67 welfare;
1219 2261 73 35 an
1318 2243 281 53 economic
1626 2244 114 52 and
1764 2244 151 67 legal
162 2243 1972 131 adjustment

343 2319 1815 69 of industry, by Clarence J. Foreman … New York, The
163 2399 331 53 Macmillan
523 2416 297 49 company,
850 2401 151 49 1932.

233 2469 1923 52 vi p., 2 l., 207 p. 20½ᶜᵐ. (Half-title: Land economics series, ed. by
166 2530 52 40 R.
248 2529 53 42 T.
332 2528 115 48 Ely)

234 2585 291 40 “Published
557 2584 120 40 with
711 2584 80 39 the
824 2583 81 40 aid
939 2583 51 40 of
1023 2583 81 41 the
1139 2583 201 41 Charles
1374 2583 176 48 Phelps
1583 2582 117 41 Taft
1734 2581 250 42 memorial
2017 2582 138 49 fund,

167 2641 278 48 University
474 2640 53 41 of
555 2638 425 49 Cincinnati.”—p.
1015 2639 43 50 [i]

234 2698 176 40 “Table
438 2696 52 41 of
516 2695 164 42 cases“’:
739 2707 44 38 p.
811 2694 216 42 197-201.

167 2751 52 52 ©
252 2756 118 39 Nov.
403 2754 40 48 9,
477 2753 112 41 1932;
653 2754 67 40 2c.
755 2754 95 39 and
884 2751 81 41 aff.
999 2752 117 40 Nov.
1153 2752 57 40 10;
1271 2752 40 39 A
1345 2753 143 40 55875;
1553 2753 161 39 Board
1749 2753 50 39 of
1834 2752 236 42 directors
2106 2754 50 39 of

235 2812 80 39 the
348 2810 278 48 University
658 2810 51 38 of
741 2808 290 48 Cincinnati,
1065 2808 290 41 Cincinnati.
1425 2809 281 50 (32-32740)

162 2912 331 64 Frederick,
525 2912 211 53 Justus
770 2912 244 64 George,
1049 2915 170 51 1882-

230 2990 289 67 Readings
562 2988 58 53 in
662 2988 281 54 economic
985 2988 307 68 planning;
1336 2989 98 53 the
1472 2987 415 69 backgrounds,
1927 2989 95 53 the
162 2991 1971 143 details,

346 3068 95 53 the
478 3067 316 54 tendencies
833 3068 58 52 in
928 3066 77 53 all
1042 3066 169 53 kinds
1248 3065 64 54 of
1349 3065 298 69 planning,
1684 3064 109 56 left
1829 3068 114 52 and
1979 3066 176 69 right.

162 3142 1993 71 By J. George Frederick … New York, The Business bourse,
164 3226 148 50 1932.

230 3293 1471 51 xiv p., 1 l., 17-359 p. incl. front., map, diagrs. 23ᶜᵐ.
231 3353 68 39 “A
331 3352 335 47 bibliography
697 3362 60 29 on
789 3350 241 41 economic
1060 3349 260 49 planning”:
1383 3361 42 37 p.
1456 3349 217 42 355-356.

166 3405 50 52 ©
245 3410 118 39 Nov.
392 3410 40 46 3,
463 3408 113 41 1932;
635 3409 66 39 2c.
733 3409 115 38 Nov.
881 3409 25 38 7;
967 3407 82 40 aff.
1079 3407 116 39 Nov.
1229 3408 25 38 5;
1314 3408 40 37 A
1385 3407 143 41 55854;
1589 3407 233 41 Business
1854 3408 187 40 bourse.

242 3465 279 48 (32-32736)

161 3568 246 64 French,
437 3566 189 66 Allen,
661 3568 170 54 1870-

230 3643 245 55 General
505 3644 205 68 Gage’s
742 3643 336 66 informers;
1113 3663 121 35 new
1266 3644 264 52 material
1561 3662 155 49 upon
1748 3644 324 69 Lexington
2105 3647 45 50 &

163 3721 275 55 Concord.
513 3722 306 68 Benjamin
848 3722 329 67 Thompson
1209 3741 59 33 as
1296 3722 232 65 loyalist
1558 3726 45 49 &
1633 3721 96 52 the
1758 3721 296 69 treachery
2085 3722 64 52 of

162 3799 305 69 Benjamin
494 3799 246 68 Church,
765 3799 71 69 jr.
897 3800 55 52 A
974 3800 173 68 study
1169 3800 74 68 by
1270 3800 171 52 Allen
1467 3800 239 52 French.
1780 3799 135 52 Ann
1940 3800 208 67 Arbor,

160 3879 121 51 The
309 3877 335 69 University
670 3878 63 52 of
761 3877 295 69 Michigan
1086 3896 173 49 press,
1290 3881 149 49 1932.

296 3979 9 17 xv,
332 3951 85 40 207
445 3961 43 38 p.
546 3950 163 49 front.,
735 3951 118 40 fold,
879 3959 125 39 map,
1030 3950 214 40 facsims.
1305 3951 117 41 22ᶜᵐ.

166 4004 50 52 ©
247 4009 117 40 Nov.
393 4009 40 46 3,
464 4008 112 41 1932;
636 4008 68 41 2c.
734 4010 94 38 and
860 4008 82 40 aff.
972 4009 116 39 Nov.
1121 4009 55 39 17;
1236 4009 40 38 A
1307 4008 144 40 55999;
1510 4007 281 48 University
1823 4007 52 39 of
1906 4006 243 49 Michigan

229 4075 148 35 press.
447 4064 277 46 (32-32890)
