2563 4368
1068 4086 132 49 1593

145 469 196 65 Arms,
370 470 138 53 Mrs.
538 469 270 62 Dorothy
837 469 217 62 Noyes.

211 545 130 52 Hill
379 549 180 48 towns
597 544 113 53 and
750 543 158 54 cities
949 542 64 54 of
1050 543 275 53 northern
1364 542 186 70 Italy;
1594 548 120 48 text
1753 543 76 68 by
1869 544 265 69 Dorothy

141 623 186 68 Noyes
364 622 201 67 Arms;
607 622 140 53 with
786 620 251 69 fifty-six
1074 618 432 70 reproductions
1546 619 64 54 of
1648 620 275 70 etchings,
142 639 1967 127 aquatints,

324 697 1810 70 and drawings by John Taylor Arms, A. N. A. New York,
142 776 119 53 The
288 777 64 51 Macmillan
651 793 296 51 company,
980 777 149 50 1932.

312 845 1023 51 xv, 217 p., 1 I. front., plates. 33½ × 27 ᶜᵐ .
214 905 330 48 Frontispiece
583 906 95 40 and
718 906 118 39 each
875 904 130 48 plate
1047 903 339 48 accompanied
1426 903 60 48 by
1525 904 155 47 guard
1723 904 135 41 sheet
1898 903 119 42 with
142 905 1976 105 descriptive

402 962 295 49 letterpress.

217 1016 1918 49 “This edition … is limited to one hundred numbered copies signed
143 1074 61 46 by
243 1075 81 40 the
366 1075 191 40 author.
628 1075 99 40 The
769 1072 314 49 frontispiece
1126 1073 41 41 is
1210 1083 62 29 an
1315 1072 211 48 original
1569 1071 166 49 signed
1780 1073 220 48 etching;
2046 1085 88 30 one

144 1130 219 42 hundred
399 1130 313 49 impressions
748 1130 75 40 only
895 1140 125 30 were
1058 1131 138 39 made
1235 1130 95 40 and
1368 1130 81 39 the
1485 1130 131 47 plate
1653 1130 272 46 destroyed.
144 1130 1970 97 Number
253 1186 100 41 69.”

479 1244 141 48 CONTENTS.—pt.
657 1242 39 42 1.
732 1243 100 38 Hill
871 1243 300 48 towns.—pt.
1210 1242 41 41 2.
1288 1242 304 49 Friuli.—pt.
1630 1242 43 41 3.
1709 1242 187 42 Venice.

146 1311 51 52 ©
236 1315 102 41 Oct.
374 1317 26 38 4,
509 1315 81 46 1932;
628 1315 67 40 2c.
735 1314 102 41 Oct.
874 1316 51 45 5;
966 1315 79 40 aff.
1086 1314 102 41 Oct.
1226 1315 81 41 11;
1350 1315 37 38 A
1425 1315 170 47 55558;
1637 1316 49 38 Macmillan
1955 1326 67 29 co.

211 1371 277 49 (32-30490)

143 1477 114 52 Art
288 1476 287 53 directors
603 1476 148 53 club.

274 1553 1856 68 … Annual of advertising art [11th] Reproductions of the
143 1631 244 53 exhibits
418 1630 300 69 displayed
749 1637 58 47 at
836 1632 95 52 the
959 1632 257 52 eleventh
1247 1631 317 54 exhibition
1593 1633 63 51 of
1686 1634 96 51 the
1810 1634 114 51 Art
142 1632 1965 131 directors

295 1711 145 55 club.
475 1712 138 52 New
649 1711 179 68 York,
862 1711 60 53 in
958 1712 95 51 the
1089 1710 201 70 spring
1326 1712 63 52 of
1424 1711 260 53 nineteen
1719 1712 263 52 hundred
2019 1713 112 52 and

141 1787 338 70 thirty-two.
556 1790 138 53 New
730 1790 179 66 York,
943 1790 313 52 Published
1292 1790 94 52 for
1419 1791 97 51 the
1548 1790 113 52 Art
1695 1790 273 53 directors
2003 1791 128 52 club

141 1868 1159 69 by the Book service company [ ᶜ19 32]
210 1942 1694 50 4 p. l., 93, [40] p. illus. (part col.) plates (part col.) 29 ᶜᵐ .
143 2009 51 53 ©
224 2014 116 39 Nov.
370 2014 68 46 12,
468 2012 139 48 1932;
638 2013 68 40 2c.
734 2014 95 39 and
859 2013 80 39 aff.
970 2014 117 40 Nov.
1117 2013 81 48 25;
1231 2014 41 39 A
1301 2012 169 48 58094;
1503 2014 91 40 Art
1624 2014 234 41 directors
1889 2014 121 49 club,
2042 2014 92 41 inc.

141 2133 241 63 Barton,
411 2131 253 56 William
697 2131 262 62 Eleazar,
993 2137 323 50 1861-1930.

211 2208 120 53 The
367 2208 460 68 autobiography
865 2206 64 54 of
965 2207 259 54 William
1265 2209 67 50 E.
1371 2210 250 65 Barton;
1661 2209 140 51 with
1843 2226 73 35 an
141 2210 1967 128 introduction

411 2285 75 69 by
527 2286 184 52 Bruce
751 2287 236 51 Barton.
1067 2284 418 69 Indianapolis,
1526 2285 121 53 The
1690 2285 443 54 Bobbs-Merrill

140 2365 505 67 company [ ᶜ19 32]
212 2435 1162 51 xxi p., 1 l., 25-314 p. front. (port.) 23 ᶜᵐ .
212 2493 162 40 “First
403 2491 227 42 edition.”

212 2549 262 40 Published
502 2549 49 39 in
579 2550 112 46 part
719 2548 49 39 in
797 2548 80 40 the
906 2546 250 42 Christian
1185 2547 184 47 herald,
1401 2547 102 43 Oct.
1533 2546 262 50 1931-May
1824 2548 127 49 1932,
1982 2551 125 40 under

144 2605 106 40 title:
310 2605 22 38 I
360 2605 123 40 have
511 2605 142 40 lived.

145 2665 51 52 ©
233 2669 101 41 Oct.
370 2668 54 40 12,
533 2668 82 47 1932;
652 2668 66 40 2c.
756 2670 95 38 and
887 2667 80 41 aff.
1006 2668 101 41 Oct.
1145 2669 81 47 17;
1264 2669 42 39 A
1340 2668 170 48 56494;
1549 2669 368 41 Bobbs-Merrill
1955 2681 67 30 co.

223 2726 277 47 (32-30285)

141 2827 247 66 Bennet,
417 2828 222 54 Robert
669 2828 201 66 Ames,
903 2829 170 54 1870-

269 2904 1725 69 … Caught in the wild. New York, I. Washburn, 1932.
209 2977 624 51 3 p. l., 9-305 p. 19½ᶜᵐ.
146 3032 51 52 ©
225 3036 127 48 Sept.
377 3035 40 48 9,
441 3035 113 41 1932;
608 3035 65 40 2c.
701 3035 101 40 Oct.
828 3035 82 47 21;
940 3034 79 39 aff.
1047 3035 118 39 Nov.
1190 3036 53 46 4;
1271 3036 41 38 A
1338 3036 170 47 56730;
1537 3037 56 39 R.
1619 3037 53 40 A.
1700 3038 200 48 Bennet,
1928 3039 205 41 Denver.

223 3092 278 49 (32-30521)

141 3196 174 65 Berg,
343 3197 195 63 Bengt
564 3197 257 62 Magnus
845 3193 342 67 Kristoffer,
1219 3200 170 50 1885-

211 3274 118 52 Der
364 3272 391 68 lämmergeier
792 3273 78 52 im
907 3271 316 69 Himalaja,
1260 3291 110 34 von
1409 3275 190 68 Bengt
1637 3278 168 67 Berg.
1880 3278 113 53 Mit
2034 3284 97 49 101

142 3350 383 68 abbildungen
572 3351 145 52 nach
801 3349 566 68 originalaufnahmen
1417 3353 95 52 des
1601 3353 285 56 verfassers.
1965 3362 166 48 1.-12.

141 3429 253 54 tausend.
470 3428 216 66 Berlin,
713 3430 71 51 D.
815 3427 244 67 Reimer,
1088 3429 66 52 E.
1242 3429 188 67 Vohsen,
1462 3434 149 50 1931.

212 3497 1920 54 208 p. incl. front., illus. 23½ᶜᵐ. ( Half-title : Bengt Berg’s illustrierte
143 3559 287 47 tierbücher,
456 3558 41 40 2.
525 3557 145 48 reihe,
696 3557 43 40 4.
764 3557 103 47 bd.)

146 3613 1969 100 © Nov. 15, 1931; 1c. Dec. 17; A— Foreign 17863; Bengt Berg, ℅ Dietrich
370 3673 193 38 Reimer
603 3673 174 46 (Ernst
806 3670 214 46 Vohsen)
1100 3669 278 48 (32-31164)

141 3777 432 61 Bonaventure,
608 3774 227 64 George
868 3772 72 55 A.

212 3852 312 67 Two-pack
555 3868 190 51 games
779 3849 64 53 of
877 3849 270 67 solitaire,
1179 3850 368 69 seventy-five
1581 3854 330 67 variations,
1947 3857 190 54 edited

144 3932 113 52 and
294 3929 323 54 illustrated
653 3928 74 68 by
766 3927 222 68 George
1023 3927 71 51 A.
1135 3928 416 54 Bonaventure.
1625 3931 140 53 New
1804 3933 163 56 York
2004 3935 133 70 city,

139 4006 760 67 Duffield & Green [ ᶜ19 32]
