2563 4368
1003 3982 98 49 523

53 405 295 64 Michigan
376 404 281 62 academy
684 402 62 52 of
772 399 242 66 science,
1043 399 130 52 arts
1197 396 115 52 and
1337 394 228 55 letters.

122 497 215 67 Papers
364 494 62 53 of
452 494 95 51 the
573 490 294 69 Michigan
897 491 267 63 academy
1192 488 63 53 of
1281 487 230 65 science,
1540 490 116 48 arts
1684 485 111 52 and
1822 486 209 50 letters.

58 562 1914 80 [v. 16] Editors, Eugene S. McCartney … Peter Okkelberg …
51 654 134 51 Ann
213 650 205 66 Arbor,
445 648 335 68 University
806 646 64 54 of
897 645 295 68 Michigan
1219 662 174 51 press,
1422 645 151 51 1932.

159 728 1707 58 x, 521, x p. illus., plates, maps (part fold.) tables, diagrs. 24 ᶜᵐ.
58 798 1980 59 © Apr. 20, 19 32; 2c. Apr. 28; aff. May 7; A 49875; Graduate school,
126 863 279 48 University
437 862 51 38 of
520 861 257 47 Michigan.
811 860 105 39 Ann
950 858 169 41 Arbor.

54 984 260 62 Murray,
344 981 145 63 Ken,
521 984 170 49 1903-

124 1069 221 54 Foolin’
383 1070 234 59 around,
656 1069 69 60 by
765 1068 127 53 Ken
929 1069 255 59 Murray.
1260 1067 110 52 Los
1408 1064 263 63 Angeles,
1707 1064 120 52 The
1868 1063 171 55 Cider

53 1169 156 48 press
239 1151 192 66 [ᶜ1932]

122 1229 1203 55 3 p. l., 11-58, [2] p. front. (port.) illus. 18½ᶜᵐ.
129 1304 361 41 “Illustrations
520 1305 58 46 by
611 1303 179 41 Robert
821 1301 223 48 Crosby.”

61 1373 50 52 ©
140 1378 108 41 Jan.
278 1377 67 47 15,
375 1375 111 40 1932;
544 1375 65 38 2c.
640 1376 94 39 and
764 1372 82 43 aff.
876 1374 110 41 Feb.
1014 1373 24 38 1;
1097 1373 39 38 A
1165 1370 143 42 47345;
1367 1371 59 40 K.
1457 1371 213 48 Murray,
1702 1369 91 41 Los
1824 1369 217 47 Angeles.
137 1432 247 49 (32-9776)

56 1536 276 55 National
363 1535 313 54 industrial
706 1535 344 53 conference
1080 1532 200 55 board.

127 1627 137 53 Cost
310 1627 63 52 of
423 1630 370 65 government
840 1626 58 51 in
947 1625 96 52 the
1092 1623 216 55 United
1359 1623 206 68 States,
1616 1624 308 51 1929-1930.

60 1707 133 51 New
227 1706 178 65 York,
436 1705 271 53 National
739 1703 306 54 industrial
1075 1702 330 55 conference
1435 1702 196 67 board,
1662 1701 126 69 inc.,
1819 1704 151 50 1932.

128 1794 82 42 xii,
242 1792 83 42 167
355 1803 42 37 p.
459 1793 166 46 tables,
658 1791 175 49 diagrs.
895 1791 54 39 23½ᶜᵐ.

65 1856 1980 56 © Apr. 22, 1932; 2c. and aff. May 6; A 51180; Natl. industrial conference
132 1921 162 47 board,
324 1919 87 40 inc.

61 2023 143 52 New
232 2024 227 63 Jersey.
533 2023 170 53 State
730 2022 227 53 normal
986 2020 214 65 school,
1227 2021 263 54 Newark.

125 2112 324 68 Fantasies;
487 2131 72 34 an
596 2112 311 68 anthology
943 2112 63 53 of
1043 2118 202 61 poetry
1279 2112 230 53 written
1544 2111 76 67 by
1654 2113 95 51 the
1785 2112 257 52 students

58 2190 59 50 of
146 2191 94 51 the
270 2188 159 56 State
457 2191 220 51 normal
706 2189 189 53 school
928 2196 57 45 at
1014 2189 264 66 Newark,
1306 2189 139 52 New
1473 2189 218 66 Jersey.
1762 2188 281 68 [Newark,

60 2266 637 69 Borden press, ᶜ1 931]
129 2350 562 51 63 p. incl. front. 22 ᶜᵐ.
71 2421 50 51 ©
152 2425 109 41 Dec.
293 2424 68 49 18,
393 2424 138 46 1931;
565 2423 67 43 2c.
664 2425 95 39 and
791 2421 82 43 aff.
904 2423 113 47 Apr.
1049 2424 39 47 7,
1120 2423 139 46 1932;
1295 2423 39 38 A
1365 2422 170 48 49434;
1572 2423 116 40 New
1720 2423 169 50 Jersey
1921 2426 129 40 state

136 2481 183 40 normal
350 2481 159 39 school
541 2483 53 37 at
621 2479 221 44 Newark,
875 2480 220 45 Newark,
1129 2481 54 39 N.
1214 2480 44 42 J.
1328 2479 250 50 (32-9873)

67 2582 245 66 O’Hara,
340 2584 304 54 Elizabeth
676 2583 236 57 Forbes.

132 2669 1854 74 From hunters to herdsmen, by Elizabeth Forbes O’Hara …
67 2747 316 56 illustrated
412 2750 74 68 by
519 2750 151 52 Kate
702 2747 230 72 Seredy.
1001 2750 136 52 New
1173 2749 179 70 York,
1382 2750 122 53 The
1535 2749 334 55 Macmillan
68 2769 1955 126 company,
264 2830 148 52 1932.

132 2910 905 53 viii, 67 p. col. illus. 16½ × 16 ½ᶜᵐ .
75 2979 50 51 ©
152 2985 119 40 Mar.
296 2983 68 48 22,
391 2983 139 47 1932;
557 2984 65 40 2c.
651 2986 92 38 and
772 2984 82 43 aff.
883 2986 120 37 Mar.
1030 2984 82 47 23;
1141 2985 39 38 A
1208 2983 169 49 50312;
1410 2985 278 41 Macmillan
1716 2995 66 31 co.
150 3039 245 49 (32-9574)

134 3137 1854 76 Taming the wild grasses, by Elizabeth Forbes O’Hara …
70 3216 315 57 illustrated
417 3220 73 68 by
521 3220 152 53 Kate
705 3217 229 72 Seredy.
1004 3220 137 53 New
1174 3219 179 70 York,
1385 3220 120 54 The
1538 3220 333 55 Macmillan
70 3238 1956 125 company,
266 3299 147 52 1932.

135 3379 818 55 viii, 69 p. col. illus. 16½ × 16½ᶜᵐ.
77 3447 50 51 ©
160 3454 119 40 Mar.
309 3453 69 48 22,
411 3454 111 40 1932;
583 3455 68 42 2c.
683 3457 94 39 and
809 3455 80 40 aff.
923 3457 121 39 Mar.
1077 3456 54 39 23;
1194 3456 40 39 A
1267 3455 140 42 50311;
1472 3457 277 39 Macmillan
1784 3466 66 30 co.
149 3508 247 48 (32-9573)

72 3610 375 69 Oppenheim,
476 3615 252 54 Edward
756 3616 263 64 Phillips.

139 3701 118 52 The
288 3702 288 55 Ostrekoff
607 3706 188 66 jewels
909 3707 181 67 [chap.]
1128 3709 186 50 21-24.
1395 3708 378 65 [Conclusion]

150 3788 77 46 (In
259 3783 230 47 Cassell’s
521 3788 273 52 magazine,
823 3790 133 51 May,
987 3791 144 49 1932)

78 3848 1969 66 © 1c. May 11, 1932; A ad int. 16395; pubd. Apr. 26; E. P. Oppenheim,
143 3911 254 52 Reepham,
426 3916 217 49 Norfolk,
673 3918 234 48 England.
