2563 4368
1075 4179 126 48 1793

165 551 196 65 Alton,
395 553 254 56 Maxine.

233 627 102 68 My
370 628 264 54 mother’s
669 647 211 49 rosary,
917 629 72 68 by
1028 629 228 53 Maxine
1296 630 192 54 Alton.
1561 631 359 69 Hollywood,
1960 633 193 71 Calif.,

168 705 63 48 D.
265 703 66 53 G.
366 705 229 53 Fischer
629 708 191 65 [ᶜ1932]

231 774 620 42 32 l. col. illus. 25½ᶜᵐ.
233 830 199 41 Printed
461 842 58 30 on
550 842 88 30 one
666 832 105 41 side
797 833 51 40 of
875 834 102 39 leaf
1005 845 59 30 on
1095 835 216 47 opposite
1341 845 158 38 pages.

233 888 1916 55 “The first edition … consists of fifteen hundred copies signed by the
162 945 176 40 author
366 947 94 38 and
490 946 260 40 numbered
777 947 24 38 1
832 949 47 37 to
908 946 126 42 1500.
1092 946 117 41 This
1239 948 42 39 is
1308 948 201 39 number
1536 948 128 41 195.”

233 1002 176 40 “Wood
437 1002 163 40 blocks
627 1003 59 46 by
714 1001 245 48 Blanding
986 1002 144 41 Sloan
1157 1003 188 40 studios;
1403 1003 99 41 this
1528 1004 182 41 edition
1739 1011 74 36 set
1840 1017 63 38 up
1933 1008 57 46 by
2020 1010 127 39 hand

162 1057 47 40 in
235 1058 314 47 twenty-four
574 1057 135 48 point
732 1059 99 38 Eve
854 1061 125 44 type,
1003 1058 190 48 printed
1220 1071 58 28 on
1306 1060 262 41 handcraft
1593 1061 191 48 paper.”

231 1115 40 39 A
301 1125 149 38 poem.

165 1170 1985 52 © Nov. 4, 1932; 2c. and aff. Nov. 28; A 58123; M. Alton, Hollywood.
233 1231 142 40 Calif.
446 1231 277 46 (32-33947)

160 1327 236 66 Atkins,
428 1328 183 55 Gaius
641 1329 204 65 Glenn,
877 1334 168 50 1868-

228 1407 264 67 Religion
526 1407 57 51 in
616 1425 103 34 our
751 1406 180 58 times,
963 1407 74 67 by
1068 1402 177 59 Gains
1281 1405 184 55 Glenn
1497 1406 227 53 Atkins.
1799 1407 138 53 New
1971 1410 178 66 York,

159 1485 203 52 Round
390 1485 148 52 table
566 1503 172 48 press,
764 1485 124 65 inc.,
917 1486 148 51 1932.

228 1557 416 49 xi, 330 p. 24 ᶜᵐ .
163 1610 51 52 ©
244 1615 116 39 Nov.
389 1616 67 41 14,
487 1614 138 43 1932;
656 1615 67 40 2c.
751 1617 95 38 and
876 1627 80 27 aff.
988 1615 114 38 Nov.
1135 1615 80 42 10;
1247 1616 37 37 A
1315 1615 169 47 57096;
1518 1616 168 38 Round
1721 1616 129 40 table
1880 1627 147 37 press,
2058 1619 89 39 inc.

240 1671 277 43 (32-33927)

155 1760 440 67 Bairnsfather,
627 1764 207 65 Bruce,
870 1765 170 53 1887-

227 1839 305 68 Laughing
569 1838 250 68 through
860 1839 94 54 the
998 1836 204 56 Orient
1241 1837 137 53 with
1459 1838 112 53 “Old
1614 1837 153 54 Bill”
1811 1839 109 52 and
1964 1840 182 52 Bruce

162 1915 410 55 Bairnsfather.
639 1916 134 52 New
808 1915 176 65 York,
1015 1916 119 54 The
1170 1915 217 68 Viking
1417 1934 173 51 press,
1624 1919 147 48 1932.

223 1985 1048 51 3 p. l., 3-68 p. incl. front., illus. 21ᶜᵐ.
161 2042 1971 55 © Nov. 21, 1932; 2c Nov. 23; aff. Nov. 22; A 58054; Viking press, inc.
237 2105 278 46 (32-33940)

154 2193 199 65 Balch,
386 2194 272 54 Frederic
689 2197 236 61 Homer,
959 2199 322 50 1861-1891.

224 2268 1858 70 Genevieve: a tale of Oregon, by Frederic Homer Balch …
153 2349 138 53 with
325 2350 245 67 portrait
604 2350 112 52 and
747 2346 396 70 biographical
1176 2345 209 56 sketch.
1453 2348 300 67 Portland,
1786 2345 117 71 Or.,
155 2349 1965 145 Metropolitan

403 2445 173 49 press,
609 2429 150 50 1932.

222 2496 1291 53 3 p. l., v-xxiii, 340 p. incl. front. (port.) 21½ᶜᵐ.
226 2557 160 39 “First
413 2556 229 48 printing,
670 2554 275 48 December,
974 2553 155 43 1932.”

225 2615 114 46 Map
365 2624 60 29 on
451 2611 361 49 lining-papers.

158 2666 51 52 ©
243 2671 109 39 Dec.
384 2671 39 42 3,
457 2668 111 41 1932;
631 2669 66 40 2c.
731 2669 110 40 Dec.
875 2668 54 39 10;
990 2668 81 40 aff.
1106 2670 109 40 Dec.
1248 2669 26 38 9;
1337 2670 40 37 A
1409 2669 145 40 57408;
1617 2669 343 49 Metropolitan
1993 2681 147 37 press.

234 2727 276 48 (32-34227)

152 2815 266 66 Barclay,
447 2818 137 51 Mrs.
616 2816 276 54 Florence
920 2815 216 54 Louisa
1175 2815 502 66 (Charlesworth)
1714 2822 323 50 1862-1921.

222 2894 131 55 Guv
381 2894 260 67 Mervyn,
667 2894 76 68 by
770 2894 269 52 Florence
1068 2894 64 51 L.
1163 2894 246 66 Barclay;
1469 2892 217 54 revised
1715 2894 76 68 by
1819 2912 102 35 one
1950 2894 63 52 of
2042 2894 99 52 her

152 2973 323 66 daughters.
551 2971 136 52 New
733 2971 176 55 York.
951 2971 255 56 London,
1247 2969 69 56 G.
1358 2970 64 53 P.
1466 2971 293 54 Putnam’s
1801 2988 146 50 sons,
1990 2975 149 50 1932.

222 3046 60 47 vi,
310 3045 88 41 310
425 3057 41 36 p.
526 3044 116 41 19ᶜᵐ.

156 3098 51 52 ©
233 3104 114 37 Nov.
375 3104 36 40 7,
440 3101 111 40 1932;
606 3101 66 40 2c.
699 3102 117 39 Nov.
842 3101 53 39 18;
951 3101 82 40 aff.
1059 3101 117 39 Nov.
1202 3100 81 41 10;
1312 3102 39 36 A
1379 3101 143 39 58286;
1579 3103 52 38 G.
1659 3102 50 39 P.
1737 3102 249 38 Putnam’s
2015 3111 84 31 sons.

233 3159 276 47 (32-34228)

151 3250 251 62 Baruch,
430 3251 136 50 Mrs.
596 3249 269 63 Dorothy
891 3249 242 63 Walter,
1162 3249 83 52 ed.

153 3324 1963 133 Blimps & such, by Dorothy Walter Baruch and many children
329 3403 126 53 who
494 3422 93 34 are
626 3404 119 52 still
784 3422 137 49 very
959 3421 219 50 young;
1222 3403 247 67 pictures
1509 3403 74 67 by
1624 3403 299 53 Elizabeth
1965 3404 173 67 Tyler

150 3481 264 54 Wolcott.
490 3482 136 52 New
666 3481 161 53 York
864 3481 112 52 and
1015 3480 257 65 London,
1309 3480 232 68 Harper
1579 3483 51 50 &
1669 3479 276 68 brothers,
1987 3484 148 50 1932.

219 3553 1082 51 5 p. l., 3-80 p. col. front., illus. 30½ᶜᵐ.
224 3611 197 48 Stories,
447 3611 81 41 the
554 3610 279 48 expression
861 3610 51 40 of
938 3609 215 41 children
1181 3610 153 40 under
1359 3609 104 49 five,
1492 3610 94 40 and
1615 3621 25 29 a
1671 3610 127 39 brief
1823 3608 314 51 explanation

146 3668 51 40 of
224 3668 109 40 how
361 3667 81 41 the
470 3668 175 39 stories
673 3668 210 39 evolved.

153 3719 52 53 ©
238 3724 116 39 Nov.
390 3723 69 47 16,
493 3722 112 40 1932;
669 3723 65 38 2c.
771 3721 116 40 Nov.
925 3722 53 38 16;
1042 3720 81 40 aff.
1159 3721 116 39 Nov.
1311 3721 81 45 30;
1431 3722 38 37 A
1506 3720 134 41 58221;
1714 3722 192 47 Harper
1941 3722 35 39 &
2012 3722 124 39 bros.

230 3778 277 50 (32-34093)

147 3868 201 66 Beers,
379 3868 241 55 Clifford
650 3867 456 65 Whittingham,
1141 3868 169 54 1876-

216 3947 57 53 A
313 3946 160 53 mind
515 3946 125 52 that
684 3945 181 53 found
907 3943 159 53 itself;
1141 3962 67 34 an
1255 3940 474 70 autobiography,
1771 3942 74 69 by
1890 3942 244 55 Clifford

146 4023 424 68 Whittingham
608 4024 187 50 Beers.
867 4021 227 54 Garden
1134 4020 151 67 City,
1319 4020 70 52 N.
1425 4020 91 67 Y.,
1549 4017 354 75 Doubleday,
1938 4020 199 55 Doran

145 4104 46 52 &
217 4119 294 51 company,
539 4102 125 64 inc.,
695 4101 147 50 1932.
