2563 4368
1449 4028 99 50 512

559 497 709 51 268, [1] P· illus., diagrs. 21½ᶜᵐ.
839 593 59 5 CONTENTS.—
899 571 119 39 Vom
1045 571 266 40 lachenden
1341 570 201 40 denken.
1545 593 53 4 —
1601 569 411 40 Problematische
2040 569 448 48 geometrie.—Vom

495 626 197 39 wunder
736 628 86 38 der
866 626 436 41 zahl.—Probleme
1346 628 84 38 des
1474 624 632 42 kosmischen.—Probleme
2150 627 83 39 des

494 627 1978 96 menschlichen.—Problematische
1160 683 210 41 technik.

501 748 1987 52 © Sept. 23, 1931; 1c. Nov. 30; A —Foreign 14678; August Scherl, g. m.
568 810 40 40 b.
639 810 43 39 h.
753 809 251 48 (32-9260)

496 927 198 65 Wood,
725 927 284 65 Clement,
1041 932 171 50 1888-

564 1003 124 53 The
720 1021 133 34 man
894 1003 126 53 who
1058 1002 178 55 killed
1276 1002 342 68 Kitchener;
1662 1003 95 54 the
1796 1002 108 55 life
1938 1001 67 55 of
2045 1001 163 54 Fritz
2248 1002 242 55 Joubert

493 1080 1996 142 Duquesne, 1879- … By Clement Wood. New York, W. Faro,
690 1159 127 68 inc.,
846 1161 150 51 1932.

564 1230 1224 50 429 p. incl. map. front., ports., facsims. 24 ᶜᵐ.
568 1302 139 48 Maps
736 1313 60 29 on
823 1302 362 48 lining-papers.

502 1370 51 52 ©
582 1374 110 41 Feb.
721 1374 68 46 10,
818 1374 139 47 1932;
986 1373 66 42 2c.
1083 1376 121 39 Mar.
1232 1374 82 45 22;
1345 1374 82 40 aff.
1457 1375 122 40 Mar.
1606 1374 83 41 21;
1720 1374 40 39 A
1787 1373 171 47 50290;
1988 1373 215 40 William
2232 1374 139 42 Faro.
2403 1373 87 40 inc.
578 1431 251 47 (32-8656)

498 1549 197 64 Wood,
724 1550 206 64 Henry
958 1548 335 55 Alexander
1321 1548 176 66 Wise,
1528 1554 171 51 1866-

565 1626 275 69 Progress
885 1625 59 53 in
990 1644 335 51 newspaper
1371 1624 401 56 manufacture
1817 1626 114 53 and
1978 1625 74 55 its
2100 1624 190 56 effects
2338 1643 152 52 upon

495 1703 95 53 the
635 1703 265 70 printing
943 1703 284 70 industry,
1273 1703 141 54 with
1462 1703 316 69 particular
1827 1702 287 56 reference
2160 1710 59 48 to
2265 1704 97 53 the
499 1722 1967 128 reorganization

939 1782 114 52 and
1100 1781 447 54 reconstruction
1597 1779 64 55 of
1707 1782 96 53 the
1849 1800 333 50 newspaper
2230 1781 262 71 printing

503 1877 150 53 press
706 1859 109 68 [by]
867 1859 204 69 Henry
1118 1859 70 53 A.
1237 1858 155 55 Wise
1439 1860 201 54 Wood.
1727 1859 138 54 New
1914 1859 162 54 York
2125 1860 134 68 city,
2307 1860 182 53 Wood

495 1936 1318 70 newspaper machinery corporation [ ᶜ1 932]
563 2008 58 42 50
648 2020 44 37 p.
752 2010 59 40 26½ᶜᵐ.

504 2078 51 52 ©
591 2084 121 38 Mar.
745 2083 70 45 31,
850 2081 139 47 1932;
1027 2083 65 39 2c.
1130 2083 95 39 and
1260 2081 80 40 aff.
1377 2082 114 48 Apr.
1526 2083 52 44 1;
1616 2082 38 39 A
1690 2082 170 46 50454;
1900 2083 148 40 Wood
2084 2091 280 38 newspaper
571 2091 1904 95 machinery
801 2149 126 38 corp.

999 2138 250 48 (32-9055)

502 2254 320 66 Woodruff,
850 2254 268 54 Lorande
1145 2255 166 65 Loss,
1342 2256 169 55 1879-

568 2331 1923 69 Animal biology, by Lorande Loss Woodruff … New York,
497 2409 120 52 The
644 2409 334 53 Macmillan
1006 2427 297 49 company,
1333 2412 149 50 1932.

568 2482 1252 49 xii p., 1 l. , 513 p. front., illus., diagrs. 22½ᶜᵐ.
571 2555 128 39 “The
729 2555 193 46 present
952 2554 190 40 volume
1171 2552 41 41 is
1240 2553 254 48 published
1523 2553 48 40 in
1602 2563 227 38 response
1857 2556 47 38 to
1936 2565 27 29 a
1994 2554 205 40 demand
2228 2553 80 41 for
2336 2564 27 30 a
498 2563 1975 88 special
617 2610 286 48 adaptation

928 2610 52 39 of
1005 2610 81 39 the
1110 2609 217 41 author’s
1354 2610 332 40 Foundations
1711 2610 52 40 of
1786 2609 203 49 biology,
2014 2609 170 41 fourth
499 2609 1992 100 edition.”—Pref.

570 2723 349 48 Bibliography
937 2733 9 29 :
977 2732 43 38 p.
1049 2721 216 41 461-472.

506 2792 52 51 ©
586 2797 120 39 Mar.
732 2794 70 49 22,
828 2794 112 41 1932;
996 2794 68 41 2c.
1091 2793 94 40 and
1213 2793 82 43 aff.
1323 2795 121 39 Mar.
1472 2794 54 40 23;
1584 2793 38 40 A
1652 2792 143 42 50309;
1853 2794 280 41 Macmillan
2161 2805 66 30 co.
584 2851 249 49 (32-8683)

503 2953 230 65 Woods,
762 2953 224 55 Walter
1013 2955 130 64 Orr,
1175 2954 171 55 1873-

566 3030 1860 68 The story of Uncle Sam’s money, by Walter O. Woods …
499 3106 139 54 New
688 3107 179 67 York,
915 3107 252 67 Chicago
1240 3112 102 48 [etc.]
1415 3108 120 53 The
1586 3109 196 67 Gregg
1830 3108 335 69 publishing
2214 3125 271 52 company

575 3189 118 63 [ ᶜ1 932]
570 3256 592 50 xiv, 177 p. illus. 21 ᶜᵐ.
510 3324 50 51 ©
593 3330 120 38 Mar.
741 3329 41 44 4,
813 3326 113 42 1932;
984 3327 66 40 2c.
1082 3328 121 39 Mar.
1234 3327 52 46 8;
1318 3327 82 41 aff.
1433 3329 119 40 Mar.
1582 3328 53 46 9;
1667 3327 38 40 A
1737 3327 170 48 48869;
1941 3329 159 49 Gregg
2126 3330 108 47 pub.
2266 3340 81 37 co.,
2378 3329 112 39 New

577 3386 142 39 York.
790 3383 248 47 (32-7627)

504 3485 256 66 Wright,
792 3487 197 52 Frank
1018 3485 202 66 Lloyd,
1251 3491 171 52 1869-

572 3561 94 53 An
711 3562 488 69 autobiography:
1246 3563 198 52 Frank
1489 3563 186 70 Lloyd
1719 3563 251 70 Wright.
2054 3565 256 65 London,
2355 3564 130 52 New

504 3638 163 54 York
722 3644 120 60 [etc.]
880 3639 345 68 Longmans,
1260 3639 185 55 Green
1482 3641 112 53 and
1630 3659 298 50 company,
1964 3644 150 50 1932.

576 3710 25 38 2
635 3721 41 37 p.
729 3741 25 16 l.,
785 3712 83 39 371
902 3721 41 38 p.
1005 3711 126 40 illus.
1163 3710 131 48 (incl.
1328 3712 164 47 plans)
1532 3711 170 50 plates,
1734 3715 150 45 ports.
1943 3711 57 41 23½ᶜᵐ.

573 3779 131 40 Each
735 3783 112 45 part
875 3782 233 46 preceded
1141 3780 60 47 by
1234 3781 235 41 half-title
1503 3785 83 38 not
1617 3781 223 41 included
1876 3782 49 40 in
1959 3782 82 41 the
2073 3783 190 47 paging.

574 3836 162 40 “First
766 3836 228 42 edition.”

510 3902 51 52 ©
591 3907 120 39 Mar.
739 3907 70 48 30,
838 3907 112 41 1932;
1008 3908 65 40 2c.
1103 3909 94 39 and
1226 3907 82 41 aff.
1337 3908 112 48 Apr.
1479 3909 53 39 11;
1591 3909 41 38 A
1660 3908 141 41 50651;
1862 3910 284 47 Longmans,
2179 3910 153 40 Green
2362 3907 35 40 &
2422 3915 62 31 co.

589 3963 278 48 (32-26388)
