2563 4368
1246 4081 97 50 692

302 467 229 66 Powell,
559 468 150 56 Van.

369 540 1764 72 The vanishing air liner, by Van Powell … New York,
300 538 1969 151 Chicago, A. L. Burt company [ ᶜ193 2 ]
369 692 1380 49 284 p. front. 19 ᶜᵐ . (His The Sky scouts series)
308 762 50 51 ©
410 768 112 45 May
550 765 39 48 9,
618 765 140 47 1932;
788 766 67 41 2c.
885 767 93 38 and
1008 776 24 29 a
1039 764 49 42 ff.
1120 766 111 46 May
1261 764 82 47 10;
1373 765 41 38 A
1440 762 171 49 49883;
1643 764 53 41 A.
1726 763 50 43 L.
1806 764 127 39 Burt
1959 773 66 30 co.

385 822 279 49 (32-12121)

301 928 221 62 Power,
553 926 226 65 Albert,
813 927 170 55 1870-

370 1004 120 52 The
523 1003 155 52 maid
712 1002 64 53 of
809 1003 250 67 Lisieux,
1093 1002 112 53 and
1239 1002 163 53 other
1435 1020 224 50 papers,
1692 1002 75 68 by
1803 1001 94 53 the
1933 1001 137 52 Rev.
2094 1000 205 53 Albert

300 1078 1994 69 Power … New York and Cincinnati, Frederick Pustet co.
310 1159 164 68 (inc.)
515 1161 149 50 1932.

369 1231 655 49 vi p., 1 l., 142 p. 1 9 ½ᶜᵐ .
307 1300 51 51 ©
395 1306 109 46 Apr.
540 1306 69 45 27,
646 1305 137 41 1932;
820 1305 64 39 2c.
921 1306 94 38 and
1051 1303 81 42 aff.
1168 1305 111 46 Apr.
1316 1303 82 48 29;
1433 1303 39 39 A
1507 1303 170 43 51054;
1715 1302 261 40 Frederick
2011 1303 170 39 Pustet
2216 1312 81 36 co.,

375 1361 98 43 inc..
535 1360 280 51 (32-12096)

303 1463 420 65 Presbyterian
753 1464 219 54 church
1005 1465 57 51 in
1091 1465 102 52 the
1222 1464 72 55 U.
1324 1465 58 55 S.
1411 1463 72 53 A.
1561 1462 244 55 General
1832 1462 295 69 assembly.

364 1540 120 53 The
519 1542 147 53 book
698 1541 63 54 of
796 1560 254 35 common
1087 1541 248 68 worship
1381 1541 276 67 (revised)
1737 1540 316 69 Approved
2090 1540 71 67 by
2198 1539 94 53 the

297 1618 244 59 General
583 1619 279 67 assembly
903 1619 62 54 of
1006 1620 95 52 the
1142 1620 404 65 Presbyterian
1587 1619 209 52 church
1839 1618 59 52 in
1939 1617 96 54 the
2076 1617 216 54 United

297 1694 188 56 States
519 1697 62 52 of
615 1696 295 67 America;
948 1697 94 52 for
1074 1696 306 68 voluntary
1411 1715 112 34 use.
1592 1696 426 67 Philadelphia,
299 1697 1968 129 Presbyterian

509 1775 174 52 board
711 1775 63 52 of
802 1774 295 55 Christian
1125 1774 319 65 education,
1474 1776 151 51 1932.

406 1847 370 49 x, 353 p. 18 ᶜᵐ .
371 1904 165 47 Henry
571 1904 104 39 Van
711 1903 150 48 Dyke,
895 1903 253 40 chairman
1185 1903 52 41 of
1272 1905 81 39 the
1386 1904 282 47 assembly’s
1701 1903 287 41 committee,
2053 1904 60 47 cf.
2152 1904 142 48 Pref.,

298 1972 41 37 p.
373 1962 122 41 iv-v.

371 2018 66 38 “A
463 2018 83 40 list
574 2018 50 40 of
650 2028 195 31 sources
871 2017 52 41 of
949 2016 231 50 prayers”:
1237 2028 43 37 p.
1312 2015 247 51 [339]-353.

307 2088 50 51 ©
394 2092 113 46 Apr.
542 2090 69 46 20,
646 2089 112 40 1932;
821 2088 66 40 2c.
925 2089 112 47 Apr.
1072 2088 55 39 22;
1193 2088 82 41 aff.
1311 2088 112 47 Apr.
1459 2088 49 39 21;
1580 2090 39 37 A
1654 2088 143 40 49644;
1864 2089 228 39 Trustees
2129 2090 49 38 of
2217 2088 80 41 the

375 2146 339 41 Presbyterian
752 2146 148 39 board
936 2146 50 38 of
1019 2145 324 48 publications
1376 2146 94 39 and
1509 2145 214 40 Sabbath
1759 2145 158 40 school

1955 2146 146 41 work.
374 2145 1902 105 Philadelphia.
653 2202 278 48 (32-12000)

302 2305 315 66 Pritchett,
647 2304 204 55 Victor
880 2304 268 65 Sawdon,
1180 2309 171 50 1900-

371 2381 339 68 Elopement
750 2382 122 52 into
912 2380 162 68 exile,
1114 2379 74 71 by
1228 2381 70 54 V.
1343 2379 57 56 S.
1444 2381 300 53 Pritchett.
1825 2382 233 68 Boston,
2099 2382 196 67 Little,

301 2461 229 66 Brown,
561 2460 112 52 and
704 2476 297 51 company,
1036 2461 151 51 1932.

371 2530 617 52 5 p. l. , [3]-311 p. 20 ᶜᵐ .
369 2589 197 40 London
599 2589 184 40 edition
828 2588 76 49 (V.
940 2588 240 48 Gollancz,
1217 2588 109 48 ltd.)
1371 2589 90 39 has
1495 2588 134 40 title;
1668 2586 190 49 Shirley
1897 2587 137 42 Sanz.

308 2656 50 51 ©
389 2661 111 47 May
529 2661 39 46 6,
598 2660 140 46 1932;
770 2659 66 41 2c.
868 2661 94 38 and
992 2660 82 42 aff.
1106 2660 111 48 May
1248 2660 81 46 10;
1361 2661 39 37 A
1428 2659 172 48 49902;
1633 2660 161 46 Little,
1826 2661 191 46 Brown,
2049 2661 94 38 and

376 2670 1901 94 company.
586 2717 278 47 (32-12197)

302 2816 221 53 Punch.
598 2838 49 33 V.
682 2822 114 65 182,
822 2837 89 35 no.
939 2820 155 67 4736,
1120 2820 174 67 April
1325 2822 81 64 13,
1436 2821 149 51 1932.

308 2902 1985 53 © 1c. June 8, 1932; A ad int. 16504; pubd. Apr. 13; Herbert Heather,
376 2964 208 39 London.

305 3063 1958 148 Quarterly cumulative index medicus … v. 11, no. 1, January-March,
780 3147 150 49 1932.
1005 3143 271 70 Chicago,
1317 3144 307 54 American
1667 3146 239 52 medical
1952 3145 336 54 association

377 3225 193 63 [ ᶜ193 2 ]
375 3295 687 48 cover title, 618 p. 25½ ᶜᵐ .
309 3361 1984 55 © May 19, 1932; 2c. May 21; aff. May 31; A 51589; Amer. medical assn.
304 3482 242 66 Quayle,
575 3486 305 62 Margaret
910 3485 57 55 S.

367 3559 81 52 As
478 3560 122 52 told
630 3560 75 67 by
735 3561 250 52 business
1016 3562 171 66 girls;
1224 3563 280 67 problems
1536 3564 60 52 in
1629 3567 259 64 personal
1922 3565 366 66 adjustment,

298 3636 326 53 considered
655 3637 73 67 by
756 3638 295 67 Margaret
1080 3639 57 54 S.
1168 3639 238 68 Quayle.
1494 3641 137 53 New
1663 3641 177 65 York,
1868 3641 120 53 The
2018 3643 269 53 Womans

299 3732 171 47 press,
503 3716 150 50 1932.

371 3784 639 51 2 p. l. , 137, [3] p. 21 ᶜᵐ .
373 3840 292 49 “Suggested
697 3842 202 49 reading
928 3842 112 40 list”:
1099 3855 42 37 p.
1178 3844 230 50 [139-140]

310 3908 51 50 ©
393 3913 110 46 Apr.
537 3912 69 46 27,
638 3912 139 45 1932;
811 3912 66 41 2c.
910 3913 112 47 Apr.
1054 3913 82 47 30;
1172 3914 80 43 aff.
1287 3916 112 46 May
1431 3916 52 45 3;
1519 3916 39 38 A
1590 3915 170 48 49803;
1795 3917 229 40 National
2057 3918 148 40 board
2240 3918 51 40 of

436 3978 23 28 the
487 3969 167 47 Young
680 3969 224 39 women’s
933 3969 249 40 Christian
1209 3971 319 40 associations
1557 3973 50 39 of
1636 3973 81 40 the
1746 3974 54 39 U.
1833 3973 44 41 S.
1905 3974 68 46 A.,
2003 3974 115 39 New
2147 3972 142 41 York.

386 4023 278 49 (32-12084)
