2563 4368
1102 4073 133 54 1347

167 466 126 62 Boy
319 467 199 51 scouts
547 464 63 53 of
638 462 293 56 America.

237 540 326 53 Handbook
605 540 93 52 for
739 545 413 62 scoutmasters,
1195 558 29 33 a
1267 541 231 51 manual
1541 538 64 53 of
1645 539 341 67 leadership,
2028 540 126 66 Boy

167 625 184 49 scouts
386 619 63 52 of
482 616 281 54 America.
838 619 72 52 2d
943 617 321 67 handbook,
1303 619 130 52 16th
1468 616 257 68 imprint.
1800 617 138 52 New
1975 617 179 67 York,

168 697 70 53 N.
271 699 71 50 Y.,
391 697 140 52 Pub.
564 697 179 51 under
772 697 97 51 the
900 693 356 68 supervision
1285 696 64 53 of
1377 695 97 51 the
1502 694 290 53 Editorial
1821 694 179 52 board

168 712 1960 129 representing
487 773 96 51 the
618 772 272 53 National
925 771 219 54 council
1180 771 64 53 of
1279 771 94 53 the
1409 773 125 66 Boy
1570 777 184 47 scouts
1790 770 65 53 of
1890 770 262 53 America

173 856 190 63 [ ᶜ1 932 ]
241 922 913 50 5 p. l., 628 p. illus., diagrs. 18 ᶜᵐ .
238 980 347 48 Bibliography
603 991 9 28 :
645 990 44 37 p.
711 980 218 41 414-415.

173 1036 52 51 ©
253 1039 116 41 July
394 1039 69 46 11,
491 1037 112 41 1932;
661 1037 66 41 2c.
755 1039 94 38 and
878 1037 81 40 aff.
989 1038 119 41 Aug.
1136 1035 55 40 24;
1250 1037 39 38 A
1318 1035 143 41 53794;
1519 1037 102 47 Boy
1651 1038 161 38 scouts
1843 1036 50 40 of
1922 1035 235 42 America.

249 1095 277 48 (32-23582)

168 1196 230 65 Brown,
427 1197 221 53 Robert
679 1196 258 64 Carlton,
968 1201 170 50 1886-

236 1273 106 52 Let
368 1273 156 53 there
549 1273 65 51 be
639 1273 126 53 beer
785 1273 11 53 !
864 1272 90 68 By
981 1272 122 52 Bob
1130 1272 225 51 Brown.
1420 1271 136 54 New
1586 1270 177 67 York,
1791 1271 75 50 H.
1897 1270 189 54 Smith
2113 1273 44 50 &

167 1350 67 53 R.
263 1350 177 66 Haas,
471 1352 148 49 1932.

237 1420 814 49 3 p. l., 3-321 p. 1 illus. 21 ᶜᵐ .
238 1477 127 42 Title
394 1477 227 48 vignette.

173 1534 52 52 ©
255 1538 118 47 Aug.
404 1539 67 46 11,
503 1536 112 41 1932;
676 1537 66 41 2c.
772 1538 119 46 Aug.
923 1536 55 39 19;
1038 1536 81 40 aff.
1150 1537 120 46 Aug.
1300 1537 58 39 30;
1417 1537 39 39 A
1487 1537 142 41 54583;
1690 1538 101 39 Bob
1823 1539 190 46 Brown,
2044 1538 118 39 New

240 1595 144 39 York.
454 1592 277 49 (32-23416)

169 1698 198 64 Butts,
396 1698 225 54 Walter
648 1699 86 63 E.,
762 1698 72 66 jr.

239 1774 120 53 The
398 1775 147 52 clear
584 1774 126 67 call,
747 1774 77 67 by
858 1774 221 54 Walter
1119 1774 66 51 E.
1226 1775 188 66 Butts,
1452 1774 71 67 jr.
1596 1774 160 53 Rock
1791 1774 218 68 Island,
2047 1774 114 67 Ill.,

167 1851 1001 68 Augustana book concern [ ᶜ1 932 ]
240 1924 648 49 82 p. incl. front. 17½ ᶜᵐ .
176 1978 50 51 ©
260 1982 128 48 Sept.
419 1982 68 47 16,
518 1981 139 47 1932;
691 1982 67 39 2c.
791 1982 93 39 and
918 1981 81 40 aff.
1033 1980 126 48 Sept.
1192 1980 55 40 19;
1309 1981 40 40 A
1381 1981 167 47 54876;
1585 1983 286 46 Augustana
1903 1982 123 40 book
240 1994 1902 84 concern.
436 2037 278 48 (32-23570)

171 2141 341 64 Callaghan,
542 2142 244 62 Morley.

242 2217 56 50 A
340 2216 210 51 broken
594 2216 255 67 journey,
893 2217 73 67 by
1010 2216 221 67 Morley
1279 2215 334 69 Callaghan.
1692 2216 138 52 New
1875 2217 178 68 York,
2100 2217 62 55 C.

172 2291 308 55 Scribner’s
512 2311 144 49 sons,
689 2295 150 55 1932.

239 2363 537 49 4 p. l., 270 p. 19 ᶜᵐ .
177 2419 51 52 ©
259 2424 125 48 Sept.
412 2423 39 48 9,
479 2422 112 42 1932;
649 2424 67 40 2c.
747 2424 125 47 Sept.
902 2425 54 39 15;
1015 2424 82 41 aff.
1128 2424 125 49 Sept.
1283 2426 52 39 13;
1395 2426 41 38 A
1464 2426 143 40 54835;
1666 2427 200 40 Charles
1899 2427 263 41 Scribner’s

245 2491 122 29 sons.
439 2480 277 49 (32-23423)

174 2581 293 56 Chemical
496 2583 218 55 rubber
745 2600 303 50 company,
1085 2585 323 54 Cleveland.

245 2659 1859 74 Mathematical tables, compiled by Charles D. Hodgman …
179 2736 1715 75 Cleveland, O., Chemical rubber publishing co. [ ᶜ1 931]
280 2812 633 49 v, 178 p. diagrs. 20½ ᶜᵐ .
250 2868 69 38 “A
347 2869 337 46 reproduction
712 2870 50 39 in
789 2870 229 49 enlarged
1045 2871 129 40 form
1204 2872 52 40 of
1283 2872 83 41 the
1393 2872 365 42 mathematical
1788 2871 183 44 section
2002 2874 53 41 of
2083 2874 81 42 the

178 2923 272 41 Handbook
475 2925 52 38 of
552 2925 260 49 chemistry
840 2928 95 39 and
963 2926 236 49 physics.”

180 2977 51 52 ©
267 2981 114 47 Sept
412 2983 39 45 1,
484 2980 112 41 1931;
656 2982 68 41 2c.
757 2984 95 39 and
885 2983 81 42 aff.
998 2984 120 48 Aug.
1151 2984 68 48 18,
1254 2984 113 41 1932;
1430 2986 42 39 A
1503 2985 144 42 53972;
1711 2986 245 41 Chemical
1988 2987 176 39 rubber

247 3037 109 47 pub.
387 3047 66 29 co.
523 3038 276 48 (32-23550)

177 3131 233 65 Collins,
442 3133 270 57 Bumita.

245 3208 122 53 The
402 3208 399 71 whistlepunk,
833 3213 164 54 Nat’s
1035 3215 337 53 adventures
1407 3216 62 51 in
1505 3235 31 34 a
1572 3214 264 53 redwood
1873 3232 181 52 camp,
2088 3213 76 71 by

176 3286 248 52 Burnita
458 3285 245 69 Collins;
739 3288 322 56 illustrated
1094 3292 76 67 by
1202 3292 95 53 the
1332 3292 220 53 author.
1622 3293 233 67 Boston,
1887 3293 276 68 Lothrop,

175 3362 806 72 Lee & Shepard co. [ ᶜ1 932 ]
245 3436 787 48 300 p. front., plates. 20½ ᶜᵐ .
181 3488 53 51 ©
260 3493 126 47 Sept.
411 3492 68 49 15,
504 3492 112 41 1932;
670 3494 67 40 2c.
762 3497 95 38 and
881 3496 79 39 aff.
989 3497 127 48 Sept.
1141 3498 57 40 16;
1249 3499 41 39 A
1314 3500 145 41 54856;
1513 3501 225 49 Lothrop,
1765 3502 92 41 Lee
1882 3502 38 40 &
1947 3501 216 49 Shepard

248 3559 66 29 co.
386 3549 277 47 (32-23572)

180 3633 226 68 Corpus
445 3636 163 69 juris,
646 3638 170 70 being
855 3659 31 33 a
924 3645 274 65 complete
1238 3647 111 51 and
1391 3647 324 67 systematic
1755 3653 304 49 statement
2098 3648 63 53 of

249 3714 95 52 the
381 3714 180 53 whole
595 3715 150 66 body
783 3717 63 52 of
881 3718 94 53 the
1012 3720 126 66 law,
1177 3740 58 34 as
1273 3723 295 54 embodied
1604 3724 61 54 in
1702 3727 112 52 and
1852 3726 308 69 developed

247 3791 1913 79 by all reported decisions. Edited by William Mack … and
248 3867 1914 82 Donald J. Kiser … v. 59. New York, The American law
247 3945 146 53 book
421 3966 77 33 co.;
559 3948 256 64 London,
844 3953 391 55 Butterworth
1263 3960 45 51 &
1335 3975 79 35 co.,
1462 3962 148 50 1932.
