2563 4368
1325 4118 102 56 974

463 564 1925 61 “These lectures [w ere arranged] in connection with the tercentenary
392 628 53 40 of
468 629 83 40 the
577 627 161 41 Dutch
764 626 242 41 reformed
1035 627 178 40 church
1243 626 48 40 in
1318 624 458 43 America.”—Pref.

464 683 187 42 “Select
691 681 365 51 bibliography”
1074 693 9 30 :
1127 692 44 39 p.
1218 680 234 53 [135]-140;
1525 681 135 42 “List
1701 681 53 41 of
1795 681 82 42 the
1919 680 252 51 Goodyear
2213 690 175 41 papers

392 742 97 38 and
528 741 139 39 other
705 739 351 49 photographic
1098 736 366 51 reproductions
1504 738 126 39 from
1674 739 82 38 the
1797 737 192 46 Leyden
2033 738 234 46 archives,
388 736 1983 113 deposited

607 797 49 39 in
687 797 81 40 the
797 796 184 45 library
1010 795 52 40 of
1091 795 116 41 New
1236 793 132 41 York
1397 793 326 48 university”:
1756 804 44 40 p.
1829 793 217 41 141-142.

398 852 52 52 ©
480 856 125 40 June
633 856 68 45 14,
731 854 112 41 1932;
901 854 66 40 2c.
999 856 95 37 and
1122 853 82 41 aff.
1233 854 126 40 June
1387 852 56 41 23;
1502 854 40 38 A
1571 853 143 40 51887;
1772 853 117 40 New
1917 853 131 39 York
2078 851 129 42 univ.
2237 859 149 42 press.

476 912 278 48 (32-16644)

392 997 1242 71 Punch, v . 182, no. 4742, May 25, 1932.
399 1067 1988 62 © 1c. July 20, 1932; A ad int. 16681; pubd. May 25; Herbert Heather,
466 1133 211 39 London.

390 1222 324 65 Rayhawk,
746 1222 232 54 Arthur
1007 1220 197 66 Louis,
1237 1226 170 51 1904-

463 1299 120 54 The
627 1317 209 52 energy
880 1316 282 39 resources
1205 1300 64 51 of
1310 1300 96 52 the
1449 1298 216 56 United
1710 1299 188 57 States
1939 1299 61 52 in
2042 1299 240 53 relation
2326 1305 58 47 to

393 1373 1992 76 future population developments … by Arthur L. Rayhawk,
431 1455 974 69 A. M . Washington, D. C., 1932.
491 1527 706 51 v p., 2 l., 11-142 p., 1 l. 23 ᶜᵐ.
461 1584 172 42 Thesis
674 1585 14 47 (PH.
866 1583 307 49 D.)—Catholic
1207 1582 271 50 university
1511 1584 51 40 of
1595 1584 236 48 America,
1863 1583 129 41 1932.

462 1641 373 50 “Biographical
864 1640 155 43 note.”

462 1700 180 39 Errata
672 1699 93 48 slip
793 1700 229 39 mounted
1051 1709 60 30 on
1139 1709 44 38 p.
1215 1700 55 48 [7]

462 1756 349 48 Bibliography
840 1758 52 38 at
919 1757 92 39 end
1040 1756 52 40 of
1119 1756 119 39 each
1266 1756 214 47 chapter.

397 1810 51 53 ©
483 1815 125 40 June
641 1816 38 45 1,
713 1812 140 44 1932;
889 1814 66 39 2c.
990 1814 96 39 and
1120 1813 81 40 aff.
1234 1814 126 40 June
1394 1813 51 46 6;
1482 1813 41 39 A
1556 1813 170 45 51660;
1763 1813 50 41 A.
1851 1814 48 38 L.
1938 1813 267 48 Rayhawk,
462 1810 1906 113 Pittsburgh.
703 1868 278 51 (32-16941)

389 1961 522 65 Renault-Magny,
941 1961 263 55 Yvonne.

521 2033 1752 68 … Rayons X, roman … [Paris] E. Flammarion [ ᶜ1 932]
458 2112 100 46 249,
594 2112 54 49 [1]
685 2122 43 38 p.
788 2112 56 41 18½ᶜᵐ.

395 2164 1989 57 © Mar. 3, 1932; 1c. Mar. 23; A—Foreign 16319; Ernest Flammarion.
472 2224 281 49 (32-17591)

387 2314 271 65 Rivollet,
689 2313 220 57 André.

518 2389 1654 71 … La femme satisfaite. Paris, Calmann-Lévy, 1932.
458 2462 566 51 3 p. l., 213, [1] p. 19 ᶜᵐ.
460 2520 72 40 On
559 2531 140 29 cover
716 2532 9 28 :
754 2522 25 39 7ᵉ
828 2520 196 41 édition.

395 2572 1785 56 © Apr. 15, 1932; 1c. May 4; A—Foreign 16786; Calmann-Lévy.
472 2634 279 48 (32-17601)

388 2721 271 66 Roberts,
687 2723 260 54 Thomas
975 2724 222 66 Sadler,
1232 2730 168 50 1858-

382 2799 1970 132 … The birds of Minnesota, by Thomas S. Roberts … Illustrated
606 2876 140 52 with
780 2878 339 66 ninety-two
1154 2881 152 52 color
1342 2882 181 65 plates
1559 2882 76 66 by
1668 2881 177 54 Allan
1882 2882 237 67 Brooks,
2155 2881 219 68 George

384 2950 224 55 Miksch
663 2952 226 68 Sutton,
941 2956 220 53 Walter
1212 2957 163 54 Alois
1426 2959 222 64 Weber,
1699 2958 237 54 Francis
1988 2960 110 52 Lee
2148 2960 228 67 Jaques,

381 3027 223 55 Walter
644 3031 156 54 John
843 3032 438 70 Breckenridge,
1323 3035 300 69 including
1665 3055 103 34 one
1811 3038 154 67 plate
2007 3037 75 67 by
2123 3038 96 52 the
2262 3039 113 51 late

383 3105 1991 78 Louis Agassiz Fuertes … Minneapolis, The University of
381 3180 324 56 Minnesota
726 3202 157 51 press;
936 3187 258 68 London,
1217 3190 76 51 H.
1316 3189 267 69 Milford,
1608 3190 229 56 Oxford
1862 3192 316 68 university
2200 3211 173 49 press,

381 3263 153 51 1932.

453 3330 27 39 2
540 3363 9 9 v.
609 3332 87 41 col.
722 3334 190 48 fronts.,
940 3334 142 50 illus.,
1110 3335 56 41 90
1192 3338 86 40 col.
1373 3370 9 16 pl.,
1408 3339 179 49 diagrs.
1647 3340 56 41 28½ᶜᵐ.

455 3386 63 42 At
542 3389 125 40 head
692 3390 52 40 of
764 3389 108 42 title
891 3402 8 28 :
927 3391 219 42 Museum
1171 3394 52 39 of
1247 3395 199 40 natural
1470 3397 203 47 history,
1700 3396 283 50 University
2010 3399 51 40 of
2088 3398 286 44 Minnesota.

456 3443 347 53 Bibliography
820 3457 9 29 :
861 3459 43 28 v.
935 3447 41 48 2,
1005 3459 44 37 p.
1098 3448 232 51 [733]-792.

392 3497 52 52 ©
472 3503 128 40 June
625 3504 39 46 6,
693 3503 140 47 1932;
862 3504 66 40 2c.
957 3506 118 38 each
1102 3506 126 39 June
1254 3506 82 47 24;
1367 3507 82 41 aff.
1478 3509 126 39 June
1631 3509 82 48 23;
1745 3511 40 38 A
1814 3511 168 47 51897;
2016 3512 279 48 University
2326 3514 50 39 of

460 3559 286 47 Minnesota,
775 3561 335 47 Minneapolis.
1181 3563 277 48 (32-16855)

386 3638 182 66 Rueb,
598 3640 195 69 Louis,
825 3643 170 54 1873-

456 3713 331 72 Stretching
813 3735 144 49 your
987 3736 125 50 way
1141 3725 58 46 to
1229 3719 211 69 health,
1468 3722 74 68 by
1571 3722 173 54 Louis
1774 3723 159 53 Rueb;
1995 3723 377 58 illustrations

385 3791 72 68 by
547 3834 10 10 N.
586 3793 271 54 Wenden.
923 3795 110 53 Los
1061 3796 264 69 Angeles,
1355 3799 337 54 Illustrated
1722 3801 179 53 world
1932 3801 333 70 publishing
2293 3820 78 38 co.

387 3872 193 63 [ ᶜ1 932]
452 3941 727 52 2 p. l., [3], 80 p. illus. 22½ᶜᵐ.
390 3991 52 52 ©
466 3998 120 39 Mar.
610 3998 69 47 31,
704 3998 112 42 1932;
868 4000 66 41 2c.
960 4002 113 48 May
1097 4002 52 47 9;
1175 4003 81 39 aff.
1282 4005 113 46 May
1419 4005 55 40 25;
1527 4006 39 38 A
1590 4006 142 40 51492;
1786 4008 49 41 L.
1863 4009 146 47 Rueb,
2036 4010 91 40 Los
2152 4010 219 48 Angeles.

468 4053 278 43 (32-16864)
