2563 4368
1339 4102 101 51 966

463 552 161 40 “First
656 549 228 43 edition.”

399 605 51 52 ©
480 609 127 40 June
634 608 69 48 16,
732 607 114 41 1932;
902 607 68 41 2c.
1000 609 95 38 and
1125 606 82 40 aff.
1238 606 126 40 June
1392 605 56 40 24;
1507 606 42 39 A
1577 604 143 42 52923;
1781 605 53 41 G.
1866 604 195 49 Fairlie,
2092 605 212 40 London.

476 665 280 49 (32-16970)

393 756 229 64 Fisher,
652 754 206 65 Daisy.

462 832 122 53 The
634 836 131 64 gate
817 831 210 68 swings
1079 847 165 51 open,
1294 830 76 68 by
1419 828 184 70 Daisy
1653 828 220 54 Fisher.
1948 826 233 55 Garden
2235 828 153 69 City,

392 910 70 54 N.
502 911 91 59 Y.,
631 909 357 61 Doubleday,
1027 909 197 51 Doran
1262 910 52 50 &
1353 924 298 46 company,
1688 908 127 62 inc.,
1854 908 151 52 1932.

463 982 465 50 5 p. l., 309 p. 20ᶜᵐ.
464 1041 161 40 “First
653 1038 227 42 edition.”

401 1094 51 52 ©
481 1099 126 39 June
633 1097 70 48 23,
731 1095 140 49 1932;
902 1095 68 42 2c.
998 1097 95 39 and
1121 1095 81 41 aff.
1231 1096 126 40 June
1383 1094 83 48 29;
1497 1096 41 38 A
1566 1093 170 50 52926;
1767 1095 59 42 D.
1855 1096 184 47 Mason,
2068 1095 212 40 London.

477 1153 281 50 (32-16961)

396 1246 282 64 Fogarty,
709 1244 221 66 James,
961 1248 171 51 1899-

528 1318 1864 72 … State aid in several forms of public relief … by Reverend
395 1399 193 55 James
618 1400 276 68 Fogarty,
959 1442 11 11 C.
1030 1441 11 11 S.
1105 1440 11 11 C.
1179 1397 404 70 Washington,
1610 1398 72 53 D.
1714 1397 82 70 C.,
1825 1398 122 54 The
1977 1397 262 56 Catholic
396 1398 1973 148 university

637 1476 66 55 of
729 1476 286 68 America,
1044 1477 151 53 1932.

463 1550 87 41 190
579 1561 44 38 p.
682 1548 57 42 23ᶜᵐ.

463 1607 64 41 At
551 1608 126 39 head
703 1605 54 41 of
779 1605 109 42 title
906 1616 9 29 :
943 1605 101 40 The
1070 1603 223 42 Catholic
1317 1604 273 48 university
1615 1604 55 41 of
1691 1604 236 42 America.

465 1664 174 40 Thesis
679 1663 108 49 (PH.
817 1660 362 51 D.)—Catholic
1208 1660 274 48 university
1513 1661 53 41 of
1594 1660 239 52 America,
1867 1660 128 43 1932.

466 1719 128 41 Vita.

465 1775 376 48 Bibliography:
870 1785 45 38 p.
943 1773 216 43 185-189.

403 1829 52 54 ©
480 1835 127 39 June
630 1835 39 48 8,
693 1833 114 41 1932;
859 1833 66 40 2c.
952 1834 95 38 and
1072 1832 83 41 aff.
1215 1841 92 31 June
1331 1832 53 48 9;
1411 1833 41 38 A
1477 1832 170 48 51710;
1675 1833 222 40 Catholic
1922 1833 129 40 univ.
2079 1834 51 39 of
2155 1833 236 42 America.

481 1891 280 48 (32-17180)

397 1980 196 67 Gault,
621 1982 202 63 Edgar
849 1980 276 56 Howard.

528 2055 1863 72 … Performance of department stores: 1931, by Edgar H.
395 2133 1999 71 Gault … Ann Arbor, University of Michigan, School of
396 2212 252 53 business
679 2211 484 64 administration,
1193 2212 230 52 Bureau
1454 2211 65 53 of
1548 2212 255 53 business
1833 2213 276 67 research,
2142 2214 151 52 1932.

466 2283 27 41 3
530 2294 46 38 p.
638 2314 25 19 l.,
702 2284 87 41 148
826 2294 45 38 p.
931 2283 56 41 23ᶜᵐ.
1122 2283 301 50 ([Michigan.
1493 2283 299 48 University.
1865 2283 172 42 School
2079 2284 53 41 of
2171 2284 223 42 business

397 2341 413 41 administration.
894 2340 197 41 Bureau
1149 2340 54 40 of
1255 2339 224 42 business
1538 2341 239 50 research]
1866 2340 246 49 Michigan
2171 2341 223 41 business

397 2398 199 48 studies,
623 2399 92 39 vol.
797 2428 9 17 IV,
835 2407 76 31 no.
938 2397 52 48 4)

468 2454 196 41 Studies
703 2454 61 49 by
801 2454 83 40 the
921 2455 180 39 author
1138 2464 60 29 on
1238 2453 264 40 standards
1541 2453 53 40 of
1630 2452 338 48 performance
2007 2453 81 40 for
2127 2455 82 39 the
2248 2463 143 37 years

396 2511 261 41 1928-1929
684 2513 95 38 and
806 2509 114 42 1930
947 2512 123 39 have
1097 2510 104 40 also
1228 2510 118 40 been
1371 2508 269 49 published.

405 2565 51 52 ©
487 2571 113 46 May
629 2569 69 48 23,
729 2568 112 41 1932;
899 2568 67 41 2c.
998 2570 96 38 and
1124 2567 82 42 aff.
1237 2568 129 41 June
1390 2569 27 38 4;
1476 2568 41 38 A
1547 2567 142 41 51642;
1751 2568 282 48 University
2065 2568 51 40 of
2147 2568 245 48 Michigan

471 2637 150 37 press,
651 2626 109 39 Ann
789 2626 170 39 Arbor.
1030 2624 279 49 (32-16829)

398 2716 191 65 Geier,
618 2716 229 64 George
869 2715 200 56 Jacob.

470 2790 1857 71 Systems installation in accounting, by George J. Geier …
398 2867 1900 70 and Oscar Mautner … New York, Burrell-Snow, inc., 1932.
539 2973 8 16 xx,
575 2941 87 41 500
685 2952 43 37 p.
755 2941 110 41 incl.
890 2940 143 48 illus.,
1062 2942 194 48 diagrs.,
1283 2941 168 40 forms.
1509 2940 57 42 23½ᶜᵐ.

406 2995 51 52 ©
488 3001 122 39 Mar.
639 3000 69 46 16,
738 2999 115 41 1932;
911 2999 67 41 2c.
1008 3002 96 39 and
1134 2999 82 42 aff.
1245 3001 123 40 Mar.
1398 3001 56 39 17;
1511 3000 43 39 A
1584 2999 144 41 52897;
1786 3000 371 48 Burrell-Snow,
2189 3000 89 40 inc.

483 3056 278 48 (32-17179)

400 3145 150 65 Gist,
579 3145 234 56 Arthur
841 3146 263 65 Stanley,
1135 3150 171 51 1883-

465 3221 1859 70 Clarifying the teacher’s problems, by Arthur S. Gist …
397 3299 1989 69 with introduction by James F. Hosic … New York, Boston
418 3376 945 69 [etc.] C. Scribner’s sons [ ᶜ1 932]
466 3449 98 46 xiv,
600 3448 87 41 312
720 3460 45 38 p.
824 3449 154 48 diagr.
1038 3449 57 41 19½ᶜᵐ.

467 3505 224 42 Includes
729 3505 390 48 bibliogranhies.

406 3558 51 52 ©
483 3563 127 40 June
635 3564 68 46 17,
729 3561 140 47 1932;
897 3562 68 40 2c.
991 3562 126 40 June
1141 3562 83 47 25;
1254 3562 80 40 aff.
1363 3563 126 40 June
1514 3563 82 47 24;
1625 3564 42 39 A
1693 3564 169 47 51906;
1894 3564 200 41 Charles
2124 3564 264 43 Scribner’s

473 3629 125 30 sons.
668 3617 279 50 (32-16849)

399 3697 203 65 Gould,
634 3698 232 64 Gerald,
898 3703 169 50 1885-

465 3774 205 67 Isabel,
710 3774 76 67 by
828 3773 214 55 Gerald
1084 3773 206 55 Gould.
1368 3776 139 53 New
1550 3776 179 68 York,
1771 3779 245 65 Brewer,
2057 3778 243 53 Warren
2339 3783 47 50 &

396 3851 266 66 Putnam,
694 3850 126 66 inc.,
855 3853 150 51 1932.

464 3922 88 41 285
580 3934 44 38 p.
683 3923 57 41 19½ᶜᵐ.

405 3975 51 52 ©
484 3980 116 47 July
626 3982 40 45 1,
693 3979 112 41 1932;
861 3982 68 40 2c.
958 3982 115 46 July
1099 3981 52 48 5;
1180 3981 81 41 aff.
1290 3982 116 48 July
1433 3983 52 47 6;
1515 3984 44 38 A
1583 3982 169 49 51997;
1785 3984 53 41 G.
1868 3984 167 50 Gould,
2065 3985 209 40 London.

481 4035 279 52 (32-16963)
