2563 4368
1353 4062 132 50 1488

410 518 1993 78 preface by David Riesman … with 166 illustrations, some in
411 607 196 52 colors.
670 603 427 69 Philadelphia,
1125 604 65 51 F.
1220 602 70 52 A.
1320 601 182 52 Davis
1530 616 297 50 company,
1859 601 149 49 1932.

549 671 1516 56 xx, 538 p. col. front., illus., plates (2 col.) diagrs. 24 ᶜᵐ .
482 735 347 47 Bibliography
847 744 9 29 :
886 743 45 38 p.
957 732 219 41 481-520.

413 786 54 53 ©
497 791 125 47 Sept.
650 790 70 47 26,
749 788 112 42 1932;
919 788 68 41 2c.
1016 789 94 38 and
1139 787 81 40 aff.
1253 787 126 47 Sept.
1409 785 55 40 29;
1523 786 40 38 A
1592 785 143 40 55326;
1794 785 50 38 F.
1876 784 55 41 A.
1960 782 153 42 Davis
2142 794 67 30 co.

491 846 278 49 (32-25686)

410 950 284 54 Institute
721 950 64 53 of
810 947 211 55 Pacific
1048 947 302 54 relations.
1461 946 63 52 4th
1549 945 348 68 conference,
1921 943 338 69 Hangchow
2286 941 116 55 and

480 1027 317 68 Shanghai,
835 1030 152 49 1931.

479 1104 294 53 Problems
817 1103 61 54 of
922 1104 97 54 the
1060 1102 230 69 Pacific,
1336 1105 163 64 1931;
1545 1101 370 69 proceedings
1960 1099 61 54 of
2063 1099 97 54 the
2202 1097 201 55 fourth

413 1181 328 55 conference
789 1181 61 54 of
899 1182 95 53 the
1042 1180 273 54 Institute
1364 1179 62 54 of
1474 1178 213 55 Pacific
1733 1178 288 67 relations,
2066 1176 339 69 Hangchow

412 1260 113 52 and
563 1258 316 69 Shanghai,
917 1257 205 68 China,
1161 1258 245 55 October
1444 1260 66 49 21
1549 1262 61 49 to
1646 1255 319 54 November
2001 1259 62 63 2;
2101 1254 191 54 edited
2331 1254 74 68 by

411 1332 1994 71 Bruno Lasker, assisted by W. L. Holland … Chicago, Ill., The
413 1412 334 69 University
774 1412 61 55 of
865 1412 254 69 Chicago
1147 1431 156 50 press
1356 1415 153 63 [1932]

485 1484 1076 51 xi, 548 p. maps (1 fold.) diagrs. 24 ᶜᵐ .
487 1541 347 42 “References”
862 1545 52 38 at
943 1541 258 50 beginning
1228 1542 52 40 of
1304 1542 119 41 each
1448 1542 215 49 chapter.

751 1598 328 41 CONTENTS.—Economic
1112 1598 234 41 relations
1378 1598 51 39 in
1462 1599 82 40 the
1577 1596 450 42 Pacific.—China’s
2059 1597 243 42 economic

418 1598 1973 107 development.—Political
1040 1654 235 42 relations
1325 1655 50 39 in
1424 1655 81 40 the
1556 1652 452 43 Pacific.—China’s
2058 1654 352 42 international

419 1710 534 43 relations.—Cultural
982 1711 234 41 relations
1244 1712 50 38 in
1324 1712 81 40 the
1436 1710 190 42 Pacific.

421 1767 51 52 ©
499 1772 125 39 June
648 1770 70 47 28,
744 1769 113 42 1932;
911 1769 67 40 2c.
1008 1768 127 48 Sept.
1161 1768 54 40 13;
1272 1768 81 40 aff.
1383 1768 127 47 Sept.
1538 1768 55 38 12;
1649 1768 41 38 A
1716 1768 142 41 54791;
1917 1768 280 49 University
2226 1769 50 40 of

488 1768 1904 106 Chicago,
653 1827 221 48 Chicago.
945 1825 278 47 (32-26875)

417 1922 284 54 Institute
730 1923 63 52 of
821 1919 249 67 politics,
1102 1920 282 53 Williams
1413 1920 226 69 college,
1670 1924 150 49 1932.

488 2000 217 67 Report
742 1998 63 53 of
839 1998 94 53 the
971 1998 184 52 round
1190 1998 179 52 tables
1406 1998 114 52 and
1556 1998 229 68 general
1823 1996 358 55 conferences
2218 2004 58 47 at
2314 1999 95 53 the

418 2076 228 54 twelfth
681 2075 238 68 session;
956 2075 189 53 edited
1178 2075 74 68 by
1285 2074 157 54 John
1475 2074 284 54 Bakeless.
1832 2075 139 53 New
2005 2075 226 68 Haven,
2265 2074 144 55 Pub.

421 2154 93 53 for
558 2155 95 52 the
700 2153 273 54 Institute
1020 2151 64 54 of
1129 2152 228 68 politics
1401 2151 75 70 by
1523 2152 95 54 the
1665 2152 145 53 Yale
1857 2152 319 70 university
2222 2170 184 52 press;

420 2231 257 67 London,
708 2230 78 52 H.
821 2228 265 69 Milford,
1121 2228 230 56 Oxford
1384 2227 279 55 university
1738 2247 174 50 press,
1949 2232 150 51 1932.

421 2300 1973 107 vii, 345, [1] p. 23½ ᶜᵐ . (Half-title: The Institute of politics publications,
595 2359 241 40 Williams
869 2359 190 47 college,
1091 2357 387 48 Williamstown,
1511 2357 172 49 Mass.)

495 2413 1460 49 “One thousand copies … printed … September, 1932.”
494 2471 212 47 “Syllabi
733 2472 95 39 and
854 2469 404 49 bibliographies”
1277 2480 9 30 :
1316 2480 44 38 p.
1392 2469 245 51 [317]-337.

428 2526 51 51 ©
515 2531 126 46 Sept.
675 2530 67 47 22,
775 2528 111 41 1932;
950 2528 67 40 2c.
1050 2530 93 38 and
1178 2528 81 39 aff.
1296 2529 127 47 Sept.
1457 2529 54 38 29;
1574 2530 40 38 A
1648 2529 144 40 55306;
1856 2530 232 40 Institute
2122 2531 51 39 of
2207 2528 204 50 politics,

495 2587 386 45 Williamstown,
915 2586 143 38 Mass.
1131 2584 278 48 (32-25711)

424 2675 194 62 Irwin,
646 2677 304 62 Margaret
979 2676 66 54 E.
1075 2676 63 51 F.

492 2752 186 67 Royal
706 2751 163 66 flush,
898 2752 94 51 the
1022 2756 156 62 story
1207 2751 63 53 of
1297 2751 259 69 Minette,
1585 2753 74 67 by
1688 2753 296 68 Margaret
2012 2752 196 54 Irwin.
2275 2752 138 54 New

425 2828 1432 69 York, Harcourt, Brace and company [ ᶜ1 932]
494 2902 1696 50 5 p. l., 3-405, [2] p. incl. geneal. tables. front. (port.) 21 ᶜᵐ .
430 2955 51 52 ©
510 2961 125 47 Sept.
662 2960 39 45 1,
727 2958 111 41 1932;
893 2958 66 40 2c.
986 2959 95 39 and
1106 2958 81 41 aff.
1216 2959 126 47 Sept.
1370 2959 81 47 10;
1479 2960 41 39 A
1546 2959 141 41 56193;
1744 2961 249 47 Margaret
2019 2959 149 41 Irwin
2197 2961 216 48 Monsell,

498 3017 209 39 London.
778 3013 276 49 (32-25849)

431 3105 248 66 [Jacobs,
709 3104 208 53 Albert
946 3103 170 53 Poole]
1174 3110 322 50 1853-1909.

498 3182 207 53 Jacobs
742 3183 113 50 and
896 3180 232 66 Chaney
1165 3200 121 33 new
1324 3182 296 69 Michigan
1659 3185 198 68 digest.
1937 3187 309 50 1920-1932
428 3202 1958 124 supplement

716 3259 267 67 covering
1023 3262 99 49 201
1163 3265 59 47 to
1262 3263 102 49 254
1401 3261 314 70 Michigan,
1754 3263 287 52 inclusive.
2118 3263 91 68 By
2251 3261 159 54 Basil

428 3338 189 52 Jones.
694 3336 268 68 Chicago,
996 3337 319 68 Callaghan
1347 3340 112 52 and
1491 3358 295 52 company,
1820 3345 148 51 1932.

497 3409 448 49 iv, 2267 p. 26 ᶜᵐ .
434 3463 50 51 ©
514 3466 101 40 Oct.
643 3466 70 47 22,
741 3466 138 44 1932;
910 3466 67 38 2c.
1008 3466 100 40 Oct.
1138 3467 80 46 25;
1250 3467 81 41 aff.
1361 3468 102 40 Oct.
1491 3469 81 47 26;
1605 3471 39 38 A
1673 3470 168 47 56710;
1875 3471 270 47 Callaghan
2173 3471 36 39 &
2238 3480 67 30 co.

429 3552 218 65 James,
676 3554 185 52 Reese
890 3553 200 64 Davis,
1124 3559 169 49 1889-

500 3629 113 55 Old
651 3630 196 63 Drury
884 3629 63 52 of
982 3630 403 68 Philadelphia;
1457 3652 30 33 a
1523 3633 220 69 history
1779 3634 64 53 of
1877 3635 95 53 the
2008 3632 406 70 Philadelphia

429 3709 174 64 stage,
648 3709 324 62 1800-1835,
1015 3706 296 69 including
1351 3709 94 52 the
1486 3709 165 68 diary
1691 3729 64 34 or
1796 3711 159 68 daily
1995 3716 235 48 account
2268 3709 148 55 book

430 3783 64 52 of
532 3783 258 54 William
830 3784 192 52 Burke
1060 3784 201 62 Wood,
1301 3803 359 51 co-manager
1699 3786 138 54 with
1876 3786 260 57 William
2173 3789 242 53 Warren

430 3860 64 52 of
521 3861 93 52 the
646 3860 251 54 Chesnut
925 3866 168 48 street
1124 3861 233 65 theatre,
1388 3862 318 69 familiarly
1733 3864 207 53 known
1968 3884 61 35 as
2059 3864 115 55 Old
2201 3865 213 67 Drury,

430 3936 1983 74 by Reese D. James … Philadelphia, University of Pennsyl-
