2563 4368
1266 4066 101 50 820

309 432 147 53 New
482 431 162 53 York
709 429 193 69 (State)
987 428 185 70 Laws,
1199 435 260 61 statutes,
1488 435 102 48 eta.

380 507 284 56 Criminal
704 508 112 52 law
855 508 113 53 and
1010 507 250 69 practice
1300 506 64 54 of
1404 507 96 53 the
1542 511 145 49 state
1730 505 64 55 of
1833 506 139 53 New
2016 505 181 69 York,
2238 507 75 69 by

310 583 2004 71 Frank B. Gilbert … consisting of the Penal law, the Code
309 663 64 54 of
400 664 264 53 criminal
691 664 330 68 procedure,
1049 663 96 53 the
1172 661 259 54 Inferior
1460 661 265 55 criminal
1754 668 189 47 courts
1974 667 107 64 act,
2108 663 208 53 Parole

309 742 360 52 commission
702 742 110 51 law
846 740 94 53 for
972 741 125 52 first
1128 741 144 52 class
1305 740 159 53 cities
1496 741 113 52 and
1646 739 323 55 Children’s
2003 745 162 48 court
2198 745 118 49 acts

309 818 65 54 of
423 819 140 53 New
613 819 163 52 York
824 823 146 48 state
1019 818 113 53 and
1184 817 141 54 New
1375 817 164 53 York
1588 817 134 69 city,
1773 817 394 71 exhaustively
308 836 1982 128 annotated;

611 902 161 48 court
810 895 297 68 decisions,
1143 914 197 35 source
1374 901 158 48 notes
1572 896 113 53 and
1722 895 496 55 cross-references
2255 914 60 36 as

309 975 276 53 amended
621 980 57 47 to
712 975 96 52 the
843 974 109 53 end
984 972 65 54 of
1083 974 96 53 the
1212 972 322 70 legislative
1569 973 230 69 session,
1837 975 151 52 1932.
2063 974 131 53 15th
2229 975 85 53 ed.

309 1050 1983 150 By Ralph E. Rogers … Albany, N. Y., M. Bender & company, incorporated, 1932.
379 1214 1716 52 xxxii p., 1 l., 826 (i. e. 860) p., 1 l., 1176 (i. e. 1154) p. 26ᶜᵐ.
380 1288 251 47 Irregular
658 1286 191 49 paging.

380 1344 228 42 Lettered
645 1355 61 29 on
743 1353 166 31 cover:
950 1342 229 42 Gilbert’s
1218 1342 238 42 Criminal
1492 1344 115 40 code
1644 1345 96 39 and
1778 1343 151 42 Penal
1967 1344 108 42 law.

317 1413 52 53 ©
394 1418 126 40 June
543 1419 38 45 1,
606 1415 141 48 1932;
773 1415 65 40 2c.
866 1416 127 39 June
1015 1416 24 40 3;
1095 1415 83 41 aff.
1203 1416 127 39 June
1352 1415 54 47 2;
1433 1416 40 38 A
1498 1414 170 49 51620;
1696 1416 237 41 Matthew
1959 1418 191 39 Bender
2174 1418 36 39 &
2235 1427 81 37 co.,

385 1475 91 40 inc.
548 1472 280 51 (32-14419)

312 1593 147 53 New
490 1593 181 54 York.
749 1593 157 56 Curb
940 1592 324 65 exchange.
1341 1591 338 55 Committee
1714 1610 73 36 on
1815 1593 300 69 publicity.

382 1685 139 52 New
549 1684 163 53 York
740 1684 135 53 curb
906 1684 287 68 exchange
1219 1682 250 69 history;
1499 1684 97 53 the
1622 1702 123 35 new
1775 1684 212 67 edifice,
311 1684 1974 146 organization,

488 1763 169 53 listed
694 1763 113 52 and
840 1763 251 52 unlisted
1127 1761 425 69 requirements,
1588 1762 294 53 execution
1916 1761 64 53 of
2016 1781 73 33 an
2126 1762 182 53 order.

315 1840 305 68 Summary
646 1840 64 53 of
733 1846 197 62 report
957 1840 64 53 of
1047 1839 338 57 Committee
1409 1858 73 34 on
1508 1840 158 53 stock
1691 1840 287 68 exchange
312 1839 1973 134 investigation

463 1921 65 52 of
555 1919 95 52 the
679 1918 275 53 National
981 1917 339 54 association
1348 1919 65 52 of
1441 1917 290 55 securities
1760 1917 450 57 commissioners
2239 1936 69 35 on

312 1997 96 52 the
433 1998 140 52 New
599 1998 163 52 York
785 1996 136 53 curb
946 1997 300 67 exchange.
1332 1996 139 53 [New
1496 1995 180 69 York]
1708 1996 339 56 Committee
2073 2015 72 33 on
312 1996 1973 146 publicity,
526 2079 150 50 1931.

384 2162 56 40 68
468 2173 43 37 p.
574 2162 173 47 plates,
776 2160 118 40 fold.
922 2170 126 39 map.
1108 2160 148 44 27½ᶜᵐ.

386 2225 154 47 Pages
581 2225 112 47 [1-4]
731 2224 195 47 printed
962 2235 61 28 on
1054 2224 166 39 folded
1254 2223 115 48 leaf,
1404 2234 89 29 one
1525 2224 104 39 side
1666 2224 50 39 of
1752 2225 160 38 which
1945 2225 221 38 contains
2201 2225 108 40 title

314 2282 96 39 and
439 2282 117 47 text,
586 2281 82 40 the
694 2281 141 40 other
862 2291 63 29 an
951 2280 319 41 illustration.

320 2346 52 53 ©
404 2353 120 47 Aug.
555 2353 71 46 31,
657 2352 140 47 1931;
831 2351 68 43 2c.
932 2353 95 39 and
1060 2351 81 41 aff.
1176 2353 122 39 Mar.
1330 2351 69 49 24,
1433 2351 141 48 1932;
1609 2353 41 38 A
1680 2351 172 49 49289;
1888 2353 116 39 New
2038 2353 130 39 York
2200 2352 116 41 curb

386 2410 259 48 exchange,
674 2409 118 40 New
821 2409 144 40 York.
1038 2408 280 50 (32-14321)

316 2527 383 67 Oppenheim,
730 2528 254 54 Edward
1015 2527 266 67 Phillips,
1313 2533 172 51 1866-

383 2605 121 53 The
545 2605 292 55 Ostrekoff
873 2606 210 68 jewels,
1118 2606 78 67 by
1232 2606 68 52 E.
1338 2606 252 68 Phillips
1630 2606 378 68 Oppenheim.
2082 2608 234 68 Boston,

312 2682 196 68 Little,
539 2684 230 67 Brown,
800 2684 113 52 and
944 2701 298 50 company,
1275 2687 150 50 1932.

384 2769 649 50 3 p. l., [3]-329 p. 19½ᶜᵐ.
321 2837 53 51 ©
405 2841 126 39 June
559 2841 41 47 3,
629 2839 141 48 1932;
802 2841 65 40 2c.
901 2842 96 39 and
1027 2841 82 40 aff.
1141 2842 129 39 June
1298 2841 52 47 6;
1383 2842 41 38 A
1456 2842 170 47 52330;
1660 2844 51 37 E.
1745 2844 50 41 P.
1827 2843 310 48 Oppenheim,
388 2844 1913 101 Reepham,

544 2897 220 52 Norfolk,
794 2899 236 47 England.
1102 2898 280 50 (32-14438)

319 3016 517 65 O’Shaughnessy,
867 3018 139 52 Mrs.
1038 3017 183 54 Edith
1250 3017 215 55 Louise
1502 3018 250 67 (Coues)

384 3093 186 53 Marie
609 3093 299 69 Adelaide,
949 3096 184 66 grand
1173 3095 236 53 duchess
1449 3096 65 51 of
1551 3095 384 69 Luxemburg,
1976 3097 237 53 duchess
2252 3099 64 52 of

315 3170 1959 72 Nassau, by Edith O’Shaughnessy … London, J. Cape [1932]
386 3258 86 41 308
496 3269 42 37 p.
592 3260 27 38 2
645 3261 122 46 port.
796 3257 133 48 (incl.
954 3259 175 48 front.)
1164 3260 118 40 fold.
1308 3270 125 38 map.
1492 3260 147 41 20½ᶜᵐ.

386 3314 377 49 Bibliography:
795 3325 43 37 p.
867 3315 216 42 307-308.

324 3381 1991 55 © 1c. May 24, 1932; A ad int. 16443; pubd. Mar. 28; Jonathan Cape &
392 3443 181 39 Robert
604 3442 188 46 Ballou,
825 3442 105 48 inc.,
963 3441 118 41 New
1113 3442 142 40 York.
1327 3442 279 49 (32-14707)

322 3557 184 67 Osier,
535 3560 100 53 Sir
660 3559 274 65 William,
1000 3567 126 57 bart,
1155 3564 324 50 1849-1919.

389 3635 57 52 A
481 3654 127 49 way
645 3637 64 51 of
745 3636 122 67 life,
903 3636 76 67 by
1017 3636 259 53 William
1316 3635 192 69 Osier;
1549 3657 73 34 an
1661 3637 230 54 address
1933 3637 282 56 delivered
2254 3643 59 48 to

322 3710 144 53 Yale
490 3711 267 54 students.
822 3710 398 54 Introduction
1246 3712 75 68 by
1345 3712 157 54 John
1528 3713 297 52 Rathbone
1852 3711 213 56 Oliver.
320 3713 1967 143 Baltimore,

517 3786 1308 72 The Norman Remington company [ ᶜ1 932 ]
388 3872 58 39 48
485 3882 44 37 p.
566 3871 78 41 incl.
714 3871 164 49 front.,
917 3873 124 47 port.
1100 3871 117 42 15ᶜᵐ.

327 3940 51 51 ©
412 3945 114 47 Apr.
558 3946 42 47 4,
632 3944 113 41 1932;
808 3945 67 40 2c.
910 3946 95 38 and
1039 3943 80 42 aff.
1153 3945 114 47 Apr.
1303 3945 51 47 8;
1391 3946 41 38 A
1466 3945 169 48 50617;
1672 3947 216 40 Norman
1921 3946 289 47 Remington
2245 3956 65 31 co.

399 3997 67 53 [©
497 4001 344 49 introduction]
914 4001 279 49 (32-14460)
