2563 4368
1319 4068 136 56 1664

385 453 71 55 U.
486 453 58 54 S.
618 452 165 52 Laws
790 498 11 20 ,
830 456 257 52 statutes,
1118 470 98 34 etc.

455 529 217 54 United
726 528 187 55 States
965 528 169 57 Code,
1186 529 324 52 annotated.
1588 531 132 50 1932
1771 530 344 53 cumulative
2165 531 210 51 annual

385 607 1991 69 pocket parts for Constitution, pts. 1-3 … St. Paul, West
385 685 1822 69 publishing co.; Northport, Edward Thompson co. [ ᶜ1 932]
452 761 29 40 3
542 792 8 8 v.
607 760 56 40 23½ᶜᵐ.

456 815 293 43 Cover-title.

457 872 153 40 These
639 871 272 48 pamphlets
940 882 83 29 are
1054 873 48 38 to
1131 872 56 39 be
1215 870 139 41 fitted
1383 870 102 40 into
1514 870 81 40 the
1623 870 198 49 pockets
1850 872 54 39 at
1932 870 80 41 the
2042 870 147 42 backs
2219 872 51 40 of
2301 872 80 40 the

456 929 216 40 volumes
701 927 50 41 of
780 929 80 39 the
889 931 72 37 set
989 930 49 38 to
1066 926 156 41 which
1253 926 113 49 they
1392 926 186 48 belong.

390 982 52 52 ©
477 985 101 41 Oct.
612 985 68 46 10,
713 984 113 41 1932;
888 984 67 41 2c.
988 983 117 40 each
1140 984 95 39 and
1269 982 80 41 aff.
1383 983 118 39 Nov.
1536 983 54 38 14;
1653 983 40 39 A
1726 982 145 41 55936;
1933 983 133 40 West
2100 984 109 47 pub.
2244 995 66 29 co.
2346 988 37 41 &

458 1042 211 39 Edward
697 1041 272 48 Thompson
1000 1050 67 31 co.

386 1144 177 65 Wait,
589 1143 275 57 William.

455 1220 206 55 Wait’s
696 1221 248 68 practice
982 1226 57 47 at
1073 1223 127 65 law,
1237 1220 58 52 in
1333 1219 193 69 equity
1564 1220 112 52 and
1711 1220 61 52 in
1809 1220 317 68 particular
2164 1220 214 53 actions

389 1300 113 52 and
544 1300 371 67 proceedings
957 1301 61 50 in
1058 1300 77 52 all
1176 1300 95 52 the
1313 1304 189 48 courts
1543 1298 63 52 of
1647 1298 198 54 record
1886 1298 63 54 of
1989 1299 97 53 the
2127 1303 146 48 state
2314 1299 64 52 of

387 1378 139 53 New
557 1378 180 68 York,
766 1378 141 53 with
938 1378 372 68 appropriate
1339 1377 198 53 forms.
1612 1378 72 52 3d
1713 1378 104 67 ed.,
1847 1396 114 34 rev.
1994 1378 112 52 and
2136 1377 243 70 entirely

388 1456 293 54 rewritten
721 1462 59 47 to
821 1456 261 52 conform
1121 1456 139 53 with
1301 1457 96 52 the
1439 1455 152 55 Civil
1632 1456 249 68 practice
1922 1461 89 48 act
2053 1457 113 52 and
2206 1456 173 54 allied

385 1534 1997 70 statutes, by Oscar Leroy Warren … Supplemental volume
388 1614 95 53 for
511 1615 151 51 1932.
735 1614 140 52 New
903 1614 179 68 York,
1110 1614 206 66 Baker,
1343 1614 248 54 Voorhis
1617 1618 46 50 &
1688 1633 97 50 co.,
1814 1617 148 52 1932.

457 1687 433 49 xxxi, 844 p. 23 ᶜᵐ.
392 1741 52 54 ©
468 1746 117 40 Nov.
609 1745 68 47 28,
704 1744 113 41 1932;
869 1744 67 41 2c.
962 1745 95 40 and
1081 1743 80 41 aff.
1188 1744 118 40 Nov.
1331 1742 55 41 29;
1441 1743 42 40 A
1507 1743 143 42 58150;
1704 1743 73 41 W.
1802 1743 132 41 Wait
1961 1745 95 39 and
2083 1745 142 39 Isaac
2249 1744 54 40 V.
2330 1745 51 40 A.

459 1801 146 50 Wait,
637 1801 256 47 Peekskill,
924 1802 56 39 N.
1012 1801 53 38 Y.
1145 1796 52 52 [©
1230 1810 103 30 new
1364 1800 242 49 material]

388 1906 266 63 Weaver,
684 1905 226 64 George
937 1905 93 64 H.,
1058 1904 83 53 ed.

523 1980 1857 70 … General medicine, edited by George H. Weaver, M. D.,
390 2060 1990 69 Lawrason Brown, M. D., George R. Minot, M. D., S. D., William
392 2136 1988 71 B. Castle, M. D., William D. Stroud, M. D., Ralph C. Brown,
532 2215 1668 69 M. D. … Chicago, The Year book publishers, inc. [ ᶜ1 932 ]
461 2287 1924 51 837 p. illus., tables. 28½ ᶜᵐ. (The practical medicine series. Series
389 2346 138 47 1932)

395 2400 52 52 ©
482 2403 112 40 Dec.
629 2404 40 47 1,
705 2402 114 41 1932;
883 2402 66 40 2c.
987 2403 97 39 and
1118 2401 82 40 aff.
1236 2402 110 40 Dec.
1384 2401 25 40 5;
1474 2402 42 39 A
1551 2400 142 42 57312;
1759 2402 129 39 Year
1922 2401 122 40 book
2079 2401 176 50 pubrs.,
2293 2402 91 41 inc.

391 2520 216 67 White,
633 2521 256 53 Terence
917 2520 308 63 Hanbury.

461 2596 289 55 Darkness
785 2602 58 47 at
877 2594 345 69 Pemberley,
1258 2595 73 67 by
1363 2595 64 52 T.
1462 2595 76 53 H.
1576 2594 208 54 White.
1855 2595 256 61 London,
2144 2594 69 54 V.
390 2594 1970 147 Gollancz,

595 2672 121 68 ltd.,
746 2675 151 54 1932.

460 2743 779 50 286 p. incl. front., illus. 19 ᶜᵐ.
397 2801 1971 108 © 1c. Oct. 27, 1932; A ad int. 16973; pubd. Aug. 29; T. H. White, Burwash,
651 2861 191 46 Sussex,
881 2860 235 47 England.
1186 2858 278 49 (32-32263)

393 2960 237 67 Wilder,
658 2963 139 52 Mrs.
827 2961 214 54 Louise
1078 2962 250 64 (Beebe)
1368 2962 169 55 1878-

466 3039 122 53 The
620 3038 267 69 fragrant
918 3039 169 67 path;
1122 3058 30 33 a
1185 3038 147 53 book
1364 3038 169 53 about
1566 3043 169 48 sweet
1765 3039 225 52 scented
2023 3038 217 52 flowers
2273 3037 113 53 and

397 3117 200 66 leaves,
630 3116 76 68 by
740 3116 205 52 Louise
981 3116 181 52 Beebe
1196 3116 238 54 Wilder.
1506 3115 139 54 New
1682 3114 179 68 York,
1897 3116 121 52 The
2054 3114 332 54 Macmillan

395 3211 297 51 company,
722 3196 148 50 1932.

535 3298 8 16 xv,
570 3267 87 40 407
685 3278 42 37 p.
784 3267 87 40 col.
898 3267 149 41 front.
1102 3266 57 42 22½ᶜᵐ.

468 3322 348 48 Bibliography
833 3332 9 30 :
872 3333 43 37 p.
942 3322 216 41 377-378.

400 3375 52 52 ©
486 3379 127 47 Sept.
643 3378 69 47 27,
744 3377 113 41 1932;
917 3377 66 41 2c.
1016 3378 94 39 and
1142 3378 81 40 aff.
1259 3378 125 48 Sept.
1417 3379 55 39 28;
1531 3379 41 38 A
1605 3378 145 41 56100;
1810 3378 279 41 Macmillan
2121 3387 68 32 co.
477 3433 278 49 (32-25681)

395 3533 305 67 Williams,
728 3534 174 54 Anna
928 3536 274 63 Wessels,
1233 3541 171 50 1863-

468 3609 382 69 Streptococci
890 3611 60 52 in
990 3611 242 53 relation
1273 3617 58 47 to
1370 3630 133 34 man
1545 3612 60 52 in
1643 3612 195 53 health
1881 3612 114 53 and
2036 3611 230 68 disease,
2307 3611 70 70 by

396 3687 1985 68 Anna W. Williams … Baltimore, The Williams & Wilkins
396 3781 297 51 company,
726 3766 151 51 1932.

468 3835 910 51 xi, 260. [4] p. front., 7 pl. 23½ᶜᵐ.
465 3890 373 49 Bibliography:
872 3903 43 37 p.
947 3891 215 41 221-247.

401 3944 52 52 ©
484 3948 124 48 Sept.
636 3949 69 47 30,
734 3948 112 42 1932;
904 3950 67 41 2c.
999 3950 95 40 and
1122 3949 80 40 aff.
1234 3949 101 41 Oct.
1363 3949 55 40 22;
1476 3951 40 39 A
1544 3951 142 40 55643;
1745 3952 241 39 Williams
2015 3952 35 40 &
2080 3949 206 42 Wilkins
2316 3960 65 31 co.

478 4004 279 50 (32-30671)
