2563 4368
1378 3986 104 51 324

400 413 238 64 Carver,
667 410 261 54 Thomas
954 408 215 64 Nixon,
1202 413 171 50 1865-

470 502 321 66 Principles
821 500 62 53 of
913 501 158 51 rural
1097 499 327 53 economics.
1487 499 138 53 New
1654 497 84 53 ed.
1804 499 90 63 By
1924 496 248 53 Thomas
2201 493 192 55 Nixon

400 575 1986 70 Carver … Boston, New York [etc.] Ginn and company [ ᶜ1 932 ]
468 652 675 50 xxiv, 401 p. diagrs. 20 ᶜᵐ.
471 724 375 47 Bibliography:
881 734 41 36 p.
954 723 182 39 xi-xxi.

408 792 51 52 ©
492 796 110 40 Feb.
632 795 55 39 15,
731 794 113 40 1932;
903 793 66 41 2c.
1001 795 121 39 Mar.
1153 793 27 40 9;
1239 791 81 41 aff.
1353 793 119 38 Mar.
1506 792 26 39 7;
1592 791 40 38 A
1661 790 144 41 48865;
1866 790 52 39 T.
1949 790 55 39 N.
2074 798 157 37 Carver,

475 788 1906 112 Cambridge,
688 853 144 38 Mass.
905 850 250 48 (32-6638)

406 983 238 65 Carver,
672 981 254 56 William
956 982 197 65 Owen,
1184 986 171 51 1868-

470 1074 122 53 The
618 1091 194 36 course
838 1073 64 54 of
929 1072 297 57 Christian
1250 1073 262 53 missions;
1573 1092 32 34 a
1630 1071 223 65 history
1882 1071 113 53 and
2023 1088 72 35 an
400 1069 1976 150 interpretation,

628 1148 1768 71 by William Owen Carver … New York, Chicago [etc.]
400 1228 1141 69 Fleming H. Eevell company [ ᶜ1 932]
474 1301 277 54 520 p. 22 ᶜᵐ.
479 1372 419 49 “Bibliographies
925 1373 82 41 for
1036 1373 247 41 reference
1311 1373 96 39 and
1436 1372 196 41 further
1660 1370 174 49 study”
1852 1382 10 29 :
1892 1382 43 38 p.
1963 1369 219 42 313-316.

415 1442 51 52 ©
501 1446 109 40 Feb.
643 1446 69 46 27,
745 1446 112 40 1932;
919 1445 67 40 2c.
1020 1446 96 39 and
1149 1444 82 41 aff.
1266 1446 121 39 Mar.
1420 1445 26 38 4;
1510 1444 40 39 A
1582 1444 145 40 48772;
1791 1444 219 47 Fleming
2043 1443 60 39 H.
2139 1443 165 40 Revell
2339 1453 67 30 co.

492 1503 251 47 (32-6542)

414 1638 356 63 Courtenay,
799 1638 63 54 F.
894 1636 247 64 Dudley.

484 1728 272 55 Contract
797 1726 203 69 bridge
1041 1726 334 69 simplified;
1421 1728 95 51 the
1557 1725 198 55 official
1796 1732 208 62 system
2046 1724 64 54 of
2153 1730 254 51 contract

414 1804 1932 70 bridge, by Dudley Courtenay and Robert M. Brannon …
413 1884 137 52 New
590 1884 178 65 York,
805 1884 218 67 Bridge
1055 1884 423 67 headquarters,
1515 1882 105 54 inc.
1663 1885 192 65 [ᶜ1932]

485 1956 99 48 viii,
612 1958 57 39 47
699 1968 42 37 p.
803 1955 178 49 diagrs.
1042 1956 56 40 19½ᶜᵐ.

420 2024 51 52 ©
501 2030 121 38 Mar.
650 2029 39 42 5,
718 2028 139 46 1932;
888 2029 66 39 2c.
984 2030 93 38 and
1107 2027 81 40 aff.
1217 2028 121 39 Mar.
1367 2028 52 45 7;
1452 2027 37 38 A
1518 2027 169 45 48816;
1721 2025 176 49 Bridge
1926 2026 364 47 headquarters,
2322 2025 89 39 inc.

499 2084 249 48 (32-6778)

419 2201 258 66 Cowgill,
710 2204 197 51 Frank
942 2202 244 64 Brooks,
1222 2207 171 49 1856-

483 2291 54 54 A
564 2290 217 71 trilogy
808 2292 64 53 of
899 2293 242 53 Lincoln
1168 2312 175 48 verse,
1369 2294 76 67 by
1473 2293 198 53 Frank
1700 2296 66 50 B.
1798 2292 262 68 Cowgill.
2125 2291 286 66 Gardena,

414 2369 196 68 Calif.,
640 2371 159 52 Priv.
829 2371 195 67 print.,
1055 2374 152 49 1932.

488 2440 699 55 2 p. l. , [7]-27, [1] p. 22ᶜᵐ.
491 2512 230 41 “Printed
753 2514 60 47 by
845 2515 82 40 the
957 2515 117 46 boys
1106 2514 51 40 of
1188 2515 82 40 the
1304 2514 211 49 Spanish
1546 2514 255 41 American
1836 2513 226 42 institute
2094 2524 137 39 press
2261 2514 154 42 under

420 2571 82 40 the
534 2570 238 41 direction
806 2570 53 41 of
890 2571 146 41 Earle
1070 2569 49 43 C.
1153 2572 96 39 and
1284 2570 182 42 Melvin
1502 2571 45 40 S.
1581 2572 164 46 Wood,
1780 2571 50 39 in
1862 2581 28 30 a
1924 2571 189 41 limited
2146 2570 186 42 edition
2363 2571 53 42 of

421 2627 83 40 102
536 2627 262 41 numbered
829 2627 173 48 copies,
1035 2628 51 40 of
1116 2627 159 40 which
1306 2627 85 40 100
1422 2638 85 31 are
1536 2628 336 48 autographed
1904 2629 61 47 by
1996 2629 82 40 the
2108 2629 180 40 author
2318 2628 98 41 and

421 2685 52 39 of
496 2683 160 42 which
683 2684 99 41 this
809 2685 41 40 is
875 2694 119 39 copy
1020 2695 75 30 no.
1122 2683 127 40 102.”
1310 2683 177 50 Signed
1513 2686 61 46 by
1600 2686 83 39 the
1709 2686 192 39 author.

429 2751 51 52 ©
509 2757 121 39 Mar.
659 2757 40 46 3,
728 2755 140 46 1932;
899 2756 66 39 2c.
996 2756 121 38 Mar.
1147 2753 52 47 9;
1231 2754 80 41 aff.
1343 2756 122 39 Mar.
1495 2755 51 46 8;
1578 2754 41 39 A
1647 2754 170 48 49018;
1851 2755 50 41 F.
1933 2756 54 40 B.
2019 2754 213 48 Cowgill,
495 2755 1906 105 Huntington
699 2813 144 46 Park,
881 2812 143 40 Calif.
1096 2811 248 47 (32-6553)

426 2929 202 65 Davis,
659 2930 301 64 Franklyn
987 2928 220 66 Pierre,
1236 2930 85 52 ed.

427 3018 1965 132 Davis’ anthology of newspaper verse for 1931 … 13th annual
595 3097 1821 71 edition … Edited by Franklyn Pierre Davis … Enid,
430 3175 150 68 Okl.,
607 3177 198 52 Frank
833 3181 65 50 P.
928 3177 198 67 Davis,
1155 3181 151 52 1932.

500 3250 469 48 129 p. illus. 20 ᶜᵐ.
435 3316 51 52 ©
517 3322 119 39 Mar.
666 3321 68 46 22,
763 3320 140 48 1932;
934 3322 67 42 2c.
1032 3323 120 39 Mar.
1182 3322 81 42 26;
1296 3323 82 40 aff.
1407 3323 112 48 Apr.
1549 3325 52 45 7;
1633 3323 38 39 A
1700 3323 170 43 49486;
1905 3324 49 40 F.
1985 3325 47 38 P.
2066 3323 164 41 Davis.

431 3436 286 69 Dietrich,
747 3441 156 53 John
933 3441 264 64 Hassler,
1231 3443 171 53 1878-

501 3529 122 52 The
663 3529 292 54 humanist
996 3531 209 67 pulpit,
1248 3551 31 33 a
1324 3534 221 52 volume
1589 3533 63 52 of
1695 3533 291 53 addresses
2028 3532 75 69 by
2143 3533 156 54 John
2343 3532 79 53 H.

431 3605 1982 76 Dietrich … Minneapolis, The First Unitarian society [ᶜ1931]
503 3680 217 39 5 v. 19 ᶜᵐ.
505 3749 209 41 Subtitle
743 3752 176 43 varies.

438 3813 51 52 ©
525 3819 101 41 Oct.
661 3820 68 46 15,
763 3821 140 48 1931;
939 3824 65 39 2c.
1041 3824 118 40 each
1192 3824 109 40 Dec.
1337 3824 82 48 28;
1457 3825 80 41 aff.
1574 3826 110 40 Feb.
1719 3826 68 48 15,
1822 3824 142 49 1932;
2001 3826 41 39 A
2075 3825 171 47 48497;
2283 3826 43 40 J.
2362 3825 62 40 H.

507 3875 234 50 Dietrich,
774 3878 333 50 Minneapolis.
1179 3881 249 47 (32-6687)
