2563 4368
1294 4060 134 51 1914

441 517 649 50 2 p. l. , 7-296, [1] p. 19 ᶜᵐ.
442 574 63 40 At
528 569 128 45 head
682 575 52 39 of
760 574 107 40 title:
926 575 145 40 Clara
1142 575 138 48 Viebig.

374 629 1994 52 © Sept. 20, 1932; 1c . Nov. 25; A—Foreign 18665; Deutsche verlags-
442 691 198 38 anstalt.
713 689 250 48 (33-1878)

374 790 281 56 Colorado
683 808 171 47 press
878 793 376 62 association,
1285 792 110 55 inc.

440 868 121 53 The
586 867 355 68 publication
966 869 136 52 laws
1130 868 63 54 of
1219 868 94 53 the
1341 871 143 51 state
1510 868 63 53 of
1602 869 281 55 Colorado;
1941 888 31 33 a
1999 867 370 69 compilation

370 945 65 52 of
466 945 95 53 the
598 945 352 67 publication
985 947 136 52 laws
1156 946 63 53 of
1255 947 300 67 Colorado,
1589 945 140 54 with
1763 954 160 46 court
1957 944 282 69 citations,
2275 944 94 54 for

371 1023 93 54 the
503 1041 95 35 use
634 1022 64 53 of
733 1023 95 53 the
865 1023 350 67 professions
1253 1023 63 52 of
1352 1023 338 68 journalism
1728 1025 112 52 and
1877 1025 124 50 law.
2082 1023 287 67 [Boulder,

373 1100 137 67 Col.]
548 1101 121 52 The
701 1100 282 54 Colorado
1015 1119 154 49 press
1202 1100 355 68 association,
1587 1101 125 67 inc.,
1745 1104 150 49 1932.

441 1174 478 48 4 p. l. , 277 p. 23½ᶜᵐ.
444 1227 1924 50 “Part II . A digest of Colorado decisions on the preceding sections in
372 1289 112 46 part
531 1286 38 49 I”,
597 1287 60 47 by
682 1286 248 40 Abraham
955 1287 55 40 A.
1038 1286 274 41 Goldstone.

443 1342 202 42 Preface
682 1342 167 48 signed:
916 1343 99 40 The
1053 1342 236 41 Colorado
1325 1353 136 37 press
1497 1341 308 50 association,
1841 1342 104 47 inc.,
1981 1342 61 47 by:
2107 1341 173 39 Edwin
2313 1342 54 39 A.

373 1399 176 49 Bemis,
579 1399 114 40 field
721 1408 246 38 manager.

376 1453 51 51 ©
456 1456 101 41 Oct.
587 1459 39 44 6,
655 1456 113 40 1932;
826 1456 67 40 2c.
923 1455 101 40 Oct.
1055 1456 81 45 14;
1169 1455 80 39 aff.
1281 1454 101 41 Oct.
1412 1456 81 45 13;
1523 1455 42 38 A
1593 1454 169 48 56526;
1797 1455 235 40 Colorado
2062 1464 135 39 press
2226 1462 142 42 assn.,

444 1512 90 39 inc.
608 1512 220 48 (33-721)

374 1616 325 65 Crowther,
728 1616 204 53 James
960 1616 231 54 Gerald.

443 1692 119 53 The
594 1692 57 52 A
683 1693 49 51 B
771 1691 45 55 C
850 1691 64 54 of
949 1692 323 69 chemistry,
1307 1692 74 68 by
1416 1692 55 54 J.
1509 1690 69 56 G.
1616 1690 313 56 Crowther.
1999 1692 258 66 London,
2293 1691 75 54 K.

373 1770 165 67 Paul,
565 1770 241 67 Trench,
833 1770 261 52 Trubner
1121 1769 44 50 &
1190 1788 98 48 co.,
1313 1770 123 66 ltd.,
1465 1771 150 50 1932.

441 1841 781 49 xi, 248 p. illus., diagrs. 19 ᶜᵐ.
444 1898 187 40 “Books
659 1897 173 51 chiefly
863 1897 278 41 consulted”:
1202 1908 44 37 p.
1276 1896 217 42 239-240.

377 1953 1989 51 © 1c. Dec. 17, 1932; A ad int. 17254: pubd. Oct. 20; J. G. Crowther,
445 2013 210 39 London.
728 2012 249 48 (33-1939)

378 2113 359 67 [Dickinson,
765 2117 138 51 Mrs.
933 2115 169 53 Anne
1130 2115 224 64 Hepple
1392 2114 271 67 (Batty)]
1700 2116 169 53 1877-

373 2190 1969 141 The runaway family, by Anne Hepple [pseud.] … London,
530 2267 366 53 Hutchinson
925 2269 46 51 &
999 2286 98 49 co.,
1123 2268 102 52 ltd.
1261 2269 173 66 [1932]

440 2339 86 42 288
556 2350 43 37 p.
661 2339 55 41 19½ᶜᵐ.

377 2394 1990 52 © 1c. Dec. 12, 1932; A ad int. 17266; pubd. Oct. 12; A. H. Dickinson,
444 2455 211 39 London.
727 2454 249 48 (33-1851)

372 2541 263 67 Dorling,
666 2545 207 62 Henry
898 2544 249 65 Taprell,
1180 2550 171 49 1883-

442 2619 120 54 The
593 2621 207 52 scarlet
827 2620 196 68 stripe,
1052 2621 172 68 being
1252 2620 95 54 the
1380 2620 338 54 adventures
1749 2619 65 54 of
1843 2641 32 34 a
1904 2621 171 52 naval
2105 2637 260 52 surgeon,

372 2696 75 68 by
483 2696 245 53 Taffrail
775 2696 280 70 (Captain
1093 2698 234 68 Taprell
1365 2698 251 69 Dorling
1727 2696 19 70 …)
1828 2697 258 67 London,
2124 2697 241 53 Hodder

372 2775 113 52 and
517 2773 343 70 Stoughton,
887 2774 241 69 limited,
1159 2778 148 50 1932.

442 2846 659 49 4 p. l. , 310 p. illus. 19 ᶜᵐ.
377 2900 1987 53 © 1c. Dec. 23, 1932; A ad int. 17282; pubd. Oct. 27; Taprell Dorling.
444 2961 218 47 Woking,
692 2963 235 46 England.
998 2962 249 47 (33-1733)

373 3049 363 66 Droonberg,
767 3051 171 65 Emil,
971 3056 169 49 1864-

442 3123 284 71 Gangster
764 3130 118 51 und
921 3128 311 69 racketeer;
1273 3128 581 69 zeitgeschichtlicher
1891 3147 197 35 roman
2128 3149 97 33 aus
2263 3130 99 52 der

371 3203 485 55 amerikanischen
889 3207 315 68 unterweit,
1238 3226 110 34 von
1384 3206 155 54 Emil
1573 3208 352 67 Droonberg.
2001 3206 361 67 Reutlingen,

372 3280 789 72 Ensslin & Laiblin [ ᶜ1 932]
442 3353 85 41 352
561 3364 43 38 p.
664 3353 56 41 19½ᶜᵐ.

444 3410 307 47 “Erklärung
783 3422 91 28 von
904 3411 177 40 fremd-
1113 3414 97 39 und
1241 3412 452 41 fachausdrücken”:
1757 3424 43 36 p.
1833 3411 216 41 349-352.

376 3465 51 51 ©
465 3469 127 47 Sept.
626 3469 68 45 15,
729 3467 139 47 1932;
904 3469 67 40 2c.
1006 3470 117 38 Nov.
1160 3470 80 45 11;
1277 3470 309 47 A—Foreign
1622 3469 169 47 18565;
1830 3469 194 39 Ensslin
2060 3469 36 40 &
2132 3467 231 41 Laiblin’s

474 3525 550 47 verlagsbuchhandlung.
1095 3525 248 47 (33-1879)

372 3614 321 64 Edgerton,
722 3614 304 55 Jedediah.

443 3689 1913 70 Spiritual truths, by Rev. Jedediah Edgerton … foreword
369 3766 74 68 by
489 3767 191 67 Roger
721 3768 89 53 W.
859 3768 243 52 Babson.
1185 3767 163 55 Good
1395 3769 160 52 cheer
1600 3768 325 53 broadcasts
1973 3787 132 34 over
2150 3768 210 54 station

366 3842 249 68 WBSO,
652 3844 227 53 Babson
915 3844 172 67 Park,
1121 3846 170 51 Mass.
1369 3842 360 70 Cambridge,
1764 3845 190 67 Mass.,
1989 3845 122 54 The
2146 3844 214 54 Powell

367 3920 334 67 publishing
729 3939 296 51 company,
1057 3924 148 51 1932.

438 3991 273 52 215 p. 19 ᶜᵐ.
