2563 4368
1256 4059 135 50 1420

324 454 242 66 Piersol,
596 454 230 63 George
851 453 252 63 Arthur,
1135 455 324 52 1856-1924.

393 530 268 55 Piersol’s
704 528 238 55 Normal
986 527 308 70 histology,
1340 527 140 53 with
1526 525 212 71 special
1784 524 286 55 reference
2117 532 58 48 to
2221 526 97 54 the

323 613 282 50 structure
634 607 63 54 of
725 608 96 53 the
848 607 215 52 human
1092 605 167 70 body.
1329 605 131 53 15th
1491 606 104 68 ed.,
1625 603 189 55 edited
1843 604 77 70 by
1947 603 262 56 William
2238 603 80 55 H.

326 681 1991 68 F. Addison … 435 illustrations, 43 of which are in color.
325 758 1926 73 Philadelphia and London, J. B. Lippincott company [ ᶜ193 2 ]
430 882 10 16 x,
471 849 86 42 478
587 860 44 38 p.
691 848 86 41 col.
808 847 164 48 front.,
1003 846 128 41 illus.
1161 846 135 48 (part
1327 843 113 50 col.)
1480 845 157 48 plates
1680 845 135 48 (part
1848 843 112 49 col.)
2030 844 146 41 23½ᶜᵐ.

394 906 247 42 “Selected
669 903 300 44 references”:
1024 913 42 38 p.
1092 901 205 42 463-468;
1355 901 320 42 “References
1701 912 60 29 on
1787 900 256 49 histologic
2071 900 217 42 technic”:

325 973 43 39 p.
395 961 101 44 468.

331 1031 52 52 ©
413 1034 126 48 Sept.
566 1035 68 45 14,
662 1032 113 41 1932;
830 1031 68 42 2c.
925 1033 95 38 and
1047 1030 80 40 aff.
1158 1030 126 48 Sept.
1311 1029 56 40 24;
1422 1030 41 39 A
1489 1029 142 41 55241;
1689 1030 43 40 J.
1760 1030 53 39 B.
1842 1028 278 50 Lippincott
2146 1040 66 30 co.

407 1089 278 49 (32-24658)

326 1200 161 65 Pike,
515 1201 207 62 Henry
746 1199 115 53 Lee
887 1197 283 65 Mitchell,
1201 1202 170 50 1865-

400 1277 124 56 Our
545 1277 151 53 little
718 1277 256 52 Panama
998 1274 210 54 cousin.
1270 1274 138 53 New
1434 1292 112 35 rev.
1574 1275 83 52 ed.
1720 1274 90 68 By
1835 1274 77 52 H.
1939 1273 110 54 Lee
2073 1272 79 55 M.
2180 1272 143 55 Pike

391 1350 1929 71 … and Leo Rudolph Etzkorn; illustrated by L. J. Bridgman.
329 1434 233 66 Boston,
587 1432 65 52 L.
682 1431 61 55 C.
773 1432 159 67 Page
957 1432 46 51 &
1030 1448 280 50 company
1344 1431 173 66 [1932]

397 1515 1191 53 vii p., 2 l., 135 p. col. front., plates. 19½ ᶜᵐ .
333 1586 52 52 ©
416 1590 128 47 Sept.
574 1589 38 46 6,
643 1586 113 41 1932;
815 1587 67 39 2c.
915 1586 128 49 Sept.
1072 1586 56 41 28;
1188 1585 82 41 aff.
1303 1586 127 47 Sept.
1461 1585 56 41 27;
1575 1586 41 39 A
1646 1587 143 40 55283;
1850 1587 51 40 L.
1933 1587 50 41 C.
2014 1588 127 46 Page
2173 1592 37 40 &
2240 1596 81 41 co.,

397 1646 90 39 inc.
558 1642 281 51 (32-24680)

328 1748 176 65 Reed,
528 1746 256 56 William
810 1746 289 65 Maxwell,
1130 1747 171 55 1871-

396 1821 1924 73 And that’s why … by W. Maxwell Reed; edited by F. C.
330 1899 1992 71 Brown … with illustrations by Karl Moseley. New York,
329 1978 1185 69 Harcourt, Brace and company [ ᶜ193 2]
398 2062 1149 52 5 p. l., 3-104 p. incl. plates. front. 19½ ᶜᵐ .
397 2123 127 40 Title
552 2122 215 47 vignette
794 2122 96 39 and
918 2119 255 50 tail-piece.

334 2191 52 51 ©
414 2195 120 44 Aug.
563 2194 68 46 11,
662 2192 139 47 1932;
832 2192 66 40 2c.
930 2193 95 39 and
1054 2191 80 39 aff.
1165 2193 120 46 Aug.
1314 2192 81 46 13;
1427 2192 39 38 A
1497 2192 170 47 54415;
1699 2194 260 44 Harcourt,
1991 2195 157 37 Brace
2173 2194 37 39 &
2240 2205 82 36 co·,

399 2250 91 40 inc.
561 2247 279 51 (32-24656)

328 2352 183 64 Rhea,
551 2351 240 56 Robert.

399 2428 123 53 The
547 2427 146 53 Dow
719 2427 202 69 theory;
983 2445 73 34 an
1083 2426 370 68 explanation
1484 2426 64 54 of
1577 2427 76 53 its
1680 2427 396 69 development
2104 2429 113 56 and
2248 2447 73 36 an

331 2510 244 64 attempt
610 2509 58 49 to
708 2504 183 54 define
924 2504 76 54 its
1036 2503 319 54 usefulness
1394 2522 61 36 as
1492 2522 73 35 an
1605 2505 95 53 aid
1739 2505 62 53 in
1838 2506 370 68 speculation,
2245 2506 77 70 by

330 2581 1326 68 Robert Rhea. New York, Barron’s [ ᶜ193 2]
399 2666 700 50 xi, 252 p. diagrs. 23½ ᶜᵐ .
401 2725 127 41 “The
565 2724 122 40 Dow
721 2725 172 47 theory
930 2723 42 41 is
1008 2723 51 40 in
1096 2722 143 42 effect
1276 2724 81 41 the
1395 2723 250 42 combined
1682 2724 191 41 market
1909 2724 200 41 wisdom
2150 2725 54 41 of
2238 2726 83 42 the

330 2783 98 39 late
456 2779 202 42 Charles
685 2779 62 42 H.
775 2780 120 40 Dow
923 2781 96 39 and
1046 2779 215 41 William
1289 2779 145 42 Peter
1460 2779 632 43 Hamilton.”—Foreword.

403 2837 161 41 “First
591 2835 227 42 edition.”

404 2893 128 41 “The
565 2892 252 41 editorials
850 2891 54 41 of
935 2891 214 41 William
1182 2891 144 42 Peter
1356 2891 310 41 Hamilton”;
1703 2902 45 38 p.
1798 2891 234 52 [113]-252.

336 2960 52 52 ©
421 2965 127 47 Sept.
577 2965 39 46 1,
646 2963 140 47 1932;
817 2962 67 41 2c.
917 2963 126 47 Sept.
1073 2963 52 47 3;
1159 2963 81 41 aff.
1273 2963 126 49 Sept.
1429 2964 82 44 17;
1544 2963 41 39 A
1614 2962 169 50 54905;
1818 2965 55 39 R.
1905 2965 149 48 Rhea,
2086 2963 236 42 Colorado

407 3019 212 49 Springs,
653 3019 97 41 Col.
821 3018 278 48 (32-24508)

331 3122 256 65 Rhoads,
622 3122 289 64 Dorothy.

404 3198 121 53 The
577 3198 196 68 bright
826 3197 224 54 feather
1103 3199 114 52 and
1271 3199 161 53 other
1485 3199 174 68 Maya
1715 3201 157 66 tales,
1926 3198 76 70 by
2054 3199 263 69 Dorothy

335 3275 260 68 Rhoads;
634 3275 323 53 illustrated
991 3275 76 68 by
1102 3276 214 52 Lowell
1351 3277 241 53 Houser.
1667 3276 232 55 Garden
1936 3276 152 69 City,
2124 3277 69 54 N.
2232 3277 91 68 Y.,

335 3352 355 68 Doubleday,
715 3352 199 53 Doran
940 3353 113 52 and
1080 3371 297 50 company,
1403 3353 126 68 inc.,
1558 3356 150 50 1932.

406 3437 1241 49 xv, 196 p. incl. illus., plates, col. front. 21 ᶜᵐ .
404 3494 161 41 “First
595 3493 224 41 edition.”

339 3559 50 51 ©
417 3564 126 47 Sept.
566 3562 70 49 21,
660 3562 112 41 1932;
825 3563 67 40 2c.
918 3564 94 38 and
1036 3562 80 40 aff.
1144 3563 126 47 Sept.
1295 3563 56 40 27;
1403 3563 41 39 A
1467 3563 143 40 55259;
1664 3565 56 37 D.
1746 3564 210 49 Rhoads,
1982 3565 133 40 Rock
2139 3565 181 49 Island,

404 3619 75 39 Ill.
549 3618 278 48 (32-24546)

333 3717 202 54 Rhode
576 3720 196 53 Island
815 3720 112 51 and
967 3718 261 56 Atlantic
1267 3720 201 69 digest.
1546 3719 345 69 September,
1934 3726 152 64 1932,
402 3740 1890 108 cumulative

607 3796 1634 71 pamphlet … St. Paul, West publishing co. [ ᶜ193 2]
401 3883 360 47 357 p. 25½ ᶜᵐ .
340 3946 52 52 ©
421 3952 126 47 Sept.
572 3951 69 48 29,
668 3951 113 41 1932;
836 3952 67 40 2c.
930 3954 95 39 and
1052 3952 81 41 aff.
1162 3953 101 40 Oct.
1291 3954 57 40 10;
1400 3955 42 38 A
1467 3954 141 41 56321;
1664 3956 133 40 West
1824 3955 108 48 pub.
1961 3966 68 31 co.
