2563 4368
1317 4082 133 50 1636

359 547 305 54 Wormser.
727 547 72 52 3d
826 547 104 66 ed.,
957 547 75 67 by
1058 547 47 51 I.
1135 545 255 54 Maurice
1418 546 306 53 Wormser.
1788 544 416 67 Indianapolis,
2233 545 120 52 The

362 624 988 67 Bobbs-Merrill company [ ᶜ1 932]
435 709 599 49 xxxiii, 1132 p. 26 ½ᶜᵐ .
371 778 51 51 ©
453 782 103 40 Oct.
582 782 40 47 3,
653 780 139 47 1932;
823 781 66 40 2c.
920 782 94 38 and
1044 779 81 40 aff.
1157 779 101 40 Oct.
1289 780 54 39 17;
1401 780 41 38 A
1471 779 168 47 56518;
1673 778 369 41 Bobbs-Merrill
2071 788 68 31 co.

449 838 278 47 (32-31031)

367 950 282 62 Castang,
687 947 187 54 Viola.

436 1025 84 53 At
545 1025 114 53 last
686 1044 31 34 a
747 1026 131 67 god,
904 1025 75 67 by
1009 1024 168 54 Viola
1211 1024 269 67 Castang.
1553 1024 239 53 London
1830 1029 137 62 [de.]
2005 1022 211 56 Cassell
2250 1023 109 53 and

365 1120 297 51 company,
690 1103 102 53 ltd.
828 1105 154 65 [1932]

436 1188 359 49 304 p. 19 ½ᶜᵐ .
375 1256 1843 51 © 1c. Oct. 18, 1932; A ad int. 10932; pubd. Aug. 25; V. Castang,
444 1259 1903 96 Gerrards
614 1316 156 42 Cross.
801 1316 174 46 Bucks,
1006 1316 235 47 England.
1312 1316 280 49 (32-31726)

373 1426 185 65 Child,
593 1427 262 56 Francis.

441 1503 120 53 The
606 1505 111 51 law
764 1503 63 53 of
875 1504 226 53 divorce
1148 1504 59 52 in
1253 1505 138 52 New
1438 1504 218 68 Jersey,
1705 1504 138 52 with
1892 1503 310 67 procedure
2251 1500 113 54 and

372 1578 1992 71 forms, by Francis Child … 2d printing, 1932. Newark, N. J.,
373 1657 148 54 Soney
587 1661 45 50 &
661 1658 148 67 Sage
838 1677 97 48 co.,
965 1662 150 50 1932.

444 1743 533 50 3 p. l., 724 p. 24ᶜᵐ.
381 1813 51 51 ©
463 1817 101 40 Oct.
592 1816 69 43 24.
690 1815 140 43 1932;
860 1816 67 40 2c.
957 1818 94 38 and
1081 1816 79 39 aff.
1192 1816 100 40 Oct.
1323 1816 81 47 29;
1436 1817 40 38 A
1505 1817 170 46 55742;
1708 1816 155 47 Soney
1892 1817 36 40 &
1960 1817 123 47 Sage
2109 1827 67 30 co.

459 1872 278 46 (32-31033)

378 1974 193 65 Clark,
601 1975 153 54 John
785 1976 239 64 Roscoe,
1059 1976 167 54 1887-

448 2050 1920 69 Modern solid geometry, by John R. Clark … and Arthur S.
381 2127 1829 68 Otis … Rev. and enl. ed. Yonkers-on-Hudson, N. Y. and
380 2127 1967 145 Chicago, Ill., World book company [ ᶜ1 932 ]
520 2321 8 16 xx,
564 2289 203 41 323-494
803 2301 44 37 p.
909 2290 142 48 illus.,
1090 2290 179 49 diagrs.
1333 2291 144 41 19½ᶜᵐ.

387 2360 51 51 ©
467 2364 101 40 Oct.
596 2366 39 46 3,
663 2363 112 40 1932;
832 2363 66 41 2c.
927 2364 102 40 Oct.
1057 2364 81 48 20;
1169 2364 82 41 aff.
1281 2364 103 41 Oct.
1412 2364 82 47 19;
1525 2366 39 38 A
1593 2365 170 46 56600;
1794 2365 167 41 World
1989 2366 123 40 book
2141 2377 65 28 co.

464 2421 277 47 (32-31131)

385 2524 131 64 Coe,
546 2524 226 64 George
801 2525 229 64 Albert,
1061 2530 169 50 1862-

453 2600 328 68 Educating
815 2601 91 53 for
946 2600 361 69 citizenship;
1344 2601 94 52 the
1475 2601 289 68 sovereign
1801 2606 144 49 state
1980 2620 59 33 as
2074 2601 150 51 ruler
2262 2601 112 54 and

385 2695 60 35 as
476 2678 238 68 teacher,
746 2678 74 68 by
854 2677 217 69 George
1105 2679 67 50 A.
1211 2678 126 54 Coe.
1407 2678 135 52 New
1579 2678 177 67 York,
1791 2678 59 54 C.
1890 2676 308 55 Scribner’s
2233 2695 141 50 sons,

390 2758 145 48 1932.

454 2825 697 49 xvi p., 1 l., 205 p. 19½ᶜᵐ.
391 2896 51 51 ©
484 2900 126 48 Sept.
648 2901 67 42 16,
754 2899 140 48 1932;
933 2900 67 40 2c.
1038 2904 94 37 and
1172 2899 69 41 affs
1295 2900 126 47 Sept.
1460 2900 57 39 19;
1581 2901 40 38 A
1660 2899 141 40 54911;
1871 2901 200 40 Charles
2112 2899 263 40 Scribner’s

459 2967 123 29 sons.
654 2955 277 48 (32-31124)

390 3058 399 54 Connecticut.
863 3061 276 65 Supreme
1172 3066 159 46 court
1361 3061 63 67 of
1454 3078 199 34 errors.

461 3135 1910 70 Cases argued and determined … April-November, 1931.
389 3233 50 32 V.
486 3218 115 48 113.
676 3215 48 50 By
808 3215 253 52 Richard
1106 3217 76 51 H.
1227 3216 266 68 Phillips.
1568 3216 310 67 Hartford,
1922 3215 313 54 Published
2279 3214 93 52 for

390 3294 94 51 the
515 3298 143 48 state
689 3293 62 52 of
783 3292 386 57 Connecticut,
1198 3295 74 65 by
1300 3296 67 51 E.
1399 3296 66 51 E.
1496 3294 210 52 Dissell
1734 3299 44 49 &
1808 3314 96 45 co.,
1937 3298 148 48 1932.

458 3381 95 45 xiv,
585 3380 84 40 864
698 3391 42 36 p.
799 3380 145 40 23½ᶜᵐ.

397 3446 50 52 ©
483 3451 111 47 Apr.
630 3450 68 46 22,
735 3450 138 47 1932;
911 3450 64 40 2c.
1014 3452 93 38 and
1144 3451 80 40 aff.
1260 3451 118 40 Nov.
1413 3451 83 47 21;
1534 3452 40 38 A
1610 3450 168 47 57322;
1817 3450 214 40 William
2068 3450 49 38 L.
2156 3448 219 49 Higgins,

464 3510 244 43 secretary
735 3506 52 40 of
812 3507 80 39 the
920 3509 125 37 state
1073 3507 51 39 of
1150 3507 325 44 Connecticut,
1504 3507 257 40 Hartford.

393 3607 206 65 Crane,
629 3609 225 64 George
882 3608 410 65 Washington,
1327 3617 159 47 1901-

460 3684 1916 70 Psychology applied [by] George W. Crane … Chicago, Ill.,
392 3760 426 54 Northwestern
848 3762 316 68 university
1194 3781 172 50 press,
1401 3767 150 50 1932.

462 3832 83 49 xii,
578 3832 204 50 [13]-586
807 3845 44 36 p.
910 3834 141 48 illus.,
1081 3835 178 48 diagrs.
1320 3835 117 40 21ᶜᵐ.

465 3889 346 41 “References”
839 3893 51 38 at
918 3891 91 41 end
1038 3891 52 41 of
1119 3892 118 40 each
1265 3892 212 48 chapter.

399 3957 51 51 ©
483 3961 100 40 Oct.
616 3961 68 47 12,
716 3961 113 41 1932;
889 3962 68 41 2c.
989 3965 93 38 and
1116 3963 81 40 aff.
1232 3963 100 41 Oct.
1365 3963 81 47 24;
1481 3964 42 38 A
1554 3963 170 47 56646;
1760 3963 53 40 G.
1847 3964 71 39 W.
1953 3962 168 47 Crane,
2157 3959 221 50 Chicago.

476 4016 278 52 (32-31010)
