2563 4368
1289 4051 135 51 1500

425 521 140 48 Maps
598 529 60 30 on
693 518 363 48 lining-papers.

361 589 52 52 ©
443 593 102 41 Oct.
574 593 39 46 3,
644 591 139 46 1932;
814 591 67 40 2c.
910 591 97 39 and
1068 588 50 40 aff.
1149 588 101 41 Oct.
1282 588 51 46 5;
1366 586 40 39 A
1435 585 170 48 55523;
1638 584 50 41 C.
1720 584 45 40 S.
1798 583 141 47 Coon,
1971 583 201 46 Waban,
2205 583 147 39 Mass.

438 648 280 50 (32-28986)

359 752 226 65 Corley,
613 749 244 56 Harriet
884 748 231 56 Works.

429 829 115 52 For
570 826 125 56 love
723 845 63 34 or
814 843 218 50 money,
1061 824 74 68 by
1163 821 75 52 H.
1268 820 88 54 W.
1390 819 219 70 Corley.
1673 818 136 54 New
1844 816 178 69 York,
2052 815 229 55 Grosset
2308 817 46 51 &

360 903 461 69 Dunlap [ ᶜ1 932 ]
427 972 478 51 3 p. l. , 271 p. 19½ ᶜᵐ.
363 1046 52 52 ©
444 1049 102 41 Oct.
573 1049 38 47 3,
641 1048 113 40 1932;
811 1048 65 40 2c.
906 1047 93 39 and
1030 1044 80 42 aff.
1141 1045 101 40 Oct.
1271 1045 26 39 5;
1354 1044 41 39 A
1422 1041 143 43 56222;
1625 1042 199 40 Grosset
1853 1042 37 40 &
1917 1040 208 49 Dunlap,
2154 1039 92 40 inc.

441 1105 279 50 (32-28826)

361 1208 318 68 Dahlberg,
710 1210 273 63 Edward,
1016 1212 171 51 1900-

492 1277 1865 76 … From Flushing to Calvary. New York, Harcourt, Brace
361 1363 624 70 and company [ ᶜ1 932]
431 1433 499 51 5 p. l. , 3-293 p. 20½ ᶜᵐ.
432 1492 162 41 “First
623 1490 228 43 edition.”

367 1555 51 52 ©
450 1559 101 41 Oct.
583 1558 39 44 6,
653 1557 112 41 1932;
825 1556 67 40 2c.
924 1557 94 39 and
1050 1553 81 43 aff.
1166 1554 102 40 Oct.
1299 1553 53 40 12;
1414 1553 40 40 A
1485 1551 144 43 56427;
1691 1553 51 38 E.
1776 1550 258 49 Dahlberg,
2069 1547 291 50 Carmel-by-

433 1614 210 49 the-Sea,
674 1614 144 41 Calif.
889 1610 277 51 (32-28968)

363 1718 86 54 De
477 1717 170 66 Voto,
675 1718 266 52 Bernard
970 1714 356 66 Augustine,
1358 1715 171 54 1897-

433 1794 170 53 Mark
631 1792 246 54 Twain’s
905 1790 280 70 America,
1213 1792 75 67 by
1318 1788 260 54 Bernard
1607 1788 86 54 De
1723 1787 178 67 Voto;
1931 1785 324 54 illustrated
2283 1784 74 68 by

365 1871 78 52 M.
471 1871 55 54 J.
555 1868 326 71 Gallagher.
942 1869 232 66 Boston,
1198 1867 194 68 Little,
1418 1867 228 67 Brown,
1675 1863 112 55 and
1813 1881 295 51 company,
2136 1865 151 50 1932.

432 1938 859 53 xvi p., 2 l., [3]-353 p. illus. 24½ ᶜᵐ.
434 1996 348 50 Bibliography:
844 2008 43 37 p.
926 1995 233 52 [323]-334;
1226 1995 322 48 “Newspaper
1582 1996 174 38 humor
1788 1994 52 41 of
1875 1994 81 42 the
1992 1993 364 42 Southwestern

365 2053 235 42 frontier”:
658 2065 42 37 p.
731 2051 248 52 [335]-339.

369 2110 52 52 ©
453 2114 127 48 Sept.
609 2112 26 41 9,
679 2113 139 46 1932;
850 2113 66 39 2c.
948 2114 95 37 and
1072 2110 81 41 aff.
1187 2112 126 46 Sept.
1344 2112 54 38 13;
1457 2111 39 37 A
1526 2109 168 47 55082;
1730 2111 53 38 B.
1814 2108 211 50 DeVoto,
2058 2107 299 47 Cambridge,

437 2172 146 39 Mass.
653 2169 279 49 (32-26989)

366 2272 270 66 Disraeli,
670 2273 186 64 Isaac,
895 2271 324 57 1766-1848.

437 2348 335 56 Curiosities
817 2348 63 54 of
920 2348 315 67 literature,
1278 2349 76 65 by
1397 2348 164 53 Isaac
1602 2345 309 66 D’Israeli;
1956 2345 242 53 selected
2243 2344 111 53 and

365 2422 1966 148 edited by Edwin Valentine Mitchell … New York and London,
522 2504 72 53 D.
620 2503 292 68 Appleton
941 2502 112 53 and
1080 2519 296 50 company,
1403 2503 152 52 1932.

505 2573 862 51 xx p., 1 l., 312 p. front., illus. 21 ᶜᵐ.
372 2628 52 52 ©
457 2633 102 40 Oct.
591 2634 40 46 7,
665 2631 139 48 1932;
840 2632 67 40 2c.
941 2632 93 39 and
1069 2630 81 41 aff.
1185 2630 100 41 Oct.
1321 2631 51 46 8;
1408 2631 41 39 A
1481 2630 170 49 55482;
1688 2631 55 38 D.
1779 2630 238 48 Appleton
2051 2631 36 39 &
2122 2642 66 28 co.

449 2687 277 50 (32-28946)

371 2791 245 64 Dudley,
647 2791 289 64 Dorothy,
968 2795 171 50 1884-

436 2868 314 67 Forgotten
787 2865 301 68 frontiers;
1128 2868 229 53 Dreiser
1393 2869 112 52 and
1541 2869 96 53 the
1672 2869 138 52 land
1848 2868 62 53 of
1943 2868 96 53 the
2076 2867 121 54 free
2256 2868 92 65 [by]

367 2944 263 68 Dorothy
654 2943 246 68 Dudley.
963 2943 139 54 New
1131 2944 178 67 York,
1338 2945 76 52 H.
1444 2943 189 57 Smith
1663 2945 113 53 and
1802 2946 70 52 R.
1902 2944 176 67 Haas,
2109 2947 150 49 1932.

438 3015 471 51 4 p. l. , 485 p. 24 ᶜᵐ.
442 3073 126 49 Song
592 3073 118 41 with
734 3073 153 40 music
915 3083 59 29 on
1001 3072 58 40 3d
1086 3072 169 48 prelim.
1299 3073 113 41 leaf.

373 3127 51 51 ©
455 3131 126 48 Sept.
609 3128 68 50 29,
706 3129 113 41 1932;
875 3129 66 40 2c.
968 3130 95 39 and
1090 3128 80 40 aff.
1202 3129 100 40 Oct.
1329 3130 27 38 4;
1413 3131 40 37 A
1480 3131 141 41 55413;
1681 3132 219 47 Dorothy
1929 3131 189 49 Dudley
2146 3131 210 47 Harvey,

440 3187 151 40 Villef
593 3187 189 48 rauche,
813 3187 53 38 A.
898 3187 78 45 M.,
1008 3184 197 42 France.
1276 3184 276 50 (32-28945)

372 3288 217 65 Elwell,
619 3290 250 62 Fayette
898 3287 273 66 Herbert,
1204 3293 169 50 1885-

369 3358 1961 139 Bookkeeping for today; advanced course, by Fayette H. Elwell …
654 3438 1626 75 Boston, New York [etc.] Ginn and company [ ᶜ1 932]
439 3512 819 52 ix, 415-770 p. incl. forms. 24 ᶜᵐ.
372 3568 52 52 ©
460 3573 120 47 Aug.
616 3571 68 47 24,
722 3570 139 46 1932;
900 3570 66 40 2c.
1007 3568 125 49 Sept.
1168 3570 83 47 27;
1290 3570 79 40 aff.
1411 3571 126 48 Sept.
1574 3572 82 47 24;
1696 3573 40 38 A
1773 3572 170 48 56128;
1984 3573 51 40 F.
2074 3574 59 39 H.
2172 3573 181 41 Elwell,

441 3627 235 48 Madison,
705 3625 104 42 Wis
891 3624 278 49 (32-28814)

439 3727 407 69 Bookkeeping
883 3726 93 52 for
1012 3726 199 69 today;
1252 3727 122 52 first
1409 3746 209 51 course,
1652 3730 76 67 by
1763 3729 240 68 Fayette
2037 3730 77 54 H.
2150 3728 205 53 Elwell

430 3801 1747 76 … Boston, New York [etc.] Ginn and company [ ᶜ1 932]
475 3875 826 51 x, 277 p. incl. front., forms. 24 ᶜᵐ.
374 3929 51 52 ©
452 3933 127 48 Sept.
604 3933 38 47 6,
669 3933 139 46 1932;
835 3933 66 40 2c.
931 3932 126 47 Sept.
1083 3930 81 49 27;
1192 3932 81 40 aff.
1302 3933 126 47 Sept.
1454 3933 81 48 24;
1565 3935 39 38 A
1630 3935 168 48 56126;
1828 3937 51 40 F.
1906 3937 59 40 H.
1994 3935 182 49 Elwell,
440 3932 1898 105 Madison,

572 3989 115 41 Wis.
758 3988 276 49 (32-28815)
