2563 4368
0 0 0 0 1699
159 511 290 61 Boynton,
480 507 231 55 Louise.

227 584 121 52 The
373 583 206 67 golden
606 581 212 70 grains,
841 581 36 52 by
943 579 204 53 Louise
1175 580 268 51 Boynton
1471 578 112 52 and
1611 576 244 69 Georgie
1883 578 268 67 Boynton

160 661 188 55 Child.
414 660 82 55 St.
524 660 192 58 Louis,
744 660 134 59 Mo.,
908 656 466 69 Clark-Sprague
1406 672 296 51 company,
1736 656 150 51 1932.

228 731 745 50 5 p. l., 3-216 p. pl. 22 ½ ᶜᵐ .
233 790 319 40 “References
580 789 79 39 for
687 787 392 48 supplementary
1111 784 228 46 reading”
1357 795 9 29 :
1398 794 42 37 p.
1471 783 98 40 212.

164 856 52 52 ©
243 862 120 45 Aug.
391 861 69 45 31,
488 859 112 40 1932;
657 859 65 38 2c.
754 859 94 39 and
877 857 81 40 aff.
1032 867 71 30 Nov.
1131 857 57 40 28;
1244 857 39 37 A
1313 855 143 41 58098;
1515 855 201 46 Georgie
1746 856 222 45 Boynton
2000 854 154 45 Child,

231 918 144 39 Terre
403 917 176 41 Haute.
636 916 76 38 Ind.
783 913 279 43 (32-27254)

161 1036 282 62 Brayton,
475 1035 199 51 Aaron
705 1034 241 52 Martin.

232 1111 101 52 “E.
362 1112 120 65 P.”,
513 1129 70 34 an
611 1110 275 52 informai
917 1109 265 67 portrait,
1211 1109 76 66 by
1317 1109 69 51 A.
1418 1109 79 51 M.
1528 1110 277 63 Brayton.
1870 1108 281 52 Kewanee

166 1190 139 66 [The
335 1189 134 55 Star
500 1189 219 52 courier
749 1206 174 48 press!
962 1190 149 49 1932.

237 1257 1643 51 ix, 61 p. front., illus. (music) plates, ports., facsim. 24½ ᶜᵐ .
239 1317 330 48 Frontispiece
595 1316 341 49 accompanied
963 1316 60 47 by
1050 1316 155 48 guard
1232 1316 135 39 sheet
1393 1315 121 40 with
1541 1314 292 49 descriptive
1859 1315 295 49 letterpress.

167 1371 1972 102 “This first edition consists of thirty couples privately printed for presentation …
517 1431 117 40 This
659 1431 42 40 is
724 1430 200 41 number
1006 1428 98 41 30-c.”

167 1499 52 52 ©
265 1504 126 47 Sept.
434 1503 57 39 30,
547 1501 113 41 1932;
733 1501 66 40 2c.
844 1502 95 38 and
983 1499 81 41 aff.
1111 1500 100 40 Oct.
1257 1499 55 39 29;
1385 1501 40 37 A
1469 1500 168 41 55782;
1686 1500 160 48 Philip
1892 1501 56 39 D.
1994 1501 160 40 Adler.

235 1561 253 45 Kewanee,
520 1559 72 39 Ill.
665 1556 278 49 (32-32299)

164 1677 169 63 Burt,
362 1678 129 62 Roy
520 1677 67 54 E.

234 1753 54 52 A
312 1770 193 51 young
529 1752 245 69 people’s
800 1770 193 35 course
1016 1770 72 35 on
1116 1750 383 69 Christianity
1526 1752 112 52 and
1665 1751 93 53 the
1786 1753 157 51 rural
1967 1750 104 55 life
2097 1752 65 52 of

165 1829 1969 133 the world, by Roy E. Burt … New York, Missionary education
321 1906 1674 68 movement of the United States and Canada [ ᶜ1 931]
234 1983 531 49 2 p. l., 73 p. 18½ ᶜᵐ .
233 2041 224 39 Includes
490 2039 391 48 bibliographies.

168 2106 52 52 ©
250 2110 100 40 Oct.
382 2109 68 47 27,
480 2109 112 41 1931;
651 2109 67 40 2c.
748 2111 95 38 and
873 2109 82 41 aff.
987 2110 99 39 Oct.
1119 2109 68 44 28,
1219 2109 112 39 1932;
1392 2111 40 37 A
1461 2109 143 40 56754;
1666 2109 294 46 Missionary
236 2113 1902 93 education

367 2170 269 37 movement
665 2167 50 39 of
745 2167 80 38 the
856 2166 178 39 United
1067 2167 161 39 States
1259 2168 94 37 and
1387 2166 212 40 Canada.

246 2222 278 47 (32-32274)

166 2325 183 65 Bush,
381 2325 279 64 Douglas.

238 2401 344 68 Mythology
614 2403 112 51 and
758 2403 96 52 the
885 2402 351 53 renaissance
1271 2403 279 53 tradition
1580 2403 61 51 in
1676 2403 246 67 English
1958 2409 201 61 poetry

175 2479 110 67 [by]
326 2480 257 66 Douglas
619 2479 177 52 Bush.
867 2478 402 69 Minneapolis,
1305 2481 122 51 The
1463 2480 337 66 University
1837 2480 63 53 of
168 2481 1968 128 Minnesota

315 2574 156 49 press;
527 2557 257 66 London,
809 2557 79 53 H.
913 2556 266 56 Milford,
1206 2556 229 55 Oxford
1461 2557 319 68 university
1806 2576 173 49 press,
2008 2561 152 50 1932.

243 2629 711 49 viii p., 2 l., 3-360 p. 24 ᶜᵐ .
243 2685 348 50 Bibliography
609 2697 9 29 :
649 2698 44 38 p.
728 2685 246 52 [325]-344.

171 2754 52 52 ©
255 2758 101 40 Oct.
386 2757 70 48 25,
487 2757 113 41 1932;
659 2757 67 41 2c.
804 2768 71 29 Nov.
907 2758 57 39 10;
1022 2757 82 40 aff.
1180 2768 71 30 Nov.
1283 2758 26 40 9;
1371 2760 38 37 A
1440 2757 141 41 56952;
1646 2759 248 41 University
1959 2761 50 38 of
238 2761 1904 95 Minnesota.

453 2814 335 48 Minneapolis.
858 2813 279 49 (32-32300)

171 2917 310 64 Carmody,
512 2917 247 54 Francis
786 2917 238 56 Xavier.

242 2993 362 55 Cumulative
643 2995 360 67 supplement
1040 3001 58 48 to
1140 2997 288 68 Carmody
1434 2997 38 52 ’s
1514 2998 138 52 New
1693 2998 163 52 York
1893 2998 265 68 practice.

169 3073 1966 147 v. 1-4 … Rochester, N. Y., The Lawyers co-operative publishing company, 1932.
237 3225 214 40 4 v. 24 ᶜᵐ
243 3281 153 40 These
433 3281 274 48 pamphlets
744 3292 83 30 are
864 3286 48 36 to
949 3283 58 38 be
1043 3283 138 39 fitted
1219 3282 102 41 into
1361 3285 79 39 the
1481 3285 195 47 pockets
1716 3288 51 36 at
1805 3285 80 39 the
1925 3285 147 41 backs
2111 3287 52 39 of

171 3337 80 40 the
278 3337 214 40 volumes
519 3339 51 38 of
596 3338 79 40 the
704 3341 73 37 set
804 3341 47 38 to
880 3338 158 40 which
1064 3340 113 47 they
1203 3340 184 49 belong.

175 3401 51 52 ©
258 3406 116 39 Nov.
409 3407 38 46 7,
479 3406 139 47 1932;
652 3406 68 41 2c.
752 3408 118 39 each
901 3408 117 39 Nov.
1051 3408 81 41 10;
1169 3408 82 39 aff.
1284 3410 117 39 Nov.
1435 3410 82 46 11;
1552 3410 41 39 A
1625 3410 170 47 57098;
1832 3411 227 45 Lawyers
241 3421 1903 89 cooperative
513 3463 108 47 pub.
647 3474 66 29 co.

174 3563 162 66 Carr,
364 3565 217 65 Harry,
615 3566 169 55 1877-

241 3640 122 53 The
391 3640 158 54 West
579 3640 47 54 is
657 3641 119 54 still
807 3643 156 66 wild,
993 3661 260 37 romance
1285 3646 65 53 of
1380 3647 95 53 the
1505 3653 228 61 present
1765 3648 113 53 and
1909 3648 94 54 the
2034 3653 129 63 past

172 3715 75 69 by
269 3715 199 70 Harry
495 3716 145 55 Carr;
695 3718 140 53 with
862 3720 379 55 illustrations
1266 3722 75 69 by
1370 3722 236 55 Charles
1634 3724 77 53 H.
1742 3724 221 55 Owens.
172 3727 1968 119 Boston

301 3794 114 53 and
447 3794 139 53 New
616 3794 179 57 York,
826 3795 319 70 Houghton
1175 3798 205 55 Mifflin
1411 3819 298 51 company,
1743 3804 151 52 1932.

242 3865 837 49 iv, 257 p. front., illus. 21½ ᶜᵐ .
243 3921 113 49 Map
380 3934 61 28 on
466 3925 135 39 front
628 3924 335 50 lining-paper.

176 3987 52 53 ©
257 3993 117 39 Nov.
403 3993 40 48 9,
473 3994 113 41 1932;
646 3996 67 40 2c.
744 3996 118 41 Nov.
893 3996 54 40 12;
1009 3998 81 41 aff.
1122 3999 117 40 Nov.
1271 4001 46 37 11;
1385 4001 41 39 A
1457 4001 145 41 56988;
1661 4004 61 40 H.
1757 4004 134 48 Carr,
1923 4004 242 47 Tujunga,

244 4049 141 40 Calif.
457 4050 277 48 (32-32237)
