2563 4368
1046 4064 132 56 1747

218 521 261 42 Published
507 523 49 39 in
584 524 153 40 honor
762 524 54 41 of
842 525 77 40 his
947 525 203 42 sixtieth
1175 525 245 49 birthday.

219 577 375 50 “Bibliography
629 581 53 39 of
716 580 237 42 Emanuel
989 580 244 42 Libman’s
1268 583 326 48 publications
1642 585 137 48 (1879
1832 588 32 40 [i.
1902 600 38 30 e.
1978 590 163 52 1897]-

148 632 1929 61 1932)”: v. l. p. xxii-xxv; bibliography at end of most of the papers.
150 702 52 51 ©
229 707 100 40 Oct.
355 707 68 47 15,
449 706 112 42 1932;
616 708 67 40 2c.
706 709 119 40 each
851 709 101 40 Oct.
979 709 58 39 19;
1090 709 79 40 aff.
1199 711 100 39 Oct.
1327 711 60 40 20;
1439 712 41 39 A
1504 714 143 39 55887;
1703 715 224 40 Internatl.
1987 726 149 38 press.

226 762 278 49 (32-33373)

145 866 175 64 Cook,
350 867 222 53 Walter
602 868 285 56 Wheeler.

216 941 167 55 Cases
421 944 111 53 and
571 946 160 51 other
771 945 336 54 authorities
1146 966 72 34 on
1255 947 194 70 equity.
1581 993 10 9 v.
1629 953 45 50 3.
1717 951 417 70 Reformation,

144 1020 312 60 rescission,
506 1023 112 52 and
667 1022 344 70 restitution,
1060 1032 56 46 at
1165 1028 111 51 law
1325 1028 111 52 and
1482 1028 62 52 in
1591 1030 210 70 equity.
1879 1031 254 56 Selected

145 1098 151 55 from
339 1099 276 54 decisions
656 1102 63 52 of
762 1103 243 68 English
1050 1105 112 53 and
1202 1106 308 55 American
1550 1114 206 62 courts,
1797 1111 75 67 by
1912 1112 222 54 Walter

142 1176 1991 84 Wheeler Cook … 2d ed. … St. Paul, West publishing co.,
144 1260 149 50 1932.

211 1332 1921 58 xvi, 862 p. 26 ᶜᵐ . (American casebook series; W. R. Vance, general
137 1387 181 48 editor)

145 1453 53 53 ©
221 1459 116 40 Nov.
362 1459 40 42 2,
427 1458 112 42 1932;
593 1461 69 40 2c.
686 1461 95 39 and
805 1461 83 41 aff.
912 1462 111 40 Dec.
1050 1462 55 39 15;
1159 1462 41 39 A
1224 1463 142 40 58417;
1422 1463 137 41 West
1581 1465 111 47 pub.
1718 1476 68 31 co.

141 1563 290 64 Couissin,
459 1565 163 53 Paul.

139 1638 1968 137 … Les institutions militaires et navales. [Paris] Société d’édition
291 1717 105 54 Les
426 1716 185 54 Belles
639 1719 211 66 lettres,
882 1721 150 51 1932.

205 1787 1924 57 viii, 162 p., 1 l. illus., XL (i. e. 39) pl. (1 double col.) 27 ½ᶜᵐ . (La vie
137 1844 227 49 publique
389 1846 52 40 et
467 1845 164 48 privée
659 1847 84 39 des
771 1845 199 42 anciens
1000 1847 162 42 Grecs.
1226 1849 147 49 [VIII])

205 1900 391 51 “Bibliographie
626 1904 47 39 et
701 1901 168 43 notes”:
928 1915 44 37 p.
1004 1903 248 51 [123]-146.

138 1964 1988 59 © May 27, 1932; 1c. Sept. 26; A— Foreign 18129; Jacques Léon Heuzey.
206 2024 152 41 Paris.
429 2024 278 50 (32-33814)

136 2129 215 63 Coxon,
378 2126 211 55 Muriel
623 2127 214 67 (Hine)
872 2128 173 54 “Mrs.
1072 2129 219 63 Sidney
1320 2129 254 56 Coxon.”

203 2203 193 69 Jenny
420 2203 209 69 Rorke,
653 2205 75 66 by
754 2204 211 53 Muriel
993 2205 172 54 Hine.
1227 2206 259 66 London,
1513 2207 158 53 John
1696 2207 155 53 Lane
1885 2212 173 63 [1932]

205 2276 28 40 4
259 2287 45 38 p.
367 2308 10 17 l.,
404 2275 86 43 310
514 2288 45 38 p.
618 2278 116 41 19ᶜᵐ.

137 2329 1985 60 © 1c. Nov. 7, 1932; A ad int. 17025; pubd. Nov. 4; D. Appleton & co.,
202 2390 117 40 New
348 2390 144 41 York.
562 2389 278 50 (32-33165)

132 2495 263 63 Darrow,
423 2493 314 65 Benjamin
765 2492 308 56 Harrison.

131 2565 1965 153 Radio, the assistant teacher, by Ben H. Darrow … Columbus,
280 2645 86 69 O.,
394 2646 68 53 R.
494 2645 68 55 G.
592 2646 217 54 Adams
836 2647 45 51 &
911 2664 293 51 company,
1236 2650 148 49 1932.

199 2718 25 38 1
253 2728 45 38 p.
360 2747 12 19 l.,
398 2716 158 48 v-xvi,
585 2718 171 40 17-271
786 2729 42 38 p.
885 2717 143 49 illus.,
1059 2717 179 49 diagrs.
1295 2718 146 42 23½ᶜᵐ.

200 2773 347 43 “References”
580 2777 52 38 at
662 2775 92 39 end
785 2774 52 41 of
867 2776 125 38 most
1022 2774 53 41 of
1103 2775 83 41 the
1217 2776 239 48 chapters.

132 2830 54 53 ©
208 2835 127 40 June
357 2836 40 44 1,
420 2833 114 42 1932;
584 2834 69 40 2c.
674 2834 122 49 Aug.
817 2833 84 49 19;
926 2834 82 40 aff.
1031 2835 120 46 Aug.
1174 2834 57 40 30;
1283 2835 41 38 A
1346 2832 145 43 55149;
1543 2836 55 39 B.
1622 2836 61 38 H.
1707 2835 221 47 Darrow,
198 2831 1923 113 Wood-stock,

374 2891 51 40 O.
495 2889 279 51 (32-26869)

129 2995 410 63 Dauthendey,
571 2992 325 57 Elisabeth.

201 3069 287 56 Schlösser
519 3071 119 52 und
667 3074 202 65 gärten
899 3090 92 34 am
1021 3071 179 67 Main,
1231 3090 111 34 von
1374 3071 298 53 Elisabeth
1704 3070 409 68 Dauthendey;

126 3144 1964 153 aufnahmen von dr. Paul Wolff … Bielefeld und Leipzig, Velhagen &
418 3225 264 67 Klasing,
714 3228 152 51 1932.

202 3295 868 52 10 p., 1 l. 64 pl. on 32 l. 25½ᶜᵐ.
130 3349 1985 62 © May 25, 1932; 1c. Sept. 7: A—Foreign 17919; Velhagen & Klasing.
204 3410 279 51 (32-34074)

125 3511 302 55 Delaware
453 3513 113 52 and
588 3511 262 54 Atlantic
871 3511 202 69 digest.
1151 3514 133 49 1932
1306 3512 345 54 cumulative
1675 3514 211 52 annual
1909 3512 203 70 pocket

193 3585 1893 157 part for vol. 36. Table of cases … St. Paul, West publishing co. [ ᶜ193 2]
192 3743 28 39 5
245 3753 46 37 p.
345 3742 117 40 25ᶜᵐ.

192 3797 294 42 Cover-title.

195 3853 116 40 This
334 3853 246 49 pamphlet
601 3852 47 41 is
668 3855 48 38 to
740 3854 55 39 be
818 3852 140 41 fitted
980 3852 104 41 into
1107 3852 82 42 the
1214 3853 170 48 pocket
1408 3854 56 40 at
1485 3853 82 41 the
1590 3851 126 41 back
1738 3851 52 42 of
1814 3851 83 41 the
1920 3852 192 41 volume

120 3910 53 38 of
199 3910 82 39 the
308 3912 71 37 set
406 3912 48 38 to
481 3909 158 40 which
666 3910 40 39 it
734 3908 210 48 belongs.

125 3961 52 53 ©
200 3966 117 41 Nov.
340 3965 69 47 30,
434 3963 112 42 1932;
600 3966 66 39 2c.
693 3965 94 41 and
812 3964 80 40 aff.
919 3964 111 41 Dec.
1055 3963 54 41 15;
1164 3964 41 39 A
1228 3965 143 41 58434;
1425 3964 137 41 West
1585 3962 107 50 pub.
1720 3972 65 32 co.
