2563 4368
0 0 0 0 111
187 490 363 48 646 p. 19½ ᶜᵐ .
129 544 1988 52 © Jan. 22, 1932 ; 2c. Feb. 3 ; aff. Feb. 2 ; A 48256 ; Horace Liveright, inc.
205 602 249 50 (32-3192)

122 708 361 63 Waterman,
510 707 257 52 Thomas
795 706 279 55 Tileston.

190 781 288 56 Domestic
526 781 242 54 colonial
821 782 374 53 architecture
1246 782 64 53 of
1360 781 297 55 tidewater
1706 781 287 68 Virginia,
2042 780 74 68 by

121 860 248 53 Thomas
405 860 255 53 Tileston
697 862 333 52 Waterman
1069 861 113 52 and
1221 860 155 54 John
1414 861 70 52 A.
1527 861 294 64 Barrows;
1864 855 139 56 with
2045 877 69 35 an

121 936 388 54 introduction
535 938 75 67 by
634 936 172 54 Fiske
829 936 276 54 Kimball.
1180 938 139 52 New
1345 936 181 68 York,
1552 938 260 65 London,
1836 937 62 55 C.
121 936 1971 133 Scribner’s

290 1033 146 49 sons,
464 1018 151 51 1932.

195 1085 1583 50 xvii, 191 p. incl. front. (map) illus., plates, plans. 36 ᶜᵐ .
129 1141 52 52 ©
217 1146 109 41 Jan.
360 1145 68 48 22,
463 1144 141 47 1932;
640 1144 66 41 2c.
743 1145 109 41 Feb.
888 1146 53 46 1;
979 1144 80 41 aff.
1097 1146 111 39 Feb.
1242 1146 53 45 3;
1333 1145 40 38 A
1406 1144 171 46 47388;
1617 1142 203 41 Charles
1857 1142 264 42 Scribner’s

197 1211 125 31 sons.
393 1202 251 49 (32-3477)

122 1300 328 70 Whitaker,
482 1305 217 65 Epher,
733 1309 325 51 1820-1916.

192 1380 348 54 Whitaker’s
584 1379 311 68 Southold;
938 1379 172 68 being
1151 1401 31 33 a
1225 1378 342 54 substantial
1610 1378 404 68 reproduction
2058 1377 63 53 of

124 1459 94 51 the
255 1457 244 69 History
534 1456 65 54 of
636 1457 301 68 Southold,
970 1458 65 51 L.
1073 1457 69 66 I.,
1175 1456 74 54 its
1285 1456 128 53 first
1446 1460 255 64 century,
1737 1456 76 69 by
1849 1457 96 51 the
1982 1456 136 53 Rev.

124 1535 196 68 Epher
365 1534 320 69 Whitaker,
769 1578 9 9 D.
865 1553 40 48 D.;
955 1534 189 54 edited
1190 1533 142 54 with
1379 1532 291 55 additions
1716 1533 77 69 by
1839 1535 94 51 the
1983 1534 135 52 Rev.

126 1610 1994 70 Charles E. Craven, D. D. … Princeton, Princeton university
124 1708 174 50 press,
327 1693 150 50 1931.

193 1770 101 48 viii,
326 1769 86 41 194
441 1780 44 38 p.
545 1771 137 40 front.
724 1770 170 49 (port.)
936 1770 171 48 plates.
1168 1769 116 42 22ᶜᵐ.

194 1826 141 48 Maps
364 1838 60 29 on
453 1827 360 48 lining-papers.

132 1881 52 52 ©
210 1886 111 41 Dec.
348 1885 69 45 23,
444 1884 141 48 1931;
612 1885 66 40 2c.
706 1886 108 39 Jan.
843 1884 69 48 19,
939 1885 140 47 1932;
1108 1885 82 41 aff.
1220 1886 111 39 Feb.
1357 1885 26 40 9
1402 1896 9 35 ;
1441 1886 39 38 A
1507 1884 170 46 48023;
1709 1884 256 41 Princeton
1995 1884 129 40 univ.

200 1952 134 37 press.
429 1938 52 52 [©
519 1940 201 42 editor’s
756 1942 208 48 preface,
1005 1953 42 37 p.
1086 1942 128 47 1-10,
1255 1943 94 39 and
1389 1944 66 38 all
1495 1942 59 39 10
1587 1941 137 49 point
1763 1944 178 38 matter
1980 1951 147 38 pages

200 1998 186 50 11-194]
459 1999 250 48 (32-2758)

126 2102 217 65 White,
371 2104 218 55 Frank.

128 2179 1968 131 … White on corporations … state of New York. This volume
291 2257 256 53 contains
581 2260 96 51 the
711 2259 380 68 membership
1129 2258 393 69 corporations
1556 2260 128 65 law,
1720 2259 97 52 the
1852 2258 271 70 religious

130 2335 393 68 corporations
563 2338 127 65 law,
730 2338 97 54 the
868 2337 383 68 co-operative
1292 2337 393 69 corporations
1726 2338 128 66 law,
1895 2338 94 52 the
130 2338 1969 129 benevolent

438 2415 194 52 orders
676 2416 126 66 law,
847 2415 139 53 with
1032 2415 215 53 certain
1291 2416 241 54 sections
1576 2417 63 52 of
1682 2418 94 52 the
1822 2416 301 54 education

130 2492 109 53 law
271 2493 112 51 and
414 2493 236 67 chapter
683 2497 97 48 525
811 2494 63 52 of
904 2495 96 52 the
1028 2496 138 51 laws
1197 2495 63 51 of
1293 2494 135 54 1874
1456 2515 59 33 as
1547 2495 274 53 amended
1853 2501 58 48 to
132 2499 1965 139 January

285 2574 46 53 1,
382 2573 151 50 1932.
608 2573 226 52 Bender
883 2573 104 65 ed.,
1035 2573 140 52 with
1227 2574 363 53 annotations
1641 2575 111 53 and
1802 2575 200 68 forms,
2048 2575 75 69 by

130 2649 1995 75 Francis Kelliher … [v. 8. Non-stock corporations] Albany,
132 2727 68 53 N.
242 2731 90 60 Y.,
371 2729 111 52 and
522 2730 138 52 New
699 2730 181 64 York,
919 2730 70 54 N.
1029 2731 91 65 Y.,
1159 2731 279 53 Matthew
1478 2732 226 53 Bender
1743 2737 45 50 &
1827 2751 297 52 company,

130 2806 419 68 incorporated,
581 2810 149 49 1932.

201 2880 789 49 2 p. l., iii-xxiv, 554 p. 26 ᶜᵐ .
136 2932 52 52 ©
218 2937 108 40 Jan.
355 2936 67 48 19,
452 2936 113 42 1932
583 2948 9 37 ;
623 2938 66 40 2c.
720 2939 110 40 Jan.
858 2938 83 46 21;
973 2938 81 41 aff.
1085 2940 109 41 Jan.
1223 2940 82 47 20;
1336 2941 41 39 A
1404 2941 171 47 47125;
1609 2942 235 40 Matthew
1874 2943 190 41 Bender
2093 2944 37 41 &

205 3003 80 38 co.,
320 2994 90 41 inc.

132 3095 200 55 Who’s
364 3097 125 53 who
520 3098 59 52 in
608 3098 308 53 American
946 3099 329 66 education;
1311 3119 32 34 a
1373 3100 399 70 biographical
1802 3102 323 70 dictionary

204 3175 62 52 of
303 3175 248 53 eminent
587 3176 186 69 living
807 3178 299 54 educators
1142 3178 62 53 of
1242 3179 97 52 the
1373 3180 218 54 United
1632 3182 204 55 States.
1912 3182 212 53 Edited

203 3253 75 67 by
318 3254 214 52 Robert
572 3255 62 55 C.
679 3254 172 54 Cook.
926 3275 51 32 v.
1021 3260 48 62 3,
1113 3260 256 50 1931-32.
1444 3259 139 52 New
1625 3260 165 53 York
1829 3260 135 69 city,
2005 3262 121 52 The

204 3329 1007 73 Robert C. Cook company [ ᶜ1 931]
202 3404 364 49 565 p. 23½ ᶜᵐ .
139 3457 52 52 ©
225 3462 109 42 Dec.
367 3462 69 48 23,
469 3462 140 47 1931;
644 3463 67 42 2c.
744 3464 94 40 and
872 3464 80 40 aff.
988 3465 108 40 Feb.
1131 3465 41 47 2,
1205 3465 140 48 1932;
1382 3467 39 39 A
1453 3467 170 47 48240;
1661 3469 54 39 R.
1751 3468 48 41 C.
1836 3469 142 48 Cook,
2013 3471 116 40 New

206 3519 142 38 York.

135 3619 458 69 Wickenheiser,
626 3624 276 56 Herbert.

210 3695 275 70 Santiago
520 3717 192 49 poems
749 3702 110 50 and
895 3703 161 50 other
1090 3718 211 50 verses;
1340 3722 31 33 a
1403 3705 331 67 miscellany
1768 3706 75 68 by
1876 3707 251 52 Herbert

136 3772 1984 76 Wickenheiser. Boston, Mass., The Stratford company [ ᶜ1 932]
205 3846 464 49 viii, 104 p. 19 ᶜᵐ .
142 3897 50 52 ©
223 3903 108 40 Jan.
361 3904 39 44 6,
431 3904 138 48 1932;
602 3906 65 40 2c.
700 3907 108 39 Jan.
840 3908 51 42 8;
925 3908 82 41 aff.
1038 3909 109 40 Jan.
1179 3910 82 42 21;
1295 3911 38 39 A
1364 3911 170 42 48037;
1572 3912 250 41 Stratford
1852 3924 81 36 co.,
1966 3913 160 48 pubrs.

218 3958 249 51 (32-2685)
