<alto xmlns="http://www.loc.gov/standards/alto/ns-v3#" xmlns:xlink="http://www.w3.org/1999/xlink" xmlns:xsi="http://www.w3.org/2001/XMLSchema-instance" xsi:schemaLocation="http://www.loc.gov/standards/alto/ns-v3# http://www.loc.gov/alto/v3/alto-3-0.xsd"><Description>
<MeasurementUnit>pixel</MeasurementUnit>
<sourceImageInformation>
<fileName>1932_v29_part001.pdf</fileName>
</sourceImageInformation>
<OCRProcessing ID="IdOcr">
<ocrProcessingStep>
<processingDateTime>2019-04-25</processingDateTime>
<processingSoftware>
<softwareCreator>ABBYY</softwareCreator>
<softwareName>ABBYY Recognition Server</softwareName>
<softwareVersion>4.0</softwareVersion>
</processingSoftware>
</ocrProcessingStep>
</OCRProcessing>
</Description>
<Styles>
<ParagraphStyle ID="StyleId-FFFFFFFF-FFFF-FFFF-FFFF-FFFFFFFFFFFF-" ALIGN="Left" LEFT="0." RIGHT="0." FIRSTLINE="0."/>
<ParagraphStyle ID="StyleId-547D96D3-B2DE-4E86-A4BD-9DDFC275973A-" ALIGN="Left" LEFT="0." RIGHT="0." FIRSTLINE="0." LINESPACE="7.699999809"/>
<ParagraphStyle ID="StyleId-BE433B82-DF6F-491A-9872-F562FF4150C8-" ALIGN="Block" LEFT="0." RIGHT="0." FIRSTLINE="-13." LINESPACE="7.900000095"/>
<ParagraphStyle ID="StyleId-CC286467-50C5-4655-B0CF-BA365CCE0736-" ALIGN="Block" LEFT="0." RIGHT="0." FIRSTLINE="-15." LINESPACE="8.479999542"/>
<ParagraphStyle ID="StyleId-9878414D-BEDB-487D-971A-CF5ADB5C4AD2-" ALIGN="Block" LEFT="0." RIGHT="0." FIRSTLINE="-14." LINESPACE="10.92000008"/>
<ParagraphStyle ID="StyleId-EBC70DE5-3635-4BD4-B07B-05DF6EFE0022-" ALIGN="Block" LEFT="0." RIGHT="0." FIRSTLINE="-13." LINESPACE="12.19999981"/>
<ParagraphStyle ID="StyleId-8A688F83-F017-4D5D-A00A-14637016ED45-" ALIGN="Left" LEFT="0." RIGHT="0." FIRSTLINE="0." LINESPACE="9.399999619"/>
<ParagraphStyle ID="StyleId-20F0BBAE-20C6-42F4-8113-00B5C02924DC-" ALIGN="Left" LEFT="0." RIGHT="0." FIRSTLINE="0." LINESPACE="11.10000038"/>
<ParagraphStyle ID="StyleId-7AA70148-8873-4ACB-90AE-BF9322E02302-" ALIGN="Left" LEFT="0." RIGHT="0." FIRSTLINE="-13." LINESPACE="11.09000015"/>
<ParagraphStyle ID="StyleId-072EF7BA-7207-4F8B-9A7C-F564E8B4CB16-" ALIGN="Left" LEFT="0." RIGHT="0." FIRSTLINE="-14." LINESPACE="12.19999981"/>
<ParagraphStyle ID="StyleId-44303D12-21D7-4DB0-9E9F-87FA1A861DD7-" ALIGN="Block" LEFT="0." RIGHT="0." FIRSTLINE="-14." LINESPACE="10.92000008"/>
<ParagraphStyle ID="StyleId-43CF0D44-8AC2-4CD0-865F-942C78705184-" ALIGN="Block" LEFT="0." RIGHT="0." FIRSTLINE="-13." LINESPACE="12.19999981"/>
<ParagraphStyle ID="StyleId-7A298A86-29F5-413A-AEC9-078A4CC464D7-" ALIGN="Block" LEFT="0." RIGHT="0." FIRSTLINE="13." LINESPACE="12.19999981"/>
<ParagraphStyle ID="StyleId-8E4E86F7-C1F9-4A1A-B605-6B1FC1C8E9F7-" ALIGN="Left" LEFT="0." RIGHT="0." FIRSTLINE="0." LINESPACE="11.60000038"/>
<ParagraphStyle ID="StyleId-AB39791B-5ED1-444F-BEF5-2CFED1F2709A-" ALIGN="Left" LEFT="0." RIGHT="0." FIRSTLINE="-13." LINESPACE="11.09000015"/>
<ParagraphStyle ID="StyleId-C1F2EEE7-CD00-4E11-9EAD-B222287AEDA4-" ALIGN="Center" LEFT="0." RIGHT="0." FIRSTLINE="0." LINESPACE="11.10000038"/>
</Styles>
<Layout>
<Page ID="Page1933" PHYSICAL_IMG_NR="1933" HEIGHT="4368" WIDTH="2563">
<TopMargin HEIGHT="510" WIDTH="2563" VPOS="0" HPOS="0">
</TopMargin>
<LeftMargin HEIGHT="3684" WIDTH="126" VPOS="510" HPOS="0">
</LeftMargin>
<RightMargin HEIGHT="3684" WIDTH="405" VPOS="510" HPOS="2158">
</RightMargin>
<BottomMargin HEIGHT="174" WIDTH="2563" VPOS="4194" HPOS="0">
</BottomMargin>
<PrintSpace HEIGHT="3684" WIDTH="2032" VPOS="510" HPOS="126">
<TextBlock ID="Page1933_Block1" HEIGHT="70" WIDTH="152" VPOS="4124" HPOS="1066" LANG="en-US" STYLEREFS="StyleId-28AF40F7-7B47-41F7-A01D-AC8863D6C20B-">
<TextLine HEIGHT="49" WIDTH="132" VPOS="4135" HPOS="1076">
<String CONTENT="1933" HEIGHT="49" WIDTH="132" VPOS="4135" HPOS="1076"/>
</TextLine>
</TextBlock>
<TextBlock ID="Page1933_Block2" HEIGHT="3614" WIDTH="2032" VPOS="510" HPOS="126" LANG="en-US" CS="1" STYLEREFS="StyleId-CCEC0298-E07B-40BD-AF93-F9AF26904BE6-">
<TextLine HEIGHT="68" WIDTH="665" VPOS="521" HPOS="136" STYLEREFS="StyleId-051B9F4F-D522-4A47-AA36-14249A21B2B5-">
<String LANG="de" CONTENT="Ravn," HEIGHT="63" WIDTH="187" VPOS="526" HPOS="136"/>
<SP HEIGHT="64" WIDTH="29" VPOS="525" HPOS="324"/>
<String LANG="de" CONTENT="Margit," HEIGHT="66" WIDTH="242" VPOS="521" HPOS="354"/>
<SP HEIGHT="58" WIDTH="33" VPOS="529" HPOS="597"/>
<String LANG="en-US" CONTENT="1885-" HEIGHT="51" WIDTH="170" VPOS="526" HPOS="631"/>
</TextLine>
<TextLine HEIGHT="67" WIDTH="1652" VPOS="595" HPOS="272" STYLEREFS="StyleId-28AF40F7-7B47-41F7-A01D-AC8863D6C20B-" CS="1">
<String LANG="en-US" CS="1" CONTENT="&#8230;"/>
<SP HEIGHT="51" WIDTH="37" VPOS="602" HPOS="272"/>
<String LANG="de" CONTENT="Berits" HEIGHT="51" WIDTH="189" VPOS="602" HPOS="310"/>
<SP HEIGHT="53" WIDTH="30" VPOS="600" HPOS="500"/>
<String LANG="fr" CONTENT="hybel-" HEIGHT="63" WIDTH="193" VPOS="599" HPOS="531"/>
<String LANG="en-US" CS="1" CONTENT="&#229;"/>
<String LANG="fr" CONTENT="r." HEIGHT="34" WIDTH="45" VPOS="617" HPOS="764"/>
<SP HEIGHT="55" WIDTH="68" VPOS="597" HPOS="810"/>
<String LANG="de" CONTENT="Oslo," HEIGHT="65" WIDTH="157" VPOS="597" HPOS="879"/>
<SP HEIGHT="65" WIDTH="29" VPOS="597" HPOS="1037"/>
<String LANG="fr" CONTENT="H." HEIGHT="51" WIDTH="78" VPOS="597" HPOS="1067"/>
<SP HEIGHT="52" WIDTH="30" VPOS="596" HPOS="1146"/>
<String LANG="fr" CONTENT="Aschehoug" HEIGHT="67" WIDTH="344" VPOS="595" HPOS="1177"/>
<SP HEIGHT="66" WIDTH="29" VPOS="596" HPOS="1522"/>
<String LANG="fr" CONTENT="&amp;" HEIGHT="51" WIDTH="52" VPOS="596" HPOS="1552"/>
<SP HEIGHT="51" WIDTH="34" VPOS="596" HPOS="1605"/>
<String LANG="fr" CONTENT="co.," HEIGHT="49" WIDTH="97" VPOS="611" HPOS="1640"/>
<SP HEIGHT="64" WIDTH="34" VPOS="596" HPOS="1738"/>
<String LANG="fr" CONTENT="1932." HEIGHT="50" WIDTH="151" VPOS="595" HPOS="1773"/>
</TextLine>
<TextLine HEIGHT="49" WIDTH="268" VPOS="674" HPOS="205" LANG="fr" CS="1">
<String CONTENT="148" HEIGHT="40" WIDTH="87" VPOS="676" HPOS="205"/>
<SP HEIGHT="47" WIDTH="23" VPOS="676" HPOS="293"/>
<String CONTENT="p." HEIGHT="37" WIDTH="43" VPOS="686" HPOS="317"/>
<SP HEIGHT="39" WIDTH="55" VPOS="674" HPOS="361"/>
<String CONTENT="20" HEIGHT="40" WIDTH="56" VPOS="674" HPOS="417"/>
<String STYLE="superscript" CS="1" CONTENT="&#7580;&#7504;."/>
</TextLine>
<TextLine HEIGHT="55" WIDTH="1877" VPOS="738" HPOS="143" LANG="fr" CS="1">
<String CONTENT="&#169;" HEIGHT="51" WIDTH="52" VPOS="742" HPOS="143"/>
<SP HEIGHT="51" WIDTH="26" VPOS="742" HPOS="196"/>
<String CONTENT="Nov." HEIGHT="39" WIDTH="118" VPOS="745" HPOS="223"/>
<SP HEIGHT="38" WIDTH="28" VPOS="746" HPOS="342"/>
<String CONTENT="7," HEIGHT="44" WIDTH="38" VPOS="746" HPOS="371"/>
<SP HEIGHT="45" WIDTH="29" VPOS="745" HPOS="410"/>
<String CS="1" CONTENT="1932;" HEIGHT="41" WIDTH="113" VPOS="742" HPOS="440"/>
<SP/>
<String CS="1" CONTENT="1c."/>
<SP/>
<String CONTENT="Dec." HEIGHT="40" WIDTH="110" VPOS="742" HPOS="710"/>
<SP HEIGHT="39" WIDTH="30" VPOS="743" HPOS="821"/>
<String CS="1" CONTENT="7;" HEIGHT="39" WIDTH="25" VPOS="743" HPOS="852"/>
<SP HEIGHT="46" WIDTH="31" VPOS="742" HPOS="904"/>
<!-- cceid 11227B7C-6D7D-1014-B4A5-D7A31D17AB40 --><String CONTENT="A&#8212;" HEIGHT="38" WIDTH="102" VPOS="742" HPOS="936"/>
<String LANG="de" CONTENT="Foreign" HEIGHT="47" WIDTH="207" VPOS="741" HPOS="1039"/>
<SP HEIGHT="37" WIDTH="27" VPOS="742" HPOS="1247"/>
<String CS="1" CONTENT="18942;" HEIGHT="40" WIDTH="142" VPOS="739" HPOS="1275"/>
<SP HEIGHT="45" WIDTH="31" VPOS="740" HPOS="1446"/>
<String CONTENT="H." HEIGHT="37" WIDTH="61" VPOS="740" HPOS="1478"/>
<SP HEIGHT="38" WIDTH="28" VPOS="739" HPOS="1540"/>
<String CONTENT="Aschehoug" HEIGHT="47" WIDTH="287" VPOS="738" HPOS="1569"/>
<SP HEIGHT="47" WIDTH="29" VPOS="738" HPOS="1857"/>
<String CONTENT="&amp;" HEIGHT="39" WIDTH="35" VPOS="738" HPOS="1887"/>
<SP HEIGHT="39" WIDTH="29" VPOS="738" HPOS="1923"/>
<String CONTENT="co." HEIGHT="29" WIDTH="67" VPOS="748" HPOS="1953"/>
</TextLine>
<TextLine HEIGHT="50" WIDTH="250" VPOS="799" HPOS="219" LANG="fr">
<String CONTENT="(33-1989)" HEIGHT="50" WIDTH="250" VPOS="799" HPOS="219"/>
</TextLine>
<TextLine HEIGHT="64" WIDTH="382" VPOS="903" HPOS="141" STYLEREFS="StyleId-051B9F4F-D522-4A47-AA36-14249A21B2B5-">
<String LANG="en-US" CONTENT="Reel," HEIGHT="64" WIDTH="157" VPOS="903" HPOS="141"/>
<SP HEIGHT="63" WIDTH="28" VPOS="904" HPOS="299"/>
<String LANG="fr" CONTENT="Peter." HEIGHT="54" WIDTH="195" VPOS="904" HPOS="328"/>
</TextLine>
<TextLine HEIGHT="73" WIDTH="1929" VPOS="973" HPOS="207" STYLEREFS="StyleId-28AF40F7-7B47-41F7-A01D-AC8863D6C20B-" CS="1">
<String CONTENT="I&#8217;m" HEIGHT="52" WIDTH="110" VPOS="980" HPOS="207"/>
<SP HEIGHT="53" WIDTH="49" VPOS="979" HPOS="318"/>
<String CONTENT="fairly" HEIGHT="67" WIDTH="179" VPOS="979" HPOS="368"/>
<SP HEIGHT="48" WIDTH="47" VPOS="998" HPOS="548"/>
<String CONTENT="sorry," HEIGHT="49" WIDTH="180" VPOS="997" HPOS="596"/>
<SP HEIGHT="49" WIDTH="48" VPOS="997" HPOS="777"/>
<String CONTENT="says" HEIGHT="49" WIDTH="127" VPOS="996" HPOS="826"/>
<SP HEIGHT="52" WIDTH="48" VPOS="978" HPOS="954"/>
<String CONTENT="Peter" HEIGHT="51" WIDTH="170" VPOS="978" HPOS="1003"/>
<SP HEIGHT="52" WIDTH="47" VPOS="976" HPOS="1174"/>
<String CS="1" CONTENT="Reel;" HEIGHT="52" WIDTH="137" VPOS="976" HPOS="1222"/>
<SP HEIGHT="49" WIDTH="51" VPOS="994" HPOS="1388"/>
<String CONTENT="pictures" HEIGHT="69" WIDTH="248" VPOS="974" HPOS="1440"/>
<SP HEIGHT="54" WIDTH="47" VPOS="973" HPOS="1689"/>
<String CONTENT="by" HEIGHT="68" WIDTH="76" VPOS="973" HPOS="1737"/>
<SP HEIGHT="64" WIDTH="47" VPOS="977" HPOS="1814"/>
<String CONTENT="that" HEIGHT="53" WIDTH="128" VPOS="973" HPOS="1862"/>
<SP HEIGHT="48" WIDTH="47" VPOS="978" HPOS="1991"/>
<String CONTENT="old" HEIGHT="53" WIDTH="97" VPOS="973" HPOS="2039"/>
</TextLine>
<TextLine HEIGHT="73" WIDTH="1925" VPOS="1051" HPOS="139" STYLEREFS="StyleId-28AF40F7-7B47-41F7-A01D-AC8863D6C20B-">
<String CONTENT="carver," HEIGHT="48" WIDTH="212" VPOS="1076" HPOS="139"/>
<SP HEIGHT="67" WIDTH="28" VPOS="1057" HPOS="352"/>
<String CONTENT="Bobrick." HEIGHT="54" WIDTH="265" VPOS="1055" HPOS="381"/>
<SP HEIGHT="51" WIDTH="65" VPOS="1056" HPOS="647"/>
<String CONTENT="Beverly" HEIGHT="67" WIDTH="245" VPOS="1056" HPOS="713"/>
<SP HEIGHT="67" WIDTH="26" VPOS="1056" HPOS="959"/>
<String CONTENT="Hills," HEIGHT="67" WIDTH="174" VPOS="1054" HPOS="986"/>
<SP HEIGHT="67" WIDTH="28" VPOS="1054" HPOS="1161"/>
<String CONTENT="The" HEIGHT="52" WIDTH="120" VPOS="1054" HPOS="1190"/>
<SP HEIGHT="55" WIDTH="30" VPOS="1052" HPOS="1311"/>
<String CONTENT="Shoestring" HEIGHT="68" WIDTH="337" VPOS="1051" HPOS="1342"/>
<SP HEIGHT="50" WIDTH="26" VPOS="1069" HPOS="1680"/>
<String CONTENT="press," HEIGHT="49" WIDTH="175" VPOS="1069" HPOS="1707"/>
<SP HEIGHT="63" WIDTH="29" VPOS="1055" HPOS="1883"/>
<String CONTENT="1932." HEIGHT="52" WIDTH="151" VPOS="1052" HPOS="1913"/>
</TextLine>
<TextLine HEIGHT="49" WIDTH="580" VPOS="1128" HPOS="209" CS="1">
<String CONTENT="47" HEIGHT="40" WIDTH="57" VPOS="1131" HPOS="209"/>
<SP HEIGHT="40" WIDTH="27" VPOS="1131" HPOS="267"/>
<String CS="1" CONTENT="l." HEIGHT="9" WIDTH="8" VPOS="1161" HPOS="317"/>
<SP HEIGHT="29" WIDTH="59" VPOS="1141" HPOS="326"/>
<String CONTENT="col." HEIGHT="39" WIDTH="86" VPOS="1131" HPOS="386"/>
<SP HEIGHT="37" WIDTH="28" VPOS="1140" HPOS="473"/>
<String CONTENT="plates." HEIGHT="47" WIDTH="171" VPOS="1130" HPOS="502"/>
<SP HEIGHT="40" WIDTH="58" VPOS="1129" HPOS="674"/>
<String CONTENT="19" HEIGHT="41" WIDTH="56" VPOS="1128" HPOS="733"/>
<String STYLE="superscript" CS="1" CONTENT="&#7580;&#7504;."/>
</TextLine>
<TextLine HEIGHT="50" WIDTH="1922" VPOS="1180" HPOS="213">
<String CONTENT="&#8220;Of" HEIGHT="41" WIDTH="93" VPOS="1187" HPOS="213"/>
<SP HEIGHT="40" WIDTH="41" VPOS="1187" HPOS="307"/>
<String CONTENT="this" HEIGHT="41" WIDTH="98" VPOS="1186" HPOS="349"/>
<SP HEIGHT="39" WIDTH="43" VPOS="1187" HPOS="448"/>
<String CONTENT="limited" HEIGHT="40" WIDTH="188" VPOS="1185" HPOS="492"/>
<SP HEIGHT="38" WIDTH="43" VPOS="1187" HPOS="681"/>
<String CONTENT="edition" HEIGHT="40" WIDTH="184" VPOS="1184" HPOS="725"/>
<SP HEIGHT="28" WIDTH="42" VPOS="1196" HPOS="910"/>
<String CONTENT="of" HEIGHT="40" WIDTH="52" VPOS="1184" HPOS="953"/>
<SP HEIGHT="39" WIDTH="41" VPOS="1184" HPOS="1006"/>
<String CONTENT="two" HEIGHT="39" WIDTH="96" VPOS="1185" HPOS="1048"/>
<SP HEIGHT="41" WIDTH="41" VPOS="1183" HPOS="1145"/>
<String CONTENT="hundred" HEIGHT="39" WIDTH="222" VPOS="1183" HPOS="1187"/>
<SP HEIGHT="38" WIDTH="41" VPOS="1184" HPOS="1410"/>
<String CONTENT="and" HEIGHT="39" WIDTH="96" VPOS="1183" HPOS="1452"/>
<SP HEIGHT="41" WIDTH="41" VPOS="1181" HPOS="1549"/>
<String CONTENT="fifty" HEIGHT="49" WIDTH="112" VPOS="1181" HPOS="1591"/>
<SP HEIGHT="39" WIDTH="42" VPOS="1191" HPOS="1704"/>
<String CONTENT="copies" HEIGHT="48" WIDTH="160" VPOS="1181" HPOS="1747"/>
<SP HEIGHT="41" WIDTH="42" VPOS="1181" HPOS="1908"/>
<String CONTENT="this" HEIGHT="42" WIDTH="97" VPOS="1180" HPOS="1951"/>
<SP HEIGHT="41" WIDTH="43" VPOS="1181" HPOS="2049"/>
<String CONTENT="is" HEIGHT="39" WIDTH="42" VPOS="1181" HPOS="2093"/>
</TextLine>
<TextLine HEIGHT="49" WIDTH="929" VPOS="1241" HPOS="141">
<String CONTENT="book" HEIGHT="40" WIDTH="123" VPOS="1244" HPOS="141"/>
<SP HEIGHT="39" WIDTH="22" VPOS="1244" HPOS="265"/>
<String CONTENT="221.&#8221;" HEIGHT="41" WIDTH="128" VPOS="1242" HPOS="288"/>
<SP HEIGHT="41" WIDTH="61" VPOS="1242" HPOS="417"/>
<String CONTENT="Signed" HEIGHT="48" WIDTH="176" VPOS="1242" HPOS="479"/>
<SP HEIGHT="40" WIDTH="25" VPOS="1242" HPOS="656"/>
<String CONTENT="by" HEIGHT="47" WIDTH="61" VPOS="1242" HPOS="682"/>
<SP HEIGHT="45" WIDTH="25" VPOS="1244" HPOS="744"/>
<String CONTENT="the" HEIGHT="39" WIDTH="82" VPOS="1242" HPOS="770"/>
<SP HEIGHT="29" WIDTH="25" VPOS="1252" HPOS="853"/>
<String CONTENT="author." HEIGHT="40" WIDTH="191" VPOS="1241" HPOS="879"/>
</TextLine>
<TextLine HEIGHT="53" WIDTH="1992" VPOS="1309" HPOS="146" CS="1">
<String CONTENT="&#169;" HEIGHT="52" WIDTH="52" VPOS="1310" HPOS="146"/>
<SP HEIGHT="52" WIDTH="28" VPOS="1310" HPOS="199"/>
<String CONTENT="Nov." HEIGHT="40" WIDTH="117" VPOS="1315" HPOS="228"/>
<SP HEIGHT="42" WIDTH="27" VPOS="1313" HPOS="346"/>
<String CONTENT="26," HEIGHT="47" WIDTH="69" VPOS="1313" HPOS="374"/>
<SP HEIGHT="45" WIDTH="29" VPOS="1315" HPOS="444"/>
<String CS="1" CONTENT="1932;" HEIGHT="41" WIDTH="116" VPOS="1312" HPOS="474"/>
<SP HEIGHT="47" WIDTH="30" VPOS="1313" HPOS="615"/>
<String CONTENT="2c." HEIGHT="40" WIDTH="65" VPOS="1313" HPOS="646"/>
<SP HEIGHT="29" WIDTH="31" VPOS="1322" HPOS="712"/>
<String CONTENT="and" HEIGHT="39" WIDTH="95" VPOS="1313" HPOS="744"/>
<SP HEIGHT="39" WIDTH="28" VPOS="1313" HPOS="840"/>
<String CS="1" CONTENT="aff."/>
<SP HEIGHT="39" WIDTH="30" VPOS="1312" HPOS="951"/>
<String CONTENT="Dec." HEIGHT="39" WIDTH="113" VPOS="1312" HPOS="982"/>
<SP HEIGHT="39" WIDTH="29" VPOS="1311" HPOS="1096"/>
<String CONTENT="6;" HEIGHT="45" WIDTH="50" VPOS="1311" HPOS="1126"/>
<SP HEIGHT="46" WIDTH="32" VPOS="1310" HPOS="1177"/>
<!-- cceid 11228024-6D7D-1014-B4A5-D7A31D17AB40 --><String CONTENT="A" HEIGHT="39" WIDTH="41" VPOS="1310" HPOS="1210"/>
<SP HEIGHT="40" WIDTH="28" VPOS="1310" HPOS="1252"/>
<String CONTENT="57617;" HEIGHT="47" WIDTH="169" VPOS="1310" HPOS="1281"/>
<SP HEIGHT="48" WIDTH="33" VPOS="1309" HPOS="1451"/>
<String CONTENT="Charles" HEIGHT="41" WIDTH="200" VPOS="1309" HPOS="1485"/>
<SP HEIGHT="40" WIDTH="32" VPOS="1310" HPOS="1686"/>
<String CONTENT="C." HEIGHT="40" WIDTH="48" VPOS="1310" HPOS="1719"/>
<SP HEIGHT="38" WIDTH="30" VPOS="1310" HPOS="1768"/>
<String CONTENT="Robertson" HEIGHT="40" WIDTH="271" VPOS="1309" HPOS="1799"/>
<SP HEIGHT="40" WIDTH="28" VPOS="1310" HPOS="2071"/>
<String CONTENT="&amp;" HEIGHT="40" WIDTH="38" VPOS="1310" HPOS="2100"/>
</TextLine>
<TextLine HEIGHT="52" WIDTH="1335" VPOS="1366" HPOS="215">
<String CONTENT="Bobby" HEIGHT="46" WIDTH="165" VPOS="1372" HPOS="215"/>
<SP HEIGHT="47" WIDTH="28" VPOS="1371" HPOS="381"/>
<String CONTENT="Philbrick," HEIGHT="47" WIDTH="262" VPOS="1370" HPOS="410"/>
<SP HEIGHT="47" WIDTH="30" VPOS="1370" HPOS="673"/>
<String CONTENT="Beverly" HEIGHT="47" WIDTH="205" VPOS="1369" HPOS="704"/>
<SP HEIGHT="47" WIDTH="29" VPOS="1369" HPOS="910"/>
<String CONTENT="Hills," HEIGHT="46" WIDTH="142" VPOS="1368" HPOS="940"/>
<SP HEIGHT="47" WIDTH="31" VPOS="1367" HPOS="1083"/>
<String CONTENT="Calif." HEIGHT="42" WIDTH="143" VPOS="1366" HPOS="1115"/>
<SP HEIGHT="47" WIDTH="69" VPOS="1367" HPOS="1259"/>
<String CONTENT="(33-843)" HEIGHT="48" WIDTH="221" VPOS="1367" HPOS="1329"/>
</TextLine>
<TextLine HEIGHT="67" WIDTH="845" VPOS="1470" HPOS="144" STYLEREFS="StyleId-051B9F4F-D522-4A47-AA36-14249A21B2B5-">
<String LANG="de" CONTENT="Reichenbach," HEIGHT="66" WIDTH="428" VPOS="1470" HPOS="144"/>
<SP HEIGHT="62" WIDTH="28" VPOS="1474" HPOS="573"/>
<String LANG="en-US" CONTENT="Hans," HEIGHT="63" WIDTH="184" VPOS="1474" HPOS="602"/>
<SP HEIGHT="59" WIDTH="30" VPOS="1478" HPOS="787"/>
<String LANG="en-US" CONTENT="1891-" HEIGHT="50" WIDTH="171" VPOS="1476" HPOS="818"/>
</TextLine>
<TextLine HEIGHT="69" WIDTH="1919" VPOS="1548" HPOS="214" STYLEREFS="StyleId-28AF40F7-7B47-41F7-A01D-AC8863D6C20B-">
<String CONTENT="Atom" HEIGHT="53" WIDTH="177" VPOS="1549" HPOS="214"/>
<SP HEIGHT="34" WIDTH="35" VPOS="1569" HPOS="392"/>
<String CONTENT="and" HEIGHT="52" WIDTH="112" VPOS="1551" HPOS="428"/>
<SP HEIGHT="53" WIDTH="34" VPOS="1551" HPOS="541"/>
<String CONTENT="cosmos;" HEIGHT="49" WIDTH="240" VPOS="1567" HPOS="576"/>
<SP HEIGHT="60" WIDTH="38" VPOS="1556" HPOS="817"/>
<String CONTENT="the" HEIGHT="52" WIDTH="95" VPOS="1550" HPOS="856"/>
<SP HEIGHT="33" WIDTH="34" VPOS="1568" HPOS="952"/>
<String CONTENT="world" HEIGHT="52" WIDTH="181" VPOS="1549" HPOS="987"/>
<SP HEIGHT="52" WIDTH="34" VPOS="1549" HPOS="1169"/>
<String CONTENT="of" HEIGHT="52" WIDTH="63" VPOS="1548" HPOS="1204"/>
<SP HEIGHT="52" WIDTH="33" VPOS="1548" HPOS="1268"/>
<String CONTENT="modern" HEIGHT="51" WIDTH="237" VPOS="1549" HPOS="1302"/>
<SP HEIGHT="50" WIDTH="33" VPOS="1566" HPOS="1540"/>
<String CONTENT="physics," HEIGHT="68" WIDTH="247" VPOS="1548" HPOS="1574"/>
<SP HEIGHT="68" WIDTH="34" VPOS="1548" HPOS="1822"/>
<String CONTENT="by" HEIGHT="69" WIDTH="75" VPOS="1548" HPOS="1857"/>
<SP HEIGHT="68" WIDTH="34" VPOS="1549" HPOS="1933"/>
<String CONTENT="Hans" HEIGHT="51" WIDTH="165" VPOS="1549" HPOS="1968"/>
</TextLine>
<TextLine HEIGHT="69" WIDTH="1928" VPOS="1626" HPOS="145" STYLEREFS="StyleId-28AF40F7-7B47-41F7-A01D-AC8863D6C20B-" CS="1">
<String LANG="de" CONTENT="Reichenbach" HEIGHT="52" WIDTH="394" VPOS="1628" HPOS="145"/>
<SP HEIGHT="50" WIDTH="38" VPOS="1630" HPOS="540"/>
<String LANG="en-US" CS="1" CONTENT="&#8230;"/>
<SP HEIGHT="50" WIDTH="77" VPOS="1629" HPOS="635"/>
<String LANG="en-US" CONTENT="English" HEIGHT="69" WIDTH="246" VPOS="1626" HPOS="713"/>
<SP HEIGHT="50" WIDTH="31" VPOS="1629" HPOS="960"/>
<String LANG="en-US" CONTENT="translation" HEIGHT="53" WIDTH="342" VPOS="1626" HPOS="992"/>
<SP HEIGHT="52" WIDTH="32" VPOS="1627" HPOS="1335"/>
<String LANG="en-US" CONTENT="by" HEIGHT="68" WIDTH="76" VPOS="1627" HPOS="1368"/>
<SP HEIGHT="66" WIDTH="33" VPOS="1629" HPOS="1445"/>
<String LANG="en-US" CONTENT="Edward" HEIGHT="52" WIDTH="254" VPOS="1627" HPOS="1479"/>
<SP HEIGHT="55" WIDTH="35" VPOS="1626" HPOS="1734"/>
<String LANG="en-US" CONTENT="S." HEIGHT="55" WIDTH="56" VPOS="1626" HPOS="1770"/>
<SP HEIGHT="52" WIDTH="33" VPOS="1627" HPOS="1827"/>
<String LANG="en-US" CONTENT="Allen" HEIGHT="52" WIDTH="174" VPOS="1627" HPOS="1861"/>
<SP HEIGHT="33" WIDTH="37" VPOS="1646" HPOS="2036"/>
<String LANG="en-US" CS="1" CONTENT="&#8230;"/>
</TextLine>
<TextLine HEIGHT="69" WIDTH="1224" VPOS="1705" HPOS="143" STYLEREFS="StyleId-28AF40F7-7B47-41F7-A01D-AC8863D6C20B-">
<String CONTENT="London," HEIGHT="68" WIDTH="259" VPOS="1706" HPOS="143"/>
<SP HEIGHT="67" WIDTH="26" VPOS="1707" HPOS="403"/>
<String CONTENT="G." HEIGHT="54" WIDTH="68" VPOS="1707" HPOS="430"/>
<SP HEIGHT="51" WIDTH="25" VPOS="1708" HPOS="499"/>
<String CONTENT="Allen" HEIGHT="52" WIDTH="175" VPOS="1707" HPOS="525"/>
<SP HEIGHT="49" WIDTH="23" VPOS="1711" HPOS="701"/>
<String CONTENT="&amp;" HEIGHT="49" WIDTH="45" VPOS="1711" HPOS="725"/>
<SP HEIGHT="53" WIDTH="25" VPOS="1708" HPOS="771"/>
<String CONTENT="Unwin," HEIGHT="68" WIDTH="232" VPOS="1705" HPOS="797"/>
<SP HEIGHT="66" WIDTH="25" VPOS="1707" HPOS="1030"/>
<String CONTENT="ltd." HEIGHT="54" WIDTH="106" VPOS="1705" HPOS="1056"/>
<SP HEIGHT="33" WIDTH="32" VPOS="1739" HPOS="1163"/>
<String CONTENT="[1932]" HEIGHT="64" WIDTH="171" VPOS="1708" HPOS="1196"/>
</TextLine>
<TextLine HEIGHT="49" WIDTH="1144" VPOS="1779" HPOS="216" CS="1">
<String CONTENT="300" HEIGHT="40" WIDTH="87" VPOS="1781" HPOS="216"/>
<SP HEIGHT="47" WIDTH="21" VPOS="1781" HPOS="304"/>
<String CONTENT="p." HEIGHT="36" WIDTH="58" VPOS="1792" HPOS="326"/>
<SP HEIGHT="45" WIDTH="25" VPOS="1782" HPOS="385"/>
<String CONTENT="1" HEIGHT="37" WIDTH="24" VPOS="1782" HPOS="411"/>
<SP HEIGHT="37" WIDTH="25" VPOS="1782" HPOS="436"/>
<String CS="1" CONTENT="l." HEIGHT="7" WIDTH="7" VPOS="1811" HPOS="483"/>
<SP HEIGHT="38" WIDTH="25" VPOS="1780" HPOS="491"/>
<String CONTENT="incl." HEIGHT="40" WIDTH="109" VPOS="1780" HPOS="517"/>
<SP HEIGHT="39" WIDTH="24" VPOS="1780" HPOS="627"/>
<String CONTENT="front.," HEIGHT="47" WIDTH="164" VPOS="1780" HPOS="652"/>
<SP HEIGHT="46" WIDTH="27" VPOS="1781" HPOS="817"/>
<String CONTENT="diagrs." HEIGHT="47" WIDTH="177" VPOS="1779" HPOS="845"/>
<SP HEIGHT="37" WIDTH="55" VPOS="1790" HPOS="1023"/>
<String CONTENT="plates." HEIGHT="48" WIDTH="170" VPOS="1779" HPOS="1079"/>
<SP HEIGHT="41" WIDTH="53" VPOS="1779" HPOS="1250"/>
<String CONTENT="20" HEIGHT="40" WIDTH="56" VPOS="1779" HPOS="1304"/>
<String STYLE="superscript" CS="1" CONTENT="&#7580;&#7504;."/>
</TextLine>
<TextLine HEIGHT="50" WIDTH="1924" VPOS="1834" HPOS="218">
<String CONTENT="&#8220;An" HEIGHT="39" WIDTH="101" VPOS="1837" HPOS="218"/>
<SP HEIGHT="30" WIDTH="42" VPOS="1846" HPOS="320"/>
<String CONTENT="outgrowth" HEIGHT="47" WIDTH="274" VPOS="1837" HPOS="363"/>
<SP HEIGHT="39" WIDTH="42" VPOS="1837" HPOS="638"/>
<String CONTENT="of" HEIGHT="40" WIDTH="53" VPOS="1836" HPOS="681"/>
<SP HEIGHT="38" WIDTH="39" VPOS="1836" HPOS="735"/>
<String CONTENT="lectures" HEIGHT="40" WIDTH="209" VPOS="1836" HPOS="775"/>
<SP HEIGHT="30" WIDTH="39" VPOS="1846" HPOS="985"/>
<String CONTENT="which" HEIGHT="40" WIDTH="158" VPOS="1835" HPOS="1025"/>
<SP HEIGHT="39" WIDTH="43" VPOS="1836" HPOS="1184"/>
<String CONTENT="the" HEIGHT="40" WIDTH="81" VPOS="1835" HPOS="1228"/>
<SP HEIGHT="29" WIDTH="42" VPOS="1846" HPOS="1310"/>
<String CONTENT="author" HEIGHT="40" WIDTH="178" VPOS="1835" HPOS="1353"/>
<SP HEIGHT="39" WIDTH="41" VPOS="1835" HPOS="1532"/>
<String CONTENT="broadcast" HEIGHT="40" WIDTH="260" VPOS="1835" HPOS="1574"/>
<SP HEIGHT="40" WIDTH="43" VPOS="1835" HPOS="1835"/>
<String CONTENT="in" HEIGHT="39" WIDTH="49" VPOS="1835" HPOS="1879"/>
<SP HEIGHT="38" WIDTH="44" VPOS="1836" HPOS="1929"/>
<String CONTENT="Berlin" HEIGHT="40" WIDTH="168" VPOS="1834" HPOS="1974"/>
</TextLine>
<TextLine HEIGHT="49" WIDTH="1032" VPOS="1891" HPOS="144">
<String CONTENT="during" HEIGHT="47" WIDTH="178" VPOS="1893" HPOS="144"/>
<SP HEIGHT="45" WIDTH="24" VPOS="1895" HPOS="323"/>
<String CONTENT="the" HEIGHT="39" WIDTH="81" VPOS="1893" HPOS="348"/>
<SP HEIGHT="28" WIDTH="27" VPOS="1904" HPOS="430"/>
<String CONTENT="winter" HEIGHT="41" WIDTH="174" VPOS="1892" HPOS="458"/>
<SP HEIGHT="28" WIDTH="24" VPOS="1904" HPOS="633"/>
<String CONTENT="of" HEIGHT="39" WIDTH="52" VPOS="1893" HPOS="658"/>
<SP HEIGHT="39" WIDTH="26" VPOS="1893" HPOS="711"/>
<String CONTENT="1929-30.&#8221;&#8212;Pref." HEIGHT="41" WIDTH="438" VPOS="1891" HPOS="738"/>
</TextLine>
<TextLine HEIGHT="51" WIDTH="1924" VPOS="1946" HPOS="218">
<String CONTENT="&#8220;The" HEIGHT="39" WIDTH="129" VPOS="1950" HPOS="218"/>
<SP HEIGHT="39" WIDTH="24" VPOS="1950" HPOS="348"/>
<String CONTENT="English" HEIGHT="49" WIDTH="201" VPOS="1948" HPOS="373"/>
<SP HEIGHT="40" WIDTH="26" VPOS="1949" HPOS="575"/>
<String CONTENT="edition," HEIGHT="47" WIDTH="196" VPOS="1948" HPOS="602"/>
<SP HEIGHT="35" WIDTH="28" VPOS="1960" HPOS="799"/>
<String CONTENT="revised" HEIGHT="42" WIDTH="188" VPOS="1947" HPOS="828"/>
<SP HEIGHT="39" WIDTH="26" VPOS="1949" HPOS="1017"/>
<String CONTENT="and" HEIGHT="39" WIDTH="96" VPOS="1949" HPOS="1044"/>
<SP HEIGHT="39" WIDTH="26" VPOS="1948" HPOS="1141"/>
<String CONTENT="brought" HEIGHT="47" WIDTH="208" VPOS="1948" HPOS="1168"/>
<SP HEIGHT="38" WIDTH="26" VPOS="1950" HPOS="1377"/>
<String CONTENT="up" HEIGHT="37" WIDTH="64" VPOS="1958" HPOS="1404"/>
<SP HEIGHT="45" WIDTH="25" VPOS="1950" HPOS="1469"/>
<String CONTENT="to" HEIGHT="37" WIDTH="48" VPOS="1950" HPOS="1495"/>
<SP HEIGHT="38" WIDTH="28" VPOS="1949" HPOS="1544"/>
<String CONTENT="date" HEIGHT="39" WIDTH="112" VPOS="1949" HPOS="1573"/>
<SP HEIGHT="39" WIDTH="26" VPOS="1948" HPOS="1686"/>
<String CONTENT="in" HEIGHT="39" WIDTH="51" VPOS="1948" HPOS="1713"/>
<SP HEIGHT="29" WIDTH="25" VPOS="1959" HPOS="1765"/>
<String CONTENT="collaboration" HEIGHT="42" WIDTH="351" VPOS="1946" HPOS="1791"/>
</TextLine>
<TextLine HEIGHT="49" WIDTH="1047" VPOS="2003" HPOS="146">
<String CONTENT="with" HEIGHT="39" WIDTH="120" VPOS="2006" HPOS="146"/>
<SP HEIGHT="40" WIDTH="25" VPOS="2006" HPOS="267"/>
<String CONTENT="the" HEIGHT="40" WIDTH="83" VPOS="2006" HPOS="293"/>
<SP HEIGHT="29" WIDTH="25" VPOS="2016" HPOS="377"/>
<String CONTENT="author," HEIGHT="46" WIDTH="190" VPOS="2006" HPOS="403"/>
<SP HEIGHT="35" WIDTH="28" VPOS="2017" HPOS="594"/>
<String CONTENT="was" HEIGHT="29" WIDTH="100" VPOS="2016" HPOS="623"/>
<SP HEIGHT="37" WIDTH="26" VPOS="2015" HPOS="724"/>
<String CONTENT="published" HEIGHT="48" WIDTH="256" VPOS="2004" HPOS="751"/>
<SP HEIGHT="38" WIDTH="27" VPOS="2006" HPOS="1008"/>
<String CONTENT="1932.&#8221;" HEIGHT="41" WIDTH="157" VPOS="2003" HPOS="1036"/>
</TextLine>
<TextLine HEIGHT="52" WIDTH="1992" VPOS="2072" HPOS="150" CS="1">
<String CONTENT="&#169;" HEIGHT="52" WIDTH="51" VPOS="2072" HPOS="150"/>
<SP/>
<String CS="1" CONTENT="1c."/>
<SP/>
<String CONTENT="Dec." HEIGHT="39" WIDTH="111" VPOS="2076" HPOS="323"/>
<SP HEIGHT="40" WIDTH="26" VPOS="2075" HPOS="435"/>
<String CONTENT="9," HEIGHT="46" WIDTH="39" VPOS="2075" HPOS="462"/>
<SP HEIGHT="45" WIDTH="26" VPOS="2076" HPOS="502"/>
<String CS="1" CONTENT="1932;" HEIGHT="41" WIDTH="115" VPOS="2074" HPOS="529"/>
<SP HEIGHT="46" WIDTH="28" VPOS="2076" HPOS="671"/>
<!-- cceid 11228469-6D7D-1014-B4A5-D7A31D17AB40 --><String CONTENT="A" HEIGHT="38" WIDTH="40" VPOS="2076" HPOS="700"/>
<SP HEIGHT="40" WIDTH="25" VPOS="2076" HPOS="741"/>
<String CONTENT="ad" HEIGHT="39" WIDTH="61" VPOS="2077" HPOS="767"/>
<SP HEIGHT="41" WIDTH="25" VPOS="2074" HPOS="829"/>
<String CONTENT="int." HEIGHT="41" WIDTH="87" VPOS="2074" HPOS="855"/>
<SP HEIGHT="38" WIDTH="27" VPOS="2077" HPOS="943"/>
<String CS="1" CONTENT="17196;" HEIGHT="41" WIDTH="142" VPOS="2074" HPOS="971"/>
<SP HEIGHT="37" WIDTH="29" VPOS="2086" HPOS="1141"/>
<String CONTENT="pubd." HEIGHT="48" WIDTH="142" VPOS="2075" HPOS="1171"/>
<SP HEIGHT="40" WIDTH="28" VPOS="2075" HPOS="1314"/>
<String CONTENT="Nov." HEIGHT="41" WIDTH="117" VPOS="2075" HPOS="1343"/>
<SP HEIGHT="40" WIDTH="27" VPOS="2076" HPOS="1461"/>
<String CS="1" CONTENT="15;" HEIGHT="39" WIDTH="55" VPOS="2075" HPOS="1489"/>
<SP HEIGHT="46" WIDTH="29" VPOS="2076" HPOS="1572"/>
<String CONTENT="Macmillan" HEIGHT="41" WIDTH="282" VPOS="2073" HPOS="1602"/>
<SP HEIGHT="29" WIDTH="27" VPOS="2086" HPOS="1885"/>
<String CONTENT="co.," HEIGHT="38" WIDTH="81" VPOS="2085" HPOS="1913"/>
<SP HEIGHT="48" WIDTH="28" VPOS="2075" HPOS="1995"/>
<String CONTENT="New" HEIGHT="41" WIDTH="118" VPOS="2075" HPOS="2024"/>
</TextLine>
<TextLine HEIGHT="48" WIDTH="464" VPOS="2132" HPOS="216">
<String CONTENT="York." HEIGHT="39" WIDTH="144" VPOS="2133" HPOS="216"/>
<SP HEIGHT="47" WIDTH="68" VPOS="2133" HPOS="361"/>
<String CONTENT="(33-2507)" HEIGHT="48" WIDTH="250" VPOS="2132" HPOS="430"/>
</TextLine>
<TextLine HEIGHT="66" WIDTH="1212" VPOS="2232" HPOS="145" STYLEREFS="StyleId-051B9F4F-D522-4A47-AA36-14249A21B2B5-">
<String CONTENT="Reisner," HEIGHT="66" WIDTH="264" VPOS="2232" HPOS="145"/>
<SP HEIGHT="62" WIDTH="31" VPOS="2236" HPOS="410"/>
<String CONTENT="Christian" HEIGHT="57" WIDTH="304" VPOS="2232" HPOS="442"/>
<SP HEIGHT="52" WIDTH="27" VPOS="2235" HPOS="747"/>
<String CONTENT="Fichthorne," HEIGHT="65" WIDTH="378" VPOS="2233" HPOS="775"/>
<SP HEIGHT="58" WIDTH="32" VPOS="2240" HPOS="1154"/>
<String CONTENT="1872-" HEIGHT="54" WIDTH="170" VPOS="2234" HPOS="1187"/>
</TextLine>
<TextLine HEIGHT="69" WIDTH="1927" VPOS="2311" HPOS="217" STYLEREFS="StyleId-28AF40F7-7B47-41F7-A01D-AC8863D6C20B-" CS="1">
<String CONTENT="God&#8217;s" HEIGHT="55" WIDTH="173" VPOS="2311" HPOS="217"/>
<SP HEIGHT="49" WIDTH="26" VPOS="2330" HPOS="391"/>
<String CONTENT="power" HEIGHT="49" WIDTH="190" VPOS="2330" HPOS="418"/>
<SP HEIGHT="53" WIDTH="26" VPOS="2311" HPOS="609"/>
<String CONTENT="for" HEIGHT="54" WIDTH="95" VPOS="2311" HPOS="636"/>
<SP HEIGHT="33" WIDTH="23" VPOS="2331" HPOS="732"/>
<String CONTENT="me," HEIGHT="49" WIDTH="106" VPOS="2330" HPOS="756"/>
<SP HEIGHT="67" WIDTH="23" VPOS="2312" HPOS="863"/>
<String CONTENT="by" HEIGHT="68" WIDTH="75" VPOS="2312" HPOS="887"/>
<SP HEIGHT="69" WIDTH="27" VPOS="2311" HPOS="963"/>
<String CONTENT="Christian" HEIGHT="55" WIDTH="295" VPOS="2311" HPOS="991"/>
<SP HEIGHT="52" WIDTH="26" VPOS="2312" HPOS="1287"/>
<String CONTENT="F." HEIGHT="51" WIDTH="66" VPOS="2312" HPOS="1314"/>
<SP HEIGHT="52" WIDTH="27" VPOS="2312" HPOS="1381"/>
<String CONTENT="Reisner" HEIGHT="54" WIDTH="238" VPOS="2311" HPOS="1409"/>
<SP HEIGHT="33" WIDTH="31" VPOS="2331" HPOS="1648"/>
<String CS="1" CONTENT="&#8230;"/>
<SP HEIGHT="53" WIDTH="77" VPOS="2312" HPOS="1736"/>
<String CONTENT="New" HEIGHT="53" WIDTH="140" VPOS="2312" HPOS="1814"/>
<SP HEIGHT="52" WIDTH="25" VPOS="2312" HPOS="1955"/>
<String CONTENT="York" HEIGHT="52" WIDTH="163" VPOS="2312" HPOS="1981"/>
</TextLine>
<TextLine HEIGHT="69" WIDTH="1308" VPOS="2389" HPOS="150" STYLEREFS="StyleId-28AF40F7-7B47-41F7-A01D-AC8863D6C20B-" CS="1">
<String CONTENT="[etc.]" HEIGHT="61" WIDTH="139" VPOS="2396" HPOS="150"/>
<SP HEIGHT="67" WIDTH="31" VPOS="2390" HPOS="290"/>
<String CONTENT="Fleming" HEIGHT="68" WIDTH="268" VPOS="2390" HPOS="322"/>
<SP HEIGHT="69" WIDTH="24" VPOS="2389" HPOS="591"/>
<String CONTENT="H." HEIGHT="53" WIDTH="77" VPOS="2389" HPOS="616"/>
<SP HEIGHT="52" WIDTH="29" VPOS="2390" HPOS="694"/>
<String CONTENT="Revell" HEIGHT="53" WIDTH="198" VPOS="2390" HPOS="724"/>
<SP HEIGHT="52" WIDTH="28" VPOS="2391" HPOS="923"/>
<String CONTENT="company" HEIGHT="49" WIDTH="281" VPOS="2408" HPOS="952"/>
<SP HEIGHT="48" WIDTH="30" VPOS="2409" HPOS="1234"/>
<String CS="1" CONTENT="["/>
<String STYLE="superscript" CS="1" CONTENT="&#7580;19"/>
<String CONTENT="32]" HEIGHT="64" WIDTH="84" VPOS="2392" HPOS="1374"/>
</TextLine>
<TextLine HEIGHT="49" WIDTH="269" VPOS="2462" HPOS="215" CS="1">
<String CONTENT="159" HEIGHT="40" WIDTH="87" VPOS="2463" HPOS="215"/>
<SP HEIGHT="48" WIDTH="20" VPOS="2463" HPOS="303"/>
<String CONTENT="p." HEIGHT="37" WIDTH="42" VPOS="2474" HPOS="324"/>
<SP HEIGHT="39" WIDTH="58" VPOS="2463" HPOS="367"/>
<String CS="1" CONTENT="19&#189;&#7580;&#7504;." HEIGHT="41" WIDTH="58" VPOS="2462" HPOS="426"/>
</TextLine>
<TextLine HEIGHT="52" WIDTH="1989" VPOS="2529" HPOS="152" CS="1">
<String CONTENT="&#169;" HEIGHT="52" WIDTH="52" VPOS="2529" HPOS="152"/>
<SP HEIGHT="52" WIDTH="30" VPOS="2529" HPOS="205"/>
<String CONTENT="Dec." HEIGHT="40" WIDTH="112" VPOS="2534" HPOS="236"/>
<SP HEIGHT="40" WIDTH="28" VPOS="2534" HPOS="349"/>
<String CONTENT="17," HEIGHT="46" WIDTH="69" VPOS="2534" HPOS="378"/>
<SP HEIGHT="45" WIDTH="30" VPOS="2535" HPOS="448"/>
<String CS="1" CONTENT="1932;" HEIGHT="41" WIDTH="113" VPOS="2532" HPOS="479"/>
<SP HEIGHT="47" WIDTH="31" VPOS="2533" HPOS="619"/>
<String CONTENT="2c." HEIGHT="40" WIDTH="68" VPOS="2533" HPOS="651"/>
<SP HEIGHT="30" WIDTH="30" VPOS="2543" HPOS="720"/>
<String CONTENT="and" HEIGHT="39" WIDTH="96" VPOS="2534" HPOS="751"/>
<SP HEIGHT="39" WIDTH="29" VPOS="2534" HPOS="848"/>
<String CONTENT="aff." HEIGHT="40" WIDTH="83" VPOS="2532" HPOS="878"/>
<SP HEIGHT="39" WIDTH="29" VPOS="2533" HPOS="962"/>
<String CONTENT="Dec." HEIGHT="39" WIDTH="112" VPOS="2533" HPOS="992"/>
<SP HEIGHT="40" WIDTH="29" VPOS="2532" HPOS="1105"/>
<String CS="1" CONTENT="20;" HEIGHT="40" WIDTH="60" VPOS="2532" HPOS="1135"/>
<SP HEIGHT="46" WIDTH="32" VPOS="2533" HPOS="1219"/>
<!-- cceid 112288EA-6D7D-1014-B4A5-D7A31D17AB40 --><String CONTENT="A" HEIGHT="38" WIDTH="42" VPOS="2533" HPOS="1252"/>
<SP HEIGHT="39" WIDTH="29" VPOS="2533" HPOS="1295"/>
<String CS="1" CONTENT="58479;" HEIGHT="42" WIDTH="143" VPOS="2531" HPOS="1325"/>
<SP HEIGHT="46" WIDTH="32" VPOS="2533" HPOS="1496"/>
<String CONTENT="Fleming" HEIGHT="48" WIDTH="220" VPOS="2532" HPOS="1529"/>
<SP HEIGHT="47" WIDTH="29" VPOS="2533" HPOS="1750"/>
<String CONTENT="H." HEIGHT="38" WIDTH="60" VPOS="2533" HPOS="1780"/>
<SP HEIGHT="38" WIDTH="33" VPOS="2533" HPOS="1841"/>
<String CONTENT="Revell" HEIGHT="40" WIDTH="167" VPOS="2532" HPOS="1875"/>
<SP HEIGHT="40" WIDTH="31" VPOS="2533" HPOS="2043"/>
<String CONTENT="co." HEIGHT="30" WIDTH="66" VPOS="2544" HPOS="2075"/>
</TextLine>
<TextLine HEIGHT="48" WIDTH="219" VPOS="2589" HPOS="230">
<String CONTENT="(33-823)" HEIGHT="48" WIDTH="219" VPOS="2589" HPOS="230"/>
</TextLine>
<TextLine HEIGHT="66" WIDTH="1240" VPOS="2689" HPOS="149" STYLEREFS="StyleId-28AF40F7-7B47-41F7-A01D-AC8863D6C20B-">
<String CONTENT="Rich," HEIGHT="65" WIDTH="166" VPOS="2689" HPOS="149"/>
<SP HEIGHT="62" WIDTH="28" VPOS="2692" HPOS="316"/>
<String CONTENT="Charles" HEIGHT="55" WIDTH="245" VPOS="2690" HPOS="345"/>
<SP HEIGHT="52" WIDTH="26" VPOS="2692" HPOS="591"/>
<String CONTENT="Edwin" HEIGHT="52" WIDTH="206" VPOS="2691" HPOS="618"/>
<SP HEIGHT="51" WIDTH="27" VPOS="2692" HPOS="825"/>
<String CONTENT="Frederick," HEIGHT="65" WIDTH="334" VPOS="2690" HPOS="853"/>
<SP HEIGHT="57" WIDTH="30" VPOS="2698" HPOS="1188"/>
<String CONTENT="1871-" HEIGHT="54" WIDTH="170" VPOS="2692" HPOS="1219"/>
</TextLine>
<TextLine HEIGHT="69" WIDTH="1923" VPOS="2766" HPOS="219" STYLEREFS="StyleId-28AF40F7-7B47-41F7-A01D-AC8863D6C20B-" CS="1">
<String CONTENT="Recollections" HEIGHT="53" WIDTH="408" VPOS="2767" HPOS="219"/>
<SP HEIGHT="34" WIDTH="33" VPOS="2786" HPOS="628"/>
<String CONTENT="of" HEIGHT="52" WIDTH="64" VPOS="2767" HPOS="662"/>
<SP HEIGHT="53" WIDTH="32" VPOS="2767" HPOS="727"/>
<String CONTENT="a" HEIGHT="33" WIDTH="31" VPOS="2787" HPOS="760"/>
<SP HEIGHT="48" WIDTH="34" VPOS="2786" HPOS="792"/>
<String CONTENT="prison" HEIGHT="66" WIDTH="197" VPOS="2768" HPOS="827"/>
<SP HEIGHT="49" WIDTH="32" VPOS="2786" HPOS="1025"/>
<String CONTENT="governor," HEIGHT="49" WIDTH="297" VPOS="2786" HPOS="1058"/>
<SP HEIGHT="66" WIDTH="31" VPOS="2769" HPOS="1356"/>
<String CONTENT="by" HEIGHT="66" WIDTH="76" VPOS="2769" HPOS="1388"/>
<SP HEIGHT="67" WIDTH="32" VPOS="2768" HPOS="1465"/>
<String CONTENT="Lieut.-Col." HEIGHT="56" WIDTH="336" VPOS="2766" HPOS="1498"/>
<SP HEIGHT="55" WIDTH="37" VPOS="2767" HPOS="1835"/>
<String CONTENT="C." HEIGHT="55" WIDTH="62" VPOS="2767" HPOS="1873"/>
<SP HEIGHT="53" WIDTH="35" VPOS="2769" HPOS="1936"/>
<String CONTENT="E." HEIGHT="53" WIDTH="66" VPOS="2769" HPOS="1972"/>
<SP HEIGHT="53" WIDTH="37" VPOS="2769" HPOS="2039"/>
<String CS="1" CONTENT="F." HEIGHT="10" WIDTH="11" VPOS="2811" HPOS="2131"/>
</TextLine>
<TextLine HEIGHT="68" WIDTH="1755" VPOS="2844" HPOS="149" STYLEREFS="StyleId-28AF40F7-7B47-41F7-A01D-AC8863D6C20B-" CS="1">
<String CONTENT="Rich," HEIGHT="67" WIDTH="165" VPOS="2844" HPOS="149"/>
<SP HEIGHT="49" WIDTH="28" VPOS="2862" HPOS="315"/>
<String CS="1" CONTENT="D." HEIGHT="9" WIDTH="9" VPOS="2887" HPOS="382"/>
<SP HEIGHT="36" WIDTH="34" VPOS="2860" HPOS="392"/>
<String CS="1" CONTENT="S." HEIGHT="9" WIDTH="9" VPOS="2887" HPOS="458"/>
<SP HEIGHT="35" WIDTH="32" VPOS="2861" HPOS="468"/>
<String CS="1" CONTENT="O." HEIGHT="9" WIDTH="10" VPOS="2887" HPOS="538"/>
<SP HEIGHT="51" WIDTH="73" VPOS="2845" HPOS="549"/>
<String CONTENT="London," HEIGHT="65" WIDTH="256" VPOS="2845" HPOS="623"/>
<SP HEIGHT="64" WIDTH="31" VPOS="2846" HPOS="880"/>
<String CONTENT="Hurst" HEIGHT="52" WIDTH="188" VPOS="2846" HPOS="912"/>
<SP HEIGHT="44" WIDTH="30" VPOS="2854" HPOS="1101"/>
<String CONTENT="and" HEIGHT="51" WIDTH="112" VPOS="2846" HPOS="1132"/>
<SP HEIGHT="51" WIDTH="32" VPOS="2846" HPOS="1245"/>
<String CONTENT="Blackett," HEIGHT="67" WIDTH="281" VPOS="2845" HPOS="1278"/>
<SP HEIGHT="66" WIDTH="28" VPOS="2846" HPOS="1560"/>
<String CONTENT="ltd." HEIGHT="53" WIDTH="105" VPOS="2845" HPOS="1589"/>
<SP HEIGHT="34" WIDTH="36" VPOS="2878" HPOS="1695"/>
<String CONTENT="[1932]" HEIGHT="64" WIDTH="172" VPOS="2848" HPOS="1732"/>
</TextLine>
<TextLine HEIGHT="48" WIDTH="954" VPOS="2917" HPOS="220" CS="1">
<String CONTENT="9," HEIGHT="47" WIDTH="39" VPOS="2917" HPOS="220"/>
<SP HEIGHT="46" WIDTH="28" VPOS="2918" HPOS="260"/>
<String CONTENT="13-281" HEIGHT="41" WIDTH="172" VPOS="2917" HPOS="289"/>
<SP HEIGHT="46" WIDTH="27" VPOS="2919" HPOS="462"/>
<String CONTENT="p." HEIGHT="37" WIDTH="43" VPOS="2928" HPOS="490"/>
<SP HEIGHT="41" WIDTH="27" VPOS="2917" HPOS="534"/>
<String CONTENT="incl." HEIGHT="41" WIDTH="109" VPOS="2917" HPOS="562"/>
<SP HEIGHT="40" WIDTH="27" VPOS="2918" HPOS="672"/>
<String CS="1" CONTENT="front." HEIGHT="38" WIDTH="136" VPOS="2918" HPOS="700"/>
<SP HEIGHT="47" WIDTH="26" VPOS="2918" HPOS="851"/>
<String CONTENT="(port.)" HEIGHT="48" WIDTH="173" VPOS="2917" HPOS="878"/>
<SP HEIGHT="47" WIDTH="64" VPOS="2917" HPOS="1052"/>
<String CS="1" CONTENT="23&#189;&#7580;&#7504;." HEIGHT="40" WIDTH="57" VPOS="2917" HPOS="1117"/>
</TextLine>
<TextLine HEIGHT="49" WIDTH="940" VPOS="2972" HPOS="222">
<String CONTENT="Foreword" HEIGHT="40" WIDTH="259" VPOS="2974" HPOS="222"/>
<SP HEIGHT="39" WIDTH="23" VPOS="2974" HPOS="482"/>
<String CONTENT="by" HEIGHT="47" WIDTH="61" VPOS="2974" HPOS="506"/>
<SP HEIGHT="47" WIDTH="23" VPOS="2974" HPOS="568"/>
<String CONTENT="Lord" HEIGHT="39" WIDTH="127" VPOS="2974" HPOS="592"/>
<SP HEIGHT="40" WIDTH="23" VPOS="2974" HPOS="720"/>
<String CONTENT="Justice" HEIGHT="42" WIDTH="186" VPOS="2972" HPOS="744"/>
<SP HEIGHT="40" WIDTH="25" VPOS="2974" HPOS="931"/>
<String CONTENT="Wright." HEIGHT="48" WIDTH="205" VPOS="2973" HPOS="957"/>
</TextLine>
<TextLine HEIGHT="56" WIDTH="1988" VPOS="3040" HPOS="155" CS="1">
<String CONTENT="&#169;" HEIGHT="52" WIDTH="52" VPOS="3040" HPOS="155"/>
<SP/>
<String CS="1" CONTENT="1c."/>
<SP/>
<String CONTENT="Dec." HEIGHT="39" WIDTH="111" VPOS="3044" HPOS="348"/>
<SP HEIGHT="39" WIDTH="35" VPOS="3044" HPOS="460"/>
<String CONTENT="16," HEIGHT="47" WIDTH="68" VPOS="3043" HPOS="496"/>
<SP HEIGHT="44" WIDTH="36" VPOS="3046" HPOS="565"/>
<String CONTENT="1932;" HEIGHT="47" WIDTH="140" VPOS="3043" HPOS="602"/>
<SP HEIGHT="47" WIDTH="37" VPOS="3043" HPOS="743"/>
<!-- cceid 11228D15-6D7D-1014-B4A5-D7A31D17AB40 --><String CONTENT="A" HEIGHT="39" WIDTH="41" VPOS="3043" HPOS="781"/>
<SP HEIGHT="40" WIDTH="35" VPOS="3043" HPOS="823"/>
<String CONTENT="ad" HEIGHT="39" WIDTH="61" VPOS="3045" HPOS="859"/>
<SP HEIGHT="39" WIDTH="34" VPOS="3045" HPOS="921"/>
<String CONTENT="int." HEIGHT="39" WIDTH="86" VPOS="3045" HPOS="956"/>
<SP HEIGHT="37" WIDTH="36" VPOS="3046" HPOS="1043"/>
<String CONTENT="17240;" HEIGHT="47" WIDTH="169" VPOS="3044" HPOS="1080"/>
<SP HEIGHT="38" WIDTH="38" VPOS="3055" HPOS="1250"/>
<String CONTENT="pubd." HEIGHT="47" WIDTH="143" VPOS="3046" HPOS="1289"/>
<SP HEIGHT="41" WIDTH="37" VPOS="3045" HPOS="1433"/>
<String CONTENT="Oct." HEIGHT="41" WIDTH="102" VPOS="3045" HPOS="1471"/>
<SP HEIGHT="41" WIDTH="36" VPOS="3045" HPOS="1574"/>
<String CONTENT="21;" HEIGHT="47" WIDTH="81" VPOS="3045" HPOS="1611"/>
<SP HEIGHT="47" WIDTH="41" VPOS="3045" HPOS="1693"/>
<String CS="1" CONTENT="C"/>
<String LANG="fr" CONTENT="." HEIGHT="9" WIDTH="8" VPOS="3077" HPOS="1775"/>
<SP HEIGHT="40" WIDTH="38" VPOS="3046" HPOS="1784"/>
<String CONTENT="E." HEIGHT="40" WIDTH="53" VPOS="3046" HPOS="1823"/>
<SP HEIGHT="38" WIDTH="38" VPOS="3048" HPOS="1877"/>
<String CONTENT="F." HEIGHT="38" WIDTH="51" VPOS="3048" HPOS="1916"/>
<SP HEIGHT="39" WIDTH="38" VPOS="3047" HPOS="1968"/>
<String CONTENT="Rich," HEIGHT="51" WIDTH="136" VPOS="3045" HPOS="2007"/>
</TextLine>
<TextLine HEIGHT="51" WIDTH="1209" VPOS="3099" HPOS="222">
<String CONTENT="Waltham" HEIGHT="40" WIDTH="248" VPOS="3100" HPOS="222"/>
<SP HEIGHT="40" WIDTH="26" VPOS="3099" HPOS="471"/>
<String CONTENT="Cross," HEIGHT="49" WIDTH="157" VPOS="3099" HPOS="498"/>
<SP HEIGHT="47" WIDTH="26" VPOS="3101" HPOS="656"/>
<String CONTENT="Herts," HEIGHT="46" WIDTH="163" VPOS="3101" HPOS="683"/>
<SP HEIGHT="46" WIDTH="28" VPOS="3101" HPOS="847"/>
<String CONTENT="England." HEIGHT="47" WIDTH="234" VPOS="3101" HPOS="876"/>
<SP HEIGHT="47" WIDTH="69" VPOS="3101" HPOS="1111"/>
<String CONTENT="(33-2243)" HEIGHT="49" WIDTH="250" VPOS="3101" HPOS="1181"/>
</TextLine>
<TextLine HEIGHT="65" WIDTH="886" VPOS="3203" HPOS="153" STYLEREFS="StyleId-051B9F4F-D522-4A47-AA36-14249A21B2B5-">
<String CONTENT="Roper," HEIGHT="64" WIDTH="210" VPOS="3203" HPOS="153"/>
<SP HEIGHT="64" WIDTH="26" VPOS="3203" HPOS="364"/>
<String CONTENT="John" HEIGHT="53" WIDTH="156" VPOS="3203" HPOS="391"/>
<SP HEIGHT="53" WIDTH="27" VPOS="3204" HPOS="548"/>
<String CONTENT="Caswell," HEIGHT="65" WIDTH="261" VPOS="3203" HPOS="576"/>
<SP HEIGHT="58" WIDTH="30" VPOS="3210" HPOS="838"/>
<String CONTENT="1873-" HEIGHT="55" WIDTH="170" VPOS="3204" HPOS="869"/>
</TextLine>
<TextLine HEIGHT="71" WIDTH="1925" VPOS="3281" HPOS="222" STYLEREFS="StyleId-28AF40F7-7B47-41F7-A01D-AC8863D6C20B-" CS="1">
<String CONTENT="The" HEIGHT="53" WIDTH="121" VPOS="3281" HPOS="222"/>
<SP HEIGHT="34" WIDTH="34" VPOS="3300" HPOS="344"/>
<String CONTENT="supreme" HEIGHT="49" WIDTH="259" VPOS="3298" HPOS="379"/>
<SP HEIGHT="53" WIDTH="36" VPOS="3281" HPOS="639"/>
<String CONTENT="law," HEIGHT="67" WIDTH="128" VPOS="3281" HPOS="676"/>
<SP HEIGHT="66" WIDTH="35" VPOS="3282" HPOS="805"/>
<String CONTENT="by" HEIGHT="67" WIDTH="75" VPOS="3282" HPOS="841"/>
<SP HEIGHT="67" WIDTH="36" VPOS="3282" HPOS="917"/>
<String CONTENT="John" HEIGHT="54" WIDTH="157" VPOS="3282" HPOS="954"/>
<SP HEIGHT="55" WIDTH="39" VPOS="3281" HPOS="1112"/>
<String CONTENT="Caswell" HEIGHT="55" WIDTH="239" VPOS="3281" HPOS="1152"/>
<SP HEIGHT="52" WIDTH="38" VPOS="3283" HPOS="1392"/>
<String CONTENT="Roper" HEIGHT="67" WIDTH="193" VPOS="3283" HPOS="1431"/>
<SP HEIGHT="33" WIDTH="42" VPOS="3303" HPOS="1625"/>
<String CS="1" CONTENT="&#8230;"/>
<SP HEIGHT="55" WIDTH="77" VPOS="3282" HPOS="1725"/>
<String CONTENT="Greenville," HEIGHT="70" WIDTH="344" VPOS="3282" HPOS="1803"/>
</TextLine>
<TextLine HEIGHT="70" WIDTH="1283" VPOS="3357" HPOS="154" STYLEREFS="StyleId-28AF40F7-7B47-41F7-A01D-AC8863D6C20B-">
<String LANG="fr" CONTENT="S." HEIGHT="56" WIDTH="58" VPOS="3357" HPOS="154"/>
<SP HEIGHT="55" WIDTH="26" VPOS="3358" HPOS="213"/>
<String CONTENT="C.," HEIGHT="66" WIDTH="82" VPOS="3358" HPOS="240"/>
<SP HEIGHT="65" WIDTH="23" VPOS="3359" HPOS="323"/>
<String CONTENT="Provence," HEIGHT="65" WIDTH="305" VPOS="3359" HPOS="347"/>
<SP HEIGHT="65" WIDTH="23" VPOS="3359" HPOS="653"/>
<String CONTENT="Jarrard" HEIGHT="53" WIDTH="245" VPOS="3359" HPOS="677"/>
<SP HEIGHT="53" WIDTH="26" VPOS="3359" HPOS="923"/>
<String CONTENT="&amp;" HEIGHT="50" WIDTH="46" VPOS="3361" HPOS="950"/>
<SP HEIGHT="52" WIDTH="22" VPOS="3359" HPOS="997"/>
<String CONTENT="Martin," HEIGHT="68" WIDTH="238" VPOS="3359" HPOS="1020"/>
<SP HEIGHT="63" WIDTH="27" VPOS="3364" HPOS="1259"/>
<String CONTENT="1932." HEIGHT="50" WIDTH="150" VPOS="3363" HPOS="1287"/>
</TextLine>
<TextLine HEIGHT="49" WIDTH="467" VPOS="3430" HPOS="220" CS="1">
<String CONTENT="6" HEIGHT="40" WIDTH="29" VPOS="3431" HPOS="220"/>
<SP HEIGHT="48" WIDTH="21" VPOS="3431" HPOS="250"/>
<String CONTENT="p." HEIGHT="37" WIDTH="43" VPOS="3442" HPOS="272"/>
<SP HEIGHT="38" WIDTH="24" VPOS="3432" HPOS="316"/>
<String CS="1" CONTENT="l.,"/>
<SP HEIGHT="48" WIDTH="26" VPOS="3431" HPOS="388"/>
<String CONTENT="173" HEIGHT="40" WIDTH="84" VPOS="3431" HPOS="415"/>
<SP HEIGHT="46" WIDTH="25" VPOS="3432" HPOS="500"/>
<String CONTENT="p." HEIGHT="37" WIDTH="43" VPOS="3441" HPOS="526"/>
<SP HEIGHT="38" WIDTH="58" VPOS="3432" HPOS="570"/>
<String CS="1" CONTENT="19&#189;&#7580;&#7504;." HEIGHT="41" WIDTH="58" VPOS="3430" HPOS="629"/>
</TextLine>
<TextLine HEIGHT="50" WIDTH="1922" VPOS="3488" HPOS="221" CS="1">
<String CONTENT="&#8220;These" HEIGHT="39" WIDTH="183" VPOS="3488" HPOS="221"/>
<SP HEIGHT="29" WIDTH="29" VPOS="3498" HPOS="405"/>
<String CONTENT="messages" HEIGHT="37" WIDTH="242" VPOS="3497" HPOS="435"/>
<SP HEIGHT="29" WIDTH="33" VPOS="3498" HPOS="678"/>
<String CONTENT="were" HEIGHT="29" WIDTH="125" VPOS="3498" HPOS="712"/>
<SP HEIGHT="28" WIDTH="35" VPOS="3499" HPOS="838"/>
<String CS="1" CONTENT="&#8230;"/>
<SP HEIGHT="30" WIDTH="39" VPOS="3507" HPOS="922"/>
<String CONTENT="[broadcast]" HEIGHT="50" WIDTH="288" VPOS="3488" HPOS="962"/>
<SP HEIGHT="39" WIDTH="34" VPOS="3499" HPOS="1251"/>
<String CONTENT="over" HEIGHT="32" WIDTH="115" VPOS="3497" HPOS="1286"/>
<SP HEIGHT="28" WIDTH="29" VPOS="3500" HPOS="1402"/>
<String CONTENT="radio" HEIGHT="41" WIDTH="137" VPOS="3488" HPOS="1432"/>
<SP HEIGHT="29" WIDTH="33" VPOS="3500" HPOS="1570"/>
<String CONTENT="station" HEIGHT="42" WIDTH="184" VPOS="3488" HPOS="1604"/>
<SP HEIGHT="30" WIDTH="31" VPOS="3500" HPOS="1789"/>
<String CONTENT="of" HEIGHT="40" WIDTH="52" VPOS="3490" HPOS="1821"/>
<SP HEIGHT="41" WIDTH="33" VPOS="3490" HPOS="1874"/>
<String CONTENT="W.S.P.A." HEIGHT="41" WIDTH="235" VPOS="3490" HPOS="1908"/>
</TextLine>
<TextLine HEIGHT="48" WIDTH="805" VPOS="3543" HPOS="150">
<String CONTENT="of" HEIGHT="40" WIDTH="52" VPOS="3543" HPOS="150"/>
<SP HEIGHT="41" WIDTH="28" VPOS="3543" HPOS="203"/>
<String CONTENT="Spartanburg," HEIGHT="48" WIDTH="347" VPOS="3543" HPOS="232"/>
<SP HEIGHT="47" WIDTH="29" VPOS="3543" HPOS="580"/>
<String LANG="fr" CONTENT="S." HEIGHT="41" WIDTH="43" VPOS="3543" HPOS="610"/>
<SP HEIGHT="41" WIDTH="28" VPOS="3543" HPOS="654"/>
<String CONTENT="C.&#8221;&#8212;Pref." HEIGHT="41" WIDTH="272" VPOS="3543" HPOS="683"/>
</TextLine>
<TextLine HEIGHT="53" WIDTH="1986" VPOS="3611" HPOS="156" CS="1">
<String CONTENT="&#169;" HEIGHT="52" WIDTH="52" VPOS="3611" HPOS="156"/>
<SP HEIGHT="52" WIDTH="27" VPOS="3611" HPOS="209"/>
<String CONTENT="Nov." HEIGHT="39" WIDTH="118" VPOS="3616" HPOS="237"/>
<SP HEIGHT="37" WIDTH="28" VPOS="3616" HPOS="356"/>
<String CONTENT="14," HEIGHT="45" WIDTH="68" VPOS="3616" HPOS="385"/>
<SP HEIGHT="45" WIDTH="29" VPOS="3616" HPOS="454"/>
<String CS="1" CONTENT="1932;" HEIGHT="41" WIDTH="116" VPOS="3613" HPOS="484"/>
<SP/>
<String CS="1" CONTENT="1c."/>
<SP/>
<String CONTENT="Nov." HEIGHT="39" WIDTH="115" VPOS="3615" HPOS="753"/>
<SP HEIGHT="37" WIDTH="31" VPOS="3617" HPOS="869"/>
<String CS="1" CONTENT="14;" HEIGHT="37" WIDTH="55" VPOS="3617" HPOS="901"/>
<SP/>
<String CS="1" CONTENT="1c."/>
<SP/>
<String CONTENT="and" HEIGHT="39" WIDTH="95" VPOS="3617" HPOS="1112"/>
<SP HEIGHT="39" WIDTH="29" VPOS="3617" HPOS="1208"/>
<String CONTENT="aff." HEIGHT="39" WIDTH="81" VPOS="3616" HPOS="1238"/>
<SP HEIGHT="38" WIDTH="28" VPOS="3617" HPOS="1320"/>
<String CONTENT="Nov." HEIGHT="41" WIDTH="119" VPOS="3617" HPOS="1349"/>
<SP HEIGHT="42" WIDTH="27" VPOS="3616" HPOS="1469"/>
<String CS="1" CONTENT="22;" HEIGHT="39" WIDTH="55" VPOS="3616" HPOS="1497"/>
<SP HEIGHT="47" WIDTH="31" VPOS="3617" HPOS="1581"/>
<!-- cceid 11229161-6D7D-1014-B4A5-D7A31D17AB40 --><String CONTENT="A" HEIGHT="39" WIDTH="42" VPOS="3617" HPOS="1613"/>
<SP HEIGHT="39" WIDTH="26" VPOS="3617" HPOS="1656"/>
<String CS="1" CONTENT="58083;" HEIGHT="40" WIDTH="143" VPOS="3617" HPOS="1683"/>
<SP HEIGHT="45" WIDTH="32" VPOS="3618" HPOS="1854"/>
<String CONTENT="Provence," HEIGHT="46" WIDTH="255" VPOS="3618" HPOS="1887"/>
</TextLine>
<TextLine HEIGHT="47" WIDTH="811" VPOS="3670" HPOS="223">
<String CONTENT="Jarrard" HEIGHT="38" WIDTH="208" VPOS="3672" HPOS="223"/>
<SP HEIGHT="39" WIDTH="23" VPOS="3671" HPOS="432"/>
<String CONTENT="&amp;" HEIGHT="38" WIDTH="36" VPOS="3671" HPOS="456"/>
<SP HEIGHT="38" WIDTH="24" VPOS="3671" HPOS="493"/>
<String CONTENT="Martin." HEIGHT="40" WIDTH="195" VPOS="3670" HPOS="518"/>
<SP HEIGHT="46" WIDTH="70" VPOS="3671" HPOS="714"/>
<String CONTENT="(33-1187)" HEIGHT="46" WIDTH="249" VPOS="3671" HPOS="785"/>
</TextLine>
<TextLine HEIGHT="68" WIDTH="1187" VPOS="3771" HPOS="152" STYLEREFS="StyleId-28AF40F7-7B47-41F7-A01D-AC8863D6C20B-">
<String LANG="de" CONTENT="Rosenbach," HEIGHT="65" WIDTH="365" VPOS="3771" HPOS="152"/>
<SP HEIGHT="63" WIDTH="27" VPOS="3773" HPOS="518"/>
<String LANG="en-US" CONTENT="Abraham" HEIGHT="53" WIDTH="304" VPOS="3772" HPOS="546"/>
<SP HEIGHT="53" WIDTH="26" VPOS="3774" HPOS="851"/>
<String LANG="en-US" CONTENT="S." HEIGHT="54" WIDTH="57" VPOS="3774" HPOS="878"/>
<SP HEIGHT="53" WIDTH="26" VPOS="3775" HPOS="936"/>
<String LANG="en-US" CONTENT="Wolf," HEIGHT="66" WIDTH="175" VPOS="3773" HPOS="963"/>
<SP HEIGHT="58" WIDTH="29" VPOS="3781" HPOS="1139"/>
<String LANG="en-US" CONTENT="1876-" HEIGHT="54" WIDTH="170" VPOS="3775" HPOS="1169"/>
</TextLine>
<TextLine HEIGHT="130" WIDTH="1966" VPOS="3858" HPOS="149" STYLEREFS="StyleId-28AF40F7-7B47-41F7-A01D-AC8863D6C20B-" CS="1">
<String CONTENT="The" HEIGHT="53" WIDTH="120" VPOS="3859" HPOS="221"/>
<SP HEIGHT="35" WIDTH="41" VPOS="3877" HPOS="342"/>
<String CONTENT="all-embracing" HEIGHT="70" WIDTH="432" VPOS="3858" HPOS="384"/>
<SP HEIGHT="68" WIDTH="38" VPOS="3860" HPOS="817"/>
<String CONTENT="Doctor" HEIGHT="53" WIDTH="215" VPOS="3860" HPOS="856"/>
<SP HEIGHT="51" WIDTH="42" VPOS="3862" HPOS="1072"/>
<String CONTENT="Franklin," HEIGHT="68" WIDTH="301" VPOS="3861" HPOS="1115"/>
<SP HEIGHT="66" WIDTH="39" VPOS="3863" HPOS="1417"/>
<String CONTENT="by" HEIGHT="68" WIDTH="76" VPOS="3863" HPOS="1457"/>
<SP HEIGHT="69" WIDTH="39" VPOS="3862" HPOS="1534"/>
<String CONTENT="A." HEIGHT="53" WIDTH="72" VPOS="3862" HPOS="1574"/>
<SP HEIGHT="56" WIDTH="44" VPOS="3861" HPOS="1647"/>
<String LANG="fr" CONTENT="S." HEIGHT="56" WIDTH="57" VPOS="3861" HPOS="1692"/>
<SP HEIGHT="53" WIDTH="42" VPOS="3863" HPOS="1750"/>
<String CONTENT="W." HEIGHT="53" WIDTH="90" VPOS="3863" HPOS="1793"/>
<SP HEIGHT="53" WIDTH="44" VPOS="3863" HPOS="1884"/>
<String CONTENT="Rosenbach." HEIGHT="125" WIDTH="1966" VPOS="3863" HPOS="149"/>
</TextLine>
<TextLine HEIGHT="70" WIDTH="1009" VPOS="3936" HPOS="371" STYLEREFS="StyleId-28AF40F7-7B47-41F7-A01D-AC8863D6C20B-">
<String CONTENT="Philadelphia," HEIGHT="67" WIDTH="424" VPOS="3936" HPOS="371"/>
<SP HEIGHT="66" WIDTH="24" VPOS="3937" HPOS="796"/>
<String CONTENT="Priv." HEIGHT="53" WIDTH="158" VPOS="3937" HPOS="821"/>
<SP HEIGHT="49" WIDTH="25" VPOS="3956" HPOS="980"/>
<String CONTENT="print.," HEIGHT="68" WIDTH="195" VPOS="3938" HPOS="1006"/>
<SP HEIGHT="64" WIDTH="27" VPOS="3942" HPOS="1202"/>
<String CONTENT="1932." HEIGHT="50" WIDTH="150" VPOS="3942" HPOS="1230"/>
</TextLine>
<TextLine HEIGHT="50" WIDTH="783" VPOS="4007" HPOS="219" CS="1">
<String CONTENT="45" HEIGHT="40" WIDTH="57" VPOS="4007" HPOS="219"/>
<SP HEIGHT="47" WIDTH="22" VPOS="4008" HPOS="277"/>
<String CS="1" CONTENT="p.,"/>
<SP/>
<String CS="1" CONTENT="1"/>
<SP/>
<String CS="1" CONTENT="l."/>
<SP HEIGHT="40" WIDTH="58" VPOS="4008" HPOS="472"/>
<String CS="1" CONTENT="front."/>
<SP HEIGHT="47" WIDTH="28" VPOS="4009" HPOS="679"/>
<String CONTENT="(port.)" HEIGHT="49" WIDTH="170" VPOS="4008" HPOS="708"/>
<SP HEIGHT="49" WIDTH="66" VPOS="4008" HPOS="879"/>
<String CONTENT="24" HEIGHT="40" WIDTH="56" VPOS="4009" HPOS="946"/>
<String STYLE="superscript" CS="1" CONTENT="&#7580;&#7504;."/>
</TextLine>
<TextLine HEIGHT="51" WIDTH="816" VPOS="4064" HPOS="219">
<String CONTENT="Title" HEIGHT="41" WIDTH="126" VPOS="4064" HPOS="219"/>
<SP HEIGHT="31" WIDTH="30" VPOS="4074" HPOS="346"/>
<String CONTENT="vignette" HEIGHT="48" WIDTH="214" VPOS="4064" HPOS="377"/>
<SP HEIGHT="47" WIDTH="39" VPOS="4066" HPOS="592"/>
<String CONTENT="(coat" HEIGHT="47" WIDTH="132" VPOS="4066" HPOS="632"/>
<SP HEIGHT="40" WIDTH="30" VPOS="4066" HPOS="765"/>
<String CONTENT="of" HEIGHT="40" WIDTH="52" VPOS="4066" HPOS="796"/>
<SP HEIGHT="40" WIDTH="31" VPOS="4066" HPOS="849"/>
<String CONTENT="arms)" HEIGHT="49" WIDTH="154" VPOS="4066" HPOS="881"/>
</TextLine>
</TextBlock>
</PrintSpace>
</Page>
</Layout>
</alto>