2563 4368
1402 4012 100 54 176

437 422 303 65 Thouless,
770 422 221 54 Robert
1022 423 222 64 Henry,
1279 427 169 50 1894-

515 498 266 70 Straight
829 499 112 53 and
991 498 240 54 crooked
1283 497 287 69 thinking,
1622 498 74 68 by
1749 498 213 52 Robert
2013 498 76 52 H.
2143 498 289 54 Thouless.

443 577 138 53 New
610 576 179 65 York,
821 575 198 56 Simon
1050 577 111 52 and
1195 575 286 67 Schuster,
1514 578 150 49 1932.

513 649 83 40 261
625 660 43 37 p.
729 649 177 47 diagrs.
968 649 145 41 20½ᶜᵐ.

452 718 51 50 ©
533 723 108 38 Jan.
672 722 68 42 25,
771 722 139 41 1932;
943 722 67 38 2c.
1039 722 108 38 Jan.
1178 722 81 44 30;
1292 721 80 39 aff.
1403 721 109 39 Jan.
1543 721 81 45 28;
1659 721 37 38 A
1726 721 170 45 47335;
1933 720 161 39 Simon
2127 727 35 38 &
2194 721 242 39 Schuster,

519 777 89 40 inc.
679 776 249 48 (32-4397)

437 882 288 63 Toogood,
759 880 315 64 Granville,
1110 886 169 49 1899-

515 955 1923 68 The shadow of a cloud, by Granville Toogood … New York,
446 1035 243 66 Brewer,
721 1034 241 54 Warren
994 1036 45 49 &
1072 1034 265 62 Putnam,
1373 1036 148 48 1932.

513 1103 631 51 4 p. l., 7-285 p. 19½ᶜᵐ .
454 1174 50 52 ©
536 1179 110 40 Feb.
676 1179 67 47 13,
773 1176 114 42 1932;
943 1177 66 41 2c.
1041 1178 108 39 Feb.
1181 1177 80 45 18;
1294 1176 82 43 aff.
1406 1177 110 39 Feb.
1547 1177 81 46 16;
1659 1178 40 37 A
1727 1177 171 46 48534;
1932 1177 51 41 G.
2014 1178 235 47 Toogood,
521 1177 1899 106 Philadelphia.

800 1234 250 49 (32-4338)

440 1338 261 53 Treusch
729 1355 113 36 von
871 1337 679 66 Buttlar-Brandenfels,
1577 1338 203 63 Horst,
1811 1338 265 66 freiherr,
2105 1343 170 50 1888-

515 1413 302 69 Zeppelins
853 1433 133 34 over
1023 1414 289 68 England,
1348 1413 76 69 by
1461 1413 270 53 Freiherr
1767 1413 251 54 Treusch
2056 1431 110 35 von
2206 1413 232 52 Buttlar

448 1490 411 68 Brandenfels;
893 1491 315 53 translated
1242 1490 153 54 from
1427 1489 96 54 the
1555 1490 252 55 German
1837 1491 76 69 by
1946 1491 261 69 Huntley
445 1491 1970 131 Paterson.

623 1569 140 53 New
789 1568 180 68 York,
992 1569 309 68 Harcourt,
1329 1570 180 51 Brace
1535 1569 112 52 and
1674 1586 280 51 company
2026 1570 152 66 [ᶜ1932]

514 1640 965 50 320 p. front. (port.) plates. 21ᶜᵐ.
518 1698 162 41 “First
710 1698 228 41 edition.”

456 1753 51 51 ©
541 1757 109 42 Jan.
681 1757 69 43 28,
783 1755 140 48 1932;
957 1756 66 41 2c.
1057 1758 94 38 and
1183 1756 82 41 aff.
1300 1757 110 40 Feb.
1442 1757 53 45 4;
1529 1756 40 39 A
1601 1756 170 46 48270;
1808 1756 260 48 Harcourt,
2103 1756 153 38 Brace
2290 1755 36 40 &
2359 1766 81 36 co.,

523 1813 89 40 inc.
684 1813 250 48 (32-4226)

451 1916 70 53 U.
550 1916 56 53 S.
682 1916 182 65 Laws,
894 1921 257 61 statutes,
1179 1922 99 46 etc.

522 1991 216 53 United
777 1992 188 55 States
1002 1993 153 54 Code
1192 1992 325 53 annotated.
1591 1993 280 68 January,
1911 1996 150 63 1932,
2095 1991 344 54 cumulative

452 2070 314 67 pamphlet,
797 2071 333 68 containing
1163 2076 115 47 acts
1310 2071 62 53 of
1406 2090 31 33 a
1467 2073 230 67 general
1729 2072 113 52 and
1873 2076 336 64 permanent
2237 2076 201 47 nature

454 2148 63 51 of
556 2149 96 52 the
690 2147 107 54 72d
838 2149 297 67 Congress,
1175 2147 124 55 first
1337 2150 210 53 session
1585 2155 58 47 to
1683 2149 263 70 January
1984 2153 84 64 23,
2108 2153 151 63 1932,
2298 2150 139 52 with

455 2225 362 52 annotations
857 2225 332 69 construing
1227 2227 97 52 the
1363 2228 137 52 laws
1543 2228 111 52 and
1695 2227 141 53 with
1877 2226 344 55 cumulative
2259 2228 179 53 tables

455 2303 110 52 and
602 2302 188 53 index.
865 2303 140 53 This
1041 2304 344 53 cumulative
1419 2307 299 66 pamphlet
1751 2308 388 67 supplements
2172 2307 96 53 the
2307 2310 131 49 1931

454 2380 203 67 pocket
687 2386 175 62 parts.
941 2380 81 55 St.
1056 2384 165 66 Paul,
1252 2385 158 53 West
1441 2384 335 69 publishing
1807 2405 76 34 co.;
1951 2386 339 67 Northport,
454 2386 1960 124 Edward

641 2458 329 68 Thompson
998 2477 78 37 co.
1110 2493 12 33 [
1151 2463 133 50 ᶜ1932
1290 2493 12 34 ]

522 2530 87 40 199
642 2543 42 36 p.
744 2531 116 40 23ᶜᵐ.

460 2583 51 52 ©
541 2588 108 39 Feb.
680 2588 68 47 12,
777 2587 140 48 1932;
946 2588 68 40 2c.
1043 2590 120 39 Mar.
1193 2590 81 45 14;
1306 2589 79 41 aff.
1417 2592 121 42 Mar.
1567 2593 79 45 16;
1681 2593 38 39 A
1749 2593 142 41 50113;
1950 2595 136 39 West
2113 2595 105 47 pub.
2252 2604 65 29 co.
2349 2597 94 38 and

528 2645 210 39 Edward
766 2645 274 47 Thompson
1069 2656 66 30 co.

449 2746 224 64 Vanity
698 2747 139 55 fair.

523 2821 219 70 Vanity
771 2823 162 54 fair’s
959 2824 202 69 bridge
1187 2827 299 67 problems,
1513 2829 188 53 edited
1730 2831 111 51 and
1870 2832 280 67 arranged
2178 2832 74 67 by
2281 2832 66 53 R.
2377 2834 64 51 F.

453 2901 216 53 Foster.
745 2902 138 53 New
912 2904 178 64 York,
1115 2904 76 54 H.
1220 2904 303 69 Liveright
1553 2940 12 33 [
1594 2911 132 48 ᶜ1932
1732 2941 11 33 ]

524 2973 87 42 198
640 2985 57 37 p.,
729 2975 25 38 1
807 3008 8 8 l.
875 2974 127 41 illus.
1063 2975 115 41 18ᶜᵐ.

463 3027 1982 57 © Jan. 8, 1932; 1c. Jan. 29; 1c. Feb. 10; aff. Jan. 26; A 47542; Horace
529 3087 263 48 Liveright,
825 3088 90 40 inc.
986 3088 248 48 (32-4322)

452 3189 270 66 Voorhis,
750 3194 138 52 Mrs.
917 3191 243 55 Thelma
1194 3194 261 65 (Grady)
1493 3202 169 50 1898-

525 3267 122 53 The
684 3268 236 53 relative
956 3269 195 53 merits
1190 3271 64 51 of
1289 3272 218 53 cursive
1546 3275 111 51 and
1696 3274 354 67 manuscript
2084 3274 251 69 writing,
2369 3275 77 68 by

457 3344 1989 75 Thelma G. Voorhis … New York city, Pub. by Bureau of
457 3420 352 66 publication
838 3422 64 52 of
932 3423 275 53 Teachers
1237 3426 226 67 college,
1495 3426 299 54 Columbia
1824 3427 333 69 university,
2188 3428 95 54 for

456 3430 1966 119 Lincoln
607 3497 188 53 school
823 3499 64 51 of
915 3499 275 54 Teachers
1219 3502 227 67 college,
1474 3506 149 50 1931.

528 3570 1918 54 ix p., 1 l., 58 p. illus., diagrs. 23½ᶜᵐ. (Half-title: Lincoln school of
457 3627 1969 101 Teachers college, Columbia university … Lincoln school research studies)
530 3738 170 39 Issued
735 3739 105 39 also
873 3748 54 30 as
961 3737 151 41 thesis
1141 3738 107 48 (PH.
1315 3740 34 46 D.)
1392 3741 251 41 Columbia
1678 3743 282 48 university.

528 3791 374 50 Bibliography:
932 3805 42 37 p.
1002 3794 157 41 53-58.

466 3844 51 51 ©
546 3850 127 39 June
697 3849 69 47 29,
794 3849 111 41 1931;
961 3850 66 40 2c.
1057 3851 107 38 Jan.
1193 3851 68 41 15,
1289 3851 111 41 1932;
1459 3853 79 39 aff.
1570 3854 109 41 Feb.
1707 3854 26 39 2;
1790 3856 40 37 A
1857 3855 141 40 48231;
2058 3856 197 41 Lincoln
2285 3856 159 40 school

531 3904 53 40 of
607 3905 239 41 Teachers
874 3908 189 46 college,
1093 3907 249 40 Columbia
1369 3906 284 51 university.
1718 3910 249 48 (32-4254)
