2563 4368
1061 4090 132 50 1009

145 474 254 54 Arizona
449 474 111 52 and
610 470 210 56 Pacific
868 470 202 70 digest,
1117 470 268 68 covering
1432 469 78 52 all
1557 487 150 35 cases
1754 467 267 70 reported
2066 465 63 54 in

212 551 254 54 Arizona
493 557 239 63 reports,
763 553 325 66 1866-1931,
1118 546 212 57 Pacific
1357 552 273 64 reporter,
1659 548 250 52 volumes
1941 548 186 68 1-300,

216 632 112 51 and
362 632 77 51 all
471 630 62 54 of
564 631 94 52 the
691 626 211 58 Pacific
934 633 171 48 states
1137 631 222 64 reports
1393 626 154 54 from
1579 627 96 53 the
1705 625 229 53 earliest
1962 624 165 54 times

275 701 1851 74 … Compiled and edited by the publisher’s editorial staff.
254 828 9 10 v.
293 786 184 53 17-19.
556 784 80 55 St.
666 786 164 67 Paul,
852 785 161 53 West
1038 782 335 70 publishing
1399 800 98 50 co.,
1524 785 151 51 1932.

211 859 267 41 3 v. 26 ᶜᵐ .
505 925 118 30 CONTENTS.—v.
669 914 69 41 17.
782 915 260 46 Exchange
1081 914 52 39 of
1173 912 502 49 property-Fixtures.
1691 934 61 8 —
1767 922 45 29 v.
1856 909 72 42 18.
147 911 1986 108 Food-Guaranty.—
476 983 43 28 v.
554 970 71 41 19.

659 970 250 41 Guardian
944 972 94 38 and
1072 968 434 41 ward-Homicide.

148 1025 51 51 ©
234 1030 115 46 July
381 1028 69 48 23,
484 1027 112 41 1932;
658 1028 67 40 2c.
759 1028 118 40 each
911 1027 118 48 Aug.
1064 1028 24 38 5;
1154 1026 107 41 affs.
1295 1027 119 47 Aug.
1450 1026 25 38 2;
1540 1026 42 38 A
1615 1024 318 41 53470-53472;
1998 1026 137 40 West

215 1086 106 47 pub.
350 1097 66 28 co.

140 1156 223 65 Bailey,
393 1155 178 66 Cyril,
603 1157 169 54 1871-

212 1233 211 53 Phases
464 1234 60 51 in
566 1234 94 51 the
702 1232 243 69 religion
986 1232 64 52 of
1090 1232 224 54 ancient
1354 1235 194 66 Rome,
1587 1234 75 68 by
1704 1232 163 69 Cyril
1908 1233 218 68 Bailey.

143 1310 293 68 Berkeley,
468 1310 193 68 Calif.,
691 1310 337 68 University
1058 1311 64 53 of
1153 1309 324 58 California
1507 1330 173 49 press,
1715 1315 148 50 1932.

212 1382 1828 49 ix, 340 p. 23 ᶜᵐ . (Half-title: Sather classical lectures, v. 10, 1932)
213 1439 203 41 “Notes”:
478 1450 44 37 p.
552 1440 216 41 277-323.

150 1493 51 52 ©
272 1509 92 28 June
398 1497 69 48 21,
504 1496 139 47 1932;
681 1497 67 40 2c.
786 1498 127 39 June
946 1497 82 46 28;
1067 1497 80 39 aff.
1186 1497 115 47 July
1337 1498 51 46 5;
1427 1497 43 39 A
1504 1497 169 47 52917;
1714 1498 210 47 Regents
1962 1498 52 38 of
2050 1496 81 41 the

217 1554 268 47 university
515 1554 52 39 of
597 1553 283 48 California,
912 1554 247 48 Berkeley,
1191 1553 143 41 Calif.
1405 1553 277 47 (32-17778)

141 1626 282 67 Baldwin,
455 1628 254 54 William
742 1629 271 65 Edward,
1047 1632 171 50 1883-
1428 1629 85 54 ed.

141 1703 1963 132 … New York banking law, annotated; containing all amendments
358 1787 59 48 to
456 1782 281 69 January,
777 1786 152 63 1933,
969 1783 140 52 with
1149 1782 364 54 annotations
1554 1781 153 54 from
1747 1782 277 54 decisions
2066 1782 64 53 of

140 1860 96 53 the
262 1865 185 48 courts
477 1860 112 53 and
619 1860 221 69 rulings
871 1859 64 54 of
963 1860 96 53 the
1091 1865 262 64 attorney
1381 1861 248 68 general,
1660 1859 190 54 edited

141 1860 1964 145 by William Edward Baldwin … New York, The
1605 1936 196 55 Banks
1839 1939 110 52 law
139 1937 1965 146 publishing
383 2033 296 52 company,
713 2018 152 51 1932.

208 2087 845 50 3 p. l., 395 (i. e. 423) p. 23½ ᶜᵐ ·
209 2144 223 41 Includes
458 2147 142 38 extra
626 2145 263 40 numbered
916 2154 160 38 pages.

206 2200 64 40 At
296 2202 123 39 head
447 2201 52 39 of
524 2201 110 39 title:
691 2200 115 40 1932
833 2201 196 40 edition.

147 2253 51 52 ©
225 2258 116 48 July
367 2260 38 46 1,
433 2257 111 41 1932;
601 2258 68 40 2c.
696 2259 97 39 and
819 2258 81 41 aff.
929 2259 115 49 July
1071 2258 25 38 2;
1154 2258 40 38 A
1220 2256 142 41 51971;
1421 2258 70 40 W.

1520 2259 52 40 E.
1601 2257 237 49 Baldwin,
1870 2258 258 41 Cleveland

213 2315 220 47 Heights,
463 2315 50 40 O.
584 2314 277 49 (32-17663)

140 2389 119 53 The
292 2390 144 52 Blue
466 2389 148 53 book
646 2389 62 52 of
741 2388 281 68 aviation;
1059 2408 31 35 a
1120 2388 398 70 biographical
1549 2388 221 70 history
1805 2389 63 54 of

209 2386 1894 211 American aviation. 1932 ed. … Los Angeles, Calif., The Hoagland
374 2550 505 64 company [ ᶜ193 2 ]
214 2618 1163 51 5 p. l., 13-292 p. illus. (incl. ports.) 32 ᶜᵐ .
140 2674 171 40 Editor:
368 2674 127 43 1932.
526 2676 55 39 R.
610 2677 58 38 W.
712 2677 270 47 Hoagland.

147 2726 51 52 ©
226 2731 126 39 June
378 2733 39 46 1,
444 2730 112 41 1932;
614 2732 66 40 2c.
709 2734 93 38 and
831 2732 81 41 aff.
941 2733 125 39 June
1093 2734 53 37 11;
1206 2733 40 38 A
1273 2732 141 41 51723;
1473 2733 257 47 Hoagland
1759 2744 66 29 co.

222 2787 252 48 (32-37659)

141 2862 342 54 California.
556 2864 183 66 Laws,
768 2870 257 63 statutes,
1055 2871 99 47 etc.

210 2939 245 54 General
491 2942 136 51 laws
665 2941 62 53 of
763 2942 95 52 the
896 2946 144 49 state
1076 2942 63 53 of
1178 2942 325 57 California
1541 2961 59 35 as
1637 2944 275 53 amended
1949 2963 78 50 up
2065 2949 59 47 to

139 3018 96 52 the
265 3018 108 52 end
403 3019 63 53 of
495 3019 96 52 the
618 3018 210 53 session
857 3020 63 52 of
953 3024 150 63 1931,
1134 3020 333 70 containing
1495 3022 97 52 the
1621 3022 246 55 General
1894 3024 138 52 laws
2063 3022 61 55 in

140 3093 114 54 full
285 3097 111 51 and
427 3095 312 54 references
768 3102 59 47 to
857 3098 95 53 the
983 3099 210 68 special
1221 3101 137 53 laws
1387 3101 76 68 by
1493 3100 145 68 title,
1666 3101 141 53 with
1837 3106 287 66 statutory

138 3173 222 67 history
390 3180 59 47 to
481 3175 130 52 date
643 3176 110 51 and
787 3176 419 69 chronological
1236 3177 172 53 index
1439 3179 63 52 of
1536 3184 116 49 acts
1685 3179 255 54 referred
1973 3185 58 49 to
2063 3181 62 53 in

139 3251 1985 63 the General laws … v. 3. Acts 6403 to 9406. Public welfare
138 3330 1962 144 to Yuba county. Edited by James H. Deering … San Francisco,
330 3407 582 69 Bancroft-Whitney
942 3428 295 53 company,
1268 3416 150 51 1932.

209 3481 114 46 xvii,
352 3481 263 40 3675-5690
642 3493 41 36 p.
743 3481 54 41 23½ᶜᵐ.

146 3533 50 52 ©
225 3538 115 47 July
367 3537 68 48 23,
463 3537 139 48 1932;
632 3537 66 41 2c.
729 3539 94 39 and
852 3538 82 41 aff.
962 3539 119 48 Aug.
1110 3542 52 45 1;
1193 3542 41 38 A
1261 3542 169 48 53409;
1462 3544 485 50 Bancroft-Whitney
1976 3557 66 31 co.

140 3612 208 65 Claire,
380 3613 209 55 Mabel.

204 3687 213 68 Macy’s
460 3690 138 51 cook
637 3690 146 51 book
823 3689 93 52 for
956 3689 96 52 the
1090 3691 144 66 busy
1272 3711 249 49 woman;
1562 3695 300 69 including
1904 3717 31 33 a

135 3716 1964 113 complete
322 3765 170 66 guide
532 3771 59 47 to
630 3764 230 53 kitchen
900 3773 412 61 management,
1351 3769 76 66 by
1467 3770 190 54 Mabel
1700 3772 209 55 Claire.
1985 3776 138 51 New

135 3839 178 68 York,
344 3841 327 68 Greenberg
747 3844 152 64 [ᶜ1932]

204 3914 524 48 416 p. illus. 21 ᶜᵐ .
145 3966 51 52 ©
221 3971 124 39 June
370 3972 37 45 7,
431 3969 112 41 1932;
597 3971 66 40 2c.
688 3972 96 38 and
807 3969 80 41 aff.
914 3971 126 39 June
1063 3971 55 40 17;
1172 3972 41 38 A
1236 3973 168 48 52640;
1435 3974 285 52 Greenberg,
1746 3980 262 46 publisher,
2034 3981 76 40 inc

221 4026 277 49 (32-17652)
