2563 4368
1340 4091 134 54 1768

402 552 1985 73 By the editorial staff of the American digest system … St.
399 636 166 65 Paul,
592 635 160 53 West
782 634 338 69 publishing
1149 654 96 37 co.,
1281 637 149 49 1932.

466 709 336 47 413 p. 24 ᶜᵐ .
403 773 52 53 ©
480 778 117 40 Nov.
622 778 68 46 14,
715 776 114 41 1932;
882 776 66 39 2c.
976 777 95 39 and
1095 776 82 41 aff.
1201 776 111 40 Dec.
1338 776 56 39 15;
1448 777 40 38 A
1512 776 143 39 58427;
1710 776 134 40 West
1869 776 110 47 pub.
2004 787 68 29 co.

401 880 188 65 Storr,
617 881 235 53 Vernon
882 878 309 67 Faithfull,
1223 885 171 50 1869-

470 953 1927 72 Do dead men live again? By V. F. Storr … London,
400 1034 242 54 Hodder
670 1036 46 51 &
743 1033 344 69 Stoughton,
1116 1033 222 54 limited
1375 1035 172 65 [1932]

469 1105 1069 52 254 p. 18 ᶜᵐ . [The Westminster books]
405 1166 1973 103 © 1c. Oct. 26, 1932; A ad int. 17019; pubd. Sept. 15; Hodder & Stoughton.
599 1229 101 40 ltd..
730 1228 212 39 London.
1011 1226 280 49 (32-34670)

402 1331 275 65 Strange,
709 1333 165 52 Nora
903 1332 74 56 K.

475 1407 1920 70 Courtship in Kenya, by Nora K. Strange … London, S.
401 1487 148 52 Paul
576 1488 47 51 &
650 1504 98 50 co.,
776 1487 103 52 ltd.
917 1490 172 63 [1932]

472 1559 364 50 287 p. 19½ ᶜᵐ .
475 1617 179 40 “Third
683 1616 332 49 impression.”

407 1675 1990 53 © 1c. Nov. 19, 1932; A ad int. 17100; pubd. Sept. 23; Nora Kathleen
476 1737 180 48 Begbie
685 1736 212 47 Stanley,
929 1735 214 47 Nairobi,
1175 1736 185 47 Kenya,
1391 1736 183 40 Africa.
1645 1734 279 50 (32-33989)

408 1838 205 66 Wann,
643 1838 198 67 Louis,
874 1845 171 49 1885-

475 1915 279 54 Effective
805 1915 263 69 English,
1118 1935 30 34 a
1198 1916 305 53 handbook
1549 1916 65 53 of
1661 1912 393 70 composition,
2102 1915 75 66 by
2225 1912 173 53 Louis

406 1993 1510 67 Wann … New York, Prentice-Hall, inc., 1932.
475 2067 98 48 xvi,
599 2067 88 41 484
711 2078 44 37 p.
814 2067 146 40 17½ᶜᵐ.

476 2124 176 40 Tables
678 2134 61 29 on
765 2122 362 49 lining-papers.

409 2176 52 51 ©
487 2180 121 47 Aug.
634 2180 69 45 30,
731 2179 141 46 1932;
901 2179 66 40 2c.
997 2180 117 39 Nov.
1143 2179 81 45 12;
1255 2178 81 41 aff.
1367 2179 126 46 Sept.
1523 2178 81 47 19;
1636 2179 42 38 A
1704 2178 169 47 57169;
1905 2178 372 47 Prentice-Hall,
2308 2178 91 41 inc.

485 2235 279 48 (32-33274)

407 2339 403 66 Weismantel,
839 2340 135 64 Leo,
1007 2344 170 50 1888-

484 2416 167 55 Stille
698 2415 208 53 winkel
949 2415 62 53 in
1057 2416 285 67 Franken,
1388 2435 111 34 von
1546 2417 114 52 Leo
1706 2415 399 65 Weismantel;
2155 2415 103 53 auf
412 2415 1962 130 nahmen

568 2493 1832 68 von dr. Paul Wolff … Bielefeld und Leipzig, Velhagen
410 2574 46 49 &
484 2571 265 67 Klasing,
781 2574 151 50 1932.

485 2643 865 48 10 p., 1 l. 64 pl. on 32 l. 25½ ᶜᵐ .
413 2696 1990 53 © May 25. 1932; 1c. Sept. 7; A—Foreign 17920; Velhagen & Klasing.
488 2757 280 48 (32-34073)

409 2858 240 66 Wilson,
680 2860 235 54 Samuel
945 2858 268 66 Mackay,
1246 2858 171 54 1871-
1628 2876 179 51 comp.

484 2935 280 55 Souvenir
799 2937 64 52 of
899 2938 94 51 the
1032 2937 498 52 commemoration
1568 2937 62 52 of
1666 2938 96 52 the
1798 2937 404 53 bi-centennial
412 2937 1962 146 anniversary

676 3014 64 53 of
770 3016 96 54 the
895 3016 157 51 birth
1084 3015 63 52 of
1179 3015 221 69 George
1428 3015 401 69 Washington,
1861 3017 75 65 by
1967 3016 97 52 the
2093 3015 307 70 Kentucky

411 3093 211 68 society
648 3093 62 53 of
740 3093 143 55 Sons
907 3094 63 51 of
996 3094 94 52 the
1116 3093 336 67 revolution,
1477 3094 95 52 the
1598 3094 156 54 John
1782 3094 298 53 Bradford
2104 3093 295 55 historical

413 3170 227 68 society,
682 3172 112 51 and
834 3172 327 68 Daughters
1204 3171 63 52 of
1305 3172 97 52 the
1440 3171 306 54 American
1785 3173 320 52 revolution
2143 3172 63 54 in

413 3174 1962 142 Kentucky,
642 3250 282 67 prepared
962 3250 113 51 and
1112 3250 299 67 presented
1446 3250 76 68 by
1561 3250 229 55 Samuel

1827 3253 80 51 M.
1943 3251 241 56 Wilson.
412 3252 1964 142 Lexington,
659 3328 132 66 Ky.,
821 3329 150 51 1932.

481 3400 298 48 19 p. 23 ᶜᵐ .
488 3457 128 39 “The
654 3456 192 40 oration
885 3457 51 40 of
976 3458 80 39 the
1096 3458 279 41 Honorable
1416 3458 166 40 James
1620 3459 177 40 Brown
1842 3459 198 49 [Eulogy
2081 3469 62 29 on
2183 3460 80 39 the
2305 3459 97 39 late

414 3512 276 41 illustrious
717 3512 172 40 citizen
923 3513 180 48 George
1134 3513 336 50 Washington]
1502 3515 113 39 here
1646 3514 259 49 reprinted,
1938 3525 100 30 was
2069 3515 252 47 published
2353 3515 50 39 in

413 3569 95 39 full
532 3569 50 39 in
609 3570 80 39 the
716 3570 257 46 Kentucky
1000 3571 187 46 gazette
1215 3570 78 39 for
1321 3570 249 48 February
1596 3571 39 47 6,
1663 3571 156 41 1800.”

419 3621 1981 53 © Apr. 19, 1932; 2c. and aff. Apr. 22; A 50939; S. M. Wilson, Lexington,
483 3682 92 46 Ky.
645 3681 279 49 (32-15149)

413 3777 330 57 Wisconsin
771 3783 113 52 and
911 3783 186 52 North
1125 3789 238 47 western
1392 3783 200 69 digest.
1667 3784 334 69 November,
2031 3788 152 65 1932,

484 3802 1890 130 cumulative pamphlet … St. Paul, West publishing co. [ ᶜ193 2]
484 3932 325 49 172 p. 24 ᶜᵐ .
420 3983 51 52 ©
497 3988 117 41 Nov.
639 3989 40 47 4,
706 3987 112 43 1932;
874 3989 68 42 2c.
968 3991 96 39 and
1090 3989 81 42 aff.
1198 3991 111 40 Dec.
1337 3991 55 39 15;
1448 3991 42 39 A
1515 3991 142 41 58431;
1713 3992 134 40 West
1874 3991 108 50 pub.
2010 4001 68 31 co.
