2563 4368
1126 4076 131 49 1695

251 540 483 48 xiv, 375 p. 22 ½ᶜᵐ .
185 609 52 51 ©
270 611 102 41 Oct.
403 612 57 39 20,
562 611 57 41 1932;
678 611 67 40 2c.
822 621 73 29 Nov.
927 612 24 38 7;
1014 611 81 38 aff.
1129 611 117 39 Nov.
1277 612 27 37 4;
1365 611 40 37 A
1437 608 143 41 56929;
1645 609 51 40 G.
1733 609 43 40 S.
1810 608 217 47 Viereck,
2060 608 115 38 New

253 669 143 39 York.
466 667 278 48 (32-32132)

182 769 221 65 Walsh,
429 769 254 55 William
712 769 262 65 Francis,
1007 770 171 54 1875-

250 845 1864 71 A history of Anglo-American law, by William F. Walsh …
181 924 1854 69 2d ed. Indianapolis, The Bobbs-Merrill company [ ᶜ1 932]
251 1012 491 49 xix, 447 p. 26½ ᶜᵐ .
254 1069 133 41 First
415 1069 183 41 edition
627 1070 89 40 has
747 1070 107 40 title
872 1081 10 28 :
915 1068 222 42 Outlines
1167 1069 52 40 of
1247 1069 82 40 the
1357 1068 189 48 history
1576 1068 52 39 of
1657 1066 203 49 English
1891 1067 96 40 and
184 1068 1977 101 American
318 1128 108 40 law.

256 1184 347 48 Bibliography
622 1196 8 28 :
662 1195 42 37 p.
733 1184 222 40 xiii-xix.

522 1237 198 45 CONTENTS.—book
762 1240 40 42 1.
842 1241 339 47 Anglo-Saxon
1221 1241 95 40 and
1355 1240 167 40 feudal
1563 1236 299 44 law.—book
1900 1238 43 42 2.
1984 1239 194 48 Origins

186 1299 96 40 and
311 1298 331 47 development
675 1298 51 40 of
754 1298 83 41 the
865 1299 96 39 law
990 1298 52 41 of
1072 1294 432 52 property.—book
1534 1296 43 41 3.
1610 1297 194 48 Origins
1835 1298 95 39 and
186 1297 1978 100 development

340 1356 53 40 of
419 1357 82 39 the
525 1358 96 38 law
646 1355 51 41 of
721 1355 187 48 crimes,
935 1357 137 46 torts,
1100 1356 96 39 and
1222 1357 233 39 contract.

190 1424 51 51 ©
282 1428 127 47 Sept.
447 1428 68 46 25,
556 1426 112 41 1932;
735 1430 68 37 2c.
842 1429 94 38 and
976 1427 79 39 aff.
1142 1438 71 28 Nov.
1254 1428 51 42 7;
1346 1429 40 36 A
1426 1426 169 48 56914;
1637 1428 71 39 W.
1751 1427 51 40 F.
1841 1424 185 49 Walsh,
2065 1427 116 39 New

257 1484 144 39 York.
472 1483 278 48 (32-31910)

185 1588 399 64 Weinberger,
615 1589 235 53 Samuel
882 1589 57 53 S.

257 1662 1924 70 Sex, love and marriage, by Dr. S. S. Weinberger … New
186 1742 179 67 York,
397 1743 70 53 N.
501 1743 89 66 Y.,
621 1742 121 53 The
774 1743 244 51 Natural
1048 1742 193 51 health
1276 1740 355 68 association,
1662 1741 108 53 inc.
1809 1744 171 64 [1932]

256 1830 366 49 124 p. 18½ ᶜᵐ .
261 1888 160 39 “First
448 1886 196 41 edition.
673 1885 172 49 12,000,
878 1887 129 47 Sept.
1035 1884 157 42 1932.”

260 1945 224 40 Includes
512 1942 302 49 advertising
838 1945 194 37 matter.

193 2012 51 51 ©
285 2016 126 47 Sept.
448 2015 68 42 29,
556 2014 138 47 1932;
734 2015 67 38 2c.
842 2015 127 47 Sept.
1006 2014 55 40 30;
1129 2013 81 41 aff.
1249 2014 103 39 Oct.
1391 2015 24 38 7;
1482 2014 40 38 A
1559 2013 144 40 56294;
1770 2014 210 39 Natural
2019 2013 166 40 health

261 2082 142 32 assn.,
431 2072 90 39 inc.
591 2071 278 48 (32-31701)

188 2175 183 62 West,
399 2174 256 51 Andrew
683 2173 286 64 Fleming,
1000 2179 169 48 1853-

258 2249 306 54 American
607 2252 229 66 general
878 2250 298 52 education;
1253 2270 30 33 a
1325 2251 159 52 short
1525 2251 171 66 study
1737 2250 64 53 of
1843 2250 74 53 its
1957 2256 227 62 present

189 2326 1995 71 condition and needs, by Andrew Fleming West … Princeton,
190 2406 305 54 Princeton
525 2407 315 68 university
873 2425 173 49 press,
1080 2411 151 51 1932.

262 2492 506 51 ix, 75, [1] p. 21 ᶜᵐ .
195 2562 51 52 ©
273 2565 101 41 Oct.
399 2566 54 39 15,
550 2565 54 40 1932;
659 2566 65 39 2c.
753 2565 101 41 Oct.
880 2566 54 39 18;
988 2566 81 40 aff.
1095 2565 101 40 Oct.
1223 2566 55 39 27;
1333 2567 40 37 A
1397 2566 144 39 55686;
1597 2565 259 40 Princeton
1882 2565 130 41 univ.
2037 2575 149 39 press.

275 2621 277 50 (32-31762)

193 2725 216 64 White,
440 2725 245 55 Charles
710 2727 63 53 T.

263 2800 231 55 Grant’s
559 2803 212 52 tribute
835 2810 58 45 to
958 2804 253 51 Lincoln.
1295 2803 319 68 [Compiled
1681 2804 112 51 and
1858 2803 190 52 edited
2110 2804 74 68 by

196 2879 236 55 Charles
457 2882 64 52 T.
550 2880 209 54 White.
835 2882 290 54 Hancock.
1153 2885 69 50 N.
1251 2884 90 57 Y.,
1366 2884 253 67 Wagner
1646 2886 45 50 &
1717 2883 281 52 Forester.
2028 2885 134 49 1932]

265 2962 655 48 18 p. incl. facsim. 21 ᶜᵐ .
196 3026 51 52 ©
280 3032 107 39 Jan.
420 3031 54 40 26,
579 3032 55 39 1932;
696 3032 66 40 2c.
796 3034 94 38 and
922 3033 81 39 aff.
1038 3033 109 40 Feb.
1180 3034 25 36 2;
1268 3034 41 37 A
1339 3032 144 41 48239;
1548 3033 49 39 C.
1631 3033 52 38 T.
1717 3032 173 40 White.
1927 3032 260 46 Brooklyn.

194 3147 211 66 Wiese,
434 3150 175 65 Kurt,
643 3151 170 54 1887-

266 3226 120 52 The
417 3233 199 60 parrot
644 3227 207 68 dealer,
881 3228 76 67 by
984 3228 157 53 Kurt
1169 3229 184 53 Wiese;
1418 3229 140 52 with
1589 3247 107 47 pen
1729 3228 111 53 and
1872 3228 101 51 ink
199 3228 1963 142 drawings
356 3303 75 67 by

460 3304 1721 67 the author. New York, Coward-McCann, inc. [ ᶜ1 932]
306 3381 1047 52 x, 239 p. incl. front., illus., plates. 22 ᶜᵐ .
269 3440 288 41 Illustrated
592 3440 361 49 lining-papers.

271 3497 160 41 “First
465 3497 227 41 edition.”

202 3563 51 52 ©
332 3581 71 27 Nov.
435 3569 68 46 11,
536 3568 139 47 1932;
708 3570 66 39 2c.
853 3581 71 28 Nov.
958 3569 81 45 15;
1073 3569 83 39 aff.
1235 3580 71 28 Nov.
1341 3570 54 38 14;
1455 3570 41 38 A
1529 3570 169 46 57080;
1735 3569 455 41 Coward-McCann.

269 3623 91 41 inc.
430 3624 278 48 (32-32022)

198 3722 303 69 Williams,
532 3727 122 53 Ben
685 3727 201 66 Ames,
919 3731 169 51 1889-

264 3802 1924 70 Money musk [by] Ben Ames Williams … [New York] E. P.
195 3879 765 70 Dutton & co., inc. ᶜ1 932]
265 3952 365 49 251 p. 19½ ᶜᵐ .
270 4008 71 42 On
369 4011 98 46 t.-p.
484 4019 11 30 :
523 4010 187 41 Dutton
736 4012 106 39 clue
867 4012 229 47 mystery.
