2563 4368
1429 4016 103 49 440

460 413 293 65 Manfred,
780 414 180 53 Maud
990 412 195 65 Ethel,
1216 412 170 55 1875-

527 491 289 53 Practical
850 489 251 69 Spanish
1133 507 290 51 grammar
1457 488 95 54 for
1581 488 329 69 beginners;
1947 487 315 70 gramática
464 505 1969 117 practica

601 565 1858 72 para principiantes, by M. E. Manfred … Rev. ed. New
464 644 1463 72 York, Chicago [etc.] C. Scribner’s sons [ ᶜ1 932]
602 720 1008 49 xx, 645 p. col. front., illus., pl. 18½ ᶜᵐ .
530 792 140 47 Maps
701 802 60 30 on
793 790 363 49 lining-papers.

468 858 51 52 ©
550 863 121 39 Mar.
700 861 40 48 9,
770 860 113 42 1932;
942 861 68 41 2c.
1041 862 122 40 Mar.
1194 861 82 47 10;
1309 860 82 41 aff.
1422 862 122 40 Mar.
1573 860 56 40 23;
1689 861 42 38 A
1759 860 143 41 50287;
1963 859 202 42 Charles
2198 858 264 42 Scribner’s

535 930 124 29 sons.
731 918 252 52 (32-8455)

464 1023 304 64 Marburg,
801 1022 192 56 Clara.

535 1098 97 55 Sir
670 1097 262 57 William
970 1099 264 68 Temple;
1280 1118 30 33 a
1351 1101 362 51 seventeenth
1753 1104 237 63 century
2029 1098 319 67 “libertin”,
2387 1099 75 67 by

465 1176 1810 69 Clara Marburg … New Haven, Yale university press;
464 1178 1975 146 London,
628 1257 76 52 H.
739 1253 266 70 Milford,
1039 1254 231 56 Oxford
1303 1253 320 70 university
1659 1273 175 50 press,
1871 1258 150 52 1932.

536 1327 135 50 xviii,
700 1328 86 41 128
817 1339 43 38 p.
919 1327 135 40 front.
1096 1327 174 49 (port.)
1338 1326 147 43 24½ᶜᵐ.

539 1398 131 41 “The
701 1396 300 51 publication
1035 1399 53 40 of
1119 1398 99 41 this
1251 1399 122 39 book
1407 1407 102 31 was
1542 1399 140 39 made
1717 1397 209 49 possible
1958 1398 61 48 by
2053 1398 82 39 the
2170 1397 130 48 Lucy
467 1398 1981 98 Maynard

618 1455 195 42 Salmon
841 1455 123 41 fund
991 1455 79 41 for
1097 1454 377 49 research.”—p.
1552 1474 11 31 [v]

540 1512 130 41 “The
704 1512 227 41 material
966 1512 80 41 for
1080 1513 83 39 the
1198 1511 253 49 following
1487 1522 141 38 essay
1665 1521 102 31 was
1801 1512 256 48 presented
2093 1521 55 31 as
2185 1522 28 30 a
2249 1511 219 41 doctoral

469 1568 316 42 dissertation
818 1573 51 37 at
904 1570 82 40 the
1019 1568 284 49 University
1337 1569 52 40 of
1421 1568 209 49 Chicago
1663 1570 49 39 in
1746 1568 407 42 1929.”—Introd.

539 1626 350 48 Bibliography
907 1637 9 30 :
948 1638 42 37 p.
1023 1625 248 51 [114]-123.

475 1694 51 52 ©
558 1699 121 39 Mar.
710 1699 68 46 11,
809 1697 113 41 1932;
982 1697 66 41 2c.
1081 1699 122 42 Mar.
1234 1698 82 46 17;
1350 1696 81 41 aff.
1465 1698 121 40 Mar.
1618 1697 82 46 15;
1734 1698 40 37 A
1805 1696 170 48 50178;
2015 1698 114 39 Yale
2160 1696 128 42 univ.
2321 1705 148 40 press.

551 1755 251 50 (32-8167)

472 1859 333 66 Markham,
837 1859 226 66 Edwin,
1097 1864 172 50 1852-

541 1937 140 54 New
710 1955 192 51 poems;
965 1937 199 68 eighty
1193 1955 169 51 songs
1395 1942 59 47 at
1484 1937 214 68 eighty,
1729 1937 96 52 the
1856 1935 137 54 fifth
2025 1935 147 54 book
2201 1934 67 55 of
2298 1953 174 51 verse,

471 2013 2000 72 by Edwin Markham … Garden City, N. Y., Doubleday,
478 2095 192 52 Doran
700 2096 44 51 &
773 2113 298 50 company,
1102 2095 125 67 inc.,
1262 2098 150 49 1932.

543 2169 135 48 xviii,
713 2170 85 39 114
831 2179 42 38 p.
934 2169 137 41 front.
1112 2168 173 50 (port.)
1352 2168 117 42 21ᶜᵐ.

546 2225 162 41 “First
737 2225 225 41 edition.”

480 2292 51 52 ©
558 2297 122 40 Mar.
705 2297 68 48 17,
800 2295 113 42 1932;
968 2296 68 42 2c.
1063 2298 94 38 and
1184 2295 81 41 aff.
1294 2297 120 40 Mar.
1442 2295 53 40 21;
1552 2296 42 39 A
1617 2294 142 42 49261;
1818 2297 53 39 E.
1898 2296 272 48 Markham,
2198 2296 135 41 West
2358 2295 117 40 New

549 2353 253 49 Brighton,
834 2353 170 41 Staten
1033 2354 182 47 Island,
1245 2354 56 41 N.
1330 2354 54 40 Y.
1455 2352 251 50 (32-8460)

476 2460 245 63 Messer,
749 2459 177 53 Mona
952 2458 215 53 Naomi
1194 2458 189 54 Anne.

548 2535 154 54 Cat’s
731 2554 144 50 paw.
951 2536 163 69 chap.
1145 2539 46 49 9.

558 2611 85 47 (In
668 2605 248 45 Weldon’s
945 2606 194 44 Ladies’
1167 2605 214 53 journal,
1411 2606 135 52 Apr.,
1580 2608 144 49 1932)

484 2662 1989 53 © 1c. May 7, 1932; A ad int. 16385; pubd. Mar. 9; M. N. A. Messer,
551 2723 282 49 Wadhurst,
863 2724 192 48 Sussex,
1082 2725 236 46 England.

479 2825 318 66 Michigan.
873 2829 279 65 Supreme
1184 2833 175 48 court.

549 2903 1926 71 Michigan reports. Cases decided … from April 7, to June
483 2987 46 63 1,
562 2985 150 50 1931.
789 2981 255 54 Richard
1074 2985 89 54 W.
1198 2984 239 69 Cooper,
1469 2988 145 51 state
1644 2988 259 65 reporter.
1993 3001 50 37 v.
2076 2987 118 49 254.
2272 2987 85 50 1st
2388 2983 87 54 ed.

483 3060 269 69 Chicago,
782 3061 320 69 Callaghan
1134 3062 112 53 and
1275 3081 298 51 company,
1604 3066 151 51 1932.

552 3135 475 48 xlvi, 785 p. 23 ᶜᵐ .
488 3201 51 52 ©
575 3205 113 48 Apr.
724 3204 70 48 27,
830 3204 141 48 1932;
1008 3206 68 40 2c.
1111 3206 114 48 Apr.
1261 3205 82 48 29;
1382 3206 80 40 aff.
1501 3208 111 47 Apr.
1651 3207 82 47 30;
1772 3209 40 37 A
1846 3206 172 48 49779;
2058 3207 167 39 Frank
2259 3208 57 40 D.
555 3205 1907 105 Fitzgerald,

771 3264 245 46 secretary
1051 3263 52 39 of
1136 3266 129 37 state
1297 3264 80 39 for
1412 3264 81 40 the
1527 3267 130 37 state
1689 3265 54 39 of
1776 3264 260 50 Michigan,
2074 3263 226 50 Lansing,
2336 3263 143 41 Mich.

485 3378 318 66 Michigan.
877 3379 370 66 University.
1320 3383 157 66 Dept.
1524 3383 64 68 of
1614 3383 263 66 English.

553 3456 210 68 Essays
801 3457 113 53 and
951 3457 214 53 studies
1203 3458 59 52 in
1301 3458 246 69 English
1588 3459 114 53 and
1740 3458 387 69 comparative
2164 3459 315 68 literature,

484 3533 74 68 by
588 3533 276 54 members
898 3533 65 53 of
996 3535 95 52 the
1128 3534 246 69 English
1411 3536 362 68 department
1809 3535 65 54 of
1909 3537 96 53 the
2038 3536 339 70 University
2414 3534 64 56 of

484 3610 312 68 Michigan.
860 3611 136 52 Ann
1026 3611 209 65 Arbor,
1264 3612 336 70 University
1630 3612 65 54 of
1722 3613 297 70 Michigan
2051 3632 175 50 press,
2256 3617 149 50 1932.

552 3682 1925 52 vii, 231 p. 23½ ᶜᵐ . (Half-title: University of Michigan publications.
487 3737 257 49 Language
770 3741 95 38 and
893 3739 257 41 literature.
1227 3739 92 42 vol.
1447 3742 14 47 VIII)

821 3795 330 41 CONTENTS.—Diomede:
1183 3796 83 40 the
1293 3796 286 41 traditional
1614 3797 331 48 development
1976 3798 53 40 of
2059 3808 27 30 a
2118 3798 267 48 character,
2416 3797 62 48 by

488 3850 50 40 A.
561 3850 54 40 A.
640 3849 322 43 Hill.—Some
986 3852 329 40 illustrations
1340 3852 53 40 of
1416 3852 83 42 the
1521 3853 239 41 medieval
1786 3852 105 49 gab,
1917 3853 63 47 by
2004 3854 45 41 J.
2075 3855 56 39 R.
2155 3853 263 42 Reinhard.
2419 3875 60 8 —

485 3905 101 42 The
609 3906 263 42 Paradossi
897 3907 53 40 of
973 3906 224 43 Ortensio
1224 3907 180 48 Lando,
1431 3908 60 49 by
1518 3908 71 41 W.
1617 3908 53 42 G.
1698 3908 265 42 Rice.—On
1993 3920 128 31 some
2147 3908 330 50 peculiarities
