2563 4368
1048 4046 98 55 571

172 528 347 48 Bibliography;
575 538 44 38 p.
648 527 99 41 109.

111 595 51 52 ©
192 601 120 41 Mar.
341 600 68 46 18,
439 597 112 43 1932;
609 599 65 40 2c.
705 600 94 39 and
829 599 81 40 aff.
941 600 121 40 Mar.
1091 599 55 40 23;
1205 598 39 39 A
1273 598 142 40 50268;
1476 596 277 48 University
1785 597 51 39 of
176 595 1897 102 Pennsylvania
349 666 147 38 press.
566 656 278 47 (32-10546)

106 754 226 67 Clarke,
361 756 235 54 Samuel
626 756 354 64 Fessenden,
1013 761 323 50 1851-1928.

175 830 228 56 Samuel
427 832 313 53 Fessenden
767 830 205 56 Clarke
996 850 60 35 as
1078 831 256 54 revealed
1360 830 60 52 in
1445 847 145 36 some
1615 828 63 53 of
1699 828 91 54 his
1813 827 278 69 writings,

105 908 276 68 compiled
420 908 73 68 by
534 907 61 55 C.
638 909 64 51 B.
747 907 56 54 S.
880 908 135 52 New
1056 907 176 68 York,
1271 908 156 52 Priv.
1468 907 174 68 print.
1689 906 138 67 [The
1865 905 223 52 March-

104 984 178 55 banks
310 1003 172 49 press]
523 987 148 50 1932.

172 1055 1138 49 10 p. l., [3]-117 p., 3 l. front., ports. 26 ᶜᵐ.
174 1112 184 40 “There
387 1113 122 41 have
544 1113 117 39 been
693 1112 191 48 printed
918 1113 52 39 of
1002 1112 99 41 this
1133 1113 122 39 book
1287 1112 87 40 250
1404 1112 159 47 copies
1595 1112 128 40 from
1756 1111 153 48 type.”
1971 1111 118 40 This

102 1178 118 38 copy
248 1170 86 39 not
363 1169 275 40 numbered.

172 1224 1866 49 “This compilation is composed of excerpts from personal letters …
101 1279 1986 51 and from prayers which he made … at Williams college, together with
101 1348 62 30 an
187 1337 272 41 occasional
484 1336 334 49 appreciation
845 1338 61 47 by
930 1336 77 41 his
1032 1336 184 40 former
1242 1336 603 41 students.”—Foreword.

108 1393 52 52 ©
190 1399 121 38 Mar.
340 1396 69 48 26,
439 1396 113 41 1932;
609 1396 67 41 2c.
708 1397 118 38 Mar.
856 1396 55 40 31;
971 1395 80 39 aff.
1082 1396 114 46 Apr.
1226 1396 25 38 1;
1310 1395 42 39 A
1381 1394 142 41 50615;
1585 1394 324 40 Marchbanks
1941 1404 149 38 press.

187 1453 278 48 (32-10827)

102 1556 165 65 Clift,
295 1555 258 55 Denison
580 1556 227 64 Halley.

169 1633 139 51 Man
336 1633 170 53 about
530 1638 170 62 town,
725 1633 76 66 by
826 1632 252 53 Denison
1106 1631 168 56 Clift.
1337 1632 140 53 New
1505 1630 179 65 York,
1710 1631 122 53 The

97 1632 1966 145 Macaulay
223 1728 279 49 company
650 1712 83 64 [ᶜ1932]

169 1781 273 50 284 p., 19 ½ ᶜᵐ.
111 1835 51 52 ©
191 1839 112 48 Apr.
334 1839 69 48 18,
433 1838 113 41 1932;
603 1838 68 41 2c.
701 1838 112 49 Apr.
843 1839 55 39 26;
958 1837 80 41 aff.
1070 1837 114 49 Apr.
1213 1838 55 40 20;
1328 1838 40 39 A
1398 1838 143 40 49683;
1603 1839 55 38 D.
1692 1837 134 48 Clift,
1859 1839 233 48 Beverley

176 1895 143 49 Hills,
345 1895 143 41 Calif.
558 1894 279 49 (32-10755)

106 1998 286 64 Comfort,
422 1998 247 54 Mildred
696 1998 341 65 Houghton.

171 2075 169 52 Peter
366 2075 112 52 and
505 2074 199 69 Nancy
731 2074 60 53 in
819 2074 248 69 Europe,
1093 2074 76 69 by
1196 2074 252 54 Mildred
1475 2075 318 68 Houghton
1825 2073 265 56 Comfort

163 2150 1379 71 … Chicago, Beckley-Cardy company [ ᶜ19 32 ]
169 2223 763 48 208 p. col. front., illus. 19½ ᶜᵐ.
169 2279 139 48 Maps
335 2290 60 30 on
424 2279 359 48 lining-papers.

111 2333 49 51 ©
194 2338 109 39 Jan.
334 2337 68 48 22,
436 2337 112 41 1932;
611 2338 65 40 2c.
711 2339 113 47 Apr.
858 2338 79 45 11;
973 2338 82 41 aff.
1091 2338 109 40 Feb.
1234 2339 51 43 5;
1321 2338 39 39 A
1395 2338 168 45 50676;
1602 2337 387 48 Beckley-Cardy
2024 2349 67 31 co.

186 2394 279 48 (32-10615)

104 2495 253 66 Dadant,
388 2494 239 57 Camille
655 2495 220 66 Pierre,
906 2502 171 50 1851-

171 2571 1923 70 Dadant system of beekeeping, by C. P. Dadant … 2d ed.—
104 2647 94 54 7th
231 2649 298 53 thousand.
596 2650 319 67 Hamilton,
947 2652 113 66 Ill.,
1091 2651 305 53 American
1426 2652 99 53 bee
1555 2651 246 68 journal,
1835 2655 150 49 1932.

209 2752 9 17 x,
244 2722 85 41 117
354 2734 43 37 p.
425 2723 110 41 incl.
561 2723 162 48 front.,
752 2723 141 48 illus.,
922 2726 162 45 ports.,
1113 2724 177 48 diagrs.
1351 2725 55 39 20½ᶜᵐ.

113 2774 51 52 ©
188 2780 118 40 Mar.
331 2779 69 49 23,
425 2780 112 41 1932;
591 2780 65 41 2c.
683 2782 94 39 and
804 2781 81 41 aff.
913 2782 121 40 Mar.
1058 2781 55 40 26;
1168 2782 39 38 A
1233 2781 143 40 50674;
1432 2782 47 40 C.
1508 2783 50 39 P.
1586 2782 209 43 Dadant,
1824 2780 266 44 Hamilton,

180 2836 72 38 Ill.
323 2837 277 47 (32-10804)

108 2938 159 65 Deal,
296 2939 226 56 Mason.

173 3014 120 54 The
336 3016 219 53 rumble
599 3017 275 66 murders,
918 3018 75 66 by
1039 3019 202 52 Mason
1285 3018 162 53 Deal.
1529 3021 216 50 Boston
1792 3019 110 53 and
1951 3019 139 52 New

106 3087 174 71 York,
309 3092 314 68 Houghton
654 3093 202 54 Mifflin
890 3112 296 50 company,
1218 3098 150 50 1932.

175 3162 736 52 viii, 301 p. illus. (plan) 19½ ᶜᵐ.
179 3220 145 41 Plans
356 3232 60 29 on
450 3221 358 50 lining-papers.

115 3270 51 52 ©
192 3276 110 47 Apr.
330 3277 39 48 6,
397 3277 111 41 1932;
564 3279 67 40 2c.
659 3280 112 46 Apr.
799 3281 53 37 11;
910 3279 81 41 aff.
1020 3280 112 47 Apr.
1161 3281 54 38 26;
1272 3280 41 40 A
1340 3280 141 41 49691;
1540 3282 261 48 Houghton
1830 3281 167 41 Mifflin
2025 3292 68 30 co.

190 3332 276 47 (32-10752)

111 3432 242 67 Dorsch,
381 3436 144 54 Karl
555 3437 220 67 Ewald,
806 3443 170 51 1904-

179 3509 333 71 Erhärtung
549 3512 117 54 und
703 3513 296 55 korrosion
1041 3517 99 52 der
1181 3522 275 63 zemente;
1498 3536 140 35 neue
110 3517 1956 123 physikalischchemische

483 3592 455 68 untersuchungen
967 3593 137 53 über
1135 3594 101 53 das
1265 3594 285 68 abbinde-,
1579 3596 362 67 erhärtungs-
1972 3595 117 52 und

111 3660 1979 74 korrosionsproblem, von dr. Karl E. Dorsch … mit 76 textab-
110 3735 323 73 bildungen.
501 3743 216 68 Berlin,
749 3745 56 52 J.
839 3744 297 71 Springer,
1169 3750 150 50 1932.

180 3809 869 55 2 p. l., 120 p. illus., diagrs. 24½ ᶜᵐ.
181 3865 471 53 “Literaturanhang
677 3882 107 29 zum
814 3872 202 42 zweiten
1044 3873 114 42 teil”;
1218 3884 44 38 p.
1294 3873 216 43 110-120.

119 3915 49 52 ©
194 3923 107 42 Jan.
326 3925 39 47 1,
391 3925 139 49 1932;
560 3929 64 42 1c.
652 3930 119 40 Mar.
799 3929 81 49 15;
909 3931 41 40 A
950 3931 268 48 —Foreign
1244 3932 168 47 16135;
1443 3932 162 41 Julius
1635 3930 241 51 Springer.

194 3977 275 53 (32-10628)
