2563 4368
1298 4097 136 49 1944

375 544 131 53 dom;
567 542 133 54 four
726 543 281 69 chapters,
1111 587 10 10 A.
1181 586 10 10 D.
1473 584 11 12 MDXXXII.
1549 545 91 68 By
1669 543 250 53 Michael
1950 543 251 70 Serveto,
2230 545 143 54 alias

375 622 198 67 Reves,
606 642 31 33 a
673 619 291 70 Spaniard
995 620 64 54 of
1088 620 267 70 Aragon;
1391 637 129 37 now
1552 620 125 54 first
1709 620 318 55 translated
2060 622 121 53 into
374 622 1975 129 English

375 697 1971 147 by Earl Morse Wilbur … Cambridge, Harvard university
626 794 187 50 press;
852 775 259 68 London,
1148 775 78 53 H.
1265 774 267 69 Milford,
1572 774 233 56 Oxford
1841 775 318 70 university
2197 795 176 51 press,

376 855 151 52 1932.

445 924 1927 51 xxxviii, 264 p. 23½ ᶜᵐ. (Added t.-p.: Harvard theological studies
425 982 204 50 … [XVI])
449 1037 158 42 Series
633 1038 108 41 title
770 1039 102 39 also
899 1039 52 39 at
977 1039 125 39 head
1129 1038 53 40 of
1208 1039 99 47 t.-p.

448 1095 200 39 “Issued
675 1105 54 30 as
757 1105 63 29 an
847 1096 141 39 extra
1015 1093 203 41 number
1244 1095 52 39 of
1324 1095 81 40 the
1435 1094 231 42 Harvard
1696 1094 290 49 theological
2016 1094 217 43 review.”

444 1150 349 49 Bibliography;
849 1161 44 38 p.
926 1150 349 51 [xxix]-xxxvi.

379 1219 1994 52 © Oct. 6, 1932; 2c. Oct. 17; aff. Oct. 29; A 55734; President and fellows
446 1280 52 39 of
531 1280 230 40 Harvard
795 1280 193 49 college,
1024 1279 301 49 Cambridge,
1363 1281 147 39 Mass.
1580 1280 250 49 (33-1337)

375 1381 248 66 Undset,
654 1382 216 66 Sigrid,
904 1387 170 51 1882-

507 1459 1867 72 … Christmas and Twelfth night. New York, Toronto,
373 1537 346 69 Longmans,
745 1537 190 56 Green
958 1541 47 51 &
1029 1557 100 48 co.,
1156 1541 152 52 1932.

442 1610 477 50 58 p. plates. 19½ ᶜᵐ.
443 1668 196 48 Essays.

444 1723 163 42 “First
631 1723 228 42 edition.”

377 1789 1995 56 © Nov. 15, 1932; 2c. and aff. Nov. 23; A 57214; Longmans, Green & co.
456 1849 251 50 (33-1430)

371 1953 265 65 Watson,
666 1954 240 56 Forbes.

439 2029 1788 72 Mary Cassatt, by Forbes Watson … New York [ ᶜ19 32 ]
442 2103 1928 52 60, [4] p. incl. 1 illus., plates, ports. 26 ᶜᵐ. (American artists series,
371 2159 227 48 Whitney
628 2170 219 30 museum
881 2160 52 41 of
962 2161 258 41 American
1250 2161 104 47 art)

441 2216 305 48 Descriptive
775 2219 283 45 letterpress
1087 2227 61 30 on
1177 2226 164 32 versos
1372 2217 167 48 facing
1566 2219 172 46 plates.

440 2271 350 49 Bibliography;
856 2283 43 38 p.
937 2272 160 41 19-20.

376 2336 52 52 ©
464 2342 111 40 Dec.
611 2343 69 47 15,
716 2341 116 42 1932;
893 2342 68 42 2c.
997 2344 97 39 and
1128 2354 28 29 aff.
1247 2344 110 40 Dec.
1394 2345 57 39 17;
1515 2344 42 39 A
1592 2343 146 42 58470;
1801 2343 228 48 Whitney
2065 2353 219 31 museum
2319 2344 53 40 of

444 2397 159 40 Amer.
633 2401 93 45 art,
756 2401 117 38 New
903 2399 143 40 York.
1117 2398 251 51 (33-1618)

372 2501 216 64 Wedel,
619 2502 234 54 Oswald
882 2504 224 63 Henry.

441 2577 494 57 Austro-German
965 2581 339 68 diplomatic
1330 2582 288 68 relations,
1649 2584 310 50 1908-1914
2007 2580 94 69 [by]
2133 2581 237 55 Oswald

372 2655 1973 146 Henry Wedel … Stanford University, Calif., Stanford university
627 2752 185 51 press;
854 2736 260 68 London,
1153 2736 79 53 H.
1273 2735 265 69 Milford,
1582 2736 230 56 Oxford
1853 2736 318 69 university
2212 2755 157 50 press

485 2814 85 65 [ ᶜ19 32]
440 2884 407 49 viii, 233 p. 23 ᶜᵐ.
442 2940 302 50 “Originally
779 2944 255 46 presented
1072 2954 53 29 as
1163 2955 28 29 a
1227 2943 318 41 dissertation
1580 2943 80 41 for
1696 2944 85 40 the
1815 2945 171 47 degree
2023 2943 53 41 of
2111 2944 168 41 doctor
2315 2944 52 41 of

371 2996 1977 104 philosophy at Stanford university [1927] … it … [has been] carried beyond its
629 3053 208 49 original
871 3055 377 48 scope.”—Pref.

443 3108 378 51 “Bibliography
851 3111 53 41 of
932 3111 159 41 works
1124 3110 147 42 used”;
1332 3121 41 39 p.
1405 3110 218 43 221-228.

377 3174 52 52 ©
463 3179 116 40 Nov.
614 3178 69 48 29,
718 3180 113 40 1932;
895 3181 67 39 2c.
998 3180 111 41 Dec.
1145 3183 51 45 7;
1235 3180 81 42 aff.
1352 3182 111 40 Dec.
1499 3181 52 47 6;
1588 3181 42 39 A
1665 3180 170 48 58277;
1872 3182 163 38 Board
2071 3179 52 42 of
2157 3181 212 39 trustees

444 3235 52 39 of
529 3235 80 40 the
641 3236 183 40 Leland
860 3237 234 40 Stanford
1125 3236 168 48 junior
1324 3237 145 48 univ.,
1507 3237 234 40 Stanford
1776 3235 295 50 University,
2108 3235 142 42 Calif.

453 3290 251 51 (33-1334)

373 3391 194 65 Wells,
599 3394 258 53 Herbert
891 3394 245 64 George,
1171 3401 169 49 1866-

374 3467 1965 145 … Evolution, fact and theory, by H. G. Wells, Julian S. Huxley and
629 3544 1733 70 G. P. Wells … Garden City, N. Y., Doubleday, Doran
373 3623 45 49 &
447 3639 295 51 company,
768 3623 127 64 inc.,
928 3625 149 49 1932.

441 3692 1922 51 4 p. l., [1], 314-433, [4], 576-643 p. illus. 19½ ᶜᵐ. (The science of life
372 3745 176 50 series)

443 3802 267 49 Reprinted
736 3802 128 42 from
892 3805 82 39 the
1000 3804 217 40 authors’
1246 3804 130 41 “The
1401 3805 184 41 science
1614 3805 52 40 of
1694 3805 131 41 life”.

444 3859 162 41 “First
636 3860 225 41 edition.”

378 3927 51 51 ©
455 3932 115 39 Nov.
599 3933 68 41 16,
693 3932 113 40 1932;
860 3933 65 38 2c.
953 3934 116 39 Nov.
1098 3933 57 39 17;
1207 3932 82 41 aff.
1315 3933 116 39 Nov.
1460 3932 54 40 23;
1570 3934 40 38 A
1636 3932 142 41 57270;
1835 3933 60 40 H.
1924 3933 51 40 G.
2004 3932 161 44 Wells,
2195 3932 166 40 Julian

447 3988 44 40 S.
522 3988 194 48 Huxley
746 3990 95 38 and
872 3989 184 48 George
1082 3988 164 48 Philip
1272 3989 162 47 Wells,
1466 3988 210 41 London.
1748 3989 249 49 (33-1129)
