2563 4368
1133 4089 132 48 1591

183 472 347 62 Robertson,
561 471 175 52 Peter
768 469 389 64 Lymburner.

249 548 203 54 World
485 546 458 68 reorganization
974 566 63 33 or
1069 544 297 67 downfall,
1399 544 112 53 and
1542 543 97 53 the
1670 541 259 67 remedy;
1963 562 31 33 a
181 558 1969 134 composite

401 623 220 69 picture
659 623 63 54 of
759 624 96 53 the
893 641 189 35 causes
1119 622 63 53 of
1218 622 96 53 the
1351 626 227 63 present
1618 618 456 68 disequilibrium
2110 617 62 53 in

182 702 95 52 the
321 701 561 67 world—analyzing
924 700 95 53 the
1060 705 192 47 extent
1293 698 64 53 of
1399 717 117 33 war
1560 703 162 60 costs,
1764 698 188 63 losses,
1996 696 178 65 debts,

184 778 374 67 reparations,
602 777 134 67 gold
783 777 265 67 shortage
1095 776 112 52 and
1253 775 63 53 of
1360 775 96 53 the
1500 774 282 67 resulting
1827 774 185 66 chaos,
2055 772 120 67 but,

182 855 139 52 with
351 875 31 33 a
409 855 138 67 plan
573 854 93 54 for
691 855 96 53 the
813 853 433 54 redistribution
1274 852 63 54 of
1363 852 154 68 gold,
1544 851 357 55 revaluation
1929 850 64 54 of
2021 849 154 69 gold,

182 932 327 53 immediate
549 932 345 67 liquidation
933 930 65 54 of
1036 949 118 34 war
1192 930 179 67 debts,
1412 948 31 35 a
1485 929 113 53 full
1639 929 267 66 covering
1947 928 62 54 of
184 946 1966 129 currencies,

182 1006 1971 147 and an international coinage. By Peter L. Robertson … [New
639 1085 179 67 York,
848 1085 242 53 Printed
1120 1084 96 53 for
1245 1084 96 54 the
1375 1085 205 53 author
1611 1084 76 66 by
1716 1084 157 54 John
1908 1084 59 55 S.
2001 1083 177 56 Swift

182 1183 98 48 co.,
311 1166 127 65 inc.]
476 1167 151 50 1932.

256 1234 1132 50 xii p., 3 l., 3-236 p. incl. illus., plates. 21ᶜᵐ.
194 1290 50 52 ©
282 1294 100 41 Oct.
422 1295 26 39 7,
556 1292 55 41 1932;
677 1293 65 39 2c.
783 1292 102 41 Oct.
923 1293 54 38 14;
1045 1290 82 42 aff.
1166 1291 101 40 Oct.
1306 1292 54 40 13;
1429 1292 39 38 A
1506 1291 142 40 56522;
1717 1293 49 38 P.
1807 1292 50 40 L.
1898 1292 283 46 Robertson,

262 1350 185 41 Milton.
481 1350 215 40 Ontario.
730 1348 212 40 Canada.
1011 1347 281 49 (32-30111)

189 1440 317 64 Robinson,
535 1439 253 54 William
817 1438 313 66 Josephus,
1162 1441 170 53 1867-

256 1517 195 55 Soviet
487 1517 206 52 Russia
734 1535 59 35 as
831 1518 31 51 I
900 1536 117 33 saw
1054 1518 75 65 it;
1171 1518 73 51 its
1283 1518 546 66 accomplishments,
1867 1517 75 53 its
1982 1517 198 52 crimes

184 1593 1997 69 and stupidities, by Dr. William J. Robinson … New York,
181 1672 120 53 The
328 1672 421 53 International
779 1690 175 49 press,
985 1674 152 50 1932.

256 1744 86 40 224
369 1755 44 39 p.
474 1744 144 41 19½ᶜᵐ.

195 1798 52 52 ©
276 1802 103 40 Oct.
407 1803 68 47 13,
505 1801 139 42 1932;
673 1801 67 41 2c.
772 1801 100 40 Oct.
903 1802 82 40 14;
1016 1800 82 40 aff.
1129 1801 102 40 Oct.
1261 1801 81 46 15;
1377 1802 38 38 A
1444 1802 170 47 55575;
1648 1801 358 41 International
2035 1813 149 37 press.

272 1858 279 48 (32-30103)

190 1945 308 66 Rockwell,
528 1947 236 55 Samuel
793 1947 238 64 Forbes,
1063 1949 171 54 1878-

260 2024 180 53 Davis
484 2024 248 53 families
777 2025 63 52 of
883 2025 158 66 early
1082 2025 277 67 Roxbury
1404 2026 112 52 and
1560 2027 234 64 Boston,
1836 2025 74 66 by
1954 2025 230 55 Samuel

188 2101 211 53 Forbes
425 2101 308 53 Rockwell.
796 2101 186 54 North
1011 2102 289 66 Andover,
1328 2102 190 65 Mass.,
1548 2106 151 49 1932.

261 2172 1926 53 2 p. l., [vii]-xii, 314 p. plates, ports., fold. maps, facsim., fold. geneal.
190 2231 169 46 tables,
388 2232 110 39 coat
528 2229 52 41 of
609 2240 145 30 arms.
812 2228 148 43 23½ᶜᵐ.

260 2285 374 50 Bibliography:
668 2297 44 38 p.
760 2286 185 49 [ix]-xii.

199 2341 52 52 ©
289 2345 129 47 Sept.
450 2344 70 47 30,
556 2343 112 41 1932;
733 2344 67 40 2c.
837 2343 102 41 Oct.
974 2343 83 47 20;
1094 2343 81 40 aff.
1214 2343 102 41 Oct.
1350 2343 82 48 22;
1472 2346 41 37 A
1548 2344 169 47 55642;
1760 2346 44 40 S.
1841 2346 51 40 F.
1930 2346 258 47 Rockwell,

266 2401 155 40 North
451 2401 237 46 Andover,
719 2401 145 38 Mass.
937 2399 278 48 (32-30108)

194 2473 443 66 Rosenkampff,
670 2475 232 53 Arthur
931 2476 223 63 Henry,
1187 2481 171 49 1884-

266 2552 410 68 Bookkeeping
727 2551 311 68 principles
1094 2553 112 52 and
1262 2552 264 68 practice,
1580 2554 74 67 by
1708 2551 225 54 Arthur
1987 2554 205 67 Henry

197 2629 1994 68 Rosenkampff … and William Carroll Wallace … New York,
196 2707 451 66 Prentice-Hall,
674 2707 126 66 inc.,
832 2709 149 50 1932.

268 2779 1032 49 xviii p., 1 l., 426 p. incl. forms. 23½ᶜᵐ.
203 2833 52 52 ©
286 2837 126 48 Sept.
441 2836 40 48 2,
509 2837 114 39 1932;
678 2837 66 40 2c.
776 2837 126 47 Sept.
931 2837 82 46 23;
1044 2836 82 40 aff.
1157 2837 128 47 Sept.
1315 2837 56 40 19;
1426 2840 41 37 A
1495 2838 170 47 55560;
1697 2838 374 43 Prentice-Hall.
2100 2839 90 39 inc.

279 2892 278 49 (32-29997)

199 2970 168 63 Ross,
402 2970 128 52 Eva
557 2969 53 54 J.

202 3044 1964 131 A survey of sociology, by E. J. Ross … New York, Milwaukee
485 3122 1423 71 [etc.] The Bruce publishing company [ ᶜ19 32 ]
273 3193 1921 53 xxii, 570 p. plates, ports. 22 ᶜᵐ . (Half-title: Science and culture
199 3250 1037 51 series. J. Husslein … general editor)
273 3306 342 49 “Suggestions
646 3307 79 41 for
757 3308 252 41 collateral
1044 3309 229 49 reading”
1306 3313 53 37 at
1392 3311 91 40 end
1518 3311 52 41 of
1602 3312 118 40 each
1756 3312 200 48 chapter:
201 3312 1977 99 “Bibliography

443 3363 52 41 of
523 3362 219 42 Catholic
770 3365 148 39 books
946 3375 60 30 on
1033 3365 269 49 sociology”:
1361 3377 43 38 p.
1434 3366 215 42 540-549.

208 3418 52 52 ©
294 3422 127 48 Sept.
453 3421 57 39 16,
612 3421 54 40 1932;
727 3421 67 40 2c.
827 3422 95 39 and
954 3421 82 41 aff.
1070 3421 101 41 Oct.
1204 3423 81 46 17;
1320 3424 41 37 A
1393 3423 144 41 56498;
1597 3425 53 40 E.
1682 3425 43 39 J.
1761 3425 135 47 Ross,
1933 3424 68 42 St.
2034 3423 160 42 Louis.

284 3477 278 48 (32-30110)

204 3549 282 68 Starrett,
515 3551 270 65 Vincent,
817 3557 170 50 1886-

335 3628 1858 71 … The end of Mr. Garment … Garden City, N. Y., Pub for
204 3705 95 52 the
340 3705 191 55 Crime
569 3706 146 66 club,
754 3708 126 63 inc.,
919 3707 76 65 by
1031 3707 355 68 Doubleday,
1426 3709 198 53 Doran
1663 3711 47 51 &
1748 3727 296 50 company,
2083 3709 109 53 inc.

207 3785 193 63 [ ᶜ19 32 ]
274 3852 547 50 6 p. l., 304 p. 19½ᶜᵐ.
277 3909 162 42 “First
470 3909 225 42 edition.”

213 3961 51 51 ©
301 3965 101 41 Oct.
438 3966 68 46 19,
541 3966 113 40 1932;
718 3966 65 39 2c.
822 3968 93 39 and
953 3967 80 40 aff.
1072 3967 100 40 Oct.
1209 3967 81 48 20;
1329 3970 41 38 A
1407 3970 168 46 56667;
1615 3971 52 38 V.
1708 3971 227 47 Starrett,
1974 3970 222 49 Chicago.

290 4019 278 52 (32-30019)
