2563 4368
0 0 0 0 1837
160 527 323 65 Crawford,
515 528 324 62 Margaret.

228 603 121 53 The
378 608 157 62 story
567 603 62 52 of
659 603 235 53 Mumbo
925 602 229 66 Jumbo,
1186 602 74 67 by
1290 602 296 66 Margaret
1617 600 335 66 Crawford;
157 601 1963 132 illustrated

385 680 74 66 by
499 680 274 53 Leontine
814 680 269 52 Wallace.
1160 679 426 66 Philadelphia,
1627 679 290 53 Dorrance
1959 682 46 50 &
2047 698 97 45 co.,

158 758 107 52 inc.
300 760 192 64 [ᶜ1932]

231 830 54 40 65
316 841 43 38 p.
419 830 162 47 front.,
613 831 127 39 illus.
801 829 144 40 19½ᶜᵐ.

161 897 50 52 ©
241 902 107 39 Dec.
377 903 68 40 14,
473 900 111 40 1932;
640 901 66 39 2c.
735 901 110 39 Dec.
873 901 53 37 17;
983 898 82 40 aff.
1094 899 110 40 Dec.
1232 899 81 47 16;
1343 900 38 37 A
1408 898 169 48 57496;
1608 899 247 40 Dorrance
1884 899 35 40 &
1947 910 80 35 co.,
2058 899 83 41 inc.

238 958 278 47 (32-35025)

158 1059 367 66 Culbertson,
557 1060 128 64 Ely,
720 1064 170 49 1891-

227 1138 120 52 The
385 1137 625 55 Culbertson-Webster
1048 1142 252 47 contract
1338 1142 236 62 system;
1615 1137 177 67 laugh
1829 1137 166 53 while
2034 1155 111 49 you

155 1215 176 66 learn,
353 1215 139 52 with
514 1220 121 47 text
656 1215 76 66 by
755 1215 114 66 Ely
892 1214 340 55 Culbertson
1255 1215 112 52 and
1392 1215 140 52 with
1555 1214 366 67 seventy-five
1943 1215 201 68 bridge

157 1297 258 47 cartoons
446 1292 75 67 by
555 1293 76 51 H.
665 1294 65 50 T.
764 1292 274 54 Webster.
1106 1292 140 52 New
1280 1292 179 65 York,
1493 1292 309 53 Frederick
1834 1293 72 52 A.
1943 1293 199 54 Stokes

156 1386 295 51 company,
480 1371 150 50 1932.

229 1441 939 50 3 p. l., 152 p. front., illus. 21½ᶜᵐ.
231 1498 143 40 “New
400 1500 219 39 contract
647 1498 218 49 scoring”
894 1510 58 28 on
981 1497 135 41 front
1143 1498 335 49 lining-paper.

159 1567 51 51 ©
283 1581 57 28 Nov.
380 1570 54 39 28,
475 1569 111 40 1932;
641 1570 67 39 2c.
735 1571 94 37 and
855 1569 80 39 aff.
965 1569 108 39 Dec.
1103 1571 51 44 1;
1183 1569 41 38 A
1250 1568 167 47 58196;
1451 1570 51 39 E.
1531 1569 300 42 Culbertson,
1860 1572 115 37 New
2004 1572 142 41 York,

225 1629 94 37 and
354 1628 187 37 Harold
574 1627 50 39 T.
659 1626 231 46 Webster,
928 1625 263 43 Stamford,
1227 1627 145 38 Conn.
1443 1625 278 48 (32-34795)

155 1728 240 66 Dennis,
427 1730 275 54 Clarence
732 1730 219 62 James,
984 1730 170 54 1876-

224 1807 120 52 The
379 1802 358 57 sentimental
772 1804 180 68 bloke,
986 1805 74 68 by
1096 1803 61 55 C.
1194 1804 54 55 J.
1284 1805 233 53 Dennis.
1593 1807 139 52 New
1767 1806 177 68 York,
1980 1808 167 54 Press

153 1885 63 52 of
242 1886 95 52 the
364 1883 206 66 woolly
595 1883 197 68 whale,
823 1886 149 49 1932.

223 1955 712 52 4 p. l., 3-91, [11] p. 17½ᶜᵐ.
225 2014 261 41 Published
517 2014 49 38 in
597 2013 114 40 1919
742 2014 153 38 under
925 2013 134 39 title:
1093 2013 100 39 The
1225 2023 142 37 songs
1398 2014 51 38 of
1479 2024 26 29 a
1538 2013 309 41 sentimental
1881 2013 151 41 bloke.

159 2083 1986 51 © Dec. 1, 1932; 2c. Dec. 5; aff. Dec. 2; A 57318; Melbert B. Cary. jr.,
225 2144 116 38 New
371 2143 141 38 York.
595 2137 51 51 [©
680 2152 104 28 new
816 2144 192 45 matter]
1081 2141 278 48 (32-34761)

153 2243 243 66 Dumas,
429 2245 353 64 Alexandre,
816 2245 324 55 1802-1870.

223 2322 120 52 The
376 2321 166 52 black
577 2321 168 67 tulip,
781 2321 76 68 by
893 2318 327 55 Alexandre
1257 2321 234 53 Dumas.
1565 2321 139 53 New
1743 2322 181 68 York,
1958 2323 91 55 W.
2086 2323 57 55 J.

153 2398 559 68 Black, inc. [ ᶜ1 932]
222 2472 64 47 ix,
315 2471 85 40 310
429 2481 44 38 p.
533 2470 144 42 16½ᶜᵐ.
742 2471 112 50 [The
884 2470 285 47 companion
1197 2470 212 51 classics]

158 2539 51 51 ©
286 2554 69 28 Nov.
387 2545 37 46 1,
456 2543 111 40 1932;
627 2545 65 38 2c.
724 2544 108 38 Dec.
865 2543 24 39 8;
950 2542 80 40 aff.
1063 2544 110 39 Dec.
1205 2543 50 46 6;
1291 2544 38 37 A
1360 2543 142 39 57404;
1564 2545 185 39 Walter
1781 2545 41 38 J.
1856 2545 165 46 Black,
2054 2545 90 39 inc.

229 2597 67 53 [©
324 2600 341 49 introduction]
738 2599 277 48 (32-34683)

154 2702 249 65 Dunlap,
433 2703 249 65 Knight,
717 2704 171 54 1875-

225 2779 1855 69 Habits, their making and unmaking, by Knight Dunlap …
154 2857 139 52 New
322 2857 178 67 York,
529 2857 317 67 Liveright,
872 2858 109 52 inc.
1016 2861 193 63 [ᶜ1932]

264 2961 8 16 x,
300 2929 86 41 326
411 2941 43 38 p.
514 2930 145 40 22½ᶜᵐ.

229 2986 373 49 Bibliography:
633 2998 44 38 p.
706 2985 216 42 275-322.

158 3053 51 51 ©
283 3068 70 30 Nov.
380 3057 68 40 25.
478 3056 112 40 1932;
647 3058 67 38 2c.
744 3057 110 39 Dec.
883 3057 25 38 8;
967 3057 80 39 aff.
1077 3057 111 39 Dec.
1219 3059 23 37 7;
1300 3057 41 38 A
1369 3057 144 40 57369;
1571 3057 262 48 Liveright,
1863 3058 90 40 inc.

235 3112 276 49 (32-35032)

153 3217 304 64 Duvoisin,
487 3218 212 63 Roger.

222 3293 56 52 A
328 3293 148 52 little
527 3293 111 68 boy
690 3310 113 36 was
856 3292 278 70 drawing,
1188 3298 119 48 text
1359 3294 114 53 and
1524 3293 252 69 pictures
1826 3293 75 70 by
1952 3295 191 68 Roger

153 3370 297 53 Duvoisin.
523 3370 137 53 New
698 3369 179 68 York,
914 3369 257 68 London,
1210 3369 62 55 C.
1313 3369 310 55 Scribner’s
1662 3388 146 50 sons,
1849 3374 151 51 1932.

227 3442 83 51 [56]
342 3452 43 38 p.
445 3443 127 40 illus.
601 3444 133 47 (part
765 3443 111 47 col.)
943 3442 117 41 25ᶜᵐ.

158 3511 49 51 ©
242 3515 101 40 Oct.
377 3516 37 39 7.
450 3514 111 40 1932;
623 3516 67 39 2c.
725 3515 109 39 Dec.
870 3514 54 39 10;
988 3514 80 40 aff.
1105 3515 100 39 Oct.
1239 3514 82 46 22;
1359 3516 39 37 A
1433 3514 168 47 57423;
1640 3515 200 40 Charles
1879 3514 262 41 Scribner's

224 3583 121 27 sons.
419 3572 277 47 (32-34677)

155 3673 316 65 Edmonds,
501 3673 208 54 Albert
738 3675 256 63 Sydney,
1027 3677 168 52 1897-

224 3751 31 51 Il
312 3769 296 49 penseroso
641 3752 112 52 and
784 3753 162 51 other
977 3770 209 49 poems,
1218 3752 74 67 by
1325 3752 203 53 Albert
1566 3751 230 69 Sydney
1833 3752 307 53 Edmonds.

160 3828 267 67 [Topeka,
457 3828 168 67 Kan.,
655 3829 185 52 Print,
871 3829 75 67 by
977 3830 94 51 the
1105 3829 230 67 College
1363 3848 174 49 press,
1590 3832 152 63 ᶜ1932]

218 3900 58 41 32
327 3933 10 9 l.
396 3901 114 40 18ᶜᵐ.

221 3957 200 40 Printed
449 3969 59 28 on
536 3967 88 30 one
650 3957 103 40 side
778 3958 50 40 of
854 3958 100 40 leaf
981 3970 59 28 on
1066 3956 220 49 opposite
1308 3967 158 39 pages.

158 4015 50 51 ©
243 4020 108 39 Dec.
384 4019 40 42 3,
458 4019 112 39 1932;
631 4019 65 39 2c.
731 4021 95 37 and
860 4020 80 40 aff.
974 4020 109 39 Dec.
1119 4022 24 37 7;
1207 4021 38 37 A
1278 4020 142 39 57356;
1484 4020 52 40 A.
1575 4020 43 38 S.
1655 4021 256 45 Edmonds,
1946 4020 192 39 Kansas

224 4075 122 48 City.
376 4077 123 38 Kan.
570 4075 277 48 (32-34925)
