2563 4368
1327 4056 97 49 592

377 452 151 66 Hall,
560 450 327 65 Radclyffe.

444 520 1931 73 The master of the house [by] Radclyffe Hall … New York,
374 604 54 55 J.
461 604 154 69 Cape
645 605 113 52 and
787 604 68 53 R.
886 604 208 53 Ballou
1130 606 171 65 [1932]

445 679 65 50 xi,
546 678 86 42 397
667 690 43 37 p.
770 679 57 39 24½ᶜᵐ.

382 745 52 52 ©
466 751 113 46 Apr.
611 748 69 47 25,
713 748 140 46 1932;
887 747 68 40 2c.
988 748 95 39 and
1116 747 81 39 aff.
1232 747 112 47 Apr.
1377 745 56 40 26;
1497 746 35 39 A
1567 744 171 48 49710;
1775 745 54 40 R.
1866 744 130 48 Hall,
2031 743 115 49 Rye,
2181 742 194 48 Sussex,

452 807 233 47 England.
757 803 280 50 (32-10939)

378 908 289 66 Harding,
696 908 191 65 Ralph
918 908 248 65 Conrad,
1199 908 171 55 1874-

448 986 328 53 Handbook
815 985 93 53 for
947 986 182 53 elders
1168 987 112 52 and
1317 985 257 66 deacons,
1610 985 75 68 by
1724 986 68 53 R.
1833 984 61 55 C.
1935 983 301 68 Harding;
2278 981 94 53 for

378 1063 335 55 convenient
740 1062 287 55 reference
1056 1066 112 52 and
1199 1063 95 53 for
1322 1062 143 54 class
1493 1062 188 68 study.
1757 1059 348 69 Cincinnati,
2136 1060 87 68 O.,
2252 1061 124 52 The

382 1141 1196 69 Standard publishing company [ ᶜ1 932]
451 1216 84 41 185
564 1227 43 37 p.
668 1215 58 40 19½ᶜᵐ.

450 1272 350 49 Bibliography
818 1282 9 30 :
860 1283 44 37 p.
933 1270 128 43 9-10.

386 1335 52 57 ©
464 1345 122 40 Mar.
612 1345 38 47 1,
677 1341 114 42 1932;
844 1343 69 39 2c.
938 1344 121 40 Mar.
1086 1342 53 39 21;
1196 1341 81 41 aff.
1305 1343 122 39 Mar.
1454 1340 54 41 19;
1565 1341 38 39 A
1626 1340 146 44 49218;
1829 1340 246 42 Standard
2102 1337 278 51 publishing

454 1411 65 30 co.
592 1399 279 49 (32-10962)

382 1503 177 65 Hare,
586 1503 184 63 Lloyd
799 1504 214 54 Custer
1039 1502 291 64 Mayhew,
1362 1506 171 52 1893-

448 1580 249 53 Thomas
721 1580 283 69 Mayhew,
1028 1580 294 68 patriarch
1347 1586 57 46 to
1428 1580 95 52 the
1548 1579 241 53 Indians
1823 1578 366 69 (1593-1682)
2259 1579 121 53 The

379 1658 107 53 life
523 1659 65 52 of
627 1659 94 53 the
762 1659 345 67 worshipful
1147 1675 280 52 governor
1467 1659 114 52 and
1620 1657 155 53 chief
1811 1658 336 68 magistrate
2184 1656 64 53 of
2284 1659 97 52 the

380 1737 187 53 island
610 1738 64 51 of
715 1737 280 53 Martha’s
1039 1736 305 68 vineyard;
1390 1736 365 68 proprietary
1798 1735 65 53 of
1905 1735 279 55 Martha’s
379 1736 1978 149 vineyard,
582 1815 325 53 Nantucket

949 1815 112 53 and
1104 1815 95 52 the
1241 1814 300 53 Elizabeth
1584 1814 234 68 islands,
1858 1814 113 54 and
2013 1815 128 53 lord
2180 1814 65 53 of
2285 1815 96 53 the

381 1891 1937 72 manor of Tisbury in North America. By Lloyd C. M. Hare …
380 1973 138 54 New
553 1972 180 69 York,
762 1972 259 67 London,
1053 1972 72 52 D.
1157 1971 296 67 Appleton
1485 1971 114 53 and
1630 1988 298 51 company,
1962 1973 150 51 1932.

452 2043 1549 53 xii p., 1 l. , 231 p. front. (geneal tab.) plates, maps. 29 ᶜᵐ.
455 2104 146 41 Short
626 2102 336 50 bibliography
991 2101 221 41 included
1242 2101 49 39 in
1320 2102 80 39 the
1427 2101 209 47 preface.

391 2172 51 52 ©
468 2178 120 39 Mar.
613 2176 68 46 25,
708 2172 112 42 1932;
874 2173 68 42 2c.
967 2175 94 38 and
1087 2183 82 30 aff.
1196 2173 121 40 Mar.
1342 2171 55 41 28;
1454 2172 38 39 A
1516 2170 144 41 49429;
1715 2172 50 40 L.
1793 2172 49 42 C.
1870 2173 60 38 M.
1958 2172 147 49 Hare,
2131 2173 247 48 Berkeley,

458 2231 143 41 Calif.
674 2228 278 51 (32-10945)

386 2334 324 66 Holzapfel,
742 2332 219 55 Rudolf
991 2331 209 65 Maria,
1234 2333 325 55 1874-1930.

514 2407 1867 73 … Heilige ewigkeit, dichtung. Stuttgart [etc.] Deutsche
383 2488 694 70 verlags-anstalt [ ᶜ1 932]
452 2559 1747 53 xlviii, 413, [1] p. incl. pl. plates (1 double) fold. facsims. 23 ᶜᵐ.
452 2619 58 40 In
542 2629 154 37 prose.

454 2676 128 40 “Aus
612 2676 107 39 dem
753 2674 227 40 nachlass
1013 2672 389 48 herausgegeben
1440 2682 106 40 [von
1579 2672 200 41 Bettina
1813 2671 304 52 Holzapfel]”

392 2729 1971 108 © Dec. 18, 1931; 1c. Feb. 25, 1932; A—Foreign 15855; Deutsche verlagsanstalt. (32-10985)
385 2892 372 66 Hürlimann,
785 2892 242 65 Martin,
1059 2893 170 54 1897-

454 2971 109 52 Die
610 2971 234 52 wunder
888 2969 232 67 Asiens;
1167 2970 89 51 ein
1299 2968 340 53 bilderwerk
1682 2987 130 35 vom
1854 2973 257 64 grössten
2153 2968 220 67 erdteil,

384 3046 1988 133 von d ʳ Martin Hürlimann. Berlin, Deutsche buch-gemein-schaft
601 3126 544 67 g. m. b. h. [ ᶜ1 931 1
456 3196 927 49 240 p. illus. (incl. map) 28 × 34 ᶜᵐ.
391 3252 1968 108 © Dec. 31, 1931; 1c. Feb. 25, 1932; A —Foreign 15841; Deutsche buchgemeinschaft,
856 3321 39 37 g.
928 3322 58 29 m.
1018 3311 41 39 b.
1092 3310 45 41 h.
1208 3309 279 51 (32-10966)

388 3414 250 64 Huxley,
666 3414 197 53 Julian
891 3413 203 55 Sorell.

455 3491 140 53 This
622 3490 284 69 planning
930 3490 266 54 business.

491 3565 59 38 (In
578 3560 318 44 Nash’s-Pall
927 3560 116 43 mall
1075 3560 275 52 magazine,
1382 3560 136 52 Apr.,
1553 3561 143 50 1932)

392 3616 1981 53 © 1c. May 13, 1932; A ad int. 16442; pubd. Mar. 18; J. S. Huxley,
459 3675 209 43 London.

387 3776 183 53 Idaho
600 3777 110 52 and
743 3775 211 55 Pacific
983 3776 205 69 digest,
1218 3777 266 69 covering
1514 3778 77 51 all
1620 3796 150 35 cases
1800 3778 264 68 reported
2093 3778 62 53 in
2184 3777 184 54 Idaho

453 3860 242 62 reports,
729 3856 325 65 1866-1931,
1089 3853 209 55 Pacific
1333 3861 273 62 reporter,
1638 3857 251 52 volumes
1955 3858 156 65 1-300,
2146 3855 112 54 and
2290 3855 77 54 all

456 3930 1909 71 of the Pacific states reports from the earliest times … Com-
