2563 4368
1366 4011 100 54 172

424 420 210 53 Pacific
689 427 271 62 reporter.
1039 420 218 55 Second
1310 421 184 53 series.
1572 419 169 55 Cases
1797 420 213 69 argued
2066 420 112 53 and
493 420 1896 132 determined

710 501 60 51 in
796 500 94 52 the
920 501 276 66 Supreme
1221 505 188 48 courts
1436 499 64 53 of
1528 497 343 69 California,
1896 499 244 67 Kansas,
2167 499 247 69 Oregon,

494 578 400 67 Washington,
937 576 300 67 Colorado,
1275 578 295 55 Montana,
1609 577 271 67 Arizona,
1920 577 253 68 Nevada,
2213 577 203 68 Idaho,

492 654 329 70 Wyoming,
850 656 177 67 Utah,
1055 658 138 51 New
1221 656 241 67 Mexico,
1493 655 340 68 Oklahoma,
1860 655 246 54 District
2134 661 188 49 courts
2351 657 64 52 of

497 736 203 65 appeal
740 735 110 50 and
890 734 287 67 appellate
1213 735 361 66 department
1608 735 64 50 of
1706 735 96 50 the
1841 734 275 67 Superior
2153 741 162 46 court
2351 736 67 51 of

497 810 325 54 California
848 812 111 52 and
987 812 281 55 Criminal
1292 818 161 49 court
1477 812 64 51 of
1566 814 232 66 appeals
1823 812 63 51 of
1910 812 340 68 Oklahoma,
2273 813 140 53 with

492 890 376 66 key-number
900 889 378 53 annotations,
1355 909 51 34 v.
1439 893 33 48 4
1515 889 128 69 (2d)
1728 891 318 53 November
494 891 1896 129 27-December

617 971 257 64 18,1931.
949 969 346 52 Permanent
1317 969 85 52 ed.
1479 967 83 55 St.
1587 970 165 67 Paul,
1774 972 161 53 West
1958 971 335 69 publishing
2317 991 97 48 co.,

497 1049 152 51 1932.

493 1134 134 48 xviii,
661 1133 114 41 1195
807 1144 43 38 p.
911 1135 115 39 26ᶜᵐ.

430 1187 51 53 ©
513 1192 107 39 Feb.
652 1192 57 39 18,
751 1191 112 40 1932;
923 1193 66 40 2c.
1020 1193 118 38 Mar.
1172 1193 79 41 14;
1285 1190 80 41 aff.
1400 1192 119 38 Mar.
1551 1191 80 47 16;
1664 1192 39 38 A
1734 1191 169 47 50692;
1937 1192 133 40 West
2100 1193 109 46 pub.
2240 1202 65 30 co.

417 1311 177 64 Pagé,
623 1308 204 55 Victor
855 1309 268 65 Wilfred,
1156 1315 170 49 1885-

491 1386 121 53 The
653 1384 306 56 Chevrolet
998 1385 88 54 six
1128 1404 95 35 car
1264 1387 114 52 and
1418 1386 193 67 truck;
1657 1386 403 68 construction,
2102 1387 315 69 operation,

421 1464 191 68 repair;
666 1483 30 33 a
721 1463 276 69 practical
1019 1463 232 54 treatise
1273 1464 229 52 written
1525 1464 60 52 in
1609 1464 202 68 simple
1837 1465 299 68 language,
421 1464 1971 146 explaining

557 1542 94 53 the
691 1540 290 54 functions
1020 1542 113 52 and
1169 1541 386 54 construction
1593 1540 64 53 of
1696 1541 77 53 all
1810 1547 161 63 parts
2009 1543 65 52 of
2113 1541 305 55 Chevrolet

419 1619 89 53 six
540 1638 123 35 cars
696 1619 113 54 and
842 1618 210 68 trucks,
1085 1618 141 54 with
1259 1619 274 67 complete
1569 1619 369 54 instructions
1975 1620 93 53 for
2101 1621 315 67 operation,

419 1697 391 54 maintenance
841 1697 113 53 and
981 1696 362 54 lubrication.
1408 1696 266 55 Includes
1707 1697 205 54 details
1940 1696 64 54 of
2036 1699 78 52 all
2149 1700 134 50 1932
421 1698 1971 145 improvements,

837 1775 119 54 also
993 1774 342 69 up-to-date,
1372 1774 287 69 thorough
1701 1775 112 53 and
1854 1775 179 70 easily
2069 1776 347 53 understood

421 1853 369 53 instructions
830 1871 72 35 on
945 1851 305 56 Chevrolet
1289 1852 283 70 servicing
1612 1853 113 53 and
1767 1852 209 70 repair,
2018 1854 281 68 prepared
2340 1854 76 69 by

423 1929 225 71 factory
679 1930 211 53 service
921 1935 226 63 experts
1178 1930 113 53 and
1323 1930 358 69 suggestions
1714 1929 94 54 for
1840 1931 225 68 tuning,
2099 1931 317 68 inspection

420 2006 1996 150 and trouble shooting; by Victor W. Pagé … a manual of instruction for owners—a guide for service men; illustrated by
421 2182 103 35 one
550 2164 264 53 hundred
842 2164 114 53 and
982 2163 137 67 fifty
1145 2163 273 68 specially
1445 2164 164 52 made
1639 2164 289 67 diagrams
1958 2165 113 52 and
422 2164 1967 129 authoritative
571 2241 410 68 photographs.
1052 2240 139 53 New
1224 2239 180 69 York,
1439 2241 121 52 The
1596 2241 256 52 Norman
1886 2241 89 53 W.
2013 2241 226 69 Henley
421 2241 1969 146 publishing
663 2336 98 50 co.,
792 2320 151 51 1932.

489 2391 96 43 xvi.
612 2390 86 41 489
724 2401 44 37 p.
795 2391 110 40 incl.
933 2390 163 47 front.,
1124 2390 142 46 illus.,
1295 2390 152 47 diagr.
1507 2400 61 38 pl.
1630 2390 145 41 19½ᶜᵐ.

429 2458 51 53 ©
508 2464 109 41 Jan.
644 2464 53 38 21,
739 2463 113 40 1932;
907 2463 66 40 2c.
1002 2464 94 39 and
1125 2462 80 40 aff.
1235 2463 108 41 Jan.
1370 2462 56 41 27;
1483 2463 39 38 A
1548 2463 147 41 47237;
1749 2463 218 40 Norman
1992 2464 71 40 W.
2093 2463 187 48 Henley
2307 2463 109 48 pub.

497 2531 66 29 co.
635 2519 250 50 (32-3972)

416 2640 290 62 Prescott,
735 2638 315 53 Frederick
1082 2637 226 64 Clarke,
1342 2643 171 50 1871-
1723 2641 83 52 ed.

487 2713 94 52 An
611 2713 387 54 introduction
1026 2718 58 47 to
1114 2713 303 54 American
1446 2719 216 62 poetry,
1693 2712 188 53 edited
1911 2713 33 51 by
2014 2713 304 53 Frederick
2349 2713 60 54 C.

419 2787 1992 69 Prescott … and Gerald D. Sanders … New York, F. S. Crofts
418 2871 44 50 &
491 2888 97 47 co.,
619 2871 150 50 1932.

491 2943 166 46 xxxvi,
687 2941 86 40 844
802 2952 44 37 p.
905 2939 145 42 23½ᶜᵐ.

493 2999 163 41 “Book
683 2998 138 40 lists”:
880 3009 44 37 p.
955 2995 217 42 825-831.

430 3069 51 51 ©
514 3073 109 41 Jan.
655 3072 68 45 11,
756 3068 139 48 1932;
930 3070 65 38 2c.
1030 3070 93 37 and
1156 3069 79 39 aff.
1271 3068 109 39 Feb.
1414 3068 52 47 9;
1502 3069 39 38 A
1571 3067 144 41 48392;
1779 3069 50 39 F.
1865 3068 44 40 S.
1945 3068 163 40 Crofts
2140 3068 36 40 &
2207 3077 82 39 co.,
2323 3067 89 40 inc.

507 3127 249 50 (32-4359)

425 3228 220 53 Punch,
721 3249 49 32 v.
802 3231 115 53 182,
943 3246 90 34 no.
1061 3228 152 57 4722,
1241 3231 262 63 January
1533 3230 47 64 6,
1610 3230 148 51 1932.

431 3313 1982 52 © 1c. Mar. 1, 1932; A ad int. 16097; pubd. Jan. 6; Herbert Heather,
497 3375 209 39 London.

425 3492 295 54 Research
752 3492 57 51 in
841 3490 420 53 international
1288 3490 128 55 law.

556 3566 1852 70 … I. Diplomatic privileges and immunities, II. Piracy.
500 3686 8 9 III.
549 3645 178 66 Legal
760 3645 250 67 position
1044 3646 110 51 and
1189 3645 291 53 functions
1513 3646 64 52 of
1608 3648 236 53 consuls.
1986 3688 9 9 IV.
2037 3646 372 66 Competence

427 3721 63 50 of
523 3728 187 46 courts
745 3722 59 52 in
840 3722 205 67 regard
1081 3727 58 46 to
1175 3722 228 68 foreign
1438 3728 187 47 states.
1701 3723 207 52 Drafts
1945 3723 64 51 of
2044 3722 363 53 conventions

426 3800 279 66 prepared
761 3799 93 52 for
906 3801 96 52 the
1055 3797 359 55 codification
1467 3800 62 52 of
1581 3800 408 53 international
2040 3801 125 52 law.
426 3800 1957 142 Cambridge,

671 3877 190 54 Mass.,
888 3877 274 52 Harvard
1190 3879 109 50 law
1328 3878 206 55 school,
1566 3882 151 50 1932.

527 3980 8 16 v,
571 3948 85 42 997
689 3960 41 37 p.
791 3949 116 42 26ᶜᵐ.
