2563 4368
1101 4079 99 50 169

212 485 666 52 2 p. l., 205, [1] p. 19 ½ᶜᵐ .
215 544 319 41 “Translated
562 544 127 40 from
718 545 82 39 the
829 543 186 41 French
1044 544 60 46 by
1132 545 82 38 the
1243 544 179 39 author
1449 544 94 38 and
1572 540 254 43 Elizabeth
1855 540 200 42 Lucas.”

152 600 50 51 ©
233 605 108 39 Feb.
369 602 40 50 9,
439 602 112 42 1932;
608 604 68 41 2c.
704 603 95 39 and
829 603 80 39 aff.
940 601 109 41 Feb.
1079 601 81 47 10;
1192 602 41 38 A
1259 601 171 47 47691;
1462 600 282 42 Macmillan
1773 610 65 30 co.
229 660 250 48 (32-4341)

139 762 263 63 Metcalf,
498 762 70 52 Cell
595 762 133 64 Lee,
759 767 170 48 1888-

212 830 1926 74 Fimdamentals of insect life, by C. L. Metcalf … and W. P.
144 907 1996 73 Flint … 1st ed. New York and London, McGraw-Hill book
137 1006 295 53 company,
463 990 126 67 inc.,
623 993 152 53 1932.

213 1063 65 47 xi,
306 1061 85 43 581
418 1075 42 38 p.
516 1063 144 49 illus.,
687 1065 179 47 diagrs.
924 1063 116 40 24ᶜᵐ.
1109 1064 299 48 (Half-title:
1434 1061 356 43 McGraw-Hill
1816 1063 326 48 publications

143 1120 50 39 in
225 1122 81 40 the
336 1120 261 50 zoölogical
629 1122 236 46 sciences)
991 1122 129 47 $5.00

216 1177 127 42 “The
374 1177 107 41 first
511 1180 82 39 ten
624 1179 227 47 chapters
882 1179 52 40 of
965 1177 325 42 ‘Destructive
1321 1178 96 39 and
1450 1176 162 43 useful
1644 1176 192 41 insects’
1870 1178 123 40 have
2026 1179 115 40 been

143 1233 285 49 completely
459 1235 186 40 revised
677 1236 94 39 and
805 1236 207 48 brought
1043 1247 62 36 up
1136 1237 51 37 to
1215 1235 113 40 date
1359 1235 96 39 and
1485 1234 143 41 much
1658 1245 106 29 new
1795 1233 229 43 material
2053 1234 90 41 has

144 1288 1983 112 been added. Chapter VIII has been entirely rewritten and greatly enlarged …
439 1350 96 39 and
572 1348 333 42 considerable
943 1358 104 32 new
1085 1348 231 41 material
1351 1349 91 39 has
1478 1348 118 42 been
1633 1348 159 41 added
1827 1349 53 41 to
1916 1349 229 49 chapters

197 1401 1655 53 IX and X … Three new chapters have been added.”—Pref.
216 1463 348 50 Bibliography:
628 1476 43 36 p.
705 1462 216 41 522-526.

153 1517 52 52 ©
235 1522 109 39 Jan.
377 1522 67 47 16,
475 1521 113 39 1932;
646 1522 66 38 2c.
744 1521 110 39 Jan.
882 1519 55 39 19;
996 1518 84 42 aff.
1111 1519 111 40 Jan.
1251 1518 82 48 22;
1366 1519 41 39 A
1435 1519 172 49 47183;
1642 1520 352 40 McGraw-Hill
2024 1519 123 40 book

219 1591 83 28 co.,
327 1578 92 40 inc.
488 1578 251 47 (32-4434)

148 1664 300 66 Michigan
484 1666 204 68 digest,
724 1665 268 69 covering
1026 1665 277 52 decisions
1339 1665 63 51 of
1436 1665 95 52 the
1570 1665 278 69 Supreme
1882 1671 163 50 court
2079 1664 64 54 of

218 1743 314 70 Michigan,
569 1745 266 66 reported
872 1744 60 51 in
969 1742 299 69 Michigan
1304 1747 240 65 reports,
1580 1744 136 54 vols.
1753 1744 153 68 252,*
1945 1748 101 48 253
2081 1749 60 48 to

219 1825 118 63 255,
366 1822 133 52 256*
531 1823 186 52 North
746 1826 237 48 western
1013 1828 274 62 reporter,
1315 1824 139 51 vols.
1482 1825 119 65 233,
1630 1841 148 51 page
1805 1826 101 50 465
1936 1829 59 47 to
2023 1825 120 65 239,

220 1918 143 50 page
399 1903 98 49 648
542 1900 55 68 (*
622 1899 58 53 in
715 1899 188 69 part),
936 1900 141 54 with
1111 1901 178 52 tables
1324 1901 63 54 of
1419 1906 240 49 statutes
1694 1903 302 52 construed
2030 1904 113 52 and

219 1997 151 33 cases
395 1978 275 69 digested.
748 1979 299 68 Compiled
1074 1980 182 51 under
1283 1980 93 53 the
1404 1980 309 54 American
1740 1981 186 69 digest
221 1979 1897 132 classification

543 2057 1529 72 … V. 10A. St. Paul, West publishing co., 1932.
220 2130 66 46 iii,
327 2128 87 44 198
449 2141 43 38 p.
552 2131 116 39 26ᶜᵐ.

222 2188 220 39 Lettered
477 2198 59 28 on
568 2198 138 28 cover:
771 2185 398 50 Supplementing
1200 2188 247 47 Michigan
1479 2188 158 49 digest
1669 2191 118 39 vols.
1820 2190 129 40 1-10.

150 2238 52 52 ©
232 2242 111 41 Feb.
369 2242 70 49 27,
466 2243 141 47 1932;
636 2243 68 40 2c.
733 2244 121 39 Mar.
881 2244 84 46 14;
994 2243 84 41 aff.
1107 2244 121 40 Mar.
1257 2244 82 47 16;
1369 2245 45 39 A
1437 2244 171 48 50089;
1638 2246 138 39 West
1799 2247 110 47 pub.
1938 2257 68 30 co.

151 2389 297 54 Missouri.
523 2392 86 52 St.
647 2391 191 65 Louis,
874 2392 227 52 Kansas
1139 2391 135 67 City
1311 2391 114 52 and
1460 2390 360 71 Springfield
1857 2399 187 48 courts
2082 2393 65 66 of

221 2467 249 68 appeals.

223 2543 1922 72 Cases determined … Reported for the St. Louis court of
154 2623 250 68 appeals,
446 2624 307 53 December
798 2628 48 63 4,
894 2627 150 66 1928,
1088 2631 59 48 to
1190 2625 204 54 March
1437 2630 50 66 3,
1530 2630 153 65 1931,
1726 2628 76 69 by
1844 2629 301 69 Alphonso

153 2700 1993 77 Howe … for the Kansas City court of appeals, July 6, 1926, to
151 2777 1972 133 January 5, 1931, by James P. Aylward … and for the Springfield
317 2862 160 48 court
513 2858 62 51 of
608 2860 252 66 appeals,
893 2860 142 69 July
1071 2864 81 64 12,
1190 2863 150 66 1929,
1374 2868 58 47 to
1466 2864 264 67 January
1765 2869 83 63 15,
1886 2870 151 64 1931,
2071 2868 76 69 by

154 2936 1992 79 T. H. Douglas … V. 224. Columbia, Mo., E. W. Stephens
156 3012 333 69 publishing
517 3033 77 34 co.
630 3048 12 33 [
672 3018 131 49 ᶜ1931
810 3048 13 34 ]

223 3087 638 48 xlii, 1358, xx p. 23½ᶜᵐ.
160 3138 50 52 ©
241 3144 116 39 Nov.
389 3145 68 40 11,
490 3143 138 48 1931;
661 3146 65 38 2c.
758 3146 119 40 Nov.
909 3148 52 37 14;
1023 3147 82 40 aff.
1138 3148 109 40 Feb.
1280 3150 68 48 13,
1380 3150 141 47 1932;
1555 3151 41 41 A
1626 3152 172 48 47649;
1832 3154 44 40 J.
1907 3155 58 41 D.
1995 3155 155 49 Allen,

227 3199 242 42 Jefferson
498 3200 121 49 City,
652 3203 91 39 Mo.

148 3288 245 65 Molnár,
425 3292 240 64 Ferenc,
697 3293 171 54 1878-

222 3366 121 52 The
375 3366 147 69 good
558 3366 173 70 fairy,
768 3388 31 33 a
831 3388 123 34 new
989 3370 155 69 play,
1177 3371 76 69 by
1287 3372 215 54 Ferenc
1535 3373 259 69 Molnar;
1833 3377 316 52 translated

154 3443 112 52 and
301 3443 247 69 adapted
583 3444 76 69 by
693 3445 148 54 Jane
876 3446 243 54 Hinton.
1191 3449 140 54 New
1368 3450 182 68 York,
1583 3452 68 53 R.
1688 3452 167 70 Long
1890 3455 47 52 &
1973 3454 68 53 R.
2080 3455 68 51 R.

155 3519 206 69 Smith,
390 3521 126 68 inc.,
545 3525 150 50 1932.

221 3592 608 50 4 p. l., 3-178 p. 19½ᶜᵐ.
161 3646 51 51 ©
241 3650 109 41 Feb.
379 3652 39 48 5,
445 3651 139 48 1932;
615 3654 65 39 2c.
708 3657 96 37 and
831 3654 81 40 aff.
942 3655 110 42 Feb.
1080 3655 52 48 9;
1164 3657 39 38 A
1229 3658 171 47 48361;
1433 3658 200 43 Charles
1662 3660 258 49 Frohman,
1950 3661 91 41 inc.

239 3706 250 51 (32-4236)

151 3797 264 63 Morgan,
443 3798 260 55 Thomas
728 3801 67 53 B.

227 3872 215 54 Italian
467 3876 259 67 physical
751 3877 220 54 culture
997 3881 449 52 demonstration;
1506 3902 32 33 a
1563 3887 196 63 report
1788 3882 63 53 of
1876 3883 96 52 the
1998 3883 153 66 visit,

157 3948 257 72 training
457 3954 112 51 and
614 3956 529 66 accomplishments
1186 3957 64 55 of
1291 3959 95 51 the
1431 3958 159 70 forty
1633 3958 216 54 Italian
1893 3962 258 51 students
