2563 4368
1032 4043 101 50 489

129 530 285 41 Illustrated
451 531 97 44 t.-p.

69 586 51 52 ©
148 590 119 38 Mar.
295 587 68 46 28,
391 585 139 48 1932;
559 584 65 41 2c.
653 585 95 39 and
777 582 80 41 aff.
888 584 121 38 Mar.
1037 582 55 40 30;
1150 582 39 39 A
1218 581 169 47 50437;
1420 581 204 39 Duffield
1653 581 36 39 &
1718 580 168 40 Green.

143 643 247 50 (32-9230)

67 745 249 64 Meeker,
343 745 203 53 James
573 742 271 63 Edward,
877 746 171 49 1890-

134 814 1916 74 Short selling, by J. Edward Meeker … New York and
67 899 251 65 London,
344 897 232 67 Harper
602 898 46 50 &
674 896 278 65 brothers,
981 896 152 51 1932.

131 966 857 52 vii p., 2 l., 271 p. diagrs. 22 ᶜᵐ .
132 1027 160 40 “First
322 1026 228 41 edition.”

73 1094 51 52 ©
157 1099 111 47 Apr.
303 1098 39 46 6,
378 1096 112 41 1932;
553 1096 64 40 2c.
654 1096 111 47 Apr.
800 1096 26 39 5;
891 1095 81 40 aff.
1008 1096 112 46 Apr.
1157 1094 25 40 8;
1246 1095 40 38 A
1321 1093 146 40 50596;
1529 1094 43 40 J.
1610 1095 50 38 E.
1699 1092 204 47 Meeker,
1940 1092 116 39 New

138 1157 182 38 Haven.
391 1153 249 49 (32-9325)

69 1257 271 64 Millican,
371 1257 244 54 Charles
642 1255 214 56 Bowie.

66 1330 1966 134 … Spenser and the Table round; a study in the contemporaneous
322 1410 368 67 background
717 1410 95 53 for
838 1409 289 68 Spenser’s
1152 1427 97 36 use
1275 1409 64 53 of
1363 1409 95 53 the
1484 1408 324 53 Arthurian
1833 1408 222 67 legend,

70 1485 1964 150 by Charles Bowde Millican … Cambridge, Harvard university press, 1932.
139 1636 1918 52 ix p., 4 l., [3]-237 p. front., 2 geneal. tab. (1 double) facsims. 22 ᶜᵐ .
80 1695 252 48 (Harvard
358 1694 187 41 studies
569 1695 50 38 in
645 1693 329 48 comparative
1002 1693 270 48 literature,
1301 1693 91 41 vol.
1521 1695 15 46 VIII)

142 1752 50 39 “I
235 1753 124 39 have
400 1751 158 40 aimed
599 1753 49 38 to
691 1751 149 39 assist
882 1750 137 40 those
1061 1750 197 46 readers
1301 1751 107 39 who
1448 1760 111 38 may
1600 1750 124 40 wish
1765 1753 50 37 to
1856 1751 109 40 look
2007 1753 51 38 at

76 1809 79 41 the
186 1808 170 43 Faerie
388 1816 181 39 queene
601 1807 48 39 in
685 1808 64 38 its
781 1806 253 40 historical
1067 1805 313 48 perspective,
1413 1806 94 39 and
1539 1808 50 38 to
1623 1806 99 40 this
1756 1807 92 39 end
1883 1807 21 38 I
1937 1808 123 41 have

72 1865 265 48 attempted
365 1868 50 37 to
442 1874 116 31 scan
587 1865 82 40 the
697 1863 270 44 Arthurian
997 1864 310 49 background
1338 1864 52 39 of
1417 1863 164 41 Tudor
1611 1864 95 39 and
1739 1865 171 40 Stuart
73 1864 1971 99 England.”—Pref.

143 1977 218 49 “Notes”,
389 1977 249 49 including
664 1976 336 49 bibliography;
1056 1987 44 38 p.
1148 1975 232 50 [147]-203.

82 2046 49 51 ©
165 2051 119 39 Mar.
316 2051 68 44 17,
416 2047 113 41 1932;
590 2048 67 42 2c.
691 2048 120 39 Mar.
843 2044 53 40 21;
961 2045 81 40 aff.
1077 2047 121 40 Mar.
1229 2045 54 39 22;
1345 2047 40 38 A
1417 2046 144 41 49284;
1625 2046 255 41 President
1911 2047 36 40 &

146 2048 1899 98 fellows
290 2106 52 39 of
371 2106 228 38 Harvard
630 2104 190 47 college,
852 2103 300 47 Cambridge,
1185 2104 144 38 Mass.
1401 2102 248 49 (32-9151)

78 2210 208 62 Morse,
314 2207 257 54 Richard
601 2206 129 64 Ely.

143 2282 222 55 Winter
407 2282 234 68 garden,
683 2283 76 67 by
800 2282 255 53 Richard
1099 2283 116 67 Ely
1257 2283 207 53 Morse.
1541 2283 288 66 Amherst,
1873 2284 190 67 Mass.,

75 2360 118 54 The
220 2362 212 65 Poetry
457 2358 213 69 society
699 2359 63 54 of
790 2359 270 53 Amherst
1089 2361 228 66 college,
1349 2364 152 49 1931.

143 2433 305 49 59 p. 24 ᶜᵐ .
147 2490 179 41 Poems.

87 2556 51 51 ©
169 2560 107 39 Feb.
305 2562 38 44 1,
373 2558 138 48 1931;
544 2558 66 41 2c.
641 2559 94 40 and
766 2557 80 42 aff.
879 2559 119 39 Mar.
1029 2558 82 47 24;
1144 2559 39 39 A
1213 2558 170 49 49279;
1418 2561 53 39 R.
1506 2562 52 39 E.
1591 2562 171 47 Morse,
1796 2561 272 49 Princeton,

151 2617 53 39 N.
237 2617 42 39 J.
350 2615 249 49 (32-9473)

85 2718 246 66 Moxley,
358 2718 198 53 Frank
585 2719 256 64 Wright,
873 2725 170 49 1889-

151 2795 119 57 The
305 2794 88 53 fat
429 2794 111 53 and
574 2794 95 53 the
705 2794 184 69 brave,
926 2796 71 67 by
1034 2794 63 54 F.
1133 2794 233 69 Wright
1399 2796 244 69 Moxley.
1716 2796 135 54 New
1893 2797 175 67 York,

85 2870 693 69 Liveright, inc. [ ᶜ193 2]
151 2941 365 49 405 p. 19½ ᶜᵐ .
92 2995 50 53 ©
171 3002 116 38 Mar.
315 3001 68 49 25,
411 3000 116 41 1932;
578 3000 68 42 2c.
673 3001 113 48 Apr.
813 3002 25 38 4;
897 3000 81 43 aff.
1007 3002 111 47 Apr.
1147 3002 26 39 2;
1230 3003 39 38 A
1297 3002 143 41 50482;
1499 3004 264 49 Liveright,
1791 3005 90 40 inc.

166 3057 246 48 (32-8805)

88 3157 216 67 Nason,
332 3160 266 53 Leonard
623 3159 311 67 Hastings,
965 3166 169 50 1895-

157 3234 222 68 Among
416 3235 93 53 the
548 3239 306 64 trumpets;
893 3236 196 53 stories
1128 3237 62 52 of
1227 3257 116 33 war
1380 3239 191 54 horses
1609 3239 111 53 and
1757 3239 205 66 others,
1999 3240 73 68 by

92 3309 253 53 Leonard
391 3311 206 54 Nason.
679 3312 213 53 Boston
943 3314 112 53 and
1101 3313 135 54 New
1285 3314 177 69 York,
1510 3316 311 67 Houghton
1871 3314 200 53 Mifflin

91 3403 287 52 company,
407 3391 147 48 1932.

156 3456 667 52 4 p. l. , [3]-309 p. 19½ ᶜᵐ .
97 3510 51 51 ©
175 3516 118 43 Mar.
319 3517 69 47 30,
415 3518 112 39 1932;
582 3518 67 41 2c.
678 3520 112 46 Apr.
818 3519 28 39 2;
901 3519 81 41 aff.
1011 3521 109 47 Apr.
1151 3523 23 37 1;
1234 3521 39 39 A
1302 3522 142 40 50475;
1503 3523 48 39 L.
1583 3524 58 40 H.
1672 3523 177 48 Nason,
1878 3524 196 39 Boston.

171 3571 246 50 (32-9035)

96 3669 274 56 National
399 3677 405 61 organization
836 3678 94 52 for
961 3680 191 62 public
1182 3681 205 53 health
1416 3683 269 63 nursing.

162 3744 233 55 Manual
427 3749 63 52 of
523 3750 191 66 public
745 3752 193 52 health
971 3755 255 67 nursing,
1259 3756 278 67 prepared
1569 3756 74 67 by
1678 3756 94 51 the
1805 3754 269 54 National

98 3823 1978 77 organization for public health nursing … 2d ed. New York,
97 3895 978 77 The Macmillan company, 1932.
199 3968 402 51 x, 253 p. 20½ ᶜᵐ .
