2563 4368
1217 4074 135 59 1380

282 452 282 55 Colorado
611 453 111 52 and
767 449 212 57 Pacific
1025 450 203 69 digest,
1274 448 266 69 covering
1585 449 77 52 all
1708 466 150 36 cases
1901 448 265 68 reported
2212 446 59 52 in

353 532 283 55 Colorado
701 534 240 64 reports,
1008 531 336 63 1864-1931;
1411 525 212 57 Pacific
1685 531 275 64 reporter,
2024 527 251 53 volumes

354 613 186 65 1-300,
571 610 112 53 and
716 610 78 53 all
823 607 64 55 of
916 609 95 53 the
1040 604 211 58 Pacific
1282 611 172 49 states
1485 611 221 63 reports
1737 606 153 52 from
1920 606 96 52 the
2048 604 226 54 earliest

350 683 1925 71 times … Compiled and edited by the publisher’s editorial
350 764 152 56 staff,
576 784 52 34 v.
655 767 187 51 20-22.
922 763 81 55 St.
1029 765 167 66 Paul,
1219 765 161 53 West
1404 762 337 70 publishing
1766 780 98 49 co.,
1892 764 150 50 1932.

350 841 217 41 3 v. 26 ᶜᵐ.
632 906 103 29 CONTENTS.—v.
764 893 76 42 20.
867 891 691 51 Hospitals-Injunction.—v.
1589 891 70 41 21.
285 890 1979 111 Innkeepers-Intoxicating

394 953 304 48 liquors.—v.
728 950 72 42 22.
829 951 135 40 Joint
993 949 603 48 adventures-Judgment.

289 1020 52 52 ©
373 1023 128 48 Sept.
529 1021 70 49 23,
629 1020 113 41 1932;
799 1020 67 41 2c.
896 1020 119 40 each
1045 1020 96 39 and
1171 1018 108 42 affs.
1310 1018 102 41 Oct.
1442 1018 56 40 10;
1557 1019 39 38 A
1627 1018 320 41 56352-56354;
2006 1018 135 40 West
2171 1017 109 49 pub.
357 1090 66 30 co.

286 1180 225 67 Colton,
538 1180 222 55 Harold
788 1179 234 66 Sellers,
1054 1184 171 51 1881-

287 1254 1969 149 … Days in the Painted desert and the San Francisco mountains;
509 1354 31 34 a
579 1335 189 68 guide,
808 1334 75 69 by
923 1333 227 54 Harold
1194 1332 56 56 S.
1296 1332 206 55 Colton
1545 1334 112 52 and
1699 1333 198 53 Frank
1939 1331 62 55 C.
2047 1334 231 52 Baxter.

286 1415 72 52 2d
387 1414 83 52 ed.
538 1411 303 70 Flagstaff,
868 1412 263 52 Museum
1161 1410 64 53 of
1254 1410 274 53 northern
1560 1410 271 68 Arizona,
1864 1413 151 50 1932.

357 1486 63 47 ix,
459 1485 85 41 113
577 1496 42 37 p.
680 1485 165 48 front.,
883 1484 128 41 illus.
1039 1484 133 49 (incl.
1209 1484 161 47 maps)
1416 1483 179 47 diagrs.
1655 1482 56 40 21½ᶜᵐ.
1872 1482 269 50 (Northern
288 1482 1978 101 Arizona
434 1542 181 46 society

639 1542 53 40 of
715 1541 185 40 science
923 1542 96 39 and
1044 1542 91 39 art.
1191 1539 217 41 Bulletin
1432 1550 76 30 no.
1534 1540 52 47 2)

358 1598 375 49 Bibliography:
764 1608 45 37 p.
840 1595 216 42 107-109.

293 1667 52 52 ©
376 1672 116 42 July
521 1670 69 48 23,
621 1669 140 48 1932;
793 1668 68 42 2c.
891 1669 119 48 Aug.
1043 1669 51 46 8;
1129 1667 80 40 aff.
1242 1668 120 47 Aug.
1394 1667 52 43 6;
1480 1668 40 39 A
1552 1668 169 42 54348;
1755 1668 61 40 H.
1851 1668 43 40 S.
1928 1667 185 46 Colton,
360 1665 1908 109 Flagstaff,
523 1726 128 41 Ariz.
721 1725 280 49 (32-20642)

290 1829 361 55 Conference
699 1846 72 36 on
818 1827 294 55 economic
1158 1827 190 64 policy
1393 1827 97 52 for
1535 1826 315 54 American
1898 1826 382 65 agriculture,

363 1906 332 68 University
726 1907 63 67 of
821 1904 271 69 Chicago,
1123 1908 152 49 1931.

360 1981 348 56 Conference
742 2002 72 34 on
846 1981 281 55 economic
1159 1982 190 69 policy
1382 1982 93 54 for
1506 1982 304 55 American
1844 1982 346 69 agriculture
2224 1989 58 48 at

288 2062 96 53 the
419 2059 337 71 University
791 2060 64 54 of
891 2060 270 69 Chicago,
1197 2060 330 68 September
1561 2062 49 67 7,
1646 2066 48 62 8,
1730 2062 112 52 and
1878 2065 48 61 9,
1965 2064 162 64 1931;
290 2062 1966 131 Edward
497 2140 72 53 A.

620 2139 234 68 Duddy,
905 2136 200 57 editor.
1182 2138 268 69 Chicago,
1499 2139 113 68 Ill.,
1662 2139 122 53 The
1833 2138 337 69 University
2218 2139 64 53 of

290 2218 251 66 Chicago
565 2234 155 50 press
769 2220 151 65 [1932]

360 2289 65 48 xi,
451 2288 86 42 150
561 2299 41 38 p.
664 2287 128 42 illus.
820 2288 186 49 (maps)
1040 2288 180 48 diagrs.
1278 2287 56 41 23½ᶜᵐ.

364 2346 130 40 “The
526 2345 227 47 chapters
786 2345 56 41 of
875 2345 99 41 this
1007 2345 122 40 book
1163 2348 163 44 report
1364 2345 81 41 the
1481 2344 237 49 principal
1755 2355 174 39 papers
1964 2345 157 41 which
2157 2357 125 30 were

292 2402 353 43 read.”—Pref.

296 2472 52 52 ©
374 2477 125 39 June
523 2475 70 48 21,
619 2474 139 48 1932;
786 2475 67 41 2c.
883 2475 127 47 Sept.
1037 2475 80 46 13;
1148 2474 82 42 aff.
1260 2474 128 49 Sept.
1414 2475 82 47 12;
1524 2476 43 39 A
1592 2476 169 47 54785;
1792 2475 281 49 University
2100 2477 50 39 of
364 2475 1903 105 Chicago,

523 2531 221 48 Chicago.
814 2530 281 50 (32-24053)

292 2635 239 62 Cooper,
560 2634 307 64 Raymond
896 2634 376 55 Westervelt.

362 2709 120 54 The
514 2712 199 52 drama
747 2708 65 55 of
842 2710 188 68 drink,
1064 2711 74 53 its
1171 2710 147 54 facts
1352 2713 112 52 and
1497 2711 215 54 fancies
1743 2713 250 67 through
2025 2714 94 51 the
2152 2731 130 50 ages

291 2786 1991 72 until now [by] Raymond Westervelt Cooper … Andover,
291 2866 189 67 Mass.,
504 2866 216 52 Drama
743 2865 64 53 of
829 2865 172 54 drink
1023 2867 383 67 distributors,
1431 2871 149 49 1932.

362 2937 104 48 xiii,
495 2938 173 39 15-365
698 2948 42 37 p.
799 2937 147 42 21½ᶜᵐ.

365 2994 212 40 “Second
602 2994 196 48 edition,
822 2995 202 48 August,
1049 2995 158 41 1932.”

299 3048 52 52 ©
387 3052 125 40 June
549 3054 18 37 1,
626 3051 140 48 1932;
804 3052 66 40 2c.
908 3053 120 45 Aug.
1065 3053 81 45 15;
1186 3052 82 42 aff.
1309 3053 126 48 Sept.
1475 3053 81 48 10;
1596 3054 41 38 A
1673 3054 170 48 54759;
1884 3055 53 39 R.
1977 3056 73 40 W.
2088 3054 194 50 Cooper,

365 3108 236 45 Andover,
633 3109 145 39 Mass.
849 3107 279 49 (32-24054)

294 3208 183 62 Crew,
506 3210 138 53 Mrs.
673 3209 184 54 Helen
896 3210 233 64 (Coale)
1167 3217 170 49 1866-

363 3284 121 54 The
512 3287 177 52 shawl
716 3288 141 52 with
886 3288 94 52 the
1007 3287 171 54 silver
1205 3289 157 67 bells,
1389 3289 77 68 by
1490 3290 185 54 Helen
1705 3289 171 55 Coale
1904 3291 163 55 Crew;
293 3290 1962 125 illustrated
524 3363 75 69 by

645 3364 209 53 Esther
898 3366 214 51 Brann.
1186 3367 138 53 New
1371 3368 177 66 York,
1594 3368 120 52 The
1757 3367 332 54 Macmillan
293 3387 1964 121 company,
494 3445 133 50 1932

365 3511 1636 53 xiii p., 1 l. , 242 p. incl. front., illus., plates, geneal. tab. 20½ ᶜᵐ.
299 3565 52 52 ©
385 3569 125 49 Sept.
541 3570 69 48 20,
641 3569 139 47 1932;
814 3571 67 41 2c.
913 3574 95 38 and
1039 3572 82 41 aff.
1155 3573 128 48 Sept.
1314 3574 82 47 21;
1431 3575 40 38 A
1502 3573 169 46 54967;
1707 3573 279 41 Macmillan
2018 3585 67 30 co.
376 3624 278 50 (32-24060)

293 3722 225 69 Daniel,
552 3728 372 65 Constantin,
958 3730 169 54 1879-

362 3801 83 53 La
482 3801 350 56 tuberculose
869 3805 248 68 génitale
1156 3807 67 52 de
1262 3806 56 52 la
1357 3805 235 67 femme;
1633 3806 319 69 diagnostic
1993 3812 54 48 et
291 3807 1965 135 traitement,
485 3897 106 49 par

616 3879 1535 70 Constantin Daniel … Paris, G. Doin & cⁱᵉ , 1932.
290 3949 1988 107 2 p. l., 75, [1] p. illus. 27 ᶜᵐ. ( Half-title : La pratique médicale illustrée)
