2563 4368
1282 4080 101 50 830

407 550 1101 50 xvi p., 1 l., 354 p. illus., diagrs. 22½ ᶜᵐ .
410 606 347 41 “References”
790 610 50 37 at
871 610 92 38 end
993 609 50 39 of
1074 609 118 40 each
1223 608 215 47 chapter.

341 675 51 51 ©
422 680 114 46 May
561 678 69 47 24,
660 677 140 48 1932;
830 679 67 40 2c.
927 681 94 38 and
1048 679 82 42 aff.
1160 680 112 46 May
1300 679 83 47 25;
1414 679 42 39 A
1483 677 169 49 51490;
1685 678 279 40 Macmillan
1994 687 67 30 co.

419 735 280 46 (32-14561)

337 838 190 66 Lowe,
554 839 177 57 Belle.

405 915 433 68 Experimental
897 916 256 67 cookery,
1213 915 152 53 from
1421 916 97 53 the
1574 915 271 53 chemical
1904 916 112 52 and
2074 913 258 70 physical

333 994 353 67 standpoint,
717 994 74 67 by
822 994 160 52 Belle
1011 994 168 52 Lowe
1214 1036 56 10 …
1306 994 141 52 with
1478 1013 32 34 a
1538 993 329 68 laboratory
1896 993 230 52 outline.
2194 993 140 52 New

335 1071 179 68 York,
549 1071 56 54 J.
640 1072 191 67 Wiley
865 1074 45 49 &
943 1090 147 50 sons,
1125 1070 137 69 inc.;
1300 1071 257 68 London,
1595 1071 301 68 Chapman
1930 1073 46 50 &
2011 1068 160 71 Hall,
333 1071 1976 146 limited,
503 1153 151 49 1932.

403 1222 65 49 xi,
495 1222 89 41 498
608 1234 43 37 p.
712 1223 142 47 illus.,
884 1222 179 49 diagrs.
1091 1222 49 49 (1
1168 1221 144 48 fold.)
1379 1222 118 42 24ᶜᵐ.
1613 1221 129 50 $4.50

404 1281 226 39 Includes
661 1278 365 43 “References”.

341 1348 51 51 ©
421 1353 113 46 May
559 1350 69 49 23,
657 1350 140 47 1932;
825 1350 67 41 2c.
921 1351 114 47 May
1061 1350 83 47 25;
1175 1350 81 40 aff.
1286 1352 113 45 May
1427 1350 82 47 27;
1539 1350 41 39 A
1608 1350 170 47 51530;
1809 1351 54 40 B.
1891 1351 155 47 Lowe,
2075 1350 156 47 Ames,
2289 1360 42 30 Ia.

418 1408 280 49 (32-14553)

335 1512 243 65 Martin,
605 1511 218 54 Junius
847 1510 288 57 Morland.

399 1588 256 67 Mother;
687 1589 165 52 heart
880 1606 169 51 songs
1081 1589 59 52 in
1170 1607 165 50 prose
1366 1589 113 52 and
1507 1607 173 49 verse,
1710 1589 75 66 by
1815 1588 212 54 Junius
2057 1588 269 54 Morland

329 1665 238 53 Martin.
633 1667 164 52 Book
825 1667 185 52 lovers
1041 1666 87 53 ed.
1195 1665 207 68 Salem,
1433 1667 103 66 Ia.,
1567 1667 122 52 The
1719 1666 224 65 author,
1973 1670 152 49 1932.

404 1737 1239 51 54 p., 2 l. incl. illus., col. pl. front. 24½ᶜᵐ. .
404 1795 161 42 “First
595 1795 185 42 edition
807 1796 88 40 500
921 1795 204 50 copies.”

341 1865 51 51 ©
433 1870 113 46 May
584 1868 69 47 21,
692 1867 140 46 1932;
873 1867 68 40 2c.
982 1868 113 46 May
1133 1865 81 49 24;
1256 1866 82 41 aff.
1379 1868 113 46 May
1530 1866 83 48 23;
1655 1867 39 38 A
1735 1868 169 46 52113;
1947 1868 43 41 J.
2031 1870 63 39 M.
2133 1868 196 48 Martin,

412 1925 172 48 Salem,
614 1926 70 38 Ia.
755 1923 280 48 (32-14537)
2119 1923 123 42 5342

333 2028 481 55 Massachusetts
847 2027 375 55 commission
1257 2044 73 37 on
1366 2028 104 53 the
1504 2027 370 55 enrichment
1908 2029 65 54 of
2004 2029 167 54 adult
2201 2029 126 56 life.

403 2107 187 53 Adult
623 2105 299 54 education
956 2106 60 52 in
1049 2105 473 68 Massachusetts;
1558 2125 32 34 a
1623 2106 376 69 preliminary
2032 2124 204 50 survey
2269 2106 66 54 of

333 2184 421 67 opportunities
793 2184 113 52 and
943 2184 187 66 needs,
1168 2183 74 67 by
1279 2183 262 53 William
1580 2184 65 52 F.
1686 2183 235 55 Stearns
1965 2227 55 10 …
2100 2186 233 65 Boston,

334 2262 122 53 The
480 2261 443 53 Massachusetts
950 2260 359 53 commission
1335 2278 72 35 on
1435 2261 96 53 the
1556 2260 353 54 enrichment
1934 2260 66 54 of
2024 2262 162 53 adult
2209 2261 124 69 life,

332 2342 152 50 1932.

402 2412 57 41 55
478 2423 44 37 p.
581 2412 129 40 illus.
738 2411 186 49 (maps)
951 2411 153 48 diagr.
1163 2410 147 42 23½ᶜᵐ.

405 2469 215 47 “Survey
660 2499 49 10 …
749 2468 267 40 conducted
1052 2468 61 47 by
1149 2468 83 40 the
1268 2466 288 42 Committee
1588 2478 64 30 on
1688 2467 354 49 opportunities
2077 2468 80 41 for
2193 2469 139 41 adult

333 2524 259 41 education
623 2524 51 41 of
704 2525 82 39 the
818 2524 387 40 Massachusetts
1235 2522 310 42 commission
1575 2534 60 30 on
1669 2525 81 39 the
1780 2523 301 41 enrichment
2111 2525 52 39 of
2193 2525 139 40 adult

333 2581 101 48 life,
457 2582 51 39 in
529 2581 310 48 cooperation
862 2581 120 40 with
1004 2581 83 40 the
1108 2580 233 47 Prospect
1356 2579 149 41 union
1522 2579 310 41 educational
1849 2580 393 49 exchange.”—p.
2260 2581 71 41 46.

342 2648 51 51 ©
423 2654 113 45 May
565 2652 68 46 14,
664 2650 139 47 1932;
834 2651 67 39 2c.
933 2652 94 38 and
1058 2650 80 40 aff.
1169 2651 113 47 May
1312 2651 81 45 17;
1426 2651 40 38 A
1496 2649 170 48 52035;
1700 2651 386 40 Massachusetts
410 2651 1903 98 commission
544 2720 60 28 on
633 2708 80 40 the
743 2707 302 40 enrichment
1073 2707 51 40 of
1154 2708 142 39 adult
1321 2707 101 39 life.
1493 2706 279 48 (32-14669)
2117 2706 119 42 5343

334 2813 305 63 Mottram,
667 2811 191 64 Ralph
888 2811 166 55 Hale.

403 2889 226 52 Dazzle.
710 2921 13 34 [
728 2888 182 68 chap.]
944 2893 49 50 3.

419 2962 83 48 (In
527 2958 230 44 Windsor
787 2958 276 51 magazine,
1093 2959 133 50 May,
1259 2958 143 50 1932)

342 3028 1986 52 © 1c. June 22, 1932; A ad int. 16568; pubd. Apr. 25; R. H. Mottram,
409 3089 172 46 Eaton,
609 3087 239 47 Norwich,
878 3089 236 46 England.

335 3190 281 54 National
647 3190 316 54 industrial
993 3191 345 55 conference
1367 3192 201 55 board.

407 3267 159 55 Sales
600 3273 186 47 taxes:
823 3268 245 68 general,
1104 3268 277 68 selective,
1419 3269 112 52 and
1567 3267 184 54 retail.
1825 3268 138 52 New
2001 3267 179 68 York,
334 3269 1969 129 National
543 3345 308 53 industrial
878 3343 331 55 conference
1234 3346 195 67 board,
1456 3346 126 67 inc.,
1612 3348 151 51 1932.

406 3417 63 49 ix,
500 3418 57 41 79
585 3430 42 37 p.
687 3419 55 39 23½ᶜᵐ.

343 3486 51 51 ©
431 3491 114 46 May
581 3489 68 48 19,
687 3488 139 48 1932;
863 3489 66 39 2c.
968 3490 113 45 May
1118 3489 81 47 26;
1239 3489 80 40 aff.
1356 3490 128 39 June
1516 3489 53 48 9;
1607 3491 42 38 A
1687 3491 142 39 52150;
1895 3491 117 39 Natl.
2065 3489 263 41 industrial

410 3547 281 39 conference
719 3547 163 46 board,
911 3546 90 39 inc.
1071 3545 278 49 (32-14547)

338 3649 123 53 The
492 3649 281 53 National
802 3649 106 52 life
940 3649 114 52 and
1086 3649 266 53 accident
1384 3649 312 55 insurance
1727 3667 305 48 company,
408 3651 1894 140 incorporated,
622 3726 313 54 Nashville.

406 3802 56 52 A
487 3803 172 66 guide
684 3802 147 52 book
857 3808 58 47 to
942 3802 273 68 ordinary
1243 3804 341 66 production
1613 3804 93 52 for
1732 3805 95 51 old
1856 3804 112 52 and
1994 3822 122 34 new
2144 3803 182 55 shield

336 3898 128 33 men
504 3922 55 9 …
635 3879 312 68 Nashville,
981 3881 194 66 Tenn.,
1209 3881 121 51 The
1364 3881 272 52 National
1669 3881 106 53 life
1808 3882 112 51 and
1955 3881 255 53 accident
336 3882 1965 127 insurance

599 3957 950 68 company, incorporated [ ᶜ1 932 ]
