2563 4368
1155 4082 134 55 1571

281 548 204 67 appeal
522 547 113 52 and
672 545 286 69 appellate
994 545 361 67 department
1392 543 63 52 of
1492 544 95 52 the
1627 543 273 68 Superior
1936 551 160 47 court
2134 544 63 54 of

282 624 323 53 California
631 625 112 52 and
770 622 281 57 Criminal
1074 627 161 49 court
1259 622 63 54 of
1348 623 233 67 appeals
1606 621 63 53 of
1694 622 339 67 Oklahoma,
2057 623 140 53 with

278 703 108 66 key
417 703 237 50 number
688 701 377 53 annotations.
1148 718 42 33 v.
1227 704 64 47 12
1335 700 128 69 (2d)
1504 701 142 67 July
1681 700 437 68 15-September
2150 704 47 64 9,

282 782 148 49 1932.
506 780 345 51 Permanent
882 779 84 52 ed.
1045 778 66 55 St
1161 779 165 67 Paul,
1355 779 160 53 West
1546 777 336 69 publishing
1914 794 97 51 co.,
2046 781 150 53 1932.

281 853 1317 48 xviii, 1203 p. 26 ᶜᵐ . (National reporter system)
215 919 50 52 ©
292 924 102 39 Oct.
418 924 68 45 20,
513 923 139 46 1932;
680 924 67 38 2c.
773 924 94 39 and
894 935 21 28 a
925 922 49 39 ff.
1001 923 116 39 Nov.
1146 922 80 47 14;
1254 922 41 39 A
1320 921 143 41 57067;
1518 922 135 41 West
1677 922 110 48 pub.
1813 932 68 31 co.

210 1024 175 67 Page,
415 1025 205 54 Victor
646 1024 268 65 Wilfred,
946 1030 169 50 1885-

279 1101 347 53 Prevention
667 1101 64 53 of
771 1101 342 53 automobile
1155 1101 301 68 accidents,
1497 1100 123 54 safe
1664 1100 234 69 driving
1941 1099 259 68 assured;

211 1197 30 34 a
265 1180 172 67 guide
461 1186 58 45 to
545 1184 195 63 expert
766 1179 251 68 driving,
1041 1178 333 70 containing
1398 1195 302 36 numerous
1726 1178 356 70 suggestions
2109 1176 96 54 for

211 1255 124 54 safe
383 1258 112 51 and
544 1275 132 34 sane
724 1256 297 68 operation
1070 1256 64 53 of
1184 1255 372 54 automobiles
1608 1274 73 35 on
1731 1272 103 36 our
1886 1255 316 70 highways.

213 1334 264 53 Includes
523 1334 369 53 instructions
937 1333 93 54 for
1077 1333 318 68 inspection
1442 1334 113 54 and
1602 1332 351 70 adjustment
1999 1333 65 54 of
2109 1351 96 35 car

214 1412 342 52 mechanism
593 1418 57 46 to
690 1417 236 62 prevent
962 1411 111 53 loss
1112 1411 64 53 of
1211 1413 220 52 control
1470 1411 114 54 and
1622 1410 281 70 resulting
1941 1411 264 69 personal

213 1488 1994 69 and property damage, by Victor W. Page … New York, The
215 1566 248 53 Norman
494 1566 89 54 W.
614 1566 225 68 Henley
869 1565 335 70 publishing
1232 1583 99 49 co.,
1362 1568 149 51 1932.

282 1637 1163 49 xvi, 172 p. incl. front., illus., diagr. 16½ ᶜᵐ .
220 1706 50 52 ©
305 1710 102 41 Oct.
441 1711 38 47 5,
514 1709 139 48 1932;
688 1709 67 41 2c.
790 1710 102 41 Oct.
926 1711 52 46 6;
1016 1710 80 40 aff.
1133 1710 102 41 Oct.
1269 1711 53 38 11;
1386 1711 41 39 A
1461 1710 170 48 55520;
1668 1712 214 39 Norman
1916 1712 72 41 W.
2022 1712 155 39 Henley

283 1768 107 45 pub.
422 1777 65 30 co.
560 1766 278 48 (32-29740)

214 1870 316 65 Parkman,
559 1871 238 63 Sydney
826 1871 78 54 M.

285 1947 258 52 Account
569 1948 185 52 closed
806 1947 92 68 [by]
937 1947 228 69 Sydney
1197 1948 80 52 M.
1308 1948 308 53 Parkman.
1683 1948 258 68 London,
1971 1948 240 54 Hodder

213 2025 113 52 and
357 2023 341 69 Stoughton,
730 2028 150 49 1932.

283 2097 334 49 319 p. 19 ᶜᵐ .
222 2151 1988 54 © 1c. Oct. 21, 1932; A ad int. 16948; pubd. Aug. 25; S. M. Parkman,
292 2212 65 38 St.
391 2211 453 46 Leonards-on-Sea,
879 2212 175 46 Hants,
1089 2212 234 46 England.
1396 2212 278 48 (32-31310)

217 2310 164 66 Pate,
412 2312 203 53 James
646 2314 238 63 Ernest,
919 2318 170 50 1895-

289 2386 1922 75 State government in Virginia, by James E. Pate … College
218 2463 64 54 of
315 2464 258 54 William
611 2465 112 53 and
760 2465 186 68 Mary.
1019 2466 340 69 Richmond,
1395 2468 121 53 The
1552 2468 257 68 Appeals
1846 2487 175 51 press,
2061 2471 149 51 1932.

288 2536 831 51 5 p. l. , [9]-270 p. diagr. 23 ᶜᵐ .
290 2592 372 50 Bibliography:
694 2604 44 38 p.
768 2594 217 42 263-270.

225 2647 50 51 ©
310 2651 126 48 Sept.
464 2651 70 47 20,
565 2651 139 48 1932;
737 2652 66 41 2c.
836 2652 128 48 Sept.
994 2652 82 48 23;
1109 2653 82 40 aff.
1226 2654 126 48 Sept.
1384 2654 82 47 24;
1499 2655 41 39 A
1570 2656 170 47 55238;
1775 2656 44 41 J.
1851 2658 52 38 E.

1935 2657 133 47 Pate,
291 2657 1905 99 Williamsburg,
601 2709 83 39 Va.
757 2708 278 49 (32-29742)

221 2809 247 64 Pfeifer,
497 2811 255 54 William
780 2813 73 53 H.

291 2887 120 52 The
452 2888 333 53 Bethlehem
825 2889 238 68 special;
1107 2908 80 50 or,
1227 2890 121 54 The
1387 2891 224 55 Golden
1650 2891 116 69 city
1806 2891 331 68 unlimited;
2182 2914 30 33 a

220 2964 251 67 juvenile
508 2966 218 67 playlet
763 2966 60 52 in
861 2967 157 53 three
1058 2974 134 61 acts,
1231 2968 74 67 by
1341 2968 260 55 William
1639 2971 78 52 H.
1756 2967 245 55 Pfeifer.
223 2972 1969 134 Boston,

361 3042 191 66 Mass.,
578 3042 237 54 Meador
842 3043 334 71 publishing
1201 3064 297 52 company,
1527 3049 149 51 1932.

229 3168 51 51 ©
308 3172 126 48 Sept.
459 3172 67 41 12,
551 3172 113 41 1932;
718 3174 66 40 2c.
812 3174 127 48 Sept.
965 3176 54 38 11;
1073 3175 80 41 aff.
1182 3176 100 40 Oct.
1309 3177 55 40 17;
1418 3178 40 38 A
1484 3178 142 40 56488;
1681 3180 211 39 Edward
1917 3179 59 40 K.
2003 3178 213 50 Meador,

296 3229 194 39 Boston.
561 3229 279 49 (32-29755)

226 3330 184 66 Price,
440 3332 285 63 Marjorie
755 3334 78 55 M.

294 3407 267 53 Pandora
602 3407 219 69 dances,
860 3410 76 67 by
975 3411 275 68 Marjorie
1291 3414 80 53 M.
1413 3414 183 54 Price.
1671 3415 258 65 London,
1968 3415 160 54 Mills
2169 3417 47 52 &

224 3484 178 66 Boon,
435 3484 224 54 limited
702 3489 171 64 [1932]

296 3555 333 50 254 p. 19 ᶜᵐ .
234 3607 1984 62 © 1c. Oct. 7, 1932; A ad int. 16913; pubd. Aug. 12; M. M. Price, London.
296 3668 291 47 (32-31049)

230 3766 325 68 Raymond,
583 3772 138 51 Mrs.
753 3772 156 54 Dora
947 3773 213 65 (Neill)
1199 3781 170 50 1889-

300 3844 243 56 Oliver’s
571 3853 281 62 secretary;
910 3849 156 54 John
1096 3850 209 54 Milton
1334 3854 58 51 in
1420 3872 72 35 an
1520 3872 94 36 era
1642 3854 65 53 of
1733 3856 199 68 revolt,
1958 3856 76 68 by
2060 3858 157 53 Dora

232 3921 1987 81 Neill Raymond … New York, Minton, Balch & company,
234 4002 148 50 1932.
