2563 4368
1248 4078 133 51 1918

325 466 271 66 [Morton,
629 465 131 64 Guy
787 462 412 68 Mainwaring]
1235 467 172 51 1896-

391 537 1924 72 Great dust, by Peter Traill [pseud.] … London, Grayson &
321 617 260 70 Grayson
615 621 174 65 [1932]

388 687 645 51 3 p. l. , 9-281, [1] p. 19ᶜᵐ.
325 745 1990 52 © 1c. Dec. 29, 1932; A ad int. 17308; pubd. Nov. 1; G. M. Morton,
392 805 210 40 London.
674 802 250 51 (33-1961)

320 912 222 65 Ogden,
572 914 252 53 Horatio
851 913 239 63 Nelson,
1124 917 170 49 1843-
1506 914 84 53 ed.

389 992 121 52 The
539 991 154 53 child
723 991 60 52 in
811 991 99 52 the
938 991 230 68 church,
1199 990 190 53 edited
1419 990 74 69 by
1524 989 248 53 Horatio
1805 990 69 53 N.
1909 988 222 71 Ogden,
2203 1033 10 10 A.
2304 1032 11 10 M.

321 1069 138 53 New
513 1067 180 69 York,
748 1066 330 56 Cincinnati
1137 1072 139 63 [etc.]
1334 1067 121 53 The
1509 1066 315 54 Methodist
1878 1066 147 54 book
2079 1084 237 36 concern

323 1149 192 65 [ ᶜ1 932]
388 1217 559 50 53 p. incl. form. 17½ ᶜᵐ.
392 1276 128 40 “The
550 1283 208 40 purpose
789 1274 53 40 of
872 1274 99 41 this
1004 1274 127 40 little
1162 1273 194 41 booklet
1385 1273 42 40 is
1461 1275 48 38 to
1543 1273 82 41 aid
1654 1276 201 45 parents
1889 1274 50 40 in
1972 1273 231 48 fulfilling
2236 1275 82 40 the

321 1342 128 29 vows
476 1331 147 41 taken
649 1332 140 38 when
816 1331 82 40 the
926 1330 129 40 child
1084 1340 101 30 was
1211 1329 605 48 baptized.”—Foreword.

390 1388 128 40 “The
552 1387 209 40 sections
794 1387 52 40 of
878 1388 83 39 the
996 1385 152 41 ritual
1180 1387 120 39 used
1331 1386 51 39 in
1415 1386 100 40 this
1549 1386 189 41 volume
1772 1396 83 30 are
1889 1385 147 41 taken
2071 1386 127 40 from
2234 1386 81 41 the

322 1444 170 40 Ritual
536 1443 51 40 of
635 1444 82 39 the
764 1442 268 41 Methodist
1079 1441 259 49 Episcopal
1386 1442 195 47 church,
1631 1441 265 50 copyright,
1946 1441 127 50 1932,
2125 1442 60 47 by
2234 1443 82 40 the

321 1500 265 41 Methodist
614 1499 122 40 book
764 1497 350 48 concern.”—p.
1161 1497 42 52 [2]

393 1553 1925 50 “First edition printed December, 1905 … Twenty-eighth printing,
322 1611 217 48 October,
574 1610 158 42 1932.”

326 1666 51 52 ©
403 1671 117 39 Nov.
547 1669 69 47 22,
643 1669 113 40 1932;
811 1668 68 42 2c.
905 1670 95 38 and
1027 1668 82 41 aff.
1136 1669 117 40 Nov.
1280 1668 57 40 25;
1391 1669 43 38 A
1459 1668 143 41 58172;
1659 1668 269 41 Methodist
1951 1669 123 39 book
2101 1677 215 31 concern.

402 1726 220 49 (33-739)

319 1838 228 63 Pattee,
580 1836 175 53 Alida
787 1837 275 52 Frances.

389 1912 285 55 Practical
709 1913 274 67 dietetics,
1014 1912 140 53 with
1186 1912 284 53 reference
1503 1919 57 47 to
1592 1912 118 54 diet
1740 1912 60 54 in
1830 1913 195 53 health
2057 1914 113 52 and
319 1912 1971 149 disease,

499 1991 1814 68 by Alida Frances Pattee … 19th ed., completely rev.
319 2071 205 51 Mount
549 2071 249 65 Vernon,
825 2070 68 53 N.
923 2070 91 67 Y.,
1039 2069 71 54 A.
1140 2070 64 51 F.
1234 2070 217 65 Pattee,
1481 2073 149 49 1933.

389 2142 104 48 xiii,
520 2142 99 48 881,
651 2142 55 50 [3]
736 2152 43 37 p.
840 2140 129 42 illus.
1028 2140 56 41 19½ᶜᵐ.

392 2199 158 39 Blank
578 2208 146 38 pages
750 2198 78 39 for
855 2197 206 40 “Notes”
1099 2198 50 46 (3
1177 2200 53 37 at
1255 2199 117 47 end)

393 2254 233 42 Contains
657 2253 302 49 advertising
989 2256 194 39 matter.

325 2310 51 52 ©
412 2314 113 40 Dec.
560 2312 68 49 19,
664 2312 140 47 1932;
841 2312 67 41 2c.
943 2313 96 39 and
1075 2311 82 40 aff.
1192 2312 113 40 Dec.
1340 2312 82 46 20;
1460 2312 41 38 A
1536 2312 170 47 58549;
1744 2313 55 39 A.
1837 2313 51 40 F.
1925 2314 183 46 Pattee,
2147 2313 168 40 Mount

393 2371 204 45 Vernon,
625 2369 55 41 N.
707 2370 52 39 Y.
831 2367 220 49 (33-766)

321 2487 335 66 Phillpotts,
687 2486 280 54 Adelaide
996 2487 182 55 Eden.

389 2564 124 53 The
558 2562 247 54 founder
849 2561 65 55 of
961 2561 294 69 Shandon,
1299 2562 77 68 by
1421 2562 281 54 Adelaide
1750 2562 332 69 Phillpotts.
320 2564 1971 143 London,

482 2641 68 52 E.
582 2641 181 67 Benn,
793 2640 224 53 limited
1077 2642 151 64 [1932]

391 2712 87 42 288
505 2723 44 38 p.
608 2713 56 40 19ᶜᵐ.

326 2766 1989 53 © 1c. Dec. 19, 1932; A ad int. 17250; pubd. Oct. 20; A. E. Phillpotts,
393 2828 348 45 Leatherhead,
773 2828 193 46 Surrey,
995 2827 234 47 England.
1301 2826 249 49 (33-1738)

321 2946 268 64 Presber,
619 2943 238 67 Rudolf,
889 2949 170 50 1868-

452 3022 1861 69 … Die hexe von Endor; roman. Stuttgart und Berlin,
321 3100 982 67 Deutsche verlags-anstalt [ ᶜ1 932]
391 3172 372 50 432, [1] p. 19 ᶜᵐ.
327 3226 1988 53 © Sept. 27, 1932; 1c. Nov. 11; A—Foreign 18548; Deutsche verlags-
394 3287 199 39 anstalt.
663 3286 249 47 (33-1880)

325 3403 346 52 Protestant
711 3403 310 63 Episcopal
1061 3404 221 52 church
1322 3403 58 52 in
1420 3404 103 52 the
1561 3404 71 55 U.
1672 3405 57 55 S.
1768 3404 74 53 A.
1966 3403 178 54 Church
392 3421 1893 126 congress,

590 3479 312 68 Hartford,
931 3483 151 49 1932.

391 3557 292 53 Hartford
724 3575 234 49 papers;
1003 3577 30 33 a
1073 3559 196 52 record
1310 3557 64 54 of
1412 3559 97 53 the
1548 3558 228 55 Church
1818 3576 259 50 congress
2119 3559 60 52 in
2219 3559 94 54 the

325 3635 214 54 United
574 3634 187 55 States
792 3653 72 34 on
896 3635 72 52 its
1000 3634 360 68 fifty-eighth
1393 3635 388 68 anniversary,
1853 3678 10 9 A.
1933 3678 10 10 D.
2298 3655 12 34 MCMXXXII;

324 3711 139 52 with
502 3729 72 34 an
611 3711 388 52 introduction
1034 3710 76 68 by
1146 3711 95 53 the
1278 3713 229 66 general
1546 3717 299 62 secretary,
1882 3711 226 54 Harold
2148 3712 166 68 Adye

324 3788 297 53 Prichard.
698 3787 265 68 Spencer,
995 3788 190 67 Mass.,
1217 3789 123 52 The
1369 3788 317 53 Heffernan
1720 3806 174 50 press,
1929 3792 149 50 1932.

426 3860 504 48 x p., 1 l., 273 p. 19½ ᶜᵐ.
325 3915 1972 98 CONTENTS. — Should the church sanction the remarriage of the divorced?—
617 3973 148 40 What
812 3973 173 40 should
1031 3972 56 40 be
1136 3972 81 39 the
1264 3970 207 42 relation
1520 3970 53 42 of
1618 3973 83 39 the
1747 3971 181 41 church
1975 3974 50 39 to
2073 3970 241 42 economic
