2563 4368
1021 4066 101 54 753

87 471 243 64 Adams,
361 470 272 65 Edward,
664 469 170 55 1877-

157 559 270 70 Surgery,
476 560 140 53 with
662 559 211 68 special
922 558 284 54 reference
1255 563 57 48 to
1361 557 287 69 podiatry,
1696 558 75 67 by
1821 557 252 53 Edward

83 635 1990 69 Adams … New York, N. Y., Int. journal of surgery co.,
85 719 151 49 1932.

152 788 337 49 480 p. 24 ᶜᵐ .
157 858 182 41 Second
370 860 95 38 and
498 858 188 40 revised
717 856 182 42 edition
932 856 52 41 of
1015 856 240 49 “Surgery
1286 856 52 40 of
1368 857 82 39 the
1479 856 105 39 foot
1616 855 120 40 with
1768 855 178 48 special
83 856 1973 99 reference

293 918 47 37 to
383 913 268 50 podiatry”,
693 914 61 48 by
797 915 61 38 M.
904 913 140 41 Stern
1086 914 95 39 and
1224 914 53 38 E.
1319 913 193 46 Adams,
1556 912 253 48 published
1852 912 48 39 in
1944 912 127 42 1917.

83 971 62 48 cf.
172 982 43 38 p.
243 972 41 40 5.

153 1027 348 49 Bibliography
527 1029 53 39 at
603 1028 92 39 end
722 1026 52 41 of
799 1027 118 39 each
944 1026 212 47 chapter.

90 1096 52 52 ©
170 1100 113 48 Apr.
311 1099 69 50 28,
410 1098 112 41 1932;
580 1098 67 41 2c.
677 1100 96 38 and
802 1097 80 41 aff.
914 1098 113 47 May
1056 1098 55 41 17;
1170 1097 40 39 A
1240 1097 142 40 51384;
1442 1098 93 40 Int.
1565 1097 196 47 journal
1792 1098 50 39 of
1872 1106 200 39 surgery

158 1166 65 30 co.
294 1156 277 48 (32-13753)

85 1289 329 66 Ahlswede,
446 1290 256 63 Eduard,
735 1294 170 50 1891-

151 1380 286 53 Practical
470 1385 304 47 treatment
807 1379 63 52 of
904 1379 127 53 skin
1068 1379 259 68 diseases,
1362 1379 142 52 with
1537 1379 210 68 special
1785 1380 285 54 reference

79 1456 1990 70 to technique, by Eduard Ahlswede … 77 illustrations. New
82 1535 179 67 York,
287 1536 64 52 P.
380 1536 67 52 B.
473 1535 244 67 Hoeber,
744 1535 125 67 inc.,
900 1536 151 51 1932.

149 1607 681 51 xxvi, 770 p. illus. 24 ᶜᵐ .
88 1677 52 52 ©
170 1682 112 46 May
310 1682 41 46 4,
380 1680 114 41 1932;
552 1681 67 40 2c.
650 1682 95 38 and
776 1680 82 40 aff.
889 1681 113 47 May
1030 1681 28 39 7;
1118 1681 41 38 A
1187 1679 145 41 49879;
1392 1681 122 40 Paul
1547 1682 55 39 B.
1633 1681 202 47 Hoeber,
1868 1682 90 39 inc.

165 1738 278 47 (32-13424)

82 1856 304 54 Alabama.
462 1858 180 52 Court
667 1858 68 66 of
764 1856 250 69 appeals.

83 1948 1958 146 Report of cases argued and determined … during the October terms,
421 2030 325 66 1929-1930,
774 2031 327 64 1930-1931,
1131 2031 325 66 1931-1932,
1483 2029 74 69 by
1585 2030 179 53 Noble
1793 2032 78 52 H.
1903 2033 164 68 Seay,

81 2112 257 62 reporter
373 2105 64 55 of
473 2106 276 53 decisions.
839 2124 50 38 v.
926 2109 82 49 24.
1086 2106 82 55 St.
1204 2108 166 67 Paul,
1403 2110 162 53 West
1597 2109 335 70 publishing
1969 2130 96 49 co.,

82 2188 149 49 1932.

154 2258 456 47 xvi, 758 p. 26 ᶜᵐ .
88 2323 52 52 ©
169 2329 113 46 May
308 2327 69 48 28,
407 2326 112 41 1932;
575 2327 67 43 2c.
672 2329 126 39 June
825 2328 53 40 11;
937 2327 81 41 aff.
1048 2329 125 40 June
1200 2329 53 40 13;
1311 2330 40 38 A
1380 2330 144 41 52530;
1582 2332 54 40 B.
1667 2334 62 38 M.
1760 2332 172 48 Miller,
153 2345 1899 80 governor

324 2385 52 39 of
403 2385 249 46 Alabama,
681 2385 82 39 for
789 2396 87 30 use
902 2385 52 40 of
981 2385 105 41 said
1115 2388 141 46 state,
1288 2388 346 48 Montgomery,
1665 2389 106 40 Ala.

83 2503 305 66 Andrews,
417 2503 192 57 Anna.

149 2594 1917 72 Peggy Lee, sophomore, by Anna Andrews … New York,
81 2671 1027 71 Cupples & Leon company [ ᶜ1 932 ]
149 2745 1446 54 3 p. l., 209 p. front. 19½ ᶜᵐ . (Her Plantation series]
87 2813 52 52 ©
169 2819 113 47 May
309 2818 67 47 17,
406 2816 112 42 1932;
576 2817 65 45 2c
673 2819 94 39 and
796 2817 81 41 aff.
907 2819 113 47 May
1048 2818 57 40 26;
1161 2819 42 39 A
1232 2819 143 40 52174;
1434 2821 206 48 Cupples
1670 2823 36 39 &
1735 2823 128 41 Leon
1891 2834 69 29 co.

164 2874 278 48 (32-13783)

82 2991 251 66 Babson,
363 2994 195 63 Roger
584 2994 199 62 Ward,
814 2994 171 55 1875-

151 3082 181 55 Cheer
371 3083 110 68 up!
576 3085 198 52 Better
813 3085 165 53 times
1018 3085 212 54 ahead!
1324 3088 91 67 By
1457 3091 191 66 Roger
1767 3134 9 9 W.
1821 3093 242 54 Babson.

81 3159 1678 76 New York [etc.] Fleming H. Revell company [ ᶜ1 932]
150 3234 802 48 2 p. l., 7-58 p. illus. 18 × 10ᶜᵐ.
88 3301 52 52 ©
167 3306 114 47 Apr.
307 3305 38 47 2,
374 3304 112 42 1932;
544 3306 65 40 2c.
638 3308 94 38 and
759 3306 84 40 aff.
871 3307 113 46 May
1012 3307 24 40 7;
1093 3308 41 38 A
1159 3307 143 42 49861;
1362 3310 220 49 Fleming
1608 3313 60 39 H.
1697 3313 167 41 Revell
1893 3324 65 30 co.

164 3362 278 48 (32-13703)

81 3480 190 66 Baelz,
301 3479 197 55 Erwin
529 3482 65 54 O.
624 3483 67 54 E.
718 3497 130 50 von,
880 3487 324 52 1849-1913.

151 3570 358 69 Awakening
546 3572 222 67 Japan:
806 3573 95 52 the
939 3573 168 69 diary
1143 3575 63 52 of
1245 3595 30 33 a
1313 3576 249 55 German
1599 3580 225 53 doctor:
1864 3582 199 54 Erwin

83 3650 190 66 Baelz,
314 3650 189 52 edited
545 3650 75 67 by
660 3650 90 53 his
791 3670 118 47 son,
953 3651 164 53 Toku
1162 3655 202 65 Baelz;
1412 3658 313 51 translated
1771 3659 152 52 from
1967 3662 95 51 the

84 3725 247 55 German
367 3728 74 65 by
480 3728 162 52 Eden
681 3727 113 53 and
834 3729 185 54 Cedar
1054 3730 162 53 Paul.
1292 3733 138 52 New
1469 3734 178 68 York,
1686 3736 120 54 The
1901 3737 163 71 Viking

83 3824 172 49 press,
290 3809 148 50 1932.

155 3878 1206 49 xvii, 406 p. front., double pl., ports. 24½ ᶜᵐ .
90 3945 52 52 ©
174 3947 112 50 Apr.
319 3947 69 49 29,
421 3946 138 49 1932;
596 3948 66 43 2c.
696 3948 113 48 May
840 3948 54 47 2;
929 3948 81 41 aff.
1044 3950 113 47 Apr.
1189 3951 83 48 30;
1305 3953 43 39 A
1380 3953 170 49 49794;
1587 3957 177 49 Viking
1793 3971 148 35 press,
1975 3963 77 40 inc.

167 4005 278 49 (32-13595)
