2563 4368
1026 4047 100 49 413

61 462 141 52 New
230 460 160 52 York
431 458 217 67 (State)
737 455 178 67 Laws,
942 460 257 61 statutes,
1227 459 102 49 etc.

130 537 236 54 Cahill’s
404 539 133 51 New
574 535 159 53 York
765 533 133 56 civil
936 533 262 68 practice.
1276 534 133 49 1932
1442 528 345 56 cumulative
61 529 1962 146 supplement,

264 613 332 68 containing
633 614 93 52 the
763 614 136 51 laws
935 611 228 53 enacted
1207 617 58 47 at
1301 610 96 53 the
1437 612 132 50 1932
1605 608 209 54 session
1853 608 63 52 of
1953 608 96 53 the

66 692 348 68 Legislature
449 693 106 50 and
597 692 94 51 the
725 692 244 64 changes
1002 691 162 51 made
1197 689 73 65 by
1306 689 95 52 the
1435 693 189 49 courts
1656 686 61 55 in
1751 688 97 53 the
1882 688 163 53 rules.

65 766 1986 70 Edited by Basil Jones … Chicago, Callaghan and company,
68 852 143 50 1932.

131 921 555 49 2 p. l., 112 p. 26ᶜᵐ.
135 988 1920 52 This pamphlet is to be inserted into the pocket at the back of the
64 1050 185 40 volume
276 1049 52 40 of
357 1048 83 41 the
467 1050 71 38 set
569 1050 47 38 to
647 1047 156 40 which
832 1047 39 40 it
902 1048 207 46 belongs.

68 1116 50 52 ©
154 1119 110 49 Apr.
303 1119 68 47 14,
407 1117 139 47 1932;
584 1119 67 39 2c.
688 1119 93 38 and
820 1116 81 42 aff.
938 1117 113 48 Apr.
1088 1117 80 46 18;
1208 1117 39 38 A
1284 1116 170 47 50757;
1494 1115 270 48 Callaghan
1800 1115 37 41 &
1872 1125 65 32 co.

64 1279 278 67 Nonidez,
368 1280 139 55 José
533 1280 359 65 Fernandez,
923 1284 170 51 1892-

133 1359 192 67 Fuzzy
360 1360 111 52 and
505 1358 88 54 his
628 1356 332 70 neighbors;
998 1377 31 33 a
1062 1363 125 48 true
1221 1362 174 63 story,
1428 1357 120 53 told
1584 1357 112 53 and
1734 1356 319 54 illustrated

65 1436 71 69 by
171 1437 134 54 José
338 1438 64 52 F.
439 1435 270 54 Nonidez.
786 1436 136 53 New
961 1436 161 53 York
1155 1438 50 50 &
1239 1435 258 67 London,
1531 1435 121 53 The
1687 1435 254 69 Century
1977 1454 77 35 co.

68 1548 11 34 [
109 1517 133 51 ᶜ1932
248 1548 11 34 ]

133 1586 100 48 viii,
261 1584 84 42 139
372 1595 41 38 p.
470 1583 127 41 illus.
654 1583 143 41 20½ᶜᵐ.
910 1581 131 51 $1.50

135 1654 284 42 Illustrated
451 1654 363 48 lining-papers.

73 1726 50 52 ©
156 1730 119 39 Mar.
306 1729 69 43 22,
408 1728 138 45 1932;
581 1728 66 41 2c.
680 1728 91 38 and
806 1726 80 43 aff.
920 1728 119 38 Mar.
1072 1726 82 44 24;
1189 1726 38 40 A
1260 1725 169 44 49276;
1466 1726 213 51 Century
1712 1737 67 31 co.
148 1786 249 48 (32-7811)

73 1917 224 66 Norris,
327 1920 136 51 Mrs.
492 1917 292 54 Kathleen
823 1917 396 65 (Thompson)
1259 1922 169 50 1880-

140 1996 216 55 Second
383 1996 151 52 hand
563 1993 151 70 wife,
738 1995 74 68 by
837 1994 284 53 Kathleen
1151 1994 216 55 Norris.
1444 1996 230 55 Garden
1703 1996 152 68 City,
1882 1998 70 51 N.
1971 1999 89 58 Y.,

70 2073 353 68 Doubleday,
458 2074 197 52 Doran
690 2077 45 50 &
768 2090 296 51 company,
1099 2072 124 68 inc.,
1259 2076 149 51 1932.

138 2145 935 50 3 p. l., 351 p. front., illus. 19½ᶜᵐ.
142 2217 159 40 “First
333 2216 226 41 edition.”

78 2284 50 53 ©
159 2289 120 39 Mar.
310 2287 66 46 17,
409 2287 137 46 1932;
577 2288 66 39 2c.
673 2288 93 39 and
798 2287 80 40 aff.
909 2287 112 48 Apr.
1053 2287 48 39 11;
1166 2287 38 39 A
1234 2287 169 44 50654;
1439 2288 238 40 Kathleen
1708 2287 184 44 Norris,
147 2287 1899 106 Saratoga,
301 2344 143 42 Calif.
514 2344 279 48 (32-26291)

75 2475 118 54 The
227 2476 152 54 Ohio
412 2477 105 51 law
552 2480 271 64 reporter,
902 2495 46 34 v.
985 2481 80 46 35.
1143 2477 52 52 A
1232 2476 211 68 weekly
1479 2476 246 69 journal,
1763 2476 299 71 published

146 2552 56 54 in
238 2554 93 52 the
363 2553 234 54 interest
631 2554 63 53 of
728 2555 97 52 the
857 2556 147 67 legal
1040 2555 319 68 profession
1399 2555 51 53 in
1490 2556 94 53 the
1618 2561 145 48 state
1797 2556 63 53 of
1894 2555 169 55 Ohio.

202 2630 157 54 Vinton
401 2635 66 50 R.
510 2632 279 68 Shepard,
825 2632 203 54 editor.
1103 2633 348 68 Cincinnati,
1487 2636 120 52 The
1645 2635 150 54 Ohio
1834 2636 108 52 law
145 2655 1895 123 reporter

368 2729 296 50 company,
698 2713 147 50 1932.

149 2783 101 47 xiii,
283 2783 84 42 683
400 2793 41 38 p.
503 2784 125 40 illus.
660 2785 196 48 (ports.)
925 2786 143 39 23½ᶜᵐ.

81 2849 50 52 ©
165 2854 110 47 Apr.
311 2853 66 48 19,
412 2854 111 41 1932;
583 2857 66 39 2c.
682 2857 94 39 and
810 2856 81 41 aff.
926 2857 110 48 Apr.
1071 2857 52 39 21;
1189 2857 36 39 A
1260 2858 142 40 49627;
1467 2858 121 40 Ohio
1623 2861 93 38 law
1751 2861 216 47 reporter
2001 2869 67 33 co.

78 2984 220 67 O’Neil,
326 2986 217 66 Jerold,
575 2992 169 51 1881-

142 3060 1863 74 To-day’s boy and to-day’s problems, by Jerold O’Neil …
80 3136 1983 76 with a foreword by Edwin H. Reeder … New York, Holston
76 3212 186 70 house,
293 3216 165 55 Sears
486 3217 336 68 publishing
849 3237 295 50 company,
1174 3221 106 53 inc.
1358 3225 149 63 [ᶜ1932]

148 3286 83 42 257
263 3300 42 37 p.
365 3289 115 41 21ᶜᵐ.

86 3353 50 52 ©
167 3358 120 43 Mar.
316 3359 67 47 10,
413 3359 138 46 1932;
582 3363 67 38 2c.
678 3363 93 38 and
802 3362 79 40 aff.
915 3363 120 41 Mar.
1066 3363 80 46 12;
1179 3364 37 39 A
1245 3364 170 46 49083;
1450 3366 142 41 Sears
1623 3367 106 48 pub.
1760 3379 81 37 co.,
1873 3367 88 42 inc.

164 3415 248 46 (32-7633)

85 3546 194 66 Owen,
313 3549 195 57 Ethel.

154 3623 119 53 The
311 3624 127 54 blue
474 3626 286 70 highway,
799 3630 72 67 by
911 3632 170 52 Ethel
1119 3633 110 52 and
1270 3636 46 50 F
1322 3635 143 52 rank
1504 3635 173 54 Owen;
1747 3635 321 54 illustrated

87 3697 70 69 by
183 3701 219 67 George
430 3705 63 52 T.
524 3704 199 53 Tobin.
800 3708 135 51 New
967 3707 177 68 York,
1173 3709 326 56 Cincinnati
1552 3716 84 47 [etc]
1704 3713 119 51 The
85 3710 1963 118 Abingdon
227 3795 155 49 press
416 3813 12 34 [
457 3784 132 49 ᶜ1932
594 3816 12 33 ]

155 3846 1019 55 5 p. l., 15-140 p. front., illus. 19½ᶜᵐ.
95 3913 50 52 ©
180 3919 120 42 Mar.
332 3920 69 49 21,
435 3922 111 41 1932;
608 3924 66 41 2c.
708 3927 91 39 and
833 3926 80 41 aff.
950 3929 118 39 Mar.
1103 3928 54 39 24;
1223 3929 36 39 A
1293 3929 143 41 50350;
1501 3932 51 40 E.
1587 3931 159 48 Owen,
1782 3932 115 38 New
1932 3930 142 40 York,

170 3973 249 52 (32-7810)
