2563 4368
1078 4098 134 55 1711

140 549 75 69 by
245 549 138 69 May
413 550 67 51 E.
514 548 254 70 Francis,
801 549 151 54 from
984 548 115 53 Ein
1131 548 328 54 verstehltes
1490 549 179 67 leben,
1702 567 29 34 a
1768 548 154 67 prize
1954 546 181 70 novel,

139 627 76 68 by
238 627 71 52 A.
339 626 335 69 Siemering,
701 625 163 68 1876;
891 625 379 55 illustrations
1293 625 74 69 by
1392 625 191 69 Ralph
1612 625 55 54 J.
1697 623 254 55 Pereida.
2018 623 116 55 San

141 702 270 67 Antonio,
441 704 153 63 Tex.,
627 703 216 68 Naylor
876 701 263 70 printing
1170 721 294 48 company,
1498 704 150 49 1932.

209 773 71 41 xii
307 784 57 39 p.,
391 774 27 40 1
478 805 11 17 l.,
516 774 86 41 180
628 786 43 37 p.
700 774 110 43 incl.
837 774 165 48 front.,
1027 774 129 41 illus.
1213 774 117 41 20ᶜᵐ.

144 830 52 52 ©
228 834 102 41 Oct.
359 835 57 39 27,
459 834 113 40 1932;
631 835 67 40 2c.
728 835 94 38 and
854 833 80 40 aff.
968 833 102 40 Oct.
1101 834 54 39 31;
1218 834 41 38 A
1289 833 141 40 56812;
1538 833 136 39 Navlor
1706 832 218 49 printing
1955 843 67 29 co.

220 890 279 48 (32-32266)

143 980 234 64 Society
408 982 64 52 of
503 981 326 64 petroleum
861 980 455 64 geophysicists.

275 1056 1861 70 … Geophysics. 1931. Papers presented before the Society
143 1136 64 51 of
248 1137 316 67 petroleum
607 1136 410 69 geophysicists
1063 1143 55 46 at
1162 1137 96 51 the
1303 1136 211 53 annual
1555 1134 337 55 convention
1936 1135 63 53 of
2038 1135 95 52 the

142 1215 305 52 American
479 1215 333 53 association
846 1216 64 52 of
938 1216 317 67 petroleum
1286 1215 306 68 geologists
1624 1219 61 47 at
1717 1214 115 55 San
1862 1213 274 68 Antonio,

143 1294 201 52 March
371 1296 64 49 21,
485 1297 131 48 1931;
677 1295 293 67 reprinted
999 1294 152 51 from
1179 1294 94 53 the
1299 1295 243 51 bulletin
1569 1294 64 51 of
1657 1294 96 53 the
1781 1293 354 53 association.

184 1415 10 10 v.
230 1375 80 52 15,
341 1373 265 51 numbers
639 1376 186 51 11-12,
859 1373 317 53 November
1211 1373 112 52 and
1357 1373 325 54 December,
1718 1375 150 49 1931.
1943 1372 192 53 Tulsa,

146 1450 148 55 Okl.,
326 1451 119 54 The
474 1451 307 53 American
813 1451 337 53 association
1180 1451 64 52 of
1274 1453 318 66 petroleum
1622 1450 333 70 geologists;
145 1452 1967 137 London,

305 1531 900 67 Thomas Murby & co. [ ᶜ 1931]
215 1603 1640 48 iii, 113 p. illus.. diagrs. 23ᶜᵐ. (Its Transactions … v. 1)
148 1656 50 52 ©
227 1661 111 40 Dec.
366 1660 68 48 23,
463 1659 114 41 1931;
633 1660 67 40 2c.
729 1660 110 40 Dec.
869 1660 82 46 28;
982 1660 82 40 aff.
1094 1661 109 39 Jan.
1230 1661 41 42 4,
1301 1660 113 41 1932;
1473 1662 40 37 A
1541 1660 113 40 45768;
1743 1660 157 39 Amer.
1930 1668 113 31 assn.
2088 1661 51 39 of

213 1719 263 45 petroleum
507 1716 271 48 geologists,
809 1716 90 41 inc.

144 1808 300 61 Struther,
475 1808 131 54 Jan.

218 1883 302 55 Sycamore
557 1902 200 50 square
797 1885 112 52 and
948 1885 161 52 other
1147 1903 201 48 verses,
1385 1885 75 66 by
1498 1885 117 53 Jan
1656 1883 285 66 Struther,
146 1883 1967 131 illustrated

363 1963 35 51 by
469 1962 211 53 Ernest
711 1962 77 52 H.
821 1962 279 67 Shepard.
1170 1962 140 52 New
1344 1962 180 55 York,
1557 1961 230 54 Oxford
1819 1962 318 66 university

146 2058 172 49 press,
348 2043 152 50 1932.

220 2111 101 48 viii,
348 2111 55 41 63
429 2124 46 37 p.
527 2111 129 42 illus.
711 2110 117 43 21ᶜᵐ.

148 2166 51 52 ©
229 2171 116 39 Nov.
374 2170 39 46 3,
444 2169 113 41 1932;
616 2169 53 40 2c
714 2172 94 38 and
839 2168 81 41 aff.
951 2170 118 39 Nov.
1100 2170 27 39 8;
1185 2170 41 38 A
1256 2170 142 39 55865;
1462 2169 187 40 Oxford
1680 2169 131 41 univ.
1840 2179 152 38 press,
2022 2169 118 41 New

214 2226 142 42 York.
384 2225 91 40 inc.
546 2225 278 47 (32-32297)

143 2316 276 66 Thomas,
451 2316 309 54 Elisabeth
789 2316 269 55 Wilkins.

215 2394 122 53 The
395 2400 157 61 story
611 2394 65 51 of
737 2392 149 55 Silas
945 2393 347 54 Woodward
1376 2392 75 69 [by]
1535 2392 298 54 Elisabeth
1894 2391 250 56 Wilkins

148 2472 263 52 Thomas.
477 2471 139 54 New
645 2472 181 66 York,
855 2473 249 66 Brewer,
1131 2472 242 53 Warren
1405 2471 112 53 and
1547 2472 251 52 Putnam
1855 2473 151 65 [1932]

214 2545 610 49 3 p. l., 3-244 p. 19½ᶜᵐ.
149 2597 53 53 ©
235 2603 117 38 Nov.
387 2602 69 43 10,
490 2601 115 41 1932;
667 2602 67 40 2c.
770 2604 93 38 and
900 2602 81 41 aff.
1016 2602 118 40 Nov.
1169 2602 53 39 12;
1287 2602 41 38 A
1362 2601 144 40 58254;
1571 2603 51 38 E.
1659 2603 71 38 W.
1765 2601 223 46 Thomas,
2025 2603 117 37 New

216 2659 144 40 York.
430 2658 280 48 (32-28095)

146 2738 189 54 Three
389 2739 255 54 Chaucer
694 2738 213 55 studies:
1014 2783 9 8 I.
1066 2740 355 54 Chaucerian
1473 2741 285 66 problems:
1835 2738 304 70 especially

219 2818 96 53 the
366 2817 311 54 Petherton
730 2818 375 67 forestership
1158 2819 112 52 and
1321 2819 96 52 the
1469 2818 257 67 question
1778 2818 64 53 of
1892 2818 248 52 Thomas

220 2893 274 68 Chaucer,
526 2896 75 65 by
630 2895 226 53 Russell
888 2895 220 53 Krauss;
1224 2938 10 10 II.
1266 2897 120 51 The
1418 2897 317 65 parlement
1767 2895 64 52 of
1865 2895 184 53 foules
2079 2895 60 51 in

219 2972 75 53 its
334 2971 243 53 relation
618 2977 59 49 to
718 2977 436 63 contemporary
1196 2979 210 49 events,
1446 2974 76 65 by
1563 2973 263 52 Haldeen
1870 2972 269 66 Braddy;

297 3090 10 11 III.
340 3048 407 55 Observations
778 3068 71 34 on
881 3050 96 53 the
1009 3049 251 68 shifting
1292 3050 277 67 positions
1601 3049 64 54 of
1696 3068 214 49 groups
1943 3049 53 56 G
2028 3050 112 53 and

221 3125 110 54 DE
381 3127 63 52 in
493 3127 96 53 the
638 3128 382 66 manuscripts
1069 3128 64 52 of
1182 3127 96 53 the
1329 3127 362 67 Canterbury
1739 3128 160 66 tales,
1950 3128 75 66 by
2077 3128 63 54 C.

220 3203 216 53 Robert
469 3203 168 53 Kase.
709 3203 140 53 New
883 3204 180 66 York,
1097 3204 240 53 London
1395 3211 121 60 [etc.]
1559 3204 229 55 Oxford
1823 3205 319 66 university

220 3298 173 50 press,
422 3282 151 52 1932.

225 3352 1917 51 vii p., 1 l., 3-182, 101, 89 p. incl. geneal. tables, IV pl. on 2 l. 19½ᶜᵐ.
224 3411 169 39 Issued
422 3411 104 39 also
554 3411 276 47 separately
859 3421 52 29 as
942 3410 81 40 the
1052 3410 217 40 author's
1301 3411 151 40 thesis
1493 3412 106 47 (PH.
1662 3413 35 45 D.)
1735 3412 117 38 New
1881 3412 131 39 York
147 3414 1979 100 university.

227 3520 133 41 “List
386 3521 52 40 of
463 3521 299 41 references”:
821 3533 44 37 p.
893 3521 201 40 177-182;
1151 3522 348 49 Bibliography:
1554 3535 43 36 p.
1626 3523 188 41 94-101.

154 3574 51 52 ©
236 3579 99 40 Oct.
365 3579 57 39 20,
461 3578 114 41 1932;
632 3580 67 38 2c.
729 3580 94 38 and
853 3578 79 41 aff.
964 3579 117 39 Nov.
1111 3579 25 39 8;
1195 3580 40 38 A
1264 3580 142 40 55862;
1468 3580 186 40 Oxford
1685 3582 131 40 univ.
1845 3590 149 39 press,
2025 3582 118 38 New

220 3635 141 46 York,
388 3635 91 41 inc.
549 3635 279 47 (32-32298)

150 3708 252 65 Tinling,
435 3709 300 55 Christine
763 3710 208 65 Isabel,
1005 3715 169 50 1869-

222 3785 169 69 Hope
427 3785 93 54 for
553 3785 95 54 the
681 3787 184 67 leper;
901 3786 96 53 the
1031 3788 366 68 present-day
1433 3787 246 54 solution
1716 3786 64 54 of
1815 3807 71 33 an
1923 3786 224 53 ancient

155 3862 1989 72 problem, by Christine I. Tinling … with a foreword by W. M.
153 3940 1992 72 Danner … New York [etc.] Fleming H. Revell company
156 4021 192 66 [ᶜ1932]
