2563 4368
1427 4051 101 51 354

488 525 1995 74 Rt. Hon. Winston S. Churchill … New York, The Macmillan
488 625 298 53 company,
815 611 149 50 1932.

559 676 1924 56 xiv p., 1 l., 317, [1] p. incl. 2 maps on 1 l. front., plates, ports. 22 ½ᶜᵐ .
561 750 320 42 “Translated
912 752 125 40 from
1070 753 81 40 the
1183 751 210 42 German
1422 752 61 47 by
1514 751 157 42 Robin
1702 751 277 48 John.”—p.
2016 749 78 51 [iv]

559 807 180 42 “Note”
772 809 283 48 containing
1087 808 362 50 bibliography:
1485 819 42 39 p.
1560 807 217 45 313-315.

497 875 51 52 ©
578 880 122 40 Mar.
729 879 38 48 8,
797 879 112 42 1932;
967 880 67 40 2c.
1065 883 95 39 and
1188 881 81 40 aff.
1301 882 107 40 Mar.
1451 881 27 40 9;
1537 883 40 38 A
1605 881 144 42 48852;
1810 879 280 42 Macmillan
2120 888 66 31 co.

572 936 251 48 (32-7013)

490 1069 281 66 Bertelin,
802 1070 228 66 Albert,
1062 1071 171 56 1872-

560 1160 1864 71 Traité de composition musicale, par Albert Bertelin …
490 1228 1442 82 Paris, Éditions de la Schola cantorum, ᶜ19 31.
561 1313 700 49 2 v. illus. (music) 32 ᶜᵐ .
496 1380 1994 54 © July 1, 1931; 1c. each Feb. 15, 1932; A — Foreign 15650; Editions de
561 1443 47 39 la
650 1443 171 40 Schola
860 1445 267 38 cantorum.
1198 1442 250 49 (32-7510)

490 1575 183 55 Bible.
747 1576 264 69 English.
1086 1581 153 50 1932.
1314 1576 373 55 Authorized.

624 1668 1865 70 … The Holy Bible, containing the Old and New Testaments,
491 1748 315 53 translated
844 1754 98 46 out
980 1746 64 53 of
1081 1747 96 53 the
1213 1748 248 68 original
1500 1754 265 63 tongues;
1808 1748 113 53 and
1960 1746 139 54 with
2139 1748 96 53 the
2273 1746 214 55 former

490 1826 371 54 translations
898 1826 305 69 diligently
1241 1827 303 68 compared
1583 1827 112 53 and
1734 1827 234 52 revised.
2044 1826 121 54 The
2201 1832 123 48 text
494 1844 1968 114 conformable

809 1911 57 47 to
901 1905 128 54 that
1062 1905 65 53 of
1160 1906 94 52 the
1289 1906 214 52 edition
1540 1905 64 53 of
1642 1909 151 64 1611,
1828 1906 319 68 commonly
2183 1905 206 54 known
2425 1924 61 35 as

491 1984 95 53 the
622 1984 331 53 authorized
992 2003 63 34 or
1093 1985 161 68 King
1290 1983 212 55 James’
1539 1985 253 66 version;
1832 1984 285 70 marginal
2155 1984 329 54 references.

489 2063 1996 69 20th century ed. … Philadelphia, A. J. Holman company
601 2146 84 64 [ ᶜ19 32]
564 2228 1296 52 [1242] p. illus., plates (part col.) forms. 30 ᶜᵐ .
565 2303 63 40 At
661 2302 124 40 head
822 2301 51 41 of
909 2301 107 41 title:
1085 2300 455 49 Self-pronouncing
1573 2300 198 48 edition,
1809 2301 51 40 in
1895 2300 157 42 which
2090 2301 66 40 all
2194 2301 81 42 the
2312 2311 174 40 proper

494 2369 165 30 names
690 2370 84 30 are
806 2358 193 41 divided
1031 2360 95 38 and
1157 2359 229 39 accented
1417 2360 94 38 and
1546 2358 79 39 the
1657 2357 217 41 variable
1907 2359 151 39 vowel
2091 2360 94 39 and
2220 2362 268 38 consonant

492 2418 181 38 sounds
701 2416 213 43 marked,
946 2415 220 48 showing
1194 2415 108 40 how
1331 2417 49 38 to
1411 2423 272 43 pronounce
1714 2414 131 41 them
1876 2415 249 48 correctly.

560 2472 208 41 Various
800 2471 216 50 pagings.

561 2530 224 41 Lettered
817 2539 59 28 on
906 2539 139 31 cover:
1107 2527 218 42 Masonic
1353 2526 199 42 edition.

564 2585 303 49 Descriptive
901 2588 283 46 letterpress
1218 2596 60 30 on
1312 2595 166 31 versos
1511 2583 167 50 facing
1709 2587 111 46 part
1854 2585 53 40 of
1940 2584 81 42 the
2055 2586 171 48 plates.

564 2644 224 40 Includes
821 2641 226 42 material
1080 2643 52 39 of
1163 2641 203 41 interest
1399 2641 50 40 in
1481 2651 228 38 masonry
1742 2652 55 30 as
1830 2641 106 40 well
1970 2652 55 30 as
2056 2652 260 32 numerous
2350 2642 136 49 helps

492 2700 47 39 in
568 2700 84 40 the
678 2701 194 46 general
903 2700 145 46 study
1077 2699 53 40 of
1159 2699 82 41 the
1272 2698 151 43 Bible.

495 2766 51 52 ©
580 2771 109 39 Jan.
722 2769 67 47 19,
823 2769 140 47 1932;
997 2769 68 41 2c.
1098 2770 108 38 Jan.
1239 2768 81 48 22;
1354 2768 82 40 aff.
1471 2768 109 41 Feb.
1612 2768 83 46 25;
1730 2768 39 40 A
1801 2769 171 47 48500;
2008 2769 52 39 A.
2095 2769 44 40 J.
2173 2768 210 41 Holman
2416 2778 67 31 co.

567 2822 67 54 [©
673 2826 131 48 King
843 2825 263 41 Solomon’s
1145 2827 177 47 temple
1358 2827 93 37 and
1491 2824 191 48 citadel,
1720 2825 61 48 by
1821 2826 127 39 John
1987 2825 189 49 Wesley
2215 2826 268 47 Kelchner;

562 2884 116 39 New
714 2882 216 42 masonic
966 2882 263 48 scriptural
1268 2881 236 41 allusions,
1555 2882 60 48 by
1656 2881 177 49 Sidney
1872 2883 173 49 Morse]

571 2939 249 50 (32-7371)

490 3058 198 65 Black,
719 3058 253 63 Dorthy.

557 3148 160 55 Wild
748 3149 216 67 cherry.
1046 3148 364 67 [Instalment
1437 3153 47 63 1]

594 3238 60 38 (In
679 3233 158 42 Home
863 3235 142 40 notes
1033 3233 276 52 magazine,
1338 3233 115 44 Feb.
1482 3235 72 49 20,
1584 3234 144 50 1932)

494 3302 1988 54 © 1c. Apr. 12, 1932; A ad int. 16271; pubd. Feb. 15; Dorothy Black
561 3362 269 48 MacLeish,
866 3362 230 49 Pitcaple,
1131 3363 396 47 Aberdeenshire,
1565 3365 241 39 Scotland.

489 3479 348 66 Boulenger,
866 3479 256 65 Jacques
1146 3479 269 67 Romain,
1449 3482 170 55 1879-

619 3566 1859 72 … Dans la vieille rue Saint-Honoré. [Paris] Firmin-Didot
485 3648 55 48 et
570 3663 77 34 cⁱᵉ.
687 3647 173 65 [1931]

556 3726 1919 54 vii, 280 p. front., plates. 17½ ᶜᵐ . (On cover: Ma maison, ma rue,
484 3792 111 31 mon
627 3783 245 49 quartier)

556 3853 65 41 At
652 3854 124 40 head
812 3855 52 39 of
897 3854 135 42 title:
1071 3855 209 48 Jacques
1314 3857 285 48 Boulenger.

492 3922 1985 55 © Dec. 18, 1931; 1c. Jan. 25, 1932; A—Foreign 15522; Firmin-Didot &
557 3982 84 43 cie.
711 3983 251 51 (32-7588)
