2563 4368
1313 4088 101 50 616

444 533 628 49 “Begriffsbestimmungen
1098 532 83 41 für
1208 532 305 41 branntwein
1541 534 96 39 und
1666 530 322 51 Spirituosen”
2008 545 9 28 :
2046 542 40 37 p.
2118 529 246 54 [477]-485.

442 589 609 42 “Literaturverzeichnis”
1072 600 9 29 :
1115 600 44 38 p.
1197 588 247 51 [503]-505.

381 647 1874 108 © Aug. 28, 1931; 1c. Feb. 25, 1932; A —Foreign 15926; Paul Parey. (32-9644)
374 811 315 65 Wyllarde,
717 809 157 56 Dolf.

443 888 121 51 The
595 884 298 55 miserable
926 884 208 69 sinner,
1166 886 74 67 by
1273 883 146 54 Dolf
1451 883 314 70 Wyllarde.
1836 883 257 70 London,
2127 884 160 54 Mills
2320 886 47 51 &

373 966 181 66 Boon,
581 964 221 52 limited
836 965 172 66 [1932]

439 1036 275 49 254 p. 19 ½ ᶜᵐ.
381 1091 1987 52 © 1c. Apr. 9, 1932; A ad int. 16256; pubd. Mar. 4; Macaulay co., New
447 1153 142 38 York.
662 1150 278 49 (32-10928)

438 1252 1925 70 The miserable sinner, by Dolf Wyllarde … New York, The
369 1332 850 67 Macaulay company [ ᶜ1 932]
440 1405 278 49 249 p. 19 ᶜᵐ.
380 1458 52 52 ©
464 1463 113 47 Apr.
609 1462 67 47 18,
710 1461 140 47 1932;
882 1462 65 40 2c.
981 1461 113 48 Apr.
1125 1462 82 46 26;
1242 1460 81 41 aff.
1356 1461 111 48 Apr.
1501 1460 83 47 20;
1619 1461 40 39 A
1689 1459 172 48 49682;
1897 1460 257 49 Macaulay
2187 1472 67 30 co.
456 1520 279 47 (32-10751)

375 1622 173 64 Yore,
577 1623 283 64 Clement,
892 1621 171 56 1875-

444 1695 1919 71 Age of consent, by Clem Yore … New York, The Macaulay
372 1778 506 66 company [ ᶜ1 932]
442 1847 222 48 315 p. 19½ᶜᵐ.
379 1903 52 52 ©
459 1909 120 39 Mar.
605 1906 68 48 28,
702 1906 112 41 1932;
871 1907 65 39 2c.
965 1907 94 39 and
1087 1905 80 41 aff.
1197 1905 112 48 Apr.
1337 1907 23 38 1;
1418 1905 40 39 A
1484 1904 143 42 49382;
1686 1905 49 43 C.
1805 1916 94 37 Yore,
1929 1905 139 41 Estes
2098 1905 142 47 Park,
2270 1905 97 41 Col.

455 1964 249 46 (32-8808)

372 2055 231 63 Young,
634 2053 213 55 Cecilia
874 2054 191 64 Mary.

443 2131 281 67 Lourdes;
772 2150 31 33 a
845 2131 328 53 hand-book
1217 2131 64 52 of
1322 2129 377 55 information
1743 2130 171 54 about
1958 2131 271 66 Lourdes,
2273 2130 94 53 for

373 2210 159 51 those
557 2209 125 50 who
708 2215 128 60 stay
862 2214 58 46 at
945 2210 181 66 home,
1151 2227 59 34 as
1236 2208 126 52 well
1388 2227 60 34 as
1476 2209 94 52 for
1595 2209 95 51 the
1717 2208 268 53 traveller
2011 2213 58 48 to
2095 2209 270 65 Lourdes,

374 2285 71 69 by
483 2284 211 58 Cecilia
727 2287 170 66 Mary
930 2288 225 66 Young.
1232 2284 313 68 Belleville,
1579 2284 112 68 Ill.,
1724 2284 278 55 Buechler
2034 2283 332 70 publishing

372 2382 296 50 company,
698 2368 148 49 1932.

442 2434 989 53 89, [1] p. front., 1 illus., plates. 22 ᶜᵐ.
448 2493 71 41 On
547 2503 139 31 cover
705 2503 9 29 :
742 2492 215 41 Lourdes
986 2492 48 40 in
1062 2493 81 40 the
1173 2492 114 48 high
1317 2493 254 46 Pyrenees.

378 2548 51 51 ©
465 2553 122 38 Mar.
618 2551 68 48 20,
723 2550 111 41 1932;
899 2550 65 40 2c.
1001 2552 94 39 and
1131 2550 80 40 aff.
1247 2551 113 46 Apr.
1396 2551 24 38 1;
1486 2550 40 39 A
1560 2548 144 41 50469;
1768 2549 236 41 Buechler
2039 2548 107 50 pub.
2184 2560 64 30 co.

455 2608 249 47 (32-9953)

373 2699 231 65 Young,
631 2698 308 54 Elizabeth
968 2699 244 64 Barber,
1244 2704 169 50 1888-

440 2775 55 53 A
526 2776 171 66 study
730 2775 64 52 of
826 2776 96 52 the
953 2776 281 52 curricula
1267 2775 64 53 of
1363 2794 164 35 seven
1561 2776 237 53 selected
1832 2774 261 55 women’s
2128 2777 236 66 colleges

371 2854 1993 68 of the southern states, by Elizabeth Barber Young … New
373 2931 1770 70 York city, Teachers college, Columbia university [ ᶜ1 932]
441 3005 1922 50 ix p., 2 l., 3-220 p. tables (1 fold.) diagr. 23½ᶜᵐ. . (Teachers college,
372 3063 248 41 Columbia
660 3062 283 48 university.
1010 3061 365 42 Contributions
1411 3064 48 39 to
1494 3061 270 49 education,
1801 3073 76 30 no.
1911 3061 110 49 511)

441 3121 171 39 Issued
645 3121 102 39 also
779 3130 55 29 as
866 3119 152 41 thesis
1046 3119 108 47 (PH.
1217 3119 34 47 D.)
1293 3118 251 42 Columbia
1576 3118 286 49 university.

442 3175 347 48 Bibliography
807 3186 10 31 :
848 3187 42 37 p.
917 3175 217 40 213-220.

377 3229 52 52 ©
463 3235 120 38 Mar.
615 3234 40 41 3,
689 3233 138 46 1932;
862 3234 67 39 2c.
963 3234 121 39 Mar.
1117 3232 82 46 14;
1235 3231 81 42 aff.
1352 3232 119 39 Mar.
1505 3232 82 46 18;
1622 3232 40 38 A
1694 3231 169 46 50147;
1900 3232 239 40 Teachers
2172 3231 190 48 college,

445 3289 249 40 Columbia
721 3289 282 47 university.
1075 3287 279 50 (32-10198)

372 3380 230 63 Young,
631 3377 253 56 William
912 3379 440 64 Pennypacker,
1384 3384 171 50 1866-

442 3455 53 52 A
533 3455 155 53 Ford
724 3455 234 52 dealer’s
996 3460 214 62 twenty
1245 3473 135 50 year
1416 3455 152 67 ride;
1607 3456 95 53 the
1738 3454 98 71 joy
1872 3454 140 69 ride,
2049 3455 98 54 the
2179 3455 180 69 sleigh

373 3532 122 53 ride
535 3533 111 51 and
686 3533 182 67 rough
908 3532 122 52 ride
1070 3531 139 53 with
1250 3533 95 52 old
1388 3533 112 52 and
1539 3550 124 35 new
1701 3533 186 52 model
1931 3533 155 54 Ford
2128 3532 232 68 policies

372 3610 250 68 through
671 3608 287 69 changing
1006 3626 228 51 scenery
1283 3608 152 53 from
1485 3627 280 50 company
1816 3609 200 67 profits
2065 3615 58 48 to
2172 3610 188 52 dealer

373 3688 169 50 losses
572 3687 74 66 by
677 3705 31 32 a
744 3686 214 51 former
989 3686 155 51 Ford
1178 3686 208 65 dealer,
1418 3704 103 33 one
1554 3685 64 52 of
1650 3687 95 51 the
1779 3685 181 54 riders
1994 3688 112 51 and
2140 3686 221 64 ridden,

371 3762 260 53 William
669 3763 64 51 P.
776 3762 227 68 Young,
1042 3779 108 50 esq.
1226 3761 373 68 Hempstead,
1638 3762 70 52 N.
1749 3762 91 67 Y.,
1878 3762 339 68 Pottstown,
2256 3763 101 53 Pa.

378 3837 1250 70 [Twenty year ride publishing co., ᶜ1 932]
441 3897 522 63 2 p. l.; 7-157 p. 20 ᶜᵐ.
378 3964 52 52 ©
463 3971 120 40 Mar.
615 3969 68 48 24,
717 3968 138 46 1932;
888 3969 67 41 2c.
988 3970 119 38 Mar.
1139 3969 82 44 26;
1256 3968 80 41 aff.
1370 3970 120 45 Mar.
1524 3967 82 49 25;
1642 3969 39 39 A
1713 3969 169 47 50376;
1919 3969 141 41 Lotta
2095 3970 49 40 L.
2180 3970 178 46 Young,

445 4025 284 45 Pottstown,
758 4026 82 39 Pa.
911 4024 278 46 (32-10626)
