2563 4368
1431 4031 104 51 434

461 410 497 66 Bibliographical
990 409 226 66 society
1246 409 64 55 of
1339 409 295 56 America.

532 485 1925 72 The papers … v. 26, pts. 1 and 2, 1932. Chicago, Ill., The
467 566 1114 69 University of Chicago press [ ᶜ1 932]
535 641 642 48 v p., 1 l., 171 p. 24½ ᶜᵐ .
467 707 52 51 ©
544 711 114 47 Apr.
684 711 69 46 15,
779 710 112 40 1932;
946 711 67 39 2c.
1040 711 112 46 May
1177 712 26 38 3;
1259 710 81 40 aff.
1369 712 112 46 May
1506 711 25 38 2;
1587 711 39 38 A
1651 710 145 41 49802;
1856 708 277 48 University
2160 709 51 40 of
2239 706 223 49 Chicago,

535 766 223 49 Chicago.

463 868 254 67 Bolitho,
748 871 239 65 Hector,
1019 876 171 51 1898-

533 946 205 54 Albert
761 949 95 53 the
883 949 163 55 Good
1075 951 112 52 and
1214 950 95 53 the
1335 948 300 56 Victorian
1663 949 179 70 reign,
1866 949 76 68 by
1966 950 216 52 Hector
2211 946 250 55 Bolitho.

464 1026 139 53 New
639 1027 179 67 York,
852 1029 71 52 D.
958 1028 296 67 Appleton
1288 1029 112 52 and
1434 1046 298 50 company,
1766 1032 150 50 1932.

536 1099 50 40 ix
618 1111 58 37 p.,
707 1101 23 38 1
785 1131 22 17 l.,
840 1100 98 48 357,
975 1100 54 50 [1]
1062 1110 43 37 p.
1164 1100 87 41 col.
1282 1099 363 48 superimposed
1675 1100 164 48 front.,
1871 1100 87 40 col.
1990 1100 171 47 plates,
2193 1098 87 41 col.
2315 1099 148 47 ports.

464 1155 147 42 22½ ᶜᵐ .
538 1212 350 43 “References”
905 1225 10 30 :
950 1225 43 37 p.
1022 1214 235 49 331-[348];
1322 1213 349 49 Bibliography
1689 1224 10 30 :
1732 1225 43 38 p.
1804 1212 236 51 349-[350]

470 1282 51 52 ©
549 1287 121 41 Mar.
728 1286 39 48 18,
822 1286 84 41 1932;
961 1287 68 40 2c.
1057 1289 94 38 and
1179 1286 81 44 aff.
1290 1288 120 39 Mar.
1437 1286 54 40 21;
1550 1286 41 40 A
1617 1285 144 41 50249;
1818 1286 57 41 D.
1903 1286 239 48 Appleton
2170 1285 36 41 &
2233 1294 67 32 co.

547 1343 250 48 (32-8168)

467 1448 282 65 Burgess,
776 1450 139 51 Mrs.
944 1449 188 54 Nellie
1161 1449 70 56 V.

535 1525 54 52 A
624 1525 134 52 trail
794 1524 65 53 of
895 1527 283 67 everyday
1216 1526 211 68 living;
1467 1545 29 34 a
1532 1526 231 53 manual
1802 1525 93 53 for
1930 1524 193 69 junior
2159 1543 213 49 groups
2406 1524 59 53 in

466 1602 263 53 vacation
759 1604 209 51 church
1000 1604 236 67 schools,
1265 1603 74 69 by
1370 1604 183 53 Nellie
1583 1605 72 52 V.
1689 1605 275 67 Burgess;
1997 1603 157 54 John
2185 1603 66 52 T.
2281 1602 186 67 Faris,

464 1679 203 69 editor,
697 1680 299 54 Elizabeth
1029 1681 56 54 S.
1115 1681 388 68 Whitehouse,
1532 1681 268 54 assistant
1828 1681 184 53 editor
2043 1679 92 54 for
2163 1679 303 54 children’s

467 1758 394 68 publications.
937 1759 427 68 Philadelphia,
1403 1760 192 52 Board
1634 1758 64 54 of
1735 1759 297 54 Christian
2067 1758 302 54 education
2403 1757 64 54 of

466 1837 93 53 the
594 1836 404 68 Presbyterian
1030 1837 210 53 church
1275 1837 55 52 in
1364 1838 93 52 the
1491 1838 70 53 U.
1597 1836 56 56 S.
1687 1836 90 67 A.,
1813 1839 147 50 1932.

537 1910 554 48 283 p. illus. 23½ ᶜᵐ .
539 1966 156 41 Music
712 1977 9 29 :
755 1977 43 38 p.
830 1966 215 41 180-181.

540 2023 188 40 “Books
756 2023 225 40 valuable
1008 2023 78 40 for
1116 2022 273 41 additional
1416 2033 168 30 source
1615 2022 251 41 materials
1894 2022 95 40 and
2017 2032 224 38 program
2271 2020 164 42 ideas”
2454 2031 11 31 :

468 2091 42 39 p.
541 2079 100 42 179.

474 2148 52 52 ©
556 2153 121 38 Mar.
710 2151 67 45 15,
810 2150 111 41 1932;
982 2151 67 40 2c.
1079 2151 96 40 and
1205 2149 82 41 aff.
1319 2151 120 39 Mar.
1472 2149 53 40 17;
1587 2149 41 40 A
1654 2147 144 42 49172;
1860 2148 344 49 Presbyterian
2236 2149 149 40 board
2416 2148 52 41 of

542 2208 249 39 Christian
832 2208 271 46 education,
1145 2206 355 48 Philadelphia.
1570 2205 251 48 (32-8288)

472 2309 239 67 Cantor,
741 2309 203 68 Eddie,
976 2316 170 50 1893-

542 2389 161 51 Your
732 2396 136 47 next
899 2388 319 68 president!
1300 2390 91 67 By
1422 2388 185 53 Eddie
1642 2386 216 56 Cantor
1890 2388 112 52 and
2035 2387 192 53 David
470 2385 1972 134 Freedman.

695 2468 337 52 Illustrated
1061 2468 73 67 by
1168 2467 55 54 S.
1255 2469 63 50 L.
1350 2468 322 68 Hydeman.
1749 2467 137 52 New
1920 2466 179 68 York,
2129 2467 68 51 R.
2230 2467 164 67 Long
2423 2468 46 50 &

470 2546 65 51 R.
576 2546 68 52 R.
684 2544 209 69 Smith,
929 2546 126 68 inc.,
1096 2549 149 50 1932.

541 2619 919 49 5 p. l., 52 p. front., illus. 19½ ᶜᵐ .
475 2686 52 52 ©
557 2691 120 39 Mar.
707 2690 68 48 25,
807 2690 114 42 1932;
978 2692 68 41 2c.
1076 2694 96 39 and
1201 2691 81 41 aff.
1313 2693 122 39 Mar.
1465 2691 59 42 28;
1580 2692 42 39 A
1648 2690 144 42 50395;
1853 2691 153 41 Eddie
2037 2690 194 49 Cantor,
2262 2691 206 47 Beverly

542 2747 145 47 Hills,
723 2748 159 49 Calif.,
919 2750 96 39 and
1052 2749 159 40 David
1249 2750 282 47 Freedman,
1569 2750 117 38 New
1722 2749 144 40 York.
1936 2746 251 50 (32-8454)

472 2854 311 64 Carmody,
814 2853 246 55 Francis
1088 2853 239 57 Xavier.

542 2931 57 52 A
641 2930 232 53 treatise
918 2949 72 34 on
1037 2932 273 69 pleading
1355 2933 112 52 and
1514 2931 249 70 practice
1807 2932 62 52 in
1913 2932 138 52 New
2097 2930 180 70 York,
2324 2930 141 54 with

473 3007 1967 131 forms. 2d ed. … By Francis X. Carmody … in collaboration
470 3084 1968 147 with B. G. Bonomi … and the editorial staff of the Lawyers
633 3165 382 68 co-operative
1051 3167 335 69 publishing
1420 3187 281 51 company.
1791 3185 50 36 v.
1876 3171 47 50 4.
1999 3170 347 52 Permanent
2377 3167 86 54 ed.

534 3242 1930 73 … New York, Clark Boardman co., ltd.; Rochester and New
473 3319 180 69 York,
680 3322 120 53 The
826 3323 266 66 Lawyers
1119 3324 383 68 co-operative
1530 3325 336 69 publishing
1892 3344 297 50 company,
2218 3328 148 50 1932.

611 3394 547 49 xv, 2601-3471 p. 25 ᶜᵐ .
476 3460 52 52 ©
562 3464 113 48 Apr.
708 3464 70 45 27,
813 3465 112 41 1932;
988 3466 66 39 2c.
1089 3469 94 38 and
1219 3468 81 43 aff.
1335 3469 113 47 Apr.
1483 3469 81 46 29;
1601 3470 40 39 A
1677 3470 170 46 51105;
1885 3470 228 48 Lawyers
2148 3466 320 51 co-operative

543 3522 108 46 pub.
686 3533 65 29 co.

475 3624 299 65 Carniera,
803 3626 193 53 Oskar
1023 3628 210 55 Maria.

535 3699 109 53 Die
677 3702 164 52 sache
875 3703 82 51 im
992 3709 207 47 westen
1235 3705 144 53 wird
1414 3708 281 65 gemacht,
1731 3724 110 35 von
1878 3706 186 54 Oskar
2099 3705 189 53 Maria

465 3706 1973 142 Carniera. 5.-10. tausend. München, H. und H. Arnold [ ᶜ1 930]
537 3846 335 51 252 p. 19 ᶜᵐ .
475 3900 1815 60 © Dec. 1, 1930; 1c. July 16, 1931; A— Foreign 13156; Hans und
541 3908 1908 93 Heinrich
676 3961 198 43 Arnold.
944 3964 251 51 (32-8563)
