2563 4368
1065 4093 132 51 1685

154 462 194 64 Fiske,
381 464 226 64 George
637 463 243 65 Walter,
915 464 169 55 1872-

223 539 1863 70 A study of Jesus’ own religion, by George Walter Fiske …
154 617 137 53 New
321 618 176 64 York,
524 618 120 52 The
671 617 335 53 Macmillan
1034 634 297 52 company,
1359 620 150 51 1932.

225 689 456 49 xvi, 360 p. 20 ᶜᵐ .
224 744 1926 50 “A companion volume to the author’s … The recovery of worship.”—
155 801 197 48 Introd.,
380 812 45 37 p.
453 802 99 40 viii.

223 857 244 42 “Selected
497 856 366 49 bibliography”
881 868 9 29 :
924 868 44 37 p.
996 856 218 42 349-351.

157 924 52 52 ©
241 929 101 40 Oct.
374 929 69 47 18,
474 928 112 41 1932;
646 929 67 41 2c.
745 930 97 38 and
872 928 83 41 aff.
988 928 100 41 Oct.
1122 928 57 40 19;
1237 930 42 38 A
1309 928 146 40 56549;
1515 929 281 40 Macmillan
1829 940 67 30 co.

233 985 279 48 (32-32006)

151 1086 194 67 Flory,
374 1087 154 55 John
557 1088 254 65 Samuel,
842 1092 169 51 1866-

223 1165 358 68 Flashlights
619 1164 155 55 from
809 1164 252 70 history;
1103 1186 30 33 a
1173 1166 153 53 brief
1363 1167 173 66 study
1571 1167 62 51 in
1671 1167 173 52 social
151 1167 1969 143 development,
357 1244 75 67 by
465 1243 157 54 John
658 1243 56 55 S.

753 1244 1393 69 Flory … Elgin, Ill., Brethren publishing
148 1322 190 65 house,
370 1325 152 50 1932.

222 1392 336 51 191 p. 20 ᶜᵐ .
227 1449 1577 49 “History … of the Church of the brethren.”—Foreword.
154 1519 52 52 ©
246 1523 113 48 May
395 1523 69 46 12,
504 1520 112 43 1932;
684 1522 67 41 2c.
792 1522 102 40 Oct.
933 1523 55 39 17;
1057 1521 83 40 aff.
1178 1523 119 43 Aug.
1338 1521 55 40 29;
1462 1523 41 38 A
1542 1522 145 40 56519;
1756 1523 241 40 Brethren
2035 1523 109 48 pub.

221 1581 162 39 house.
454 1578 278 48 (32-32007)

149 1682 175 65 Foch,
352 1682 243 55 Adrien.

280 1759 1868 69 … Introduction à la mécanique des fluides, par Adrien
149 1837 1441 69 Foch … 55 figures. Paris, A. Colin, 1932.
214 1910 1931 50 vi, 200 p. illus., diagrs. 17½ ᶜᵐ . (Collection Armand Colin (Section
145 1969 59 40 de
228 1967 433 50 mathématiques)
727 1969 56 39 n°
807 1967 111 49 148)

217 2024 276 49 “Ouvrages
518 2024 29 41 à
572 2023 273 42 consulter”
863 2034 11 31 :
898 2034 44 39 p.
971 2023 248 51 [193]-194.

149 2083 1992 52 © May 28, 1932; 1c. Sept. 30; A— Foreign 18147; Max Leclerc & cie.,
216 2144 155 41 Paris.
441 2144 279 48 (32-32527)

147 2247 227 64 Foster,
407 2247 226 64 George
665 2246 275 64 Sanford,
975 2251 171 50 1882-

216 2323 1860 70 Health; a practical book on hygiene, by George S. Foster …
147 2401 1991 70 and Leon G. Kranz … Boston, The Christopher publishing
144 2483 172 51 house
348 2481 210 67 [1932?]

215 2555 1037 51 218 p. incl. front. (port.) illus. 22½ ᶜᵐ .
149 2608 1990 52 © Feb. 3, 1932; 2c. and aff. Feb. 8; A 47498; Christopher pub. house.
226 2669 248 48 (32-8378)

144 2773 226 63 Hague.
445 2774 358 52 Permanent
833 2776 166 50 court
1030 2773 63 52 of
1121 2772 376 54 arbitration.

274 2849 1858 70 … The Hague court reports (2d series) Comprising the
146 2929 237 68 awards,
422 2929 400 68 accompanied
860 2930 75 68 by
973 2929 224 68 syllabi,
1236 2929 96 52 the
1371 2933 350 64 agreements
1758 2928 96 52 for
143 2928 1965 147 arbitration,
307 3008 112 52 and

443 3008 161 53 other
627 3009 328 53 documents
978 3010 61 51 in
1062 3007 135 52 each
1221 3026 123 36 case
1366 3007 311 53 submitted
1700 3013 58 47 to
1782 3008 97 53 the
142 3010 1967 128 Permanent
305 3093 160 46 court
494 3086 64 52 of

587 3086 342 53 arbitration
958 3087 112 52 and
1099 3092 58 47 to
1189 3087 386 53 commissions
1604 3086 63 52 of
1693 3086 230 69 inquiry
1952 3086 181 52 under

143 3165 95 52 the
277 3164 321 69 provisions
640 3165 64 52 of
745 3166 96 51 the
882 3164 366 55 conventions
1287 3166 63 51 of
1392 3168 133 49 1899
1569 3165 113 52 and
1725 3167 133 51 1907
1902 3164 94 53 for
2035 3164 98 53 the

143 3241 209 57 Pacific
386 3244 322 53 settlement
742 3244 63 52 of
839 3243 411 52 international
1286 3243 269 68 disputes.
1633 3242 213 54 Edited
1883 3244 140 52 with
2059 3261 74 34 an

143 3321 407 69 introduction,
592 3322 74 68 by
710 3323 194 53 James
951 3324 210 50 Brown
1209 3322 177 66 Scott,
1431 3322 260 53 director.
1769 3323 138 51 New
1953 3321 179 69 York,

142 3400 238 52 London
432 3404 120 61 [etc.]
587 3400 229 55 Oxford
844 3400 317 66 university
1189 3418 175 50 press,
1395 3403 148 49 1932.

211 3473 783 49 1 p. l., L p., 1 l., 234 p. 25 ᶜᵐ .
146 3527 51 51 ©
227 3530 108 40 Jan.
364 3530 69 47 30,
462 3529 112 42 1932;
632 3529 67 41 2c.
729 3531 94 38 and
852 3529 82 41 aff.
965 3530 109 40 Feb.
1103 3531 26 39 3;
1188 3531 41 37 A
1257 3531 144 39 47414;
1461 3530 233 45 Carnegie
1724 3530 303 40 endowment
2055 3530 79 39 for

213 3587 347 40 international
588 3597 157 37 peace,
773 3585 332 48 Washington.

141 3690 248 64 Hanlon,
417 3690 219 64 Joseph
665 3691 61 53 C.

211 3765 151 54 Gold
414 3772 118 47 star
585 3767 238 65 mother,
876 3767 96 67 by.
1004 3767 216 67 Joseph
1276 3766 60 53 C.
1393 3767 251 52 Hanlon.
1720 3768 232 66 Boston,
2008 3765 121 54 The

144 3843 1165 70 Christopher publishing house [ ᶜ1 932 ]
210 3917 719 49 44 p. front. (port.) 21 ᶜᵐ .
146 3969 1985 52 © Jan. 27, 1932; 2c. Jan. 30; aff. Jan. 29; A 47307; Christopher pub.
211 4030 164 41 house.
