2563 4368
1071 4072 97 49 943

125 447 289 65 Jefferies,
446 449 136 51 Mrs.
616 446 128 53 Don
786 445 387 66 (Haldeman)

201 523 156 70 Song
387 522 63 54 of
482 523 94 53 the
609 522 398 53 Wissahickon
1042 523 112 52 and
1188 523 161 52 other
1382 541 209 50 poems,
1623 522 77 69 by
1733 523 131 52 Don
127 521 1961 134 Haldeman-Jefferies;

639 602 323 52 illustrated
1025 601 74 68 by
1164 600 238 55 Serafim
1465 602 71 52 da
1605 600 177 56 Silva.
1881 601 233 65 Boston,

125 681 236 51 Meador
389 679 335 68 publishing
751 698 99 47 co.,
881 683 150 49 1932.

198 752 1387 50 11 p., 1 l., 13-180 p. incl. front. (port.) illus. 28ᶜᵐ.
129 806 53 51 ©
206 811 113 46 May
341 809 68 47 25,
434 808 112 41 1932;
600 809 66 40 2c.
692 811 128 39 June
841 811 55 39 18;
949 810 83 40 aff.
1057 811 125 38 June
1207 810 81 45 16;
1315 812 41 37 A
1381 809 141 41 52682;
1579 810 210 39 Edward
1814 809 58 39 K.
1901 810 210 47 Meador,

197 867 195 39 Boston.
462 866 277 47 (32-16539)

121 968 225 66 Jillson,
373 968 242 55 Willard
644 970 212 64 Rouse,
887 974 170 51 1890-

191 1044 121 52 The
345 1044 189 52 Boone
567 1043 315 68 narrative;
916 1046 93 52 the
1044 1054 154 59 story
1233 1046 61 51 of
1325 1046 96 53 the
1452 1045 186 68 origin
1674 1045 113 53 and
1821 1044 290 68 discovery

122 1122 236 68 coupled
395 1122 140 53 with
570 1122 94 52 the
701 1122 401 68 reproduction
1137 1122 61 52 in
1236 1122 276 53 facsimile
1549 1122 63 52 of
1649 1142 29 33 a
1715 1140 124 33 rare
1876 1121 135 53 item
2048 1120 64 54 of

118 1199 159 68 early
318 1199 416 68 Kentuckiana,
772 1207 57 45 to
866 1198 186 54 which
1093 1200 48 52 is
1181 1200 296 68 appended
1518 1219 28 33 a
1588 1199 192 54 sketch
1820 1198 62 53 of
1920 1199 192 52 Boone

126 1276 110 52 and
278 1296 28 34 a
350 1275 401 69 bibliography
794 1277 62 51 of
896 1279 98 49 238
1039 1276 170 69 titles,
1251 1277 74 68 by
1366 1276 249 53 Willard
1656 1276 185 54 Rouse
1884 1275 227 69 Jillson,

359 1352 1752 70 SC. D.; Boone day address, Kentucky state historical society,
124 1429 333 69 Frankfort,
510 1429 319 70 Kentucky,
883 1431 148 53 June
1086 1433 48 65 8,
1190 1433 149 51 1931.
1430 1430 327 66 Louisville,
1810 1430 130 69 Ky.,
1991 1429 119 53 The

125 1506 289 55 Standard
447 1507 260 68 printing
736 1525 292 50 company,
1059 1506 413 69 incorporated,
1507 1511 149 48 1932.

193 1577 1916 52 16 p., facsim.: (17-31 p.), [32]-61, [1] p., 1 l. incl. front., 1 illus., pl.,
121 1634 213 41 facsims.
397 1634 145 48 20½ᶜᵐ.

222 1691 134 40 “First
387 1691 197 41 edition.
644 1690 116 41 1000
792 1690 202 49 copies.”

193 1747 257 40 Facsimile
482 1747 217 40 includes
735 1747 340 48 reproduction
1110 1748 50 40 of
1195 1748 206 48 original
1434 1752 97 44 t.-p.:
1597 1750 101 39 The
1732 1749 293 40 adventures
2060 1749 50 39 of

122 1804 194 40 Colonel
338 1805 176 39 Daniel
535 1805 147 47 Boon,
707 1814 88 30 one
817 1804 51 40 of
890 1806 83 38 the
993 1804 109 40 first
1124 1805 196 40 settlers
1344 1808 51 37 at
1417 1805 254 40 Kentucke:
1726 1804 280 49 containing
2029 1805 82 40 the

124 1871 126 29 wars
284 1861 120 39 with
439 1861 83 39 the
558 1861 202 40 Indians
798 1871 59 28 on
894 1861 84 39 the
1013 1860 134 48 Ohio,
1185 1860 129 40 from
1349 1860 118 41 1769
1503 1864 48 37 to
1587 1861 128 45 1783,
1754 1862 95 39 and
1885 1863 82 38 the
2001 1861 109 41 first

120 1917 369 40 establishment
517 1917 95 39 and
640 1926 223 39 progress
891 1916 50 40 of
969 1918 82 38 the
1079 1917 277 40 settlement
1382 1929 61 29 on
1470 1918 109 39 that
1608 1917 142 40 river.
1810 1918 211 40 Written
2050 1917 60 48 by

121 1972 1633 47 the colonel himself … Norwich; Printed by John Trumbull. M,DCC,LXXXVT.
192 2031 70 39 “A
293 2040 106 30 new
429 2031 162 39 Boone
622 2028 364 49 bibliography”:
1049 2039 43 38 p.
1141 2029 176 49 [47]-61.

129 2086 52 52 ©
205 2091 78 39 May
339 2089 70 48 29,
432 2088 112 41 1932;
597 2089 67 39 2c.
688 2088 125 40 June
835 2090 25 39 3;
914 2087 80 41 aff.
1020 2088 126 40 June
1169 2087 55 40 25;
1278 2090 40 37 A
1341 2087 143 41 52809;
1538 2090 71 38 W.
1634 2089 56 40 R.
1714 2089 191 41 Jillson.
196 2087 1901 107 Frankfort,

337 2148 90 46 Ky.
497 2146 278 47 (32-16521)

122 2248 281 64 Johnson,
435 2247 219 64 Gladys
683 2249 163 65 Etta,
876 2252 171 50 1891-

190 2326 142 52 Late
407 2324 331 68 September
817 2324 109 67 [by]
1007 2323 218 69 Gladys
1301 2324 275 53 Johnson.
1687 2322 426 67 Philadelphia,

121 2403 226 52 Macrae
376 2401 189 55 Smith
592 2419 296 51 company,
916 2403 152 52 1932.

191 2476 88 40 299
302 2487 44 37 p.
405 2475 146 41 19½ᶜᵐ.

194 2532 162 41 “First
386 2530 227 42 edition.”

130 2585 1819 52 © May 16, 1932; 2c. and aff. June 28; A 51928; Macrae, Smith co.
208 2646 279 47 (32-16140)

124 2748 282 65 Joliclerc,
438 2748 259 65 Eugène,
729 2753 169 50 1869-

124 2814 1963 142 … Poupées de Paris. Paris, Les Éditions de la Sté d’impressions
301 2902 652 66 du Chevaleret, ᶜ19 31.
192 2972 347 49 336 p. 19 ᶜᵐ .
193 3031 198 39 Drama.

131 3086 1871 52 © Oct. 25, 1931; 1c. Dec. 21; A— Foreign 14898; E. Joliclerc, Paris.
209 3146 278 48 (32-16748)

131 3241 334 69 [Lamburn,
495 3240 267 54 Richmal
793 3241 338 67 Crompton]
1167 3245 169 50 1890-

194 3320 120 52 The
361 3319 236 67 odyssey
642 3318 64 52 of
752 3317 320 68 Euphemia
1119 3318 203 67 Tracy,
1366 3317 75 68 by
1487 3316 263 53 Richmal
1799 3315 314 67 Crompton

153 3397 208 67 [pseud.]
441 3397 257 63 London,
736 3396 64 51 Macmillan
1112 3396 111 51 and
1262 3412 98 49 co.,
1401 3393 239 73 limited,
1681 3395 151 51 1932.

196 3467 548 51 3 p. l., 347 p. 20½ᶜᵐ.
134 3521 1979 53 © 1c. June 11, 1932; A ad int. 16521; pubd. Apr. 15; R. C. Lamburn,
201 3583 224 46 Bromley
454 3582 240 46 Common,
724 3581 142 47 Kent,
897 3581 235 47 England.
1202 3579 278 49 (32-16879)

127 3671 277 63 Lindsay,
434 3671 164 63 Jack,
629 3675 171 49 1900-

198 3746 308 55 Cressida’s
532 3745 122 53 first
682 3746 170 52 lover,
881 3764 29 33 a
938 3746 112 51 tale
1077 3745 63 52 of
1166 3744 224 54 ancient
1415 3743 224 67 Greece,
1664 3744 75 67 by
1765 3741 147 56 Jack
127 3739 1961 152 Lindsay.

317 3824 138 52 New
491 3822 177 56 York.
701 3822 68 53 R.
804 3823 163 67 Long
998 3824 46 50 &
1076 3823 69 51 R.
1179 3822 68 52 R.
1283 3820 207 68 Smith,
1523 3821 126 66 inc.,
1685 3820 149 52 1932.

197 3895 548 50 3 p. l., 288 p. 20½ᶜᵐ.
137 3949 51 51 ©
212 3953 125 40 June
357 3953 69 45 24,
450 3952 139 46 1932;
615 3952 67 42 2c.
707 3952 124 39 June
852 3951 58 40 27;
962 3951 80 40 aff.
1068 3953 126 38 June
1216 3951 55 40 25;
1324 3952 40 38 A
1389 3949 168 48 51928;
1584 3951 42 38 J.
1652 3950 225 45 Lindsay,
1903 3945 211 41 London.

212 4009 278 48 (32-16444)
