2563 4368
1092 4011 99 50 143

204 491 430 52 160 p. diagr. 19 ½ ᶜᵐ.
205 564 375 49 Bibliography:
616 574 42 37 p.
693 560 216 42 156-160.

144 636 51 52 ©
224 640 108 39 Jan.
361 638 69 47 30,
460 636 115 41 1932;
629 637 66 38 2c.
724 636 96 39 and
849 634 82 40 aff.
961 633 107 40 Feb.
1098 634 52 45 3;
1182 632 39 39 A
1249 632 171 45 47364;
1453 630 221 46 Fleming
1700 630 60 40 H.
1792 628 163 39 Revell
1987 639 67 29 co.

221 695 250 48 (32-3766)

133 827 309 66 Symonds,
471 825 266 54 Percival
763 824 235 64 Malion,
1029 827 172 50 1893-

139 892 1972 143 … Diagnosing personality and conduct, by Percival M. Symonds …
486 973 1350 69 New York, London, The Century co. [ ᶜ1 931]
136 1042 1982 116 xvi, 602 p. incl. illus., diagrs., forms. pl. 23 ᶜᵐ. (The Century psychology
258 1106 176 49 series)
558 1104 132 50 $4.00

209 1176 349 44 “References”
579 1178 54 39 at
655 1176 91 40 end
769 1175 52 41 of
842 1176 126 39 most
989 1174 52 40 of
1061 1174 83 40 the
1167 1173 227 47 chapters;
1448 1170 351 49 Bibliography:
1853 1181 43 38 p.
1920 1169 217 44 571-572.

146 1251 52 52 ©
229 1255 109 40 Jan.
370 1252 54 40 16,
469 1251 140 46 1932;
642 1249 67 41 2c.
741 1250 95 39 and
868 1248 82 41 aff.
983 1248 110 40 Jan.
1123 1246 82 46 20;
1240 1246 40 39 A
1310 1244 172 48 47079;
1516 1245 215 47 Century
1763 1255 68 30 co.

224 1309 249 51 (32-3759)

140 1443 211 52 Texas.
424 1440 167 53 Laws,
635 1444 241 50 statutes,
924 1445 99 48 etc.

212 1517 278 55 Vernon’s
531 1517 310 52 annotated
881 1515 220 53 revised
1143 1513 154 57 Civil
1336 1513 113 53 and
1489 1511 265 55 criminal
1793 1515 241 49 statutes
2075 1509 64 54 of

142 1598 96 53 the
296 1601 146 49 state
501 1596 64 52 of
625 1596 199 52 Texas.
900 1594 282 68 January,
1245 1595 134 49 1932
1440 1590 346 54 cumulative
1844 1590 293 68 quarterly

143 1676 316 68 pamphlet,
504 1672 334 69 containing
882 1673 77 52 all
1003 1673 138 52 laws
1186 1671 64 53 of
1295 1690 31 33 a
1369 1671 231 69 general
1645 1671 112 52 and
1802 1674 337 64 permanent

144 1759 202 48 nature
374 1753 64 53 of
464 1753 97 52 the
585 1749 126 56 first
737 1751 114 53 and
877 1751 205 53 second
1110 1751 182 54 called
1317 1750 239 53 sessions
1583 1749 64 54 of
1673 1750 98 52 the
1797 1749 150 52 42nd
143 1748 1971 150 legislature,

378 1830 140 54 with
551 1829 382 68 annotations,
966 1828 335 69 construing
1330 1829 97 53 the
1457 1830 138 51 laws
1629 1828 113 53 and
1775 1828 140 53 with
143 1846 1933 118 cumulative

353 1906 1789 69 tables and indexes … Kansas City, Vernon law book
144 2008 296 48 company,
473 1990 152 50 1932.

212 2060 542 50 1 p. l., 5-228 p. 25½ ᶜᵐ.
149 2129 52 52 ©
229 2133 109 40 Jan.
366 2131 69 49 29,
463 2131 140 47 1932;
632 2131 68 43 2c.
727 2131 110 39 Feb.
867 2130 28 40 8;
949 2130 81 41 aff.
1060 2130 109 40 Feb.
1199 2130 81 46 10;
1312 2131 40 38 A
1379 2130 171 47 48418;
1583 2131 191 39 Vernon
1804 2131 93 39 law
1926 2131 123 40 book
2077 2142 66 30 co.

144 2289 1998 70 Texas jurisprudence … a complete statement of the law and
216 2368 250 70 practice
490 2369 63 52 of
576 2368 97 53 the
696 2373 147 48 state
867 2367 64 54 of
954 2369 201 66 Texas,
1179 2368 74 68 by
1279 2368 262 56 William
1565 2371 78 51 M.
1671 2369 332 69 McKinney
2029 2370 113 52 and

216 2446 1864 69 other lawyers. v. 17. Equity to Evidence—civil cases …
220 2524 117 55 San
367 2525 323 66 Francisco,
721 2524 586 70 Bancroft-Whitney
1336 2544 298 51 company,
1667 2530 151 50 1932.

213 2598 480 50 4 p. l., 959 p. 25 ᶜᵐ.
152 2665 52 52 ©
229 2670 111 40 Feb.
365 2669 40 48 8,
430 2668 141 47 1932;
598 2668 68 41 2c.
693 2669 109 39 Feb.
830 2669 81 46 15;
941 2668 80 40 aff.
1051 2669 111 41 Feb.
1188 2670 81 46 13;
1298 2670 41 39 A
1363 2669 171 48 47619;
1565 2670 488 49 Bancroft-Whitney
2080 2682 65 30 co.

139 2800 354 66 Thompson,
523 2799 245 57 Charles
794 2802 296 64 Manfred,
1121 2803 171 55 1877-

215 2876 164 70 High
411 2878 191 53 school
637 2877 310 55 economics
994 2878 323 69 (historical
1351 2883 113 52 and
1498 2882 370 70 descriptive)
1916 2883 229 53 written

149 2954 94 54 for
282 2956 311 68 secondary
636 2956 218 54 schools
896 2956 152 54 from
1088 2958 97 52 the
1223 2958 166 67 point
1428 2959 64 52 of
1532 2960 143 54 view
1715 2963 65 52 of
1818 2961 174 53 social
2032 2963 108 52 and

146 3031 282 55 economic
457 3031 320 56 conditions
805 3035 60 51 in
895 3035 96 52 the
1017 3035 219 55 United
1268 3036 206 69 States,
1500 3037 75 68 by
1606 3038 237 55 Charles
1871 3038 270 54 Manfred

147 3109 1979 73 Thompson … Chicago, New York [etc.] B. H. Sanborn & co.,
149 3192 149 51 1932.

219 3260 96 49 xvi,
352 3261 85 41 512
473 3272 43 37 p.
552 3261 110 43 incl.
696 3262 136 39 front.
876 3261 172 50 (port.)
1091 3262 143 49 illus.,
1270 3262 179 50 diagrs.
1510 3264 58 41 19½ᶜᵐ.

220 3331 433 49 “Supplementary
680 3332 228 49 reading”
938 3336 52 38 at
1014 3335 92 40 end
1131 3333 52 41 of
1207 3335 120 39 each
1353 3335 216 48 chapter.

155 3398 52 52 ©
237 3404 108 39 Jan.
377 3403 68 49 29,
476 3404 140 47 1932;
649 3404 66 40 2c.
747 3407 96 38 and
874 3404 81 40 aff.
989 3405 110 41 Feb.
1131 3407 53 46 1;
1217 3406 41 39 A
1288 3406 171 48 47346;
1493 3407 137 48 Benj.
1665 3408 60 39 H.
1761 3408 219 41 Sanborn
2012 3409 38 40 &
2081 3419 67 30 co.

233 3459 248 48 (32-3862)

142 3589 319 68 Thurston,
492 3593 218 54 Ernest
739 3594 254 66 Temple,
1025 3596 170 55 1879-

213 3665 54 51 A
296 3667 154 51 hank
478 3667 64 51 of
567 3668 146 66 hair,
741 3669 75 68 by
844 3668 235 68 Temple
1108 3671 304 53 Thurston.
1482 3673 237 53 London
1755 3679 137 62 [etc.]
1931 3672 205 54 Cassell

145 3741 112 52 and
287 3759 293 53 company,
611 3744 101 54 ltd.
749 3748 172 66 [1932]

216 3815 579 51 4 p. l., [3]-314 p. 19½ ᶜᵐ.
157 3880 1986 62 © 1c. Feb. 1, 1932; A ad int. 16051; pubd. Jan. 21; E. T. Thurston,
221 3941 210 42 London.
502 3944 250 49 (32-4444)
