2563 4368
1066 4092 65 49 83

183 551 98 48 xxi,
309 551 97 47 878,
433 553 57 38 16
515 564 43 36 p.
617 553 25 39 1
671 552 141 48 illus.,
839 562 151 38 maps,
1019 553 154 46 plans.
1232 552 146 41 20½ᶜᵐ.

189 609 112 40 “No.
334 608 127 41 567.”

119 661 1764 52 © Oct. 15. 1931; 1c. Dec. 28; A—Foreign 15068; Desclee & cie.
195 722 249 47 (32-3781)

110 823 286 64 Bloomer,
427 825 261 55 Charles.

183 898 121 52 The
350 898 368 53 descendants
766 897 63 53 of
878 897 184 69 Cyrus
1109 898 261 67 Perkins,
1415 898 75 68 by
1540 897 236 54 Charles
1824 898 281 52 Bloomer.

115 975 1587 69 Boston, The Christopher publishing house [ ᶜ1 932 ]
181 1057 567 49 3 p. l., 9-97 p. 21ᶜᵐ.
116 1111 51 51 ©
202 1115 108 40 Jan.
344 1114 68 48 27,
447 1114 139 48 1932;
622 1115 66 40 2c.
723 1115 109 40 Jan.
866 1115 82 47 30;
985 1113 82 42 aff.
1102 1115 108 40 Jan.
1246 1114 81 48 29;
1365 1116 42 38 A
1437 1115 171 46 47306;
1646 1114 318 48 Christopher
1996 1114 110 48 pub.

182 1172 161 40 house.
415 1172 250 47 (32-2872)

107 1275 396 65 Blumenthal,
535 1276 228 55 Albert.

179 1347 363 56 Small-town
569 1348 155 69 stuff,
750 1349 75 69 by
852 1348 205 53 Albert
1087 1347 387 53 Blumenthal.
1541 1347 271 70 Chicago,
1840 1348 115 68 Ill.,
1983 1348 120 53 The

109 1427 334 68 University
469 1427 64 52 of
562 1426 251 69 Chicago
840 1444 157 50 press
1031 1428 172 65 [1932]

176 1507 114 48 xvii,
337 1507 87 40 416
469 1518 44 37 p.
574 1508 152 47 diagr.
786 1506 117 41 20ᶜᵐ.
974 1507 298 49 (Half-title:
1319 1507 102 40 The
1470 1505 272 48 university
1791 1506 53 40 of
1892 1504 210 52 Chicago

107 1563 305 48 sociological
442 1563 173 48 series)

114 1618 51 51 ©
198 1622 109 42 Jan.
340 1623 39 46 5,
413 1621 141 48 1932;
587 1622 68 39 2c.
689 1624 95 39 and
817 1622 81 40 aff.
933 1622 108 40 Jan.
1076 1621 83 48 21;
1195 1622 39 39 A
1267 1620 172 48 46999;
1477 1621 282 48 University
1793 1621 52 40 of
1879 1620 223 49 Chicago,

182 1679 219 48 Chicago.
474 1679 250 48 (32-2898)

105 1779 330 68 Bonhoure,
465 1781 331 65 Valentine,
828 1787 171 50 1862-

237 1854 1803 71 … Basile le Macédonien. Sous les plombs de Venise …
105 1935 183 68 Paris,
316 1936 277 52 Larousse
702 1938 100 50 [ᶜ1931]

173 2004 1927 54 2 p. l., [9]-247 p., 1 l. 18½ᶜᵐ. (Contes et romans pour tous. [Sgrie
104 2074 121 38 pour
249 2066 48 38 la
322 2065 223 47 jeunesse
581 2065 202 48 (reliure
809 2074 146 37 rouge
980 2066 49 39 et
1053 2063 77 47 or)
1199 2074 76 29 no.
1302 2063 97 50 18])

173 2122 63 39 At
260 2123 125 39 head
412 2122 52 40 of
487 2122 134 40 title;
651 2122 53 39 V.
733 2121 272 40 Bonhoure.

112 2175 1992 51 © Oct. 31, 1931; 1c. Dec. 28; A—Foreign 15021; Auge, Gillon, Hollier-
179 2237 252 45 Larousse,
463 2237 198 39 Moreau
691 2236 36 40 &
755 2236 84 42 cie.
880 2234 265 50 (Librairie
1173 2234 265 46 Larousse)
1517 2233 251 49 (32-3626)

107 2338 278 65 Brasher,
422 2341 144 53 Rex.

178 2416 172 52 Birds
377 2416 112 52 and
512 2422 144 46 trees
680 2416 63 53 of
768 2416 187 54 North
979 2415 266 53 America
1276 2415 108 68 [by]
1413 2417 124 51 Rex
1562 2414 265 54 Brasher.
1906 2412 192 67 Sixty-

107 2499 112 47 two
253 2493 408 53 hand-colored
696 2495 201 67 plates,
932 2493 316 68 sixty-four
1284 2493 211 68 species
1534 2493 111 52 and
1680 2492 318 69 subspecies
2035 2491 64 54 of

107 2570 173 53 birds.
362 2605 68 33 [v.
479 2575 81 62 10]
640 2572 162 52 Done
847 2572 60 52 in
954 2572 320 56 Chickadee
1318 2573 188 67 valley
1549 2590 137 34 near
1731 2572 173 67 Kent,

107 2572 1967 134 Connecticut,
406 2650 61 51 in
502 2651 96 51 the
633 2666 136 50 year
808 2653 150 49 1932.
1039 2650 191 67 [Kent,
1267 2653 197 65 Conn.,

107 2651 1967 143 Rex Brasher associates, ᶜ1 932]
181 2801 858 49 [126] p. col. plates. 32½ × 46ᶜᵐ.
179 2859 131 38 Each
339 2859 130 46 plate
499 2859 340 47 accompanied
867 2858 63 48 by
959 2860 155 46 guard
1144 2858 149 42 sheet.

111 2911 51 51 ©
191 2915 109 40 Jan.
328 2915 68 43 20,
425 2915 139 47 1932;
593 2916 66 40 2c.
689 2917 97 38 and
812 2915 82 41 aff.
924 2916 107 39 Jan.
1061 2916 83 47 25;
1174 2916 42 39 A
1241 2915 172 48 47205;
1445 2916 105 40 Rex
1578 2916 215 39 Brasher
1822 2915 278 41 associates.

106 3030 159 67 Brill,
294 3033 162 53 Alice
486 3035 167 62 Cora,
684 3039 171 49 1889-

175 3108 161 51 Your
383 3107 155 52 child
583 3107 113 53 and
741 3107 88 53 his
877 3112 260 62 parents;
1187 3127 31 33 a
1266 3107 270 53 textbook
1584 3106 95 54 for
1726 3106 154 54 child
1928 3107 171 69 study

106 3183 1993 70 groups, by Alice C. Brill … and May Pardee Youtz … New
106 3261 162 53 York
298 3262 113 52 and
441 3262 258 67 London,
730 3262 72 53 D.
834 3261 297 69 Appleton
1162 3263 113 52 and
1306 3279 298 51 company,
1639 3263 151 52 1932.

174 3341 964 48 xii p., 1 l., 339 p. incl. forms. 21ᶜᵐ.
171 3398 263 40 Published
467 3399 102 39 also
600 3399 121 40 with
751 3397 230 42 different
1010 3397 209 49 preface.

175 3455 347 46 Bibliography
549 3456 52 38 at
626 3457 91 38 end
745 3455 53 40 of
823 3456 118 40 each
966 3456 215 46 chapter.

112 3508 51 51 ©
192 3512 108 40 Jan.
330 3512 39 47 8,
397 3512 141 46 1932;
567 3513 68 42 2c.
664 3514 95 38 and
789 3513 79 39 aff.
898 3513 109 40 Jan.
1037 3513 82 46 11;
1149 3513 42 39 A
1217 3513 172 47 45925;
1420 3514 57 38 D.
1508 3514 236 47 Appleton
1775 3514 36 39 &
1839 3524 66 30 co.

187 3568 249 48 (32-2975)

109 3658 217 63 Callan,
360 3659 244 53 Charles
634 3660 253 54 Jerome.

108 3732 1989 306 The Epistles of St. Paul, with introductions and commentary for priests and students, by the Rev. Charles J. Callan, o. p. … V. 2. Ephesians, Philippians, Colossians, Philemon, First and second Thessalonians, Pastorals, and Hebrews.
