2563 4368
1092 4071 99 50 941

142 462 176 64 Flint,
345 459 190 55 Lewis
563 458 268 66 Herrick,
861 464 171 50 1893-

216 536 328 68 Bobolinks,
574 556 30 33 a
634 536 147 53 book
810 535 65 53 of
902 541 201 48 nature
1135 554 208 49 poems,
1373 536 74 68 by
1479 535 182 53 Lewis
1693 534 177 53 Flint.
145 532 1963 152 Philadelphia,

419 616 120 65 Pa.,
569 615 213 68 Poetry
810 612 337 71 publishers,
1180 617 149 52 1932.

214 690 82 41 103
327 700 42 38 p.
429 689 144 39 21½ᶜᵐ.

214 746 161 39 “First
409 744 225 42 edition.”

151 798 49 52 ©
228 803 126 39 June
379 803 39 47 1,
446 801 140 47 1932;
615 801 67 42 2c.
710 802 95 39 and
833 800 81 41 aff.
943 801 126 40 June
1097 800 80 47 16;
1209 801 41 39 A
1276 799 170 48 51791;
1478 800 47 39 L.
1557 801 58 39 H.
1646 798 145 49 Flint,
1822 797 312 51 Alexandria,

214 860 82 38 Va.
368 858 278 48 (32-16544)

141 957 201 62 Foust,
373 955 212 56 Juana.

208 1031 223 53 Prairie
478 1032 300 67 chronicle,
825 1032 71 67 by
946 1032 190 53 Juana
1184 1031 194 53 Foust.
1462 1031 136 53 New
1650 1030 177 67 York,
1875 1029 259 68 London,

139 1108 68 56 G.
236 1110 64 52 P.
330 1108 293 55 Putnam’s
653 1128 145 46 sons,
830 1112 149 50 1932.

207 1182 613 49 4 p. l., 3-248 p. 19½ᶜᵐ.
147 1235 51 52 ©
234 1240 125 40 June
392 1240 68 46 17,
495 1238 140 48 1932;
671 1240 67 39 2c.
775 1239 124 40 June
933 1238 82 47 24;
1054 1238 81 41 aff.
1172 1239 128 40 June
1331 1237 82 47 22;
1452 1239 40 38 A
1527 1237 169 48 52839;
1736 1239 44 40 J.
1815 1237 114 41 D’A.
1967 1238 164 47 Foust,

215 1297 221 48 Chicago.
507 1295 278 49 (32-16439)

141 1394 270 65 Garnett,
441 1392 208 66 David,
682 1397 170 50 1892-

210 1471 56 53 A
296 1470 189 53 rabbit
512 1470 59 53 in
601 1471 95 53 the
726 1470 85 52 air;
872 1476 157 48 notes
1063 1471 152 53 from
1246 1490 30 33 a
1309 1470 166 68 diary
1505 1470 138 68 kept
1672 1470 168 54 while
1870 1471 263 68 learning

141 1555 58 46 to
236 1549 208 52 handle
482 1567 72 33 an
591 1548 318 67 aeroplane,
946 1548 75 67 by
1057 1548 193 53 David
1290 1549 259 54 Garnett.
1624 1549 256 67 London,
1920 1548 211 55 Chatto

140 1631 45 49 &
213 1627 260 67 Windus,
505 1630 150 50 1932.

211 1700 63 47 ix,
303 1699 86 40 117
416 1710 44 37 p.
518 1698 127 41 illus.
706 1697 147 44 19½ᶜᵐ.

147 1752 1987 52 © 1c. June 2, 1932; A ad int. 18474; pubd. Apr. 7; D. Garnett, St. Ives,
216 1813 173 48 Hants,
419 1813 233 48 England.
725 1812 280 48 (32-17167)

141 1903 261 65 Garrett,
434 1902 200 65 Garet,
667 1903 171 55 1878-

209 1979 55 53 A
296 1979 204 52 bubble
533 1979 127 52 that
694 1979 172 52 broke
900 1979 95 52 the
1029 1978 198 68 world,
1259 1979 75 68 by
1368 1977 177 55 Garet
1580 1978 250 55 Garrett.
1902 1980 232 67 Boston,

142 2058 191 67 Little,
362 2057 229 66 Brown,
620 2057 112 52 and
761 2074 296 50 company,
1089 2058 149 51 1932.

211 2129 643 51 6 p. l., [3]-178 p. 19½ᶜᵐ.
212 2188 157 38 “Most
398 2187 52 38 of
480 2187 81 38 the
592 2188 180 37 matter
802 2187 50 38 in
882 2185 99 40 this
1012 2186 122 39 book
1167 2187 89 38 has
1287 2187 242 45 appeared
1560 2186 49 39 in
1642 2187 81 38 the
1757 2185 245 49 Saturday
140 2196 1978 95 evening

280 2245 108 46 post
415 2242 175 48 during
616 2243 81 39 the
724 2242 97 39 last
849 2243 171 38 twelve
1047 2240 530 42 months.”—Author’s
1603 2244 124 38 note.
1784 2242 125 41 June
1937 2244 39 46 1,
2005 2240 128 43 1932.

149 2296 51 52 ©
233 2301 125 39 June
389 2300 40 46 6,
461 2298 139 47 1932;
634 2298 65 41 2c.
733 2300 94 38 and
861 2298 80 40 aff.
976 2299 127 39 June
1134 2298 81 48 16;
1250 2300 40 37 A
1323 2298 169 47 51798;
1529 2299 52 40 G.
1618 2299 210 47 Garrett,
1864 2299 271 46 Tuckahoe,

215 2357 56 39 N.
299 2358 43 39 J.
413 2355 277 49 (32-16428)

143 2447 248 64 Godber,
425 2445 166 57 Noël.

211 2524 160 67 Keep
413 2523 47 52 it
503 2522 173 53 dark!
755 2523 90 67 By
887 2523 142 52 Noël
1072 2521 244 55 Godber.
1391 2524 257 66 London,
1689 2524 56 53 J.
1786 2525 181 65 Long,
142 2523 1969 131 limited

293 2603 171 65 [1932]

211 2673 615 50 4 p. l., 13-287 p. 19ᶜᵐ.
150 2727 1984 52 © 1c. June 11, 1932; A ad int. 16516; pubd. Apr. 14; N. Godber, London.
228 2787 278 49 (32-16675)

145 2878 237 63 Goguel,
413 2876 278 66 Maurice,
725 2881 170 51 1880-

275 2953 1856 70 … Jésus et les origines du christianisme … t. 1. La vie de
143 3034 181 53 Jésus.
400 3032 183 68 Paris,
609 3034 203 67 Payot,
842 3035 150 51 1932.

218 3106 1357 49 2 p. l., [7]-586 p. 23 ᶜᵐ . (Bibliothèque historique)
217 3161 345 48 Bibliography:
619 3172 42 30 v.
691 3162 40 47 1,
758 3172 45 37 p.
849 3160 174 51 [13]-15.

152 3215 1510 53 © Mar. 10, 1932; 1c. May 9; A— Foreign 16817; Payot.
230 3275 278 48 (32-16729)

147 3367 251 64 Gordon,
433 3366 157 57 Saul.

218 3441 278 54 Gordon’s
536 3441 273 54 standard
849 3443 303 51 annotated
1194 3442 177 52 forms
1411 3442 61 52 of
1513 3450 332 60 agreement,
1883 3441 74 69 by
1997 3441 138 55 Saul

147 3517 1573 69 Gordon … New York, Prentice-Hall, inc., 1932.
215 3588 680 49 xlii p., 1 l., 1300 p. 25 ᶜᵐ .
155 3644 51 52 ©
239 3649 124 39 June
394 3649 26 39 7,
522 3647 81 42 1932;
637 3648 67 39 2c.
735 3649 94 39 and
862 3647 80 41 aff.
975 3649 125 39 June
1132 3649 80 46 20;
1247 3649 40 38 A
1319 3649 168 47 52663;
1527 3650 43 40 S.
1605 3650 206 47 Gordon,
1845 3651 117 38 New
1993 3648 142 41 York.

232 3704 278 48 (32-16524)

147 3792 260 65 Haynes,
438 3793 229 63 Carlyle
695 3794 290 64 Boynton,
1016 3798 170 50 1882-

217 3869 123 52 The
371 3868 117 69 gift
521 3868 65 54 of
620 3869 315 68 prophecy;
971 3870 96 52 the
1100 3871 266 69 teaching
1399 3871 64 53 of
1496 3871 95 53 the
1626 3870 166 54 Bible
1827 3870 310 69 regarding

150 3946 92 52 the
282 3946 155 53 voice
477 3946 64 53 of
580 3945 128 55 God
749 3964 208 52 among
993 3946 112 55 His
1147 3948 200 68 people
1390 3947 152 53 from
1582 3949 96 53 the
1718 3947 314 70 beginning
2071 3945 65 55 of
