2563 4368
1406 4036 63 50 16

510 548 196 39 London
735 546 180 40 edition
953 545 150 47 (John
1132 542 155 47 Lane)
1324 545 89 38 has
1441 543 109 40 title;
1605 544 147 37 Boom
1783 541 49 38 in
1861 536 209 42 Florida.

453 615 48 52 ©
530 620 107 39 Jan.
666 618 39 47 5,
733 617 111 41 1932;
901 618 66 40 2c.
995 618 94 39 and
1117 616 81 40 aff.
1227 616 109 41 Jan.
1365 615 28 39 6;
1447 614 39 39 A
1511 613 147 40 45790;
1712 611 169 40 Alfred
1910 610 60 40 H.
1999 607 141 47 King,
2171 606 88 40 inc.

527 674 220 50 (32-789)

449 779 300 65 Wharton,
778 782 138 52 Mrs.
949 778 181 54 Edith
1161 776 279 55 Newbold
1479 774 236 68 (Jones)
1756 777 167 51 1862-

574 848 1844 78 … The age of innocence; edited by Orton Lowe … New
444 932 1266 71 York, D. Appleton and company [ ᶜ19 32 ]
514 1009 1401 53 xiv p., 1 l., 376, [1] p. 18½ᶜᵐ. (Half-title; Appleton
1944 1006 195 39 modern
2168 1004 254 41 literature
445 1071 174 47 series)

514 1128 62 40 At
605 1129 124 38 head
758 1127 51 40 of
836 1126 107 41 title;
1000 1126 149 39 Edith
1175 1126 250 40 Wharton.

452 1194 51 52 ©
526 1199 108 39 Jan.
659 1199 39 45 8,
722 1197 112 40 1932;
886 1197 66 40 2c.
976 1198 95 39 and
1093 1196 80 40 aff.
1199 1197 108 40 Jan.
1331 1196 52 38 11;
1438 1195 41 38 A
1500 1192 142 41 45923;
1696 1192 56 41 D.
1777 1191 236 48 Appleton
2038 1189 35 40 &
2097 1198 67 31 co.
2242 1185 51 52 [©
2319 1201 105 29 new

517 1257 193 45 matter]
782 1253 247 48 (32-1073)

446 1358 324 67 Whitaker,
799 1360 231 53 Arthur
1055 1361 268 62 Preston,
1354 1364 168 49 1895-
1731 1357 83 53 ed.
1842 1357 113 54 and
1982 1362 68 47 tr.

512 1435 343 55 Documents
897 1435 246 69 relating
1181 1441 58 47 to
1280 1436 94 51 the
1414 1432 350 55 commercial
1806 1432 188 68 policy
2036 1429 64 54 of
2142 1430 180 68 Spain
2364 1430 59 53 in

443 1515 96 51 the
582 1513 281 67 Floridas,
908 1513 140 52 with
1092 1512 308 53 incidental
1445 1510 283 54 reference
1771 1516 58 46 to
1873 1507 325 68 Louisiana,
445 1514 1954 128 translated
633 1592 111 51 and

780 1586 1644 71 edited by Arthur Preston Whitaker … De Land,
445 1667 118 52 The
589 1666 235 53 Florida
851 1671 144 48 state
1019 1666 291 53 historical
1336 1665 225 68 society,
1592 1666 148 50 1931.

514 1744 1908 53 lxii p., 1 l., 277, [1] p. front. (port.) maps, facsim. 25½ᶜᵐ. (Added
448 1804 95 47 t.-p.:
595 1804 329 40 Publications
955 1804 50 39 of
1035 1804 81 39 the
1145 1803 195 40 Florida
1372 1805 127 37 state
1529 1802 251 40 historical
1810 1802 194 47 society,
2035 1813 73 29 no.
2143 1800 78 47 10)

516 1861 181 39 “Three
730 1861 218 38 hundred
982 1861 96 38 and
1111 1859 130 47 sixty
1274 1858 158 48 copies
1464 1858 51 40 of
1548 1858 98 40 this
1677 1859 122 38 book
1832 1859 123 38 have
1989 1859 116 38 been
2140 1858 190 47 printed
2365 1859 59 47 by

446 1914 1928 49 the Yale university press at the printing office of E. L. Hildreth & co. …
445 1972 117 40 This
588 1972 42 39 is
657 1982 75 30 no.
758 1973 84 38 out
870 1971 51 40 of
947 1970 192 41 series.”

517 2027 209 48 Spanish
751 2029 95 38 and
875 2026 215 48 English.

516 2082 436 49 “Bibliographical
982 2081 140 41 note”;
1183 2093 43 37 p.
1261 2082 214 49 [lx]-lxii.

452 2150 51 52 ©
537 2155 109 39 Dec.
679 2154 68 47 31,
781 2153 139 46 1931;
954 2153 65 40 2c.
1054 2153 109 41 Jan.
1197 2153 38 46 7,
1268 2151 139 43 1932;
1443 2151 81 43 aff.
1557 2152 107 40 Jan.
1698 2152 51 47 6;
1787 2152 39 39 A
1859 2152 169 48 45906;
2068 2152 196 41 Florida
2299 2154 125 38 state

519 2211 252 39 historical
805 2210 194 46 society,
1036 2210 200 45 Deland,
1272 2210 101 38 Fla.
1443 2208 247 48 (32-1266)

446 2300 303 66 Williams,
780 2303 122 51 Ben
934 2302 200 63 Ames,
1168 2305 169 50 1889-

514 2376 1908 71 Honeyflow, by Ben Ames Williams … New York, E. P.
445 2454 222 53 Dutton
699 2457 45 50 &
771 2473 97 49 co.,
898 2455 125 66 inc.,
1055 2456 148 50 1932.

513 2534 270 48 470 p. 20 ᶜᵐ.
517 2589 1906 50 “First printing, January, 1932 … seventh printing, January, 1932.”
453 2657 51 51 ©
534 2661 108 39 Jan.
673 2662 38 46 1,
740 2660 113 40 1932;
910 2660 67 40 2c.
1007 2662 94 38 and
1131 2661 81 39 aff.
1243 2662 108 40 Jan.
1381 2662 26 39 6;
1465 2663 40 38 A
1532 2663 143 40 45800;
1735 2664 52 38 B.
1819 2664 52 38 A.
1904 2663 255 48 Williams,
2192 2663 236 40 Chestnut

522 2717 116 47 Hill,
674 2719 143 38 Mass.
889 2718 219 48 (32-766)

446 2810 288 64 Xanders,
765 2812 137 52 Mrs.
933 2811 270 54 Amanda
1232 2812 187 62 Lydia
1456 2812 289 66 (Laucks)

514 2885 243 68 History
786 2885 64 52 of
878 2886 95 53 the
1004 2885 228 68 Smyser
1262 2887 204 69 family
1494 2888 59 52 in
1584 2889 281 67 America,
1898 2888 329 68 September
2259 2887 170 52 1731-

449 2962 328 67 September
813 2966 150 63 1931,
995 2963 75 68 by
1102 2963 262 53 Amanda
1401 2965 184 66 Lydia
1618 2966 533 52 Laucks-Xanders.
2251 2964 177 55 [York,

446 3039 1089 69 Pa., York printing company, ᶜ 1931]
516 3121 85 39 260
634 3132 42 36 p.
708 3120 110 41 incl.
850 3121 86 40 col.
969 3122 133 38 coats
1135 3121 52 40 of
1218 3132 143 30 arms,
1421 3124 168 46 plates,
1623 3126 147 46 ports.
1830 3124 56 40 28½ᶜᵐ.

516 3177 127 39 Title
669 3176 213 48 vignette
919 3175 130 47 (coat
1078 3177 51 39 of
1156 3177 154 47 arms)

520 3232 239 40 “Minutes
797 3232 50 39 of
885 3233 82 38 the
1002 3232 271 39 centennial
1311 3234 306 46 celebration,
1656 3236 110 39 held
1804 3237 60 45 by
1901 3235 82 39 the
2020 3235 319 38 descendants
2376 3234 51 40 of

449 3288 81 41 the
571 3289 130 39 elder
745 3287 237 40 Matthias
1028 3287 204 48 Smyser,
1277 3289 113 46 May
1430 3289 99 47 3rd,
1573 3289 126 48 1845,
1742 3302 60 28 on
1845 3291 80 39 the
1967 3290 129 38 farm

2139 3288 52 40 of
2234 3289 190 40 Samuel

450 3345 205 46 Smyser,
685 3343 50 39 in
764 3344 134 40 West
927 3344 306 39 Manchester
1263 3343 253 48 township,
1544 3345 130 40 York
1703 3356 81 37 co.,
1816 3345 110 40 Pa.”
1956 3345 106 40 first
2094 3344 253 48 published
2378 3345 48 39 in

448 3400 112 40 1852;
619 3410 43 37 p.
709 3399 232 48 [203]-212.

456 3466 1971 52 © Dec. 19, 1931; 2c. and aff. Jan. 5, 1932; A 46713; A. L. L. Xanders,
523 3527 143 45 York,
695 3526 81 38 Pa.
846 3524 220 48 (32-562)

449 3619 172 63 Yore,
650 3616 280 65 Clement,
960 3618 168 53 1875-

445 3691 1952 146 The six-gun code, by Clem Yore … New York, The Macaulay company [ ᶜ 1932]
516 3847 271 48 320 p. 19 ½ ᶜᵐ.
458 3915 51 52 ©
541 3919 108 40 Jan.
680 3918 40 47 2,
752 3917 137 41 1932·
922 3917 66 41 2c.
1021 3918 107 39 Jan.
1160 3917 51 45 6;
1247 3917 79 40 aff.
1360 3918 108 40 Jan.
1501 3918 51 46 5;
1586 3918 41 38 A
1657 3918 169 51 46748;
1863 3922 48 41 C.
1945 3923 136 46 Yore,
2116 3922 139 38 Estes
2288 3919 141 39 Park.

525 3975 96 39 Col.
692 3974 196 40 (32-660)
