2563 4368
1022 4073 134 50 1635

179 526 102 48 lxii,
313 525 84 42 223
428 539 43 37 p.
532 527 144 41 19½ᶜᵐ.

189 583 132 41 First
344 584 254 48 published
623 584 49 39 in
697 583 195 48 Harper
909 594 22 30 s
956 584 197 48 weekly,
1180 584 274 41 1913-1914.
1509 586 61 48 cf.
1597 587 130 40 Pref.

181 640 209 50 “Eighth
422 641 259 49 printing.”

113 694 51 50 ©
197 699 101 40 Oct.
330 700 68 45 17,
431 698 139 46 1932;
603 699 67 39 2c.
703 699 96 38 and
831 697 81 41 aff.
947 697 101 41 Oct.
1080 697 54 39 22;
1197 698 40 39 A
1268 699 170 46 55654;
1472 699 50 40 L.
1557 699 55 38 D.
1647 701 252 45 Brandeis,
179 702 1904 99 Washington.
430 753 279 49 (32-31274)

107 857 219 65 Brann,
358 858 239 55 Esther.

175 934 171 52 Yann
388 935 112 52 and
540 934 89 53 his
669 935 204 67 island,
915 936 75 66 by
1031 935 210 52 Esther
1284 937 214 51 Brann.
1573 936 139 53 New
1758 937 176 65 York,
1975 938 120 52 The

102 1010 332 54 Macmillan
463 1030 296 49 company,
788 1016 151 49 1932.

182 1083 1411 50 6 p. l., 141 p. incl. illus., plates, col. front. 22½ᶜᵐ.
176 1141 287 41 Illustrated
499 1142 360 48 lining-papers.

110 1195 52 52 ©
190 1199 101 40 Oct.
316 1198 69 50 25,
412 1199 112 40 1932;
579 1199 66 39 2c.
673 1200 96 39 and
795 1199 80 39 aff.
906 1199 100 39 Oct.
1034 1199 82 46 26;
1145 1199 42 38 A
1211 1199 169 47 56718;
1411 1201 51 39 E.
1491 1201 180 47 Brann,
1700 1200 233 49 Yonkers,
1959 1203 56 41 N.
2043 1205 52 38 Y.

187 1255 279 48 (32-31037)

103 1359 247 66 Brooke,
379 1359 222 64 Gladys
627 1358 211 55 Milton
865 1358 252 65 Palmer,
1144 1360 230 67 dayang
1401 1360 176 53 muda
1604 1361 65 68 of
1695 1362 292 54 Sarawak.

181 1436 121 67 [It’s
335 1437 96 52 the
463 1437 179 65 truth]
681 1437 75 67 by
789 1436 101 52 her
923 1436 269 69 highness
1225 1436 95 53 the
1355 1437 230 69 dayang
1615 1438 173 53 muda
1825 1438 63 53 of
105 1438 1964 130 Sarawak.

321 1515 260 68 Mayfair
609 1520 192 62 stoops
830 1520 58 48 to
918 1514 165 66 folly.

206 1590 61 39 (In
294 1586 199 43 London
521 1585 195 53 People,
744 1587 125 42 Nov.
898 1588 41 48 6,
969 1587 144 48 1932)

108 1643 1987 53 © 1c. Nov. 30, 1932; A ad int. 17161; pubd. Nov. 6; American weekly,
174 1703 104 47 inc.,
307 1704 116 38 New
451 1703 142 39 York.

101 1805 244 66 Brooks,
430 1823 75 37 Van
534 1805 204 66 Wyck,
770 1809 171 52 1886-

172 1881 1921 71 Sketches in criticism, by Yan Wyck Brooks … New York,
102 1961 952 68 E. P. Dutton & co., inc. [ ᶜ1 932]
170 2034 87 41 306
287 2045 44 39 p.
390 2033 147 43 22½ᶜᵐ.

172 2090 161 42 “First
363 2090 227 42 edition.”

105 2146 51 51 ©
187 2150 101 40 Oct.
318 2151 68 46 13,
416 2149 114 41 1932;
587 2149 68 40 2c.
687 2149 100 40 Oct.
818 2150 81 46 17;
932 2148 81 41 aff.
1045 2148 100 41 Oct.
1177 2149 81 46 18;
1290 2149 41 39 A
1361 2148 169 47 56659;
1564 2150 52 38 E.
1648 2150 50 40 P.
1730 2149 187 40 Dutton
1947 2149 35 40 &
2011 2159 82 38 co.,

171 2206 90 39 inc.
332 2205 278 48 (32-31029)

99 2308 262 67 Buchan,
389 2309 174 64 John,
596 2310 169 53 1875-

170 2387 123 52 The
330 2386 185 68 magic
556 2385 441 69 walking-stick,
1036 2386 75 67 by
1152 2385 156 53 John
1350 2385 266 67 Buchan;
1662 2385 140 52 with
101 2385 1967 132 illustrations

276 2464 74 67 by
375 2464 227 52 Arthur
626 2464 66 52 E.
723 2463 232 53 Becher.
1019 2464 215 51 Boston
1262 2463 112 52 and
1402 2463 138 52 New
1569 2462 178 67 York,
1775 2461 319 70 Houghton

97 2542 203 52 Mifflin
330 2559 294 50 company,
659 2545 149 49 1932.

170 2615 1035 49 7 p. l., [3]-176 p. front., plates. 21ᶜᵐ.
105 2668 51 51 ©
189 2672 101 40 Oct.
320 2671 69 48 26,
421 2671 140 47 1932;
594 2671 67 41 2c.
693 2672 118 39 Nov.
843 2672 52 46 3;
931 2670 82 42 aff.
1044 2671 118 41 Nov.
1194 2670 53 47 2;
1281 2671 41 39 A
1353 2670 171 48 56872;
1559 2670 44 40 J.
1635 2670 217 49 Buchan,
171 2671 1903 104 Oxfordshire,

343 2729 234 47 England.
648 2726 278 49 (32-31298)

98 2826 214 64 Burks,
343 2826 233 53 Arthur
605 2825 53 54 J.

166 2902 165 52 Land
366 2900 64 53 of
463 2900 413 54 checkerboard
911 2900 267 68 families,
1211 2900 77 69 by
1319 2900 226 52 Arthur
1580 2899 57 55 J.
1673 2898 207 54 Burks.
1950 2897 140 54 New

99 2978 1115 68 York, Coward-McCann, inc. [ ᶜ1 932]
167 3050 636 49 vi p., 1 l., 278 p. 20½ᶜᵐ.
169 3108 101 40 The
297 3111 135 44 story
458 3108 52 39 of
535 3109 81 39 the
644 3106 217 42 author’s
887 3107 308 47 experiences
1222 3117 54 30 as
1304 3117 27 29 a
1363 3105 185 41 marine
1577 3106 50 39 in
1659 3104 147 41 Santo
1837 3104 251 48 Domingo.

103 3161 51 52 ©
191 3166 102 41 Oct.
327 3167 69 46 14,
432 3165 113 41 1932;
609 3166 66 39 2c.
713 3167 91 38 and
843 3165 81 40 aff.
962 3165 100 40 Oct.
1099 3164 83 47 27;
1221 3165 41 38 A
1296 3163 169 48 55682;
1506 3162 454 46 Coward-McCann,
1997 3163 91 40 inc.

180 3221 278 50 (32-31189)

99 3311 325 56 California
449 3312 282 63 academy
757 3311 64 53 of
846 3309 303 66 medicine,
1177 3312 122 53 San
1321 3310 321 53 Francisco.

167 3388 382 69 Proceedings
585 3387 65 53 of
685 3389 95 52 the
821 3387 324 56 California
1184 3388 269 69 academy
1488 3387 64 53 of
1588 3386 293 66 medicine,
1919 3386 165 65 Mar.,

100 3467 330 68 1931-July,
464 3470 147 49 1932.
714 3466 116 55 [San
863 3467 321 67 Francisco,
1220 3470 150 63 1932]

168 3554 42 34 V,
239 3541 84 40 102
350 3552 43 38 p.
447 3541 171 48 plates,
645 3541 179 48 diagrs.
880 3540 117 41 20ᶜᵐ.

167 3595 224 40 Includes
422 3594 88 40 list
541 3594 53 40 of
625 3594 250 41 members.

103 3651 51 51 ©
187 3654 118 48 Aug.
339 3655 40 41 4,
413 3653 139 47 1932;
588 3654 65 40 2c.
689 3655 96 39 and
817 3653 82 41 aff.
934 3653 101 41 Oct.
1069 3653 82 43 10;
1185 3653 41 39 A
1260 3652 168 47 56283;
1466 3649 271 43 California
1773 3649 231 47 academy
2037 3648 53 41 of

169 3709 246 42 medicine.
446 3709 95 40 San
569 3709 271 40 Francisco.
912 3709 277 47 (32-31138)

99 3795 274 68 Canfield,
404 3799 226 64 George
659 3798 228 65 Folger,
917 3801 171 50 1854-
1299 3797 86 56 ed.

165 3874 170 56 Cases
368 3875 111 53 and
513 3875 162 53 other
705 3875 290 53 materials
1027 3895 71 33 on
1132 3875 222 67 private
1389 3873 407 68 corporations,
1828 3868 258 67 selected,

95 3951 188 55 edited
325 3952 112 53 and
478 3953 281 69 arranged
800 3951 75 69 by
915 3952 222 66 George
1176 3953 66 51 F.
1283 3950 260 57 Canfield
1587 3948 112 55 and
1738 3947 51 54 I.
1829 3945 256 56 Maurice
