2563 4368
1262 4068 133 51 1846

336 449 287 65 Schmidt,
652 450 233 53 Arthur
914 451 266 65 Warren,
1213 453 169 53 1897-

406 528 122 52 The
554 527 394 67 development
972 528 64 52 of
1062 547 31 34 a
1118 526 191 57 state’s
1335 526 299 54 minimum
1660 526 358 55 educational
2044 546 287 52 program,

335 602 1995 73 by Arthur W. Schmidt … New York city, Teachers college,
337 681 299 55 Columbia
665 680 334 69 university,
1029 685 151 51 1932.

405 755 62 47 vi,
496 755 85 40 105
608 765 42 37 p.
681 755 110 39 incl.
821 755 169 47 tables,
1018 754 142 39 form.
1220 753 146 42 23½ᶜᵐ.
1436 752 263 47 (Teachers
1729 755 191 47 college,
1951 754 249 43 Columbia

335 755 1979 104 university.
594 809 364 42 Contributions
986 814 48 37 to
1061 810 270 47 education,
1358 820 74 31 no.
1459 810 110 48 508)

407 868 170 40 Issued
609 869 102 38 also
743 878 54 30 as
831 867 151 40 thesis
1011 867 108 48 (ph.
1150 868 66 47 d.)
1259 867 250 41 Columbia
1543 867 284 49 university.

405 924 374 48 Bibliography:
812 934 42 37 p.
885 922 187 42 99-100.

341 978 50 51 ©
423 982 116 39 Nov.
572 982 54 38 14,
673 981 111 40 1932;
845 980 68 41 2c.
944 981 117 40 Nov.
1094 980 54 40 19;
1211 980 81 40 aff.
1324 981 117 40 Nov.
1473 981 55 38 25;
1591 982 40 38 A
1663 982 170 47 58071;
1866 982 240 40 Teachers
2139 984 191 46 college,

410 1038 248 40 Columbia
688 1037 129 40 univ.
888 1036 279 48 (32-35052)

336 1138 455 68 Schoonmaker,
825 1140 206 54 Edwin
1063 1140 237 66 Davies,
1333 1142 170 55 1873-

407 1215 1861 71 Our genial enemy, France, by Edwin D. Schoonmaker …
337 1295 137 53 New
499 1295 180 56 York.
701 1295 68 53 R.
792 1295 166 68 Long
980 1297 50 50 &
1055 1295 67 53 R.
1150 1295 67 52 R.
1245 1294 207 69 Smith,
1477 1295 126 68 inc.,
1630 1298 150 51 1932.

403 1367 84 47 xii,
517 1367 85 41 238
629 1377 42 38 p.
732 1366 144 40 22½ᶜᵐ.

341 1423 50 51 ©
417 1427 118 39 Nov.
561 1428 67 46 11,
655 1425 139 48 1932;
822 1427 66 39 2c.
915 1427 116 38 Nov.
1058 1426 81 45 16;
1168 1426 81 39 aff.
1275 1426 118 41 Nov.
1420 1427 55 39 17;
1530 1427 40 38 A
1596 1427 142 39 57142;
1795 1428 53 39 E.
1875 1428 56 39 D.
1961 1427 367 47 Schoonmaker,

408 1482 303 42 Woodstock.
738 1484 55 37 N.
821 1484 52 38 Y.
945 1482 278 47 (32-34780)

335 1577 225 67 Tillich,
589 1580 164 64 Paul,
786 1585 170 49 1886-

406 1656 1920 68 The religious situation, by Paul Tillich … translated by H.
338 1733 1895 69 Richard Niebuhr. New York, H. Holt and company [ ᶜ1 932 ]
513 1838 9 17 xxv,
552 1806 84 41 182
665 1818 43 38 p.
770 1807 143 41 19½ᶜᵐ.

341 1860 50 51 ©
423 1865 117 39 Nov.
569 1864 69 40 23.
697 1863 111 47 1932;
840 1865 67 39 2c.
938 1866 94 37 and
1064 1863 81 41 aff.
1176 1864 118 40 Nov.
1323 1863 82 47 25;
1438 1864 43 38 A
1509 1864 169 47 58086;
1712 1865 167 46 Henry
1910 1864 117 40 Holt
2059 1864 35 40 &
2125 1874 81 30 co.,
2240 1864 87 42 inc.

417 1920 278 47 (32-35034)

335 2010 258 65 Trotter,
618 2009 287 65 Reginald
936 2009 246 65 George.

406 2087 121 52 The
579 2085 222 54 British
855 2085 737 69 empire-commonwealth;
1647 2103 31 35 a
1733 2086 172 68 study
1957 2085 60 53 in
2071 2086 257 68 political

336 2162 1992 69 evolution, by Reginald George Trotter … New York, H.
334 2240 803 69 Holt and company [ ᶜ1 932]
406 2313 86 40 viii
531 2324 58 37 p.,
630 2314 26 38 2
731 2344 10 17 l.,
781 2314 144 40 3-131
967 2323 42 38 p.
1070 2312 117 42 19ᶜᵐ.
1257 2313 297 48 (Half-title:
1597 2312 103 41 The
1742 2312 261 41 Berkshire
2049 2313 184 40 studies
2278 2313 50 40 in

335 2369 256 48 European
620 2369 213 48 history)

408 2425 440 48 “Bibliographical
881 2425 166 41 note”:
1083 2435 43 38 p.
1157 2424 216 42 117-121.

343 2480 50 51 ©
426 2485 117 40 Nov.
573 2483 69 47 22,
676 2482 139 48 1932;
850 2484 67 40 2c.
949 2485 94 38 and
1077 2483 81 41 aff.
1192 2484 111 39 Dec.
1337 2484 52 45 1;
1424 2483 41 38 A
1497 2483 141 40 58202;
1702 2484 168 47 Henry
1904 2484 118 39 Holt
2054 2484 37 39 &
2123 2493 81 37 co.,
2239 2484 91 40 inc.

419 2541 279 47 (32-34785)

337 2626 385 66 Underwood,
748 2630 137 52 Mrs.
916 2630 167 51 Edna
1119 2628 365 65 (Worthley)
1522 2628 170 53 1873-
1904 2636 68 46 tr.

406 2707 336 67 Anthology
778 2706 63 54 of
873 2707 266 52 Mexican
1172 2712 160 62 poets
1366 2706 153 53 from
1553 2707 94 52 the
1684 2706 228 53 earliest
1944 2706 164 53 times
2142 2712 58 46 to
2235 2706 95 51 the

337 2789 229 63 present
589 2785 130 67 day,
745 2785 315 52 translated
1086 2785 75 67 by
1189 2785 167 51 Edna
1383 2784 301 68 Worthley
1710 2784 380 53 Underwood.
336 2784 1971 145 Portland,

520 2863 130 66 Me.,
681 2862 119 54 The
830 2862 231 53 Mosher
1091 2880 175 49 press,
1298 2864 149 50 1932.

405 2935 171 48 xxxiii,
603 2936 99 46 331,
735 2937 55 47 [1]
820 2947 42 37 p.
923 2935 116 41 19ᶜᵐ.

342 2988 50 51 ©
426 2993 110 39 Dec.
567 2993 39 46 2,
639 2992 139 46 1932;
812 2993 67 38 2c.
912 2992 110 38 Dec.
1055 2993 53 38 13;
1171 2991 81 41 aff.
1286 2992 108 39 Dec.
1429 2990 81 47 12;
1546 2993 39 37 A
1617 2992 141 39 57462;
1822 2992 53 38 E.
1907 2992 70 38 W.
2013 2990 313 47 Underwood,

407 3049 117 38 New
551 3050 143 38 York.
765 3048 279 47 (32-34922)

337 3136 130 55 Van
494 3136 203 67 Wyck,
727 3136 334 67 Frederick,
1092 3142 170 51 1853-

406 3213 409 55 Recollections
845 3214 64 53 of
939 3234 71 33 an
1042 3216 93 52 old
1170 3217 137 51 New
1341 3216 239 66 Yorker,
1612 3214 308 55 Frederick
1951 3216 129 52 Van
2111 3214 211 68 Wyck;

336 3291 324 54 illustrated
704 3294 75 66 by
823 3293 247 52 Matilda
1115 3295 257 50 Browne.
1449 3294 137 52 New
1631 3292 179 68 York,
1853 3291 318 68 Liveright,
2217 3292 106 52 inc.

342 3374 191 63 [ᶜ1932]

407 3442 97 47 xvi,
532 3442 85 40 421
645 3453 41 37 p.
717 3442 109 40 incl.
854 3442 134 40 front.
1032 3441 171 49 (port.)
1240 3442 127 40 illus.
1427 3442 146 41 24½ᶜᵐ.

409 3498 120 41 Coat
556 3498 51 40 of
636 3509 129 30 arms
793 3509 60 30 on
882 3500 97 46 t.-p.

409 3555 175 40 Covers
615 3557 79 38 the
722 3555 166 47 period
914 3556 129 39 from
1070 3555 115 41 1860
1211 3559 48 37 to
1286 3557 80 39 the
1394 3557 208 46 present.

343 3608 50 51 ©
421 3614 118 39 Nov.
565 3613 68 44 30,
661 3612 111 40 1932;
829 3612 67 40 2c.
924 3613 108 40 Dec.
1062 3614 52 44 8;
1144 3613 81 40 aff.
1255 3614 109 39 Dec.
1393 3615 52 44 7;
1475 3613 41 38 A
1543 3612 168 48 57372;
1742 3612 261 41 Frederick
2029 3613 104 40 Van
2161 3613 164 47 Wyck,

409 3669 117 39 New
552 3670 144 39 York.
766 3668 278 47 (32-34827)

342 3756 215 64 [Ward,
585 3755 232 55 Arthur
845 3755 296 69 Sarsfield]
1176 3763 169 50 1883-

407 3831 119 53 The
554 3831 161 53 mask
744 3832 64 52 of
838 3833 88 52 Fu
956 3833 268 68 Manchu,
1252 3833 76 69 by
1360 3832 117 56 Sax
1507 3834 250 53 Rohmer
1808 3834 214 68 [pseud.]
2092 3832 232 56 Garden

339 3906 152 70 City,
523 3907 69 54 N.
627 3909 90 66 Y.,
749 3910 141 52 Pub.
924 3909 93 54 for
1049 3911 95 52 the
1179 3909 190 55 Crime
1401 3910 146 69 club,
1580 3910 127 71 inc.,
1739 3909 356 70 Doubleday,
2125 3911 198 52 Doran

336 3984 45 50 &
407 4002 297 55 company,
730 3986 126 71 inc.,
887 3988 150 53 1932.
