2563 4368
1024 4042 132 53 1659

82 422 249 66 Hunter,
362 422 173 52 Earle
563 418 208 66 Leslie,
804 423 171 51 1896-

150 498 57 53 A
249 496 358 70 sociological
654 493 248 70 analysis
947 494 63 52 of
1059 492 213 54 certain
1319 498 164 63 types
1531 492 63 52 of
1642 488 353 71 patriotism;
2045 511 31 33 a

82 575 169 69 study
275 576 63 52 of
360 575 212 54 certain
595 571 269 71 patriotic
887 570 290 68 attitudes,
1202 569 376 69 particularly
1604 587 60 35 as
1685 568 153 54 these
1864 585 213 52 appear

82 654 59 51 in
177 653 327 68 peace-time
540 647 401 56 controversies
974 650 60 52 in
1069 649 95 51 the
1199 646 218 55 United
1455 646 205 68 States,
1695 645 75 69 by
1805 645 173 52 Earle
2009 645 64 52 L.

81 726 917 67 Hunter … New York, 1932.
152 796 562 52 2 p. l., [7]-263 p. 21 ᶜᵐ.
150 855 172 42 Thesis
359 856 15 48 (PH.
544 852 335 50 D.)—Columbia
907 852 285 49 university,
1219 851 128 42 1932.

153 913 171 40 Issued
354 913 103 40 also
486 911 120 41 with
635 911 116 41 vita.

152 969 349 49 Bibliography;
559 979 43 38 p.
648 966 234 50 [252]-263.

89 1036 1991 55 © July 6, 1932; 2c. July 11; aff. July 7; A 53048; E. L. Hunter, New
156 1101 144 39 York.
371 1097 278 49 (32-31544)

84 1203 193 64 Ilsley,
309 1201 284 65 Marjorie
626 1202 222 63 Henry,
882 1200 85 53 ed.

152 1281 228 51 Rondes
411 1285 56 46 et
499 1277 214 68 poésies
747 1295 146 50 pour
925 1279 56 51 la
1014 1276 270 67 jeunesse,
1320 1295 30 33 a
1383 1274 148 54 book
1565 1275 63 53 of
1661 1274 225 52 French
1920 1291 155 35 verse

83 1357 239 52 selected
359 1357 112 52 and
506 1355 190 53 edited
732 1353 138 54 with
906 1359 159 48 notes
1099 1354 113 52 and
1247 1373 31 33 a
1312 1354 345 66 vocabulary
1689 1353 76 66 by
1799 1351 278 68 Marjorie

85 1430 1989 71 Henry Ilsley … and J. E. Franconie … illustrations by Helen
83 1511 249 54 Jackson
360 1510 251 54 Walker.
675 1510 140 52 New
846 1508 163 53 York
1038 1510 114 51 and
1178 1509 260 66 London,
1468 1508 232 67 Harper
1728 1511 46 50 &
1801 1508 276 67 brothers,

83 1593 151 49 1932.

156 1661 64 47 xi,
250 1660 84 41 143
360 1673 44 37 p.
461 1660 127 42 illus.
649 1659 145 42 19½ᶜᵐ.

157 1718 162 41 “First
347 1715 227 45 edition.”

92 1786 51 52 ©
181 1790 127 48 Sept.
338 1788 69 48 29,
442 1787 113 41 1932;
619 1788 67 40 2c.
723 1787 127 48 Sept.
884 1787 57 39 29;
1004 1786 81 40 aff.
1121 1786 102 40 Oct.
1258 1786 56 40 26;
1377 1788 42 37 A
1452 1787 145 40 55340;
1659 1788 194 46 Harper
1888 1788 36 39 &
1957 1788 126 41 bros.

169 1845 278 48 (32-25989)

86 1949 430 54 International
547 1948 164 54 Bible
743 1949 278 52 students
1051 1948 376 54 association.

219 2025 1861 70 … Year book, containing report of the year 1932, with daily
87 2112 148 47 texts
281 2107 112 52 and
437 2109 309 50 comments
795 2108 171 63 [1933]
1047 2105 313 69 Brooklyn,
1403 2107 70 52 N.
1519 2107 91 66 Y.,
1650 2107 209 53 Watch
1903 2111 176 48 tower

89 2184 165 52 Bible
298 2185 112 50 and
448 2190 150 45 tract
637 2184 227 67 society,
905 2184 239 66 Peoples
1186 2184 193 67 pulpit
1421 2184 356 66 association,
89 2186 1966 128 International

298 2261 1035 55 Bible students association, ᶜ19 32.
161 2335 694 50 1 p. l., 5-166, [185] p. 18½ᶜᵐ.
95 2402 51 52 ©
180 2407 118 40 Nov.
332 2405 69 48 29,
435 2405 140 47 1932;
612 2406 67 38 2c.
714 2407 96 38 and
844 2404 80 41 aff.
963 2405 111 39 Dec.
1109 2407 52 45 1;
1199 2405 40 38 A
1274 2404 169 47 58159;
1481 2406 174 39 Watch
1691 2409 149 36 tower
1877 2405 140 40 Bible
2051 2406 36 40 &

163 2465 127 38 tract
320 2463 194 47 society.

91 2564 277 65 Kästner,
401 2563 198 66 Erich,
633 2568 172 51 1899-

161 2640 249 66 Fabian;
451 2640 94 53 the
583 2643 155 65 story
776 2640 63 52 of
876 2659 31 33 a
946 2639 274 68 moralist,
1257 2639 74 69 by
1371 2639 176 53 Erich
1585 2640 278 65 Kästner;
96 2645 1966 125 translated
285 2717 148 52 from

473 2717 95 53 the
605 2715 247 54 German
891 2716 75 68 by
1007 2715 184 69 Cyrus
1229 2716 234 54 Brooks.
1539 2716 257 68 London,
1834 2717 53 54 J.
1932 2716 153 69 Cape

98 2797 172 65 [1932]

162 2863 516 50 2 p. l., 7-256 p. 20 ᶜᵐ.
99 2933 1987 54 © 1c. Nov. 1, 1932; A ad int. 16998; pubd. Oct. 24; Dodd, Mead & co.,
166 2993 104 49 inc.,
298 2995 117 39 New
442 2995 143 39 York.
656 2994 278 48 (32-32566)

93 3096 357 66 Kuczynski,
480 3097 221 54 Robert
730 3097 179 66 René,
942 3098 171 55 1876-

165 3173 269 69 Fertility
470 3174 113 53 and
620 3173 429 68 reproduction;
1086 3174 258 53 methods
1380 3174 63 52 of
1480 3173 323 69 measuring
1839 3175 94 53 the
96 3174 1967 131 balance

251 3251 62 51 of
334 3250 185 53 births
542 3251 113 56 and
677 3251 215 67 deaths,
915 3251 74 67 by
1012 3250 212 52 Robert
1247 3251 67 54 R.
1341 3250 343 70 Kuczynski.
1747 3251 134 53 New
1910 3252 176 69 York,

96 3327 67 52 N.
198 3326 89 69 Y.,
316 3327 213 53 Falcon
558 3346 174 49 press,
763 3330 150 49 1932.

162 3397 752 50 3 p. l., 3-94 p. diagrs. 23½ ᶜᵐ.
167 3455 167 40 “Some
365 3455 259 40 literature
654 3466 61 29 on
745 3455 157 40 stable
929 3456 312 47 population”;
1301 3468 43 37 p.
1375 3456 158 42 91-92.

101 3524 51 51 ©
188 3528 99 40 Oct.
321 3528 69 47 25,
424 3526 139 49 1932;
597 3527 67 41 2c.
699 3527 100 40 Oct.
834 3528 81 47 26;
953 3527 80 39 aff.
1069 3528 101 40 Oct.
1203 3528 82 48 27;
1321 3531 41 37 A
1395 3530 183 47 55705;.
1603 3531 179 39 Falcon
1815 3540 148 38 press,
1998 3529 90 40 inc.

179 3585 279 47 (32-31451)

98 3687 184 64 Laux,
311 3687 153 52 John
495 3687 238 65 Joseph,
765 3689 171 54 1878-

167 3762 401 53 Introduction
608 3768 58 48 to
704 3764 96 52 the
840 3763 194 67 Bible;
1075 3765 95 52 the
1209 3770 221 62 nature,
1468 3764 239 69 history,
1748 3764 338 69 authorship

99 3841 113 51 and
252 3845 226 47 content
518 3840 63 53 of
620 3840 95 53 the
755 3840 159 69 Holy
954 3841 166 53 Bible
1160 3842 141 52 with
1342 3843 413 52 commentated
1794 3842 294 54 selections

101 3916 1985 70 from the various books, by Rev. John Laux … with introduc-
