2563 4368
1299 4077 132 51 1638

360 462 563 64 Dobr é e, Bonamy.
428 533 1862 71 William Penn, Quaker and pioneer, by Bonamy Dobrée …
360 617 217 53 Boston
611 616 113 53 and
757 615 139 53 New
929 613 181 68 York,
1142 612 321 70 Houghton
1496 612 204 53 Mifflin
1733 627 299 54 company,
2066 614 150 51 1932.

431 684 1921 54 vi p., 2 l., 346 p. front., illus. (map) pl., ports., geneal. tab. 22ᶜᵐ.
431 742 412 50 Bibliographical
875 743 275 41 foot-notes.

368 811 51 53 ©
455 816 101 41 Oct.
589 816 68 46 11,
692 813 140 49 1932;
867 814 66 40 2c.
970 814 96 39 and
1098 812 82 41 aff.
1215 812 103 41 Oct.
1350 811 83 49 20;
1469 813 41 39 A
1544 812 169 47 55631;
1751 813 53 40 B.
1841 812 200 49 Dobrée,
2077 812 279 48 Harleston,

433 872 220 47 Norfolk,
679 872 235 47 England.
985 868 279 52 (32-31195)

364 974 290 65 Einstein,
685 973 208 56 Isidor.

358 1048 1971 134 Prohibition agent no 1, by Izzy Einstein … with an introduction
628 1126 1727 69 by Stanley Walker … with fifteen reproductions in
356 1204 506 55 black-and-white
895 1205 154 53 from
1082 1204 409 69 photographs.
1559 1205 140 54 New
1732 1204 180 66 York,
1943 1204 310 54 Frederick
2283 1204 71 53 A.

357 1282 200 56 Stokes
589 1301 296 49 company,
916 1285 152 51 1932.

436 1354 1284 50 xxii p., 1 l., 261 p. front., plates, ports. 19½ᶜᵐ.
371 1423 51 52 ©
456 1427 100 41 Oct.
588 1427 69 47 27,
687 1426 113 41 1932;
859 1426 68 41 2c.
959 1428 94 38 and
1086 1427 81 40 aff.
1200 1426 102 41 Oct.
1334 1427 83 47 31;
1450 1427 41 38 A
1522 1427 170 47 56818;
1727 1427 38 40 I.
1799 1426 235 51 Einstein,
2066 1427 117 40 New
2215 1428 144 41 York.

449 1484 279 49 (32-31275)

367 1588 272 63 Footner,
670 1585 272 67 Hulbert,
973 1587 172 55 1879-

438 1665 163 52 Dead
630 1663 179 54 man’s
839 1664 118 67 hat,
985 1664 76 68 by
1091 1663 252 54 Hulbert
1372 1664 264 54 Footner.
1705 1665 137 53 New
1877 1664 162 53 York
2071 1666 112 52 and
367 1665 1970 144 London,
525 1742 232 67 Harper
787 1743 46 50 &
861 1740 277 70 brothers,
1171 1745 150 49 1932.

436 1814 531 50 3 p. l., 299 p. 19ᶜᵐ.
439 1873 40 38 A
505 1872 193 47 Harper
725 1872 162 39 sealed
914 1874 215 45 mystery
1157 1873 134 47 story
1330 1877 66 42 (p.
1423 1871 204 42 259-299
1655 1874 187 47 sealed)

438 1928 162 41 “First
631 1927 226 41 edition.”

374 1980 51 52 ©
459 1985 117 40 Nov.
609 1983 39 48 2,
682 1983 140 46 1932;
856 1983 68 42 2c.
957 1984 118 41 Nov.
1107 1984 53 47 3;
1196 1984 81 39 aff.
1313 1984 115 40 Nov.
1462 1986 53 45 4;
1552 1985 40 38 A
1625 1984 169 49 56891;
1830 1986 59 39 H.
1927 1986 223 48 Footner,
2184 1986 175 48 Lusby,

442 2042 95 39 Md.
608 2039 279 50 (32-31299)

370 2141 234 66 Fraser,
634 2141 245 55 Chelsea
910 2142 220 64 Curtis,
1163 2143 171 55 1876-

436 2218 1921 70 Heroes of the air, by Chelsea Fraser … with forty-three
367 2312 160 51 maps
560 2295 197 53 drawn
789 2295 74 67 by
895 2295 96 53 the
1023 2296 204 53 author
1262 2296 112 53 and
1408 2297 299 67 forty-two
1741 2298 410 68 photographs.
2219 2299 138 53 Rev.

366 2371 1718 72 ed. New York, Thomas Y. Crowell company [ ᶜ1 932]
449 2443 137 49 xxiii,
614 2444 84 40 648
721 2456 42 38 p.
817 2444 164 48 front.,
1009 2445 126 41 illus.
1165 2445 184 49 (maps)
1384 2446 171 49 plates,
1581 2450 150 46 ports.
1785 2447 115 42 21ᶜᵐ.

450 2501 264 41 “Eleventh
740 2501 259 49 printing.”

377 2555 51 51 ©
459 2559 101 40 Oct.
589 2558 69 48 25,
687 2558 140 47 1932;
857 2557 66 41 2c.
955 2558 101 40 Oct.
1085 2559 82 46 28;
1200 2559 82 40 aff.
1314 2559 102 41 Oct.
1446 2559 83 48 27;
1559 2561 43 39 A
1630 2560 169 48 55726;
1833 2562 210 40 Thomas
2073 2563 53 39 Y.
2159 2563 204 41 Crowell

443 2625 66 30 co.
581 2614 279 50 (32-31290)

372 2717 145 65 Gay,
550 2718 259 64 Zhenya.

434 2794 177 51 Town
649 2799 146 61 cats;
836 2814 31 33 a
902 2794 145 53 book
1085 2795 62 52 of
1184 2796 288 67 drawings
1507 2798 74 66 by
1615 2798 229 67 Zhenya
1882 2798 145 67 Gay,
2063 2799 139 53 with
2239 2804 121 48 text

367 2869 75 68 by
477 2870 116 54 Jan
630 2870 144 67 Gay.
846 2871 139 53 New
1024 2871 179 68 York,
1238 2873 72 52 A.
1347 2873 72 53 A.
1457 2874 225 67 Knopf,
1720 2878 151 50 1932.

450 2941 509 50 6 p. l., 48 pl. 26ᶜᵐ.
452 2999 303 47 Descriptive
782 2999 281 48 letterpress
1091 3011 59 29 on
1175 3011 165 30 versos
1365 3001 168 50 facing
1556 3003 170 49 plates.

451 3055 160 41 “First
647 3055 225 41 edition.”

379 3108 51 52 ©
465 3112 102 41 Oct.
602 3112 68 48 15,
703 3111 139 48 1932;
878 3113 65 39 2c.
979 3112 100 40 Oct.
1113 3113 81 47 19;
1228 3113 81 41 aff.
1344 3114 99 40 Oct.
1479 3115 81 47 18;
1595 3120 43 35 A
1667 3115 169 49 55693;
1873 3119 45 37 Z.
1957 3118 118 48 Gay,
2112 3119 89 40 Sea
2235 3119 125 48 Cliff,

447 3169 49 40 L.
523 3170 51 45 I.,
601 3169 55 40 N.
683 3169 53 39 Y.
807 3168 277 47 (32-31284)

375 3268 304 68 Gibbings,
709 3270 239 65 Robert,
980 3275 170 50 1889-

445 3346 240 52 Iorana!
763 3347 55 51 A
870 3345 272 54 Tahitian
1194 3350 228 67 journal
1473 3351 74 69 by
1600 3353 213 52 Robert
1866 3353 299 70 Gibbings,
2219 3356 139 53 with

375 3423 530 69 wood-engravings
930 3424 75 69 by
1028 3426 96 52 the
1149 3428 219 52 author.
1445 3431 215 52 Boston
1684 3435 46 50 &
1753 3432 138 52 New
1918 3432 179 66 York,
373 3433 1964 121 Houghton

500 3501 203 53 Mifflin
733 3519 295 51 company,
1060 3507 149 52 1932.

446 3574 931 49 5 p. l., 157 p. front., illus. 23½ᶜᵐ.
444 3632 287 39 Illustrated
762 3631 346 48 lining-papers
1139 3632 50 40 in
1218 3644 157 37 green.

447 3686 1914 58 “Of this, the first American edition … three hundred and eighty-five
374 3741 173 50 copies,
578 3743 51 40 of
656 3742 157 41 which
842 3744 136 39 three
1007 3745 220 40 hundred
1255 3748 95 38 and
1378 3747 112 48 fifty
1519 3760 84 29 are
1631 3749 181 41 offered
1839 3750 80 40 for
1948 3752 114 47 sale,
2092 3753 124 39 have
2244 3753 116 40 been

377 3798 1984 59 printed … and numbered from 1 to 385. Each copy is signed by the
376 3855 358 42 author-artist.
793 3856 117 41 This
937 3856 43 40 is
1007 3868 75 30 no.
1111 3857 129 42 380.”

381 3907 51 52 ©
461 3913 126 47 Sept.
614 3913 68 48 28,
709 3914 139 46 1932;
875 3914 67 41 2c.
970 3914 100 40 Oct.
1098 3915 52 46 3;
1181 3915 81 41 aff.
1292 3916 100 41 Oct.
1422 3919 52 45 7;
1505 3920 41 37 A
1571 3919 169 48 55719;
1770 3921 54 40 R.
1856 3920 243 51 Gibbings,
2130 3923 229 47 Reading,

447 3969 275 47 Berkshire,
751 3971 234 46 England.
1056 3970 278 49 (32-31161)
