2563 4368
1093 4064 97 49 661

146 453 383 65 Richardson,
560 454 263 51 Norman
853 451 243 65 Egbert,
1129 450 169 55 1878-

215 531 120 53 The
361 529 194 55 Christ
577 528 62 53 of
663 528 93 52 the
779 529 141 52 class
946 544 154 35 room;
1153 526 125 51 how
1303 531 59 48 to
1387 524 159 54 teach
1571 521 344 69 evangelical
146 519 1964 156 Christianity,

410 597 1725 77 by Norman E. Richardson … New ed. New York,
146 684 119 52 The
294 682 331 55 Macmillan
655 699 294 48 company,
981 683 148 49 1932.

214 753 165 47 xxxiv,
409 751 87 42 372
524 762 43 38 p.
628 751 177 48 diagrs.
867 750 144 41 20½ᶜᵐ.

218 809 235 40 “General
481 808 247 40 reference
754 808 122 40 book
901 806 112 42 list”:
1072 818 42 37 p.
1142 805 215 42 363-367.

153 865 51 52 ©
239 869 111 47 Apr.
385 868 68 41 26.
487 866 112 41 1932;
662 867 65 38 2c.
764 867 94 38 and
892 865 81 41 aff.
1007 866 113 47 Apr.
1155 864 55 40 27;
1272 864 40 38 A
1346 863 144 40 51016;
1554 861 281 41 Macmillan
1868 871 67 29 co.

229 925 278 47 (32-11471)

153 1030 260 66 [Rogers,
443 1028 130 53 Alla
603 1028 285 65 Harman]

213 1104 121 53 The
371 1104 222 68 history
630 1104 62 53 of
730 1104 207 53 Mount
975 1105 248 64 Vernon,
1263 1100 309 55 America’s
1614 1099 271 68 patriotic
1924 1098 208 54 shrine.

144 1182 137 53 Rev.
318 1182 85 53 ed.
481 1182 417 67 [Washington,
936 1182 71 51 D.
1047 1181 82 65 C.]
1172 1179 121 53 The
1329 1179 273 53 National
1641 1177 113 53 Art
1788 1176 210 53 service
2036 1195 97 46 co.,

141 1259 126 67 inc.,
321 1263 150 49 ᶜ1932.

213 1331 58 41 27
299 1344 58 37 p.,
389 1332 26 38 2
466 1363 8 8 l.
534 1332 127 41 illus.
722 1330 114 41 23ᶜᵐ.

217 1388 71 41 On
316 1400 141 30 cover:
515 1388 72 48 By
615 1388 110 40 Alla
754 1388 221 40 Harman
1007 1388 195 48 Rogers.

217 1444 286 49 “Drawings
536 1445 51 39 of
621 1443 205 42 interior
859 1444 149 40 views
1041 1444 141 40 made
1217 1444 61 47 by
1314 1442 202 41 Francis
1551 1442 57 40 K.
1645 1442 329 47 Macnerhany
2009 1442 126 39 from

144 1502 330 49 photographs
501 1500 256 42 furnished
788 1502 60 46 by
880 1500 114 41 Leet
1023 1500 139 46 bros.,
1194 1499 121 41 inc.”

154 1556 51 52 ©
237 1561 113 47 Apr.
385 1560 67 45 15,
486 1558 111 41 1932;
660 1558 67 39 2c.
762 1559 94 38 and
891 1556 80 41 aff.
1006 1557 113 47 Apr.
1153 1556 54 40 18;
1270 1556 41 39 A
1345 1555 142 41 50788;
1550 1557 129 39 Natl.
1715 1556 90 40 Art
1840 1554 183 41 service
2057 1565 81 36 co.,

220 1616 88 41 inc.
380 1616 278 48 (32-11553)

149 1719 262 65 Rolland,
448 1717 266 66 Romain,
755 1723 169 50 1866-

280 1784 1854 80 … Jean Christophe, Éd. définitive, n. Paris, A. Michel
155 1878 171 65 [1932]

221 1947 1366 50 511 p., 3 l. 21 ᶜᵐ . (On cover: Œuvres complètes)
153 2001 1712 52 © Apr. 11, 1932; 1c. May 27; A— Foreign 16957; Albin Michel.
148 2107 286 66 Schnack,
465 2107 321 67 Friedrich,
818 2114 171 50 1888-

216 2184 297 54 Sebastian
542 2186 79 52 im
651 2187 167 65 wald,
849 2205 109 33 von
990 2185 300 52 Friedrich
1323 2185 287 65 Schnack;
1642 2184 209 65 edited,
1881 2183 140 53 with

144 2183 1991 147 introduction, notes, and vocabulary, by Felix Wittmer … and
144 2338 1888 68 William Brandt … New York, Prentice-Hall, inc., 1932.
218 2410 1139 50 xiv, 200 p. incl. front. (port.) illus. 19 ᶜᵐ .
220 2467 128 42 “The
380 2469 172 39 second
588 2468 189 42 volume
812 2469 50 39 of
893 2479 28 30 a
957 2469 209 48 ‘Trilogy
1200 2469 52 40 of
1283 2470 82 40 the
1398 2468 126 50 ages’
1571 2469 236 48 (Trilogie
1840 2469 84 41 der
147 2470 1973 103 lebensalter),
362 2526 80 39 the
483 2525 107 40 first
633 2525 189 42 volume
863 2526 50 40 of
954 2525 157 40 which
1155 2526 42 40 is
1240 2526 182 40 Beatus
1464 2527 95 39 and
1605 2525 189 47 Sabine,
1837 2536 28 29 a
1906 2527 140 39 novel
2088 2526 51 41 of

148 2581 270 47 childhood,
446 2583 95 39 and
567 2583 83 40 the
673 2582 148 47 third,
849 2582 90 41 Die
966 2583 130 48 orgel
1122 2583 84 40 des
1233 2582 234 48 himmels,
1494 2593 28 29 a
1550 2583 140 40 novel
1716 2582 51 41 of
1793 2583 77 40 old
1898 2582 130 49 age.”

155 2636 51 51 ©
235 2640 113 47 Apr.
379 2641 67 45 14,
478 2640 112 40 1932;
646 2639 66 41 2c.
743 2640 111 47 Apr.
887 2639 55 40 28;
1001 2639 81 41 aff.
1114 2639 110 48 Apr.
1256 2639 55 40 27;
1371 2639 39 39 A
1442 2640 142 39 51040;
1645 2638 372 49 Prentice-Hall,
2049 2639 90 40 inc.

227 2692 69 54 [©
327 2697 207 46 preface,
570 2695 343 47 introduction,
947 2699 150 44 notes,
1133 2697 306 48 vocabulary,
1475 2696 317 49 illustration]
233 2753 277 47 (32-11485)

150 2842 218 65 Seldes,
400 2842 243 66 Gilbert,
677 2848 171 50 1890-

217 2917 1922 71 Against revolution, by Gilbert Seldes … New York, The
147 2996 156 53 John
330 2996 131 69 Day
487 3016 278 50 company
798 3001 191 64 [ᶜ1932]

217 3070 58 39 27
303 3080 41 37 p.
405 3069 144 42 19½ᶜᵐ.
619 3071 100 47 (On
746 3080 162 30 cover:
934 3072 99 39 The
1064 3073 127 39 John
1220 3073 107 47 Day
1355 3073 286 47 pamphlets,
1701 3083 74 29 no.
1805 3072 80 45 10)

157 3123 50 51 ©
235 3129 121 41 Mar.
382 3129 68 42 31.
479 3127 112 41 1932;
646 3128 66 41 2c.
740 3130 114 46 Apr.
881 3128 26 40 9;
963 3129 81 41 aff.
1071 3130 112 47 Apr.
1213 3130 27 40 8;
1295 3130 41 39 A
1362 3129 143 40 50655;
1562 3130 53 41 G.
1647 3129 176 48 Seldes,
1852 3130 115 38 New
1996 3128 144 40 York.

232 3184 278 46 (32-11446)

152 3274 252 65 Shanks,
434 3275 193 54 Lewis
653 3274 228 66 Piaget,
912 3277 169 54 1878-

216 3350 245 54 Anatole
502 3352 234 64 France,
776 3353 95 52 the
913 3352 155 54 mind
1114 3354 111 52 and
1266 3355 95 52 the
1403 3373 149 45 man,
1593 3354 75 67 by
1706 3354 182 53 Lewis
1929 3354 206 67 Piaget

150 3426 240 54 Shanks.
457 3429 138 51 New
628 3428 160 54 York
822 3431 112 51 and
966 3430 258 67 London,
1257 3432 230 66 Harper
1519 3434 53 50 &
1605 3432 276 65 brothers,
1915 3435 151 49 1932.

221 3500 1069 50 vi p., 1 l., 236 p. front. (port.) 22½ᶜᵐ.
220 3557 159 40 “First
414 3557 225 42 edition.”

158 3609 51 51 ©
234 3614 112 47 Apr.
372 3614 68 48 23,
467 3614 113 40 1932;
634 3615 65 40 2c.
727 3616 93 39 and
848 3614 81 42 aff.
955 3615 112 48 Apr.
1094 3615 58 41 28;
1204 3616 39 39 A
1268 3616 144 41 49735;
1468 3618 48 39 L.
1545 3619 48 37 P.
1625 3618 203 47 Shanks,
1858 3617 279 41 Baltimore.

228 3667 67 51 [©
327 3680 105 29 new
460 3673 94 38 and
586 3671 187 39 revised
804 3673 86 46 ed.]
962 3672 279 48 (32-11489)

153 3758 248 67 Shelley,
430 3759 206 65 Henry
663 3760 262 56 Charles.

152 3834 1959 225 John Underhill, captain of New England and New Netherland, by Henry C. Shelley … New York, London, D. Appleton and company, 1932.
