2563 4368
1207 4050 133 50 1142

256 433 146 66 Doll,
428 431 203 65 Edgar
655 430 242 67 Arnold,
927 434 169 51 1889-

323 497 1861 80 Mental deficiency due to birth injuries, by Edgar A. Doll …
254 575 1994 80 Winthrop M. Phelps … [and] Ruth Taylor Melcher … New
258 665 179 68 York,
465 666 121 52 The
611 662 334 54 Macmillan
973 678 296 51 company,
1300 660 149 52 1932.

329 740 84 39 xiv
447 750 58 37 p.,
541 739 26 38 1
637 767 11 19 l.,
684 736 86 41 289
804 746 43 37 p.
907 735 144 47 illus.,
1087 734 172 48 plates,
1295 732 194 48 diagrs.,
1523 731 119 40 fold.
1678 731 143 39 form.
1878 728 146 40 22½ᶜᵐ.

330 794 376 48 Bibliography:
739 802 44 39 p.
813 791 218 41 277-281.

266 847 53 52 ©
347 852 116 46 July
490 850 69 48 26,
591 849 111 41 1932;
761 847 68 41 2c.
858 848 95 39 and
983 846 82 41 aff.
1095 846 116 47 July
1239 843 83 49 27;
1353 844 40 39 A
1422 844 169 47 53311;
1625 840 280 43 Macmillan
1935 851 67 31 co.

344 906 279 50 (32-19969)

262 1011 235 63 Downs,
526 1008 239 65 Joseph.

330 1085 120 52 The
485 1085 172 53 house
694 1082 63 54 of
791 1083 93 51 the
919 1080 187 55 miller
1144 1087 59 47 at
1236 1079 305 68 Millbach;
1578 1078 96 54 the
1711 1076 388 68 architecture,
2137 1079 117 49 arts

263 1162 112 54 and
415 1161 179 54 crafts
632 1160 63 53 of
733 1160 94 53 the
867 1155 420 72 Pennsylvania
1327 1156 293 68 Germans,
1659 1155 74 68 by
1773 1153 215 70 Joseph
2025 1153 225 53 Downs.

269 1238 441 70 [Philadelphia,
735 1234 281 55 Franklin
1039 1233 263 71 printing
1325 1251 295 51 company,
1702 1235 100 51 ᶜ1929]

336 1309 85 50 [31]
454 1320 42 37 p.
527 1309 110 41 incl.
667 1307 143 51 illus.,
842 1310 154 47 plans.
1163 1339 9 9 30ᶜᵐ.

333 1366 128 41 Title
493 1365 175 42 within
699 1366 305 40 ornamental
1037 1365 188 40 border.

336 1424 116 40 Two
489 1433 159 30 rooms
684 1421 129 42 from
853 1422 82 40 the
975 1420 177 41 Müller
1189 1421 165 47 house,
1393 1420 140 48 given
1571 1421 60 46 by
1671 1420 90 40 Mr.
1800 1420 96 40 and
1934 1419 115 42 Mrs.
2089 1418 166 41 Pierre

266 1482 64 39 du
354 1482 124 38 Pont
501 1480 95 40 and
621 1479 114 41 Mrs.
762 1478 222 41 Lammot
1008 1478 63 39 du
1098 1478 137 47 Pont,
1261 1478 95 40 and
1380 1475 305 49 furnishings
1712 1476 230 49 provided
1968 1478 61 46 by
2053 1476 44 40 J.
265 1476 1975 102 Stogdell

391 1536 171 42 Stokes
587 1536 128 39 from
743 1533 77 42 his
846 1545 106 29 own
981 1533 265 48 collection,
1275 1534 122 41 have
1423 1534 141 39 made
1590 1533 40 41 it
1656 1531 209 51 possible
1892 1533 80 39 for
1999 1534 82 39 the
266 1534 1973 107 Pennsylvania

518 1603 218 29 museum
767 1591 51 39 of
847 1593 80 38 art
957 1592 49 38 to
1038 1600 224 38 preserve
1291 1600 28 29 a
1351 1589 178 48 unique
1560 1590 240 40 ensemble
1832 1590 52 40 of
1915 1591 82 39 the
266 1589 1974 102 architecture

400 1651 95 39 and
520 1651 104 38 arts
650 1648 54 41 of
726 1649 85 40 the
834 1647 209 41 German
1071 1644 229 43 colonists
1326 1647 107 39 who
1459 1656 135 31 came
1620 1649 49 37 to
1698 1645 357 49 Pennsylvania
2082 1644 177 50 during

268 1707 81 40 the
378 1706 109 41 first
516 1706 109 40 half
653 1705 52 41 of
736 1706 80 40 the
849 1704 279 48 eighteenth
1158 1703 216 47 century,
1435 1704 60 48 cf.
1529 1703 274 41 Foreword.

275 1759 1985 55 © N ov . 8, 1929; 2c. July 8, 1932; aff. July 7; A 53279; Pennsylvania
342 1833 218 29 museum
591 1821 53 40 of
674 1822 92 46 art,
799 1818 354 48 Philadelphia.
1224 1816 278 50 (32-19916)

270 1928 264 62 Duncan,
565 1924 158 55 Julia
752 1924 72 55 K.

271 1998 1969 136 … Doris Force at Raven rock, by Julia K. Duncan … illustrated
270 2074 1970 151 by Thelma Gooch. Philadelphia, Henry Altemus company [ ᶜ1 932]
337 2230 63 46 iv,
427 2228 144 41 5-216
597 2239 41 38 p.
692 2227 163 48 front.,
881 2227 170 49 plates.
1106 2225 116 41 20ᶜᵐ.
1286 2225 126 48 (Her
1436 2225 146 41 Doris
1609 2225 153 41 Force
1784 2225 175 50 series)

279 2279 1873 55 © July 26, 1932; 2c. and aff. July 27; A 53282; Henry Altemus co.
357 2341 278 49 (32-19826)

274 2441 373 55 Ecumenical
676 2441 326 56 Methodist
1035 2440 364 55 conference.
1472 2441 118 66 6th,
1617 2440 260 69 Atlanta,
1909 2445 150 53 1931.

346 2520 380 68 Proceedings
760 2518 64 52 of
857 2519 95 53 the
984 2519 154 52 sixth
1172 2518 364 54 Ecumenical
1570 2518 315 55 Methodist
1919 2518 346 67 conference,

279 2599 130 52 held
439 2599 60 52 in
525 2597 227 69 Wesley
778 2597 295 52 memorial
1102 2596 229 69 church,
1359 2596 260 69 Atlanta,
1649 2595 124 70 Ga.,
1803 2595 244 58 October
2151 2599 115 65 16-25,

283 2679 160 65 1931;
473 2676 141 52 with
642 2695 72 33 an
741 2675 389 54 introduction
1156 2676 76 68 by
1258 2674 72 54 A.
1358 2676 56 53 J.
1443 2674 220 69 Weeks,
1691 2674 194 55 James
1914 2675 67 53 R.
2011 2675 112 68 Joy
2154 2676 112 52 and

279 2755 76 53 Η.
383 2756 67 51 B.
473 2753 330 55 Workman.
864 2753 314 68 Nashville,
1203 2752 321 55 Richmond
1575 2758 100 48 [etc.]
1725 2753 346 70 Publishing
2096 2753 170 53 house

281 2829 1543 72 of the Methodist Episcopal church, South [ ᶜ1 932]
505 2937 9 17 xxxvi,
544 2905 84 41 439
660 2917 42 36 p.
760 2905 117 40 22ᶜᵐ.

283 2956 1982 57 © Apr. 1, 1932; 2c. and aff. July 25; A 53268; Lamar & Whitmore,
352 3019 263 40 Nashville.
687 3017 278 52 (32-20108)

281 3121 162 65 Edie,
469 3120 201 54 Lionel
699 3120 319 65 Danforth,
1051 3126 170 50 1893-

350 3194 1853 75 Economics: principles and problems, by Lionel D. Edie …
279 3272 1963 148 2d ed., rev. and reset. New York, Thomas Y. Crowell company [ ᶜ1 932]
420 3457 9 16 xx,
455 3423 86 42 859
567 3433 43 38 p.
671 3422 176 49 diagrs.
912 3423 113 41 24ᶜᵐ.

353 3479 263 42 “Eleventh
641 3478 243 50 printing;
914 3478 106 42 first
1048 3479 218 49 printing
1290 3479 53 41 of
1369 3481 172 40 second
1570 3479 198 43 edition.”

354 3533 431 51 “Supplementary
811 3534 253 48 readings”
1091 3537 52 39 at
1166 3537 92 39 end
1283 3535 54 42 of
1357 3537 118 40 each
1501 3536 214 48 chapter.

290 3586 1978 58 © July 28, 1932; 2c. Aug. 2; aff. July 30; A 54284; Thomas Y. Crowell
356 3660 66 29 co.
492 3648 278 50 (32-20035)

336 3735 278 68 Érenburg,
672 3736 39 52 Īl'i͡a
805 3738 425 64 Grīgor'evīch,
1262 3742 172 52 1891-

351 3813 56 52 A
442 3817 170 48 street
647 3813 59 52 in
740 3813 264 68 Moscow,
1038 3813 77 68 by
1149 3813 129 69 Ilya
1315 3814 406 69 Ehrenbourg;
1760 3815 314 54 translated
2113 3813 154 55 from

283 3890 96 52 the
409 3888 245 55 Russian
687 3889 76 69 by
798 3889 173 55 Sonia
1006 3888 342 55 Volochova.
1421 3891 140 53 New
1595 3891 180 68 York,
1812 3890 213 70 Covici,
2059 3890 207 55 Friede

363 3968 118 65 [ ᶜ1 932]
