2563 4368
1396 4019 67 52 46

433 455 187 67 Spira,
652 456 244 67 George,
929 461 171 50 1892-

498 545 119 52 The
643 545 155 69 road,
824 564 30 33 a
881 561 257 36 romance
1164 544 61 53 of
1250 544 92 52 the
1369 542 347 69 proletarian
1742 540 335 65 revolution,
2103 539 72 68 by
2204 538 218 69 George

430 622 222 53 Marlen
697 621 227 70 (Spiro)
1003 622 136 52 New
1176 621 177 66 York,
1384 620 123 52 Red
1540 626 119 48 star
1692 635 170 51 press,
1899 620 149 48 1932.

536 704 371 48 x, 623 p. 21 ᶜᵐ .
441 768 1982 54 © Nov. 20, 1931; 2c. and aff. Jan. 14, 1932; A 46878; G . M. Spiro, New
507 832 142 38 York.
721 830 249 48 (32-1751)

433 965 344 66 Stevenson,
811 969 227 50 Burton
1072 966 244 66 Egbert,
1351 967 171 53 1872-
1733 982 178 51 comp.

503 1058 158 68 Days
694 1059 113 51 and
839 1058 184 66 deeds,
1055 1075 31 34 a
1117 1057 147 52 book
1294 1055 64 54 of
1389 1074 155 34 verse
1579 1054 93 53 for
1704 1053 302 54 children’s
2040 1053 239 69 reading
2311 1054 111 52 and

433 1134 292 69 speaking,
758 1134 281 67 compiled
1070 1134 75 68 by
1177 1135 222 50 Burton
1431 1133 66 51 E.
1535 1131 308 55 Stevenson
1877 1131 112 52 and
2022 1131 299 53 Elizabeth
2357 1133 66 51 B.

437 1207 1987 71 Stevenson. New ed., rev. and enl. … Garden City, N. Y.,
434 1288 353 69 Doubleday,
814 1288 198 52 Doran
1039 1289 45 50 &
1110 1305 295 50 company,
1433 1287 124 66 inc.,
1587 1288 149 49 1931.

504 1369 799 49 xxviii p., 2 l., 3-501 p. 21½ ᶜᵐ .
507 1440 203 41 “Junior
739 1440 190 41 books.”

506 1497 177 47 Poetry
713 1496 209 48 relating
950 1497 49 39 to
1027 1494 254 41 American
1311 1494 223 48 holidays
1564 1495 93 39 and
1688 1496 49 39 to
1766 1496 137 46 great
1934 1493 296 41 Americans.

443 1565 51 51 ©
524 1569 108 39 Jan.
662 1568 68 48 14,
759 1566 140 48 1932;
929 1566 65 40 2c.
1025 1568 95 38 and
1150 1565 81 41 aff.
1261 1567 108 38 Jan.
1400 1564 54 40 19;
1511 1565 40 38 A
1579 1564 170 46 46973;
1783 1565 53 41 B.
1867 1566 52 38 E.
1952 1565 278 47 Stevenson,
511 1564 1897 107 Chillicothe,

694 1623 134 41 Ohio.
899 1622 249 48 (32-2155)

435 1769 228 63 Stopes,
693 1770 185 53 Marie
910 1768 304 56 Charlotte
1246 1767 382 63 Carmichael,
1661 1773 170 50 1880-

504 1852 155 53 Wise
693 1851 381 67 parenthood;
1111 1851 94 52 the
1237 1849 231 53 treatise
1499 1868 71 33 on
1604 1849 157 52 birth
1795 1849 219 53 control
2050 1848 93 54 for
2174 1849 249 53 married

438 1930 214 67 people.
736 1928 56 52 A
839 1927 274 68 practical
1161 1927 185 67 sequel
1394 1932 57 47 to
1501 1925 289 54 “Married
1838 1926 177 53 love”.
2101 1927 91 68 By
2240 1926 184 53 Marie

439 2003 1419 69 Carmichael Stopes … with an introduction
1897 2003 76 69 by
2012 2003 226 54 Arnold
437 2005 1962 130 Bennett.
641 2082 131 53 18th
799 2083 102 65 ed.,
930 2100 132 50 rev.,
1094 2081 155 53 571st
1276 2080 299 53 thousand.

1640 2081 258 67 London,
1929 2080 68 55 G.
2030 2082 66 51 P.
2128 2082 296 52 Putnam’s

437 2177 127 35 sons
598 2162 171 63 [1932]

509 2236 722 52 xix, 88, [3] p. illus. 19 ᶜᵐ .
508 2307 188 40 “Books
722 2308 360 39 recommended
1108 2308 80 39 for
1215 2306 254 48 reading”:
1514 2307 43 50 [3]
1584 2316 41 39 p.
1655 2309 52 40 at
1734 2308 106 40 end.

445 2371 1638 52 © 1c. Jan. 6. 1932; A ad int. 15940; pubd. Dec. 23, 1931;
2123 2377 154 39 Marie
511 2377 1896 93 Carmichael
744 2431 182 47 Stopes,
953 2431 272 47 Hindhead,
1255 2431 191 48 Surrey,
1473 2433 233 46 England.
1779 2432 248 48 (32-2977)

438 2562 329 66 Tennyson,
797 2563 209 54 Alfred
1034 2565 330 63 Tennyson,
1393 2572 86 48 1st
1509 2568 189 63 baron,
1729 2570 324 50 1809-1892.

507 2653 398 68 Unpublished
946 2653 155 66 early
1142 2671 205 49 poems,
1387 2653 73 66 by
1501 2653 210 52 Alfred
1749 2654 329 67 Tennyson;
2123 2653 188 56 edited
2351 2655 72 66 by

441 2728 1985 71 Charles Tennyson, his grandson. London, Macmillan and co.,
441 2807 235 64 limited,
707 2810 148 48 1931.

507 2875 833 49 xiv p., 1 l., 83, [1] p., 1 l. 26 ᶜᵐ .
509 2944 1148 49 “This edition … consists of 1500 copies.”
447 3016 1979 54 © 1c. Jan. 13, 1932; A ad int. 15966; pubd. Dec. 1, 1931; Macmillan co..
514 3077 116 37 New
660 3075 140 38 York.
872 3072 249 51 (32-3285)

435 3210 207 50 Texas.
716 3209 183 63 Laws,
926 3210 255 62 statutes,
1210 3212 99 46 etc.

509 3295 374 69 Supplement
919 3301 57 45 to
1011 3296 97 52 the
1146 3299 132 49 1928
1317 3298 292 67 Complete
1645 3301 181 51 Texas
1863 3306 257 62 statutes,
2157 3302 266 67 covering

437 3376 97 51 the
571 3376 136 52 laws
745 3374 62 51 of
847 3392 31 33 a
915 3375 228 65 general
1181 3378 202 48 nature
1419 3377 231 51 enacted
1688 3382 60 47 at
1783 3379 97 51 the
1916 3383 122 49 41st
2075 3379 347 68 legislature,

440 3454 131 49 1929
618 3450 257 68 (regular
906 3450 209 53 session
1149 3452 111 50 and
1295 3449 122 54 first
1451 3459 58 46 to
1543 3453 159 53 third
1738 3457 179 51 called
1952 3458 265 67 sessions)
2301 3460 122 49 41st

437 3528 344 68 legislature,
821 3531 132 48 1930
1003 3528 227 67 (fourth
1269 3530 111 50 and
1418 3527 135 54 fifth
1592 3534 178 50 called
1809 3534 265 68 sessions)
2125 3536 112 51 and
2273 3535 149 52 42nd

437 3605 345 69 legislature,
820 3608 132 47 1931
1001 3606 257 67 (regular
1290 3606 226 68 session,
1551 3606 123 55 first
1710 3611 113 51 and
1858 3614 202 51 second

2098 3614 181 51 called
437 3631 1961 117 sessions)
650 3680 139 53 with
810 3682 151 51 table
984 3683 63 50 of
1069 3682 209 52 session
1301 3685 136 50 laws
1462 3686 110 50 and

1595 3686 185 52 index.
1856 3690 225 52 Kansas
2107 3691 152 66 City,
436 3693 1965 117 Vernon
575 3761 110 49 law
711 3758 146 52 book
884 3777 96 47 co.,
1010 3762 148 48 1931.

512 3843 46 35 x,
590 3830 84 41 799
705 3842 42 36 p.
806 3831 143 40 27½ᶜᵐ.

450 3897 50 53 ©
524 3901 111 40 Dec.
659 3900 69 47 12,
750 3899 111 41 1931;
914 3900 66 41 2c.
1005 3902 94 38 and
1123 3901 81 40 aff.
1229 3901 109 39 Jan.
1363 3903 67 47 14,
1455 3902 112 40 1932;
1621 3904 40 39 A
1683 3905 141 39 47001;
1879 3907 189 40 Vernon
2094 3910 95 37 law
2212 3909 123 39 book
2359 3920 65 28 co.
