2563 4368
1124 4084 135 55 1577

201 457 304 66 Adelphus
535 461 238 64 Joseph,
876 460 177 66 brother,
1087 462 169 50 1891-

270 534 1858 72 General college chemistry, by Brother Adelphus Joseph …
200 616 137 52 New
365 614 179 67 York,
572 613 264 54 Allerton
865 631 173 50 press,
1066 613 125 67 inc.,
1223 615 150 50 1932.

270 685 945 50 5 p. l. , 437 p. illus., diagrs. 22½ ᶜᵐ .
269 742 174 41 Tables
470 754 60 28 on
555 744 91 39 end
673 742 361 47 lining-papers.

272 798 347 41 “References”
645 801 52 37 at
720 800 91 39 end
838 798 52 40 of
914 799 125 39 most
1065 796 51 41 of
1142 797 82 40 the
1251 797 240 47 chapters.

205 852 1987 51 © Oct. 2, 1932; 2c. Oct. 8; aff. Oct. 10; A 56416; Allerton press, inc.
281 913 278 47 (32-29874)

200 1001 188 65 Alter,
415 1004 52 52 J.
500 1003 170 63 Cecil,
703 1003 171 54 1879-

270 1080 176 57 Utah,
477 1082 94 51 the
605 1080 210 52 storied
848 1079 248 55 domain,
1130 1099 29 33 a
1195 1080 406 55 documentary
1634 1079 221 54 history
1889 1079 62 53 of
1984 1079 204 55 Utah’s

201 1159 257 52 eventful
494 1176 204 38 career,
736 1158 349 68 comprising
1121 1159 96 51 the
1254 1158 268 68 thrilling
1557 1164 156 60 story
1751 1158 62 52 of
1848 1159 102 51 her
1987 1159 202 66 people

201 1236 151 52 from
389 1238 92 51 the
517 1237 239 52 Indians
791 1237 62 54 of
890 1238 300 68 yesterday
1224 1243 58 46 to
1320 1238 92 51 the
1450 1237 413 52 industrialists
1899 1237 63 53 of
1997 1238 192 68 today,

200 1316 1796 68 by J. Cecil Alter … Utah biography (gratuitously
200 1317 1963 224 published) by special staff of writers … volume II, III … Chicago and
538 1474 137 51 New
721 1474 178 54 York,
942 1474 119 51 The
1106 1473 303 52 American
1453 1473 295 54 historical
1791 1474 228 57 society,
2063 1474 125 67 inc.,

202 1555 148 49 1932.

271 1626 25 38 2
323 1638 40 27 v.
418 1627 164 47 front.,
611 1627 127 38 illus.
769 1626 133 47 (incl.
929 1625 161 48 maps)
1127 1626 169 47 plates,
1325 1628 149 45 ports.
1530 1626 146 40 26½ᶜᵐ.

204 1680 1969 99 © Oct. 27, 1932; 2c. each Oct. 31; aff. Nov. 14; A 55755; Amer. historical
468 1738 195 48 society,
689 1739 92 40 inc.

198 1820 273 54 Arizona,
546 1824 277 65 Supreme
853 1827 176 48 court.

269 1898 1918 69 Report of cases argued and determined … from March 2,
200 1981 151 48 1931.
401 1984 57 46 to
510 1977 330 68 September
889 1981 84 52 25,
1026 1981 147 48 1931.
1250 1977 161 53 Alice
1459 1980 80 51 M.
1592 1978 272 54 Birdsall.
1914 1982 272 64 reporter,

198 2073 48 32 v.
283 2060 81 49 38.
442 2055 117 55 San
593 2056 321 60 Francisco,
949 2056 584 69 Bancroft-Whitney
1568 2074 297 50 company,
1902 2059 148 49 1932.

267 2130 171 47 xxxiii,
468 2131 84 39 617
581 2140 43 39 p.
681 2130 144 41 22½ᶜᵐ.

202 2183 1989 51 © Nov. 15, 1932; 2c. and aff. Nov. 21; A 57157; Alice M. Birdsall, for the
270 2242 173 41 benefit
470 2243 51 39 of
546 2243 81 39 the
653 2245 126 37 state
807 2243 50 39 of
883 2241 222 42 Arizona.
1132 2241 230 41 Phoenix.
1391 2241 127 41 Ariz.

197 2319 212 65 Baker,
444 2318 154 55 Olaf.

267 2394 231 54 Buffalo
542 2396 202 67 Barty,
785 2395 76 67 by
906 2394 141 55 Olaf
1091 2395 217 66 Baker;
1355 2395 324 53 illustrated
1723 2395 75 67 by
1840 2394 347 68 Remington

199 2471 291 69 Schuyler.
554 2472 140 53 New
722 2472 180 67 York,
929 2472 189 67 Dodd,
1145 2473 170 52 Mead
1344 2476 46 49 &
1418 2491 279 48 company
1731 2476 192 63 [ᶜ1932]

270 2544 1030 50 vii p., 1 l., 267 p. front., plates. 21 ᶜᵐ .
204 2599 1983 51 © Oct. 14, 1932; 2c. and aff. Oct. 19; A 56589; Dodd, Mead & co., inc.
279 2658 278 49 (32-29904)

198 2733 228 66 Benoit,
458 2734 290 64 Fernand,
782 2738 170 50 1892-

329 2809 1829 70 … Avignon au double visage; avant-propos d’André Suarès;
197 2889 311 68 aquarelles
532 2889 68 52 de
624 2887 236 54 Charles
883 2887 320 53 Mathonat.
1262 2887 186 67 Paris,
1470 2877 269 65 Éditions
1763 2887 220 69 Alpina
2011 2892 173 64 [1932]

267 2959 1256 52 155, [5] p. incl. front., illus. col. plates. 25 ᶜᵐ .
267 3017 133 41 Each
444 3018 189 40 colored
677 3017 132 47 plate
854 3016 338 47 accompanied
1237 3015 63 48 by
1345 3018 154 45 guard
1546 3016 136 41 sheet
1729 3017 120 41 with
1898 3017 289 49 descriptive

199 3074 294 47 letterpress.

201 3129 1873 59 © July 12, 1932; 1c. Sept. 12; A—Foreign 18064; Éditions Alpina.
279 3195 278 52 (32-30491)

199 3271 170 66 Bent,
403 3272 169 64 Silas,
609 3277 169 49 1882-

267 3347 1919 69 Buchanan of “The press”, a novel, by Silas Bent … New
198 3426 177 67 York,
406 3426 119 52 The
556 3426 316 66 Vanguard
903 3443 172 49 press,
1107 3428 151 49 1932.

267 3499 87 41 280
386 3510 44 38 p.
490 3498 144 41 19½ᶜᵐ.

205 3552 1981 53 © Sept. 29, 1932; 2c. Oct. 12; aff. Oct. 10; A 56530; Vanguard press, inc.
280 3612 279 48 (32-29902)

200 3688 246 62 Brooke,
478 3687 220 62 Gladys
728 3685 208 52 Milton
965 3686 250 64 Palmer,
1286 3702 187 49 dayang
1500 3686 175 51 muda
1705 3686 64 66 of
1795 3687 292 52 Sarawak.

271 3764 104 52 It’s
398 3764 93 52 the
516 3763 179 53 truth,
720 3763 73 67 by
817 3764 101 50 her
941 3762 268 67 highness
1233 3763 94 51 the
1354 3762 229 68 dayang
1607 3763 172 52 muda
1804 3762 62 53 of
1896 3763 287 55 Sarawak.

207 3842 358 67 [Instalment
595 3841 46 64 7]
725 3841 109 53 She
863 3840 184 52 didn’t
1075 3840 139 51 heed
1242 3840 94 52 the
1365 3841 230 67 gypsy’s
1623 3841 278 66 warning.

281 3918 81 46 (In
389 3913 199 43 London
616 3911 194 52 People,
839 3911 107 43 Oct.
976 3911 41 49 9,
1048 3910 143 49 1932)

206 3969 1981 53 © 1c. Nov. 3. 1932; A ad int. 17033; pubd. Oct. 9; Amer. weekly, inc.,
269 4030 117 39 New
411 4028 145 40 York.
