2563 4368
1414 4015 101 50 282

470 427 223 65 Lynch,
722 426 182 53 Denis
934 426 222 55 Tilden.

602 502 1859 69 … Grover Cleveland, a man four-square … New York,
471 581 790 68 H. Liveright, inc. [ ᶜ1 932 ]
544 655 1401 49 8 p. l., 581 p. front., plates, ports., facsims. 24 ᶜᵐ .
476 722 51 52 ©
557 727 109 41 Jan.
696 725 68 48 29,
794 725 140 42 1932;
965 726 67 40 2c.
1062 728 120 37 Mar.
1212 727 80 44 14;
1325 726 80 39 aff.
1438 728 120 37 Mar.
1589 726 80 46 12;
1701 726 40 38 A
1770 725 170 46 49098;
1974 727 57 39 D.
2061 726 51 40 T.
2144 725 178 48 Lynch,
2351 726 116 38 New

544 783 142 38 York.

472 901 215 64 Lyons,
715 902 139 51 Mrs.
886 900 182 54 Stella
1103 900 247 65 (Hirsh)
1387 902 171 54 1874-

541 979 53 50 A
621 977 289 53 diabetic’s
936 995 124 34 own
1087 977 136 52 cook
1249 976 160 69 book,
1435 976 73 67 by
1536 975 179 54 Stella
1741 976 75 52 H.
1842 976 219 68 Lyons;
2093 976 139 52 with
2262 995 31 34 a
473 975 1970 133 foreword

653 1054 73 69 by
755 1055 199 67 Logan
983 1054 369 67 Clendening.
1417 1052 137 54 New
1586 1052 176 69 York,
1791 1053 69 54 A.
1894 1054 67 52 A.
1992 1053 223 68 Knopf,
2247 1056 148 49 1932.

538 1124 836 51 viii p., 3 l., 3-94 p., 1 l. 19½ᶜᵐ.
540 1198 164 40 “First
736 1197 227 42 edition.”

476 1268 51 52 ©
563 1273 107 39 Feb.
706 1271 67 44 19.
808 1271 139 43 1932;
984 1273 64 38 2c.
1084 1273 92 38 and
1213 1270 80 40 aff.
1331 1270 109 41 Feb.
1473 1270 81 41 23;
1591 1270 39 38 A
1663 1269 170 43 48599;
1870 1269 169 39 Alfred
2075 1270 53 40 A.
2163 1267 180 49 Knopf,
2378 1268 88 40 inc.

553 1329 250 48 (32-5840)

472 1448 341 64 Merriman,
841 1445 326 56 Mansfield.

543 1528 53 50 A
635 1525 294 53 text-book
967 1543 72 32 on
1078 1523 157 52 roofs
1277 1524 111 51 and
1427 1523 243 68 bridges,
1747 1528 80 62 pt.
1868 1525 48 49 2.
1956 1522 258 69 Graphic
2252 1522 213 68 statics,

474 1600 1990 72 by the late Mansfield Merriman … and Henry S. Jacoby
473 1680 1990 148 … revised by Everett E. Ebling … 5th ed., rev. and rewritten. New York, John Wiley & sons, inc.; London, Chapman
472 1845 45 49 &
544 1840 160 65 Hall,
730 1839 240 66 limited,
1001 1841 149 48 1932.

581 1945 7 15 x,
619 1913 86 40 228
735 1924 42 36 p.
838 1913 141 43 illus.,
1014 1912 168 45 tables,
1216 1911 178 48 diagrs.
1455 1911 144 41 23½ᶜᵐ.

477 1980 51 52 ©
555 1986 120 38 Mar.
702 1983 67 46 12,
796 1981 111 41 1932;
962 1981 67 41 2c.
1057 1983 120 40 Mar.
1205 1982 80 46 18;
1314 1981 81 40 aff.
1423 1983 120 38 Mar.
1571 1982 55 39 17;
1681 1982 39 38 A
1745 1981 171 47 49173;
1946 1982 127 39 John
2099 1982 154 48 Wiley
2280 1982 36 41 &
2342 1992 125 38 sons,

544 2040 90 41 inc.
715 2035 55 52 [©
797 2038 208 41 revision
1035 2040 95 38 and
1160 2038 266 50 rewriting]

473 2162 213 59 Moses,
717 2160 219 52 Ernest
966 2159 61 54 C.

540 2234 123 55 Our
696 2233 217 54 United
950 2231 216 68 States;
1201 2251 152 34 some
1387 2232 147 53 facts
1568 2232 171 53 about
1772 2233 95 52 the
1899 2233 245 54 nation’s
2176 2234 131 68 seal,
469 2253 1975 125 constitution,

795 2311 113 52 and
955 2309 290 68 founders,
1289 2310 74 67 by
1409 2309 208 54 Ernest
1662 2310 62 54 C.
1768 2310 214 69 Moses;
2030 2310 298 69 including
2371 2313 97 52 the

471 2390 220 53 federal
727 2387 389 56 Constitution
1150 2387 59 52 in
1244 2388 93 52 the
1372 2388 191 52 literal
1596 2388 176 67 print,
1806 2387 140 53 with
1980 2406 74 35 an
2087 2388 382 70 easy-finding

471 2468 170 52 index
669 2473 57 46 to
757 2468 77 50 all
863 2466 95 52 the
987 2483 192 34 names
1208 2465 113 52 and
1351 2464 182 68 topics
1563 2465 236 53 therein.
1900 2464 83 56 [St.
2013 2465 192 69 Louis,
472 2466 1994 147 Clarke-Sprague

762 2543 264 68 printing
1052 2560 79 35 co.]
1186 2545 149 50 1932.

539 2615 1392 51 3 p. l., 11-130 p. col. front., plates, facsim. 19½ᶜᵐ.
478 2685 51 52 ©
562 2690 109 39 Jan.
704 2688 69 46 26,
807 2687 138 46 1932;
979 2687 66 38 2c.
1080 2687 95 38 and
1208 2685 80 40 aff.
1326 2685 106 39 Feb.
1469 2687 80 44 17;
1585 2686 39 38 A
1657 2684 170 49 47694;
1866 2688 50 38 E.
1953 2687 47 40 C.
2038 2688 170 48 Moses,
2245 2687 222 48 Chicago.

555 2743 249 50 (32-5890)

473 2864 172 62 Mott,
672 2861 155 53 John
853 2859 268 65 Raleigh,
1151 2864 171 49 1865-

541 2934 1922 73 Liberating the lay forces of Christianity … By John R.
471 3016 167 52 Mott.
702 3015 140 53 New
869 3013 181 66 York,
1077 3013 121 53 The
1227 3013 334 53 Macmillan
1591 3031 298 51 company,
1921 3016 149 52 1932.

542 3085 1568 51 xi p., 2 l., 175 p. 19½ᶜᵐ. (The Ayer lectures for 1931)
542 3156 374 48 Bibliography;
949 3166 43 38 p.
1025 3155 215 41 139-157.

479 3224 51 52 ©
556 3227 108 40 Feb.
692 3229 67 46 16,
786 3229 112 38 1932;
953 3228 66 41 2c.
1046 3228 110 39 Feb.
1183 3228 81 45 17;
1292 3227 81 39 aff.
1401 3228 109 40 Feb.
1537 3228 80 41 18;
1645 3227 40 38 A
1709 3227 144 39 48549;
1910 3228 279 39 Macmillan
2215 3238 66 31 co.

556 3284 249 47 (32-6184)

475 3387 144 53 New
648 3388 160 51 York
848 3386 217 68 (State)
1153 3385 205 54 Courts
1388 3388 63 67 of
1477 3387 214 52 record.

607 3463 1853 69 … The miscellaneous reports. Cases decided … other than
476 3541 95 52 the
597 3543 179 53 Court
799 3542 63 51 of
888 3544 231 65 appeals
1144 3543 112 51 and
1279 3543 94 52 the
1400 3544 283 66 appellate
1709 3542 245 53 division
1980 3543 63 53 of
2066 3544 95 52 the
2186 3545 274 67 Supreme

476 3623 175 46 court.
726 3617 212 53 Austin
990 3623 64 51 B.
1108 3617 219 69 Griffin,
1376 3626 272 62 reporter,
1723 3640 51 33 v.
1826 3624 116 65 141,
1993 3625 147 49 1931.
2223 3619 238 70 [Official

477 3695 233 64 edition]
790 3695 231 67 Albany
1072 3697 68 52 [N.
1173 3701 88 61 Y.]
1296 3701 54 51 J.
1382 3702 66 48 B.
1477 3701 162 64 Lyon
1667 3716 296 51 company,
1992 3704 151 48 1931.

614 3800 8 15 xv,
656 3767 84 40 972
774 3779 42 36 p.
877 3767 144 42 23½ᶜᵐ.

481 3832 51 52 ©
573 3838 119 38 Mar.
734 3838 67 46 17,
840 3838 140 46 1932;
1022 3838 66 41 2c.
1128 3841 93 37 and
1262 3839 82 40 aff.
1384 3841 121 39 Mar.
1545 3839 81 48 22;
1668 3841 41 38 A
1747 3840 169 47 50277;
1960 3843 210 39 Edward
2210 3842 42 40 J.
2294 3843 169 47 Flynn,

549 3896 243 44 secretary
825 3894 51 39 of
905 3895 81 38 the
1018 3897 127 37 state
1177 3895 52 39 of
1258 3896 56 41 N.
1347 3896 51 38 Y.
1433 3896 48 39 in
1515 3899 127 38 trust
1672 3898 79 39 for
1784 3897 80 40 the
1896 3898 173 40 benefit
2102 3899 52 40 of
2186 3899 80 39 the
2299 3901 164 45 people

548 3949 51 39 of
629 3950 82 39 the
737 3952 140 47 state,
908 3951 116 40 New
1053 3951 144 41 York.
