2563 4368
1281 4111 132 50 1208

340 477 204 63 Truss,
582 476 228 55 Seldon.

412 552 287 53 Branded.
774 553 70 52 2d
877 554 344 52 instalment.

425 628 83 47 (In
536 623 235 43 Answers
803 623 275 52 magazine,
1108 622 116 52 July
1256 625 71 47 23,
1361 623 143 49 1932)

351 680 1983 52 © 1c. Sept. 15, 1932; A ad int. 16854; pubd. July 18; Leslie Seldon
418 741 164 45 Truss,
616 740 269 47 Ticeliurst,
922 741 192 46 Sussex,
1150 738 234 47 England.

343 814 121 53 The
491 813 220 56 United
739 815 203 54 States
970 819 226 63 patents
1221 813 290 68 quarterly;
1570 818 221 63 reports
1820 812 62 53 of
1909 832 149 35 cases
2085 812 247 69 relating

414 890 1892 150 to patents, trade marks and copyrights … v. 13 … Washington,
684 971 120 52 The
855 970 215 54 United
1123 970 188 55 States
1362 970 158 68 daily
1569 969 335 69 publishing
1952 969 380 69 corporation,
416 1053 150 50 1932.

416 1124 97 47 xvi,
540 1124 84 40 481
653 1134 43 37 p.
751 1123 146 40 23½ᶜᵐ.

352 1176 51 52 ©
426 1181 120 47 Aug.
570 1181 70 46 23,
665 1179 112 41 1932;
830 1179 67 40 2c.
922 1180 94 39 and
1043 1179 79 39 aff.
1152 1179 127 47 Sept.
1304 1178 55 40 19;
1414 1178 40 39 A
1478 1178 142 41 54893;
1677 1178 177 41 United
1881 1178 162 41 States
2069 1177 131 48 daily
2227 1177 109 48 pub.

419 1237 319 47 corporation.

345 1310 129 54 Van
499 1310 389 66 Roosbroeck,
916 1311 262 54 Gustave
1204 1310 271 66 Leopold,
1504 1312 170 51 1888-
1884 1310 86 54 ed.

417 1387 253 68 Boileau,
701 1386 228 69 Racine,
961 1386 309 68 Furetière,
1299 1392 129 47 etc.:
1461 1386 314 69 Chapelain
1808 1383 260 68 décoiffé;
2102 1405 29 33 a
2163 1385 177 52 battle

346 1463 1822 70 of parodies, by G. L. Van Roosbroeck. New York [ ᶜ1 932 ]
416 1535 1800 50 89 p. 20 ᶜᵐ. (Publications of the Institute of French studies, inc.)
414 1594 155 40 Three
597 1594 111 39 17th
736 1596 200 45 century
965 1603 298 37 anonymous
1289 1594 224 48 parodies
1539 1594 52 40 of
1617 1593 238 42 Corneille
1884 1593 203 42 entitled
2116 1593 222 41 “Colbert

346 1649 219 49 enragé”,
618 1650 256 40 “Boisleau;
958 1661 75 37 ou,
1085 1650 69 40 La
1206 1649 236 42 clémence
1495 1651 57 40 de
1605 1650 235 48 Colbert”,
1894 1652 95 39 and
2043 1650 294 49 “Chapelain

346 1706 244 49 décoiffé”,
622 1707 119 42 with
771 1717 27 30 a
830 1706 271 42 discussion
1131 1708 52 40 of
1214 1707 128 40 their
1372 1707 302 48 authorship.

418 1763 222 41 “Colbert
671 1763 204 48 enragé”
909 1764 88 41 has
1031 1764 117 40 been
1182 1763 270 41 attributed
1484 1766 49 38 to
1566 1764 81 41 the
1680 1764 201 41 Boileau
1915 1766 237 47 brothers,
2188 1763 150 42 Gilles

347 1822 95 39 and
471 1820 209 41 Nicolas.
739 1820 255 41 “Boisleau;
1053 1830 74 37 ou,
1155 1821 68 39 La
1252 1819 236 42 clémence
1518 1822 56 38 de
1605 1820 221 42 Colbert”
1856 1822 89 40 has
1972 1822 117 39 been
2119 1820 217 42 ascribed

348 1880 48 38 to
422 1877 175 41 Michel
622 1878 57 39 de
705 1876 169 41 Pure.”
930 1876 267 49 Chapelain
1221 1875 245 50 décoiffé”,
1493 1878 287 47 apparently
1808 1879 81 39 the
1915 1878 135 40 work
2074 1878 51 41 of
2151 1878 186 41 several

348 1935 168 46 hands,
545 1934 90 40 has
664 1934 117 40 been
812 1932 249 49 variously
1090 1933 220 41 ascribed
1340 1936 49 38 to
1418 1933 195 41 Nicolas
1642 1934 217 49 Boileau,
1889 1934 265 49 Furetière,
2188 1934 150 42 Gilles

348 1990 216 48 Boileau,
596 1989 194 48 Racine,
822 1991 95 39 and
949 1989 242 49 Chapelle.

355 2047 51 52 ©
439 2051 124 40 June
593 2052 39 44 3,
664 2049 112 40 1932;
836 2050 65 40 2c.
934 2051 94 38 and
1061 2049 80 40 aff.
1174 2050 119 47 Aug.
1325 2050 46 38 11;
1440 2049 41 40 A
1512 2049 143 41 54393;
1716 2050 54 40 G.
1801 2050 49 39 L.
1884 2050 105 40 Van
2023 2051 315 45 Roosbroeck,

423 2108 115 38 New
563 2107 144 39 York.
787 2103 51 52 [©
865 2106 343 46 introduction,
1235 2108 149 45 notes,
1412 2107 222 48 changes]
1707 2106 278 48 (32-21161)

350 2178 253 66 Vierset,
633 2181 291 64 Auguste,
957 2185 170 50 1864-

419 2255 123 54 Mes
577 2255 288 55 souvenirs
902 2275 95 34 sur
1036 2256 374 68 l’occupation
1450 2255 311 54 allemande
1798 2274 66 33 en
1905 2253 291 70 Belgique,
2237 2273 105 50 par

350 2331 1236 71 Auguste Vierset … Paris, Plon [1932]
419 2403 579 49 2 p. l., 493 p., 1 l. 23 ᶜᵐ.
357 2459 1784 110 © May 3, 1932; 1c. July 14; A— Foreign 17318; Librairie Plon. (32-21154)
351 2594 311 66 Weitzner,
693 2597 339 63 Margarete
1063 2597 323 54 Krockner.

419 2670 137 54 Was
579 2673 260 66 verlangt
862 2672 98 52 der
982 2679 133 61 gute
1138 2677 96 48 ton
1250 2673 18 53 ?
1333 2673 114 51 Ein
1471 2673 221 52 berater
1715 2672 59 52 in
1800 2671 147 55 allen
1968 2671 372 68 lebenslagen,

351 2747 1914 72 von Margarete K. Weitzner. Wien, Schwarz-verlag [ ᶜ1 930 ]
419 2819 217 49 221 p. 19 ½ ᶜᵐ.
359 2875 1865 53 © Sept. 15, 1930; 1c. Nov. 1; A —Foreign 10167; Schwarz-verlag.
436 2934 278 50 (32-21106)

351 3001 216 66 White,
596 3005 138 51 Mrs.
763 3001 164 55 Ellen
957 3003 183 54 Gould
1180 3003 323 65 (Harmon)
1543 3004 324 57 1827-1915.

420 3079 247 54 Medical
710 3079 266 68 ministry;
1052 3099 31 34 a
1126 3080 230 53 treatise
1401 3099 70 34 on
1515 3080 239 53 medical
1798 3080 339 66 missionary
2182 3080 156 53 work

351 3157 59 52 in
452 3158 96 52 the
589 3158 213 67 gospel,
843 3158 73 66 by
958 3158 169 51 Ellen
1171 3157 68 55 G.
1283 3157 211 54 White.
1573 3157 303 53 Mountain
1919 3157 179 67 View,
2142 3157 195 67 Calif.,

353 3233 1961 69 Omaha, Neb. [etc.] Pacific press publishing association [ ᶜ1 932]
425 3308 23 38 l
475 3318 44 38 p.
546 3308 44 47 l.,
616 3307 87 40 348
727 3319 43 37 p.
830 3306 55 40 20½ᶜᵐ.

428 3362 156 42 “Most
615 3364 52 40 of
695 3365 81 39 the
808 3363 255 41 selections
1094 3364 49 38 in
1175 3364 99 40 this
1306 3364 121 41 book
1459 3373 84 32 are
1575 3364 127 41 from
1735 3365 81 40 the
1847 3364 170 41 letters
2048 3365 96 40 and
356 3375 1965 93 manuscripts
560 3420 52 41 of
638 3420 137 41 Ellen
804 3420 53 40 G.

886 3418 309 49 White.”—p.
1223 3419 40 41 2.

426 3476 203 42 Preface
655 3477 166 49 signed
839 3487 9 28 :
878 3476 52 40 A.
959 3477 53 39 G.
1040 3476 233 41 Daniells.

428 3532 206 42 “Source
663 3531 299 43 references”
981 3542 9 30 :
1021 3544 43 37 p.
1094 3532 39 40 2.

361 3586 51 52 ©
442 3591 115 47 July
585 3591 70 46 27,
686 3589 116 41 1932;
859 3590 66 39 2c.
955 3590 101 45 and;
1080 3588 81 41 aff.
1192 3589 118 47 Aug.
1342 3589 51 47 8;
1426 3590 40 39 A
1497 3590 169 46 53540;
1699 3590 176 41 Pacific
1906 3601 135 37 press
2075 3591 107 47 pub.
2213 3600 126 29 assn.
437 3646 279 48 (32-20846)

355 3705 265 66 Widney,
649 3707 219 62 Joseph
895 3708 305 62 Pomeroy,
1231 3710 169 50 1841-

425 3780 1915 70 The faith that has come to me, by J. P. Widney … Los
355 3857 261 67 Angeles,
645 3857 191 68 Calif.,
866 3856 210 55 Pacific
1102 3856 332 70 publishing
1460 3876 274 51 company
1808 3861 151 64 [ᶜ1932]

424 3928 776 49 xi, 272 p. front. (port.) 23½ᶜᵐ.
364 3983 51 52 ©
445 3988 124 41 June
596 3989 41 46 4,
667 3987 113 42 1932;
836 3988 67 40 2c.
933 3989 125 39 June
1086 3988 55 39 20;
1200 3988 80 40 aff.
1311 3988 124 41 June
1465 3990 55 40 17;
1578 3990 40 39 A
1647 3990 142 40 53686;
1848 3991 43 39 J.
1922 3990 50 40 P.
2003 3988 216 48 Widney,
2250 3988 92 42 Los

428 4043 218 50 Angeles.
718 4044 277 49 (32-20957)
