2563 4368
1281 4067 133 53 1672

413 525 170 40 Issued
610 525 103 39 also
740 534 55 30 as
821 523 152 41 thesis
1009 523 15 48 (PH.
1194 522 15 48 D.)
1246 521 246 41 Columbia
1525 519 283 49 university.

412 581 377 48 Bibliography:
820 591 42 38 p.
893 579 217 43 103-106.

347 649 51 52 ©
434 654 125 47 Sept.
594 654 68 46 13,
694 651 112 41 1932;
868 652 68 40 2c.
972 651 127 48 Sept.
1133 650 58 40 26;
1251 650 80 40 aff.
1367 650 101 40 Oct.
1504 651 24 37 1;
1592 650 36 38 A
1666 649 143 40 55397;
1872 649 240 40 Teachers
2146 650 192 47 college,

416 708 250 42 Columbia
696 708 130 39 univ.
896 707 279 48 (32-31768)

341 813 221 63 Horan,
593 813 138 52 Mrs.
759 811 297 55 Kenneth.

413 890 121 53 The
573 890 222 66 longest
832 888 185 68 night,
1058 906 31 35 a
1129 888 166 52 novel
1333 888 74 66 by
1448 887 268 53 Kenneth
1757 886 221 54 Horan.
2071 886 272 70 Chicago,

341 968 70 53 D.
446 966 62 56 C.
537 968 215 65 Doran,
787 969 150 51 1932.

412 1038 671 52 4 p. l., [5]-231 p., 1 l. 20 ᶜᵐ.
414 1098 162 40 “First
607 1096 225 41 edition.”

351 1150 51 53 ©
434 1155 102 40 Oct.
566 1154 68 48 21,
667 1153 113 41 1932;
841 1154 67 39 2c.
942 1154 97 39 and
1067 1152 81 40 aff.
1182 1152 118 40 Nov.
1330 1151 25 39 2;
1417 1152 41 38 A
1489 1152 142 40 56857;
1694 1152 153 48 Daryl
1922 1184 9 9 C.
1963 1152 181 40 Doran.
428 1210 278 49 (32-31722)

347 1314 185 64 Hunt,
566 1312 213 57 Violet.

421 1390 120 53 The
577 1389 136 53 wife
748 1389 62 53 of
843 1388 279 67 Rossetti;
1159 1389 101 53 her
1293 1389 106 53 life
1433 1389 113 53 and
1580 1389 189 67 death,
1804 1388 75 67 by
1914 1388 194 54 Violet
2140 1388 195 66 Hunt;

353 1466 1986 68 with thirty illustrations … New York, E. P. Dutton & co.,
347 1545 344 66 inc. [ ᶜ1 932]
528 1615 1814 51 xxx p., 1 l. , 338, [1] p. front., illus. (facsims.) plates, ports. 22½ᶜᵐ.
427 1674 161 40 “First
617 1671 227 44 edition.”

354 1727 50 51 ©
435 1731 102 40 Oct.
566 1731 54 39 25,
665 1729 112 42 1932;
836 1731 67 39 2c.
934 1730 101 40 Oct.
1064 1729 55 41 27;
1180 1729 81 41 aff.
1291 1729 103 41 Oct.
1424 1729 55 40 28;
1540 1731 39 38 A
1611 1730 143 40 56762;
1813 1731 53 38 E.
1896 1731 50 38 P.
1978 1730 187 40 Dutton
2195 1730 37 41 &
2261 1741 82 40 co.,

419 1787 90 41 inc.
581 1787 278 49 (32-31596)

349 1890 429 53 International
806 1889 336 55 committee
1171 1890 95 52 for
1294 1889 102 54 the
1424 1890 183 63 study
1630 1889 65 53 of
1722 1889 277 56 infantile
2026 1891 314 65 paralysis.

417 1966 444 68 Poliomyelitis;
900 1985 31 33 a
967 1984 204 50 survey
1205 1966 163 52 made
1403 1966 245 68 possible
1680 1966 76 68 by
1791 1985 31 34 a
1857 1972 172 63 grant
2063 1966 153 54 from
2248 1967 96 54 the

349 2044 419 53 International
807 2041 318 55 committee
1164 2042 93 54 for
1293 2043 97 53 the
1427 2044 171 67 study
1637 2043 64 53 of
1735 2043 273 54 infantile
2045 2044 300 69 paralysis,

348 2121 306 68 organized
685 2121 75 68 by
792 2121 290 54 Jeremiah
1113 2120 280 54 Milbank.
1464 2120 330 69 Baltimore,
1829 2122 121 53 The
1980 2121 287 56 Williams
2298 2123 48 52 &

348 2197 249 55 Wilkins
627 2216 297 48 company,
955 2200 150 49 1932.

349 2269 1986 101 xxii, 562 p. incl. illus. (map) tables, diagrs. front., xxiv pl. (1 col.) 23½ᶜᵐ.
422 2383 348 48 Bibliography
787 2393 8 29 :
825 2393 42 37 p.
895 2381 216 41 485-528.

358 2438 50 51 ©
448 2442 99 40 Oct.
584 2441 70 47 22,
692 2439 111 41 1932;
871 2440 67 40 2c.
977 2440 96 39 and
1108 2438 81 41 aff.
1230 2439 102 41 Oct.
1367 2439 56 40 28;
1489 2440 41 38 A
1567 2439 142 41 56742;
1778 2442 223 39 Internatl.
2073 2441 272 43 committee

425 2498 78 39 for
526 2498 83 40 the
631 2498 143 46 study
800 2497 50 38 of
875 2495 229 40 infantile
1127 2494 257 49 paralysis,
1413 2497 116 38 New
1554 2497 143 39 York.
1762 2497 279 49 (32-31884)

352 2598 282 67 Johnson,
667 2600 223 69 Henry,
925 2599 171 55 1867-

524 2675 1821 70 … An introduction to the history of the social sciences in
353 2752 1992 73 schools, by Henry Johnson … New York, Chicago [etc.] C.
356 2830 691 66 Scribner’s sons [ ᶜ1 932]
425 2901 1920 52 vi p., 1 l. , 145 p. 1 illus. 20 ᶜᵐ. (Lettered on cover: Report of the
351 2958 316 41 Commission
688 2969 61 29 on
771 2959 80 40 the
876 2958 148 40 social
1047 2959 199 45 studies,
1267 2959 256 41 American
1547 2961 254 40 historical
1824 2961 308 42 association,
2182 2964 66 46 pt.
2321 2962 16 49 II)

427 3014 158 42 Series
611 3015 109 40 title
745 3015 49 40 in
817 3017 111 45 part
955 3016 52 39 at
1030 3015 124 40 head
1179 3015 53 40 of
1254 3017 97 46 t.-p.

360 3069 50 51 ©
445 3073 101 40 Oct.
576 3074 39 46 7,
647 3072 113 41 1932;
820 3073 67 39 2c.
919 3074 94 38 and
1045 3073 81 39 aff.
1161 3073 99 40 Oct.
1294 3072 54 40 22;
1411 3075 39 38 A
1483 3075 141 41 56663;
1688 3075 201 41 Charles
1924 3075 263 41 Scribner’s
2220 3087 125 30 sons.

437 3129 278 47 (32-31574)

356 3232 196 64 Jones,
584 3232 66 54 G.
678 3232 307 63 Wayman.

426 3308 163 52 Alias
627 3307 112 52 Mr.
778 3307 206 67 Death,
1022 3308 75 67 by
1136 3307 67 55 G.
1242 3310 284 67 Wayman
1565 3311 191 54 Jones.
1830 3312 137 53 New
2006 3312 178 68 York,
2225 3312 121 53 The

358 3385 673 65 Fiction league [ ᶜ1 932 ]
426 3456 218 49 317 p. 19½ᶜᵐ.
363 3509 50 51 ©
449 3513 101 40 Oct.
585 3513 67 46 10,
687 3512 113 41 1932;
863 3513 67 40 2c.
964 3513 115 40 Nov.
1118 3514 24 39 5;
1207 3514 81 40 aff.
1323 3515 117 41 Nov.
1475 3518 24 38 3;
1565 3518 41 38 A
1640 3517 143 41 56947;
1846 3519 237 40 Jacobsen
2118 3519 108 46 pub.
2263 3528 82 39 co.,

428 3569 105 47 inc.,
564 3570 117 39 New
709 3569 145 39 York.
924 3568 277 48 (32-31614)

365 3669 315 64 [Jouvenel,
706 3672 170 50 Mme.
904 3671 289 53 Gabrielle
1222 3672 278 54 Claudine
1536 3676 288 64 (Colette)
1857 3677 89 64 de]
1980 3678 170 53 1873-

427 3745 120 52 The
589 3744 108 53 last
739 3745 64 52 of
845 3745 188 67 Chéri,
1074 3747 75 66 by
1193 3746 218 55 Colette
1479 3751 174 65 [pseud.]
1765 3751 139 53 New
1946 3750 178 70 York,
2167 3751 68 55 G.
2277 3753 66 52 P.

359 3820 675 68 Putnam’s sons [ ᶜ1 932]
429 3892 515 49 3 p. l., 3-250 p. 19½ᶜᵐ.
365 3943 50 51 ©
446 3948 101 40 Oct.
575 3949 68 42 21,
673 3948 112 42 1932;
841 3949 65 40 2c.
936 3950 116 39 Nov.
1083 3952 24 37 1;
1166 3951 80 40 aff.
1275 3953 116 40 Nov.
1422 3954 27 39 2;
1505 3956 42 37 A
1575 3956 145 40 56866;
1778 3957 52 40 G.
1860 3958 51 40 P.
1941 3956 249 41 Putnam’s
2219 3966 125 32 sons.

442 4002 276 48 (32-31618)
