2563 4368
1311 4058 132 51 1948

372 454 210 66 Lewis,
611 455 182 53 Hazel
819 454 292 65 Asenath,
1142 458 172 51 1886-

441 531 122 54 The
595 533 259 66 primary
885 530 210 52 church
1127 530 206 68 school,
1367 530 75 68 by
1474 529 182 55 Hazel
1688 529 71 53 A.
1793 527 198 57 Lewis.
2061 528 83 56 St.
2178 529 192 68 Louis,

371 608 134 67 Mo.,
542 607 243 55 Printed
823 607 93 52 for
951 608 95 52 the
1082 605 349 70 Leadership
1471 608 258 68 training
1764 605 333 70 publishing
372 605 1971 133 association
521 685 76 66 by

624 684 800 68 the Bethany press [ ᶜ19 32 ]
441 753 392 50 xii, 260 p. 20 ᶜᵐ.
445 810 1923 51 “Companion volume to … Teaching primaries in the church school by
374 867 122 41 Miss
535 868 144 41 Ethel
720 868 52 43 L.
815 867 532 42 Smither.”—Editor’s
1390 868 192 49 introd.,
1625 868 169 48 signed;
1866 869 164 40 Erwin
2074 869 52 42 L.
2170 869 198 49 Shaver,

373 923 267 43 chairman.

444 979 352 50 Bibliography;
857 990 43 39 p.
933 979 100 42 260.

380 1036 51 52 ©
464 1041 117 40 Nov.
614 1041 70 49 15,
716 1040 140 46 1932;
891 1040 68 41 2c.
992 1040 112 40 Dec.
1136 1039 83 47 23;
1254 1038 81 42 aff.
1369 1038 112 41 Dec.
1514 1038 83 48 22;
1633 1040 40 38 A
1706 1039 171 48 58545;
1913 1041 61 40 H.
2007 1041 55 40 A.
2095 1037 172 51 Lewis,
2304 1039 68 42 St.

445 1096 162 43 Louis.
677 1095 251 52 (33-1973)

375 1183 222 69 Lunde,
626 1185 213 67 Johan,
907 1205 74 48 bp.,
1013 1187 170 51 1866-

449 1263 124 56 Our
607 1264 216 52 Father
856 1265 127 51 who
1019 1268 92 47 art
1143 1262 62 53 in
1237 1262 243 67 heaven;
1520 1281 31 34 a
1586 1262 149 53 book
1768 1262 65 54 of
1868 1263 158 69 daily
2062 1263 312 68 devotions,

377 1340 1973 149 by Johan Lunde … translated by J. A. Aasgaard. Minneapolis,
607 1420 203 68 Minn.,
837 1420 314 69 Augsburg
1178 1419 337 70 publishing
1540 1420 191 68 house,
1762 1422 150 51 1932.

445 1494 86 42 380
560 1505 45 38 p.
663 1495 58 40 15½ᶜᵐ.

449 1552 162 40 “First
640 1551 228 40 edition.”

382 1603 51 52 ©
468 1609 111 40 Dec.
611 1609 70 46 17,
715 1607 114 41 1932;
889 1607 68 41 2c.
991 1609 96 39 and
1120 1606 81 42 aff.
1235 1607 111 39 Dec.
1381 1606 56 41 27;
1497 1607 43 39 A
1572 1606 146 42 58530;
1778 1607 259 48 Augsburg
2067 1606 109 49 pub.
2211 1607 164 40 house.

459 1663 250 49 (33-1758)

377 1754 269 65 Mackay,
676 1755 205 62 Henry
912 1753 284 53 Falconar
1225 1752 270 65 Barclay.

450 1829 230 56 Studies
722 1832 62 51 in
825 1832 96 52 the
960 1830 270 69 ministry
1271 1831 64 52 of
1376 1830 125 56 Our
1539 1830 174 67 Lord,
1756 1834 85 50 1st
1882 1830 186 54 series.
2141 1832 92 66 By
2273 1831 97 53 the

379 1908 1967 147 Reverend H. F. B. Mackay … Milwaukee, Morehouse publishing co. [ᶜ1932]
448 2061 675 48 4 p l. , 270 p. 1 l. 21½ᶜᵐ.
453 2117 163 41 “First
644 2116 257 41 American
932 2116 227 42 edition.”

385 2169 51 52 ©
467 2174 112 41 Dec.
609 2175 39 47 1,
678 2173 114 41 1932;
850 2172 68 43 2c.
949 2174 111 40 Dec.
1091 2174 51 39 17;
1205 2172 81 41 aff.
1317 2172 110 40 Dec.
1460 2173 55 39 15;
1575 2173 40 39 A
1646 2172 145 41 57522;
1850 2172 288 41 Morehouse
2165 2172 109 49 pub.
2307 2183 67 31 co.

461 2229 251 49 (33-1756)

379 2330 389 68 Marcetteau,
797 2329 317 65 Benjamin
1144 2328 182 67 Felix,
1359 2331 170 54 1877-

450 2407 121 52 The
617 2407 222 67 priest’s
887 2406 364 68 companion;
1303 2427 30 32 a
1380 2405 230 55 manual
1658 2405 63 53 of
1768 2424 251 51 prayers,
2066 2404 308 71 devotions,

382 2482 1930 69 meditations and self-direction, by Rev. B. F. Marcetteau …
382 2561 137 54 New
553 2560 177 68 York,
760 2559 327 56 Cincinnati
1140 2564 119 63 [etc.]
1294 2558 279 69 Benziger
1600 2559 275 67 brothers,
1908 2561 149 50 1932.

450 2631 136 49 xviii,
617 2632 69 50 [2],
711 2631 89 41 398
822 2642 43 38 p.
890 2631 109 41 incl.
1026 2631 163 48 front.,
1218 2631 127 41 illus.
1400 2631 56 41 16½ᶜᵐ.

387 2687 51 52 ©
469 2692 118 40 Nov.
616 2691 70 46 23,
716 2691 141 47 1932;
890 2691 67 40 2c.
988 2691 118 41 Nov.
1136 2690 56 40 29;
1253 2690 82 41 aff.
1364 2690 111 39 Dec.
1508 2691 82 46 17;
1625 2691 40 38 A
1696 2690 143 41 58472;
1901 2688 234 48 Benziger
2165 2690 123 39 bros.

464 2747 250 49 (33-2053)

381 2850 225 65 Marsh,
636 2851 205 64 Agnes
866 2849 209 66 Lewis,
1105 2851 170 54 1897-

451 2926 297 53 Textbook
780 2926 65 53 of
877 2925 173 54 social
1085 2925 266 69 dancing,
1385 2925 140 54 with
1559 2925 276 69 complete
1869 2924 166 69 plans
2070 2924 95 54 for
2199 2924 176 54 dance

383 3001 1967 148 parties, by Agnes L. Marsh … [and] Lucile Marsh … Bridgeport, Conn.,
815 3080 417 68 Buckingham,
1275 3079 198 69 Conn.,
1516 3079 401 69 Buckingham
1959 3079 201 54 Marsh
2200 3097 177 51 press,

386 3160 150 50 1933.

457 3228 751 49 6 p. l., 3-132 p. plates. 28 ᶜᵐ.
459 3287 162 40 “First
651 3285 226 41 edition.”

390 3339 51 52 ©
483 3344 111 40 Dec.
634 3343 70 47 12,
744 3341 139 48 1932;
926 3341 67 41 2c.
1035 3343 111 39 Dec.
1187 3341 81 48 19;
1311 3341 82 41 aff.
1435 3342 109 40 Dec.
1587 3341 83 49 29;
1713 3342 42 40 A
1795 3343 170 46 58654;
2007 3343 161 45 Agnes
2208 3340 168 40 Marsh

457 3401 391 38 Hammarstrom
877 3400 96 38 and
1001 3398 166 40 Lucile
1194 3398 182 48 Marsh,
1405 3398 120 40 New
1551 3398 144 41 York.
1765 3397 249 49 (33-1948)

384 3499 303 65 Marshall,
713 3501 158 52 Leon
902 3499 241 56 Carroll.

455 3576 122 52 The
618 3577 227 52 divorce
885 3581 176 48 court,
1136 3595 50 35 v.
1229 3580 43 47 1.
1312 3576 327 68 Maryland,
1678 3576 75 66 by
1791 3577 154 52 Leon
1988 3576 62 55 C.
2090 3575 282 54 Marshall

388 3653 112 53 and
539 3651 266 68 Geoffrey
838 3654 158 67 May,
1034 3653 140 53 with
1211 3655 96 51 the
1342 3653 303 53 statistical
1683 3653 303 55 assistance
2020 3652 65 54 of
2121 3654 147 52 Elva
2305 3654 65 53 L.

386 3728 315 69 Marquard
748 3731 111 51 and
906 3733 156 50 Ruth
1109 3730 251 53 Retiker.
1435 3730 333 69 Baltimore,
1813 3730 122 53 The
1979 3730 185 55 Johns
385 3730 1961 130 Hopkins
541 3825 173 50 press,
742 3810 149 50 1932.

456 3879 705 49 359 p. tables, diagrs. 23 ᶜᵐ.
393 3932 51 52 ©
474 3936 119 48 Aug.
626 3935 68 48 19,
726 3935 113 41 1932;
900 3936 66 41 2c.
999 3938 96 39 and
1125 3936 82 42 aff.
1238 3938 120 47 Aug.
1390 3937 53 40 23;
1507 3938 40 38 A
1579 3937 142 40 54491;
1785 3938 152 39 Johns
1970 3935 224 50 Hopkins
2225 3945 148 39 press.
