2563 4368
1067 4047 101 49 365

95 471 379 67 Oppenheim,
506 468 251 55 Edward
787 465 263 65 Phillips.

164 551 120 52 The
316 543 291 61 Ostrekoff
637 546 206 67 jewels,
918 542 160 69 chap.
1116 543 185 50 16-20.

199 625 59 38 (In
284 617 232 46 Cassell’s
546 615 273 52 magazine,
849 612 135 53 Apr.,
1016 612 143 49 1932)

100 665 1982 64 © 1c. Apr. 8, 1932; A ad int. 16249; pubd. Mar. 24; E. P. Oppenheim,
167 734 217 46 Norfolk,
413 734 235 46 England.

98 857 248 61 Oregon.
421 854 277 65 Supreme
729 854 174 50 court.

167 921 1913 78 Reports of cases decided … Bryan Goodenough, reporter.
100 1028 50 36 V.
185 1007 112 57 137.
374 1007 173 52 From
576 1007 143 66 July
749 1008 47 63 1,
827 1006 151 65 1931,
1010 1008 56 48 to
1097 1002 316 55 November
1443 1006 50 63 3,
1528 1004 147 49 1931.
1754 1000 118 55 San
99 1002 1958 140 Francisco,

292 1079 1324 67 Calif., Bancroft-Whitney company [ ᶜ1 932]
171 1158 401 49 xiii, 748 p. 23 ᶜᵐ.
100 1226 50 52 ©
187 1231 120 38 Mar.
345 1228 68 48 12,
451 1228 116 40 1932;
630 1227 67 40 2c.
733 1226 114 48 Apr.
884 1225 25 40 5;
976 1224 81 41 aff.
1094 1225 114 47 Apr.
1243 1225 27 38 4;
1336 1224 40 39 A
1413 1223 146 41 50680;
1624 1223 136 41 State
1798 1223 52 40 of
1887 1223 202 47 Oregon,

175 1286 172 48 Salem,
379 1284 77 41 Or.

103 1407 195 63 Owen,
325 1404 174 65 John,
530 1404 172 53 1878-

171 1482 120 54 The
318 1480 252 69 running
596 1478 287 67 footman;
914 1496 79 49 or,
1021 1477 121 53 The
1171 1478 358 52 sentimental
1558 1483 246 58 servant,
1833 1476 74 68 by
1934 1477 153 54 John

104 1561 190 55 Owen.
369 1558 139 52 New
546 1557 179 67 York,
761 1557 123 52 The
917 1554 335 55 Macmillan
1291 1573 299 49 company,
1627 1557 149 50 1932.

175 1629 273 53 352 p. 19½ ᶜᵐ.
111 1700 50 52 ©
202 1705 121 38 Mar.
362 1701 67 47 18,
470 1700 112 41 1932;
651 1701 66 40 2c.
758 1701 121 39 Mar.
919 1699 81 47 19;
1043 1698 80 40 aff.
1165 1699 122 39 Mar.
1324 1698 82 46 21;
1449 1697 39 39 A
1528 1696 169 48 50258;
1741 1696 164 40 Frank
1946 1696 147 47 Elias,

179 1758 301 49 Felixstowe,
519 1757 201 46 Suffolk,
759 1755 234 48 England.
1064 1754 249 48 (32-7343)

107 1864 205 63 Patch,
340 1860 181 56 Edith
550 1860 247 64 Marion,
828 1860 168 55 1876-

173 1937 288 70 Hunting,
492 1937 75 68 by
598 1936 182 53 Edith
812 1936 80 52 M.
924 1935 183 54 Patch
1140 1935 113 53 and
1286 1933 285 55 Harrison
1607 1934 67 53 E.
1709 1934 208 68 Howe;
1954 1934 140 53 with

108 2015 245 69 pictures
397 2015 75 68 by
516 2013 250 54 Eleanor
809 2011 224 57 Osborn
1082 2012 198 53 Eadie.
1361 2012 138 53 New
1548 2011 179 69 York,
1773 2012 122 53 The
110 2012 1961 135 Macmillan

335 2109 297 52 company,
666 2093 149 50 1932.

176 2161 1921 53 viii, 161 p. col. front., illus., col. plates. 19 ᶜᵐ. [Nature and science
114 2221 336 48 readers, bk. 1]
118 2289 50 52 ©
200 2294 120 38 Mar.
352 2292 38 48 1,
421 2291 139 47 1932;
593 2292 67 41 2c.
691 2292 94 39 and
815 2290 83 40 aff.
931 2290 120 43 Mar.
1081 2291 53 44 2;
1168 2290 39 39 A
1236 2290 171 46 48734;
1441 2289 281 42 Macmillan
1754 2301 66 29 co.

192 2347 248 51 (32-7020)

182 2447 259 56 Outdoor
469 2447 181 68 visits,
679 2447 76 69 by
784 2447 182 53 Edith
996 2447 80 52 M.
1108 2448 183 52 Patch
1324 2448 113 52 and
1468 2447 286 55 Harrison
1788 2448 67 53 E.
1887 2448 210 66 Howe;

114 2524 244 69 pictures
389 2525 75 68 by
495 2524 221 70 George
746 2525 80 53 M.
859 2524 301 55 Richards.
1226 2525 139 53 New
1399 2524 180 69 York,
1611 2525 122 54 The
1765 2525 336 53 Macmillan

113 2620 293 52 company,
436 2605 151 51 1932.

182 2672 1918 55 xi, 212 p. col. front., illus., col. plates. 19 ᶜᵐ. [Nature and science
116 2732 204 46 readers,
351 2731 73 41 bk.
454 2731 41 50 2]

125 2797 51 52 ©
206 2803 118 39 Mar.
355 2803 40 48 1,
424 2801 115 41 1932;
596 2802 67 41 2c.
696 2804 94 38 and
819 2802 84 41 aff.
933 2803 121 41 Mar.
1085 2803 27 38 2;
1171 2803 40 39 A
1240 2804 147 39 48735;
1446 2802 281 42 Macmillan
1758 2814 68 30 co.

200 2857 248 52 (32-7018)

122 2959 202 67 Posey,
354 2960 253 56 William
640 2962 315 66 Campbell,
987 2968 171 50 1866-

188 3036 118 53 The
340 3036 166 55 Wills
539 3038 247 68 hospital
823 3038 63 53 of
919 3037 433 70 Philadelphia;
1390 3039 96 53 the
1519 3037 275 56 influence
1828 3038 62 53 of
122 3038 1958 140 European

313 3114 110 53 and
472 3113 221 54 British
743 3114 468 71 ophthalmology
1259 3134 154 49 upon
1463 3115 62 69 it,
1577 3115 111 53 and
1738 3116 95 52 the
1881 3120 132 62 part
2060 3113 45 55 it

124 3189 201 67 played
362 3190 58 53 in
459 3191 95 52 the
588 3191 112 53 last
736 3194 100 50 100
872 3209 162 50 years
1068 3194 62 51 in
1169 3192 336 68 developing
1543 3192 467 69 ophthalmology
2048 3191 59 52 in

126 3262 1979 76 America, by William Campbell Posey … and Samuel Horton
125 3337 1976 80 Brown … Philadelphia [etc.] J. B. Lippincott company [ ᶜ1 931]
222 3412 1272 55 x p., 1 l., 340 p. front., illus., plates, ports. 23 ᶜᵐ.
196 3468 186 42 “Books
408 3470 194 41 written
629 3472 60 47 by
715 3472 236 42 members
977 3473 53 39 of
1056 3474 80 39 the
1165 3473 145 40 staff”:
1368 3485 42 37 p.
1440 3473 216 43 270-274.

135 3536 49 51 ©
218 3541 100 42 Oct.
352 3542 55 41 27,
454 3542 139 48 1931;
629 3544 66 40 2c.
731 3546 94 38 and
859 3545 82 39 aff.
975 3545 118 40 Nov.
1128 3547 81 45 17;
1245 3546 39 38 A
1317 3546 172 46 44806;
1527 3545 109 51 City
1671 3546 51 39 of
1757 3544 352 48 Philadelphia,

200 3597 347 51 Philadelphia.
618 3599 248 49 (32-7328)

131 3695 420 71 Pouvourville,
580 3702 208 53 Albert
817 3704 89 54 de.

260 3770 1852 76 … Francis Gamier, par Albert de Pouvourville. Paris, Plon
137 3848 168 67 [1931]

200 3915 1910 63 4 p. l. , 3-253 p., 1 l. plates, ports., map, facsim. 18½ ᶜᵐ. (Les grandes
133 3970 171 49 figures
333 3977 272 43 coloniales.
664 3979 50 48 7)
