2563 4368
1097 4108 99 51 815

152 495 314 61 Germany.
539 492 223 53 Armee.

220 568 424 54 Translations:
677 569 142 55 War
851 567 209 54 diaries
1094 567 63 53 of
1190 567 250 55 German
1473 566 155 53 units
1663 564 252 70 opposed
1947 569 59 48 to
2038 563 99 54 the

153 647 217 55 Second
436 645 247 54 division
759 645 282 70 (regular)
1120 648 150 50 1918.
1344 662 51 35 v.
1461 649 47 49 3.
1551 644 257 56 Chateau
1872 642 263 70 Thierry.

149 725 400 67 Washington,
579 727 72 50 D.
686 725 80 67 C.,
798 724 218 54 Second
1047 722 265 70 division,
1343 722 318 54 Historical
1691 721 230 69 section,
1951 722 185 68 Army

150 820 118 34 war
297 803 229 67 college,
557 805 151 50 1932.

222 876 25 39 1
277 886 42 29 v.
378 874 143 48 illus.,
553 876 168 47 tables,
754 875 177 48 diagrs.
990 874 115 40 36ᶜᵐ.

223 931 392 48 Mimeographed
646 931 127 40 from
803 930 310 49 typewritten
1143 939 118 40 copy
1291 941 60 30 on
1383 942 88 29 one
1502 931 102 40 side
1636 931 52 40 of
1717 930 102 39 leaf
1848 931 126 47 only.

223 988 257 40 Foreword
510 988 192 48 signed:
736 988 171 40 Alfred
938 989 52 40 E.
1021 987 226 42 Dedicke.

156 1041 1983 52 © Apr. 20, 1932; 2c. May 31; aff. June 25; A 51913; C. O. Mattfeldt,
223 1102 333 47 Washington.

150 1191 295 67 Gleichen,
473 1193 157 54 Lord
657 1192 272 65 Edward,
961 1196 171 51 1863-

217 1269 56 53 A
299 1269 393 68 guardsman’s
716 1269 323 67 memories;
1070 1288 31 34 a
1127 1268 149 55 book
1301 1269 65 54 of
1392 1268 404 69 recollections,
1821 1269 77 68 by
1925 1267 216 69 Major-

148 1346 1994 69 General Lord Edward Gleichen … Edinburgh and London,
145 1425 90 54 W.
265 1423 346 55 Blackwood
638 1427 46 51 &
710 1443 129 36 sons
865 1425 123 66 ltd.,
1016 1427 152 52 1932.

215 1497 1268 49 viii p., 1 l., 396 p. front., plates, ports. 22½ᶜᵐ.
156 1550 1985 51 © 1c. June 2, 1932; A ad int. 16467; pubd. Apr. 5; E. Gleichen, London.
231 1610 278 49 (32-14925)

149 1687 166 64 Hale,
345 1686 254 55 William
630 1686 244 56 Harlan.

220 1762 308 68 Challenge
570 1767 58 47 to
672 1761 218 67 defeat;
936 1762 234 52 modern
1214 1779 132 35 man
1390 1761 63 55 in
1496 1760 260 56 Goethe’s
1798 1760 182 54 world
2026 1761 112 54 and

148 1838 321 69 Spengler’s
492 1845 250 62 century,
765 1837 76 70 by
862 1836 259 55 William
1144 1837 226 53 Harlan
1394 1838 167 55 Hale.
1620 1837 138 54 New
1784 1837 179 70 York,
147 1838 1968 145 Harcourt,

358 1916 180 53 Brace
572 1915 114 54 and
720 1932 278 52 company
1040 1916 194 68 [ᶜ1932]

216 1985 609 51 5 p. l., 3-209 p. 22½ᶜᵐ.
218 2043 161 42 “First
409 2042 227 43 edition.”

155 2100 51 51 ©
236 2104 113 46 May
375 2103 68 47 12,
471 2101 140 48 1932;
640 2102 67 41 2c.
736 2103 94 38 and
859 2101 82 41 aff.
970 2103 113 46 May
1111 2102 81 46 16;
1222 2101 41 40 A
1291 2102 170 47 51327;
1490 2103 72 40 W.
1592 2103 60 40 H.
1682 2104 139 48 Hale,
1850 2103 117 39 New
1996 2103 143 39 York.

233 2160 277 49 (32-14459)

150 2234 230 66 Harris,
411 2235 280 65 Erdman,
727 2239 169 50 1898-

218 2312 137 53 New
389 2312 262 67 learning
687 2311 59 52 in
784 2312 94 51 old
915 2311 217 68 Egypt,
1165 2310 76 68 by
1275 2311 258 52 Erdman
1570 2310 238 68 Harris;
1848 2330 163 35 cover
147 2314 1969 144 design
312 2390 112 52 and
460 2389 353 53 decorations
850 2389 75 67 by
962 2388 95 53 the
1095 2388 220 53 author.
1388 2389 139 53 New
1565 2388 179 69 York,
1779 2389 361 54 Association

148 2485 173 50 press,
350 2470 149 49 1932.

220 2539 528 50 5 p. l., 99 p. 19½ᶜᵐ.
219 2597 140 40 Head
385 2598 95 38 and
508 2596 89 40 tail
624 2595 172 49 pieces.

221 2654 41 39 A
288 2652 293 48 description
608 2652 52 40 of
685 2653 82 39 the
795 2651 186 48 project
1009 2661 61 29 on
1097 2651 179 48 village
1301 2652 167 39 health
1496 2652 134 40 work
1656 2652 51 40 in
1735 2654 158 48 Egypt
1920 2652 142 49 given
2090 2657 49 38 to

151 2720 27 29 a
204 2711 125 38 class
355 2709 50 39 in
432 2711 80 38 the
537 2707 258 41 American
822 2706 271 49 university
1119 2710 52 37 at
1198 2707 158 41 Cairo.

159 2763 51 51 ©
244 2767 112 46 May
387 2766 68 47 18,
487 2764 141 47 1932;
661 2765 66 39 2c.
763 2766 94 38 and
890 2763 82 41 aff.
1006 2765 113 46 May
1151 2763 82 48 20;
1270 2764 41 39 A
1343 2765 169 47 51425;
1550 2766 206 40 General
1789 2767 152 40 board
1975 2768 52 39 of
2059 2769 81 38 the

226 2823 167 48 Young
417 2822 146 40 men’s
590 2821 249 41 Christian
866 2820 332 48 associations,
1225 2822 116 39 New
1367 2822 144 40 York.
1581 2822 280 49 (32-14431)

154 2898 216 64 Hayes,
398 2897 262 65 Harriet,
691 2901 172 50 1884-

219 2975 290 67 Planning
563 2975 283 52 residence
902 2973 147 54 halls
1105 2974 95 52 for
1252 2975 463 67 undergraduate
1768 2976 256 53 students
2080 2979 57 52 in

150 3052 303 53 American
494 3053 237 67 colleges
774 3052 113 52 and
928 3051 387 68 universities;
1360 3071 31 34 a
1431 3052 305 54 handbook
1776 3053 97 55 for
1909 3056 96 51 the
2045 3073 98 35 use

151 3128 64 53 of
260 3130 207 68 college
513 3130 206 53 officers
765 3130 113 52 and
921 3129 274 53 members
1241 3129 64 53 of
1347 3130 266 69 building
1658 3131 363 69 committees,
2066 3134 75 68 by

150 3206 1966 132 Harriet Hayes … New York city, Teachers college, Colum bia
270 3284 332 69 university,
632 3288 150 49 1932.

255 3389 9 17 v,
295 3358 69 49 [1],
391 3358 86 41 247
503 3369 41 37 p.
605 3358 128 40 illus.
762 3357 188 48 (plans)
1016 3358 146 40 23½ᶜᵐ.

224 3415 170 39 Issued
427 3417 103 38 also
563 3426 53 29 as
651 3414 152 40 thesis
832 3413 106 48 (ph.
973 3414 67 47 d.)
1083 3414 250 41 Columbia
1369 3414 285 49 university.

225 3470 343 41 “References”
597 3474 51 36 at
675 3472 91 38 end
793 3470 52 40 of
871 3481 129 29 some
1028 3470 51 39 of
1105 3471 81 39 the
1213 3472 240 46 chapters.

161 3523 51 51 ©
248 3528 112 47 May
391 3527 40 47 2,
465 3526 139 48 1932;
640 3527 67 40 2c.
741 3528 114 46 May
888 3527 82 46 12;
1007 3526 80 41 aff.
1125 3528 113 47 May
1271 3527 83 48 25;
1391 3528 43 39 A
1466 3529 169 47 51504;
1674 3530 238 40 Teachers
1948 3533 191 47 college,

229 3584 247 40 Columbia
502 3583 283 48 university,
810 3584 117 39 New
951 3584 144 39 York.
1166 3583 279 51 (32-14429)

156 3657 300 65 Heinrich,
484 3659 145 52 Karl
655 3660 377 63 Borromaus,
1063 3664 172 50 1884-

158 3734 1960 148 Menschen des Übergangs, roman von Karl Borromaus Heinrich … München, J. Kösel & F. Pustet [ ᶜ1 931]
228 3885 98 48 278,
358 3885 55 49 [1]
444 3896 42 37 p.
546 3884 115 41 19ᶜᵐ.

163 3938 1977 56 © Nov. 12, 1931; 1c. Feb. 25, 1932; A—Foreign 15912; Josef Kösel &
232 3997 248 40 Friedrich
506 3998 182 48 Pustet,
714 3998 45 43 k.
786 4009 39 37 g.
854 4011 42 30 a.
923 4012 42 28 a.
1035 4000 277 49 (32-14473)
