2563 4368
1102 4030 102 51 201

186 511 556 54 3 p. l., 293 p. 19 ½ᶜᵐ .
454 605 70 19 CONTENTS.—
526 583 100 39 The
672 579 211 49 bishop’s
927 577 213 49 nephew.
1143 599 57 6 —
1207 574 211 42 Sunrise.
1422 596 58 7 —
1482 573 101 39 The
1629 570 215 50 princess
1888 571 94 39 and
2031 568 81 42 the

120 639 394 51 plumber.—One
545 636 403 43 emerald.—Just
980 635 97 38 like
1111 643 160 38 young
1303 632 170 39 lovers.

126 712 51 52 ©
209 716 109 37 Feb.
348 716 56 36 20,
505 712 84 45 1932;
622 712 67 39 2c.
720 711 121 39 Mar.
869 711 26 35 4;
956 707 82 39 aff.
1071 706 120 39 Mar.
1225 705 80 45 17;
1339 704 42 39 A
1409 701 144 41 49163;
1613 702 53 39 A.
1702 699 56 42 D.
1791 699 175 47 Miller,
1997 696 117 41 New

195 772 142 39 York.
407 767 280 50 (32-26290)

125 875 193 64 Mims,
350 873 189 62 Mary.

195 950 118 51 The
343 945 336 69 awakening
704 943 367 67 community,
1098 941 74 58 by
1200 942 168 67 Mary
1397 937 191 68 Mims,
1615 936 60 53 in
1702 931 412 58 collaboration

126 1026 136 53 with
322 1023 246 70 Georgia
628 1021 284 57 Williams
971 1019 237 59 Moritz;
1268 1018 139 52 with
1466 1035 71 33 an
1594 1013 389 54 introduction
2038 1011 76 70 by

128 1092 1989 79 Charles W. Pipkin … New York, The Macmillan company,
134 1186 145 53 1932.

197 1254 148 41 xxvii.
381 1254 83 40 273
500 1263 41 39 p.
604 1251 143 40 19½ᶜᵐ.

206 1323 144 40 Deals
376 1323 183 48 largely
590 1322 117 39 with
742 1321 77 41 the
851 1321 131 38 work
1014 1320 50 39 of
1096 1318 119 42 Miss
1244 1318 141 40 Mims
1416 1317 48 42 in
1496 1314 284 49 organizing
1810 1315 79 39 the
130 1322 1975 99 communities

305 1380 52 39 of
388 1378 260 41 Louisiana.
750 1379 35 47 cf.
846 1379 157 37 Introd.

233 1438 257 45 “Programs
518 1435 78 39 for
625 1434 293 47 community
951 1432 219 48 nights”:
1203 1443 42 37 p.
1278 1429 246 52 [163]-273.

135 1503 51 53 ©
223 1507 110 41 Feb.
367 1507 54 37 23,
529 1506 55 37 1932;
645 1506 66 39 2c.
746 1504 94 40 and
876 1503 80 40 aff.
998 1504 105 38 Feb.
1139 1504 81 40 24;
1258 1503 40 37 A
1331 1500 170 47 48607;
1542 1498 278 41 Macmillan
1856 1508 66 30 co.

213 1563 278 48 (32-26213)

133 1665 327 67 Mortimer,
492 1665 328 64 Raymond.

202 1741 120 54 The
349 1740 219 52 French
598 1740 277 67 pictures;
905 1759 26 32 a
960 1738 165 53 letter
1151 1744 58 45 to
1235 1734 235 55 Harriet
1505 1770 12 33 [
1523 1735 60 68 by
1601 1768 13 34 ]
1648 1731 301 70 Raymond
134 1730 1970 142 Mortimer.

388 1817 255 67 London,
682 1817 63 52 L.
787 1819 50 51 &
878 1813 267 69 Virginia
1183 1813 197 53 Woolf
1419 1820 59 47 at
1516 1813 94 50 the
1650 1810 264 68 Hogarth
1955 1825 173 52 press,

137 1898 148 50 1932.

203 1961 1371 53 31 p. 18½ ᶜᵐ . (Halt-title: Hogarth letters. no. 4)
206 2023 70 41 On
307 2033 140 30 cover
464 2033 9 28 :
503 2023 41 39 A
573 2024 145 37 letter
749 2032 58 29 on
839 2022 82 38 the
950 2019 189 40 French
1169 2019 227 48 pictures.

143 2093 51 53 ©
225 2099 66 40 1c.
324 2097 107 39 Feb.
464 2097 65 45 17,
561 2095 111 40 1932;
734 2096 39 38 A
804 2095 60 39 ad
896 2093 84 40 int.
1014 2091 169 48 16071;
1217 2092 141 47 pubd.
1391 2090 107 41 Jan.
1531 2092 53 45 2;
1620 2089 260 49 Harcourt,
1912 2087 156 40 Brace
2099 2086 36 41 &

210 2164 80 36 co.,
326 2153 104 46 inc.,
465 2153 115 41 New
616 2151 142 40 York.
829 2149 249 49 (32-6563)

141 2256 278 53 National
450 2254 354 55 association
836 2253 63 52 of
927 2251 255 54 railroad
1211 2252 115 51 and
1357 2249 251 55 utilities
1636 2248 495 55 commissioners.

272 2325 1862 75 … Proceedings of forty-third annual convention, held at
144 2409 338 68 Richmond,
514 2407 286 70 Virginia,
831 2408 244 55 October
1105 2410 67 50 20
1202 2414 59 47 to
1292 2410 85 63 23,
1409 2409 150 50 1931.
1634 2406 139 52 New
1805 2405 165 53 York
1999 2404 134 71 city,

145 2487 272 54 National
463 2485 336 55 association
843 2487 63 52 of
951 2485 253 54 railroad
1248 2486 113 52 and
1402 2485 241 54 utilities
1685 2483 450 57 commissioners

224 2569 119 64 [ ᶜ1 932 ]
215 2636 1136 53 xiii, 496 p. front. (port.) diagrs. 23½ ᶜᵐ .
151 2704 51 54 ©
237 2708 107 40 Jan.
377 2708 69 46 27,
480 2707 140 49 1932;
654 2709 68 40 2c.
755 2707 110 42 Feb.
901 2709 50 44 1;
988 2707 81 40 aff.
1105 2707 111 44 Feb.
1248 2708 53 46 2;
1337 2708 40 38 A
1408 2706 172 49 48298;
1617 2708 128 40 Natl.
1781 2717 111 29 assn.
1944 2707 51 39 of
221 2706 1900 99 railroad

369 2768 36 37 &
437 2764 205 42 utilities
675 2764 401 42 commissioners.

149 2868 278 55 National
456 2869 315 53 industrial
801 2867 344 56 conference
1176 2869 199 53 board.

219 2945 122 52 The
367 2944 364 69 competitive
757 2945 251 68 position
1035 2945 64 52 of
1126 2947 123 51 coal
1273 2946 63 51 in
1361 2945 96 54 the
1483 2945 218 56 United
1731 2946 208 56 States.
1998 2946 142 54 New

155 3022 175 68 York,
357 3022 272 54 National
656 3022 308 55 industrial
993 3021 330 57 conference
1349 3023 197 69 board,
1572 3024 128 66 inc.,
1729 3027 150 50 1931.

219 3094 96 45 xvi,
348 3094 85 39 288
465 3104 41 37 p.
568 3094 128 40 illus.
725 3093 184 50 (maps)
952 3093 178 49 diagrs.
1192 3094 146 42 23½ᶜᵐ.

249 3151 100 39 “The
386 3154 194 44 present
617 3151 187 39 volume
841 3150 88 40 has
966 3151 116 39 been
1119 3152 235 48 prepared
1393 3151 59 48 by
1487 3152 188 40 Walter
1713 3150 59 43 H.
1811 3152 198 39 Voskuil
2048 3152 93 41 and

151 3209 53 38 A.
232 3207 53 40 G.
314 3207 161 40 White
501 3207 95 40 and
625 3205 500 43 assistants.”—Pref.

158 3276 52 53 ©
241 3281 108 39 Feb.
379 3281 69 46 19,
477 3280 113 41 1932;
647 3281 67 38 2c.
745 3281 94 39 and
869 3279 80 39 aff.
981 3281 121 38 Mar.
1131 3278 53 49 9;
1216 3281 40 37 A
1284 3279 172 49 48875;
1487 3279 232 41 National
1749 3279 263 42 industrial
228 3286 1901 91 conference
447 3337 163 44 board,
642 3337 92 40 inc.
804 3335 278 50 (32-26249)

150 3440 180 64 Neve,
358 3439 258 65 Juergen
644 3438 264 64 Ludwig,
940 3444 170 49 1865-

224 3516 173 69 Story
438 3520 113 53 and
593 3516 361 68 significance
996 3519 65 53 of
1102 3519 95 53 the
1238 3517 313 68 Augsburg
1593 3517 319 56 confession
1957 3537 72 34 on
2073 3519 73 51 its

156 3589 1990 80 four hundredth anniversary, by Dr. J. L. Neve … Burlington,
190 3692 45 34 Ia.,
282 3674 122 51 The
429 3673 293 53 Lutheran
750 3673 236 66 literary
1013 3674 196 64 board,
1241 3677 147 48 1930.

296 3740 399 50 xv, 152 p. 20½ ᶜᵐ .
229 3798 178 40 Errata
436 3798 90 49 slip
556 3799 228 40 inserted.

168 3863 52 53 ©
254 3871 111 45 May
398 3870 69 45 15,
498 3868 117 41 1930;
670 3872 67 38 2c.
771 3869 109 40 Feb.
914 3870 69 43 12,
1015 3868 141 49 1932;
1190 3869 83 41 aff.
1307 3870 110 40 Feb.
1451 3869 83 47 13;
1569 3870 41 38 A
1638 3868 173 48 48467;
1846 3869 44 42 J.
1924 3868 51 39 L.
2008 3866 145 49 Neve,

239 3924 299 50 Springfield,
573 3926 133 39 Ohio.
778 3926 249 50 (32-4878)
