2563 4368
1077 4064 65 53 97

131 432 283 66 Addison,
443 434 214 62 Taylor
688 432 277 64 Garland,
999 438 170 49 1894-

260 511 1869 71 … Reorganization of the financial administration of the
129 591 342 53 Dominican
522 590 274 68 republic,
845 590 76 69 by
970 589 214 69 Taylor
1237 589 69 55 G.
1358 588 281 53 Addison.
1726 589 403 69 Washington,

129 668 120 53 The
275 667 325 69 Brookings
628 667 347 69 institution,
1006 669 151 51 1931.

236 746 1892 49 x, 105 p. incl. forms. 23 ᶜᵐ . (The Brookings institution. Pamphlet
128 804 163 47 series,
319 815 74 29 no.
421 803 51 48 8)

197 874 280 41 Half-title:
514 874 100 40 The
652 874 234 40 Institute
921 874 81 39 for
1035 875 314 46 government
1386 875 225 38 research
1649 873 51 40 of
1735 873 82 41 the
1857 874 271 47 Brookings

125 930 296 41 institution.

132 996 51 52 ©
211 1001 110 41 Dec.
349 1002 69 42 31,
446 1000 140 48 1931;
615 1001 67 40 2c.
712 1002 108 39 Jan.
849 1002 39 46 7,
917 1001 139 47 1932;
1089 1000 80 41 aff.
1200 1002 109 39 Jan.
1339 1002 52 46 8;
1421 1001 42 39 A
1489 1000 171 49 45909;
1693 1001 272 48 Brookings
199 1000 1913 98 institution.
443 1058 251 48 (32-3363)

123 1162 274 64 Æsopus.

194 1242 120 54 The
343 1242 182 53 fables
551 1242 64 53 of
639 1243 203 68 Æsop,
867 1244 327 53 illustrated
1218 1244 76 69 by
1322 1242 237 55 Charles
1584 1244 78 52 H.
1690 1245 265 66 Bennett,
125 1262 1979 127 compiled

325 1322 114 52 and
482 1321 140 53 with
667 1340 70 34 an
781 1322 391 53 introduction
1216 1321 76 70 by
1334 1322 194 54 Willis
1572 1322 65 52 L.
1679 1322 236 52 Parker.
1991 1322 136 53 New

125 1399 1338 70 York, Illustrated editions company [ ᶜ1 931 ]
189 1482 1179 50 2 p. l., 11-222 p. incl. plates. front. 24½ ᶜᵐ .
128 1548 51 53 ©
202 1554 118 40 Nov.
344 1553 39 48 9,
407 1553 112 41 1931;
574 1555 67 40 2c.
667 1554 109 41 Jan.
801 1553 69 49 29,
895 1553 114 41 1932;
1064 1553 81 41 aff.
1171 1554 112 41 Dec.
1309 1552 69 49 29,
1404 1553 112 41 1931;
1572 1554 42 39 A
1637 1553 144 41 47293;
1838 1554 289 39 Illustrated

191 1610 212 41 editions
435 1620 81 38 co.,
551 1611 91 40 inc.
706 1608 68 52 [©
807 1611 346 47 introduction,
1188 1622 105 29 new
1327 1614 193 45 matter]
1594 1610 252 49 (32-3004)

126 1711 349 68 Alexander,
507 1714 316 55 Frederick
853 1714 312 66 Matthias,
1198 1721 172 49 1869-

191 1792 120 53 The
354 1811 95 34 use
492 1792 65 52 of
598 1793 97 52 the
736 1792 127 66 self,
905 1793 74 52 its
1022 1792 289 54 conscious
1355 1792 279 54 direction
1677 1790 58 55 in
1777 1793 243 52 relation
2063 1798 60 48 to

119 1868 308 69 diagnosis,
483 1869 368 70 functioning
904 1872 112 52 and
1068 1872 95 51 the
1219 1872 219 52 control
1493 1869 64 54 of
1607 1870 270 69 reaction,
1928 1871 75 67 by
2056 1873 65 51 F.

118 1945 2004 72 Matthias Alexander … with an introduction by Professor
118 2024 1928 72 John Dewey. New York, E. P. Dutton and co., inc. [ ᶜ1 932 ]
187 2098 100 50 xix,
319 2100 83 40 143
433 2111 43 37 p.
537 2099 146 41 19½ᶜᵐ.

191 2169 162 42 “First
384 2169 228 42 edition.”

125 2237 1999 52 © Jan. 15, 1932; 2c. and aff. Jan. 19; A 46974; E. P . Dutton & co., inc.
201 2297 250 49 (32-3155)

117 2401 355 66 Alexander,
501 2404 188 54 Irene.

185 2478 159 55 Villa
374 2478 238 69 caprice,
643 2479 73 66 by
747 2480 162 51 Irene
942 2478 340 53 Alexander.
1354 2477 425 69 Philadelphia,
1809 2480 121 51 The
1962 2481 157 51 Penn

117 2555 856 69 publishing company [ ᶜ1 932]
184 2625 88 41 299
302 2637 43 38 p.
406 2625 146 43 19½ᶜᵐ.

124 2696 51 51 ©
204 2700 109 39 Jan.
344 2700 69 46 16,
441 2699 114 41 1932;
614 2699 65 40 2c.
710 2701 96 39 and
837 2698 81 41 aff.
950 2699 110 41 Feb.
1089 2700 27 38 4;
1175 2699 41 39 A
1243 2699 145 41 48293;
1448 2701 134 39 Penn
1610 2701 109 47 pub.
1750 2712 67 30 co.

198 2756 250 49 (32-3291)

115 2861 315 53 American
462 2860 226 64 society
719 2860 98 53 for
849 2859 230 66 testing
1109 2860 327 56 materials.

189 2936 365 69 Symposium
603 2956 73 34 on
725 2936 266 69 welding,
1039 2938 134 52 held
1220 2943 59 47 at
1326 2938 95 52 the
1469 2937 343 70 Pittsburgh
1862 2940 255 67 regional

115 3015 264 69 meeting,
421 3013 307 55 American
767 3013 211 70 society
1022 3014 93 53 for
1153 3014 215 69 testing
1407 3016 310 68 materials,
1756 3014 362 71 Pittsburgh,

115 3093 118 67 Pa.,
261 3094 202 53 March
495 3098 83 63 18,
608 3096 150 50 1931.
834 3091 427 70 Philadelphia,
1291 3095 120 66 Pa.,
1444 3092 306 55 American
1782 3096 210 68 society
2024 3096 94 53 for

114 3171 212 68 testing
350 3171 291 53 materials
674 3174 172 65 [1931]

185 3243 773 49 152 p. illus., diagrs. 23½ ᶜᵐ .
121 3312 51 51 ©
198 3317 109 39 Dec.
333 3316 67 47 18,
426 3315 112 41 1931;
593 3316 67 39 2c.
685 3316 108 39 Jan.
819 3314 69 49 25,
915 3314 113 40 1932;
1084 3314 81 40 aff.
1193 3315 112 40 Dec.
1330 3316 70 45 24,
1428 3315 112 41 1931;
1596 3317 39 39 A
1661 3317 146 44 47197;
1862 3319 256 41 American

187 3373 181 47 society
399 3373 76 38 for
506 3372 183 48 testing
717 3372 266 40 materials.
1055 3371 251 47 (32-3375)

116 3472 337 69 Archibald,
483 3474 300 53 Ebenezer
811 3476 226 64 Henry,
1068 3476 172 54 1873-

183 3553 119 51 The
350 3552 369 68 preparation
768 3551 64 52 of
880 3570 140 49 pure
1069 3552 296 68 inorganic
1414 3553 342 69 substances,
1803 3557 74 68 by
1926 3559 66 51 E.
2041 3560 75 51 H.

114 3628 2003 74 Archibald … New York, J. Wiley & sons, inc.; London,
115 3705 296 67 Chapman
441 3709 46 49 &
515 3706 160 67 Hall,
704 3707 242 65 limited,
978 3709 151 49 1932.

219 3776 1053 52 x, 383 p. illus., diagrs. 22½ ᶜᵐ . $3.75
183 3835 413 49 Bibliographical
623 3836 280 40 foot-notes.

120 3900 50 52 ©
205 3906 108 39 Jan.
346 3906 54 39 25,
448 3905 113 40 1932;
623 3905 67 40 2c.
725 3906 109 39 Jan.
869 3905 82 45 28;
988 3904 81 40 aff.
1106 3906 109 39 Jan.
1251 3905 56 40 27;
1371 3906 41 39 A
1444 3908 171 48 47278;
1654 3912 53 40 E.
1743 3913 61 44 H.
1837 3914 279 48 Archibald,

187 3962 294 48 Vancouver,
526 3962 212 40 Canada.
809 3961 252 48 (32-3207)
