2563 4368
1373 4042 98 51 180

412 583 1968 131 fred Williams Anthony … New York, Committee on financial
553 664 110 52 and
699 661 279 69 fiduciary
1007 667 252 56 matters,
1293 663 235 52 Federal
1568 662 219 54 council
1820 664 62 53 of
1914 665 93 51 the
2039 666 270 51 churches
2342 665 64 52 of

414 739 196 54 Christ
639 742 59 51 in
727 740 281 65 America,
1039 745 147 48 1931.

485 812 85 41 148
596 824 42 36 p.
701 812 116 40 21ᶜᵐ.
887 810 154 43 (Wise
1068 811 161 48 public
1253 811 164 49 giving
1442 811 163 48 series,
1635 822 74 30 no.
1734 812 80 47 36)

420 866 51 51 ©
501 871 127 39 June
653 871 38 45 1,
722 869 110 40 1931;
890 869 67 41 2c.
988 869 107 40 Feb.
1124 871 40 41 3.
1194 869 113 41 1932;
1365 869 81 40 aff.
1477 869 110 43 Feb.
1616 870 26 38 2;
1700 869 39 39 A
1767 869 143 41 48263;
1971 869 168 41 Alfred
2169 870 240 40 Williams

487 927 239 47 Anthony,
757 927 117 39 New
902 926 141 39 York.
1115 926 250 49 (32-4608)

410 1030 230 64 Cooley,
669 1029 257 53 Thomas
955 1030 320 63 McIntyre,
1307 1034 324 51 1824-1898.

486 1110 55 51 A
579 1106 230 55 treatise
848 1126 73 34 on
957 1108 95 52 the
1090 1108 109 52 law
1239 1106 64 53 of
1339 1112 163 62 torts,
1541 1125 63 36 or
1643 1108 95 52 the
1775 1125 226 51 wrongs
2040 1107 185 54 which
2264 1108 144 53 arise

416 1184 445 69 independently
898 1184 64 53 of
994 1190 270 61 contract,
1299 1185 73 67 by
1408 1186 248 52 Thomas
1690 1187 78 50 M.
1807 1186 227 67 Cooley,
2141 1230 9 8 LL.
2226 1229 8 9 D.
2310 1189 99 50 4th

416 1261 1969 148 ed., by D. Avery Haggard … Chicago, Callaghan and company, 1932.
490 1414 26 40 3
577 1445 9 8 v.
645 1413 147 41 24½ᶜᵐ.

493 1470 179 40 Pocket
707 1469 163 41 device
904 1480 60 30 on
998 1469 155 41 inside
1187 1469 52 40 of
1270 1469 122 40 back
1425 1479 140 30 cover
1600 1468 51 41 of
1685 1469 118 40 each
1838 1470 204 40 volume.

425 1525 51 51 ©
511 1528 110 41 Feb.
655 1527 68 45 10,
756 1527 113 40 1932;
931 1527 65 40 2c.
1031 1527 118 40 each
1182 1528 94 39 and
1310 1526 81 40 aff.
1428 1527 109 40 Feb.
1573 1526 54 40 15;
1691 1527 40 39 A
1763 1526 145 41 47629;
1973 1526 269 50 Callaghan
2276 1527 38 41 &
2346 1537 67 32 co.

502 1585 251 49 (32-4615)

416 1669 322 66 Cornelius,
767 1669 197 54 Asher
992 1670 189 65 Lynn,
1214 1671 170 54 1879-

491 1747 161 53 Trial
692 1746 227 69 tactics;
962 1767 31 33 a
1033 1747 147 53 book
1220 1746 64 53 of
1325 1745 355 70 suggestions
1720 1766 72 34 on
1832 1748 94 51 the
1967 1747 135 52 trial
2142 1745 62 57 of
2245 1767 167 46 cases,

420 1824 333 70 containing
788 1825 288 68 pertinent
1113 1826 289 55 addresses
1435 1825 76 68 by
1546 1844 171 50 many
1753 1825 362 54 well-known
2150 1825 137 53 trial

422 1844 1991 127 experts. By Asher L. Cornelius … Albany, N. Y., New York
421 1981 133 68 city,
587 1983 79 53 M.
702 1982 225 52 Bender
960 1985 45 49 &
1038 1998 295 50 company,
1367 1981 416 67 incorporated,
1822 1985 148 49 1932.

495 2039 63 64 ix,
584 2054 85 41 600
696 2065 43 38 p.
802 2054 145 40 23½ᶜᵐ.

428 2109 51 51 ©
512 2113 108 39 Feb.
653 2113 67 45 13,
752 2111 140 47 1932;
924 2110 67 40 2c.
1024 2112 93 39 and
1150 2109 80 41 aff.
1263 2110 95 40 Feb
1390 2110 81 46 15;
1505 2110 40 39 A
1573 2110 172 48 47667;
1781 2110 235 41 Matthew
2048 2111 188 39 Bender
2267 2111 38 41 &
2333 2120 83 38 co.,

494 2169 90 40 inc.
655 2168 250 48 (32-4616)

420 2257 220 66 Cullen,
671 2259 278 63 Countee,
981 2262 171 50 1903-

494 2335 123 55 One
661 2353 126 50 way
829 2340 57 47 to
928 2335 233 65 heaven,
1203 2333 74 69 by
1322 2333 248 54 Countee
1618 2333 218 54 Cullen.
1912 2333 137 53 New
2096 2331 162 54 York
2302 2333 107 52 and

425 2414 256 65 London,
709 2414 234 67 Harper
972 2415 50 50 &
1051 2412 278 68 brothers,
1361 2415 150 50 1932.

495 2486 643 51 4 p. l., [3]-280 p. 20ᶜᵐ.
497 2544 161 41 “First
692 2543 224 42 edition.”

431 2598 51 51 ©
521 2602 108 41 Feb.
666 2602 68 47 17,
771 2600 140 47 1932;
948 2600 68 39 2c.
1052 2600 109 39 Feb.
1199 2600 81 46 17;
1320 2599 81 40 aff.
1439 2599 109 40 Feb.
1586 2600 81 46 19;
1707 2599 40 40 A
1782 2599 171 47 47720;
1994 2599 48 41 C.
2155 2599 109 46 Cullen,
2303 2599 116 40 New

499 2659 141 38 York.
712 2656 250 49 (32-4559)

422 2749 267 64 Cutting,
720 2749 205 62 Henry
956 2746 259 56 Colman.

496 2824 290 68 Liquefied
810 2823 208 53 wealth;
1074 2843 31 32 a
1129 2843 130 34 cure
1285 2823 93 53 for
1402 2823 266 53 financial
1693 2822 405 68 racketeering,
2123 2822 75 68 by
2214 2823 202 66 Henry

428 2898 1748 71 C. Cutting … Oakland, Calif., H. C. Cutting [ ᶜ1932 ]
496 2975 64 49 xi,
591 2975 98 48 191,
722 2975 54 49 [1]
808 2986 42 36 p.
910 2974 128 40 illus.
1097 2972 116 42 20ᶜᵐ.

500 3031 346 41 “References”:
908 3041 43 38 p.
980 3029 101 42 viii.

434 3087 51 51 ©
516 3091 107 40 Jan.
653 3089 69 48 30,
752 3088 112 41 1932;
923 3088 65 40 2c.
1020 3088 111 40 Feb.
1161 3087 27 40 8;
1245 3086 80 41 aff.
1357 3087 110 39 Feb.
1497 3086 55 39 12;
1609 3086 42 39 A
1678 3085 148 41 47579;
1882 3086 60 39 H.
2012 3115 8 9 C.
2053 3084 213 49 Cutting,
500 3084 1903 111 Oakland,

657 3146 142 41 Calif.
870 3144 250 48 (32-4607)

432 3231 1983 135 The cyclopedia of medicine; George Morris Piersol … editor-in-chief
767 3309 1649 69 and Edward L. Bortz … assistant editor … Amply
502 3391 324 52 illustrated
864 3390 140 53 with
1041 3394 121 48 cuts
1203 3390 109 52 and
1353 3390 285 68 full-page

1674 3389 165 52 black
1878 3389 111 52 and
2026 3389 153 54 color
2215 3389 200 68 plates.

543 3514 9 10 v.
581 3473 46 47 3.
703 3467 424 68 Philadelphia,
1153 3470 64 50 F.
1245 3469 68 52 A.
1343 3467 180 54 Davis
1549 3486 277 50 company
1859 3500 13 34 [
1900 3470 134 49 ᶜ1932
2039 3498 12 34 ]

501 3541 130 47 xxvi,
668 3541 82 40 873
784 3552 42 37 p.
887 3541 142 42 illus.,
1065 3541 157 47 plates
1250 3540 137 48 (part
1419 3541 111 46 col.)
1574 3542 168 47 tables,
1778 3541 177 47 diagrs.
2015 3540 145 40 26½ᶜᵐ.

437 3593 50 52 ©
515 3599 109 41 Jan.
651 3599 38 47 5,
717 3598 138 46 1932;
884 3597 66 41 2c.
979 3598 107 39 Jan.
1114 3598 82 46 26;
1226 3597 80 40 aff.
1335 3598 109 39 Jan.
1471 3597 82 47 25;
1584 3598 39 39 A
1647 3597 171 47 47233;
1849 3598 50 38 F.
1928 3597 54 40 A.
2011 3596 151 40 Davis
2189 3607 65 30 co.

428 3685 206 65 Essex,
663 3688 128 51 Don
818 3688 85 62 L.,
934 3692 170 49 1893-

504 3763 269 68 Bonding
818 3781 191 34 versus
1057 3780 438 54 pay-as-you-go
1541 3764 59 52 in
1645 3764 95 53 the
1786 3763 289 68 financing
2120 3762 65 54 of
2229 3763 189 53 school

431 3839 1985 70 buildings, by Don L. Essex … New York city, Teachers
432 3918 226 69 college,
691 3918 298 55 Columbia
1023 3918 333 69 university,
1391 3922 150 50 1931.
