2563 4368
1095 4122 131 52 1889

163 510 285 64 Apuleius
477 511 412 52 Madaurensis.

233 587 121 53 The
391 588 207 68 golden
638 606 105 49 ass,
781 587 74 69 by
894 587 297 67 Apuleius,
1230 587 313 52 translated
1582 586 76 68 by
1695 587 147 54 Jack
1880 586 271 67 Lindsay,

163 665 322 53 illustrated
526 665 76 67 by
644 665 163 53 Perci
811 666 95 52 val
949 666 313 54 Goodman.
1337 666 139 51 New
1518 665 179 66 York,
1739 665 120 51 The
1902 663 249 54 Limited

162 742 243 53 editions
434 742 143 67 club,
609 746 149 50 1932.

233 813 1309 51 2 p. l., [iii]-xiii p., 2 l., 392 p., 1 l. illus. 26½ᶜᵐ.
236 869 1915 51 “This new translation … is printed in an edition of fifteen hundred
164 927 159 48 copies
348 928 79 40 for
454 929 81 40 the
564 927 235 42 members
827 928 52 40 of
907 929 81 40 the
1016 927 207 40 Limited
1255 926 208 42 editions
1490 928 108 39 club
1628 928 59 46 by
1717 927 125 40 John
1876 928 43 40 S.
1952 928 120 40 Fass
2102 931 50 37 at

164 987 81 39 the
270 986 194 40 Harbor
489 994 134 38 press
649 985 50 39 in
725 986 118 40 New
867 985 143 47 York,
1037 986 82 39 the
1146 984 327 41 illustrations
1500 984 140 48 being
1668 985 61 47 by
1756 985 220 39 Percival
163 985 1972 96 Goodman

303 1044 106 39 who
439 1044 113 38 here
580 1042 133 47 signs
741 1041 76 41 his
845 1052 156 31 name.
1060 1042 118 40 This
1205 1041 42 41 is
1277 1052 118 37 copy
1423 1043 200 39 number
1653 1041 253 48 copyright
1936 1042 161 48 copy.”

167 1109 52 53 ©
244 1114 102 40 Oct.
368 1113 69 46 25,
463 1113 111 41 1932;
627 1113 67 41 2c.
719 1115 95 38 and
838 1113 82 40 aff.
945 1113 112 40 Dec.
1081 1113 55 40 16;
1189 1113 41 39 A
1254 1113 141 40 57503;
1450 1112 208 43 Limited
1684 1113 208 41 editions
1918 1112 120 49 club,
2066 1113 90 40 inc.

244 1171 220 47 (33-458)

165 1274 240 64 Arnold,
436 1276 100 52 Sir
566 1274 224 65 Edwin,
825 1279 323 51 1832-1904.

233 1351 122 53 The
376 1352 150 68 light
550 1352 64 53 of
636 1352 138 53 Asia;
834 1371 79 38 or.
937 1353 119 52 The
1081 1360 158 60 great
1299 1351 361 55 renunciation
1695 1352 432 68 (Mahâbhinish
163 1429 303 68 kramana)

510 1429 170 69 being
712 1431 94 51 the
841 1428 104 54 life
981 1431 111 51 and
1126 1430 265 68 teaching
1428 1429 63 53 of
1524 1431 302 67 Gautama,
1861 1431 195 66 prince
2091 1431 63 52 of

165 1507 170 53 India
361 1508 112 53 and
500 1506 245 54 founder
771 1507 63 53 of
860 1508 322 53 Buddhism
1220 1509 87 66 (as
1333 1508 121 52 told
1479 1507 59 55 in
1564 1526 155 35 verse
1744 1508 76 68 by
1845 1525 71 35 an
1942 1508 211 53 Indian

166 1584 1988 71 Buddhist) By Sir Edwin Arnold … illustrated by Willy
165 1661 1791 73 Pogany. Philadelphia, David McKay company [ ᶜ19 32]
234 1734 823 49 xvi, 182 p. front., plates. 25½ ᶜᵐ.
168 1788 51 53 ©
250 1793 117 40 Nov.
398 1793 68 46 28,
498 1792 112 41 1932;
670 1793 66 40 2c.
768 1794 96 39 and
895 1793 80 40 aff.
1008 1793 111 39 Dec.
1152 1794 54 39 13;
1267 1794 40 37 A
1339 1793 142 41 58340;
1543 1793 160 40 David
1736 1795 189 48 McKay
1956 1806 66 28 co.
2104 1792 52 54 [©

235 1849 341 49 illustrations]
649 1850 221 48 (33-452)

164 1954 306 64 Bancroft,
499 1954 211 52 Emma
739 1954 274 53 Putnam.

235 2030 306 53 “Mummie"
621 2030 164 58 talks,
831 2032 76 67 by
952 2032 203 52 Emma
1202 2035 248 50 Putnam
1498 2032 297 54 Bancroft.
164 2035 1966 142 [Wauwatosa,

329 2108 1759 72 Wis., Print, by the Kenyon press publishing co., ᶜ19 32 ];
235 2168 1272 62 2 p. l., [3]-47, [1] p. illus. (mounted port.) 21 ᶜᵐ.
235 2238 185 41 Poems.

170 2292 52 51 ©
248 2296 111 40 Dec.
383 2297 69 46 11,
476 2295 114 41 1932;
644 2295 54 40 2c
738 2296 110 39 Dec.
875 2295 54 39 12;
986 2295 81 41 aff.
1094 2296 111 40 Dec.
1231 2295 53 40 23;
1341 2296 41 38 A
1408 2296 142 40 57607;
1607 2298 53 40 E.
1687 2298 50 39 P.
1765 2298 250 47 Bancroft,
2043 2300 116 39 New

238 2352 217 41 Orleans.
526 2352 220 49 (33-451)

166 2456 267 64 Billings,
465 2457 181 54 Buck.

236 2534 282 66 Two-gun
564 2533 255 67 Harney,
863 2533 75 67 by
985 2533 162 53 Buck
1192 2533 267 68 Billings.
1551 2534 139 53 New
1738 2536 180 70 York,
1964 2536 68 56 G.
2082 2538 76 51 H.

165 2611 179 65 Watt,
391 2612 150 52 1932.

234 2683 87 41 288
345 2695 43 37 p.
448 2683 57 41 19½ᶜᵐ.

171 2736 53 51 ©
252 2740 102 41 Oct.
381 2742 37 44 7,
447 2739 112 41 1932;
615 2739 67 41 2c.
710 2740 111 40 Dec.
847 2739 59 40 30;
961 2739 80 40 aff.
1070 2739 111 39 Dec.
1210 2738 55 40 29;
1321 2740 41 38 A
1389 2741 142 39 58611;
1591 2740 52 41 G.
1673 2742 216 40 Howard
1916 2744 149 40 Watt.

248 2796 220 48 (33-482)

168 2898 189 66 Boles,
385 2899 205 64 Henry
616 2900 135 64 Leo,
782 2900 171 54 1874-

238 2976 410 69 Biographical
693 2976 252 55 sketches
991 2976 64 54 of
1101 2978 211 66 Gospel
1358 2978 314 69 preachers,
1718 2979 298 71 including
2061 2984 96 52 the

167 3052 231 71 pioneer
422 3054 297 68 preachers
744 3055 64 52 of
833 3055 95 53 the
953 3055 337 52 restoration
1316 3062 318 47 movement
1660 3059 111 52 and
1797 3078 173 49 many
1996 3061 160 53 other

168 3133 297 66 preachers
490 3132 249 68 through
766 3132 233 54 decades
1025 3133 164 52 down
1217 3139 57 46 to
1300 3134 95 51 the
1420 3140 226 61 present
1673 3136 330 67 generation
2031 3140 124 52 who

169 3210 1986 75 have passed to their reward, by H. Leo Boles … Nashville,
167 3290 195 67 Tenn.,
392 3289 211 66 Gospel
632 3288 269 52 advocate
930 3305 295 50 company,
1257 3291 149 53 1932.

236 3362 86 41 457
350 3373 43 37 p.
422 3361 109 41 incl.
558 3360 163 47 front.,
750 3361 147 47 ports.
957 3359 55 39 22½ᶜᵐ.

173 3416 52 52 ©
250 3421 118 40 Nov.
393 3419 69 44 19,
488 3419 112 40 1932;
656 3417 67 41 2c.
749 3418 116 40 Nov.
891 3416 54 39 22;
1002 3416 82 41 aff.
1110 3418 117 39 Nov.
1254 3417 55 39 21;
1364 3418 40 39 A
1431 3418 142 41 57191;
1632 3420 172 48 Gospel
1831 3424 233 41 advocate
2091 3435 66 29 co.

250 3476 219 48 (33-303)

170 3578 120 53 The
313 3579 148 53 book
484 3577 62 53 of
569 3577 246 68 popular
837 3574 210 54 science;
1102 3576 94 52 the
1221 3577 255 52 wonders
1501 3577 64 54 of
1586 3580 233 53 modern
1845 3582 310 72 discovery,

242 3657 92 52 the
375 3655 286 66 triumphs
702 3654 63 52 of
803 3654 287 52 inventive
1128 3654 215 67 genius,
1381 3656 95 52 the
1515 3661 157 64 story
1712 3659 63 50 of
1815 3661 77 50 all
1931 3665 223 50 created

240 3731 1891 133 things and the world they live in. Editor, Dexter S. Kimball … Annual
784 3809 375 68 supplement,
1188 3812 150 49 1932.
1412 3811 137 54 New
1578 3813 178 69 York,
1782 3816 119 52 The
1930 3818 228 54 Grolier

241 3890 436 68 society [ ᶜ19 32 ]
242 3959 1213 51 cover-title, 52 p. illus., tables, diagrs. 24 ᶜᵐ .
175 4018 52 52 ©
254 4022 111 39 Dec.
393 4020 68 46 21,
489 4017 139 47 1932;
658 4017 67 40 2c.
753 4017 94 39 and
875 4015 80 41 aff.
985 4016 110 40 Dec.
1121 4016 83 47 27;
1233 4017 42 39 A
1302 4018 143 41 57627;
1502 4018 191 43 Grolier
1719 4032 78 31 soc.
