2563 4368
1213 4065 134 56 1572

358 522 1132 53 xiv, 341 p. front., ports., facsims. 22 ᶜᵐ .
359 579 317 45 “Footnotes”:
738 590 44 38 p.
813 579 217 42 307-327.

295 639 51 52 ©
377 643 100 40 Oct.
507 641 69 47 14,
605 639 116 41 1932;
778 638 67 42 2c.
875 650 63 30 and
1001 638 80 41 aff.
1115 638 101 41 Oct.
1247 639 55 39 17;
1361 638 42 38 A
1432 637 145 40 56510;
1635 637 55 40 D.
1722 637 54 38 N.
1810 636 266 47 Raymond,
357 635 1910 108 Sweet-briar,

533 698 85 39 Va.
689 695 281 48 (32-29756)

286 793 356 69 Republican
666 798 195 63 party.
935 796 276 53 National
1233 794 352 54 convention.
1759 795 52 65 20th,
1837 795 268 65 Chicago,
2131 796 150 50 1932.

358 875 218 54 Official
613 881 195 62 report
844 875 64 54 of
944 875 95 53 the
1078 874 371 68 proceedings
1486 874 63 52 of
1586 874 95 52 the
1717 872 296 54 twentieth
288 871 1967 135 Republican
473 952 257 54 national

766 952 356 67 convention,
1154 952 134 53 held
1322 951 62 52 in
1422 951 271 67 Chicago,
1727 951 247 66 Illinois,
2009 950 152 55 June
2199 953 83 63 14,

290 1034 62 49 15
401 1031 112 53 and
560 1034 82 63 16,
689 1033 152 64 1932,
884 1029 281 67 resulting
1209 1028 61 53 in
1315 1029 95 53 the
1456 1029 419 52 renomination
1921 1028 63 53 of
2032 1029 249 52 Herbert

286 1106 248 69 Hoover,
565 1107 62 52 of
659 1105 344 69 California,
1034 1105 95 55 for
1159 1106 309 68 president,
1500 1106 112 53 and
1643 1106 95 53 the
1770 1105 417 54 renomination
2217 1105 63 54 of

288 1184 237 55 Charles
574 1184 214 68 Curtis,
834 1184 64 54 of
945 1184 244 67 Kansas,
1236 1184 94 53 for
1376 1184 468 68 vice-president;
1892 1184 267 67 reported
2205 1185 76 66 by

287 1261 221 69 George
538 1262 65 53 L.
636 1262 171 67 Hart,
837 1261 199 54 official
1067 1266 274 63 reporter.
1407 1261 315 53 Published
1753 1261 179 53 under
1962 1262 95 53 the

287 1280 1970 112 supervision
501 1338 64 54 of
594 1339 96 53 the
717 1341 230 66 general
977 1343 285 63 secretary
1291 1338 63 54 of
1384 1339 95 53 the
1511 1339 355 61 convention.
1931 1339 139 53 New
2103 1339 178 67 York,

286 1418 771 66 The Tenny press [ᶜ193 2]
357 1487 849 51 285 p. front., pl., ports. 23 ᶜᵐ .
294 1543 51 52 ©
382 1548 127 47 Sept.
542 1547 70 46 28,
647 1545 139 48 1932;
822 1546 67 40 2c.
923 1547 95 39 and
1052 1546 81 39 aff.
1170 1545 102 42 Oct.
1307 1548 51 45 1;
1395 1547 42 38 A
1470 1547 169 47 55333;
1677 1547 261 48 Lafayette
1972 1549 53 39 B.
2063 1548 220 49 Gleason,

358 1604 116 39 New
503 1604 145 39 York.
718 1602 280 47 (32-29619)

288 1705 226 66 Ripley,
544 1707 222 53 Harold
795 1705 239 66 Austin,
1067 1711 170 50 1896-

357 1783 225 53 Minute
616 1783 295 66 mysteries
947 1783 483 68 <detectograms>
1464 1784 76 67 by
1574 1785 77 51 H.
1688 1783 70 53 A.
1796 1782 238 70 Ripley;
2073 1784 140 53 with
2251 1805 31 34 a

290 1858 1992 72 foreword by Lewis E. Lawes … Boston and New York,
289 1938 317 68 Houghton
632 1937 204 52 Mifflin
863 1954 297 51 company,
1189 1939 149 51 1932.

424 2010 585 51 xx p., 1 l., 177 p. 19½ ᶜᵐ .
359 2068 257 48 Mysteries
648 2068 96 39 and
776 2067 237 40 detective
1045 2066 239 48 problems
1317 2070 48 36 to
1398 2068 53 39 be
1483 2068 163 39 solved
1678 2068 127 39 from
1837 2068 139 49 given
2009 2070 130 41 data.

360 2123 304 43 “Solutions”:
723 2134 42 37 p.
796 2123 248 49 [145]-177.

293 2178 51 51 ©
378 2182 126 47 Sept.
534 2181 69 45 28,
633 2180 113 40 1932;
804 2181 67 39 2c.
902 2180 102 39 Oct.
1033 2179 25 40 3;
1119 2179 80 39 aff.
1233 2179 100 40 Oct.
1366 2180 17 38 1;
1451 2181 39 37 A
1520 2181 142 40 55363;
1724 2182 262 47 Houghton
2017 2182 168 40 Mifflin
2214 2193 66 32 co.

370 2236 279 50 (32-29892)

288 2338 256 65 Romier,
572 2337 238 66 Lucien,
839 2343 170 50 1885-

420 2414 1405 72 … Plaisir de France. [Paris] Hachette [ 1932]
359 2489 84 40 221
473 2500 43 38 p.
576 2488 116 42 19ᶜᵐ.

636 2569 60 5 CONTENTS.—
697 2547 186 38 Retour
926 2546 29 40 à
1000 2547 46 39 la
1093 2546 262 40 France.—
1356 2546 64 41 Le
1465 2547 71 40 sol
1580 2547 268 41 humanisé.
1851 2572 56 4 —
1911 2549 92 40 Les
291 2549 1968 94 tempéraments.—Les
645 2603 221 40 attaches

896 2603 57 40 de
982 2602 759 49 l’esprit.—Femmes.—Négatif
1771 2608 46 38 et
1847 2605 184 49 positif.

293 2657 1986 53 © May 25, 1932; 1c. Aug. 15; A— Foreign 17706; Librairie Hachette.
367 2716 280 50 (32-30254)

293 2808 188 66 [Rose,
508 2807 224 54 Walter
760 2806 233 69 Malins]

362 2886 134 49 1932
533 2886 359 66 supplement
929 2890 58 47 to
1024 2886 192 52 Rose’s
1251 2892 160 48 notes
1448 2906 73 33 on
1556 2888 95 52 the
1688 2889 217 53 United
1946 2890 187 54 States

290 2893 1961 136 Supreme
515 2969 160 46 court
711 2968 221 62 reports
979 2964 59 66 (2
1072 2964 201 52 Dallas
1309 2971 58 47 to
1403 2968 99 49 283
1598 2965 157 54 United
1793 2967 188 54 States
2016 2970 250 67 reports)

288 3040 259 68 showing
570 3041 95 52 the
688 3041 268 68 holdings
982 3042 63 52 of
1069 3042 95 52 the
1189 3044 145 51 later
1357 3048 145 48 state
1528 3045 112 51 and
1667 3045 221 53 federal
1913 3066 149 34 cases
2090 3047 183 52 which

290 3117 107 52 cite
431 3119 93 50 the
559 3118 275 53 decisions
868 3119 62 52 of
963 3120 94 52 the
1094 3119 272 68 Supreme
1401 3128 160 47 court
1593 3123 63 52 of
1688 3124 95 52 the
1816 3124 215 54 United
2071 3125 205 68 States,

292 3195 117 53 also
455 3196 237 53 citation
739 3197 62 51 of
850 3198 274 66 Supreme
1171 3206 160 46 court
1379 3200 275 53 decisions
1700 3203 61 50 in
1808 3204 362 54 annotations
2215 3204 61 54 in

290 3272 304 53 American
626 3276 108 50 law
767 3280 221 62 reports
1030 3277 98 67 (A.
1161 3278 64 50 L.
1256 3278 125 67 R.),
1413 3280 265 66 Lawyers
1712 3286 223 62 reports
1967 3284 307 51 annotated

301 3350 91 67 (L.
426 3350 67 53 R.
527 3353 128 67 A.),
687 3354 268 67 Lawyers
988 3359 222 62 reports
1243 3357 325 68 annotated,
1601 3375 124 36 new
1759 3359 169 54 series
1973 3359 89 69 (L.
2098 3363 66 50 R.
2200 3362 72 52 A.

303 3428 94 66 (N.
443 3428 151 68 S.)),
634 3431 330 52 Annotated
1005 3450 149 35 cases
1206 3431 177 69 (Ann.
1425 3435 163 68 cas.),
1628 3435 223 54 British
1891 3438 194 68 ruling
2125 3457 148 35 cases

300 3507 94 60 (B.
446 3508 68 51 R.
567 3508 117 67 C.),
737 3508 341 69 Negligence
1129 3511 111 51 and
1291 3513 424 67 compensation
1764 3533 149 36 cases
1964 3518 307 52 annotated

303 3583 94 67 (N.
430 3586 61 53 C.
526 3586 61 53 C.
619 3585 127 68 A.),
777 3587 216 53 United
1026 3588 187 54 States
1245 3589 273 68 Supreme
1549 3597 162 48 court
1738 3599 238 63 reports,
2005 3596 267 68 Lawyers

290 3661 1957 147 edition (L. ed.) v. l. 2 Dallas to 11 Wallace. San Francisco, Cal.,
644 3742 581 68 Bancroft-Whitney
1252 3763 278 52 company;
1587 3748 324 69 Rochester,
1938 3752 70 52 N.
2037 3753 89 66 Y.,
2152 3752 120 53 The

290 3815 266 66 Lawyers
585 3820 380 65 co-operative
992 3822 333 68 publishing
1354 3842 296 48 company,
1681 3829 149 51 1932.

357 3890 578 49 4 p. l. , 1282 p. 24½ᶜᵐ.
295 3940 51 51 ©
375 3945 117 40 Nov.
521 3947 27 37 4,
590 3946 139 48 1932;
760 3948 65 40 2c.
856 3948 116 40 Nov.
1003 3951 24 38 7;
1085 3950 81 40 aff.
1196 3951 116 40 Nov.
1344 3952 51 47 8;
1427 3953 38 38 A
1498 3952 168 50 56999;
1699 3956 226 48 Lawyers
1955 3958 319 47 co-operative

359 4001 107 46 pub.
499 4011 66 31 co.
