2563 4368
1128 4027 135 54 1117

270 515 59 46 iv,
358 515 85 39 774
468 524 43 37 p.
566 513 142 46 illus.,
736 523 150 36 maps,
915 511 168 47 tables,
1113 509 175 47 diagrs.
1345 510 55 40 23½ᶜᵐ.

203 574 50 52 ©
284 579 115 37 Nov.
429 577 68 45 16,
529 575 112 40 1931;
700 574 67 41 2c.
797 575 117 40 Nov.
943 574 57 39 20;
1059 574 80 39 aff.
1171 573 111 40 Dec.
1313 573 54 38 11;
1428 573 41 38 A
1497 571 145 41 46285;
1703 571 117 40 Natl.
1865 570 182 41 service
2076 572 108 48 pub.

270 646 80 35 co.,
379 632 330 47 Washington.
791 627 50 52 [©
870 631 259 45 additions,
1157 630 222 48 changes,
1407 630 95 38 and
1529 628 224 48 revision,
1782 627 125 41 ROTC
1974 628 211 49 manual,

269 690 216 47 medical,
514 688 147 50 basic]

196 793 322 63 Monnette,
547 791 151 54 Orra
726 792 259 62 Eugene.

198 862 1962 151 … First settlers of ye plantations of Piscataway and Woodbridge,
460 945 126 53 olde
633 950 118 47 east
796 946 137 52 New
979 946 217 67 Jersey,
1246 943 325 68 1664-1714,
1617 962 31 33 a
1693 942 200 69 period
1939 942 63 53 of
2048 939 136 70 fifty

197 1021 1986 71 years, by Orra Eugene Monnette … pt. 4. Los Angeles, The
196 1102 183 67 Leroy
408 1103 249 54 Carman
684 1120 175 50 press,
888 1104 147 50 1932.

270 1175 216 48 450-643,
538 1176 53 49 [1]
639 1185 43 37 p.
730 1175 107 40 incl.
885 1175 103 40 fold.
1049 1175 163 47 front.,
1259 1176 172 47 plates,
1479 1177 164 46 ports.,
1691 1183 137 38 maps
1856 1171 134 50 (part
2037 1172 143 49 fold.)

200 1230 1043 50 facsims. (part fold.) coat-of-arms. 24½ ᶜᵐ.
271 1289 64 39 At
365 1288 124 39 head
522 1288 52 40 of
603 1287 133 40 title:
773 1286 219 42 Colonial
1023 1288 96 39 and
1152 1287 266 48 provincial
1452 1287 187 47 history
1674 1286 94 40 and
1801 1286 273 48 genealogy.

272 1345 160 46 Paged
463 1344 337 47 continuously
830 1344 121 40 with
979 1347 65 45 pt.
1076 1344 40 40 3.

206 1396 50 52 ©
291 1401 115 47 July
439 1401 68 47 10,
541 1400 112 41 1932;
715 1400 67 41 2c.
817 1401 115 46 July
966 1401 55 39 25;
1085 1399 80 40 aff.
1199 1400 119 47 Aug.
1352 1400 56 40 27;
1470 1399 41 39 A
1545 1399 142 40 54575;
1752 1398 51 41 O.
1839 1400 52 38 E.
1928 1400 260 48 Monnette,

274 1458 92 39 Los
395 1458 218 47 Angeles.

198 1559 368 65 Morehouse,
596 1558 255 56 William
882 1558 250 66 Russell,
1166 1559 171 55 1879-

198 1634 1967 147 The bankers guide book, by W. R. Morehouse … Los Angeles,
397 1711 1327 69 Bankers guide book publishing co., ᶜ1 932.
270 1784 705 51 1070 p. illus. (port.) 18 ᶜᵐ.
207 1839 50 52 ©
291 1844 115 46 July
435 1845 39 47 7,
506 1842 112 41 1932;
679 1843 68 40 2c.
778 1842 117 48 July
924 1842 55 40 25;
1041 1842 82 40 aff.
1155 1843 114 47 July
1302 1841 53 41 23;
1419 1842 40 39 A
1492 1841 145 42 54226;
1696 1843 70 41 W.
1801 1843 56 40 R.
1891 1842 300 49 Morehouse,

273 1900 93 40 Los
395 1901 217 47 Angeles.
683 1898 279 48 (32-19370)

200 2002 233 65 Morris,
463 2002 255 56 William
747 2002 279 67 Stephen,
1059 2008 171 50 1905-

331 2077 1860 71 … The seminary movement in the United States: projects,
202 2156 1991 69 foundations, and early development, 1833-1866 … by William
203 2232 251 69 Stephen
486 2233 230 67 Morris,
803 2277 9 9 M.
887 2276 9 10 A.
963 2232 403 69 Washington,
1397 2233 73 53 D.
1506 2232 82 69 C.,
1618 2233 123 54 The
1774 2232 262 56 Catholic
201 2233 1967 146 university

442 2309 63 55 of
532 2310 284 69 America,
845 2313 149 51 1932.

276 2382 400 50 viii, 119 p. 22 ᶜᵐ.
269 2440 63 40 At
354 2441 125 39 head
502 2439 53 40 of
577 2440 108 40 title:
738 2440 100 40 The
864 2438 220 42 Catholic
1108 2438 272 48 university
1404 2439 53 40 of
1480 2439 235 41 America.

271 2496 172 40 Thesis
478 2496 107 48 (PH.
642 2494 325 50 D.)—Catholic
994 2495 271 49 university
1291 2494 53 42 of
1368 2496 237 48 America,
1632 2495 127 42 1932.

270 2552 129 41 Vita.

273 2607 263 42 Continues
572 2609 82 40 the
691 2609 146 46 study
870 2608 63 47 by
969 2608 51 41 L.
1059 2608 51 41 P.
1148 2608 284 48 McDonald,
1473 2608 128 42 “The
1639 2608 245 49 seminary
1920 2612 272 38 movement

204 2663 1987 51 in the United States … (1784-1833)” published in 1927. cf. Introd.,
203 2731 43 38 p.
274 2720 39 41 5.

272 2777 346 48 Bibliography:
673 2787 45 38 p.
746 2776 217 43 113-118.

212 2830 50 52 ©
294 2836 125 39 June
450 2835 38 48 8,
519 2835 141 47 1932;
693 2835 68 41 2c.
793 2835 125 40 June
949 2835 81 47 15;
1065 2834 80 41 aff.
1179 2835 126 41 June
1335 2836 82 47 16;
1452 2836 41 39 A
1524 2835 170 48 51795;
1730 2836 220 42 Catholic
1983 2837 127 39 univ.
2145 2838 52 38 of

278 2891 234 40 America.
584 2890 278 48 (32-19130)

203 2993 242 67 Mundy,
473 2993 227 66 Talbot,
732 2992 171 56 1879-

274 3069 1918 69 Jungle jest, by Talbot Mundy … New York, London, The
206 3148 570 67 Century co. [ ᶜ1 932]
275 3221 60 46 vi,
366 3220 84 40 392
479 3231 42 37 p.
581 3220 58 40 19½ᶜᵐ.
841 3219 130 51 $2.00

277 3275 161 42 “First
468 3276 258 49 printing.”

211 3330 52 51 ©
293 3335 115 46 July
435 3333 68 48 19,
533 3333 139 48 1932;
704 3335 65 38 2c.
800 3335 116 48 July
944 3334 83 48 29;
1059 3335 79 40 aff.
1169 3336 116 48 July
1313 3335 82 48 30;
1427 3337 41 38 A
1499 3337 169 47 52265;
1701 3337 52 39 T.
1783 3338 196 47 Mundy,
2010 3337 183 49 Palma,

281 3391 247 47 Mallorca,
564 3390 161 48 Spain.
795 3390 280 51 (32-19269)

205 3490 144 53 New
378 3492 160 52 York
605 3491 190 69 (State)
879 3493 276 68 Supreme
1186 3501 174 46 court.

338 3569 1851 73 … Reports of cases heard and determined in the appellate
207 3644 1959 143 division … Austin B. Griffin, reporter. v. 234, 1931. [Official ed.]
523 3721 248 70 Albany,
798 3726 55 53 J.
883 3727 66 50 B.
977 3727 162 64 Lyon
1164 3745 296 51 company,
1490 3731 148 50 1931.

277 3795 167 48 lxxvii,
473 3794 87 41 945
586 3807 45 37 p.
686 3796 54 40 23½ᶜᵐ.

213 3845 50 52 ©
294 3851 118 47 Aug.
442 3851 69 47 10,
541 3851 112 40 1932;
711 3852 67 41 2c.
812 3852 125 48 Sept.
969 3855 24 37 1;
1053 3855 81 39 aff.
1165 3856 117 47 Aug.
1314 3856 59 41 30;
1429 3858 41 38 A
1500 3856 143 42 53907;
1703 3859 210 39 Edward
1945 3860 44 41 J.
2021 3861 169 48 Flynn,

281 3909 245 45 secretary
553 3908 51 38 of
631 3911 128 37 state
785 3910 52 39 of
864 3909 116 40 New
1008 3911 142 47 York,
1181 3912 49 39 in
1260 3915 129 38 trust
1417 3914 80 38 for
1524 3915 82 39 the
1633 3914 175 41 benefit
1837 3916 51 38 of
1917 3916 81 40 the
2027 3916 167 48 people

281 3962 51 39 of
360 3963 81 39 the
470 3965 140 46 state,
640 3965 202 47 Albany.
