2563 4368
1245 4043 132 51 1468

318 433 176 65 Page,
524 432 260 53 Thomas
811 430 239 65 Nelson,
1084 433 324 52 1853-1922.

387 511 139 52 Two
553 509 150 54 little
730 507 409 68 confederates,
1163 507 76 67 by
1266 506 250 52 Thomas
1540 505 213 52 Nelson
1778 504 184 67 Page;
1993 503 141 52 with
318 502 1976 139 illustrations

598 580 1721 76 by John W. Thomason, jr. … New York, London,
316 665 62 55 C.
409 664 312 57 Scribner’s
747 683 148 48 sons,
923 666 150 51 1932.

386 733 1384 54 viii, 189, [2] p. incl. illus., tables. col. front. 23 ᶜᵐ .
323 791 51 52 ©
404 796 125 47 Sept.
555 794 69 48 23,
650 793 112 42 1932;
818 794 66 40 2c.
913 792 127 48 Sept.
1066 792 56 39 27;
1177 790 83 42 aff.
1290 790 125 47 Sept.
1441 788 57 42 28;
1553 789 40 39 A
1620 788 143 41 55317;
1821 788 201 41 Charles
2051 785 264 42 Scribner’s

387 861 125 31 sons.
576 847 68 53 [©
675 848 342 49 illustrations]
1090 846 278 48 (32-25327)

318 954 232 64 Pasma,
581 955 206 62 Henry
815 953 151 64 Kay,
1001 956 170 50 1881-

388 1025 1928 71 The enchanted sword, by Henry K. Pasma … illustrated
319 1109 73 67 by
438 1109 261 53 Bernard
745 1108 391 55 Westmacott.
1227 1106 260 67 London,
1533 1105 139 52 New
1722 1103 163 53 York
1956 1108 121 62 [etc.]
314 1102 1980 152 Longmans,

516 1185 187 56 Green
729 1186 113 53 and
869 1204 99 49 co.,
995 1188 151 50 1932.

383 1256 1112 52 xi, 275 p. incl. front., illus., plates. 20 ᶜᵐ .
387 1316 288 41 Illustrated
698 1315 364 49 lining-papers.

388 1371 162 43 “First
577 1371 198 41 edition.”

323 1426 51 52 ©
407 1431 127 47 Sept.
564 1429 70 46 21,
665 1428 112 41 1932;
835 1429 67 38 2c.
934 1429 95 39 and
1059 1427 82 41 aff.
1175 1427 101 40 Oct.
1307 1428 26 38 4;
1394 1427 40 38 A
1466 1425 142 41 55372;
1671 1426 288 47 Longmans,
1992 1425 156 40 Green
2180 1424 36 40 &
2246 1434 67 30 co.

397 1485 279 47 (32-25319)

318 1591 335 62 Patterson,
685 1588 207 54 Edwin
922 1587 260 56 Wilhite.

389 1664 169 55 Cases
592 1667 111 52 and
738 1665 162 53 other
933 1663 291 55 materials
1259 1682 71 35 on
1367 1666 95 52 the
1496 1666 108 51 law
1640 1664 65 53 of
1738 1665 313 66 insurance,
2087 1664 74 67 by
320 1664 1967 131 Edwin
474 1745 88 54 W.

608 1742 1706 68 Patterson … New York, Chicago [etc.] Commerce
319 1820 252 71 clearing
603 1822 190 67 house,
828 1819 124 70 inc.,
986 1823 177 51 Loose
1195 1822 120 52 leaf
1347 1819 210 54 service
1591 1819 248 54 division
1871 1818 64 53 of
1968 1820 95 52 the

320 1821 1967 132 Corporation
538 1905 150 48 trust
721 1917 296 49 company,
1054 1903 149 50 1932.

390 1968 1498 52 xviii, 840 p. 25½ ᶜᵐ . [CCH university casebook series]
393 2027 877 50 “Selected bibliography” : p. xiii.
326 2083 51 52 ©
408 2088 127 48 Sept.
563 2087 69 48 23,
662 2086 113 41 1932;
833 2086 66 41 2c.
932 2087 127 46 Sept.
1089 2085 82 48 29;
1204 2085 80 40 aff.
1319 2086 125 47 Sept.
1475 2085 84 48 30;
1591 2086 38 38 A
1659 2085 169 46 56152;
1863 2084 273 41 Commerce
391 2086 1906 106 clearing

495 2144 163 47 house,
685 2143 89 40 inc.
846 2142 279 49 (32-25275)

321 2245 276 64 Pearson,
624 2244 191 65 Ralph
843 2246 97 64 M.,
973 2250 170 49 1883-

389 2321 424 69 Experiencing
840 2322 247 67 pictures
1113 2322 251 68 through
1393 2322 249 66 analysis
1668 2322 63 54 of
1759 2323 224 52 ancient
2013 2322 110 53 and
321 2321 1964 131 modern

471 2399 184 53 works
706 2400 111 52 and
869 2399 247 68 through
1174 2400 246 67 practice
1473 2399 63 54 of
1586 2400 94 52 the
1732 2400 337 66 procedures
2124 2399 181 54 which

320 2475 163 53 make
507 2476 158 53 those
692 2476 184 53 works
902 2475 272 69 effective,
1200 2476 36 53 by
1300 2477 195 67 Ralph
1523 2477 79 52 M.
1632 2478 267 52 Pearson.
1962 2477 139 53 New
2131 2477 179 66 York,

322 2553 244 65 Brewer,
592 2553 243 54 Warren
863 2554 111 52 and
1002 2554 267 64 Putnam,
1298 2557 150 50 1932.

393 2624 1290 52 xvii, 225 p. front., illus., plates, diagrs. 24½ ᶜᵐ .
395 2681 731 49 “Beading list” : p. 221-222.
325 2735 1984 54 © Sept. 23, 1932; 2c. Sept. 29; aff. Sept. 27; A 55286; R . M. Pearson.
390 2795 115 39 New
532 2795 143 39 York.
745 2794 278 48 (32-25259)

321 2899 167 63 Poor,
520 2897 209 54 Alfred
763 2899 243 65 Easton,
1042 2903 168 49 1899-

393 2972 260 55 Colonial
683 2973 373 55 architecture
1086 2974 65 54 of
1179 2978 154 66 Cape
1364 2978 139 68 Cod,
1532 2979 326 54 Nantucket
1889 2981 112 52 and
2029 2979 279 54 Martha’s

322 3051 311 69 Vineyard,
665 3052 73 67 by
774 3052 211 53 Alfred
1023 3054 216 52 Easton
1273 3057 167 51 Poor.
1515 3057 138 52 New
1690 3058 178 67 York,
1901 3060 89 54 W.
2027 3059 281 68 Helburn,

321 3128 126 69 inc.,
483 3133 150 50 1932.

394 3203 1347 50 6 p. l., 135 pl. (incl. plans) on 68 1. front. 27½ ᶜᵐ .
394 3260 140 47 Maps
564 3269 59 30 on
653 3260 361 48 lining-papers.

327 3311 51 52 ©
410 3315 127 48 Sept.
565 3316 69 48 14,
663 3315 114 41 1932;
833 3317 68 39 2c.
932 3318 93 37 and
1055 3316 82 41 aff.
1170 3317 124 48 Sept.
1326 3319 57 39 16;
1439 3321 40 37 A
1508 3320 143 40 55246;
1709 3320 216 41 William
1954 3321 234 49 Helburn,
2218 3322 92 40 inc.

400 3371 276 48 (32-25122)

323 3459 362 55 President’s
721 3461 345 53 conference
1104 3479 72 36 on
1214 3463 171 53 home
1423 3464 265 66 building
1723 3469 114 51 and
1876 3468 172 54 home
392 3482 1890 120 ownership,
647 3539 324 66 Washington,
999 3540 71 52 D.
1154 3581 27 23 C.,
1214 3543 147 50 1931.

392 3613 439 69 Homemaking,
874 3616 163 52 home
1083 3616 333 70 furnishing
1459 3621 110 52 and
1614 3621 377 54 information
2036 3622 238 53 services;

324 3696 218 60 reports
572 3691 63 52 of
664 3693 94 50 the
791 3693 344 52 committees
1164 3712 71 33 on
1265 3694 717 71 homemaking—housing
2014 3700 110 51 and
325 3699 1956 133 family

439 3766 123 67 life,
597 3767 232 53 Martha
866 3767 127 53 Van
1028 3769 347 67 Rensselaer,
1413 3772 320 68 chairman;
1771 3774 163 54 home
1972 3775 334 68 furnishing

325 3841 109 52 and
464 3842 342 68 decoration,
833 3845 158 51 Ruth
1020 3843 169 68 Lyles
1221 3846 234 68 Sparks,
1484 3849 291 54 chairman;
1836 3851 163 54 home
324 3852 1956 117 information

482 3918 237 54 services
761 3920 110 52 and
915 3926 230 62 centers,
1186 3923 168 52 Pearl
1397 3923 199 70 Chase,
1637 3926 320 69 chairman;
1999 3928 189 55 edited
2229 3930 76 67 by
