2563 4368
1049 4026 97 49 883

132 420 300 57 Columbia
464 418 347 64 university.
887 418 167 55 Class
1085 418 64 54 of
1181 419 165 53 1917.

197 498 295 52 Fifteenth
526 497 366 66 anniversary
922 497 195 51 record
1152 495 63 52 of
1245 497 95 51 the
1372 494 298 57 Columbia
1704 495 141 52 class
1878 494 64 52 of
1976 494 131 53 1917

139 574 252 69 (college,
439 573 379 69 engineering,
864 572 364 68 journalism)
1287 573 177 54 board
1513 571 63 53 of
1624 572 211 52 editors;
1910 572 199 66 Harry

127 653 88 53 W.
263 654 121 65 Cay
387 651 121 69 gill,
555 652 266 54 Clarence
865 652 66 51 E.
979 650 270 67 Lovejoy,
1293 651 215 66 Joseph
1553 650 77 52 H.
1677 648 224 68 Riseley
1972 649 128 67 [and]

124 726 1957 132 Joseph G. Pringle … New York,. Alumni federation of Columbia
365 805 331 67 university,
722 805 124 65 inc.,
876 807 149 51 1932.

194 877 85 40 302
306 888 43 38 p.
409 877 128 40 illus.
563 876 132 48 (incl.
724 878 160 46 ports.,
914 873 240 48 facsims.)
1220 874 56 41 23½ᶜᵐ.

131 929 50 52 ©
209 935 125 39 June
360 935 38 46 1,
427 934 112 40 1932;
596 934 66 40 2c.
689 934 124 39 June
840 933 51 46 6;
922 932 82 40 aff.
1032 933 125 39 June
1183 932 52 47 4;
1266 932 40 39 A
1333 932 168 46 51651;
1533 931 196 39 Alumni
1756 930 274 41 federation
2060 932 50 39 of

199 991 246 40 Columbia
472 991 142 46 univ.,
639 990 88 40 inc.
799 989 277 48 (32-15092)

125 1086 358 55 Conference
549 1104 73 37 on
688 1086 353 55 curriculum
1107 1084 474 66 reorganization
1645 1085 116 54 and
1826 1083 278 62 revision,

192 1163 432 55 Northwestern
649 1162 334 70 university,
1012 1167 314 64 Evanston,
1353 1165 113 66 Ill.,
1497 1166 150 50 1931.

192 1242 361 54 Curriculum
587 1242 234 68 making
854 1242 59 52 in
947 1248 226 47 current
1207 1242 274 67 practice;
1519 1261 31 33 a
1587 1247 193 61 report
1814 1241 63 52 of
1910 1260 31 33 a
121 1260 1958 112 conference

375 1321 132 52 held
540 1325 58 47 at
629 1321 426 52 Northwestern
1088 1319 333 68 university,
1455 1319 244 55 October
1731 1323 186 62 30-31,
1954 1323 147 49 1931.

121 1397 311 67 Evanston,
470 1397 112 67 Ill.,
624 1397 204 55 School
869 1398 63 52 of
969 1396 314 68 education,
1322 1397 427 53 Northwestern
1787 1394 317 68 university
232 1478 82 63 [ᶜ1932]

187 1546 275 48 244 p. 20 ᶜᵐ.
125 1599 1866 52 © Apr. 1, 1932; 2c. and aff. May 27; A 51540; Northwestern univ.
201 1659 277 49 (32-15089)

119 1747 381 55 Connecticut
559 1749 112 52 and
728 1747 260 56 Atlantic
1045 1747 201 70 digest.
1321 1747 168 70 June,
1550 1751 151 65 1932,
1758 1747 342 55 cumulative

185 1824 1608 71 pamphlet … St. Paul, West publishing co. [ᶜ1932]
189 1900 84 40 283
304 1910 43 38 p.
406 1899 56 41 25½ᶜᵐ.

123 1952 50 52 ©
203 1957 124 39 June
356 1956 68 47 22,
454 1956 112 40 1932;
625 1956 66 40 2c.
721 1957 115 47 July
865 1958 54 37 11;
979 1956 82 41 aff.
1092 1956 115 48 July
1235 1956 53 39 12;
1349 1958 40 38 A
1420 1956 142 40 54005;
1623 1957 132 39 West
1786 1956 108 48 pub.
1925 1967 66 30 co.

118 2044 247 66 Corday,
394 2044 231 67 Michel,
656 2045 171 55 1870-

244 2121 1850 69 … L’envers de la guerre; journal inédit, 1914-1916. [Paris]
115 2200 693 67 E. Flammarion [ 1932]
184 2271 474 49 280 p., 3 l. 19 ᶜᵐ .
120 2323 1871 53 © Apr. 7, 1932; 1c. May 2; A—Foreign 16671; Ernest Flammarion.
197 2384 277 49 (32-15326)

115 2473 192 54 Dante
337 2472 310 67 Alighieri,
679 2478 325 52 1265-1321.

181 2549 120 54 The
332 2550 209 53 Divine
571 2552 233 67 comedy
833 2552 63 52 of
924 2553 216 66 Dante;
1174 2553 315 52 translated
1519 2552 74 69 by
1622 2553 72 52 A.
1726 2553 67 53 E.
1827 2551 269 54 Bandini.

139 2627 1613 70 [San Francisco, The People’s publishing co., ᶜ19 28]
182 2700 973 49 3 v. in 1. front. (port.) plates. 22½ ᶜᵐ.
183 2757 127 39 Title
345 2757 127 40 from
506 2768 139 29 cover;
709 2759 118 39 each
861 2759 188 39 volume
1082 2759 89 39 has
1205 2758 179 48 special
1420 2760 97 46 t.-p.
1552 2758 120 40 with
1706 2760 224 46 separate
114 2758 1967 95 pagination.

457 2869 337 43 CONTENTS.—Inferno.—
794 2870 305 49 Purgatorio.
1099 2894 59 6 —
1161 2870 250 43 Paradiso.

121 2920 50 52 ©
201 2927 113 46 May
342 2927 68 48 15,
440 2926 112 41 1932;
610 2927 67 40 2c.
707 2929 125 39 June
862 2929 25 39 7;
946 2928 81 40 aff.
1058 2930 125 39 June
1213 2929 26 40 6;
1299 2930 40 38 A
1367 2929 146 41 51680;
1570 2930 54 38 A.
1656 2930 55 40 R.
1743 2929 224 47 Bandini,
2002 2929 96 40 San

188 2981 269 42 Francisco.
528 2983 277 49 (32-15335)

115 3070 167 66 Dart,
311 3072 315 64 Benjamin
655 3074 167 65 Wall,
852 3074 85 53 ed.

183 3147 413 56 Constitutions
628 3151 64 51 of
723 3153 95 51 the
849 3157 144 47 state
1026 3152 64 52 of
1120 3151 307 55 Louisiana
1459 3154 113 52 and
1605 3154 238 53 selected
1875 3154 218 53 federal

115 3223 1977 73 laws, edited and annotated by Benjamin Wall Dart … assisted
112 3298 75 69 by
225 3303 95 53 the
356 3304 336 66 publishers’
732 3306 263 53 editorial
1036 3307 148 55 staff.
1263 3308 415 67 Indianapolis,
1717 3309 121 52 The
113 3308 1977 123 Bobbs-Merrill

357 3387 500 64 company [ ᶜ19 32 ]
182 3450 94 48 xiv,
303 3451 84 41 855
414 3464 42 36 p.
515 3454 56 39 26½ᶜᵐ.

185 3505 731 49 “Perpetual-revision-binder”
947 3523 60 29 on
1039 3512 156 41 inside
1226 3513 52 39 of
1310 3513 122 40 back
1461 3524 154 29 cover.

121 3556 51 52 ©
206 3563 110 47 May
349 3565 39 45 5,
422 3565 112 41 1932;
595 3567 66 40 2c.
698 3569 112 46 May
843 3568 54 41 23;
961 3569 80 40 aff.
1078 3571 112 47 May
1224 3570 55 40 25;
1342 3572 40 38 A
1417 3570 142 41 51509;
1625 3569 366 41 Bobbs-Merrill
2026 3579 66 31 co.

198 3617 272 51 (32-14986)

121 3702 270 69 [Daukes,
421 3709 218 65 Sidney
667 3711 275 69 Herbert]
979 3715 169 54 1879-

181 3779 119 53 The
328 3782 237 55 doctor’s
596 3786 228 54 defense;
882 3789 95 52 the
1005 3795 157 63 story
1192 3792 63 51 of
1285 3811 31 33 a
1347 3793 109 52 lost
1486 3791 343 68 reputation,
1857 3791 76 68 by
110 3790 1958 132 Sidney

111 3856 1957 148 Fairway [pseud.] … New York, H. C. Kinsey & company, inc., 1932.
