2563 4368
1086 4060 135 56 1597

258 520 1129 57 v, [1], 161 p. incl. illus., diagr., form. 23 ᶜᵐ .
226 581 553 49 “Strayer-Engelhardt
819 591 133 30 score
993 581 115 39 card
1151 579 78 40 for
1271 577 166 47 junior
1480 578 117 46 high
1639 577 163 40 school
1845 576 301 48 buildings”:

153 649 45 38 p.
226 637 158 43 10-14.

225 695 375 47 Bibliography:
630 703 42 39 p.
702 692 217 42 151-155.

161 750 51 51 ©
241 754 119 41 Aug.
392 754 38 46 1,
460 751 113 41 1932;
632 752 66 39 2c.
732 751 126 47 Sept.
889 750 57 40 16;
1003 749 80 40 aff.
1119 750 128 47 Sept.
1277 747 57 40 19;
1392 749 41 38 A
1464 748 140 40 55553;
1666 749 56 40 N.
1754 749 50 40 L.
1837 747 315 49 Engelhardt,

228 810 117 39 New
374 810 145 39 York.
589 806 278 50 (32-30279)

156 898 221 64 Ewers,
406 898 212 52 Hanns
643 896 204 62 Heinz,
878 899 170 52 1871-

222 974 180 53 Rider
429 974 63 53 of
518 975 94 52 the
638 974 186 67 night,
851 974 75 67 by
952 973 204 54 Hanns
1184 973 187 52 Heinz
1398 974 196 51 Ewers;
1652 971 317 54 translated
1996 970 154 53 from

153 1051 96 54 the
279 1051 250 55 German
560 1051 95 53 for
685 1052 96 52 the
813 1050 124 54 first
966 1050 137 54 time
1134 1051 76 66 by
1242 1049 220 68 George
1495 1049 232 53 Halasz.
1795 1049 139 52 New
1968 1047 179 66 York,

150 1130 120 53 The
297 1130 158 54 John
482 1130 132 66 Day
641 1147 279 49 company
953 1130 193 65 [ᶜ1932]

225 1200 645 51 4 p. l., 348 p., 1 l. 20 ᶜᵐ .
161 1256 51 52 ©
255 1260 102 41 Oct.
397 1259 69 47 20,
509 1258 139 48 1932;
691 1259 68 40 2c.
801 1257 103 41 Oct.
944 1258 82 46 28;
1071 1257 80 39 aff.
1197 1257 101 41 Oct.
1340 1257 82 47 26;
1466 1258 41 38 A
1549 1256 170 47 56758;
1764 1257 61 39 H.
1868 1257 58 38 H.
1971 1257 179 47 Ewers,

228 1316 179 40 Berlin.
479 1315 277 49 (32-30512)

158 1407 205 64 Feery,
391 1405 255 55 William
678 1406 61 54 C.

229 1478 1926 70 Wet drinks for dry people, by William C. Feery … A book
161 1556 1994 70 of drinks based on the ordinary home supplies … [Chicago,
158 1637 1063 67 Print, by the Bazner press, ᶜ19 32]
225 1711 69 48 59,
326 1711 56 49 [5]
412 1721 43 39 p.
512 1709 146 41 20½ᶜᵐ.

229 1767 160 39 Blank
417 1776 145 38 pages
589 1766 79 40 for
695 1767 312 39 memoranda
1046 1765 52 50 (5
1123 1768 56 38 at
1205 1767 116 46 end)

160 1821 51 51 ©
247 1824 103 41 Oct.
385 1824 38 46 8,
459 1822 112 42 1932;
635 1822 68 42 2c.
738 1824 96 39 and
869 1822 83 41 aff.
988 1822 101 41 Oct.
1125 1823 55 38 14;
1245 1823 41 38 A
1321 1822 143 40 56465;
1528 1822 74 41 W.
1638 1822 48 41 C.
1725 1822 165 49 Feery,
1929 1821 224 49 Chicago.

239 1880 279 49 (32-30271)

157 1965 298 67 Flaubert,
486 1967 282 66 Gustave,
800 1970 324 51 1821-1880.

224 2046 122 53 The
387 2045 343 68 temptation
773 2045 63 54 of
881 2045 168 55 Saint
1091 2045 295 68 Anthony,
1430 2046 75 66 by
1548 2045 251 55 Gustave
1844 2046 303 64 Flaubert;

152 2122 343 54 translation
526 2123 76 67 by
635 2121 282 56 Lafcadio
1015 2141 163 49 Hearn;
1213 2123 300 54 decorated
1548 2123 139 53 with
1723 2123 162 53 wood
1919 2128 121 48 cuts
2074 2123 76 66 by

158 2199 1994 68 Harry Cimino. New York & London, Harper & brothers
156 2281 193 63 [ ᶜ19 32]
223 2348 1189 50 2 p. l., viii, 217 p. illus., col. plates. 27½ᶜᵐ.
227 2406 288 41 Illustrated
545 2409 99 46 t.-p.

162 2459 52 52 ©
253 2463 103 41 Oct.
393 2463 67 48 19,
499 2463 140 47 1932;
679 2464 65 38 2c.
786 2463 102 40 Oct.
923 2462 83 47 20;
1047 2462 82 40 aff.
1170 2462 100 40 Oct.
1309 2463 83 47 21;
1433 2464 41 38 A
1511 2463 170 47 56616;
1722 2465 195 47 Harper
1954 2465 36 40 &
2027 2465 126 40 bros.

231 2517 69 53 [©
339 2520 343 48 illustrations]
755 2518 278 50 (32-30230)

158 2607 248 64 Franck,
433 2610 202 62 Harry
660 2607 309 65 Alverson,
1000 2613 170 50 1881-

228 2685 324 53 Foot-loose
577 2685 60 53 in
662 2686 94 52 the
786 2686 222 53 British
1033 2685 157 68 isles;
1220 2685 170 70 being
1417 2706 31 34 a
1475 2688 291 68 desultory
1793 2689 112 52 and
1931 2693 100 48 not
2057 2693 94 48 too

159 2762 213 54 serious
412 2769 236 47 account
685 2763 63 52 of
785 2763 215 55 sixteen
1036 2764 228 54 months
1303 2767 64 52 of
1405 2764 185 69 living
1628 2765 60 52 in
1727 2766 270 68 England
2038 2767 113 53 and

158 2838 432 71 peregrinating
631 2841 190 52 hither
862 2845 113 51 and
1016 2860 112 49 yon
1173 2842 351 69 throughout
1567 2844 177 55 Great
1787 2844 248 67 Britain,
2075 2845 76 67 by

159 2916 198 70 Harry
393 2920 69 51 A.
501 2918 253 68 Franck;
795 2917 140 55 with
971 2924 67 48 42
1073 2919 396 68 illustrations,
1507 2922 217 67 mainly
1762 2922 153 53 from
159 2924 1967 139 photographs

399 2997 76 67 by
501 2997 94 51 the
623 2998 219 51 author.
917 2998 139 52 New
1085 2998 163 53 York
1275 3000 50 50 &
1354 3000 257 67 London,
1638 3000 119 52 The
1787 2999 255 69 Century
2070 3020 79 34 co.

164 3078 174 63 [ ᶜ19 32]
230 3144 1275 52 xii, 426 p. front., plates, port. 21 ᶜᵐ . $3.50
163 3202 51 51 ©
250 3205 102 41 Oct.
385 3206 68 46 18,
489 3204 113 40 1932;
666 3205 68 40 2c.
768 3207 94 38 and
897 3204 80 41 aff.
1015 3205 103 41 Oct.
1151 3205 58 41 20;
1270 3207 42 38 A
1346 3206 146 41 55610;
1555 3206 214 48 Century
1802 3216 65 31 co.

241 3261 278 49 (32-30252)

159 3334 306 64 Freeman,
495 3336 153 52 John
679 3334 275 66 Dolliver,
987 3341 171 50 1864-

229 3412 1924 70 The mystic symbol, by John D. Freeman … Nashville,
160 3490 400 67 Tenn. [ ᶜ19 32]
227 3574 44 36 x,
307 3564 85 40 131
426 3574 43 37 p.
528 3564 146 40 18½ᶜᵐ.

166 3615 51 51 ©
253 3620 120 47 Aug.
409 3622 38 44 1,
485 3619 141 47 1932;
664 3619 65 41 2c.
772 3620 126 47 Sept.
936 3619 81 47 15;
1058 3620 82 41 aff.
1178 3621 102 41 Oct.
1316 3622 83 47 12;
1439 3622 41 38 A
1517 3621 169 47 56445;
1727 3622 43 40 J.
1810 3622 54 38 D.
1905 3622 247 46 Freeman,

231 3675 264 47 Nashville,
532 3677 146 37 Tenn.
750 3675 277 47 (32-30380)

161 3744 254 66 Fugger,
442 3750 180 64 Nora,
651 3748 219 68 fürstin
874 3792 11 24 ,
916 3753 171 50 1864-

231 3824 120 54 The
382 3826 164 68 glory
577 3828 63 52 of
670 3829 95 51 the
794 3826 366 69 Habsburgs;
1195 3830 95 52 the
1320 3830 263 53 memoirs
1613 3829 64 53 of
1705 3828 261 55 Princess
161 3831 1965 139 Fugger;

325 3903 312 54 translated
671 3904 76 68 by
780 3906 54 54 J.
871 3906 71 52 A.
979 3905 255 54 Galston.
1310 3908 138 52 New
1486 3907 178 66 York,
1700 3908 63 51 L.
1799 3906 350 66 MacVeagh,

162 3979 136 54 Dial
326 3999 173 49 press,
527 3982 124 61 inc.,
682 3987 148 49 1932.
