<alto xmlns="http://www.loc.gov/standards/alto/ns-v3#" xmlns:xlink="http://www.w3.org/1999/xlink" xmlns:xsi="http://www.w3.org/2001/XMLSchema-instance" xsi:schemaLocation="http://www.loc.gov/standards/alto/ns-v3# http://www.loc.gov/alto/v3/alto-3-0.xsd"><Description>
<MeasurementUnit>pixel</MeasurementUnit>
<sourceImageInformation>
<fileName>1932_v29_part001.pdf</fileName>
</sourceImageInformation>
<OCRProcessing ID="IdOcr">
<ocrProcessingStep>
<processingDateTime>2019-04-25</processingDateTime>
<processingSoftware>
<softwareCreator>ABBYY</softwareCreator>
<softwareName>ABBYY Recognition Server</softwareName>
<softwareVersion>4.0</softwareVersion>
</processingSoftware>
</ocrProcessingStep>
</OCRProcessing>
</Description>
<Styles>
<ParagraphStyle ID="StyleId-FFFFFFFF-FFFF-FFFF-FFFF-FFFFFFFFFFFF-" ALIGN="Left" LEFT="0." RIGHT="0." FIRSTLINE="0."/>
<ParagraphStyle ID="StyleId-547D96D3-B2DE-4E86-A4BD-9DDFC275973A-" ALIGN="Left" LEFT="0." RIGHT="0." FIRSTLINE="0." LINESPACE="7.699999809"/>
<ParagraphStyle ID="StyleId-BE433B82-DF6F-491A-9872-F562FF4150C8-" ALIGN="Block" LEFT="0." RIGHT="0." FIRSTLINE="-13." LINESPACE="7.900000095"/>
<ParagraphStyle ID="StyleId-CC286467-50C5-4655-B0CF-BA365CCE0736-" ALIGN="Block" LEFT="0." RIGHT="0." FIRSTLINE="-15." LINESPACE="8.479999542"/>
<ParagraphStyle ID="StyleId-9878414D-BEDB-487D-971A-CF5ADB5C4AD2-" ALIGN="Block" LEFT="0." RIGHT="0." FIRSTLINE="-14." LINESPACE="10.92000008"/>
<ParagraphStyle ID="StyleId-EBC70DE5-3635-4BD4-B07B-05DF6EFE0022-" ALIGN="Block" LEFT="0." RIGHT="0." FIRSTLINE="-13." LINESPACE="12.19999981"/>
<ParagraphStyle ID="StyleId-8A688F83-F017-4D5D-A00A-14637016ED45-" ALIGN="Left" LEFT="0." RIGHT="0." FIRSTLINE="0." LINESPACE="9.399999619"/>
<ParagraphStyle ID="StyleId-20F0BBAE-20C6-42F4-8113-00B5C02924DC-" ALIGN="Left" LEFT="0." RIGHT="0." FIRSTLINE="0." LINESPACE="11.10000038"/>
<ParagraphStyle ID="StyleId-7AA70148-8873-4ACB-90AE-BF9322E02302-" ALIGN="Left" LEFT="0." RIGHT="0." FIRSTLINE="-13." LINESPACE="11.09000015"/>
<ParagraphStyle ID="StyleId-072EF7BA-7207-4F8B-9A7C-F564E8B4CB16-" ALIGN="Left" LEFT="0." RIGHT="0." FIRSTLINE="-14." LINESPACE="12.19999981"/>
<ParagraphStyle ID="StyleId-44303D12-21D7-4DB0-9E9F-87FA1A861DD7-" ALIGN="Block" LEFT="0." RIGHT="0." FIRSTLINE="-14." LINESPACE="10.92000008"/>
<ParagraphStyle ID="StyleId-43CF0D44-8AC2-4CD0-865F-942C78705184-" ALIGN="Block" LEFT="0." RIGHT="0." FIRSTLINE="-13." LINESPACE="12.19999981"/>
<ParagraphStyle ID="StyleId-7A298A86-29F5-413A-AEC9-078A4CC464D7-" ALIGN="Block" LEFT="0." RIGHT="0." FIRSTLINE="13." LINESPACE="12.19999981"/>
<ParagraphStyle ID="StyleId-8E4E86F7-C1F9-4A1A-B605-6B1FC1C8E9F7-" ALIGN="Left" LEFT="0." RIGHT="0." FIRSTLINE="0." LINESPACE="11.60000038"/>
<ParagraphStyle ID="StyleId-AB39791B-5ED1-444F-BEF5-2CFED1F2709A-" ALIGN="Left" LEFT="0." RIGHT="0." FIRSTLINE="-13." LINESPACE="11.09000015"/>
<ParagraphStyle ID="StyleId-C1F2EEE7-CD00-4E11-9EAD-B222287AEDA4-" ALIGN="Center" LEFT="0." RIGHT="0." FIRSTLINE="0." LINESPACE="11.10000038"/>
</Styles>
<Layout>
<Page ID="Page1539" PHYSICAL_IMG_NR="1539" HEIGHT="4368" WIDTH="2563">
<TopMargin HEIGHT="446" WIDTH="2563" VPOS="0" HPOS="0">
</TopMargin>
<LeftMargin HEIGHT="3722" WIDTH="137" VPOS="446" HPOS="0">
</LeftMargin>
<RightMargin HEIGHT="3722" WIDTH="374" VPOS="446" HPOS="2189">
</RightMargin>
<BottomMargin HEIGHT="200" WIDTH="2563" VPOS="4168" HPOS="0">
</BottomMargin>
<PrintSpace HEIGHT="3722" WIDTH="2052" VPOS="446" HPOS="137">
<TextBlock ID="Page1539_Block1" HEIGHT="70" WIDTH="154" VPOS="4098" HPOS="1101" LANG="en-US" STYLEREFS="StyleId-26315BBD-B6DD-4CA5-950B-77486E693AA1-">
<TextLine HEIGHT="50" WIDTH="134" VPOS="4107" HPOS="1110">
<String CONTENT="1539" HEIGHT="50" WIDTH="134" VPOS="4107" HPOS="1110"/>
</TextLine>
</TextBlock>
<TextBlock ID="Page1539_Block2" HEIGHT="3658" WIDTH="2052" VPOS="446" HPOS="137" LANG="en-US" CS="1" STYLEREFS="StyleId-0DA8F8F6-514F-445E-A785-4B8D4CF7A25A-">
<Shape>
<Polygon POINTS="143,446 390,446 390,447 986,447 986,448 1582,448 1582,449 2177,449 2177,450 2189,450 2189,995 2188,995 2188,1591 2187,1591 2187,2186 2186,2186 2186,2782 2185,2782 2185,3378 2184,3378 2184,3974 2183,3974 2183,4104 2173,4104 2173,4103 1577,4103 1577,4102 981,4102 981,4101 386,4101 386,4100 137,4100 137,3969 138,3969 138,3373 139,3373 139,2777 140,2777 140,2182 141,2182 141,1586 142,1586 142,990 143,990 143,446"/>
</Shape>
<TextLine HEIGHT="71" WIDTH="1092" VPOS="487" HPOS="154" STYLEREFS="StyleId-26315BBD-B6DD-4CA5-950B-77486E693AA1-">
<String CONTENT="Musser," HEIGHT="65" WIDTH="251" VPOS="492" HPOS="154"/>
<SP HEIGHT="64" WIDTH="27" VPOS="493" HPOS="406"/>
<String CONTENT="Benjamin" HEIGHT="67" WIDTH="316" VPOS="489" HPOS="434"/>
<SP HEIGHT="54" WIDTH="28" VPOS="491" HPOS="751"/>
<String CONTENT="Francis," HEIGHT="66" WIDTH="262" VPOS="488" HPOS="780"/>
<SP HEIGHT="60" WIDTH="31" VPOS="494" HPOS="1043"/>
<String CONTENT="1891-" HEIGHT="50" WIDTH="171" VPOS="493" HPOS="1075"/>
</TextLine>
<TextLine HEIGHT="84" WIDTH="1923" VPOS="557" HPOS="223" STYLEREFS="StyleId-26315BBD-B6DD-4CA5-950B-77486E693AA1-">
<String CONTENT="Diary" HEIGHT="70" WIDTH="183" VPOS="569" HPOS="223"/>
<SP HEIGHT="53" WIDTH="51" VPOS="586" HPOS="407"/>
<String CONTENT="of" HEIGHT="54" WIDTH="65" VPOS="567" HPOS="459"/>
<SP HEIGHT="53" WIDTH="51" VPOS="567" HPOS="525"/>
<String CONTENT="a" HEIGHT="34" WIDTH="28" VPOS="586" HPOS="577"/>
<SP HEIGHT="48" WIDTH="57" VPOS="572" HPOS="606"/>
<String CONTENT="twelve-year-old," HEIGHT="74" WIDTH="504" VPOS="562" HPOS="664"/>
<SP HEIGHT="64" WIDTH="52" VPOS="567" HPOS="1169"/>
<String CONTENT="transcribed" HEIGHT="54" WIDTH="352" VPOS="562" HPOS="1222"/>
<SP HEIGHT="56" WIDTH="56" VPOS="559" HPOS="1575"/>
<String CONTENT="from" HEIGHT="54" WIDTH="154" VPOS="560" HPOS="1632"/>
<SP HEIGHT="47" WIDTH="50" VPOS="566" HPOS="1787"/>
<String CONTENT="the" HEIGHT="52" WIDTH="95" VPOS="561" HPOS="1838"/>
<SP HEIGHT="36" WIDTH="55" VPOS="578" HPOS="1934"/>
<String CONTENT="early" HEIGHT="68" WIDTH="156" VPOS="561" HPOS="1990"/>
</TextLine>
<TextLine HEIGHT="83" WIDTH="1991" VPOS="635" HPOS="153" STYLEREFS="StyleId-26315BBD-B6DD-4CA5-950B-77486E693AA1-" CS="1">
<String CONTENT="hieroglyphic" HEIGHT="72" WIDTH="395" VPOS="644" HPOS="153"/>
<SP HEIGHT="36" WIDTH="25" VPOS="663" HPOS="549"/>
<String CONTENT="of" HEIGHT="54" WIDTH="65" VPOS="644" HPOS="575"/>
<SP HEIGHT="53" WIDTH="27" VPOS="644" HPOS="641"/>
<String CONTENT="Benjamin" HEIGHT="70" WIDTH="304" VPOS="642" HPOS="669"/>
<SP HEIGHT="55" WIDTH="28" VPOS="641" HPOS="974"/>
<String CONTENT="Musser." HEIGHT="52" WIDTH="237" VPOS="642" HPOS="1003"/>
<SP HEIGHT="56" WIDTH="68" VPOS="639" HPOS="1241"/>
<String CONTENT="Caldwell," HEIGHT="68" WIDTH="294" VPOS="639" HPOS="1310"/>
<SP HEIGHT="67" WIDTH="26" VPOS="640" HPOS="1605"/>
<String CONTENT="Id.," HEIGHT="67" WIDTH="109" VPOS="640" HPOS="1632"/>
<SP HEIGHT="68" WIDTH="28" VPOS="639" HPOS="1742"/>
<String CONTENT="The" HEIGHT="53" WIDTH="121" VPOS="639" HPOS="1771"/>
<SP HEIGHT="55" WIDTH="30" VPOS="638" HPOS="1893"/>
<String CONTENT="Caxton" HEIGHT="55" WIDTH="220" VPOS="638" HPOS="1924"/>
</TextLine>
<TextLine HEIGHT="70" WIDTH="598" VPOS="723" HPOS="154" STYLEREFS="StyleId-26315BBD-B6DD-4CA5-950B-77486E693AA1-">
<String CONTENT="printers," HEIGHT="68" WIDTH="265" VPOS="725" HPOS="154"/>
<SP HEIGHT="66" WIDTH="25" VPOS="724" HPOS="420"/>
<String CONTENT="ltd.," HEIGHT="65" WIDTH="123" VPOS="724" HPOS="446"/>
<SP HEIGHT="63" WIDTH="30" VPOS="726" HPOS="570"/>
<String CONTENT="1932." HEIGHT="50" WIDTH="151" VPOS="725" HPOS="601"/>
</TextLine>
<TextLine HEIGHT="57" WIDTH="863" VPOS="789" HPOS="222" CS="1">
<String CONTENT="88" HEIGHT="41" WIDTH="56" VPOS="796" HPOS="222"/>
<SP HEIGHT="48" WIDTH="22" VPOS="796" HPOS="279"/>
<String LANG="fr" CONTENT="p.," HEIGHT="38" WIDTH="59" VPOS="806" HPOS="302"/>
<SP HEIGHT="49" WIDTH="24" VPOS="795" HPOS="362"/>
<String CONTENT="1" HEIGHT="40" WIDTH="22" VPOS="795" HPOS="387"/>
<SP HEIGHT="40" WIDTH="28" VPOS="795" HPOS="410"/>
<String CS="1" CONTENT="l." HEIGHT="9" WIDTH="8" VPOS="827" HPOS="459"/>
<SP/>
<String CS="1" CONTENT="front."/>
<SP/>
<String CONTENT="(ports.)" HEIGHT="50" WIDTH="197" VPOS="792" HPOS="705"/>
<SP HEIGHT="49" WIDTH="67" VPOS="791" HPOS="903"/>
<String CS="1" CONTENT="15&#7580;&#7504;." HEIGHT="43" WIDTH="114" VPOS="790" HPOS="971"/>
</TextLine>
<TextLine HEIGHT="62" WIDTH="1993" VPOS="856" HPOS="158" CS="1">
<String CONTENT="&#169;" HEIGHT="52" WIDTH="51" VPOS="863" HPOS="158"/>
<SP HEIGHT="52" WIDTH="28" VPOS="863" HPOS="210"/>
<String CS="1" CONTENT="Oct." HEIGHT="38" WIDTH="33" VPOS="869" HPOS="309"/>
<SP HEIGHT="40" WIDTH="24" VPOS="867" HPOS="343"/>
<String CS="1" CONTENT="6," HEIGHT="11" WIDTH="8" VPOS="898" HPOS="399"/>
<SP HEIGHT="40" WIDTH="27" VPOS="869" HPOS="408"/>
<String CS="1" CONTENT="1932;" HEIGHT="42" WIDTH="113" VPOS="865" HPOS="436"/>
<SP HEIGHT="47" WIDTH="28" VPOS="866" HPOS="576"/>
<String CONTENT="2c." HEIGHT="41" WIDTH="66" VPOS="866" HPOS="605"/>
<SP HEIGHT="29" WIDTH="27" VPOS="878" HPOS="672"/>
<String CONTENT="and" HEIGHT="39" WIDTH="96" VPOS="866" HPOS="700"/>
<SP HEIGHT="39" WIDTH="26" VPOS="866" HPOS="797"/>
<String CONTENT="aff." HEIGHT="39" WIDTH="79" VPOS="865" HPOS="824"/>
<SP HEIGHT="40" WIDTH="30" VPOS="863" HPOS="904"/>
<String CONTENT="Oct." HEIGHT="41" WIDTH="102" VPOS="863" HPOS="935"/>
<SP HEIGHT="40" WIDTH="27" VPOS="864" HPOS="1038"/>
<String CS="1" CONTENT="6;" HEIGHT="39" WIDTH="25" VPOS="864" HPOS="1066"/>
<SP HEIGHT="46" WIDTH="31" VPOS="864" HPOS="1119"/>
<!-- cceid 100AF3D3-6D7D-1014-B4A5-D7A31D17AB40 --><String CONTENT="A" HEIGHT="38" WIDTH="38" VPOS="864" HPOS="1151"/>
<SP HEIGHT="39" WIDTH="26" VPOS="864" HPOS="1190"/>
<String CS="1" CONTENT="55463;" HEIGHT="40" WIDTH="142" VPOS="863" HPOS="1217"/>
<SP HEIGHT="45" WIDTH="29" VPOS="864" HPOS="1388"/>
<String LANG="fr" CONTENT="B." HEIGHT="38" WIDTH="54" VPOS="864" HPOS="1418"/>
<SP HEIGHT="39" WIDTH="28" VPOS="863" HPOS="1473"/>
<String CONTENT="F." HEIGHT="38" WIDTH="51" VPOS="863" HPOS="1502"/>
<SP HEIGHT="39" WIDTH="27" VPOS="862" HPOS="1554"/>
<String CONTENT="Musser." HEIGHT="40" WIDTH="204" VPOS="863" HPOS="1582"/>
<SP HEIGHT="42" WIDTH="28" VPOS="861" HPOS="1787"/>
<String CONTENT="Washington." HEIGHT="48" WIDTH="335" VPOS="859" HPOS="1816"/>
</TextLine>
<TextLine HEIGHT="49" WIDTH="280" VPOS="923" HPOS="235">
<String CONTENT="(32-29236)" HEIGHT="49" WIDTH="280" VPOS="923" HPOS="235"/>
</TextLine>
<TextLine HEIGHT="71" WIDTH="1269" VPOS="1037" HPOS="156" STYLEREFS="StyleId-EAE70130-5AC7-498E-961E-458A0FC3AC8F-">
<String CONTENT="New" HEIGHT="51" WIDTH="143" VPOS="1042" HPOS="156"/>
<SP HEIGHT="53" WIDTH="28" VPOS="1040" HPOS="300"/>
<String CONTENT="York" HEIGHT="52" WIDTH="158" VPOS="1040" HPOS="329"/>
<SP HEIGHT="66" WIDTH="40" VPOS="1041" HPOS="488"/>
<String CONTENT="(State)" HEIGHT="67" WIDTH="217" VPOS="1040" HPOS="529"/>
<SP HEIGHT="68" WIDTH="83" VPOS="1038" HPOS="747"/>
<String CONTENT="Laws," HEIGHT="68" WIDTH="183" VPOS="1038" HPOS="831"/>
<SP HEIGHT="49" WIDTH="25" VPOS="1057" HPOS="1015"/>
<String CONTENT="statutes," HEIGHT="61" WIDTH="258" VPOS="1043" HPOS="1041"/>
<SP HEIGHT="49" WIDTH="23" VPOS="1055" HPOS="1300"/>
<String CONTENT="etc." HEIGHT="47" WIDTH="101" VPOS="1043" HPOS="1324"/>
</TextLine>
<TextLine HEIGHT="72" WIDTH="1923" VPOS="1110" HPOS="226" STYLEREFS="StyleId-26315BBD-B6DD-4CA5-950B-77486E693AA1-">
<String CONTENT="General" HEIGHT="56" WIDTH="246" VPOS="1117" HPOS="226"/>
<SP HEIGHT="51" WIDTH="32" VPOS="1121" HPOS="473"/>
<String CONTENT="laws" HEIGHT="49" WIDTH="138" VPOS="1121" HPOS="506"/>
<SP HEIGHT="33" WIDTH="33" VPOS="1137" HPOS="645"/>
<String CONTENT="of" HEIGHT="52" WIDTH="62" VPOS="1117" HPOS="679"/>
<SP HEIGHT="52" WIDTH="33" VPOS="1117" HPOS="742"/>
<String CONTENT="the" HEIGHT="52" WIDTH="95" VPOS="1117" HPOS="776"/>
<SP HEIGHT="34" WIDTH="35" VPOS="1135" HPOS="872"/>
<String CONTENT="state" HEIGHT="47" WIDTH="144" VPOS="1122" HPOS="908"/>
<SP HEIGHT="35" WIDTH="33" VPOS="1134" HPOS="1053"/>
<String CONTENT="of" HEIGHT="54" WIDTH="63" VPOS="1115" HPOS="1087"/>
<SP HEIGHT="53" WIDTH="34" VPOS="1115" HPOS="1151"/>
<String CONTENT="New" HEIGHT="51" WIDTH="139" VPOS="1117" HPOS="1186"/>
<SP HEIGHT="52" WIDTH="34" VPOS="1116" HPOS="1326"/>
<String CONTENT="York," HEIGHT="66" WIDTH="179" VPOS="1115" HPOS="1361"/>
<SP HEIGHT="49" WIDTH="36" VPOS="1132" HPOS="1541"/>
<String CONTENT="as" HEIGHT="35" WIDTH="58" VPOS="1132" HPOS="1578"/>
<SP HEIGHT="34" WIDTH="35" VPOS="1133" HPOS="1637"/>
<String CONTENT="enacted" HEIGHT="54" WIDTH="234" VPOS="1113" HPOS="1673"/>
<SP HEIGHT="53" WIDTH="34" VPOS="1113" HPOS="1908"/>
<String CONTENT="by" HEIGHT="66" WIDTH="74" VPOS="1115" HPOS="1943"/>
<SP HEIGHT="62" WIDTH="35" VPOS="1119" HPOS="2018"/>
<String CONTENT="the" HEIGHT="52" WIDTH="95" VPOS="1114" HPOS="2054"/>
</TextLine>
<TextLine HEIGHT="79" WIDTH="1991" VPOS="1189" HPOS="159" STYLEREFS="StyleId-26315BBD-B6DD-4CA5-950B-77486E693AA1-">
<String CONTENT="Legislature" HEIGHT="71" WIDTH="355" VPOS="1195" HPOS="159"/>
<SP HEIGHT="34" WIDTH="39" VPOS="1215" HPOS="515"/>
<String CONTENT="at" HEIGHT="45" WIDTH="57" VPOS="1202" HPOS="555"/>
<SP HEIGHT="46" WIDTH="39" VPOS="1201" HPOS="613"/>
<String CONTENT="the" HEIGHT="51" WIDTH="95" VPOS="1196" HPOS="653"/>
<SP HEIGHT="33" WIDTH="38" VPOS="1214" HPOS="749"/>
<String CONTENT="extra" HEIGHT="46" WIDTH="156" VPOS="1201" HPOS="788"/>
<SP HEIGHT="35" WIDTH="41" VPOS="1213" HPOS="945"/>
<String CONTENT="session" HEIGHT="54" WIDTH="210" VPOS="1194" HPOS="987"/>
<SP HEIGHT="50" WIDTH="42" VPOS="1197" HPOS="1198"/>
<String CONTENT="1931" HEIGHT="49" WIDTH="131" VPOS="1197" HPOS="1241"/>
<SP HEIGHT="47" WIDTH="40" VPOS="1198" HPOS="1373"/>
<String CONTENT="and" HEIGHT="52" WIDTH="112" VPOS="1193" HPOS="1414"/>
<SP HEIGHT="52" WIDTH="38" VPOS="1193" HPOS="1527"/>
<String CONTENT="regular" HEIGHT="67" WIDTH="230" VPOS="1193" HPOS="1566"/>
<SP HEIGHT="34" WIDTH="37" VPOS="1211" HPOS="1797"/>
<String CONTENT="session" HEIGHT="54" WIDTH="210" VPOS="1192" HPOS="1835"/>
<SP HEIGHT="35" WIDTH="40" VPOS="1211" HPOS="2046"/>
<String CONTENT="of" HEIGHT="54" WIDTH="63" VPOS="1192" HPOS="2087"/>
</TextLine>
<TextLine HEIGHT="139" WIDTH="1969" VPOS="1270" HPOS="157" STYLEREFS="StyleId-26315BBD-B6DD-4CA5-950B-77486E693AA1-" CS="1">
<String CONTENT="1932," HEIGHT="63" WIDTH="148" VPOS="1278" HPOS="163"/>
<SP HEIGHT="62" WIDTH="22" VPOS="1279" HPOS="312"/>
<String CONTENT="together" HEIGHT="69" WIDTH="259" VPOS="1274" HPOS="335"/>
<SP HEIGHT="34" WIDTH="24" VPOS="1293" HPOS="595"/>
<String CONTENT="with" HEIGHT="52" WIDTH="139" VPOS="1274" HPOS="620"/>
<SP HEIGHT="50" WIDTH="25" VPOS="1275" HPOS="760"/>
<String CONTENT="new" HEIGHT="34" WIDTH="119" VPOS="1293" HPOS="786"/>
<SP HEIGHT="33" WIDTH="27" VPOS="1292" HPOS="906"/>
<String CONTENT="and" HEIGHT="53" WIDTH="111" VPOS="1273" HPOS="934"/>
<SP HEIGHT="66" WIDTH="25" VPOS="1274" HPOS="1046"/>
<String CONTENT="proposed" HEIGHT="68" WIDTH="282" VPOS="1273" HPOS="1072"/>
<SP HEIGHT="51" WIDTH="26" VPOS="1273" HPOS="1355"/>
<String CONTENT="amendments" HEIGHT="53" WIDTH="388" VPOS="1272" HPOS="1382"/>
<SP HEIGHT="47" WIDTH="24" VPOS="1277" HPOS="1771"/>
<String CONTENT="to" HEIGHT="49" WIDTH="58" VPOS="1277" HPOS="1796"/>
<SP HEIGHT="49" WIDTH="24" VPOS="1277" HPOS="1855"/>
<String CONTENT="the" HEIGHT="52" WIDTH="96" VPOS="1273" HPOS="1880"/>
<SP HEIGHT="55" WIDTH="27" VPOS="1273" HPOS="1977"/>
<String CONTENT="Constitution." HEIGHT="139" WIDTH="1969" VPOS="1270" HPOS="157"/>
</TextLine>
<TextLine HEIGHT="139" WIDTH="1968" VPOS="1348" HPOS="159" STYLEREFS="StyleId-26315BBD-B6DD-4CA5-950B-77486E693AA1-" CS="1">
<String CONTENT="Table" HEIGHT="52" WIDTH="176" VPOS="1353" HPOS="515"/>
<SP HEIGHT="34" WIDTH="25" VPOS="1371" HPOS="692"/>
<String CONTENT="of" HEIGHT="52" WIDTH="63" VPOS="1352" HPOS="718"/>
<SP HEIGHT="52" WIDTH="26" VPOS="1352" HPOS="782"/>
<String CONTENT="laws" HEIGHT="50" WIDTH="137" VPOS="1354" HPOS="809"/>
<SP HEIGHT="34" WIDTH="29" VPOS="1370" HPOS="947"/>
<String CONTENT="added," HEIGHT="69" WIDTH="203" VPOS="1351" HPOS="977"/>
<SP HEIGHT="49" WIDTH="27" VPOS="1371" HPOS="1181"/>
<String CONTENT="amended," HEIGHT="68" WIDTH="292" VPOS="1351" HPOS="1209"/>
<SP HEIGHT="50" WIDTH="24" VPOS="1369" HPOS="1502"/>
<String CONTENT="repealed," HEIGHT="70" WIDTH="282" VPOS="1350" HPOS="1527"/>
<SP HEIGHT="46" WIDTH="24" VPOS="1370" HPOS="1810"/>
<String CONTENT="etc." HEIGHT="47" WIDTH="103" VPOS="1357" HPOS="1835"/>
<SP HEIGHT="55" WIDTH="63" VPOS="1351" HPOS="1939"/>
<String CONTENT="General" HEIGHT="138" WIDTH="1968" VPOS="1348" HPOS="159"/>
<SP HEIGHT="51" WIDTH="27" VPOS="1432" HPOS="277"/>
<String CONTENT="index." HEIGHT="52" WIDTH="186" VPOS="1432" HPOS="305"/>
<SP HEIGHT="56" WIDTH="76" VPOS="1429" HPOS="492"/>
<String CONTENT="St." HEIGHT="56" WIDTH="81" VPOS="1429" HPOS="569"/>
<SP HEIGHT="51" WIDTH="28" VPOS="1432" HPOS="651"/>
<String CONTENT="Paul." HEIGHT="53" WIDTH="163" VPOS="1432" HPOS="680"/>
</TextLine>
<TextLine HEIGHT="71" WIDTH="824" VPOS="1428" HPOS="870" STYLEREFS="StyleId-26315BBD-B6DD-4CA5-950B-77486E693AA1-" CS="1">
<String CONTENT="West" HEIGHT="53" WIDTH="155" VPOS="1432" HPOS="870"/>
<SP HEIGHT="61" WIDTH="29" VPOS="1437" HPOS="1026"/>
<String CONTENT="publishing" HEIGHT="69" WIDTH="334" VPOS="1429" HPOS="1056"/>
<SP HEIGHT="49" WIDTH="24" VPOS="1449" HPOS="1391"/>
<String LANG="ru" CS="1" CONTENT="co.," HEIGHT="34" WIDTH="79" VPOS="1450" HPOS="1416"/>
<SP HEIGHT="49" WIDTH="30" VPOS="1434" HPOS="1514"/>
<String CONTENT="1932." HEIGHT="52" WIDTH="149" VPOS="1431" HPOS="1545"/>
</TextLine>
<TextLine HEIGHT="50" WIDTH="505" VPOS="1504" HPOS="264" CS="1">
<String CS="1" CONTENT="x," HEIGHT="16" WIDTH="9" VPOS="1536" HPOS="264"/>
<SP HEIGHT="47" WIDTH="28" VPOS="1505" HPOS="274"/>
<String CONTENT="552," HEIGHT="49" WIDTH="98" VPOS="1505" HPOS="303"/>
<SP HEIGHT="38" WIDTH="27" VPOS="1516" HPOS="402"/>
<String CONTENT="XX" HEIGHT="29" WIDTH="65" VPOS="1516" HPOS="430"/>
<SP HEIGHT="38" WIDTH="27" VPOS="1516" HPOS="496"/>
<String CONTENT="p." HEIGHT="38" WIDTH="43" VPOS="1516" HPOS="524"/>
<SP HEIGHT="39" WIDTH="55" VPOS="1507" HPOS="568"/>
<String CS="1" CONTENT="23&#189;&#7580;&#7504;." HEIGHT="40" WIDTH="145" VPOS="1505" HPOS="624"/>
</TextLine>
<TextLine HEIGHT="56" WIDTH="1879" VPOS="1570" HPOS="165">
<String CONTENT="&#169;" HEIGHT="52" WIDTH="52" VPOS="1571" HPOS="165"/>
<SP HEIGHT="52" WIDTH="29" VPOS="1571" HPOS="217"/>
<String CONTENT="Apr." HEIGHT="46" WIDTH="114" VPOS="1576" HPOS="246"/>
<SP HEIGHT="41" WIDTH="29" VPOS="1574" HPOS="360"/>
<String CONTENT="23," HEIGHT="48" WIDTH="71" VPOS="1575" HPOS="389"/>
<SP HEIGHT="47" WIDTH="31" VPOS="1576" HPOS="460"/>
<String CONTENT="1932;" HEIGHT="47" WIDTH="140" VPOS="1574" HPOS="491"/>
<SP HEIGHT="47" WIDTH="30" VPOS="1574" HPOS="631"/>
<String CONTENT="2c" HEIGHT="39" WIDTH="56" VPOS="1574" HPOS="661"/>
<SP HEIGHT="38" WIDTH="44" VPOS="1575" HPOS="717"/>
<String CONTENT="May" HEIGHT="46" WIDTH="113" VPOS="1575" HPOS="761"/>
<SP HEIGHT="45" WIDTH="31" VPOS="1576" HPOS="874"/>
<String CONTENT="14;" HEIGHT="42" WIDTH="81" VPOS="1575" HPOS="905"/>
<SP HEIGHT="31" WIDTH="33" VPOS="1586" HPOS="986"/>
<String CONTENT="aff." HEIGHT="41" WIDTH="83" VPOS="1574" HPOS="1019"/>
<SP HEIGHT="40" WIDTH="31" VPOS="1575" HPOS="1102"/>
<String CONTENT="May" HEIGHT="47" WIDTH="114" VPOS="1575" HPOS="1133"/>
<SP HEIGHT="47" WIDTH="30" VPOS="1575" HPOS="1247"/>
<String CONTENT="13;" HEIGHT="46" WIDTH="82" VPOS="1575" HPOS="1277"/>
<SP HEIGHT="47" WIDTH="35" VPOS="1574" HPOS="1359"/>
<!-- cceid 100B2D3D-6D7D-1014-B4A5-D7A31D17AB40 --><String CONTENT="A" HEIGHT="39" WIDTH="41" VPOS="1574" HPOS="1394"/>
<SP HEIGHT="39" WIDTH="27" VPOS="1574" HPOS="1435"/>
<String CONTENT="49954;" HEIGHT="50" WIDTH="173" VPOS="1572" HPOS="1462"/>
<SP HEIGHT="47" WIDTH="34" VPOS="1575" HPOS="1635"/>
<String CONTENT="West" HEIGHT="40" WIDTH="136" VPOS="1575" HPOS="1669"/>
<SP HEIGHT="45" WIDTH="27" VPOS="1577" HPOS="1805"/>
<String CONTENT="pub." HEIGHT="48" WIDTH="111" VPOS="1574" HPOS="1832"/>
<SP HEIGHT="29" WIDTH="33" VPOS="1585" HPOS="1943"/>
<String LANG="ru" CONTENT="co." HEIGHT="30" WIDTH="68" VPOS="1584" HPOS="1976"/>
</TextLine>
<TextLine HEIGHT="67" WIDTH="743" VPOS="1689" HPOS="161" STYLEREFS="StyleId-E29D0293-26ED-428F-B747-002FFC486B11-">
<String LANG="de" CONTENT="Nickalls," HEIGHT="65" WIDTH="278" VPOS="1691" HPOS="161"/>
<SP HEIGHT="64" WIDTH="28" VPOS="1692" HPOS="440"/>
<String LANG="en-US" CONTENT="Vivian," HEIGHT="65" WIDTH="233" VPOS="1690" HPOS="469"/>
<SP HEIGHT="58" WIDTH="31" VPOS="1697" HPOS="703"/>
<String LANG="en-US" CONTENT="1871-" HEIGHT="49" WIDTH="169" VPOS="1697" HPOS="735"/>
</TextLine>
<TextLine HEIGHT="73" WIDTH="1925" VPOS="1766" HPOS="230" STYLEREFS="StyleId-26315BBD-B6DD-4CA5-950B-77486E693AA1-">
<String CONTENT="Oars," HEIGHT="69" WIDTH="163" VPOS="1768" HPOS="230"/>
<SP HEIGHT="49" WIDTH="40" VPOS="1788" HPOS="394"/>
<String CONTENT="wars" HEIGHT="35" WIDTH="143" VPOS="1787" HPOS="435"/>
<SP HEIGHT="35" WIDTH="38" VPOS="1787" HPOS="579"/>
<String CONTENT="and" HEIGHT="52" WIDTH="112" VPOS="1770" HPOS="618"/>
<SP HEIGHT="52" WIDTH="37" VPOS="1770" HPOS="731"/>
<String CONTENT="horses," HEIGHT="66" WIDTH="209" VPOS="1770" HPOS="769"/>
<SP HEIGHT="68" WIDTH="38" VPOS="1769" HPOS="979"/>
<String CONTENT="by" HEIGHT="67" WIDTH="74" VPOS="1770" HPOS="1018"/>
<SP HEIGHT="68" WIDTH="35" VPOS="1769" HPOS="1093"/>
<String CONTENT="Major" HEIGHT="68" WIDTH="193" VPOS="1769" HPOS="1129"/>
<SP HEIGHT="52" WIDTH="35" VPOS="1771" HPOS="1323"/>
<String CONTENT="Vivian" HEIGHT="53" WIDTH="215" VPOS="1770" HPOS="1359"/>
<SP HEIGHT="54" WIDTH="36" VPOS="1769" HPOS="1575"/>
<String CONTENT="Nickalls;" HEIGHT="65" WIDTH="287" VPOS="1769" HPOS="1612"/>
<SP HEIGHT="45" WIDTH="42" VPOS="1789" HPOS="1900"/>
<String CONTENT="with" HEIGHT="52" WIDTH="139" VPOS="1771" HPOS="1943"/>
<SP HEIGHT="52" WIDTH="39" VPOS="1771" HPOS="2083"/>
<String CONTENT="a" HEIGHT="34" WIDTH="32" VPOS="1789" HPOS="2123"/>
</TextLine>
<TextLine HEIGHT="71" WIDTH="1994" VPOS="1845" HPOS="162" STYLEREFS="StyleId-26315BBD-B6DD-4CA5-950B-77486E693AA1-" CS="1">
<String CONTENT="foreword" HEIGHT="54" WIDTH="282" VPOS="1845" HPOS="162"/>
<SP HEIGHT="53" WIDTH="23" VPOS="1846" HPOS="445"/>
<String CONTENT="by" HEIGHT="67" WIDTH="74" VPOS="1847" HPOS="469"/>
<SP HEIGHT="62" WIDTH="22" VPOS="1852" HPOS="544"/>
<String CONTENT="the" HEIGHT="52" WIDTH="95" VPOS="1847" HPOS="567"/>
<SP HEIGHT="52" WIDTH="22" VPOS="1847" HPOS="663"/>
<String CONTENT="Lord" HEIGHT="52" WIDTH="154" VPOS="1847" HPOS="686"/>
<SP HEIGHT="52" WIDTH="23" VPOS="1847" HPOS="841"/>
<String CONTENT="Ampthill" HEIGHT="68" WIDTH="292" VPOS="1846" HPOS="865"/>
<SP HEIGHT="51" WIDTH="29" VPOS="1849" HPOS="1158"/>
<String CS="1" CONTENT="&#8230;"/>
<SP HEIGHT="52" WIDTH="62" VPOS="1848" HPOS="1246"/>
<String CONTENT="London," HEIGHT="66" WIDTH="258" VPOS="1848" HPOS="1309"/>
<SP HEIGHT="68" WIDTH="25" VPOS="1847" HPOS="1568"/>
<String CONTENT="Hurst" HEIGHT="53" WIDTH="185" VPOS="1848" HPOS="1594"/>
<SP HEIGHT="50" WIDTH="22" VPOS="1851" HPOS="1780"/>
<String CONTENT="&amp;" HEIGHT="50" WIDTH="46" VPOS="1851" HPOS="1803"/>
<SP HEIGHT="51" WIDTH="23" VPOS="1850" HPOS="1850"/>
<String CONTENT="Blackett," HEIGHT="66" WIDTH="282" VPOS="1849" HPOS="1874"/>
</TextLine>
<TextLine HEIGHT="67" WIDTH="310" VPOS="1925" HPOS="159" STYLEREFS="StyleId-26315BBD-B6DD-4CA5-950B-77486E693AA1-">
<String CONTENT="ltd." HEIGHT="53" WIDTH="100" VPOS="1925" HPOS="159"/>
<SP HEIGHT="34" WIDTH="36" VPOS="1957" HPOS="260"/>
<String CONTENT="[1932]" HEIGHT="65" WIDTH="172" VPOS="1927" HPOS="297"/>
</TextLine>
<TextLine HEIGHT="55" WIDTH="1444" VPOS="1994" HPOS="234" CS="1">
<String CONTENT="292" HEIGHT="41" WIDTH="87" VPOS="1995" HPOS="234"/>
<SP HEIGHT="50" WIDTH="35" VPOS="1996" HPOS="322"/>
<String CONTENT="p." HEIGHT="39" WIDTH="44" VPOS="2008" HPOS="358"/>
<SP HEIGHT="41" WIDTH="64" VPOS="1996" HPOS="403"/>
<String CONTENT="front.," HEIGHT="48" WIDTH="165" VPOS="1996" HPOS="468"/>
<SP HEIGHT="48" WIDTH="38" VPOS="1996" HPOS="634"/>
<String CONTENT="illus." HEIGHT="41" WIDTH="129" VPOS="1996" HPOS="673"/>
<SP HEIGHT="46" WIDTH="26" VPOS="1997" HPOS="803"/>
<String CONTENT="(facsims.)" HEIGHT="50" WIDTH="264" VPOS="1995" HPOS="830"/>
<SP HEIGHT="48" WIDTH="45" VPOS="1998" HPOS="1095"/>
<String CONTENT="plates," HEIGHT="49" WIDTH="171" VPOS="1997" HPOS="1141"/>
<SP HEIGHT="38" WIDTH="39" VPOS="2009" HPOS="1313"/>
<String CONTENT="ports." HEIGHT="46" WIDTH="149" VPOS="2001" HPOS="1353"/>
<SP HEIGHT="42" WIDTH="58" VPOS="1997" HPOS="1503"/>
<String CS="1" CONTENT="24&#7580;&#7504;." HEIGHT="42" WIDTH="116" VPOS="1997" HPOS="1562"/>
</TextLine>
<TextLine HEIGHT="51" WIDTH="702" VPOS="2052" HPOS="236">
<String CONTENT="Largely" HEIGHT="50" WIDTH="204" VPOS="2053" HPOS="236"/>
<SP HEIGHT="38" WIDTH="31" VPOS="2064" HPOS="441"/>
<String CONTENT="autobiographical." HEIGHT="50" WIDTH="465" VPOS="2053" HPOS="473"/>
</TextLine>
<TextLine HEIGHT="56" WIDTH="1990" VPOS="2120" HPOS="170" CS="1">
<String CONTENT="&#169;" HEIGHT="52" WIDTH="52" VPOS="2120" HPOS="170"/>
<SP/>
<String CS="1" CONTENT="1c."/>
<SP/>
<String CONTENT="Sept." HEIGHT="50" WIDTH="128" VPOS="2123" HPOS="372"/>
<SP HEIGHT="40" WIDTH="37" VPOS="2125" HPOS="501"/>
<String CONTENT="26," HEIGHT="49" WIDTH="69" VPOS="2124" HPOS="539"/>
<SP HEIGHT="47" WIDTH="40" VPOS="2126" HPOS="609"/>
<String CONTENT="1932;" HEIGHT="47" WIDTH="140" VPOS="2124" HPOS="650"/>
<SP HEIGHT="46" WIDTH="42" VPOS="2125" HPOS="791"/>
<!-- cceid 100B5D66-6D7D-1014-B4A5-D7A31D17AB40 --><String CONTENT="A" HEIGHT="38" WIDTH="40" VPOS="2125" HPOS="834"/>
<SP HEIGHT="39" WIDTH="40" VPOS="2125" HPOS="875"/>
<String CONTENT="ad" HEIGHT="38" WIDTH="60" VPOS="2126" HPOS="916"/>
<SP HEIGHT="40" WIDTH="40" VPOS="2124" HPOS="977"/>
<String CONTENT="int." HEIGHT="41" WIDTH="87" VPOS="2125" HPOS="1018"/>
<SP HEIGHT="40" WIDTH="39" VPOS="2126" HPOS="1106"/>
<String CONTENT="16892;" HEIGHT="46" WIDTH="171" VPOS="2126" HPOS="1146"/>
<SP HEIGHT="37" WIDTH="43" VPOS="2136" HPOS="1318"/>
<String CONTENT="pubd." HEIGHT="46" WIDTH="140" VPOS="2127" HPOS="1362"/>
<SP HEIGHT="39" WIDTH="43" VPOS="2126" HPOS="1503"/>
<String CONTENT="July" HEIGHT="49" WIDTH="116" VPOS="2126" HPOS="1547"/>
<SP HEIGHT="48" WIDTH="38" VPOS="2127" HPOS="1664"/>
<String CONTENT="31;" HEIGHT="47" WIDTH="83" VPOS="2127" HPOS="1703"/>
<SP HEIGHT="46" WIDTH="44" VPOS="2128" HPOS="1787"/>
<String CONTENT="V." HEIGHT="39" WIDTH="52" VPOS="2128" HPOS="1832"/>
<SP HEIGHT="38" WIDTH="42" VPOS="2128" HPOS="1885"/>
<String CONTENT="Nickalls," HEIGHT="50" WIDTH="232" VPOS="2126" HPOS="1928"/>
</TextLine>
<TextLine HEIGHT="49" WIDTH="560" VPOS="2179" HPOS="238">
<String CONTENT="London." HEIGHT="40" WIDTH="211" VPOS="2181" HPOS="238"/>
<SP HEIGHT="44" WIDTH="68" VPOS="2184" HPOS="449"/>
<String CONTENT="(32-29397)" HEIGHT="48" WIDTH="280" VPOS="2180" HPOS="518"/>
</TextLine>
<TextLine HEIGHT="66" WIDTH="700" VPOS="2296" HPOS="166" STYLEREFS="StyleId-E29D0293-26ED-428F-B747-002FFC486B11-">
<String CONTENT="Ocampo," HEIGHT="65" WIDTH="273" VPOS="2297" HPOS="166"/>
<SP HEIGHT="65" WIDTH="32" VPOS="2297" HPOS="440"/>
<String CONTENT="Felicidad" HEIGHT="54" WIDTH="293" VPOS="2297" HPOS="473"/>
<SP HEIGHT="53" WIDTH="29" VPOS="2298" HPOS="767"/>
<String CONTENT="V." HEIGHT="55" WIDTH="69" VPOS="2298" HPOS="797"/>
</TextLine>
<TextLine HEIGHT="75" WIDTH="1925" VPOS="2372" HPOS="235" STYLEREFS="StyleId-26315BBD-B6DD-4CA5-950B-77486E693AA1-" CS="1">
<String CONTENT="The" HEIGHT="53" WIDTH="120" VPOS="2373" HPOS="235"/>
<SP HEIGHT="54" WIDTH="40" VPOS="2373" HPOS="356"/>
<String CONTENT="brown" HEIGHT="52" WIDTH="195" VPOS="2374" HPOS="397"/>
<SP HEIGHT="34" WIDTH="40" VPOS="2392" HPOS="593"/>
<String CONTENT="maiden," HEIGHT="69" WIDTH="245" VPOS="2373" HPOS="634"/>
<SP HEIGHT="66" WIDTH="38" VPOS="2376" HPOS="880"/>
<String CONTENT="by" HEIGHT="67" WIDTH="75" VPOS="2376" HPOS="919"/>
<SP HEIGHT="66" WIDTH="39" VPOS="2377" HPOS="995"/>
<String CONTENT="Felicidad" HEIGHT="53" WIDTH="298" VPOS="2376" HPOS="1035"/>
<SP HEIGHT="52" WIDTH="40" VPOS="2378" HPOS="1334"/>
<String CONTENT="V." HEIGHT="52" WIDTH="70" VPOS="2378" HPOS="1375"/>
<SP HEIGHT="55" WIDTH="40" VPOS="2377" HPOS="1446"/>
<String CONTENT="Ocampo" HEIGHT="68" WIDTH="255" VPOS="2377" HPOS="1487"/>
<SP HEIGHT="34" WIDTH="45" VPOS="2398" HPOS="1743"/>
<String CS="1" CONTENT="&#8230;"/>
<SP HEIGHT="50" WIDTH="81" VPOS="2382" HPOS="1845"/>
<String CONTENT="Boston," HEIGHT="65" WIDTH="233" VPOS="2382" HPOS="1927"/>
</TextLine>
<TextLine HEIGHT="70" WIDTH="1108" VPOS="2450" HPOS="164" STYLEREFS="StyleId-26315BBD-B6DD-4CA5-950B-77486E693AA1-">
<String CONTENT="Meador" HEIGHT="54" WIDTH="236" VPOS="2450" HPOS="164"/>
<SP HEIGHT="48" WIDTH="26" VPOS="2470" HPOS="401"/>
<String CONTENT="publishing" HEIGHT="68" WIDTH="337" VPOS="2451" HPOS="428"/>
<SP HEIGHT="49" WIDTH="25" VPOS="2470" HPOS="766"/>
<String CONTENT="company," HEIGHT="51" WIDTH="295" VPOS="2469" HPOS="792"/>
<SP HEIGHT="63" WIDTH="31" VPOS="2456" HPOS="1088"/>
<String CONTENT="1932." HEIGHT="51" WIDTH="152" VPOS="2456" HPOS="1120"/>
</TextLine>
<TextLine HEIGHT="51" WIDTH="334" VPOS="2522" HPOS="237" CS="1">
<String CONTENT="126" HEIGHT="42" WIDTH="85" VPOS="2523" HPOS="237"/>
<SP HEIGHT="48" WIDTH="26" VPOS="2524" HPOS="323"/>
<String CONTENT="p." HEIGHT="38" WIDTH="44" VPOS="2535" HPOS="350"/>
<SP HEIGHT="40" WIDTH="59" VPOS="2524" HPOS="395"/>
<String CS="1" CONTENT="19&#7580;&#7504;." HEIGHT="42" WIDTH="87" VPOS="2523" HPOS="484"/>
</TextLine>
<TextLine HEIGHT="59" WIDTH="1992" VPOS="2589" HPOS="173">
<String CONTENT="&#169;" HEIGHT="52" WIDTH="51" VPOS="2589" HPOS="173"/>
<SP HEIGHT="52" WIDTH="28" VPOS="2589" HPOS="225"/>
<String CONTENT="Sept." HEIGHT="46" WIDTH="127" VPOS="2596" HPOS="254"/>
<SP HEIGHT="42" WIDTH="25" VPOS="2594" HPOS="382"/>
<String CONTENT="12," HEIGHT="46" WIDTH="68" VPOS="2595" HPOS="408"/>
<SP HEIGHT="45" WIDTH="25" VPOS="2596" HPOS="477"/>
<String CONTENT="1932;" HEIGHT="46" WIDTH="140" VPOS="2595" HPOS="503"/>
<SP HEIGHT="45" WIDTH="26" VPOS="2596" HPOS="644"/>
<String CONTENT="2c." HEIGHT="39" WIDTH="67" VPOS="2596" HPOS="671"/>
<SP HEIGHT="40" WIDTH="27" VPOS="2595" HPOS="739"/>
<String CONTENT="Oct." HEIGHT="40" WIDTH="99" VPOS="2595" HPOS="767"/>
<SP HEIGHT="37" WIDTH="27" VPOS="2597" HPOS="867"/>
<String CONTENT="11;" HEIGHT="46" WIDTH="82" VPOS="2597" HPOS="895"/>
<SP HEIGHT="38" WIDTH="28" VPOS="2606" HPOS="978"/>
<String CONTENT="aff." HEIGHT="41" WIDTH="81" VPOS="2596" HPOS="1007"/>
<SP HEIGHT="40" WIDTH="26" VPOS="2597" HPOS="1089"/>
<String CONTENT="Oct." HEIGHT="40" WIDTH="103" VPOS="2597" HPOS="1116"/>
<SP HEIGHT="38" WIDTH="26" VPOS="2599" HPOS="1220"/>
<String CONTENT="17;" HEIGHT="47" WIDTH="80" VPOS="2598" HPOS="1247"/>
<SP HEIGHT="46" WIDTH="29" VPOS="2599" HPOS="1328"/>
<!-- cceid 100B9B79-6D7D-1014-B4A5-D7A31D17AB40 --><String CONTENT="A" HEIGHT="38" WIDTH="40" VPOS="2599" HPOS="1358"/>
<SP HEIGHT="38" WIDTH="25" VPOS="2599" HPOS="1399"/>
<String CONTENT="56486;" HEIGHT="50" WIDTH="169" VPOS="2598" HPOS="1425"/>
<SP HEIGHT="48" WIDTH="31" VPOS="2600" HPOS="1595"/>
<String CONTENT="Edward" HEIGHT="40" WIDTH="210" VPOS="2600" HPOS="1627"/>
<SP HEIGHT="38" WIDTH="27" VPOS="2602" HPOS="1838"/>
<String CONTENT="K." HEIGHT="38" WIDTH="57" VPOS="2602" HPOS="1866"/>
<SP HEIGHT="39" WIDTH="27" VPOS="2602" HPOS="1924"/>
<String CONTENT="Meador." HEIGHT="41" WIDTH="213" VPOS="2602" HPOS="1952"/>
</TextLine>
<TextLine HEIGHT="51" WIDTH="545" VPOS="2649" HPOS="241">
<String CONTENT="Boston." HEIGHT="40" WIDTH="193" VPOS="2651" HPOS="241"/>
<SP HEIGHT="48" WIDTH="71" VPOS="2650" HPOS="435"/>
<String CONTENT="(32-29195)" HEIGHT="50" WIDTH="279" VPOS="2650" HPOS="507"/>
</TextLine>
<TextLine HEIGHT="69" WIDTH="879" VPOS="2766" HPOS="171" STYLEREFS="StyleId-E29D0293-26ED-428F-B747-002FFC486B11-">
<String CONTENT="Olsen," HEIGHT="65" WIDTH="194" VPOS="2766" HPOS="171"/>
<SP HEIGHT="64" WIDTH="31" VPOS="2768" HPOS="365"/>
<String CONTENT="John" HEIGHT="52" WIDTH="155" VPOS="2769" HPOS="396"/>
<SP HEIGHT="53" WIDTH="31" VPOS="2770" HPOS="551"/>
<String CONTENT="Charles," HEIGHT="65" WIDTH="262" VPOS="2769" HPOS="582"/>
<SP HEIGHT="58" WIDTH="35" VPOS="2776" HPOS="844"/>
<String CONTENT="1869-" HEIGHT="50" WIDTH="171" VPOS="2776" HPOS="879"/>
</TextLine>
<TextLine HEIGHT="79" WIDTH="1926" VPOS="2842" HPOS="242" STYLEREFS="StyleId-26315BBD-B6DD-4CA5-950B-77486E693AA1-">
<String CONTENT="Unit" HEIGHT="55" WIDTH="144" VPOS="2842" HPOS="242"/>
<SP HEIGHT="61" WIDTH="40" VPOS="2851" HPOS="387"/>
<String CONTENT="processes" HEIGHT="49" WIDTH="277" VPOS="2863" HPOS="428"/>
<SP HEIGHT="33" WIDTH="41" VPOS="2865" HPOS="706"/>
<String CONTENT="and" HEIGHT="52" WIDTH="110" VPOS="2846" HPOS="748"/>
<SP HEIGHT="68" WIDTH="42" VPOS="2846" HPOS="859"/>
<String CONTENT="principles" HEIGHT="70" WIDTH="308" VPOS="2845" HPOS="902"/>
<SP HEIGHT="33" WIDTH="40" VPOS="2867" HPOS="1211"/>
<String CONTENT="of" HEIGHT="52" WIDTH="63" VPOS="2848" HPOS="1252"/>
<SP HEIGHT="53" WIDTH="40" VPOS="2848" HPOS="1316"/>
<String CONTENT="chemical" HEIGHT="56" WIDTH="269" VPOS="2849" HPOS="1357"/>
<SP HEIGHT="52" WIDTH="42" VPOS="2851" HPOS="1627"/>
<String CONTENT="engineering," HEIGHT="69" WIDTH="383" VPOS="2851" HPOS="1670"/>
<SP HEIGHT="68" WIDTH="39" VPOS="2852" HPOS="2054"/>
<String CONTENT="by" HEIGHT="69" WIDTH="74" VPOS="2852" HPOS="2094"/>
</TextLine>
<TextLine HEIGHT="78" WIDTH="1995" VPOS="2919" HPOS="172" STYLEREFS="StyleId-26315BBD-B6DD-4CA5-950B-77486E693AA1-" CS="1">
<String CONTENT="John" HEIGHT="53" WIDTH="153" VPOS="2920" HPOS="172"/>
<SP HEIGHT="55" WIDTH="25" VPOS="2920" HPOS="326"/>
<String CONTENT="C." HEIGHT="57" WIDTH="61" VPOS="2920" HPOS="352"/>
<SP HEIGHT="57" WIDTH="28" VPOS="2920" HPOS="414"/>
<String CONTENT="Olsen" HEIGHT="55" WIDTH="170" VPOS="2920" HPOS="443"/>
<SP HEIGHT="35" WIDTH="29" VPOS="2941" HPOS="614"/>
<String CS="1" CONTENT="&#8230;"/>
<SP HEIGHT="53" WIDTH="30" VPOS="2923" HPOS="700"/>
<String CONTENT="in" HEIGHT="53" WIDTH="59" VPOS="2923" HPOS="731"/>
<SP HEIGHT="33" WIDTH="23" VPOS="2943" HPOS="791"/>
<String CONTENT="collaboration" HEIGHT="56" WIDTH="406" VPOS="2923" HPOS="815"/>
<SP HEIGHT="34" WIDTH="24" VPOS="2945" HPOS="1222"/>
<String CONTENT="with" HEIGHT="52" WIDTH="139" VPOS="2926" HPOS="1247"/>
<SP HEIGHT="55" WIDTH="27" VPOS="2926" HPOS="1387"/>
<String CONTENT="Crosby" HEIGHT="71" WIDTH="214" VPOS="2926" HPOS="1415"/>
<SP HEIGHT="68" WIDTH="27" VPOS="2929" HPOS="1630"/>
<String CONTENT="Field," HEIGHT="68" WIDTH="183" VPOS="2928" HPOS="1658"/>
<SP HEIGHT="66" WIDTH="24" VPOS="2930" HPOS="1842"/>
<String CONTENT="Alfred" HEIGHT="55" WIDTH="211" VPOS="2929" HPOS="1867"/>
<SP HEIGHT="53" WIDTH="23" VPOS="2931" HPOS="2079"/>
<String CONTENT="L." HEIGHT="52" WIDTH="64" VPOS="2931" HPOS="2103"/>
</TextLine>
<TextLine HEIGHT="77" WIDTH="1921" VPOS="2997" HPOS="248" STYLEREFS="StyleId-26315BBD-B6DD-4CA5-950B-77486E693AA1-" CS="1">
<String CS="1" CONTENT="Webre," HEIGHT="69" WIDTH="145" VPOS="2997" HPOS="248"/>
<SP HEIGHT="67" WIDTH="33" VPOS="2999" HPOS="394"/>
<String CONTENT="Theodore" HEIGHT="55" WIDTH="292" VPOS="2999" HPOS="428"/>
<SP HEIGHT="53" WIDTH="37" VPOS="3001" HPOS="721"/>
<String CONTENT="Baker" HEIGHT="52" WIDTH="187" VPOS="3001" HPOS="759"/>
<SP HEIGHT="36" WIDTH="41" VPOS="3020" HPOS="947"/>
<String CS="1" CONTENT="&#8230;"/>
<SP HEIGHT="34" WIDTH="45" VPOS="3037" HPOS="1046"/>
<String CS="1" CONTENT="[and" HEIGHT="52" WIDTH="112" VPOS="3002" HPOS="1111"/>
<SP HEIGHT="53" WIDTH="34" VPOS="3002" HPOS="1224"/>
<String CONTENT="others]" HEIGHT="68" WIDTH="205" VPOS="3004" HPOS="1259"/>
<SP HEIGHT="68" WIDTH="75" VPOS="3004" HPOS="1465"/>
<String CONTENT="New" HEIGHT="56" WIDTH="136" VPOS="3004" HPOS="1541"/>
<SP HEIGHT="53" WIDTH="39" VPOS="3005" HPOS="1678"/>
<String CONTENT="York," HEIGHT="69" WIDTH="178" VPOS="3005" HPOS="1718"/>
<SP HEIGHT="66" WIDTH="35" VPOS="3008" HPOS="1897"/>
<String CONTENT="D." HEIGHT="53" WIDTH="68" VPOS="3008" HPOS="1933"/>
<SP HEIGHT="54" WIDTH="38" VPOS="3007" HPOS="2002"/>
<String CONTENT="Van" HEIGHT="54" WIDTH="128" VPOS="3007" HPOS="2041"/>
</TextLine>
<TextLine HEIGHT="74" WIDTH="951" VPOS="3074" HPOS="174" STYLEREFS="StyleId-26315BBD-B6DD-4CA5-950B-77486E693AA1-">
<String CONTENT="Nostrand" HEIGHT="56" WIDTH="288" VPOS="3074" HPOS="174"/>
<SP HEIGHT="53" WIDTH="29" VPOS="3076" HPOS="463"/>
<String CONTENT="company," HEIGHT="52" WIDTH="292" VPOS="3094" HPOS="493"/>
<SP HEIGHT="68" WIDTH="31" VPOS="3077" HPOS="786"/>
<String CONTENT="inc.," HEIGHT="70" WIDTH="124" VPOS="3077" HPOS="818"/>
<SP HEIGHT="64" WIDTH="32" VPOS="3083" HPOS="943"/>
<String CONTENT="1932." HEIGHT="50" WIDTH="149" VPOS="3082" HPOS="976"/>
</TextLine>
<TextLine HEIGHT="54" WIDTH="907" VPOS="3144" HPOS="242" STYLEREFS="StyleId-26315BBD-B6DD-4CA5-950B-77486E693AA1-" CS="1">
<String CONTENT="xiv," HEIGHT="47" WIDTH="96" VPOS="3146" HPOS="242"/>
<SP HEIGHT="47" WIDTH="31" VPOS="3146" HPOS="339"/>
<String CONTENT="558" HEIGHT="42" WIDTH="85" VPOS="3144" HPOS="371"/>
<SP HEIGHT="50" WIDTH="29" VPOS="3145" HPOS="457"/>
<String CONTENT="p." HEIGHT="38" WIDTH="43" VPOS="3157" HPOS="487"/>
<SP HEIGHT="42" WIDTH="58" VPOS="3148" HPOS="531"/>
<String CONTENT="illus.," HEIGHT="49" WIDTH="142" VPOS="3148" HPOS="590"/>
<SP HEIGHT="46" WIDTH="30" VPOS="3151" HPOS="733"/>
<String CONTENT="diagrs." HEIGHT="47" WIDTH="180" VPOS="3150" HPOS="764"/>
<SP HEIGHT="42" WIDTH="58" VPOS="3150" HPOS="945"/>
<String CS="1" CONTENT="22&#189;&#7580;&#7504;." HEIGHT="43" WIDTH="145" VPOS="3151" HPOS="1004"/>
</TextLine>
<TextLine HEIGHT="54" WIDTH="1051" VPOS="3203" HPOS="243">
<String CONTENT="Table" HEIGHT="41" WIDTH="149" VPOS="3203" HPOS="243"/>
<SP HEIGHT="30" WIDTH="33" VPOS="3213" HPOS="393"/>
<String CONTENT="mounted" HEIGHT="39" WIDTH="226" VPOS="3206" HPOS="427"/>
<SP HEIGHT="40" WIDTH="36" VPOS="3206" HPOS="654"/>
<String CONTENT="on" HEIGHT="30" WIDTH="60" VPOS="3216" HPOS="691"/>
<SP HEIGHT="40" WIDTH="34" VPOS="3206" HPOS="752"/>
<String CONTENT="front" HEIGHT="42" WIDTH="137" VPOS="3206" HPOS="787"/>
<SP HEIGHT="39" WIDTH="32" VPOS="3209" HPOS="925"/>
<String CONTENT="lining-paper." HEIGHT="51" WIDTH="336" VPOS="3206" HPOS="958"/>
</TextLine>
<TextLine HEIGHT="58" WIDTH="1285" VPOS="3258" HPOS="245">
<String CONTENT="Bibliography" HEIGHT="51" WIDTH="346" VPOS="3258" HPOS="245"/>
<SP HEIGHT="37" WIDTH="33" VPOS="3272" HPOS="592"/>
<String CONTENT="at" HEIGHT="39" WIDTH="53" VPOS="3263" HPOS="626"/>
<SP HEIGHT="39" WIDTH="33" VPOS="3263" HPOS="680"/>
<String CONTENT="end" HEIGHT="39" WIDTH="92" VPOS="3264" HPOS="714"/>
<SP HEIGHT="40" WIDTH="32" VPOS="3264" HPOS="807"/>
<String CONTENT="of" HEIGHT="40" WIDTH="54" VPOS="3264" HPOS="840"/>
<SP HEIGHT="40" WIDTH="29" VPOS="3264" HPOS="895"/>
<String CONTENT="some" HEIGHT="32" WIDTH="131" VPOS="3274" HPOS="925"/>
<SP HEIGHT="31" WIDTH="31" VPOS="3275" HPOS="1057"/>
<String CONTENT="of" HEIGHT="39" WIDTH="51" VPOS="3266" HPOS="1089"/>
<SP HEIGHT="41" WIDTH="32" VPOS="3266" HPOS="1141"/>
<String CONTENT="the" HEIGHT="40" WIDTH="80" VPOS="3267" HPOS="1174"/>
<SP HEIGHT="29" WIDTH="35" VPOS="3278" HPOS="1255"/>
<String CONTENT="chapters." HEIGHT="48" WIDTH="239" VPOS="3268" HPOS="1291"/>
</TextLine>
<TextLine HEIGHT="61" WIDTH="1992" VPOS="3328" HPOS="180" CS="1">
<String CONTENT="&#169;" HEIGHT="52" WIDTH="53" VPOS="3328" HPOS="180"/>
<SP HEIGHT="52" WIDTH="28" VPOS="3328" HPOS="233"/>
<String CONTENT="June" HEIGHT="40" WIDTH="126" VPOS="3334" HPOS="262"/>
<SP HEIGHT="38" WIDTH="27" VPOS="3335" HPOS="389"/>
<String CS="1" CONTENT="10," HEIGHT="39" WIDTH="55" VPOS="3334" HPOS="417"/>
<SP HEIGHT="39" WIDTH="29" VPOS="3336" HPOS="484"/>
<String CONTENT="1932;" HEIGHT="47" WIDTH="140" VPOS="3335" HPOS="513"/>
<SP HEIGHT="45" WIDTH="31" VPOS="3337" HPOS="653"/>
<String CONTENT="2c." HEIGHT="40" WIDTH="68" VPOS="3337" HPOS="684"/>
<SP HEIGHT="39" WIDTH="28" VPOS="3338" HPOS="752"/>
<String CONTENT="July" HEIGHT="48" WIDTH="117" VPOS="3337" HPOS="780"/>
<SP HEIGHT="47" WIDTH="28" VPOS="3338" HPOS="897"/>
<String CONTENT="20;" HEIGHT="42" WIDTH="81" VPOS="3338" HPOS="925"/>
<SP HEIGHT="32" WIDTH="34" VPOS="3348" HPOS="1006"/>
<String CONTENT="aff." HEIGHT="41" WIDTH="81" VPOS="3338" HPOS="1040"/>
<SP HEIGHT="40" WIDTH="34" VPOS="3339" HPOS="1121"/>
<String CONTENT="Sept." HEIGHT="48" WIDTH="128" VPOS="3339" HPOS="1155"/>
<SP HEIGHT="42" WIDTH="28" VPOS="3338" HPOS="1283"/>
<String CONTENT="22;" HEIGHT="49" WIDTH="83" VPOS="3338" HPOS="1311"/>
<SP HEIGHT="46" WIDTH="32" VPOS="3341" HPOS="1394"/>
<!-- cceid 100C11DF-6D7D-1014-B4A5-D7A31D17AB40 --><String CONTENT="A" HEIGHT="39" WIDTH="42" VPOS="3341" HPOS="1426"/>
<SP HEIGHT="39" WIDTH="28" VPOS="3341" HPOS="1468"/>
<String CONTENT="56209;" HEIGHT="49" WIDTH="171" VPOS="3340" HPOS="1496"/>
<SP HEIGHT="45" WIDTH="33" VPOS="3344" HPOS="1667"/>
<String CONTENT="D." HEIGHT="39" WIDTH="57" VPOS="3344" HPOS="1700"/>
<SP HEIGHT="39" WIDTH="31" VPOS="3344" HPOS="1757"/>
<String CONTENT="Van" HEIGHT="38" WIDTH="104" VPOS="3344" HPOS="1788"/>
<SP HEIGHT="38" WIDTH="30" VPOS="3344" HPOS="1892"/>
<String CONTENT="Nostrand" HEIGHT="40" WIDTH="250" VPOS="3344" HPOS="1922"/>
</TextLine>
<TextLine HEIGHT="50" WIDTH="550" VPOS="3390" HPOS="247">
<String LANG="ru" CONTENT="co.," HEIGHT="35" WIDTH="83" VPOS="3402" HPOS="247"/>
<SP HEIGHT="47" WIDTH="28" VPOS="3390" HPOS="331"/>
<String LANG="en-US" CONTENT="inc." HEIGHT="40" WIDTH="88" VPOS="3390" HPOS="360"/>
<SP HEIGHT="48" WIDTH="69" VPOS="3391" HPOS="449"/>
<String LANG="en-US" CONTENT="(32-29174)" HEIGHT="49" WIDTH="278" VPOS="3391" HPOS="519"/>
</TextLine>
<TextLine HEIGHT="65" WIDTH="738" VPOS="3492" HPOS="176" STYLEREFS="StyleId-E29D0293-26ED-428F-B747-002FFC486B11-">
<String CONTENT="Page," HEIGHT="64" WIDTH="174" VPOS="3492" HPOS="176"/>
<SP HEIGHT="60" WIDTH="33" VPOS="3494" HPOS="351"/>
<String CONTENT="Richard" HEIGHT="55" WIDTH="256" VPOS="3493" HPOS="385"/>
<SP HEIGHT="52" WIDTH="30" VPOS="3496" HPOS="642"/>
<String CONTENT="Martin." HEIGHT="55" WIDTH="241" VPOS="3496" HPOS="673"/>
</TextLine>
<TextLine HEIGHT="81" WIDTH="1861" VPOS="3569" HPOS="309" STYLEREFS="StyleId-26315BBD-B6DD-4CA5-950B-77486E693AA1-" CS="1">
<String CS="1" CONTENT="&#8230;"/>
<SP HEIGHT="52" WIDTH="51" VPOS="3569" HPOS="309"/>
<String CONTENT="Measuring" HEIGHT="70" WIDTH="332" VPOS="3569" HPOS="361"/>
<SP HEIGHT="66" WIDTH="44" VPOS="3573" HPOS="694"/>
<String CONTENT="human" HEIGHT="54" WIDTH="212" VPOS="3573" HPOS="739"/>
<SP HEIGHT="34" WIDTH="43" VPOS="3594" HPOS="952"/>
<String CONTENT="energy" HEIGHT="51" WIDTH="209" VPOS="3593" HPOS="996"/>
<SP HEIGHT="49" WIDTH="44" VPOS="3595" HPOS="1206"/>
<String CONTENT="cost" HEIGHT="47" WIDTH="117" VPOS="3584" HPOS="1251"/>
<SP HEIGHT="53" WIDTH="45" VPOS="3577" HPOS="1369"/>
<String CONTENT="in" HEIGHT="53" WIDTH="59" VPOS="3577" HPOS="1415"/>
<SP HEIGHT="51" WIDTH="45" VPOS="3579" HPOS="1475"/>
<String CS="1" CONTENT="industry:" HEIGHT="69" WIDTH="265" VPOS="3579" HPOS="1521"/>
<SP HEIGHT="35" WIDTH="46" VPOS="3599" HPOS="1816"/>
<String CONTENT="a" HEIGHT="35" WIDTH="31" VPOS="3599" HPOS="1863"/>
<SP HEIGHT="51" WIDTH="46" VPOS="3599" HPOS="1895"/>
<String CONTENT="general" HEIGHT="65" WIDTH="228" VPOS="3585" HPOS="1942"/>
</TextLine>
<TextLine HEIGHT="81" WIDTH="1993" VPOS="3645" HPOS="178" STYLEREFS="StyleId-26315BBD-B6DD-4CA5-950B-77486E693AA1-" CS="1">
<String CONTENT="guide" HEIGHT="67" WIDTH="171" VPOS="3645" HPOS="178"/>
<SP HEIGHT="46" WIDTH="28" VPOS="3653" HPOS="350"/>
<String CONTENT="to" HEIGHT="47" WIDTH="58" VPOS="3653" HPOS="379"/>
<SP HEIGHT="46" WIDTH="27" VPOS="3654" HPOS="438"/>
<String CONTENT="the" HEIGHT="54" WIDTH="95" VPOS="3647" HPOS="466"/>
<SP HEIGHT="51" WIDTH="27" VPOS="3650" HPOS="562"/>
<String CONTENT="literature" HEIGHT="53" WIDTH="294" VPOS="3650" HPOS="590"/>
<SP HEIGHT="36" WIDTH="33" VPOS="3670" HPOS="885"/>
<String CS="1" CONTENT="&#8230;"/>
<SP HEIGHT="53" WIDTH="34" VPOS="3653" HPOS="977"/>
<String CONTENT="by" HEIGHT="66" WIDTH="73" VPOS="3654" HPOS="1012"/>
<SP HEIGHT="66" WIDTH="30" VPOS="3654" HPOS="1086"/>
<String CONTENT="Richard" HEIGHT="55" WIDTH="253" VPOS="3653" HPOS="1117"/>
<SP HEIGHT="53" WIDTH="29" VPOS="3656" HPOS="1371"/>
<String CONTENT="M." HEIGHT="51" WIDTH="76" VPOS="3658" HPOS="1401"/>
<SP HEIGHT="50" WIDTH="32" VPOS="3659" HPOS="1478"/>
<String CONTENT="Page" HEIGHT="65" WIDTH="156" VPOS="3659" HPOS="1511"/>
<SP HEIGHT="32" WIDTH="33" VPOS="3678" HPOS="1668"/>
<String CS="1" CONTENT="&#8230;"/>
<SP HEIGHT="52" WIDTH="76" VPOS="3661" HPOS="1758"/>
<String CONTENT="Worcester," HEIGHT="65" WIDTH="336" VPOS="3661" HPOS="1835"/>
</TextLine>
<TextLine HEIGHT="76" WIDTH="963" VPOS="3721" HPOS="180" STYLEREFS="StyleId-26315BBD-B6DD-4CA5-950B-77486E693AA1-" CS="1">
<String CONTENT="Mass.," HEIGHT="69" WIDTH="186" VPOS="3721" HPOS="180"/>
<SP HEIGHT="68" WIDTH="31" VPOS="3723" HPOS="367"/>
<String CONTENT="Clark" HEIGHT="55" WIDTH="176" VPOS="3724" HPOS="399"/>
<SP HEIGHT="54" WIDTH="29" VPOS="3724" HPOS="576"/>
<String CONTENT="university," HEIGHT="70" WIDTH="333" VPOS="3726" HPOS="606"/>
<SP HEIGHT="60" WIDTH="30" VPOS="3736" HPOS="940"/>
<String CS="1" CONTENT="&#7580;1932." HEIGHT="50" WIDTH="147" VPOS="3734" HPOS="996"/>
</TextLine>
<TextLine HEIGHT="60" WIDTH="1920" VPOS="3795" HPOS="252" CS="1">
<String CONTENT="p." HEIGHT="38" WIDTH="42" VPOS="3804" HPOS="252"/>
<SP HEIGHT="41" WIDTH="37" VPOS="3796" HPOS="295"/>
<String CONTENT="321-537." HEIGHT="43" WIDTH="217" VPOS="3795" HPOS="333"/>
<SP HEIGHT="40" WIDTH="57" VPOS="3797" HPOS="551"/>
<String CS="1" CONTENT="25&#7580;&#7504;." HEIGHT="42" WIDTH="117" VPOS="3797" HPOS="609"/>
<SP HEIGHT="48" WIDTH="68" VPOS="3798" HPOS="727"/>
<String CONTENT="(Genetic" HEIGHT="49" WIDTH="224" VPOS="3798" HPOS="796"/>
<SP HEIGHT="38" WIDTH="36" VPOS="3812" HPOS="1021"/>
<String CONTENT="psychology" HEIGHT="50" WIDTH="291" VPOS="3802" HPOS="1058"/>
<SP HEIGHT="37" WIDTH="38" VPOS="3815" HPOS="1350"/>
<String CONTENT="monographs" HEIGHT="49" WIDTH="321" VPOS="3806" HPOS="1389"/>
<SP HEIGHT="30" WIDTH="41" VPOS="3817" HPOS="1711"/>
<String CS="1" CONTENT="&#8230;"/>
<SP HEIGHT="28" WIDTH="60" VPOS="3820" HPOS="1799"/>
<String CONTENT="vol." HEIGHT="39" WIDTH="92" VPOS="3810" HPOS="1860"/>
<SP HEIGHT="28" WIDTH="38" VPOS="3821" HPOS="1953"/>
<String CS="1" CONTENT="XI," HEIGHT="14" WIDTH="8" VPOS="3841" HPOS="2049"/>
<SP HEIGHT="32" WIDTH="38" VPOS="3823" HPOS="2058"/>
<String CONTENT="no." HEIGHT="28" WIDTH="75" VPOS="3823" HPOS="2097"/>
</TextLine>
<TextLine HEIGHT="48" WIDTH="168" VPOS="3851" HPOS="182">
<String CONTENT="5" HEIGHT="37" WIDTH="26" VPOS="3852" HPOS="182"/>
<SP HEIGHT="41" WIDTH="27" VPOS="3852" HPOS="209"/>
<String CONTENT="&amp;" HEIGHT="40" WIDTH="36" VPOS="3853" HPOS="237"/>
<SP HEIGHT="41" WIDTH="26" VPOS="3852" HPOS="274"/>
<String CONTENT="6)" HEIGHT="48" WIDTH="49" VPOS="3851" HPOS="301"/>
</TextLine>
<TextLine HEIGHT="60" WIDTH="1689" VPOS="3908" HPOS="257">
<String CONTENT="&#8220;Bibliographic" HEIGHT="50" WIDTH="390" VPOS="3908" HPOS="257"/>
<SP HEIGHT="30" WIDTH="29" VPOS="3923" HPOS="648"/>
<String CONTENT="notes&#8221;;" HEIGHT="42" WIDTH="196" VPOS="3911" HPOS="678"/>
<SP HEIGHT="38" WIDTH="31" VPOS="3922" HPOS="875"/>
<String CONTENT="p." HEIGHT="38" WIDTH="43" VPOS="3922" HPOS="907"/>
<SP HEIGHT="41" WIDTH="31" VPOS="3915" HPOS="951"/>
<String CONTENT="485-489;" HEIGHT="47" WIDTH="229" VPOS="3915" HPOS="983"/>
<SP HEIGHT="44" WIDTH="34" VPOS="3918" HPOS="1213"/>
<String CONTENT="Bibliography:" HEIGHT="51" WIDTH="375" VPOS="3917" HPOS="1248"/>
<SP HEIGHT="37" WIDTH="32" VPOS="3931" HPOS="1624"/>
<String CONTENT="p." HEIGHT="37" WIDTH="42" VPOS="3931" HPOS="1657"/>
<SP HEIGHT="38" WIDTH="29" VPOS="3923" HPOS="1700"/>
<String CONTENT="490-534." HEIGHT="42" WIDTH="216" VPOS="3921" HPOS="1730"/>
</TextLine>
<TextLine HEIGHT="69" WIDTH="1987" VPOS="3975" HPOS="186">
<String CONTENT="&#169;" HEIGHT="51" WIDTH="52" VPOS="3975" HPOS="186"/>
<SP HEIGHT="51" WIDTH="27" VPOS="3975" HPOS="239"/>
<String CONTENT="July" HEIGHT="49" WIDTH="116" VPOS="3979" HPOS="267"/>
<SP HEIGHT="48" WIDTH="26" VPOS="3981" HPOS="384"/>
<String CONTENT="20," HEIGHT="47" WIDTH="70" VPOS="3982" HPOS="411"/>
<SP HEIGHT="45" WIDTH="28" VPOS="3984" HPOS="482"/>
<String CONTENT="1932;" HEIGHT="49" WIDTH="141" VPOS="3981" HPOS="511"/>
<SP HEIGHT="46" WIDTH="29" VPOS="3984" HPOS="653"/>
<String CONTENT="2c." HEIGHT="39" WIDTH="66" VPOS="3984" HPOS="683"/>
<SP HEIGHT="39" WIDTH="31" VPOS="3985" HPOS="750"/>
<String CONTENT="July" HEIGHT="48" WIDTH="115" VPOS="3985" HPOS="782"/>
<SP HEIGHT="47" WIDTH="27" VPOS="3986" HPOS="898"/>
<String CONTENT="22;" HEIGHT="48" WIDTH="83" VPOS="3985" HPOS="926"/>
<SP HEIGHT="37" WIDTH="33" VPOS="3996" HPOS="1010"/>
<String CONTENT="aff." HEIGHT="40" WIDTH="81" VPOS="3987" HPOS="1044"/>
<SP HEIGHT="40" WIDTH="33" VPOS="3988" HPOS="1126"/>
<String CONTENT="Sept." HEIGHT="47" WIDTH="127" VPOS="3988" HPOS="1160"/>
<SP HEIGHT="38" WIDTH="30" VPOS="3991" HPOS="1288"/>
<String CONTENT="15;" HEIGHT="47" WIDTH="81" VPOS="3990" HPOS="1319"/>
<SP HEIGHT="46" WIDTH="33" VPOS="3991" HPOS="1401"/>
<!-- cceid 100C5FE4-6D7D-1014-B4A5-D7A31D17AB40 --><String CONTENT="A" HEIGHT="38" WIDTH="40" VPOS="3991" HPOS="1435"/>
<SP HEIGHT="40" WIDTH="29" VPOS="3991" HPOS="1476"/>
<String CONTENT="56044;" HEIGHT="48" WIDTH="170" VPOS="3991" HPOS="1506"/>
<SP HEIGHT="47" WIDTH="33" VPOS="3992" HPOS="1677"/>
<String CONTENT="Clark" HEIGHT="41" WIDTH="149" VPOS="3992" HPOS="1711"/>
<SP HEIGHT="40" WIDTH="28" VPOS="3994" HPOS="1861"/>
<String CONTENT="university," HEIGHT="50" WIDTH="283" VPOS="3994" HPOS="1890"/>
</TextLine>
<TextLine HEIGHT="56" WIDTH="807" VPOS="4036" HPOS="256">
<String CONTENT="Worcester," HEIGHT="51" WIDTH="283" VPOS="4036" HPOS="256"/>
<SP HEIGHT="47" WIDTH="27" VPOS="4040" HPOS="540"/>
<String CONTENT="Mass." HEIGHT="39" WIDTH="144" VPOS="4040" HPOS="568"/>
<SP HEIGHT="48" WIDTH="71" VPOS="4041" HPOS="713"/>
<String CONTENT="(32-29333)" HEIGHT="53" WIDTH="278" VPOS="4039" HPOS="785"/>
</TextLine>
</TextBlock>
</PrintSpace>
</Page>
</Layout>
</alto>