2563 4368
999 4052 101 55 457

104 538 82 48 xii,
220 537 113 39 1487
363 547 42 37 p.
465 535 116 41 23ᶜᵐ.

40 605 50 49 ©
118 608 95 39 Feb
252 607 68 45 13,
346 605 110 41 1932;
512 606 64 39 2c.
606 605 108 39 Feb.
740 604 81 46 23;
850 603 82 40 aff.
960 602 108 40 Feb.
1096 601 82 47 20;
1207 601 38 38 A
1272 598 170 48 49690;
1474 597 135 41 State
1636 596 50 40 of
1715 597 143 38 Iowa.

35 726 280 62 Johnson,
347 724 289 53 Amanda.

98 802 119 51 The
257 799 267 68 teaching
561 799 63 53 of
663 797 223 68 history
927 797 112 53 and
1081 794 337 67 citizenship
1457 793 62 52 in
1560 791 203 68 grades
1807 790 113 53 and
1959 789 60 52 in

31 867 1988 80 junior high school, by Amanda Johnson … Madison, Wis..
29 956 119 52 The
179 954 218 53 Parker
426 971 296 49 company,
753 955 151 49 1932.

101 1027 41 48 4,
174 1027 85 40 240
288 1038 44 37 p.
390 1027 127 39 illus.
547 1025 133 47 (incl.
709 1025 135 48 map)
914 1023 144 40 23½ᶜᵐ.

107 1084 187 40 “Books
334 1094 59 29 on
436 1084 81 39 the
559 1081 227 49 teaching
827 1080 51 42 of
918 1079 245 48 history”:
1207 1090 43 37 p.
1290 1076 113 50 235;
1450 1075 347 42 “References”
1841 1078 53 37 at
1934 1075 91 41 end

36 1141 51 40 of
112 1142 117 40 each
255 1141 201 47 chapter
481 1141 170 45 except
677 1139 201 47 chapter
996 1168 8 9 XXI.

43 1208 50 52 ©
119 1213 107 39 Jan.
251 1211 70 47 26,
348 1209 137 48 1932;
512 1209 68 41 2c.
605 1208 109 41 Feb.
741 1209 80 45 17;
849 1207 82 40 aff.
959 1208 119 38 Mar.
1104 1205 53 47 9;
1187 1206 40 38 A
1249 1203 170 48 50239;
1447 1205 52 38 A.
1527 1203 231 47 Johnson,
110 1201 1901 115 Milledgeville,

267 1268 84 39 Ga.
415 1262 68 53 [©
514 1278 105 28 new
649 1268 194 45 matter]
916 1262 249 50 (32-8676)

41 1373 251 52 Kansas.
366 1372 184 66 Laws,
577 1375 257 61 statutes,
861 1374 100 49 etc.

113 1453 133 49 1930
271 1450 361 66 supplement
657 1454 58 46 to
742 1446 243 53 Revised
1011 1449 239 51 statutes
1276 1444 64 55 of
1367 1444 243 66 Kansas,
1638 1444 131 50 1923
42 1442 1961 152 (cumulative)

279 1534 58 46 to
363 1528 65 51 be
452 1527 167 66 cited,
678 1526 68 52 “R.
778 1527 53 55 S.
861 1543 163 50 supp.
1055 1523 187 56 1930.”
1317 1521 352 69 Containing
1695 1520 79 54 all
1798 1520 137 53 laws
1964 1519 64 54 of

44 1628 31 31 a
106 1607 228 67 general
364 1610 219 61 nature,
616 1605 201 67 passed
850 1611 60 45 at
938 1603 94 52 the
1064 1603 229 68 regular
1324 1600 239 55 sessions
1593 1599 64 55 of
1690 1602 153 65 1925,
1877 1597 153 71 1927,

47 1688 149 64 1929,
227 1685 112 52 and
370 1683 209 69 special
610 1681 237 54 sessions
880 1680 63 53 of
977 1683 133 50 1928
1143 1681 112 52 and
1289 1683 152 64 1930,
1473 1678 187 56 which
1693 1697 94 35 are
1816 1678 122 54 still
1969 1678 63 53 in

45 1763 171 67 force,
256 1762 301 67 following
597 1761 95 52 the
733 1779 150 33 same
928 1764 399 64 arrangement
1368 1759 136 53 used
1545 1757 61 54 in
1647 1758 97 53 the
1785 1757 246 54 Revised

44 1847 256 61 statutes,
339 1841 140 52 with
522 1839 372 68 appropriate
935 1838 275 69 headings
1253 1838 113 53 and
1408 1855 149 37 cross
1596 1836 333 69 references,
1972 1855 60 34 as

45 1918 257 69 required
338 1919 73 67 by
447 1920 127 66 law,
609 1918 112 52 and
757 1917 151 69 fully
941 1917 312 53 annotated
1289 1924 60 46 to
1385 1916 275 54 decisions
1696 1916 335 70 construing

46 1999 92 51 the
170 2003 237 48 statutes
442 1997 151 53 since
629 1998 151 50 1923.
856 1994 300 70 Compiled
1191 1996 112 52 and
1338 1995 190 54 edited
1563 1996 75 68 by
1670 1995 259 54 Howard
1963 1996 67 53 F.

45 2074 1914 70 McCue … Topeka, The Kansas state printing plant, 1930.
114 2150 133 46 xviii,
275 2148 88 40 405
389 2159 42 37 p.
490 2148 117 43 26ᶜᵐ.

54 2217 49 51 ©
134 2222 125 38 June
288 2222 39 45 1,
357 2218 140 47 1930;
528 2219 67 40 2c.
627 2220 110 39 Feb.
767 2219 40 47 3,
839 2218 139 46 1932;
1012 2217 81 41 aff.
1126 2218 111 40 Dec.
1268 2219 68 47 14,
1367 2217 140 48 1931;
1541 2219 42 38 A
1611 2218 171 47 48284;
1819 2218 136 40 State
1987 2219 52 39 of

119 2277 207 46 Kansas,
353 2275 208 48 Topeka,
590 2275 122 39 Kan.

56 2376 230 56 Kansas
311 2378 112 53 and
451 2375 211 58 Pacific
688 2376 204 69 digest,
918 2376 268 69 covering
1211 2378 77 52 all
1316 2395 152 37 cases
1494 2378 268 69 reported
1787 2378 63 53 in
115 2378 1897 131 Kansas
234 2462 237 61 reports,
506 2458 337 63 1858-1931;
877 2453 210 54 Pacific
1118 2462 274 60 reporter,
1424 2455 249 53 volumes
1708 2458 186 65 1-300,
1926 2456 114 52 and

116 2532 77 53 all
220 2532 64 52 of
312 2533 95 53 the
433 2531 211 54 Pacific
672 2539 171 46 states
873 2538 222 61 reports
1126 2531 152 53 from
1305 2533 96 52 the
1429 2533 226 53 earliest
1682 2534 183 66 times,
119 2551 1895 127 compiled
308 2612 112 51 and
456 2611 189 52 edited
681 2611 74 66 by
792 2610 95 54 the
923 2609 340 70 publisher’s
1298 2610 267 54 editorial
1600 2608 151 57 staff,
1825 2627 51 36 v.
1918 2615 116 49 1-4.

125 2687 80 55 St.
235 2690 164 66 Paul,
425 2691 158 54 West
608 2688 335 70 publishing
971 2707 98 49 co.,
1097 2691 152 53 1932.

118 2765 27 37 4
173 2775 41 28 v.
273 2763 116 41 26ᶜᵐ.

58 2828 50 52 ©
139 2833 107 40 Feb.
275 2831 69 50 29,
374 2833 116 40 1932;
545 2833 67 42 2c.
641 2833 117 40 each
789 2834 119 38 Mar.
940 2833 81 46 14;
1054 2832 107 42 affs.
1194 2833 121 39 Mar.
1344 2833 81 47 16;
1457 2835 41 37 A
1528 2832 346 49 50056-50059;
1906 2834 134 41 West

124 2890 106 47 pub.
259 2900 66 30 co.
395 2889 249 49 (32-7901)

57 2989 223 68 Keogh,
305 2993 258 53 Thomas
592 2992 264 68 Francis,
887 2993 171 55 1867-

122 3067 291 53 Landlord
449 3068 113 53 and
598 3073 215 63 tenant,
849 3069 113 52 and
1000 3069 208 68 others,
1246 3070 60 52 in
1341 3087 291 53 summary
1669 3071 373 68 proceedings

56 3143 91 53 for
172 3145 95 53 the
291 3163 264 51 recovery
581 3145 64 53 of
670 3146 96 53 the
792 3145 316 69 possession
1135 3145 64 54 of
1225 3148 118 52 real
1369 3151 293 66 property,
1688 3147 76 70 by
1791 3148 248 53 Thomas

56 3221 1914 73 F. Keogh … New York, Baker, Voorhis & company, 1932.
125 3296 97 44 xxi,
252 3295 84 39 661
364 3305 41 37 p.
465 3295 146 41 24½ᶜᵐ.

129 3350 121 39 “Bill
276 3351 229 48 affecting
529 3352 118 39 New
672 3352 130 40 York
829 3351 125 47 city”
983 3353 102 39 leaf
1110 3353 228 40 mounted
1366 3364 61 29 on
1453 3363 42 39 p.
1524 3353 70 42 iii.

65 3415 50 52 ©
144 3422 119 40 Mar.
292 3422 66 46 18,
386 3422 112 40 1932;
554 3423 67 40 2c.
650 3424 120 38 Mar.
799 3423 82 47 23;
911 3423 82 41 aff.
1023 3424 120 40 Mar.
1173 3422 82 49 24;
1285 3425 41 39 A
1354 3424 169 49 49288;
1555 3426 51 38 T.
1639 3426 51 40 F.
1718 3424 181 48 Keogh,
1929 3425 117 39 New

132 3477 139 40 York.
342 3479 249 47 (32-8637)

63 3580 174 65 King,
266 3582 214 57 Rufus.

192 3656 1854 72 … Murder on the yacht … Garden City, N. Y., Pub. for the
66 3729 1976 75 Crime club, inc., by Doubleday, Doran & company, inc. [ ᶜ1 932]
128 3801 66 39 vii
219 3812 58 38 p.,
303 3803 85 40 312
414 3813 43 38 p.
512 3804 115 42 20ᶜᵐ.

129 3857 161 42 “First
322 3859 225 42 edition.”

70 3924 49 52 ©
149 3931 118 40 Mar.
296 3933 67 47 17,
392 3932 139 48 1932;
561 3934 67 41 2c.
657 3936 94 38 and
781 3934 81 40 aff.
891 3936 114 47 Apr.
1034 3935 81 47 18;
1147 3937 39 38 A
1216 3936 169 48 50761;
1418 3937 52 39 R.
1502 3937 141 48 King,
1675 3937 184 39 Rouses
1889 3933 155 48 Point,

137 3986 54 41 N.
216 3988 53 39 Y.
339 3989 277 50 (32-26358)
