2563 4368
1102 4016 100 55 177

121 423 208 64 Aiken,
362 423 227 54 Conrad
620 421 225 62 Potter,
878 422 170 50 1889-

193 500 263 65 Prelude,
503 497 76 69 by
627 495 229 55 Conrad
907 491 203 54 Aiken.
1196 491 139 53 New
1386 486 181 69 York,
1615 485 263 55 Random
1929 484 191 64 house,

126 581 148 50 1929.

212 639 1247 60 [4] p. 15 ½ᶜᵐ . (On cover: The Poetry quartos)
194 707 113 39 “475
338 705 159 47 copies
528 704 80 39 for
640 704 218 38 Random
893 701 165 45 house,
1090 699 193 46 printed
1318 697 49 39 in
1402 696 54 40 U.
1496 694 43 42 S.
1577 693 80 41 A.”

131 774 51 53 ©
213 779 101 39 Oct.
346 777 58 39 10,
446 774 113 41 1929;
618 774 64 41 2c.
718 774 107 40 Feb.
859 773 28 40 8,
930 770 139 42 1932;
1104 769 80 41 aff.
1217 770 109 38 Feb.
1359 766 52 47 9;
1447 767 39 40 A
1515 765 144 41 48403;
1723 764 48 41 C.
1804 760 169 49 Aiken,
2006 762 115 38 New

200 836 140 38 York.
413 831 248 49 (32-4663)

133 933 311 57 American
479 933 362 68 bankruptcy
879 937 236 62 reports.
1192 930 137 51 New
1367 925 185 67 series,
1591 925 147 54 cited
1775 924 129 52 Am.
1951 923 59 50 B.
2050 921 69 52 R.

211 1015 95 54 (N.
340 1013 85 66 S.)
465 1009 300 72 reporting
792 1011 95 53 the
918 1008 363 70 bankruptcy
1311 1004 278 55 decisions
1622 1004 113 52 and
1765 1000 264 70 opinions
2062 999 59 52 in

201 1094 94 51 the
336 1090 217 56 United
597 1088 205 68 States,
843 1088 64 54 of
948 1089 95 52 the
1084 1087 220 52 federal
1347 1088 205 54 courts,
1592 1089 146 46 state
1779 1084 189 50 courts
2010 1079 110 53 and

200 1170 242 53 referees
500 1169 59 52 in
617 1168 375 67 bankruptcy.
1070 1165 214 53 Edited
1340 1165 75 67 by
1473 1163 152 53 Fred
1684 1163 65 50 E.
1808 1158 313 55 Rosbrook.

242 1295 9 9 v.
301 1252 79 48 18.
455 1246 250 69 Albany,
752 1248 69 51 N.
870 1247 90 56 Y.,
1006 1244 278 54 Matthew
1330 1241 228 54 Bender
1606 1245 45 50 &
1696 1257 297 52 company,
200 1238 1898 157 incorporated,
585 1328 150 52 1932.

200 1400 95 46 xiv,
333 1399 85 41 808
449 1410 43 38 p.
552 1399 117 40 24ᶜᵐ.

135 1468 53 53 ©
215 1472 109 40 Jan.
354 1472 69 41 23,
450 1471 141 47 1932;
620 1470 69 42 2c.
717 1471 110 39 Jan.
855 1470 84 46 26;
970 1468 83 41 aff.
1082 1469 109 39 Jan.
1220 1468 84 46 25;
1334 1468 42 38 A
1402 1466 173 48 47223;
1606 1465 238 40 Matthew
1872 1464 192 40 Bender
2093 1463 37 40 &

204 1540 82 35 co.,
317 1529 90 39 inc.

134 1632 315 55 American
481 1631 278 54 institute
791 1631 67 52 of
887 1629 282 55 chemical
1200 1628 329 65 engineers.

203 1704 1925 73 Transactions … v. 26, 1931, containing papers read at
138 1781 1991 75 Swampscott, Massachusetts, June 10-12. 1931 … New York,
137 1868 68 49 D.
238 1868 127 51 Van
394 1866 289 53 Nostrand
715 1883 296 50 company,
1040 1864 126 57 inc.,
1199 1868 149 48 1931.

207 1940 69 46 iii,
305 1940 87 40 274
423 1950 43 36 p.
526 1938 144 48 illus.,
703 1939 169 47 tables,
905 1938 179 49 diagrs.
1113 1936 136 49 (part
1279 1939 145 45 fold.)
1491 1937 57 43 23½ᶜᵐ.

143 2006 51 53 ©
220 2012 109 39 Dec.
355 2010 67 46 19,
449 2009 112 40 1931;
615 2010 65 39 2c.
708 2010 110 39 Jan.
841 2010 68 45 30,
937 2009 110 40 1932;
1105 2008 79 40 aff.
1212 2009 110 39 Dec.
1349 2009 70 45 31,
1445 2007 112 43 1931;
1614 2008 39 39 A
1678 2008 170 45 48200;
1879 2008 255 41 American

208 2065 225 42 institute
465 2067 50 40 of
546 2066 232 41 chemical
811 2065 264 48 engineers,
1110 2065 353 49 Philadelphia.

132 2169 328 65 Anderson,
491 2170 243 55 Charles
764 2170 238 62 Joseph,
1037 2174 169 51 1880-

205 2242 1930 73 The supervision of rural schools, by C. J. Anderson … and
136 2318 2000 76 I. Jewell Simpson … New York, London, D. Appleton and
138 2419 278 51 company
488 2404 153 65 [ᶜ1932]

141 2471 1978 110 xiii, 467 p. plates, diagr. 19 ½ᶜᵐ . (Half-title: Appleton series in supervision
418 2533 95 38 and
550 2530 237 50 teaching,
822 2533 73 38 ed.
929 2531 60 46 by
1025 2530 52 42 A.
1115 2531 45 40 S.
1195 2532 126 38 Barr
1356 2532 94 38 and
1486 2531 73 41 W.
1594 2531 61 40 H.
1691 2531 213 47 Burton)

212 2588 247 41 “Selected
489 2587 301 41 references”
820 2590 52 37 at
899 2588 92 38 end
1020 2587 51 40 of
1099 2587 119 40 each
1246 2587 215 48 chapter.

147 2654 51 53 ©
230 2660 108 39 Jan.
368 2657 69 48 29,
468 2656 140 49 1932;
640 2657 65 40 2c.
738 2659 95 38 and
863 2657 81 42 aff.
977 2656 109 41 Feb.
1119 2658 52 45 1;
1203 2657 41 39 A
1273 2658 171 46 47324,
1481 2658 55 41 D.
1568 2658 238 48 Appleton
1837 2658 37 40 &
1904 2666 68 33 co.

224 2715 250 50 (32-4839)

139 2818 322 66 Bachelier,
489 2818 204 66 Irving
719 2817 283 65 Addison,
1035 2823 170 50 1859-

216 2898 121 51 The
366 2902 209 48 master
606 2894 66 54 of
702 2896 186 66 chaos,
920 2895 74 68 by
1025 2894 207 70 Irving
1263 2895 318 69 Bachelier,
1612 2895 140 52 with
1786 2895 356 55 decorations

148 2976 71 68 by
268 2975 159 53 Herb
479 2974 170 53 Roth.
725 2973 419 69 Indianapolis,
1194 2974 121 52 The
1366 2972 445 56 Bobbs-Merrill
1862 2992 279 52 company

149 3086 12 35 [
190 3056 134 50 ᶜ1932
328 3087 12 34 ]

220 3123 1377 53 6 p. l., 15-326 p., 1 l. illus. (incl. facsim.) 19½ᶜᵐ.
219 3184 163 41 “First
414 3182 226 43 edition.”

152 3237 52 52 ©
241 3242 110 39 Feb.
387 3242 55 38 12,
492 3239 141 43 1932;
670 3240 66 40 2c.
773 3242 96 38 and
906 3240 80 40 aff.
1025 3240 110 41 Feb.
1171 3240 81 46 18;
1292 3240 41 39 A
1366 3239 172 48 48557;
1578 3242 36 38 I.
1653 3241 266 48 Bachelier,
1957 3241 189 43 Winter

220 3298 144 45 Park,
394 3297 102 41 Fla.
567 3296 250 49 (32-4637)

146 3403 167 64 Barr,
341 3403 203 62 Meyer
572 3402 284 64 Bernard,
889 3405 170 50 1913-

217 3475 228 57 Studies
475 3478 60 53 in
564 3475 171 55 social
766 3478 110 52 and
907 3476 149 67 legal
1088 3476 269 66 theories;
1393 3494 70 34 an
1493 3475 294 56 historical
1817 3485 237 49 account
2083 3478 62 53 of

147 3555 93 52 the
268 3553 189 70 social,
486 3552 223 62 ethical,
738 3553 257 69 political
1025 3552 111 53 and
1167 3555 148 66 legal
1346 3551 280 59 doctrines
1655 3554 63 52 of
1748 3555 96 54 the
1875 3555 271 56 foremost

149 3630 221 56 ancient
403 3631 111 52 and
546 3630 277 55 medieval
855 3627 409 72 philosophers.
1336 3631 89 69 By
1457 3632 196 69 Meyer
1687 3631 257 56 Bernard
1980 3634 163 54 Barr.

151 3707 302 54 Presented
509 3709 74 68 by
640 3709 93 51 the
791 3706 334 70 University
1183 3707 64 52 of
1303 3707 422 71 Pennsylvania
1784 3709 161 62 Quill
2003 3709 142 55 club.

150 3780 1921 81 Philadelphia, Penna., Carwardine-Garrett company [ ᶜ1 932 ]
225 3860 97 47 148,
356 3861 40 48 [4]
441 3871 43 37 p.
542 3858 145 42 20½ᶜᵐ.

227 3916 159 40 Blank
409 3926 148 39 pages
583 3914 124 43 “For
732 3914 180 50 special
938 3912 166 45 notes”
1142 3915 82 50 ([4]
1253 3917 53 39 at
1331 3916 116 48 end)
