2563 4368
1119 4064 132 51 1241

198 450 180 64 Allee,
406 452 137 51 Mrs.
573 450 285 63 Marjorie
895 450 178 65 (Hill)

266 527 120 52 The
415 527 139 52 road
579 533 59 47 to
667 527 289 67 Carolina,
980 528 76 67 by
1083 526 277 68 Marjorie
1389 527 127 52 Hill
1545 526 192 65 Allee;
1767 527 139 53 with
197 526 1965 130 illustrations

373 604 75 67 by
476 603 284 68 Manning
789 605 68 52 de
885 606 72 52 V.
985 605 126 51 Lee.
1177 606 216 51 Boston
1423 605 113 52 and
1565 605 140 52 New
1736 604 179 68 York,
195 605 1964 129 Houghton

324 681 202 53 Mifflin
556 700 296 47 company,
881 685 152 49 1932.

269 752 1028 50 6 p. l., 240, [1] p. front., plates. 20 ᶜᵐ .
267 810 287 41 Illustrated
593 809 362 49 lining-papers.

203 863 51 52 ©
285 868 120 46 Aug.
435 867 70 45 24,
536 865 140 48 1932;
709 867 68 39 2c.
809 868 96 38 and
937 866 82 41 aff.
1050 866 118 48 Aug.
1202 867 82 46 27;
1319 867 40 38 A
1392 867 169 46 54548;
1596 868 61 38 M.
1693 868 58 39 H.
1786 868 147 47 Allee,
1968 867 223 49 Chicago.

279 923 279 48 (32-21903)

196 1027 241 64 Ansley,
470 1028 222 62 Henry.

266 1105 32 51 1
342 1104 113 52 like
500 1104 95 52 the
640 1104 342 66 depression,
1027 1104 74 66 by
1144 1104 203 67 Henry
1391 1102 235 69 Ansley,
1671 1101 271 56 “Jackass
1986 1104 65 54 of
2093 1104 96 54 the

196 1178 1916 71 plains”. Indianapolis, The Bobbs-Merrill company [ ᶜ19 32]
267 1255 86 40 128
379 1266 42 37 p.
481 1254 147 41 20½ᶜᵐ.

268 1312 162 40 “First
458 1310 226 41 edition.”

201 1365 51 52 ©
283 1373 119 44 Aug.
433 1369 68 45 15,
533 1367 112 41 1932;
704 1368 66 39 2c.
801 1369 120 47 Aug.
952 1367 57 39 20;
1068 1366 82 41 aff.
1180 1368 120 46 Aug.
1333 1370 53 36 22;
1448 1368 39 38 A
1519 1367 142 41 53723;
1724 1367 366 41 Bobbs-Merrill
2122 1378 53 30 co.

279 1425 279 48 (32-21918)

197 1528 239 65 Arville,
468 1529 208 52 Albert
706 1530 71 53 D.
807 1528 73 55 d’.

491 1605 1624 68 … … Et la guerre continue. Paris, J. Tallandier [1932]
267 1678 617 51 2 p. l., [7]-219 p. 19 ᶜᵐ .
269 1736 1920 48 Running title: … Et la guerre continue; les tortures de la 4 ᵉ escouade.
201 1789 1821 52 © Jan. 23, 1932; 1c. Mar. 7; A—Foreign 16033; Jules Tallandier.
279 1850 278 47 (32-21839)

195 1945 240 66 Baring,
463 1949 153 50 Hon.
646 1946 279 65 Maurice,
958 1948 170 53 1874-

263 2024 138 53 Lost
427 2026 238 50 lectures;
727 2043 80 48 or,
835 2025 120 53 The
985 2024 174 53 fruits
1190 2024 64 53 of
1282 2024 345 68 experience,
1654 2025 76 65 by
1756 2023 256 53 Maurice
194 2026 1966 142 Baring.

373 2101 139 52 New
542 2101 179 68 York,
747 2102 71 52 A.
848 2101 71 53 A.
949 2101 224 68 Knopf,
1204 2105 152 49 1932.

266 2172 715 52 6 p l., 3-248, [2] p. 22½ᶜᵐ.
267 2229 160 41 “First
459 2230 255 41 American
746 2230 227 41 edition.”

201 2283 51 52 ©
283 2289 119 47 Aug.
431 2288 69 46 15,
531 2287 113 41 1932;
703 2288 67 40 2c.
801 2288 119 47 Aug.
951 2287 55 40 16;
1067 2287 81 40 aff.
1179 2288 120 47 Aug.
1330 2289 56 39 18;
1444 2288 41 38 A
1516 2288 143 39 54455;
1720 2287 171 40 Alfred
1923 2288 53 39 A.
2009 2285 179 50 Knopf,

267 2344 89 40 inc.
428 2343 277 48 (32-21830)

201 2434 179 66 [Best,
409 2437 138 53 Mrs.
579 2435 207 52 Aliena
826 2434 398 66 (Champlin)]

263 2510 175 53 Juma
474 2510 62 54 of
570 2512 96 52 the
698 2512 154 66 hills,
888 2532 31 33 a
953 2518 159 61 story
1146 2512 64 53 of
1240 2513 161 53 West
1436 2512 207 53 Africa
1675 2513 76 66 by
1786 2512 179 52 Erick
1999 2514 185 64 Berry

204 2588 230 67 [pseud.]
492 2589 325 52 illustrated
868 2590 76 66 by
992 2589 96 53 the
1142 2589 220 53 author.
1451 2590 140 52 New
1642 2589 180 66 York,
1874 2590 308 65 Harcourt,

192 2665 859 68 Brace and company [ ᶜ19 32 ]
266 2737 1112 50 xi, 260 p. incl. front., illus., plates. 21 ᶜᵐ .
200 2791 52 52 ©
281 2796 118 47 Aug.
429 2796 68 46 25,
527 2794 112 41 1932;
697 2796 68 40 2c.
794 2797 96 38 and
917 2795 82 40 aff.
1027 2796 120 47 Aug.
1177 2796 56 40 27;
1291 2796 40 38 A
1361 2797 141 40 54553;
1564 2797 260 47 Harcourt,
1856 2798 156 39 Brace
2040 2797 36 40 &
2106 2809 80 35 co.,

268 2853 90 40 inc.
429 2851 278 49 (32-21904)

195 2941 181 54 Bible.
455 2944 63 52 O.
554 2946 62 50 T.
692 2943 367 52 Pentateuch.

1919 3037 188 60 חמשה
1695 3037 190 58 חומשי
1501 3035 166 60 תורה
1379 3037 92 68 עם
1161 3033 190 60 תרגום
849 3013 284 100 אונקלום,
505 3035 312 58 ההפטרות
193 3013 286 80 והתפלות

2047 3111 138 84 לכל
1799 3133 216 58 שבתות
1607 3131 166 58 השנה
1463 3131 116 70 ועם
1241 3131 190 58 פירוש
1071 3123 144 66 רש״י
807 3131 236 58 מתורגם
563 3105 214 84 אנגלית
447 3125 94 74 ע״י
359 3133 66 58 מ.
189 3131 144 60 רוזנ־

2045 3233 138 60 בוים
1873 3231 144 58 ודר.
1777 3229 68 58 א.
1679 3231 68 56 מ.
1391 3205 266 104 זילברמן
1005 3227 358 60 בהשתתפות
885 3229 92 68 עם
789 3229 68 58 א.
503 3205 260 102 בלאשקי
383 3205 92 84 ול.
197 3229 162 82 יוסף.

2045 3331 138 58 ספר
1771 3329 216 80 ויקרא.
1475 3305 212 104 לונדון,
1149 3327 262 60 בהוצאת
821 3329 264 58 שאפירא
519 3305 240 104 ואלנטין
197 3331 258 66 ושותפיו,

1947 3421 238 66 תרצ״ב.

267 3497 623 50 Various pagings. 23 ᶜᵐ .
268 3557 206 39 Hebrew
508 3557 128 37 texts
670 3556 95 38 and
801 3553 201 49 English
1036 3552 319 41 translations
1390 3554 51 39 of
1473 3555 300 40 Pentateuch
1808 3555 94 39 and
1938 3554 154 42 Rashi
2127 3565 59 30 on

198 3613 216 47 opposite
443 3622 145 37 pages:
648 3612 153 46 paged
830 3610 51 39 in
910 3609 259 48 duplicate.

268 3670 168 38 Added
486 3671 97 43 t.-p.:
664 3666 301 40 Pentateuch
1014 3665 122 39 with
1186 3666 212 46 Targum
1450 3666 221 47 Onkelos,
1724 3667 314 47 Haphtaroth
2091 3669 95 39 and

197 3734 202 37 prayers
430 3724 79 38 for
547 3722 214 40 Sabbath
797 3723 94 38 and
929 3721 192 39 Rashi’s
1158 3723 342 46 commentary,
1537 3723 272 39 translated
1845 3722 103 40 into
1985 3721 202 49 English

199 3781 95 38 and
331 3780 263 39 annotated
631 3780 61 46 by
729 3779 115 39 Rev.
883 3778 61 38 M.
983 3777 307 39 Rosenbaum
1328 3779 96 38 and
1461 3778 84 40 Dr.
1583 3779 55 39 A.
1678 3780 62 38 M.
1780 3778 318 48 Silbermann,
2137 3779 51 39 in

198 3833 1988 49 collaboration with A. Blashki and L. Joseph … Leviticus. London,
202 3891 216 47 Shapiro,
448 3890 274 41 Vallentine
748 3891 36 40 &
809 3900 81 38 co.,
918 3889 128 41 1932.

202 3943 1969 101 © Apr. 14, 1932; 1c. May 4; A—Foreign 17349; A. M. Silbermann, Berlin.
