2563 4368
1050 4078 133 51 1485

137 449 311 65 Faulkner,
477 448 273 66 William,
783 450 171 54 1897-

202 527 181 67 Light
418 526 62 53 in
516 527 230 67 August
790 527 110 67 [by]
940 526 262 54 William
1238 526 309 52 Faulkner.
1645 526 141 51 [New
1825 525 181 67 York]
2050 525 78 53 H.

135 603 767 68 Smith & R. Haas [ ᶜ1 932]
204 675 533 51 2 p. l., 480 p. 21”.
235 734 133 39 “First
398 733 261 49 printing.”

138 786 52 51 ©
218 790 101 41 Oct.
345 790 26 39 6,
468 790 56 40 1932;
578 790 68 40 2c.
672 791 95 38 and
792 789 81 39 aff.
903 789 100 40 Oct
1032 790 25 38 7;
1111 790 42 37 A
1178 787 171 48 56252;
1440 820 8 7 W.
1478 789 259 40 Faulkner.
1766 788 203 45 Oxford,
1997 790 134 39 Miss.

214 846 280 47 (32-25588)

134 949 175 65 Flint,
339 949 296 64 Timothy,
672 951 326 53 1780-1840.

202 1026 409 54 Recollections
666 1027 63 52 of
783 1027 95 52 the
932 1028 108 50 last
1096 1034 96 45 ten
1244 1044 179 49 years,
1476 1027 75 67 by
1607 1025 274 70 Timothy
1935 1028 190 54 Flint;

133 1105 205 67 edited,
382 1104 140 53 with
567 1123 71 34 an
681 1104 407 56 introduction,
1130 1104 77 68 by
1252 1105 62 55 C.
1357 1105 248 67 Hartley
1649 1105 265 55 Grattan.
1988 1106 139 52 New

132 1182 180 68 York,
335 1184 73 52 A.
434 1184 70 52 A.
532 1182 223 68 Knopf,
785 1186 150 51 1932.

203 1254 1923 49 3 p. l., v-xix, 380 p., 1 l. 21ᶜᵐ. (Lettered on cover: Americana
133 1313 192 40 deserta
336 1312 15 49 )

202 1367 134 42 With
362 1369 341 48 reproduction
727 1369 51 41 of
801 1368 208 49 original
1036 1374 97 42 t.-p.
1151 1378 10 30 :
1187 1369 352 41 Recollections
1563 1369 52 41 of
1639 1370 81 40 the
1744 1371 99 39 last
1867 1375 80 35 ten
1971 1381 156 38 years,

133 1428 174 47 passed
332 1428 49 39 in
407 1427 272 40 occasional
705 1425 273 42 residences
1002 1427 97 39 and
1124 1426 316 48 joumeyings
1466 1427 49 38 in
1541 1427 82 40 the
1646 1428 160 47 valley
1832 1427 52 40 of
1909 1429 82 39 the
132 1428 1979 105 Mississippi,

379 1485 130 40 from
545 1484 254 48 Pittsburg
834 1485 96 39 and
968 1484 82 40 the
1088 1483 231 40 Missouri
1356 1487 49 37 to
1443 1484 82 40 the
1560 1484 107 47 gulf
1704 1484 52 41 of
1792 1483 202 50 Mexico,
2031 1486 96 40 and

132 1539 127 42 from
289 1540 197 40 Florida
518 1543 48 37 to
596 1542 82 39 the
710 1538 210 50 Spanish
949 1538 238 47 frontier;
1218 1540 50 39 in
1298 1550 28 30 a
1357 1539 150 42 series
1538 1540 51 40 of
1617 1541 173 40 letters
1819 1544 48 37 to
1899 1542 81 39 the
2011 1542 116 41 Rev.

133 1596 1992 48 James Flint, of Salem, Massachusetts. By Timothy Flint … Boston:
132 1653 293 49 Cummings.
453 1654 231 47 Hilliard,
714 1655 96 39 and
839 1664 248 38 company,
1116 1653 128 41 1826.

135 1708 52 52 ©
218 1713 127 47 Sept.
373 1713 55 39 15,
470 1712 114 41 1932;
641 1713 67 39 2c.
739 1713 128 47 Sept.
895 1714 56 37 17;
1009 1712 82 40 aff.
1122 1712 128 48 Sept.
1279 1712 55 40 23;
1391 1713 40 37 A
1460 1712 144 40 56032;
1661 1714 173 39 Alfred
1863 1715 55 38 A.
1946 1713 181 49 Knopf,

200 1769 89 41 inc.
354 1765 70 54 [©
451 1769 198 48 editing,
678 1768 120 40 with
827 1779 25 29 a
882 1778 105 30 new
1015 1768 347 49 introduction]
1434 1768 279 48 (32-26991)

132 1871 359 66 Follansbee,
523 1872 261 56 Pauline.

129 1946 1974 148 Puppet show, by Pauline Follansbee. Philadelphia, Dorrance & company, inc. [ ᶜ1 932 ]
197 2095 57 41 308
313 2106 44 39 p.
418 2095 145 42 19½ᶜᵐ.

134 2152 54 52 ©
214 2156 101 41 Oct.
342 2157 40 47 1,
409 2155 115 41 1932;
576 2156 67 39 2c.
673 2156 102 41 Oct.
802 2157 25 38 5;
884 2156 82 40 aff.
995 2156 101 41 Oct.
1125 2158 26 38 7;
1208 2158 39 37 A
1275 2157 145 40 56260;
1475 2157 251 40 Dorrance
1752 2158 36 40 &
1816 2168 81 29 co.
1927 2158 89 39 inc.

211 2212 278 48 (32-25726)

132 2313 214 65 Frank,
376 2315 244 54 Yvonne
649 2314 328 67 Elizabeth,
1010 2320 171 50 1921-

201 2392 321 54 Children’s
569 2392 162 55 hour,
778 2391 211 54 station
1037 2394 73 52 Y.
1160 2394 68 51 E.
1278 2394 85 65 F.,
1408 2393 76 67 by
1533 2394 241 52 Yvonne
1824 2392 300 53 Elizabeth

127 2470 1712 68 Frank. New York, The Macaulay company [ ᶜ1 932]
198 2544 963 48 114 p. incl. front., illus. pl. 21½ᶜᵐ.
200 2600 145 41 Short
380 2600 190 41 stories.

134 2653 52 51 ©
213 2659 122 40 Aug.
361 2657 70 44 22,
459 2655 114 41 1932;
630 2656 65 40 2c.
726 2658 95 37 and
850 2656 82 40 aff.
961 2658 119 38 Aug.
1110 2656 55 39 24;
1223 2658 41 37 A
1291 2657 146 41 53788;
1494 2658 224 40 Macaulay
1784 2667 68 30 co.

210 2713 279 47 (32-25847)

131 2818 143 61 Gay,
306 2817 132 55 Jan.

197 2893 120 53 The
350 2899 148 47 mutt
535 2892 162 54 book,
734 2893 75 67 by
843 2893 116 53 Jan
995 2892 145 69 Gay,
1175 2893 140 52 with
1350 2892 382 54 illustrations
1766 2894 76 67 by
1878 2894 245 67 Zhenya.

126 2972 139 52 New
295 2970 163 53 York
487 2971 112 52 and
629 2971 257 54 London,
916 2970 233 68 Harper
1178 2973 44 50 &
1250 2971 278 56 brothers,
1560 2974 150 50 1932.

196 3044 83 40 161
307 3055 44 37 p.
410 3044 143 46 illus.,
582 3044 173 40 double
783 3045 85 39 col.
896 3044 172 48 plates.
1125 3043 116 41 23ᶜᵐ.

199 3100 162 42 “First
391 3100 226 40 edition.”

131 3153 54 52 ©
215 3157 126 48 Sept.
370 3159 55 37 14,
525 3157 55 40 1932;
639 3157 67 39 2c.
737 3156 128 48 Sept.
893 3157 55 38 14;
1007 3155 83 41 aff.
1121 3156 127 48 Sept.
1280 3157 56 39 16;
1393 3159 41 37 A
1463 3158 146 40 54842;
1666 3158 193 46 Zhenya
1892 3157 104 48 Gay
2026 3161 97 39 and

198 3214 96 39 Jan
322 3214 117 47 Gay.
467 3214 115 38 New
611 3213 143 40 York.
825 3212 279 48 (32-25852)

131 3315 274 65 Gibbons,
434 3316 173 64 John,
640 3321 171 50 1882-

196 3390 1924 70 Twenty-four vagabond tales, by John Gibbons … New
130 3471 176 55 York,
341 3471 66 51 E.
443 3471 65 51 P.
543 3470 224 52 Dutton
799 3473 45 50 &
878 3489 98 46 co.,
1010 3470 126 55 inc.,
1173 3473 151 50 1932.

198 3544 98 45 viii,
322 3543 86 41 197
433 3553 42 38 p.
536 3542 144 41 19½ᶜᵐ.

197 3599 159 40 “First
385 3598 226 42 edition.”

132 3652 51 52 ©
210 3658 120 46 Aug.
356 3656 68 46 26,
451 3654 113 42 1932;
619 3655 67 41 2c.
712 3657 119 46 Aug.
856 3655 59 40 30;
968 3655 81 39 aff.
1076 3656 121 46 Aug.
1223 3657 54 39 31;
1334 3658 41 37 A
1400 3657 145 40 56178;
1602 3659 51 37 E.
1682 3658 52 40 P.
1760 3657 188 40 Dutton
1975 3657 36 40 &
2037 3665 68 32 co.,

197 3712 89 40 inc.
358 3710 280 50 (32-25855)

129 3797 249 66 Girault,
405 3799 299 66 François,
729 3801 60 62 fl.
819 3803 148 49 1534.

195 3877 121 52 The
351 3878 113 51 tale
500 3876 65 52 of
601 3876 334 68 Gargantua
975 3878 110 52 and
1122 3877 164 69 King
1320 3878 242 55 Arthur,
1595 3878 77 67 by
1707 3875 276 68 François
126 3875 1967 134 Girault,
323 3973 44 34 c.

397 3957 162 62 1534;
591 3955 94 52 the
713 3954 224 53 French
965 3954 248 69 original
1240 3954 64 54 of
1332 3974 29 34 a
1390 3955 112 54 lost
1530 3953 379 54 Elizabethan
1936 3962 181 46 trans-
