2563 4368
1277 4095 135 51 1016

421 616 261 51 Josephine
716 618 53 40 B.
804 617 400 48 Hollingsworth,
1239 616 266 41 chairman.

422 674 252 49 Arranged
708 673 378 49 alphabetically
1117 675 61 47 by
1207 682 141 32 name
1380 674 52 40 of
1462 674 98 47 city
1593 674 119 39 with
1743 673 189 47 subject
1963 673 158 41 index.

359 729 51 51 ©
447 735 113 45 May
593 734 39 46 3,
668 732 112 39 1932;
846 731 65 40 2c.
949 732 113 45 May
1096 731 55 38 24;
1216 729 80 41 aff.
1333 731 129 38 June
1494 730 54 38 22;
1614 731 41 37 A
1689 729 143 41 52707;
1900 729 188 47 Special
2122 730 227 39 libraries

426 798 126 31 assn.
623 788 280 47 (32-17644)

352 863 212 66 Stolfa,
599 862 295 65 Ladislav,
931 862 171 56 1887-

424 936 1821 72 Prospecting for gold, by Dr. L. Stolfa. [Chicago, ᶜ19 32]
422 1011 820 53 160, [11] p. illus. (plans) 18½ ᶜᵐ.
423 1069 171 40 Forms
619 1070 96 39 and
743 1067 273 49 “Checking
1043 1067 112 42 list”
1183 1068 50 40 in
1259 1068 172 47 pocket
1457 1068 227 40 mounted
1714 1078 59 30 on
1801 1077 154 32 cover.

425 1126 240 40 “Further
692 1124 216 42 studies”:
963 1136 43 37 p.
1036 1123 216 42 135-138.

359 1181 51 50 ©
441 1185 125 39 June
593 1183 69 48 30,
692 1183 140 47 1932;
863 1183 66 40 2c.
960 1184 95 39 and
1085 1182 82 41 aff.
1197 1183 115 48 July
1341 1182 52 47 5;
1425 1183 40 38 A
1495 1182 170 47 52911;
1698 1182 50 40 L.
1783 1182 149 48 Solfa,
1963 1183 220 45 Berwyn,
2217 1182 74 39 Ill.

435 1241 279 48 (32-17758)

353 1308 376 65 Streightoff,
759 1308 199 53 Frank
989 1308 216 65 Hatch,
1239 1312 170 51 1886-

422 1382 1925 71 Advanced accounting, by Frank Hatch Streightoff … New
354 1462 162 53 York
542 1463 113 52 and
681 1462 258 67 London,
965 1462 234 68 Harper
1221 1462 46 50 &
1293 1462 277 68 brothers,
1600 1464 149 51 1932.

424 1532 1503 51 xi p., 1 l., 656 p. incl. illus. (maps) diagrs., forms. 24 ᶜᵐ.
423 1592 320 40 “References
791 1591 78 40 for
919 1591 394 48 supplementary
1364 1590 228 49 reading”
1642 1593 52 38 at
1744 1591 91 40 end
1887 1591 53 39 of
1990 1592 125 39 most
2164 1591 53 40 of
2265 1591 81 40 the

352 1649 238 47 chapters.

360 1702 51 52 ©
442 1707 115 47 July
586 1706 39 47 6,
656 1706 111 40 1932;
827 1706 67 40 2c.
923 1707 115 46 July
1068 1706 25 39 6;
1153 1705 81 40 aff.
1265 1706 116 48 July
1411 1706 28 40 8;
1495 1706 40 38 A
1565 1705 143 41 53015;
1769 1706 191 47 Harper
1992 1705 39 40 &
2057 1706 125 39 bros.

434 1762 278 49 (32-17666)

352 1831 281 60 Sullivan,
669 1829 348 65 Carmeline,
1050 1830 181 54 sister.

484 1904 1865 57 … The Latin insertions and the macaronic verse in Piers
352 1983 1995 70 Plowman … by Sister Carmeline Sullivan … Washington,
353 2063 72 54 D.
465 2064 81 66 C.,
582 2064 121 52 The
741 2062 262 55 Catholic
1038 2061 318 69 university
1390 2061 65 54 of
1489 2061 284 69 America,
1811 2064 151 51 1932.

423 2136 380 49 xii, 104 p. 23 ᶜᵐ.
424 2195 63 38 At
515 2194 124 38 head
666 2194 53 37 of
745 2192 108 39 title;
910 2192 101 39 The
1039 2192 222 40 Catholic
1288 2191 271 48 university
1587 2192 52 39 of
1665 2191 238 41 America.

423 2248 172 41 Thesis
623 2248 15 48 (PH.
817 2247 306 48 D.)—Catholic
1159 2246 270 49 university
1462 2247 52 40 of
1547 2246 236 50 America,
1818 2246 128 42 1932.

423 2305 349 47 Bibliography;
826 2315 42 37 p.
895 2302 217 42 102-104.

359 2358 51 52 ©
437 2363 127 39 June
589 2363 69 45 14,
684 2361 112 40 1932;
852 2360 64 40 2c.
945 2362 95 38 and
1066 2359 81 41 aff.
1175 2361 124 39 June
1326 2361 56 39 17;
1437 2361 40 38 A
1504 2360 169 47 52616;
1703 2361 221 41 Catholic
1951 2360 130 43 univ.
2107 2362 53 39 of
425 2362 1905 97 America.
585 2417 278 49 (32-17589)

351 2481 179 63 Trull,
564 2481 186 54 Edna.

423 2556 121 53 The
587 2555 465 54 administration
1097 2554 64 54 of
1204 2555 329 69 regulatory
1579 2555 377 68 inspectional
2000 2556 239 54 services
2286 2557 59 52 in

353 2632 1990 71 American cities, by Edna Trull … New York city, Municipal
353 2710 465 54 administration
846 2710 228 67 service,
1106 2712 150 51 1932.

354 2781 1971 105 x p., 1 l., 184 p. incl. diagrs., forms. 26 ᶜᵐ. ([Municipal administration service, New York.
1083 2839 300 47 Monograph
1421 2839 164 49 series]
1654 2838 306 42 Publication
1995 2850 75 30 no.
2107 2840 81 50 27)

419 2895 349 48 Bibliography;
824 2906 41 37 p.
894 2895 217 41 177-178.

359 2949 51 52 ©
437 2955 113 46 May
574 2954 68 46 31,
669 2953 112 40 1932;
837 2953 66 40 2c.
930 2955 96 38 and
1051 2952 82 42 aff.
1158 2954 129 39 June
1309 2954 26 39 7;
1390 2954 40 38 A
1457 2953 141 40 51681;
1656 2953 265 48 Municipal
1949 2952 396 43 administration

425 3010 193 40 service.
691 3009 279 49 (32-17665)

352 3077 245 64 Tucker,
626 3079 131 62 Ray
780 3077 276 64 Thomas,
1088 3083 170 49 1893-

428 3152 1915 72 Sons of the wild jackass, by Ray Tucker … and Frederick
356 3230 1985 72 R. Barkley … with fifteen cartoons by R. G. List. Boston,
355 3309 944 69 L. C. Page & company [ ᶜ19 32]
425 3382 979 49 xii p., 2 3., 398 p. front., ports. 21 ᶜᵐ.
359 3433 51 52 ©
441 3439 126 39 June
595 3439 70 47 21,
696 3438 139 48 1932;
868 3440 65 39 2c.
965 3440 115 47 July
1109 3439 82 49 29;
1225 3441 82 39 aff.
1338 3442 116 47 July
1483 3442 83 46 27;
1599 3442 40 38 A
1670 3442 170 46 53457;
1873 3442 49 41 L.
1955 3442 48 40 C.
2036 3443 128 47 Page
2194 3442 36 40 &
2260 3452 82 38 co.,

426 3495 89 40 inc.

354 3560 286 65 Virginia.
715 3564 182 66 Laws,
927 3569 255 62 statutes,
1211 3570 101 48 etc.

427 3640 133 49 1932
596 3640 360 67 supplement
992 3645 59 47 to
1087 3641 96 52 the
1218 3641 271 69 Virginia
1528 3643 153 54 Code
1717 3642 63 54 of
1819 3646 151 63 1930,
2008 3643 331 69 containing

356 3714 76 52 all
473 3715 96 51 the
608 3718 229 65 general
877 3718 137 52 laws
1054 3717 64 53 of
1161 3721 150 65 1932,
1350 3719 139 52 with
1532 3720 112 53 full
1687 3721 378 53 annotations.
2139 3722 200 54 Under

352 3790 97 53 the
488 3791 265 54 editorial
793 3795 356 66 supervision
1189 3796 62 53 of
1289 3798 69 52 A.
1401 3799 249 52 Hewson
1686 3798 226 54 Michie.
354 3800 1957 135 Charlottesville,

532 3870 124 66 Va.,
685 3871 121 54 The
833 3871 212 54 Michie
1072 3892 294 51 company,
1397 3878 149 50 1932.

423 3942 545 50 vi p., 1 l., 255 p. 26 ᶜᵐ.
360 3991 51 52 ©
440 3996 115 49 July
580 3997 69 49 21,
677 3998 140 49 1932;
845 4001 65 39 2c.
940 4002 94 39 and
1062 4001 82 41 aff.
1171 4002 115 48 July
1312 4002 83 48 26;
1425 4004 43 40 A
1492 4004 170 49 54240;
1693 4005 177 42 Michie
1897 4017 65 30 co.
