2563 4368
1154 4055 132 52 1355

254 461 87 53 On
380 457 95 54 the
510 454 171 55 brink
717 453 62 54 of
818 452 94 53 the
951 446 281 72 precipice
1267 445 69 67 <a
1374 450 158 63 story
1569 441 96 54 for
1701 456 194 52 young
1931 435 201 72 people>

183 537 203 54 author
416 532 310 64 unknown;
757 524 340 58 translation
1126 523 74 69 by
1232 523 67 51 E.
1334 521 59 54 C.
1426 519 131 54 Eid.
1623 516 157 54 Rock
1812 513 214 70 Island,
2058 511 112 72 Ill.,

185 603 1002 77 Augustana book concern [ ᶜ1 932]
253 680 328 51 112 p. 20 ᶜᵐ .
189 752 51 52 ©
272 758 128 46 Sept.
430 754 68 46 12,
527 751 113 40 1932;
698 750 67 40 2c.
798 748 125 48 Sept.
956 748 55 38 15;
1071 745 81 41 aff.
1188 745 126 47 Sept.
1346 744 54 39 14;
1461 743 41 38 A
1532 740 145 42 54826;
1733 740 288 46 Augustana
2051 736 124 40 book

254 819 215 32 concern.
540 805 278 51 (32-23419)

187 913 253 63 Ouimet,
475 909 261 55 Francis.

257 990 54 50 A
339 1004 161 51 game
525 984 63 53 of
616 983 142 69 golf,
789 1003 29 33 a
846 982 146 52 book
1018 980 63 53 of
1107 977 410 71 reminiscence,
1545 976 75 68 by
1647 972 237 55 Francis
1916 969 258 70 Ouimet;

188 1065 138 53 with
361 1061 384 57 introduction
781 1061 74 66 by
890 1058 261 55 Bernard
1187 1053 238 56 Darwin
1460 1053 114 56 and
1607 1053 142 54 with
1784 1048 392 57 illustrations.

189 1144 212 51 Boston
430 1139 112 54 and
569 1138 136 53 New
735 1135 177 55 York.
940 1134 316 68 Houghton
1283 1130 203 54 Mifflin
1514 1147 293 52 company,
1836 1131 149 49 1932.

258 1204 1434 58 ix, [1] p., 1 l., 273, [1] p. front., plates, ports. 21½ ᶜᵐ .
194 1283 53 52 ©
269 1289 120 45 Aug.
413 1286 53 41 31,
565 1285 56 40 1932;
674 1282 68 41 2c.
769 1283 126 47 Sept.
922 1281 26 40 6;
1003 1281 82 39 aff.
1114 1279 128 49 Sept.
1269 1279 24 40 3;
1349 1279 43 39 A
1417 1278 143 40 54636;
1617 1277 51 41 F.
1696 1275 204 50 Ouimet,
1928 1272 253 50 Brighton,

262 1345 145 38 Mass.
478 1340 279 48 (32-23413)

193 1445 182 66 Pallu,
402 1445 166 55 Jean.

325 1516 1047 72 … L’usiné … Paris, Rieder, 1931.
266 1586 1529 59 246, [2] p. 18½ ᶜᵐ . (Prosateurs français contemporains)
200 1654 1822 59 © Feb. 23, 1931; 1c. Apr. 17; A—Foreign 11695; Editions Rieder.
276 1719 278 49 (32-21831)

196 1821 328 67 Paschang,
556 1821 250 66 Adolph.

266 1900 238 66 Dragon
535 1901 267 64 treasure,
834 1896 75 68 by
939 1895 236 68 Adolph
1206 1894 329 69 Paschang;
1570 1891 324 56 illustrated
1925 1892 77 67 by
2033 1888 158 57 Kurt

197 1978 201 53 Wiese.
473 1975 256 68 London,
769 1974 137 53 New
946 1973 164 53 York
1171 1978 120 61 [etc.]
1333 1970 345 70 Longmans,
1717 1969 186 56 Green
1941 1970 112 53 and
2093 1986 97 52 co.,

203 2058 149 50 1932.

304 2158 10 17 v,
339 2126 88 42 265
451 2137 44 38 p.
521 2126 110 40 incl.
656 2125 165 48 front.,
847 2123 144 48 illus.,
1018 2122 170 50 plates.
1248 2121 117 41 20ᶜᵐ.

274 2182 162 43 “First
464 2179 227 44 edition.”

276 2238 228 41 “Printed
537 2237 51 39 in
624 2236 83 41 the
742 2234 178 42 United
959 2234 161 42 States
1157 2234 51 40 of
1243 2231 266 44 America.”

207 2305 54 52 ©
289 2309 128 47 Sept.
442 2308 56 39 14,
594 2307 56 40 1932;
704 2307 67 39 2c.
798 2307 97 39 and
921 2304 83 40 aff.
1033 2305 128 47 Sept.
1188 2304 56 40 19;
1299 2306 40 37 A
1366 2304 145 41 54870;
1565 2304 287 48 Longmans,
1881 2303 156 42 Green
2065 2304 37 40 &
2129 2313 66 32 co.

287 2364 278 48 (32-23566)

206 2467 177 64 Petit,
417 2465 366 67 Magdalena.

338 2534 1854 81 … La Quintrala … prologo de Alone … [Santiago de Chile]
211 2619 286 54 Editorial
530 2618 238 71 Zig-zag
822 2621 152 65 [1932]

279 2685 1797 60 157, [2] p. front. (port.) 19 ᶜᵐ . (Colecci ó n de autores chilenos)
282 2746 593 44 “Premio ‘La Naci ó n’.”
282 2803 70 41 On
379 2813 139 33 cover
534 2814 10 30 :
571 2803 42 43 3.
637 2804 201 41 edición.

218 2850 1984 64 © June 3, 1932; 1c. Aug. 16; A—Foreign 17671; M. Petit, Santiago.
287 2917 148 41 Chile.
505 2916 277 49 (32-23700)

215 3018 316 67 Pinckney,
559 3019 204 54 Jeanie
792 3020 191 63 Mary.

289 3097 56 51 A
379 3095 194 54 health
610 3094 341 56 instruction
987 3096 172 68 guide
1196 3095 94 54 for
1328 3096 346 69 elementary
1710 3095 190 54 school
1939 3093 269 69 teachers,

222 3181 57 46 to
310 3175 66 51 be
405 3174 136 53 used
573 3193 59 33 as
663 3191 30 36 a
725 3174 192 53 health
950 3173 301 55 education
1281 3192 192 36 course
1505 3173 65 54 of
1600 3174 172 69 study
1803 3174 61 52 in
1895 3173 98 55 the
2024 3173 182 54 Texas

222 3252 218 53 schools
482 3251 109 68 [by]
634 3251 199 54 Jeanie
867 3251 80 54 M.
985 3251 311 71 Pinckney,
1331 3271 68 35 m.
1436 3271 74 49 a.,
1545 3254 60 51 in
1644 3252 388 69 co-operation
2068 3252 141 53 with

223 3330 163 53 Alice
425 3330 76 52 H.
541 3328 213 70 Miller,
830 3373 10 9 B.
912 3373 10 11 S.
967 3331 111 52 and
1119 3330 202 70 Nancy
1360 3331 77 53 H.
1479 3331 220 68 Pettus,
1777 3374 9 9 B.
1862 3372 10 10 S.
1956 3328 246 70 [Austin]

228 3408 223 52 Bureau
486 3407 64 53 of
582 3407 280 54 nutrition
897 3409 112 53 and
1043 3408 195 55 health
1273 3409 317 68 education,
1623 3409 266 53 Division
1924 3407 64 55 of
225 3413 1963 138 extension,

391 3482 978 76 the University of Texas [ ᶜ1 932]
294 3559 87 40 368
406 3568 42 39 p.
477 3557 108 40 incl.
614 3556 141 50 illus.,
784 3558 170 49 plates,
983 3558 193 49 diagrs.,
1204 3561 169 40 forms.
1429 3561 118 40 26ᶜᵐ.

299 3606 1864 65 “This book … is an outcome of the school health program work …
229 3672 152 38 under
419 3670 83 40 the
539 3670 302 47 supervision
882 3671 50 39 of
972 3672 80 39 the
1093 3671 195 41 Bureau
1330 3673 52 39 of
1418 3671 241 42 nutrition
1701 3673 95 39 and
1836 3671 169 41 health
226 3671 1968 96 education.”—Foreword.

299 3781 154 41 Music
470 3793 9 28 :
511 3793 41 37 p.
582 3781 100 41 132.

301 3838 222 41 Includes
555 3834 390 52 bibliographies.

233 3890 52 51 ©
315 3894 127 48 Sept.
469 3894 40 45 1,
537 3893 113 41 1932;
706 3894 65 40 2c.
801 3895 95 39 and
923 3894 79 39 aff.
1036 3894 126 48 Sept.
1191 3895 26 39 6;
1274 3896 40 38 A
1342 3894 141 43 53942;
1542 3897 44 39 J.
1615 3896 63 40 M.
1707 3895 258 49 Pinckney,
1993 3895 134 40 Alice
2154 3895 62 39 H.

303 3948 159 41 Miller
487 3951 95 38 and
608 3949 167 49 Nancy
802 3950 58 38 H.
891 3949 183 49 Pettus,
1101 3950 191 49 Austin,
1320 3950 112 42 Tex.
1502 3950 281 50 (32-23544)
