2563 4368
1045 4045 102 55 725

168 533 100 47 255,
298 532 55 49 [1]
380 543 42 37 p.
449 531 111 42 incl.
584 531 162 47 front.,
773 529 128 41 illus.
961 529 144 40 18½ᶜᵐ.

169 604 226 40 Lettered
420 614 61 29 on
507 613 141 30 cover:
703 600 118 41 Prix
846 601 137 40 Jules
1008 601 169 40 Verne.

105 666 1984 58 © Nov. 18, 1931; 1c. Jan. 18, 1932; A— Foreign 15270; Librairie
173 731 253 41 Hachette.
497 729 278 49 (32-13140)

99 833 220 66 Pitkin,
349 833 268 54 Maxwell
648 832 220 65 Irving.

163 910 225 66 Words,
419 911 111 52 and
561 911 240 52 selected
833 928 186 49 essays
1051 909 154 54 from
1235 909 96 53 the
1362 907 232 54 “Better
1628 906 160 68 way”
1818 906 76 68 by
1924 906 80 52 M.
2036 906 50 52 I.

93 987 230 68 Pitkin;
363 989 139 52 with
539 1007 71 34 an
646 988 388 52 introduction
1071 987 113 53 and
1218 986 442 68 typographical
1699 990 278 48 comment
2013 984 74 67 by

93 1065 96 54 the
218 1065 237 69 printer.
544 1065 149 67 [Ada,
721 1065 194 66 Mich.]
951 1065 121 53 The
1104 1064 198 55 Oliver
1333 1082 174 49 press,
1537 1065 152 50 1932.

167 1137 599 52 3 p. l., [9]-53 p. 23 ᶜᵐ .
169 1193 146 43 “This
347 1195 185 42 edition
562 1196 90 39 has
684 1195 116 41 been
834 1194 187 40 limited
1054 1196 50 38 to
1135 1193 86 41 250
1254 1194 172 48 copies.
1488 1194 115 40 Two
1636 1193 220 40 hundred
99 1195 1992 98 twenty-five

219 1253 122 40 have
373 1252 116 41 been
518 1252 194 48 printed
744 1264 59 28 on
838 1250 344 42 Strathmore’s
1213 1251 78 40 old
1327 1249 251 42 Stratford
1608 1250 166 41 deckle
1807 1251 116 48 edge
1955 1251 135 46 book,

99 1309 146 41 white
281 1318 145 38 wove,
462 1310 189 39 smooth
685 1307 213 48 antique.
960 1307 312 48 Twenty-five
1307 1308 123 40 have
1465 1306 118 42 been
1618 1306 194 49 printed
1848 1318 59 30 on
1944 1307 146 41 white

102 1366 99 41 laid
255 1366 321 47 Bishopstoke
628 1365 305 47 hand-made,
987 1364 238 48 imported
1278 1364 128 40 from
1459 1363 264 49 England.”
1807 1364 117 40 This
1975 1375 118 37 copy

98 1424 42 40 is
169 1435 75 30 no.
271 1423 70 41 82.

171 1478 400 50 “Appreciation”
602 1478 166 49 signed:
831 1478 164 40 Oliver
1025 1478 52 39 A.
1110 1477 227 41 Wallace.

108 1550 52 51 ©
187 1554 119 38 Mar.
333 1552 68 47 10,
428 1550 138 47 1932;
594 1550 68 42 2c.
689 1550 94 39 and
810 1548 81 42 aff.
920 1550 119 39 Mar.
1068 1549 81 46 14;
1178 1550 39 38 A
1243 1548 172 47 48950;
1445 1549 162 40 Oliver
1635 1550 55 38 A.
1717 1548 227 47 Wallace,
1973 1548 119 49 Ada,

176 1609 143 41 Mich.
389 1607 279 50 (32-12812)

101 1711 254 66 Powers,
382 1708 225 57 Wilbur
635 1709 196 66 Louis,
863 1710 169 55 1887-

166 1786 1862 70 Land drainage, by W. L. Powers … and T. A. H. Teeter …
96 1865 73 53 2d
203 1865 104 67 ed.,
339 1884 114 35 rev.
488 1866 111 53 and
633 1866 108 53 enl.
810 1867 138 51 New
983 1865 179 66 York,
1196 1866 56 53 J.
1285 1865 191 67 Wiley
1508 1868 46 50 &
1587 1883 147 48 sons,
1767 1864 138 67 inc.;
97 1864 1967 146 London,

256 1943 300 68 Chapman
585 1946 46 50 &
660 1944 159 65 Hall,
847 1942 241 66 limited,
1119 1945 151 50 1932.

99 2015 1977 98 2 p. l., iii-x, 353 p. illus., diagrs. 21½ᶜᵐ. (Half-title: The Wiley agricultural
343 2072 312 50 engineering
684 2071 174 47 series)
982 2071 129 50 $3.25

172 2128 236 42 “General
438 2128 299 42 references”:
799 2140 42 37 p.
875 2128 68 42 vii;
1005 2128 348 42 “References”
1385 2131 52 38 at
1468 2130 91 40 end
1592 2129 50 41 of
1674 2130 119 40 each
1822 2131 213 48 chapter.

109 2198 52 50 ©
188 2201 114 47 Apr.
328 2201 67 46 15,
424 2200 112 40 1932;
592 2200 66 40 2c.
687 2201 112 46 May
827 2200 56 39 10;
939 2199 81 41 aff.
1048 2201 113 46 Apr.
1190 2199 57 39 19;
1301 2200 40 38 A
1367 2198 146 42 49899;
1567 2201 71 38 W.
1668 2201 50 39 L.
1747 2201 206 46 Powers,
177 2200 1899 105 Corvallis,

365 2257 93 47 Or.,
488 2257 94 39 and
611 2256 210 40 Thomas
850 2257 54 39 A.
935 2257 59 38 H.
1025 2256 185 47 Teeter,
1242 2255 335 49 Minneapolis.

187 2314 279 48 (32-12826)

105 2415 277 66 Robbins,
413 2415 205 54 Edwin
648 2416 197 65 Clyde,
879 2420 170 51 1883-

167 2492 1861 69 Industrial management; a case book, by E. C. Robbins …
98 2571 1990 130 and F. E. Folts … 1st ed. New York and London, McGraw-Hill
258 2649 146 53 book
436 2666 297 50 company,
764 2649 127 65 inc.,
927 2652 150 49 1932.

173 2719 103 50 xiii,
309 2722 84 40 757
423 2732 44 37 p.
499 2721 109 41 incl.
641 2721 141 46 illus.,
813 2732 152 38 maps,
996 2721 194 49 diagrs.,
1221 2722 168 41 forms.
1448 2721 146 41 23½ᶜᵐ.
1710 2721 130 49 $5.00

110 2788 51 52 ©
189 2794 112 46 May
327 2793 40 45 6,
393 2791 114 41 1932;
558 2791 69 42 2c.
656 2793 112 47 May
793 2793 82 46 11;
905 2791 81 41 aff.
1016 2793 111 47 May
1154 2793 82 46 12;
1265 2794 39 38 A
1330 2792 171 48 49920;
1532 2791 345 43 McGraw-Hill
1908 2793 75 41 bk.
2013 2805 82 36 co.,

177 2849 90 41 inc.
337 2848 278 49 (32-12827)

105 2953 278 64 Robbins,
414 2953 208 64 Henry
647 2954 64 54 P.

168 3028 294 55 Theodore
484 3030 160 67 Gary;
700 3050 32 33 a
753 3030 195 54 sketch
972 3031 64 53 of
1057 3031 89 53 his
1169 3031 123 68 life,
1316 3050 150 35 some
1491 3031 63 54 of
1578 3032 88 53 his
1691 3031 261 69 writings
1978 3032 113 53 and

100 3123 32 34 a
160 3107 195 52 record
385 3107 64 53 of
475 3107 89 53 his
594 3107 192 68 public
814 3108 256 68 services,
1098 3109 75 68 by
1201 3110 201 66 Henry
1433 3111 65 51 P.
1527 3109 272 53 Robbins.
1865 3111 225 52 Kansas

99 3182 153 69 City,
278 3185 134 65 Mo.,
438 3185 219 53 Martin
687 3185 262 68 printing
978 3205 297 49 company,
1306 3190 151 50 1932.

172 3257 1291 51 5 p. l., 257 p. front., illus., plates, ports. 25 ᶜᵐ .
112 3324 52 51 ©
201 3329 112 47 Apr.
350 3329 67 46 15,
455 3328 139 47 1932;
633 3329 65 40 2c.
738 3331 113 47 May
887 3330 53 47 2;
981 3330 80 41 aff.
1099 3332 113 47 May
1249 3331 52 46 5;
1340 3331 39 40 A
1416 3330 171 48 49833;
1627 3333 192 39 Hunter
1857 3332 52 41 L.
1948 3332 144 48 Gary,

179 3385 193 40 Kansas
399 3385 122 48 City,
545 3387 91 39 Mo.
708 3386 279 49 (32-12700)

106 3486 243 66 Rogers,
380 3489 242 64 Bogart.

176 3561 120 69 Sky
331 3562 176 69 bride,
546 3585 32 33 a
615 3582 259 35 romance
909 3564 63 53 of
1009 3565 96 54 the
1143 3565 102 69 air,
1284 3565 74 69 by
1395 3566 219 68 Bogart
1652 3566 244 68 Rogers;
106 3566 1963 125 illustrated

323 3638 139 55 with
497 3659 183 35 scenes
716 3640 150 54 from
901 3642 94 52 the
1029 3643 351 53 Paramount
1412 3643 220 67 picture
1664 3642 141 54 with
1841 3643 247 53 Richard

107 3713 194 69 Arlen,
342 3714 146 54 Jack
533 3715 197 69 Oakie,
773 3714 268 70 Virginia
1086 3718 199 54 Bruce.
1367 3718 136 54 New
1551 3718 178 68 York,
1776 3718 228 55 Grosset
2047 3721 45 50 &

107 3790 461 70 Dunlap [ ᶜ19 32]
174 3861 980 52 2 p. l., 251 p. front., plates. 19½ᶜᵐ.
115 3929 51 52 ©
197 3936 110 46 May
338 3936 68 47 16,
435 3935 113 42 1932;
603 3936 68 43 2c.
702 3939 93 38 and
825 3938 82 42 aff.
938 3940 112 47 May
1081 3940 55 40 18;
1195 3939 40 40 A
1265 3940 143 41 51369;
1469 3940 196 41 Grosset
1696 3941 36 40 &
1762 3940 207 47 Dunlap,
2001 3939 90 40 inc.

190 3990 277 50 (32-12758)
