2563 4368
1339 4105 131 53 1796

407 485 1991 70 Deutsch-amerikanische geschichtsblätter … jahrbuch der
476 565 750 54 deutsch-amerikanischen
1275 564 374 53 historischen
1700 565 368 68 gesellschaft
2114 582 110 34 von
475 563 1896 135 Illinois.

690 643 1646 69 Max Baum, Schriftleiter. Jahrgang 1932 (v. 32) …
480 722 268 68 Chicago.
881 764 11 12 Ill.
920 723 122 51 The
1071 721 336 56 University
1437 722 63 52 of
1534 721 251 69 Chicago
1813 739 174 50 press,
2019 725 148 48 1932.

477 795 966 50 3 p. l., 565 p. illus., diagrs. 23½ᶜᵐ.
413 849 52 52 ©
500 853 128 49 Sept.
659 852 57 41 30,
820 853 82 46 1932;
936 854 67 39 2c.
1038 853 101 40 Oct.
1174 854 51 45 7;
1261 852 81 40 aff.
1378 853 109 39 Dec.
1523 852 80 46 19;
1638 852 41 38 A
1711 850 170 48 58498;
1919 850 448 41 German-American

480 910 250 41 historical
762 920 92 29 soc.
883 908 52 41 of
963 909 202 49 Illinois,
1197 908 222 48 Chicago.

410 1011 368 67 Dougherty,
806 1014 308 62 Raymond
1143 1013 211 64 Philip,
1385 1014 169 54 1877-

545 1089 1855 69 … The Sealand of ancient Arabia, by Raymond Philip
412 1166 1989 69 Dougherty … New Haven, Yale university press; London,
414 1242 75 55 H.
516 1244 266 68 Milford,
811 1244 229 55 Oxford
1067 1245 315 68 university
1413 1264 173 48 press,
1617 1248 151 50 1932.

487 1315 1917 52 xii, 203 p. incl. geneal. tab. 25 ᶜᵐ . (Yale oriental series. Researches.
507 1375 140 48 vol. XIX)
488 1429 289 43 “Published
810 1442 58 30 on
902 1431 84 42 the
1015 1430 233 50 Kingsley
1280 1435 127 37 trust
1439 1431 296 42 association
1765 1431 299 50 publication
2097 1431 123 42 fund
419 1433 1970 96 established

598 1488 59 47 by
685 1487 82 42 the
794 1487 153 42 Scroll
972 1488 96 40 and
1095 1488 91 48 key
1213 1488 181 48 society
1422 1488 52 40 of
1500 1488 117 41 Yale
1643 1488 328 49 college.”—p.
2001 1489 29 49 [i]

419 1543 1984 101 “Interpretation of information … available … [in] cuneiform texts.”—Pref.
489 1658 457 42 “Abbreviations”;
979 1669 43 38 p.
1053 1657 167 40 xi-xii.

416 1712 52 53 ©
499 1717 117 39 Nov.
647 1716 70 46 22,
750 1715 112 41 1932;
922 1715 67 40 2c.
1020 1715 117 40 Nov.
1168 1714 56 40 28;
1285 1714 82 40 aff.
1399 1714 116 39 Nov.
1549 1714 55 40 26;
1665 1715 42 39 A
1739 1715 141 41 58153;
1943 1716 119 39 Yale
2094 1716 129 40 univ.
2255 1727 149 37 press.

493 1773 279 47 (32-34071)

412 1874 220 65 Dulles,
665 1875 251 53 Eleanor
943 1873 281 66 Lansing.

484 1953 121 52 The
633 1952 169 53 Bank
830 1951 94 54 for
950 1951 410 55 international
1387 1952 348 55 settlements
1764 1957 60 49 at
1853 1952 174 68 work,
2055 1953 75 68 by
2160 1953 248 54 Eleanor

413 2028 1994 71 Lansing Dulles … New York, The Macmillan company, 1932.
481 2103 69 40 xii
576 2113 60 39 p.,
663 2105 24 38 1
715 2104 44 46 h,
787 2103 83 40 631
899 2114 44 38 p.
1003 2103 178 48 diagrs.
1241 2102 145 40 22½ᶜᵐ.

482 2159 252 41 Half-title:
792 2161 196 38 Bureau
1018 2159 52 41 of
1097 2158 350 41 international
1479 2160 238 47 research,
1750 2159 230 40 Harvard
2010 2159 272 48 university
2309 2161 95 40 and

414 2216 239 40 Radcliffe
688 2217 190 47 college.

483 2271 376 49 Bibliography:
887 2282 43 38 p.
959 2271 215 40 597-612.

418 2325 51 51 ©
504 2329 119 39 Nov.
655 2328 70 45 22,
760 2328 112 40 1932;
937 2328 66 40 2c.
1040 2328 94 39 and
1170 2327 81 40 aff.
1286 2328 117 39 Nov.
1439 2328 53 39 23;
1559 2329 38 37 A
1634 2328 142 39 57205;
1844 2330 192 38 Bureau
2073 2329 50 39 of
2159 2328 213 39 internatl.

486 2385 221 40 research
739 2385 51 39 of
820 2385 228 39 Harvard
1079 2385 129 39 univ.
1239 2385 93 38 and
1365 2383 242 40 Radcliffe
1635 2384 190 47 college,
1858 2383 299 47 Cambridge.

495 2441 279 50 (32-33972)

414 2542 264 65 Duncan,
706 2543 197 54 Julian
934 2542 213 64 Smith,
1181 2548 170 50 1896-

483 2618 204 55 Public
711 2621 111 53 and
849 2619 223 69 private
1094 2621 294 66 operation
1413 2623 63 52 of
1499 2621 265 67 railways
1787 2622 58 51 in
1872 2621 212 68 Brazil,
2107 2622 74 67 by
2204 2622 199 54 Julian

416 2696 1984 71 Smith Duncan … New York, Columbia university press;
415 2776 256 67 London,
698 2779 64 52 P.
792 2777 56 56 S.
877 2777 161 66 King
1063 2780 45 51 &
1133 2795 116 48 son,
1276 2777 120 64 ltd.,
1425 2780 148 51 1932.

419 2847 1968 106 3 p. l., 243 p. fold. front. (map) 23 ᶜᵐ . (Half-title: Studies in history,
566 2904 266 42 economics
858 2906 95 40 and
978 2905 160 49 public
1164 2907 107 46 law,
1296 2906 161 40 edited
1480 2906 61 47 by
1568 2907 81 39 the
1673 2905 205 48 Faculty
1903 2905 51 40 of
1979 2905 213 49 political
2220 2907 185 40 science

416 2960 53 42 of
500 2961 250 42 Columbia
782 2962 285 48 university,
1126 2973 75 30 no.
1231 2962 110 47 367)

488 3019 170 40 Issued
685 3020 103 39 also
813 3030 55 29 as
893 3020 153 39 thesis
1082 3019 14 41 (PH.
1267 3018 14 47 D.)
1318 3018 248 41 Columbia
1595 3018 283 48 university.

420 3071 51 51 ©
506 3076 100 40 Oct.
640 3078 57 39 15,
800 3077 55 39 1932;
917 3078 65 39 2c.
1018 3078 94 38 and
1146 3076 80 41 aff.
1261 3077 118 39 Nov.
1411 3076 55 40 26;
1529 3078 38 37 A
1602 3076 142 40 57234;
1809 3076 247 41 Columbia
2093 3078 127 39 univ.
2257 3088 147 38 press.

498 3132 277 47 (32-34134)

416 3221 193 65 Dunn,
638 3222 241 58 Robert.

551 3298 1721 70 … Horizon fever … New York, A. and C. Boni, 1932.
485 3372 530 48 4 p. l., 358 p. 21 ᶜᵐ .
421 3424 1964 51 © May 17, 1932; 2c. Dec. 5; aff. Dec. 6; A 58256; Albert & Charles Boni.
488 3483 89 41 inc.
647 3483 278 49 (32-33986)

417 3570 252 65 Durkee,
699 3573 202 55 James
927 3573 261 65 Stanley,
1221 3580 169 50 1866-

485 3645 204 55 Winds
723 3646 79 54 off
835 3649 178 66 shore,
1047 3649 291 54 selections
1373 3651 147 52 from
1558 3652 94 53 the
1684 3650 261 67 writings
1979 3649 62 52 of
2075 3649 54 53 J.
2169 3647 233 66 Stanley

416 3721 1963 145 Durkee … with introduction by Dr. S. Parkes Cadman. Brooklyn,
560 3798 67 53 N.
660 3800 89 68 Y.,
777 3801 119 52 The
926 3802 222 52 Arthur
1174 3802 78 52 M.
1282 3802 240 69 Bugden
1553 3821 172 50 press,
1756 3806 149 50 1932.

484 3867 753 53 79 p. front. (port.) 19½ᶜᵐ.
484 3925 183 42 Poems.

419 3981 51 51 ©
509 3985 117 40 Nov.
664 3987 55 38 15,
829 3987 54 40 1932;
951 3988 67 39 2c.
1055 3988 118 40 Nov.
1212 3989 81 46 18;
1336 3989 81 40 aff.
1456 3990 118 42 Nov.
1612 3991 81 45 23;
1735 3990 41 38 A
1815 3989 168 47 57195;
2025 3989 44 40 J.
2111 3988 42 40 S.
2195 3986 205 44 Durkee,

486 4041 258 53 Brooklyn.
814 4042 278 50 (32-33946)
