2563 4368
1303 4081 135 52 1620

368 465 260 66 Nichols,
658 464 304 64 Beverley,
997 467 169 51 1899-

437 543 185 53 Down
652 542 98 52 the
776 541 215 68 garden
1021 540 159 69 path,
1208 540 76 68 by
1314 539 275 68 Beverley
1619 538 249 54 Nichols.
1944 537 231 56 Garden
2210 537 150 69 City,

369 622 69 55 N.
466 623 89 67 Y.,
582 620 355 67 Doubleday,
962 621 200 51 Doran
1186 622 46 50 &
1257 637 97 48 co.,
1380 618 107 53 inc.
1522 621 191 64 [ᶜ1932]

471 690 849 52 x p., 1 l., 303 p. front., illus. 21½ᶜᵐ
439 751 289 39 Illustrated
758 748 348 48 lining-papers
1137 748 49 40 in
1216 747 144 41 color.

441 806 162 42 “First
635 805 227 42 edition.”

439 862 279 41 Half-title:
751 863 154 39 Down
930 862 82 40 the
1037 861 180 48 garden
1244 860 145 49 path;
1417 871 28 29 a
1470 860 273 40 confession
1769 860 52 40 of
1844 859 130 40 faith;
2028 860 119 40 with
371 862 1971 99 decorations
524 921 60 48 by
613 921 104 38 Rex
745 918 248 43 Whistler.

374 974 52 53 ©
458 980 127 47 Sept.
613 980 38 45 7,
681 977 139 47 1932;
851 977 68 41 2c.
947 979 94 37 and
1072 976 79 40 aff.
1185 976 127 47 Sept.
1384 987 8 30 8;
1424 976 40 38 A
1493 973 169 44 53992;
1695 975 295 48 Doubleday,
2022 975 164 39 Doran
2216 976 36 39 &
2282 985 82 33 co.,

441 1035 91 40 inc.
603 1034 279 49 (32-30654)

369 1137 382 66 Oppenheim,
784 1137 253 53 Edward
1067 1135 265 65 Phillips,
1366 1140 171 50 1866-

441 1214 218 55 Crooks
684 1215 61 52 in
769 1215 96 53 the
890 1214 287 67 sunshine,
1201 1214 76 68 by
1304 1214 68 52 E.
1400 1213 254 68 Phillips
1682 1212 377 69 Oppenheim.
2134 1213 234 65 Boston,

369 1293 195 68 Little,
592 1294 230 66 Brown,
848 1293 113 53 and
988 1309 299 51 company,
1314 1294 150 50 1933.

437 1364 650 53 4 p. l., [3]-296 p. 19½ᶜᵐ.
437 1422 264 41 Published
729 1421 129 42 1932.

376 1477 50 51 ©
460 1480 128 48 Sept.
616 1480 68 41 30,
715 1478 114 41 1932;
887 1479 66 40 2c.
985 1480 94 38 and
1108 1477 82 41 aff.
1221 1478 104 40 Oct.
1353 1479 52 40 1;
1438 1478 41 38 A
1509 1477 169 47 56807;
1712 1479 53 38 E.
1796 1479 50 38 P.
1879 1475 308 49 Oppenheim,
442 1476 1908 108 Reepham,

598 1536 219 47 Norfolk,
848 1536 237 47 England.
1155 1534 279 48 (32-30641)

371 1637 251 67 Peattie,
650 1639 227 53 Donald
906 1638 258 66 Culross,
1194 1643 171 50 1898-

442 1714 1919 69 Sons of the Martian, by D. C. Peattie … London, New
368 1793 163 53 York
579 1799 120 61 [etc.]
730 1792 345 68 Longmans,
1101 1790 185 56 Green
1315 1792 111 53 and
1453 1810 98 47 co.,
1579 1794 152 51 1932.

439 1865 560 50 3 p. l., 313 p. 19½ᶜᵐ.
441 1923 161 41 “First
630 1922 227 42 edition.”

443 1979 230 41 “Printed
700 1979 50 39 in
778 1980 81 40 the
886 1978 180 41 United
1095 1978 163 41 States
1286 1977 51 41 of
1362 1976 266 43 America.”

378 2034 50 51 ©
457 2038 103 40 Oct.
587 2037 68 47 13,
684 2035 139 48 1932;
853 2035 66 41 2c.
949 2037 95 37 and
1072 2035 81 40 aff.
1183 2035 100 40 Oct.
1313 2034 82 48 27;
1425 2035 36 38 A
1493 2034 169 47 55697;
1695 2035 57 40 D.
1782 2035 49 40 C.
1859 2035 204 41 Peattie.
2094 2035 271 48 Columbus,

445 2094 51 40 O.
566 2092 279 50 (32-30526)

372 2195 171 65 Peck,
571 2196 193 53 Annie
793 2194 215 65 Smith,
1040 2200 170 49 1850-

442 2272 215 69 Flying
688 2288 132 37 over
857 2271 182 55 South
1072 2271 293 68 America;
1401 2277 213 63 twenty
1647 2274 283 52 thousand
1963 2272 159 53 miles
2154 2273 75 67 by
2261 2273 104 67 air,

376 2350 1984 69 by Annie S. Peck … Boston and New York, Houghton
372 2428 202 55 Mifflin
610 2446 296 51 company,
944 2433 150 50 1932.

443 2500 1086 50 xiv p., 1 l., 256 p. front., plates. 21ᶜᵐ.
444 2560 114 47 Map
586 2570 59 29 on
675 2558 137 40 front
839 2558 337 48 lining-paper.

380 2614 50 51 ©
467 2617 102 40 Oct.
603 2616 68 48 19,
707 2616 112 40 1932;
883 2616 67 40 2c.
987 2615 102 40 Oct.
1122 2616 83 47 24;
1244 2615 82 41 aff.
1362 2615 102 41 Oct.
1499 2615 81 47 22;
1619 2616 41 38 A
1695 2616 168 47 56684;
1901 2616 55 40 A.
1995 2615 44 41 S.
2075 2617 138 46 Peck,
2249 2617 117 38 New

446 2674 143 40 York.
660 2671 279 50 (32-30648)

374 2775 452 63 Pennsylvania.
904 2775 223 54 Courts.

447 2853 120 51 The
598 2851 225 53 district
856 2853 112 51 and
1000 2857 209 63 county
1240 2858 221 61 reports
1493 2852 332 69 containing
1857 2872 149 34 cases
2039 2852 234 53 decided
2304 2852 57 52 in

377 2932 76 50 all
479 2931 95 54 the
598 2930 239 68 judicial
863 2930 252 52 districts
1142 2930 62 52 of
1229 2931 95 51 the
1350 2935 144 48 state
1520 2930 63 52 of
1608 2933 438 67 Pennsylvania.
2122 2932 240 52 Volume

438 3007 1375 71 IX … Philadelphia, Howard W. Page, 1927.
517 3113 7 16 xx,
556 3081 85 40 904
671 3093 44 36 p.
773 3081 116 40 23ᶜᵐ.

381 3134 50 51 ©
461 3140 121 38 Mar.
608 3137 68 43 24,
705 3137 140 42 1928;
874 3137 66 41 2c.
968 3139 95 38 and
1091 3138 81 40 aff.
1200 3139 118 39 Nov.
1345 3138 69 47 16,
1442 3137 112 41 1932;
1612 3139 41 38 A
1681 3139 141 40 57112;
1882 3140 213 38 Howard
2124 3140 70 39 W.
2224 3141 141 46 Page.

376 3253 267 67 Perkins,
676 3254 246 55 Charles
950 3255 225 65 Elliott,
1209 3260 170 50 1881-

443 3331 121 52 The
591 3331 276 67 phantom
891 3331 139 67 bull,
1055 3331 75 67 by
1158 3332 238 55 Charles
1421 3333 69 52 E.
1515 3331 270 66 Perkins;
1817 3333 138 52 with
1983 3334 378 52 illustrations

377 3407 71 67 by
476 3408 255 52 Edward
760 3408 228 52 Borein.
1054 3410 216 51 Boston
1297 3410 112 52 and
1437 3409 140 53 New
1606 3409 179 67 York,
1814 3409 317 67 Houghton
2159 3409 202 54 Mifflin

374 3502 295 49 company,
701 3488 151 50 1932.

447 3555 26 39 2
501 3568 43 37 p.
592 3588 23 15 l.,
642 3557 54 39 70
723 3568 42 37 p.
819 3557 165 45 front.,
1011 3556 127 41 illus.
1197 3556 117 42 26ᶜᵐ.

384 3609 50 51 ©
464 3614 99 39 Oct.
592 3613 68 47 18,
688 3613 111 41 1932;
855 3614 67 39 2c.
950 3613 102 40 Oct.
1078 3613 54 39 24;
1190 3614 81 40 aff.
1300 3614 102 40 Oct.
1428 3614 81 47 22;
1541 3616 39 37 A
1607 3615 142 40 56687;
1807 3616 49 39 C.
1886 3617 51 37 E.
1967 3616 215 47 Perkins,
2215 3617 144 40 Santa

450 3671 234 43 Barbara,
713 3670 144 39 Calif.
926 3669 279 50 (32-30890)

378 3769 218 65 Pierce,
625 3771 229 63 Lyman
882 3772 174 63 Love,
1089 3777 169 50 1868-

449 3846 1915 70 How to raise money, by Lyman L. Pierce … foreword by
383 3921 213 55 Walter
623 3922 88 54 W.
741 3923 184 55 Head.
989 3922 136 55 New
1157 3922 161 54 York
1345 3924 112 53 and
1483 3924 254 68 London,
1763 3925 230 67 Harper
2018 3926 45 51 &
2091 3925 271 68 brothers,

383 4001 149 49 1932.
