2563 4368
1103 4172 132 54 1807

237 625 128 39 “The
392 625 227 47 envelope
643 624 50 39 in
720 625 81 39 the
825 623 135 41 front
987 624 51 40 of
1064 624 82 39 the
1170 624 123 39 book
1319 621 221 42 contains
1566 632 89 30 one
1681 623 84 39 red
1790 622 128 39 filter
1944 624 49 38 to
2018 621 142 48 bring

166 682 84 39 out
275 691 27 30 a
330 681 172 40 double
528 689 236 39 exposure
791 681 51 38 of
867 679 118 41 each
1012 678 477 50 picture.”—Notice.

171 747 51 51 ©
255 751 117 39 Nov.
406 749 55 41 26,
508 749 139 47 1932;
682 750 65 40 2c.
782 750 116 40 Nov.
933 748 82 48 29;
1051 748 82 42 aff.
1167 750 117 40 Nov.
1317 748 83 48 28;
1435 750 41 38 A
1510 749 169 46 58186;
1717 748 52 41 O.
1807 749 201 46 Soglow,
2042 748 118 41 New

238 806 143 41 York.
452 806 278 48 (32-34217)

165 907 394 68 Solis-Cohen,
590 909 213 64 Emily,
835 915 170 50 1886-

298 985 1863 69 … Woman in Jewish law and life; an inquiry and a guide
166 1071 56 48 to
266 1067 237 65 literary
544 1083 220 35 sources
809 1064 64 54 of
915 1064 377 53 information
1333 1062 341 69 concerning
1715 1064 98 53 the
1852 1068 202 49 nature
2096 1062 65 55 of

165 1139 1995 147 Jewish law, and the status accorded woman … by Emily Solis-Cohen,
418 1220 72 67 jr.
564 1220 137 52 New
743 1219 162 53 York
946 1218 133 69 city,
1120 1218 143 54 Pub.
1301 1219 75 68 by
1415 1219 98 54 the
1551 1216 215 55 Jewish
1807 1214 354 71 publication

165 1296 1431 70 society for the Jewish welfare board [ ᶜ1 932]
237 1371 100 48 viii,
375 1372 54 40 73
466 1382 43 37 p.
573 1370 145 41 19½ᶜᵐ.
796 1371 207 48 (Jewish
1041 1370 201 40 welfare
1278 1370 151 40 board
1467 1367 349 52 publications)

239 1427 133 41 “List
400 1428 51 40 of
477 1437 195 30 sources
699 1429 95 38 and
825 1427 246 40 reference
1099 1426 227 47 readings
1354 1426 50 39 in
1434 1424 229 50 English”;
1722 1437 44 37 p.
1797 1426 158 41 68-73.

174 1495 51 52 ©
265 1500 124 47 Sept.
428 1500 39 46 9,
504 1499 139 46 1932;
682 1501 65 37 2c.
787 1498 101 45 Oct.
925 1499 82 46 31;
1046 1498 81 40 aff.
1168 1498 127 48 Sept.
1333 1499 81 45 15;
1453 1499 41 38 A
1531 1498 170 47 55868;
1741 1498 184 40 Jewish
1963 1499 200 40 welfare

241 1556 162 47 board,
435 1556 116 40 New
581 1556 141 38 York.
795 1554 277 48 (32-33828)

168 1659 196 65 Stroh,
395 1659 271 63 Dorothy
694 1659 327 55 Elizabeth.

238 1734 149 53 Rain
421 1754 69 33 on
527 1735 93 53 the
657 1735 177 68 rocks,
870 1735 73 68 by
979 1734 260 68 Dorothy
1275 1734 299 54 Elizabeth
1612 1734 187 54 Stroh.
169 1734 1968 146 Philadelphia,

353 1812 849 69 Dorrance & co., inc. [ ᶜ1 932 ]
236 1883 58 40 36
318 1894 43 37 p.
413 1883 116 41 20ᶜᵐ.
595 1883 299 50 (Half-title:
917 1883 380 48 Contemporary
1325 1886 136 46 poets
1487 1885 51 40 of
1564 1886 260 47 Dorrance,
1852 1885 109 48 109)

174 1953 51 52 ©
252 1958 117 39 Nov.
398 1958 68 46 15,
494 1957 140 47 1932;
664 1957 64 40 2c.
759 1958 117 39 Nov.
904 1957 56 40 30;
1018 1957 81 40 aff.
1130 1958 110 39 Dec.
1268 1958 52 46 1;
1351 1958 41 39 A
1419 1958 169 46 58162;
1622 1958 247 41 Dorrance
1898 1959 36 39 &
1962 1969 82 37 co.,
2074 1959 88 40 inc.

253 2014 278 47 (32-33942)

170 2117 255 66 Sturgis,
458 2118 181 54 Edith
670 2119 245 55 Barnes.

240 2194 119 51 The
382 2193 223 69 winged
626 2212 330 50 messenger,
980 2194 72 67 by
1077 2194 181 53 Edith
1281 2195 214 52 Barnes
1522 2194 242 67 Sturgis.
1828 2195 134 51 New
1989 2195 177 66 York,

174 2270 908 69 Coward-McCann, inc. [ ᶜ1 932 ]
239 2340 628 49 viii p., 1 l. , 40 p. 21ᶜᵐ.
240 2399 182 39 Poems.

176 2454 51 52 ©
261 2458 100 40 Oct.
394 2459 67 47 19,
495 2459 112 39 1932;
667 2459 67 39 2c.
767 2460 94 38 and
893 2458 82 40 aff.
1008 2459 117 39 Nov.
1157 2458 57 39 26;
1274 2460 41 38 A
1346 2459 142 40 57225;
1552 2461 52 39 E.
1639 2461 52 39 B.
1727 2458 205 48 Sturgis,
1968 2460 195 44 Groton,

245 2516 145 39 Mass.
463 2513 278 50 (32-33943)

172 2616 273 66 Thomas,
477 2618 234 54 Samuel
741 2619 141 63 Bell,
916 2620 171 53 1871-

241 2694 120 52 The
394 2713 124 50 way
553 2701 98 48 out
684 2696 64 53 of
783 2694 380 70 prohibition;
1203 2697 453 68 demonstrating
1690 2699 127 51 that
1852 2697 127 54 “the
170 2699 1969 127 Constitution

480 2772 282 69 prohibits
808 2772 353 69 prohibition”;
1274 2774 375 54 summarized
1698 2775 152 53 from
1897 2794 30 34 a
1977 2782 186 47 recent

172 2850 1929 62 work Our weakened Constitution, Iw Samuel Bell Thomas …
173 2929 111 52 and
324 2930 253 52 Edward
614 2928 302 55 Williams.
993 2930 179 67 N[ew]
1217 2931 202 67 Y[ork]
1462 2931 232 53 Dauber
1731 2936 45 49 &
1812 2932 142 53 Pine
171 2932 1969 142 bookshops,
391 3007 126 67 inc.,
550 3011 148 51 1932.

242 3078 282 48 cover-title,
554 3079 55 40 32
637 3090 43 37 p.
740 3079 116 41 23ᶜᵐ.

179 3131 52 52 ©
254 3137 115 39 Nov.
395 3135 67 48 10,
486 3135 113 41 1932;
652 3136 65 41 2c.
744 3137 95 40 and
862 3137 80 41 aff.
969 3138 117 40 Nov.
1110 3138 55 39 25;
1219 3138 40 38 A
1283 3139 142 40 57243;
1482 3139 43 40 S.
1552 3141 54 39 B.
1631 3140 222 40 Thomas.
1881 3141 115 38 New
2022 3141 144 41 York.

257 3192 278 50 (32-34138)

174 3294 269 68 Wallace,
473 3295 210 68 Dillon,
716 3303 170 51 1863-

244 3374 254 54 Buddies
529 3374 65 53 of
624 3375 97 53 the
750 3394 108 48 sea,
891 3395 27 33 a
953 3383 157 61 story
1142 3377 63 52 of
1236 3378 274 53 northern
1542 3373 288 72 latitudes,
1860 3378 74 68 by
1966 3379 197 52 Dillon

174 3451 1968 145 Wallace. New York, London [etc.] Fleming H. Revell company [ ᶜ1 932 1
245 3601 580 49 274 p. incl. front. 19½ ᶜᵐ.
181 3653 51 52 ©
264 3658 119 41 Nov.
416 3658 67 47 12,
516 3659 140 46 1932;
691 3659 65 40 2c.
792 3661 94 39 and
920 3660 81 40 aff.
1036 3661 111 40 Dec.
1181 3660 52 47 9;
1273 3661 37 38 A
1343 3661 169 47 57395;
1550 3663 220 42 Fleming
1802 3664 60 38 H.
1899 3663 163 39 Revell
2099 3674 66 30 co.

259 3713 277 47 (32-34231)

177 3817 181 63 Watt,
389 3818 252 53 William
671 3819 235 63 Whyte.

251 3892 254 70 Shilling
531 3894 259 55 shockers
820 3897 63 52 of
909 3897 98 53 the
1034 3896 208 55 Gothic
1270 3899 190 52 school;
1521 3918 29 33 a
1582 3899 170 67 study
1781 3899 64 53 of
1873 3899 295 68 chapbook

180 3970 207 54 Gothic
429 3990 304 49 romances,
772 3974 72 67 by
887 3975 259 52 William
1187 3976 89 52 W.
1318 3977 178 52 Watt.
1576 3976 361 69 Cambridge,
1979 3978 189 51 Mass..

177 4047 273 54 Harvard
478 4049 316 69 university
824 4069 173 50 press,
1031 4055 150 49 1932.
