2563 4368
1301 4059 136 50 1624

450 528 133 48 xxix,
611 528 87 42 926
725 540 43 37 p.
825 528 128 41 illus.
983 528 133 47 (incl.
1144 529 161 47 maps)
1345 527 179 49 diagrs.
1583 526 146 42 23½ᶜᵐ.

450 584 413 50 Bibliographical
891 584 290 43 foot-notes:
1215 584 133 41 “List
1380 584 51 41 of
1461 585 203 40 authors
1694 584 183 41 cited”:
1911 596 43 37 p.
1984 584 218 43 891-904.

383 655 51 51 ©
465 659 127 47 Sept.
619 658 69 47 27,
716 656 140 42 1932;
887 657 65 41 2c.
983 657 94 40 and
1107 656 79 39 aff.
1218 655 102 40 Oct.
1349 654 82 48 22;
1463 656 40 38 A
1531 655 169 42 55644:
1732 655 241 41 Williams
2004 661 35 40 &
2066 656 208 41 Wilkins
2304 668 67 30 co.

460 714 279 48 (32-30891)

379 832 70 55 U.
479 832 58 54 S.
610 832 183 65 Laws,
822 836 256 61 statutes,
1106 836 100 46 etc.

447 907 211 56 United
718 907 187 55 States
956 908 170 67 Code,
1176 907 325 51 annotated.
1579 910 132 48 1932
1763 907 342 53 cumulative
2158 910 210 51 annual

378 985 1989 72 pocket parts for Titles 1-50 … St. Paul, West publishing
377 1064 1460 69 co.; Northport, Edward Thompson co. [ ᶜ1 932 ]
447 1140 55 40 56
567 1172 7 8 v.
633 1139 145 41 23½ᶜᵐ.

450 1196 294 41 Cover-title.

450 1252 156 41 These
632 1251 273 49 pamphlets
935 1261 83 30 are
1048 1254 51 37 to
1124 1252 55 38 be
1207 1251 137 39 fitted
1374 1250 102 41 into
1506 1251 80 40 the
1616 1252 196 47 pockets
1842 1254 52 38 at
1923 1253 84 39 the
2033 1253 147 39 backs
2211 1254 50 39 of
2292 1254 80 39 the

379 1310 213 39 volumes
621 1309 51 39 of
699 1309 80 39 the
807 1310 73 38 set
908 1311 49 37 to
985 1307 157 40 which
1172 1308 112 47 they
1311 1307 183 47 belong.

383 1375 52 52 ©
469 1380 101 40 Oct.
602 1378 68 45 10,
703 1377 140 48 1932;
877 1378 67 39 2c.
979 1378 116 39 each
1129 1379 95 38 and
1258 1377 80 40 aff.
1373 1377 118 41 Nov.
1525 1379 82 46 14;
1642 1378 41 38 A
1716 1377 168 48 55935;
1921 1379 134 40 West
2090 1380 107 47 pub.
2234 1391 67 30 co.
2334 1381 37 39 &

450 1437 209 38 Edward
686 1435 274 47 Thompson
985 1445 65 29 co.

378 1552 228 65 Urling,
636 1553 190 53 Lewis
854 1553 242 55 Harold.

448 1629 159 52 Your
631 1629 180 66 teeth;
839 1628 149 54 their
1014 1647 125 36 care
1165 1628 112 54 and
1302 1625 403 71 preservation,
1730 1628 74 68 by
1830 1626 183 54 Lewis
2039 1627 76 58 H.
2141 1627 230 69 Urling,

377 1705 1734 68 d. D. s. Philadelphia, Dorrance & company, inc. [ ᶜ1 932 ]
445 1777 56 41 67
531 1788 44 38 p.
635 1776 145 41 19½ᶜᵐ.

382 1847 51 52 ©
465 1852 118 47 Aug.
614 1852 68 46 15,
714 1850 140 46 1932;
888 1851 66 40 2c.
987 1851 101 39 Oct.
1121 1851 51 45 5;
1207 1850 79 40 aff.
1322 1850 100 40 Oct.
1455 1851 52 45 7;
1542 1851 41 38 A
1614 1850 169 47 56257;
1819 1851 247 40 Dorrance
2098 1851 35 39 &
2165 1861 82 37 co.,
2280 1851 90 40 inc.

459 1908 278 48 (32-30768)

377 2028 127 53 Van
537 2027 188 65 Clute,
756 2027 185 53 Dean.

444 2104 158 52 Pour
635 2102 146 55 wine
817 2102 95 54 for
946 2121 83 49 us,
1066 2120 31 34 a
1132 2103 167 53 novel
1334 2102 76 68 by
1444 2103 164 53 Dean
1643 2103 131 55 Van
1812 2102 183 68 Clute,
2032 2103 61 53 in
379 2103 1968 130 collaboration

611 2181 141 51 with
797 2181 236 53 Walton
1078 2181 129 53 Van
1256 2178 183 55 Clute.
1532 2180 137 52 New
1717 2180 180 67 York,
1944 2180 309 54 Frederick
2301 2181 70 51 A.

375 2257 200 56 Stokes
603 2274 296 52 company,
929 2259 152 52 1932.

441 2330 557 50 4 p. l., 311 p. 19½ᶜᵐ.
381 2399 52 51 ©
460 2402 101 40 Oct.
587 2403 68 47 27,
684 2400 138 48 1932;
851 2402 66 39 2c.
945 2403 94 37 and
1066 2401 81 40 aff.
1177 2401 100 40 Oct.
1305 2401 81 46 31;
1417 2402 41 37 A
1484 2400 168 47 56819;
1683 2401 57 40 D.
1767 2401 106 39 Van
1900 2400 154 48 Clute,
2082 2402 117 39 New
2225 2401 143 48 York,

448 2460 95 38 and
571 2459 194 40 Walton
794 2459 104 38 Van
931 2457 151 47 Clute,
1113 2457 335 48 Washington,
1480 2458 91 39 Mo.
1644 2456 279 49 (32-30642)

376 2575 231 67 Verrill,
637 2575 265 65 Alpheus
932 2576 212 63 Hyatt,
1178 2578 169 53 1871-

375 2650 1969 134 The Incas’ treasure house, by A. Hyatt Verrill … illustrated
602 2731 76 67 by
719 2731 229 51 Heman
988 2729 140 69 Fay,
1169 2728 72 70 jr.
1316 2731 234 67 Boston,
1591 2730 65 52 L.
1701 2728 63 56 C.
1805 2730 156 67 Page
2002 2731 47 52 &
2088 2745 279 54 company

453 2812 119 64 [ ᶜ1 932]
444 2879 982 51 4 p. l., 310 p. front., plates. 19½ᶜᵐ.
447 2938 161 41 “First
636 2937 229 49 printing,
897 2936 218 49 October,
1144 2935 157 42 1932.”

382 3004 51 52 ©
461 3008 102 40 Oct.
589 3008 68 48 10,
685 3007 112 40 1932;
853 3007 66 41 2c.
947 3008 95 39 and
1068 3007 81 41 aff.
1175 3008 117 38 Nov.
1321 3007 52 47 1;
1403 3007 81 41 aff.
1513 3007 102 40 Oct.
1642 3006 81 48 29;
1753 3008 42 38 A
1820 3008 170 47 55778;
2020 3008 50 40 L.
2100 3008 48 41 C.
2177 3008 130 48 Page
2333 3008 35 40 &

448 3075 81 37 co.,
560 3064 91 40 inc.
722 3063 279 49 (32-30785)

375 3165 194 63 Wells,
597 3167 306 63 Margaret
932 3164 326 56 Elizabeth.

445 3242 150 52 How
633 3244 95 51 the
764 3248 227 61 present
1024 3261 153 34 came
1213 3244 153 51 from
1404 3244 95 51 the
1534 3248 144 62 past.
1754 3244 162 53 Book
2003 3284 9 10 II.
2053 3244 118 52 The
2210 3250 152 47 roots

378 3320 1983 70 in oriental life. Revised ed. By Margaret E. Wells … New
378 3398 177 56 York,
584 3399 120 52 The
731 3398 333 53 Macmillan
1094 3417 295 50 company,
1423 3402 148 51 1932.

448 3471 1209 50 xvi p., 1 l., 348 p. front., illus., maps. 19ᶜᵐ.
382 3537 51 51 ©
459 3543 114 38 Nov.
599 3541 68 47 22,
694 3541 111 40 1932;
860 3543 65 39 2c.
952 3543 93 39 and
1072 3542 80 41 aff.
1177 3543 117 41 Nov.
1318 3543 55 39 23;
1427 3543 40 38 A
1492 3542 143 41 57204;
1692 3543 278 40 Macmillan
1997 3553 65 29 co.

382 3642 375 67 [Whittaker,
786 3644 201 54 James
993 3678 14 33 3
1043 3649 168 51 1891-

447 3719 1910 71 Dark lustre, by Geoffery [!] Barnes [pseud.] … [New York]
373 3794 70 53 A.
470 3796 76 53 H.
573 3795 179 68 King,
775 3796 128 67 inc.,
931 3799 151 51 1932.

443 3867 86 42 288
563 3879 44 38 p.
668 3869 144 41 19½ᶜᵐ.

384 3934 51 51 ©
465 3939 101 40 Oct.
593 3939 70 47 27,
690 3939 141 48 1932;
861 3940 66 40 2c.
956 3940 94 39 and
1078 3939 82 40 aff.
1190 3940 101 41 Oct.
1321 3941 54 38 28;
1434 3942 39 38 A
1501 3942 169 45 56774;
1702 3942 170 40 Alfred
1902 3943 60 38 H.
1992 3941 142 47 King,
2163 3940 89 41 inc.

461 3994 278 50 (32-30523)
