2563 4368
1388 4027 103 49 458

456 401 212 67 Ladas,
699 400 261 65 Stephen
988 399 275 66 Pericles,
1295 404 170 52 1898-

519 477 122 53 The
674 477 288 68 exchange
997 477 64 54 of
1094 476 346 68 minorities;
1477 478 299 68 Bulgaria,
1810 477 208 55 Greece
2053 477 112 54 and
2201 477 248 67 Turkey,

454 554 72 69 by
563 553 255 69 Stephen
852 556 67 52 P.
955 555 207 54 Ladas.
1231 555 139 54 New
1408 555 180 68 York,
1625 555 120 54 The
1780 554 336 54 Macmillan
2152 573 296 50 company,

452 636 150 50 1932.

522 703 1616 50 xi p., 2 l., 849 p. illus. (maps) diagrs. (part fold.) 24ᶜᵐ.
523 760 280 42 Half-title:
835 761 195 41 Bureau
1060 762 53 40 of
1139 761 354 41 international
1523 761 239 48 research,
1792 761 231 40 Harvard
2052 761 272 48 university
2353 763 97 39 and

453 818 240 41 Radcliffe
723 818 192 50 college.

523 874 376 50 Bibliography:
935 886 44 38 p.
1012 873 218 42 831-832.

459 927 52 53 ©
539 935 121 38 Mar.
685 932 69 49 22,
780 931 140 47 1932;
949 932 66 40 2c.
1044 933 94 39 and
1165 931 82 41 aff.
1275 932 121 40 Mar.
1423 931 54 40 23;
1535 932 41 38 A
1602 930 141 41 50303;
1802 932 194 39 Bureau
2025 932 51 40 of
2102 930 350 42 international

529 989 238 48 research,
798 990 227 39 Harvard
1056 988 270 48 university
1357 989 93 39 and
1482 987 239 41 Radcliffe
1750 987 192 50 college,
1974 987 300 49 Cambridge,
2306 989 145 40 Mass.

536 1046 251 48 (32-8566)

453 1151 265 64 Lamers,
748 1150 255 55 William
1035 1150 78 54 M.

522 1226 124 54 Ned
681 1225 274 69 Haskins,
989 1225 74 68 by
1098 1226 259 54 William
1391 1226 78 52 M.
1508 1225 247 53 Lamers.
1833 1225 135 52 New
2008 1225 178 66 York,
451 1224 1975 133 Cincinnati

624 1309 119 61 [etc.]
778 1304 280 67 Benziger
1085 1303 277 66 brothers,
1391 1305 151 50 1932.

520 1375 900 51 4 p. l., 171 p. front., illus. 19ᶜᵐ.
459 1430 52 53 ©
541 1435 109 40 Feb.
679 1434 39 48 2,
748 1433 114 42 1932;
921 1434 53 39 2c
1018 1435 107 38 Mar
1168 1432 83 48 30;
1284 1432 80 41 aff.
1397 1432 108 40 Feb.
1539 1432 51 47 8;
1623 1433 39 38 A
1692 1431 170 47 49353;
1899 1432 231 47 Benziger
2160 1432 122 39 bros.

535 1491 251 50 (32-8696)

453 1595 205 66 Landi,
691 1595 214 56 Elissa.

519 1670 1928 69 House for sale, a novel by Elissa Landi … Garden City,
447 1749 71 54 N.
555 1750 90 67 Y.,
680 1748 358 69 Doubleday,
1073 1749 198 53 Doran
1306 1751 46 51 &
1386 1766 298 50 company,
1720 1748 127 65 inc.,
1885 1751 151 50 1932.

517 1821 562 51 4 p. l., 310 p. 19½ᶜᵐ.
521 1880 163 40 “First
712 1879 228 42 edition.”

457 1933 54 53 ©
537 1939 122 39 Mar.
685 1937 69 47 24,
784 1935 139 48 1932;
952 1935 67 40 2c.
1046 1936 94 39 and
1169 1934 81 41 aff.
1278 1936 113 47 Apr.
1417 1933 82 49 20;
1530 1936 39 38 A
1596 1934 170 48 50985;
1797 1937 50 39 E.
1878 1936 168 49 Landi,
2075 1936 212 42 London.

534 1993 280 50 (32-26359)

453 2096 333 65 McGiffert,
814 2096 234 53 Arthur
1078 2096 320 65 Cushman,
1428 2100 171 50 1861-

519 2173 57 53 A
613 2173 222 68 history
875 2171 65 54 of
978 2171 297 55 Christian
1313 2172 264 67 thought,
1616 2171 74 69 by
1731 2172 225 52 Arthur
1998 2170 290 55 Cushman
2328 2173 117 52 McGiffert

453 2249 1991 70 . v. l. Early and eastern, from Jesus to John of
452 2332 328 51 Damascus.
856 2330 138 53 New
1024 2329 180 68 York,
1230 2329 258 68 London,
1518 2329 62 56 C.
1611 2328 314 58 Scribner’s
1949 2348 148 50 sons,
2127 2333 150 54 1932.

555 2404 607 48 x p., 2 l., 352 p. 21½ᶜᵐ.
519 2458 373 49 Bibliography:
925 2469 40 29 v.
994 2459 39 45 1,
1062 2468 43 37 p.
1132 2456 217 42 333-344.

457 2514 51 53 ©
537 2520 120 38 Mar.
686 2517 68 48 11,
783 2515 140 47 1932;
952 2516 64 40 2c.
1048 2517 119 39 Mar.
1197 2516 82 47 17;
1309 2515 81 40 aff.
1422 2516 118 39 Mar.
1570 2515 81 47 23;
1683 2516 38 38 A
1751 2515 169 47 50284;
1952 2516 200 41 Charles
2183 2517 263 42 Scribner’s

523 2586 124 29 sons.
719 2573 251 49 (32-8444)

452 2675 282 63 Maclean,
763 2677 154 53 John
947 2676 304 65 Kennedy,
1286 2676 169 55 1874-

518 2752 218 53 Heroes
779 2751 66 54 of
888 2753 96 52 the
1031 2751 248 55 farthest
1325 2752 189 54 North
1560 2753 113 53 and
1721 2751 247 54 farthest
2017 2751 200 69 South,
2263 2751 75 70 by
2386 2752 56 55 J.

449 2830 281 69 Kennedy
767 2830 261 53 Maclean
1069 2830 112 53 and
1223 2828 235 56 Chelsea
1499 2830 235 67 Fraser;
1779 2829 140 53 with
1959 2832 67 50 32
2064 2829 378 54 illustrations

448 2905 1971 149 and 34 maps. Rev. ed. New York, Thomas Y. Crowell company [ ᶜ1 932]
572 3056 1644 50 1 p. l., v-xiv, 472 p. front., illus. (maps) plates, ports. 21ᶜᵐ.
520 3114 215 41 “Fourth
764 3113 244 49 printing;
1041 3115 174 39 second
1244 3113 221 48 printing
1493 3113 53 40 of
1576 3113 189 41 revised
1797 3113 227 41 edition.”

455 3167 51 52 ©
536 3173 119 39 Mar.
683 3172 69 47 25,
782 3172 139 47 1932;
952 3171 67 43 2c.
1048 3173 94 38 and
1172 3171 80 41 aff.
1284 3173 121 39 Mar.
1434 3171 82 48 28;
1548 3173 38 38 A
1617 3171 169 48 50400;
1818 3172 209 39 Thomas
2058 3173 53 39 Y.
2142 3171 202 41 Crowell
2375 3181 67 31 co.

532 3228 250 49 (32-8571)

452 3317 241 66 Martin,
721 3319 201 63 Harry
949 3316 344 67 Brownlow,
1325 3320 170 54 1873-

518 3393 178 56 Great
729 3393 217 70 golfers
982 3395 59 51 in
1077 3395 97 52 the
1208 3394 251 69 making,
1497 3394 74 69 by
1607 3395 77 53 H.
1722 3396 67 51 B.
1826 3394 249 67 Martin;
2116 3393 321 54 illustrated

447 3471 75 69 by
549 3473 94 51 the
673 3473 221 51 author.
959 3472 138 52 New
1127 3471 179 69 York,
1334 3471 191 68 Dodd,
1554 3472 170 53 Mead
1754 3474 46 50 &
1829 3488 296 52 company,
2158 3473 150 51 1932.

518 3544 63 49 ix,
614 3543 85 42 268
729 3554 44 38 p.
833 3544 127 41 illus.
1020 3543 146 42 20½ᶜᵐ.

456 3597 51 52 ©
545 3603 121 39 Mar.
702 3602 69 47 18,
808 3600 140 49 1932;
986 3602 67 40 2c.
1090 3603 121 39 Mar.
1248 3602 81 47 23;
1369 3601 82 42 aff.
1488 3603 121 40 Mar.
1647 3602 82 47 25;
1766 3602 43 40 A
1842 3602 169 48 50372;
2052 3603 62 41 H,
2149 3603 53 39 B.
2242 3600 195 48 Martin,

522 3658 116 40 New
667 3659 142 39 York.
881 3658 249 48 (32-8570)

451 3744 212 54 Michie
694 3763 304 48 company,
1032 3747 461 54 Charlottesville
1498 3790 12 24 ,
1544 3749 101 52 Va.

521 3821 211 53 Michie
765 3841 72 34 on
871 3824 178 52 banks
1087 3825 110 51 and
1230 3824 272 69 banking,
1536 3826 74 66 by
1644 3826 95 51 the
1774 3825 267 52 editorial
2073 3821 137 57 staff
2242 3824 64 53 of
2338 3823 95 54 the

452 3899 210 53 Michie
690 3919 307 51 company;
1027 3903 182 52 under
1236 3904 96 50 the
1357 3903 356 68 supervision
1741 3903 63 54 of
1831 3905 72 52 A.
1929 3905 250 52 Hewson
2205 3902 229 68 Michie,
