2563 4368
1300 4100 134 56 1700

365 491 228 63 Carter,
621 489 232 54 Russell
883 488 252 57 Gordon.

432 561 1862 73 A patriot lad of old Maine, by Russell Gordon Carter …
364 644 321 54 illustrated
712 644 75 68 by
813 642 237 55 Charles
1074 644 282 66 Hargens.
1432 640 425 68 Philadelphia,
1883 641 123 53 The
2028 642 161 51 Penn

363 639 1970 151 publishing company [ ᶜ1 932]
434 792 789 50 224 p. front., plates. 19½ ᶜᵐ .
368 848 52 53 ©
450 852 103 42 Oct.
580 852 68 48 21,
678 850 141 48 1932;
849 851 68 41 2c.
947 862 60 29 and
1072 850 81 40 aff.
1182 850 118 40 Nov.
1330 849 81 48 16;
1444 849 41 39 A
1514 849 169 47 57108;
1716 850 133 38 Penn
1877 849 109 47 pub.
2017 858 67 31 co.

445 908 279 49 (32-32417)

368 997 297 56 Chemical
693 997 217 55 rubber
941 1012 306 50 company,
1280 996 325 55 Cleveland.

434 1074 329 53 Handbook
789 1075 63 52 of
880 1075 307 68 chemistry
1214 1075 112 52 and
1354 1074 229 68 physics;
1642 1093 29 33 a
1701 1072 489 69 ready-reference
2213 1072 148 54 book

367 1153 64 52 of
477 1155 271 52 chemical
795 1154 113 52 and
955 1152 259 68 physical
1261 1154 150 51 data.
1489 1153 131 54 17th
1667 1153 83 52 ed.
1826 1150 208 55 Editor
2083 1150 58 55 in
2190 1150 171 67 chief,

370 1229 1824 70 Charles D. Hodgman … Cleveland, O., Chemical rubber
367 1229 1969 149 publishing co. [ ᶜ1 932 ]
439 1378 1442 54 xiii, 1722, [16] p. incl. tables, diagrs. 17 ᶜᵐ . $6.00
440 1440 160 40 Blank
627 1450 147 38 pages
799 1439 79 40 for
906 1437 372 43 “Memoranda”
1314 1437 83 50 (16
1423 1441 53 38 at
1501 1437 118 49 end)

372 1494 52 53 ©
461 1499 102 40 Oct.
600 1499 69 46 10,
705 1497 115 41 1932;
884 1497 68 41 2c.
991 1497 102 41 Oct.
1128 1496 56 40 29;
1251 1496 81 40 aff.
1370 1497 118 39 Nov.
1524 1496 28 39 9;
1617 1497 43 39 A
1694 1495 144 41 56938;
1906 1495 244 41 Chemical
2187 1495 176 40 rubber

438 1556 109 47 pub.
574 1565 67 30 co.
712 1554 279 49 (32-32423)

372 1643 120 52 The
529 1643 149 55 Civil
712 1643 129 68 law,
875 1642 299 69 including
1208 1644 96 52 the
1338 1642 228 54 Twelve
1599 1642 196 68 tables,
1830 1642 96 53 the
1960 1640 301 56 Institutes
2298 1639 64 54 of

442 1720 197 69 Gaius,
681 1721 96 54 the
818 1722 175 53 Rules
1037 1721 63 53 of
1143 1721 238 68 Ulpian,
1421 1721 96 53 the
1560 1720 284 68 Opinions
1886 1720 63 53 of
1991 1721 234 64 Paulus,
2265 1719 98 53 the

441 1804 346 47 enactments
809 1799 63 53 of
894 1799 313 65 Justinian,
1231 1799 113 53 and
1366 1798 97 53 the
1486 1798 419 56 Constitutions
1930 1798 63 53 of
2014 1798 114 53 Leo
2147 1815 10 33 :
442 1802 1897 126 translated

622 1876 154 53 from
799 1876 98 53 the
921 1876 248 67 original
1192 1876 192 67 Latin,
1411 1876 207 65 edited,
1647 1876 112 52 and
1787 1875 301 67 compared
2115 1874 140 54 with
2285 1876 77 52 all

446 1952 293 54 accessible
788 1958 236 62 systems
1072 1953 62 53 of
1180 1952 450 67 jurisprudence,
1679 1952 224 53 ancient
1951 1952 113 52 and
2111 1952 252 53 modern.

443 2028 1921 69 By S. P. Scott … Cincinnati, The Central trust company
447 2111 192 64 [ ᶜ1 932 ]
447 2179 471 42 17 V. in 7. 26 ½ ᶜᵐ .
448 2235 1920 50 This translation has been made from : Leges XII tabvlarvm restitvtæ
378 2301 29 30 a
443 2290 38 42 I.
518 2291 55 41 N.
611 2292 220 48 Fvnccio,
915 2292 173 44 Rintelii,
1125 2292 127 41 1744.
1319 2293 112 40 Gaii
1467 2293 374 40 Institutionum
1877 2292 120 40 ivris
2036 2292 171 49 civilis,
377 2304 1971 85 commentarii

644 2350 244 47 quattvor,
927 2349 187 48 Lipsiæ,
1153 2348 128 41 1886.
1349 2349 115 39 Ivlii
1501 2349 154 48 Pavli,
1698 2348 362 42 Sententiarum
2097 2350 62 39 ad
2198 2349 169 47 filium,

378 2405 112 40 libri
522 2405 223 49 quinque,
780 2405 186 49 Lipsiæ,
1000 2405 128 41 1886.
1190 2406 205 40 Domitii
1425 2406 210 49 Vlpiani,
1672 2406 307 49 Fragmenta,
2015 2406 186 49 Lipsiæ,
2238 2406 128 41 1886.

381 2462 175 41 Fontes
580 2462 124 41 iuris
730 2462 188 41 romani
944 2462 393 46 antejustiniani,
1366 2462 271 48 Florentiæ,
1664 2462 127 41 1908.
1845 2461 186 50 Corpus
2054 2463 128 48 juris
2207 2463 160 41 civilis

378 2529 107 30 cum
511 2519 128 40 notis
667 2519 223 47 Dionysii
920 2518 302 48 Gothofredi,
1250 2519 363 48 Amstelodami,
1642 2519 127 41 1663.
1828 2518 186 50 Corpus
2038 2518 127 48 juris
2193 2519 173 48 civilis,

379 2576 257 41 ediderunt
659 2577 43 40 d.
728 2577 229 40 Albertus
982 2579 48 38 et
1053 2577 45 39 d.
1123 2575 279 48 Mauritius,
1429 2575 184 42 fratres
1639 2576 248 48 Kriegelii,
1914 2577 44 39 d.
1986 2576 234 41 Aemilius
378 2577 1971 104 Hermann,

574 2634 44 39 d.
653 2633 259 41 Eduardus
946 2631 356 50 Osenbruggen,
1340 2632 186 49 Lipsiæ,
1562 2631 127 42 1872.
1755 2633 255 40 Pandectæ
2046 2632 321 42 Justinianeæ

379 2689 51 41 in
452 2700 177 30 novum
654 2689 217 41 ordinem
895 2689 211 48 digestæ,
1130 2688 157 48 Paris,
1312 2688 128 41 1823.
1494 2689 61 47 cf.
1580 2700 42 30 v.
1650 2690 39 47 1,
1716 2701 45 37 p.
1785 2689 69 40 50.

451 2746 128 42 “The
612 2758 106 29 new
751 2745 344 42 constitutions
1130 2745 52 41 of
1213 2746 82 41 the
1332 2746 233 48 Emperor
1600 2745 121 42 Leo”
1769 2746 65 48 (v.
1871 2746 69 47 17,
1972 2757 45 38 p.
2052 2745 227 49 204-297)
2324 2747 41 39 is

380 2804 272 40 translated
681 2804 103 40 into
810 2802 202 49 English
1036 2802 128 41 from
1191 2803 81 40 the
1301 2802 146 40 Latin
1471 2802 297 40 translation
1795 2802 52 42 of
1873 2802 243 42 Henricus
2143 2803 225 49 Agylæus

390 2860 131 48 (first
548 2859 254 50 published
831 2860 155 41 under
1013 2859 108 41 title
1152 2858 120 49 Imp.
1301 2859 172 41 Leonis
1503 2859 209 49 Augusti
1742 2858 383 43 Constitutiones
2153 2859 212 41 novelise.

380 2918 152 48 Paris,
566 2917 59 41 H.
659 2917 288 48 Stephanus,
980 2916 137 46 1560)

452 2972 295 49 “Compared
776 2972 120 41 with
923 2973 82 40 the
1033 2971 251 49 following
1311 2972 320 41 authorities”
1650 2983 9 29 :
1692 2984 42 29 v.
1765 2973 39 47 1,
1832 2985 43 37 p.
1905 2973 157 41 50-54.

377 3028 52 51 ©
455 3032 123 40 June
604 3031 69 48 25,
699 3030 112 40 1932;
865 3029 67 40 2c.
959 3028 117 41 each
1104 3028 127 48 Sept.
1257 3029 55 39 13;
1367 3028 81 40 aff.
1478 3028 128 49 Sept.
1633 3029 56 39 14;
1743 3030 43 38 A
1810 3029 143 41 54825;
2011 3030 198 41 Central
2236 3032 129 38 trust

445 3098 82 35 co.,
559 3090 228 39 executor
821 3086 50 40 of
903 3085 81 40 the
1016 3087 159 38 estate
1205 3084 53 41 of
1292 3085 194 40 Samuel
1519 3085 49 38 P.
1606 3085 147 47 Scott,
1789 3085 290 41 Cincinnati.

454 3142 278 50 (32-32532)

377 3222 187 67 Gute,
591 3221 243 57 Willard
860 3220 239 67 Nelson,
1128 3227 172 50 1869-

445 3297 1860 71 The useful plants of the world, by Willard N. Gute …
376 3381 74 52 2d
486 3380 85 52 ed.
645 3378 416 67 Indianapolis,
1098 3376 148 55 Ind.,
1281 3377 90 54 W.
1409 3378 69 52 N.
1519 3376 168 56 Gute
1722 3378 46 51 &
1803 3393 98 50 co.,
1939 3379 151 49 1932.

445 3450 521 50 5 p. l., 220 p. 22 ᶜᵐ .
380 3502 52 53 ©
465 3508 101 40 Oct.
597 3508 68 42 10,
698 3507 112 41 1932;
870 3508 67 38 2c.
970 3506 102 40 Oct.
1103 3506 55 39 15;
1218 3506 82 40 aff.
1332 3506 101 39 Oct.
1466 3507 56 38 14;
1582 3507 43 38 A
1654 3504 145 43 56879;
1856 3505 72 40 W.
1962 3505 63 40 M.
2058 3504 139 40 Clute
2228 3505 36 40 &
2295 3515 67 30 co.

455 3564 277 47 (32-32518)

378 3636 302 55 Columbia
738 3635 350 64 university.
1161 3636 156 68 Dept.
1389 3637 65 68 of
1505 3636 249 69 English
1808 3637 115 52 and
1978 3634 382 69 comparative

447 3715 310 53 literature.

446 3792 57 52 A
542 3792 163 52 home
748 3791 171 66 study
960 3809 192 34 course
1191 3791 60 52 in
1294 3791 97 53 the
1434 3791 373 69 composition
1850 3790 64 54 of
1954 3789 147 70 lyric
2142 3793 219 65 poetry,

377 3869 281 67 prepared
682 3870 181 52 under
887 3869 98 53 the
1010 3868 355 69 supervision
1392 3869 64 53 of
1480 3870 98 52 the
1602 3871 380 66 Department
2009 3868 63 52 of
2099 3867 261 69 English,

379 3944 298 54 Columbia
710 3945 332 70 university.
1118 3947 138 52 New
1290 3947 180 53 York.
1505 3946 299 55 Columbia
1836 3946 318 66 university
2187 3963 174 51 press,

380 4026 149 51 1932.
