2563 4368
1042 4083 133 52 1641

169 532 101 48 viii,
297 532 88 40 225
411 542 43 38 p.
513 532 128 40 illus.
700 530 58 40 20½ᶜᵐ.

105 583 1972 103 © 1c. Oct. 27. 1932; A ad int. 16967; pubd. Sept. 1; L. Housmau, Somerset.
286 645 234 46 England.
590 642 279 48 (32-31731)

99 720 157 62 Joos,
288 718 210 65 Georg,
531 723 171 48 1894-

170 793 299 53 Lehrbuch
507 793 99 52 der
643 793 414 52 thoeretischen
1107 792 33 66 [!]
1184 791 228 69 physik,
1449 807 112 36 von
1601 791 85 52 dr.
1726 789 190 70 Georg
1955 789 138 54 Joos

252 872 111 51 Mit
418 873 98 50 157
568 870 236 62 figuren.
892 869 257 63 Leipzig,
1201 868 414 53 Akademische
100 868 1969 134 verlagsgesellschaft
315 967 71 33 m.
416 949 50 52 b.
493 949 73 66 h.,
595 950 149 50 1932.

175 1022 25 38 2
227 1031 42 37 p.
316 1054 22 15 l.,
369 1021 195 50 [iii]-xv,
594 1022 71 48 [1],
691 1019 86 41 644
802 1030 43 37 p.
905 1020 180 46 diagrs.
1143 1018 57 41 23½ᶜᵐ.

175 1078 279 40 "Literatur
481 1088 58 28 zu
566 1077 416 46 weitergehenden
1013 1075 221 40 Studien”;
1292 1085 44 38 p.
1366 1074 215 42 637-638.

106 1132 1974 105 © July 1 2. 1932; 1c. Oct. 4; A—Foreign 18218; Akademische verlagsgesellschaft m. b. h. (32-31434)
103 1264 1993 69 Kansas. State agricultural college, Manhattan. Dept. of
171 1344 143 67 food
342 1344 309 53 economics
679 1345 114 53 and
820 1344 300 52 nutrition.

175 1420 283 54 Practical
488 1420 237 68 cookery
758 1420 112 53 and
902 1423 94 51 the
1027 1418 266 69 etiquette
1326 1421 112 52 and
1472 1420 208 53 service
1711 1419 64 52 of
1805 1418 96 55 the
1931 1419 168 68 table,

107 1518 29 33 a
174 1497 365 68 compilation
577 1497 63 52 of
675 1496 308 69 principles
1018 1497 63 52 of
1116 1497 236 68 cookery
1393 1497 112 53 and
1542 1496 213 68 recipes
1791 1496 141 54 with

105 1514 1969 128 suggestions
393 1575 91 51 for
527 1574 264 67 etiquette
837 1574 92 54 for
973 1574 226 53 various
1241 1574 296 53 occasions.
1618 1574 375 68 Department
2037 1572 62 54 of

111 1652 131 52 food
289 1650 308 55 economics
644 1651 110 52 and
802 1651 297 66 nutrition,
1147 1649 263 55 Division
1456 1650 63 53 of
1564 1652 162 53 home
1775 1650 325 68 economics,

107 1729 222 54 Kansas
362 1733 141 50 state
538 1728 206 67 college
780 1727 63 52 of
877 1727 347 69 agriculture
1260 1727 111 54 and
1403 1727 233 68 applied
1669 1728 225 53 science.
1968 1727 130 55 13th

106 1805 83 55 ed.
222 1806 168 67 (rev.)
471 1805 360 66 Manhattan,
868 1804 375 68 Department
1280 1805 61 51 of
1378 1804 279 69 printing,
1693 1805 225 53 Kansas
1957 1811 141 47 state

106 1882 207 68 college
347 1883 63 51 of
443 1881 342 69 agriculture
821 1882 111 52 and
967 1881 231 68 applied
1232 1880 227 69 science,
1493 1885 149 49 1932.

174 1952 1077 50 444 p. incl. front., illus. plates. 20 ᶜᵐ .
175 2011 159 39 Blank
368 2020 147 38 pages
546 2010 78 40 for
660 2009 310 40 “Additional
1004 2009 211 48 recipes”
1262 2010 286 50 (344-[352])

111 2066 51 52 ©
196 2071 125 47 Sept.
351 2070 67 40 16.
448 2069 113 40 1932;
618 2069 66 40 2c.
714 2069 100 40 Oct.
844 2070 25 39 3;
930 2069 78 39 aff.
1042 2069 101 40 Oct.
1173 2069 57 40 20;
1286 2071 41 37 A
1357 2069 143 40 56805;
1560 2070 319 48 Department
1910 2070 51 39 of
1989 2068 112 42 food

178 2126 267 41 economics
491 2128 93 37 and
629 2126 254 41 nutrition,
930 2127 196 39 Kansas
1172 2130 129 37 state
1345 2128 176 47 college
1568 2126 53 40 of
1665 2126 298 49 agriculture
2008 2125 95 41 and

178 2183 191 46 applied
399 2183 198 39 science.
627 2183 307 45 Manhattan,
964 2183 123 38 Kan.
1158 2182 280 46 (32-31134)

107 2255 303 65 Kennedy,
441 2257 323 63 Margaret,
797 2261 170 50 1896-

176 2334 53 51 A
274 2335 136 65 long
453 2334 135 52 time
633 2351 106 49 ago
806 2334 93 66 [by]
949 2334 295 67 Margaret
1288 2335 298 67 Kennedy.
1669 2333 232 56 Garden
1947 2334 153 67 City,

106 2408 71 53 N.
203 2410 89 54 Y.,
317 2410 355 65 Doubleday,
699 2410 197 52 Doran
924 2414 44 49 &
996 2429 295 49 company,
1315 2413 128 64 inc.,
1473 2414 151 50 1932.

180 2483 28 39 6
233 2494 43 37 p.
340 2514 9 16 l.,
377 2481 145 42 3-306
550 2494 44 37 p.
652 2483 57 40 20ᶜᵐ.

181 2539 161 41 “First
370 2539 226 41 edition.”

118 2592 48 52 ©
197 2596 101 40 Oct.
328 2595 67 48 19,
425 2596 111 39 1932;
594 2596 68 40 2c.
692 2598 95 38 and
815 2597 81 38 aff.
972 2607 71 29 Nov.
1072 2597 26 38 2;
1157 2598 42 37 A
1228 2598 143 39 55814;
1430 2598 296 47 Doubleday.
1759 2599 166 39 Doran
1954 2600 38 39 &
2022 2610 82 35 co.,

181 2653 90 39 inc.
342 2652 278 48 (32-31039)

112 2727 321 64 Kleinholz,
464 2727 244 65 George.

181 2804 120 51 The
336 2803 177 52 battle
552 2803 64 52 of
649 2803 401 69 Washington,
1088 2824 29 33 a
1157 2806 258 53 national
1452 2807 276 69 disgrace,
1766 2808 75 69 by
1882 2808 220 70 George

111 2880 1854 73 Kleinholz … New York city, The B. E. F. press, ᶜ19 32.
181 2953 837 48 2 p. l., 84 p. plates, ports. 20½ᶜᵐ.
186 3010 221 40 Includes
436 3021 28 28 a
494 3011 188 47 history
710 3011 52 39 of
789 3012 83 39 the
902 3011 193 40 “Bonus
1124 3012 371 47 expeditionary
1525 3013 176 48 force”,
1731 3017 227 44 extracts,
1976 3014 125 41 from

114 3065 80 40 the
215 3075 134 37 press
371 3067 95 39 and
490 3077 26 29 a
542 3067 311 47 compilation
877 3067 53 40 of
953 3068 156 40 “facts
1134 3069 288 48 concerning
1443 3069 91 42 Mr.
1558 3069 236 42 Hoover”,
1849 3071 61 47 cf.
1935 3081 42 37 p.
2003 3070 99 41 4-5.

117 3119 51 51 ©
196 3123 100 41 Oct.
323 3124 39 40 6.
388 3123 113 40 1932;
557 3126 66 38 2c.
651 3127 93 37 and
773 3126 70 38 aff
883 3125 101 40 Oct.
1011 3128 53 36 11;
1121 3128 41 37 A
1188 3128 142 38 55541;
1388 3128 53 40 B.
1471 3129 52 38 E.
1553 3129 49 38 F.
1632 3139 148 38 press.

194 3180 277 47 (32-31188)

113 3255 326 66 Langham,
467 3257 204 53 James
699 3258 181 54 Mars.

182 3333 312 67 Planetary
535 3333 190 54 effects
767 3354 71 33 on
878 3335 159 52 stock
1076 3337 218 52 market
1340 3337 199 69 prices,
1580 3337 141 54 with
1763 3337 343 54 indications

116 3408 91 53 for
243 3413 480 49 1933-1934-1935;
790 3430 71 34 an
894 3412 296 67 impartial
1222 3415 196 53 record
1450 3415 65 53 of
1546 3416 94 52 the
1674 3415 189 56 effects
1897 3413 64 54 of
113 3435 1969 104 certain

275 3486 261 68 planetary
615 3488 276 66 positions
932 3491 113 51 and
1086 3499 216 59 aspects
1342 3511 73 34 on
1453 3493 158 53 stock
1647 3493 222 53 market
1907 3493 199 69 prices,

115 3564 138 52 with
288 3565 148 52 rules
471 3565 92 51 for
599 3565 191 54 future
826 3566 351 66 application
1212 3589 60 33 as
1305 3587 73 35 an
1409 3570 96 53 aid
1537 3571 61 52 in
1630 3570 369 68 speculation,
2031 3570 75 68 by

114 3641 193 53 James
339 3642 158 52 Mars
528 3643 315 66 Langham.
913 3687 9 9 B.
989 3686 9 9 S.
1066 3645 47 51 Los
1208 3646 264 67 Angeles.
1506 3647 139 65 Cal.,
1676 3648 120 53 The
1827 3649 280 66 Maghnal

118 3717 663 69 publishing co. [ ᶜ19 32 ]
186 3790 1002 50 2 p. l., 7-179 p. diagrs. (1 fold.) 21ᶜᵐ.
189 3846 1918 56 “Sequel and enlargement of … [the author's] ‘Business cycles versus
118 3902 254 48 planetary
403 3908 307 43 movements,
742 3905 114 40 1860
887 3910 47 35 to
963 3905 127 41 1935
1121 3907 163 41 issued
1315 3919 60 30 on
1404 3910 170 39 March
1602 3909 41 48 4,
1673 3909 351 42 1932.”—Pref.

123 3954 52 52 ©
213 3959 100 41 Oct.
350 3960 68 40 19.
455 3960 139 46 1932;
633 3964 66 37 2c.
736 3964 94 38 and
867 3962 80 40 aff.
986 3965 102 39 Oct.
1124 3965 82 46 24;
1246 3966 40 38 A
1324 3966 142 40 56704;
1533 3968 42 39 J.
1614 3969 63 38 M.
1715 3968 262 47 Langham,
2016 3970 91 39 Los

189 4016 217 47 Angeles.
477 4017 278 49 (32-31144)
