2563 4368
1449 4010 101 51 488

551 474 442 50 xii, 671 p. 26 ᶜᵐ .
554 529 745 52 “Perpetual-revision-binder”
1337 540 60 29 on
1434 528 157 42 inside
1627 531 52 39 of
1714 530 122 40 back
1873 538 155 33 cover.

492 602 51 52 ©
574 607 120 39 Mar.
723 606 70 47 11,
820 604 141 47 1932;
991 604 66 40 2c.
1086 604 113 47 Apr.
1224 602 55 47 2;
1309 602 83 43 aff.
1419 602 114 48 Apr.
1562 604 54 45 4;
1647 601 39 39 A
1713 601 172 47 49425;
1915 598 368 44 Bobbs-Merrill
2313 610 68 31 co.

568 662 252 50 (32-9314)

488 764 246 65 Lyman,
761 763 166 54 Rollo
952 764 85 53 La
1121 779 158 47 Verne,
1311 763 171 55 1879-

619 839 1867 70 … The enrichment of the English curriculum, by R. L.
487 916 1903 72 Lyman … Chicago, Ill., The University of Chicago [1932]
559 989 1928 52 viii, 251 p. illus. (plan) diagr. 24 ᶜᵐ . (Supplementary educational
490 1050 337 48 monographs,
863 1049 109 49 pub.
1007 1048 50 41 in
1093 1047 312 49 conjunction
1440 1047 120 42 with
1596 1049 81 39 the
1717 1048 171 41 School
1927 1046 176 41 review
2139 1046 96 40 and

2270 1047 82 39 the
489 1047 1984 108 Elementary
742 1108 162 39 school
933 1106 213 49 journal,
1206 1117 74 30 no.
1312 1106 82 48 39)

560 1163 350 50 Bibliography:
967 1175 43 37 p.
1038 1163 206 41 231-240

495 1231 52 52 ©
576 1236 110 41 Jan.
714 1234 71 50 28,
812 1234 142 48 1932;
984 1234 67 43 2c.
1081 1236 121 40 Mar.
1232 1234 81 49 18;
1344 1233 82 41 aff.
1457 1235 122 40 Mar.
1609 1234 81 47 17;
1723 1234 38 39 A
1792 1232 170 48 50176;
1994 1231 282 49 University
2307 1232 52 40 of

563 1229 1913 112 Chicago.
765 1292 251 48 (32-9477)

491 1395 292 66 McBride,
815 1398 174 63 Mary
1018 1397 327 63 Margaret.

562 1472 123 54 The
723 1472 107 54 life
869 1480 157 62 story
1066 1472 64 55 of
1170 1473 178 56 Clark
1385 1472 209 69 Gable;
1634 1474 97 53 the
1766 1472 174 69 child,
1976 1472 97 53 the
2107 1477 251 62 trouper,
2398 1472 94 52 the

491 1569 190 35 screen
726 1550 303 69 sensation,
1070 1552 74 69 by
1188 1553 171 66 Mary
1401 1553 296 66 Margaret
1740 1550 292 54 McBride.
2113 1550 156 67 [New
2314 1549 179 68 York,

494 1629 135 55 Star
655 1628 220 71 library
902 1629 401 69 publications,
1330 1630 125 67 inc.,
1540 1633 119 64 ᶜ1932]

570 1701 1102 52 [61] p. front., illus. (incl. ports.) 20 ᶜᵐ .
500 1770 51 53 ©
586 1776 120 39 Mar.
739 1774 70 47 30,
843 1772 113 42 1932;
1019 1774 65 40 2c.
1120 1775 93 39 and
1249 1773 81 41 aff.
1366 1774 121 40 Mar.
1521 1773 54 40 13;
1638 1774 39 38 A
1710 1772 145 41 49349;
1920 1773 115 41 Star
2069 1772 184 48 library

568 1770 1909 109 publications,
738 1832 89 39 inc.
899 1830 252 50 (32-9476)

560 1934 122 53 The
710 1933 107 54 life
843 1939 160 63 story
1031 1934 64 53 of
1122 1933 179 56 Greta
1330 1933 212 69 Garbo,
1568 1933 76 68 by
1672 1933 171 68 Mary
1873 1932 297 69 Margaret
2199 1932 293 54 McBride.

495 2010 1592 70 [New York, Star library publications, me., ᶜ193 2]
569 2082 1099 53 [61] p. front., illus. (incl. ports.) 20 ᶜᵐ .
501 2151 52 53 ©
583 2157 122 40 Mar.
733 2156 69 46 30,
832 2154 140 48 1932;
1001 2156 68 40 2c.
1099 2157 93 38 and
1222 2154 82 44 aff.
1334 2156 123 40 Mar.
1484 2155 83 47 31;
1599 2156 39 38 A
1667 2154 172 48 49350;
1874 2155 114 41 Star
2017 2155 111 48 liby.
2160 2152 337 51 publications,

570 2213 89 39 inc.
731 2213 250 47 (32-9474)

498 2317 199 66 Mann,
728 2316 200 66 Jacob,
960 2320 171 51 1888-

562 2393 174 53 Texts
764 2393 113 53 and
904 2392 216 54 studies
1146 2392 62 53 in
1234 2392 219 55 Jewish
1478 2393 222 68 history
1730 2392 113 55 and
1870 2393 316 68 literature,
2211 2394 77 67 by
2314 2394 180 54 Jacob

499 2470 1996 72 Mann … v. l. Cincinnati, O., Hebrew union college press,
503 2553 149 50 1931.

572 2623 96 48 xvi,
700 2622 87 42 728
818 2633 42 37 p.
921 2622 215 41 facsims.
1195 2623 147 39 23½ᶜᵐ.
1413 2622 297 49 (Half-title:
1743 2624 104 41 The
1877 2625 247 39 Abraham
2158 2624 96 40 and
2288 2624 211 41 Hannah

504 2679 295 48 Oppenheim
827 2679 251 40 memorial
1109 2679 324 48 publications.
1509 2681 91 40 vol.
1659 2683 14 47 I)

571 2735 1516 51 Errata slip inserted between pages [vii] and viii of v. 1.
572 2791 244 41 “Genizah
843 2792 297 41 inventories
1169 2792 51 41 of
1245 2792 178 41 books”:
1482 2803 42 30 v.
1553 2793 39 48 1,
1620 2804 43 38 p.
1708 2793 235 50 [641]-684.

507 2846 51 52 ©
591 2851 116 39 Nov.
740 2850 39 47 6,
813 2849 112 41 1931;
988 2848 67 40 2c.
1088 2849 113 47 Apr.
1235 2850 38 46 1,
1308 2848 113 41 1932;
1483 2849 81 40 aff.
1599 2849 110 49 Apr.
1743 2850 27 39 2;
1833 2852 40 38 A
1905 2851 144 41 50529;
2114 2853 206 40 Hebrew
2354 2852 144 41 union

574 2908 190 46 college,
792 2905 290 41 Cincinnati.
1154 2905 251 48 (32-9136)

503 3009 242 64 Marett,
771 3008 223 54 Robert
1020 3006 295 66 Ranulph,
1345 3013 171 51 1866-

574 3084 191 68 Faith,
810 3085 164 67 hope,
1019 3086 113 51 and
1178 3085 224 69 charity
1448 3086 61 53 in
1553 3087 295 67 primitive
1890 3089 261 69 religion,
2194 3091 76 67 by
2315 3092 67 53 R.
2428 3092 67 52 R.

503 3162 1762 72 Marett … New York, The Macmillan company 1932.
574 3233 539 49 6 p. l., 239 p. 22 ᶜᵐ .
581 3292 184 39 “These
796 3292 209 39 lectures
1041 3301 126 31 were
1200 3291 260 49 originally
1497 3291 140 49 given
1672 3293 49 40 in
1757 3295 183 39 Boston
1976 3295 50 40 in
2061 3296 81 40 the
2175 3296 91 40 fall
2301 3297 52 40 of
2385 3296 113 42 1930

507 3348 151 40 under
692 3349 84 39 the
812 3346 220 48 auspices
1070 3348 52 39 of
1155 3348 83 40 the
1274 3349 179 39 Lowell
1488 3349 295 42 institution.
1847 3351 133 48 They
2016 3363 125 31 were

2178 3353 116 40 then
506 3353 1973 92 amplified
634 3404 112 49 and,
782 3415 54 29 as
875 3403 188 41 Gifford
1100 3406 224 46 lectures,
1363 3416 126 29 were
1524 3406 245 42 delivered
1806 3408 165 40 before
2008 3409 82 40 the
2128 3408 281 50 University
2447 3409 51 42 of

508 3460 66 41 St.
610 3461 234 39 Andrews
879 3460 177 48 during
1089 3462 81 38 the
1204 3461 246 41 academic
1484 3472 117 38 year
1635 3462 410 44 1931-2.”—Pref.

510 3513 1744 56 © Mar. 22, 1932; 2c. and aff. Mar. 23; A 50305; Macmillan co.
587 3574 250 49 (32-9123)

506 3675 157 64 May,
693 3677 142 51 Earl
865 3676 246 63 Chapin,
1143 3677 171 54 1873-

574 3749 121 54 The
729 3750 181 54 circus
946 3750 155 54 from
1136 3751 180 54 Rome
1348 3758 59 48 to
1445 3752 299 72 Ringling,
1782 3756 75 69 by
1895 3757 140 52 Earl
2076 3756 228 70 Chapin
2341 3758 154 69 May.

506 3826 1349 74 New York city, Duffield and Green [ ᶜ193 2]
573 3890 1026 60 xii, 3 32 p. illus., plates, ports. 24 ᶜᵐ .
