2563 4368
1033 4062 133 50 1619

77 457 233 65 Merrel,
338 458 137 52 Mrs.
508 453 339 58 Concordia.

144 533 120 53 The
311 532 173 53 house
531 531 63 54 of
640 529 301 70 yesterday
1009 528 94 67 [by]
1156 527 320 56 Concordia
1523 526 229 54 Merrel.
1836 525 232 56 Garden

76 610 153 67 City,
260 610 71 52 N.
367 609 90 67 Y.,
490 607 355 67 Doubleday,
880 608 198 51 Doran
1112 607 45 51 &
1190 622 296 50 company,
1518 604 128 66 inc.,
1679 606 152 50 1932.

146 680 561 52 2 p. l., 315 p. 19½ᶜᵐ.
148 739 162 40 “First
339 737 227 42 edition.”

84 792 50 52 ©
180 796 100 40 Oet.
324 795 69 43 26,
437 793 140 47 1932;
622 792 66 40 2c.
733 793 95 38 and
870 790 82 40 aff.
996 790 102 41 Oct.
1141 789 84 47 28;
1270 791 42 37 A
1353 789 171 47 56763;
1571 788 266 42 Concordia
1882 790 192 41 Merrel.

152 853 246 38 Thornton
433 852 176 44 Heath,
645 850 191 45 Surrey.
869 847 236 47 England.
1176 846 278 48 (32-30515)

81 943 235 61 Meyers
341 936 735 56 konversations-lexikon.

150 1017 222 66 Meyers
409 1015 245 53 lexikon.
733 1016 43 52 7.
818 1012 127 55 aufl.
985 1015 61 52 in
1084 1014 352 68 vollständig
1473 1032 171 34 neuer
1683 1014 390 69 bearbeitung,

81 1096 103 53 mit
223 1101 141 47 etwa
407 1098 133 49 7900
578 1093 511 68 textabbildungen
1126 1093 118 52 und
1281 1093 139 53 über
1459 1093 135 53 1570
1630 1092 203 69 tafeln,
1869 1092 204 54 karten

80 1174 117 52 und
218 1174 398 67 textbeilagen.
670 1176 78 48 14.
772 1172 90 51 bd.
893 1172 525 68 Engler-Laibach,
1439 1175 415 66 ergänzungen.

82 1170 1967 151 Leipzig,
221 1251 564 68 Bibliographisches
818 1250 247 66 institut,
1101 1253 147 53 1933.

155 1324 1924 51 2 p l., 1340 numb. col.. [2] p. illus., plates (part col., part fold.) maps
95 1384 134 47 (part
256 1383 143 45 fold.)
435 1382 179 47 diagrs.
672 1381 116 40 25ᶜᵐ.

90 1437 51 51 ©
186 1441 125 46 Sept.
352 1439 69 40 28.
463 1438 140 41 1932;
646 1440 66 38 1c.
800 1448 57 28 Nov.
912 1438 82 45 25;
1038 1437 310 47 A—Foreign
1389 1437 169 47 18656;
1604 1437 476 49 Bibliographisches

157 1496 210 46 institut,
399 1506 104 36 a.-g.

85 1583 207 67 Miller,
322 1583 317 66 Benjamin
669 1583 301 65 Franklin,
1002 1589 170 49 1855-

153 1664 55 52 A
249 1661 371 68 presidential
657 1679 204 49 survey
903 1661 151 53 from
1093 1661 384 69 Washington
1514 1667 58 48 to
1612 1663 250 67 Hoover,
85 1664 1968 144 inclusive,

245 1739 1246 69 by Ben F. Miller. Slaton, Tex. [ ᶜ1 932]
156 1811 1044 51 1 p. l., 7-288 p. front. (port.) 19½ᶜᵐ.
156 1870 226 40 Lettered
407 1880 60 29 on
493 1880 167 29 cover;
694 1870 99 39 Hot
818 1870 135 40 shots
979 1870 79 39 for
1084 1869 237 48 Harding,
1349 1869 225 48 Coolidge
1601 1871 96 39 and
1724 1871 192 39 Hoover
1946 1873 136 39 too—

89 1926 156 41 which
272 1928 100 39 will
401 1928 57 39 be
486 1926 288 48 interesting
802 1926 202 48 reading
1030 1927 80 40 for
1137 1937 108 37 you.

93 1982 52 52 ©
172 1987 119 40 Aug.
317 1985 69 49 24,
413 1984 140 42 1932;
581 1984 68 41 2c.
679 1985 125 46 Sept.
832 1985 25 39 3;
914 1984 79 40 aff.
1024 1984 101 40 Oct.
1153 1984 82 42 24;
1265 1985 40 38 A
1333 1984 170 48 56697;
1534 1987 53 38 B.
1616 1986 50 38 F.
1696 1985 175 49 Miller,
1902 1986 182 44 Slaton.

162 2043 112 40 Tex.
345 2040 280 50 (32-30649)

89 2131 256 65 Mumey,
372 2131 187 65 Nolie,
588 2136 171 50 1891-

161 2208 93 50 An
284 2207 401 67 monographic
716 2206 192 52 sketch
940 2207 63 51 of
1033 2208 94 51 the
1160 2207 104 54 life
1297 2208 63 52 of
1392 2207 121 52 René
1579 2208 314 68 Théophile

92 2210 1993 136 Hyacinthe Laënnec (1781-1826) by Nolie Mumey … Denver, Priv.
92 2360 191 68 print.,
318 2363 150 50 1932.

161 2431 1924 53 3 p. l., [xi]-xvii p., 1 l., 21-123 p., 1 l. incl. illus., plates, ports., double
91 2498 125 38 map,
243 2488 215 40 facsims.
516 2487 150 41 front.
724 2487 145 41 24½ᶜᵐ.

165 2544 236 42 “Limited
429 2544 184 41 edition
641 2544 52 41 of
718 2554 88 30 one
831 2545 221 40 hundred
1082 2546 95 39 and
1205 2548 81 38 ten
1313 2545 169 48 signed
1508 2547 201 47 copies.”

99 2601 51 52 ©
189 2605 117 41 Aug.
344 2605 70 42 30.
481 2604 83 40 1932;
631 2604 67 40 2c.
737 2606 95 38 and
870 2603 80 40 aff.
992 2603 101 41 Oct.
1131 2603 57 40 10;
1252 2605 41 38 A
1331 2603 170 49 56421;
1541 2606 56 40 N.
1637 2607 207 46 Mumey,
1884 2607 204 42 Denver.

177 2661 278 48 (32-30767)

96 2735 145 52 New
270 2736 161 51 York
471 2734 217 68 (State)
771 2735 279 66 Supreme
1078 2741 174 47 court.

229 2812 1858 73 … Reports of cases heard and determined in the appellate
98 2887 1966 135 division … Austin B. Griffin, reporter, v. 235, 1932. [Official
233 2967 104 66 ed.]
416 2969 249 66 Albany,
692 2971 55 53 J.
777 2972 65 50 B.
870 2971 162 50 Lyon
1060 2989 297 51 company,
1387 2975 152 50 1932.

168 3042 158 48 lxxiii,
358 3041 86 41 939
473 3053 43 37 p.
575 3042 145 40 23½ᶜᵐ.

104 3095 51 51 ©
187 3099 118 40 Nov.
335 3098 69 48 28,
437 3098 139 46 1932;
609 3098 66 40 2c.
710 3098 111 41 Dec.
853 3099 52 46 1;
941 3099 81 40 aff.
1055 3100 115 39 Nov.
1205 3100 81 47 30;
1322 3104 40 37 A
1394 3101 169 48 57285;
1598 3103 211 40 Edward
1843 3104 43 39 J.
1921 3105 171 48 Flynn,

173 3158 244 44 secretary
452 3156 52 38 of
538 3156 82 39 the
654 3157 128 37 state
817 3155 52 38 of
902 3156 116 38 New
1052 3156 143 42 York,
1232 3156 49 38 in
1317 3161 128 37 trust
1481 3160 82 39 for
1598 3161 79 38 the
1714 3160 176 41 benefit
1926 3162 50 38 of
2013 3162 81 40 the

173 3213 164 46 people
360 3212 52 39 of
435 3211 81 40 the
541 3214 141 44 state,
708 3211 202 47 Albany.

102 3284 1965 130 The New York money market, v. 2-4 … New York, Columbia
293 3363 318 68 university
640 3381 174 50 press,
847 3366 148 49 1932.

172 3437 25 38 3
228 3447 42 29 v.
327 3437 189 41 fronts.,
548 3437 168 47 tables,
749 3437 178 48 diagrs.
986 3436 116 42 23ᶜᵐ.

175 3492 286 40 Illustrated
491 3492 361 49 lining-papers.

177 3549 271 46 “Prepared
476 3550 152 38 under
657 3549 80 40 the
767 3550 220 47 auspices
1016 3551 52 39 of
1097 3551 80 40 the
1207 3552 251 41 Columbia
1487 3553 271 49 university
1790 3554 200 42 Council
2017 3556 79 41 for

107 3604 223 40 research
358 3605 50 39 in
435 3605 81 39 the
545 3605 147 41 social
722 3605 253 40 sciences.”

443 3672 115 28 CONTENTS.—v.
606 3660 43 41 2.
695 3660 205 41 Sources
944 3664 95 38 and
1085 3668 294 37 movements
1426 3667 52 39 of
1521 3666 163 48 funds,
1730 3666 62 47 by
1838 3668 260 45 Benjamin

107 3714 215 48 Haggott
371 3716 246 40 Beckhart
665 3720 95 37 and
810 3718 165 39 James
1026 3718 51 39 G.
1132 3718 276 42 Smith.—v.
1459 3720 43 42 3.
1552 3722 120 40 Uses
1723 3723 53 39 of
1822 3723 163 48 funds,
2036 3725 60 46 by

108 3770 258 47 Benjamin
398 3772 216 47 Haggott
643 3773 367 40 Beckhart.—v.
1041 3772 44 42 4.
1116 3775 235 40 External
1384 3778 95 39 and
1512 3777 211 41 internal
1757 3778 247 48 relations,
2037 3778 61 49 by

107 3826 258 47 Benjamin
412 3828 217 47 Haggott
676 3829 258 47 Beckhart,
983 3830 164 41 James
1198 3831 52 41 G.
1302 3832 159 42 Smith
1508 3835 96 39 and
1652 3833 216 41 William
1917 3835 180 41 Adams

106 3882 189 47 Brown,
325 3882 60 47 jr.

113 3933 51 52 ©
194 3938 117 41 Nov.
342 3939 70 48 25,
442 3938 140 48 1932;
615 3940 67 40 2c.
714 3940 116 41 each
863 3943 95 38 and
989 3941 107 42 affs.
1129 3944 117 39 Nov.
1278 3944 83 47 28;
1393 3946 41 38 A
1466 3946 344 47 58103-58105;
1848 3946 249 41 Columbia

180 3994 128 38 univ.
344 4005 146 37 press.
