2563 4368
1377 4071 135 51 1430

432 454 364 66 Gabrielson,
823 456 100 52 Ira
947 452 165 65 Noel,
1144 456 171 50 1889-

501 533 262 55 Western
811 530 307 53 American
1168 529 237 67 alpines,
1453 528 76 68 by
1577 528 99 53 Ira
1726 528 71 53 N.
1848 525 352 57 Gabrielson.
2287 526 138 54 New

438 608 1199 69 York, The Macmillan company, 1932.
505 679 1004 53 xviii, 271 p. incl. plates. map. 22 ᶜᵐ .
509 741 86 38 “In
637 738 192 48 general
875 737 80 40 the
1000 737 231 46 territory
1275 737 201 39 covered
1520 736 60 47 by
1623 735 99 40 this
1765 735 124 40 book
1929 735 203 40 extends
2175 734 128 39 from
2346 735 83 41 the

437 795 204 41 Rockies
677 797 49 38 to
761 793 81 41 the
877 792 191 48 Pacific,
1105 793 95 39 and
1235 792 129 39 from
1399 790 190 42 British
1627 789 251 44 Columbia
1914 790 97 41 and
2046 790 201 42 Alberta
2285 787 142 44 south

439 845 1147 51 to northern California and Colorado.”— p. 1.
435 917 51 53 ©
517 922 129 47 Sept.
672 919 69 49 12,
769 918 114 41 1932;
939 918 67 41 2c.
1036 918 95 40 and
1159 917 82 41 aff.
1271 917 128 48 Sept.
1427 918 55 39 15;
1538 917 42 39 A
1607 917 143 40 55112;

1809 918 39 39 I.
1876 917 58 40 N.
1963 916 299 48 Gabrielson,
501 917 1911 107 Portland,
660 976 78 40 Or.
809 974 280 49 (32-24853)

434 1079 146 64 Gay,
610 1076 247 58 Charles
882 1076 276 65 Merrick,
1190 1078 170 54 1871-

503 1154 299 55 Materials
854 1154 113 53 and
1017 1153 259 54 methods
1330 1151 65 55 of
1445 1153 403 54 architectural
1899 1153 403 67 construction,
2352 1152 78 70 by

436 1228 1992 72 Charles Merrick Gay … and Harry Parker … New York, J.
435 1310 189 69 Wiley
657 1310 46 51 &
735 1328 146 49 sons,
917 1310 137 66 inc.;
1092 1308 259 69 London,
1387 1307 301 70 Chapman
1723 1308 46 51 &
1802 1308 161 68 Hall,
1998 1308 241 68 limited,
2277 1310 152 51 1932.

551 1379 1426 52 x, 639 p. front., illus., plates. diagrs. 24 ᶜᵐ . $6.00
438 1451 52 52 ©
524 1455 127 48 Sept.
681 1454 69 48 19,
781 1453 113 42 1932;
953 1454 69 41 2c.
1053 1455 95 39 and
1178 1453 83 41 aff.
1293 1453 128 49 Sept.
1451 1453 55 40 21;
1566 1454 42 39 A
1637 1452 147 42 54940;
1843 1453 48 42 C.
1925 1455 63 40 M.
2021 1452 117 50 Gay,
2170 1451 259 52 Narberth,

507 1512 96 47 Pa.,
633 1512 96 39 and
757 1512 165 47 Harry
951 1510 198 48 Parker,
1178 1510 352 48 Philadelphia.
1603 1510 278 49 (32-24654)

438 1611 276 67 Geissler,
742 1615 186 52 Horst
956 1612 307 66 Wolfram,
1295 1619 170 49 1893-

506 1691 111 53 Die
655 1692 164 51 dame
855 1690 106 52 mit
1000 1691 127 52 dem
1165 1689 338 68 samtvisier,
1540 1709 198 33 roman
1776 1708 110 35 von
1925 1690 181 53 Horst
2143 1687 288 58 Wolfram

438 1768 262 55 Geissler.
767 1771 47 49 3.
845 1769 119 51 und
995 1772 47 48 4.
1074 1767 254 53 tausend.
1403 1767 304 68 München,
1737 1768 77 52 H.
1847 1766 400 69 Hugendubel,
2280 1768 149 52 1932.

507 1840 365 50 304 p. 19 ½ ᶜᵐ.
441 1908 1991 53 © Sept. 25, 1931; 1c. May 5, 1932; A— Foreign 16681; H. Hugendubel
509 1970 177 46 verlag.
757 1968 279 48 (32-25564)

441 2071 276 63 Gerrard,
746 2070 317 66 Bassigny.

511 2145 199 55 Island
732 2145 142 70 girls
897 2147 31 50 I
950 2146 163 54 loved
1143 2147 110 68 [by]
1283 2147 283 69 Bassigny
1592 2146 268 59 Gerrard.
1918 2146 136 54 New
2082 2146 178 69 York,

442 2147 1967 145 Harcourt, Brace and company [ᶜ193 2]
510 2293 1218 51 4 p. l. , 3-330 p. front., illus. (music) 22 ᶜᵐ .
512 2351 163 40 “First
707 2350 226 42 edition.”

445 2407 52 52 ©
529 2411 128 48 Sept.
686 2412 40 47 1,
755 2409 113 42 1932;
926 2410 66 41 2c.
1024 2412 96 38 and
1148 2410 81 40 aff.
1263 2411 125 48 Sept.
1419 2411 56 40 10;
1533 2412 42 39 A
1604 2412 144 40 55046;
1808 2413 261 49 Harcourt,
2100 2415 153 39 Brace
2285 2419 37 40 &
2350 2422 82 40 co.,

511 2467 90 40 inc.
673 2466 278 50 (32-24703)

446 2568 290 66 Gignoux,
768 2568 216 55 Claude
1012 2568 239 65 Joseph.

577 2645 1646 73 … Bouvier et les finances. Paris, Gallimard [ ᶜ193 1]
513 2718 1309 52 2 p. l. , [7]-252 p., 2 l. 19ᶜᵐ. (Sous la troisième)
513 2774 66 40 At
602 2774 124 40 head
750 2774 53 40 of
827 2773 111 41 title:
990 2774 48 41 C.
1065 2775 44 40 J.
1136 2775 235 48 Gignoux.

449 2826 1532 55 © Dec. 30, 1931; 1c. Jan. 25, 1932; A—Foreign 15544;
2017 2834 239 42 Librairie
515 2834 1905 93 Gallimard.
737 2886 278 49 (32-25869)

448 2986 290 66 Goddard,
770 2988 262 65 Dwight,
1066 2995 97 49 1861-

515 3063 57 52 A
607 3063 293 53 Buddhist
931 3064 184 69 Bible,
1149 3066 94 53 the
1282 3066 248 54 favorite
1565 3069 308 68 scriptures
1911 3069 63 52 of
2010 3070 98 53 the
2139 3071 114 52 Zen
2291 3076 141 63 sect;

449 3140 219 69 history
702 3139 65 54 of
799 3142 155 68 early
989 3143 113 52 Zen
1136 3143 341 71 Buddhism,
1512 3144 466 55 self-realisation
2012 3146 65 54 of

2109 3147 166 54 noble
449 3147 1961 138 wisdom,
622 3218 95 52 the
745 3218 289 53 Diamond
1063 3225 176 63 sutra,
1267 3221 96 53 the
1389 3221 219 69 Prajna
1636 3222 285 69 paramita

1950 3230 176 63 sutra,
2155 3225 98 53 the
2277 3230 159 49 sutra

448 3294 64 53 of
559 3295 94 53 the
702 3295 154 53 sixth
903 3297 312 68 patriarch,
1263 3298 207 68 edited,
1518 3298 351 70 interpreted
1916 3303 46 51 &
2011 3301 301 68 published
2361 3302 77 70 by

450 3372 237 68 Dwight
712 3371 293 55 Goddard.
1066 3373 302 70 Thetford,
1394 3376 116 68 Vt.,
1536 3379 150 51 1932.

517 3443 364 49 316 p. 19½ ᶜᵐ .
454 3497 51 52 ©
534 3503 120 46 Aug.
683 3502 69 48 10,
782 3502 112 41 1932;
953 3503 66 39 2c.
1052 3505 95 38 and
1175 3504 81 40 aff.
1287 3506 119 47 Aug.
1436 3507 54 39 13;
1550 3507 41 38 A
1621 3506 146 42 53938;
1823 3508 59 40 D.
1913 3508 241 50 Goddard,
2185 3509 250 49 Thetford,

521 3558 73 39 Vt.
667 3558 276 48 (32-24826)

453 3658 373 66 Greenwood,
856 3661 214 63 Major,
1103 3667 170 49 1880-

522 3733 1916 78 Epidemiology, historical and experimental … by Major
453 3810 1792 78 Greenwood … Baltimore, The Johns Hopkins press;
453 3819 1960 134 London,
614 3888 77 52 H.
723 3888 265 67 Milford,
1022 3889 228 54 Oxford
1284 3891 315 69 university
1630 3912 172 50 press,
1836 3898 149 50 1932.

569 3959 1860 61 x, 80 p. illus. (map) diagrs. 23 ᶜᵐ . (The Herter lectures for 1931)
