2563 4368
1078 4151 135 53 1937

151 539 351 63 Aeschylus.

220 616 120 52 The
370 614 257 55 Oresteia
655 614 64 52 of
746 613 317 69 Aeschylus;
1118 614 94 52 the
1241 614 413 67 Agamemnon,
1682 614 95 50 the
1809 610 337 69 Coephoroi,

150 693 95 52 the
295 692 362 66 Eumenides,
707 693 315 50 translated
1074 690 152 52 from
1275 692 95 50 the
1421 689 187 54 Greek
1655 690 76 66 by
1782 687 234 55 Charles
2134 730 10 10 H.

148 769 335 53 Hitchcock.
559 769 232 64 Boston,
823 769 65 51 B.
921 766 372 69 Humphries,
1323 768 126 65 inc.,
1482 769 149 51 1932.

220 840 585 51 xi, [1], 145 p., 1 l. 18½ᶜᵐ.
224 898 93 42 “Of
340 898 98 40 this
463 898 123 40 book
611 897 114 41 1000
750 896 159 48 copies
936 897 124 40 have
1083 897 119 39 been
1226 894 236 49 printed.”

156 950 1991 53 © Jan. 25, 1932; 2c. July 28; aff. Dec. 29; A 58573; Bruce Humphries,
225 1010 91 41 inc.
386 1011 251 49 (33-1611)

152 1113 329 66 Anderson,
510 1115 128 63 Roy
666 1115 162 55 Nels.

221 1191 120 51 The
368 1190 257 54 disabled
652 1210 132 34 man
812 1192 112 52 and
948 1192 87 52 his
1065 1192 321 52 vocational
1414 1190 377 67 adjustment;
1823 1209 31 34 a
1881 1190 173 66 study
2081 1189 62 53 of

151 1266 95 54 the
284 1273 162 62 types
487 1268 63 54 of
590 1268 125 67 jobs
753 1270 134 51 held
927 1269 76 66 by
1040 1271 155 64 4,404
1235 1268 334 67 orthopedic
1610 1286 149 34 cases
1800 1268 61 51 in
1899 1268 244 52 relation

152 1344 1994 69 to the specific disability, by Roy N. Anderson … New York
153 1421 132 68 city,
321 1421 273 54 Institute
630 1423 94 52 for
757 1424 94 52 the
889 1422 260 69 crippled
1187 1425 112 51 and
1335 1423 274 65 disabled,
1647 1426 151 49 1932.

226 1494 382 50 vii, 102 p. 23 ᶜᵐ.
229 1550 246 42 “Selected
505 1552 366 49 bibliography”;
930 1563 43 37 p.
1006 1551 215 42 101-102.

157 1604 1990 54 © Dec. 14, 1932; 2c. Dec. 19; aff. Dec. 23; A 57585; R. N. Anderson,
223 1665 117 40 New
367 1666 142 38 York.
581 1665 250 49 (33-1236)

152 1766 423 67 Baumgarten,
607 1767 198 54 Elmer
834 1770 223 62 Henry,
1091 1774 170 49 1881-

221 1843 406 55 Bowl—here’s
657 1845 145 67 how,
830 1845 74 67 by
932 1844 195 51 Elmer
1157 1844 77 57 H.
1266 1845 402 67 Baumgarten.
1737 1844 267 69 Chicago,
2036 1846 112 69 Ill.,

151 1921 119 54 The
301 1921 299 53 Livestock
631 1940 173 50 press,
836 1921 106 54 inc.
981 1924 173 66 [1932]

221 1990 1864 53 5 p. l., 13-193, [1] p. incl. illus., plates, diagrs. plates (part fold.) 19 ᶜᵐ.
156 2048 52 53 ©
238 2052 101 41 Oct.
366 2053 69 46 25,
464 2052 113 41 1932;
634 2053 68 40 2c.
731 2054 95 39 and
854 2052 82 41 aff.
966 2053 111 41 Dec.
1106 2052 59 42 28;
1220 2054 41 38 A
1289 2053 142 41 57622;
1492 2055 52 40 E,
1574 2055 61 38 H.
1665 2056 346 46 Baumgarten,
222 2055 1910 101 Chicago.
423 2108 251 50 (33-1293)

150 2211 344 66 Brockway,
526 2211 321 54 Archibald
881 2214 248 62 Fenner,
1165 2218 170 49 1888-

219 2289 252 63 Hungry
517 2289 288 63 England,
850 2289 75 63 by
969 2289 73 53 A.
1088 2290 224 53 Fenner
1358 2289 334 55 Brockway.
1773 2290 258 62 London,
2077 2294 68 53 V.

150 2366 290 68 Gollancz,
469 2368 122 66 ltd.,
623 2369 150 51 1932.

219 2440 278 48 224 p. 18½ ᶜᵐ.
157 2493 1990 54 © 1c. Dec. 21, 1932; A ad int. 17273; pubd. Oct. 24; A. F. Brockway,
224 2554 211 40 London.
505 2552 250 49 (33-2676)

154 2655 264 63 Century
445 2655 64 53 of
535 2671 296 48 progress,
860 2655 129 64 inc.,
1021 2655 266 68 Chicago.

224 2729 217 56 Official
474 2732 147 53 book
650 2732 64 53 of
745 2734 95 51 the
873 2732 133 68 fair,
1037 2732 201 69 giving
1271 2734 449 67 pre-exposition
1751 2735 395 63 information,

155 2811 325 66 1932-1933,
515 2809 64 52 of
613 2829 31 33 a
682 2809 255 69 Century
971 2809 64 54 of
1069 2828 261 50 progress
1366 2811 407 53 international
1809 2813 336 69 exposition,

155 2885 1985 76 Chicago, 1933. Chicago, A Century of progress, inc. [ ᶜ19 32 ]
223 2959 1124 49 96 p. illus. (incl. map) double pl. 24 ᶜᵐ .
157 3013 52 53 ©
243 3018 127 48 Sept.
399 3019 69 44 17,
499 3016 114 41 1932;
672 3018 67 40 2c.
770 3019 95 39 and
895 3017 82 42 aff.
1009 3018 100 40 Oct.
1140 3017 57 42 27;
1255 3019 42 38 A
1326 3019 145 41 55727;
1531 3020 162 40 Cuneo
1720 3030 151 40 press,
1903 3020 106 48 inc.,
225 3022 1907 100 Chicago.
426 3073 249 48 (33-1245)

159 3171 277 68 [Colonial
466 3171 461 66 Williamsburg,
957 3171 130 67 inc.]

219 3249 58 52 A
313 3247 266 69 pictorial
618 3249 197 51 record
853 3247 64 53 of
953 3249 95 52 the
1086 3247 341 54 restoration
1465 3248 64 52 of
1566 3247 245 70 Raleigh
1849 3255 200 50 tavern
2088 3272 58 34 as

151 3328 94 52 the
275 3326 123 54 first
428 3325 315 53 exhibition
769 3325 266 68 building
1062 3325 60 53 in
1150 3326 96 52 the
1273 3325 340 53 restoration
1642 3326 64 52 of
1733 3328 244 53 colonial
151 3329 1971 141 Williamsburg.
553 3401 453 69 Williamsburg,
1040 3403 126 66 Va.,
1204 3404 149 51 1932.

222 3473 1289 51 1 v. mounted plates, mounted facsims. 35½ ᶜᵐ. ·
222 3532 287 43 Loose-leaf.

224 3585 1583 53 “Copyright … [by] Colonial Williamsburg, incorporated.”
157 3644 51 52 ©
239 3649 111 39 Dec.
379 3647 68 46 28,
477 3645 113 41 1932;
649 3645 66 40 2c.
748 3645 95 39 and
873 3644 82 39 aff.
986 3644 111 40 Dec.
1127 3642 58 41 29;
1242 3645 42 38 A
1313 3644 143 41 58608;
1518 3645 218 42 Colonial
1767 3648 381 50 Williamsburg,

223 3704 90 39 inc.
385 3701 249 49 (33-1216)

154 3799 248 63 Conrad,
434 3797 227 54 Donald
692 3794 306 66 Williams,
1033 3800 172 51 1903-

225 3878 121 50 The
376 3876 206 68 golden
611 3891 217 49 censer;
861 3890 235 50 prayers
1127 3871 95 54 for
1251 3873 78 52 all
1359 3874 302 68 occasions,
1692 3876 75 69 by
1796 3878 231 56 Donald
2057 3880 90 56 W.

156 3950 1994 77 Conrad … introduction by the Rt. Rev. J. Kenneth Pfohl,
192 4029 1802 67 D . D. New York [etc.] Fleming H. Revell company [ ᶜ19 32]
