<alto xmlns="http://www.loc.gov/standards/alto/ns-v3#" xmlns:xlink="http://www.w3.org/1999/xlink" xmlns:xsi="http://www.w3.org/2001/XMLSchema-instance" xsi:schemaLocation="http://www.loc.gov/standards/alto/ns-v3# http://www.loc.gov/alto/v3/alto-3-0.xsd"><Description>
<MeasurementUnit>pixel</MeasurementUnit>
<sourceImageInformation>
<fileName>1932_v29_part001.pdf</fileName>
</sourceImageInformation>
<OCRProcessing ID="IdOcr">
<ocrProcessingStep>
<processingDateTime>2019-04-25</processingDateTime>
<processingSoftware>
<softwareCreator>ABBYY</softwareCreator>
<softwareName>ABBYY Recognition Server</softwareName>
<softwareVersion>4.0</softwareVersion>
</processingSoftware>
</ocrProcessingStep>
</OCRProcessing>
</Description>
<Styles>
<ParagraphStyle ID="StyleId-FFFFFFFF-FFFF-FFFF-FFFF-FFFFFFFFFFFF-" ALIGN="Left" LEFT="0." RIGHT="0." FIRSTLINE="0."/>
<ParagraphStyle ID="StyleId-547D96D3-B2DE-4E86-A4BD-9DDFC275973A-" ALIGN="Left" LEFT="0." RIGHT="0." FIRSTLINE="0." LINESPACE="7.699999809"/>
<ParagraphStyle ID="StyleId-BE433B82-DF6F-491A-9872-F562FF4150C8-" ALIGN="Block" LEFT="0." RIGHT="0." FIRSTLINE="-13." LINESPACE="7.900000095"/>
<ParagraphStyle ID="StyleId-CC286467-50C5-4655-B0CF-BA365CCE0736-" ALIGN="Block" LEFT="0." RIGHT="0." FIRSTLINE="-15." LINESPACE="8.479999542"/>
<ParagraphStyle ID="StyleId-9878414D-BEDB-487D-971A-CF5ADB5C4AD2-" ALIGN="Block" LEFT="0." RIGHT="0." FIRSTLINE="-14." LINESPACE="10.92000008"/>
<ParagraphStyle ID="StyleId-EBC70DE5-3635-4BD4-B07B-05DF6EFE0022-" ALIGN="Block" LEFT="0." RIGHT="0." FIRSTLINE="-13." LINESPACE="12.19999981"/>
<ParagraphStyle ID="StyleId-8A688F83-F017-4D5D-A00A-14637016ED45-" ALIGN="Left" LEFT="0." RIGHT="0." FIRSTLINE="0." LINESPACE="9.399999619"/>
<ParagraphStyle ID="StyleId-20F0BBAE-20C6-42F4-8113-00B5C02924DC-" ALIGN="Left" LEFT="0." RIGHT="0." FIRSTLINE="0." LINESPACE="11.10000038"/>
<ParagraphStyle ID="StyleId-7AA70148-8873-4ACB-90AE-BF9322E02302-" ALIGN="Left" LEFT="0." RIGHT="0." FIRSTLINE="-13." LINESPACE="11.09000015"/>
<ParagraphStyle ID="StyleId-072EF7BA-7207-4F8B-9A7C-F564E8B4CB16-" ALIGN="Left" LEFT="0." RIGHT="0." FIRSTLINE="-14." LINESPACE="12.19999981"/>
<ParagraphStyle ID="StyleId-44303D12-21D7-4DB0-9E9F-87FA1A861DD7-" ALIGN="Block" LEFT="0." RIGHT="0." FIRSTLINE="-14." LINESPACE="10.92000008"/>
<ParagraphStyle ID="StyleId-43CF0D44-8AC2-4CD0-865F-942C78705184-" ALIGN="Block" LEFT="0." RIGHT="0." FIRSTLINE="-13." LINESPACE="12.19999981"/>
<ParagraphStyle ID="StyleId-7A298A86-29F5-413A-AEC9-078A4CC464D7-" ALIGN="Block" LEFT="0." RIGHT="0." FIRSTLINE="13." LINESPACE="12.19999981"/>
<ParagraphStyle ID="StyleId-8E4E86F7-C1F9-4A1A-B605-6B1FC1C8E9F7-" ALIGN="Left" LEFT="0." RIGHT="0." FIRSTLINE="0." LINESPACE="11.60000038"/>
<ParagraphStyle ID="StyleId-AB39791B-5ED1-444F-BEF5-2CFED1F2709A-" ALIGN="Left" LEFT="0." RIGHT="0." FIRSTLINE="-13." LINESPACE="11.09000015"/>
<ParagraphStyle ID="StyleId-C1F2EEE7-CD00-4E11-9EAD-B222287AEDA4-" ALIGN="Center" LEFT="0." RIGHT="0." FIRSTLINE="0." LINESPACE="11.10000038"/>
</Styles>
<Layout>
<Page ID="Page183" PHYSICAL_IMG_NR="183" HEIGHT="4368" WIDTH="2563">
<TopMargin HEIGHT="410" WIDTH="2563" VPOS="0" HPOS="0">
</TopMargin>
<LeftMargin HEIGHT="3787" WIDTH="154" VPOS="410" HPOS="0">
</LeftMargin>
<RightMargin HEIGHT="3787" WIDTH="377" VPOS="410" HPOS="2186">
</RightMargin>
<BottomMargin HEIGHT="171" WIDTH="2563" VPOS="4197" HPOS="0">
</BottomMargin>
<PrintSpace HEIGHT="3787" WIDTH="2032" VPOS="410" HPOS="154">
<TextBlock ID="Page183_Block1" HEIGHT="147" WIDTH="337" VPOS="4050" HPOS="1048" LANG="de" CS="1" STYLEREFS="StyleId-92D68219-1E36-4419-97A1-92891158AB52-">
<TextLine HEIGHT="0" WIDTH="0" VPOS="0" HPOS="0" CS="1">
<String CS="1" CONTENT="183"/>
</TextLine>
</TextBlock>
<TextBlock ID="Page183_Block2" HEIGHT="3603" WIDTH="2032" VPOS="410" HPOS="154" LANG="en-US" CS="1" STYLEREFS="StyleId-C47B0241-C620-4605-B286-7125331ED3BD-">
<TextLine HEIGHT="66" WIDTH="1146" VPOS="421" HPOS="176" STYLEREFS="StyleId-E4EAD17C-6AF4-4CA9-9F4C-77A0B2843AF5-">
<String CONTENT="Goodrich," HEIGHT="66" WIDTH="308" VPOS="421" HPOS="176"/>
<SP HEIGHT="65" WIDTH="29" VPOS="422" HPOS="485"/>
<String CONTENT="Annie" HEIGHT="53" WIDTH="192" VPOS="422" HPOS="515"/>
<SP HEIGHT="52" WIDTH="28" VPOS="423" HPOS="708"/>
<String CONTENT="Warburton," HEIGHT="63" WIDTH="380" VPOS="422" HPOS="737"/>
<SP HEIGHT="58" WIDTH="33" VPOS="427" HPOS="1118"/>
<String CONTENT="1866-" HEIGHT="50" WIDTH="170" VPOS="426" HPOS="1152"/>
</TextLine>
<TextLine HEIGHT="70" WIDTH="1927" VPOS="495" HPOS="249" STYLEREFS="StyleId-83889777-9162-4229-9BC1-B37F0D73AA72-">
<String CONTENT="The" HEIGHT="51" WIDTH="122" VPOS="500" HPOS="249"/>
<SP HEIGHT="34" WIDTH="34" VPOS="517" HPOS="372"/>
<String CONTENT="social" HEIGHT="53" WIDTH="173" VPOS="498" HPOS="407"/>
<SP HEIGHT="50" WIDTH="36" VPOS="500" HPOS="581"/>
<String CONTENT="and" HEIGHT="53" WIDTH="113" VPOS="498" HPOS="618"/>
<SP HEIGHT="53" WIDTH="37" VPOS="498" HPOS="732"/>
<String CONTENT="ethical" HEIGHT="53" WIDTH="208" VPOS="497" HPOS="770"/>
<SP HEIGHT="53" WIDTH="35" VPOS="497" HPOS="979"/>
<String CONTENT="significance" HEIGHT="69" WIDTH="363" VPOS="496" HPOS="1015"/>
<SP HEIGHT="36" WIDTH="37" VPOS="514" HPOS="1379"/>
<String CONTENT="of" HEIGHT="54" WIDTH="64" VPOS="495" HPOS="1417"/>
<SP HEIGHT="53" WIDTH="35" VPOS="495" HPOS="1482"/>
<String CONTENT="nursing;" HEIGHT="69" WIDTH="270" VPOS="495" HPOS="1518"/>
<SP HEIGHT="50" WIDTH="42" VPOS="514" HPOS="1789"/>
<String CONTENT="a" HEIGHT="33" WIDTH="31" VPOS="516" HPOS="1832"/>
<SP HEIGHT="33" WIDTH="38" VPOS="516" HPOS="1864"/>
<String CONTENT="series" HEIGHT="54" WIDTH="171" VPOS="496" HPOS="1903"/>
<SP HEIGHT="34" WIDTH="36" VPOS="517" HPOS="2075"/>
<String CONTENT="of" HEIGHT="54" WIDTH="64" VPOS="497" HPOS="2112"/>
</TextLine>
<TextLine HEIGHT="71" WIDTH="1995" VPOS="572" HPOS="178" STYLEREFS="StyleId-83889777-9162-4229-9BC1-B37F0D73AA72-" CS="1">
<String CONTENT="addresses," HEIGHT="65" WIDTH="308" VPOS="577" HPOS="178"/>
<SP HEIGHT="67" WIDTH="27" VPOS="575" HPOS="487"/>
<String CONTENT="by" HEIGHT="68" WIDTH="74" VPOS="575" HPOS="515"/>
<SP HEIGHT="69" WIDTH="26" VPOS="574" HPOS="590"/>
<String CONTENT="Annie" HEIGHT="53" WIDTH="190" VPOS="574" HPOS="617"/>
<SP HEIGHT="54" WIDTH="26" VPOS="574" HPOS="808"/>
<String CONTENT="Warburton" HEIGHT="55" WIDTH="354" VPOS="573" HPOS="835"/>
<SP HEIGHT="55" WIDTH="28" VPOS="573" HPOS="1190"/>
<String CONTENT="Goodrich" HEIGHT="56" WIDTH="291" VPOS="572" HPOS="1219"/>
<SP HEIGHT="52" WIDTH="34" VPOS="574" HPOS="1511"/>
<String CS="1" CONTENT="&#8230;"/>
<SP HEIGHT="53" WIDTH="69" VPOS="573" HPOS="1603"/>
<String CONTENT="New" HEIGHT="53" WIDTH="138" VPOS="573" HPOS="1673"/>
<SP HEIGHT="52" WIDTH="30" VPOS="574" HPOS="1812"/>
<String CONTENT="York," HEIGHT="68" WIDTH="180" VPOS="574" HPOS="1843"/>
<SP HEIGHT="67" WIDTH="28" VPOS="575" HPOS="2024"/>
<String CONTENT="The" HEIGHT="53" WIDTH="120" VPOS="575" HPOS="2053"/>
</TextLine>
<TextLine HEIGHT="67" WIDTH="840" VPOS="653" HPOS="176" STYLEREFS="StyleId-83889777-9162-4229-9BC1-B37F0D73AA72-" CS="1">
<String CS="1" CONTENT="Macmillan" HEIGHT="52" WIDTH="334" VPOS="653" HPOS="176"/>
<SP HEIGHT="35" WIDTH="25" VPOS="670" HPOS="511"/>
<String CONTENT="company," HEIGHT="50" WIDTH="298" VPOS="670" HPOS="537"/>
<SP HEIGHT="65" WIDTH="27" VPOS="655" HPOS="836"/>
<String CONTENT="1932." HEIGHT="52" WIDTH="152" VPOS="653" HPOS="864"/>
</TextLine>
<TextLine HEIGHT="50" WIDTH="1028" VPOS="721" HPOS="281" CS="1">
<String CS="1" CONTENT="x," HEIGHT="15" WIDTH="8" VPOS="756" HPOS="281"/>
<SP HEIGHT="45" WIDTH="30" VPOS="726" HPOS="290"/>
<String CONTENT="401" HEIGHT="39" WIDTH="84" VPOS="725" HPOS="321"/>
<SP HEIGHT="44" WIDTH="28" VPOS="727" HPOS="406"/>
<String CONTENT="p." HEIGHT="36" WIDTH="42" VPOS="735" HPOS="435"/>
<SP HEIGHT="38" WIDTH="60" VPOS="725" HPOS="478"/>
<String CONTENT="illus." HEIGHT="38" WIDTH="127" VPOS="725" HPOS="539"/>
<SP HEIGHT="47" WIDTH="29" VPOS="724" HPOS="667"/>
<String CONTENT="(plans)" HEIGHT="47" WIDTH="187" VPOS="724" HPOS="697"/>
<SP HEIGHT="46" WIDTH="39" VPOS="725" HPOS="885"/>
<String CONTENT="diagrs." HEIGHT="47" WIDTH="178" VPOS="723" HPOS="925"/>
<SP HEIGHT="42" WIDTH="58" VPOS="721" HPOS="1104"/>
<String CS="1" CONTENT="22&#189;" HEIGHT="38" WIDTH="57" VPOS="721" HPOS="1163"/>
<String STYLE="superscript" CS="1" CONTENT="&#7580;&#7504;"/>
<String CONTENT="." HEIGHT="8" WIDTH="8" VPOS="754" HPOS="1301"/>
</TextLine>
<TextLine HEIGHT="51" WIDTH="1710" VPOS="779" HPOS="184" CS="1">
<String CONTENT="&#169;" HEIGHT="51" WIDTH="50" VPOS="779" HPOS="184"/>
<SP HEIGHT="51" WIDTH="31" VPOS="779" HPOS="235"/>
<String CONTENT="Feb." HEIGHT="39" WIDTH="108" VPOS="783" HPOS="267"/>
<SP HEIGHT="40" WIDTH="30" VPOS="782" HPOS="376"/>
<String CONTENT="9," HEIGHT="48" WIDTH="39" VPOS="782" HPOS="407"/>
<SP HEIGHT="46" WIDTH="28" VPOS="784" HPOS="447"/>
<String CONTENT="1932;" HEIGHT="47" WIDTH="140" VPOS="781" HPOS="476"/>
<SP HEIGHT="46" WIDTH="30" VPOS="782" HPOS="617"/>
<String CONTENT="2c." HEIGHT="40" WIDTH="67" VPOS="782" HPOS="648"/>
<SP HEIGHT="28" WIDTH="29" VPOS="794" HPOS="716"/>
<String CONTENT="and" HEIGHT="38" WIDTH="96" VPOS="783" HPOS="746"/>
<SP HEIGHT="38" WIDTH="28" VPOS="783" HPOS="843"/>
<String CONTENT="aff." HEIGHT="41" WIDTH="82" VPOS="781" HPOS="872"/>
<SP HEIGHT="41" WIDTH="28" VPOS="781" HPOS="955"/>
<String CONTENT="Feb." HEIGHT="40" WIDTH="110" VPOS="781" HPOS="984"/>
<SP HEIGHT="38" WIDTH="29" VPOS="782" HPOS="1095"/>
<String CONTENT="10&#183;;" HEIGHT="48" WIDTH="81" VPOS="780" HPOS="1125"/>
<SP HEIGHT="47" WIDTH="32" VPOS="781" HPOS="1207"/>
<!-- cceid 01199709-6D7D-1014-B4A5-D7A31D17AB40 --><String CONTENT="A" HEIGHT="39" WIDTH="41" VPOS="781" HPOS="1240"/>
<SP HEIGHT="39" WIDTH="27" VPOS="781" HPOS="1282"/>
<String CONTENT="47556;" HEIGHT="48" WIDTH="171" VPOS="781" HPOS="1310"/>
<SP HEIGHT="47" WIDTH="33" VPOS="782" HPOS="1482"/>
<String CS="1" CONTENT="Macmillan" HEIGHT="41" WIDTH="282" VPOS="780" HPOS="1516"/>
<SP HEIGHT="30" WIDTH="28" VPOS="791" HPOS="1799"/>
<String CONTENT="co." HEIGHT="30" WIDTH="66" VPOS="791" HPOS="1828"/>
</TextLine>
<TextLine HEIGHT="48" WIDTH="250" VPOS="839" HPOS="260">
<String CONTENT="(32-4730)" HEIGHT="48" WIDTH="250" VPOS="839" HPOS="260"/>
</TextLine>
<TextLine HEIGHT="67" WIDTH="926" VPOS="939" HPOS="172" STYLEREFS="StyleId-E4EAD17C-6AF4-4CA9-9F4C-77A0B2843AF5-">
<String CONTENT="Gray," HEIGHT="66" WIDTH="178" VPOS="940" HPOS="172"/>
<SP HEIGHT="64" WIDTH="28" VPOS="942" HPOS="351"/>
<String CONTENT="William" HEIGHT="55" WIDTH="255" VPOS="939" HPOS="380"/>
<SP HEIGHT="52" WIDTH="26" VPOS="941" HPOS="636"/>
<String CONTENT="Powell," HEIGHT="66" WIDTH="230" VPOS="939" HPOS="663"/>
<SP HEIGHT="59" WIDTH="31" VPOS="946" HPOS="894"/>
<String CONTENT="1854-" HEIGHT="49" WIDTH="172" VPOS="945" HPOS="926"/>
</TextLine>
<TextLine HEIGHT="150" WIDTH="1975" VPOS="1015" HPOS="176" STYLEREFS="StyleId-83889777-9162-4229-9BC1-B37F0D73AA72-" CS="1">
<String CONTENT="The" HEIGHT="52" WIDTH="122" VPOS="1018" HPOS="247"/>
<SP HEIGHT="52" WIDTH="26" VPOS="1018" HPOS="370"/>
<String CONTENT="isle" HEIGHT="51" WIDTH="102" VPOS="1018" HPOS="397"/>
<SP HEIGHT="33" WIDTH="27" VPOS="1036" HPOS="500"/>
<String CONTENT="of" HEIGHT="53" WIDTH="65" VPOS="1016" HPOS="528"/>
<SP HEIGHT="52" WIDTH="26" VPOS="1016" HPOS="594"/>
<String LANG="la" CONTENT="Patmos;" HEIGHT="66" WIDTH="262" VPOS="1018" HPOS="621"/>
<SP HEIGHT="50" WIDTH="32" VPOS="1034" HPOS="884"/>
<String CONTENT="a" HEIGHT="34" WIDTH="31" VPOS="1034" HPOS="917"/>
<SP HEIGHT="35" WIDTH="29" VPOS="1034" HPOS="949"/>
<String CONTENT="series" HEIGHT="53" WIDTH="169" VPOS="1016" HPOS="979"/>
<SP HEIGHT="34" WIDTH="28" VPOS="1035" HPOS="1149"/>
<String CONTENT="of" HEIGHT="53" WIDTH="65" VPOS="1015" HPOS="1178"/>
<SP HEIGHT="54" WIDTH="26" VPOS="1015" HPOS="1244"/>
<String CONTENT="brief" HEIGHT="54" WIDTH="153" VPOS="1015" HPOS="1271"/>
<SP HEIGHT="52" WIDTH="27" VPOS="1015" HPOS="1425"/>
<String CONTENT="lectures" HEIGHT="52" WIDTH="239" VPOS="1017" HPOS="1453"/>
<SP HEIGHT="35" WIDTH="29" VPOS="1034" HPOS="1693"/>
<String CONTENT="on" HEIGHT="35" WIDTH="72" VPOS="1034" HPOS="1723"/>
<SP HEIGHT="47" WIDTH="30" VPOS="1022" HPOS="1796"/>
<String CONTENT="the" HEIGHT="52" WIDTH="96" VPOS="1017" HPOS="1827"/>
<SP HEIGHT="52" WIDTH="27" VPOS="1016" HPOS="1924"/>
<String CONTENT="Apocalypse," HEIGHT="149" WIDTH="1975" VPOS="1016" HPOS="176"/>
</TextLine>
<TextLine HEIGHT="71" WIDTH="1700" VPOS="1093" HPOS="376" STYLEREFS="StyleId-83889777-9162-4229-9BC1-B37F0D73AA72-" CS="1">
<String CONTENT="by" HEIGHT="68" WIDTH="73" VPOS="1096" HPOS="376"/>
<SP HEIGHT="68" WIDTH="23" VPOS="1096" HPOS="450"/>
<String CONTENT="W." HEIGHT="53" WIDTH="88" VPOS="1096" HPOS="474"/>
<SP HEIGHT="51" WIDTH="25" VPOS="1096" HPOS="563"/>
<String CONTENT="P." HEIGHT="52" WIDTH="64" VPOS="1096" HPOS="589"/>
<SP HEIGHT="55" WIDTH="26" VPOS="1094" HPOS="654"/>
<String CONTENT="Gray." HEIGHT="69" WIDTH="174" VPOS="1094" HPOS="681"/>
<SP HEIGHT="54" WIDTH="77" VPOS="1095" HPOS="856"/>
<String CONTENT="Compton," HEIGHT="68" WIDTH="302" VPOS="1095" HPOS="934"/>
<SP HEIGHT="69" WIDTH="26" VPOS="1094" HPOS="1237"/>
<String CONTENT="Calif.," HEIGHT="69" WIDTH="194" VPOS="1094" HPOS="1264"/>
<SP HEIGHT="68" WIDTH="23" VPOS="1095" HPOS="1459"/>
<String CONTENT="W." HEIGHT="54" WIDTH="89" VPOS="1095" HPOS="1483"/>
<SP HEIGHT="51" WIDTH="26" VPOS="1096" HPOS="1573"/>
<String CONTENT="P." HEIGHT="51" WIDTH="65" VPOS="1096" HPOS="1600"/>
<SP HEIGHT="56" WIDTH="25" VPOS="1093" HPOS="1666"/>
<String CONTENT="Gray" HEIGHT="70" WIDTH="160" VPOS="1093" HPOS="1692"/>
<SP HEIGHT="50" WIDTH="29" VPOS="1113" HPOS="1853"/>
<String STYLE="subscript" CONTENT="[" HEIGHT="34" WIDTH="13" VPOS="1128" HPOS="1883"/>
<String STYLE="superscript" CS="1" CONTENT="&#7580;1"/>
<String CONTENT="932" HEIGHT="49" WIDTH="101" VPOS="1098" HPOS="1957"/>
<String STYLE="subscript" CONTENT="]" HEIGHT="35" WIDTH="13" VPOS="1127" HPOS="2063"/>
</TextLine>
<TextLine HEIGHT="50" WIDTH="729" VPOS="1169" HPOS="249" CS="1">
<String LANG="en-US" CONTENT="1" HEIGHT="37" WIDTH="24" VPOS="1173" HPOS="249"/>
<SP HEIGHT="46" WIDTH="27" VPOS="1173" HPOS="274"/>
<String LANG="la" CONTENT="p." HEIGHT="38" WIDTH="41" VPOS="1181" HPOS="302"/>
<SP/>
<String LANG="la" CS="1" CONTENT="l.,"/>
<SP/>
<String LANG="en-US" CS="1" CONTENT="&#189;7]-131," HEIGHT="48" WIDTH="175" VPOS="1170" HPOS="465"/>
<SP HEIGHT="30" WIDTH="31" VPOS="1188" HPOS="641"/>
<String LANG="en-US" CS="1" CONTENT="[1]" HEIGHT="30" WIDTH="10" VPOS="1189" HPOS="717"/>
<SP HEIGHT="39" WIDTH="30" VPOS="1180" HPOS="728"/>
<String LANG="en-US" CONTENT="p." HEIGHT="37" WIDTH="41" VPOS="1180" HPOS="759"/>
<SP HEIGHT="38" WIDTH="59" VPOS="1171" HPOS="801"/>
<String LANG="en-US" CONTENT="20" HEIGHT="40" WIDTH="56" VPOS="1169" HPOS="861"/>
<String STYLE="superscript" LANG="en-US" CS="1" CONTENT="&#7580;&#7504;"/>
<String LANG="en-US" CONTENT="." HEIGHT="8" WIDTH="8" VPOS="1201" HPOS="970"/>
</TextLine>
<TextLine HEIGHT="109" WIDTH="1978" VPOS="1223" HPOS="181" CS="1">
<String CONTENT="&#169;" HEIGHT="52" WIDTH="51" VPOS="1223" HPOS="181"/>
<SP HEIGHT="52" WIDTH="31" VPOS="1223" HPOS="233"/>
<String CONTENT="Jan." HEIGHT="40" WIDTH="108" VPOS="1227" HPOS="265"/>
<SP HEIGHT="40" WIDTH="31" VPOS="1227" HPOS="374"/>
<String CONTENT="26," HEIGHT="47" WIDTH="70" VPOS="1226" HPOS="406"/>
<SP HEIGHT="45" WIDTH="30" VPOS="1228" HPOS="477"/>
<String CONTENT="1932" HEIGHT="41" WIDTH="113" VPOS="1225" HPOS="508"/>
<SP HEIGHT="47" WIDTH="17" VPOS="1226" HPOS="622"/>
<String CONTENT=";" HEIGHT="36" WIDTH="8" VPOS="1237" HPOS="640"/>
<SP HEIGHT="47" WIDTH="33" VPOS="1226" HPOS="649"/>
<String CONTENT="2c." HEIGHT="39" WIDTH="65" VPOS="1226" HPOS="683"/>
<SP HEIGHT="37" WIDTH="33" VPOS="1227" HPOS="749"/>
<String CONTENT="Feb." HEIGHT="40" WIDTH="109" VPOS="1226" HPOS="783"/>
<SP HEIGHT="39" WIDTH="31" VPOS="1226" HPOS="893"/>
<String CONTENT="2" HEIGHT="39" WIDTH="26" VPOS="1226" HPOS="925"/>
<SP HEIGHT="47" WIDTH="17" VPOS="1226" HPOS="952"/>
<String CONTENT=";" HEIGHT="36" WIDTH="8" VPOS="1237" HPOS="970"/>
<SP HEIGHT="36" WIDTH="35" VPOS="1237" HPOS="979"/>
<String CONTENT="aff." HEIGHT="40" WIDTH="80" VPOS="1225" HPOS="1015"/>
<SP HEIGHT="39" WIDTH="34" VPOS="1226" HPOS="1096"/>
<String CONTENT="Feb." HEIGHT="40" WIDTH="110" VPOS="1225" HPOS="1131"/>
<SP HEIGHT="38" WIDTH="33" VPOS="1227" HPOS="1242"/>
<String CONTENT="1" HEIGHT="38" WIDTH="23" VPOS="1227" HPOS="1276"/>
<SP HEIGHT="46" WIDTH="16" VPOS="1227" HPOS="1300"/>
<String CONTENT=";" HEIGHT="36" WIDTH="9" VPOS="1237" HPOS="1317"/>
<SP HEIGHT="47" WIDTH="32" VPOS="1226" HPOS="1327"/>
<!-- cceid 011A4A47-6D7D-1014-B4A5-D7A31D17AB40 --><String CONTENT="A" HEIGHT="39" WIDTH="41" VPOS="1226" HPOS="1360"/>
<SP HEIGHT="39" WIDTH="28" VPOS="1226" HPOS="1402"/>
<String CONTENT="47357" HEIGHT="41" WIDTH="144" VPOS="1226" HPOS="1431"/>
<SP HEIGHT="46" WIDTH="17" VPOS="1227" HPOS="1576"/>
<String CONTENT=";" HEIGHT="36" WIDTH="9" VPOS="1237" HPOS="1594"/>
<SP HEIGHT="47" WIDTH="35" VPOS="1226" HPOS="1604"/>
<String LANG="la" CONTENT="W." HEIGHT="43" WIDTH="71" VPOS="1226" HPOS="1640"/>
<SP HEIGHT="43" WIDTH="31" VPOS="1226" HPOS="1712"/>
<String CONTENT="P." HEIGHT="41" WIDTH="51" VPOS="1226" HPOS="1744"/>
<SP HEIGHT="42" WIDTH="33" VPOS="1225" HPOS="1796"/>
<String CONTENT="Gray," HEIGHT="49" WIDTH="144" VPOS="1225" HPOS="1830"/>
<SP HEIGHT="46" WIDTH="34" VPOS="1226" HPOS="1975"/>
<String CONTENT="Compton," HEIGHT="106" WIDTH="1909" VPOS="1226" HPOS="250"/>
<SP HEIGHT="49" WIDTH="34" VPOS="1283" HPOS="345"/>
<String CONTENT="Calif." HEIGHT="40" WIDTH="142" VPOS="1283" HPOS="380"/>
<SP HEIGHT="48" WIDTH="71" VPOS="1283" HPOS="523"/>
<String CONTENT="(32-4556)" HEIGHT="48" WIDTH="250" VPOS="1283" HPOS="595"/>
</TextLine>
<TextLine HEIGHT="65" WIDTH="782" VPOS="1387" HPOS="172" STYLEREFS="StyleId-E4EAD17C-6AF4-4CA9-9F4C-77A0B2843AF5-">
<String CONTENT="Hall," HEIGHT="65" WIDTH="148" VPOS="1387" HPOS="172"/>
<SP HEIGHT="64" WIDTH="31" VPOS="1388" HPOS="321"/>
<String CONTENT="Esther" HEIGHT="52" WIDTH="220" VPOS="1387" HPOS="353"/>
<SP HEIGHT="53" WIDTH="31" VPOS="1387" HPOS="574"/>
<String CONTENT="Greenacre." HEIGHT="55" WIDTH="348" VPOS="1387" HPOS="606"/>
</TextLine>
<TextLine HEIGHT="133" WIDTH="1974" VPOS="1462" HPOS="176" STYLEREFS="StyleId-83889777-9162-4229-9BC1-B37F0D73AA72-" CS="1">
<String CONTENT="The" HEIGHT="52" WIDTH="122" VPOS="1464" HPOS="244"/>
<SP HEIGHT="52" WIDTH="37" VPOS="1464" HPOS="367"/>
<String CONTENT="here-to-yonder" HEIGHT="68" WIDTH="461" VPOS="1463" HPOS="405"/>
<SP HEIGHT="49" WIDTH="38" VPOS="1482" HPOS="867"/>
<String CONTENT="girl," HEIGHT="68" WIDTH="131" VPOS="1463" HPOS="906"/>
<SP HEIGHT="66" WIDTH="38" VPOS="1463" HPOS="1038"/>
<String CONTENT="by" HEIGHT="68" WIDTH="74" VPOS="1463" HPOS="1077"/>
<SP HEIGHT="68" WIDTH="40" VPOS="1463" HPOS="1152"/>
<String CONTENT="Esther" HEIGHT="53" WIDTH="208" VPOS="1463" HPOS="1193"/>
<SP HEIGHT="55" WIDTH="40" VPOS="1462" HPOS="1402"/>
<String CONTENT="Greenacre" HEIGHT="55" WIDTH="314" VPOS="1462" HPOS="1443"/>
<SP HEIGHT="52" WIDTH="42" VPOS="1463" HPOS="1758"/>
<String CONTENT="Hall;" HEIGHT="68" WIDTH="170" VPOS="1463" HPOS="1801"/>
<SP HEIGHT="68" WIDTH="42" VPOS="1463" HPOS="1972"/>
<String CONTENT="illustrated" HEIGHT="132" WIDTH="1974" VPOS="1463" HPOS="176"/>
</TextLine>
<TextLine HEIGHT="148" WIDTH="1973" VPOS="1541" HPOS="175" STYLEREFS="StyleId-83889777-9162-4229-9BC1-B37F0D73AA72-" CS="1">
<String CONTENT="by" HEIGHT="68" WIDTH="74" VPOS="1542" HPOS="403"/>
<SP HEIGHT="68" WIDTH="38" VPOS="1542" HPOS="478"/>
<String CONTENT="Willard" HEIGHT="53" WIDTH="249" VPOS="1542" HPOS="517"/>
<SP HEIGHT="52" WIDTH="41" VPOS="1542" HPOS="767"/>
<String LANG="fr" CONTENT="Bont&#233;." HEIGHT="52" WIDTH="200" VPOS="1542" HPOS="809"/>
<SP HEIGHT="53" WIDTH="73" VPOS="1542" HPOS="1010"/>
<String CONTENT="New" HEIGHT="53" WIDTH="138" VPOS="1542" HPOS="1084"/>
<SP HEIGHT="52" WIDTH="41" VPOS="1542" HPOS="1223"/>
<String CONTENT="York," HEIGHT="68" WIDTH="179" VPOS="1541" HPOS="1265"/>
<SP HEIGHT="67" WIDTH="40" VPOS="1542" HPOS="1445"/>
<String CONTENT="The" HEIGHT="52" WIDTH="124" VPOS="1542" HPOS="1486"/>
<SP HEIGHT="53" WIDTH="36" VPOS="1541" HPOS="1611"/>
<String CS="1" CONTENT="Macmillan" HEIGHT="53" WIDTH="336" VPOS="1541" HPOS="1648"/>
<SP HEIGHT="34" WIDTH="40" VPOS="1560" HPOS="1985"/>
<String CONTENT="company," HEIGHT="129" WIDTH="1973" VPOS="1560" HPOS="175"/>
<SP HEIGHT="65" WIDTH="31" VPOS="1624" HPOS="343"/>
<String CONTENT="1932." HEIGHT="51" WIDTH="151" VPOS="1623" HPOS="375"/>
</TextLine>
<TextLine HEIGHT="49" WIDTH="1141" VPOS="1694" HPOS="247" CS="1">
<String CONTENT="5" HEIGHT="40" WIDTH="26" VPOS="1695" HPOS="247"/>
<SP HEIGHT="48" WIDTH="25" VPOS="1695" HPOS="274"/>
<String CONTENT="p." HEIGHT="37" WIDTH="44" VPOS="1706" HPOS="300"/>
<SP/>
<String CS="1" CONTENT="l.,"/>
<SP/>
<String CONTENT="3-285" HEIGHT="40" WIDTH="147" VPOS="1694" HPOS="446"/>
<SP HEIGHT="48" WIDTH="24" VPOS="1694" HPOS="594"/>
<String CONTENT="p." HEIGHT="37" WIDTH="41" VPOS="1705" HPOS="619"/>
<SP HEIGHT="40" WIDTH="30" VPOS="1694" HPOS="661"/>
<String CONTENT="incl." HEIGHT="41" WIDTH="110" VPOS="1694" HPOS="692"/>
<SP HEIGHT="37" WIDTH="28" VPOS="1705" HPOS="803"/>
<String CONTENT="plates," HEIGHT="47" WIDTH="169" VPOS="1695" HPOS="832"/>
<SP HEIGHT="39" WIDTH="59" VPOS="1694" HPOS="1002"/>
<String CONTENT="front." HEIGHT="40" WIDTH="149" VPOS="1694" HPOS="1062"/>
<SP HEIGHT="38" WIDTH="58" VPOS="1695" HPOS="1212"/>
<String CONTENT="20" HEIGHT="40" WIDTH="56" VPOS="1694" HPOS="1271"/>
<String STYLE="superscript" CS="1" CONTENT="&#7580;&#7504;"/>
<String CONTENT="." HEIGHT="9" WIDTH="8" VPOS="1728" HPOS="1380"/>
</TextLine>
<TextLine HEIGHT="110" WIDTH="1975" VPOS="1747" HPOS="180" CS="1">
<String CONTENT="&#169;" HEIGHT="52" WIDTH="52" VPOS="1747" HPOS="180"/>
<SP HEIGHT="52" WIDTH="28" VPOS="1747" HPOS="233"/>
<String CONTENT="Feb." HEIGHT="40" WIDTH="109" VPOS="1752" HPOS="262"/>
<SP HEIGHT="37" WIDTH="31" VPOS="1753" HPOS="372"/>
<String CONTENT="16," HEIGHT="46" WIDTH="68" VPOS="1752" HPOS="404"/>
<SP HEIGHT="45" WIDTH="29" VPOS="1753" HPOS="473"/>
<String CONTENT="1932;" HEIGHT="47" WIDTH="140" VPOS="1751" HPOS="503"/>
<SP HEIGHT="48" WIDTH="29" VPOS="1750" HPOS="644"/>
<String CONTENT="2c." HEIGHT="42" WIDTH="67" VPOS="1750" HPOS="674"/>
<SP HEIGHT="41" WIDTH="30" VPOS="1751" HPOS="742"/>
<String CONTENT="Feb." HEIGHT="39" WIDTH="109" VPOS="1751" HPOS="773"/>
<SP HEIGHT="37" WIDTH="31" VPOS="1753" HPOS="883"/>
<String CONTENT="17;" HEIGHT="46" WIDTH="81" VPOS="1752" HPOS="915"/>
<SP HEIGHT="37" WIDTH="32" VPOS="1761" HPOS="997"/>
<String CONTENT="aff." HEIGHT="40" WIDTH="81" VPOS="1750" HPOS="1030"/>
<SP HEIGHT="39" WIDTH="29" VPOS="1751" HPOS="1112"/>
<String CONTENT="Feb." HEIGHT="41" WIDTH="111" VPOS="1751" HPOS="1142"/>
<SP HEIGHT="39" WIDTH="30" VPOS="1753" HPOS="1254"/>
<String CONTENT="18;" HEIGHT="48" WIDTH="80" VPOS="1751" HPOS="1285"/>
<SP HEIGHT="47" WIDTH="32" VPOS="1752" HPOS="1366"/>
<!-- cceid 011AFD64-6D7D-1014-B4A5-D7A31D17AB40 --><String CONTENT="A" HEIGHT="39" WIDTH="41" VPOS="1752" HPOS="1399"/>
<SP HEIGHT="39" WIDTH="28" VPOS="1752" HPOS="1441"/>
<String CONTENT="48548;" HEIGHT="48" WIDTH="171" VPOS="1751" HPOS="1470"/>
<SP HEIGHT="47" WIDTH="34" VPOS="1752" HPOS="1642"/>
<String LANG="la" CONTENT="E." HEIGHT="39" WIDTH="52" VPOS="1752" HPOS="1677"/>
<SP HEIGHT="40" WIDTH="30" VPOS="1751" HPOS="1730"/>
<String CONTENT="G." HEIGHT="40" WIDTH="51" VPOS="1751" HPOS="1761"/>
<SP HEIGHT="39" WIDTH="33" VPOS="1751" HPOS="1813"/>
<String CONTENT="Hall," HEIGHT="47" WIDTH="131" VPOS="1751" HPOS="1847"/>
<SP HEIGHT="48" WIDTH="33" VPOS="1750" HPOS="1979"/>
<String CONTENT="Scarsdale," HEIGHT="107" WIDTH="1910" VPOS="1750" HPOS="245"/>
<SP HEIGHT="48" WIDTH="30" VPOS="1809" HPOS="367"/>
<String LANG="fr" CONTENT="N." HEIGHT="39" WIDTH="55" VPOS="1809" HPOS="398"/>
<SP HEIGHT="39" WIDTH="29" VPOS="1809" HPOS="454"/>
<String CONTENT="Y." HEIGHT="42" WIDTH="53" VPOS="1809" HPOS="484"/>
<SP HEIGHT="48" WIDTH="69" VPOS="1808" HPOS="538"/>
<String CONTENT="(32-4638)" HEIGHT="50" WIDTH="249" VPOS="1806" HPOS="608"/>
</TextLine>
<TextLine HEIGHT="64" WIDTH="434" VPOS="1911" HPOS="170" STYLEREFS="StyleId-E4EAD17C-6AF4-4CA9-9F4C-77A0B2843AF5-">
<String CONTENT="Hanna," HEIGHT="63" WIDTH="227" VPOS="1912" HPOS="170"/>
<SP HEIGHT="64" WIDTH="30" VPOS="1911" HPOS="398"/>
<String CONTENT="John." HEIGHT="56" WIDTH="175" VPOS="1911" HPOS="429"/>
</TextLine>
<TextLine HEIGHT="70" WIDTH="1928" VPOS="1987" HPOS="243" STYLEREFS="StyleId-83889777-9162-4229-9BC1-B37F0D73AA72-">
<String CONTENT="Cases" HEIGHT="54" WIDTH="169" VPOS="1987" HPOS="243"/>
<SP HEIGHT="34" WIDTH="28" VPOS="2007" HPOS="413"/>
<String CONTENT="and" HEIGHT="52" WIDTH="112" VPOS="1989" HPOS="442"/>
<SP HEIGHT="52" WIDTH="25" VPOS="1989" HPOS="555"/>
<String CONTENT="materials" HEIGHT="54" WIDTH="291" VPOS="1987" HPOS="581"/>
<SP HEIGHT="34" WIDTH="28" VPOS="2007" HPOS="873"/>
<String CONTENT="on" HEIGHT="33" WIDTH="72" VPOS="2007" HPOS="902"/>
<SP HEIGHT="47" WIDTH="25" VPOS="1994" HPOS="975"/>
<String CONTENT="the" HEIGHT="51" WIDTH="96" VPOS="1990" HPOS="1001"/>
<SP HEIGHT="51" WIDTH="24" VPOS="1990" HPOS="1098"/>
<String CONTENT="law" HEIGHT="51" WIDTH="110" VPOS="1990" HPOS="1123"/>
<SP HEIGHT="33" WIDTH="28" VPOS="2008" HPOS="1234"/>
<String CONTENT="of" HEIGHT="53" WIDTH="65" VPOS="1988" HPOS="1263"/>
<SP HEIGHT="53" WIDTH="27" VPOS="1988" HPOS="1329"/>
<String CONTENT="creditors&#8217;" HEIGHT="53" WIDTH="293" VPOS="1988" HPOS="1357"/>
<SP HEIGHT="51" WIDTH="25" VPOS="1989" HPOS="1651"/>
<String CONTENT="rights," HEIGHT="69" WIDTH="203" VPOS="1988" HPOS="1677"/>
<SP HEIGHT="69" WIDTH="25" VPOS="1988" HPOS="1881"/>
<String CONTENT="by" HEIGHT="69" WIDTH="75" VPOS="1988" HPOS="1907"/>
<SP HEIGHT="67" WIDTH="29" VPOS="1990" HPOS="1983"/>
<String CONTENT="John" HEIGHT="54" WIDTH="158" VPOS="1990" HPOS="2013"/>
</TextLine>
<TextLine HEIGHT="69" WIDTH="1997" VPOS="2065" HPOS="173" STYLEREFS="StyleId-83889777-9162-4229-9BC1-B37F0D73AA72-" CS="1">
<String CONTENT="Hanna" HEIGHT="52" WIDTH="210" VPOS="2066" HPOS="173"/>
<SP HEIGHT="36" WIDTH="22" VPOS="2083" HPOS="384"/>
<String CS="1" CONTENT="&#8230;"/>
<SP HEIGHT="53" WIDTH="71" VPOS="2067" HPOS="463"/>
<String CONTENT="New" HEIGHT="53" WIDTH="138" VPOS="2067" HPOS="535"/>
<SP HEIGHT="52" WIDTH="24" VPOS="2067" HPOS="674"/>
<String CONTENT="York," HEIGHT="69" WIDTH="179" VPOS="2065" HPOS="699"/>
<SP HEIGHT="67" WIDTH="24" VPOS="2067" HPOS="879"/>
<String CONTENT="Chicago" HEIGHT="67" WIDTH="252" VPOS="2066" HPOS="904"/>
<SP HEIGHT="49" WIDTH="29" VPOS="2085" HPOS="1157"/>
<String CS="1" CONTENT="[etc&#183;]" HEIGHT="62" WIDTH="119" VPOS="2072" HPOS="1205"/>
<SP HEIGHT="66" WIDTH="31" VPOS="2068" HPOS="1325"/>
<String CONTENT="Commerce" HEIGHT="54" WIDTH="324" VPOS="2068" HPOS="1357"/>
<SP HEIGHT="35" WIDTH="22" VPOS="2084" HPOS="1682"/>
<String CONTENT="clearing" HEIGHT="68" WIDTH="253" VPOS="2066" HPOS="1705"/>
<SP HEIGHT="66" WIDTH="21" VPOS="2068" HPOS="1959"/>
<String CONTENT="house," HEIGHT="66" WIDTH="189" VPOS="2068" HPOS="1981"/>
</TextLine>
<TextLine HEIGHT="148" WIDTH="1970" VPOS="2140" HPOS="174" STYLEREFS="StyleId-83889777-9162-4229-9BC1-B37F0D73AA72-" CS="1">
<String CONTENT="inc.," HEIGHT="70" WIDTH="122" VPOS="2142" HPOS="174"/>
<SP HEIGHT="67" WIDTH="28" VPOS="2145" HPOS="297"/>
<String CONTENT="Loose" HEIGHT="51" WIDTH="176" VPOS="2145" HPOS="326"/>
<SP HEIGHT="51" WIDTH="30" VPOS="2144" HPOS="503"/>
<String CONTENT="leaf" HEIGHT="52" WIDTH="120" VPOS="2144" HPOS="534"/>
<SP HEIGHT="53" WIDTH="28" VPOS="2144" HPOS="655"/>
<String CONTENT="service" HEIGHT="55" WIDTH="209" VPOS="2142" HPOS="684"/>
<SP HEIGHT="52" WIDTH="32" VPOS="2145" HPOS="894"/>
<String CONTENT="division" HEIGHT="54" WIDTH="250" VPOS="2143" HPOS="927"/>
<SP HEIGHT="33" WIDTH="27" VPOS="2163" HPOS="1178"/>
<String CONTENT="of" HEIGHT="53" WIDTH="64" VPOS="2143" HPOS="1206"/>
<SP HEIGHT="53" WIDTH="28" VPOS="2143" HPOS="1271"/>
<String CONTENT="the" HEIGHT="52" WIDTH="95" VPOS="2145" HPOS="1300"/>
<SP HEIGHT="54" WIDTH="31" VPOS="2146" HPOS="1396"/>
<String CONTENT="Corporation" HEIGHT="71" WIDTH="384" VPOS="2140" HPOS="1428"/>
<SP HEIGHT="46" WIDTH="27" VPOS="2150" HPOS="1813"/>
<String CONTENT="trust" HEIGHT="47" WIDTH="150" VPOS="2150" HPOS="1841"/>
<SP HEIGHT="47" WIDTH="30" VPOS="2150" HPOS="1992"/>
<String CONTENT="company," HEIGHT="125" WIDTH="1970" VPOS="2163" HPOS="174"/>
<SP HEIGHT="61" WIDTH="31" VPOS="2227" HPOS="340"/>
<String STYLE="superscript" CS="1" CONTENT="&#7580;1"/>
<String CONTENT="931." HEIGHT="50" WIDTH="117" VPOS="2225" HPOS="427"/>
</TextLine>
<TextLine HEIGHT="52" WIDTH="1586" VPOS="2290" HPOS="243" CS="1">
<String CONTENT="xvii," HEIGHT="50" WIDTH="115" VPOS="2292" HPOS="243"/>
<SP HEIGHT="47" WIDTH="30" VPOS="2295" HPOS="359"/>
<String CONTENT="1076" HEIGHT="42" WIDTH="116" VPOS="2292" HPOS="390"/>
<SP HEIGHT="48" WIDTH="28" VPOS="2293" HPOS="507"/>
<String CONTENT="p." HEIGHT="37" WIDTH="42" VPOS="2304" HPOS="536"/>
<SP HEIGHT="39" WIDTH="58" VPOS="2293" HPOS="579"/>
<String CS="1" CONTENT="25&#189;" HEIGHT="39" WIDTH="55" VPOS="2293" HPOS="638"/>
<String STYLE="superscript" CS="1" CONTENT="&#7580;&#7504;"/>
<String CONTENT="." HEIGHT="8" WIDTH="8" VPOS="2324" HPOS="776"/>
<SP HEIGHT="30" WIDTH="62" VPOS="2312" HPOS="785"/>
<String CONTENT="[C" HEIGHT="49" WIDTH="50" VPOS="2293" HPOS="848"/>
<SP HEIGHT="41" WIDTH="30" VPOS="2293" HPOS="899"/>
<String CONTENT="C" HEIGHT="41" WIDTH="35" VPOS="2293" HPOS="930"/>
<SP HEIGHT="41" WIDTH="30" VPOS="2293" HPOS="966"/>
<String CONTENT="H" HEIGHT="39" WIDTH="46" VPOS="2293" HPOS="997"/>
<SP HEIGHT="39" WIDTH="32" VPOS="2293" HPOS="1044"/>
<String CONTENT="university" HEIGHT="51" WIDTH="271" VPOS="2290" HPOS="1077"/>
<SP HEIGHT="38" WIDTH="30" VPOS="2303" HPOS="1349"/>
<String CONTENT="case-book" HEIGHT="41" WIDTH="253" VPOS="2292" HPOS="1380"/>
<SP HEIGHT="39" WIDTH="29" VPOS="2293" HPOS="1634"/>
<String CONTENT="series]" HEIGHT="51" WIDTH="165" VPOS="2291" HPOS="1664"/>
</TextLine>
<TextLine HEIGHT="52" WIDTH="1992" VPOS="2347" HPOS="177">
<String CONTENT="&#169;" HEIGHT="52" WIDTH="51" VPOS="2347" HPOS="177"/>
<SP HEIGHT="52" WIDTH="23" VPOS="2347" HPOS="229"/>
<String CONTENT="Jan." HEIGHT="40" WIDTH="108" VPOS="2352" HPOS="253"/>
<SP HEIGHT="39" WIDTH="23" VPOS="2353" HPOS="362"/>
<String CONTENT="18," HEIGHT="47" WIDTH="68" VPOS="2352" HPOS="386"/>
<SP HEIGHT="46" WIDTH="24" VPOS="2353" HPOS="455"/>
<String CONTENT="1932" HEIGHT="41" WIDTH="112" VPOS="2350" HPOS="480"/>
<SP HEIGHT="48" WIDTH="17" VPOS="2350" HPOS="593"/>
<String CONTENT=";" HEIGHT="37" WIDTH="8" VPOS="2361" HPOS="611"/>
<SP HEIGHT="47" WIDTH="24" VPOS="2351" HPOS="620"/>
<String CONTENT="2c." HEIGHT="39" WIDTH="65" VPOS="2351" HPOS="645"/>
<SP HEIGHT="29" WIDTH="25" VPOS="2361" HPOS="711"/>
<String CONTENT="and" HEIGHT="38" WIDTH="93" VPOS="2352" HPOS="737"/>
<SP HEIGHT="38" WIDTH="24" VPOS="2352" HPOS="831"/>
<String CONTENT="aff." HEIGHT="39" WIDTH="80" VPOS="2351" HPOS="856"/>
<SP HEIGHT="39" WIDTH="26" VPOS="2351" HPOS="937"/>
<String CONTENT="Feb." HEIGHT="39" WIDTH="109" VPOS="2351" HPOS="964"/>
<SP HEIGHT="37" WIDTH="24" VPOS="2352" HPOS="1074"/>
<String CONTENT="11" HEIGHT="39" WIDTH="54" VPOS="2350" HPOS="1099"/>
<SP HEIGHT="48" WIDTH="16" VPOS="2350" HPOS="1154"/>
<String CONTENT=";" HEIGHT="37" WIDTH="9" VPOS="2361" HPOS="1171"/>
<SP HEIGHT="47" WIDTH="24" VPOS="2351" HPOS="1181"/>
<!-- cceid 011BA641-6D7D-1014-B4A5-D7A31D17AB40 --><String CONTENT="A" HEIGHT="38" WIDTH="41" VPOS="2351" HPOS="1206"/>
<SP HEIGHT="38" WIDTH="20" VPOS="2351" HPOS="1248"/>
<String CONTENT="48442" HEIGHT="40" WIDTH="144" VPOS="2350" HPOS="1269"/>
<SP HEIGHT="48" WIDTH="17" VPOS="2350" HPOS="1414"/>
<String CONTENT=";" HEIGHT="37" WIDTH="8" VPOS="2361" HPOS="1432"/>
<SP HEIGHT="48" WIDTH="28" VPOS="2350" HPOS="1441"/>
<String CONTENT="Commerce" HEIGHT="40" WIDTH="273" VPOS="2350" HPOS="1470"/>
<SP HEIGHT="29" WIDTH="25" VPOS="2361" HPOS="1744"/>
<String CONTENT="clearing" HEIGHT="47" WIDTH="215" VPOS="2350" HPOS="1770"/>
<SP HEIGHT="47" WIDTH="19" VPOS="2350" HPOS="1986"/>
<String CONTENT="house," HEIGHT="49" WIDTH="163" VPOS="2350" HPOS="2006"/>
</TextLine>
<TextLine HEIGHT="50" WIDTH="411" VPOS="2407" HPOS="243" CS="1">
<String CONTENT="inc." HEIGHT="41" WIDTH="89" VPOS="2407" HPOS="243"/>
<SP HEIGHT="47" WIDTH="69" VPOS="2409" HPOS="333"/>
<String CS="1" CONTENT="(32-617)" HEIGHT="50" WIDTH="251" VPOS="2407" HPOS="403"/>
</TextLine>
<TextLine HEIGHT="66" WIDTH="1008" VPOS="2510" HPOS="169" STYLEREFS="StyleId-E4EAD17C-6AF4-4CA9-9F4C-77A0B2843AF5-">
<String CONTENT="Hardy," HEIGHT="65" WIDTH="219" VPOS="2510" HPOS="169"/>
<SP HEIGHT="64" WIDTH="28" VPOS="2511" HPOS="389"/>
<String CONTENT="Harrison" HEIGHT="53" WIDTH="290" VPOS="2510" HPOS="418"/>
<SP HEIGHT="54" WIDTH="29" VPOS="2511" HPOS="709"/>
<String CONTENT="Claude," HEIGHT="66" WIDTH="235" VPOS="2510" HPOS="739"/>
<SP HEIGHT="60" WIDTH="30" VPOS="2516" HPOS="975"/>
<String CONTENT="1887-" HEIGHT="55" WIDTH="171" VPOS="2511" HPOS="1006"/>
</TextLine>
<TextLine HEIGHT="69" WIDTH="1926" VPOS="2586" HPOS="244" STYLEREFS="StyleId-83889777-9162-4229-9BC1-B37F0D73AA72-">
<String CONTENT="Evolution" HEIGHT="52" WIDTH="313" VPOS="2588" HPOS="244"/>
<SP HEIGHT="34" WIDTH="22" VPOS="2606" HPOS="558"/>
<String CONTENT="and" HEIGHT="52" WIDTH="113" VPOS="2588" HPOS="581"/>
<SP HEIGHT="52" WIDTH="22" VPOS="2588" HPOS="695"/>
<String CONTENT="development" HEIGHT="67" WIDTH="396" VPOS="2588" HPOS="718"/>
<SP HEIGHT="46" WIDTH="23" VPOS="2593" HPOS="1115"/>
<String CONTENT="of" HEIGHT="52" WIDTH="64" VPOS="2587" HPOS="1139"/>
<SP HEIGHT="52" WIDTH="21" VPOS="2587" HPOS="1204"/>
<String CONTENT="the" HEIGHT="52" WIDTH="98" VPOS="2588" HPOS="1226"/>
<SP HEIGHT="35" WIDTH="21" VPOS="2605" HPOS="1325"/>
<String CONTENT="office" HEIGHT="53" WIDTH="150" VPOS="2587" HPOS="1347"/>
<SP HEIGHT="35" WIDTH="22" VPOS="2605" HPOS="1498"/>
<String CONTENT="of" HEIGHT="54" WIDTH="65" VPOS="2586" HPOS="1521"/>
<SP HEIGHT="54" WIDTH="22" VPOS="2586" HPOS="1587"/>
<String CONTENT="superintendent" HEIGHT="68" WIDTH="471" VPOS="2587" HPOS="1610"/>
<SP HEIGHT="48" WIDTH="24" VPOS="2592" HPOS="2082"/>
<String CONTENT="of" HEIGHT="52" WIDTH="63" VPOS="2587" HPOS="2107"/>
</TextLine>
<TextLine HEIGHT="69" WIDTH="1999" VPOS="2665" HPOS="171" STYLEREFS="StyleId-83889777-9162-4229-9BC1-B37F0D73AA72-">
<String CONTENT="schools," HEIGHT="67" WIDTH="236" VPOS="2666" HPOS="171"/>
<SP HEIGHT="67" WIDTH="28" VPOS="2666" HPOS="408"/>
<String CONTENT="Westchester" HEIGHT="53" WIDTH="379" VPOS="2666" HPOS="437"/>
<SP HEIGHT="33" WIDTH="30" VPOS="2685" HPOS="817"/>
<String CONTENT="county," HEIGHT="63" WIDTH="225" VPOS="2671" HPOS="848"/>
<SP HEIGHT="68" WIDTH="31" VPOS="2666" HPOS="1074"/>
<String CONTENT="New" HEIGHT="53" WIDTH="139" VPOS="2666" HPOS="1106"/>
<SP HEIGHT="52" WIDTH="31" VPOS="2666" HPOS="1246"/>
<String CONTENT="York," HEIGHT="68" WIDTH="180" VPOS="2666" HPOS="1278"/>
<SP HEIGHT="69" WIDTH="30" VPOS="2665" HPOS="1459"/>
<String CONTENT="by" HEIGHT="69" WIDTH="74" VPOS="2665" HPOS="1490"/>
<SP HEIGHT="68" WIDTH="31" VPOS="2666" HPOS="1565"/>
<String CONTENT="H." HEIGHT="52" WIDTH="77" VPOS="2666" HPOS="1597"/>
<SP HEIGHT="54" WIDTH="34" VPOS="2665" HPOS="1675"/>
<String CONTENT="Claude" HEIGHT="54" WIDTH="220" VPOS="2665" HPOS="1710"/>
<SP HEIGHT="52" WIDTH="28" VPOS="2666" HPOS="1931"/>
<String CONTENT="Hardy" HEIGHT="69" WIDTH="210" VPOS="2665" HPOS="1960"/>
</TextLine>
<TextLine HEIGHT="70" WIDTH="1630" VPOS="2743" HPOS="234" STYLEREFS="StyleId-83889777-9162-4229-9BC1-B37F0D73AA72-" CS="1">
<String CS="1" CONTENT="&#8230;"/>
<SP HEIGHT="33" WIDTH="83" VPOS="2777" HPOS="234"/>
<String CS="1" CONTENT="[New" HEIGHT="53" WIDTH="137" VPOS="2744" HPOS="336"/>
<SP HEIGHT="51" WIDTH="32" VPOS="2745" HPOS="474"/>
<String CONTENT="York" HEIGHT="53" WIDTH="163" VPOS="2744" HPOS="507"/>
<SP HEIGHT="53" WIDTH="27" VPOS="2744" HPOS="671"/>
<String CONTENT="city," HEIGHT="67" WIDTH="133" VPOS="2745" HPOS="699"/>
<SP HEIGHT="66" WIDTH="29" VPOS="2746" HPOS="833"/>
<String CONTENT="Inor" HEIGHT="51" WIDTH="139" VPOS="2746" HPOS="863"/>
<SP HEIGHT="49" WIDTH="29" VPOS="2763" HPOS="1003"/>
<String CONTENT="publishing" HEIGHT="70" WIDTH="335" VPOS="2743" HPOS="1033"/>
<SP HEIGHT="50" WIDTH="30" VPOS="2763" HPOS="1369"/>
<String CONTENT="co.," HEIGHT="49" WIDTH="98" VPOS="2763" HPOS="1400"/>
<SP HEIGHT="67" WIDTH="29" VPOS="2745" HPOS="1499"/>
<String CONTENT="inc.," HEIGHT="66" WIDTH="127" VPOS="2745" HPOS="1529"/>
<SP HEIGHT="61" WIDTH="31" VPOS="2750" HPOS="1657"/>
<String STYLE="superscript" CS="1" CONTENT="&#7580;1"/>
<String CONTENT="932]" HEIGHT="64" WIDTH="118" VPOS="2747" HPOS="1746"/>
</TextLine>
<TextLine HEIGHT="51" WIDTH="1724" VPOS="2817" HPOS="245" CS="1">
<String CONTENT="8" HEIGHT="40" WIDTH="27" VPOS="2818" HPOS="245"/>
<SP HEIGHT="48" WIDTH="26" VPOS="2818" HPOS="273"/>
<String LANG="fr" CONTENT="p." HEIGHT="38" WIDTH="43" VPOS="2828" HPOS="300"/>
<SP/>
<String LANG="fr" CS="1" CONTENT="l.,"/>
<SP/>
<String CONTENT="97," HEIGHT="48" WIDTH="69" VPOS="2817" HPOS="452"/>
<SP HEIGHT="29" WIDTH="34" VPOS="2838" HPOS="522"/>
<String CONTENT="[61]" HEIGHT="51" WIDTH="84" VPOS="2817" HPOS="557"/>
<SP HEIGHT="39" WIDTH="33" VPOS="2829" HPOS="642"/>
<String CONTENT="p." HEIGHT="37" WIDTH="41" VPOS="2829" HPOS="676"/>
<SP HEIGHT="39" WIDTH="32" VPOS="2820" HPOS="718"/>
<String CONTENT="incl." HEIGHT="39" WIDTH="108" VPOS="2820" HPOS="751"/>
<SP HEIGHT="37" WIDTH="32" VPOS="2830" HPOS="860"/>
<String CONTENT="plates" HEIGHT="46" WIDTH="156" VPOS="2821" HPOS="893"/>
<SP HEIGHT="47" WIDTH="28" VPOS="2820" HPOS="1050"/>
<String CONTENT="(1" HEIGHT="47" WIDTH="47" VPOS="2820" HPOS="1079"/>
<SP HEIGHT="39" WIDTH="31" VPOS="2819" HPOS="1127"/>
<String CONTENT="double)" HEIGHT="47" WIDTH="197" VPOS="2819" HPOS="1159"/>
<SP HEIGHT="47" WIDTH="40" VPOS="2819" HPOS="1357"/>
<String CONTENT="maps," HEIGHT="38" WIDTH="150" VPOS="2830" HPOS="1398"/>
<SP HEIGHT="48" WIDTH="33" VPOS="2820" HPOS="1549"/>
<String CONTENT="diagrs." HEIGHT="48" WIDTH="180" VPOS="2819" HPOS="1583"/>
<SP HEIGHT="40" WIDTH="58" VPOS="2818" HPOS="1764"/>
<String CS="1" CONTENT="23&#189;" HEIGHT="40" WIDTH="54" VPOS="2818" HPOS="1823"/>
<String STYLE="superscript" CS="1" CONTENT="&#7580;&#7504;"/>
<String CONTENT="." HEIGHT="8" WIDTH="8" VPOS="2852" HPOS="1961"/>
</TextLine>
<TextLine HEIGHT="51" WIDTH="761" VPOS="2874" HPOS="241" CS="1">
<String CONTENT="Bibliography" HEIGHT="48" WIDTH="348" VPOS="2874" HPOS="241"/>
<SP HEIGHT="36" WIDTH="17" VPOS="2886" HPOS="590"/>
<String CONTENT=":" HEIGHT="29" WIDTH="8" VPOS="2886" HPOS="608"/>
<SP HEIGHT="37" WIDTH="32" VPOS="2886" HPOS="617"/>
<String CONTENT="p." HEIGHT="37" WIDTH="41" VPOS="2886" HPOS="650"/>
<SP HEIGHT="29" WIDTH="33" VPOS="2895" HPOS="692"/>
<String CS="1" CONTENT="[3]" HEIGHT="48" WIDTH="41" VPOS="2877" HPOS="740"/>
<SP HEIGHT="39" WIDTH="32" VPOS="2886" HPOS="782"/>
<String CONTENT="at" HEIGHT="37" WIDTH="52" VPOS="2879" HPOS="815"/>
<SP HEIGHT="37" WIDTH="28" VPOS="2879" HPOS="868"/>
<String CONTENT="end." HEIGHT="40" WIDTH="105" VPOS="2876" HPOS="897"/>
</TextLine>
<TextLine HEIGHT="54" WIDTH="1993" VPOS="2926" HPOS="176" CS="1">
<String CONTENT="&#169;" HEIGHT="52" WIDTH="51" VPOS="2926" HPOS="176"/>
<SP HEIGHT="52" WIDTH="28" VPOS="2926" HPOS="228"/>
<String CONTENT="Jan." HEIGHT="39" WIDTH="107" VPOS="2932" HPOS="257"/>
<SP HEIGHT="39" WIDTH="28" VPOS="2932" HPOS="365"/>
<String CS="1" CONTENT="30," HEIGHT="40" WIDTH="59" VPOS="2931" HPOS="394"/>
<SP/>
<String CS="1" CONTENT="1932;" HEIGHT="46" WIDTH="81" VPOS="2931" HPOS="550"/>
<SP HEIGHT="45" WIDTH="28" VPOS="2932" HPOS="632"/>
<String CONTENT="2c." HEIGHT="40" WIDTH="66" VPOS="2932" HPOS="661"/>
<SP HEIGHT="29" WIDTH="29" VPOS="2943" HPOS="728"/>
<String CONTENT="and" HEIGHT="38" WIDTH="94" VPOS="2934" HPOS="758"/>
<SP HEIGHT="38" WIDTH="27" VPOS="2934" HPOS="853"/>
<String CONTENT="aff." HEIGHT="40" WIDTH="82" VPOS="2933" HPOS="881"/>
<SP HEIGHT="40" WIDTH="29" VPOS="2933" HPOS="964"/>
<String CONTENT="Feb." HEIGHT="40" WIDTH="110" VPOS="2933" HPOS="994"/>
<SP HEIGHT="41" WIDTH="29" VPOS="2932" HPOS="1105"/>
<String CONTENT="8;" HEIGHT="47" WIDTH="51" VPOS="2932" HPOS="1135"/>
<SP HEIGHT="47" WIDTH="30" VPOS="2932" HPOS="1187"/>
<!-- cceid 011C5BB2-6D7D-1014-B4A5-D7A31D17AB40 --><String CONTENT="A" HEIGHT="39" WIDTH="40" VPOS="2932" HPOS="1218"/>
<SP HEIGHT="39" WIDTH="24" VPOS="2932" HPOS="1259"/>
<String CONTENT="47522;" HEIGHT="47" WIDTH="171" VPOS="2932" HPOS="1284"/>
<SP HEIGHT="45" WIDTH="32" VPOS="2934" HPOS="1456"/>
<String CONTENT="Inor" HEIGHT="38" WIDTH="114" VPOS="2934" HPOS="1489"/>
<SP HEIGHT="36" WIDTH="28" VPOS="2944" HPOS="1604"/>
<String CONTENT="publishing" HEIGHT="49" WIDTH="280" VPOS="2931" HPOS="1633"/>
<SP HEIGHT="38" WIDTH="26" VPOS="2942" HPOS="1914"/>
<String CONTENT="co.," HEIGHT="38" WIDTH="80" VPOS="2942" HPOS="1941"/>
<SP HEIGHT="48" WIDTH="29" VPOS="2932" HPOS="2022"/>
<String CONTENT="New" HEIGHT="40" WIDTH="117" VPOS="2932" HPOS="2052"/>
</TextLine>
<TextLine HEIGHT="48" WIDTH="464" VPOS="2988" HPOS="242">
<String CONTENT="York." HEIGHT="39" WIDTH="142" VPOS="2989" HPOS="242"/>
<SP HEIGHT="48" WIDTH="70" VPOS="2988" HPOS="385"/>
<String CONTENT="(32-4629)" HEIGHT="48" WIDTH="250" VPOS="2988" HPOS="456"/>
</TextLine>
<TextLine HEIGHT="67" WIDTH="947" VPOS="3090" HPOS="164" STYLEREFS="StyleId-E4EAD17C-6AF4-4CA9-9F4C-77A0B2843AF5-">
<String CONTENT="Hawes," HEIGHT="64" WIDTH="233" VPOS="3090" HPOS="164"/>
<SP HEIGHT="63" WIDTH="26" VPOS="3091" HPOS="398"/>
<String CONTENT="Harry" HEIGHT="63" WIDTH="200" VPOS="3091" HPOS="425"/>
<SP HEIGHT="63" WIDTH="24" VPOS="3091" HPOS="626"/>
<String CONTENT="Bartow," HEIGHT="66" WIDTH="258" VPOS="3091" HPOS="651"/>
<SP HEIGHT="59" WIDTH="30" VPOS="3098" HPOS="910"/>
<String CONTENT="1869-" HEIGHT="50" WIDTH="170" VPOS="3097" HPOS="941"/>
</TextLine>
<TextLine HEIGHT="71" WIDTH="1925" VPOS="3164" HPOS="236" STYLEREFS="StyleId-83889777-9162-4229-9BC1-B37F0D73AA72-">
<String CONTENT="Philippine" HEIGHT="69" WIDTH="334" VPOS="3164" HPOS="236"/>
<SP HEIGHT="34" WIDTH="29" VPOS="3185" HPOS="571"/>
<String CONTENT="uncertainty," HEIGHT="67" WIDTH="377" VPOS="3168" HPOS="601"/>
<SP HEIGHT="49" WIDTH="32" VPOS="3186" HPOS="979"/>
<String CONTENT="an" HEIGHT="33" WIDTH="72" VPOS="3186" HPOS="1012"/>
<SP HEIGHT="51" WIDTH="32" VPOS="3168" HPOS="1085"/>
<String CONTENT="American" HEIGHT="54" WIDTH="305" VPOS="3168" HPOS="1118"/>
<SP HEIGHT="49" WIDTH="30" VPOS="3186" HPOS="1424"/>
<String CONTENT="problem," HEIGHT="68" WIDTH="272" VPOS="3167" HPOS="1455"/>
<SP HEIGHT="67" WIDTH="30" VPOS="3167" HPOS="1728"/>
<String CONTENT="by" HEIGHT="68" WIDTH="74" VPOS="3167" HPOS="1759"/>
<SP HEIGHT="68" WIDTH="30" VPOS="3167" HPOS="1834"/>
<String CONTENT="Harry" HEIGHT="68" WIDTH="197" VPOS="3167" HPOS="1865"/>
<SP HEIGHT="69" WIDTH="32" VPOS="3166" HPOS="2063"/>
<String CONTENT="B." HEIGHT="52" WIDTH="65" VPOS="3166" HPOS="2096"/>
</TextLine>
<TextLine HEIGHT="72" WIDTH="1935" VPOS="3240" HPOS="166" STYLEREFS="StyleId-83889777-9162-4229-9BC1-B37F0D73AA72-" CS="1">
<String CONTENT="Hawes;" HEIGHT="68" WIDTH="235" VPOS="3240" HPOS="166"/>
<SP HEIGHT="48" WIDTH="46" VPOS="3260" HPOS="402"/>
<String CONTENT="with" HEIGHT="52" WIDTH="138" VPOS="3243" HPOS="449"/>
<SP HEIGHT="53" WIDTH="45" VPOS="3243" HPOS="588"/>
<String CONTENT="a" HEIGHT="33" WIDTH="29" VPOS="3263" HPOS="634"/>
<SP HEIGHT="53" WIDTH="44" VPOS="3243" HPOS="664"/>
<String CONTENT="foreword" HEIGHT="53" WIDTH="282" VPOS="3243" HPOS="709"/>
<SP HEIGHT="52" WIDTH="42" VPOS="3244" HPOS="992"/>
<String CONTENT="by" HEIGHT="67" WIDTH="74" VPOS="3245" HPOS="1035"/>
<SP HEIGHT="68" WIDTH="45" VPOS="3244" HPOS="1110"/>
<String CONTENT="Senator" HEIGHT="55" WIDTH="240" VPOS="3244" HPOS="1156"/>
<SP HEIGHT="54" WIDTH="43" VPOS="3246" HPOS="1397"/>
<String CONTENT="William" HEIGHT="55" WIDTH="256" VPOS="3245" HPOS="1441"/>
<SP HEIGHT="51" WIDTH="44" VPOS="3244" HPOS="1698"/>
<String CONTENT="E." HEIGHT="52" WIDTH="66" VPOS="3244" HPOS="1743"/>
<SP HEIGHT="52" WIDTH="48" VPOS="3244" HPOS="1810"/>
<String CONTENT="Borah" HEIGHT="54" WIDTH="192" VPOS="3244" HPOS="1859"/>
<SP HEIGHT="54" WIDTH="49" VPOS="3244" HPOS="2052"/>
<String CS="1" CONTENT="&#8230;"/>
</TextLine>
<TextLine HEIGHT="75" WIDTH="1394" VPOS="3316" HPOS="166" STYLEREFS="StyleId-83889777-9162-4229-9BC1-B37F0D73AA72-" CS="1">
<String CONTENT="New" HEIGHT="56" WIDTH="136" VPOS="3316" HPOS="166"/>
<SP HEIGHT="54" WIDTH="29" VPOS="3318" HPOS="303"/>
<String CONTENT="York," HEIGHT="69" WIDTH="178" VPOS="3318" HPOS="333"/>
<SP HEIGHT="67" WIDTH="25" VPOS="3320" HPOS="512"/>
<String CONTENT="London," HEIGHT="66" WIDTH="255" VPOS="3320" HPOS="538"/>
<SP HEIGHT="65" WIDTH="26" VPOS="3321" HPOS="794"/>
<String CONTENT="The" HEIGHT="52" WIDTH="120" VPOS="3321" HPOS="821"/>
<SP HEIGHT="54" WIDTH="29" VPOS="3322" HPOS="942"/>
<String CONTENT="Century" HEIGHT="68" WIDTH="253" VPOS="3322" HPOS="972"/>
<SP HEIGHT="50" WIDTH="26" VPOS="3340" HPOS="1226"/>
<String CONTENT="co." HEIGHT="36" WIDTH="77" VPOS="3340" HPOS="1253"/>
<SP HEIGHT="34" WIDTH="35" VPOS="3357" HPOS="1331"/>
<String CS="1" CONTENT="["/>
<String STYLE="superscript" CS="1" CONTENT="&#7580;1"/>
<String CONTENT="932]" HEIGHT="65" WIDTH="118" VPOS="3325" HPOS="1442"/>
</TextLine>
<TextLine HEIGHT="54" WIDTH="1358" VPOS="3391" HPOS="238" STYLEREFS="StyleId-83889777-9162-4229-9BC1-B37F0D73AA72-" CS="1">
<String CONTENT="xvii," HEIGHT="48" WIDTH="116" VPOS="3392" HPOS="238"/>
<SP HEIGHT="49" WIDTH="30" VPOS="3391" HPOS="355"/>
<String CONTENT="360" HEIGHT="42" WIDTH="87" VPOS="3391" HPOS="386"/>
<SP HEIGHT="49" WIDTH="30" VPOS="3393" HPOS="474"/>
<String CONTENT="p." HEIGHT="37" WIDTH="42" VPOS="3405" HPOS="505"/>
<SP HEIGHT="40" WIDTH="59" VPOS="3394" HPOS="548"/>
<String CS="1" CONTENT="front." HEIGHT="40" WIDTH="135" VPOS="3394" HPOS="608"/>
<SP HEIGHT="48" WIDTH="28" VPOS="3394" HPOS="758"/>
<String CONTENT="(port.)" HEIGHT="49" WIDTH="170" VPOS="3394" HPOS="787"/>
<SP HEIGHT="46" WIDTH="41" VPOS="3397" HPOS="958"/>
<String CONTENT="plates." HEIGHT="47" WIDTH="170" VPOS="3396" HPOS="1000"/>
<SP HEIGHT="40" WIDTH="61" VPOS="3395" HPOS="1171"/>
<String CONTENT="21" HEIGHT="40" WIDTH="55" VPOS="3395" HPOS="1233"/>
<String STYLE="superscript" CS="1" CONTENT="&#7580;&#7504;"/>
<String CONTENT="." HEIGHT="9" WIDTH="8" VPOS="3427" HPOS="1340"/>
<SP HEIGHT="49" WIDTH="116" VPOS="3396" HPOS="1349"/>
<String CONTENT="$3.00" HEIGHT="50" WIDTH="130" VPOS="3395" HPOS="1466"/>
</TextLine>
<TextLine HEIGHT="51" WIDTH="625" VPOS="3449" HPOS="237">
<String CONTENT="Maps" HEIGHT="49" WIDTH="139" VPOS="3449" HPOS="237"/>
<SP HEIGHT="31" WIDTH="30" VPOS="3460" HPOS="377"/>
<String CONTENT="on" HEIGHT="29" WIDTH="61" VPOS="3462" HPOS="408"/>
<SP HEIGHT="37" WIDTH="29" VPOS="3452" HPOS="470"/>
<String CONTENT="lining-papers." HEIGHT="50" WIDTH="362" VPOS="3450" HPOS="500"/>
</TextLine>
<TextLine HEIGHT="50" WIDTH="456" VPOS="3506" HPOS="239">
<String CONTENT="&#8220;First" HEIGHT="41" WIDTH="162" VPOS="3506" HPOS="239"/>
<SP HEIGHT="46" WIDTH="32" VPOS="3509" HPOS="402"/>
<String CONTENT="printing.&#8221;" HEIGHT="49" WIDTH="260" VPOS="3507" HPOS="435"/>
</TextLine>
<TextLine HEIGHT="52" WIDTH="703" VPOS="3561" HPOS="238">
<String CONTENT="Bibliography" HEIGHT="50" WIDTH="348" VPOS="3561" HPOS="238"/>
<SP HEIGHT="36" WIDTH="16" VPOS="3575" HPOS="587"/>
<String CONTENT=":" HEIGHT="29" WIDTH="9" VPOS="3575" HPOS="604"/>
<SP HEIGHT="38" WIDTH="34" VPOS="3575" HPOS="614"/>
<String CONTENT="p." HEIGHT="38" WIDTH="42" VPOS="3575" HPOS="649"/>
<SP HEIGHT="42" WIDTH="30" VPOS="3563" HPOS="692"/>
<String CONTENT="339-350." HEIGHT="42" WIDTH="218" VPOS="3563" HPOS="723"/>
</TextLine>
<TextLine HEIGHT="57" WIDTH="1610" VPOS="3615" HPOS="177" CS="1">
<String CONTENT="&#169;" HEIGHT="52" WIDTH="49" VPOS="3615" HPOS="177"/>
<SP HEIGHT="52" WIDTH="27" VPOS="3615" HPOS="227"/>
<String CONTENT="Feb." HEIGHT="42" WIDTH="110" VPOS="3620" HPOS="255"/>
<SP HEIGHT="41" WIDTH="26" VPOS="3621" HPOS="366"/>
<String CONTENT="9," HEIGHT="48" WIDTH="39" VPOS="3621" HPOS="393"/>
<SP HEIGHT="46" WIDTH="27" VPOS="3623" HPOS="433"/>
<String CONTENT="1932;" HEIGHT="48" WIDTH="139" VPOS="3621" HPOS="461"/>
<SP HEIGHT="47" WIDTH="27" VPOS="3622" HPOS="601"/>
<String CONTENT="2c." HEIGHT="39" WIDTH="65" VPOS="3622" HPOS="629"/>
<SP HEIGHT="28" WIDTH="29" VPOS="3634" HPOS="695"/>
<String CONTENT="and" HEIGHT="39" WIDTH="94" VPOS="3623" HPOS="725"/>
<SP HEIGHT="39" WIDTH="27" VPOS="3623" HPOS="820"/>
<String CONTENT="aff." HEIGHT="43" WIDTH="82" VPOS="3622" HPOS="848"/>
<SP HEIGHT="42" WIDTH="28" VPOS="3623" HPOS="931"/>
<String CONTENT="Feb." HEIGHT="40" WIDTH="109" VPOS="3623" HPOS="960"/>
<SP HEIGHT="40" WIDTH="25" VPOS="3623" HPOS="1070"/>
<String CONTENT="12;" HEIGHT="46" WIDTH="81" VPOS="3623" HPOS="1096"/>
<SP HEIGHT="46" WIDTH="30" VPOS="3623" HPOS="1178"/>
<!-- cceid 011D07D1-6D7D-1014-B4A5-D7A31D17AB40 --><String CONTENT="A" HEIGHT="38" WIDTH="38" VPOS="3623" HPOS="1209"/>
<SP HEIGHT="38" WIDTH="26" VPOS="3623" HPOS="1248"/>
<String CONTENT="47571;" HEIGHT="47" WIDTH="172" VPOS="3624" HPOS="1275"/>
<SP HEIGHT="49" WIDTH="30" VPOS="3622" HPOS="1448"/>
<String CONTENT="Century" HEIGHT="50" WIDTH="214" VPOS="3622" HPOS="1479"/>
<SP HEIGHT="37" WIDTH="26" VPOS="3635" HPOS="1694"/>
<String CONTENT="co." HEIGHT="30" WIDTH="66" VPOS="3635" HPOS="1721"/>
</TextLine>
<TextLine HEIGHT="48" WIDTH="249" VPOS="3677" HPOS="253">
<String CONTENT="(32-4535)" HEIGHT="48" WIDTH="249" VPOS="3677" HPOS="253"/>
</TextLine>
<TextLine HEIGHT="67" WIDTH="977" VPOS="3765" HPOS="164" STYLEREFS="StyleId-E4EAD17C-6AF4-4CA9-9F4C-77A0B2843AF5-">
<String CONTENT="Henderson," HEIGHT="65" WIDTH="364" VPOS="3765" HPOS="164"/>
<SP HEIGHT="63" WIDTH="25" VPOS="3767" HPOS="529"/>
<String CONTENT="James" HEIGHT="53" WIDTH="202" VPOS="3767" HPOS="555"/>
<SP HEIGHT="52" WIDTH="25" VPOS="3768" HPOS="758"/>
<String CONTENT="Max," HEIGHT="64" WIDTH="157" VPOS="3768" HPOS="784"/>
<SP HEIGHT="58" WIDTH="28" VPOS="3774" HPOS="942"/>
<String CONTENT="1895-" HEIGHT="49" WIDTH="170" VPOS="3773" HPOS="971"/>
</TextLine>
<TextLine HEIGHT="71" WIDTH="1920" VPOS="3842" HPOS="238" STYLEREFS="StyleId-83889777-9162-4229-9BC1-B37F0D73AA72-">
<String CONTENT="Wisconsin" HEIGHT="54" WIDTH="320" VPOS="3842" HPOS="238"/>
<SP HEIGHT="50" WIDTH="45" VPOS="3845" HPOS="559"/>
<String CONTENT="law" HEIGHT="53" WIDTH="108" VPOS="3845" HPOS="605"/>
<SP HEIGHT="34" WIDTH="42" VPOS="3864" HPOS="714"/>
<String CONTENT="of" HEIGHT="51" WIDTH="65" VPOS="3846" HPOS="757"/>
<SP HEIGHT="52" WIDTH="39" VPOS="3846" HPOS="823"/>
<String CONTENT="corporations" HEIGHT="65" WIDTH="392" VPOS="3846" HPOS="863"/>
<SP HEIGHT="32" WIDTH="43" VPOS="3866" HPOS="1256"/>
<String CONTENT="with" HEIGHT="51" WIDTH="139" VPOS="3847" HPOS="1300"/>
<SP HEIGHT="52" WIDTH="45" VPOS="3846" HPOS="1440"/>
<String CONTENT="forms," HEIGHT="66" WIDTH="197" VPOS="3846" HPOS="1486"/>
<SP HEIGHT="65" WIDTH="40" VPOS="3847" HPOS="1684"/>
<String CONTENT="by" HEIGHT="66" WIDTH="76" VPOS="3847" HPOS="1725"/>
<SP HEIGHT="66" WIDTH="41" VPOS="3847" HPOS="1802"/>
<String CONTENT="James" HEIGHT="53" WIDTH="193" VPOS="3847" HPOS="1844"/>
<SP HEIGHT="51" WIDTH="41" VPOS="3846" HPOS="2038"/>
<String CONTENT="M." HEIGHT="51" WIDTH="78" VPOS="3846" HPOS="2080"/>
</TextLine>
<TextLine HEIGHT="73" WIDTH="1788" VPOS="3918" HPOS="169" STYLEREFS="StyleId-83889777-9162-4229-9BC1-B37F0D73AA72-" CS="1">
<String CONTENT="Henderson" HEIGHT="56" WIDTH="336" VPOS="3918" HPOS="169"/>
<SP HEIGHT="32" WIDTH="34" VPOS="3942" HPOS="506"/>
<String CS="1" CONTENT="&#8230;"/>
<SP HEIGHT="53" WIDTH="80" VPOS="3921" HPOS="596"/>
<String CONTENT="Chicago." HEIGHT="68" WIDTH="268" VPOS="3921" HPOS="677"/>
<SP HEIGHT="54" WIDTH="32" VPOS="3924" HPOS="946"/>
<String CONTENT="Callaghan" HEIGHT="68" WIDTH="320" VPOS="3923" HPOS="979"/>
<SP HEIGHT="33" WIDTH="30" VPOS="3943" HPOS="1300"/>
<String CONTENT="and" HEIGHT="52" WIDTH="112" VPOS="3924" HPOS="1331"/>
<SP HEIGHT="52" WIDTH="30" VPOS="3924" HPOS="1444"/>
<String CONTENT="company," HEIGHT="49" WIDTH="297" VPOS="3942" HPOS="1475"/>
<SP HEIGHT="63" WIDTH="34" VPOS="3928" HPOS="1773"/>
<String CONTENT="1932." HEIGHT="48" WIDTH="149" VPOS="3927" HPOS="1808"/>
</TextLine>
</TextBlock>
</PrintSpace>
</Page>
</Layout>
</alto>