2563 4368
1158 4140 132 51 1861

199 527 337 61 Lindskold,
567 527 191 56 Swan.

270 604 228 56 Success
528 604 59 53 in
617 603 95 54 the
741 602 253 53 business
1022 601 64 54 of
1115 599 203 68 living,
1344 600 76 65 by
1450 598 172 55 Swan
1650 596 335 54 Lindskold.

201 595 1963 154 Chicago,
384 683 113 64 Ill.,
529 681 160 55 State
718 682 108 50 law
856 678 263 68 printing
1148 694 279 49 company
1572 677 84 64 [ᶜ1932]

271 751 714 52 3 p. l., v, 271, [1] p. 19½ᶜᵐ.
277 810 344 48 Bibliography;
685 809 55 50 [1]
772 819 41 36 p.
845 809 51 38 at
926 806 106 41 end.

204 858 1987 58 © Dec. 9, 1932; 2c. and aff. Dec. 15; A 58344; S. Lindskold, Rockford,
274 926 72 38 Ill.
417 921 278 50 (32-35599)

200 1011 360 65 Massengill,
592 1009 236 57 Samuel
859 1011 219 61 Evans,
1111 1011 169 52 1871-

268 1092 57 52 A
354 1088 244 55 diabetic
628 1087 199 69 guide;
861 1086 227 53 written
1119 1083 304 71 primarily
1454 1084 95 54 for
1577 1082 96 55 the
1702 1081 241 56 doctor’s
1973 1082 222 69 patient

201 1169 111 53 and
345 1167 139 53 with
514 1164 355 70 suggestions
900 1169 58 48 to
988 1163 95 54 the
1114 1162 196 54 doctor
1339 1161 95 54 for
1464 1159 269 71 assisting
1761 1159 137 69 him,
1926 1158 78 71 by
201 1159 1970 140 Samuel

316 1236 1881 75 Evans Massengill, M. D. [Bristol, Tenn., Press of the King
201 1320 795 72 printing company] ᶜ19 32.
341 1391 710 53 xv, 232 p. illus., col. pl. 23½ ᶜᵐ.
275 1453 231 39 Erratum
533 1450 95 49 slip
654 1448 100 42 laid
782 1448 64 41 in.

211 1505 51 53 ©
295 1510 100 40 Oct.
426 1509 70 46 31,
526 1507 139 47 1932;
699 1508 66 40 2c.
797 1505 109 39 Dec.
983 1516 8 35 6;
1025 1505 52 38 aff.
1139 1504 117 41 Nov.
1287 1504 53 45 2;
1374 1503 40 39 A
1446 1502 171 49 58289;
1652 1504 44 40 S.
1729 1505 53 39 E.
1815 1502 283 50 Massengill
2130 1513 68 32 co.

287 1563 278 51 (32-35639)

206 1652 287 65 Maxwell,
526 1652 143 52 Paul
701 1651 273 64 Ammon,
1009 1655 169 49 1894-

279 1727 262 56 Cultural
562 1726 228 55 natural
812 1728 209 50 science
1045 1725 93 52 for
1157 1725 95 53 the
1275 1723 193 70 junior
1491 1724 142 69 high
1655 1724 187 53 school;
1898 1722 302 69 objectives

209 1800 1992 74 and procedures, by Paul Ammon Maxwell … Baltimore, The
210 1883 285 53 Williams
522 1884 46 49 &
596 1880 251 56 Wilkins
876 1898 296 50 company,
1204 1881 150 51 1932.

279 1950 1460 53 xiii, 82 p., 1 l., 19, 19, 15, 14 p. illus. (incl. maps) 23½ᶜᵐ.
280 2011 131 39 Four
440 2010 202 40 “Junior
671 2009 115 47 high
815 2009 160 40 school
1005 2008 185 41 science
1219 2006 287 54 manual[S]”
1537 2010 61 47 by
1626 2010 121 40 Paul
1779 2010 55 40 A.
1864 2011 96 39 and
1988 2009 136 41 Alice
2151 2008 51 44 C.

212 2068 239 46 Maxwell,
480 2065 255 50 published
763 2065 50 40 in
840 2065 140 49 Peru,
1007 2064 131 48 Neb.,
1166 2062 129 52 1930,
1323 2075 82 30 are
1435 2065 265 49 appended,
1727 2068 119 38 each
1875 2066 120 41 with
2023 2066 178 47 special

212 2126 96 46 t.-p.
348 2124 94 39 and
482 2124 223 47 separate
746 2120 282 49 pagination;
1097 2120 232 42 Antlered
1367 2122 104 39 folk
1521 2121 79 49 (19
1639 2121 68 50 p.);
1788 2121 209 42 Famous
2036 2124 167 39 canals

221 2180 80 48 (19
334 2179 69 48 p.);
476 2178 293 47 Mysterious
803 2187 298 38 messengers
1135 2177 128 40 from
1296 2178 83 39 the
1412 2178 89 47 sky
1543 2177 80 48 (15
1658 2178 68 48 p.);
1798 2178 102 42 The
1935 2179 268 40 aluminum

213 2235 155 41 riddle
402 2236 79 48 (14
506 2234 92 49 p.).
653 2232 347 43 “References”
1027 2243 82 30 are
1135 2235 50 38 at
1210 2234 91 39 end
1327 2233 52 40 of
1404 2234 118 39 each
1547 2235 211 39 manual.

282 2291 347 49 Bibliography;
690 2301 43 38 p.
763 2288 159 43 72-80.

218 2348 52 52 ©
294 2354 118 38 Nov.
435 2352 39 46 9,
499 2351 112 40 1932;
664 2349 66 41 2c.
756 2349 95 40 and
877 2349 81 39 aff.
983 2350 116 38 Nov.
1126 2348 54 40 23;
1235 2348 41 40 A
1300 2347 172 49 58190;
1499 2350 50 40 P.
1573 2349 57 40 A.
1655 2348 242 49 Maxwell,
1924 2350 142 47 Peru,
2091 2347 116 43 Neb.

295 2407 279 51 (32-35482)

217 2500 188 63 Mead,
436 2497 283 54 Franklin
750 2498 66 53 B.

285 2573 212 54 Heroic
530 2576 212 51 statues
777 2573 58 52 in
872 2573 205 53 bronze
1112 2571 64 55 of
1211 2571 296 55 Abraham
1544 2571 259 69 Lincoln,
1839 2571 370 72 introducing

219 2652 93 53 the
348 2650 246 54 Hoosier
631 2650 179 69 youth
849 2649 65 54 of
952 2650 149 53 Paul
1140 2649 292 70 Manship,
1469 2649 76 70 by
1585 2648 285 55 Franklin
1911 2651 68 53 B.
2019 2650 189 54 Mead.

219 2730 141 52 Fort
386 2729 237 67 Wayne,
651 2728 148 69 Ind.,
826 2727 120 53 The
974 2726 241 54 Lincoln
1243 2727 258 53 national
1530 2726 105 55 life
1665 2725 361 72 foundation,
2058 2730 151 51 1932.

288 2798 976 54 93, [1] p. incl. col. front., plates. 27½ ᶜᵐ.
225 2855 51 52 ©
301 2860 117 39 Nov.
441 2859 69 47 26,
535 2858 112 41 1932;
701 2856 66 44 2c.
793 2859 94 39 and
913 2856 80 42 aff.
1019 2858 112 39 Dec.
1156 2857 55 40 15;
1265 2857 40 40 A
1331 2857 143 41 58452;
1528 2857 199 41 Lincoln
1751 2859 119 40 natl.
1897 2857 87 41 life
292 2859 1901 96 foundation.
478 2914 277 49 (32-35514)

220 3002 284 65 Milligan,
535 3002 244 67 George,
811 3007 169 50 1860-

223 3076 1965 150 The New Testament and its transmission, by George Milligan … with a frontispiece
1103 3156 114 53 and
1248 3156 87 54 six
1369 3155 323 55 facsimiles.
1761 3157 259 70 London,
223 3158 1964 129 Hodder
349 3234 113 53 and
493 3232 323 70 Stoughton
845 3232 222 55 limited
1190 3235 84 65 [1932]

296 3302 1918 55 xiii p., 2 l., [3]-204 p. front., facsims. 19ᶜᵐ. (Half-title: The Baird
226 3362 204 41 lectures
461 3363 77 39 for
569 3360 225 49 1929-30)

297 3418 68 38 “A
400 3418 130 40 brief
568 3418 84 40 list
690 3417 53 41 of
776 3417 148 40 books
961 3419 81 39 for
1077 3417 202 48 English
1321 3417 224 42 readers”;
1615 3429 43 38 p.
1698 3417 216 44 186-188.

230 3467 1988 60 © 1c. Nov. 16. 1932; A ad int. 17078; pubd. Oct. 13; Hodder & Stoughton,
300 3533 83 38 ltd.
454 3530 279 51 (32-35900)

229 3605 218 53 Mohun
478 3606 50 52 &
557 3604 222 68 Elliott,
811 3607 395 69 Washington,
1234 3610 70 51 D.
1338 3611 61 52 C.

298 3683 121 50 The
446 3683 262 51 Revenue
736 3690 90 46 act
854 3682 64 52 of
948 3686 151 64 1932,
1127 3685 292 65 approved
1447 3684 150 53 June
1625 3689 48 62 6,
1704 3687 150 50 1932.
230 3686 1963 125 Introduction

383 3755 1836 77 and indices by Mohun & Elliott … [Washington, D. C.,
231 3833 897 71 Press of B. S. Adams, ᶜ19 32]
302 3907 131 48 xxiv,
461 3907 83 41 171
573 3919 43 37 p.
674 3907 57 41 22½ᶜᵐ.

239 3958 50 52 ©
313 3962 116 41 Nov.
454 3964 67 48 18,
546 3964 112 40 1932;
710 3963 65 43 2c.
801 3966 95 39 and
919 3965 80 40 aff.
1025 3966 117 40 Nov.
1165 3965 55 40 28;
1272 3965 41 41 A
1336 3966 146 40 58122;
1532 3967 111 41 Geo.
1666 3969 54 38 E.
1744 3966 185 48 Elliott,
1954 3966 270 50 practicing

306 4021 94 37 law
426 4020 152 39 under
604 4020 82 40 the
711 4019 107 41 firm
844 4031 140 29 name
1013 4021 180 42 Mohun
1221 4023 36 38 &
1285 4021 186 50 Elliott,
1499 4023 332 47 Washington.

315 4074 278 49 (32-35647)
