2563 4368
1077 4091 132 52 1029

131 488 377 65 Meiklejohn,
543 486 352 65 Alexander,
931 488 171 55 1872-

200 567 122 51 The
355 565 431 67 Experimental
819 565 227 66 college,
1077 564 74 67 by
1185 563 327 52 Alexander
1544 560 370 69 Meiklejohn.
1983 561 136 51 New

133 643 160 53 York
320 643 111 53 and
456 643 256 66 London,
737 641 233 67 Harper
995 643 46 50 &
1064 640 276 68 brothers,
1367 641 150 52 1932.

201 727 820 49 xix, 421 p. front. (port.) 22½ ᶜᵐ.
203 785 161 40 “First
392 783 225 41 edition.”

204 841 145 40 “This
377 841 121 40 book
527 842 219 46 presents
776 840 82 40 the
885 839 93 40 full
1008 842 103 37 text
1142 840 51 39 of
1221 840 83 40 the
1334 841 162 44 report
1525 837 158 42 which
1712 838 82 41 the
1822 837 219 43 advisers
2071 839 52 40 of

134 900 81 39 the
250 896 363 49 Experimental
648 898 192 46 college,
878 895 48 39 in
962 895 263 48 February,
1260 894 128 49 1932,
1424 895 255 49 presented
1714 898 50 38 to
1800 896 82 39 the
1917 894 206 49 Faculty

132 955 54 41 of
212 955 170 40 letters
410 954 95 39 and
534 952 185 41 science
747 952 51 40 of
825 954 83 38 the
936 951 280 48 University
1245 952 51 39 of
1324 949 524 50 Wisconsin.”—Pref.,
1877 961 43 37 p.
1951 950 114 43 xvii.

205 1009 387 49 Bibliographies
619 1009 225 40 included
871 1008 51 39 in
951 1007 362 48 “Assignments
1341 1006 280 50 prepared”.

139 1077 51 52 ©
217 1082 125 38 June
367 1080 38 48 8,
432 1079 112 41 1932;
599 1080 65 39 2c.
693 1080 125 39 June
845 1080 24 39 7;
925 1078 80 40 aff.
1035 1079 114 47 July
1177 1078 80 47 12;
1287 1079 40 39 A
1353 1079 143 40 53144;
1553 1080 194 47 Harper
1773 1080 36 40 &
1835 1080 125 40 bros.

219 1136 277 50 (32-26739)

134 1246 299 66 Merriam,
466 1246 263 64 Charles,
761 1251 170 50 1885-

204 1322 287 68 Machete;
538 1322 81 53 “it
662 1323 301 67 happened
1008 1322 60 52 in
1111 1321 276 69 Mexico”,
1431 1322 75 69 by
1554 1320 235 55 Charles
1832 1322 292 53 Merriam.

134 1398 1306 70 Dallas, Tex., The Southwest press [ ᶜ19 32 ]
208 1485 762 51 v, 231 p. front., plates. 21 ᶜᵐ.
207 1549 73 39 An
313 1551 204 37 account
550 1547 52 40 of
635 1549 81 38 the
750 1546 218 41 author’s
1002 1546 308 48 experiences
1345 1558 54 28 as
1436 1547 110 40 “the
1583 1546 193 41 doctor”
1814 1558 61 29 on
1912 1559 27 28 a
1979 1557 148 38 sugar

137 1609 275 48 plantation
438 1609 51 40 in
516 1609 350 47 Tehuantepec,
897 1608 186 39 Mexico;
1143 1618 29 29 a
1201 1609 146 46 study
1376 1608 52 39 of
1456 1608 83 40 the
1567 1607 88 42 life
1685 1610 95 38 and
138 1609 1971 98 characteristics

253 1666 53 40 of
328 1667 82 39 the
434 1665 223 40 Mexican
682 1675 160 37 peons.

147 1734 51 51 ©
224 1738 114 47 July
364 1739 38 44 1,
429 1736 112 40 1932;
596 1736 66 41 2c.
689 1737 95 39 and
811 1735 81 40 aff.
919 1736 115 46 July
1060 1735 25 40 5;
1140 1736 41 38 A
1207 1734 145 41 52907;
1409 1735 277 41 Southwest
1710 1746 149 38 press.

222 1794 278 48 (32-18010)

138 1896 297 65 Metcalfe,
465 1897 140 52 Mrs.
635 1895 163 54 Alice
839 1893 278 67 (Jolliffe)
1158 1899 172 51 1908-

210 1969 1921 70 Substitute, by Jolliffe Metcalfe … London, Jarrolds, limited
145 2052 172 66 [1932]

209 2118 656 50 5 p. l., 15-287 p. 19½ᶜᵐ.
147 2191 1983 50 © 1c. June 10, 1932; A ad int. 16511; pubd. Apr. 15; Alice Metcalfe,
215 2250 210 40 London.
496 2248 278 49 (32-18616)

141 2352 208 66 Miller,
381 2354 158 64 Max,
575 2358 171 49 1901-

212 2432 32 51 1
280 2448 163 35 cover
476 2430 96 52 the
606 2434 175 48 waterfront.
997 2430 76 68 by
1107 2431 140 51 Max
1281 2429 211 54 Miller.
1566 2432 140 53 New
1743 2431 179 69 York,
1960 2434 68 51 E.
2063 2435 68 52 P.

142 2510 223 51 Dutton
395 2509 113 52 and
538 2526 295 50 company,
862 2508 106 53 inc.
1114 2512 84 63 [ᶜ1932]

216 2596 86 39 204
330 2606 43 37 p.
432 2594 54 40 19½ᶜᵐ.

218 2652 159 40 “First
406 2651 225 41 edition.”

151 2719 51 51 ©
227 2723 127 39 June
376 2723 68 46 10,
469 2720 116 42 1932;
636 2721 68 40 2c.
729 2722 126 39 June
878 2722 55 38 14;
987 2721 81 41 aff.
1094 2722 127 40 June
1245 2722 54 39 15;
1354 2723 41 38 A
1420 2722 141 41 51773;
1618 2724 53 39 E.
1698 2724 50 38 P.
1776 2724 187 39 Dutton
1990 2724 36 40 &
2051 2733 83 39 co.,

218 2779 90 40 inc.
378 2777 278 50 (32-26658)

146 2878 337 56 Minnesota
524 2881 111 52 and
675 2881 187 54 North
902 2886 239 47 western
1184 2881 202 69 digest,
1428 2882 267 69 covering
1737 2884 79 52 all
1857 2901 151 36 cases
215 2901 1892 125 reported

443 2960 62 50 in
531 2959 324 52 Minnesota
880 2964 240 63 reports,
1147 2960 187 53 North
1362 2966 239 47 western
1628 2967 257 63 reporter
1913 2962 113 53 and
2055 2963 78 51 all

218 3036 63 51 of
313 3037 95 52 the
440 3038 187 52 North
661 3042 238 47 western
932 3042 173 48 states
1137 3043 223 63 reports
1394 3038 154 53 from
1580 3039 97 53 the
1710 3039 227 55 earliest
1968 3039 165 56 times

279 3113 1854 72 … Compiled and edited by the publisher’s editorial staff,
258 3191 1386 73 v . 7, 8. St. Paul, West publishing co. [ ᶜ19 32]
218 3278 214 41 2 v. 26 ᶜᵐ.
496 3336 1643 50 CONTENTS. — v. 7. Boundaries-Champerty and maintenance. — v. 8.
154 3391 616 41 Charities-Continuance.

157 3457 51 51 ©
241 3462 115 47 July
388 3462 69 46 13,
489 3461 112 40 1932;
663 3461 66 41 2c.
763 3463 117 39 each
911 3463 120 48 Aug.
1065 3463 25 39 5;
1151 3463 108 41 affs.
1292 3464 120 48 Aug.
1444 3464 26 40 2;
1533 3467 41 38 A
1607 3466 157 46 53503,
1798 3467 144 41 53504;
2005 3469 133 39 West

223 3518 107 47 pub.
356 3529 65 29 co.

151 3621 304 64 Mottram,
484 3621 190 64 Ralph
703 3622 165 65 Hale,
901 3627 170 50 1883-

220 3696 188 52 Home
432 3695 94 53 for
551 3697 98 52 the
671 3697 280 68 holidays,
977 3698 76 68 by
1081 3698 68 52 R.
1178 3699 76 52 H.
1282 3700 293 53 Mottram.
1639 3702 258 67 London,
1926 3702 210 55 Chatto

151 3771 45 51 &
223 3771 262 67 Windus,
516 3775 150 50 1932.

221 3856 639 49 4 p. l., 3-230 p., 1 l. 19½ᶜᵐ.
156 3923 1980 59 © 1c. July 2, 1932; A ad int. 16600; pubd. May 5; R. H. Mottram, Eaton,
228 3984 238 47 Norwich,
495 3986 234 46 England.
799 3985 277 48 (32-18368)
