2563 4368
1389 4012 99 49 168

503 473 177 40 Tables
707 483 61 30 on
795 471 362 49 lining-papers.

441 525 51 52 ©
528 530 109 40 Feb.
672 529 38 49 6,
744 528 141 46 1932;
918 528 68 42 2c.
1021 530 95 39 and
1149 528 82 42 aff.
1265 530 110 38 Feb.
1409 529 80 47 10;
1526 530 40 37 A
1597 530 170 45 47534;
1806 527 350 41 McGraw-Hill
2190 527 122 41 book
2346 538 83 36 co.,

507 586 91 40 inc.
668 585 251 49 (32-4313)

427 687 264 64 Ludwig,
724 688 159 64 Otto,
919 694 323 49 1813-1865.

499 762 109 53 Die
634 764 373 68 Heiterethei,
1032 782 112 35 von
1170 764 139 55 Otto
1334 765 275 68 Ludwig;
1637 764 190 53 edited
1854 763 140 54 with
2019 763 407 68 introduction,

430 839 1996 70 notes, and vocabulary, by J. F. L. Raschen … New York,
431 916 448 67 Prentice-Hall,
911 918 126 67 inc.,
1071 920 148 50 1932.

504 990 1187 50 xxvii, 301 p. incl. front. (port.) illus. 19ᶜᵐ.
506 1047 348 49 Bibliography;
918 1060 43 37 p.
995 1048 300 41 xxvi-xxvii.

443 1101 51 52 ©
529 1106 109 40 Feb.
671 1105 38 49 8,
742 1105 113 41 1932;
916 1105 67 40 2c.
1018 1106 110 39 Feb.
1162 1106 55 38 12;
1279 1104 81 40 aff.
1393 1105 110 40 Feb.
1537 1106 53 37 11;
1654 1105 40 39 A
1725 1105 145 41 48458;
1932 1105 373 50 Prentice-Hall,
2339 1106 91 43 inc.

513 1157 68 54 [©
610 1162 257 49 foreword,
897 1162 343 47 introduction,
1271 1165 137 37 notes
1439 1163 97 39 and
1563 1161 310 51 vocabulary]
520 1218 251 49 (32-4362)

431 1308 352 65 MacCurdy,
816 1309 226 64 George
1074 1310 206 63 Grant,
1314 1315 171 49 1863-

506 1385 120 54 The
651 1386 225 69 coming
900 1386 65 54 of
985 1406 151 48 man,
1164 1404 258 50 pre-man
1450 1387 112 52 and
1589 1386 338 68 prehistoric
1952 1406 149 47 man,
2117 1388 75 67 by
2210 1388 221 67 George

436 1461 1972 148 Grant MacCurdy … New York, The University society, incorporated
807 1577 13 33 [
848 1545 134 50 ᶜ1932
986 1576 14 34 ]

508 1613 1925 53 vi p., 2 l., 157 p. illus. 23ᶜᵐ. (The University series; highlights of
439 1672 198 40 modern
666 1672 295 47 knowledge.
1024 1671 298 40 Prehistoric
1352 1671 377 49 anthropology)

510 1728 177 41 Covers
714 1727 286 50 practically
1030 1730 82 39 the
1138 1739 133 30 same
1298 1729 186 47 ground
1511 1738 55 30 as
1594 1729 81 39 the
1703 1729 218 39 author’s
1952 1729 304 40 two-volume
2285 1730 146 46 work,

441 1786 194 39 Human
663 1785 195 48 origins,
920 1785 61 48 cf.
1011 1786 129 40 Pref.

510 1843 344 47 “Suggestions
883 1842 79 40 for
988 1842 196 40 further
1213 1841 228 49 reading”;
1501 1853 44 37 p.
1572 1841 99 42 145.

446 1896 51 52 ©
528 1901 107 40 Jan.
668 1901 68 47 18,
765 1900 140 48 1932;
937 1899 64 41 2c.
1034 1902 94 38 and
1160 1900 80 40 aff.
1273 1901 108 38 Jan.
1413 1899 82 48 19;
1529 1901 40 37 A
1598 1899 171 48 47236;
1804 1899 281 49 University
2117 1900 194 47 society,
2344 1900 90 41 inc.

524 1957 250 49 (32-4320)

444 2046 369 66 McGroarty,
845 2047 254 55 William
1128 2047 291 63 Buckner,
1449 2048 84 52 ed.

508 2122 407 68 Washington:
947 2122 124 54 first
1103 2122 59 52 in
1193 2124 95 51 the
1318 2123 191 53 hearts
1540 2122 64 53 of
1634 2122 89 55 his
1756 2129 394 61 countrymen;
2186 2122 93 51 the
443 2140 1964 111 orations

617 2200 75 67 by
722 2216 126 34 men
879 2201 127 50 who
1037 2200 114 50 had
1186 2200 205 51 known
1425 2199 379 68 Washington
1836 2199 60 50 in
1927 2217 201 49 person
2163 2198 111 53 and
2308 2198 126 51 who

443 2276 127 52 thus
601 2276 164 52 could
795 2276 173 68 speak
996 2276 139 52 with
1166 2274 306 70 authority.
1540 2275 213 53 Edited
1779 2275 77 68 by
1883 2274 258 54 William
2172 2274 262 53 Buckner

442 2352 362 69 McGroarty,
829 2352 290 68 president
1141 2352 62 52 of
1225 2353 96 54 the
1342 2353 380 68 Washington
1745 2352 207 69 society
1980 2352 62 52 of
2064 2351 367 53 Alexandria.

443 2428 334 69 Richmond,
809 2430 124 66 Va.,
966 2429 235 55 Garrett
1232 2431 46 50 &
1308 2429 225 67 Massie,
1569 2433 147 49 1932.

509 2500 1923 51 xix, 245 p., 1 l. incl. front. (mounted port.) illus. (mounted ports.,
440 2556 214 48 facsim.)
723 2557 116 41 27ᶜᵐ.

512 2613 122 41 Coat
660 2613 53 41 of
741 2624 131 29 arms
900 2624 60 30 on
990 2614 99 46 t.-p.;
1146 2615 118 39 each
1292 2617 111 45 part
1430 2615 234 48 preceded
1693 2615 60 48 by
1781 2615 101 40 leaf
1908 2617 85 39 not
2020 2615 221 41 included
2273 2615 50 40 in
2351 2614 83 42 the

443 2669 186 49 paging.

512 2727 103 40 “An
640 2726 183 40 edition
852 2725 52 41 of
931 2727 256 39 seventeen
1214 2727 221 40 hundred
1463 2727 96 39 and
1585 2725 300 49 ninety-nine
1912 2726 201 49 copies.”
2169 2727 118 41 This
2315 2736 118 40 copy

441 2783 168 48 signed
637 2784 87 39 but
751 2784 85 39 not
863 2782 277 40 numbered.

514 2841 76 39 “It
613 2841 90 39 has
727 2840 118 39 been
872 2840 82 39 the
979 2838 171 47 intent,
1178 2838 49 39 in
1251 2838 282 48 presenting
1556 2839 82 40 the
1662 2839 218 40 orations
1906 2840 115 40 here
2047 2839 310 49 reproduced,
2384 2842 48 39 to

442 2897 183 41 confine
649 2897 132 40 them
805 2898 49 38 to
879 2896 138 39 those
1042 2893 244 42 delivered
1311 2895 61 47 by
1396 2896 236 39 members
1657 2895 51 40 of
1735 2895 83 40 the
1845 2895 427 48 Society.”—Pref.

513 2952 372 49 “Biographical
928 2949 251 42 sketches”;
1250 2962 44 37 p.
1334 2950 215 42 239-245.

511 3009 376 48 Bibliography:
920 3017 43 38 p.
997 3007 99 41 237.

451 3066 51 52 ©
535 3070 111 39 Feb.
677 3068 70 47 22,
778 3067 139 42 1932;
952 3066 66 40 2c.
1052 3066 110 41 Feb.
1195 3067 80 45 17;
1311 3065 81 41 aff.
1425 3067 121 38 Mar.
1579 3065 52 47 2;
1666 3065 42 39 A
1737 3065 171 48 48763;
1943 3065 198 41 Garrett
2173 3066 37 40 &
2241 3065 193 49 Massie,

517 3126 89 40 inc.
678 3124 249 50 (32-5715)

438 3216 337 64 Magruder,
806 3213 198 61 Frank
1031 3213 245 64 Abbott,
1307 3217 170 50 1882-

516 3292 306 53 American
859 3295 397 63 government;
1297 3308 30 33 a
1366 3290 419 52 consideration
1821 3288 63 53 of
1919 3290 96 51 the
2053 3289 282 67 problems
2372 3289 65 53 of

445 3372 345 66 democracy.
865 3369 137 52 New
1033 3368 106 52 enl.
1169 3369 102 65 ed.,
1303 3371 150 49 1932.
1529 3368 89 68 By
1647 3367 197 52 Frank
1873 3367 220 53 Abbott
2122 3367 312 69 Magruder

506 3446 1664 68 … Boston, New York [etc.] Allyn and Bacon [ᶜ1932]
517 3523 136 46 xviii,
681 3521 98 48 721,
809 3521 57 40 50
892 3531 43 37 p.
994 3521 164 46 front.,
1186 3520 142 47 illus.,
1357 3530 150 38 maps,
1538 3520 177 49 diagrs.
1777 3519 55 41 19½ᶜᵐ

519 3578 348 48 Bibliography
897 3580 51 37 at
978 3578 91 39 end
1099 3576 54 41 of
1182 3577 117 39 each
1330 3577 213 47 chapter.

453 3631 53 51 ©
537 3636 111 41 Dec.
682 3634 71 47 29,
785 3633 113 41 1931;
961 3634 65 40 2c.
1061 3634 94 39 and
1188 3633 80 39 aff.
1305 3633 108 39 Feb.
1449 3633 68 46 12,
1553 3632 112 42 1932;
1729 3633 40 39 A
1801 3633 143 40 47575;
2009 3633 142 47 Allyn
2186 3633 37 40 &
2256 3634 176 40 Bacon.

529 3691 249 47 (32-4424)

440 3779 217 64 Malvil,
688 3780 220 56 André.

513 3854 122 53 The
664 3874 162 35 seven
857 3861 161 61 stars,
1046 3855 73 67 by
1149 3854 195 54 André
1371 3855 220 54 Malvil.
1657 3855 135 52 New
1824 3854 175 67 York,
2028 3854 121 53 The
445 3851 1964 132 Macmillan
574 3949 293 50 company,
904 3935 148 50 1932.
