<alto xmlns="http://www.loc.gov/standards/alto/ns-v3#" xmlns:xlink="http://www.w3.org/1999/xlink" xmlns:xsi="http://www.w3.org/2001/XMLSchema-instance" xsi:schemaLocation="http://www.loc.gov/standards/alto/ns-v3# http://www.loc.gov/alto/v3/alto-3-0.xsd"><Description>
<MeasurementUnit>pixel</MeasurementUnit>
<sourceImageInformation>
<fileName>1932_v29_part001.pdf</fileName>
</sourceImageInformation>
<OCRProcessing ID="IdOcr">
<ocrProcessingStep>
<processingDateTime>2019-04-25</processingDateTime>
<processingSoftware>
<softwareCreator>ABBYY</softwareCreator>
<softwareName>ABBYY Recognition Server</softwareName>
<softwareVersion>4.0</softwareVersion>
</processingSoftware>
</ocrProcessingStep>
</OCRProcessing>
</Description>
<Styles>
<ParagraphStyle ID="StyleId-FFFFFFFF-FFFF-FFFF-FFFF-FFFFFFFFFFFF-" ALIGN="Left" LEFT="0." RIGHT="0." FIRSTLINE="0."/>
<ParagraphStyle ID="StyleId-547D96D3-B2DE-4E86-A4BD-9DDFC275973A-" ALIGN="Left" LEFT="0." RIGHT="0." FIRSTLINE="0." LINESPACE="7.699999809"/>
<ParagraphStyle ID="StyleId-BE433B82-DF6F-491A-9872-F562FF4150C8-" ALIGN="Block" LEFT="0." RIGHT="0." FIRSTLINE="-13." LINESPACE="7.900000095"/>
<ParagraphStyle ID="StyleId-CC286467-50C5-4655-B0CF-BA365CCE0736-" ALIGN="Block" LEFT="0." RIGHT="0." FIRSTLINE="-15." LINESPACE="8.479999542"/>
<ParagraphStyle ID="StyleId-9878414D-BEDB-487D-971A-CF5ADB5C4AD2-" ALIGN="Block" LEFT="0." RIGHT="0." FIRSTLINE="-14." LINESPACE="10.92000008"/>
<ParagraphStyle ID="StyleId-EBC70DE5-3635-4BD4-B07B-05DF6EFE0022-" ALIGN="Block" LEFT="0." RIGHT="0." FIRSTLINE="-13." LINESPACE="12.19999981"/>
<ParagraphStyle ID="StyleId-8A688F83-F017-4D5D-A00A-14637016ED45-" ALIGN="Left" LEFT="0." RIGHT="0." FIRSTLINE="0." LINESPACE="9.399999619"/>
<ParagraphStyle ID="StyleId-20F0BBAE-20C6-42F4-8113-00B5C02924DC-" ALIGN="Left" LEFT="0." RIGHT="0." FIRSTLINE="0." LINESPACE="11.10000038"/>
<ParagraphStyle ID="StyleId-7AA70148-8873-4ACB-90AE-BF9322E02302-" ALIGN="Left" LEFT="0." RIGHT="0." FIRSTLINE="-13." LINESPACE="11.09000015"/>
<ParagraphStyle ID="StyleId-072EF7BA-7207-4F8B-9A7C-F564E8B4CB16-" ALIGN="Left" LEFT="0." RIGHT="0." FIRSTLINE="-14." LINESPACE="12.19999981"/>
<ParagraphStyle ID="StyleId-44303D12-21D7-4DB0-9E9F-87FA1A861DD7-" ALIGN="Block" LEFT="0." RIGHT="0." FIRSTLINE="-14." LINESPACE="10.92000008"/>
<ParagraphStyle ID="StyleId-43CF0D44-8AC2-4CD0-865F-942C78705184-" ALIGN="Block" LEFT="0." RIGHT="0." FIRSTLINE="-13." LINESPACE="12.19999981"/>
<ParagraphStyle ID="StyleId-7A298A86-29F5-413A-AEC9-078A4CC464D7-" ALIGN="Block" LEFT="0." RIGHT="0." FIRSTLINE="13." LINESPACE="12.19999981"/>
<ParagraphStyle ID="StyleId-8E4E86F7-C1F9-4A1A-B605-6B1FC1C8E9F7-" ALIGN="Left" LEFT="0." RIGHT="0." FIRSTLINE="0." LINESPACE="11.60000038"/>
<ParagraphStyle ID="StyleId-AB39791B-5ED1-444F-BEF5-2CFED1F2709A-" ALIGN="Left" LEFT="0." RIGHT="0." FIRSTLINE="-13." LINESPACE="11.09000015"/>
<ParagraphStyle ID="StyleId-C1F2EEE7-CD00-4E11-9EAD-B222287AEDA4-" ALIGN="Center" LEFT="0." RIGHT="0." FIRSTLINE="0." LINESPACE="11.10000038"/>
</Styles>
<Layout>
<Page ID="Page784" PHYSICAL_IMG_NR="784" HEIGHT="4368" WIDTH="2563">
<TopMargin HEIGHT="424" WIDTH="2563" VPOS="0" HPOS="0">
</TopMargin>
<LeftMargin HEIGHT="3696" WIDTH="364" VPOS="424" HPOS="0">
</LeftMargin>
<RightMargin HEIGHT="3696" WIDTH="175" VPOS="424" HPOS="2388">
</RightMargin>
<BottomMargin HEIGHT="248" WIDTH="2563" VPOS="4120" HPOS="0">
</BottomMargin>
<PrintSpace HEIGHT="3696" WIDTH="2024" VPOS="424" HPOS="364">
<TextBlock ID="Page784_Block1" HEIGHT="78" WIDTH="122" VPOS="4042" HPOS="1316" LANG="en-US" STYLEREFS="StyleId-DA3AFC8B-CDB9-4FC4-9B68-60439A403CF5-">
<TextLine HEIGHT="57" WIDTH="101" VPOS="4052" HPOS="1326">
<String CONTENT="784" HEIGHT="57" WIDTH="101" VPOS="4052" HPOS="1326"/>
</TextLine>
</TextBlock>
<TextBlock ID="Page784_Block2" HEIGHT="3626" WIDTH="2024" VPOS="424" HPOS="364" LANG="en-US" CS="1" STYLEREFS="StyleId-9D8DCF75-F807-443B-BEBA-C9907FF80687-">
<TextLine HEIGHT="68" WIDTH="1105" VPOS="434" HPOS="382" STYLEREFS="StyleId-8056A018-CF82-4B6F-A3E3-EA4DA0386371-">
<String CONTENT="Weaver," HEIGHT="63" WIDTH="266" VPOS="439" HPOS="382"/>
<SP HEIGHT="66" WIDTH="26" VPOS="436" HPOS="649"/>
<String CONTENT="John" HEIGHT="56" WIDTH="155" VPOS="434" HPOS="676"/>
<SP HEIGHT="54" WIDTH="23" VPOS="435" HPOS="832"/>
<String CONTENT="Van" HEIGHT="54" WIDTH="131" VPOS="435" HPOS="856"/>
<SP HEIGHT="55" WIDTH="26" VPOS="434" HPOS="988"/>
<String CONTENT="Alstyne," HEIGHT="66" WIDTH="272" VPOS="434" HPOS="1015"/>
<SP HEIGHT="61" WIDTH="27" VPOS="439" HPOS="1288"/>
<String CONTENT="1893-" HEIGHT="50" WIDTH="171" VPOS="439" HPOS="1316"/>
</TextLine>
<TextLine HEIGHT="72" WIDTH="1347" VPOS="510" HPOS="508" STYLEREFS="StyleId-8056A018-CF82-4B6F-A3E3-EA4DA0386371-" CS="1">
<String CS="1" CONTENT="&#8230;"/>
<SP HEIGHT="53" WIDTH="31" VPOS="515" HPOS="508"/>
<String CONTENT="Joy-girl." HEIGHT="69" WIDTH="273" VPOS="513" HPOS="540"/>
<SP HEIGHT="52" WIDTH="60" VPOS="514" HPOS="814"/>
<String CONTENT="New" HEIGHT="52" WIDTH="140" VPOS="514" HPOS="875"/>
<SP HEIGHT="53" WIDTH="28" VPOS="513" HPOS="1016"/>
<String CONTENT="York," HEIGHT="68" WIDTH="179" VPOS="512" HPOS="1045"/>
<SP HEIGHT="68" WIDTH="25" VPOS="512" HPOS="1225"/>
<String CONTENT="A." HEIGHT="53" WIDTH="73" VPOS="512" HPOS="1251"/>
<SP HEIGHT="54" WIDTH="26" VPOS="511" HPOS="1325"/>
<String CONTENT="A." HEIGHT="53" WIDTH="72" VPOS="511" HPOS="1352"/>
<SP HEIGHT="53" WIDTH="25" VPOS="511" HPOS="1425"/>
<String CONTENT="Knopf," HEIGHT="68" WIDTH="224" VPOS="510" HPOS="1451"/>
<SP HEIGHT="64" WIDTH="28" VPOS="513" HPOS="1676"/>
<String CONTENT="1932." HEIGHT="49" WIDTH="150" VPOS="513" HPOS="1705"/>
</TextLine>
<TextLine HEIGHT="51" WIDTH="637" VPOS="586" HPOS="448" CS="1">
<String CONTENT="4" HEIGHT="39" WIDTH="28" VPOS="588" HPOS="448"/>
<SP/>
<String CONTENT="p." HEIGHT="38" WIDTH="44" VPOS="598" HPOS="504"/>
<SP HEIGHT="40" WIDTH="25" VPOS="587" HPOS="549"/>
<String CS="1" CONTENT="l.,"/>
<SP HEIGHT="48" WIDTH="26" VPOS="586" HPOS="621"/>
<String CONTENT="3-257," HEIGHT="48" WIDTH="159" VPOS="586" HPOS="648"/>
<SP HEIGHT="30" WIDTH="32" VPOS="607" HPOS="808"/>
<String CONTENT="[1]" HEIGHT="50" WIDTH="54" VPOS="587" HPOS="841"/>
<SP HEIGHT="38" WIDTH="28" VPOS="597" HPOS="896"/>
<String CONTENT="p." HEIGHT="38" WIDTH="44" VPOS="597" HPOS="925"/>
<SP HEIGHT="39" WIDTH="60" VPOS="587" HPOS="970"/>
<String CS="1" CONTENT="19&#189;" HEIGHT="40" WIDTH="54" VPOS="586" HPOS="1031"/>
<String STYLE="superscript" CS="1" CONTENT="&#7580;&#7504;."/>
</TextLine>
<TextLine HEIGHT="43" WIDTH="1033" VPOS="642" HPOS="449" CS="1">
<String CONTENT="At" HEIGHT="41" WIDTH="62" VPOS="643" HPOS="449"/>
<SP HEIGHT="39" WIDTH="28" VPOS="645" HPOS="512"/>
<String CONTENT="head" HEIGHT="40" WIDTH="125" VPOS="645" HPOS="541"/>
<SP HEIGHT="39" WIDTH="28" VPOS="645" HPOS="667"/>
<String CONTENT="of" HEIGHT="41" WIDTH="52" VPOS="643" HPOS="696"/>
<SP HEIGHT="41" WIDTH="23" VPOS="643" HPOS="749"/>
<String CS="1" CONTENT="title;" HEIGHT="42" WIDTH="108" VPOS="642" HPOS="773"/>
<SP HEIGHT="40" WIDTH="28" VPOS="642" HPOS="910"/>
<String CONTENT="John" HEIGHT="42" WIDTH="128" VPOS="642" HPOS="939"/>
<SP HEIGHT="39" WIDTH="27" VPOS="643" HPOS="1068"/>
<String CONTENT="V." HEIGHT="39" WIDTH="54" VPOS="643" HPOS="1096"/>
<SP HEIGHT="40" WIDTH="28" VPOS="642" HPOS="1151"/>
<String CONTENT="A." HEIGHT="40" WIDTH="52" VPOS="642" HPOS="1180"/>
<SP HEIGHT="40" WIDTH="30" VPOS="642" HPOS="1233"/>
<String CONTENT="Weaver." HEIGHT="40" WIDTH="218" VPOS="642" HPOS="1264"/>
</TextLine>
<TextLine HEIGHT="43" WIDTH="422" VPOS="699" HPOS="450">
<String CONTENT="&#8220;First" HEIGHT="40" WIDTH="160" VPOS="701" HPOS="450"/>
<SP HEIGHT="38" WIDTH="33" VPOS="704" HPOS="611"/>
<String CONTENT="edition.&#8221;" HEIGHT="43" WIDTH="227" VPOS="699" HPOS="645"/>
</TextLine>
<TextLine HEIGHT="53" WIDTH="1907" VPOS="752" HPOS="388" CS="1">
<String CONTENT="&#169;" HEIGHT="51" WIDTH="51" VPOS="754" HPOS="388"/>
<SP HEIGHT="51" WIDTH="28" VPOS="754" HPOS="440"/>
<String CONTENT="June" HEIGHT="39" WIDTH="128" VPOS="758" HPOS="469"/>
<SP HEIGHT="39" WIDTH="24" VPOS="758" HPOS="598"/>
<String CONTENT="1," HEIGHT="45" WIDTH="39" VPOS="758" HPOS="623"/>
<SP HEIGHT="46" WIDTH="28" VPOS="757" HPOS="663"/>
<String CS="1" CONTENT="1932;" HEIGHT="41" WIDTH="113" VPOS="755" HPOS="692"/>
<SP HEIGHT="46" WIDTH="29" VPOS="756" HPOS="833"/>
<String CONTENT="2c." HEIGHT="41" WIDTH="68" VPOS="756" HPOS="863"/>
<SP HEIGHT="30" WIDTH="27" VPOS="767" HPOS="932"/>
<String CONTENT="and" HEIGHT="39" WIDTH="95" VPOS="756" HPOS="960"/>
<SP HEIGHT="39" WIDTH="28" VPOS="756" HPOS="1056"/>
<String CONTENT="aff." HEIGHT="40" WIDTH="83" VPOS="755" HPOS="1085"/>
<SP HEIGHT="40" WIDTH="26" VPOS="755" HPOS="1169"/>
<String CONTENT="June" HEIGHT="39" WIDTH="125" VPOS="755" HPOS="1196"/>
<SP HEIGHT="39" WIDTH="27" VPOS="754" HPOS="1322"/>
<String CS="1" CONTENT="3;" HEIGHT="39" WIDTH="25" VPOS="754" HPOS="1350"/>
<SP HEIGHT="46" WIDTH="31" VPOS="754" HPOS="1404"/>
<!-- cceid 09DAE389-6D7D-1014-B4A5-D7A31D17AB40 --><String CONTENT="A" HEIGHT="38" WIDTH="39" VPOS="754" HPOS="1436"/>
<SP HEIGHT="39" WIDTH="29" VPOS="754" HPOS="1476"/>
<String CS="1" CONTENT="52257;" HEIGHT="40" WIDTH="142" VPOS="753" HPOS="1506"/>
<SP HEIGHT="46" WIDTH="30" VPOS="753" HPOS="1677"/>
<String CONTENT="Alfred" HEIGHT="40" WIDTH="171" VPOS="753" HPOS="1708"/>
<SP HEIGHT="40" WIDTH="28" VPOS="753" HPOS="1880"/>
<String CONTENT="A." HEIGHT="40" WIDTH="54" VPOS="753" HPOS="1909"/>
<SP HEIGHT="39" WIDTH="29" VPOS="754" HPOS="1964"/>
<String CONTENT="Knopf," HEIGHT="48" WIDTH="179" VPOS="753" HPOS="1994"/>
<SP HEIGHT="42" WIDTH="29" VPOS="752" HPOS="2174"/>
<String CONTENT="inc." HEIGHT="40" WIDTH="91" VPOS="752" HPOS="2204"/>
</TextLine>
<TextLine HEIGHT="49" WIDTH="278" VPOS="813" HPOS="464">
<String CONTENT="(32-14112)" HEIGHT="49" WIDTH="278" VPOS="813" HPOS="464"/>
</TextLine>
<TextLine HEIGHT="67" WIDTH="883" VPOS="902" HPOS="381" STYLEREFS="StyleId-8F223524-7A16-48D7-9681-2C4F3CF4E595-">
<String CONTENT="Wither," HEIGHT="66" WIDTH="249" VPOS="903" HPOS="381"/>
<SP HEIGHT="65" WIDTH="29" VPOS="904" HPOS="631"/>
<String CONTENT="George," HEIGHT="64" WIDTH="246" VPOS="904" HPOS="661"/>
<SP HEIGHT="60" WIDTH="30" VPOS="908" HPOS="908"/>
<String CONTENT="1588-1667." HEIGHT="56" WIDTH="325" VPOS="902" HPOS="939"/>
</TextLine>
<TextLine HEIGHT="146" WIDTH="1970" VPOS="978" HPOS="380" STYLEREFS="StyleId-8056A018-CF82-4B6F-A3E3-EA4DA0386371-" CS="1">
<String CONTENT="The" HEIGHT="53" WIDTH="121" VPOS="981" HPOS="450"/>
<SP HEIGHT="52" WIDTH="30" VPOS="982" HPOS="572"/>
<String CONTENT="history" HEIGHT="68" WIDTH="222" VPOS="980" HPOS="603"/>
<SP HEIGHT="49" WIDTH="28" VPOS="999" HPOS="826"/>
<String CONTENT="of" HEIGHT="51" WIDTH="64" VPOS="981" HPOS="855"/>
<SP HEIGHT="51" WIDTH="27" VPOS="981" HPOS="920"/>
<String CONTENT="the" HEIGHT="51" WIDTH="95" VPOS="981" HPOS="948"/>
<SP HEIGHT="49" WIDTH="28" VPOS="998" HPOS="1044"/>
<String CONTENT="pestilence" HEIGHT="68" WIDTH="303" VPOS="979" HPOS="1073"/>
<SP HEIGHT="67" WIDTH="39" VPOS="980" HPOS="1377"/>
<String CONTENT="(1625)" HEIGHT="68" WIDTH="190" VPOS="979" HPOS="1417"/>
<SP HEIGHT="67" WIDTH="40" VPOS="979" HPOS="1608"/>
<String CONTENT="by" HEIGHT="66" WIDTH="76" VPOS="980" HPOS="1649"/>
<SP HEIGHT="67" WIDTH="30" VPOS="979" HPOS="1726"/>
<String CONTENT="George" HEIGHT="67" WIDTH="222" VPOS="979" HPOS="1757"/>
<SP HEIGHT="54" WIDTH="27" VPOS="979" HPOS="1980"/>
<String CONTENT="Wither," HEIGHT="59" WIDTH="243" VPOS="978" HPOS="2008"/>
<SP HEIGHT="39" WIDTH="29" VPOS="998" HPOS="2252"/>
<String CONTENT="edited" HEIGHT="133" WIDTH="1970" VPOS="979" HPOS="380"/>
<SP HEIGHT="52" WIDTH="35" VPOS="1060" HPOS="499"/>
<String CONTENT="with" HEIGHT="53" WIDTH="141" VPOS="1058" HPOS="535"/>
<SP HEIGHT="51" WIDTH="36" VPOS="1060" HPOS="677"/>
<String CONTENT="an" HEIGHT="33" WIDTH="73" VPOS="1078" HPOS="714"/>
<SP HEIGHT="52" WIDTH="36" VPOS="1059" HPOS="788"/>
<String CONTENT="introduction" HEIGHT="53" WIDTH="390" VPOS="1057" HPOS="825"/>
<SP HEIGHT="35" WIDTH="34" VPOS="1074" HPOS="1216"/>
<String CONTENT="and" HEIGHT="52" WIDTH="113" VPOS="1057" HPOS="1251"/>
<SP HEIGHT="53" WIDTH="34" VPOS="1057" HPOS="1365"/>
<String CONTENT="notes" HEIGHT="48" WIDTH="158" VPOS="1062" HPOS="1400"/>
<SP HEIGHT="52" WIDTH="33" VPOS="1057" HPOS="1559"/>
<String CONTENT="by" HEIGHT="67" WIDTH="76" VPOS="1057" HPOS="1593"/>
<SP HEIGHT="67" WIDTH="34" VPOS="1057" HPOS="1670"/>
<String CONTENT="J." HEIGHT="54" WIDTH="55" VPOS="1057" HPOS="1705"/>
<SP HEIGHT="51" WIDTH="37" VPOS="1058" HPOS="1761"/>
<String CONTENT="Milton" HEIGHT="53" WIDTH="212" VPOS="1056" HPOS="1799"/>
<SP HEIGHT="51" WIDTH="37" VPOS="1058" HPOS="2012"/>
<String CONTENT="French" HEIGHT="51" WIDTH="222" VPOS="1058" HPOS="2050"/>
<SP HEIGHT="53" WIDTH="39" VPOS="1058" HPOS="2273"/>
<String CS="1" CONTENT="&#8230;"/>
</TextLine>
<TextLine HEIGHT="70" WIDTH="1646" VPOS="1134" HPOS="382" STYLEREFS="StyleId-8056A018-CF82-4B6F-A3E3-EA4DA0386371-">
<String CONTENT="Cambridge," HEIGHT="68" WIDTH="362" VPOS="1136" HPOS="382"/>
<SP HEIGHT="66" WIDTH="33" VPOS="1137" HPOS="745"/>
<String CONTENT="Mass.," HEIGHT="66" WIDTH="190" VPOS="1137" HPOS="779"/>
<SP HEIGHT="67" WIDTH="34" VPOS="1136" HPOS="970"/>
<String CONTENT="Harvard" HEIGHT="54" WIDTH="274" VPOS="1136" HPOS="1005"/>
<SP HEIGHT="52" WIDTH="33" VPOS="1138" HPOS="1280"/>
<String CONTENT="university" HEIGHT="67" WIDTH="318" VPOS="1134" HPOS="1314"/>
<SP HEIGHT="49" WIDTH="34" VPOS="1152" HPOS="1633"/>
<String CONTENT="press," HEIGHT="49" WIDTH="173" VPOS="1152" HPOS="1668"/>
<SP HEIGHT="59" WIDTH="36" VPOS="1139" HPOS="1842"/>
<String CONTENT="1932." HEIGHT="49" WIDTH="149" VPOS="1138" HPOS="1879"/>
</TextLine>
<TextLine HEIGHT="52" WIDTH="1777" VPOS="1205" HPOS="452" CS="1">
<String CONTENT="5" HEIGHT="39" WIDTH="26" VPOS="1209" HPOS="452"/>
<SP/>
<String LANG="fr" CONTENT="p." HEIGHT="37" WIDTH="43" VPOS="1220" HPOS="505"/>
<SP HEIGHT="40" WIDTH="26" VPOS="1209" HPOS="549"/>
<String CS="1" CONTENT="l.,"/>
<SP HEIGHT="30" WIDTH="30" VPOS="1227" HPOS="621"/>
<String CONTENT="[ix]-xxxvii," HEIGHT="50" WIDTH="299" VPOS="1207" HPOS="652"/>
<SP HEIGHT="47" WIDTH="30" VPOS="1209" HPOS="952"/>
<String CONTENT="112" HEIGHT="40" WIDTH="84" VPOS="1207" HPOS="983"/>
<SP HEIGHT="46" WIDTH="26" VPOS="1207" HPOS="1068"/>
<String CONTENT="p." HEIGHT="36" WIDTH="44" VPOS="1217" HPOS="1095"/>
<SP HEIGHT="41" WIDTH="56" VPOS="1206" HPOS="1140"/>
<String CS="1" CONTENT="front."/>
<SP HEIGHT="48" WIDTH="27" VPOS="1205" HPOS="1348"/>
<String CONTENT="(port.)" HEIGHT="48" WIDTH="172" VPOS="1205" HPOS="1376"/>
<SP HEIGHT="47" WIDTH="35" VPOS="1206" HPOS="1549"/>
<String CONTENT="facsims." HEIGHT="40" WIDTH="217" VPOS="1206" HPOS="1585"/>
<SP HEIGHT="49" WIDTH="26" VPOS="1205" HPOS="1803"/>
<String CONTENT="(1" HEIGHT="49" WIDTH="48" VPOS="1205" HPOS="1830"/>
<SP HEIGHT="39" WIDTH="30" VPOS="1206" HPOS="1879"/>
<String CONTENT="double)" HEIGHT="47" WIDTH="196" VPOS="1205" HPOS="1910"/>
<SP HEIGHT="47" WIDTH="66" VPOS="1205" HPOS="2107"/>
<String CS="1" CONTENT="24&#189;" HEIGHT="40" WIDTH="55" VPOS="1205" HPOS="2174"/>
<String STYLE="superscript" CS="1" CONTENT="&#7580;&#7504;."/>
</TextLine>
<TextLine HEIGHT="50" WIDTH="1725" VPOS="1262" HPOS="454" CS="1">
<String CONTENT="The" HEIGHT="39" WIDTH="100" VPOS="1266" HPOS="454"/>
<SP HEIGHT="37" WIDTH="30" VPOS="1275" HPOS="555"/>
<String CONTENT="poem" HEIGHT="37" WIDTH="136" VPOS="1275" HPOS="586"/>
<SP HEIGHT="38" WIDTH="28" VPOS="1265" HPOS="723"/>
<String CONTENT="is" HEIGHT="39" WIDTH="42" VPOS="1265" HPOS="752"/>
<SP HEIGHT="39" WIDTH="28" VPOS="1265" HPOS="795"/>
<String CONTENT="here" HEIGHT="39" WIDTH="113" VPOS="1265" HPOS="824"/>
<SP HEIGHT="37" WIDTH="29" VPOS="1274" HPOS="938"/>
<String CONTENT="printed" HEIGHT="48" WIDTH="194" VPOS="1263" HPOS="968"/>
<SP HEIGHT="40" WIDTH="26" VPOS="1264" HPOS="1163"/>
<String CONTENT="for" HEIGHT="39" WIDTH="80" VPOS="1264" HPOS="1190"/>
<SP HEIGHT="37" WIDTH="28" VPOS="1266" HPOS="1271"/>
<String CONTENT="the" HEIGHT="40" WIDTH="81" VPOS="1263" HPOS="1300"/>
<SP HEIGHT="40" WIDTH="28" VPOS="1263" HPOS="1382"/>
<String CONTENT="first" HEIGHT="40" WIDTH="106" VPOS="1263" HPOS="1411"/>
<SP HEIGHT="38" WIDTH="33" VPOS="1265" HPOS="1518"/>
<String CONTENT="time" HEIGHT="41" WIDTH="115" VPOS="1262" HPOS="1552"/>
<SP HEIGHT="40" WIDTH="29" VPOS="1263" HPOS="1668"/>
<String CONTENT="from" HEIGHT="39" WIDTH="129" VPOS="1263" HPOS="1698"/>
<SP HEIGHT="37" WIDTH="29" VPOS="1265" HPOS="1828"/>
<String CONTENT="the" HEIGHT="39" WIDTH="81" VPOS="1263" HPOS="1858"/>
<SP HEIGHT="30" WIDTH="31" VPOS="1273" HPOS="1940"/>
<String CONTENT="original" HEIGHT="48" WIDTH="207" VPOS="1262" HPOS="1972"/>
</TextLine>
<TextLine HEIGHT="97" WIDTH="1993" VPOS="1274" HPOS="381" CS="1">
<String CONTENT="manuscript," HEIGHT="97" WIDTH="1977" VPOS="1274" HPOS="381"/>
<SP HEIGHT="36" WIDTH="34" VPOS="1335" HPOS="547"/>
<String CONTENT="now" HEIGHT="30" WIDTH="108" VPOS="1332" HPOS="582"/>
<SP HEIGHT="40" WIDTH="34" VPOS="1322" HPOS="691"/>
<String CONTENT="in" HEIGHT="39" WIDTH="50" VPOS="1322" HPOS="726"/>
<SP HEIGHT="37" WIDTH="34" VPOS="1324" HPOS="777"/>
<String CONTENT="the" HEIGHT="39" WIDTH="81" VPOS="1322" HPOS="812"/>
<SP HEIGHT="39" WIDTH="36" VPOS="1322" HPOS="894"/>
<String CONTENT="Pepysian" HEIGHT="48" WIDTH="241" VPOS="1321" HPOS="931"/>
<SP HEIGHT="37" WIDTH="33" VPOS="1323" HPOS="1173"/>
<String CONTENT="library" HEIGHT="48" WIDTH="186" VPOS="1320" HPOS="1207"/>
<SP HEIGHT="37" WIDTH="35" VPOS="1331" HPOS="1394"/>
<String CONTENT="at" HEIGHT="39" WIDTH="53" VPOS="1322" HPOS="1430"/>
<SP HEIGHT="40" WIDTH="35" VPOS="1321" HPOS="1484"/>
<String CONTENT="Magdalene" HEIGHT="47" WIDTH="286" VPOS="1321" HPOS="1520"/>
<SP HEIGHT="30" WIDTH="34" VPOS="1330" HPOS="1807"/>
<String CONTENT="college," HEIGHT="47" WIDTH="191" VPOS="1320" HPOS="1842"/>
<SP HEIGHT="48" WIDTH="39" VPOS="1319" HPOS="2034"/>
<String CONTENT="Cambridge," HEIGHT="49" WIDTH="300" VPOS="1319" HPOS="2074"/>
</TextLine>
<TextLine HEIGHT="52" WIDTH="1994" VPOS="1375" HPOS="381">
<String CONTENT="England." HEIGHT="47" WIDTH="236" VPOS="1380" HPOS="381"/>
<SP HEIGHT="40" WIDTH="64" VPOS="1379" HPOS="618"/>
<String CONTENT="It" HEIGHT="39" WIDTH="46" VPOS="1379" HPOS="683"/>
<SP HEIGHT="37" WIDTH="34" VPOS="1381" HPOS="730"/>
<String CONTENT="was" HEIGHT="29" WIDTH="101" VPOS="1389" HPOS="765"/>
<SP HEIGHT="28" WIDTH="34" VPOS="1390" HPOS="867"/>
<String CONTENT="considerably" HEIGHT="48" WIDTH="337" VPOS="1377" HPOS="902"/>
<SP HEIGHT="36" WIDTH="36" VPOS="1389" HPOS="1240"/>
<String CONTENT="revised" HEIGHT="41" WIDTH="189" VPOS="1376" HPOS="1277"/>
<SP HEIGHT="39" WIDTH="36" VPOS="1378" HPOS="1467"/>
<String CONTENT="and" HEIGHT="39" WIDTH="96" VPOS="1378" HPOS="1504"/>
<SP HEIGHT="47" WIDTH="33" VPOS="1378" HPOS="1601"/>
<String CONTENT="printed" HEIGHT="49" WIDTH="195" VPOS="1376" HPOS="1635"/>
<SP HEIGHT="42" WIDTH="35" VPOS="1375" HPOS="1831"/>
<String CONTENT="in" HEIGHT="41" WIDTH="50" VPOS="1375" HPOS="1867"/>
<SP HEIGHT="39" WIDTH="36" VPOS="1377" HPOS="1918"/>
<String CONTENT="1628" HEIGHT="41" WIDTH="117" VPOS="1376" HPOS="1955"/>
<SP HEIGHT="40" WIDTH="32" VPOS="1377" HPOS="2073"/>
<String CONTENT="under" HEIGHT="39" WIDTH="153" VPOS="1378" HPOS="2106"/>
<SP HEIGHT="37" WIDTH="33" VPOS="1380" HPOS="2260"/>
<String CONTENT="the" HEIGHT="40" WIDTH="81" VPOS="1378" HPOS="2294"/>
</TextLine>
<TextLine HEIGHT="45" WIDTH="946" VPOS="1433" HPOS="381">
<String CONTENT="title" HEIGHT="41" WIDTH="108" VPOS="1436" HPOS="381"/>
<SP HEIGHT="30" WIDTH="22" VPOS="1447" HPOS="490"/>
<String CONTENT="of" HEIGHT="40" WIDTH="53" VPOS="1437" HPOS="513"/>
<SP HEIGHT="40" WIDTH="23" VPOS="1436" HPOS="567"/>
<String CONTENT="&#8220;Britain&#8217;s" HEIGHT="41" WIDTH="263" VPOS="1435" HPOS="591"/>
<SP HEIGHT="40" WIDTH="24" VPOS="1436" HPOS="855"/>
<String CONTENT="Remembrancer&#8221;." HEIGHT="45" WIDTH="447" VPOS="1433" HPOS="880"/>
</TextLine>
<TextLine HEIGHT="52" WIDTH="1990" VPOS="1490" HPOS="388" CS="1">
<String CONTENT="&#169;" HEIGHT="51" WIDTH="50" VPOS="1491" HPOS="388"/>
<SP HEIGHT="51" WIDTH="39" VPOS="1491" HPOS="439"/>
<String CONTENT="May" HEIGHT="45" WIDTH="113" VPOS="1496" HPOS="479"/>
<SP HEIGHT="48" WIDTH="35" VPOS="1493" HPOS="593"/>
<String CONTENT="20," HEIGHT="48" WIDTH="69" VPOS="1493" HPOS="629"/>
<SP HEIGHT="47" WIDTH="37" VPOS="1494" HPOS="699"/>
<String CS="1" CONTENT="1932;" HEIGHT="41" WIDTH="114" VPOS="1492" HPOS="737"/>
<SP HEIGHT="46" WIDTH="37" VPOS="1492" HPOS="879"/>
<String CONTENT="2c." HEIGHT="41" WIDTH="68" VPOS="1492" HPOS="917"/>
<SP HEIGHT="39" WIDTH="37" VPOS="1494" HPOS="986"/>
<String CONTENT="May" HEIGHT="46" WIDTH="114" VPOS="1494" HPOS="1024"/>
<SP HEIGHT="48" WIDTH="35" VPOS="1492" HPOS="1139"/>
<String CS="1" CONTENT="25;" HEIGHT="40" WIDTH="55" VPOS="1492" HPOS="1175"/>
<SP HEIGHT="36" WIDTH="40" VPOS="1503" HPOS="1259"/>
<String CONTENT="aff." HEIGHT="40" WIDTH="80" VPOS="1491" HPOS="1300"/>
<SP HEIGHT="39" WIDTH="39" VPOS="1492" HPOS="1381"/>
<String CONTENT="May" HEIGHT="47" WIDTH="114" VPOS="1492" HPOS="1421"/>
<SP HEIGHT="49" WIDTH="36" VPOS="1490" HPOS="1536"/>
<String CS="1" CONTENT="24;" HEIGHT="40" WIDTH="56" VPOS="1490" HPOS="1573"/>
<SP HEIGHT="47" WIDTH="40" VPOS="1491" HPOS="1656"/>
<!-- cceid 09DB5631-6D7D-1014-B4A5-D7A31D17AB40 --><String CONTENT="A" HEIGHT="39" WIDTH="41" VPOS="1491" HPOS="1697"/>
<SP HEIGHT="40" WIDTH="37" VPOS="1491" HPOS="1739"/>
<String CS="1" CONTENT="52140;" HEIGHT="40" WIDTH="145" VPOS="1491" HPOS="1777"/>
<SP HEIGHT="46" WIDTH="40" VPOS="1492" HPOS="1947"/>
<String CONTENT="President" HEIGHT="42" WIDTH="253" VPOS="1490" HPOS="1988"/>
<SP HEIGHT="37" WIDTH="39" VPOS="1495" HPOS="2242"/>
<String CONTENT="and" HEIGHT="39" WIDTH="96" VPOS="1493" HPOS="2282"/>
</TextLine>
<TextLine HEIGHT="55" WIDTH="1926" VPOS="1543" HPOS="453">
<String CONTENT="fellows" HEIGHT="40" WIDTH="190" VPOS="1551" HPOS="453"/>
<SP HEIGHT="30" WIDTH="33" VPOS="1561" HPOS="644"/>
<String CONTENT="of" HEIGHT="39" WIDTH="51" VPOS="1551" HPOS="678"/>
<SP HEIGHT="38" WIDTH="33" VPOS="1551" HPOS="730"/>
<String CONTENT="Harvard" HEIGHT="39" WIDTH="231" VPOS="1551" HPOS="764"/>
<SP HEIGHT="39" WIDTH="34" VPOS="1551" HPOS="996"/>
<String CONTENT="college," HEIGHT="47" WIDTH="191" VPOS="1550" HPOS="1031"/>
<SP HEIGHT="47" WIDTH="37" VPOS="1549" HPOS="1223"/>
<String CONTENT="Cambridge," HEIGHT="48" WIDTH="300" VPOS="1548" HPOS="1261"/>
<SP HEIGHT="46" WIDTH="37" VPOS="1549" HPOS="1562"/>
<String CONTENT="Mass." HEIGHT="39" WIDTH="146" VPOS="1549" HPOS="1600"/>
<SP HEIGHT="30" WIDTH="63" VPOS="1568" HPOS="1747"/>
<String CONTENT="[&#169;" HEIGHT="55" WIDTH="67" VPOS="1543" HPOS="1811"/>
<SP HEIGHT="52" WIDTH="36" VPOS="1543" HPOS="1879"/>
<String CONTENT="introduction" HEIGHT="41" WIDTH="330" VPOS="1548" HPOS="1916"/>
<SP HEIGHT="29" WIDTH="35" VPOS="1559" HPOS="2247"/>
<String CONTENT="and" HEIGHT="40" WIDTH="96" VPOS="1548" HPOS="2283"/>
</TextLine>
<TextLine HEIGHT="51" WIDTH="1223" VPOS="1604" HPOS="454">
<String CONTENT="notes," HEIGHT="44" WIDTH="149" VPOS="1611" HPOS="454"/>
<SP HEIGHT="46" WIDTH="24" VPOS="1609" HPOS="604"/>
<String CONTENT="by" HEIGHT="46" WIDTH="61" VPOS="1609" HPOS="629"/>
<SP HEIGHT="47" WIDTH="24" VPOS="1608" HPOS="691"/>
<String CONTENT="Joseph" HEIGHT="47" WIDTH="180" VPOS="1608" HPOS="716"/>
<SP HEIGHT="38" WIDTH="25" VPOS="1608" HPOS="897"/>
<String CONTENT="Milton" HEIGHT="40" WIDTH="173" VPOS="1607" HPOS="923"/>
<SP HEIGHT="39" WIDTH="25" VPOS="1606" HPOS="1097"/>
<String CONTENT="French]" HEIGHT="48" WIDTH="202" VPOS="1606" HPOS="1123"/>
<SP HEIGHT="49" WIDTH="71" VPOS="1605" HPOS="1326"/>
<String CONTENT="(32-13919)" HEIGHT="49" WIDTH="279" VPOS="1604" HPOS="1398"/>
</TextLine>
<TextLine HEIGHT="67" WIDTH="1177" VPOS="1697" HPOS="379" STYLEREFS="StyleId-8F223524-7A16-48D7-9681-2C4F3CF4E595-">
<String CONTENT="Wilkins," HEIGHT="66" WIDTH="269" VPOS="1698" HPOS="379"/>
<SP HEIGHT="66" WIDTH="30" VPOS="1698" HPOS="649"/>
<String CONTENT="Laurence" HEIGHT="55" WIDTH="302" VPOS="1698" HPOS="680"/>
<SP HEIGHT="55" WIDTH="32" VPOS="1697" HPOS="983"/>
<String CONTENT="Augustus," HEIGHT="66" WIDTH="332" VPOS="1697" HPOS="1016"/>
<SP HEIGHT="60" WIDTH="35" VPOS="1703" HPOS="1349"/>
<String CONTENT="1878-" HEIGHT="55" WIDTH="171" VPOS="1698" HPOS="1385"/>
</TextLine>
<TextLine HEIGHT="70" WIDTH="1928" VPOS="1774" HPOS="444" STYLEREFS="StyleId-8056A018-CF82-4B6F-A3E3-EA4DA0386371-" CS="1">
<String CONTENT="Primeros" HEIGHT="54" WIDTH="288" VPOS="1775" HPOS="444"/>
<SP HEIGHT="49" WIDTH="26" VPOS="1795" HPOS="733"/>
<String CONTENT="pasos" HEIGHT="50" WIDTH="167" VPOS="1794" HPOS="760"/>
<SP HEIGHT="34" WIDTH="26" VPOS="1795" HPOS="928"/>
<String LANG="fr" CONTENT="en" HEIGHT="33" WIDTH="68" VPOS="1795" HPOS="955"/>
<SP HEIGHT="34" WIDTH="28" VPOS="1795" HPOS="1024"/>
<String CS="1" CONTENT="espa&#241;ol;" HEIGHT="68" WIDTH="232" VPOS="1776" HPOS="1053"/>
<SP HEIGHT="67" WIDTH="28" VPOS="1775" HPOS="1316"/>
<String CONTENT="having" HEIGHT="68" WIDTH="219" VPOS="1775" HPOS="1345"/>
<SP HEIGHT="50" WIDTH="29" VPOS="1793" HPOS="1565"/>
<String CONTENT="as" HEIGHT="34" WIDTH="59" VPOS="1794" HPOS="1595"/>
<SP HEIGHT="53" WIDTH="26" VPOS="1775" HPOS="1655"/>
<String CONTENT="its" HEIGHT="53" WIDTH="75" VPOS="1775" HPOS="1682"/>
<SP HEIGHT="34" WIDTH="28" VPOS="1793" HPOS="1758"/>
<String CONTENT="chief" HEIGHT="53" WIDTH="153" VPOS="1774" HPOS="1787"/>
<SP HEIGHT="53" WIDTH="29" VPOS="1775" HPOS="1941"/>
<String CONTENT="objective" HEIGHT="67" WIDTH="276" VPOS="1774" HPOS="1971"/>
<SP HEIGHT="46" WIDTH="27" VPOS="1781" HPOS="2248"/>
<String CONTENT="the" HEIGHT="52" WIDTH="96" VPOS="1775" HPOS="2276"/>
</TextLine>
<TextLine HEIGHT="146" WIDTH="1972" VPOS="1852" HPOS="375" STYLEREFS="StyleId-8056A018-CF82-4B6F-A3E3-EA4DA0386371-" CS="1">
<String CONTENT="development" HEIGHT="68" WIDTH="397" VPOS="1853" HPOS="375"/>
<SP HEIGHT="48" WIDTH="38" VPOS="1859" HPOS="773"/>
<String CONTENT="of" HEIGHT="53" WIDTH="63" VPOS="1854" HPOS="812"/>
<SP HEIGHT="52" WIDTH="40" VPOS="1854" HPOS="876"/>
<String CONTENT="ability" HEIGHT="69" WIDTH="206" VPOS="1852" HPOS="917"/>
<SP HEIGHT="61" WIDTH="36" VPOS="1860" HPOS="1124"/>
<String CONTENT="to" HEIGHT="47" WIDTH="60" VPOS="1860" HPOS="1161"/>
<SP HEIGHT="35" WIDTH="35" VPOS="1872" HPOS="1222"/>
<String CONTENT="read" HEIGHT="52" WIDTH="136" VPOS="1853" HPOS="1258"/>
<SP HEIGHT="56" WIDTH="42" VPOS="1852" HPOS="1395"/>
<String CONTENT="Spanish" HEIGHT="69" WIDTH="249" VPOS="1852" HPOS="1438"/>
<SP HEIGHT="52" WIDTH="38" VPOS="1853" HPOS="1688"/>
<String CONTENT="easily" HEIGHT="65" WIDTH="178" VPOS="1854" HPOS="1727"/>
<SP HEIGHT="48" WIDTH="38" VPOS="1871" HPOS="1906"/>
<String CONTENT="and" HEIGHT="53" WIDTH="113" VPOS="1853" HPOS="1945"/>
<SP HEIGHT="52" WIDTH="38" VPOS="1853" HPOS="2059"/>
<String CONTENT="with" HEIGHT="52" WIDTH="140" VPOS="1853" HPOS="2098"/>
<SP HEIGHT="52" WIDTH="39" VPOS="1853" HPOS="2239"/>
<String CONTENT="enjoyment," HEIGHT="127" WIDTH="1972" VPOS="1871" HPOS="375"/>
<SP HEIGHT="66" WIDTH="24" VPOS="1931" HPOS="649"/>
<String CONTENT="by" HEIGHT="67" WIDTH="76" VPOS="1931" HPOS="674"/>
</TextLine>
<TextLine HEIGHT="66" WIDTH="1597" VPOS="1930" HPOS="775" STYLEREFS="StyleId-8056A018-CF82-4B6F-A3E3-EA4DA0386371-" CS="1">
<String CONTENT="Lawrence" HEIGHT="52" WIDTH="303" VPOS="1931" HPOS="775"/>
<SP HEIGHT="53" WIDTH="24" VPOS="1930" HPOS="1079"/>
<String CONTENT="A." HEIGHT="53" WIDTH="71" VPOS="1930" HPOS="1104"/>
<SP HEIGHT="53" WIDTH="25" VPOS="1932" HPOS="1176"/>
<String CONTENT="Wilkins" HEIGHT="55" WIDTH="252" VPOS="1930" HPOS="1202"/>
<SP HEIGHT="34" WIDTH="29" VPOS="1949" HPOS="1455"/>
<String CS="1" CONTENT="&#8230;"/>
<SP HEIGHT="52" WIDTH="64" VPOS="1931" HPOS="1542"/>
<String CONTENT="New" HEIGHT="52" WIDTH="141" VPOS="1931" HPOS="1607"/>
<SP HEIGHT="52" WIDTH="25" VPOS="1931" HPOS="1749"/>
<String CONTENT="York," HEIGHT="66" WIDTH="179" VPOS="1930" HPOS="1775"/>
<SP HEIGHT="66" WIDTH="25" VPOS="1930" HPOS="1955"/>
<String CONTENT="H." HEIGHT="53" WIDTH="77" VPOS="1930" HPOS="1981"/>
<SP HEIGHT="53" WIDTH="27" VPOS="1930" HPOS="2059"/>
<String CONTENT="Holt" HEIGHT="54" WIDTH="145" VPOS="1930" HPOS="2087"/>
<SP HEIGHT="48" WIDTH="27" VPOS="1935" HPOS="2233"/>
<String CONTENT="and" HEIGHT="52" WIDTH="111" VPOS="1931" HPOS="2261"/>
</TextLine>
<TextLine HEIGHT="65" WIDTH="515" VPOS="2011" HPOS="374" STYLEREFS="StyleId-8056A018-CF82-4B6F-A3E3-EA4DA0386371-" CS="1">
<String CONTENT="company" HEIGHT="49" WIDTH="280" VPOS="2027" HPOS="374"/>
<SP/>
<String CS="1" CONTENT="[&#7580;1932]" HEIGHT="64" WIDTH="84" VPOS="2011" HPOS="805"/>
</TextLine>
<TextLine HEIGHT="50" WIDTH="1642" VPOS="2079" HPOS="447" CS="1">
<String CONTENT="xxxviii," HEIGHT="49" WIDTH="205" VPOS="2079" HPOS="447"/>
<SP HEIGHT="47" WIDTH="28" VPOS="2081" HPOS="653"/>
<String CONTENT="376," HEIGHT="48" WIDTH="99" VPOS="2080" HPOS="682"/>
<SP HEIGHT="45" WIDTH="29" VPOS="2083" HPOS="782"/>
<String CONTENT="lxxxviii" HEIGHT="39" WIDTH="209" VPOS="2081" HPOS="812"/>
<SP HEIGHT="48" WIDTH="29" VPOS="2081" HPOS="1022"/>
<String CONTENT="p." HEIGHT="37" WIDTH="44" VPOS="2092" HPOS="1052"/>
<SP HEIGHT="41" WIDTH="28" VPOS="2081" HPOS="1097"/>
<String CONTENT="incl." HEIGHT="41" WIDTH="110" VPOS="2080" HPOS="1126"/>
<SP HEIGHT="40" WIDTH="29" VPOS="2081" HPOS="1237"/>
<String CONTENT="front.," HEIGHT="47" WIDTH="165" VPOS="2081" HPOS="1267"/>
<SP HEIGHT="47" WIDTH="29" VPOS="2081" HPOS="1433"/>
<String CONTENT="illus." HEIGHT="40" WIDTH="128" VPOS="2081" HPOS="1463"/>
<SP HEIGHT="49" WIDTH="28" VPOS="2080" HPOS="1592"/>
<String CONTENT="(incl." HEIGHT="49" WIDTH="133" VPOS="2080" HPOS="1621"/>
<SP HEIGHT="29" WIDTH="30" VPOS="2092" HPOS="1755"/>
<String CONTENT="music)" HEIGHT="49" WIDTH="177" VPOS="2080" HPOS="1786"/>
<SP HEIGHT="47" WIDTH="68" VPOS="2082" HPOS="1964"/>
<String CS="1" CONTENT="19&#189;&#7580;&#7504;." HEIGHT="41" WIDTH="56" VPOS="2080" HPOS="2033"/>
</TextLine>
<TextLine HEIGHT="51" WIDTH="625" VPOS="2136" HPOS="447">
<String CONTENT="Maps" HEIGHT="50" WIDTH="139" VPOS="2136" HPOS="447"/>
<SP HEIGHT="29" WIDTH="29" VPOS="2150" HPOS="587"/>
<String CONTENT="on" HEIGHT="29" WIDTH="61" VPOS="2150" HPOS="617"/>
<SP HEIGHT="39" WIDTH="29" VPOS="2138" HPOS="679"/>
<String CONTENT="lining-papers." HEIGHT="49" WIDTH="363" VPOS="2138" HPOS="709"/>
</TextLine>
<TextLine HEIGHT="49" WIDTH="858" VPOS="2193" HPOS="449">
<String CONTENT="Includes" HEIGHT="42" WIDTH="225" VPOS="2193" HPOS="449"/>
<SP HEIGHT="39" WIDTH="33" VPOS="2195" HPOS="675"/>
<String CONTENT="&#8220;Reading" HEIGHT="48" WIDTH="249" VPOS="2194" HPOS="709"/>
<SP HEIGHT="36" WIDTH="31" VPOS="2206" HPOS="959"/>
<String CONTENT="references&#8221;." HEIGHT="41" WIDTH="316" VPOS="2193" HPOS="991"/>
</TextLine>
<TextLine HEIGHT="52" WIDTH="1990" VPOS="2247" HPOS="387">
<String CONTENT="&#169;" HEIGHT="52" WIDTH="51" VPOS="2247" HPOS="387"/>
<SP HEIGHT="52" WIDTH="38" VPOS="2247" HPOS="439"/>
<String CONTENT="May" HEIGHT="46" WIDTH="114" VPOS="2253" HPOS="478"/>
<SP HEIGHT="48" WIDTH="35" VPOS="2251" HPOS="593"/>
<String CONTENT="9," HEIGHT="48" WIDTH="40" VPOS="2251" HPOS="629"/>
<SP HEIGHT="47" WIDTH="35" VPOS="2252" HPOS="670"/>
<String CONTENT="1932;" HEIGHT="47" WIDTH="141" VPOS="2250" HPOS="706"/>
<SP HEIGHT="47" WIDTH="38" VPOS="2250" HPOS="848"/>
<String CONTENT="2c." HEIGHT="40" WIDTH="65" VPOS="2250" HPOS="887"/>
<SP HEIGHT="29" WIDTH="38" VPOS="2261" HPOS="953"/>
<String CONTENT="and" HEIGHT="39" WIDTH="97" VPOS="2251" HPOS="992"/>
<SP HEIGHT="39" WIDTH="36" VPOS="2251" HPOS="1090"/>
<String CONTENT="aff." HEIGHT="40" WIDTH="81" VPOS="2249" HPOS="1127"/>
<SP HEIGHT="38" WIDTH="38" VPOS="2250" HPOS="1209"/>
<String CONTENT="May" HEIGHT="47" WIDTH="114" VPOS="2250" HPOS="1248"/>
<SP HEIGHT="48" WIDTH="36" VPOS="2249" HPOS="1363"/>
<String CONTENT="20;" HEIGHT="48" WIDTH="82" VPOS="2249" HPOS="1400"/>
<SP HEIGHT="47" WIDTH="39" VPOS="2250" HPOS="1483"/>
<!-- cceid 09DBC6A9-6D7D-1014-B4A5-D7A31D17AB40 --><String CONTENT="A" HEIGHT="39" WIDTH="41" VPOS="2250" HPOS="1523"/>
<SP HEIGHT="40" WIDTH="36" VPOS="2250" HPOS="1565"/>
<String CONTENT="51401;" HEIGHT="48" WIDTH="170" VPOS="2250" HPOS="1602"/>
<SP HEIGHT="47" WIDTH="40" VPOS="2251" HPOS="1773"/>
<String CONTENT="L." HEIGHT="42" WIDTH="51" VPOS="2251" HPOS="1814"/>
<SP HEIGHT="42" WIDTH="36" VPOS="2251" HPOS="1866"/>
<String CONTENT="A." HEIGHT="40" WIDTH="54" VPOS="2251" HPOS="1903"/>
<SP HEIGHT="40" WIDTH="39" VPOS="2252" HPOS="1958"/>
<String CONTENT="Wilkins," HEIGHT="47" WIDTH="221" VPOS="2251" HPOS="1998"/>
<SP HEIGHT="45" WIDTH="39" VPOS="2253" HPOS="2220"/>
<String CONTENT="New" HEIGHT="38" WIDTH="117" VPOS="2253" HPOS="2260"/>
</TextLine>
<TextLine HEIGHT="51" WIDTH="493" VPOS="2307" HPOS="454">
<String CONTENT="York." HEIGHT="39" WIDTH="144" VPOS="2309" HPOS="454"/>
<SP HEIGHT="48" WIDTH="69" VPOS="2308" HPOS="599"/>
<String CONTENT="(32-14190)" HEIGHT="51" WIDTH="278" VPOS="2307" HPOS="669"/>
</TextLine>
<TextLine HEIGHT="68" WIDTH="1018" VPOS="2396" HPOS="380" STYLEREFS="StyleId-8F223524-7A16-48D7-9681-2C4F3CF4E595-">
<String CONTENT="Williams," HEIGHT="68" WIDTH="306" VPOS="2396" HPOS="380"/>
<SP HEIGHT="65" WIDTH="24" VPOS="2399" HPOS="687"/>
<String CONTENT="Harry" HEIGHT="64" WIDTH="203" VPOS="2399" HPOS="712"/>
<SP HEIGHT="65" WIDTH="24" VPOS="2398" HPOS="916"/>
<String CONTENT="Guyton," HEIGHT="65" WIDTH="257" VPOS="2398" HPOS="941"/>
<SP HEIGHT="60" WIDTH="26" VPOS="2403" HPOS="1199"/>
<String CONTENT="1883-" HEIGHT="51" WIDTH="172" VPOS="2402" HPOS="1226"/>
</TextLine>
<TextLine HEIGHT="70" WIDTH="1862" VPOS="2474" HPOS="452" STYLEREFS="StyleId-8056A018-CF82-4B6F-A3E3-EA4DA0386371-" CS="1">
<String CONTENT="Demands" HEIGHT="52" WIDTH="290" VPOS="2476" HPOS="452"/>
<SP HEIGHT="34" WIDTH="32" VPOS="2494" HPOS="743"/>
<String CONTENT="of" HEIGHT="52" WIDTH="63" VPOS="2475" HPOS="776"/>
<SP HEIGHT="52" WIDTH="31" VPOS="2475" HPOS="840"/>
<String CONTENT="vocational" HEIGHT="52" WIDTH="321" VPOS="2475" HPOS="872"/>
<SP HEIGHT="67" WIDTH="32" VPOS="2476" HPOS="1194"/>
<String CONTENT="progress," HEIGHT="50" WIDTH="280" VPOS="2494" HPOS="1227"/>
<SP HEIGHT="68" WIDTH="32" VPOS="2475" HPOS="1508"/>
<String CONTENT="by" HEIGHT="69" WIDTH="76" VPOS="2475" HPOS="1541"/>
<SP HEIGHT="68" WIDTH="31" VPOS="2476" HPOS="1618"/>
<String CONTENT="Harry" HEIGHT="68" WIDTH="200" VPOS="2476" HPOS="1650"/>
<SP HEIGHT="69" WIDTH="32" VPOS="2475" HPOS="1851"/>
<String CONTENT="G." HEIGHT="55" WIDTH="68" VPOS="2475" HPOS="1884"/>
<SP HEIGHT="55" WIDTH="33" VPOS="2474" HPOS="1953"/>
<String CONTENT="Williams" HEIGHT="55" WIDTH="289" VPOS="2474" HPOS="1987"/>
<SP HEIGHT="34" WIDTH="37" VPOS="2495" HPOS="2277"/>
<String CS="1" CONTENT="&#8230;"/>
</TextLine>
<TextLine HEIGHT="70" WIDTH="1537" VPOS="2553" HPOS="381" STYLEREFS="StyleId-8056A018-CF82-4B6F-A3E3-EA4DA0386371-" CS="1">
<String CONTENT="New" HEIGHT="53" WIDTH="139" VPOS="2554" HPOS="381"/>
<SP HEIGHT="51" WIDTH="28" VPOS="2554" HPOS="521"/>
<String CONTENT="York," HEIGHT="67" WIDTH="179" VPOS="2554" HPOS="550"/>
<SP HEIGHT="67" WIDTH="27" VPOS="2554" HPOS="730"/>
<String CONTENT="The" HEIGHT="52" WIDTH="124" VPOS="2554" HPOS="758"/>
<SP HEIGHT="53" WIDTH="25" VPOS="2553" HPOS="883"/>
<String CONTENT="Kenmore" HEIGHT="53" WIDTH="288" VPOS="2553" HPOS="909"/>
<SP HEIGHT="50" WIDTH="26" VPOS="2572" HPOS="1198"/>
<String CONTENT="press" HEIGHT="49" WIDTH="157" VPOS="2573" HPOS="1225"/>
<SP HEIGHT="34" WIDTH="27" VPOS="2573" HPOS="1383"/>
<String CONTENT="company" HEIGHT="51" WIDTH="279" VPOS="2572" HPOS="1411"/>
<SP HEIGHT="62" WIDTH="34" VPOS="2561" HPOS="1691"/>
<String CS="1" CONTENT="[&#7580;1932]" HEIGHT="65" WIDTH="151" VPOS="2557" HPOS="1767"/>
</TextLine>
<TextLine HEIGHT="49" WIDTH="654" VPOS="2627" HPOS="449" CS="1">
<String CONTENT="4" HEIGHT="38" WIDTH="27" VPOS="2629" HPOS="449"/>
<SP HEIGHT="47" WIDTH="26" VPOS="2629" HPOS="477"/>
<String LANG="fr" CONTENT="p." HEIGHT="37" WIDTH="44" VPOS="2639" HPOS="504"/>
<SP HEIGHT="40" WIDTH="26" VPOS="2628" HPOS="549"/>
<String CS="1" CONTENT="l.,"/>
<SP HEIGHT="48" WIDTH="28" VPOS="2627" HPOS="619"/>
<String CONTENT="iii," HEIGHT="48" WIDTH="68" VPOS="2627" HPOS="648"/>
<SP HEIGHT="47" WIDTH="27" VPOS="2628" HPOS="717"/>
<String CONTENT="12-133" HEIGHT="40" WIDTH="171" VPOS="2628" HPOS="745"/>
<SP HEIGHT="48" WIDTH="28" VPOS="2628" HPOS="917"/>
<String CONTENT="p." HEIGHT="37" WIDTH="44" VPOS="2639" HPOS="946"/>
<SP HEIGHT="40" WIDTH="56" VPOS="2628" HPOS="991"/>
<String CONTENT="21" HEIGHT="40" WIDTH="55" VPOS="2628" HPOS="1048"/>
<String STYLE="superscript" CS="1" CONTENT="&#7580;&#7504;."/>
</TextLine>
<TextLine HEIGHT="41" WIDTH="418" VPOS="2684" HPOS="452">
<String CONTENT="&#8220;First" HEIGHT="39" WIDTH="160" VPOS="2685" HPOS="452"/>
<SP HEIGHT="38" WIDTH="32" VPOS="2687" HPOS="613"/>
<String CONTENT="edition.&#8221;" HEIGHT="41" WIDTH="224" VPOS="2684" HPOS="646"/>
</TextLine>
<TextLine HEIGHT="53" WIDTH="1875" VPOS="2738" HPOS="386" CS="1">
<String CONTENT="&#169;" HEIGHT="52" WIDTH="51" VPOS="2738" HPOS="386"/>
<SP HEIGHT="52" WIDTH="28" VPOS="2738" HPOS="438"/>
<String CONTENT="Apr." HEIGHT="47" WIDTH="115" VPOS="2742" HPOS="467"/>
<SP HEIGHT="41" WIDTH="27" VPOS="2740" HPOS="583"/>
<String CONTENT="20," HEIGHT="49" WIDTH="69" VPOS="2740" HPOS="611"/>
<SP HEIGHT="47" WIDTH="29" VPOS="2742" HPOS="681"/>
<String CS="1" CONTENT="1932;" HEIGHT="41" WIDTH="113" VPOS="2740" HPOS="711"/>
<SP HEIGHT="47" WIDTH="30" VPOS="2741" HPOS="852"/>
<String CONTENT="2c." HEIGHT="40" WIDTH="67" VPOS="2741" HPOS="883"/>
<SP HEIGHT="29" WIDTH="30" VPOS="2752" HPOS="951"/>
<String CONTENT="and" HEIGHT="38" WIDTH="95" VPOS="2743" HPOS="982"/>
<SP HEIGHT="38" WIDTH="29" VPOS="2743" HPOS="1078"/>
<String CONTENT="aff." HEIGHT="41" WIDTH="83" VPOS="2742" HPOS="1108"/>
<SP HEIGHT="41" WIDTH="28" VPOS="2742" HPOS="1192"/>
<String CONTENT="Apr." HEIGHT="48" WIDTH="114" VPOS="2742" HPOS="1221"/>
<SP HEIGHT="42" WIDTH="28" VPOS="2742" HPOS="1336"/>
<String CS="1" CONTENT="22;" HEIGHT="39" WIDTH="56" VPOS="2742" HPOS="1365"/>
<SP HEIGHT="47" WIDTH="32" VPOS="2742" HPOS="1449"/>
<!-- cceid 09DC3B0F-6D7D-1014-B4A5-D7A31D17AB40 --><String CONTENT="A" HEIGHT="39" WIDTH="41" VPOS="2742" HPOS="1482"/>
<SP HEIGHT="40" WIDTH="28" VPOS="2742" HPOS="1524"/>
<String CS="1" CONTENT="51100;" HEIGHT="40" WIDTH="147" VPOS="2742" HPOS="1553"/>
<SP HEIGHT="46" WIDTH="31" VPOS="2743" HPOS="1724"/>
<String CONTENT="Kenmore" HEIGHT="40" WIDTH="240" VPOS="2743" HPOS="1756"/>
<SP HEIGHT="37" WIDTH="30" VPOS="2754" HPOS="1997"/>
<String CONTENT="press" HEIGHT="37" WIDTH="135" VPOS="2754" HPOS="2028"/>
<SP HEIGHT="30" WIDTH="30" VPOS="2754" HPOS="2164"/>
<String CONTENT="co." HEIGHT="30" WIDTH="66" VPOS="2754" HPOS="2195"/>
</TextLine>
<TextLine HEIGHT="49" WIDTH="279" VPOS="2798" HPOS="463">
<String CONTENT="(32-12415)" HEIGHT="49" WIDTH="279" VPOS="2798" HPOS="463"/>
</TextLine>
<TextLine HEIGHT="67" WIDTH="1092" VPOS="2883" HPOS="379" STYLEREFS="StyleId-8056A018-CF82-4B6F-A3E3-EA4DA0386371-" CS="1">
<String LANG="en-US" CONTENT="Wood," HEIGHT="65" WIDTH="200" VPOS="2883" HPOS="379"/>
<SP HEIGHT="64" WIDTH="24" VPOS="2884" HPOS="580"/>
<String LANG="en-US" CONTENT="Benjamin" HEIGHT="64" WIDTH="317" VPOS="2884" HPOS="605"/>
<SP HEIGHT="52" WIDTH="28" VPOS="2886" HPOS="923"/>
<String LANG="de" CONTENT="De" HEIGHT="52" WIDTH="85" VPOS="2886" HPOS="952"/>
<SP HEIGHT="53" WIDTH="26" VPOS="2885" HPOS="1038"/>
<String LANG="de" CONTENT="Kalbe," HEIGHT="65" WIDTH="204" VPOS="2885" HPOS="1065"/>
<SP HEIGHT="59" WIDTH="29" VPOS="2891" HPOS="1270"/>
<String LANG="en-US" CS="1" CONTENT="1894-" HEIGHT="49" WIDTH="171" VPOS="2891" HPOS="1300"/>
</TextLine>
<TextLine HEIGHT="70" WIDTH="1925" VPOS="2960" HPOS="443" STYLEREFS="StyleId-8056A018-CF82-4B6F-A3E3-EA4DA0386371-">
<String CONTENT="An" HEIGHT="53" WIDTH="96" VPOS="2960" HPOS="443"/>
<SP HEIGHT="34" WIDTH="32" VPOS="2979" HPOS="540"/>
<String CONTENT="experimental" HEIGHT="67" WIDTH="408" VPOS="2961" HPOS="573"/>
<SP HEIGHT="50" WIDTH="33" VPOS="2965" HPOS="982"/>
<String CONTENT="study" HEIGHT="66" WIDTH="173" VPOS="2964" HPOS="1016"/>
<SP HEIGHT="47" WIDTH="32" VPOS="2983" HPOS="1190"/>
<String CONTENT="of" HEIGHT="52" WIDTH="63" VPOS="2964" HPOS="1223"/>
<SP HEIGHT="52" WIDTH="30" VPOS="2964" HPOS="1287"/>
<String CONTENT="the" HEIGHT="53" WIDTH="96" VPOS="2964" HPOS="1318"/>
<SP HEIGHT="34" WIDTH="33" VPOS="2983" HPOS="1415"/>
<String CONTENT="educational" HEIGHT="53" WIDTH="357" VPOS="2964" HPOS="1449"/>
<SP HEIGHT="52" WIDTH="32" VPOS="2964" HPOS="1807"/>
<String CONTENT="influences" HEIGHT="54" WIDTH="303" VPOS="2964" HPOS="1840"/>
<SP HEIGHT="35" WIDTH="32" VPOS="2983" HPOS="2144"/>
<String CONTENT="of" HEIGHT="53" WIDTH="63" VPOS="2965" HPOS="2177"/>
<SP HEIGHT="53" WIDTH="31" VPOS="2965" HPOS="2241"/>
<String CONTENT="the" HEIGHT="52" WIDTH="95" VPOS="2966" HPOS="2273"/>
</TextLine>
<TextLine HEIGHT="71" WIDTH="1993" VPOS="3038" HPOS="376" STYLEREFS="StyleId-8056A018-CF82-4B6F-A3E3-EA4DA0386371-">
<String CONTENT="typewriter" HEIGHT="67" WIDTH="333" VPOS="3038" HPOS="376"/>
<SP HEIGHT="52" WIDTH="43" VPOS="3038" HPOS="710"/>
<String CONTENT="in" HEIGHT="53" WIDTH="62" VPOS="3038" HPOS="754"/>
<SP HEIGHT="46" WIDTH="44" VPOS="3046" HPOS="817"/>
<String CONTENT="the" HEIGHT="52" WIDTH="96" VPOS="3040" HPOS="862"/>
<SP HEIGHT="34" WIDTH="45" VPOS="3059" HPOS="959"/>
<String CONTENT="elementary" HEIGHT="66" WIDTH="347" VPOS="3042" HPOS="1005"/>
<SP HEIGHT="48" WIDTH="43" VPOS="3060" HPOS="1353"/>
<String CONTENT="school" HEIGHT="53" WIDTH="190" VPOS="3042" HPOS="1397"/>
<SP HEIGHT="50" WIDTH="49" VPOS="3044" HPOS="1588"/>
<String CONTENT="classroom," HEIGHT="66" WIDTH="319" VPOS="3043" HPOS="1638"/>
<SP HEIGHT="66" WIDTH="44" VPOS="3043" HPOS="1958"/>
<String CONTENT="by" HEIGHT="66" WIDTH="76" VPOS="3043" HPOS="2003"/>
<SP HEIGHT="65" WIDTH="46" VPOS="3044" HPOS="2080"/>
<String CONTENT="Ben" HEIGHT="51" WIDTH="123" VPOS="3044" HPOS="2127"/>
<SP HEIGHT="52" WIDTH="45" VPOS="3042" HPOS="2251"/>
<String CONTENT="D." HEIGHT="52" WIDTH="72" VPOS="3042" HPOS="2297"/>
</TextLine>
<TextLine HEIGHT="145" WIDTH="1969" VPOS="3115" HPOS="375" STYLEREFS="StyleId-8056A018-CF82-4B6F-A3E3-EA4DA0386371-" CS="1">
<String CONTENT="Wood" HEIGHT="55" WIDTH="184" VPOS="3115" HPOS="376"/>
<SP HEIGHT="51" WIDTH="42" VPOS="3117" HPOS="561"/>
<String CS="1" CONTENT="&#8230;"/>
<SP HEIGHT="33" WIDTH="43" VPOS="3135" HPOS="661"/>
<String CONTENT="and" HEIGHT="51" WIDTH="112" VPOS="3117" HPOS="705"/>
<SP HEIGHT="51" WIDTH="39" VPOS="3117" HPOS="818"/>
<String CONTENT="Frank" HEIGHT="52" WIDTH="198" VPOS="3117" HPOS="858"/>
<SP HEIGHT="52" WIDTH="34" VPOS="3118" HPOS="1057"/>
<String CONTENT="N." HEIGHT="52" WIDTH="71" VPOS="3118" HPOS="1092"/>
<SP HEIGHT="51" WIDTH="39" VPOS="3119" HPOS="1164"/>
<String CONTENT="Freeman" HEIGHT="52" WIDTH="278" VPOS="3119" HPOS="1204"/>
<SP HEIGHT="34" WIDTH="41" VPOS="3137" HPOS="1483"/>
<String CS="1" CONTENT="&#8230;"/>
<SP HEIGHT="52" WIDTH="76" VPOS="3120" HPOS="1581"/>
<String CONTENT="New" HEIGHT="52" WIDTH="140" VPOS="3120" HPOS="1658"/>
<SP HEIGHT="51" WIDTH="37" VPOS="3121" HPOS="1799"/>
<String CONTENT="York," HEIGHT="65" WIDTH="178" VPOS="3120" HPOS="1837"/>
<SP HEIGHT="64" WIDTH="38" VPOS="3121" HPOS="2016"/>
<String CONTENT="The" HEIGHT="52" WIDTH="121" VPOS="3121" HPOS="2055"/>
<SP HEIGHT="53" WIDTH="37" VPOS="3120" HPOS="2177"/>
<String CONTENT="Macmillan" HEIGHT="125" WIDTH="1969" VPOS="3120" HPOS="375"/>
<SP HEIGHT="34" WIDTH="30" VPOS="3211" HPOS="577"/>
<String CONTENT="company," HEIGHT="49" WIDTH="295" VPOS="3211" HPOS="608"/>
<SP HEIGHT="63" WIDTH="32" VPOS="3197" HPOS="904"/>
<String CONTENT="1932." HEIGHT="50" WIDTH="152" VPOS="3197" HPOS="937"/>
</TextLine>
<TextLine HEIGHT="56" WIDTH="1751" VPOS="3263" HPOS="449" CS="1">
<String CONTENT="ix," HEIGHT="49" WIDTH="64" VPOS="3263" HPOS="449"/>
<SP HEIGHT="47" WIDTH="31" VPOS="3265" HPOS="514"/>
<String CONTENT="214" HEIGHT="39" WIDTH="85" VPOS="3265" HPOS="546"/>
<SP HEIGHT="49" WIDTH="28" VPOS="3265" HPOS="632"/>
<String CONTENT="p." HEIGHT="37" WIDTH="44" VPOS="3277" HPOS="661"/>
<SP HEIGHT="40" WIDTH="57" VPOS="3265" HPOS="706"/>
<String CONTENT="front.," HEIGHT="48" WIDTH="164" VPOS="3265" HPOS="764"/>
<SP HEIGHT="46" WIDTH="30" VPOS="3267" HPOS="929"/>
<String CONTENT="illus." HEIGHT="40" WIDTH="128" VPOS="3267" HPOS="960"/>
<SP HEIGHT="48" WIDTH="28" VPOS="3267" HPOS="1089"/>
<String CONTENT="(incl." HEIGHT="48" WIDTH="133" VPOS="3267" HPOS="1118"/>
<SP HEIGHT="29" WIDTH="29" VPOS="3279" HPOS="1252"/>
<String CONTENT="maps)" HEIGHT="48" WIDTH="162" VPOS="3269" HPOS="1282"/>
<SP HEIGHT="48" WIDTH="37" VPOS="3269" HPOS="1445"/>
<String CONTENT="plates" HEIGHT="49" WIDTH="157" VPOS="3268" HPOS="1483"/>
<SP HEIGHT="49" WIDTH="27" VPOS="3269" HPOS="1641"/>
<String CONTENT="(1" HEIGHT="49" WIDTH="49" VPOS="3269" HPOS="1669"/>
<SP HEIGHT="39" WIDTH="32" VPOS="3270" HPOS="1719"/>
<String CONTENT="col.)" HEIGHT="49" WIDTH="110" VPOS="3269" HPOS="1752"/>
<SP HEIGHT="48" WIDTH="40" VPOS="3270" HPOS="1863"/>
<String CONTENT="diagrs." HEIGHT="49" WIDTH="179" VPOS="3270" HPOS="1904"/>
<SP HEIGHT="39" WIDTH="57" VPOS="3271" HPOS="2084"/>
<String CONTENT="26" HEIGHT="40" WIDTH="58" VPOS="3270" HPOS="2142"/>
<String STYLE="superscript" CS="1" CONTENT="&#7580;&#7504;."/>
</TextLine>
<TextLine HEIGHT="57" WIDTH="1918" VPOS="3319" HPOS="451">
<String CONTENT="&#8220;This" HEIGHT="42" WIDTH="144" VPOS="3319" HPOS="451"/>
<SP HEIGHT="40" WIDTH="25" VPOS="3321" HPOS="596"/>
<String CONTENT="investigation" HEIGHT="49" WIDTH="348" VPOS="3321" HPOS="622"/>
<SP HEIGHT="28" WIDTH="26" VPOS="3334" HPOS="971"/>
<String CONTENT="was" HEIGHT="30" WIDTH="100" VPOS="3333" HPOS="998"/>
<SP HEIGHT="28" WIDTH="24" VPOS="3335" HPOS="1099"/>
<String CONTENT="made" HEIGHT="40" WIDTH="141" VPOS="3325" HPOS="1124"/>
<SP HEIGHT="38" WIDTH="25" VPOS="3335" HPOS="1266"/>
<String CONTENT="possible" HEIGHT="49" WIDTH="207" VPOS="3324" HPOS="1292"/>
<SP HEIGHT="40" WIDTH="25" VPOS="3326" HPOS="1500"/>
<String CONTENT="by" HEIGHT="47" WIDTH="60" VPOS="3326" HPOS="1526"/>
<SP HEIGHT="47" WIDTH="25" VPOS="3326" HPOS="1587"/>
<String CONTENT="two" HEIGHT="40" WIDTH="96" VPOS="3326" HPOS="1613"/>
<SP HEIGHT="37" WIDTH="26" VPOS="3337" HPOS="1710"/>
<String CONTENT="grants" HEIGHT="45" WIDTH="169" VPOS="3329" HPOS="1737"/>
<SP HEIGHT="28" WIDTH="26" VPOS="3338" HPOS="1907"/>
<String CONTENT="secured" HEIGHT="40" WIDTH="200" VPOS="3328" HPOS="1934"/>
<SP HEIGHT="40" WIDTH="24" VPOS="3328" HPOS="2135"/>
<String CONTENT="through" HEIGHT="47" WIDTH="209" VPOS="3329" HPOS="2160"/>
</TextLine>
<TextLine HEIGHT="55" WIDTH="1824" VPOS="3377" HPOS="379">
<String CONTENT="the" HEIGHT="40" WIDTH="80" VPOS="3377" HPOS="379"/>
<SP HEIGHT="39" WIDTH="30" VPOS="3378" HPOS="460"/>
<String CONTENT="Typewriter" HEIGHT="47" WIDTH="301" VPOS="3378" HPOS="491"/>
<SP HEIGHT="28" WIDTH="28" VPOS="3391" HPOS="793"/>
<String CONTENT="educational" HEIGHT="41" WIDTH="311" VPOS="3378" HPOS="822"/>
<SP HEIGHT="38" WIDTH="27" VPOS="3381" HPOS="1134"/>
<String CONTENT="research" HEIGHT="39" WIDTH="226" VPOS="3382" HPOS="1162"/>
<SP HEIGHT="40" WIDTH="28" VPOS="3381" HPOS="1389"/>
<String CONTENT="bureau.&#8221;&#8212;Acknowledgments." HEIGHT="51" WIDTH="785" VPOS="3381" HPOS="1418"/>
</TextLine>
<TextLine HEIGHT="58" WIDTH="1985" VPOS="3431" HPOS="386" CS="1">
<String CONTENT="&#169;" HEIGHT="51" WIDTH="51" VPOS="3431" HPOS="386"/>
<SP HEIGHT="51" WIDTH="26" VPOS="3431" HPOS="438"/>
<String CONTENT="May" HEIGHT="47" WIDTH="114" VPOS="3436" HPOS="465"/>
<SP HEIGHT="46" WIDTH="25" VPOS="3437" HPOS="580"/>
<String CONTENT="17," HEIGHT="46" WIDTH="69" VPOS="3437" HPOS="606"/>
<SP HEIGHT="47" WIDTH="27" VPOS="3436" HPOS="676"/>
<String CS="1" CONTENT="1932;" HEIGHT="41" WIDTH="112" VPOS="3435" HPOS="704"/>
<SP HEIGHT="49" WIDTH="27" VPOS="3434" HPOS="846"/>
<String CONTENT="2c." HEIGHT="42" WIDTH="68" VPOS="3434" HPOS="874"/>
<SP HEIGHT="28" WIDTH="28" VPOS="3448" HPOS="943"/>
<String CONTENT="and" HEIGHT="43" WIDTH="98" VPOS="3437" HPOS="972"/>
<SP HEIGHT="43" WIDTH="24" VPOS="3437" HPOS="1071"/>
<String CONTENT="aff." HEIGHT="39" WIDTH="82" VPOS="3436" HPOS="1096"/>
<SP HEIGHT="38" WIDTH="26" VPOS="3438" HPOS="1179"/>
<String CONTENT="May" HEIGHT="47" WIDTH="114" VPOS="3438" HPOS="1206"/>
<SP HEIGHT="46" WIDTH="26" VPOS="3439" HPOS="1321"/>
<String CS="1" CONTENT="18;" HEIGHT="40" WIDTH="58" VPOS="3438" HPOS="1348"/>
<SP HEIGHT="46" WIDTH="30" VPOS="3439" HPOS="1430"/>
<!-- cceid 09DCAE6D-6D7D-1014-B4A5-D7A31D17AB40 --><String CONTENT="A" HEIGHT="38" WIDTH="41" VPOS="3439" HPOS="1461"/>
<SP HEIGHT="40" WIDTH="26" VPOS="3438" HPOS="1503"/>
<String CS="1" CONTENT="51364;" HEIGHT="40" WIDTH="143" VPOS="3438" HPOS="1530"/>
<SP HEIGHT="45" WIDTH="30" VPOS="3440" HPOS="1700"/>
<String LANG="fr" CONTENT="B." HEIGHT="40" WIDTH="56" VPOS="3440" HPOS="1731"/>
<SP HEIGHT="40" WIDTH="27" VPOS="3440" HPOS="1788"/>
<String CONTENT="D." HEIGHT="40" WIDTH="57" VPOS="3440" HPOS="1816"/>
<SP HEIGHT="39" WIDTH="27" VPOS="3441" HPOS="1874"/>
<String CONTENT="Wood," HEIGHT="48" WIDTH="164" VPOS="3441" HPOS="1902"/>
<SP HEIGHT="47" WIDTH="29" VPOS="3442" HPOS="2067"/>
<String CONTENT="New" HEIGHT="38" WIDTH="116" VPOS="3442" HPOS="2097"/>
<SP HEIGHT="38" WIDTH="26" VPOS="3443" HPOS="2214"/>
<String CONTENT="York" HEIGHT="39" WIDTH="130" VPOS="3442" HPOS="2241"/>
</TextLine>
<TextLine HEIGHT="52" WIDTH="1281" VPOS="3492" HPOS="454">
<String CONTENT="and" HEIGHT="39" WIDTH="96" VPOS="3493" HPOS="454"/>
<SP HEIGHT="40" WIDTH="32" VPOS="3492" HPOS="551"/>
<String CONTENT="Frank" HEIGHT="40" WIDTH="166" VPOS="3492" HPOS="584"/>
<SP HEIGHT="38" WIDTH="31" VPOS="3493" HPOS="751"/>
<String CONTENT="N." HEIGHT="39" WIDTH="56" VPOS="3493" HPOS="783"/>
<SP HEIGHT="40" WIDTH="35" VPOS="3492" HPOS="840"/>
<String CONTENT="Freeman," HEIGHT="47" WIDTH="248" VPOS="3492" HPOS="876"/>
<SP HEIGHT="47" WIDTH="36" VPOS="3492" HPOS="1125"/>
<String CONTENT="Chicago." HEIGHT="50" WIDTH="222" VPOS="3492" HPOS="1162"/>
<SP HEIGHT="48" WIDTH="70" VPOS="3494" HPOS="1385"/>
<String CONTENT="(32-13246)" HEIGHT="50" WIDTH="279" VPOS="3494" HPOS="1456"/>
</TextLine>
<TextLine HEIGHT="68" WIDTH="1063" VPOS="3573" HPOS="379" STYLEREFS="StyleId-8056A018-CF82-4B6F-A3E3-EA4DA0386371-">
<String CONTENT="Wynne," HEIGHT="66" WIDTH="246" VPOS="3573" HPOS="379"/>
<SP HEIGHT="63" WIDTH="28" VPOS="3576" HPOS="626"/>
<String CONTENT="Shirley" HEIGHT="65" WIDTH="236" VPOS="3574" HPOS="655"/>
<SP HEIGHT="63" WIDTH="24" VPOS="3576" HPOS="892"/>
<String CONTENT="Wilmotte," HEIGHT="66" WIDTH="321" VPOS="3575" HPOS="917"/>
<SP HEIGHT="57" WIDTH="31" VPOS="3584" HPOS="1239"/>
<String CONTENT="1882-" HEIGHT="49" WIDTH="171" VPOS="3583" HPOS="1271"/>
</TextLine>
<TextLine HEIGHT="73" WIDTH="1921" VPOS="3649" HPOS="448" STYLEREFS="StyleId-8056A018-CF82-4B6F-A3E3-EA4DA0386371-">
<String CONTENT="Diet" HEIGHT="53" WIDTH="135" VPOS="3649" HPOS="448"/>
<SP HEIGHT="47" WIDTH="29" VPOS="3655" HPOS="584"/>
<String CONTENT="and" HEIGHT="52" WIDTH="113" VPOS="3651" HPOS="614"/>
<SP HEIGHT="52" WIDTH="28" VPOS="3651" HPOS="728"/>
<String CONTENT="weight" HEIGHT="68" WIDTH="212" VPOS="3651" HPOS="757"/>
<SP HEIGHT="47" WIDTH="29" VPOS="3658" HPOS="970"/>
<String CONTENT="control," HEIGHT="66" WIDTH="236" VPOS="3654" HPOS="1000"/>
<SP HEIGHT="48" WIDTH="29" VPOS="3672" HPOS="1237"/>
<String CONTENT="with" HEIGHT="53" WIDTH="141" VPOS="3653" HPOS="1267"/>
<SP HEIGHT="55" WIDTH="28" VPOS="3653" HPOS="1409"/>
<String CONTENT="specific" HEIGHT="67" WIDTH="225" VPOS="3655" HPOS="1438"/>
<SP HEIGHT="35" WIDTH="27" VPOS="3674" HPOS="1664"/>
<String CONTENT="menus" HEIGHT="36" WIDTH="196" VPOS="3673" HPOS="1692"/>
<SP HEIGHT="34" WIDTH="29" VPOS="3675" HPOS="1889"/>
<String CONTENT="and" HEIGHT="53" WIDTH="113" VPOS="3656" HPOS="1919"/>
<SP HEIGHT="53" WIDTH="30" VPOS="3656" HPOS="2033"/>
<String CONTENT="directions" HEIGHT="53" WIDTH="305" VPOS="3657" HPOS="2064"/>
</TextLine>
<TextLine HEIGHT="79" WIDTH="1990" VPOS="3723" HPOS="380" STYLEREFS="StyleId-8056A018-CF82-4B6F-A3E3-EA4DA0386371-">
<String CONTENT="for" HEIGHT="53" WIDTH="94" VPOS="3723" HPOS="380"/>
<SP HEIGHT="35" WIDTH="21" VPOS="3743" HPOS="475"/>
<String CONTENT="a" HEIGHT="34" WIDTH="31" VPOS="3744" HPOS="497"/>
<SP HEIGHT="48" WIDTH="22" VPOS="3730" HPOS="529"/>
<String CONTENT="thirty-day" HEIGHT="69" WIDTH="325" VPOS="3726" HPOS="552"/>
<SP HEIGHT="67" WIDTH="20" VPOS="3728" HPOS="878"/>
<String CONTENT="diet" HEIGHT="54" WIDTH="118" VPOS="3728" HPOS="899"/>
<SP HEIGHT="55" WIDTH="21" VPOS="3727" HPOS="1018"/>
<String CONTENT="for" HEIGHT="54" WIDTH="93" VPOS="3727" HPOS="1040"/>
<SP HEIGHT="50" WIDTH="21" VPOS="3731" HPOS="1134"/>
<String CONTENT="losing" HEIGHT="69" WIDTH="187" VPOS="3729" HPOS="1156"/>
<SP HEIGHT="50" WIDTH="20" VPOS="3748" HPOS="1344"/>
<String CONTENT="weight" HEIGHT="69" WIDTH="212" VPOS="3730" HPOS="1365"/>
<SP HEIGHT="48" WIDTH="22" VPOS="3736" HPOS="1578"/>
<String CONTENT="or" HEIGHT="34" WIDTH="62" VPOS="3750" HPOS="1601"/>
<SP HEIGHT="51" WIDTH="20" VPOS="3750" HPOS="1664"/>
<String CONTENT="gaining" HEIGHT="70" WIDTH="240" VPOS="3731" HPOS="1685"/>
<SP HEIGHT="68" WIDTH="23" VPOS="3733" HPOS="1926"/>
<String CONTENT="it," HEIGHT="67" WIDTH="63" VPOS="3733" HPOS="1950"/>
<SP HEIGHT="68" WIDTH="22" VPOS="3732" HPOS="2014"/>
<String CONTENT="by" HEIGHT="70" WIDTH="76" VPOS="3732" HPOS="2037"/>
<SP HEIGHT="70" WIDTH="26" VPOS="3732" HPOS="2114"/>
<String CONTENT="Shirley" HEIGHT="70" WIDTH="229" VPOS="3732" HPOS="2141"/>
</TextLine>
<TextLine HEIGHT="76" WIDTH="1557" VPOS="3800" HPOS="378" STYLEREFS="StyleId-8056A018-CF82-4B6F-A3E3-EA4DA0386371-" CS="1">
<String CONTENT="W." HEIGHT="55" WIDTH="89" VPOS="3800" HPOS="378"/>
<SP HEIGHT="54" WIDTH="27" VPOS="3802" HPOS="468"/>
<String CONTENT="Wynne" HEIGHT="69" WIDTH="225" VPOS="3802" HPOS="496"/>
<SP HEIGHT="33" WIDTH="32" VPOS="3823" HPOS="722"/>
<String CS="1" CONTENT="&#8230;"/>
<SP HEIGHT="52" WIDTH="67" VPOS="3806" HPOS="811"/>
<String CONTENT="New" HEIGHT="52" WIDTH="140" VPOS="3806" HPOS="879"/>
<SP HEIGHT="53" WIDTH="26" VPOS="3805" HPOS="1020"/>
<String CONTENT="York," HEIGHT="69" WIDTH="179" VPOS="3805" HPOS="1047"/>
<SP HEIGHT="67" WIDTH="24" VPOS="3807" HPOS="1227"/>
<String CONTENT="Liveright," HEIGHT="70" WIDTH="319" VPOS="3806" HPOS="1252"/>
<SP HEIGHT="67" WIDTH="26" VPOS="3808" HPOS="1572"/>
<String CONTENT="inc." HEIGHT="53" WIDTH="107" VPOS="3808" HPOS="1599"/>
<SP/>
<String CS="1" CONTENT="[&#7580;1932]" HEIGHT="64" WIDTH="84" VPOS="3812" HPOS="1851"/>
</TextLine>
<TextLine HEIGHT="49" WIDTH="593" VPOS="3876" HPOS="483" CS="1">
<String CS="1" CONTENT="x"/>
<SP HEIGHT="37" WIDTH="22" VPOS="3885" HPOS="483"/>
<String LANG="fr" CONTENT="p.," HEIGHT="37" WIDTH="58" VPOS="3885" HPOS="506"/>
<SP HEIGHT="45" WIDTH="26" VPOS="3877" HPOS="565"/>
<String CONTENT="1" HEIGHT="38" WIDTH="25" VPOS="3877" HPOS="592"/>
<SP HEIGHT="38" WIDTH="27" VPOS="3877" HPOS="618"/>
<String CS="1" CONTENT="l.,"/>
<SP HEIGHT="47" WIDTH="26" VPOS="3877" HPOS="692"/>
<String CONTENT="13-223" HEIGHT="41" WIDTH="170" VPOS="3876" HPOS="719"/>
<SP HEIGHT="48" WIDTH="25" VPOS="3877" HPOS="890"/>
<String CONTENT="p." HEIGHT="38" WIDTH="45" VPOS="3887" HPOS="916"/>
<SP HEIGHT="38" WIDTH="57" VPOS="3879" HPOS="962"/>
<String CS="1" CONTENT="19&#189;" HEIGHT="41" WIDTH="56" VPOS="3877" HPOS="1020"/>
<String STYLE="superscript" CS="1" CONTENT="&#7580;&#7504;."/>
</TextLine>
<TextLine HEIGHT="61" WIDTH="1872" VPOS="3927" HPOS="387" CS="1">
<String CONTENT="&#169;" HEIGHT="52" WIDTH="51" VPOS="3927" HPOS="387"/>
<SP HEIGHT="52" WIDTH="27" VPOS="3927" HPOS="439"/>
<String CONTENT="Apr." HEIGHT="47" WIDTH="113" VPOS="3933" HPOS="467"/>
<SP HEIGHT="38" WIDTH="27" VPOS="3934" HPOS="581"/>
<String CONTENT="15," HEIGHT="48" WIDTH="68" VPOS="3934" HPOS="609"/>
<SP HEIGHT="47" WIDTH="29" VPOS="3935" HPOS="678"/>
<String CS="1" CONTENT="1932;" HEIGHT="42" WIDTH="112" VPOS="3933" HPOS="708"/>
<SP HEIGHT="46" WIDTH="29" VPOS="3935" HPOS="849"/>
<String CONTENT="2c." HEIGHT="42" WIDTH="67" VPOS="3935" HPOS="879"/>
<SP HEIGHT="38" WIDTH="29" VPOS="3937" HPOS="947"/>
<String CONTENT="May" HEIGHT="47" WIDTH="113" VPOS="3937" HPOS="977"/>
<SP HEIGHT="46" WIDTH="27" VPOS="3938" HPOS="1091"/>
<String CS="1" CONTENT="14;" HEIGHT="38" WIDTH="55" VPOS="3938" HPOS="1119"/>
<SP HEIGHT="36" WIDTH="31" VPOS="3947" HPOS="1201"/>
<String CONTENT="aff." HEIGHT="40" WIDTH="81" VPOS="3937" HPOS="1233"/>
<SP HEIGHT="39" WIDTH="29" VPOS="3938" HPOS="1315"/>
<String CONTENT="May" HEIGHT="47" WIDTH="114" VPOS="3938" HPOS="1345"/>
<SP HEIGHT="46" WIDTH="27" VPOS="3939" HPOS="1460"/>
<String CS="1" CONTENT="13;" HEIGHT="40" WIDTH="53" VPOS="3939" HPOS="1488"/>
<SP HEIGHT="46" WIDTH="30" VPOS="3939" HPOS="1571"/>
<!-- cceid 09DD2261-6D7D-1014-B4A5-D7A31D17AB40 --><String CONTENT="A" HEIGHT="39" WIDTH="41" VPOS="3939" HPOS="1602"/>
<SP HEIGHT="40" WIDTH="26" VPOS="3939" HPOS="1644"/>
<String CS="1" CONTENT="51300;" HEIGHT="40" WIDTH="143" VPOS="3939" HPOS="1671"/>
<SP HEIGHT="46" WIDTH="31" VPOS="3940" HPOS="1841"/>
<String CONTENT="Liveright," HEIGHT="48" WIDTH="264" VPOS="3940" HPOS="1873"/>
<SP HEIGHT="48" WIDTH="29" VPOS="3940" HPOS="2138"/>
<String CONTENT="inc." HEIGHT="41" WIDTH="91" VPOS="3940" HPOS="2168"/>
</TextLine>
<TextLine HEIGHT="52" WIDTH="277" VPOS="3989" HPOS="465">
<String CONTENT="(32-13169)" HEIGHT="52" WIDTH="277" VPOS="3989" HPOS="465"/>
</TextLine>
</TextBlock>
</PrintSpace>
</Page>
</Layout>
</alto>