2563 4368
1104 4147 131 51 1951

173 623 294 68 teachings
501 623 112 51 and
647 620 481 53 commandments
1163 616 64 54 of
1260 617 98 52 the
1390 615 182 53 Bible.
1649 611 357 70 [Richmond,
2040 609 124 67 Va.,

175 696 1156 69 Trevvett, Christian & co., inc., ᶜ193 2]
244 765 1644 56 vi, 320 p. incl. illus., plates, maps, plans, front., pl. 17½ᶜᵐ.
242 830 160 39 Blank
429 837 146 40 pages
602 829 78 38 for
710 825 423 43 “Memorandum”
1174 824 251 49 (317-320)

178 882 52 52 ©
254 887 111 39 Dec.
388 885 40 48 9,
452 884 113 41 1932;
618 884 68 41 2c.
711 885 95 39 and
830 883 82 41 aff.
937 884 110 39 Dec.
1073 883 54 38 12;
1181 882 41 38 A
1246 881 143 41 57442;
1444 881 44 40 J.
1514 880 53 40 A.
1597 878 158 48 Selph,
1780 877 74 48 jr.,
1882 875 283 42 Richmond.

255 941 249 49 (33-1759)

172 1014 304 64 Seymour,
505 1012 232 55 Arthur
765 1014 284 63 Romeyn,
1080 1013 170 54 1872-

240 1092 287 53 Practical
571 1090 250 68 Spanish
863 1107 304 51 grammar,
1207 1089 75 67 by
1323 1087 225 53 Arthur
1589 1087 258 66 Romeyn
1890 1084 277 67 Seymour

236 1161 1933 70 … and Adelaide Ellen Smithers … New ed., with additional
173 1247 285 53 exercises.
532 1246 139 53 New
719 1245 177 67 York,
944 1244 250 67 Chicago
1263 1246 119 63 [etc.]
1433 1241 344 69 Longmans,
1823 1238 188 56 Green
2055 1239 113 54 and

171 1326 308 64 co. [ ᶜ193 2 ]
245 1392 1099 52 xi, 260 p. incl. front., illus., map. 19½ ᶜᵐ .
245 1454 175 39 Tables
445 1463 60 29 on
532 1452 362 47 lining-papers.

183 1506 51 52 ©
266 1510 102 40 Oct.
399 1509 68 48 19,
498 1508 115 41 1932;
670 1508 66 40 2c.
769 1508 95 39 and
895 1506 81 41 aff.
1008 1506 100 41 Oct.
1140 1507 56 39 27;
1253 1506 41 39 A
1325 1505 145 41 55699;
1529 1506 286 48 Longmans,
1849 1505 154 40 Green
2036 1505 36 40 &
2103 1513 66 30 co.

257 1565 249 50 (33-1350)

176 1639 191 65 Sloan,
398 1638 257 55 Richard
683 1640 86 63 E.,
801 1640 171 53 1857-

250 1713 1857 70 Memories of an Arizona judge, by Richard E. Sloan …
184 1792 281 55 Stanford
503 1792 353 68 University,
893 1792 196 67 Calif.,
1127 1791 283 56 Stanford
1444 1792 318 67 university
1799 1810 185 49 press;
180 1792 1968 145 London,

345 1870 77 52 H.
457 1868 267 68 Milford,
763 1869 229 54 Oxford
1029 1868 320 69 university
1384 1888 174 48 press,
1599 1872 151 50 1932.

251 1942 444 50 xii, 250 p. 20 ᶜᵐ .
184 1996 51 52 ©
263 2001 116 38 Nov.
409 2000 69 47 25,
507 1998 116 41 1932;
678 1999 67 40 2c.
775 1999 111 40 Dec.
916 2000 24 37 1;
999 1998 83 41 aff.
1111 1998 111 40 Dec.
1253 1999 29 39 5;
1337 1999 41 38 A
1407 2000 142 39 57337;
1610 2000 162 39 Board
1801 2000 52 39 of
1883 2002 214 38 trustees
2124 2000 53 39 of

253 2057 81 39 the
363 2057 182 38 Leland
577 2056 234 40 Stanford
839 2055 165 48 junior
1033 2055 145 46 univ.,
1212 2055 233 40 Stanford
1477 2055 296 49 University,
1806 2056 145 41 Calif.

258 2112 249 49 (33-1725)

175 2180 323 64 Stacpoole,
527 2181 208 62 Henry
760 2180 70 52 de
861 2180 168 63 Vere,
1064 2185 172 49 1865-

312 2254 1865 70 … La fugue sentimentale (The goblin market) traduit
179 2351 105 50 par
309 2332 175 53 Louis
508 2331 210 54 Postif.
788 2332 203 67 [Paris]
1024 2331 286 54 Hachette
1343 2334 172 66 [1932]

245 2404 1915 51 2 p. l. , [7]-264 p. 19 ᶜᵐ . (On cover: “Les meilleurs romans étrangers”)
247 2461 66 41 At
334 2461 126 41 head
486 2461 52 40 of
563 2461 107 41 title:
727 2460 61 42 H.
814 2462 59 40 de
897 2460 121 41 Vere
1048 2460 264 48 Stacpoole.

187 2514 1905 52 © Aug. 20, 1932; 1c. Nov. 9; A—Foreign 18510; Librairie Hachette.
261 2575 250 47 (33-2330)

177 2646 264 65 Stearns,
471 2647 283 64 Marshal,
785 2649 171 53 1877-

252 2723 133 54 Just
432 2724 294 53 memories
780 2724 108 67 [by]
941 2724 257 52 Marshal
1249 2724 249 55 Stearns.
1597 2726 137 53 [New
1784 2727 179 67 York]
2016 2727 158 53 Priv.

182 2800 175 67 print.
392 2800 140 66 [The
557 2799 314 69 Arlington
900 2820 156 48 press]
1111 2804 149 50 1932.

252 2872 87 40 202
364 2884 43 36 p.
433 2873 198 48 incl.pl.
690 2873 145 40 20½ᶜᵐ.

255 2929 70 39 “A
354 2930 167 38 record
553 2929 51 40 of
633 2940 80 36 my
743 2930 185 40 modest
959 2929 308 48 experiences
1298 2931 50 39 in
1379 2931 194 47 pursuit
1603 2934 51 38 of
1684 2930 93 42 fish
1808 2934 97 39 and
1935 2933 242 48 game.”—

181 2984 131 42 Pref.

187 3037 1988 56 © Dec. 24, 1932; 2c. and aff. Dec. 30; A 57637; M. Stearns, New York.
262 3097 249 48 (33-1827)

186 3163 205 64 Terry,
421 3163 245 55 Charles
693 3166 271 64 Edward,
994 3166 172 53 1878-

250 3242 218 66 Report
505 3261 72 33 on
610 3242 95 52 the
742 3244 148 67 legal
928 3262 95 34 use
1060 3245 63 51 of
1159 3246 278 53 narcotics
1474 3246 59 53 in
1570 3248 246 67 Detroit,
1852 3249 315 70 Michigan,

184 3320 112 51 and
326 3318 281 68 environs,
639 3320 94 52 for
763 3321 95 54 the
889 3322 199 67 period
1120 3324 142 67 July
1295 3328 46 63 1,
1375 3328 132 48 1925
1540 3331 58 46 to
1630 3328 151 53 June
1812 3330 83 64 30,
1929 3331 151 66 1926,
2110 3335 60 47 to

179 3396 1988 77 the Committee on drug addictions, by C. E. Terry … Mildred
180 3474 1542 74 Pellens … [and] J. W. Cox … New York, 1931.
257 3548 851 50 27 p. tables (part fold.) 28 ᶜᵐ .
257 3605 181 47 Report
462 3607 253 45 presented
740 3607 60 46 by
825 3607 82 39 the
931 3607 272 41 committee
1229 3613 48 36 to
1302 3610 81 40 the
1409 3612 195 39 Bureau
1629 3612 53 40 of
1705 3612 149 41 social
1881 3612 215 50 hygiene.

190 3656 52 51 ©
275 3662 120 38 Mar.
426 3660 69 42 20,
529 3660 111 41 1931;
702 3662 66 40 2c.
802 3665 95 38 and
929 3664 82 40 aff.
1043 3664 114 47 Apr.
1190 3667 39 43 7,
1262 3665 116 41 1932;
1437 3668 41 38 A
1507 3667 149 41 49450;
1715 3670 196 39 Bureau
1943 3671 52 38 of
2027 3671 148 41 social

251 3715 216 48 hygiene,
492 3716 90 40 inc.,
621 3717 117 39 New
761 3718 143 41 York.
975 3719 278 48 (32-19978)

185 3781 245 66 Tomlin,
461 3784 261 65 Charles,
755 3788 170 49 1853-
1136 3806 178 50 comp.

248 3858 345 71 Genealogy,
629 3862 155 53 John
818 3864 286 54 Williams
1139 3868 111 51 and
1287 3869 298 52 Thankful
1621 3872 247 64 Barlow,
1903 3873 260 69 Benajah

187 3937 245 53 Tomson
474 3940 112 51 and
626 3941 292 53 Prudence
960 3944 304 69 Eldredge,
1304 3947 298 68 compiled,
1645 3952 131 49 1931
1819 3950 74 68 by
1935 3951 236 55 Charles

185 4015 1481 78 Tomlin … Clarence R. Brooks … [n. p., 1931]
