2563 4368
1281 4035 136 52 1344

354 420 210 51 Texas.
638 419 165 52 Laws
810 460 11 25 ,
849 422 239 48 statutes
1095 459 11 25 ,
1134 422 100 47 etc.

426 495 277 53 Vernon’s
749 494 308 53 annotated
1100 493 245 53 Revised
1390 493 134 54 civil
1567 498 238 48 statutes
1850 494 63 53 of
1957 495 95 52 the
2095 499 144 48 state
2283 494 64 54 of

356 575 201 51 Texas.
634 575 133 51 1932
796 573 342 53 cumulative
1166 574 211 50 annual
1403 572 202 68 pocket
1630 578 134 63 part
1791 573 94 52 for
1913 578 158 62 parts
2103 577 26 48 1
2160 574 109 51 and
2298 577 47 49 2.

358 650 1989 71 Constitution … Kansas City, Vernon law book company
362 734 192 63 [ ᶜ1 932 ]
424 817 287 41 2 V. 25 ᶜᵐ .
427 873 295 42 Cover-title.

430 930 155 41 These
614 929 273 48 pamphlets
919 939 82 29 are
1034 930 46 38 to
1111 928 57 40 be
1197 928 140 40 fitted
1367 928 101 41 into
1500 929 81 39 the
1612 929 196 48 pockets
1840 931 51 38 at
1923 929 80 40 the
2035 928 121 41 back
2187 930 52 40 of
2270 930 80 41 the

359 988 214 39 volumes
601 986 52 40 of
678 986 84 40 the
787 988 73 37 set
887 987 49 38 to
964 984 157 40 which
1150 986 114 45 they
1292 984 184 49 belong.

361 1053 1991 52 © July 29, 1932; 1c. each and aff. Oct. 3; 1c. Oct. 4; A 55419; Vernon
427 1114 96 40 law
548 1113 123 40 book
695 1123 68 30 co.

354 1231 275 66 Thomas,
663 1234 139 51 Mrs.
837 1233 307 63 Margaret
1179 1231 239 64 Loring.

356 1305 1969 135 … The pack train steamboat. Indianapolis, The Bobbs-Merrill
481 1403 276 51 company
832 1387 152 66 [ᶜ1932]

424 1469 771 51 239 p. illus., plates. 20½ ᶜᵐ .
424 1528 289 41 Illustrated
747 1529 98 47 t.-p.

426 1584 162 42 “First
620 1584 228 42 edition.”

361 1655 51 52 ©
449 1661 127 46 Sept.
608 1659 69 48 10,
709 1658 140 49 1932;
884 1659 68 41 2c.
988 1659 127 48 Sept.
1149 1659 82 47 15;
1266 1658 81 41 aff.
1385 1658 127 49 Sept.
1545 1659 82 47 17;
1664 1659 40 39 A
1738 1658 169 49 55129;
1945 1660 62 39 M.
2041 1660 51 40 L.
2126 1659 223 48 Thomas,

426 1716 116 40 New
570 1716 144 40 York.
785 1714 278 49 (32-23422)

353 1833 275 64 Thomas,
656 1834 237 54 Samuel
919 1834 143 64 Bell,
1094 1835 170 54 1871-

425 1910 124 55 Our
596 1910 301 53 weakened
948 1909 417 68 Constitution;
1417 1929 73 34 an
1536 1909 295 54 historical
1879 1911 113 52 and
2040 1908 310 70 analytical

354 1989 171 66 study
555 1987 65 53 of
649 1988 97 52 the
777 1987 391 55 Constitution
1199 1988 64 53 of
1293 1988 96 53 the
1419 1987 217 55 United
1669 1987 188 55 States
1889 1988 112 52 and
2032 1988 64 53 of
2125 1987 98 54 the
354 1988 1970 131 additions

592 2069 58 49 to
675 2065 94 54 the
795 2065 248 68 original
1069 2071 121 48 text
1213 2065 354 53 undertaken
1590 2070 59 49 to
1675 2065 159 68 place
1859 2065 95 54 the
1982 2065 148 54 facts
2154 2064 196 56 before

355 2144 95 53 the
485 2144 308 53 American
829 2144 218 67 people,
1083 2144 113 52 and
1232 2150 57 47 to
1326 2142 320 68 emphasize
1681 2142 96 54 the
1813 2147 226 64 present
2074 2143 275 69 necessity

357 2221 92 53 for
480 2240 30 33 a
541 2226 320 47 movement
889 2221 62 52 in
980 2221 199 52 behalf
1209 2220 64 53 of
1303 2238 73 34 an
1404 2220 331 53 unviolated
1768 2219 407 69 Constitution,
2204 2223 145 52 state

355 2298 276 68 integrity
677 2299 112 52 and
833 2298 95 53 the
972 2297 187 69 rights
1202 2298 113 52 and
1358 2296 351 55 immunities
1751 2296 342 55 established
2135 2300 76 66 by
2253 2297 96 56 the

355 2373 1969 134 founders of this republic, by Samuel Bell Thomas … in collaboration
718 2454 141 52 with
904 2454 253 52 Edward
1200 2451 305 70 Williams,
1548 2453 140 53 with
1731 2472 31 35 a
1808 2451 285 56 foreword
2134 2454 76 68 by
2252 2453 95 55 the

355 2529 1993 69 Honorable Edward S. Malone … New York, Dauber & Pine
354 2609 336 68 bookshops,
718 2609 127 65 inc.,
874 2610 151 51 1932.

423 2695 473 50 vii, 321 p. 23½ ᶜᵐ .
361 2763 51 52 ©
443 2767 126 48 Sept.
598 2767 39 48 2,
665 2765 139 48 1932;
835 2765 66 41 2c.
933 2766 127 48 Sept.
1088 2767 52 46 3;
1171 2765 82 41 aff.
1284 2766 127 48 Sept.
1440 2765 81 48 12;
1551 2767 41 38 A
1619 2766 170 48 54728;
1823 2767 45 40 S.
1897 2768 54 40 B.
1978 2767 223 49 Thomas,
2231 2767 116 39 New

426 2823 144 41 York.
640 2822 279 49 (32-23404)

355 2941 266 63 Warner,
652 2941 135 52 Ann
819 2941 239 63 Spence.

356 3014 1967 133 Gold is where you find it, by Ann Spence Warner … illustrated
357 3090 1964 149 by Ruth King. Indianapolis, The Bobbs-Merrill company [ ᶜ1 932]
423 3254 1090 49 301 p. incl. illus., plates. front. 19½ ᶜᵐ .
428 3311 162 41 “First
617 3311 227 42 edition.”

363 3380 51 52 ©
445 3386 127 47 Sept.
600 3385 67 48 10,
695 3385 114 41 1932;
865 3387 66 39 2c.
964 3385 125 48 Sept.
1119 3385 54 40 15;
1231 3386 81 40 aff.
1344 3386 128 48 Sept.
1501 3387 55 39 17;
1614 3387 39 39 A
1682 3387 143 40 55126;
1883 3386 367 41 Bobbs-Merrill
2279 3396 66 31 co.

438 3441 279 48 (32-23427)

356 3549 719 67 Washington-Metcalfe,
1108 3551 276 57 Thomas.

489 3626 1855 71 … The life & adventures of Aloysius O’Callaghan. New
358 3702 179 68 York,
560 3703 90 53 W.
674 3704 251 52 Morrow
948 3706 51 50 &
1027 3720 97 51 co.,
1152 3707 150 50 1932.

460 3787 1866 53 x, 355 p. illus. (incl. music) 21½ ᶜᵐ . [His Santa Anna trilogy, v. 2]
364 3854 51 52 ©
451 3860 129 47 Sept.
612 3860 39 47 8,
685 3859 112 41 1932;
860 3860 67 41 2c.
961 3863 97 39 and
1090 3860 81 42 aff.
1208 3862 127 47 Sept.
1369 3861 55 40 10;
1487 3862 40 39 A
1561 3862 141 40 55053;
1766 3862 209 40 Thomas
431 3860 1914 102 Washington-Metcalfe,

702 3916 208 41 Bratton
939 3915 230 51 Fleming,
1200 3917 156 41 North
1385 3917 179 47 Devon,
1596 3919 235 46 England,

437 3969 280 52 (32-23285)
