2563 4368
1236 4061 137 52 1154

280 434 264 65 Buchan,
573 434 174 65 John,
780 433 170 56 1875-

351 512 121 53 The
504 529 113 50 gap
648 510 61 53 in
739 510 96 53 the
864 507 242 69 curtain,
1135 509 76 68 by
1242 508 156 55 John
1428 508 256 52 Buchan.
1750 505 258 70 London,
2036 505 242 55 Hodder

281 591 113 52 and
428 589 341 67 Stoughton,
800 590 150 52 1932.

352 664 88 41 315
464 674 45 38 p.
568 662 116 42 19ᶜᵐ.

291 729 1988 53 © 1c. July 28, 1932; A ad int. 16704; pubd. July 7; J. Buchan, Elsfield,
360 789 334 47 Oxfordshire,
726 789 236 47 England.
1032 786 280 49 (32-20863)

284 892 216 64 Burke,
527 892 277 65 Thomas,
834 892 167 55 1887-

363 969 135 69 City
537 968 63 53 of
639 974 350 62 encounters,
1029 988 31 33 a
1099 968 241 53 London
1380 967 456 53 divertissement
1897 966 93 68 [by]
2037 967 247 53 Thomas

291 1047 210 54 Burke.
569 1048 234 66 Boston,
834 1047 196 68 Little,
1062 1048 229 66 Brown,
1324 1047 113 53 and
1470 1064 297 51 company,
1802 1049 150 50 1932.

359 1121 627 51 4 p. l., 11-372 p. 20ᶜᵐ.
296 1189 52 52 ©
377 1194 119 47 Aug.
526 1192 68 46 12,
625 1192 140 47 1932;
796 1192 67 40 2c.
895 1194 94 39 and
1020 1192 81 40 aff.
1131 1192 121 49 Aug.
1282 1193 82 46 13;
1397 1192 40 39 A
1467 1192 170 47 53641;
1670 1192 52 40 T.
1754 1191 177 48 Burke,
1962 1191 212 40 London.

373 1249 279 50 (32-26953)

291 1353 210 66 Chute,
530 1353 336 55 Marchette
893 1352 275 66 Gaylord.

359 1429 252 69 Rhymes
644 1429 172 53 about
849 1429 300 68 ourselves,
1182 1428 231 54 written
1445 1429 114 54 and
1593 1428 325 54 illustrated
1951 1427 75 71 by
291 1427 1972 133 Marchette
446 1506 258 70 Gaylord
750 1506 201 55 Chute.
1032 1507 139 53 New
1217 1506 181 69 York,
1443 1507 123 53 The
1608 1505 336 54 Macmillan
1989 1523 299 52 company,

293 1587 151 51 1932.

363 1655 757 51 5 p. l., 72 p., 1 l. illus. 26ᶜᵐ.
301 1725 52 52 ©
379 1730 120 48 Aug.
524 1729 41 48 2,
591 1729 140 48 1932;
759 1729 68 42 2c.
854 1731 95 39 and
975 1729 83 41 aff.
1086 1730 119 47 Aug.
1232 1730 53 47 3;
1314 1730 40 38 A
1380 1729 170 48 53431;
1581 1728 281 41 Macmillan
1890 1739 67 32 co.

375 1786 279 49 (32-20153)

297 1888 304 67 Cooledge,
633 1889 245 56 Charles
909 1889 226 66 Edwin,
1168 1894 171 51 1848-

367 1967 120 53 The
519 1966 269 68 religious
816 1964 106 56 life
952 1966 63 52 of
1045 1965 216 54 Goethe
1292 1984 60 35 as
1383 1965 323 54 illustrated
1739 1965 59 52 in
1830 1965 95 54 the
1958 1964 240 69 tragedy
2230 1964 62 53 of

299 2042 1994 70 Faust, by Rev. Charles E. Cooledge … Boston, Mass., The
299 2120 298 55 Stratford
627 2139 278 50 company
1015 2123 118 65 [ᶜ1932]

366 2192 830 48 3 p. l., iii p., 1 l., 50 p. 19½ᶜᵐ.
305 2247 52 52 ©
397 2252 120 48 Aug.
556 2253 40 46 1,
636 2250 142 48 1932;
819 2250 69 41 2c.
928 2251 120 47 Aug.
1087 2252 54 45 3;
1183 2250 83 42 aff.
1305 2251 121 48 Aug.
1465 2252 54 47 4;
1561 2251 43 39 A
1643 2251 170 48 54311;
1857 2252 50 41 C.
1949 2253 52 40 E.
2045 2251 248 49 Cooledge,

375 2307 249 47 Franklin,
653 2309 147 38 Mass.
870 2306 278 49 (32-20211)

302 2410 241 66 Cowles,
573 2412 214 64 Roger.

371 2485 1921 71 The San Felipians, by Roger Cowles … New York, C.
303 2562 313 56 Scribner’s
645 2582 146 49 sons,
825 2567 151 51 1932.

373 2636 690 49 viii p., 1 l., 242 p. 19½ᶜᵐ.
374 2692 197 42 London
599 2693 183 41 edition
819 2693 253 48 (Methuen
1098 2692 36 41 &
1159 2703 80 37 co.,
1269 2693 110 49 ltd.)
1416 2694 90 40 has
1533 2692 135 42 title:
1697 2693 203 41 Distant
1925 2694 181 40 drums.

312 2746 52 52 ©
399 2751 126 40 June
559 2751 67 48 18,
661 2750 140 48 1932;
838 2751 67 40 2c.
941 2752 129 40 June
1101 2752 82 46 25;
1221 2751 82 41 aff.
1339 2751 126 40 June
1499 2752 82 47 24;
1620 2752 40 39 A
1696 2751 169 48 51905;
1905 2752 202 40 Charles
377 2749 1903 98 Scribner’s

530 2818 125 30 sons.
725 2807 279 48 (32-20149)

306 2909 286 67 Dietrich,
621 2911 222 55 Harold
874 2912 203 58 Glenn.

374 2985 357 70 Laboratory
788 2989 232 52 manual
1076 2995 58 47 to
1194 3007 346 52 accompany
1597 2988 410 69 Introductory
2067 2987 228 69 general

305 3063 1928 70 chemistry, by Harold G. Dietrich and Erwin B. Kelsey …
305 3139 140 53 New
472 3141 179 67 York,
675 3142 121 53 The
821 3142 333 54 Macmillan
1182 3161 297 52 company,
1508 3146 152 51 1932.

414 3212 1885 53 x, 4 p., 5-158 numb. l., 6 p., 7-69 numb. l., 71-73 p. illus., pl. 22½ᶜᵐ.
378 3268 149 42 Table
560 3281 60 29 on
651 3270 349 49 lining-paper;
1032 3272 81 41 the
1147 3272 261 42 numbered
1442 3272 161 41 leaves
1635 3282 83 31 are
1749 3271 195 49 printed
1978 3281 60 30 on
2073 3280 89 30 one
2197 3268 104 42 side

308 3324 127 48 only.

380 3380 148 41 “This
548 3382 197 40 manual
769 3381 90 42 has
879 3383 117 41 been
1019 3385 229 47 designed
1272 3387 48 38 to
1346 3394 292 38 accompany
1660 3381 274 49 Brinkley’s
1958 3381 344 46 Introductory

308 3437 197 45 general
530 3437 498 49 chemistry.”—Pref.

317 3489 52 52 ©
397 3495 115 47 July
538 3495 68 48 19,
635 3494 139 49 1932;
803 3495 66 42 2c.
899 3499 95 44 and
1023 3497 81 42 aff.
1133 3498 115 49 July
1275 3498 82 46 20;
1387 3498 41 40 A
1455 3497 168 47 53183;
1656 3497 280 41 Macmillan
1964 3506 67 31 co.

392 3550 278 49 (32-19957)

310 3650 219 67 Dilnot,
559 3654 218 66 Frank,
810 3657 171 54 1875-

378 3726 140 54 Mad
549 3727 97 55 Sir
674 3730 187 69 Peter,
888 3731 75 70 by
993 3732 197 53 Frank
1221 3732 221 53 Dilnot.
1509 3732 140 53 New
1679 3728 181 70 York,
1889 3728 121 54 The
308 3726 1967 129 Macmillan
433 3822 296 52 company,
760 3809 150 52 1932.

381 3874 563 52 5 p. l., 315 p. 19½ᶜᵐ.
315 3926 53 53 ©
393 3932 120 49 Aug.
537 3933 39 47 9,
602 3933 141 51 1932;
770 3937 69 40 2c.
863 3940 96 38 and
984 3938 82 42 aff.
1092 3940 119 48 Aug.
1238 3939 85 47 10;
1352 3939 41 43 A
1419 3938 169 48 53586;
1618 3938 53 39 F.
1696 3937 184 47 Dilnot,
1906 3934 209 40 London.

391 3987 280 53 (32-20150)
