2563 4368
1072 4046 63 48 53

110 439 416 66 Gerstenberg,
559 440 243 54 Charles
832 439 272 66 William,
1138 444 170 50 1882-

175 521 299 54 Financial
527 521 396 68 organization
977 522 112 51 and
1141 528 395 61 management
1591 520 64 52 of
1705 521 271 67 business,
2028 521 73 68 by

106 598 1990 145 Charles W. Gerstenberg … Rev. ed. New York, Prentice-Hall, inc., 1932.
175 757 1584 48 xxii p., 1 l., 840 p. incl. forms. diagrs. (1 fold.) 23 ½ᶜᵐ .
177 813 321 48 “Practically
525 814 82 39 the
632 824 170 29 course
828 813 49 39 in
904 813 309 47 corporation
1238 813 188 40 finance
1451 824 54 29 as
1532 815 36 38 it
1597 815 90 38 has
1713 814 118 39 been
1858 814 140 48 given
2023 815 79 40 for

106 882 27 29 a
165 870 201 40 number
397 869 51 40 of
477 879 144 37 years
651 873 51 36 at
735 870 80 39 the
849 869 171 40 School
1052 869 52 40 of
1134 879 276 37 commerce,
1444 873 230 36 accounts
1705 871 95 38 and
1833 869 188 41 finance
2052 870 51 41 of

106 928 115 39 New
252 927 127 39 York
414 925 509 48 university.”—Pref.

112 994 1991 103 © Jan. 2, 1932; 1c. Jan. 14; 1c. Jan. 15; aff. Jan. 21; A 48026; Prentice-Hall.
343 1054 90 39 inc.
504 1052 249 48 (32-2340)

102 1169 414 65 Goodenough,
547 1170 277 53 Florence
854 1171 215 64 Laura,
1103 1176 171 49 1886-

176 1247 1863 68 Anger in young children, by Florence L. Goodenough …
105 1323 1817 69 Minneapolis, The University of Minnesota press [ ᶜ193 1]
106 1395 1978 99 xiii, 278 p. incl. diagrs., form. 20 ᶜᵐ . (Half-title: University of Minnesota.
349 1455 102 39 The
481 1454 235 40 Institute
749 1455 52 39 of
831 1453 130 41 child
995 1454 217 40 welfare.
1276 1454 299 47 Monograph
1609 1454 149 39 series
1791 1464 75 29 no.
1965 1454 14 48 IX)

176 1511 375 48 Bibliography:
583 1522 42 37 p.
654 1511 218 41 250-272.

112 1579 1992 52 © Dec. 22. 1931; 2c. Jan. 30, 1932; aff. Jan. 29; A 48190; University of
180 1640 286 47 Minnesota,
504 1640 336 47 Minneapolis.
911 1639 279 48 (32-26093)

106 1759 242 64 Greene,
380 1760 280 54 Graham.

174 1840 257 51 Rumour
473 1845 61 46 at
571 1838 281 69 nightfall
902 1839 110 68 [by]
1058 1838 257 54 Graham
1358 1838 234 54 Greene.
1672 1838 232 54 Garden
1950 1837 152 70 City.

109 1918 65 51 N.
203 1918 89 67 Y.,
317 1917 356 68 Doubleday,
699 1917 198 52 Doran
922 1919 45 50 &
992 1934 297 51 company,
1318 1917 125 66 inc.,
1472 1918 151 50 1932.

180 1997 550 48 5 p. l. , 299 p. 19½ᶜᵐ.
177 2054 164 41 “First
370 2054 228 41 edition.”

111 2122 51 52 ©
191 2128 107 38 Jan.
325 2125 69 49 21,
422 2125 116 41 1932;
591 2125 67 42 2c.
685 2128 95 39 and
808 2126 81 42 aff.
918 2127 110 39 Jan.
1055 2126 82 42 25;
1167 2126 40 38 A
1232 2124 145 41 47194;
1436 2126 298 47 Doubleday,
1764 2126 165 38 Doran
1959 2125 36 40 &
2023 2134 81 37 co.,

178 2183 91 40 inc.
339 2183 250 48 (32-2232)

108 2281 320 66 Hamilton,
456 2287 138 53 Mrs.
620 2285 173 63 Mary
820 2285 204 62 Agnes
1058 2283 363 67 (Adamson)
1459 2289 171 49 1883-

175 2365 238 52 Murder
435 2365 60 51 in
518 2365 95 52 the
636 2365 196 53 House
856 2364 63 56 of
942 2381 302 51 commons,
1267 2364 76 69 by
1367 2364 169 69 Mary
1562 2365 194 67 Agnes
1782 2364 318 52 Hamilton.

110 2444 212 51 Boston
357 2445 111 50 and
503 2443 139 52 New
676 2442 179 68 York,
887 2442 320 69 Houghton
1239 2441 204 54 Mifflin
1479 2459 297 52 company,
1814 2445 151 49 1932.

174 2523 560 49 3 p. l. , 306 p. 19½ᶜᵐ.
113 2592 50 51 ©
191 2598 107 38 Jan.
324 2596 69 42 20,
420 2595 139 47 1932;
586 2596 67 39 2c.
681 2597 96 38 and
803 2595 81 41 aff.
912 2597 108 38 Jan.
1048 2596 82 46 25;
1158 2596 42 38 A
1223 2594 171 48 47206;
1425 2596 63 41 M.
1515 2596 53 37 A.
1596 2595 268 47 Hamilton,
1893 2595 212 41 London.

191 2652 248 48 (32-2233)

108 2757 249 63 Hauser,
390 2757 328 63 Bengamin
751 2756 310 62 Gayelord.

175 2834 171 54 Child
381 2835 248 66 feeding,
663 2835 228 55 written
926 2835 93 53 for
1050 2836 267 68 mothers,
1351 2835 72 68 by
1461 2834 319 68 Bengamin
1816 2834 283 68 Gayelord

108 2911 235 54 Hauser.
413 2912 137 53 New
584 2912 176 70 York,
793 2913 69 53 N.
898 2912 88 70 Y.,
1018 2913 217 66 Tempo
1265 2912 191 69 books,
1489 2912 106 52 inc.
1635 2915 174 65 [ᶜ1932]

175 2992 1224 51 vii p., 2 l., 3-130 p. incl. front. (port.) 21½ᶜᵐ.
116 3062 50 51 ©
195 3067 109 39 Jan.
331 3066 68 46 14,
429 3064 114 41 1932;
598 3064 68 41 2c.
695 3066 95 38 and
818 3064 81 39 aff.
929 3066 110 39 Jan.
1068 3065 55 39 18;
1181 3066 40 37 A
1247 3064 145 40 47029;
1451 3065 177 47 Tempo
1658 3066 161 40 books,
1849 3065 89 40 inc.

192 3121 248 48 (32-2329)

177 3213 215 53 Health
444 3213 110 70 day
619 3213 519 70 (gesundheitstag);
1231 3216 95 51 the
1379 3214 481 69 one-day-a-week
1910 3213 194 54 health

109 3289 229 72 holiday
388 3308 60 34 as
497 3289 334 55 introduced
881 3289 60 53 in
991 3289 282 67 America,
1321 3291 73 69 by
1447 3291 319 67 Bengamin
1817 3290 286 69 Gayelord

109 3364 235 54 Hauser.
413 3366 135 53 New
585 3367 177 68 York,
796 3367 67 53 N.
900 3367 89 69 Y.,
1022 3368 215 66 Tempo
1268 3366 190 69 books,
1492 3369 105 51 inc.
1638 3372 193 64 [ᶜ1932]

176 3448 1001 50 4 p. l. , 3-57 p. front. (port.) 19½ ᶜᵐ .
118 3514 50 52 ©
196 3520 106 39 Jan.
331 3522 67 45 14,
425 3520 112 40 1932;
593 3521 66 39 2c.
687 3522 95 38 and
808 3520 83 40 aff.
919 3521 108 39 Jan.
1055 3521 82 46 18;
1166 3521 40 38 A
1231 3520 170 41 47028;
1432 3522 177 47 Tempo
1637 3522 161 41 books,
1827 3522 91 40 inc.

195 3575 247 48 (32-2331)

118 3677 232 64 [Heath,
383 3680 281 52 Franklin
695 3680 350 67 Reinhardt]
1084 3687 170 47 1865-

180 3758 206 71 Money
422 3760 112 51 and
571 3759 268 69 banking,
874 3760 75 69 by
985 3760 175 52 Louis
1197 3761 68 50 B.
1301 3759 244 54 Moffett.
1621 3760 130 51 11th
1786 3758 85 53 ed.
1910 3759 63 52 of
2008 3759 96 51 the

112 3834 190 53 Peirce
338 3838 228 51 manual
603 3837 62 52 of
699 3837 251 53 business
986 3838 177 51 forms
1203 3837 110 53 and
1352 3842 254 48 customs.
1681 3835 421 68 Philadelphia,

113 3911 191 55 Peirce
340 3914 188 51 school
563 3914 63 52 of
661 3912 250 57 business
950 3913 476 69 administration,
1467 3918 149 48 1931.
