2563 4368
1036 4035 98 52 679

148 500 224 41 Includes
399 500 390 48 bibliographies.

83 555 52 51 ©
158 559 112 47 Apr.
295 559 40 45 8,
358 557 113 41 1932;
523 557 68 41 2c.
614 557 111 47 Apr.
749 556 54 40 23;
857 555 81 43 aff.
963 557 113 45 May
1101 555 25 40 6;
1179 554 39 42 A
1243 553 144 41 49660;
1441 555 59 38 H.
1524 553 54 43 A.
1603 554 177 47 Tonne,
1806 552 259 48 Brooklyn.

158 614 279 47 (32-11805)

82 712 156 63 Ucel,
267 713 223 52 Jeanne
517 711 73 63 d’,
621 715 169 49 1892-

82 782 1959 145 … Berber art; an introduction [by] Jeanne d'Ucel. Norman,
253 863 334 67 University
613 862 63 54 of
703 863 320 54 Oklahoma
1054 882 169 47 press,
1252 865 148 50 1932.

148 936 1302 50 3 p. l., 11-227 p., 1 l. incl. plates, front. 23½ᶜᵐ.
151 995 285 39 Illustrated
465 994 359 47 lining-papers.

86 1048 50 52 ©
168 1053 120 39 Mar.
315 1050 55 41 28,
413 1049 113 41 1932;
578 1050 70 40 2c.
677 1051 112 46 Apr.
819 1050 52 38 11;
932 1049 79 40 aff.
1042 1049 113 48 Apr.
1183 1049 27 38 4;
1268 1048 40 39 A
1335 1047 143 42 49503;
1540 1046 280 49 University
1849 1048 50 39 of
153 1047 1897 101 Oklahoma

322 1118 149 37 press.
542 1106 278 48 (32-11778)

81 1199 181 55 Utah.
336 1199 183 65 Laws,
546 1203 256 60 statutes,
830 1203 100 46 etc.

149 1270 1922 72 The compiled laws of the state of Utah, 1917 … Compiled,
79 1351 326 67 annotated,
434 1352 111 52 and
578 1350 301 69 published
907 1351 74 69 by
1012 1349 293 70 authority
1337 1349 63 54 of
1430 1369 73 34 an
1534 1355 92 48 act
1654 1350 64 53 of
1750 1351 95 52 the
79 1350 1966 132 Legislature

299 1429 75 68 by
410 1428 173 54 Allen
621 1428 64 53 T.
729 1427 274 70 Sanford,
1043 1427 253 54 Richard
1337 1429 66 52 B.
1446 1429 313 65 Thurman,
82 1428 1963 132 compilation
244 1506 463 54 commissioners.

786 1506 285 68 Together
1111 1505 140 53 with
1295 1506 95 52 the
1436 1505 389 55 Constitution
1869 1504 64 55 of
1975 1506 97 53 the

82 1584 214 54 United
331 1583 205 67 States,
566 1584 95 52 the
690 1583 371 53 constitution
1093 1582 64 55 of
1187 1583 96 53 the
1314 1588 144 49 state
1489 1583 63 53 of
1583 1584 178 67 Utah,
1793 1584 95 52 the
80 1584 1967 147 Enabling

274 1667 106 63 act,
412 1662 112 52 and
558 1662 95 52 the
685 1660 445 54 naturalization
1165 1662 138 52 laws
1337 1662 111 52 and
1484 1660 365 69 regulations.
1927 1660 146 68 [Salt

80 1739 155 54 Lake
264 1739 152 69 City,
444 1739 254 68 Century
727 1738 262 70 printing
1017 1756 99 50 co.,
1167 1741 132 50 ᶜ1919]

150 1812 302 41 2 v . 26½ᶜᵐ.
151 1869 158 47 Paged
342 1868 351 48 continuously.

154 1924 236 41 “Errata”
418 1926 227 39 mounted
673 1936 59 29 on
761 1927 95 45 t.-p.
885 1924 52 41 of
962 1934 42 31 v.
1032 1923 40 41 1.

92 1980 50 51 ©
186 1984 114 45 July
343 1984 18 38 1,
425 1982 139 45 1919;
608 1983 66 39 2c.
718 1983 110 40 Feb.
873 1983 65 45 16,
983 1982 138 44 1932;
1168 1981 79 41 aff.
1294 1984 112 46 May
1450 1982 80 43 11;
1577 1983 39 38 A
1660 1981 142 41 51289;
1875 1983 200 39 Harden

160 2039 229 43 Bennion.
421 2042 243 45 secretary
696 2039 52 41 of
776 2041 128 38 state
934 2039 77 39 for
1042 2039 79 40 the
1152 2041 128 38 state
1311 2039 50 41 of
1393 2040 144 45 Utah,
1571 2040 103 40 Salt
1706 2040 130 41 Lake
1868 2039 125 47 City.

169 2097 277 47 (32-13535)

157 2184 1915 69 The compiled laws of the state of Utah, 1917 … Compiled,
91 2264 324 62 annotated,
447 2264 106 52 and
588 2263 301 68 published
919 2265 75 67 by
1024 2264 295 69 authority
1346 2264 64 53 of
1442 2282 71 34 an
1543 2268 90 47 act
1663 2263 63 53 of
1755 2264 95 52 the
88 2263 1962 131 Legislature

298 2343 74 65 by
397 2343 171 51 Allen
593 2345 65 51 T.
689 2342 271 66 Sanford,
988 2343 252 53 Richard
1270 2346 65 50 B.
1362 2343 314 66 Thurman,
1703 2343 371 68 compilation

88 2420 463 52 commissioners.
626 2421 284 67 Together
938 2421 139 53 with
1105 2422 94 52 the
1229 2421 390 56 Constitution
1645 2421 64 55 of
1735 2423 95 52 the
1856 2421 217 56 United

93 2498 205 59 States,
326 2499 95 52 the
450 2498 370 54 constitution
848 2499 63 54 of
938 2499 96 53 the
1060 2504 147 48 state
1233 2500 61 54 of
1324 2501 176 66 Utah,
1525 2501 96 53 the
1650 2500 291 71 Enabling
1969 2506 106 63 act,

91 2577 109 53 and
227 2576 94 53 the
346 2576 445 55 naturalization
817 2579 137 52 laws
982 2579 110 52 and
1120 2579 366 69 regulations.
1588 2580 127 55 [Salt
1739 2580 155 54 Lake
1922 2581 153 68 City,

90 2656 253 65 Century
371 2655 263 70 printing
661 2676 96 48 co.,
809 2660 132 50 ᶜ1919]

161 2729 132 47 xxxi,
323 2728 68 45 94,
421 2729 244 44 94A-94B,
695 2729 204 43 95-1987
925 2742 45 37 p.
1029 2731 115 43 26ᶜᵐ.

164 2786 128 40 “One
321 2787 188 38 volume
540 2787 225 40 edition.”

95 2838 1983 55 © July 1, 1919; 1c. Feb. 16. 1932; aff. May 11; A 51289; Harden
163 2899 231 49 Bennion,
425 2902 245 46 secretary
701 2901 52 39 of
781 2903 127 39 state
937 2902 78 38 for
1047 2902 79 40 the
1157 2903 127 40 state
1315 2903 51 40 of
1398 2903 142 47 Utah,
1576 2904 102 40 Salt
1711 2903 130 41 Lake
1875 2903 122 48 City.

93 3043 239 66 Walter,
363 3045 214 65 Ellery,
610 3051 168 50 1906-

155 3120 250 54 Russia’s
441 3122 241 53 decisive
715 3143 151 47 year,
898 3126 75 65 by
1006 3125 200 63 Ellery
1238 3127 248 63 Walter;
1526 3126 137 53 with
1701 3126 375 67 twenty-four

87 3196 391 70 photographs
510 3200 171 53 taken
713 3201 74 66 by
817 3202 95 53 the
947 3203 221 51 author.
1237 3204 137 52 New
1408 3203 179 67 York,
1617 3204 258 66 London,
1908 3203 69 55 G.
2011 3206 64 51 P.

87 3274 294 55 Putnam’s
408 3295 145 47 sons,
581 3281 151 50 1932.

160 3346 85 41 282
276 3360 43 37 p.
379 3348 163 48 front.,
574 3350 171 48 plates,
778 3352 148 47 ports.
984 3351 116 41 21ᶜᵐ.

161 3403 139 50 Maps
330 3416 58 29 on
422 3406 360 49 lining-papers.

100 3458 50 51 ©
179 3462 112 48 Apr.
317 3460 55 41 29,
415 3462 112 41 1932;
583 3464 66 40 2c.
679 3465 93 38 and
801 3463 80 40 aff.
910 3465 113 46 May
1051 3465 25 39 5;
1134 3465 39 39 A
1201 3466 143 40 49837;
1403 3467 51 40 E.
1487 3468 197 48 Walter,
1713 3468 116 40 New
1859 3469 142 41 York.

176 3518 278 49 (32-11996)

96 3604 389 66 Washington
519 3609 112 51 and
662 3607 211 57 Pacific
904 3609 201 70 digest,
1135 3611 267 69 covering
1434 3613 77 52 all
1541 3632 149 35 cases
1722 3614 264 69 reported
2018 3614 60 52 in

165 3684 382 68 Washington
594 3692 238 62 reports,
883 3691 323 65 1854-1931,
1254 3689 209 57 Pacific
1510 3697 273 62 reporter,
1829 3694 250 50 volumes

171 3764 183 63 1-300,
386 3763 109 52 and
529 3764 76 52 all
636 3764 62 53 of
727 3765 96 53 the
849 3764 210 55 Pacific
1087 3771 174 50 states
1290 3773 222 62 reports
1543 3769 155 54 from
1726 3771 96 52 the
1851 3769 229 54 earliest

167 3837 1909 79 times … Compiled and edited by the publisher’s editorial
166 3915 150 55 staff,
391 3935 49 36 v.
470 3921 148 51 8-10.
697 3919 81 56 St.
807 3923 163 60 Paul,
996 3925 160 53 West
1182 3925 334 69 publishing
1543 3946 98 48 co.,
1670 3930 151 49 1932.
