2563 4368
1394 4037 99 50 538

468 420 342 67 Lockwood,
842 422 245 56 Charles
1114 423 226 66 Daniel,
1373 428 170 50 1868-

536 513 120 52 The
688 512 310 68 principles
1029 515 112 52 and
1174 513 248 67 practice
1452 514 64 53 of
1549 513 247 70 surgical
1828 516 256 68 nursing,
2113 516 72 68 by
2221 517 236 54 Charles

467 591 1928 131 D. Lockwood … in collaboration with Mildred E. Newton … New
635 671 179 65 York,
843 671 122 53 The
991 669 335 54 Macmillan
1354 688 297 50 company,
1681 674 149 52 1932.

538 741 1400 49 xiii, 344 p. incl. front. (port.) illus., diagr. 22½ᶜᵐ.
540 811 145 41 “This
713 812 122 40 book
865 813 41 39 is
935 812 147 40 based
1114 822 125 38 upon
1270 823 28 29 a
1329 813 151 39 series
1507 811 51 41 of
1587 813 209 40 lectures
1825 812 156 41 which
2011 814 122 40 have
2163 814 116 40 been
466 815 1970 93 delivered

610 868 234 48 annually
875 869 78 39 for
985 867 294 49 twenty-five
1309 879 142 38 years
1484 872 47 37 to
1566 869 198 40 student
1794 870 409 43 nurses.”—Pref.

470 935 51 53 ©
552 941 113 47 Apr.
695 941 39 48 5,
766 939 139 48 1932;
937 942 66 41 2c.
1035 942 93 38 and
1161 941 81 40 aff.
1273 942 114 46 Apr.
1417 942 51 45 6;
1503 942 37 37 A
1573 941 169 46 50554;
1778 942 280 39 Macmillan
2089 953 67 30 co.

547 997 280 49 (32-10055)

467 1133 181 63 Long,
679 1132 153 53 John
866 1130 355 65 Alexander,
1257 1136 170 50 1891-

462 1221 1974 134 Motor abilities of deaf children, by John A. Long … Published
672 1302 137 51 with
837 1302 94 51 the
957 1301 279 67 approval
1263 1300 64 52 of
1353 1300 300 53 Professor
1677 1300 222 53 Rudolf
1924 1301 259 69 Pintner,
2206 1321 253 49 sponsor.

462 1380 137 54 New
640 1379 160 53 York
838 1380 134 67 city,
1010 1378 278 53 Teachers
1327 1378 228 68 college,
1596 1378 299 54 Columbia
1937 1379 331 69 university,
2311 1385 148 51 1932.

531 1451 1925 52 vii, 67 p. illus., tables (1 fold.) 23 ½ᶜᵐ . (Teachers college, Columbia
464 1512 283 47 university.
808 1509 367 43 Contributions
1206 1512 46 37 to
1282 1509 270 48 education,
1583 1520 73 31 no.
1685 1509 109 48 514)

532 1580 1422 49 Issued also as thesis (PH. D.) Columbia university.
532 1639 376 49 Bibliography:
939 1649 43 37 p.
1013 1637 158 42 66-67.

467 1709 51 52 ©
552 1715 122 38 Mar.
706 1712 39 47 3,
778 1711 141 46 1932;
953 1709 67 42 2c.
1055 1711 121 41 Mar.
1209 1710 81 46 14;
1327 1708 82 42 aff.
1443 1711 120 37 Mar.
1671 1720 8 36 18;
1717 1709 39 39 A
1789 1708 169 50 50149;
1995 1711 239 41 Teachers
2268 1712 188 49 college,

535 1769 249 41 Columbia
816 1767 284 47 university.
1171 1765 280 49 (32-10065)

461 1904 173 63 Lord,
665 1902 197 53 Frank
891 1902 67 56 B.

531 1993 119 51 The
703 1991 278 54 romantic
1032 1991 138 52 road
1221 1997 58 46 to
1329 1992 105 51 Mt.
1488 1992 248 67 Vernon,
1787 1992 74 67 by
1911 1992 196 51 Frank
2160 1993 64 52 B.
2279 1992 168 55 Lord.

459 2069 372 69 Alexandria,
863 2071 124 66 Va.,
1018 2067 517 69 Washington-Mt.
1569 2070 232 53 Vernon
1832 2069 295 53 memorial
2155 2070 145 52 book
459 2089 1969 128 corporation

872 2151 84 65 [ ᶜ19 32]
528 2219 1133 51 4 p. l., 160 p. front., plates, ports. 21 ᶜᵐ .
465 2289 51 52 ©
555 2295 122 39 Mar.
715 2293 69 47 23,
825 2291 111 41 1932;
1004 2292 67 38 2c.
1111 2292 94 38 and
1247 2289 79 40 aff.
1368 2290 121 41 Mar.
1528 2291 55 38 23;
1653 2290 38 38 A
1731 2289 143 40 50322;
1945 2290 508 48 Washington-Mount

533 2351 189 39 Vernon
752 2348 249 41 memorial
1031 2348 121 39 book
1181 2357 125 37 corp.
1379 2345 279 48 (32-10155)

459 2471 212 63 Louza,
703 2469 278 64 Georges.

525 2558 315 53 Mauviette
872 2563 55 47 et
959 2557 411 68 Barbe-Bleue,
1404 2575 106 49 par
1545 2555 250 70 Georges
1828 2557 209 67 Louza,
2072 2557 376 53 illustrations

456 2638 69 53 de
552 2637 69 53 R.
653 2637 68 52 de
752 2637 54 51 la
839 2634 248 54 Nézière.
1156 2633 185 69 Paris,
1373 2632 658 71 Gautier-Languereau,
2066 2637 151 51 1931.

525 2709 84 41 128
640 2719 42 38 p.
744 2709 127 40 illus.
930 2707 145 40 21½ᶜᵐ.
1147 2708 97 46 (On
1275 2717 160 31 cover:
1468 2706 338 49 Bibliothèque
1840 2708 57 39 de
1933 2706 218 50 Suzette)

458 2778 1987 116 © July 5, 1931; 1c. Feb. 15, 1932; A—Foreign 15706; Éditions Gautier-Languereau.
931 2843 249 49 (32-9879)

455 2966 168 63 Lust,
652 2963 258 54 Herbert
940 2961 275 65 Confield,
1247 2967 171 49 1885-

524 3056 120 51 The
673 3056 110 50 law
812 3052 64 54 of
903 3054 110 52 loss
1044 3054 110 51 and
1186 3053 238 67 damage
1454 3051 211 55 claims.
1733 3053 69 52 3d
1835 3053 83 52 ed.
1986 3054 89 66 By
2105 3053 247 52 Herbert
2384 3052 58 54 C.

453 3130 1917 69 Lust … Chicago, Ill., The Traffic law book company [ ᶜ19 31]
591 3238 8 17 xv,
631 3206 69 50 [1],
730 3206 86 40 580
841 3216 42 37 p.
942 3205 148 40 23½ᶜᵐ.

459 3274 51 52 ©
545 3279 111 39 Dec.
689 3277 70 47 28,
793 3276 140 47 1931;
969 3275 66 41 2c.
1073 3276 110 39 Feb.
1217 3276 69 48 11,
1321 3274 140 49 1932;
1497 3274 83 42 aff.
1612 3275 115 48 Apr.
1762 3275 52 48 6;
1852 3276 40 39 A
1925 3276 169 46 50574;
2131 3276 61 39 H.
2229 3275 47 41 C.
2312 3274 129 47 Lust,

528 3335 222 48 Chicago.
821 3331 278 51 (32-10069)

457 3451 242 65 Luther,
731 3451 242 65 Martin,
1007 3455 324 51 1483-1546.

523 3542 101 53 Dr.
660 3543 218 51 Martin
914 3542 261 52 Luther’s
1211 3542 180 55 Small
1424 3542 300 54 catechism
1761 3542 139 54 with
1937 3542 394 67 explanation;
2367 3541 69 67 by

455 3618 292 70 authority
801 3619 63 52 of
918 3620 95 52 the
1067 3618 243 55 Finnish
1365 3618 347 69 evangelical
1768 3620 293 52 Lutheran
2114 3620 209 52 church
2376 3616 61 55 of

455 3698 278 51 America.
809 3698 290 66 Hancock,
1143 3697 192 67 Mich.,
1380 3696 242 53 Finnish
1665 3697 293 52 Lutheran
1999 3697 148 52 book
2189 3712 247 48 concern,

456 3778 146 49 1932.

523 3846 647 48 106 p. incl. front. 15 ᶜᵐ .
457 3915 51 51 ©
537 3920 119 38 Mar.
686 3919 67 47 15,
782 3917 112 41 1932;
950 3918 67 40 2c.
1046 3919 94 39 and
1169 3917 82 41 aff.
1279 3919 121 38 Mar.
1429 3918 55 39 23;
1542 3918 40 38 A
1611 3917 139 40 50511;
1811 3916 203 40 Finnish
2043 3917 246 39 Lutheran
2319 3911 117 42 book

524 3986 213 29 concern.
809 3973 249 47 (32-9767)
