2563 4368
1071 4063 63 48 85

102 452 296 64 Connelly,
426 453 254 52 Howard
711 452 272 54 Wallace.

172 526 283 70 Fifty-six
476 544 162 51 years
663 527 58 51 in
746 526 96 52 the
864 526 138 52 New
1028 525 162 52 York
1214 531 130 61 post
1367 523 177 68 office;
1573 543 31 33 a
1629 525 214 52 human
1867 525 233 53 interest

101 610 157 64 story
301 604 63 53 of
405 606 118 52 real
564 603 361 68 happenings
970 603 59 51 in
1074 603 96 52 the
1214 603 188 67 postal
1446 602 229 68 service,
1721 602 75 68 by
1841 603 258 53 Howard

102 679 1999 69 Wallace Connelly … [New York, Printed by C. J. O’Brien,
101 759 124 66 inc.]
263 761 149 50 1931.

168 835 998 51 4 p. l., 140 p. front. (2 port.) 21ᶜᵐ.
108 904 50 52 ©
191 908 110 39 Dec.
334 908 67 46 18,
434 906 140 46 1931;
605 906 66 41 2c.
705 908 95 38 and
832 905 82 42 aff.
947 906 111 41 Dec.
1090 905 81 47 22;
1207 906 40 38 A
1277 904 170 48 46852;
1483 907 59 38 H.
1577 907 70 39 W.
1683 905 244 50 Connelly,
1961 907 142 39 Jack-

175 974 87 29 son
296 964 221 48 Heights,
553 965 50 39 L.
639 965 52 46 I.,
727 964 55 39 N.
819 964 53 38 Y.
942 962 252 49 (32-2802)

105 1080 280 66 Cournos,
415 1082 173 64 John,
621 1084 171 49 1881-

175 1159 119 52 The
331 1159 152 52 devil
519 1160 46 52 is
602 1178 71 33 an
710 1158 245 68 English
993 1160 341 67 gentleman.
1410 1159 137 52 New
1585 1160 180 65 York,
1802 1161 217 52 Farrar
2054 1164 47 50 &

104 1237 958 68 Rinehart, incorporated [ ᶜ1 932]
171 1312 27 37 2
263 1341 8 8 v.
332 1310 146 41 20½ᶜᵐ.

107 1377 51 52 ©
192 1381 110 43 Feb.
395 1412 8 17 18,
435 1381 139 41 1932;
610 1383 67 38 2c.
710 1381 118 40 each
858 1382 95 39 and
986 1380 82 40 aff.
1103 1381 111 42 Feb.
1247 1380 82 49 19;
1365 1382 39 38 A
1436 1381 172 48 48566;
1645 1382 41 39 J.
1722 1381 231 48 Cournos,
1986 1382 118 41 New

174 1439 186 39 Haven.

101 1541 252 66 Craigie,
383 1542 325 57 Hamilton.

175 1618 122 53 The
323 1618 284 68 longhorn
634 1618 155 67 trail,
815 1616 76 70 by
917 1617 306 53 Hamilton
1252 1617 248 69 Craigie.
1575 1618 139 53 New
1743 1617 181 69 York,
1951 1618 69 53 E.
2048 1617 58 55 J.

105 1696 541 68 Clode, inc. [ ᶜ1 931]
172 1778 86 41 249
289 1791 43 37 p.
423 1777 115 43 19½ᶜᵐ.

107 1846 51 52 ©
188 1851 116 39 Nov.
334 1850 68 47 28,
432 1849 140 48 1931;
604 1850 67 40 2c.
701 1851 95 38 and
826 1848 82 42 aff.
939 1850 108 39 Jan.
1079 1849 69 48 30,
1178 1848 140 48 1932;
1351 1849 39 38 A
1420 1848 171 47 48206;
1625 1850 212 39 Edward
1869 1850 42 39 J.
1944 1849 159 49 Clode,

173 1906 90 41 inc.
334 1906 250 49 (32-2874)

102 2010 372 65 Daugherty,
504 2012 201 63 Harry
731 2009 283 66 Micajah,
1047 2016 172 49 1860-

175 2088 121 54 The
341 2086 185 55 inside
571 2094 158 62 story
776 2087 64 54 of
883 2089 95 52 the
1026 2088 274 69 Harding
1344 2088 262 69 tragedy,
1650 2088 77 67 by
1773 2089 200 68 Harry
2018 2089 82 52 M.

103 2165 1999 68 Daugherty … in collaboration with Thomas Dixon. New
105 2243 178 68 York,
313 2245 120 53 The
466 2244 300 56 Churchill
794 2261 299 52 company,
1125 2247 149 50 1932.

174 2317 1257 50 viii p., 2 l., 323 p. front., plates, ports. 24½ᶜᵐ.
108 2383 50 53 ©
195 2389 109 41 Jan.
340 2389 68 47 16,
443 2389 113 40 1932;
621 2389 66 40 2c.
724 2390 95 39 and
855 2389 82 39 aff.
975 2389 110 43 Feb.
1122 2390 81 47 15;
1242 2390 41 39 A
1318 2391 170 47 48725;
1529 2391 210 39 Thomas
1775 2390 175 47 Dixon,
1987 2391 118 41 New

175 2446 142 39 York.

104 2548 265 66 Delman,
397 2552 139 51 Mrs.
566 2548 171 66 Vina,
770 2555 172 49 1905-

173 2627 238 53 Women
460 2626 113 54 live
618 2633 94 47 too
759 2629 150 67 long.
986 2629 138 52 New
1174 2629 178 68 York,
1398 2630 310 67 Harcourt,
1758 2632 182 52 Brace
1987 2631 112 53 and

105 2708 513 65 company [ ᶜ1 932]
174 2778 86 40 309
288 2790 41 36 p.
389 2778 145 41 19½ᶜᵐ.

177 2849 161 40 “First
370 2849 226 41 edition.”

109 2914 50 52 ©
193 2919 110 42 Feb.
336 2921 67 48 18,
437 2920 140 47 1932;
611 2921 66 40 2c.
710 2923 95 38 and
838 2922 82 41 aff.
955 2922 109 41 Feb.
1098 2923 83 47 26;
1215 2924 42 38 A
1287 2924 172 48 48656;
1495 2925 51 39 Y.
1583 2925 212 48 Delmar,
1834 2925 268 48 Scarsdale,

176 2975 55 41 N.
258 2977 53 39 Y.

103 3080 245 66 Draper,
378 3082 200 64 Edgar
605 3083 251 56 Marian.

235 3157 1867 74 … Principles of American secondary education, by Edgar
105 3235 1974 149 M. Draper … and Alexander C. Roberts … New York, London, The Century co. [ ᶜ1 932]
174 3386 171 49 xxxiii,
379 3387 84 40 549
496 3398 43 37 p.
603 3388 154 39 tables
787 3391 48 46 (1
867 3389 143 47 fold.)
1052 3389 180 47 diagrs.
1293 3391 145 40 20½ᶜᵐ.
1509 3390 125 48 (The
1668 3390 214 49 Century
1919 3391 185 42 studies

106 3442 49 40 in
182 3443 270 49 education,
482 3445 71 40 W.
582 3445 51 41 L.
663 3446 108 47 Uhl,
801 3445 181 47 editor)
1107 3445 130 50 $2.25

179 3513 349 50 Bibliography
553 3519 50 37 at
631 3518 91 38 end
750 3516 51 40 of
827 3519 125 38 most
976 3517 53 40 of
1053 3519 80 38 the
1159 3519 241 47 chapters.

112 3581 50 53 ©
192 3587 107 39 Jan.
329 3588 69 48 15,
428 3586 140 49 1932;
599 3587 66 41 2c.
695 3589 96 39 and
821 3588 81 43 aff.
934 3589 109 40 Jan.
1071 3589 82 47 20;
1186 3591 41 37 A
1254 3590 172 47 47078;
1461 3591 214 48 Century
1705 3600 67 30 co.

189 3643 249 49 (32-2853)

103 3744 149 65 Fels,
279 3749 139 53 Mrs.
447 3748 175 64 Mary
654 3749 194 65 (Fels)
884 3755 171 48 1859-

107 3824 1970 141 … Vers la hind è re (Toward the light.) Traduit de l’anglais
107 3902 1970 145 par Helene Seguin et Carmen Nesville … Paris, Maison-neuve frères, 1931.
