2563 4368
1289 4075 133 51 1690

361 461 448 67 [Massingham,
838 462 221 54 Harold
1088 462 174 68 John]
1299 466 171 50 1888-
1680 460 85 55 ed.

426 542 121 53 The
575 545 160 57 great
766 540 343 54 Victorians.
1185 540 256 62 London,
1471 539 50 53 I.
1551 538 309 53 Nicholson
1890 540 45 51 &
1962 540 257 62 Watson,
2248 538 103 54 ltd.

362 623 172 64 [1932]

497 692 370 48 xx, 556 p. 22 ᶜᵐ .
427 749 43 40 A
499 749 147 46 study
676 746 52 41 of
758 757 130 30 some
918 748 134 46 forty
1083 745 276 41 Victorians
1392 745 51 40 of
1475 744 80 41 the
1586 744 166 49 period
1783 745 128 39 from
1943 743 114 41 1837
2088 747 48 38 to
2168 742 127 42 1890.

430 805 204 40 “Edited
665 805 61 47 by
755 805 60 39 H.
846 804 44 40 J.
921 803 334 47 Massingham
1284 802 96 40 and
1410 801 146 48 Hugh
1588 799 376 48 Massingham.”

363 872 1991 52 © 1c. Oct. 5, 1932; A ad int. 16957; pubd. Sept. 15; Doubleday, Doran &
430 944 82 34 co.,
538 933 104 42 inc.,
672 933 193 39 Garden
893 930 123 48 City,
1043 931 54 39 N.
1125 931 54 39 Y.
1249 929 279 48 (32-31860)

359 1036 279 64 Maurice,
666 1036 73 54 H.
769 1036 52 54 J.

425 1113 151 52 How
607 1117 57 49 to
698 1111 211 67 obtain,
941 1111 161 52 build
1135 1112 112 51 and
1279 1108 184 54 retain
1496 1129 31 33 a
1559 1109 193 52 dental
1784 1108 265 69 practice,
2079 1110 76 67 by
2185 1109 78 52 H.
2295 1109 57 54 J.

356 1188 1054 68 Maurice … [Los Angeles] ᶜ1 932.
428 1262 521 50 100 p. illus. 23 ᶜᵐ .
365 1333 51 51 ©
450 1336 113 47 May
594 1336 67 46 11,
695 1333 140 46 1932;
869 1332 66 41 2c.
970 1334 112 45 May
1187 1343 8 35 18;
1232 1331 80 40 aff.
1346 1332 124 39 June
1504 1332 81 46 13;
1620 1332 41 38 A
1693 1331 169 42 52685;
1900 1332 182 46 George
2118 1332 44 40 S.
2199 1330 156 42 Smith

432 1391 145 48 doing
599 1390 220 40 business
844 1400 54 29 as
926 1390 78 39 the
1031 1389 174 39 Dental
1234 1388 240 41 economic
1500 1388 194 47 service,
1721 1389 92 39 Los
1840 1389 218 47 Angeles.

441 1448 278 48 (32-31885)

358 1549 280 66 Mawson,
675 1550 389 63 Christopher
1098 1549 258 54 Orlando
1386 1548 322 65 Sylvester,
1746 1548 169 54 1870-
2129 1549 84 53 ed.

428 1629 184 67 Roget
620 1628 38 53 ’s
721 1627 409 53 international
1192 1627 297 52 thesaurus
1553 1625 63 54 of
1680 1626 247 68 English
1991 1626 185 53 words
2240 1627 113 52 and

362 1707 230 68 phrases;
651 1724 31 34 a
709 1706 276 66 complete
1009 1704 148 53 book
1183 1703 64 53 of
1273 1722 309 50 synonyms
1609 1706 112 51 and
1751 1709 319 63 antonyms,
2099 1703 254 54 founded

363 1803 151 50 upon
556 1784 114 52 and
710 1783 343 68 embodying
1095 1783 183 68 Roget
1286 1783 38 52 ’s
1366 1782 250 68 original
1657 1781 174 68 work,
1874 1782 140 52 with
2055 1799 302 36 numerous

362 1858 1933 70 additions and modernizations by C. O. Sylvester Mawson …
361 1940 137 53 New
529 1939 178 66 York,
737 1939 248 52 Thomas
1016 1937 71 53 Y.
1122 1937 243 54 Crowell
1396 1955 297 50 company,
1727 1940 148 50 1932.

431 2009 1252 52 2 p. l., iii-xxxvi, 799 p. front. (port.) 23½ ᶜᵐ .
367 2074 51 51 ©
450 2078 117 39 Nov.
598 2075 26 40 9,
726 2074 83 47 1932;
841 2075 67 40 2c.
940 2076 95 38 and
1066 2073 81 40 aff.
1179 2074 117 39 Nov.
1329 2074 80 40 11;
1444 2074 41 37 A
1516 2073 169 42 56959;
1721 2073 209 40 Thomas
1964 2074 52 39 Y.
2051 2074 204 39 Crowell
2287 2084 67 30 co.

444 2132 278 48 (32-32160)

361 2237 293 62 Medsger,
684 2235 197 54 Oliver
907 2235 205 62 Perry.

433 2312 217 53 Nature
690 2312 242 53 rambles
1029 2330 51 33 [v.
1120 2315 30 47 2
1158 2344 10 32 ]
1216 2310 287 67 Summer;
1548 2330 71 33 an
1658 2310 390 53 introduction
2087 2316 58 48 to
365 2328 1962 131 country-lore,

662 2391 75 67 by
781 2390 197 54 Oliver
1022 2392 181 66 Perry
1249 2390 281 68 Medsger,
1574 2389 285 52 foreword
1903 2390 75 68 by
2022 2391 101 51 Dr.
2171 2389 182 70 Clyde

363 2468 1981 67 Fisher … New York and London, F. Warne & co., inc. [ ᶜ1 932]
434 2540 1674 52 viii, [4], 13-160 p. col. front., illus., plates (part col.) 19½ ᶜᵐ .
367 2596 51 51 ©
447 2600 111 47 Apr.
588 2599 55 39 26,
743 2599 55 40 1932;
855 2598 67 42 2c.
951 2600 95 38 and
1075 2598 80 40 aff.
1184 2599 113 47 Apr.
1327 2598 55 40 28;
1440 2599 40 37 A
1507 2597 143 41 49725;
1711 2598 261 40 Frederick
2001 2598 176 39 Warne
2208 2599 35 39 &
2271 2610 81 36 co.,

433 2656 89 40 inc.
593 2655 223 49 (31-9955
837 2655 230 47 Revised)

363 2758 194 65 Meng,
589 2760 169 54 Chih.

434 2836 275 52 Remarks
759 2855 72 32 on
883 2835 238 55 Chinese
1169 2837 179 53 music
1398 2837 111 51 and
1557 2836 237 52 musical
1842 2836 386 66 instruments,
2275 2836 76 68 by

367 2913 1984 69 Chih Meng … a monograph. New York city, China institute
365 2992 578 66 in America [ ᶜ1 932]
436 3065 1099 49 14 p. illus, (incl. music) diagrs. 22½ ᶜᵐ .
369 3118 51 51 ©
448 3122 108 38 Feb.
583 3121 58 39 19,
736 3121 54 41 1932;
846 3121 65 40 2c.
940 3123 94 38 and
1060 3121 82 41 aff.
1169 3122 111 40 Feb.
1306 3120 55 41 29;
1418 3122 39 38 A
1483 3123 143 39 48715;
1684 3122 153 41 China
1866 3121 225 41 institute
2117 3123 51 38 in
435 3123 1901 103 America,
551 3178 90 40 inc.
713 3177 248 48 (32-6996)

364 3280 209 65 Moley,
601 3282 326 63 Raymond,
959 3286 170 49 1886-

434 3357 280 53 Tribunes
756 3357 64 53 of
860 3358 95 52 the
997 3359 227 66 people;
1270 3359 94 52 the
1407 3364 127 61 past
1578 3359 112 51 and
1735 3358 192 52 future
1970 3357 65 53 of
2076 3358 95 52 the
2214 3357 138 54 New

370 3435 157 52 York
560 3434 384 69 Magistrates’
982 3440 206 62 courts,
1223 3435 75 68 by
1334 3435 302 67 Raymond
1672 3435 208 68 Moley.
1953 3435 139 53 New
2128 3435 224 67 Haven,

367 3512 143 52 Yale
536 3513 317 67 university
881 3530 183 49 press;
1094 3512 257 66 London,
1379 3512 76 52 H.
1483 3511 265 68 Milford,
1777 3511 229 55 Oxford
2034 3512 317 67 university

367 3607 170 49 press,
569 3592 150 50 1932.

434 3662 551 47 4 p. l., 272 p. 21 ᶜᵐ .
372 3714 49 50 ©
447 3718 117 40 Nov.
588 3719 40 42 4,
655 3717 113 40 1932;
823 3718 65 39 2c.
915 3718 117 39 Nov.
1059 3717 53 39 11;
1169 3716 80 40 aff.
1277 3717 116 39 Nov.
1420 3717 54 39 10;
1531 3718 39 38 A
1597 3717 142 40 55901;
1795 3718 118 39 Yale
1940 3717 127 41 univ.
2096 3727 149 38 press.

447 3774 277 46 (32-32152)

366 3876 313 65 Montauti,
711 3878 342 52 Francesco.

495 3952 1851 70 … Il telemetro monostatico. Bologna, N. Zanichelli, 1932.
