2563 4368
1158 4088 132 56 1279

210 480 286 64 Wheeler,
527 479 268 54 Eleanor.

283 557 259 63 Jemmie,
572 556 95 53 the
697 555 184 52 kitten
914 553 153 54 from
1097 554 211 66 Maine,
1337 554 76 68 by
1446 553 247 52 Eleanor
1725 552 290 68 Wheeler;
214 551 1968 137 illustrated

430 635 75 68 by
532 633 276 69 Marjorie
838 633 194 52 Flack.
1098 632 138 53 New
1267 631 179 68 York,
1474 630 77 53 H.
1584 630 190 56 Smith
1805 631 112 52 and
1948 631 67 52 R.
2047 630 160 54 Haas

290 717 118 62 [ ᶜ1 932]
284 782 990 53 3 p. l., 9-96, [1] p. illus. 21½ × 20ᶜᵐ.
287 844 286 40 Illustrated
601 842 361 48 lining-papers.

220 910 51 51 ©
300 914 118 47 Aug.
447 913 70 45 25,
546 911 113 41 1932;
718 912 68 41 2c.
815 913 95 39 and
939 911 82 40 aff.
1053 911 128 47 Sept.
1210 912 52 45 3;
1295 911 41 38 A
1366 909 168 42 54621;
1568 912 53 39 E.
1650 910 235 46 Wheeler,
1915 910 117 39 New
2061 910 146 40 York.

297 969 277 48 (32-22551)

213 1071 215 65 White,
461 1072 220 53 Robert
714 1071 220 55 James.

287 1149 120 52 The
432 1149 150 68 legal
607 1147 163 53 effect
794 1147 65 53 of
883 1148 384 66 ante-nuptial
1294 1147 273 68 promises
1594 1148 60 51 in
1679 1147 192 51 mixed
1896 1146 312 68 marriages

241 1224 1968 70 [by] the Rev. Robert J. White … Philadelphia, American
218 1306 848 66 ecclesiastical review, ᶜ1 932.
286 1381 26 39 3
339 1390 44 38 p.
447 1412 8 9 l..
483 1379 55 41 72
567 1390 43 37 p.
666 1379 115 40 23ᶜᵐ.

292 1436 144 40 “This
462 1437 144 46 study
629 1435 42 40 is
697 1438 49 38 to
771 1446 180 37 appear
976 1436 50 39 in
1050 1436 83 40 the
1157 1435 151 48 April,
1335 1436 127 47 May,
1489 1435 126 40 June
1640 1435 155 40 issues
1823 1434 53 40 of
1900 1434 82 40 the
220 1431 1972 102 Ecclesiastical
423 1492 189 46 review,
641 1492 156 40 1932.”

223 1559 52 52 ©
302 1564 121 38 Mar.
448 1565 40 45 4,
515 1562 140 48 1932;
683 1562 67 41 2c.
777 1564 122 39 Mar.
924 1561 82 49 28;
1035 1561 83 42 aff.
1145 1562 121 40 Mar.
1292 1560 53 49 9;
1374 1562 42 39 A
1441 1561 169 47 50384;

1640 1560 257 41 American
290 1561 1905 98 ecclesiastical
396 1619 187 41 review.
615 1618 353 48 Philadelphia.
1039 1618 279 48 (32-22372)

219 1720 304 65 Williams,
557 1721 253 53 Edward
840 1721 275 63 Thomas,
1149 1726 170 49 1854-

289 1797 185 55 China
509 1798 300 67 yesterday
846 1798 109 52 and
993 1797 216 68 to-day,
1243 1797 75 68 by
1354 1797 253 52 Edward
1642 1797 247 52 Thomas
1924 1794 288 56 Williams

364 1876 96 52 5th
504 1877 102 65 ed.,
648 1894 113 33 rev.
841 1876 138 51 New
1021 1874 179 68 York,
1242 1874 246 54 Thomas
1531 1875 72 53 Y.
1647 1873 244 55 Crowell
1932 1892 279 51 company

224 1956 191 65 [ ᶜ1 932]
290 2027 129 47 xxiv,
459 2028 83 39 743
570 2026 53 48 (i.
663 2037 37 29 e.
738 2026 108 47 765)
891 2037 43 36 p.
998 2027 164 45 front.,
1201 2026 169 47 plates,
1408 2027 162 46 ports.,
1607 2025 103 40 fold.
1762 2035 112 36 map
1899 2024 73 48 (in
2009 2027 195 47 pocket)

220 2085 118 40 fold.
364 2085 129 47 plan.
552 2083 146 40 22½ᶜᵐ.

293 2140 239 41 “Seventh
561 2139 218 49 printing
817 2138 232 48 (Revised
1079 2141 48 38 to
1160 2139 127 47 May,
1317 2137 176 47 1932)”

291 2197 375 46 Bibliography:
697 2206 42 36 p.
770 2193 216 41 681-694.

229 2262 51 51 ©
305 2269 119 44 Aug.
450 2266 69 47 17,
545 2263 141 49 1932;
714 2265 67 39 2c.
806 2264 120 48 Aug.
952 2263 82 48 20;
1063 2263 81 40 aff.
1172 2264 120 46 Aug.
1318 2262 82 49 19;
1429 2264 42 39 A
1495 2263 143 41 53709;
1693 2264 212 40 Thomas
1931 2265 52 39 Y.
2014 2262 204 43 Crowell

294 2332 66 30 co.
430 2321 278 49 (32-21729)

227 2423 298 66 Williams,
554 2425 168 53 Jesse
751 2422 258 66 Feiring,
1039 2429 170 49 1886-

295 2500 56 53 A
387 2501 293 53 text-book
716 2500 65 53 of
818 2506 268 63 anatomy
1124 2502 113 51 and
1275 2501 360 69 physiology,
1672 2501 74 68 by
1785 2502 156 53 Jesse
1980 2501 239 68 Feiring

225 2579 1993 68 Williams … 4th ed., reset, with 416 illustrations, 32 of them
228 2659 59 52 in
327 2659 196 51 colors.
599 2658 407 68 Philadelphia
1048 2660 113 51 and
1200 2659 258 66 London,
1577 2700 10 10 W.
1631 2660 67 51 B.
1744 2657 286 56 Saunders

225 2676 1970 128 company,
427 2739 149 50 1932.

297 2810 26 39 2
349 2821 41 37 p.
453 2841 9 17 l.,
490 2810 140 40 7-601
658 2821 41 37 p.
755 2810 126 40 illus.
912 2811 135 48 (part
1073 2810 111 48 col.)
1219 2810 26 39 2
1273 2812 87 39 col.
1453 2842 9 17 pl.,
1492 2811 179 49 diagrs.
1725 2810 144 41 20½ᶜᵐ.

302 2867 144 40 “This
502 2867 210 40 revision
766 2867 77 40 for
901 2868 80 39 the
1035 2867 170 41 fourth
1261 2866 183 42 edition
1500 2868 88 40 has
1646 2868 116 40 been
1819 2868 248 41 extensive
2123 2868 96 40 and

228 2923 476 48 thorough.”—Pref.
733 2926 47 38 to
807 2924 84 41 4th
918 2926 71 39 ed.

301 2981 317 39 “References
643 2980 78 40 for
748 2980 195 41 further
969 2980 174 48 study”
1171 2983 52 38 at
1249 2982 91 39 end
1368 2980 53 40 of
1445 2982 117 40 each
1590 2981 216 49 chapter.

233 3038 51 51 ©
311 3042 115 48 July
451 3043 70 46 25,
547 3041 113 42 1932;
714 3046 67 38 2c.
806 3044 120 47 Aug.
953 3044 81 45 18;
1064 3043 82 41 aff.
1172 3045 119 46 Aug.
1318 3043 82 47 20;
1430 3044 42 39 A
1496 3044 170 47 54477;
1695 3045 73 40 W.
1795 3045 55 39 B.
1879 3043 246 41 Saunders
2151 3053 64 30 co.

309 3099 277 47 (32-22045)

228 3200 303 66 Williams,
561 3202 218 64 Pierce,
812 3207 171 49 1885-

300 3277 120 54 The
458 3278 274 67 purchase
771 3279 64 52 of
871 3280 241 53 medical
1151 3299 124 36 care
1314 3282 249 66 through
1601 3281 151 52 fixed
1789 3281 252 67 periodic
228 3299 1964 124 payment,

420 3355 1796 71 by Pierce Williams … assisted by Isabel C. Chamberlain.
229 3433 138 53 New
402 3434 177 66 York,
610 3434 272 53 National
915 3435 208 52 bureau
1159 3434 65 53 of
1254 3436 283 52 economic
1568 3434 273 66 research,
1874 3434 125 67 inc.,
2035 3437 149 51 1932.

300 3506 25 40 3
359 3517 43 36 p.
471 3537 8 16 l.,
513 3507 142 38 v-xvi
689 3518 57 37 p.,
781 3508 25 38 1
877 3539 8 14 l.,
918 3508 87 40 308
1037 3520 41 37 p.
1139 3507 146 45 23½ᶜᵐ,
1354 3507 299 49 (Half-title:
1684 3506 332 41 Publications
2051 3507 52 40 of
2139 3509 80 40 the

231 3561 228 40 National
490 3561 183 41 bureau
705 3564 52 39 of
787 3563 242 41 economic
1059 3564 239 43 research,
1329 3564 352 48 incorporated,
1744 3574 74 29 no.
1851 3563 81 47 20)

236 3615 51 53 ©
324 3621 117 47 July
477 3621 67 46 11,
582 3620 139 47 1932;
761 3621 67 41 2c.
863 3623 98 39 and
997 3622 82 41 aff.
1116 3623 121 46 Aug.
1273 3623 83 46 13;
1394 3623 42 39 A
1472 3622 170 48 53630;
1681 3622 232 41 National
1949 3620 185 42 bureau
2171 3623 53 40 of

303 3676 241 39 economic
576 3677 237 45 research,
848 3678 88 37 inc.
1008 3677 279 49 (32-21801)

231 3777 198 63 Wood,
457 3778 257 56 Frances
741 3778 300 65 Gilchrist,
1070 3780 170 53 “Mrs.
1270 3779 263 65 Lansing
1559 3781 64 53 P.
1650 3780 237 54 Wood.”

301 3853 229 68 Turkey
573 3855 115 64 red,
731 3874 30 33 a
803 3857 165 50 novel
1009 3855 64 52 of
1114 3856 94 52 the
1253 3856 245 53 frontier
1536 3857 76 66 by
1653 3857 247 52 Frances
1941 3855 281 56 Gilchrist

231 3930 1990 72 Wood … New York, London, D. Appleton and company,
233 4010 135 51 1932.
