2563 4368
1263 4073 102 51 844

321 443 299 68 Perugini,
649 444 172 53 Mark
852 444 273 56 Edward.

390 518 1862 73 Victorian days and ways, by Mark Edward Perugini …
319 596 325 56 illustrated
676 599 75 68 by
784 599 432 67 reproductions
1251 598 152 54 from
1436 599 269 53 “Punch”
1739 601 112 52 and
1886 599 153 54 from
319 607 1973 136 contemporary

571 676 202 67 prints.
849 678 256 65 London,
1145 677 281 66 Jarrolds,
1467 677 239 67 limited,
1746 682 150 49 1932.

389 747 86 42 288
503 759 44 38 p.
607 749 86 40 col.
722 748 163 49 front.,
917 750 170 47 plates,
1119 750 148 46 ports.
1327 749 56 39 24½ᶜᵐ.

327 814 1989 54 © 1c. May 31, 1932; A ad int. 16455; pubd. Apr. 5; M. E. Perugini,
394 875 211 41 London.
676 875 278 50 (32-15609)

323 994 185 65 Plum,
542 996 191 63 Mary.

389 1071 239 53 Murder
668 1078 60 46 at
766 1073 95 51 the
900 1072 249 68 hunting
1187 1072 145 68 club,
1371 1073 76 68 by
1485 1074 172 67 Mary
1695 1073 188 54 Plum.
1975 1074 138 53 New
2153 1076 163 52 York

319 1151 112 52 and
460 1151 257 67 London,
743 1151 232 66 Harper
1002 1154 45 50 &
1073 1150 275 68 brothers,
1379 1155 150 49 1932.

387 1235 471 50 3 p. l. , 282 p. 19½ᶜᵐ.
390 1306 42 40 A
462 1306 194 48 Harper
688 1307 162 40 sealed
883 1308 215 47 mystery
1128 1307 134 48 story
1305 1306 67 49 (p.
1403 1305 204 42 225-282
1639 1307 187 48 sealed)

394 1363 163 41 “First
583 1362 228 42 edition.”

325 1430 51 52 ©
406 1435 125 39 June
559 1435 40 47 8,
628 1435 140 47 1932;
799 1435 68 41 2c.
898 1435 127 40 June
1053 1436 26 39 7;
1137 1434 83 43 aff.
1250 1435 126 39 June
1405 1434 82 49 10;
1519 1435 41 39 A
1590 1435 170 49 52390;
1793 1436 192 48 Harper
2017 1437 36 39 &
2081 1436 124 40 bros.

403 1491 278 49 (32-14946)

319 1609 367 54 President’s
722 1610 346 54 conference
1106 1627 74 37 on
1217 1611 172 53 home
1427 1610 269 65 building
1730 1612 116 52 and
1883 1612 172 53 home
389 1627 1900 126 ownership,
577 1686 396 70 Washington,
1003 1690 72 51 D.
1160 1731 30 25 C.,
1224 1691 150 50 1931.

387 1764 187 53 Home
613 1764 220 54 finance
870 1765 113 53 and
1023 1764 288 69 taxation;
1355 1770 222 64 reports
1617 1765 64 54 of
1720 1766 97 54 the
1856 1766 345 54 committees
2243 1786 72 35 on

317 1841 235 70 finance,
589 1842 310 54 Frederick
932 1842 78 54 H.
1049 1841 201 70 Ecker,
1289 1843 322 68 chairman;
1652 1844 277 68 taxation,
1968 1844 247 54 Thomas
2257 1844 57 56 S.

317 1919 236 69 Adams,
583 1920 294 53 chairman;
940 1920 190 54 edited
1159 1921 78 69 by
1267 1921 158 54 John
1457 1921 79 53 M.
1569 1920 165 56 Gries
1768 1922 113 53 and
1914 1922 193 55 James
2140 1923 173 54 Ford.

316 1997 402 70 Washington,
745 1998 71 53 D.
848 1998 80 68 C.,
954 1999 122 52 The
1103 1997 346 55 President’s
1478 1997 331 56 conference
1837 2018 74 36 on
1937 2001 165 53 home
317 2001 1972 144 building

446 2075 865 70 and home ownership [ ᶜ1 932]
387 2163 96 50 xiv,
512 2163 86 41 278
625 2174 44 37 p.
732 2163 179 48 diagrs.
971 2163 56 40 23½ᶜᵐ.

387 2233 226 41 Lettered
642 2244 60 29 on
729 2243 141 30 cover:
929 2232 170 48 Loans,
1129 2234 322 39 assessments
1479 2234 95 39 and
1604 2234 140 40 taxes
1774 2245 61 28 on
1866 2232 285 43 residential
317 2245 1978 91 property.

324 2359 52 51 ©
406 2364 113 47 May
545 2365 41 44 4,
615 2362 112 41 1932;
785 2363 68 39 2c.
882 2363 95 39 and
1007 2362 83 40 aff.
1120 2363 114 46 May
1263 2363 24 38 5;
1346 2362 42 39 A
1413 2361 145 41 49843;
1618 2363 294 40 President’s
1942 2363 282 40 conference
2255 2376 59 28 on

392 2420 139 39 home
555 2420 221 47 building
803 2422 95 38 and
925 2420 139 39 home
1091 2419 287 48 ownership,
1409 2420 180 39 Robert
1619 2421 49 37 P.
1699 2421 204 39 Lamont
1933 2420 35 40 &
1996 2421 106 47 Ray
2131 2421 182 47 Lyman

392 2477 201 47 Wilbur,
625 2476 125 48 joint
780 2476 261 47 chairmen,
1073 2475 334 48 Washington.
1479 2476 279 49 (32-14674)

388 2595 294 66 Planning
712 2593 93 54 for
833 2592 331 55 residential
1193 2593 253 53 districts;
1506 2600 222 61 reports
1758 2593 64 54 of
1847 2595 96 52 the
1971 2594 345 53 committees

318 2690 73 34 on
427 2672 117 67 city
578 2672 282 67 planning
896 2672 113 52 and
1044 2670 226 68 zoning,
1307 2670 268 54 Frederic
1609 2671 72 52 A.
1718 2672 239 66 Delano,
1991 2670 321 67 chairman;

319 2749 354 54 subdivision
703 2750 215 66 layout,
947 2749 269 53 Harland
1247 2749 440 67 Bartholomew,
1719 2749 322 68 chairman;
2076 2748 239 54 utilities

321 2827 94 54 for
437 2827 216 67 houses,
676 2826 212 54 Morris
911 2827 287 67 Knowles,
1221 2826 294 53 chairman;
1569 2827 305 67 landscape
1898 2826 282 68 planning
2203 2826 112 53 and

315 2904 283 68 planting,
628 2904 312 67 Josephine
970 2905 66 51 P.
1067 2904 265 68 Morgan,
1361 2904 323 67 chairman;
1716 2904 190 52 edited
1937 2904 76 66 by
2041 2904 157 54 John
2228 2904 80 52 M.

319 2982 166 55 Gries
522 2982 112 53 and
670 2981 193 54 James
900 2982 173 52 Ford.
1146 2981 402 68 Washington,
1584 2982 72 52 D.
1695 2980 81 69 C.,
1812 2981 122 53 The
1969 2980 346 55 President’s

319 3059 332 54 conference
675 3078 73 34 on
771 3059 165 53 home
958 3058 267 69 building
1249 3059 113 53 and
1386 3059 167 53 home
1575 3058 321 68 ownership
2003 3061 117 65 [ᶜ1932]

390 3146 115 47 xvii,
523 3147 87 39 227
627 3156 43 38 p.
720 3146 163 46 front.,
903 3144 127 40 illus.
1060 3143 189 50 (plans)
1274 3145 171 47 plates,
1464 3145 155 40 tables
1648 3144 47 50 (1
1715 3143 196 48 double)
1939 3143 178 49 diagrs.
2168 3144 55 41 23½ᶜᵐ.

389 3218 224 40 Includes
636 3215 362 41 “References”.

326 3285 50 51 ©
405 3290 121 39 Mar.
554 3288 68 47 28,
652 3288 113 39 1932;
821 3288 67 39 2c.
918 3288 94 38 and
1039 3286 82 40 aff.
1150 3288 121 37 Mar.
1300 3286 56 40 30;
1414 3286 81 41 aff.
1523 3287 111 47 Apr.
1665 3287 27 38 6;
1748 3287 40 38 A
1817 3286 142 39 50561;
2019 3283 293 42 President’s

393 3345 282 40 conference
703 3355 60 29 on
791 3346 139 38 home
958 3343 219 47 building
1204 3344 95 39 and
1329 3343 139 39 home
1497 3343 286 48 ownership,
1816 3342 179 40 Robert
2026 3343 49 38 P.
2109 3343 204 38 Lamont

394 3403 94 38 and
517 3402 106 47 Ray
652 3402 185 38 Lyman
866 3400 201 47 Wilbur,
1098 3399 125 46 joint
1253 3399 260 48 chairmen,
1544 3399 334 47 Washington.

403 3458 279 48 (32-26515)

321 3575 260 64 Procter,
608 3576 144 52 Ivan
779 3573 299 65 Marriott,
1107 3577 171 50 1891-

390 3650 271 54 Prenatal
687 3669 141 48 care,
856 3649 112 54 and
995 3648 157 53 other
1181 3647 373 53 information
1582 3647 91 53 for
1699 3665 232 49 women,
1955 3647 75 66 by
2059 3646 145 52 Ivan
2229 3646 79 53 M.

321 3723 1964 70 Procter … [Raleigh, N. C., Edwards & Broughton co., ᶜ1 932]
389 3811 96 48 xvi,
517 3810 55 41 78
604 3821 43 37 p.
707 3811 163 48 front.,
902 3810 143 49 illus.,
1077 3810 153 47 diagr.
1290 3809 57 41 20½ᶜᵐ.

389 3881 160 40 Blank
571 3891 145 38 pages
737 3881 80 39 for
841 3880 172 40 “Make
1035 3882 137 38 notes
1195 3880 95 39 and
1314 3881 192 39 consult
1524 3889 121 38 your
1666 3878 281 49 physician”
1983 3877 191 50 (74-78)

328 3952 50 51 ©
410 3956 113 47 May
551 3957 68 46 14,
649 3954 112 41 1932;
821 3955 67 41 2c.
919 3956 94 38 and
1043 3953 80 41 aff.
1155 3955 113 45 May
1297 3954 55 39 31;
1412 3953 40 38 A
1483 3952 141 40 51552;
1686 3954 35 38 I.
1753 3953 63 40 M.
1847 3953 210 47 Procter,
2090 3948 217 49 Raleigh,

394 4013 55 40 N.
478 4012 46 40 C.
596 4011 278 48 (32-14698)
