2563 4368
1467 3962 64 53 78

570 433 223 41 Includes
833 433 389 49 bibliographies.

507 486 51 52 ©
583 490 110 40 Feb.
720 491 38 47 8,
783 489 140 48 1932;
951 490 66 40 2c.
1045 492 94 38 and
1164 488 82 42 aff.
1272 489 110 39 Feb.
1409 488 81 47 10;
1520 489 39 38 A
1583 488 171 47 48407;
1783 488 158 40 Amer.
1967 487 187 47 library
2181 496 127 32 assn.

584 547 278 48 (32-26073)

502 646 221 54 Punch.
839 690 9 9 v.
879 651 115 56 181,
1021 667 90 34 no.
1139 646 154 68 4717,
1319 651 133 51 Dec.
1482 651 49 64 2,
1560 650 150 49 1931.

509 717 1986 51 © 1c. Jan. 29, 1932; A ad int. 16029; pubd. Dec. 2, 1931; Herbert
575 778 231 46 Heather,
843 779 209 39 London.

496 879 308 64 Richards,
837 881 169 55 Fred.

570 955 57 52 A
668 955 239 53 Persian
951 954 268 69 journey;
1265 954 171 69 being
1481 972 72 34 an
1598 952 233 54 etcher’s
1879 952 366 68 impressions
2291 953 64 52 of
2400 954 94 51 the

500 1033 216 52 middle
758 1033 159 67 East,
958 1032 139 52 with
1143 1031 344 69 forty-eight
1532 1031 307 68 drawings,
1880 1030 77 68 by
2000 1030 152 52 Fred
2195 1029 301 68 Richards,

537 1108 1306 68 R . E . London and Toronto, J. Cape [1931]
569 1182 85 40 240
681 1193 42 38 p.
751 1183 109 40 incl.
886 1183 163 46 front.,
1076 1182 126 40 illus.
1234 1182 182 48 (maps)
1481 1181 172 47 plates.
1709 1180 117 41 26ᶜᵐ.

509 1237 1988 52 © 1c. Jan. 13. 1932; A ad int. 15972; pubd. Nov. 16, 1931; Jonathan Cape
575 1298 36 39 &
637 1297 240 40 Harrison
907 1297 170 47 Smith,
1105 1298 105 46 inc.,
1238 1297 117 38 New
1382 1296 143 40 York.
1597 1295 249 49 (32-3730)

501 1398 310 67 Rossman,
842 1400 238 64 Joseph,
1115 1404 169 48 1899-

574 1470 1860 70 The law of patents for chemists, by Joseph Rossman …
503 1551 399 68 Washington,
934 1552 70 52 D.
1041 1552 81 66 C.,
1154 1551 118 52 The
1305 1551 303 51 Inventors
1642 1549 334 68 publishing
2007 1567 97 49 co.,
2139 1553 149 50 1932.

575 1627 64 48 ix,
665 1628 86 40 304
777 1638 43 37 p.
880 1626 155 41 tables
1063 1625 49 49 (1
1139 1625 143 48 fold.)
1351 1626 145 39 21½ᶜᵐ.

574 1684 246 41 “Selected
848 1682 390 48 bibliography”:
1271 1693 42 37 p.
1342 1681 214 41 283-289.

510 1737 50 52 ©
623 1753 73 28 Jan.
727 1742 67 41 14.
824 1740 139 42 1932;
993 1740 66 41 2c.
1087 1742 95 38 and
1211 1739 80 39 aff.
1321 1740 107 39 Jan.
1459 1739 82 46 26;
1573 1739 40 38 A
1638 1740 143 39 48127;
1842 1740 255 39 Inventors
2127 1739 105 48 pub.
2264 1751 67 28 co.

586 1797 248 48 (32-2789)

505 1902 183 62 Ruck,
718 1901 200 53 Berta.

576 1976 140 53 This
747 1993 150 49 year,
929 1982 134 47 next
1094 1993 151 50 year,
1280 1976 302 51 sometime.
1665 1975 388 66 [Instalments
2091 1979 186 62 13-16]

586 2051 81 44 (In
697 2046 250 43 Woman’s
978 2046 88 42 life
1098 2045 276 52 magazine,
1406 2045 115 43 Dec.
1555 2047 68 49 12,
1660 2048 70 48 19,
1762 2048 71 49 26,
1870 2047 132 47 1931,
2036 2046 111 43 Jan.
2180 2048 39 49 2,
2256 2047 142 49 1932)

511 2103 1953 51 © 1c. each Feb. 5, 1932; A ad int. 16038; pubd. Dec. 7. 14, 21, 28, 1931;
578 2164 147 39 Berta
751 2163 136 38 Buck
912 2162 175 47 Oliver,
1112 2162 239 46 Windsor,
1377 2162 167 47 Berks,
1571 2163 234 46 England.

527 2265 86 54 [St.
643 2264 280 64 George’s
949 2264 214 63 school,
1191 2265 319 53 Jerusalem]

577 2336 223 55 Service
833 2337 147 52 book
1012 2336 92 52 for
1138 2336 233 53 schools.
1446 2337 138 51 New
1620 2337 178 69 York,
1830 2339 119 51 The
1982 2339 332 52 Macmillan
506 2358 1964 125 company,
704 2418 149 50 1932.

574 2489 641 49 xiv p., 1 l., 194 p. 17ᶜᵐ.
576 2547 74 39 An
677 2546 256 40 American
962 2545 286 47 adaptation
1277 2546 52 38 of
1359 2545 168 40 “Saint
1557 2546 222 47 George’s
1808 2547 183 40 service
2020 2548 121 39 book
2171 2548 80 40 for
2278 2549 214 39 schools”

518 2602 233 49 (London,
791 2603 66 40 St.
896 2601 315 47 Christopher
1246 2601 159 48 press)
1449 2602 161 40 edited
1644 2604 59 46 by
1739 2605 44 39 J.
1820 2605 71 39 W.
1933 2605 156 45 Suter,
2124 2605 74 46 jr.,
2237 2605 141 48 using
2414 2607 80 38 the

509 2661 149 38 ritual
692 2660 51 40 of
774 2660 81 39 the
888 2660 281 38 Protestant
1202 2658 257 48 Episcopal
1493 2660 180 38 church
1705 2659 49 40 in
1789 2661 82 39 the
1905 2661 54 40 U.
1996 2661 43 40 S.
2072 2662 54 38 A.
2187 2662 60 48 cf.
2283 2661 128 40 Pref.
2445 2664 48 37 to

507 2717 80 40 the
612 2715 257 41 American
892 2716 72 39 ed.

580 2771 274 48 “Compiled
893 2773 95 38 and
1025 2772 240 45 arranged
1306 2771 60 47 by
1403 2771 52 39 E.
1495 2772 71 40 W.
1604 2772 225 40 Hamond
1872 2775 109 46 [and
2022 2774 471 48 others]”—Introd.,

507 2839 42 37 p.
576 2829 66 40 xi.

579 2885 231 41 “Sources
841 2886 95 38 and
965 2883 496 47 acknowledgments”
1481 2894 9 29 :
1521 2895 43 37 p.
1593 2884 215 41 191-194.

514 2939 1675 52 © Jan. 5, 1932; 2c. and aff. Jan. 6; A 45784; Macmillan co.
591 2999 249 46 (32-2485)

507 3099 187 64 Seely,
720 3100 154 53 John
904 3099 252 53 Edward
1182 3100 283 63 Bernard,
1496 3106 169 49 1868-

580 3175 164 53 Fear,
778 3174 111 51 and
920 3172 69 53 be
1020 3172 173 67 slain;
1231 3173 339 72 adventures
1599 3174 76 68 by
1706 3175 153 66 land,
1892 3194 90 34 sea
2016 3177 112 51 and
2162 3176 103 66 air,
2297 3176 75 68 by
2405 3177 92 50 the

508 3249 1983 73 Rt. Hon. J. E. B. Seely … London, Hodder and Stoughton
508 3330 219 52 limited
761 3331 171 63 [1931]

575 3406 1226 50 X p., 1 l., 13-305, [1] p. front. (port.) 22½ᶜᵐ.
515 3463 1979 53 © 1c. Jan. 13, 1932; A ad int. 15969; pubd. Nov. 17, 1931; J. E. B. Seelv,
584 3522 364 45 Isle-of-Wight,
989 3522 234 42 England.
1293 3520 249 47 (32-3403)

505 3612 270 63 Sheldon,
808 3613 145 62 Roy.

582 3688 310 53 Consumer
927 3687 393 67 engineering;
1358 3708 31 33 a
1425 3705 122 33 new
1583 3689 295 66 technique
1915 3688 92 52 for
2045 3690 341 67 prosperity,
2420 3690 73 67 by

513 3765 126 67 Roy
666 3764 250 55 Sheldon
943 3765 112 51 and
1085 3764 251 68 Egmont
1362 3764 211 64 Arens;
1606 3766 353 53 decorations
1987 3764 73 70 by
2089 3767 219 68 George
513 3767 1957 146 Rupprecht.

800 3842 138 54 New
962 3842 161 53 York
1147 3843 109 51 and
1281 3842 257 67 London,
1561 3842 231 68 Harper
1817 3846 112 51 and
1953 3843 275 70 brothers,
2256 3849 147 51 1932.
