2563 4368
1300 4101 135 50 1492

370 488 150 66 Neil,
553 488 198 66 Ewell,
785 488 172 55 1878-

444 558 1923 74 Full denture practice, by Ewell Neil … Nashville, Tenn.,
374 641 1177 64 Press of Marshall & Bruce co. [ ᶜ1 932]
443 714 568 50 xii, 114 p. illus. 24 ᶜᵐ.
376 769 50 52 ©
459 774 117 45 Aug.
609 772 68 47 28,
709 770 140 43 1932;
882 771 67 39 2c.
984 770 127 46 Sept.
1186 779 9 36 6;
1230 767 81 40 aff.
1348 767 127 47 Sept.
1507 767 54 40 3:
1594 767 39 38 A
1666 765 169 42 56058:
1873 765 235 40 Marshall
2143 770 36 39 &
2211 767 156 39 Bruce

443 841 64 29 co.
580 828 278 49 (32-25687)

371 931 332 64 Newcomb,
733 930 284 64 Rexford,
1050 933 171 50 1886-

442 1008 188 53 Home
675 1007 403 66 architecture;
1128 1005 270 52 textbook
1447 1003 94 53 for
1588 1004 218 52 schools
1856 1002 111 54 and
2018 1002 266 69 colleges;
2336 1022 30 33 a

375 1087 229 53 manual
646 1085 94 52 for
780 1085 95 52 the
915 1084 164 52 home
1118 1083 225 52 builder
1384 1082 112 52 and
1538 1081 163 53 home
1744 1098 207 50 owner,
1990 1079 77 69 by
2107 1079 260 54 Rexford

375 1156 1992 71 Newcomb … and William A. Foster … New York, J. Wiley
375 1244 45 50 &
449 1260 146 48 sons,
624 1242 105 51 inc.;
793 1240 259 67 London,
1084 1238 301 68 Chapman
1416 1240 46 51 &
1491 1237 162 67 Hall,
1684 1237 240 65 limited,
1959 1239 149 50 1932.

445 1314 102 47 xiii,
577 1313 87 42 336
692 1325 43 37 p.
793 1313 129 40 illus.
951 1312 131 49 (incl.
1114 1322 125 39 map,
1269 1311 166 49 plans)
1501 1312 56 40 23½ᶜᵐ.
1763 1308 129 50 $3.25

446 1369 347 48 Bibliography
821 1371 52 39 at
900 1370 91 39 end
1020 1369 51 40 of
1098 1371 125 38 most
1252 1369 52 39 of
1332 1367 82 41 the
1441 1368 241 47 chapters.

377 1423 50 52 ©
463 1427 127 48 Sept.
622 1426 68 47 28,
723 1425 140 47 1932;
897 1425 68 41 2c.
999 1426 102 40 Oct.
1132 1427 52 45 1;
1220 1424 83 41 aff.
1339 1424 126 48 Sept.
1499 1424 82 42 30;
1617 1424 39 38 A
1690 1423 141 39 56161;
1943 1453 7 8 R.
1984 1422 254 40 Newcomb
2273 1424 95 38 and

444 1483 215 41 William
688 1483 54 39 A.
773 1483 184 46 Foster,
987 1482 211 47 Urbana,
1230 1482 75 39 Ill.
1375 1479 281 49 (32-25672)

374 1584 309 65 Nordhoff,
714 1584 245 57 Charles
986 1585 285 64 Bernard,
1304 1585 171 54 1887-

441 1661 232 69 Mutiny
699 1681 73 34 on
792 1662 96 54 the
913 1664 250 66 Bounty,
1186 1663 75 66 by
1288 1662 238 55 Charles
1550 1660 286 55 Nordhoff
1863 1661 112 53 and
2000 1661 193 54 James
374 1661 1966 131 Norman

548 1740 158 52 Hall.
786 1741 234 65 Boston,
1061 1739 196 67 Little,
1299 1741 230 65 Brown,
1572 1739 112 53 and
1729 1757 296 49 company,
2069 1741 150 50 1932.

444 1812 386 49 xii, 396 p. 21 ᶜᵐ.
378 1865 52 53 ©
455 1870 101 40 Oct.
578 1871 41 47 3,
642 1869 114 41 1932;
808 1869 66 40 2c.
899 1870 96 39 and
1019 1868 81 41 aff.
1127 1869 99 40 Oct.
1253 1869 25 39 5;
1332 1869 41 38 A
1396 1868 142 40 56241;
1594 1869 163 46 Little,
1784 1870 189 45 Brown,
2002 1870 94 39 and
2121 1878 247 37 company.

455 1925 278 50 (32-25596)

374 2014 228 65 Norris,
628 2015 138 53 Mrs.
795 2013 292 55 Kathleen
1125 2014 395 67 (Thompson)
1557 2019 170 50 1880-

432 2091 346 67 Treehaven,
800 2092 74 67 by
897 2092 285 53 Kathleen
1203 2092 218 53 Norris.
1482 2092 231 54 Garden
1737 2091 153 67 City,
1910 2092 70 52 N.
2005 2092 90 65 Y.,
374 2092 1965 143 Doubleday,

529 2170 197 51 Doran
753 2171 45 51 &
824 2186 296 49 company,
1146 2169 127 64 inc.,
1303 2172 151 49 1932.

445 2239 467 50 4 p. l. , 343 p. 20½ ᶜᵐ.
447 2296 286 42 Illustrated
772 2296 360 50 lining-papers.

448 2353 161 41 “First
639 2352 226 42 edition.”

380 2407 51 51 ©
469 2411 100 40 Oct.
605 2410 40 47 5,
679 2410 140 46 1932;
858 2409 66 41 2c.
961 2411 95 39 and
1091 2409 81 40 aff.
1211 2410 102 40 Oct.
1352 2412 49 39 7;
1441 2411 38 37 A
1517 2411 142 39 56264;
1727 2412 240 39 Kathleen
2005 2410 184 47 Norris,
447 2413 1902 101 Saratoga,

603 2467 142 41 Calif.
817 2466 278 48 (32-25595)

375 2554 957 67 Nyburg, Sidney Lauer, 1 880-
444 2633 120 52 The
606 2632 200 53 buried
849 2651 139 48 rose,
1031 2632 229 68 legends
1303 2633 64 53 of
1409 2635 94 51 old
1549 2634 333 69 Baltimore,
1923 2636 75 67 by
2044 2634 214 70 Sidney
2301 2637 63 51 L.

375 2710 255 68 Nyburg.
706 2709 137 53 New
872 2709 179 67 York,
1076 2710 70 52 A.
1175 2710 70 53 A.
1274 2710 225 68 Knopf,
1529 2715 149 49 1932.

444 2783 1448 51 4 p. l. , vii-x p., 2 l., 3-302 p., 1 l. front., plates. 22½ᶜᵐ.
447 2839 161 41 “First
633 2838 227 42 edition.”

722 2895 188 40 CONTENTS.—1812.
926 2918 60 5 —
1001 2896 100 39 The
1145 2896 101 39 fair
1290 2896 218 41 duelists.
1525 2920 60 5 —
1600 2897 101 40 The
1745 2898 170 40 buried
1960 2908 121 30 rose.
2096 2920 58 8 —
377 2898 1973 101 Democracy.—The

692 2962 85 37 eye
801 2950 52 41 of
878 2952 81 39 the
984 2951 180 41 needle.

382 3005 50 52 ©
465 3009 101 40 Oct.
596 3010 39 44 1,
666 3008 111 40 1932;
837 3009 65 38 2c.
936 3009 95 38 and
1061 3007 81 41 aff.
1174 3008 102 40 Oct.
1306 3010 26 38 4;
1392 3009 41 39 A
1462 3010 142 41 55388;
1665 3012 170 39 Alfred
1869 3013 52 38 A.
1955 3011 178 48 Knopf,
2164 3012 89 39 inc.

457 3065 278 48 (32-25851)

376 3151 223 64 Ortega
625 3169 39 48 y
693 3152 232 66 Gasset,
953 3151 157 64 José,
1142 3157 168 51 1883-

507 3228 1857 69 … The revolt of the masses; authorised translation from
376 3304 93 53 the
519 3305 267 68 Spanish.
868 3305 139 53 New
1056 3306 178 67 York,
1278 3308 91 55 W.
1413 3310 90 52 W.
1550 3310 225 53 Norton
1820 3313 46 51 &
1913 3329 295 50 company,
2254 3312 108 52 inc.

397 3385 157 50 [°1932]

448 3453 85 41 204
562 3466 43 37 p.
691 3453 55 40 22½ᶜᵐ.

450 3510 1914 56 “The Spanish original, ‘La rebeli ó n de las masas’, was published in
381 3563 138 50 1930;
567 3567 99 40 this
711 3566 308 48 translation,
1066 3567 283 42 authorised
1395 3569 60 48 by
1503 3572 71 39 Sr.
1619 3571 179 50 Ortega
1844 3585 29 36 y
1921 3573 187 48 Gasset,
2154 3574 210 41 remains

379 3631 297 37 anonymous
703 3625 53 38 at
783 3623 82 41 the
889 3622 309 42 translator’s
1226 3625 235 47 request.”

383 3675 51 50 ©
466 3681 118 44 Aug.
615 3681 68 44 18,
715 3678 139 47 1932;
887 3679 66 40 2c.
984 3680 118 46 Aug.
1134 3681 82 45 31;
1250 3681 81 38 aff.
1363 3682 118 45 Aug.
1514 3683 81 46 30;
1629 3685 41 37 A
1701 3684 169 48 53999;
1905 3687 72 39 W.
2009 3688 70 38 W.
2113 3687 185 39 Norton
2331 3688 36 39 &

449 3746 80 36 co,
562 3736 89 39 inc.
721 3735 94 45 (32-
832 3734 166 47 26885)

379 3826 206 63 Parry,
618 3826 205 52 Edwin
855 3825 470 57 Satterthwaite.

450 3900 175 67 Betsy
649 3900 159 68 Ross,
834 3898 229 62 Quaker
1089 3901 148 52 rebel;
1293 3902 169 69 being
1487 3903 93 53 the
1604 3912 124 47 true
1755 3912 155 62 story
1940 3906 62 53 of
2025 3907 95 52 the
382 3924 1958 103 romantic

484 3975 105 54 life
615 3976 63 52 of
705 3977 93 51 the
826 3976 194 54 maker
1046 3977 63 52 of
1135 3977 94 53 the
1258 3976 122 56 first
1408 3979 303 55 American
1737 3981 131 70 flag,
1896 3984 75 67 by
1998 3983 208 53 Edwin
2237 3982 126 55 Sat-
