2563 4368
1276 4110 134 51 1808

421 561 1918 52 53, [1] p. front., pl. 20 ᶜᵐ. (Half-title: Harvard honors theses in
350 619 213 49 English,
622 629 60 30 no
726 619 49 46 5)

356 686 50 52 ©
440 690 100 40 Oct.
572 691 18 37 1.
644 689 138 46 1932;
815 691 65 38 2c.
915 690 100 39 Oct.
1048 691 81 45 17;
1163 689 81 41 aff.
1276 689 102 41 Oct.
1411 688 81 47 10;
1526 689 39 38 A
1598 689 170 45 56523;
1803 689 253 40 President
2088 690 36 39 &
2154 689 188 41 fellows

422 746 53 39 of
511 747 229 38 Harvard
780 745 191 48 college,
1013 745 299 45 Cambridge,
1355 745 145 39 Mass.
1571 743 279 51 (32-34094)

351 851 239 63 Weekly
621 849 408 55 underwriter.

418 927 311 53 Insurance
773 925 281 68 thrillers;
1102 925 227 55 sinister
1372 925 293 68 mysteries
1709 924 291 69 centering
2043 924 171 56 about
350 926 1967 132 insurance

633 1003 219 57 frauds,
901 1002 309 69 originally
1258 1002 297 69 published
1607 1003 59 53 in
1714 1002 95 54 the
1854 1001 239 70 Weekly
351 1004 1968 132 underwriter
583 1082 211 67 during
837 1083 151 50 1932.

350 1077 1994 150 [New York, The Underwriter printing and publishing company, ᶜ1 932]
419 1230 756 53 3 p. l., [5]-397 p. illus. 20 ᶜᵐ.
356 1301 50 52 ©
433 1305 116 40 Nov.
575 1305 39 46 8,
640 1303 113 40 1932;
806 1305 66 39 2c.
900 1304 110 39 Dec.
1037 1304 24 39 5;
1117 1302 79 41 aff.
1226 1303 110 40 Dec.
1362 1305 25 37 3;
1442 1303 41 38 A
1509 1303 142 40 58235;
1708 1303 334 40 Underwriter
2065 1303 218 49 printing
2307 1306 36 39 &

423 1361 109 47 pub.
565 1372 67 29 co.
703 1359 278 49 (32-33839)

351 1463 194 67 Wells,
573 1465 138 52 Mrs.
740 1464 186 53 Helen
964 1464 265 64 (Butler)
1267 1468 169 50 1862-

425 1543 235 66 Beyond
701 1542 95 52 the
835 1560 124 48 eyes
998 1541 63 53 of
1099 1560 160 48 man;
1303 1560 81 49 or,
1422 1542 120 52 The
1582 1547 326 62 astronomy
1948 1541 64 53 of
2052 1542 179 56 earth,
2270 1540 74 70 by

352 1618 1990 69 Dr. Alonzo P. Mathewson … clairaudiently received by Helen
350 1697 993 67 Wells. [Jamaica, N. Y.] ᶜ1 932.
419 1769 777 52 107 p. front. (port.) 21½ᶜᵐ.
357 1837 50 53 ©
439 1841 101 40 Oct.
571 1841 67 43 15,
668 1840 139 47 1932;
840 1842 65 37 2c.
937 1842 117 39 Nov.
1085 1840 80 47 12;
1199 1840 81 41 aff.
1311 1841 117 39 Nov.
1459 1841 82 46 25;
1574 1841 41 39 A
1646 1840 168 47 58113;
1849 1842 154 39 Helen
2035 1841 162 49 Wells,
2229 1842 114 40 New

424 1898 142 39 York.
638 1898 278 45 (32-34239)

351 1999 196 57 Whist
575 2001 148 65 club,
752 2002 139 53 New
924 2002 175 52 York.

423 2076 414 55 International
865 2076 199 70 bridge
1093 2078 135 53 laws;
1289 2077 93 52 the
1411 2077 137 53 laws
1577 2077 61 53 of
1667 2082 252 48 contract
1946 2076 215 69 bridge,
2192 2079 151 66 1932,

352 2173 60 34 as
437 2154 204 68 agreed
665 2172 151 50 upon
843 2154 110 53 and
980 2153 395 69 promulgated
1399 2154 74 69 by
1497 2156 94 52 the
1617 2154 190 53 Whist
1831 2153 144 68 club,
2002 2154 136 53 New
2165 2154 177 67 York,

353 2231 277 52 Portland
659 2230 142 66 club,
828 2230 254 68 London,
1109 2230 371 55 Commission
1510 2230 278 66 française
1815 2230 76 52 du
1917 2230 217 69 bridge,
2160 2229 181 59 Paris.

353 2306 419 69 Philadelphia,
809 2306 266 70 Chicago,
1110 2308 120 52 The
1267 2307 153 54 John
1459 2307 60 55 C.
1558 2308 263 53 Winston
1857 2325 302 51 company;
353 2307 1966 145 London,
503 2385 66 55 T.
593 2385 85 51 De

700 2385 1087 69 La Rue & co., ltd.; [etc., etc., ᶜ1 932]
457 2455 281 49 c, 54 p. 19 ᶜᵐ.
422 2512 262 41 “Contract
709 2513 166 48 bridge
903 2512 190 49 scoring
1119 2512 156 41 table”
1304 2525 58 29 on
1392 2514 90 40 end
1508 2512 335 51 lining-paper.

422 2569 227 41 Lettered
675 2580 59 29 on
763 2580 139 30 cover
920 2581 9 29 :
960 2569 296 41 Authorized
1283 2569 197 42 edition.

357 2638 50 52 ©
447 2642 99 41 Oct.
584 2643 69 47 31,
690 2642 113 41 1932;
868 2643 68 40 2c.
972 2643 117 40 Nov.
1125 2643 53 46 2;
1219 2641 82 42 aff.
1336 2642 116 40 Nov.
1490 2642 52 47 9;
1581 2643 41 38 A
1659 2643 169 46 55888;
1869 2643 160 40 Whist
2067 2643 121 47 club,
2225 2643 117 40 New

426 2699 141 39 York.
639 2698 277 48 (32-34120)

351 2800 260 67 Willard,
638 2801 302 55 Theodore
970 2802 250 65 Arthur,
1251 2807 171 50 1862-

421 2879 122 54 The
582 2881 111 51 lost
734 2880 240 67 empires
1018 2878 64 54 of
1123 2879 94 53 the
1261 2880 185 52 Itzaes
1490 2881 111 52 and
1645 2880 230 68 Mayas;
1923 2898 72 34 an
2038 2879 303 54 American

351 2957 368 68 civilization,
751 2964 432 62 contemporary
1216 2958 139 52 with
1390 2957 212 68 Christ,
1633 2957 184 53 which
1852 2957 216 54 rivaled
2102 2958 97 53 the
356 2958 1962 129 culture
512 3034 63 53 of

609 3034 1736 70 Egypt, by Theodore A. Willard … Glendale, Calif.,
351 3112 123 53 The
497 3112 225 53 Arthur
748 3113 77 52 H.
857 3112 176 55 Clark
1059 3131 298 51 company,
1387 3116 149 50 1933.

423 3185 1422 51 449 p. incl. col. front., illus., plates, port., maps. 24½ᶜᵐ.
359 3252 1980 52 © Nov. 25, 1932; 2c. Dec. 1; aff, Nov. 30; A 57290 ; Arthur H. Clark co.
436 3312 277 49 (32-33979)

354 3414 212 65 Zweig,
595 3414 241 66 Arnold,
866 3417 168 54 1887-

425 3490 1913 70 Young woman of 1914, by Arnold Zweig … London, M.
356 3568 220 67 Seeker,
608 3572 149 48 1932.

423 3642 99 47 383,
555 3641 54 51 [1]
640 3652 42 36 p.
744 3639 113 43 19ᶜᵐ.

425 3698 318 39 “Translated
769 3697 126 38 from
924 3698 80 38 the
1032 3698 206 38 German
1265 3698 60 45 by
1352 3695 111 41 Eric
1483 3695 226 42 Button.”

423 3752 117 40 This
573 3753 121 38 book
726 3753 224 47 precedes
984 3753 81 39 the
1097 3752 216 40 author’s
1347 3750 320 51 unpublished
1701 3753 138 40 novel
1873 3750 270 43 Education
2175 3752 164 42 before

359 3810 205 44 Verdun,
605 3808 156 40 which
800 3808 41 39 is
882 3808 227 39 intended
1151 3810 46 38 to
1238 3810 55 39 be
1331 3809 82 40 the
1451 3807 108 43 first
1596 3808 52 40 of
1685 3819 29 31 a
1753 3807 164 50 series,
1956 3808 81 42 the
2075 3810 174 39 second
2286 3809 52 41 of

355 3864 168 43 which,
545 3864 41 40 is
620 3864 100 39 The
754 3874 108 30 case
897 3865 50 39 of
983 3864 232 48 Sergeant
1252 3863 218 50 Grischa,
1504 3867 49 38 to
1585 3864 56 41 be
1673 3864 228 40 followed
1934 3864 60 48 by
2026 3864 101 40 The
354 3874 1967 94 crowning
463 3920 51 41 of
541 3931 27 29 a
598 3919 128 49 king.

360 3985 1977 56 © 1c. Nov. 21. 1932; A ad int. 17097; pubd. Sept. 22; Viking press, inc.,
426 4046 117 40 New
570 4047 143 40 York.
783 4045 277 50 (32-33841)
