2563 4368
1388 4038 101 51 248

433 426 276 65 Herbert,
738 427 124 53 Mrs
867 465 11 11 .
910 422 309 55 Elizabeth
1258 422 365 68 (Hamilton)

502 499 1863 69 The house of wives, by Elizabeth Hamilton Herbert …
434 578 1710 69 New York, Farrar & Rinehart, incorporated [ᶜ193 2]
505 651 615 51 4 p. l. , 3-307 p. 19½ᶜᵐ.
438 721 52 51 ©
525 726 121 37 Mar.
681 725 40 45 3,
755 722 114 41 1932;
931 723 68 38 2c.
1034 724 95 38 and
1163 722 81 39 aff.
1281 723 122 38 Mar.
1436 723 27 37 4;
1527 722 41 38 A
1600 720 148 41 47967;
1809 723 53 38 E.
1898 723 60 39 H.
1995 721 224 49 Herbert,
2255 722 176 40 Grosse

506 780 171 40 Pointe
710 780 185 48 Farms,
929 779 143 43 Mich.
1143 778 250 48 (32-5861)

435 883 451 65 Hildenbrandt,
917 883 171 54 Fred.

567 959 1862 69 … Tänzerinnen der gegenwart; 57 bilder, erläutert von
436 1039 150 52 Fred
652 1036 449 54 Hildenbrandt.
1178 1036 504 70 Zürich-Leipzig,
1747 1038 161 55 Orell
1975 1039 190 53 Füssli
2232 1040 198 69 verlag

441 1118 173 65 [1931]

507 1188 1260 51 14 p., 56 p. of illus. 23 ᶜᵐ . (Schaubücher 18)
440 1255 1671 53 © Sept. 25, 1931; 1c. Jan. 7, 1932; A—Foreign 15115; Orell
2144 1261 123 40 Füssh
509 1269 1908 95 verlag.

432 1419 162 65 Hoel,
622 1417 237 67 Sigurd,
889 1424 170 50 1890-

566 1495 1659 71 … En dag i Oktober; roman. Oslo, Gyldendal, 1931.
504 1568 629 51 3 p. l. , [9]-304 p. 22 ᶜᵐ .
507 1624 214 42 “Niende
751 1625 187 42 tusen.”

509 1682 1638 51 “Den nordiske roman-konkurranse 1931 … annen premie.”
442 1749 1977 110 © Sept. 15, 1931; 1c. Oct. 24; A—Foreign 15202; Gyldendal norsk forlag. (32-5381)
443 1913 297 67 Hoffman,
771 1914 230 65 George
1028 1914 258 64 Wright.

509 1989 216 54 Future
764 1988 236 69 trading
1037 2008 154 49 upon
1229 1989 305 70 organized
1575 1988 342 70 commodity
1955 1990 248 55 markets
2244 1991 58 52 in
2342 1990 95 53 the

443 2065 1818 70 United States, by G. Wright Hoffman … Philadelphia,
444 2066 1966 146 University
691 2143 64 53 of
795 2144 421 69 Pennsylvania
1261 2162 183 50 press;
1486 2144 257 69 London,
1783 2144 75 53 H.
1902 2144 264 68 Milford,
2208 2143 227 55 Oxford

443 2220 311 68 university
781 2238 173 50 press,
984 2224 150 50 1932.

507 2290 1184 51 xvi p., 1 l., 482 p. illus., pl., diagrs. 23½ ᶜᵐ .
509 2347 377 50 Bibliography:
922 2359 45 38 p.
998 2348 219 42 471-474.

446 2416 51 52 ©
531 2421 109 40 Feb.
674 2422 39 47 5,
746 2421 113 40 1932;
921 2421 67 41 2c.
1022 2422 95 39 and
1151 2421 81 41 aff.
1267 2421 111 40 Feb.
1412 2422 54 40 17;
1530 2422 41 39 A
1602 2421 145 41 47684;
1811 2421 283 49 University
2128 2422 54 41 of

513 2421 1905 96 Pennsylvania
692 2488 149 38 press.
912 2478 252 49 (32-5723)

442 2578 220 67 Isham,
690 2581 266 53 Norman
983 2580 313 66 Morrison,
1325 2587 173 49 1864-

573 2655 1861 70 … In praise of antiquaries, by Norman M. Isham. [Boston]
442 2731 239 56 Printed
714 2733 76 67 by
823 2733 95 54 the
952 2731 244 70 Society,
1231 2736 149 49 1931.

509 2803 893 50 4 p. l. , [3]-22 p., 1 l. port. 20ᶜᵐ.
511 2861 65 39 At
603 2862 126 39 head
757 2861 53 40 of
836 2860 109 41 title:
1002 2861 102 40 The
1133 2861 221 49 Walpole
1382 2862 198 48 society.

514 2917 94 41 “Of
628 2917 99 41 this
748 2918 192 40 volume
963 2927 89 31 one
1072 2918 223 40 hundred
1317 2919 96 39 and
1434 2920 82 38 ten
1539 2917 159 49 copies
1724 2929 125 29 were
1874 2918 194 49 printed
2089 2919 79 40 for

442 2920 1997 103 the members of the Walpole society … of which thirty-five copies are offered for
441 3029 145 42 sale.”

515 3086 1923 48 “Address … read by Mr. Isham at a meeting of the Society held in
444 3145 81 39 the
546 3143 283 49 University
852 3142 123 49 club,
997 3143 119 39 New
1137 3142 145 48 York,
1306 3152 61 30 on
1392 3142 259 48 Saturday,
1675 3141 251 49 February
1949 3142 70 49 21,
2043 3142 157 41 1931.”

450 3213 51 52 ©
535 3218 111 39 Dec.
680 3217 69 48 30,
784 3216 140 47 1931;
960 3214 68 45 2c.
1062 3218 95 39 and
1192 3215 80 41 aff.
1310 3216 107 38 Jan.
1455 3215 39 47 2,
1531 3213 139 48 1932;
1708 3215 41 38 A
1781 3214 172 48 46662;
1991 3214 219 49 Walpole
2244 3214 196 48 society,

517 3275 194 40 Boston.
782 3272 251 50 (32-5719)

439 3376 282 66 Johnson,
747 3378 218 52 Tressa
990 3375 291 56 Beatrice.

510 3453 122 53 The
660 3458 132 62 gate
820 3453 63 52 in
911 3452 96 55 the
1037 3453 151 67 wall,
1217 3470 168 50 songs
1418 3452 113 53 and
1560 3456 245 62 sonnets,
1835 3451 75 67 by
1941 3452 203 51 Tressa
2176 3450 261 53 Beatrice

440 3529 276 53 Johnson.
818 3529 330 67 [Carmel-by
1167 3529 233 66 the-sea,
1441 3528 196 65 Calif.,
1678 3528 242 53 Printed
1962 3528 96 53 for
2094 3528 97 52 the
2232 3527 205 53 author

441 3605 1578 69 by the craftsmen of the Press in the forest, ᶜ193 2]
519 3677 754 50 [37] p. front., 1 illus. 21 ᶜᵐ .
517 3734 259 41 “Sketches
805 3735 63 47 by
896 3734 173 41 Donna
1100 3733 195 42 Davis.”

517 3790 1922 49 “Two hundred copies of this book have been printed … This copy
444 3849 42 40 is
515 3849 201 41 number
748 3848 127 41 198.”

452 3916 51 52 ©
535 3921 110 40 Jan.
676 3920 69 41 30.
777 3919 113 40 1932;
949 3919 67 40 2c.
1050 3918 110 40 Feb.
1192 3919 25 39 5;
1280 3917 82 43 aff.
1395 3917 110 42 Feb.
1538 3918 25 39 3;
1625 3918 41 38 A
1697 3917 144 41 47825;
1903 3918 51 39 T.
1988 3918 55 41 B.
2075 3918 230 40 Johnson.
2341 3916 96 41 San

520 3978 174 46 Mateo,
726 3976 142 41 Calif.
939 3975 250 50 (32-5601)
