2563 4368
1281 4061 99 53 738

338 463 221 67 Mahin,
591 463 253 55 Edward
875 465 84 65 G.,
993 464 171 55 1876-

407 539 1926 71 Quantitative analysis, by Edward G. Mahin … 4th ed.
337 618 137 53 New
523 618 162 53 York
729 619 113 53 and
886 619 260 68 London,
1192 617 429 56 McGraw-Hill
1667 619 147 54 book
1861 636 298 54 company,
2208 620 128 69 inc.,

339 699 150 50 1932.

474 779 1861 51 xv, 623 p. illus., diagrs. 21 ᶜᵐ . (Half-title: International chemical
336 836 1358 51 series, J. F. Norris … consulting editor) $4.00
405 908 388 41 “International
830 908 178 41 atomic
1041 909 218 48 weights,
1297 906 142 42 1932”
1475 920 60 28 on
1571 910 92 39 end
1701 908 334 49 lining-paper.

343 978 50 51 ©
428 982 111 47 May
570 982 39 46 6,
643 980 139 47 1932;
816 981 66 40 2c.
917 982 112 45 May
1061 982 81 45 11;
1177 980 81 41 aff.
1293 983 113 45 May
1438 980 81 47 12;
1554 981 39 38 A
1625 979 171 49 49922;
1833 980 348 41 McGraw-Hill
2214 980 123 40 book

410 1049 81 35 co.,
522 1038 89 40 inc.
682 1038 281 49 (32-13184)

339 1142 384 65 Malkowsky,
753 1141 153 54 Emil
934 1141 353 67 Ferdinand,
1317 1148 171 50 1880-

406 1220 119 54 Der
552 1220 452 54 traumomnibus;
1068 1220 122 53 eine
1219 1220 209 69 lustige
1456 1220 142 54 reise
1627 1221 179 53 durch
1837 1221 92 52 die
1958 1221 376 65 sternenwelt,

338 1315 109 35 von
491 1300 66 53 E.
601 1301 64 53 F.
709 1299 374 69 Malkowsky.
1160 1298 111 53 Mit
1312 1298 224 53 bildern
1578 1317 110 35 von
1728 1300 326 67 Margarete
2097 1298 235 69 Ziegler.

337 1375 1991 71 Berlin, Meidinger’s jugendschriften verlag g. m. b. h. [ ᶜ19 31 ]
406 1461 923 52 95, [1] p. illus. (part col.) 24 ᶜᵐ .
407 1534 288 40 Illustrated
725 1533 362 49 lining-papers.

407 1591 149 41 Verse
586 1592 96 39 and
712 1601 154 39 prose.

343 1659 1994 51 © Dec. 31, 1931; 1c. Mar. 15, 1932; A— Foreign 16160; Meidinger’s
409 1720 423 48 jugendschriften
858 1720 179 47 verlag,
1066 1729 40 38 g.
1133 1730 59 29 m.
1221 1720 42 41 b.
1293 1720 44 40 h.
1407 1719 280 47 (32-13577)

339 1822 303 66 Manning,
674 1821 252 55 William
960 1824 147 64 Ray,
1142 1821 171 55 1871-
1526 1821 84 53 ed.

408 1900 319 69 Diplomatic
815 1901 479 68 correspondence
1345 1900 63 53 of
1463 1901 95 52 the
1612 1899 216 55 United
1885 1899 189 56 States:
340 1899 1988 133 inter-American

687 1977 213 70 affairs,
944 1981 325 66 1831-1860,
1311 1979 239 54 selected
1593 1979 111 53 and
1748 1979 280 70 arranged
2071 1980 75 68 by
340 1978 1965 134 William

531 2057 1798 70 R. Manning … v. 1. Argentina. Documents 1-387.
336 2137 401 68 Washington,
793 2135 279 70 Carnegie
1125 2137 356 53 endowment
1533 2138 96 51 for
1682 2137 407 54 international
2145 2156 185 51 peace,

341 2218 148 50 1932.

410 2301 1927 50 xxxvi p., 1 l., 789 p. map. 25 ᶜᵐ . (Half-title: Publications of the
341 2359 233 47 Carnegie
605 2360 302 39 endowment
938 2359 78 39 for
1048 2359 348 40 international
1430 2369 157 38 peace.
1648 2359 221 41 Division
1902 2359 52 39 of
1985 2358 348 41 international

339 2418 108 46 law,
478 2417 345 47 Washington)

340 2472 1976 105 “A sequel to … Diplomatic correspondence of the United States concerning
578 2531 80 38 the
698 2530 356 47 independence
1095 2531 50 39 of
1188 2531 79 39 the
1310 2530 145 40 Latin
1498 2529 254 41 American
1796 2530 193 40 nations
2033 2529 156 40 which
2232 2539 101 30 was

339 2586 1828 51 published in 1925 … [and] covered the period 1810 to 1830.”—Pref.
344 2654 50 51 ©
424 2659 116 52 May
566 2658 37 46 6,
634 2657 111 41 1932;
803 2657 66 42 2c.
899 2659 96 39 and
1023 2657 80 40 aff.
1135 2659 113 46 May
1277 2658 57 39 18;
1389 2658 41 38 A
1459 2657 143 40 52046;
1661 2658 234 47 Carnegie
1924 2658 302 39 endowment
2254 2655 78 42 for

410 2715 349 40 international
786 2725 155 38 peace.
1013 2715 279 47 (32-13130)

338 2819 189 63 Maus,
561 2819 244 54 Charles
834 2818 273 57 William.

406 2894 244 68 History
690 2895 63 52 of
795 2896 97 52 the
934 2896 165 67 Long
1141 2914 109 34 run
1293 2896 404 67 Presbyterian
1742 2895 228 65 church,
2011 2895 76 64 by
2130 2894 63 55 C.
2237 2894 89 54 W.

334 2972 1992 67 Maus, B. D., written for the 156th anniversary. [Scottdale,
333 3050 119 67 Pa.]
492 3053 152 50 1931.

404 3121 85 41 205
527 3133 43 37 p.
630 3123 170 47 plates.
860 3122 145 41 20½ᶜᵐ.

407 3178 224 41 Lettered
664 3190 60 29 on
753 3188 140 31 cover;
955 3178 274 41 1775-1931.

410 3235 1915 50 “Record of burials … taken from the grave stones in the yard”:
335 3305 43 37 p.
407 3292 214 41 151-186.

407 3348 347 49 Bibliography:
817 3360 43 37 p.
894 3348 215 40 201-205.

345 3417 50 51 ©
426 3421 125 47 Sept.
578 3419 68 48 12,
673 3418 111 41 1931;
840 3418 67 41 2c.
933 3420 95 39 and
1055 3418 81 41 aff.
1164 3420 113 47 May
1301 3420 41 46 4,
1369 3418 115 40 1932;
1540 3420 38 38 A
1606 3420 140 40 51151;
1806 3420 49 41 C.
1882 3421 70 40 W.
1982 3421 153 46 Maus,
2165 3418 164 49 Irwin,

412 3479 80 38 Pa.
565 3476 279 48 (32-13167)

338 3581 367 63 Mayrhofer,
735 3580 301 55 Heinrich.

405 3656 337 52 Indikation
776 3657 116 51 und
928 3656 228 52 technik
1191 3657 95 52 des
1321 3657 359 52 künstlichen
1716 3657 469 65 pneumothorax,
2218 3672 110 36 von

336 3731 1991 69 dr. Heinrich Mayrhofer … mit 33 abbildungen. Wien, J.
338 3809 296 68 Springer,
666 3813 148 49 1932.

406 3882 812 50 3 p. l., 35, [1] p. illus. 23½ᶜᵐ.
346 3950 1788 51 © Jan. 1, 1932; 1c. Feb. 25; A— Foreign 15846; Julius Springer.
422 4010 278 48 (32-13754)
