2563 4368
1228 4064 133 50 1206

288 441 248 69 Pfeifer,
562 442 256 57 William
844 442 206 67 Hollis,
1081 447 170 51 1869-

363 520 428 69 Omnipotence,
823 519 129 56 God
986 520 113 54 and
1131 520 98 53 the
1259 519 279 67 universe,
1572 535 73 35 an
1678 516 123 69 epic
1837 533 164 51 poem
2033 514 74 69 by
292 512 1970 140 William

452 595 1832 71 H. Pfeifer … Boston, Meador publishing company, 1932.
363 672 1098 50 223 p. front. (port.) fold. diagrs. 22ᶜᵐ.
297 726 52 52 ©
375 732 127 38 June
526 730 69 42 28,
623 729 139 47 1932;
791 731 68 39 2c.
886 730 115 46 July
1027 729 82 47 28;
1139 729 82 40 aff.
1248 729 120 47 Aug.
1395 729 53 46 1;
1476 729 41 38 A
1543 726 169 47 53412;
1743 725 211 39 Edward
1982 724 59 40 K.
2071 724 212 47 Meador,

363 787 197 39 Boston.
630 785 278 48 (32-21166)

291 887 197 65 Pisan,
517 887 300 56 Christine
843 890 88 63 de,
961 906 78 34 ca.
1068 889 251 51 1363-ca.
1349 889 151 50 1431.

423 958 1862 73 … La vision-Christine; introduction and text … by Sister
291 1037 1842 74 Mary Louis Towner … Washington, D. C., The Catholic
292 1036 1967 152 university
535 1119 63 53 of
628 1119 282 68 America,
943 1122 148 49 1932.

361 1190 1066 49 viii, 220 p. 2 facsim. (incl. front.) 23 ᶜᵐ.
361 1249 64 39 At
451 1248 124 40 head
603 1248 52 40 of
680 1248 108 40 title
807 1258 8 29 :
845 1248 99 40 The
974 1248 221 41 Catholic
1224 1247 271 48 university
1523 1247 52 40 of
1601 1246 238 41 America.

361 1304 171 41 Thesis
577 1304 14 48 (PH.
773 1303 308 48 D.)—Catholic
1114 1303 272 48 university
1422 1303 52 41 of
1506 1303 238 42 America.

360 1361 101 40 The
486 1363 104 38 text
626 1361 66 48 (p.
716 1359 197 49 72-193)
947 1361 41 40 is
1012 1361 149 40 based
1184 1372 61 28 on
1271 1362 108 39 that
1406 1360 51 41 of
1479 1371 87 30 ms.
1591 1360 146 41 10309
1762 1361 52 41 of
1839 1361 82 40 the
1946 1360 338 49 Bibliothèque

293 1416 1169 51 royale de Belgique, cf. chap, III , p. 56, 69.
364 1475 247 41 “Selected
642 1472 363 50 bibliography”
1025 1484 10 30 :
1069 1484 43 37 p.
1145 1472 217 43 207-209.

301 1532 51 52 ©
376 1536 116 46 July
514 1533 56 41 29,
607 1533 115 41 1932;
773 1534 65 40 2c.
865 1535 95 38 and
983 1533 82 40 aff.
1088 1534 120 46 Aug.
1231 1534 24 37 1;
1310 1533 41 38 A
1375 1533 143 40 53368;
1574 1533 220 40 Catholic
1819 1533 130 41 univ.
1975 1533 52 40 of
2051 1531 234 43 America.

378 1590 278 50 (32-21163)

292 1690 222 53 Punch,
589 1711 51 35 v.
671 1695 116 64 183,
815 1710 87 34 no.
931 1691 154 68 4750,
1112 1692 142 68 July
1281 1695 85 65 20,
1397 1694 148 52 1932.

301 1763 1986 52 © 1c. Sept. 17, 1932; A ad int. 16863; pubd. July 20; Herbert Heather,
368 1824 210 39 London.

293 1925 176 65 Reed,
498 1926 222 54 Robert
748 1924 264 65 Findley,
1044 1928 171 52 1890-

294 2001 1966 132 … The albumin process of photolithography, including practical
459 2079 368 54 instructions
859 2079 94 53 for
982 2081 97 52 the
1109 2079 371 69 preparation
1511 2081 112 52 and
1655 2086 304 48 treatment
1990 2079 64 53 of
295 2081 1964 144 photolithographic

712 2158 1511 67 plates, by Robert F. Reed and Paul W. Dorst …
296 2236 139 53 New
486 2234 178 68 York,
714 2236 68 53 N.
835 2236 90 66 Y.,
974 2234 415 69 Lithographic
1438 2234 279 54 technical
1767 2233 361 69 foundation,
2177 2235 106 54 inc.

300 2317 191 64 [ ᶜ1 932 ]
297 2383 1969 107 iv, 107 p. illus., pl., diagrs. 23 ᶜᵐ. ([Lithographic technical foundation, inc. Dept,
779 2442 52 40 of
866 2440 326 49 lithographic
1230 2443 239 47 research,
1508 2441 292 50 Cincinnati]
1841 2442 245 40 Research
2122 2443 165 42 series,

296 2508 75 32 no.
403 2498 51 49 7)

369 2556 271 40 “Research
669 2555 204 40 bulletin
902 2567 75 30 no.
1008 2555 68 42 6.”

305 2610 51 52 ©
387 2615 115 47 July
532 2613 68 49 12,
631 2613 112 40 1932;
802 2612 67 42 2c.
900 2615 96 38 and
1024 2612 81 42 aff.
1137 2614 115 46 July
1282 2614 54 39 15;
1397 2615 41 37 A
1469 2612 143 42 53094;
1672 2614 348 48 Lithographic
2051 2615 239 40 technical

370 2669 304 48 foundation,
706 2669 90 41 inc.
866 2669 279 50 (32-21214)

298 2773 156 65 Saul,
488 2773 225 64 George
745 2773 296 56 Brandon.

368 2847 70 52 A.
468 2847 68 55 E.
569 2847 269 68 Coppard
857 2866 10 33 :
897 2848 89 53 his
1013 2847 105 55 life
1147 2849 112 54 and
1289 2849 90 52 his
1407 2854 199 64 poetry
1636 2855 58 47 to
1723 2850 94 50 the
1847 2847 350 69 publication
2227 2849 62 51 of

298 2924 1987 64 the “Bibliography” (1931) … [by] George Brandon Saul.
299 3001 419 69 Philadelphia,
752 3005 147 49 1932.

368 3073 85 39 112
482 3084 42 37 p.
582 3074 57 40 23½ᶜᵐ.

371 3129 72 42 On
474 3141 140 30 cover
632 3140 9 30 :
675 3129 281 48 University
989 3130 52 40 of
1070 3131 372 47 Pennsylvania.

369 3186 170 41 Thesis
585 3186 14 48 (PH.
777 3186 366 49 D.)—University
1177 3187 52 41 of
1262 3188 370 48 Pennsylvania.

370 3242 347 49 Bibliography
735 3253 9 29 :
773 3253 42 37 p.
847 3242 144 50 [7]-14;
1049 3243 68 39 “A
1141 3243 337 50 bibliography
1503 3245 51 40 of
1581 3247 81 39 the
1688 3248 170 46 poetry
1883 3249 49 38 to
1959 3248 128 47 July,
2115 3246 141 41 1931”;

300 3310 43 37 p.
371 3299 157 42 79-82.

308 3356 51 52 ©
384 3361 119 46 Aug.
527 3360 68 47 12,
620 3359 112 40 1932;
786 3359 67 40 2c.
876 3361 97 38 and
997 3358 82 41 aff.
1101 3359 121 47 Aug.
1247 3360 54 39 15;
1356 3361 41 38 A
1421 3361 142 39 53644;
1618 3361 53 41 G.
1696 3362 53 38 B.
1779 3362 129 47 Saul,
1938 3362 175 47 Storrs,
2143 3362 146 41 Conn.

385 3415 278 49 (32-21162)

300 3504 782 65 Schleswig-Holsteinische
1157 3504 641 68 universitätsgesellschaft.

304 3581 1963 130 … Festgabe Anton Schiff erer zum 60. geburtstag dargebracht
556 3678 109 33 von
719 3660 100 50 der
874 3658 796 67 Schleswig-Holsteinischen
302 3659 1963 130 universitätsgesellschaft
530 3737 116 52 und

687 3737 99 51 der
825 3735 327 52 Baltischen
1190 3735 367 54 kommission
1595 3756 70 34 zu
1701 3738 152 52 Kiel.
1927 3737 256 68 Breslau,
2223 3738 66 52 F.
302 3813 158 67 Hirt,
490 3818 150 48 1931.

374 3887 100 48 viii,
525 3887 100 48 275,
680 3888 53 47 [1]
789 3897 42 37 p.
891 3885 163 48 front.,
1106 3885 128 40 illus.
1263 3884 14 48 (incl.
1448 3887 165 47 plans)
1672 3888 171 47 plates,
1894 3889 163 47 ports.,
2109 3884 179 50 diagrs.

303 3943 56 39 24½ᶜᵐ.
519 3942 530 48 (Veröffentlichungen
1097 3942 84 39 der
1231 3941 675 49 Schleswig-Holsteinischen
304 3942 1967 104 universitätsgesellschaff.
690 4008 72 32 nr.
789 3998 80 47 37)
