2563 4368
1287 4065 135 49 1404

426 545 321 41 “References
779 546 79 39 for
891 545 197 40 further
1121 543 229 48 reading”
1386 546 51 38 at
1470 544 91 39 end
1595 542 51 41 of
1679 543 117 40 each
1831 542 200 48 chapter
2065 545 167 45 except
2267 542 80 40 the

355 605 120 40 first.

360 672 50 52 ©
442 676 125 48 Sept.
597 676 68 48 12,
693 674 112 41 1932;
863 675 65 40 2c.
959 676 94 38 and
1081 674 81 40 aff.
1193 674 126 47 Sept.
1349 673 54 39 16;
1461 674 41 38 A
1529 673 142 39 54861;
1733 672 275 40 Southwest
2035 681 149 39 press.

435 732 279 47 (32-24407)

355 835 203 63 Noble,
591 835 185 53 Henri
808 832 371 65 Dominique.

489 908 1858 69 … L’amitié avec Dieu; essai sur la vie spirituelle d’après
356 988 149 54 saint
543 990 248 52 Thomas
831 987 268 69 d’Aquin.
1175 988 181 53 Nouv.
1395 987 85 54 éd.
1554 987 185 68 Paris,
1776 988 247 66 Desclée,
2061 987 68 52 de

358 989 1966 146 Brouwer & c ⁱᵉ [1932]
428 1141 27 39 2
494 1151 43 37 p.
611 1171 9 17 l.,
664 1139 175 50 [7]-535
879 1151 43 37 p.
982 1138 145 41 19½ᶜᵐ.
1197 1137 99 49 (On
1334 1147 162 33 cover:
1534 1138 67 40 La
1641 1138 76 40 vie

1758 1136 298 49 spirituelle;
2098 1135 251 43 collection

358 1196 346 49 dominicaine)

429 1256 62 40 At
521 1257 123 39 head
673 1255 52 40 of
752 1254 135 41 title:
920 1254 61 41 H.
1011 1255 57 40 D.
1097 1253 163 41 Noble.

361 1323 1992 54 © June 6, 1932; 1c. Aug. 29; A—Foreign 17827; Desclée, de Brouwer &
428 1383 84 42 cie.
583 1383 278 47 (32-24815)

356 1487 437 53 Northeastern
821 1489 286 61 reporter.

489 1562 1859 69 … Temporary North eastern digest of volumes 171-180,
357 1640 187 54 North
574 1647 220 48 eastern
825 1646 274 64 reporter,
1129 1641 140 52 with
1300 1641 151 52 table
1481 1641 62 52 of
1575 1659 149 34 cases
1756 1640 256 69 digested
2044 1641 112 52 and
360 1640 1962 133 Indiana

511 1725 211 48 statute
768 1718 378 54 annotations.
1228 1719 266 67 [Indiana
1538 1719 103 66 ed.]
1721 1719 213 53 Edited
1977 1720 74 68 by
2094 1720 96 53 the
360 1719 1964 132 editorial

560 1796 1788 70 staff of the American digest system … St. Paul, West
357 1876 335 69 publishing
721 1896 98 48 co.,
851 1880 149 49 1932.

426 1950 431 50 38, 683 p. 25 ᶜᵐ .
364 2016 50 52 ©
444 2021 128 48 Sept.
597 2020 69 46 22,
694 2018 112 42 1932;
861 2019 68 41 2c.
956 2020 94 39 and
1077 2018 82 42 aff.
1186 2019 100 41 Oct.
1316 2019 54 39 10;
1426 2020 41 38 A
1493 2019 143 40 56317;
1693 2021 134 39 West
1854 2020 109 48 pub.
1991 2030 64 30 co.

359 2123 195 53 North
583 2129 238 47 western
849 2122 201 68 digest.
1128 2121 346 69 September,
1505 2125 151 65 1932,
1683 2124 343 52 cumulative
2052 2124 297 68 pamphlet

573 2200 1147 68 St. Paul, West publishing co. [ᶜ193 2]
427 2274 84 39 119
542 2286 40 36 p.
642 2274 146 41 25½ᶜᵐ.

365 2339 50 52 ©
445 2344 127 48 Sept.
599 2344 69 47 19,
695 2342 112 42 1932;
863 2343 68 41 2c.
958 2345 94 38 and
1079 2342 82 42 aff.
1190 2343 101 41 Oct.
1318 2344 55 39 10;
1429 2344 41 38 A
1496 2343 143 41 56326;
1696 2345 134 39 West
1857 2344 108 48 pub.
1992 2355 64 30 co.

360 2448 241 64 Oteyza,
630 2446 146 54 Luis
801 2448 88 63 de,
920 2451 131 51 1883

432 2523 73 52 El
543 2523 192 53 diablo
773 2523 218 68 bianco,
1027 2523 74 69 by
1137 2522 138 54 Luis
1314 2524 68 52 de
1420 2522 245 70 Oteyza;
1708 2523 187 54 edited
1935 2522 93 54 for
2067 2524 284 54 extensive

361 2601 253 68 reading,
635 2600 140 53 with
792 2606 177 62 notes,
989 2600 269 53 exercises
1280 2600 112 53 and
1414 2600 362 70 vocabulary,
1796 2600 73 70 by
1915 2602 191 54 Willis
2134 2602 215 68 Knapp

360 2677 1721 70 Jones … New York, The Macmillan company, 1932.
432 2750 1919 51 vii, 241 p. front. (port.) illus., diagr. 18 ᶜᵐ . (Lettered on cover:
360 2808 101 40 The
489 2807 280 41 Macmillan
796 2806 236 48 Hispanic
1061 2807 176 48 series)

366 2875 1708 51 © Sept. 6, 1932; 2c. and aff. Sept. 7; A 54650; Macmillan co.
443 2935 277 48 (32-24261)

361 3037 212 54 Pacific
600 3041 286 61 reporter.

432 3113 353 69 Temporary
817 3112 211 56 Pacific
1059 3114 184 69 digest
1274 3115 62 52 of
1368 3116 250 52 volumes
1651 3118 151 64 6-10,
1833 3114 211 56 Pacific
2075 3121 272 62 reporter,

363 3193 202 51 second
608 3192 186 68 series,
836 3193 140 52 with
1019 3193 151 52 table
1213 3194 62 52 of
1319 3210 150 36 cases
1513 3194 274 68 digested,
1828 3195 74 65 by
1944 3196 95 51 the
2082 3194 265 53 editorial

364 3267 1808 73 staff of the American digest system … St. Paul, West
363 3273 1959 143 publishing
606 3367 97 49 co.,
734 3351 148 52 1932.

430 3421 84 40 352
544 3432 41 37 p.
644 3422 145 40 25½ᶜᵐ.

369 3486 50 52 ©
450 3491 127 47 Sept.
602 3490 68 47 24,
699 3490 111 41 1932;
865 3491 67 41 2c.
960 3492 93 39 and
1080 3491 81 41 aff.
1190 3492 101 41 Oct.
1319 3493 80 46 10;
1429 3493 41 38 A
1496 3493 168 47 56319;
1695 3494 133 39 West
1854 3494 109 47 pub.
1991 3505 66 29 co.

364 3591 174 65 Park,
568 3592 178 64 Clyde
774 3592 273 65 William,
1078 3598 169 50 1880-

435 3667 1852 71 English applied in technical writing, by Clyde W. Park …
369 3743 130 52 Rev.
529 3743 83 52 ed.
679 3744 136 54 New
847 3744 177 63 York,
1054 3745 62 51 F.
1150 3743 55 55 S.
1239 3744 195 55 Crofts
1462 3748 44 49 &
1535 3763 96 50 co.,
1662 3749 149 52 1932.

434 3813 680 50 xix, 363 p. diagrs. 21 ᶜᵐ .
437 3870 213 40 “Fourth
685 3871 229 48 printing,
950 3872 201 49 August,
1186 3872 156 41 1932.”

370 3940 51 50 ©
452 3944 127 48 Sept.
606 3946 68 46 16,
703 3944 112 41 1932;
871 3946 67 40 2c.
967 3948 94 38 and
1090 3946 80 41 aff.
1203 3947 124 47 Sept.
1356 3947 55 40 20;
1468 3949 41 38 A
1535 3948 142 40 55183;
1736 3949 48 38 F.
1818 3949 42 40 S.
1891 3949 163 40 Crofts
2084 3949 35 40 &
2147 3959 82 38 co.,
2257 3948 90 40 inc.

446 4000 277 48 (32-24382)
