2563 4368
1008 4059 98 55 901

76 455 190 62 Dunn,
295 452 153 55 John
476 451 316 64 Beamond,
823 454 170 51 1851-

138 529 259 52 Perilous
424 527 162 53 trails
614 525 64 54 of
703 527 200 67 Texas,
930 526 75 68 by
1032 526 55 54 J.
1117 527 66 51 B.
1225 525 178 70 (Red)
1441 525 157 55 John
1623 526 176 52 Dunn
1839 524 217 69 (edited

71 604 72 70 by
169 605 183 53 Lilith
381 603 328 69 Lorraine).
772 604 218 67 Dallas,
1019 604 156 68 Tex.,
1202 603 143 53 Pub.
1377 603 95 53 for
1499 603 94 53 the
1626 603 205 52 author
1856 602 76 69 by
1960 602 98 53 the

70 681 734 68 Southwest press [ ᶜ1 932]
137 755 65 46 ix,
231 754 85 40 163
343 764 45 37 p.
446 753 163 49 front.,
637 753 172 48 plates,
839 755 150 45 ports.
1048 751 146 42 21½ᶜᵐ.

140 810 333 41 Illustrations
490 820 9 29 :
532 809 56 40 64
614 819 44 38 p.
689 812 53 38 at
769 810 105 40 end.

77 864 52 51 ©
154 870 78 37 May
289 868 69 46 23,
383 867 112 41 1932;
549 868 68 39 2c.
642 869 95 38 and
762 866 82 42 aff.
870 868 113 46 May
1008 868 54 39 31;
1117 869 42 37 A
1184 866 169 46 51569;
1382 867 43 41 J.
1452 869 53 39 B.
1534 867 127 40 John
1687 867 159 46 Dunn,
1874 865 184 48 Corpus

146 924 195 47 Christi,
364 925 170 38 Texas.
598 924 278 47 (32-15341)

74 1027 242 64 Dutton,
347 1026 334 66 Benjamin,
714 1031 172 51 1883-

137 1101 350 70 Navigation
529 1105 113 51 and
683 1103 251 53 nautical
976 1111 342 61 astronomy.
1391 1105 100 51 4th
1533 1105 83 51 ed.
1690 1105 57 52 A
1786 1103 267 53 textbook

68 1199 71 37 on
181 1180 334 69 navigation
561 1185 111 51 and
715 1182 252 53 nautical
1010 1186 343 63 astronomy,
1395 1183 281 65 prepared
1720 1181 94 53 for
1855 1199 96 35 use
1996 1188 60 45 at

68 1259 95 53 the
193 1258 217 55 United
441 1258 188 55 States
662 1260 186 53 Naval
880 1260 267 67 academy
1176 1258 78 68 by
1288 1259 249 67 Captain
1569 1258 308 68 Benjamin
67 1260 1965 129 Dutton

266 1336 1786 68 … Annapolis, Md., United States naval institute, 1932.
137 1408 64 49 ix,
227 1409 87 41 457
341 1420 42 37 p.
443 1407 129 42 illus.
599 1408 135 48 (part
760 1408 112 48 col.)
909 1408 178 48 diagrs.
1146 1408 146 41 26½ᶜᵐ.

73 1462 53 52 ©
151 1468 114 46 May
289 1466 69 46 20,
384 1465 140 47 1932;
552 1466 67 40 2c.
646 1467 126 39 June
796 1465 52 48 9;
878 1465 80 41 aff.
987 1467 126 39 June
1140 1466 51 47 6;
1219 1467 43 38 A
1288 1464 168 48 52408;
1487 1466 55 40 U.
1573 1466 43 40 S.
1644 1467 147 38 naval
1817 1464 238 42 institute.

149 1523 279 49 (32-15523)

69 1625 172 65 Eitel,
275 1627 157 54 Max.

135 1703 319 67 Anleitung
490 1721 70 34 zu
599 1702 351 53 chemischen
1029 1702 227 68 übungen
1299 1722 73 33 an
1410 1703 247 52 höheren
1698 1703 361 53 technischen

66 1781 425 67 lehranstalten,
543 1799 110 35 von
708 1782 229 67 dr.-ing.
991 1781 139 52 Max
1181 1781 172 53 Eitel.
1448 1781 309 67 Stuttgart,

65 1781 1970 130 Wissenschaftliche
469 1857 554 70 verlagsgesellschaft
1049 1878 73 33 m.
1150 1858 52 53 b.
1229 1860 73 65 h.,
1334 1861 149 50 1932.

134 1932 518 49 96 p. illus. 18 ½ᶜᵐ .
72 1985 1967 109 © Mar. 20, 1932; 1c. May 5; A —Foreign 16690; Wissenschaftliche verlagsgesellschaft m. b. h. (32-15543)
68 2134 267 67 Etzdorf,
359 2136 213 64 Marga
593 2151 132 49 von,
754 2135 171 56 1907-

65 2213 1969 130 … Kiek in die welt; als deutsche fliegerin über drei erdteilen.
326 2289 333 55 Geleitwort
695 2308 111 34 von
842 2289 154 69 prof.
1033 2290 85 53 dr.
1155 2290 175 68 Hugo
1368 2290 265 54 Junkers.
1707 2290 115 53 Mit
1858 2293 69 49 34
65 2290 1968 145 abbildungen

426 2369 119 52 und
596 2371 31 49 2
679 2368 218 53 karten.
972 2369 217 65 Berlin,
1242 2368 196 55 Union
1491 2369 264 53 deutsche
63 2369 1993 144 verlags-gesellschaft
461 2450 172 64 [1931]

134 2520 1314 49 172 p. front., illus. (maps) plates, ports. 21 ᶜᵐ .
135 2578 196 39 “Erstes
358 2577 73 40 bis
459 2577 192 40 fünftes
678 2576 248 42 tausend.”

72 2629 1983 51 © Dec. 8, 1931; 1c. Feb. 25, 1932; A —Foreign 15844; Union deutsche
169 2689 486 48 verlagsgesellschaft,
712 2689 505 48 zweigniederlassung,
1246 2689 180 40 Berlin.
1497 2688 278 49 (32-15594)

70 2779 373 65 Farrington,
474 2779 253 54 Edward
754 2778 221 66 Irving,
1007 2783 171 52 1876-

137 2856 120 53 The
305 2857 288 68 backyard
645 2858 232 67 garden,
929 2877 28 33 a
1010 2857 304 53 handbook
1366 2857 93 52 for
1507 2858 95 51 the
1654 2864 271 61 amateur,
1977 2858 77 66 by

70 2933 1981 70 Edward I. Farrington … Boston, The Stratford company
72 3014 190 66 [ ᶜ1 932]
170 3084 1152 48 x p., 1 l., 11-191 p. incl. front., illus. 19½ᶜᵐ.
140 3140 233 42 “Revised
406 3140 224 42 edition.”

76 3192 51 52 ©
160 3199 120 39 Mar.
311 3199 26 39 3,
441 3199 55 39 1932;
558 3198 67 42 2c.
658 3200 119 38 Mar.
813 3200 25 38 7;
898 3198 81 40 aff.
1015 3199 126 40 June
1172 3200 24 37 1;
1259 3200 41 37 A
1334 3198 141 40 52312;
1542 3198 249 40 Stratford
1825 3209 66 29 co.,
140 3199 1895 96 publishers.

390 3251 69 53 [©
491 3256 207 47 changes
730 3255 36 40 &
797 3255 259 48 additions]
1129 3255 277 48 (32-15513)

72 3338 239 57 Federal
358 3351 269 60 reporter.
706 3344 217 54 Second
969 3344 184 53 series.
1231 3344 165 54 Cases
1446 3346 215 66 argued
1709 3346 113 51 and
140 3345 1886 127 determined

363 3421 59 52 in
456 3423 94 51 the
588 3422 218 54 Circuit
842 3429 187 47 courts
1066 3422 62 53 of
1165 3424 231 66 appeals
1436 3424 111 51 and
1582 3422 246 53 District
1862 3427 186 48 courts

142 3496 62 50 of
241 3497 93 52 the
373 3499 214 53 United
630 3500 203 55 States,
871 3500 218 55 United
1131 3502 187 54 States
1357 3507 160 47 court
1553 3501 63 52 of
1653 3506 243 49 customs
1937 3501 112 51 and

142 3580 194 58 patent
374 3577 230 67 appeals,
660 3577 177 54 Court
876 3578 62 52 of
975 3579 195 52 claims
1208 3579 63 52 of
1304 3580 95 52 the
1435 3580 218 54 United
1692 3580 205 67 States,
1936 3578 113 53 and

146 3648 173 55 Court
366 3652 62 52 of
475 3656 231 64 appeals
750 3657 64 51 of
857 3656 94 54 the
996 3656 245 53 District
1286 3658 63 51 of
1397 3658 316 62 Columbia,
1758 3658 140 51 with
1940 3658 109 67 key

142 3726 234 53 number
417 3732 359 52 annotations.
866 3750 51 35 v.
964 3738 63 48 55
1082 3733 127 69 (2d)
1262 3734 431 69 March-April,
1738 3738 149 49 1932.
1964 3735 85 55 St.

142 3801 162 69 Paul,
330 3805 157 54 West
514 3809 334 69 publishing
876 3831 96 47 co.,
1002 3815 148 51 1932.

145 3875 1022 56 xxiii. 1164 p. incl. front. (map) 26 ᶜᵐ .
81 3925 51 52 ©
161 3932 124 39 June
312 3933 68 47 10,
408 3934 111 41 1932;
576 3938 68 40 2c.
673 3939 114 48 July
816 3942 54 37 11;
930 3940 81 41 aff.
1042 3941 81 39 July
1186 3942 55 39 12;
1300 3943 41 38 A
1369 3943 143 40 54016;

1571 3944 136 39 West
1734 3942 109 48 pub.
1874 3952 66 30 co.
