2563 4368
1179 4087 134 50 1359

236 475 208 51 Texas.
519 475 164 51 Laws
690 517 11 23 ,
729 477 239 49 statutes
975 517 12 21 ,
1015 477 87 47 etc
1105 511 10 11 .

307 550 275 54 Vernon’s
627 549 306 53 annotated
978 548 243 54 Revised
1267 546 134 56 civil
1444 552 239 48 statutes
1728 548 61 51 of
1832 547 97 52 the
1970 550 145 49 state
2160 545 64 54 of

237 629 198 52 Texas.
511 630 134 50 1932
676 626 344 53 cumulative
1050 627 210 52 annual
1289 626 203 68 pocket
1522 631 132 63 part
1685 624 94 55 for
1808 626 250 53 volumes
2092 628 135 49 1-22

300 704 1563 68 … Kansas City, Vernon law book company [ ᶜ1 932 ]
304 779 303 42 22 v. 25 ᶜᵐ .
307 835 293 41 Cover-title.

311 892 154 39 These
494 890 271 48 pamphlets
796 900 83 30 are
910 893 50 37 to
988 890 57 39 be
1074 888 139 41 fitted
1243 888 101 41 into
1377 889 83 40 the
1489 888 196 48 pockets
1717 890 52 39 at
1801 889 81 39 the
1913 888 124 40 back
2067 887 52 42 of
2150 888 81 40 the

239 948 214 39 volumes
479 946 52 40 of
555 946 81 41 the
663 949 72 37 set
762 949 48 37 to
838 944 158 41 which
1023 944 113 49 they
1163 944 185 49 belong.

245 999 1987 53 © July 29, 1932; 1c. each and aff. Oct. 3; 1c. Oct. 4; A 55421; Vernon
310 1062 95 38 law
433 1060 121 40 book
584 1069 65 30 co.

239 1144 1988 71 Texas jurisprudence … a complete statement of the law and
311 1225 246 67 practice
599 1225 63 52 of
704 1225 93 52 the
836 1230 144 47 state
1023 1225 62 51 of
1125 1225 201 54 Texas,
1364 1224 35 52 by
1477 1223 261 55 William
1779 1224 78 51 M.
1899 1223 331 69 McKinney

312 1301 1855 69 and other lawyers. v. 21. Gas companies to Holidays …
313 1379 117 54 San
459 1380 319 55 Francisco.
810 1380 582 69 Bancroft-Whitney
1421 1399 295 50 company,
1748 1384 150 49 1932.

310 1454 442 48 vii, 777 p. 25 ᶜᵐ .
246 1507 52 52 ©
327 1511 102 40 Oct.
457 1511 39 47 6,
525 1510 113 41 1932;
694 1510 68 41 2c.
791 1512 95 39 and
915 1510 80 40 aff.
1027 1510 102 41 Oct.
1157 1512 56 38 14;
1270 1512 41 38 A
1339 1511 144 41 56468;
1540 1509 488 48 Bancroft-Whitney
2057 1520 67 31 co.

241 1600 298 63 Toftness,
573 1599 219 65 Irwing
823 1600 73 55 N.

312 1676 235 55 Cranial
596 1676 314 68 technique,
957 1676 75 68 by
1081 1676 48 52 I.
1180 1676 69 52 N.
1300 1674 285 54 Toftness.
1661 1678 85 50 1st
1794 1676 83 52 ed.
1969 1673 260 69 [Duluth]

297 1757 116 50 ᶜ1 932.
310 1826 520 49 132 p. illus. 20 ᶜᵐ .
310 1884 115 39 Two
450 1884 162 39 leaves
637 1882 50 40 of
711 1883 320 48 explanatory
1055 1883 179 39 matter
1258 1883 228 39 mounted
1512 1892 62 30 on
1596 1892 44 38 p.
1665 1881 100 41 131.

248 1936 52 52 ©
334 1942 120 46 Aug.
487 1940 69 46 22,
592 1939 140 48 1932;
767 1940 68 40 2c.
869 1941 96 39 and
1001 1939 82 40 aff.
1122 1939 127 48 Sept.
1284 1941 52 45 1;
1374 1940 41 38 A
1450 1940 170 46 54613;
1660 1941 35 37 I.
1733 1940 54 38 N.
1825 1940 242 44 Toftness,
2107 1939 130 41 Shell

314 1998 144 47 Lake,
490 1996 114 41 Wis.
676 1996 279 49 (32-23738)

244 2087 305 65 Venzmer,
585 2088 285 64 Gerhard,
907 2093 171 49 1893-

315 2164 440 68 Körpergestalt
785 2166 118 51 und
934 2166 389 66 seelenanlage;
1384 2164 92 53 ein
1504 2163 295 54 überblick
1827 2165 140 52 über
1996 2164 91 53 die
244 2164 1967 146 biologische

559 2242 451 52 verwandtschaft
1038 2242 277 53 zwischen
1342 2242 367 68 körperform
1736 2242 118 52 und
1884 2242 350 53 wesenskern

248 2320 95 53 des
383 2321 318 66 menschen,
738 2337 111 35 von
928 2340 44 33 dr.
1013 2320 142 54 med.
1197 2327 55 46 et
1291 2321 143 68 phil.
1475 2321 263 55 Gerhard
1778 2323 309 65 Venzmer;
2129 2321 109 53 mit

247 2397 180 53 einem
461 2398 266 68 farbigen
760 2398 436 69 umschlagbild,
1229 2402 33 48 4
1292 2398 482 54 tiefdrucktafeln
1805 2400 119 52 und
1959 2403 64 48 25

247 2400 1965 145 abbildungen. Stuttgart, Gesellschaft der naturfreunde [ ᶜ1 930]
320 2549 1831 52 74, [4] p. illus., ports. 20 ½ ᶜᵐ . ( Half-title : Kosmos-bändchen, 121)
321 2607 263 39 “Benutzte
612 2606 257 40 literatur”
888 2617 8 28 :
928 2608 24 37 1
981 2617 44 37 p.
1053 2609 54 38 at
1133 2608 105 40 end.

252 2658 1972 108 © Dec. 29, 1930; 1c. Mar. 19, 1931; A—Foreign 11745; Franckh’sche verlagshandlung,
720 2720 71 39 W.
822 2719 167 41 Keller
1019 2720 36 40 &
1085 2729 81 38 co.,
1202 2719 259 49 Stuttgart,
1496 2720 256 48 Germany.

331 2773 248 49 (31-9275)

254 2848 266 65 Wallace,
547 2851 139 52 Mrs.
714 2850 132 64 Lily
871 2851 349 55 Haxworth.

319 2925 121 52 The
471 2925 287 55 Rumford
790 2927 274 68 complete
1096 2929 140 53 cook
1264 2930 164 68 book,
1458 2930 75 67 by
1565 2930 134 68 Lily
1728 2930 324 54 Haxworth
251 2930 1964 126 Wallace

453 3002 1787 72 … Rumford, R. I., Department of home economics of the
251 3081 287 53 Rumford
562 3099 295 52 company,
885 3087 149 51 1932.

322 3153 731 51 3 p. l., v-xviii, 236 p. 19 ᶜᵐ .
324 3209 232 42 Contains
579 3211 148 39 blank
749 3222 146 37 pages
918 3212 78 40 for
1023 3213 386 42 “Memoranda”.

322 3266 312 48 Advertising
659 3270 177 37 matter
855 3279 9 29 :
897 3279 43 37 p.
967 3269 216 41 235-236.

257 3321 52 52 ©
335 3325 119 47 Aug.
481 3324 69 47 22,
578 3324 113 41 1932;
746 3325 65 40 2c.
839 3327 119 48 Aug.
984 3327 54 39 31;
1095 3327 82 41 aff.
1207 3328 128 48 Sept.
1363 3329 56 39 10;
1474 3330 41 38 A
1542 3328 144 41 54596;
1743 3329 240 41 Rumford
2011 3329 232 41 chemical

325 3381 173 45 works,
527 3381 251 47 Rumford,
807 3382 55 39 R.
891 3383 37 39 I.
1003 3379 52 52 [©
1084 3385 208 46 changes
1319 3386 96 38 and
1442 3395 106 29 new
1574 3388 194 47 matter]

333 3436 278 48 (32-23585)

253 3510 293 63 Warfield,
575 3510 315 64 Benjamin
920 3512 440 68 Breckinridge,
1393 3521 323 51 1851-1921.

326 3585 1852 78 Critical reviews, by Benjamin Breckinridge Warfield …
254 3667 138 50 New
416 3665 163 52 York
605 3671 136 61 [etc.]
772 3666 228 54 Oxford
1023 3668 318 69 university
1362 3689 172 49 press,
1560 3676 135 49 1932.

326 3735 449 50 vii, 487 p. 24 ᶜᵐ .
329 3792 1911 58 “A selection from … his critical reviews.”—Prefatory note signed:
257 3847 252 42 Ethelbert
537 3848 58 41 D.
626 3850 243 49 Warfield,
899 3851 216 41 William
1143 3853 129 40 Park
1300 3855 300 49 Armstrong,
1632 3856 184 48 Caspar
1846 3857 183 40 Wistar
2060 3858 181 48 Hodge,

257 3905 286 42 committee.

261 3958 52 52 ©
340 3963 121 48 Aug.
488 3965 68 45 11,
585 3962 114 42 1932;
755 3963 66 40 2c.
854 3964 125 49 Sept.
1009 3965 26 40 6;
1093 3966 81 40 aff.
1206 3966 128 49 Sept.
1361 3969 26 39 3;
1446 3969 40 39 A
1515 3969 143 41 54645;
1718 3971 187 40 Oxford
1934 3970 129 42 univ.
2093 3981 150 38 press,

328 4018 118 40 New
469 4019 143 47 York,
638 4018 91 42 inc.
799 4020 277 49 (32-23592)
