2563 4368
1021 4089 132 50 1195

182 541 234 42 “General
445 540 362 49 bibliography”
825 550 8 30 :
867 549 43 39 p.
940 538 202 43 289-291;
1205 538 246 42 “Selected
1482 537 363 50 bibliography”
1863 549 11 31 :
1906 549 45 38 p.
109 539 1989 101 292-295.

459 654 131 48 CONTENTS.—pt.
624 660 33 33 I.
689 653 41 39 A
761 661 226 39 program
1021 652 52 40 of
1105 651 294 41 intramural
1431 651 444 50 gymnastics.—pt.
1910 660 54 33 II.
1997 652 101 41 The

108 711 271 45 gymnastic
406 709 156 40 circus
587 718 237 38 program.

117 764 51 52 ©
198 768 115 48 July
341 767 68 47 22,
438 766 140 48 1932;
607 766 67 41 2c.
704 767 96 38 and
828 765 82 41 aff.
940 766 116 48 July
1084 765 83 48 26;
1197 765 44 40 A
1268 765 169 47 54235;
1470 765 153 49 Dodd,
1655 766 142 40 Mead
1827 765 36 41 &
1894 777 81 35 co.,
2007 765 91 41 inc.

192 822 277 50 (32-21075)

108 923 318 67 Davidson,
452 924 185 54 Helen
663 923 266 66 Mehard,
959 929 171 50 1890-

178 1001 119 51 The
330 1000 388 68 development
751 1000 63 52 of
845 1000 95 53 the
973 997 170 71 spirit
1176 999 62 53 of
1270 998 361 69 nationality,
1665 997 326 70 1789-1877,
2022 999 74 67 by

107 1075 1987 70 Helen Mehard Davidson … Book III. [Pittsburgh, Printed
105 1152 1280 72 by the Board of public education, ᶜ1 932]
176 1225 629 50 8 p. l., 9-307, [1] p. 23½ᶜᵐ.
176 1283 159 40 Blank
366 1293 121 38 page
517 1282 79 40 for
629 1282 204 40 “Notes”
865 1285 55 38 at
951 1283 105 42 end.

175 1340 225 40 Includes
429 1339 390 48 bibliographies.

113 1396 51 52 ©
197 1401 118 46 Aug.
349 1401 40 46 1,
422 1399 114 40 1932;
596 1399 68 40 2c.
697 1399 97 39 and
826 1398 82 41 aff.
941 1399 118 47 Aug.
1095 1399 27 40 8;
1181 1398 42 40 A
1255 1399 143 40 53581;
1462 1400 61 40 H.
1556 1401 63 38 M.
1653 1399 263 48 Davidson,
179 1400 1900 104 Pittsburgh.

417 1454 279 50 (32-20949)

107 1556 326 67 Emswiler,
461 1557 153 55 John
645 1557 272 65 Edward,
950 1561 171 51 1880-

175 1634 1920 69 Thermodynamics, by J. E. Emswiler … 3d ed. New York
106 1715 112 52 and
253 1714 256 66 London,
541 1712 429 55 McGraw-Hill
1001 1712 147 53 book
1180 1730 296 50 company,
1508 1713 128 67 inc.,
1671 1715 149 51 1932.

175 1785 835 49 xvii, 347 p. illus., diagrs. 24 ᶜᵐ.
112 1840 51 52 ©
189 1844 119 48 Aug.
332 1844 39 46 3,
398 1842 112 42 1932;
565 1843 68 40 2c.
657 1843 120 48 Aug.
804 1843 28 39 6;
885 1842 80 40 aff.
992 1842 120 48 Aug.
1138 1841 30 40 9;
1220 1843 44 38 A
1287 1843 144 40 54357;
1487 1842 349 41 McGraw-Hill
1864 1844 122 39 book
2013 1855 82 39 co.,

178 1900 89 41 inc.
338 1899 279 49 (32-21064)

104 2001 227 65 Ewing,
360 2002 253 63 Fayette
641 2001 162 64 Clay,
835 2006 171 50 1862-

173 2078 120 53 The
329 2077 147 53 book
510 2077 64 53 of
608 2077 95 53 the
742 2076 251 56 Scottish
1026 2077 233 68 terrier;
1296 2077 142 53 with
1473 2077 262 68 chapters
1773 2078 320 68 applicable

102 2160 58 48 to
198 2156 96 52 the
328 2155 266 68 hygienic
629 2173 144 50 care,
811 2154 248 70 rearing,
1095 2155 114 53 and
1245 2160 307 48 treatment
1590 2154 64 53 of
1692 2156 77 52 all
1809 2156 168 68 dogs;
2016 2156 77 69 by

103 2230 1926 70 Fayette C. Ewing … with introduction by S. S. Van Dine …
103 2309 138 53 New
274 2308 181 68 York,
488 2308 229 69 Orange
751 2309 161 53 Judd
943 2308 336 70 publishing
1311 2326 298 52 company,
1641 2309 128 69 inc.,
1804 2313 150 50 1932.

170 2380 1179 49 2 p. l., iii-xvi, 17-186 p. front., plates. 20½ᶜᵐ.
173 2437 162 41 “First
357 2437 256 48 published
638 2439 139 46 June,
803 2436 157 42 1932.”

110 2492 51 52 ©
187 2497 126 39 June
335 2496 69 45 30,
429 2494 111 41 1932;
593 2494 67 42 2c.
684 2496 120 47 Aug.
830 2496 52 47 8;
910 2495 81 41 aff.
1016 2496 119 48 Aug.
1161 2495 25 40 6;
1241 2496 40 38 A
1305 2496 141 40 54343;
1504 2496 190 49 Orange
1720 2498 129 39 Judd
1875 2497 108 47 pub.
2011 2506 82 37 co.,

177 2553 88 39 inc.
337 2550 277 49 (32-21089)

102 2655 164 64 Fast,
295 2654 182 64 Alger
505 2654 244 55 Judson.

174 2728 173 55 Scout
395 2729 334 53 naturalists
779 2730 61 52 in
889 2730 95 52 the
1033 2729 197 69 Rocky
1281 2730 345 68 mountains,
1675 2731 76 68 by
1800 2730 181 70 Alger
2033 2732 56 53 J.

102 2807 158 68 Fast,
296 2808 268 67 Boynton
605 2805 57 56 S.
700 2806 224 68 Kaiser,
961 2807 231 53 Donald
1231 2806 70 55 G.
1341 2806 234 70 Kelley;
1616 2807 141 54 with
1798 2828 72 35 an
101 2810 1962 127 introduction

363 2883 1725 71 by Dr. John C. Merriam … illustrated by Donald G.
100 2961 221 69 Kelley.
390 2962 138 52 New
560 2960 180 67 York,
773 2962 248 67 Brewer,
1051 2962 244 54 Warren
1327 2962 45 51 &
1405 2963 269 68 Putnam,
1705 2963 126 66 inc.,
1868 2966 149 50 1932.

169 3033 986 49 220 p. incl. front., illus. plates. 21 ᶜᵐ.
169 3091 101 40 The
307 3091 173 40 second
517 3093 136 37 scout
688 3091 267 39 naturalist
991 3091 278 47 expedition
1307 3092 215 40 directed
1559 3092 62 47 by
1657 3093 84 39 the
1780 3091 308 41 educational

101 3147 118 40 staff
245 3148 51 39 of
323 3149 82 38 the
432 3147 232 40 National
692 3146 122 48 park
845 3146 181 41 service
1057 3148 94 39 and
1183 3149 230 45 operated
1441 3147 62 48 by
1532 3149 83 40 the
1646 3147 145 41 Scout
1821 3147 268 42 naturalist

99 3203 305 41 foundation.

108 3257 51 52 ©
192 3262 115 47 July
336 3262 69 48 29,
437 3261 140 47 1932;
611 3261 67 40 2c.
707 3261 120 47 Aug.
859 3262 51 45 1;
946 3260 79 41 aff.
1059 3261 117 48 Aug.
1210 3260 53 48 9;
1297 3262 41 39 A
1370 3262 168 47 54368;
1574 3263 208 46 Brewer,
1815 3263 205 40 Warren
2054 3266 36 39 &

175 3318 222 47 Putnam,
425 3318 89 39 inc.
585 3317 279 49 (32-21088)

101 3407 382 64 Fauconnier,
516 3407 204 54 Henri.

232 3482 1213 68 … Malaisie … [1] Paris, Stock [1930]
172 3557 212 41 1 v. 19 ᶜᵐ.
174 3611 633 42 On cover : 137 ᵉ édition.
107 3664 1979 51 © Oct. 31, 1930; 1c. Feb. 18, 1931; A—Foreign 11063; Librairie Stock,
174 3723 255 39 Delamain
456 3724 47 38 et
529 3723 300 40 Boutelleau.

101 3807 297 67 Germany
440 3810 364 67 (1918-)
887 3809 420 53 Reichsarchiv.

170 3886 1851 70 Der Weltkrieg, 1914 bis 1918, bearbeitet im Reichsarchiv …
107 3966 89 65 [3d
221 3984 121 47 ser.]
371 3967 258 66 anlagen,
655 3973 45 47 1.
723 3966 94 52 bd.
892 3964 214 69 Berlin,
1133 3967 67 52 E.
1228 3967 54 55 S.
1307 3966 224 52 Mittler
1554 3969 45 50 &
1620 3966 158 63 sohn,
1803 3968 150 50 1930.
