2563 4368
1370 4035 135 50 1602

495 490 184 40 Poems.

434 542 51 52 ©
522 547 101 40 Oct.
660 547 68 47 18,
765 545 140 48 1932;
942 545 67 42 2c.
1046 547 96 39 and
1252 575 7 7 aff.
1297 544 102 41 Oct.
1436 543 81 48 19;
1555 544 41 39 A
1631 544 170 48 56551;
1841 546 42 39 J.
1923 545 262 49 Masefield,
2223 547 201 49 Oxford,

501 603 236 48 England.
808 602 279 49 (32-30227)

429 706 216 64 Mazer,
674 706 195 64 Sonia,
900 711 168 49 1902-

499 781 221 68 Masha,
750 803 31 33 a
811 781 149 52 little
991 780 246 53 Russian
1268 779 132 69 girl,
1431 779 73 69 by
1537 779 174 55 Sonia
1741 780 222 68 Mazer;
1998 781 322 56 illustrated
2353 783 71 68 by

430 856 1971 148 the author … Garden City, N. Y., Doubleday, Doran & company,
635 936 127 66 inc.,
799 938 150 49 1932.

499 1005 1449 50 viii p., 2 l., 285 p. incl. col. front., illus., plates. 20½ᶜᵐ.
500 1063 290 40 Illustrated
817 1061 364 49 lining-papers.

502 1119 204 41 “Junior
741 1118 191 41 books.”

501 1177 163 40 “First
696 1174 227 42 edition.”

437 1234 51 52 ©
524 1237 127 48 Sept.
684 1236 70 48 21,
786 1234 140 48 1932;
960 1233 67 41 2c.
1060 1235 96 39 and
1188 1233 83 41 aff.
1306 1233 127 49 Sept.
1465 1234 82 47 24;
1583 1234 41 39 A
1656 1234 170 49 55230;
1863 1235 297 50 Doubleday,
2195 1238 166 40 Doran
2395 1239 35 40 &

504 1304 82 38 co.,
617 1294 90 39 inc.
779 1291 278 50 (32-27001)

431 1400 225 62 Means,
684 1395 194 65 Philip
909 1393 365 65 Ainsworth,
1307 1399 170 50 1892-

502 1476 132 53 Fall
660 1473 65 55 of
749 1475 96 52 the
871 1473 140 53 Inca
1037 1471 215 69 empire
1278 1472 114 53 and
1417 1471 97 55 the
1542 1471 251 69 Spanish
1820 1475 122 53 rule
1967 1475 61 53 in
2053 1476 151 53 Peru:
435 1479 1998 143 1530-1780,

617 1549 1814 74 by Philip Ainsworth Means … New York, London, C.
435 1631 314 58 Scribner’s
773 1646 149 50 sons,
949 1629 152 53 1932.

501 1705 85 47 xii,
611 1705 84 40 351
722 1714 43 37 p.
824 1702 165 47 front.,
1015 1702 171 48 plates,
1211 1710 138 38 maps
1376 1699 48 49 (1
1450 1700 146 48 fold.)
1662 1701 119 42 24ᶜᵐ.

504 1762 130 40 “The
656 1768 208 41 purpose
886 1758 53 41 of
960 1758 83 40 the
1064 1759 196 46 present
1282 1757 192 40 volume
1495 1757 90 40 has
1609 1759 119 39 been
1751 1758 112 42 that
1883 1759 52 41 of
1958 1760 229 49 carrying
2207 1763 225 41 onwards

434 1820 83 40 the
540 1820 134 45 story
700 1816 52 41 of
775 1817 81 39 the
880 1815 202 39 Andean
1107 1821 114 32 area
1244 1812 129 41 from
1397 1813 81 40 the
1503 1813 137 49 point
1662 1815 162 41 where
1847 1814 42 43 it
1912 1826 103 31 was
2037 1817 93 41 left
2152 1818 51 39 in
2227 1818 204 42 Ancient

433 1873 325 43 civilizations
784 1872 52 40 of
861 1872 82 39 the
971 1868 400 42 Andes.”—Pref.

503 1929 349 49 Bibliography:
909 1938 42 38 p.
981 1925 217 43 301-325.

441 1985 51 52 ©
526 1988 101 40 Oct.
658 1988 40 41 7,
730 1985 140 47 1932;
904 1984 66 39 2c.
1003 1984 96 39 and
1130 1982 80 41 aff.
1246 1982 101 41 Oct.
1378 1982 82 48 22;
1494 1983 40 38 A
1567 1983 169 48 56666;
1773 1984 201 42 Charles
2008 1986 265 42 Scribner’s
2306 1999 125 30 sons.

518 2042 279 51 (32-30373)

436 2137 279 54 Missouri
765 2135 200 69 digest.
1043 2137 134 49 1932
1226 2135 345 52 cumulative
1619 2137 211 52 annual
1877 2138 203 67 pocket
2126 2146 160 62 parts
2336 2138 92 52 for

506 2212 1626 71 vols. 1-30 … St. Paul, West publishing co. [ ᶜ19 32 ]
507 2288 303 43 30 V. 25 ᶜᵐ .
508 2344 295 44 Cover-title.

510 2403 153 39 These
692 2400 273 49 pamphlets
993 2409 83 30 are
1106 2401 50 38 to
1183 2398 56 39 be
1267 2398 140 40 fitted
1434 2398 106 41 into
1567 2399 81 40 the
1676 2401 197 46 pockets
1903 2402 52 39 at
1985 2401 81 41 the
2095 2402 147 41 backs
2272 2404 51 39 of
2354 2402 80 42 the

438 2459 216 40 volumes
684 2457 51 41 of
762 2457 81 40 the
872 2457 73 38 set
975 2458 48 38 to
1052 2454 158 40 which
1239 2455 114 47 they
1382 2454 183 49 belong.

443 2512 52 53 ©
534 2516 102 40 Oct.
673 2515 69 46 31,
781 2511 113 42 1932;
960 2511 68 41 2c.
1064 2511 119 40 each
1221 2512 97 39 and
1355 2510 82 41 aff.
1475 2511 119 40 Nov.
1633 2512 55 39 14;
1756 2513 40 38 A
1835 2512 141 41 55941;
2045 2515 136 40 West
2218 2516 109 47 pub.
2367 2524 66 33 co.

438 2602 261 65 Moffatt,
727 2602 155 53 John
912 2601 273 64 Edward,
1216 2604 171 50 1894-

507 2679 126 53 Ave
657 2677 189 52 Maria:
900 2677 274 68 thoughts
1202 2694 71 34 on
1300 2676 98 52 the
1420 2675 294 70 mysteries
1743 2674 63 54 of
1832 2676 96 53 the
1954 2676 134 70 holy
2116 2694 215 52 rosary,
2356 2675 76 71 by

439 2753 1992 70 Rev. J. E. Moffatt, S. J. Milwaukee, The Bruce publishing co.
444 2836 193 66 [ ᶜ19 32 ]
509 2904 337 50 100 p. 14 ᶜᵐ .
446 2960 51 52 ©
530 2964 127 47 Sept.
687 2962 69 49 21,
786 2961 113 41 1932;
958 2962 65 40 2c.
1056 2963 95 38 and
1181 2961 82 41 aff.
1295 2962 100 40 Oct.
1428 2962 54 39 13;
1542 2961 41 39 A
1613 2961 143 40 55544;
1817 2963 154 39 Bruce
2004 2963 107 47 pub.
2145 2972 66 30 co.

524 3018 279 51 (32-30290)

439 3108 259 65 Monroe,
727 3107 263 64 Harriet,
1023 3110 171 50 1860-
1406 3109 84 53 ed.

511 3185 120 52 The
661 3203 120 34 new
813 3190 199 62 poetry;
1073 3202 71 34 an
1175 3183 310 70 anthology
1516 3184 64 52 of
1606 3183 555 69 twentieth-century
2193 3202 153 34 verse
2376 3183 58 53 in

443 3259 1967 133 English; edited by Harriet Monroe … and Alice Corbin Henderson.
718 3338 136 52 New
879 3337 104 67 ed.,
1007 3354 111 36 rev.
1146 3338 111 52 and
1283 3336 105 53 enl.
1414 3337 75 68 by
1512 3338 76 52 H.
1613 3338 100 67 M.,
1739 3338 139 53 with
1903 3336 392 70 biographical
2322 3337 112 53 and

443 3415 220 55 critical
691 3420 171 48 notes.
928 3413 136 54 New
1097 3413 178 68 York,
1304 3414 121 54 The
1456 3414 65 52 Macmillan
1820 3432 293 51 company,
2145 3417 149 49 1932.

510 3484 664 50 lii p., 1 l., 775 p. 22½ᶜᵐ.
514 3541 373 49 “Biographical
909 3542 139 39 notes
1074 3540 120 41 with
1218 3540 406 50 bibliographies”:
1681 3554 43 37 p.
1749 3543 216 42 687-775.

450 3599 50 51 ©
531 3603 101 40 Oct.
661 3602 69 46 18,
759 3600 140 47 1932;
930 3599 67 41 2c.
1026 3600 95 39 and
1151 3598 81 41 aff.
1263 3599 100 40 Oct.
1394 3599 81 48 19;
1507 3601 42 38 A
1576 3601 171 48 56555;
1779 3603 48 38 Macmillan
2089 3612 67 29 co.

528 3657 278 49 (32-28029)

443 3748 217 63 Moore,
691 3746 226 63 George
948 3744 228 56 Voiers.

514 3822 342 67 Improving
882 3822 95 53 the
1004 3822 165 53 small
1196 3822 210 51 church
1431 3823 209 67 school,
1663 3823 77 68 by
1767 3823 222 69 George
2072 3825 144 52 Voiers
2241 3823 197 53 Moore

506 3897 1380 71 … St. Louis, Mo., The Bethany press [ ᶜ19 32]
513 3971 538 50 5 p. l., 172 p. 20ᶜᵐ.
