<alto xmlns="http://www.loc.gov/standards/alto/ns-v3#" xmlns:xlink="http://www.w3.org/1999/xlink" xmlns:xsi="http://www.w3.org/2001/XMLSchema-instance" xsi:schemaLocation="http://www.loc.gov/standards/alto/ns-v3# http://www.loc.gov/alto/v3/alto-3-0.xsd"><Description>
<MeasurementUnit>pixel</MeasurementUnit>
<sourceImageInformation>
<fileName>1932_v29_part001.pdf</fileName>
</sourceImageInformation>
<OCRProcessing ID="IdOcr">
<ocrProcessingStep>
<processingDateTime>2019-04-25</processingDateTime>
<processingSoftware>
<softwareCreator>ABBYY</softwareCreator>
<softwareName>ABBYY Recognition Server</softwareName>
<softwareVersion>4.0</softwareVersion>
</processingSoftware>
</ocrProcessingStep>
</OCRProcessing>
</Description>
<Styles>
<ParagraphStyle ID="StyleId-FFFFFFFF-FFFF-FFFF-FFFF-FFFFFFFFFFFF-" ALIGN="Left" LEFT="0." RIGHT="0." FIRSTLINE="0."/>
<ParagraphStyle ID="StyleId-547D96D3-B2DE-4E86-A4BD-9DDFC275973A-" ALIGN="Left" LEFT="0." RIGHT="0." FIRSTLINE="0." LINESPACE="7.699999809"/>
<ParagraphStyle ID="StyleId-BE433B82-DF6F-491A-9872-F562FF4150C8-" ALIGN="Block" LEFT="0." RIGHT="0." FIRSTLINE="-13." LINESPACE="7.900000095"/>
<ParagraphStyle ID="StyleId-CC286467-50C5-4655-B0CF-BA365CCE0736-" ALIGN="Block" LEFT="0." RIGHT="0." FIRSTLINE="-15." LINESPACE="8.479999542"/>
<ParagraphStyle ID="StyleId-9878414D-BEDB-487D-971A-CF5ADB5C4AD2-" ALIGN="Block" LEFT="0." RIGHT="0." FIRSTLINE="-14." LINESPACE="10.92000008"/>
<ParagraphStyle ID="StyleId-EBC70DE5-3635-4BD4-B07B-05DF6EFE0022-" ALIGN="Block" LEFT="0." RIGHT="0." FIRSTLINE="-13." LINESPACE="12.19999981"/>
<ParagraphStyle ID="StyleId-8A688F83-F017-4D5D-A00A-14637016ED45-" ALIGN="Left" LEFT="0." RIGHT="0." FIRSTLINE="0." LINESPACE="9.399999619"/>
<ParagraphStyle ID="StyleId-20F0BBAE-20C6-42F4-8113-00B5C02924DC-" ALIGN="Left" LEFT="0." RIGHT="0." FIRSTLINE="0." LINESPACE="11.10000038"/>
<ParagraphStyle ID="StyleId-7AA70148-8873-4ACB-90AE-BF9322E02302-" ALIGN="Left" LEFT="0." RIGHT="0." FIRSTLINE="-13." LINESPACE="11.09000015"/>
<ParagraphStyle ID="StyleId-072EF7BA-7207-4F8B-9A7C-F564E8B4CB16-" ALIGN="Left" LEFT="0." RIGHT="0." FIRSTLINE="-14." LINESPACE="12.19999981"/>
<ParagraphStyle ID="StyleId-44303D12-21D7-4DB0-9E9F-87FA1A861DD7-" ALIGN="Block" LEFT="0." RIGHT="0." FIRSTLINE="-14." LINESPACE="10.92000008"/>
<ParagraphStyle ID="StyleId-43CF0D44-8AC2-4CD0-865F-942C78705184-" ALIGN="Block" LEFT="0." RIGHT="0." FIRSTLINE="-13." LINESPACE="12.19999981"/>
<ParagraphStyle ID="StyleId-7A298A86-29F5-413A-AEC9-078A4CC464D7-" ALIGN="Block" LEFT="0." RIGHT="0." FIRSTLINE="13." LINESPACE="12.19999981"/>
<ParagraphStyle ID="StyleId-8E4E86F7-C1F9-4A1A-B605-6B1FC1C8E9F7-" ALIGN="Left" LEFT="0." RIGHT="0." FIRSTLINE="0." LINESPACE="11.60000038"/>
<ParagraphStyle ID="StyleId-AB39791B-5ED1-444F-BEF5-2CFED1F2709A-" ALIGN="Left" LEFT="0." RIGHT="0." FIRSTLINE="-13." LINESPACE="11.09000015"/>
<ParagraphStyle ID="StyleId-C1F2EEE7-CD00-4E11-9EAD-B222287AEDA4-" ALIGN="Center" LEFT="0." RIGHT="0." FIRSTLINE="0." LINESPACE="11.10000038"/>
</Styles>
<Layout>
<Page ID="Page1667" PHYSICAL_IMG_NR="1667" HEIGHT="4368" WIDTH="2563">
<TopMargin HEIGHT="408" WIDTH="2563" VPOS="0" HPOS="0">
</TopMargin>
<LeftMargin HEIGHT="3815" WIDTH="82" VPOS="408" HPOS="0">
</LeftMargin>
<RightMargin HEIGHT="3815" WIDTH="451" VPOS="408" HPOS="2112">
</RightMargin>
<BottomMargin HEIGHT="145" WIDTH="2563" VPOS="4223" HPOS="0">
</BottomMargin>
<PrintSpace HEIGHT="3815" WIDTH="2030" VPOS="408" HPOS="82">
<TextBlock ID="Page1667_Block1" HEIGHT="198" WIDTH="378" VPOS="4025" HPOS="964" LANG="en-US" STYLEREFS="StyleId-9A523699-C9BD-415A-8AEB-98B4A0401E7B-">
<TextLine HEIGHT="56" WIDTH="136" VPOS="4034" HPOS="1034">
<String CONTENT="1667" HEIGHT="56" WIDTH="136" VPOS="4034" HPOS="1034"/>
</TextLine>
</TextBlock>
<TextBlock ID="Page1667_Block2" HEIGHT="3610" WIDTH="2030" VPOS="408" HPOS="82" LANG="en-US" CS="1" STYLEREFS="StyleId-0D22163F-9E5B-4619-A771-14FE3D9A1F5B-">
<TextLine HEIGHT="43" WIDTH="414" VPOS="491" HPOS="166">
<String CONTENT="&#8220;First" HEIGHT="41" WIDTH="162" VPOS="493" HPOS="166"/>
<SP HEIGHT="39" WIDTH="24" VPOS="495" HPOS="329"/>
<String CONTENT="edition.&#8221;" HEIGHT="43" WIDTH="226" VPOS="491" HPOS="354"/>
</TextLine>
<TextLine HEIGHT="53" WIDTH="1975" VPOS="545" HPOS="97" CS="1">
<String CONTENT="&#169;" HEIGHT="52" WIDTH="52" VPOS="546" HPOS="97"/>
<SP HEIGHT="52" WIDTH="35" VPOS="546" HPOS="150"/>
<String CONTENT="Nov." HEIGHT="39" WIDTH="115" VPOS="551" HPOS="186"/>
<SP HEIGHT="40" WIDTH="36" VPOS="549" HPOS="302"/>
<String CONTENT="9," HEIGHT="48" WIDTH="40" VPOS="549" HPOS="339"/>
<SP HEIGHT="46" WIDTH="36" VPOS="551" HPOS="380"/>
<String CS="1" CONTENT="1932;" HEIGHT="41" WIDTH="113" VPOS="549" HPOS="417"/>
<SP HEIGHT="41" WIDTH="35" VPOS="549" HPOS="558"/>
<String CONTENT="2c." HEIGHT="41" WIDTH="67" VPOS="549" HPOS="594"/>
<SP HEIGHT="31" WIDTH="36" VPOS="559" HPOS="662"/>
<String CONTENT="and" HEIGHT="38" WIDTH="94" VPOS="550" HPOS="699"/>
<SP HEIGHT="38" WIDTH="34" VPOS="550" HPOS="794"/>
<String CONTENT="aff." HEIGHT="41" WIDTH="82" VPOS="547" HPOS="829"/>
<SP HEIGHT="41" WIDTH="35" VPOS="547" HPOS="912"/>
<String CONTENT="Nov." HEIGHT="40" WIDTH="118" VPOS="547" HPOS="948"/>
<SP HEIGHT="39" WIDTH="36" VPOS="548" HPOS="1067"/>
<String CS="1" CONTENT="10;" HEIGHT="39" WIDTH="56" VPOS="547" HPOS="1104"/>
<SP HEIGHT="46" WIDTH="38" VPOS="547" HPOS="1186"/>
<!-- cceid 108F2E0F-6D7D-1014-B4A5-D7A31D17AB40 --><String CONTENT="A" HEIGHT="38" WIDTH="41" VPOS="547" HPOS="1225"/>
<SP HEIGHT="39" WIDTH="34" VPOS="547" HPOS="1267"/>
<String CS="1" CONTENT="55883;" HEIGHT="40" WIDTH="142" VPOS="547" HPOS="1302"/>
<SP HEIGHT="46" WIDTH="38" VPOS="546" HPOS="1472"/>
<String CONTENT="N." HEIGHT="40" WIDTH="56" VPOS="546" HPOS="1511"/>
<SP HEIGHT="39" WIDTH="36" VPOS="547" HPOS="1568"/>
<String CS="1" CONTENT="Burglon," HEIGHT="48" WIDTH="230" VPOS="545" HPOS="1605"/>
<SP HEIGHT="47" WIDTH="37" VPOS="546" HPOS="1836"/>
<String CS="1" CONTENT="Everett," HEIGHT="39" WIDTH="198" VPOS="546" HPOS="1874"/>
</TextLine>
<TextLine HEIGHT="47" WIDTH="513" VPOS="606" HPOS="164">
<String CONTENT="Wash." HEIGHT="39" WIDTH="163" VPOS="607" HPOS="164"/>
<SP HEIGHT="46" WIDTH="70" VPOS="607" HPOS="328"/>
<String CONTENT="(32-31612)" HEIGHT="47" WIDTH="278" VPOS="606" HPOS="399"/>
</TextLine>
<TextLine HEIGHT="64" WIDTH="630" VPOS="695" HPOS="94" STYLEREFS="StyleId-B8952737-432C-45DC-9FF6-7427CB1CAD92-">
<String CONTENT="Burr," HEIGHT="63" WIDTH="172" VPOS="695" HPOS="94"/>
<SP HEIGHT="62" WIDTH="29" VPOS="696" HPOS="267"/>
<String CONTENT="Henry," HEIGHT="63" WIDTH="224" VPOS="696" HPOS="297"/>
<SP HEIGHT="59" WIDTH="32" VPOS="700" HPOS="522"/>
<String CONTENT="1889-" HEIGHT="51" WIDTH="169" VPOS="698" HPOS="555"/>
</TextLine>
<TextLine HEIGHT="74" WIDTH="1920" VPOS="764" HPOS="169" STYLEREFS="StyleId-B8952737-432C-45DC-9FF6-7427CB1CAD92-" CS="1">
<String CONTENT="Christianity" HEIGHT="68" WIDTH="378" VPOS="770" HPOS="169"/>
<SP HEIGHT="49" WIDTH="43" VPOS="789" HPOS="548"/>
<String CONTENT="crucified," HEIGHT="69" WIDTH="280" VPOS="769" HPOS="592"/>
<SP HEIGHT="69" WIDTH="41" VPOS="769" HPOS="873"/>
<String CONTENT="by" HEIGHT="68" WIDTH="73" VPOS="769" HPOS="915"/>
<SP HEIGHT="68" WIDTH="41" VPOS="769" HPOS="989"/>
<String CONTENT="Henry" HEIGHT="68" WIDTH="201" VPOS="769" HPOS="1031"/>
<SP HEIGHT="69" WIDTH="44" VPOS="768" HPOS="1233"/>
<String CONTENT="Burr" HEIGHT="51" WIDTH="153" VPOS="768" HPOS="1278"/>
<SP HEIGHT="35" WIDTH="46" VPOS="786" HPOS="1432"/>
<String CS="1" CONTENT="&#8230;"/>
<SP HEIGHT="34" WIDTH="49" VPOS="786" HPOS="1536"/>
<String CONTENT="and" HEIGHT="54" WIDTH="111" VPOS="766" HPOS="1586"/>
<SP HEIGHT="53" WIDTH="40" VPOS="766" HPOS="1698"/>
<String CONTENT="Marguerite" HEIGHT="70" WIDTH="350" VPOS="764" HPOS="1739"/>
</TextLine>
<TextLine HEIGHT="149" WIDTH="1970" VPOS="843" HPOS="96" STYLEREFS="StyleId-B8952737-432C-45DC-9FF6-7427CB1CAD92-" CS="1">
<String CONTENT="Beighton" HEIGHT="69" WIDTH="285" VPOS="847" HPOS="98"/>
<SP HEIGHT="52" WIDTH="34" VPOS="847" HPOS="384"/>
<String CONTENT="Pless" HEIGHT="52" WIDTH="157" VPOS="847" HPOS="419"/>
<SP HEIGHT="34" WIDTH="41" VPOS="866" HPOS="577"/>
<String CS="1" CONTENT="&#8230;"/>
<SP HEIGHT="53" WIDTH="74" VPOS="847" HPOS="676"/>
<String CONTENT="Los" HEIGHT="54" WIDTH="110" VPOS="847" HPOS="751"/>
<SP HEIGHT="55" WIDTH="35" VPOS="846" HPOS="862"/>
<String CONTENT="Angeles," HEIGHT="69" WIDTH="262" VPOS="845" HPOS="898"/>
<SP HEIGHT="68" WIDTH="36" VPOS="844" HPOS="1161"/>
<String CONTENT="Calif.," HEIGHT="68" WIDTH="193" VPOS="844" HPOS="1198"/>
<SP HEIGHT="67" WIDTH="36" VPOS="845" HPOS="1392"/>
<String CONTENT="The" HEIGHT="54" WIDTH="120" VPOS="844" HPOS="1429"/>
<SP HEIGHT="54" WIDTH="36" VPOS="844" HPOS="1550"/>
<String CONTENT="Bert" HEIGHT="51" WIDTH="138" VPOS="844" HPOS="1587"/>
<SP HEIGHT="52" WIDTH="37" VPOS="843" HPOS="1726"/>
<String CONTENT="Rose" HEIGHT="52" WIDTH="143" VPOS="843" HPOS="1764"/>
<SP HEIGHT="34" WIDTH="37" VPOS="861" HPOS="1908"/>
<String CONTENT="company" HEIGHT="132" WIDTH="1970" VPOS="860" HPOS="96"/>
<SP HEIGHT="47" WIDTH="37" VPOS="945" HPOS="251"/>
<String STYLE="subscript" CONTENT="[" HEIGHT="34" WIDTH="12" VPOS="958" HPOS="289"/>
<String STYLE="superscript" CS="1" CONTENT="&#7580;1"/>
<String CONTENT="932" HEIGHT="48" WIDTH="99" VPOS="927" HPOS="363"/>
<String STYLE="subscript" CONTENT="]" HEIGHT="34" WIDTH="13" VPOS="957" HPOS="468"/>
</TextLine>
<TextLine HEIGHT="49" WIDTH="242" VPOS="994" HPOS="164" CS="1">
<String CONTENT="86" HEIGHT="41" WIDTH="58" VPOS="994" HPOS="164"/>
<SP HEIGHT="49" WIDTH="25" VPOS="994" HPOS="223"/>
<String CONTENT="p." HEIGHT="38" WIDTH="44" VPOS="1005" HPOS="249"/>
<SP HEIGHT="41" WIDTH="54" VPOS="996" HPOS="294"/>
<String CS="1" CONTENT="19&#189;" HEIGHT="41" WIDTH="57" VPOS="994" HPOS="349"/>
<String STYLE="superscript" CS="1" CONTENT="&#7580;&#7504;."/>
</TextLine>
<TextLine HEIGHT="50" WIDTH="1922" VPOS="1049" HPOS="165" CS="1">
<String CONTENT="&#8220;&#8216;Reincarnation&#8217;" HEIGHT="41" WIDTH="451" VPOS="1051" HPOS="165"/>
<SP HEIGHT="39" WIDTH="32" VPOS="1052" HPOS="617"/>
<String CS="1" CONTENT="&#8230;"/>
<SP HEIGHT="28" WIDTH="30" VPOS="1063" HPOS="696"/>
<String CONTENT="used" HEIGHT="39" WIDTH="118" VPOS="1052" HPOS="727"/>
<SP HEIGHT="40" WIDTH="31" VPOS="1052" HPOS="846"/>
<String CS="1" CONTENT="&#8230;"/>
<SP HEIGHT="28" WIDTH="30" VPOS="1063" HPOS="924"/>
<String CONTENT="as" HEIGHT="29" WIDTH="54" VPOS="1063" HPOS="955"/>
<SP HEIGHT="29" WIDTH="26" VPOS="1063" HPOS="1010"/>
<String CONTENT="meaning" HEIGHT="48" WIDTH="225" VPOS="1051" HPOS="1037"/>
<SP HEIGHT="37" WIDTH="29" VPOS="1062" HPOS="1263"/>
<String CONTENT="part" HEIGHT="44" WIDTH="110" VPOS="1055" HPOS="1293"/>
<SP HEIGHT="36" WIDTH="28" VPOS="1055" HPOS="1404"/>
<String CONTENT="of" HEIGHT="42" WIDTH="51" VPOS="1049" HPOS="1433"/>
<SP HEIGHT="42" WIDTH="27" VPOS="1049" HPOS="1485"/>
<String CONTENT="the" HEIGHT="39" WIDTH="81" VPOS="1052" HPOS="1513"/>
<SP HEIGHT="37" WIDTH="29" VPOS="1053" HPOS="1595"/>
<String CONTENT="true" HEIGHT="37" WIDTH="108" VPOS="1053" HPOS="1625"/>
<SP HEIGHT="40" WIDTH="28" VPOS="1051" HPOS="1734"/>
<String CONTENT="Christianity" HEIGHT="47" WIDTH="324" VPOS="1049" HPOS="1763"/>
</TextLine>
<TextLine HEIGHT="43" WIDTH="627" VPOS="1107" HPOS="95">
<String CONTENT="of" HEIGHT="42" WIDTH="53" VPOS="1107" HPOS="95"/>
<SP HEIGHT="43" WIDTH="27" VPOS="1107" HPOS="149"/>
<String CONTENT="Christ.&#8221;&#8212;Foreword." HEIGHT="42" WIDTH="545" VPOS="1108" HPOS="177"/>
</TextLine>
<TextLine HEIGHT="52" WIDTH="1990" VPOS="1164" HPOS="101" CS="1">
<String CONTENT="&#169;" HEIGHT="52" WIDTH="52" VPOS="1164" HPOS="101"/>
<SP HEIGHT="52" WIDTH="25" VPOS="1164" HPOS="154"/>
<String CONTENT="Mar." HEIGHT="39" WIDTH="123" VPOS="1170" HPOS="180"/>
<SP HEIGHT="41" WIDTH="23" VPOS="1168" HPOS="304"/>
<String CS="1" CONTENT="25," HEIGHT="39" WIDTH="57" VPOS="1168" HPOS="328"/>
<SP HEIGHT="40" WIDTH="27" VPOS="1170" HPOS="397"/>
<String CS="1" CONTENT="1932;" HEIGHT="40" WIDTH="112" VPOS="1168" HPOS="425"/>
<SP HEIGHT="41" WIDTH="27" VPOS="1168" HPOS="565"/>
<String CONTENT="2c." HEIGHT="38" WIDTH="65" VPOS="1168" HPOS="593"/>
<SP HEIGHT="28" WIDTH="27" VPOS="1179" HPOS="659"/>
<String CONTENT="and" HEIGHT="38" WIDTH="93" VPOS="1169" HPOS="687"/>
<SP HEIGHT="38" WIDTH="27" VPOS="1169" HPOS="781"/>
<String CONTENT="aff." HEIGHT="39" WIDTH="81" VPOS="1168" HPOS="809"/>
<SP HEIGHT="40" WIDTH="27" VPOS="1167" HPOS="891"/>
<String CONTENT="Oct." HEIGHT="40" WIDTH="101" VPOS="1167" HPOS="919"/>
<SP HEIGHT="39" WIDTH="24" VPOS="1167" HPOS="1021"/>
<String CS="1" CONTENT="25;" HEIGHT="38" WIDTH="56" VPOS="1167" HPOS="1046"/>
<SP HEIGHT="46" WIDTH="27" VPOS="1167" HPOS="1130"/>
<!-- cceid 108F4FD7-6D7D-1014-B4A5-D7A31D17AB40 --><String CONTENT="A" HEIGHT="38" WIDTH="40" VPOS="1167" HPOS="1158"/>
<SP HEIGHT="39" WIDTH="25" VPOS="1167" HPOS="1199"/>
<String CS="1" CONTENT="55669;" HEIGHT="39" WIDTH="144" VPOS="1167" HPOS="1225"/>
<SP HEIGHT="40" WIDTH="29" VPOS="1167" HPOS="1395"/>
<String CS="1" CONTENT="H." HEIGHT="8" WIDTH="8" VPOS="1198" HPOS="1477"/>
<SP HEIGHT="39" WIDTH="27" VPOS="1167" HPOS="1486"/>
<String CONTENT="Burr" HEIGHT="37" WIDTH="129" VPOS="1167" HPOS="1514"/>
<SP HEIGHT="29" WIDTH="25" VPOS="1176" HPOS="1644"/>
<String CONTENT="and" HEIGHT="38" WIDTH="95" VPOS="1167" HPOS="1670"/>
<SP HEIGHT="39" WIDTH="26" VPOS="1166" HPOS="1766"/>
<String CONTENT="Marguerite" HEIGHT="48" WIDTH="298" VPOS="1164" HPOS="1793"/>
</TextLine>
<TextLine HEIGHT="48" WIDTH="1135" VPOS="1223" HPOS="167">
<String CONTENT="Beighton" HEIGHT="47" WIDTH="239" VPOS="1224" HPOS="167"/>
<SP HEIGHT="39" WIDTH="30" VPOS="1225" HPOS="407"/>
<String CONTENT="Pless," HEIGHT="42" WIDTH="148" VPOS="1225" HPOS="438"/>
<SP HEIGHT="41" WIDTH="31" VPOS="1226" HPOS="587"/>
<String CONTENT="Washington." HEIGHT="47" WIDTH="334" VPOS="1224" HPOS="619"/>
<SP HEIGHT="46" WIDTH="69" VPOS="1224" HPOS="954"/>
<String CONTENT="(32-31850)" HEIGHT="47" WIDTH="278" VPOS="1223" HPOS="1024"/>
</TextLine>
<TextLine HEIGHT="65" WIDTH="921" VPOS="1313" HPOS="97" STYLEREFS="StyleId-B8952737-432C-45DC-9FF6-7427CB1CAD92-">
<String CONTENT="Cahill," HEIGHT="65" WIDTH="204" VPOS="1313" HPOS="97"/>
<SP HEIGHT="64" WIDTH="28" VPOS="1314" HPOS="302"/>
<String CONTENT="Marion" HEIGHT="53" WIDTH="230" VPOS="1314" HPOS="331"/>
<SP HEIGHT="53" WIDTH="31" VPOS="1315" HPOS="562"/>
<String CONTENT="Cotter," HEIGHT="62" WIDTH="221" VPOS="1315" HPOS="594"/>
<SP HEIGHT="59" WIDTH="30" VPOS="1318" HPOS="816"/>
<String CONTENT="1901-" HEIGHT="49" WIDTH="171" VPOS="1318" HPOS="847"/>
</TextLine>
<TextLine HEIGHT="71" WIDTH="1922" VPOS="1387" HPOS="169" STYLEREFS="StyleId-B8952737-432C-45DC-9FF6-7427CB1CAD92-" CS="1">
<String CONTENT="Shorter" HEIGHT="56" WIDTH="238" VPOS="1390" HPOS="169"/>
<SP HEIGHT="54" WIDTH="25" VPOS="1389" HPOS="408"/>
<String CS="1" CONTENT="hours;" HEIGHT="54" WIDTH="171" VPOS="1389" HPOS="434"/>
<SP HEIGHT="48" WIDTH="31" VPOS="1409" HPOS="634"/>
<String CONTENT="a" HEIGHT="34" WIDTH="31" VPOS="1409" HPOS="666"/>
<SP HEIGHT="34" WIDTH="28" VPOS="1409" HPOS="698"/>
<String CONTENT="study" HEIGHT="67" WIDTH="171" VPOS="1391" HPOS="727"/>
<SP HEIGHT="50" WIDTH="26" VPOS="1408" HPOS="899"/>
<String CONTENT="of" HEIGHT="52" WIDTH="63" VPOS="1390" HPOS="926"/>
<SP HEIGHT="52" WIDTH="26" VPOS="1390" HPOS="990"/>
<String CONTENT="the" HEIGHT="52" WIDTH="95" VPOS="1390" HPOS="1017"/>
<SP HEIGHT="34" WIDTH="27" VPOS="1408" HPOS="1113"/>
<String CONTENT="movement" HEIGHT="46" WIDTH="318" VPOS="1396" HPOS="1141"/>
<SP HEIGHT="46" WIDTH="27" VPOS="1396" HPOS="1460"/>
<String CONTENT="since" HEIGHT="53" WIDTH="151" VPOS="1389" HPOS="1488"/>
<SP HEIGHT="48" WIDTH="26" VPOS="1394" HPOS="1640"/>
<String CONTENT="the" HEIGHT="52" WIDTH="96" VPOS="1388" HPOS="1667"/>
<SP HEIGHT="36" WIDTH="27" VPOS="1405" HPOS="1764"/>
<String CONTENT="civil" HEIGHT="54" WIDTH="134" VPOS="1387" HPOS="1792"/>
<SP HEIGHT="51" WIDTH="29" VPOS="1389" HPOS="1927"/>
<String CONTENT="war," HEIGHT="50" WIDTH="134" VPOS="1405" HPOS="1957"/>
</TextLine>
<TextLine HEIGHT="150" WIDTH="1972" VPOS="1463" HPOS="97" STYLEREFS="StyleId-B8952737-432C-45DC-9FF6-7427CB1CAD92-" CS="1">
<String CONTENT="by" HEIGHT="69" WIDTH="74" VPOS="1468" HPOS="97"/>
<SP HEIGHT="69" WIDTH="24" VPOS="1468" HPOS="172"/>
<String CONTENT="Marion" HEIGHT="53" WIDTH="229" VPOS="1468" HPOS="197"/>
<SP HEIGHT="55" WIDTH="26" VPOS="1467" HPOS="427"/>
<String CONTENT="Cotter" HEIGHT="55" WIDTH="196" VPOS="1467" HPOS="454"/>
<SP HEIGHT="54" WIDTH="27" VPOS="1467" HPOS="651"/>
<String CONTENT="Cahill," HEIGHT="66" WIDTH="208" VPOS="1467" HPOS="679"/>
<SP HEIGHT="48" WIDTH="24" VPOS="1485" HPOS="888"/>
<String CS="1" CONTENT="PH."/>
<SP/>
<String CS="1" CONTENT="D."/>
<SP HEIGHT="53" WIDTH="73" VPOS="1466" HPOS="1089"/>
<String CONTENT="New" HEIGHT="53" WIDTH="139" VPOS="1466" HPOS="1163"/>
<SP HEIGHT="53" WIDTH="28" VPOS="1465" HPOS="1303"/>
<String CONTENT="York," HEIGHT="67" WIDTH="179" VPOS="1465" HPOS="1332"/>
<SP HEIGHT="67" WIDTH="27" VPOS="1465" HPOS="1512"/>
<String CONTENT="Columbia" HEIGHT="56" WIDTH="298" VPOS="1464" HPOS="1540"/>
<SP HEIGHT="35" WIDTH="26" VPOS="1483" HPOS="1839"/>
<String CONTENT="university" HEIGHT="150" WIDTH="1972" VPOS="1463" HPOS="97"/>
</TextLine>
<TextLine HEIGHT="69" WIDTH="1371" VPOS="1543" HPOS="236" STYLEREFS="StyleId-B8952737-432C-45DC-9FF6-7427CB1CAD92-" CS="1">
<String CS="1" CONTENT="press;" HEIGHT="48" WIDTH="155" VPOS="1564" HPOS="236"/>
<SP HEIGHT="63" WIDTH="28" VPOS="1546" HPOS="419"/>
<String CONTENT="London," HEIGHT="65" WIDTH="257" VPOS="1546" HPOS="448"/>
<SP HEIGHT="67" WIDTH="23" VPOS="1544" HPOS="706"/>
<String LANG="fr" CONTENT="P." HEIGHT="55" WIDTH="65" VPOS="1544" HPOS="730"/>
<SP HEIGHT="55" WIDTH="27" VPOS="1544" HPOS="796"/>
<String CONTENT="S." HEIGHT="55" WIDTH="56" VPOS="1544" HPOS="824"/>
<SP HEIGHT="52" WIDTH="26" VPOS="1545" HPOS="881"/>
<String CONTENT="King" HEIGHT="66" WIDTH="161" VPOS="1544" HPOS="908"/>
<SP HEIGHT="63" WIDTH="23" VPOS="1547" HPOS="1070"/>
<String CONTENT="&amp;" HEIGHT="50" WIDTH="45" VPOS="1547" HPOS="1094"/>
<SP HEIGHT="50" WIDTH="23" VPOS="1547" HPOS="1140"/>
<String CONTENT="son," HEIGHT="47" WIDTH="117" VPOS="1561" HPOS="1164"/>
<SP HEIGHT="63" WIDTH="23" VPOS="1545" HPOS="1282"/>
<String CONTENT="ltd.," HEIGHT="67" WIDTH="122" VPOS="1543" HPOS="1306"/>
<SP HEIGHT="63" WIDTH="26" VPOS="1547" HPOS="1429"/>
<String CONTENT="1932." HEIGHT="51" WIDTH="151" VPOS="1545" HPOS="1456"/>
</TextLine>
<TextLine HEIGHT="52" WIDTH="1924" VPOS="1615" HPOS="168" CS="1">
<String CONTENT="300" HEIGHT="41" WIDTH="88" VPOS="1619" HPOS="168"/>
<SP HEIGHT="48" WIDTH="34" VPOS="1619" HPOS="257"/>
<String CONTENT="p." HEIGHT="37" WIDTH="42" VPOS="1630" HPOS="292"/>
<SP HEIGHT="40" WIDTH="64" VPOS="1619" HPOS="335"/>
<String CS="1" CONTENT="23" HEIGHT="39" WIDTH="27" VPOS="1619" HPOS="400"/>
<String STYLE="superscript" CS="1" CONTENT="&#7580;&#7504;."/>
<SP HEIGHT="46" WIDTH="74" VPOS="1620" HPOS="518"/>
<String CONTENT="(Half-title:" HEIGHT="49" WIDTH="298" VPOS="1617" HPOS="593"/>
<SP HEIGHT="41" WIDTH="38" VPOS="1617" HPOS="892"/>
<String CONTENT="Studies" HEIGHT="41" WIDTH="194" VPOS="1617" HPOS="931"/>
<SP HEIGHT="40" WIDTH="36" VPOS="1617" HPOS="1126"/>
<String CONTENT="in" HEIGHT="39" WIDTH="49" VPOS="1617" HPOS="1163"/>
<SP HEIGHT="39" WIDTH="37" VPOS="1617" HPOS="1213"/>
<String CONTENT="history," HEIGHT="49" WIDTH="202" VPOS="1615" HPOS="1251"/>
<SP HEIGHT="37" WIDTH="37" VPOS="1627" HPOS="1454"/>
<String CONTENT="economics" HEIGHT="41" WIDTH="267" VPOS="1615" HPOS="1492"/>
<SP HEIGHT="30" WIDTH="38" VPOS="1626" HPOS="1760"/>
<String CONTENT="and" HEIGHT="39" WIDTH="94" VPOS="1617" HPOS="1799"/>
<SP HEIGHT="46" WIDTH="37" VPOS="1617" HPOS="1894"/>
<String CONTENT="public" HEIGHT="48" WIDTH="160" VPOS="1615" HPOS="1932"/>
</TextLine>
<TextLine HEIGHT="54" WIDTH="1992" VPOS="1670" HPOS="98">
<String CONTENT="law," HEIGHT="46" WIDTH="109" VPOS="1678" HPOS="98"/>
<SP HEIGHT="38" WIDTH="40" VPOS="1686" HPOS="208"/>
<String CONTENT="ed." HEIGHT="39" WIDTH="71" VPOS="1676" HPOS="249"/>
<SP HEIGHT="39" WIDTH="41" VPOS="1676" HPOS="321"/>
<String CONTENT="by" HEIGHT="47" WIDTH="61" VPOS="1676" HPOS="363"/>
<SP HEIGHT="46" WIDTH="41" VPOS="1677" HPOS="425"/>
<String CONTENT="the" HEIGHT="40" WIDTH="81" VPOS="1675" HPOS="467"/>
<SP HEIGHT="40" WIDTH="42" VPOS="1675" HPOS="549"/>
<String CONTENT="Faculty" HEIGHT="47" WIDTH="205" VPOS="1675" HPOS="592"/>
<SP HEIGHT="37" WIDTH="40" VPOS="1685" HPOS="798"/>
<String CONTENT="of" HEIGHT="41" WIDTH="51" VPOS="1674" HPOS="839"/>
<SP HEIGHT="48" WIDTH="40" VPOS="1674" HPOS="891"/>
<String CONTENT="political" HEIGHT="50" WIDTH="216" VPOS="1672" HPOS="932"/>
<SP HEIGHT="38" WIDTH="41" VPOS="1675" HPOS="1149"/>
<String CONTENT="science" HEIGHT="40" WIDTH="185" VPOS="1673" HPOS="1191"/>
<SP HEIGHT="30" WIDTH="40" VPOS="1684" HPOS="1377"/>
<String CONTENT="of" HEIGHT="41" WIDTH="51" VPOS="1673" HPOS="1418"/>
<SP HEIGHT="41" WIDTH="41" VPOS="1673" HPOS="1470"/>
<String CONTENT="Columbia" HEIGHT="42" WIDTH="250" VPOS="1672" HPOS="1512"/>
<SP HEIGHT="30" WIDTH="41" VPOS="1683" HPOS="1763"/>
<String CONTENT="university," HEIGHT="48" WIDTH="285" VPOS="1670" HPOS="1805"/>
</TextLine>
<TextLine HEIGHT="47" WIDTH="210" VPOS="1731" HPOS="98">
<String CONTENT="no." HEIGHT="30" WIDTH="74" VPOS="1743" HPOS="98"/>
<SP HEIGHT="39" WIDTH="24" VPOS="1734" HPOS="173"/>
<String CONTENT="380)" HEIGHT="47" WIDTH="110" VPOS="1731" HPOS="198"/>
</TextLine>
<TextLine HEIGHT="51" WIDTH="1437" VPOS="1784" HPOS="169" CS="1">
<String CONTENT="Issued" HEIGHT="39" WIDTH="171" VPOS="1790" HPOS="169"/>
<SP HEIGHT="38" WIDTH="34" VPOS="1790" HPOS="341"/>
<String CONTENT="also" HEIGHT="39" WIDTH="102" VPOS="1789" HPOS="376"/>
<SP HEIGHT="31" WIDTH="33" VPOS="1797" HPOS="479"/>
<String CONTENT="as" HEIGHT="31" WIDTH="54" VPOS="1797" HPOS="513"/>
<SP HEIGHT="38" WIDTH="34" VPOS="1790" HPOS="568"/>
<String CONTENT="thesis" HEIGHT="41" WIDTH="152" VPOS="1786" HPOS="603"/>
<SP HEIGHT="46" WIDTH="25" VPOS="1786" HPOS="756"/>
<String CS="1" CONTENT="(PH." HEIGHT="46" WIDTH="15" VPOS="1786" HPOS="782"/>
<SP/>
<String CS="1" CONTENT="D.)" HEIGHT="48" WIDTH="14" VPOS="1787" HPOS="977"/>
<SP HEIGHT="49" WIDTH="42" VPOS="1786" HPOS="992"/>
<String CONTENT="Columbia" HEIGHT="42" WIDTH="249" VPOS="1785" HPOS="1035"/>
<SP HEIGHT="30" WIDTH="35" VPOS="1796" HPOS="1285"/>
<String CONTENT="university." HEIGHT="47" WIDTH="285" VPOS="1784" HPOS="1321"/>
</TextLine>
<TextLine HEIGHT="51" WIDTH="689" VPOS="1842" HPOS="170">
<String CONTENT="Bibliography" HEIGHT="48" WIDTH="348" VPOS="1845" HPOS="170"/>
<SP HEIGHT="36" WIDTH="15" VPOS="1855" HPOS="519"/>
<String CONTENT=":" HEIGHT="29" WIDTH="9" VPOS="1855" HPOS="535"/>
<SP HEIGHT="37" WIDTH="27" VPOS="1855" HPOS="545"/>
<String CONTENT="p." HEIGHT="37" WIDTH="43" VPOS="1855" HPOS="573"/>
<SP HEIGHT="40" WIDTH="24" VPOS="1844" HPOS="617"/>
<String CONTENT="289-293." HEIGHT="42" WIDTH="217" VPOS="1842" HPOS="642"/>
</TextLine>
<TextLine HEIGHT="53" WIDTH="1990" VPOS="1898" HPOS="103">
<String CONTENT="&#169;" HEIGHT="53" WIDTH="51" VPOS="1898" HPOS="103"/>
<SP HEIGHT="53" WIDTH="31" VPOS="1898" HPOS="155"/>
<String CONTENT="Sept." HEIGHT="47" WIDTH="128" VPOS="1903" HPOS="187"/>
<SP HEIGHT="39" WIDTH="26" VPOS="1902" HPOS="316"/>
<String CONTENT="20," HEIGHT="47" WIDTH="70" VPOS="1902" HPOS="343"/>
<SP HEIGHT="46" WIDTH="28" VPOS="1903" HPOS="414"/>
<String CONTENT="1932;" HEIGHT="47" WIDTH="141" VPOS="1901" HPOS="443"/>
<SP HEIGHT="48" WIDTH="29" VPOS="1900" HPOS="585"/>
<String CONTENT="2c." HEIGHT="41" WIDTH="65" VPOS="1900" HPOS="615"/>
<SP HEIGHT="28" WIDTH="31" VPOS="1912" HPOS="681"/>
<String CONTENT="and" HEIGHT="38" WIDTH="97" VPOS="1902" HPOS="713"/>
<SP HEIGHT="38" WIDTH="26" VPOS="1902" HPOS="811"/>
<String CONTENT="aff." HEIGHT="39" WIDTH="82" VPOS="1900" HPOS="838"/>
<SP HEIGHT="39" WIDTH="32" VPOS="1901" HPOS="921"/>
<String CONTENT="Sept." HEIGHT="47" WIDTH="127" VPOS="1901" HPOS="954"/>
<SP HEIGHT="40" WIDTH="28" VPOS="1899" HPOS="1082"/>
<String CONTENT="21;" HEIGHT="46" WIDTH="81" VPOS="1899" HPOS="1111"/>
<SP HEIGHT="46" WIDTH="31" VPOS="1899" HPOS="1193"/>
<!-- cceid 108F7365-6D7D-1014-B4A5-D7A31D17AB40 --><String CONTENT="A" HEIGHT="39" WIDTH="39" VPOS="1899" HPOS="1225"/>
<SP HEIGHT="39" WIDTH="30" VPOS="1899" HPOS="1265"/>
<String CONTENT="54952;" HEIGHT="43" WIDTH="169" VPOS="1899" HPOS="1296"/>
<SP HEIGHT="42" WIDTH="33" VPOS="1900" HPOS="1466"/>
<String CONTENT="Columbia" HEIGHT="41" WIDTH="251" VPOS="1899" HPOS="1500"/>
<SP HEIGHT="29" WIDTH="30" VPOS="1910" HPOS="1752"/>
<String CONTENT="univ." HEIGHT="40" WIDTH="128" VPOS="1899" HPOS="1783"/>
<SP HEIGHT="37" WIDTH="30" VPOS="1910" HPOS="1912"/>
<String CONTENT="press." HEIGHT="38" WIDTH="150" VPOS="1909" HPOS="1943"/>
</TextLine>
<TextLine HEIGHT="48" WIDTH="280" VPOS="1959" HPOS="179">
<String CONTENT="(32-31700)" HEIGHT="48" WIDTH="280" VPOS="1959" HPOS="179"/>
</TextLine>
<TextLine HEIGHT="66" WIDTH="690" VPOS="2048" HPOS="121" STYLEREFS="StyleId-B8952737-432C-45DC-9FF6-7427CB1CAD92-" CS="1">
<String CS="1" CONTENT="[The" HEIGHT="53" WIDTH="123" VPOS="2049" HPOS="121"/>
<SP HEIGHT="54" WIDTH="29" VPOS="2050" HPOS="245"/>
<String CONTENT="Cavalry" HEIGHT="64" WIDTH="253" VPOS="2048" HPOS="275"/>
<SP HEIGHT="64" WIDTH="26" VPOS="2048" HPOS="529"/>
<String CONTENT="journal]" HEIGHT="66" WIDTH="255" VPOS="2048" HPOS="556"/>
</TextLine>
<TextLine HEIGHT="135" WIDTH="1966" VPOS="2123" HPOS="102" STYLEREFS="StyleId-B8952737-432C-45DC-9FF6-7427CB1CAD92-" CS="1">
<String CONTENT="Tactics" HEIGHT="52" WIDTH="225" VPOS="2125" HPOS="170"/>
<SP HEIGHT="34" WIDTH="34" VPOS="2144" HPOS="396"/>
<String CONTENT="and" HEIGHT="52" WIDTH="112" VPOS="2126" HPOS="431"/>
<SP HEIGHT="52" WIDTH="33" VPOS="2126" HPOS="544"/>
<String CONTENT="technique" HEIGHT="69" WIDTH="296" VPOS="2124" HPOS="578"/>
<SP HEIGHT="34" WIDTH="35" VPOS="2144" HPOS="875"/>
<String CONTENT="of" HEIGHT="53" WIDTH="63" VPOS="2125" HPOS="911"/>
<SP HEIGHT="52" WIDTH="33" VPOS="2125" HPOS="975"/>
<String CONTENT="cavalry." HEIGHT="66" WIDTH="245" VPOS="2126" HPOS="1009"/>
<SP HEIGHT="50" WIDTH="76" VPOS="2126" HPOS="1255"/>
<String CONTENT="Basic." HEIGHT="53" WIDTH="182" VPOS="2123" HPOS="1332"/>
<SP HEIGHT="48" WIDTH="75" VPOS="2127" HPOS="1515"/>
<String CONTENT="3d" HEIGHT="52" WIDTH="72" VPOS="2124" HPOS="1591"/>
<SP HEIGHT="52" WIDTH="33" VPOS="2124" HPOS="1664"/>
<String CONTENT="ed." HEIGHT="52" WIDTH="83" VPOS="2124" HPOS="1698"/>
<SP HEIGHT="52" WIDTH="74" VPOS="2125" HPOS="1782"/>
<String CONTENT="A" HEIGHT="52" WIDTH="57" VPOS="2125" HPOS="1857"/>
<SP HEIGHT="52" WIDTH="30" VPOS="2125" HPOS="1915"/>
<String CONTENT="textbook" HEIGHT="127" WIDTH="1966" VPOS="2128" HPOS="102"/>
<SP HEIGHT="51" WIDTH="24" VPOS="2204" HPOS="249"/>
<String CONTENT="of" HEIGHT="50" WIDTH="64" VPOS="2205" HPOS="274"/>
<SP HEIGHT="50" WIDTH="27" VPOS="2205" HPOS="339"/>
<String CONTENT="basic" HEIGHT="54" WIDTH="152" VPOS="2204" HPOS="367"/>
</TextLine>
<TextLine HEIGHT="147" WIDTH="1967" VPOS="2202" HPOS="100" STYLEREFS="StyleId-B8952737-432C-45DC-9FF6-7427CB1CAD92-" CS="1">
<String CONTENT="cavalry" HEIGHT="67" WIDTH="231" VPOS="2204" HPOS="549"/>
<SP HEIGHT="62" WIDTH="27" VPOS="2209" HPOS="781"/>
<String CONTENT="training" HEIGHT="67" WIDTH="256" VPOS="2203" HPOS="809"/>
<SP HEIGHT="65" WIDTH="40" VPOS="2205" HPOS="1066"/>
<String CONTENT="(with" HEIGHT="61" WIDTH="167" VPOS="2203" HPOS="1107"/>
<SP HEIGHT="66" WIDTH="29" VPOS="2203" HPOS="1275"/>
<String CONTENT="questions" HEIGHT="65" WIDTH="285" VPOS="2204" HPOS="1305"/>
<SP HEIGHT="53" WIDTH="29" VPOS="2202" HPOS="1591"/>
<String CONTENT="for" HEIGHT="52" WIDTH="94" VPOS="2202" HPOS="1621"/>
<SP HEIGHT="32" WIDTH="28" VPOS="2222" HPOS="1716"/>
<String CONTENT="self-examination)" HEIGHT="146" WIDTH="1967" VPOS="2202" HPOS="100"/>
<SP HEIGHT="68" WIDTH="82" VPOS="2280" HPOS="327"/>
<String CONTENT="Washington," HEIGHT="69" WIDTH="401" VPOS="2280" HPOS="410"/>
</TextLine>
<TextLine HEIGHT="147" WIDTH="1991" VPOS="2280" HPOS="102" STYLEREFS="StyleId-B8952737-432C-45DC-9FF6-7427CB1CAD92-" CS="1">
<String LANG="fr" CONTENT="D." HEIGHT="51" WIDTH="73" VPOS="2283" HPOS="841"/>
<SP HEIGHT="54" WIDTH="34" VPOS="2281" HPOS="915"/>
<String CONTENT="C.," HEIGHT="67" WIDTH="79" VPOS="2281" HPOS="950"/>
<SP HEIGHT="66" WIDTH="29" VPOS="2282" HPOS="1030"/>
<String CONTENT="The" HEIGHT="51" WIDTH="120" VPOS="2282" HPOS="1060"/>
<SP HEIGHT="51" WIDTH="29" VPOS="2282" HPOS="1181"/>
<String CONTENT="National" HEIGHT="51" WIDTH="273" VPOS="2282" HPOS="1211"/>
<SP HEIGHT="50" WIDTH="30" VPOS="2282" HPOS="1485"/>
<String CONTENT="service" HEIGHT="54" WIDTH="210" VPOS="2280" HPOS="1516"/>
<SP HEIGHT="49" WIDTH="30" VPOS="2299" HPOS="1727"/>
<String CONTENT="publishing" HEIGHT="68" WIDTH="335" VPOS="2280" HPOS="1758"/>
<SP/>
<String CS="1" CONTENT="Compay" HEIGHT="50" WIDTH="199" VPOS="2377" HPOS="102"/>
<SP HEIGHT="49" WIDTH="32" VPOS="2378" HPOS="383"/>
<String CS="1" CONTENT="[1932]" HEIGHT="64" WIDTH="151" VPOS="2362" HPOS="437"/>
</TextLine>
<TextLine HEIGHT="50" WIDTH="845" VPOS="2432" HPOS="174" CS="1">
<String CONTENT="xxxi," HEIGHT="48" WIDTH="134" VPOS="2433" HPOS="174"/>
<SP HEIGHT="46" WIDTH="29" VPOS="2435" HPOS="309"/>
<String CONTENT="790" HEIGHT="41" WIDTH="84" VPOS="2432" HPOS="339"/>
<SP HEIGHT="48" WIDTH="26" VPOS="2433" HPOS="424"/>
<String CONTENT="p." HEIGHT="37" WIDTH="44" VPOS="2444" HPOS="451"/>
<SP HEIGHT="40" WIDTH="54" VPOS="2434" HPOS="496"/>
<String CONTENT="illus.," HEIGHT="46" WIDTH="143" VPOS="2434" HPOS="551"/>
<SP HEIGHT="44" WIDTH="30" VPOS="2436" HPOS="695"/>
<String CONTENT="diagrs." HEIGHT="48" WIDTH="178" VPOS="2434" HPOS="726"/>
<SP HEIGHT="41" WIDTH="57" VPOS="2433" HPOS="905"/>
<String CONTENT="24" HEIGHT="40" WIDTH="56" VPOS="2433" HPOS="963"/>
<String STYLE="superscript" CS="1" CONTENT="&#7580;&#7504;."/>
</TextLine>
<TextLine HEIGHT="49" WIDTH="1871" VPOS="2488" HPOS="176" CS="1">
<String CONTENT="&#8220;The" HEIGHT="40" WIDTH="129" VPOS="2488" HPOS="176"/>
<SP HEIGHT="40" WIDTH="35" VPOS="2489" HPOS="306"/>
<String CONTENT="Cavalry" HEIGHT="47" WIDTH="208" VPOS="2489" HPOS="342"/>
<SP HEIGHT="46" WIDTH="33" VPOS="2490" HPOS="551"/>
<String CONTENT="journal" HEIGHT="46" WIDTH="196" VPOS="2490" HPOS="585"/>
<SP HEIGHT="38" WIDTH="34" VPOS="2490" HPOS="782"/>
<String CONTENT="has" HEIGHT="39" WIDTH="90" VPOS="2490" HPOS="817"/>
<SP HEIGHT="29" WIDTH="36" VPOS="2500" HPOS="908"/>
<String CS="1" CONTENT="&#8230;"/>
<SP HEIGHT="41" WIDTH="35" VPOS="2489" HPOS="993"/>
<String CONTENT="in" HEIGHT="39" WIDTH="50" VPOS="2489" HPOS="1029"/>
<SP HEIGHT="30" WIDTH="33" VPOS="2499" HPOS="1080"/>
<String CONTENT="cooperation" HEIGHT="48" WIDTH="309" VPOS="2488" HPOS="1114"/>
<SP HEIGHT="29" WIDTH="35" VPOS="2499" HPOS="1424"/>
<String CONTENT="with" HEIGHT="39" WIDTH="118" VPOS="2489" HPOS="1460"/>
<SP HEIGHT="38" WIDTH="37" VPOS="2490" HPOS="1579"/>
<String CONTENT="the" HEIGHT="39" WIDTH="80" VPOS="2489" HPOS="1617"/>
<SP HEIGHT="38" WIDTH="35" VPOS="2499" HPOS="1698"/>
<String CONTENT="publishers" HEIGHT="49" WIDTH="273" VPOS="2488" HPOS="1734"/>
<SP HEIGHT="31" WIDTH="39" VPOS="2499" HPOS="2008"/>
<String CS="1" CONTENT="&#8230;"/>
</TextLine>
<TextLine HEIGHT="49" WIDTH="1091" VPOS="2545" HPOS="107" CS="1">
<String CONTENT="[produced]" HEIGHT="49" WIDTH="271" VPOS="2545" HPOS="107"/>
<SP HEIGHT="46" WIDTH="33" VPOS="2548" HPOS="379"/>
<String CONTENT="this" HEIGHT="39" WIDTH="98" VPOS="2546" HPOS="413"/>
<SP HEIGHT="28" WIDTH="34" VPOS="2557" HPOS="512"/>
<String CS="1" CONTENT="&#8230;"/>
<SP HEIGHT="29" WIDTH="34" VPOS="2557" HPOS="594"/>
<String CONTENT="volume.&#8221;&#8212;Foreword." HEIGHT="42" WIDTH="569" VPOS="2545" HPOS="629"/>
</TextLine>
<TextLine HEIGHT="108" WIDTH="1904" VPOS="2599" HPOS="108" CS="1">
<String CONTENT="&#169;" HEIGHT="52" WIDTH="52" VPOS="2599" HPOS="108"/>
<SP HEIGHT="52" WIDTH="29" VPOS="2599" HPOS="161"/>
<String CONTENT="Sept." HEIGHT="48" WIDTH="128" VPOS="2603" HPOS="191"/>
<SP HEIGHT="41" WIDTH="24" VPOS="2603" HPOS="320"/>
<String CONTENT="2," HEIGHT="47" WIDTH="40" VPOS="2603" HPOS="345"/>
<SP HEIGHT="46" WIDTH="26" VPOS="2604" HPOS="386"/>
<String CS="1" CONTENT="1932;" HEIGHT="41" WIDTH="113" VPOS="2602" HPOS="413"/>
<SP HEIGHT="46" WIDTH="29" VPOS="2603" HPOS="553"/>
<String CONTENT="2c." HEIGHT="40" WIDTH="68" VPOS="2603" HPOS="583"/>
<SP HEIGHT="29" WIDTH="27" VPOS="2614" HPOS="652"/>
<String CONTENT="and" HEIGHT="38" WIDTH="95" VPOS="2605" HPOS="680"/>
<SP HEIGHT="38" WIDTH="27" VPOS="2605" HPOS="776"/>
<String CONTENT="aff." HEIGHT="41" WIDTH="82" VPOS="2603" HPOS="804"/>
<SP HEIGHT="40" WIDTH="28" VPOS="2604" HPOS="887"/>
<String CONTENT="Oct." HEIGHT="40" WIDTH="101" VPOS="2604" HPOS="916"/>
<SP HEIGHT="37" WIDTH="28" VPOS="2606" HPOS="1018"/>
<String CS="1" CONTENT="13;" HEIGHT="39" WIDTH="54" VPOS="2605" HPOS="1047"/>
<SP HEIGHT="46" WIDTH="29" VPOS="2604" HPOS="1130"/>
<!-- cceid 108F938A-6D7D-1014-B4A5-D7A31D17AB40 --><String CONTENT="A" HEIGHT="38" WIDTH="41" VPOS="2604" HPOS="1160"/>
<SP HEIGHT="39" WIDTH="26" VPOS="2604" HPOS="1202"/>
<String CS="1" CONTENT="55549;" HEIGHT="40" WIDTH="143" VPOS="2603" HPOS="1229"/>
<SP HEIGHT="46" WIDTH="28" VPOS="2604" HPOS="1401"/>
<String CONTENT="Natl," HEIGHT="39" WIDTH="130" VPOS="2604" HPOS="1430"/>
<SP HEIGHT="29" WIDTH="30" VPOS="2614" HPOS="1561"/>
<String CONTENT="service" HEIGHT="42" WIDTH="185" VPOS="2602" HPOS="1592"/>
<SP HEIGHT="38" WIDTH="25" VPOS="2614" HPOS="1778"/>
<String CONTENT="pub." HEIGHT="49" WIDTH="109" VPOS="2603" HPOS="1804"/>
<SP HEIGHT="29" WIDTH="29" VPOS="2615" HPOS="1914"/>
<String CONTENT="co." HEIGHT="32" WIDTH="68" VPOS="2612" HPOS="1944"/>
<SP/>
<String CONTENT="(32-31898)" HEIGHT="48" WIDTH="278" VPOS="2659" HPOS="185"/>
</TextLine>
<TextLine HEIGHT="67" WIDTH="1313" VPOS="2747" HPOS="106" STYLEREFS="StyleId-B8952737-432C-45DC-9FF6-7427CB1CAD92-">
<String CONTENT="Child" HEIGHT="56" WIDTH="167" VPOS="2747" HPOS="106"/>
<SP HEIGHT="53" WIDTH="28" VPOS="2748" HPOS="274"/>
<String CONTENT="study" HEIGHT="64" WIDTH="183" VPOS="2748" HPOS="303"/>
<SP HEIGHT="48" WIDTH="23" VPOS="2764" HPOS="487"/>
<String CONTENT="association" HEIGHT="54" WIDTH="356" VPOS="2749" HPOS="511"/>
<SP HEIGHT="37" WIDTH="27" VPOS="2766" HPOS="868"/>
<String CONTENT="of" HEIGHT="53" WIDTH="64" VPOS="2750" HPOS="896"/>
<SP HEIGHT="52" WIDTH="24" VPOS="2750" HPOS="961"/>
<String CONTENT="America," HEIGHT="64" WIDTH="292" VPOS="2750" HPOS="986"/>
<SP HEIGHT="64" WIDTH="29" VPOS="2750" HPOS="1279"/>
<String CONTENT="inc." HEIGHT="54" WIDTH="110" VPOS="2750" HPOS="1309"/>
</TextLine>
<TextLine HEIGHT="71" WIDTH="1921" VPOS="2824" HPOS="176" STYLEREFS="StyleId-B8952737-432C-45DC-9FF6-7427CB1CAD92-">
<String CONTENT="Our" HEIGHT="56" WIDTH="123" VPOS="2824" HPOS="176"/>
<SP HEIGHT="33" WIDTH="42" VPOS="2845" HPOS="300"/>
<String CONTENT="children," HEIGHT="68" WIDTH="274" VPOS="2825" HPOS="343"/>
<SP HEIGHT="48" WIDTH="43" VPOS="2845" HPOS="618"/>
<String CONTENT="a" HEIGHT="34" WIDTH="31" VPOS="2845" HPOS="662"/>
<SP HEIGHT="52" WIDTH="43" VPOS="2827" HPOS="694"/>
<String CONTENT="handbook" HEIGHT="54" WIDTH="304" VPOS="2826" HPOS="738"/>
<SP HEIGHT="52" WIDTH="42" VPOS="2826" HPOS="1043"/>
<String CONTENT="for" HEIGHT="54" WIDTH="94" VPOS="2826" HPOS="1086"/>
<SP HEIGHT="50" WIDTH="41" VPOS="2845" HPOS="1181"/>
<String CONTENT="parents;" HEIGHT="63" WIDTH="259" VPOS="2832" HPOS="1223"/>
<SP HEIGHT="66" WIDTH="45" VPOS="2827" HPOS="1483"/>
<String CONTENT="Dorothy" HEIGHT="67" WIDTH="265" VPOS="2827" HPOS="1529"/>
<SP HEIGHT="68" WIDTH="44" VPOS="2826" HPOS="1795"/>
<String CONTENT="Canfield" HEIGHT="55" WIDTH="257" VPOS="2826" HPOS="1840"/>
</TextLine>
<TextLine HEIGHT="71" WIDTH="1992" VPOS="2901" HPOS="105" STYLEREFS="StyleId-B8952737-432C-45DC-9FF6-7427CB1CAD92-">
<String CONTENT="Fisher," HEIGHT="68" WIDTH="220" VPOS="2902" HPOS="105"/>
<SP HEIGHT="69" WIDTH="50" VPOS="2901" HPOS="326"/>
<String LANG="la" CONTENT="Sidonie" HEIGHT="57" WIDTH="233" VPOS="2901" HPOS="377"/>
<SP HEIGHT="53" WIDTH="46" VPOS="2903" HPOS="611"/>
<String CONTENT="Matsner" HEIGHT="54" WIDTH="258" VPOS="2903" HPOS="658"/>
<SP HEIGHT="55" WIDTH="45" VPOS="2903" HPOS="917"/>
<String CONTENT="Gruenberg," HEIGHT="69" WIDTH="351" VPOS="2903" HPOS="963"/>
<SP HEIGHT="47" WIDTH="47" VPOS="2924" HPOS="1315"/>
<String CONTENT="editors;" HEIGHT="68" WIDTH="238" VPOS="2904" HPOS="1363"/>
<SP HEIGHT="50" WIDTH="52" VPOS="2922" HPOS="1602"/>
<String CONTENT="prepared" HEIGHT="68" WIDTH="281" VPOS="2904" HPOS="1655"/>
<SP HEIGHT="53" WIDTH="47" VPOS="2904" HPOS="1937"/>
<String CONTENT="and" HEIGHT="53" WIDTH="112" VPOS="2905" HPOS="1985"/>
</TextLine>
<TextLine HEIGHT="69" WIDTH="1991" VPOS="2980" HPOS="105" STYLEREFS="StyleId-B8952737-432C-45DC-9FF6-7427CB1CAD92-">
<String CONTENT="sponsored" HEIGHT="66" WIDTH="307" VPOS="2981" HPOS="105"/>
<SP HEIGHT="52" WIDTH="37" VPOS="2981" HPOS="413"/>
<String CONTENT="by" HEIGHT="65" WIDTH="76" VPOS="2981" HPOS="451"/>
<SP HEIGHT="61" WIDTH="35" VPOS="2985" HPOS="528"/>
<String CONTENT="the" HEIGHT="53" WIDTH="95" VPOS="2981" HPOS="564"/>
<SP HEIGHT="55" WIDTH="39" VPOS="2980" HPOS="660"/>
<String CONTENT="Child" HEIGHT="55" WIDTH="173" VPOS="2980" HPOS="700"/>
<SP HEIGHT="53" WIDTH="37" VPOS="2982" HPOS="874"/>
<String CONTENT="study" HEIGHT="68" WIDTH="171" VPOS="2981" HPOS="912"/>
<SP HEIGHT="49" WIDTH="38" VPOS="3000" HPOS="1084"/>
<String CONTENT="association" HEIGHT="53" WIDTH="336" VPOS="2981" HPOS="1123"/>
<SP HEIGHT="34" WIDTH="38" VPOS="3001" HPOS="1460"/>
<String CONTENT="of" HEIGHT="53" WIDTH="65" VPOS="2982" HPOS="1499"/>
<SP HEIGHT="52" WIDTH="36" VPOS="2982" HPOS="1565"/>
<String CONTENT="America." HEIGHT="52" WIDTH="281" VPOS="2982" HPOS="1602"/>
<SP HEIGHT="52" WIDTH="75" VPOS="2982" HPOS="1884"/>
<String CONTENT="New" HEIGHT="53" WIDTH="136" VPOS="2982" HPOS="1960"/>
</TextLine>
<TextLine HEIGHT="70" WIDTH="965" VPOS="3056" HPOS="107" STYLEREFS="StyleId-B8952737-432C-45DC-9FF6-7427CB1CAD92-" CS="1">
<String CONTENT="York," HEIGHT="68" WIDTH="179" VPOS="3056" HPOS="107"/>
<SP HEIGHT="66" WIDTH="27" VPOS="3058" HPOS="287"/>
<String CONTENT="The" HEIGHT="53" WIDTH="122" VPOS="3058" HPOS="315"/>
<SP HEIGHT="53" WIDTH="26" VPOS="3059" HPOS="438"/>
<String CS="1" CONTENT="Viking" HEIGHT="67" WIDTH="163" VPOS="3058" HPOS="523"/>
<SP HEIGHT="49" WIDTH="29" VPOS="3076" HPOS="687"/>
<String CONTENT="press," HEIGHT="50" WIDTH="173" VPOS="3076" HPOS="717"/>
<SP HEIGHT="64" WIDTH="31" VPOS="3062" HPOS="891"/>
<String CONTENT="1932." HEIGHT="51" WIDTH="149" VPOS="3061" HPOS="923"/>
</TextLine>
<TextLine HEIGHT="50" WIDTH="604" VPOS="3129" HPOS="176" STYLEREFS="StyleId-B8952737-432C-45DC-9FF6-7427CB1CAD92-" CS="1">
<String CONTENT="ix." HEIGHT="42" WIDTH="65" VPOS="3129" HPOS="176"/>
<SP HEIGHT="40" WIDTH="26" VPOS="3131" HPOS="242"/>
<String CONTENT="348" HEIGHT="40" WIDTH="87" VPOS="3131" HPOS="269"/>
<SP HEIGHT="47" WIDTH="25" VPOS="3131" HPOS="357"/>
<String CONTENT="p." HEIGHT="37" WIDTH="44" VPOS="3141" HPOS="383"/>
<SP HEIGHT="40" WIDTH="57" VPOS="3131" HPOS="428"/>
<String CONTENT="diagrs." HEIGHT="48" WIDTH="178" VPOS="3131" HPOS="486"/>
<SP HEIGHT="39" WIDTH="59" VPOS="3131" HPOS="665"/>
<String CONTENT="22" HEIGHT="40" WIDTH="55" VPOS="3130" HPOS="725"/>
<String STYLE="superscript" CS="1" CONTENT="&#7580;&#7504;."/>
</TextLine>
<TextLine HEIGHT="49" WIDTH="696" VPOS="3186" HPOS="177">
<String CONTENT="Bibliography" HEIGHT="48" WIDTH="348" VPOS="3186" HPOS="177"/>
<SP HEIGHT="37" WIDTH="16" VPOS="3197" HPOS="526"/>
<String CONTENT=":" HEIGHT="29" WIDTH="9" VPOS="3197" HPOS="543"/>
<SP HEIGHT="38" WIDTH="31" VPOS="3197" HPOS="553"/>
<String CONTENT="p." HEIGHT="37" WIDTH="43" VPOS="3198" HPOS="585"/>
<SP HEIGHT="40" WIDTH="26" VPOS="3188" HPOS="629"/>
<String CONTENT="327-333." HEIGHT="41" WIDTH="217" VPOS="3187" HPOS="656"/>
</TextLine>
<TextLine HEIGHT="55" WIDTH="1986" VPOS="3239" HPOS="111" CS="1">
<String CONTENT="&#169;" HEIGHT="52" WIDTH="52" VPOS="3239" HPOS="111"/>
<SP HEIGHT="52" WIDTH="33" VPOS="3239" HPOS="164"/>
<String CONTENT="Oct." HEIGHT="41" WIDTH="102" VPOS="3243" HPOS="198"/>
<SP HEIGHT="39" WIDTH="31" VPOS="3245" HPOS="301"/>
<String CONTENT="17," HEIGHT="45" WIDTH="68" VPOS="3245" HPOS="333"/>
<SP HEIGHT="45" WIDTH="31" VPOS="3245" HPOS="402"/>
<String CS="1" CONTENT="1932;" HEIGHT="41" WIDTH="114" VPOS="3243" HPOS="434"/>
<SP HEIGHT="46" WIDTH="33" VPOS="3244" HPOS="575"/>
<String CONTENT="2c." HEIGHT="41" WIDTH="66" VPOS="3244" HPOS="609"/>
<SP HEIGHT="40" WIDTH="34" VPOS="3244" HPOS="676"/>
<String CONTENT="Oct." HEIGHT="42" WIDTH="103" VPOS="3244" HPOS="711"/>
<SP HEIGHT="42" WIDTH="29" VPOS="3244" HPOS="815"/>
<String CS="1" CONTENT="20;" HEIGHT="40" WIDTH="57" VPOS="3244" HPOS="845"/>
<SP HEIGHT="36" WIDTH="34" VPOS="3256" HPOS="929"/>
<String CONTENT="aff." HEIGHT="41" WIDTH="82" VPOS="3245" HPOS="964"/>
<SP HEIGHT="40" WIDTH="33" VPOS="3246" HPOS="1047"/>
<String CONTENT="Oct." HEIGHT="41" WIDTH="101" VPOS="3246" HPOS="1081"/>
<SP HEIGHT="40" WIDTH="33" VPOS="3247" HPOS="1183"/>
<String CS="1" CONTENT="18;" HEIGHT="40" WIDTH="55" VPOS="3246" HPOS="1217"/>
<SP HEIGHT="46" WIDTH="33" VPOS="3247" HPOS="1299"/>
<!-- cceid 108FB2C9-6D7D-1014-B4A5-D7A31D17AB40 --><String CONTENT="A" HEIGHT="38" WIDTH="43" VPOS="3247" HPOS="1333"/>
<SP HEIGHT="39" WIDTH="30" VPOS="3247" HPOS="1377"/>
<String CS="1" CONTENT="56626;" HEIGHT="40" WIDTH="145" VPOS="3246" HPOS="1408"/>
<SP HEIGHT="46" WIDTH="36" VPOS="3247" HPOS="1578"/>
<String CONTENT="Child" HEIGHT="40" WIDTH="141" VPOS="3247" HPOS="1615"/>
<SP HEIGHT="39" WIDTH="33" VPOS="3248" HPOS="1757"/>
<String CONTENT="study" HEIGHT="47" WIDTH="144" VPOS="3247" HPOS="1791"/>
<SP HEIGHT="36" WIDTH="33" VPOS="3258" HPOS="1936"/>
<String CONTENT="assn." HEIGHT="30" WIDTH="127" VPOS="3257" HPOS="1970"/>
</TextLine>
<TextLine HEIGHT="50" WIDTH="962" VPOS="3299" HPOS="178">
<String CONTENT="of" HEIGHT="40" WIDTH="52" VPOS="3300" HPOS="178"/>
<SP HEIGHT="39" WIDTH="18" VPOS="3300" HPOS="231"/>
<String CONTENT="America," HEIGHT="48" WIDTH="237" VPOS="3299" HPOS="250"/>
<SP HEIGHT="46" WIDTH="22" VPOS="3301" HPOS="488"/>
<String CONTENT="New" HEIGHT="38" WIDTH="116" VPOS="3301" HPOS="511"/>
<SP HEIGHT="38" WIDTH="21" VPOS="3301" HPOS="628"/>
<String CONTENT="York." HEIGHT="40" WIDTH="144" VPOS="3301" HPOS="650"/>
<SP HEIGHT="47" WIDTH="67" VPOS="3302" HPOS="795"/>
<String CONTENT="(32-31705)" HEIGHT="48" WIDTH="277" VPOS="3301" HPOS="863"/>
</TextLine>
<TextLine HEIGHT="68" WIDTH="1134" VPOS="3388" HPOS="108" STYLEREFS="StyleId-B8952737-432C-45DC-9FF6-7427CB1CAD92-">
<String CONTENT="Clarke," HEIGHT="66" WIDTH="226" VPOS="3388" HPOS="108"/>
<SP HEIGHT="64" WIDTH="32" VPOS="3390" HPOS="335"/>
<String CONTENT="Hermann" HEIGHT="53" WIDTH="303" VPOS="3390" HPOS="368"/>
<SP HEIGHT="53" WIDTH="32" VPOS="3390" HPOS="672"/>
<String CONTENT="Frederick," HEIGHT="66" WIDTH="330" VPOS="3390" HPOS="705"/>
<SP HEIGHT="58" WIDTH="34" VPOS="3398" HPOS="1036"/>
<String CONTENT="1882-" HEIGHT="50" WIDTH="171" VPOS="3397" HPOS="1071"/>
</TextLine>
<TextLine HEIGHT="73" WIDTH="1924" VPOS="3465" HPOS="176" STYLEREFS="StyleId-B8952737-432C-45DC-9FF6-7427CB1CAD92-">
<String CONTENT="John" HEIGHT="54" WIDTH="158" VPOS="3466" HPOS="176"/>
<SP HEIGHT="55" WIDTH="31" VPOS="3465" HPOS="335"/>
<String CONTENT="Coney," HEIGHT="69" WIDTH="207" VPOS="3465" HPOS="367"/>
<SP HEIGHT="49" WIDTH="29" VPOS="3485" HPOS="575"/>
<String CONTENT="silversmith," HEIGHT="69" WIDTH="366" VPOS="3466" HPOS="605"/>
<SP HEIGHT="63" WIDTH="30" VPOS="3472" HPOS="972"/>
<String CONTENT="1655-1722," HEIGHT="69" WIDTH="326" VPOS="3468" HPOS="1003"/>
<SP HEIGHT="67" WIDTH="28" VPOS="3470" HPOS="1330"/>
<String CONTENT="by" HEIGHT="68" WIDTH="75" VPOS="3470" HPOS="1359"/>
<SP HEIGHT="68" WIDTH="27" VPOS="3470" HPOS="1435"/>
<String CONTENT="Hermann" HEIGHT="52" WIDTH="298" VPOS="3470" HPOS="1463"/>
<SP HEIGHT="51" WIDTH="29" VPOS="3471" HPOS="1762"/>
<String CONTENT="Frederick" HEIGHT="54" WIDTH="308" VPOS="3468" HPOS="1792"/>
</TextLine>
<TextLine HEIGHT="70" WIDTH="1989" VPOS="3543" HPOS="111" STYLEREFS="StyleId-B8952737-432C-45DC-9FF6-7427CB1CAD92-">
<String CONTENT="Clarke;" HEIGHT="66" WIDTH="233" VPOS="3543" HPOS="111"/>
<SP HEIGHT="48" WIDTH="52" VPOS="3561" HPOS="345"/>
<String CONTENT="with" HEIGHT="52" WIDTH="140" VPOS="3543" HPOS="398"/>
<SP HEIGHT="52" WIDTH="48" VPOS="3543" HPOS="539"/>
<String CONTENT="introduction" HEIGHT="54" WIDTH="388" VPOS="3543" HPOS="588"/>
<SP HEIGHT="52" WIDTH="49" VPOS="3546" HPOS="977"/>
<String CONTENT="by" HEIGHT="67" WIDTH="74" VPOS="3546" HPOS="1027"/>
<SP HEIGHT="67" WIDTH="47" VPOS="3546" HPOS="1102"/>
<String CONTENT="Hollis" HEIGHT="54" WIDTH="192" VPOS="3546" HPOS="1150"/>
<SP HEIGHT="53" WIDTH="49" VPOS="3547" HPOS="1343"/>
<String CONTENT="French." HEIGHT="53" WIDTH="239" VPOS="3547" HPOS="1393"/>
<SP HEIGHT="52" WIDTH="87" VPOS="3547" HPOS="1633"/>
<String CONTENT="Boston" HEIGHT="52" WIDTH="217" VPOS="3547" HPOS="1721"/>
<SP HEIGHT="34" WIDTH="48" VPOS="3565" HPOS="1939"/>
<String CONTENT="and" HEIGHT="54" WIDTH="112" VPOS="3545" HPOS="1988"/>
</TextLine>
<TextLine HEIGHT="72" WIDTH="1428" VPOS="3619" HPOS="107" STYLEREFS="StyleId-B8952737-432C-45DC-9FF6-7427CB1CAD92-">
<String CONTENT="New" HEIGHT="53" WIDTH="139" VPOS="3619" HPOS="107"/>
<SP HEIGHT="52" WIDTH="28" VPOS="3620" HPOS="247"/>
<String CONTENT="York," HEIGHT="68" WIDTH="178" VPOS="3619" HPOS="276"/>
<SP HEIGHT="67" WIDTH="25" VPOS="3620" HPOS="455"/>
<String CONTENT="Houghton" HEIGHT="67" WIDTH="320" VPOS="3620" HPOS="481"/>
<SP HEIGHT="52" WIDTH="23" VPOS="3621" HPOS="802"/>
<String CONTENT="Mifflin" HEIGHT="53" WIDTH="205" VPOS="3621" HPOS="826"/>
<SP HEIGHT="34" WIDTH="25" VPOS="3641" HPOS="1032"/>
<String CONTENT="company," HEIGHT="50" WIDTH="296" VPOS="3641" HPOS="1058"/>
<SP HEIGHT="62" WIDTH="29" VPOS="3629" HPOS="1355"/>
<String CONTENT="1932." HEIGHT="50" WIDTH="150" VPOS="3627" HPOS="1385"/>
</TextLine>
<TextLine HEIGHT="51" WIDTH="1612" VPOS="3692" HPOS="178" CS="1">
<String CONTENT="5" HEIGHT="39" WIDTH="29" VPOS="3693" HPOS="178"/>
<SP/>
<String CS="1" CONTENT="p."/>
<SP/>
<String CS="1" CONTENT="l.," HEIGHT="17" WIDTH="9" VPOS="3722" HPOS="345"/>
<SP HEIGHT="30" WIDTH="34" VPOS="3711" HPOS="355"/>
<String CONTENT="[ix]-xv," HEIGHT="48" WIDTH="190" VPOS="3693" HPOS="390"/>
<SP HEIGHT="47" WIDTH="32" VPOS="3692" HPOS="581"/>
<String CONTENT="92" HEIGHT="40" WIDTH="55" VPOS="3692" HPOS="614"/>
<SP HEIGHT="47" WIDTH="29" VPOS="3693" HPOS="670"/>
<String CONTENT="p." HEIGHT="36" WIDTH="44" VPOS="3704" HPOS="700"/>
<SP HEIGHT="40" WIDTH="57" VPOS="3693" HPOS="745"/>
<String CONTENT="front." HEIGHT="39" WIDTH="149" VPOS="3693" HPOS="803"/>
<SP HEIGHT="46" WIDTH="26" VPOS="3694" HPOS="953"/>
<String CONTENT="(port.)" HEIGHT="48" WIDTH="171" VPOS="3694" HPOS="980"/>
<SP HEIGHT="46" WIDTH="40" VPOS="3696" HPOS="1152"/>
<String CS="1" CONTENT="XXXI"/>
<SP HEIGHT="36" WIDTH="30" VPOS="3707" HPOS="1318"/>
<String CS="1" CONTENT="pl.," HEIGHT="16" WIDTH="9" VPOS="3726" HPOS="1416"/>
<SP HEIGHT="45" WIDTH="29" VPOS="3697" HPOS="1426"/>
<String CONTENT="facsims." HEIGHT="40" WIDTH="215" VPOS="3696" HPOS="1456"/>
<SP HEIGHT="38" WIDTH="58" VPOS="3696" HPOS="1672"/>
<String CONTENT="26" HEIGHT="38" WIDTH="59" VPOS="3696" HPOS="1731"/>
<String STYLE="superscript" CS="1" CONTENT="&#7580;&#7504;."/>
</TextLine>
<TextLine HEIGHT="52" WIDTH="1919" VPOS="3748" HPOS="182">
<String CONTENT="&#8220;Three" HEIGHT="40" WIDTH="181" VPOS="3748" HPOS="182"/>
<SP HEIGHT="39" WIDTH="25" VPOS="3749" HPOS="364"/>
<String CONTENT="hundred" HEIGHT="39" WIDTH="221" VPOS="3749" HPOS="390"/>
<SP HEIGHT="39" WIDTH="24" VPOS="3749" HPOS="612"/>
<String CONTENT="and" HEIGHT="38" WIDTH="94" VPOS="3750" HPOS="637"/>
<SP HEIGHT="39" WIDTH="25" VPOS="3750" HPOS="732"/>
<String CONTENT="sixty-five" HEIGHT="49" WIDTH="242" VPOS="3748" HPOS="758"/>
<SP HEIGHT="30" WIDTH="25" VPOS="3760" HPOS="1001"/>
<String CONTENT="numbered" HEIGHT="40" WIDTH="262" VPOS="3751" HPOS="1027"/>
<SP HEIGHT="40" WIDTH="24" VPOS="3752" HPOS="1290"/>
<String CONTENT="copies" HEIGHT="49" WIDTH="159" VPOS="3751" HPOS="1315"/>
<SP HEIGHT="29" WIDTH="25" VPOS="3762" HPOS="1475"/>
<String CONTENT="of" HEIGHT="40" WIDTH="52" VPOS="3752" HPOS="1501"/>
<SP HEIGHT="40" WIDTH="24" VPOS="3752" HPOS="1554"/>
<String CONTENT="this" HEIGHT="41" WIDTH="98" VPOS="3751" HPOS="1579"/>
<SP HEIGHT="40" WIDTH="24" VPOS="3752" HPOS="1678"/>
<String CONTENT="book," HEIGHT="48" WIDTH="136" VPOS="3750" HPOS="1703"/>
<SP HEIGHT="37" WIDTH="24" VPOS="3761" HPOS="1840"/>
<String CONTENT="of" HEIGHT="40" WIDTH="51" VPOS="3751" HPOS="1865"/>
<SP HEIGHT="39" WIDTH="25" VPOS="3751" HPOS="1917"/>
<String CONTENT="which" HEIGHT="42" WIDTH="158" VPOS="3748" HPOS="1943"/>
</TextLine>
<TextLine HEIGHT="52" WIDTH="1991" VPOS="3804" HPOS="110" CS="1">
<String CONTENT="three" HEIGHT="41" WIDTH="136" VPOS="3804" HPOS="110"/>
<SP HEIGHT="39" WIDTH="29" VPOS="3805" HPOS="247"/>
<String CONTENT="hundred" HEIGHT="39" WIDTH="222" VPOS="3805" HPOS="277"/>
<SP HEIGHT="39" WIDTH="28" VPOS="3805" HPOS="500"/>
<String CONTENT="and" HEIGHT="38" WIDTH="95" VPOS="3806" HPOS="529"/>
<SP HEIGHT="40" WIDTH="30" VPOS="3804" HPOS="625"/>
<String CONTENT="fifty" HEIGHT="48" WIDTH="112" VPOS="3804" HPOS="656"/>
<SP HEIGHT="37" WIDTH="28" VPOS="3815" HPOS="769"/>
<String CONTENT="are" HEIGHT="30" WIDTH="84" VPOS="3815" HPOS="798"/>
<SP HEIGHT="40" WIDTH="27" VPOS="3806" HPOS="883"/>
<String CONTENT="for" HEIGHT="40" WIDTH="80" VPOS="3806" HPOS="911"/>
<SP HEIGHT="30" WIDTH="29" VPOS="3816" HPOS="992"/>
<String CONTENT="sale," HEIGHT="47" WIDTH="115" VPOS="3807" HPOS="1022"/>
<SP HEIGHT="36" WIDTH="31" VPOS="3818" HPOS="1138"/>
<String CONTENT="were" HEIGHT="32" WIDTH="125" VPOS="3816" HPOS="1170"/>
<SP HEIGHT="37" WIDTH="30" VPOS="3819" HPOS="1296"/>
<String CONTENT="printed" HEIGHT="49" WIDTH="194" VPOS="3807" HPOS="1327"/>
<SP HEIGHT="39" WIDTH="33" VPOS="3809" HPOS="1522"/>
<String CS="1" CONTENT="&#8230;"/>
<SP HEIGHT="41" WIDTH="32" VPOS="3807" HPOS="1605"/>
<String CONTENT="in" HEIGHT="41" WIDTH="51" VPOS="3807" HPOS="1638"/>
<SP HEIGHT="42" WIDTH="31" VPOS="3807" HPOS="1690"/>
<String CONTENT="October," HEIGHT="48" WIDTH="218" VPOS="3807" HPOS="1722"/>
<SP HEIGHT="48" WIDTH="30" VPOS="3807" HPOS="1941"/>
<String CONTENT="1932." HEIGHT="42" WIDTH="129" VPOS="3805" HPOS="1972"/>
</TextLine>
<TextLine HEIGHT="43" WIDTH="572" VPOS="3858" HPOS="108">
<String CONTENT="This" HEIGHT="41" WIDTH="118" VPOS="3859" HPOS="108"/>
<SP HEIGHT="40" WIDTH="25" VPOS="3860" HPOS="227"/>
<String CONTENT="is" HEIGHT="40" WIDTH="42" VPOS="3860" HPOS="253"/>
<SP HEIGHT="29" WIDTH="27" VPOS="3871" HPOS="296"/>
<String CONTENT="number" HEIGHT="40" WIDTH="201" VPOS="3860" HPOS="324"/>
<SP HEIGHT="41" WIDTH="24" VPOS="3860" HPOS="526"/>
<String CONTENT="360.&#8221;" HEIGHT="43" WIDTH="129" VPOS="3858" HPOS="551"/>
</TextLine>
<TextLine HEIGHT="107" WIDTH="1973" VPOS="3911" HPOS="113" CS="1">
<String CONTENT="&#169;" HEIGHT="53" WIDTH="53" VPOS="3911" HPOS="113"/>
<SP HEIGHT="53" WIDTH="26" VPOS="3911" HPOS="167"/>
<String CONTENT="Nov." HEIGHT="40" WIDTH="118" VPOS="3916" HPOS="194"/>
<SP HEIGHT="39" WIDTH="27" VPOS="3917" HPOS="313"/>
<String CONTENT="2," HEIGHT="48" WIDTH="40" VPOS="3917" HPOS="341"/>
<SP HEIGHT="47" WIDTH="27" VPOS="3918" HPOS="382"/>
<String CS="1" CONTENT="1932;" HEIGHT="41" WIDTH="113" VPOS="3916" HPOS="410"/>
<SP HEIGHT="46" WIDTH="29" VPOS="3917" HPOS="551"/>
<String CONTENT="2c." HEIGHT="40" WIDTH="67" VPOS="3917" HPOS="581"/>
<SP HEIGHT="40" WIDTH="26" VPOS="3917" HPOS="649"/>
<String CONTENT="Nov." HEIGHT="40" WIDTH="118" VPOS="3917" HPOS="676"/>
<SP HEIGHT="40" WIDTH="28" VPOS="3917" HPOS="795"/>
<String CS="1" CONTENT="5;" HEIGHT="40" WIDTH="27" VPOS="3917" HPOS="824"/>
<SP HEIGHT="36" WIDTH="30" VPOS="3928" HPOS="877"/>
<String CONTENT="aff." HEIGHT="40" WIDTH="83" VPOS="3918" HPOS="908"/>
<SP HEIGHT="40" WIDTH="28" VPOS="3918" HPOS="992"/>
<String CONTENT="Nov." HEIGHT="41" WIDTH="117" VPOS="3918" HPOS="1021"/>
<SP HEIGHT="39" WIDTH="27" VPOS="3920" HPOS="1139"/>
<String CS="1" CONTENT="4;" HEIGHT="38" WIDTH="27" VPOS="3920" HPOS="1167"/>
<SP HEIGHT="46" WIDTH="32" VPOS="3920" HPOS="1221"/>
<!-- cceid 108FD319-6D7D-1014-B4A5-D7A31D17AB40 --><String CONTENT="A" HEIGHT="38" WIDTH="41" VPOS="3920" HPOS="1254"/>
<SP HEIGHT="40" WIDTH="27" VPOS="3920" HPOS="1296"/>
<String CS="1" CONTENT="56904;" HEIGHT="41" WIDTH="142" VPOS="3919" HPOS="1324"/>
<SP HEIGHT="46" WIDTH="33" VPOS="3921" HPOS="1494"/>
<String LANG="fr" CONTENT="H." HEIGHT="41" WIDTH="59" VPOS="3921" HPOS="1528"/>
<SP HEIGHT="41" WIDTH="32" VPOS="3920" HPOS="1588"/>
<String CONTENT="F." HEIGHT="41" WIDTH="50" VPOS="3920" HPOS="1621"/>
<SP HEIGHT="41" WIDTH="31" VPOS="3920" HPOS="1672"/>
<String CONTENT="Clarke," HEIGHT="47" WIDTH="189" VPOS="3919" HPOS="1704"/>
<SP HEIGHT="46" WIDTH="29" VPOS="3920" HPOS="1894"/>
<String CONTENT="Brookline," HEIGHT="101" WIDTH="1908" VPOS="3917" HPOS="178"/>
</TextLine>
<TextLine HEIGHT="46" WIDTH="495" VPOS="3972" HPOS="315">
<String CONTENT="Mass." HEIGHT="39" WIDTH="146" VPOS="3974" HPOS="315"/>
<SP HEIGHT="44" WIDTH="69" VPOS="3974" HPOS="462"/>
<String CONTENT="(32-31712)" HEIGHT="46" WIDTH="278" VPOS="3972" HPOS="532"/>
</TextLine>
</TextBlock>
</PrintSpace>
</Page>
</Layout>
</alto>