2563 4368
1068 4063 100 48 369

124 467 303 54 Alabama.
500 463 277 69 Supreme
806 466 174 52 court.

123 532 1958 144 Report of cases argued and determined … during the October
251 629 163 59 term,
447 622 326 65 1930-1931,
806 618 325 52 1931-1932.
1206 615 90 69 By
1330 615 179 54 Noble
1542 615 76 51 H.
1656 614 163 67 Seay,
1852 617 255 64 reporter

125 702 61 50 of
218 698 274 54 decisions.
583 714 49 34 v.
665 699 118 49 223.
861 694 81 55 St.
974 695 166 64 Paul,
1167 696 160 54 West
1357 691 335 70 publishing
1722 710 98 47 co.,
1852 691 149 53 1932.

193 771 398 49 xiv, 766 p. 26 ᶜᵐ.
127 840 51 53 ©
209 845 120 39 Mar.
359 843 68 48 21,
457 839 140 49 1932;
627 841 68 40 2c.
725 840 95 40 and
849 838 81 41 aff.
961 839 112 47 Apr.
1104 837 82 47 21;
1218 836 41 40 A
1289 836 170 46 50869;
1493 837 52 38 B.
1578 836 63 42 M.
1673 834 173 48 Miller,
1878 842 235 39 governor

196 900 54 41 of
274 901 250 46 Alabama,
554 897 79 40 for
661 907 84 30 use
773 897 54 40 of
854 895 107 41 said
992 896 141 46 state,
1165 894 347 48 Montgomery,
1543 892 104 41 Ala.

126 1033 185 65 Allen,
342 1029 239 56 Merritt
610 1027 319 66 Parmelee,
965 1032 169 51 1892-

123 1099 1965 141 Wilderness diamonds, by Merritt Parmelee Allen … illustrated
124 1176 1965 155 by Manning De V. Lee. New York, London, The Century co. [ ᶜ1 932]
193 1330 910 55 ix, 245 p. illus. 19½ ᶜᵐ. $2.00
128 1407 51 53 ©
212 1411 120 39 Mar.
363 1408 68 48 22,
463 1405 113 43 1932;
635 1407 68 40 2c.
734 1406 94 40 and
860 1404 82 40 aff.
975 1405 121 38 Mar.
1128 1403 55 39 24;
1245 1402 39 41 A
1315 1401 144 42 49275;
1521 1401 214 49 Century
1766 1411 66 31 co.

206 1464 248 51 (32-7607)

126 1599 266 66 Allendy,
423 1597 161 53 René
613 1594 182 66 Félix,
829 1600 170 49 1889-

124 1665 1965 145 … La psychanalyse; doctrines et applications. Paris, Denoël
277 1753 447 67 et Steele [ 1931]
194 1817 1911 60 2 p. l., [7]-247, [1] p. 19ᶜᵐ. (On cover : Bibliothèque psychanalytique)
195 1899 62 40 At
283 1898 122 40 head
432 1896 51 40 of
510 1894 107 42 title:
671 1895 42 38 Dʳ
759 1892 132 41 René
916 1892 217 47 Allendy.

131 1957 1985 63 © Oct. 25, 1931; 1c. Jan. 18, 1932; A—Foreign 15263; Denoël & Steele.
209 2024 250 51 (32-7805)

131 2156 356 66 Allingham,
517 2156 298 64 Margery,
846 2157 170 52 1904-

256 2223 1860 72 … Police at the funeral … Garden City, N. Y., Pub. for
127 2312 92 53 the
261 2311 191 55 Crime
491 2309 145 67 club,
676 2308 126 67 inc.,
841 2307 74 62 by
956 2301 354 68 Doubleday,
1350 2301 194 52 Doran
1586 2304 46 49 &
1671 2320 297 50 company,
2008 2302 106 56 inc.

205 2392 30 40 [ ᶜ1 932]
196 2448 1392 54 5 p. l., ix-x p., 1 l., 304 p. front. (geneal. tab.) 19½ ᶜᵐ.
197 2523 284 40 Illustrated
511 2521 336 50 lining-paper.

196 2579 162 40 “First
386 2576 226 43 edition.”

134 2646 50 53 ©
218 2652 120 37 Mar.
372 2650 68 46 17,
475 2647 139 50 1932;
649 2649 67 41 2c.
751 2650 93 39 and
879 2649 82 41 aff.
995 2649 121 39 Mar.
1150 2648 82 47 21;
1268 2648 40 41 A
1341 2647 170 48 49259;
1549 2649 297 49 Doubleday,
1882 2649 165 40 Doran
2083 2648 36 41 &

197 2717 83 37 co.,
307 2707 90 40 inc.
467 2705 251 50 (32-7609)

131 2840 310 55 American
470 2839 171 55 home
669 2838 325 56 economics
1021 2838 376 57 association.

193 2916 182 54 Home
415 2916 309 55 economics
765 2917 113 52 and
918 2916 301 54 education
1260 2915 94 56 for
1394 2916 209 68 family
1641 2916 124 68 life,
1807 2917 189 53 edited
2036 2917 72 66 by

126 2988 1987 75 Esther McGinnis … Washington, D. C., American home
124 3069 899 71 economics association [ ᶜ1 932]
195 3143 242 49 58 p. 23 ᶜᵐ.
196 3213 205 50 Reports
442 3214 50 41 of
531 3214 81 42 the
652 3212 309 43 conferences
999 3214 111 40 held
1151 3215 60 46 by
1252 3214 81 41 the
1374 3213 256 42 American
1671 3215 137 41 home
1849 3217 265 41 economics

128 3271 291 42 association
453 3272 154 41 under
643 3273 80 39 the
758 3270 277 50 leadership
1070 3271 51 40 of
1157 3270 138 41 Anna
1333 3271 52 39 E.
1424 3270 303 43 Richardson
1762 3273 177 49 during
1974 3272 143 41 1929-

129 3327 124 44 1930.
315 3330 61 46 cf.
411 3329 129 41 Pref.

198 3383 343 43 “References”
571 3387 53 38 at
651 3385 90 41 end
771 3384 51 42 of
848 3385 117 40 each
994 3384 200 48 chapter
1221 3386 170 47 except
1419 3386 202 47 chapter
1670 3415 10 10 I.

135 3452 52 53 ©
218 3457 119 42 Mar.
366 3459 40 40 7,
437 3457 114 40 1932;
608 3457 70 39 2c.
707 3457 95 39 and
834 3455 83 40 aff.
946 3455 123 39 Mar.
1100 3454 54 40 12;
1215 3454 40 39 A
1285 3453 146 42 49082;
1489 3456 146 41 Amer.
1683 3457 137 39 home
1850 3454 267 43 economics

203 3524 124 30 assn.
397 3513 248 48 (32-7501)

133 3628 251 58 Arizona
412 3631 109 52 and
552 3629 210 57 Pacific
791 3629 201 69 digest,
1019 3627 267 71 covering
1314 3630 76 51 all
1419 3648 150 37 cases
1597 3631 265 69 reported
1889 3630 60 53 in
202 3630 1882 131 Arizona

364 3713 237 62 reports,
628 3709 323 65 1866-1931,
977 3705 210 55 Pacific
1213 3712 272 63 reporter,
1510 3708 251 54 volumes
1787 3711 185 65 1-300,
1998 3709 112 54 and

204 3780 1846 75 all of the Pacific states reports from the earliest times …
203 3862 297 70 Compiled
554 3863 112 54 and
721 3863 189 53 edited
966 3863 73 68 by
1094 3863 95 53 the
1245 3862 338 69 publisher’s
1639 3864 265 56 editorial
1960 3863 134 57 staff.

204 3958 48 37 v.
282 3941 114 53 5-7.
472 3940 82 55 St.
586 3942 164 66 Paul,
777 3943 159 55 West
963 3939 336 72 publishing
1326 3960 98 49 co.,
1454 3945 150 51 1932.
