2563 4368
1293 4073 136 52 1610

406 527 942 51 3 p. l., 271 p. illus., diagrs. 20ᶜᵐ.
342 591 51 51 ©
426 595 101 40 Oct.
557 594 68 47 14,
657 592 140 44 1932;
829 593 67 41 2c.
928 595 95 38 and
1053 593 82 41 aff.
1168 592 102 41 Oct.
1300 593 54 39 17;
1415 592 39 39 A
1485 591 171 48 56540;
1691 592 289 47 Goodheart,
2014 590 206 42 Willcox
2251 602 81 34 co.,

410 650 91 41 inc.
572 650 278 48 (32-30672)

340 752 120 52 The
499 752 316 54 American
853 752 104 52 bar
1000 754 171 64 [1933]
1251 753 55 51 A
1341 749 396 70 biographical
1778 750 284 67 directory
2101 750 64 53 of
410 767 1897 132 contemporary

779 831 239 68 lawyers
1059 830 62 52 of
1161 830 95 52 the
1294 829 217 55 United
1554 829 205 57 States,
1800 829 254 66 Canada,
2092 827 241 68 Mexico,

415 906 182 57 South
639 908 284 68 America,
969 908 233 54 Central
1245 908 266 53 America
1554 909 112 52 and
1709 909 160 53 West
1911 907 211 53 Indies.
413 909 1895 145 Prepared

625 985 1710 70 and edited by James Clark Fifield … Minneapolis,
412 1064 1181 70 The James C. Fifield company [ ᶜ19 32]
416 1139 645 50 1307, [1] p. illus. 27 ᶜᵐ .
349 1193 51 51 ©
430 1197 118 40 Nov.
576 1197 68 41 25,
675 1196 139 48 1932;
845 1197 67 40 2c.
942 1198 95 39 and
1066 1197 81 40 aff.
1177 1197 118 39 Nov.
1325 1196 55 40 28;
1439 1197 41 38 A
1509 1196 169 46 58126;
1712 1197 164 39 James
1908 1196 47 40 C.
1989 1195 169 40 Fifield
2189 1206 68 30 co.

347 1300 313 54 American
694 1301 277 52 institute
1003 1301 63 52 of
1098 1300 281 53 chemical
1412 1300 329 63 engineers.

416 1376 1923 70 Transactions … Volume XXVII, containing papers read at
346 1454 1992 72 Atlantic City, New Jersey, December 9-11, 1931 … New
349 1535 180 67 York,
556 1538 69 50 D.
659 1537 127 53 Van
816 1535 292 54 Nostrand
1137 1554 297 50 company,
1463 1535 125 69 inc.,
1619 1537 150 50 1932.

419 1608 1449 50 iv, 425 p. front. (port.) illus., tables, diagrs. 23½ᶜᵐ.
354 1663 51 51 ©
442 1666 126 48 Sept.
603 1666 56 41 28,
766 1666 54 40 1932;
883 1666 68 40 2c.
985 1667 118 40 Nov.
1136 1666 56 40 25;
1255 1667 81 39 aff.
1371 1666 118 40 Nov.
1524 1665 56 41 30;
1643 1666 41 38 A
1719 1664 142 41 57274;
1926 1664 144 38 Amer.
2119 1662 227 41 institute

422 1722 51 40 of
505 1722 231 41 chemical
769 1722 263 48 engineers,
1067 1722 352 48 Philadelphia.

352 1823 327 66 Anderson,
707 1826 168 53 Hans
902 1825 210 66 Steele,
1145 1827 169 55 1877-

423 1898 1922 73 Science of food & cookery, by H. S. Anderson … Mountain
352 1979 178 68 View,
556 1977 197 69 Calif.,
778 1980 301 66 Portland,
1106 1978 98 56 Or.
1257 1985 120 62 [etc.]
1410 1978 211 55 Pacific
1649 1997 156 50 press
1834 1977 334 70 publishing
352 1995 1967 115 association

706 2059 84 64 [ ᶜ19 32]
422 2127 1285 51 2 p. l., 3-298 p. incl. front., illus., diagr. 22½ᶜᵐ.
423 2185 159 40 Blank
609 2195 148 37 pages
787 2185 79 40 for
897 2184 311 41 “Additional
1242 2184 210 47 recipes”
1496 2184 249 48 (287-288)

426 2240 171 41 “Sixth
626 2240 228 41 edition.”

360 2295 51 51 ©
443 2299 102 40 Oct.
574 2299 69 46 12,
673 2298 112 41 1932;
845 2299 66 40 2c.
944 2301 94 38 and
1070 2299 81 40 aff.
1184 2299 101 40 Oct.
1316 2298 54 40 19;
1430 2300 41 38 A
1500 2299 141 39 56561;
1705 2298 176 40 Pacific
1912 2308 135 38 press
2077 2298 111 48 pub.
2220 2307 127 30 assn.

431 2352 68 53 [©
527 2355 209 40 revision
764 2355 34 40 &
826 2366 105 30 new
958 2356 192 48 matter]
1223 2355 278 47 (32-30506)

356 2458 236 65 Baradi,
622 2460 227 54 Mauro.

426 2533 178 54 Life’s
642 2553 250 50 message
929 2540 58 47 to
1025 2535 196 68 youth,
1259 2534 75 69 by
1373 2534 205 54 Mauro
1619 2533 247 68 Baradi;
1909 2533 324 54 illustrated
2273 2533 70 69 by

358 2611 234 56 Gabriel
630 2612 65 52 B.
734 2612 234 68 Napisa.
1039 2611 402 70 Washington,
1477 2613 72 52 D.
1588 2611 63 56 C.
1690 2613 114 52 and
1841 2610 333 69 Baltimore,
2209 2610 141 69 Md.,

358 2690 121 53 The
509 2689 408 68 French-Bray
951 2690 261 69 printing
1243 2707 280 52 company
1558 2693 192 64 [ᶜ1932]

429 2761 1271 49 127 p. incl. illus., plates, front. (port.) 19 ᶜᵐ .
365 2817 51 51 ©
449 2820 102 41 Oct.
582 2820 40 47 8,
653 2819 113 41 1932;
826 2819 67 41 2c.
925 2822 94 39 and
1051 2820 80 39 aff.
1165 2820 101 41 Oct.
1298 2821 54 39 13;
1414 2821 40 38 A
1486 2819 143 41 55559;
1692 2821 62 38 M.
1787 2819 197 49 Baradi,
2016 2818 335 48 Washington.

443 2875 279 49 (32-30503)

360 2977 209 66 Beebe,
598 2977 245 56 Charles
867 2977 273 66 William,
1172 2980 170 56 1877-

433 3054 325 68 Exploring
789 3055 139 51 with
961 3054 181 53 Beebe;
1205 3056 292 54 selections
1529 3056 93 53 for
1654 3072 256 53 younger
1938 3055 225 53 readers
2198 3053 150 54 from

362 3130 1988 71 the writings of William Beebe … illustrated with photographs
363 3209 74 68 by
461 3210 96 52 the
582 3209 221 52 author.
864 3209 138 52 New
1029 3208 180 68 York,
1233 3209 258 70 London,
1516 3209 69 56 G.
1610 3211 66 52 P.
1704 3207 294 56 Putnam’s
2024 3225 146 51 sons,
2199 3210 151 52 1932.

464 3280 1235 50 v p., 3 l., 3-208 p. front., plates, ports. 22½ᶜᵐ.
435 3337 140 48 Maps
604 3348 59 29 on
693 3337 359 48 lining-papers.

434 3393 229 48 Exciting
689 3393 240 40 incidents
954 3393 126 40 from
1110 3392 287 50 Galapagos,
1425 3394 100 41 The
1554 3394 238 41 Arcturus
1823 3395 279 45 adventure,
2134 3393 219 41 Beneath

365 3449 155 48 tropic
547 3460 122 36 seas,
697 3449 173 47 Jungle
899 3450 120 46 days
1048 3450 94 40 and
1172 3450 245 41 Pheasant
1444 3450 205 48 jungles.

371 3504 51 51 ©
453 3508 101 40 Oct.
583 3509 38 45 7,
653 3506 112 41 1932;
823 3507 68 40 2c.
922 3507 100 40 Oct.
1052 3508 55 38 17;
1166 3507 79 40 aff.
1277 3508 101 40 Oct.
1409 3509 56 39 27;
1523 3508 41 39 A
1592 3509 142 39 56525;
1794 3508 216 40 William
2040 3508 167 44 Beebe,
2239 3507 116 39 New

438 3564 142 38 York.
653 3562 277 49 (32-30674)

367 3664 182 53 Bible.
622 3665 407 65 Manuscripts,
1070 3666 199 51 Greek.
1341 3667 71 51 N.
1455 3669 63 50 T.
1592 3666 361 66 Rockefeller
1989 3663 363 57 McCormick

437 3760 101 35 ms.

438 3816 1915 70 The Rockefeller McCormick New Testament … Chicago,
368 3895 112 66 Ill.,
508 3896 119 53 The
655 3894 333 68 University
1016 3896 64 52 of
1108 3896 250 67 Chicago
1387 3915 154 48 press
1597 3901 151 65 [1932]

438 3967 27 40 3
534 3998 8 9 v.
601 3967 215 41 facsims.
842 3966 136 50 (part
1013 3966 50 42 in
1099 3966 179 49 colors)
1344 3967 146 42 24½ᶜᵐ.
