2563 4368
1350 4059 102 51 920

463 501 1327 51 2 p. l., [7]-387 p., 1 l. front. (port.) 19 ½×1 5½ᶜᵐ.
402 557 1991 52 © Mar. 15, 1932; 1c. Apr. 25; A— Foreign 16621; Desclée, de Brouwer &
469 619 84 39 cie.
624 617 278 48 (32-15424)

397 709 263 62 Watson,
690 708 225 61 Evelyn
941 706 196 54 Mabel
1159 706 252 65 Palmer,
1441 711 171 50 1886-

465 783 1929 69 A network of stars, by Evelyn M. Watson … a compilation
395 862 64 54 of
485 863 296 68 quatrains
809 862 300 68 including
1134 881 149 35 some
1313 862 153 53 from
1496 861 157 54 “The
1680 861 258 54 aureole”
1968 863 111 52 and
395 861 1975 148 “Clustering

525 938 1864 70 stars.” Boston, The Christopher publishing house [ ᶜ1 932 ]
463 1014 581 50 3 p. l., 5-183 p. 21 ᶜᵐ .
404 1068 51 52 ©
488 1074 112 46 May
630 1072 68 47 26,
730 1070 113 41 1932;
902 1071 67 40 2c.
1002 1071 127 40 June
1157 1070 54 40 13;
1273 1070 81 40 aff.
1388 1071 125 39 June
1545 1072 54 38 14;
1659 1071 42 38 A
1731 1070 142 41 51753;
1937 1069 316 48 Christopher
2284 1068 107 49 pub.

471 1130 161 39 house.
704 1127 279 49 (32-15605)

397 1219 195 65 Wells,
622 1220 201 63 Harry
851 1217 240 65 Gideon,
1120 1217 172 56 1875-

468 1296 120 52 The
631 1296 306 67 chemistry
978 1295 64 53 of
1084 1295 398 68 tuberculosis;
1529 1315 30 33 a
1603 1294 369 69 compilation
2016 1295 112 52 and
2171 1293 220 54 critical

397 1374 205 53 review
633 1374 64 52 of
727 1373 248 68 existing
1001 1373 333 68 knowledge
1363 1392 72 33 on
1467 1374 94 52 the
1592 1372 305 68 chemistry
1926 1372 64 54 of
2020 1373 93 52 the
2144 1373 246 52 tubercle

396 1451 239 54 bacillus
671 1453 111 51 and
817 1451 74 55 its
927 1452 288 67 products,
1249 1451 94 52 the
1379 1450 270 55 chemical
1685 1452 243 67 changes
1964 1453 112 52 and
2111 1468 281 50 processes

397 1529 60 54 in
490 1531 94 52 the
616 1531 145 66 host,
793 1531 95 51 the
921 1527 272 55 chemical
1226 1534 218 62 aspects
1478 1528 63 53 of
1572 1530 94 52 the
1699 1533 306 48 treatment
2037 1528 64 53 of
398 1529 1968 145 tuberculosis,

574 1607 1818 69 by H. Gideon Wells … and Esmond R. Long … 2d ed.,
397 1686 349 68 thoroughly
793 1704 112 34 rev.
982 1685 332 67 Baltimore,
1362 1685 120 52 The
1527 1684 288 55 Williams
1861 1688 45 50 &
1950 1683 251 57 Wilkins
398 1704 1971 128 company,
601 1768 149 50 1932.

468 1834 917 51 xiii, 481 p. illus., diagrs. 23½ ᶜᵐ .
469 1890 413 51 Bibliographical
911 1892 276 41 foot-notes.

406 1947 51 52 ©
487 1952 125 39 June
640 1951 38 46 6,
708 1950 139 47 1932;
879 1950 67 41 2c.
975 1950 95 40 and
1100 1949 80 40 aff.
1212 1950 127 39 June
1369 1949 81 46 14;
1483 1949 40 39 A
1551 1949 169 46 51733;
1753 1949 245 40 Williams
2025 1949 36 40 &
2090 1947 208 42 Wilkins
2327 1960 68 30 co.

485 2008 278 48 (32-15518)

401 2096 197 55 White
650 2097 184 53 house
888 2097 345 54 conference
1287 2113 73 37 on
1414 2095 153 55 child
1620 2095 205 54 health
1876 2097 116 54 and
2041 2095 350 66 protection.

470 2174 1921 68 Sect. III: Education and training. Committee on youth
473 2254 219 53 outside
722 2254 64 65 of
813 2253 161 54 home
1003 2254 115 52 and
1145 2253 206 53 school.

467 2328 323 56 Children’s
829 2330 267 69 reading;
1140 2350 32 34 a
1210 2331 172 67 study
1424 2331 63 53 of
1526 2332 308 66 voluntary
1871 2330 242 68 reading
2151 2331 64 53 of
2253 2332 138 67 boys

398 2408 112 51 and
537 2407 141 68 girls
705 2408 60 52 in
793 2409 96 52 the
914 2408 217 55 United
1164 2408 188 56 States;
1411 2413 196 63 report
1634 2408 64 54 of
1723 2408 96 54 the
1849 2408 441 56 Subcommittee
2318 2426 74 37 on

396 2484 257 68 reading,
696 2485 136 55 Carl
875 2486 77 52 H.
995 2484 221 70 Milam,
1259 2485 310 66 chairman,
1611 2485 194 57 White
1846 2485 174 55 house
2063 2487 329 53 conference

398 2579 74 35 on
520 2562 153 53 child
721 2562 196 54 health
966 2564 111 52 and
1130 2562 334 69 protection.
1547 2563 141 54 New
1738 2562 179 68 York,
1964 2563 258 67 London,
2271 2564 122 53 The

398 2638 588 70 Century co. [ ᶜ1 932]
471 2712 677 49 xi, 90 p. 22½ ᶜᵐ . $0.75
473 2768 310 42 Illustration
811 2781 59 28 on
898 2780 42 37 p.
972 2769 54 50 [2]
1056 2770 97 40 and
1179 2770 222 48 diagram
1428 2781 60 30 on
1514 2782 44 37 p.
1591 2769 54 51 [3]
1675 2771 51 40 of
1751 2780 155 32 cover.

473 2823 1922 53 “Section III—Education and training, F. J. Kelly, PH. D., chairman.
403 2879 284 44 Committee
717 2894 59 29 on
804 2883 152 47 youth
985 2882 189 42 outside
1205 2884 50 39 of
1284 2883 139 41 home
1452 2884 97 39 and
1577 2884 177 47 school,
1785 2883 166 42 James
1980 2884 52 41 E.
2063 2885 148 47 West,
400 2886 1977 102 chairman.”—p.
698 2940 44 49 [i]

475 2995 375 41 “References”:
878 3007 43 37 p.
948 2995 171 47 67-69;
1148 2995 376 49 Bibliography:
1552 3008 43 37 p.
1625 2995 157 42 70-90.

410 3049 51 52 ©
491 3053 112 48 Apr.
634 3053 68 48 22,
733 3052 113 41 1932;
905 3052 65 40 2c.
1003 3053 96 39 and
1128 3052 82 42 aff.
1241 3054 113 46 May
1383 3054 25 39 3;
1469 3053 40 39 A
1538 3053 143 41 49812;
1742 3054 161 40 White
1935 3055 148 40 house
2115 3055 280 41 conference

478 3121 61 29 on
568 3109 129 40 child
727 3110 167 39 health
925 3110 95 39 and
1051 3109 283 47 protection,
1367 3110 105 47 Ray
1504 3112 185 45 Lyman
1720 3110 202 48 Wilbur,
2003 3142 7 8 M.
2076 3143 22 17 D.,
2131 3109 265 51 chairman,

479 3165 331 48 Washington.
883 3165 277 48 (32-11813)

405 3242 398 65 Willingham,
834 3242 138 54 Sam
1000 3241 196 56 Jones.

477 3319 230 54 Church
753 3317 59 54 in
859 3319 94 51 the
1003 3323 239 62 country
1289 3320 111 52 and
1449 3321 160 52 other
1657 3338 208 49 poems,
1911 3321 75 66 by
2035 3319 136 56 Sam
2219 3322 173 53 Jones

403 3396 1991 69 Willingham … New York, London [etc.] Fleming H. Revell
404 3476 503 64 company [ ᶜ1 932]
476 3544 362 49 136 p. 19½ ᶜᵐ .
413 3598 51 51 ©
496 3603 113 46 May
638 3602 69 46 28,
737 3601 140 47 1932;
910 3601 66 41 2c.
1007 3602 94 39 and
1131 3601 82 40 aff.
1245 3602 127 40 June
1400 3602 81 47 10;
1515 3603 40 39 A
1585 3602 171 48 52403;
1791 3602 218 50 Fleming
2038 3604 59 39 H.
2131 3604 164 39 Revell
2328 3614 66 31 co.

489 3659 279 47 (32-15331)

404 3732 195 63 Wren,
629 3731 265 54 Percival
924 3730 406 65 Christopher.

476 3807 238 53 Valiant
744 3809 145 52 dust.
971 3808 388 68 [Instalments
1386 3813 189 64 29-33]

491 3881 82 47 (In
600 3877 200 44 London
827 3878 146 55 Daily
1003 3879 131 51 mail,
1163 3880 118 51 May
1311 3882 102 48 2-6,
1444 3882 143 48 1932)

415 3932 1979 56 © 1c. each July 1, 1932; A ad int. 16606; pubd. May 2, 3, 4, 5, 6; P. C.
482 3993 158 48 Wren,
667 3994 375 49 Bournemouth,
1070 3995 234 48 England.
