<alto xmlns="http://www.loc.gov/standards/alto/ns-v3#" xmlns:xlink="http://www.w3.org/1999/xlink" xmlns:xsi="http://www.w3.org/2001/XMLSchema-instance" xsi:schemaLocation="http://www.loc.gov/standards/alto/ns-v3# http://www.loc.gov/alto/v3/alto-3-0.xsd"><Description>
<MeasurementUnit>pixel</MeasurementUnit>
<sourceImageInformation>
<fileName>1932_v29_part001.pdf</fileName>
</sourceImageInformation>
<OCRProcessing ID="IdOcr">
<ocrProcessingStep>
<processingDateTime>2019-04-25</processingDateTime>
<processingSoftware>
<softwareCreator>ABBYY</softwareCreator>
<softwareName>ABBYY Recognition Server</softwareName>
<softwareVersion>4.0</softwareVersion>
</processingSoftware>
</ocrProcessingStep>
</OCRProcessing>
</Description>
<Styles>
<ParagraphStyle ID="StyleId-FFFFFFFF-FFFF-FFFF-FFFF-FFFFFFFFFFFF-" ALIGN="Left" LEFT="0." RIGHT="0." FIRSTLINE="0."/>
<ParagraphStyle ID="StyleId-547D96D3-B2DE-4E86-A4BD-9DDFC275973A-" ALIGN="Left" LEFT="0." RIGHT="0." FIRSTLINE="0." LINESPACE="7.699999809"/>
<ParagraphStyle ID="StyleId-BE433B82-DF6F-491A-9872-F562FF4150C8-" ALIGN="Block" LEFT="0." RIGHT="0." FIRSTLINE="-13." LINESPACE="7.900000095"/>
<ParagraphStyle ID="StyleId-CC286467-50C5-4655-B0CF-BA365CCE0736-" ALIGN="Block" LEFT="0." RIGHT="0." FIRSTLINE="-15." LINESPACE="8.479999542"/>
<ParagraphStyle ID="StyleId-9878414D-BEDB-487D-971A-CF5ADB5C4AD2-" ALIGN="Block" LEFT="0." RIGHT="0." FIRSTLINE="-14." LINESPACE="10.92000008"/>
<ParagraphStyle ID="StyleId-EBC70DE5-3635-4BD4-B07B-05DF6EFE0022-" ALIGN="Block" LEFT="0." RIGHT="0." FIRSTLINE="-13." LINESPACE="12.19999981"/>
<ParagraphStyle ID="StyleId-8A688F83-F017-4D5D-A00A-14637016ED45-" ALIGN="Left" LEFT="0." RIGHT="0." FIRSTLINE="0." LINESPACE="9.399999619"/>
<ParagraphStyle ID="StyleId-20F0BBAE-20C6-42F4-8113-00B5C02924DC-" ALIGN="Left" LEFT="0." RIGHT="0." FIRSTLINE="0." LINESPACE="11.10000038"/>
<ParagraphStyle ID="StyleId-7AA70148-8873-4ACB-90AE-BF9322E02302-" ALIGN="Left" LEFT="0." RIGHT="0." FIRSTLINE="-13." LINESPACE="11.09000015"/>
<ParagraphStyle ID="StyleId-072EF7BA-7207-4F8B-9A7C-F564E8B4CB16-" ALIGN="Left" LEFT="0." RIGHT="0." FIRSTLINE="-14." LINESPACE="12.19999981"/>
<ParagraphStyle ID="StyleId-44303D12-21D7-4DB0-9E9F-87FA1A861DD7-" ALIGN="Block" LEFT="0." RIGHT="0." FIRSTLINE="-14." LINESPACE="10.92000008"/>
<ParagraphStyle ID="StyleId-43CF0D44-8AC2-4CD0-865F-942C78705184-" ALIGN="Block" LEFT="0." RIGHT="0." FIRSTLINE="-13." LINESPACE="12.19999981"/>
<ParagraphStyle ID="StyleId-7A298A86-29F5-413A-AEC9-078A4CC464D7-" ALIGN="Block" LEFT="0." RIGHT="0." FIRSTLINE="13." LINESPACE="12.19999981"/>
<ParagraphStyle ID="StyleId-8E4E86F7-C1F9-4A1A-B605-6B1FC1C8E9F7-" ALIGN="Left" LEFT="0." RIGHT="0." FIRSTLINE="0." LINESPACE="11.60000038"/>
<ParagraphStyle ID="StyleId-AB39791B-5ED1-444F-BEF5-2CFED1F2709A-" ALIGN="Left" LEFT="0." RIGHT="0." FIRSTLINE="-13." LINESPACE="11.09000015"/>
<ParagraphStyle ID="StyleId-C1F2EEE7-CD00-4E11-9EAD-B222287AEDA4-" ALIGN="Center" LEFT="0." RIGHT="0." FIRSTLINE="0." LINESPACE="11.10000038"/>
</Styles>
<Layout>
<Page ID="Page1557" PHYSICAL_IMG_NR="1557" HEIGHT="4368" WIDTH="2563">
<TopMargin HEIGHT="472" WIDTH="2563" VPOS="0" HPOS="0">
</TopMargin>
<LeftMargin HEIGHT="3700" WIDTH="170" VPOS="472" HPOS="0">
</LeftMargin>
<RightMargin HEIGHT="3700" WIDTH="367" VPOS="472" HPOS="2196">
</RightMargin>
<BottomMargin HEIGHT="196" WIDTH="2563" VPOS="4172" HPOS="0">
</BottomMargin>
<PrintSpace HEIGHT="3700" WIDTH="2026" VPOS="472" HPOS="170">
<TextBlock ID="Page1557_Block1" HEIGHT="70" WIDTH="150" VPOS="4102" HPOS="1108" LANG="en-US" STYLEREFS="StyleId-0DBF646E-2D09-4221-A11A-41C1F49076C5-">
<TextLine HEIGHT="49" WIDTH="129" VPOS="4113" HPOS="1118">
<String CONTENT="1557" HEIGHT="49" WIDTH="129" VPOS="4113" HPOS="1118"/>
</TextLine>
</TextBlock>
<TextBlock ID="Page1557_Block2" HEIGHT="3634" WIDTH="2026" VPOS="472" HPOS="170" CS="1" STYLEREFS="StyleId-97F55183-4684-4EA2-A717-F7D388B7768D-">
<TextLine HEIGHT="63" WIDTH="594" VPOS="481" HPOS="181" STYLEREFS="StyleId-8B8B7730-F070-4710-83CD-00E7AF1584F4-">
<String LANG="de" CONTENT="Redslob," HEIGHT="61" WIDTH="269" VPOS="483" HPOS="181"/>
<SP HEIGHT="61" WIDTH="39" VPOS="483" HPOS="451"/>
<String LANG="en-US" CONTENT="Edmond." HEIGHT="55" WIDTH="284" VPOS="481" HPOS="491"/>
</TextLine>
<TextLine HEIGHT="70" WIDTH="1697" VPOS="554" HPOS="313" STYLEREFS="StyleId-1AC1DCF7-135F-4FEA-8D7A-B4EE00C5411B-" LANG="fr" CS="1">
<String LANG="de" CS="1" CONTENT="&#8230;"/>
<SP HEIGHT="53" WIDTH="34" VPOS="558" HPOS="313"/>
<String CONTENT="Le" HEIGHT="52" WIDTH="80" VPOS="558" HPOS="348"/>
<SP HEIGHT="34" WIDTH="28" VPOS="576" HPOS="429"/>
<String CONTENT="corps" HEIGHT="52" WIDTH="165" VPOS="572" HPOS="458"/>
<SP HEIGHT="34" WIDTH="28" VPOS="576" HPOS="624"/>
<String CONTENT="vitr&#233;," HEIGHT="68" WIDTH="164" VPOS="556" HPOS="653"/>
<SP HEIGHT="49" WIDTH="30" VPOS="575" HPOS="818"/>
<String CONTENT="son" HEIGHT="35" WIDTH="102" VPOS="573" HPOS="849"/>
<SP HEIGHT="52" WIDTH="29" VPOS="556" HPOS="952"/>
<String CONTENT="d&#233;veloppement," HEIGHT="68" WIDTH="486" VPOS="554" HPOS="982"/>
<SP HEIGHT="50" WIDTH="31" VPOS="571" HPOS="1469"/>
<String CONTENT="sa" HEIGHT="35" WIDTH="60" VPOS="571" HPOS="1501"/>
<SP HEIGHT="35" WIDTH="32" VPOS="571" HPOS="1562"/>
<String CONTENT="structure," HEIGHT="61" WIDTH="300" VPOS="557" HPOS="1595"/>
<SP HEIGHT="48" WIDTH="29" VPOS="570" HPOS="1896"/>
<String CONTENT="ses" HEIGHT="35" WIDTH="84" VPOS="570" HPOS="1926"/>
</TextLine>
<TextLine HEIGHT="136" WIDTH="1993" VPOS="568" HPOS="182" STYLEREFS="StyleId-1AC1DCF7-135F-4FEA-8D7A-B4EE00C5411B-" LANG="fr" CS="1">
<String CONTENT="propri&#233;t&#233;s" HEIGHT="136" WIDTH="1967" VPOS="568" HPOS="182"/>
<SP HEIGHT="49" WIDTH="26" VPOS="653" HPOS="392"/>
<String CONTENT="physico-chimiques." HEIGHT="71" WIDTH="589" VPOS="632" HPOS="419"/>
<SP HEIGHT="53" WIDTH="65" VPOS="631" HPOS="1009"/>
<String CONTENT="Avec" HEIGHT="53" WIDTH="155" VPOS="631" HPOS="1075"/>
<SP HEIGHT="50" WIDTH="30" VPOS="634" HPOS="1231"/>
<String CONTENT="86" HEIGHT="50" WIDTH="66" VPOS="634" HPOS="1262"/>
<SP HEIGHT="54" WIDTH="27" VPOS="629" HPOS="1329"/>
<String CONTENT="figures" HEIGHT="70" WIDTH="209" VPOS="629" HPOS="1357"/>
<SP HEIGHT="34" WIDTH="29" VPOS="649" HPOS="1567"/>
<String CONTENT="et" HEIGHT="49" WIDTH="56" VPOS="634" HPOS="1597"/>
<SP HEIGHT="51" WIDTH="26" VPOS="632" HPOS="1654"/>
<String CONTENT="3" HEIGHT="49" WIDTH="30" VPOS="632" HPOS="1681"/>
<SP HEIGHT="66" WIDTH="31" VPOS="632" HPOS="1712"/>
<String CONTENT="planches" HEIGHT="69" WIDTH="268" VPOS="629" HPOS="1744"/>
<SP HEIGHT="54" WIDTH="27" VPOS="628" HPOS="2013"/>
<String CONTENT="hors" HEIGHT="54" WIDTH="134" VPOS="628" HPOS="2041"/>
</TextLine>
<TextLine HEIGHT="67" WIDTH="1045" VPOS="710" HPOS="181" STYLEREFS="StyleId-1AC1DCF7-135F-4FEA-8D7A-B4EE00C5411B-" LANG="fr" CS="1">
<String CONTENT="texte." HEIGHT="46" WIDTH="167" VPOS="719" HPOS="181"/>
<SP HEIGHT="52" WIDTH="63" VPOS="713" HPOS="349"/>
<String CONTENT="Paris," HEIGHT="64" WIDTH="185" VPOS="713" HPOS="413"/>
<SP HEIGHT="66" WIDTH="25" VPOS="711" HPOS="599"/>
<String CONTENT="Masson" HEIGHT="52" WIDTH="231" VPOS="711" HPOS="625"/>
<SP HEIGHT="34" WIDTH="24" VPOS="728" HPOS="857"/>
<String CONTENT="et" HEIGHT="47" WIDTH="55" VPOS="715" HPOS="882"/>
<SP HEIGHT="47" WIDTH="25" VPOS="715" HPOS="938"/>
<String CONTENT="c" HEIGHT="33" WIDTH="27" VPOS="729" HPOS="964"/>
<String LANG="en-US" CS="1" CONTENT="&#8305;&#7497;"/>
<String CONTENT="," HEIGHT="26" WIDTH="12" VPOS="749" HPOS="1034"/>
<SP HEIGHT="63" WIDTH="27" VPOS="712" HPOS="1047"/>
<String CONTENT="1932." HEIGHT="51" WIDTH="151" VPOS="710" HPOS="1075"/>
</TextLine>
<TextLine HEIGHT="51" WIDTH="852" VPOS="780" HPOS="251" STYLEREFS="StyleId-1AC1DCF7-135F-4FEA-8D7A-B4EE00C5411B-" LANG="fr" CS="1">
<String CONTENT="vii," HEIGHT="46" WIDTH="81" VPOS="785" HPOS="251"/>
<SP HEIGHT="45" WIDTH="27" VPOS="786" HPOS="333"/>
<String CONTENT="340" HEIGHT="42" WIDTH="86" VPOS="783" HPOS="361"/>
<SP HEIGHT="48" WIDTH="25" VPOS="783" HPOS="448"/>
<String CONTENT="p." HEIGHT="37" WIDTH="43" VPOS="794" HPOS="474"/>
<SP HEIGHT="40" WIDTH="59" VPOS="784" HPOS="518"/>
<String CONTENT="illus.," HEIGHT="45" WIDTH="142" VPOS="784" HPOS="578"/>
<SP HEIGHT="37" WIDTH="26" VPOS="792" HPOS="721"/>
<String CS="1" CONTENT="III"/>
<SP HEIGHT="39" WIDTH="24" VPOS="791" HPOS="811"/>
<String CONTENT="pl." HEIGHT="48" WIDTH="62" VPOS="782" HPOS="836"/>
<SP HEIGHT="41" WIDTH="57" VPOS="780" HPOS="899"/>
<String CONTENT="25" HEIGHT="41" WIDTH="57" VPOS="780" HPOS="957"/>
<String LANG="en-US" CS="1" CONTENT="&#189;"/>
<String CS="1" CONTENT="&#7580;&#7504;." HEIGHT="10" WIDTH="9" VPOS="812" HPOS="1094"/>
</TextLine>
<TextLine HEIGHT="51" WIDTH="1837" VPOS="833" HPOS="250">
<String LANG="en-US" CONTENT="At" HEIGHT="40" WIDTH="64" VPOS="841" HPOS="250"/>
<SP HEIGHT="40" WIDTH="32" VPOS="841" HPOS="315"/>
<String LANG="en-US" CONTENT="head" HEIGHT="40" WIDTH="124" VPOS="841" HPOS="348"/>
<SP HEIGHT="39" WIDTH="33" VPOS="841" HPOS="473"/>
<String LANG="en-US" CONTENT="of" HEIGHT="40" WIDTH="52" VPOS="840" HPOS="507"/>
<SP HEIGHT="40" WIDTH="31" VPOS="840" HPOS="560"/>
<String LANG="en-US" CONTENT="title:" HEIGHT="41" WIDTH="134" VPOS="839" HPOS="592"/>
<SP HEIGHT="42" WIDTH="40" VPOS="837" HPOS="727"/>
<String LANG="fr" CONTENT="Soci&#233;t&#233;" HEIGHT="42" WIDTH="187" VPOS="837" HPOS="768"/>
<SP HEIGHT="41" WIDTH="31" VPOS="837" HPOS="956"/>
<String LANG="fr" CONTENT="fran&#231;aise" HEIGHT="48" WIDTH="247" VPOS="836" HPOS="988"/>
<SP HEIGHT="39" WIDTH="33" VPOS="837" HPOS="1236"/>
<String LANG="fr" CONTENT="d&#8217;ophtalmologie." HEIGHT="49" WIDTH="436" VPOS="834" HPOS="1270"/>
<SP HEIGHT="41" WIDTH="63" VPOS="834" HPOS="1707"/>
<String LANG="fr" CONTENT="E." HEIGHT="41" WIDTH="55" VPOS="834" HPOS="1771"/>
<SP HEIGHT="41" WIDTH="34" VPOS="834" HPOS="1827"/>
<String LANG="fr" CONTENT="Redsloh." HEIGHT="42" WIDTH="225" VPOS="833" HPOS="1862"/>
</TextLine>
<TextLine HEIGHT="50" WIDTH="969" VPOS="894" HPOS="252">
<String LANG="fr" CONTENT="&#8220;Bibliographie&#8221;" HEIGHT="49" WIDTH="418" VPOS="895" HPOS="252"/>
<SP HEIGHT="40" WIDTH="27" VPOS="895" HPOS="671"/>
<String LANG="en-US" CONTENT="at" HEIGHT="39" WIDTH="52" VPOS="896" HPOS="699"/>
<SP HEIGHT="39" WIDTH="26" VPOS="896" HPOS="752"/>
<String LANG="en-US" CONTENT="end" HEIGHT="39" WIDTH="90" VPOS="896" HPOS="779"/>
<SP HEIGHT="39" WIDTH="29" VPOS="896" HPOS="870"/>
<String LANG="en-US" CONTENT="of" HEIGHT="40" WIDTH="52" VPOS="894" HPOS="900"/>
<SP HEIGHT="39" WIDTH="27" VPOS="894" HPOS="953"/>
<String LANG="en-US" CONTENT="chapters." HEIGHT="47" WIDTH="240" VPOS="894" HPOS="981"/>
</TextLine>
<TextLine HEIGHT="53" WIDTH="1743" VPOS="963" HPOS="188" LANG="fr" CS="1">
<String CONTENT="&#169;" HEIGHT="52" WIDTH="52" VPOS="964" HPOS="188"/>
<SP HEIGHT="52" WIDTH="27" VPOS="964" HPOS="241"/>
<String CS="1" CONTENT="July" HEIGHT="39" WIDTH="81" VPOS="968" HPOS="269"/>
<SP HEIGHT="39" WIDTH="25" VPOS="968" HPOS="385"/>
<String CONTENT="9," HEIGHT="46" WIDTH="39" VPOS="968" HPOS="411"/>
<SP/>
<String CS="1" CONTENT="1932;"/>
<SP/>
<String CS="1" CONTENT="1c."/>
<SP HEIGHT="40" WIDTH="30" VPOS="966" HPOS="716"/>
<String CONTENT="Sept." HEIGHT="47" WIDTH="126" VPOS="966" HPOS="747"/>
<SP HEIGHT="38" WIDTH="27" VPOS="965" HPOS="874"/>
<String CONTENT="26;" HEIGHT="46" WIDTH="82" VPOS="965" HPOS="902"/>
<SP HEIGHT="46" WIDTH="31" VPOS="965" HPOS="985"/>
<!-- cceid 1021533F-6D7D-1014-B4A5-D7A31D17AB40 --><String CONTENT="A&#8212;" HEIGHT="38" WIDTH="99" VPOS="965" HPOS="1017"/>
<String LANG="en-US" CONTENT="Foreign" HEIGHT="48" WIDTH="205" VPOS="964" HPOS="1121"/>
<SP HEIGHT="38" WIDTH="26" VPOS="965" HPOS="1327"/>
<String CONTENT="18112;" HEIGHT="48" WIDTH="169" VPOS="963" HPOS="1354"/>
<SP HEIGHT="46" WIDTH="32" VPOS="965" HPOS="1524"/>
<String CONTENT="Masson" HEIGHT="39" WIDTH="194" VPOS="965" HPOS="1557"/>
<SP HEIGHT="38" WIDTH="30" VPOS="965" HPOS="1752"/>
<String CONTENT="&amp;" HEIGHT="38" WIDTH="35" VPOS="965" HPOS="1783"/>
<SP HEIGHT="38" WIDTH="26" VPOS="965" HPOS="1819"/>
<String CONTENT="cie." HEIGHT="41" WIDTH="85" VPOS="963" HPOS="1846"/>
</TextLine>
<TextLine HEIGHT="47" WIDTH="279" VPOS="1024" HPOS="265" LANG="fr">
<String CONTENT="(32-29877)" HEIGHT="47" WIDTH="279" VPOS="1024" HPOS="265"/>
</TextLine>
<TextLine HEIGHT="63" WIDTH="926" VPOS="1125" HPOS="182" STYLEREFS="StyleId-8B8B7730-F070-4710-83CD-00E7AF1584F4-" LANG="fr">
<String CONTENT="Reed," HEIGHT="61" WIDTH="176" VPOS="1126" HPOS="182"/>
<SP HEIGHT="61" WIDTH="31" VPOS="1126" HPOS="359"/>
<String CONTENT="Clinton" HEIGHT="55" WIDTH="234" VPOS="1125" HPOS="391"/>
<SP HEIGHT="55" WIDTH="27" VPOS="1125" HPOS="626"/>
<String CONTENT="Arthur," HEIGHT="63" WIDTH="251" VPOS="1125" HPOS="654"/>
<SP HEIGHT="58" WIDTH="31" VPOS="1130" HPOS="906"/>
<String CONTENT="1891-" HEIGHT="51" WIDTH="170" VPOS="1129" HPOS="938"/>
</TextLine>
<TextLine HEIGHT="69" WIDTH="1923" VPOS="1201" HPOS="253" STYLEREFS="StyleId-1AC1DCF7-135F-4FEA-8D7A-B4EE00C5411B-" LANG="fr" CS="1">
<String CONTENT="Introduction" HEIGHT="54" WIDTH="401" VPOS="1203" HPOS="253"/>
<SP HEIGHT="47" WIDTH="42" VPOS="1209" HPOS="655"/>
<String LANG="en-US" CONTENT="to" HEIGHT="50" WIDTH="59" VPOS="1209" HPOS="698"/>
<SP HEIGHT="55" WIDTH="41" VPOS="1204" HPOS="758"/>
<String CONTENT="business," HEIGHT="69" WIDTH="272" VPOS="1201" HPOS="800"/>
<SP HEIGHT="66" WIDTH="43" VPOS="1204" HPOS="1073"/>
<String LANG="en-US" CONTENT="by" HEIGHT="66" WIDTH="75" VPOS="1204" HPOS="1117"/>
<SP HEIGHT="69" WIDTH="45" VPOS="1201" HPOS="1193"/>
<String CONTENT="Clinton" HEIGHT="55" WIDTH="235" VPOS="1201" HPOS="1239"/>
<SP HEIGHT="52" WIDTH="42" VPOS="1202" HPOS="1475"/>
<String CONTENT="A." HEIGHT="52" WIDTH="70" VPOS="1202" HPOS="1518"/>
<SP HEIGHT="53" WIDTH="46" VPOS="1202" HPOS="1589"/>
<String CONTENT="Reed" HEIGHT="53" WIDTH="154" VPOS="1202" HPOS="1636"/>
<SP HEIGHT="52" WIDTH="49" VPOS="1203" HPOS="1791"/>
<String CS="1" CONTENT="&#8230;"/>
<SP HEIGHT="33" WIDTH="49" VPOS="1221" HPOS="1898"/>
<String LANG="en-US" CONTENT="and" HEIGHT="52" WIDTH="111" VPOS="1203" HPOS="1948"/>
<SP HEIGHT="54" WIDTH="45" VPOS="1202" HPOS="2060"/>
<String CONTENT="V." HEIGHT="54" WIDTH="70" VPOS="1202" HPOS="2106"/>
</TextLine>
<TextLine HEIGHT="71" WIDTH="1994" VPOS="1279" HPOS="183" STYLEREFS="StyleId-1AC1DCF7-135F-4FEA-8D7A-B4EE00C5411B-" LANG="fr" CS="1">
<String CONTENT="James" HEIGHT="55" WIDTH="193" VPOS="1280" HPOS="183"/>
<SP HEIGHT="53" WIDTH="28" VPOS="1282" HPOS="377"/>
<String CONTENT="Morgan" HEIGHT="68" WIDTH="246" VPOS="1282" HPOS="406"/>
<SP HEIGHT="33" WIDTH="32" VPOS="1300" HPOS="653"/>
<String CS="1" CONTENT="&#8230;"/>
<SP HEIGHT="51" WIDTH="79" VPOS="1282" HPOS="743"/>
<String CONTENT="Boston," HEIGHT="67" WIDTH="233" VPOS="1282" HPOS="823"/>
<SP HEIGHT="67" WIDTH="28" VPOS="1282" HPOS="1057"/>
<String CONTENT="New" HEIGHT="53" WIDTH="139" VPOS="1282" HPOS="1086"/>
<SP HEIGHT="53" WIDTH="28" VPOS="1280" HPOS="1226"/>
<String CONTENT="York" HEIGHT="53" WIDTH="164" VPOS="1280" HPOS="1255"/>
<SP HEIGHT="68" WIDTH="33" VPOS="1280" HPOS="1420"/>
<String CS="1" CONTENT="[etc.]" HEIGHT="63" WIDTH="120" VPOS="1284" HPOS="1472"/>
<SP HEIGHT="68" WIDTH="33" VPOS="1279" HPOS="1593"/>
<String CONTENT="Allyn" HEIGHT="68" WIDTH="181" VPOS="1279" HPOS="1627"/>
<SP HEIGHT="35" WIDTH="31" VPOS="1297" HPOS="1809"/>
<String CONTENT="and" HEIGHT="52" WIDTH="111" VPOS="1281" HPOS="1841"/>
<SP HEIGHT="52" WIDTH="31" VPOS="1281" HPOS="1953"/>
<String CONTENT="Bacon" HEIGHT="52" WIDTH="192" VPOS="1281" HPOS="1985"/>
</TextLine>
<TextLine HEIGHT="49" WIDTH="32" VPOS="1364" HPOS="331" STYLEREFS="StyleId-1AC1DCF7-135F-4FEA-8D7A-B4EE00C5411B-" LANG="fr" CS="1">
<String CS="1" CONTENT="["/>
<String STYLE="superscript" CS="1" CONTENT="&#7580;193"/>
<String CS="1" CONTENT="2]" HEIGHT="49" WIDTH="32" VPOS="1364" HPOS="331"/>
</TextLine>
<TextLine HEIGHT="52" WIDTH="1536" VPOS="1429" HPOS="255" CS="1">
<String LANG="fr" CONTENT="xix," HEIGHT="50" WIDTH="99" VPOS="1431" HPOS="255"/>
<SP HEIGHT="49" WIDTH="29" VPOS="1432" HPOS="355"/>
<String LANG="fr" CONTENT="529," HEIGHT="49" WIDTH="97" VPOS="1432" HPOS="385"/>
<SP HEIGHT="48" WIDTH="30" VPOS="1433" HPOS="483"/>
<String LANG="fr" CONTENT="22" HEIGHT="39" WIDTH="56" VPOS="1433" HPOS="514"/>
<SP HEIGHT="47" WIDTH="28" VPOS="1434" HPOS="571"/>
<String LANG="fr" CONTENT="p." HEIGHT="38" WIDTH="44" VPOS="1443" HPOS="600"/>
<SP HEIGHT="42" WIDTH="26" VPOS="1432" HPOS="645"/>
<String LANG="en-US" CS="1" CONTENT="incl." HEIGHT="40" WIDTH="77" VPOS="1432" HPOS="672"/>
<SP HEIGHT="41" WIDTH="29" VPOS="1432" HPOS="781"/>
<String LANG="fr" CONTENT="illus.," HEIGHT="48" WIDTH="142" VPOS="1432" HPOS="811"/>
<SP HEIGHT="47" WIDTH="30" VPOS="1433" HPOS="954"/>
<String LANG="fr" CONTENT="diagrs.," HEIGHT="48" WIDTH="193" VPOS="1431" HPOS="985"/>
<SP HEIGHT="49" WIDTH="29" VPOS="1430" HPOS="1179"/>
<String LANG="en-US" CONTENT="forms," HEIGHT="43" WIDTH="168" VPOS="1430" HPOS="1209"/>
<SP HEIGHT="42" WIDTH="56" VPOS="1431" HPOS="1378"/>
<String LANG="fr" CONTENT="front." HEIGHT="41" WIDTH="151" VPOS="1431" HPOS="1435"/>
<SP HEIGHT="41" WIDTH="57" VPOS="1431" HPOS="1587"/>
<String LANG="fr" CS="1" CONTENT="20&#189;" HEIGHT="41" WIDTH="56" VPOS="1429" HPOS="1645"/>
<String STYLE="superscript" LANG="fr" CS="1" CONTENT="&#7580;&#7504;"/>
<String LANG="fr" CONTENT="." HEIGHT="9" WIDTH="10" VPOS="1462" HPOS="1781"/>
</TextLine>
<TextLine HEIGHT="50" WIDTH="1221" VPOS="1488" HPOS="258" LANG="en-US">
<String CONTENT="Bibliography" HEIGHT="50" WIDTH="348" VPOS="1488" HPOS="258"/>
<SP HEIGHT="37" WIDTH="25" VPOS="1500" HPOS="607"/>
<String CONTENT="at" HEIGHT="38" WIDTH="51" VPOS="1492" HPOS="633"/>
<SP HEIGHT="38" WIDTH="24" VPOS="1492" HPOS="685"/>
<String CONTENT="end" HEIGHT="39" WIDTH="92" VPOS="1491" HPOS="710"/>
<SP HEIGHT="39" WIDTH="24" VPOS="1491" HPOS="803"/>
<String CONTENT="of" HEIGHT="39" WIDTH="52" VPOS="1490" HPOS="828"/>
<SP HEIGHT="39" WIDTH="23" VPOS="1490" HPOS="881"/>
<String CONTENT="most" HEIGHT="39" WIDTH="124" VPOS="1491" HPOS="905"/>
<SP HEIGHT="38" WIDTH="24" VPOS="1491" HPOS="1030"/>
<String CONTENT="of" HEIGHT="41" WIDTH="51" VPOS="1488" HPOS="1055"/>
<SP HEIGHT="41" WIDTH="25" VPOS="1488" HPOS="1107"/>
<String CONTENT="the" HEIGHT="41" WIDTH="82" VPOS="1488" HPOS="1133"/>
<SP HEIGHT="30" WIDTH="22" VPOS="1499" HPOS="1216"/>
<String CONTENT="chapters." HEIGHT="48" WIDTH="240" VPOS="1488" HPOS="1239"/>
</TextLine>
<TextLine HEIGHT="52" WIDTH="1989" VPOS="1558" HPOS="191" LANG="en-US" CS="1">
<String CONTENT="&#169;" HEIGHT="52" WIDTH="52" VPOS="1558" HPOS="191"/>
<SP HEIGHT="52" WIDTH="29" VPOS="1558" HPOS="244"/>
<String CONTENT="Aug." HEIGHT="46" WIDTH="117" VPOS="1563" HPOS="274"/>
<SP HEIGHT="41" WIDTH="30" VPOS="1561" HPOS="392"/>
<String CS="1" CONTENT="20," HEIGHT="40" WIDTH="56" VPOS="1561" HPOS="423"/>
<SP/>
<String CS="1" CONTENT="1932;"/>
<SP HEIGHT="41" WIDTH="30" VPOS="1561" HPOS="663"/>
<String CONTENT="2c." HEIGHT="40" WIDTH="66" VPOS="1561" HPOS="694"/>
<SP HEIGHT="41" WIDTH="32" VPOS="1560" HPOS="761"/>
<String CONTENT="Sept." HEIGHT="48" WIDTH="128" VPOS="1560" HPOS="794"/>
<SP HEIGHT="41" WIDTH="28" VPOS="1560" HPOS="923"/>
<String CONTENT="22;" HEIGHT="46" WIDTH="82" VPOS="1560" HPOS="952"/>
<SP HEIGHT="35" WIDTH="31" VPOS="1571" HPOS="1035"/>
<String CONTENT="aff." HEIGHT="40" WIDTH="82" VPOS="1560" HPOS="1067"/>
<SP HEIGHT="40" WIDTH="32" VPOS="1560" HPOS="1150"/>
<String CONTENT="Sept." HEIGHT="47" WIDTH="127" VPOS="1560" HPOS="1183"/>
<SP HEIGHT="39" WIDTH="28" VPOS="1559" HPOS="1311"/>
<String CONTENT="9;" HEIGHT="46" WIDTH="53" VPOS="1559" HPOS="1340"/>
<SP HEIGHT="44" WIDTH="32" VPOS="1561" HPOS="1394"/>
<!-- cceid 10217E22-6D7D-1014-B4A5-D7A31D17AB40 --><String CONTENT="A" HEIGHT="38" WIDTH="40" VPOS="1561" HPOS="1427"/>
<SP HEIGHT="38" WIDTH="29" VPOS="1561" HPOS="1468"/>
<String CONTENT="55192;" HEIGHT="47" WIDTH="170" VPOS="1559" HPOS="1498"/>
<SP HEIGHT="45" WIDTH="32" VPOS="1561" HPOS="1669"/>
<String CONTENT="Allyn" HEIGHT="48" WIDTH="143" VPOS="1560" HPOS="1702"/>
<SP HEIGHT="29" WIDTH="30" VPOS="1571" HPOS="1846"/>
<String CONTENT="and" HEIGHT="38" WIDTH="96" VPOS="1562" HPOS="1877"/>
<SP HEIGHT="40" WIDTH="30" VPOS="1560" HPOS="1974"/>
<String CONTENT="Bacon." HEIGHT="39" WIDTH="175" VPOS="1560" HPOS="2005"/>
</TextLine>
<TextLine HEIGHT="48" WIDTH="279" VPOS="1618" HPOS="268" LANG="en-US">
<String CONTENT="(32-29326)" HEIGHT="48" WIDTH="279" VPOS="1618" HPOS="268"/>
</TextLine>
<TextLine HEIGHT="66" WIDTH="495" VPOS="1720" HPOS="186" STYLEREFS="StyleId-8B8B7730-F070-4710-83CD-00E7AF1584F4-" LANG="en-US">
<String CONTENT="Riley," HEIGHT="65" WIDTH="186" VPOS="1721" HPOS="186"/>
<SP HEIGHT="64" WIDTH="32" VPOS="1722" HPOS="373"/>
<String CONTENT="Ralph" HEIGHT="65" WIDTH="191" VPOS="1720" HPOS="406"/>
<SP HEIGHT="55" WIDTH="29" VPOS="1720" HPOS="598"/>
<String CONTENT="J." HEIGHT="55" WIDTH="53" VPOS="1721" HPOS="628"/>
</TextLine>
<TextLine HEIGHT="69" WIDTH="1861" VPOS="1797" HPOS="317" STYLEREFS="StyleId-1AC1DCF7-135F-4FEA-8D7A-B4EE00C5411B-" LANG="en-US" CS="1">
<String CS="1" CONTENT="&#8230;"/>
<SP HEIGHT="51" WIDTH="26" VPOS="1798" HPOS="317"/>
<String CONTENT="A" HEIGHT="51" WIDTH="54" VPOS="1798" HPOS="344"/>
<SP HEIGHT="51" WIDTH="25" VPOS="1798" HPOS="399"/>
<String CONTENT="working" HEIGHT="67" WIDTH="259" VPOS="1798" HPOS="425"/>
<SP HEIGHT="49" WIDTH="23" VPOS="1816" HPOS="685"/>
<String CONTENT="manual" HEIGHT="50" WIDTH="231" VPOS="1800" HPOS="709"/>
<SP HEIGHT="52" WIDTH="26" VPOS="1798" HPOS="941"/>
<String CONTENT="for" HEIGHT="53" WIDTH="94" VPOS="1798" HPOS="968"/>
<SP HEIGHT="68" WIDTH="22" VPOS="1797" HPOS="1063"/>
<String CONTENT="juvenile" HEIGHT="68" WIDTH="252" VPOS="1797" HPOS="1086"/>
<SP HEIGHT="35" WIDTH="22" VPOS="1816" HPOS="1339"/>
<String CONTENT="court" HEIGHT="48" WIDTH="161" VPOS="1803" HPOS="1362"/>
<SP HEIGHT="47" WIDTH="24" VPOS="1803" HPOS="1524"/>
<String CONTENT="officers," HEIGHT="68" WIDTH="226" VPOS="1797" HPOS="1549"/>
<SP HEIGHT="67" WIDTH="23" VPOS="1798" HPOS="1776"/>
<String CONTENT="by" HEIGHT="67" WIDTH="76" VPOS="1798" HPOS="1800"/>
<SP HEIGHT="67" WIDTH="21" VPOS="1798" HPOS="1877"/>
<String CONTENT="Ralph" HEIGHT="69" WIDTH="194" VPOS="1797" HPOS="1899"/>
<SP HEIGHT="55" WIDTH="27" VPOS="1797" HPOS="2094"/>
<String CONTENT="J." HEIGHT="55" WIDTH="56" VPOS="1797" HPOS="2122"/>
</TextLine>
<TextLine HEIGHT="69" WIDTH="1697" VPOS="1874" HPOS="183" STYLEREFS="StyleId-1AC1DCF7-135F-4FEA-8D7A-B4EE00C5411B-" CS="1">
<String LANG="en-US" CONTENT="Riley" HEIGHT="69" WIDTH="169" VPOS="1874" HPOS="183"/>
<SP HEIGHT="49" WIDTH="33" VPOS="1894" HPOS="353"/>
<String LANG="en-US" CS="1" CONTENT="&#8230;"/>
<SP HEIGHT="32" WIDTH="30" VPOS="1895" HPOS="444"/>
<String LANG="en-US" CONTENT="with" HEIGHT="52" WIDTH="139" VPOS="1876" HPOS="475"/>
<SP HEIGHT="52" WIDTH="28" VPOS="1876" HPOS="615"/>
<String LANG="en-US" CONTENT="an" HEIGHT="34" WIDTH="71" VPOS="1894" HPOS="644"/>
<SP HEIGHT="52" WIDTH="24" VPOS="1875" HPOS="716"/>
<String LANG="en-US" CONTENT="introductory" HEIGHT="68" WIDTH="400" VPOS="1874" HPOS="741"/>
<SP HEIGHT="49" WIDTH="23" VPOS="1893" HPOS="1142"/>
<String LANG="en-US" CONTENT="note" HEIGHT="48" WIDTH="130" VPOS="1880" HPOS="1166"/>
<SP HEIGHT="53" WIDTH="24" VPOS="1875" HPOS="1297"/>
<String LANG="en-US" CONTENT="by" HEIGHT="68" WIDTH="75" VPOS="1875" HPOS="1322"/>
<SP HEIGHT="69" WIDTH="27" VPOS="1874" HPOS="1398"/>
<String LANG="la" CONTENT="Sophonisba" HEIGHT="68" WIDTH="360" VPOS="1874" HPOS="1426"/>
<SP HEIGHT="52" WIDTH="25" VPOS="1876" HPOS="1787"/>
<String LANG="en-US" CONTENT="P." HEIGHT="52" WIDTH="67" VPOS="1876" HPOS="1813"/>
</TextLine>
<TextLine HEIGHT="145" WIDTH="1993" VPOS="1876" HPOS="185" STYLEREFS="StyleId-1AC1DCF7-135F-4FEA-8D7A-B4EE00C5411B-" LANG="en-US" CS="1">
<String CONTENT="Breckinridge" HEIGHT="145" WIDTH="1970" VPOS="1876" HPOS="185"/>
<SP HEIGHT="34" WIDTH="56" VPOS="1971" HPOS="348"/>
<String CS="1" CONTENT="&#8230;"/>
<SP HEIGHT="55" WIDTH="91" VPOS="1952" HPOS="462"/>
<String CONTENT="Chicago," HEIGHT="68" WIDTH="270" VPOS="1952" HPOS="554"/>
<SP HEIGHT="66" WIDTH="50" VPOS="1953" HPOS="825"/>
<String CONTENT="Ill.," HEIGHT="66" WIDTH="112" VPOS="1953" HPOS="876"/>
<SP HEIGHT="66" WIDTH="49" VPOS="1953" HPOS="989"/>
<String CONTENT="The" HEIGHT="53" WIDTH="122" VPOS="1952" HPOS="1039"/>
<SP HEIGHT="53" WIDTH="50" VPOS="1953" HPOS="1162"/>
<String CONTENT="University" HEIGHT="68" WIDTH="336" VPOS="1952" HPOS="1213"/>
<SP HEIGHT="48" WIDTH="51" VPOS="1972" HPOS="1550"/>
<String CONTENT="of" HEIGHT="54" WIDTH="63" VPOS="1952" HPOS="1602"/>
<SP HEIGHT="56" WIDTH="50" VPOS="1952" HPOS="1666"/>
<String CONTENT="Chicago" HEIGHT="68" WIDTH="254" VPOS="1952" HPOS="1717"/>
<SP HEIGHT="49" WIDTH="50" VPOS="1972" HPOS="1972"/>
<String CONTENT="press" HEIGHT="49" WIDTH="155" VPOS="1972" HPOS="2023"/>
</TextLine>
<TextLine HEIGHT="64" WIDTH="49" VPOS="2034" HPOS="330" STYLEREFS="StyleId-1AC1DCF7-135F-4FEA-8D7A-B4EE00C5411B-" LANG="en-US" CS="1">
<String STYLE="subscript" CS="1" CONTENT="[&#7580;193"/>
<String CONTENT="2]" HEIGHT="64" WIDTH="49" VPOS="2034" HPOS="330"/>
</TextLine>
<TextLine HEIGHT="53" WIDTH="1480" VPOS="2100" HPOS="295" LANG="en-US" CS="1">
<String CS="1" CONTENT="x," HEIGHT="16" WIDTH="9" VPOS="2134" HPOS="295"/>
<SP HEIGHT="46" WIDTH="33" VPOS="2104" HPOS="305"/>
<String CONTENT="122" HEIGHT="40" WIDTH="84" VPOS="2102" HPOS="339"/>
<SP HEIGHT="48" WIDTH="33" VPOS="2103" HPOS="424"/>
<String CONTENT="p." HEIGHT="37" WIDTH="43" VPOS="2114" HPOS="458"/>
<SP HEIGHT="43" WIDTH="58" VPOS="2100" HPOS="502"/>
<String CS="1" CONTENT="23&#189;" HEIGHT="41" WIDTH="55" VPOS="2100" HPOS="561"/>
<String STYLE="superscript" CS="1" CONTENT="&#7580;&#7504;"/>
<String CONTENT="." HEIGHT="8" WIDTH="9" VPOS="2135" HPOS="697"/>
<SP HEIGHT="49" WIDTH="70" VPOS="2102" HPOS="707"/>
<String CONTENT="(Social" HEIGHT="51" WIDTH="186" VPOS="2100" HPOS="778"/>
<SP HEIGHT="40" WIDTH="31" VPOS="2103" HPOS="965"/>
<String CONTENT="service" HEIGHT="41" WIDTH="184" VPOS="2102" HPOS="997"/>
<SP HEIGHT="30" WIDTH="32" VPOS="2113" HPOS="1182"/>
<String CONTENT="monographs," HEIGHT="49" WIDTH="337" VPOS="2104" HPOS="1215"/>
<SP HEIGHT="37" WIDTH="32" VPOS="2114" HPOS="1553"/>
<String CONTENT="no." HEIGHT="30" WIDTH="74" VPOS="2114" HPOS="1586"/>
<SP HEIGHT="39" WIDTH="33" VPOS="2104" HPOS="1661"/>
<String CONTENT="18)" HEIGHT="48" WIDTH="80" VPOS="2103" HPOS="1695"/>
</TextLine>
<TextLine HEIGHT="53" WIDTH="1992" VPOS="2170" HPOS="194" LANG="en-US" CS="1">
<String CONTENT="&#169;" HEIGHT="53" WIDTH="51" VPOS="2170" HPOS="194"/>
<SP HEIGHT="53" WIDTH="37" VPOS="2170" HPOS="246"/>
<String CONTENT="Sept." HEIGHT="46" WIDTH="128" VPOS="2176" HPOS="284"/>
<SP HEIGHT="39" WIDTH="34" VPOS="2176" HPOS="413"/>
<String CONTENT="13," HEIGHT="45" WIDTH="66" VPOS="2176" HPOS="448"/>
<SP HEIGHT="45" WIDTH="37" VPOS="2176" HPOS="515"/>
<String CONTENT="1932;" HEIGHT="46" WIDTH="138" VPOS="2173" HPOS="553"/>
<SP HEIGHT="43" WIDTH="36" VPOS="2176" HPOS="692"/>
<String CONTENT="2c." HEIGHT="39" WIDTH="66" VPOS="2176" HPOS="729"/>
<SP HEIGHT="40" WIDTH="39" VPOS="2175" HPOS="796"/>
<String CONTENT="Sept." HEIGHT="46" WIDTH="126" VPOS="2175" HPOS="836"/>
<SP HEIGHT="37" WIDTH="37" VPOS="2175" HPOS="963"/>
<String CONTENT="16;" HEIGHT="46" WIDTH="81" VPOS="2174" HPOS="1001"/>
<SP HEIGHT="36" WIDTH="37" VPOS="2184" HPOS="1083"/>
<String CONTENT="aff." HEIGHT="39" WIDTH="81" VPOS="2174" HPOS="1121"/>
<SP HEIGHT="40" WIDTH="38" VPOS="2174" HPOS="1203"/>
<String CONTENT="Sept." HEIGHT="47" WIDTH="125" VPOS="2174" HPOS="1242"/>
<SP HEIGHT="37" WIDTH="38" VPOS="2176" HPOS="1368"/>
<String CS="1" CONTENT="15;" HEIGHT="39" WIDTH="54" VPOS="2175" HPOS="1407"/>
<SP HEIGHT="40" WIDTH="39" VPOS="2176" HPOS="1489"/>
<!-- cceid 1021A721-6D7D-1014-B4A5-D7A31D17AB40 --><String CONTENT="A" HEIGHT="37" WIDTH="37" VPOS="2176" HPOS="1529"/>
<SP HEIGHT="37" WIDTH="36" VPOS="2176" HPOS="1567"/>
<String CONTENT="54900;" HEIGHT="47" WIDTH="171" VPOS="2175" HPOS="1604"/>
<SP HEIGHT="46" WIDTH="41" VPOS="2176" HPOS="1776"/>
<String CONTENT="University" HEIGHT="41" WIDTH="278" VPOS="2176" HPOS="1818"/>
<SP HEIGHT="26" WIDTH="37" VPOS="2189" HPOS="2097"/>
<String CONTENT="of" HEIGHT="39" WIDTH="51" VPOS="2178" HPOS="2135"/>
</TextLine>
<TextLine HEIGHT="49" WIDTH="824" VPOS="2229" HPOS="262" LANG="en-US">
<String CONTENT="Chicago," HEIGHT="48" WIDTH="222" VPOS="2230" HPOS="262"/>
<SP HEIGHT="45" WIDTH="29" VPOS="2230" HPOS="485"/>
<String CONTENT="Chicago." HEIGHT="48" WIDTH="221" VPOS="2229" HPOS="515"/>
<SP HEIGHT="46" WIDTH="69" VPOS="2230" HPOS="737"/>
<String CONTENT="(32-29621)" HEIGHT="48" WIDTH="279" VPOS="2229" HPOS="807"/>
</TextLine>
<TextLine HEIGHT="68" WIDTH="1184" VPOS="2330" HPOS="188" STYLEREFS="StyleId-1AC1DCF7-135F-4FEA-8D7A-B4EE00C5411B-" LANG="en-US">
<String CONTENT="Rodd," HEIGHT="65" WIDTH="183" VPOS="2331" HPOS="188"/>
<SP HEIGHT="64" WIDTH="30" VPOS="2332" HPOS="372"/>
<String CONTENT="Francis" HEIGHT="53" WIDTH="246" VPOS="2332" HPOS="403"/>
<SP HEIGHT="55" WIDTH="24" VPOS="2330" HPOS="650"/>
<String CONTENT="James" HEIGHT="55" WIDTH="203" VPOS="2330" HPOS="675"/>
<SP HEIGHT="52" WIDTH="26" VPOS="2333" HPOS="879"/>
<String CONTENT="Rennell," HEIGHT="65" WIDTH="262" VPOS="2333" HPOS="906"/>
<SP HEIGHT="59" WIDTH="31" VPOS="2339" HPOS="1169"/>
<String CONTENT="1895-" HEIGHT="50" WIDTH="171" VPOS="2338" HPOS="1201"/>
</TextLine>
<TextLine HEIGHT="75" WIDTH="1926" VPOS="2406" HPOS="258" STYLEREFS="StyleId-1AC1DCF7-135F-4FEA-8D7A-B4EE00C5411B-" LANG="en-US" CS="1">
<String CONTENT="General" HEIGHT="55" WIDTH="244" VPOS="2406" HPOS="258"/>
<SP HEIGHT="53" WIDTH="27" VPOS="2410" HPOS="503"/>
<String CONTENT="William" HEIGHT="55" WIDTH="260" VPOS="2408" HPOS="531"/>
<SP HEIGHT="51" WIDTH="28" VPOS="2410" HPOS="792"/>
<String CS="1" CONTENT="Eaton;" HEIGHT="52" WIDTH="187" VPOS="2410" HPOS="821"/>
<SP HEIGHT="60" WIDTH="31" VPOS="2417" HPOS="1038"/>
<String CONTENT="the" HEIGHT="53" WIDTH="96" VPOS="2411" HPOS="1070"/>
<SP HEIGHT="52" WIDTH="29" VPOS="2410" HPOS="1167"/>
<String CONTENT="failure" HEIGHT="55" WIDTH="210" VPOS="2409" HPOS="1197"/>
<SP HEIGHT="37" WIDTH="29" VPOS="2427" HPOS="1408"/>
<String CONTENT="of" HEIGHT="55" WIDTH="63" VPOS="2409" HPOS="1438"/>
<SP HEIGHT="56" WIDTH="29" VPOS="2409" HPOS="1502"/>
<String CONTENT="an" HEIGHT="35" WIDTH="71" VPOS="2430" HPOS="1532"/>
<SP HEIGHT="53" WIDTH="29" VPOS="2411" HPOS="1604"/>
<String CONTENT="idea" HEIGHT="55" WIDTH="127" VPOS="2411" HPOS="1634"/>
<SP HEIGHT="49" WIDTH="36" VPOS="2431" HPOS="1762"/>
<String CS="1" CONTENT="[by]" HEIGHT="67" WIDTH="93" VPOS="2414" HPOS="1815"/>
<SP HEIGHT="66" WIDTH="35" VPOS="2415" HPOS="1909"/>
<String CONTENT="Francis" HEIGHT="56" WIDTH="239" VPOS="2414" HPOS="1945"/>
</TextLine>
<TextLine HEIGHT="75" WIDTH="1995" VPOS="2485" HPOS="187" STYLEREFS="StyleId-1AC1DCF7-135F-4FEA-8D7A-B4EE00C5411B-" LANG="en-US">
<String CONTENT="Rennell" HEIGHT="54" WIDTH="241" VPOS="2485" HPOS="187"/>
<SP HEIGHT="53" WIDTH="24" VPOS="2485" HPOS="429"/>
<String CONTENT="Rodd." HEIGHT="53" WIDTH="184" VPOS="2486" HPOS="454"/>
<SP HEIGHT="52" WIDTH="73" VPOS="2487" HPOS="639"/>
<String CONTENT="New" HEIGHT="52" WIDTH="139" VPOS="2487" HPOS="713"/>
<SP HEIGHT="51" WIDTH="25" VPOS="2489" HPOS="853"/>
<String CONTENT="York," HEIGHT="67" WIDTH="180" VPOS="2487" HPOS="879"/>
<SP HEIGHT="66" WIDTH="25" VPOS="2488" HPOS="1060"/>
<String CONTENT="Minton," HEIGHT="68" WIDTH="247" VPOS="2488" HPOS="1086"/>
<SP HEIGHT="66" WIDTH="25" VPOS="2490" HPOS="1334"/>
<String CONTENT="Balch" HEIGHT="53" WIDTH="177" VPOS="2489" HPOS="1360"/>
<SP HEIGHT="53" WIDTH="29" VPOS="2489" HPOS="1538"/>
<String CONTENT="and" HEIGHT="52" WIDTH="111" VPOS="2491" HPOS="1568"/>
<SP HEIGHT="52" WIDTH="26" VPOS="2491" HPOS="1680"/>
<String CONTENT="company," HEIGHT="52" WIDTH="297" VPOS="2508" HPOS="1707"/>
<SP HEIGHT="62" WIDTH="27" VPOS="2498" HPOS="2005"/>
<String CONTENT="1932." HEIGHT="50" WIDTH="149" VPOS="2495" HPOS="2033"/>
</TextLine>
<TextLine HEIGHT="51" WIDTH="1534" VPOS="2558" HPOS="258" STYLEREFS="StyleId-1AC1DCF7-135F-4FEA-8D7A-B4EE00C5411B-" LANG="en-US" CS="1">
<String CONTENT="xi," HEIGHT="50" WIDTH="65" VPOS="2558" HPOS="258"/>
<SP HEIGHT="48" WIDTH="28" VPOS="2560" HPOS="324"/>
<String CONTENT="314" HEIGHT="40" WIDTH="86" VPOS="2560" HPOS="353"/>
<SP HEIGHT="47" WIDTH="29" VPOS="2560" HPOS="440"/>
<String CONTENT="p." HEIGHT="38" WIDTH="44" VPOS="2569" HPOS="470"/>
<SP HEIGHT="39" WIDTH="57" VPOS="2559" HPOS="515"/>
<String CS="1" CONTENT="front." HEIGHT="40" WIDTH="135" VPOS="2559" HPOS="573"/>
<SP HEIGHT="48" WIDTH="25" VPOS="2560" HPOS="723"/>
<String CONTENT="(port.)" HEIGHT="48" WIDTH="173" VPOS="2560" HPOS="749"/>
<SP HEIGHT="49" WIDTH="40" VPOS="2560" HPOS="923"/>
<String CONTENT="plates," HEIGHT="48" WIDTH="169" VPOS="2561" HPOS="964"/>
<SP HEIGHT="35" WIDTH="28" VPOS="2572" HPOS="1134"/>
<String CONTENT="maps" HEIGHT="39" WIDTH="138" VPOS="2570" HPOS="1163"/>
<SP HEIGHT="49" WIDTH="26" VPOS="2559" HPOS="1302"/>
<String CONTENT="(1" HEIGHT="49" WIDTH="49" VPOS="2559" HPOS="1329"/>
<SP HEIGHT="41" WIDTH="29" VPOS="2561" HPOS="1379"/>
<String CONTENT="double)" HEIGHT="48" WIDTH="199" VPOS="2561" HPOS="1409"/>
<SP HEIGHT="48" WIDTH="65" VPOS="2561" HPOS="1609"/>
<String CONTENT="21" HEIGHT="39" WIDTH="54" VPOS="2562" HPOS="1675"/>
<String STYLE="superscript" CS="1" CONTENT="&#7580;&#7504;"/>
<String CONTENT="." HEIGHT="8" WIDTH="9" VPOS="2594" HPOS="1783"/>
</TextLine>
<TextLine HEIGHT="50" WIDTH="618" VPOS="2615" HPOS="261" LANG="en-US">
<String CONTENT="Maps" HEIGHT="48" WIDTH="139" VPOS="2617" HPOS="261"/>
<SP HEIGHT="30" WIDTH="26" VPOS="2627" HPOS="401"/>
<String CONTENT="on" HEIGHT="30" WIDTH="61" VPOS="2627" HPOS="428"/>
<SP HEIGHT="39" WIDTH="25" VPOS="2617" HPOS="490"/>
<String CONTENT="lining-papers." HEIGHT="49" WIDTH="363" VPOS="2615" HPOS="516"/>
</TextLine>
<TextLine HEIGHT="51" WIDTH="1313" VPOS="2672" HPOS="261" LANG="en-US" CS="1">
<String CONTENT="&#8220;A" HEIGHT="40" WIDTH="69" VPOS="2672" HPOS="261"/>
<SP HEIGHT="41" WIDTH="24" VPOS="2673" HPOS="331"/>
<String CONTENT="bibliography" HEIGHT="49" WIDTH="336" VPOS="2673" HPOS="356"/>
<SP HEIGHT="37" WIDTH="25" VPOS="2684" HPOS="693"/>
<String CONTENT="of" HEIGHT="39" WIDTH="52" VPOS="2675" HPOS="719"/>
<SP HEIGHT="41" WIDTH="24" VPOS="2674" HPOS="772"/>
<String CONTENT="William" HEIGHT="42" WIDTH="216" VPOS="2673" HPOS="797"/>
<SP HEIGHT="40" WIDTH="27" VPOS="2674" HPOS="1014"/>
<String CS="1" CONTENT="Eaton&#8221;:" HEIGHT="41" WIDTH="186" VPOS="2674" HPOS="1042"/>
<SP HEIGHT="38" WIDTH="28" VPOS="2685" HPOS="1258"/>
<String CONTENT="p." HEIGHT="38" WIDTH="44" VPOS="2685" HPOS="1287"/>
<SP HEIGHT="41" WIDTH="24" VPOS="2676" HPOS="1332"/>
<String CONTENT="305-308." HEIGHT="43" WIDTH="217" VPOS="2674" HPOS="1357"/>
</TextLine>
<TextLine HEIGHT="59" WIDTH="1988" VPOS="2739" HPOS="195" LANG="en-US" CS="1">
<String CONTENT="&#169;" HEIGHT="52" WIDTH="52" VPOS="2739" HPOS="195"/>
<SP HEIGHT="52" WIDTH="36" VPOS="2739" HPOS="248"/>
<String CONTENT="Oct." HEIGHT="41" WIDTH="101" VPOS="2743" HPOS="285"/>
<SP HEIGHT="38" WIDTH="35" VPOS="2745" HPOS="387"/>
<String CS="1" CONTENT="14," HEIGHT="38" WIDTH="52" VPOS="2745" HPOS="423"/>
<SP/>
<String CS="1" CONTENT="1932;"/>
<SP HEIGHT="40" WIDTH="35" VPOS="2745" HPOS="667"/>
<String CONTENT="2c." HEIGHT="39" WIDTH="66" VPOS="2745" HPOS="703"/>
<SP HEIGHT="29" WIDTH="35" VPOS="2755" HPOS="770"/>
<String CONTENT="and" HEIGHT="40" WIDTH="96" VPOS="2745" HPOS="806"/>
<SP HEIGHT="40" WIDTH="34" VPOS="2745" HPOS="903"/>
<String CONTENT="aff." HEIGHT="40" WIDTH="79" VPOS="2744" HPOS="938"/>
<SP HEIGHT="40" WIDTH="38" VPOS="2745" HPOS="1018"/>
<String CONTENT="Oct." HEIGHT="41" WIDTH="103" VPOS="2745" HPOS="1057"/>
<SP HEIGHT="39" WIDTH="35" VPOS="2747" HPOS="1161"/>
<String CS="1" CONTENT="17;" HEIGHT="39" WIDTH="54" VPOS="2747" HPOS="1197"/>
<SP HEIGHT="39" WIDTH="37" VPOS="2747" HPOS="1279"/>
<!-- cceid 1021D57A-6D7D-1014-B4A5-D7A31D17AB40 --><String CONTENT="A" HEIGHT="38" WIDTH="39" VPOS="2747" HPOS="1317"/>
<SP HEIGHT="39" WIDTH="35" VPOS="2747" HPOS="1357"/>
<String CS="1" CONTENT="56511;" HEIGHT="39" WIDTH="135" VPOS="2747" HPOS="1393"/>
<SP HEIGHT="39" WIDTH="39" VPOS="2749" HPOS="1563"/>
<String LANG="fr" CONTENT="F." HEIGHT="37" WIDTH="49" VPOS="2749" HPOS="1603"/>
<SP HEIGHT="38" WIDTH="38" VPOS="2749" HPOS="1653"/>
<String CONTENT="R." HEIGHT="39" WIDTH="54" VPOS="2749" HPOS="1692"/>
<SP HEIGHT="38" WIDTH="38" VPOS="2750" HPOS="1747"/>
<String CONTENT="Rodd," HEIGHT="48" WIDTH="150" VPOS="2750" HPOS="1786"/>
<SP HEIGHT="49" WIDTH="36" VPOS="2749" HPOS="1937"/>
<String CONTENT="London." HEIGHT="40" WIDTH="209" VPOS="2749" HPOS="1974"/>
</TextLine>
<TextLine HEIGHT="47" WIDTH="278" VPOS="2800" HPOS="273" LANG="en-US">
<String CONTENT="(32-29641)" HEIGHT="47" WIDTH="278" VPOS="2800" HPOS="273"/>
</TextLine>
<TextLine HEIGHT="69" WIDTH="825" VPOS="2900" HPOS="190" STYLEREFS="StyleId-8B8B7730-F070-4710-83CD-00E7AF1584F4-" LANG="en-US">
<String CONTENT="Sabine," HEIGHT="67" WIDTH="233" VPOS="2900" HPOS="190"/>
<SP HEIGHT="64" WIDTH="25" VPOS="2903" HPOS="424"/>
<String CONTENT="Paul" HEIGHT="53" WIDTH="143" VPOS="2903" HPOS="450"/>
<SP HEIGHT="52" WIDTH="27" VPOS="2904" HPOS="594"/>
<String CONTENT="Earls," HEIGHT="64" WIDTH="190" VPOS="2905" HPOS="622"/>
<SP HEIGHT="59" WIDTH="30" VPOS="2910" HPOS="813"/>
<String CONTENT="1879-" HEIGHT="54" WIDTH="171" VPOS="2906" HPOS="844"/>
</TextLine>
<TextLine HEIGHT="73" WIDTH="1925" VPOS="2978" HPOS="260" STYLEREFS="StyleId-96B4F924-B40F-405E-B173-EBFB864AC355-" LANG="en-US" CS="1">
<String CONTENT="Acoustics" HEIGHT="54" WIDTH="297" VPOS="2978" HPOS="260"/>
<SP HEIGHT="34" WIDTH="34" VPOS="2998" HPOS="558"/>
<String CONTENT="and" HEIGHT="52" WIDTH="112" VPOS="2981" HPOS="593"/>
<SP HEIGHT="52" WIDTH="36" VPOS="2981" HPOS="706"/>
<String CONTENT="architecture," HEIGHT="69" WIDTH="393" VPOS="2981" HPOS="743"/>
<SP HEIGHT="69" WIDTH="33" VPOS="2981" HPOS="1137"/>
<String CONTENT="by" HEIGHT="70" WIDTH="76" VPOS="2981" HPOS="1171"/>
<SP HEIGHT="69" WIDTH="35" VPOS="2982" HPOS="1248"/>
<String CONTENT="Paul" HEIGHT="54" WIDTH="148" VPOS="2982" HPOS="1284"/>
<SP HEIGHT="53" WIDTH="39" VPOS="2983" HPOS="1433"/>
<String CONTENT="E." HEIGHT="53" WIDTH="68" VPOS="2983" HPOS="1473"/>
<SP HEIGHT="56" WIDTH="39" VPOS="2982" HPOS="1542"/>
<String CONTENT="Sabine" HEIGHT="56" WIDTH="211" VPOS="2982" HPOS="1582"/>
<SP HEIGHT="34" WIDTH="40" VPOS="3004" HPOS="1794"/>
<String CS="1" CONTENT="&#8230;"/>
<SP HEIGHT="49" WIDTH="80" VPOS="2989" HPOS="1894"/>
<String CONTENT="1st" HEIGHT="50" WIDTH="85" VPOS="2989" HPOS="1975"/>
<SP HEIGHT="49" WIDTH="37" VPOS="2990" HPOS="2061"/>
<String CONTENT="ed." HEIGHT="53" WIDTH="86" VPOS="2986" HPOS="2099"/>
</TextLine>
<TextLine HEIGHT="77" WIDTH="1996" VPOS="3055" HPOS="190" STYLEREFS="StyleId-96B4F924-B40F-405E-B173-EBFB864AC355-" LANG="en-US">
<String CONTENT="New" HEIGHT="53" WIDTH="139" VPOS="3055" HPOS="190"/>
<SP HEIGHT="52" WIDTH="45" VPOS="3056" HPOS="330"/>
<String CONTENT="York" HEIGHT="52" WIDTH="161" VPOS="3056" HPOS="376"/>
<SP HEIGHT="53" WIDTH="43" VPOS="3056" HPOS="538"/>
<String CONTENT="and" HEIGHT="52" WIDTH="113" VPOS="3058" HPOS="582"/>
<SP HEIGHT="52" WIDTH="43" VPOS="3058" HPOS="696"/>
<String CONTENT="London," HEIGHT="69" WIDTH="259" VPOS="3058" HPOS="740"/>
<SP HEIGHT="69" WIDTH="42" VPOS="3058" HPOS="1000"/>
<String CONTENT="McGraw-Hill" HEIGHT="56" WIDTH="430" VPOS="3057" HPOS="1043"/>
<SP HEIGHT="54" WIDTH="44" VPOS="3060" HPOS="1474"/>
<String CONTENT="book" HEIGHT="54" WIDTH="148" VPOS="3060" HPOS="1519"/>
<SP HEIGHT="54" WIDTH="45" VPOS="3061" HPOS="1668"/>
<String CONTENT="company," HEIGHT="53" WIDTH="298" VPOS="3079" HPOS="1714"/>
<SP HEIGHT="68" WIDTH="46" VPOS="3063" HPOS="2013"/>
<String CONTENT="inc.," HEIGHT="67" WIDTH="126" VPOS="3063" HPOS="2060"/>
</TextLine>
<TextLine HEIGHT="51" WIDTH="150" VPOS="3135" HPOS="193" STYLEREFS="StyleId-96B4F924-B40F-405E-B173-EBFB864AC355-" LANG="en-US">
<String CONTENT="1932." HEIGHT="51" WIDTH="150" VPOS="3135" HPOS="193"/>
</TextLine>
<TextLine HEIGHT="53" WIDTH="872" VPOS="3205" HPOS="262" LANG="en-US" CS="1">
<String CONTENT="ix," HEIGHT="47" WIDTH="64" VPOS="3205" HPOS="262"/>
<SP HEIGHT="47" WIDTH="27" VPOS="3205" HPOS="327"/>
<String CONTENT="327" HEIGHT="41" WIDTH="87" VPOS="3205" HPOS="355"/>
<SP HEIGHT="48" WIDTH="26" VPOS="3206" HPOS="443"/>
<String CONTENT="p." HEIGHT="37" WIDTH="44" VPOS="3217" HPOS="470"/>
<SP HEIGHT="41" WIDTH="58" VPOS="3206" HPOS="515"/>
<String CONTENT="illus.," HEIGHT="52" WIDTH="142" VPOS="3206" HPOS="574"/>
<SP HEIGHT="48" WIDTH="31" VPOS="3210" HPOS="717"/>
<String CONTENT="diagrs." HEIGHT="48" WIDTH="179" VPOS="3208" HPOS="749"/>
<SP HEIGHT="41" WIDTH="57" VPOS="3209" HPOS="929"/>
<String CS="1" CONTENT="23&#189;&#7580;&#7504;." HEIGHT="43" WIDTH="147" VPOS="3209" HPOS="987"/>
</TextLine>
<TextLine HEIGHT="52" WIDTH="991" VPOS="3262" HPOS="263" LANG="en-US">
<String CONTENT="&#8220;References&#8221;" HEIGHT="41" WIDTH="347" VPOS="3262" HPOS="263"/>
<SP HEIGHT="42" WIDTH="25" VPOS="3262" HPOS="611"/>
<String CONTENT="at" HEIGHT="38" WIDTH="53" VPOS="3266" HPOS="637"/>
<SP HEIGHT="38" WIDTH="25" VPOS="3266" HPOS="691"/>
<String CONTENT="end" HEIGHT="39" WIDTH="90" VPOS="3266" HPOS="717"/>
<SP HEIGHT="39" WIDTH="28" VPOS="3266" HPOS="808"/>
<String CONTENT="of" HEIGHT="40" WIDTH="53" VPOS="3265" HPOS="837"/>
<SP HEIGHT="39" WIDTH="23" VPOS="3265" HPOS="891"/>
<String CONTENT="last" HEIGHT="41" WIDTH="97" VPOS="3265" HPOS="915"/>
<SP HEIGHT="39" WIDTH="25" VPOS="3267" HPOS="1013"/>
<String CONTENT="chapter." HEIGHT="47" WIDTH="215" VPOS="3267" HPOS="1039"/>
</TextLine>
<TextLine HEIGHT="56" WIDTH="1988" VPOS="3329" HPOS="197" LANG="en-US" CS="1">
<String CONTENT="&#169;" HEIGHT="52" WIDTH="52" VPOS="3329" HPOS="197"/>
<SP HEIGHT="52" WIDTH="27" VPOS="3329" HPOS="250"/>
<String CONTENT="Oct." HEIGHT="40" WIDTH="100" VPOS="3334" HPOS="278"/>
<SP HEIGHT="39" WIDTH="28" VPOS="3335" HPOS="379"/>
<String CS="1" CONTENT="5," HEIGHT="39" WIDTH="25" VPOS="3335" HPOS="408"/>
<SP HEIGHT="38" WIDTH="27" VPOS="3336" HPOS="448"/>
<String CONTENT="1932;" HEIGHT="48" WIDTH="138" VPOS="3333" HPOS="476"/>
<SP HEIGHT="45" WIDTH="28" VPOS="3336" HPOS="615"/>
<String CONTENT="2c." HEIGHT="40" WIDTH="66" VPOS="3336" HPOS="644"/>
<SP HEIGHT="40" WIDTH="27" VPOS="3336" HPOS="711"/>
<String CONTENT="Oct." HEIGHT="40" WIDTH="101" VPOS="3336" HPOS="739"/>
<SP HEIGHT="40" WIDTH="26" VPOS="3337" HPOS="841"/>
<String CONTENT="8;" HEIGHT="45" WIDTH="52" VPOS="3337" HPOS="868"/>
<SP HEIGHT="35" WIDTH="30" VPOS="3347" HPOS="921"/>
<String CONTENT="aff." HEIGHT="41" WIDTH="81" VPOS="3337" HPOS="952"/>
<SP HEIGHT="40" WIDTH="28" VPOS="3338" HPOS="1034"/>
<String CONTENT="Oct." HEIGHT="40" WIDTH="102" VPOS="3338" HPOS="1063"/>
<SP HEIGHT="39" WIDTH="28" VPOS="3339" HPOS="1166"/>
<String CS="1" CONTENT="11;" HEIGHT="37" WIDTH="45" VPOS="3339" HPOS="1195"/>
<SP HEIGHT="38" WIDTH="29" VPOS="3340" HPOS="1277"/>
<!-- cceid 1021FFA3-6D7D-1014-B4A5-D7A31D17AB40 --><String CONTENT="A" HEIGHT="37" WIDTH="35" VPOS="3340" HPOS="1307"/>
<SP HEIGHT="39" WIDTH="30" VPOS="3339" HPOS="1343"/>
<String CONTENT="55527;" HEIGHT="46" WIDTH="169" VPOS="3339" HPOS="1374"/>
<SP HEIGHT="44" WIDTH="32" VPOS="3341" HPOS="1544"/>
<String CONTENT="McGraw-Hill" HEIGHT="40" WIDTH="345" VPOS="3340" HPOS="1577"/>
<SP HEIGHT="38" WIDTH="31" VPOS="3341" HPOS="1923"/>
<String CONTENT="book" HEIGHT="39" WIDTH="120" VPOS="3341" HPOS="1955"/>
<SP HEIGHT="39" WIDTH="27" VPOS="3342" HPOS="2076"/>
<String CONTENT="co" HEIGHT="29" WIDTH="52" VPOS="3352" HPOS="2104"/>
<SP HEIGHT="31" WIDTH="20" VPOS="3352" HPOS="2157"/>
<String CONTENT="." HEIGHT="10" WIDTH="7" VPOS="3373" HPOS="2178"/>
</TextLine>
<TextLine HEIGHT="50" WIDTH="439" VPOS="3389" HPOS="263" LANG="en-US">
<String CONTENT="inc." HEIGHT="42" WIDTH="89" VPOS="3389" HPOS="263"/>
<SP HEIGHT="48" WIDTH="69" VPOS="3390" HPOS="353"/>
<String CONTENT="(32-29478)" HEIGHT="49" WIDTH="279" VPOS="3390" HPOS="423"/>
</TextLine>
<TextLine HEIGHT="69" WIDTH="1002" VPOS="3489" HPOS="190" STYLEREFS="StyleId-1AC1DCF7-135F-4FEA-8D7A-B4EE00C5411B-" LANG="en-US">
<String CONTENT="Sakolski," HEIGHT="64" WIDTH="289" VPOS="3489" HPOS="190"/>
<SP HEIGHT="63" WIDTH="28" VPOS="3490" HPOS="480"/>
<String CONTENT="Aaron" HEIGHT="56" WIDTH="200" VPOS="3490" HPOS="509"/>
<SP HEIGHT="53" WIDTH="26" VPOS="3493" HPOS="710"/>
<String CONTENT="Morton," HEIGHT="65" WIDTH="252" VPOS="3493" HPOS="737"/>
<SP HEIGHT="55" WIDTH="32" VPOS="3503" HPOS="990"/>
<String CONTENT="1880-" HEIGHT="50" WIDTH="169" VPOS="3501" HPOS="1023"/>
</TextLine>
<TextLine HEIGHT="78" WIDTH="1466" VPOS="3568" HPOS="261" STYLEREFS="StyleId-1AC1DCF7-135F-4FEA-8D7A-B4EE00C5411B-" LANG="en-US" CS="1">
<String CONTENT="The" HEIGHT="52" WIDTH="122" VPOS="3568" HPOS="261"/>
<SP HEIGHT="51" WIDTH="20" VPOS="3586" HPOS="384"/>
<String CONTENT="great" HEIGHT="62" WIDTH="162" VPOS="3575" HPOS="405"/>
<SP HEIGHT="52" WIDTH="23" VPOS="3570" HPOS="568"/>
<String CONTENT="American" HEIGHT="55" WIDTH="305" VPOS="3569" HPOS="592"/>
<SP HEIGHT="51" WIDTH="23" VPOS="3573" HPOS="898"/>
<String CONTENT="land" HEIGHT="54" WIDTH="134" VPOS="3573" HPOS="922"/>
<SP HEIGHT="53" WIDTH="25" VPOS="3574" HPOS="1057"/>
<String CS="1" CONTENT="bubble;" HEIGHT="54" WIDTH="204" VPOS="3574" HPOS="1083"/>
<SP HEIGHT="60" WIDTH="27" VPOS="3582" HPOS="1315"/>
<String CONTENT="the" HEIGHT="54" WIDTH="95" VPOS="3576" HPOS="1343"/>
<SP HEIGHT="34" WIDTH="24" VPOS="3596" HPOS="1439"/>
<String CONTENT="amazing" HEIGHT="71" WIDTH="263" VPOS="3575" HPOS="1464"/>
</TextLine>
<TextLine HEIGHT="138" WIDTH="1967" VPOS="3577" HPOS="190" STYLEREFS="StyleId-1AC1DCF7-135F-4FEA-8D7A-B4EE00C5411B-" LANG="en-US" CS="1">
<String CONTENT="story" HEIGHT="63" WIDTH="157" VPOS="3583" HPOS="1753"/>
<SP HEIGHT="50" WIDTH="23" VPOS="3596" HPOS="1911"/>
<String CONTENT="of" HEIGHT="54" WIDTH="64" VPOS="3577" HPOS="1935"/>
<SP HEIGHT="53" WIDTH="22" VPOS="3577" HPOS="2000"/>
<String CONTENT="landgrabbing," HEIGHT="135" WIDTH="1967" VPOS="3579" HPOS="190"/>
<SP HEIGHT="45" WIDTH="36" VPOS="3666" HPOS="490"/>
<String CONTENT="speculations," HEIGHT="66" WIDTH="396" VPOS="3649" HPOS="527"/>
<SP HEIGHT="45" WIDTH="37" VPOS="3670" HPOS="924"/>
<String CONTENT="and" HEIGHT="52" WIDTH="111" VPOS="3653" HPOS="962"/>
<SP HEIGHT="53" WIDTH="37" VPOS="3652" HPOS="1074"/>
<String CONTENT="booms" HEIGHT="54" WIDTH="193" VPOS="3652" HPOS="1112"/>
</TextLine>
<TextLine HEIGHT="70" WIDTH="839" VPOS="3653" HPOS="1345" STYLEREFS="StyleId-1AC1DCF7-135F-4FEA-8D7A-B4EE00C5411B-" LANG="en-US">
<String CONTENT="from" HEIGHT="54" WIDTH="151" VPOS="3653" HPOS="1345"/>
<SP HEIGHT="35" WIDTH="35" VPOS="3674" HPOS="1497"/>
<String CONTENT="colonial" HEIGHT="54" WIDTH="243" VPOS="3655" HPOS="1533"/>
<SP HEIGHT="52" WIDTH="37" VPOS="3656" HPOS="1777"/>
<String CONTENT="days" HEIGHT="67" WIDTH="140" VPOS="3656" HPOS="1815"/>
<SP HEIGHT="47" WIDTH="37" VPOS="3662" HPOS="1956"/>
<String CONTENT="to" HEIGHT="47" WIDTH="57" VPOS="3662" HPOS="1994"/>
<SP HEIGHT="46" WIDTH="35" VPOS="3664" HPOS="2052"/>
<String CONTENT="the" HEIGHT="52" WIDTH="96" VPOS="3658" HPOS="2088"/>
</TextLine>
<TextLine HEIGHT="80" WIDTH="1992" VPOS="3722" HPOS="191" STYLEREFS="StyleId-1AC1DCF7-135F-4FEA-8D7A-B4EE00C5411B-" LANG="en-US" CS="1">
<String CONTENT="present" HEIGHT="59" WIDTH="226" VPOS="3729" HPOS="191"/>
<SP HEIGHT="48" WIDTH="31" VPOS="3728" HPOS="418"/>
<String CONTENT="time," HEIGHT="70" WIDTH="152" VPOS="3722" HPOS="450"/>
<SP HEIGHT="67" WIDTH="31" VPOS="3725" HPOS="603"/>
<String CONTENT="by" HEIGHT="68" WIDTH="76" VPOS="3725" HPOS="635"/>
<SP HEIGHT="67" WIDTH="30" VPOS="3726" HPOS="712"/>
<String CONTENT="A." HEIGHT="53" WIDTH="71" VPOS="3726" HPOS="743"/>
<SP HEIGHT="51" WIDTH="34" VPOS="3728" HPOS="815"/>
<String CONTENT="M." HEIGHT="53" WIDTH="78" VPOS="3728" HPOS="850"/>
<SP HEIGHT="56" WIDTH="37" VPOS="3726" HPOS="929"/>
<String CONTENT="Sakolski" HEIGHT="56" WIDTH="263" VPOS="3726" HPOS="967"/>
<SP HEIGHT="54" WIDTH="40" VPOS="3729" HPOS="1231"/>
<String CS="1" CONTENT="&#8230;"/>
<SP HEIGHT="54" WIDTH="77" VPOS="3730" HPOS="1329"/>
<String CONTENT="New" HEIGHT="54" WIDTH="138" VPOS="3730" HPOS="1407"/>
<SP HEIGHT="52" WIDTH="34" VPOS="3733" HPOS="1546"/>
<String CONTENT="York" HEIGHT="53" WIDTH="163" VPOS="3732" HPOS="1581"/>
<SP HEIGHT="53" WIDTH="32" VPOS="3732" HPOS="1745"/>
<String CONTENT="and" HEIGHT="52" WIDTH="112" VPOS="3734" HPOS="1778"/>
<SP HEIGHT="52" WIDTH="33" VPOS="3734" HPOS="1891"/>
<String CONTENT="London," HEIGHT="67" WIDTH="258" VPOS="3735" HPOS="1925"/>
</TextLine>
<TextLine HEIGHT="72" WIDTH="797" VPOS="3799" HPOS="189" STYLEREFS="StyleId-1AC1DCF7-135F-4FEA-8D7A-B4EE00C5411B-" LANG="en-US">
<String CONTENT="Harper" HEIGHT="69" WIDTH="233" VPOS="3799" HPOS="189"/>
<SP HEIGHT="50" WIDTH="26" VPOS="3804" HPOS="423"/>
<String CONTENT="&amp;" HEIGHT="50" WIDTH="51" VPOS="3804" HPOS="450"/>
<SP HEIGHT="52" WIDTH="27" VPOS="3802" HPOS="502"/>
<String CONTENT="brothers," HEIGHT="69" WIDTH="277" VPOS="3802" HPOS="530"/>
<SP HEIGHT="63" WIDTH="28" VPOS="3808" HPOS="808"/>
<String CONTENT="1932." HEIGHT="51" WIDTH="149" VPOS="3808" HPOS="837"/>
</TextLine>
<TextLine HEIGHT="56" WIDTH="1919" VPOS="3873" HPOS="261" LANG="en-US" CS="1">
<String CONTENT="xii" HEIGHT="39" WIDTH="70" VPOS="3873" HPOS="261"/>
<SP HEIGHT="48" WIDTH="29" VPOS="3873" HPOS="332"/>
<String LANG="la" CONTENT="p.," HEIGHT="37" WIDTH="58" VPOS="3884" HPOS="362"/>
<SP HEIGHT="46" WIDTH="30" VPOS="3875" HPOS="421"/>
<String CONTENT="1" HEIGHT="37" WIDTH="23" VPOS="3875" HPOS="452"/>
<SP/>
<String CS="1" CONTENT="l.," HEIGHT="16" WIDTH="8" VPOS="3906" HPOS="544"/>
<SP HEIGHT="47" WIDTH="31" VPOS="3875" HPOS="553"/>
<String CONTENT="373" HEIGHT="41" WIDTH="85" VPOS="3875" HPOS="585"/>
<SP HEIGHT="48" WIDTH="33" VPOS="3876" HPOS="671"/>
<String CONTENT="p." HEIGHT="38" WIDTH="43" VPOS="3886" HPOS="705"/>
<SP HEIGHT="39" WIDTH="57" VPOS="3876" HPOS="749"/>
<String CONTENT="front.," HEIGHT="49" WIDTH="163" VPOS="3876" HPOS="807"/>
<SP HEIGHT="48" WIDTH="32" VPOS="3877" HPOS="971"/>
<String CONTENT="illus.," HEIGHT="49" WIDTH="141" VPOS="3877" HPOS="1004"/>
<SP HEIGHT="37" WIDTH="31" VPOS="3890" HPOS="1146"/>
<String CONTENT="plates," HEIGHT="49" WIDTH="170" VPOS="3880" HPOS="1178"/>
<SP HEIGHT="37" WIDTH="32" VPOS="3892" HPOS="1349"/>
<String CONTENT="ports," HEIGHT="46" WIDTH="162" VPOS="3883" HPOS="1382"/>
<SP HEIGHT="36" WIDTH="32" VPOS="3893" HPOS="1545"/>
<String CONTENT="maps," HEIGHT="37" WIDTH="150" VPOS="3892" HPOS="1578"/>
<SP HEIGHT="46" WIDTH="30" VPOS="3882" HPOS="1729"/>
<String CONTENT="facsims." HEIGHT="41" WIDTH="215" VPOS="3882" HPOS="1760"/>
<SP HEIGHT="38" WIDTH="58" VPOS="3885" HPOS="1976"/>
<String CS="1" CONTENT="22&#189;" HEIGHT="39" WIDTH="56" VPOS="3884" HPOS="2035"/>
<String STYLE="superscript" CS="1" CONTENT="&#7580;&#7504;"/>
<String CONTENT="." HEIGHT="9" WIDTH="9" VPOS="3917" HPOS="2171"/>
</TextLine>
<TextLine HEIGHT="43" WIDTH="413" VPOS="3929" HPOS="266" LANG="en-US">
<String CONTENT="&#8220;First" HEIGHT="42" WIDTH="162" VPOS="3929" HPOS="266"/>
<SP HEIGHT="39" WIDTH="24" VPOS="3932" HPOS="429"/>
<String CONTENT="edition.&#8221;" HEIGHT="42" WIDTH="225" VPOS="3930" HPOS="454"/>
</TextLine>
<TextLine HEIGHT="62" WIDTH="1742" VPOS="3982" HPOS="197" LANG="en-US">
<String CONTENT="&#169;" HEIGHT="52" WIDTH="51" VPOS="3982" HPOS="197"/>
<SP HEIGHT="52" WIDTH="26" VPOS="3982" HPOS="249"/>
<String CONTENT="Oct." HEIGHT="41" WIDTH="100" VPOS="3987" HPOS="276"/>
<SP HEIGHT="38" WIDTH="27" VPOS="3989" HPOS="377"/>
<String CONTENT="6," HEIGHT="46" WIDTH="38" VPOS="3989" HPOS="405"/>
<SP HEIGHT="47" WIDTH="26" VPOS="3988" HPOS="444"/>
<String CONTENT="1932;" HEIGHT="47" WIDTH="138" VPOS="3988" HPOS="471"/>
<SP HEIGHT="45" WIDTH="28" VPOS="3990" HPOS="610"/>
<String CONTENT="2c." HEIGHT="40" WIDTH="66" VPOS="3990" HPOS="639"/>
<SP HEIGHT="39" WIDTH="26" VPOS="3991" HPOS="706"/>
<String CONTENT="Oct." HEIGHT="39" WIDTH="101" VPOS="3991" HPOS="733"/>
<SP HEIGHT="39" WIDTH="26" VPOS="3991" HPOS="835"/>
<String CONTENT="6;" HEIGHT="46" WIDTH="51" VPOS="3991" HPOS="862"/>
<SP HEIGHT="35" WIDTH="28" VPOS="4002" HPOS="914"/>
<String CONTENT="aff." HEIGHT="40" WIDTH="81" VPOS="3991" HPOS="943"/>
<SP HEIGHT="39" WIDTH="27" VPOS="3993" HPOS="1025"/>
<String CONTENT="Oct." HEIGHT="40" WIDTH="100" VPOS="3993" HPOS="1053"/>
<SP HEIGHT="38" WIDTH="28" VPOS="3997" HPOS="1154"/>
<String CONTENT="8;" HEIGHT="44" WIDTH="51" VPOS="3997" HPOS="1183"/>
<SP HEIGHT="46" WIDTH="29" VPOS="3995" HPOS="1235"/>
<!-- cceid 10222918-6D7D-1014-B4A5-D7A31D17AB40 --><String CONTENT="A" HEIGHT="39" WIDTH="39" VPOS="3995" HPOS="1265"/>
<SP HEIGHT="39" WIDTH="26" VPOS="3995" HPOS="1305"/>
<String CONTENT="55504;" HEIGHT="47" WIDTH="169" VPOS="3995" HPOS="1332"/>
<SP HEIGHT="45" WIDTH="30" VPOS="3997" HPOS="1502"/>
<String CONTENT="Harper" HEIGHT="47" WIDTH="192" VPOS="3997" HPOS="1533"/>
<SP HEIGHT="38" WIDTH="25" VPOS="3999" HPOS="1726"/>
<String CONTENT="&amp;" HEIGHT="38" WIDTH="35" VPOS="3999" HPOS="1752"/>
<SP HEIGHT="38" WIDTH="26" VPOS="3999" HPOS="1788"/>
<String CONTENT="bros." HEIGHT="39" WIDTH="124" VPOS="3999" HPOS="1815"/>
</TextLine>
<TextLine HEIGHT="49" WIDTH="277" VPOS="4043" HPOS="273" LANG="en-US">
<String CONTENT="(32-29324)" HEIGHT="49" WIDTH="277" VPOS="4043" HPOS="273"/>
</TextLine>
</TextBlock>
</PrintSpace>
</Page>
</Layout>
</alto>