2563 4368
1106 4026 100 55 147

158 427 262 63 Buchan,
449 425 193 56 Anna.

227 501 355 68 Priorsford,
610 502 75 67 by
715 502 67 55 O.
813 500 257 69 Douglas
1165 500 154 52 [pseud.]
1419 500 162 67 chap.
1614 503 115 50 5-9.

236 577 83 47 (In
347 572 135 44 Good
511 570 386 53 housekeeping,
927 571 127 50 Jan.,
1087 570 143 50 1932)

162 628 1994 53 © 1c. Feb. 27, 1932; A ad int. 16089; pubd. Dec. 31, 1931; A. Buchan,
229 690 208 47 Peebles,
471 689 244 40 Scotland.

150 792 182 66 Cady,
361 791 208 54 Edwin
596 790 270 65 Welling.

225 869 120 52 The
381 869 110 52 law
529 867 65 53 of
630 866 225 69 private
893 866 410 68 corporations,
1339 867 75 67 by
1451 866 210 54 Edwin
1700 866 253 69 Welling
1992 867 161 67 Cady

214 946 792 67 … Brooklyn, N. Y., 1932.
224 1016 1189 52 xliii, [2], 2-434, CXV, 435-459 p. forms. 23½ ᶜᵐ.
224 1076 227 40 Lettered
475 1086 58 30 on
562 1085 140 30 cover:
759 1075 134 48 Cady
919 1084 60 30 on
1008 1073 190 49 private
1224 1072 348 49 corporations.

162 1131 50 51 ©
250 1136 102 38 Jan.
383 1135 69 45 27,
484 1132 139 47 1932;
655 1134 68 40 2c.
756 1134 94 38 and
881 1132 81 40 aff.
995 1132 108 39 Jan.
1135 1131 82 47 30;
1250 1132 40 38 A
1320 1131 144 41 47327;
1526 1132 53 41 E.
1611 1131 73 39 W.
1716 1130 147 48 Cady,
1897 1131 260 48 Brooklyn.

239 1190 250 49 (32-4000)

151 1292 306 66 Carnegie,
484 1293 163 66 Dale,
678 1297 171 51 1888-

223 1367 1932 71 Lincoln, the unknown, by Dale Carnegie … New York &
153 1449 1026 68 London, The Century co. [ ᶜ1 932]
261 1553 9 15 x,
298 1521 87 42 305
411 1533 43 37 p.
513 1521 150 41 front.
692 1520 50 49 (2
768 1519 150 50 port.)
986 1521 54 39 21ᶜᵐ.
1219 1519 131 49 $2.50

230 1577 162 43 “First
419 1577 261 50 printing.”

225 1636 349 47 Bibliography:
634 1646 44 38 p.
708 1634 218 43 303-305.

161 1691 50 51 ©
242 1694 109 40 Feb.
379 1692 28 42 9,
448 1693 140 47 1932;
618 1693 66 40 2c.
715 1694 95 39 and
839 1692 80 40 aff.
951 1693 110 40 Feb.
1089 1691 81 46 12;
1201 1692 40 38 A
1269 1691 171 46 47572;
1472 1691 55 39 D.
1560 1690 248 49 Carnegie,
1839 1691 175 40 Forest
2041 1690 117 49 Hill,

229 1752 49 41 L.
310 1752 51 45 I.,
391 1751 56 40 N.
475 1752 52 38 Y.
600 1749 250 48 (32-4102)

158 1853 239 55 Central
428 1853 346 54 conference
808 1853 64 53 of
902 1851 318 55 American
1252 1850 221 56 rabbis.

232 1927 1922 70 [Yearbook] … 42d annual convention, June 17th to June
155 2007 2002 69 21st, 1931, Wawasee, Indiana … v. 41. Edited by Isaac E.
156 2087 322 53 Marcuson.
559 2087 361 69 [Kingsport,
957 2089 197 66 Tenn.,
1190 2086 328 70 Kingsport
1551 2106 175 49 press,
1763 2086 126 69 inc.,
1927 2091 152 64 1931]

229 2159 1008 51 531 p. incl. front. (port.) tables. 23½ᶜᵐ.
162 2214 1969 51 © Dec. 29, 1931; 1c. Dec. 31; 1c. Jan. 20, 1932; aff. Jan. 4; A 48029;
231 2275 196 40 Central
464 2273 283 40 conference
781 2274 53 39 of
867 2274 146 39 Amer.
1064 2273 177 48 rabbis,
1279 2275 187 45 Macon,
1505 2273 85 41 Ga.

151 2375 256 65 Church,
433 2374 279 67 Richard,
740 2381 171 50 1893-

224 2453 165 69 High
417 2472 263 50 summer,
710 2454 75 68 by
816 2451 255 57 Richard
1105 2455 247 56 Church.
1427 2456 139 51 New
1598 2455 179 66 York,
1809 2455 67 52 R.
1909 2455 165 67 Long
2105 2457 51 51 &

155 2531 66 53 R.
251 2533 67 53 R.
347 2531 208 68 Smith,
584 2531 126 69 inc.,
741 2536 150 50 1932.

225 2604 403 49 viii, 376 p. 20 ᶜᵐ.
163 2658 51 52 ©
243 2663 110 41 Feb.
380 2663 68 46 11,
476 2662 140 47 1932;
645 2662 68 42 2c.
741 2663 110 40 Feb.
880 2662 82 47 15;
992 2662 81 40 aff.
1103 2662 111 43 Feb.
1243 2663 81 46 13;
1356 2663 39 39 A
1422 2663 172 46 47638;
1625 2663 55 40 R.
1711 2661 208 49 Church,
1947 2662 213 41 London.

240 2719 251 49 (32-4108)

151 2807 226 66 Claflin,
403 2807 256 55 William
685 2808 225 66 Henry,
941 2813 172 51 1893-

287 2883 1871 72 … The Stalling’s island mound, Columbia county, Georgia,
156 2961 74 69 by
264 2960 260 58 William
559 2965 76 53 H.
677 2963 228 69 Claflin,
941 2965 70 67 jr.;
1080 2969 372 63 seventy-two
1490 2964 183 68 plates
1709 2965 114 53 and
1858 2983 104 33 one
156 2964 1977 130 illustration

402 3041 61 53 in
492 3042 96 51 the
618 3047 137 47 text.
833 3040 364 69 Cambridge,
1227 3043 190 62 Mass.,
1450 3043 120 53 The
1600 3060 273 47 museum,
1909 3047 149 49 1931.

227 3111 1871 52 vii, 47 p. fold. front., plates, maps, plans (1 fold.) fold. diagr. 24 ᶜᵐ.
167 3168 207 49 (Papers
406 3171 52 40 of
491 3171 82 40 the
606 3170 225 49 Peabody
863 3182 220 30 museum
1117 3171 53 41 of
1202 3171 257 41 American
1492 3172 321 47 archaeology
1845 3172 96 39 and
158 3172 1983 103 ethnology,

289 3228 231 40 Harvard
547 3227 285 49 university,
893 3228 91 41 vol.
1098 3260 9 16 XIV,
1135 3238 76 31 no.
1237 3228 51 48 1)

227 3283 349 50 Bibliography:
636 3296 44 38 p.
711 3286 71 40 47.

164 3338 51 52 ©
240 3343 110 39 Jan.
376 3342 69 47 28,
471 3342 112 41 1932;
639 3343 66 40 2c.
734 3343 109 40 Feb.
869 3344 27 38 4;
953 3343 81 39 aff.
1062 3343 111 41 Feb.
1199 3344 26 38 3;
1281 3344 40 38 A
1346 3341 172 48 47420;
1549 3343 255 41 President
1831 3343 37 41 &
1892 3343 191 41 fellows
2109 3343 53 40 of

232 3399 228 40 Harvard
496 3400 190 47 college,
723 3399 301 49 Cambridge,
1062 3401 145 39 Mass.
1280 3399 251 49 (32-4106)

155 3487 199 65 Coffin,
380 3490 138 55 Mrs.
546 3489 153 64 Kay.

227 3562 120 54 The
374 3564 55 52 A
455 3565 49 51 B
536 3565 91 54 C’s
653 3565 63 53 of
743 3565 94 53 the
867 3563 198 56 official
1095 3570 207 63 system
1329 3566 64 52 of
1420 3570 253 49 contract
1699 3564 199 70 bridge
1927 3564 112 54 and
2068 3565 93 51 the

158 3640 136 68 play
332 3639 64 54 of
431 3641 94 52 the
561 3641 172 68 hand,
772 3641 74 68 by
885 3641 135 69 Kay
1062 3640 205 68 Coffin;
1310 3641 116 54 this
1465 3660 287 49 summary
1791 3642 47 53 is
1878 3640 170 53 based
2088 3658 72 35 on

159 3715 94 53 the
293 3715 197 56 official
531 3718 162 67 book,
734 3719 120 52 The
894 3738 121 33 new
1057 3718 199 55 official
1297 3725 207 61 system
1543 3720 64 52 of
1649 3723 256 50 contract
1943 3716 218 68 bridge,

160 3792 139 53 with
348 3814 31 32 a
427 3795 110 54 few
588 3796 335 53 alternative
970 3797 257 52 methods
1275 3796 63 52 of
1385 3796 292 53 valuation
1726 3795 170 53 based
1943 3814 75 35 on
2065 3794 97 55 the

162 3870 248 54 author’s
454 3872 325 67 experience
822 3893 60 33 as
927 3893 31 34 a
1001 3873 239 53 teacher.
1321 3872 415 69 Indianapolis,
1781 3872 122 54 The
1949 3870 212 54 Bobbs-

161 3946 768 72 Merrill company [ ᶜ1 932]
