2563 4368
1021 4036 134 54 1665

101 413 315 55 American
447 411 500 56 electrochemical
978 411 242 64 society.

170 488 1921 70 Transactions of the Electrochemical society … General
101 568 187 57 index,
320 571 249 51 volumes
601 572 189 64 41-60,
824 570 324 50 1922-1931.
1223 569 139 52 New
1396 568 162 53 York
1591 569 154 66 City,
1776 569 121 52 The

100 570 1965 130 Electrochemical
495 648 229 67 society,
754 647 125 56 inc.,
913 650 147 49 1932.

168 721 270 47 152 p. 23½ ᶜᵐ.
104 772 54 53 ©
185 778 117 39 Nov.
332 778 68 45 30,
430 776 114 40 1932;
602 777 65 39 2c.
700 778 94 38 and
825 776 83 42 aff.
938 777 109 38 Dec.
1080 777 25 37 1;
1163 776 42 39 A
1234 775 142 40 58199;
1439 775 427 40 Electrochemical
1898 778 194 48 society,
169 833 91 40 inc.

100 935 375 54 Association
504 936 96 54 for
628 936 277 53 research
936 936 59 52 in
1025 951 256 37 nervous
1309 936 116 52 and
1455 936 222 53 mental
1707 937 248 54 disease.

231 1010 1860 69 … Infections of the central nervous system; an investigation
99 1088 63 53 of
198 1089 92 51 the
327 1097 143 46 most
509 1095 185 48 recent
731 1088 302 66 advances;
1072 1088 94 54 the
1203 1087 366 69 proceedings
1606 1088 61 52 of
1705 1088 93 52 the
100 1087 1967 147 Association,

257 1165 137 53 New
420 1165 176 68 York,
618 1165 303 52 December
943 1166 132 51 28th
1101 1165 111 53 and
1235 1166 151 66 29th,
1411 1168 131 48 1931;
1599 1165 263 52 editorial
1887 1164 176 54 board
2081 1183 10 34 :

100 1241 1991 69 Israel Strauss, M. D., Thomas K. Davis, M. D., Angus M. Frantz.
100 1336 65 35 M.
188 1338 47 33 D.
297 1319 161 54 With
484 1323 65 48 84
573 1318 376 55 illustrations
975 1320 111 52 and
1111 1322 62 48 31
1205 1320 187 51 tables.
1454 1318 328 69 Baltimore,
1807 1320 120 52 The
99 1319 1967 132 Williams

288 1399 44 49 &
359 1396 248 53 Wilkins
633 1414 295 50 company,
958 1398 147 49 1932.

169 1466 99 49 xix,
293 1467 84 40 563
401 1478 44 37 p.
498 1467 142 49 illus.,
667 1468 178 47 diagrs.
901 1468 55 40 23½ᶜᵐ.
1110 1468 97 47 (Its
1237 1469 158 39 Series
1423 1469 51 40 of
1502 1472 222 37 research
1753 1470 337 48 publications,

98 1525 92 39 vol.
219 1535 32 28 XII
328 1523 169 51 [1931])

168 1580 134 40 “List
332 1580 52 41 of
411 1581 264 40 members”
694 1591 10 30 :
737 1592 41 37 p.
809 1580 215 41 553-563.

168 1636 348 49 Bibliography
547 1639 52 37 at
631 1638 91 39 end
753 1637 52 40 of
834 1639 125 38 most
991 1638 51 39 of
1076 1638 81 39 the
1186 1638 239 46 chapters.

102 1694 51 52 ©
183 1698 102 40 Oct.
313 1698 69 47 21,
411 1695 139 48 1932;
580 1697 66 40 2c.
676 1698 94 39 and
799 1696 83 40 aff.
912 1697 102 40 Oct.
1043 1696 81 47 28;
1155 1697 41 38 A
1223 1696 170 46 56743;
1424 1696 308 41 Association
1761 1699 78 38 for
1868 1700 224 39 research

168 1754 50 41 in
248 1764 206 31 nervous
486 1755 94 38 and
611 1753 181 40 mental
823 1752 202 46 disease,
1057 1753 116 39 New
1205 1753 143 39 York.
1419 1752 278 48 (32-31554)

94 1857 323 54 Baltimore
451 1855 356 55 association
840 1856 63 53 of
935 1871 342 39 commerce.
1351 1855 310 68 Maryland
1692 1858 394 68 development

169 1937 229 54 bureau.

167 2013 119 53 The
315 2011 370 70 coal-mining
711 2013 266 67 industry
1003 2013 63 52 of
1091 2013 327 68 Maryland,
1443 2014 74 67 by
1543 2015 89 52 W.
1660 2015 63 51 L.
1753 2013 334 54 Fairbanks,

97 2090 262 69 director,
408 2093 112 52 and
568 2093 88 53 W.
709 2091 56 55 S.
814 2091 241 66 Hamill,
1104 2091 267 53 assistant
1421 2092 261 54 director.
1759 2092 330 53 Baltimore.

96 2168 139 69 Md.,
266 2169 309 68 Maryland
608 2170 394 66 development
1033 2168 212 55 bureau
1279 2169 63 52 of
1374 2170 95 52 the
1503 2169 315 53 Baltimore
95 2171 1969 128 association

246 2246 622 68 of commerce [ ᶜ1 932]
167 2318 1921 51 1 p. l. , [1], ix, 271 (i. e. 286) p. incl. illus., maps (1 fold.) tables (part
96 2376 144 48 fold.)
279 2377 179 48 diagrs.
485 2376 135 49 (part
647 2375 144 49 fold.)
858 2376 116 40 26ᶜᵐ.

169 2433 497 48 Photolithographed;
735 2433 166 40 folded
942 2442 124 38 map,
1110 2432 155 40 tables
1308 2435 94 37 and
1444 2433 247 47 diagrams
1731 2434 263 40 numbered
2034 2446 56 29 as

97 2493 175 39 leaves.

171 2547 145 41 “This
343 2550 164 45 report
533 2559 165 28 covers
725 2548 81 39 the
833 2546 132 40 third
993 2547 145 47 study
1164 2549 49 37 to
1239 2547 57 39 be
1323 2547 265 47 completed
1616 2546 51 41 in
1694 2549 81 39 the
1804 2549 149 40 series
1981 2550 107 41 that

99 2603 101 41 will
225 2604 236 48 comprise
486 2605 82 40 the
595 2604 196 47 general
818 2602 242 41 economic
1086 2612 175 38 survey
1288 2603 53 40 of
1365 2604 82 39 the
1475 2603 277 49 state.”—p.
1779 2605 65 41 ix.

103 2659 51 52 ©
184 2663 102 41 Oct.
315 2664 69 46 18,
413 2662 113 41 1932;
582 2662 68 40 2c.
680 2664 94 37 and
805 2661 80 41 aff.
917 2661 102 41 Oct.
1047 2660 59 40 20;
1162 2661 41 38 A
1233 2661 142 40 55615;
1435 2661 268 41 Baltimore
1733 2673 128 30 assn.
1890 2664 51 38 of
168 2675 1904 84 commerce.

409 2718 278 49 (32-31913)

98 2818 210 64 Barry,
342 2817 260 64 Charles,
630 2816 196 68 pseud.

167 2896 120 51 The
319 2912 198 50 wrong
545 2894 230 52 murder.
867 2893 161 68 chap.
1064 2895 79 50 16.

178 2970 83 48 (In
289 2965 259 50 Universe,
578 2965 106 43 Oct.
715 2967 40 48 7,
787 2964 144 50 1932)

102 3023 1986 52 © 1c. Dec. 2, 1932; A ad int. 17171; pubd. Oct. 7; Charles Bryson,
169 3083 210 39 London.

167 3171 121 52 The
320 3189 198 50 wrong
547 3169 230 53 murder.
868 3169 162 68 chap.
1065 3167 81 55 17.

177 3244 79 48 (In
288 3241 259 50 Universe,
579 3241 105 43 Oct.
717 3241 71 50 14,
818 3239 144 49 1932)

101 3297 1989 53 © 1c. Dec. 10, 1932; A ad int. 17215; pubd. Oct. 14; Charles Bryson,
168 3360 211 39 London.

98 3450 174 64 Beck,
303 3450 205 62 Henry
539 3446 302 57 Charlton.

170 3526 227 67 Society
425 3525 202 67 editor,
656 3541 30 34 a
713 3540 333 50 newspaper
1072 3527 253 62 mystery
1353 3528 175 63 story,
1552 3523 77 69 by
1658 3524 204 68 Henry
96 3524 1971 135 Charlton

140 3599 1948 137 Beck … New York, E. P. Dutton and company, inc. [ᶜ1932]
164 3756 85 41 312
277 3765 44 38 p.
379 3753 57 42 19½ᶜᵐ.

168 3812 72 41 On
264 3814 97 45 t.-p.
379 3820 11 31 :
416 3811 187 39 Dutton
626 3808 105 41 clue
755 3807 229 47 mystery.

167 3868 161 40 “First
356 3865 226 42 edition.”

102 3920 52 53 ©
185 3925 118 40 Nov.
335 3924 38 46 1,
405 3922 112 41 1932;
580 3921 66 40 2c.
678 3921 118 39 Nov.
827 3919 26 41 3;
916 3917 81 42 aff.
1030 3918 117 39 Nov.
1181 3919 26 39 4;
1269 3919 41 38 A
1342 3918 144 41 56874;
1549 3921 52 39 E.
1634 3922 50 40 P.
1718 3922 188 42 Dutton
1940 3924 36 39 &
2008 3933 82 39 co.,

167 3980 90 41 inc.
329 3978 277 50 (32-31723)
