2563 4368
1358 4075 98 49 566

466 530 271 49 239 p. 20 ᶜᵐ.
468 587 101 40 The
597 589 135 46 story
759 588 51 39 of
838 588 80 39 the
947 585 219 41 author’s
1193 586 367 47 imprisonment
1590 587 131 39 after
1748 587 81 39 the
1857 586 92 39 fall
1976 587 53 39 of
2058 586 129 40 Four
2214 588 177 47 courts,

401 644 81 40 the
508 644 353 47 headquarters
889 643 51 40 of
970 644 82 39 the
1080 642 129 40 Irish
1239 643 280 47 republican
1548 653 151 37 army,
1728 644 49 38 in
1807 642 194 41 Dublin.

407 697 1987 51 © 1c. Mar. 29, 1932; A ad int. 16238; pubd. Feb. 1; Jonathan Cape &
475 758 178 39 Robert
686 758 189 44 Ballou,
907 756 105 48 inc.,
1045 757 118 38 New
1193 756 144 39 York.
1407 754 280 52 (32-11447)

401 845 266 66 Pfeiffer,
700 847 240 53 Eduard
973 845 90 66 A.,
1098 850 171 51 1888-

469 923 198 52 Durch
697 923 90 52 die
816 922 322 54 technische
1166 922 131 53 welt;
1359 923 104 52 wir
1495 922 207 53 fahren
1731 923 89 52 ins
1849 923 136 52 land
2017 924 101 52 der
2146 922 248 69 technik,

402 1018 108 35 von
549 1000 116 68 ing.
706 1000 106 53 Ed.
853 1000 71 53 A.
962 999 259 54 Pfeiffer.
1300 1004 46 49 3.
1388 999 131 55 aufl.
1592 1000 113 53 Mit
1743 1000 102 54 267
1883 1000 225 53 bildern
2149 999 104 54 auf
2295 1002 99 50 120

401 1077 1993 148 tafeln und im text, darunter eine reihe plastischer, meist doppelseitiger demonstrationstafeln … Stuttgart, Dieck & co.
406 1237 192 64 [ ᶜ19 31 ]
469 1304 1257 53 271, [1] p. incl. illus., plates (part double) 26 ᶜᵐ.
748 1361 839 42 CONTENTS.—Strassenbahn—Eisenbahn.—
1602 1361 121 42 Eine
1761 1362 396 48 grubenfahrt.—
2173 1362 100 41 Auf
2311 1364 85 38 der

400 1418 516 41 eisenhütte.—Durch
977 1418 239 42 stahlwerk
1252 1420 96 40 und
1384 1419 161 40 walze.
1563 1442 61 5 —
1639 1418 397 41 Geburtsstätten
2073 1428 90 30 von
400 1418 1975 98 rekordschiffen.—Ein

802 1477 150 38 ström
979 1475 161 41 erhält
1167 1475 77 40 ein
1271 1486 148 30 neues
1447 1474 532 49 bett.—Fluggiganten
2009 1476 116 39 über
2155 1476 113 39 land
2296 1475 98 40 und

401 1541 195 31 wasser.

410 1585 1874 56 © Oct. 31, 1931; 1c. Mar. 19, 1932; A —Foreign 16281; Dieck & co.
487 1646 279 47 (32-10627)

403 1736 251 64 Pittaro,
683 1736 155 54 John
867 1738 78 54 M.

534 1812 1865 70 … Beginners’ Spanish, by John M. Pittaro and Alexander
403 1889 213 62 Green;
657 1890 324 53 illustrated
1016 1891 73 68 by
1125 1892 250 52 Herbert
1410 1891 226 54 Deland
1671 1892 288 55 Williams
1995 1893 112 52 and
2144 1892 254 53 Norman

404 1969 1995 144 Braley. Boston, New York [etc.] D. C. Heath and company [ᶜ19 32]
405 2120 1977 105 xvi, 501 p. front., illus., maps. 19 ᶜᵐ. (Heath’s modern language series. Hills and Ford grammar series)
413 2229 53 52 ©
495 2235 113 46 Apr.
639 2234 40 47 4,
713 2232 112 41 1932;
885 2233 67 40 2c.
984 2233 114 48 Apr.
1129 2234 52 38 11;
1245 2232 83 42 aff.
1360 2234 112 47 Apr.
1506 2234 28 39 9;
1595 2235 38 37 A
1665 2232 142 42 49471;
1871 2233 43 41 J.
1950 2235 60 38 M.
2045 2232 203 49 Pittaro,
2283 2233 116 41 New

481 2290 143 47 York,
667 2292 95 38 and
804 2291 275 39 Alexander
1124 2290 169 48 Green,
1339 2291 269 47 Wellesley,
1653 2292 146 38 Mass.
1862 2286 67 54 [©
1976 2289 286 41 alterations
2306 2288 95 41 and

480 2347 260 49 additions]
814 2346 278 50 (32-10419)

407 2434 208 66 Rapin,
647 2436 179 65 René,
861 2438 325 55 1621-1687.

408 2510 1969 149 Renati Rapini … Hortorum libri IV ; with an English translation by James Gardiner … edited by Irving T. McDonald …
413 2665 349 68 [Worcester,
791 2666 190 67 Mass.]
1016 2666 119 53 The
1167 2667 156 68 Holy
1355 2666 166 56 Cross
1550 2686 171 49 press,
1755 2671 148 49 1932.

476 2737 1921 51 4 p. l., xviii. 221, [xix-xxxvi p., l 1. front. (facsim.) illus. 16ᶜᵐ.
415 2792 328 51 ([Worcester,
771 2794 146 40 Mass.
970 2794 191 48 College
1185 2795 52 40 of
1261 2796 83 40 the
1367 2796 127 48 Holy
1520 2797 160 48 Cross]
1736 2797 204 47 Library
1967 2798 163 40 series,
2182 2806 77 32 no.
2284 2795 51 47 1)

477 2850 161 39 Blank
661 2860 120 37 page
807 2852 52 38 at
882 2852 91 38 end
999 2850 52 40 of
1075 2852 117 39 each
1217 2854 111 46 part
1354 2855 96 38 and
1473 2853 95 40 full
1593 2864 119 38 page
1738 2853 301 41 illustration
2064 2857 52 37 at
2142 2852 258 50 beginning

408 2905 53 40 of
492 2908 137 45 parts
660 2906 86 39 2-4
777 2909 83 38 not
891 2906 224 42 included
1147 2908 49 40 in
1229 2910 80 38 the
1343 2907 297 50 pagination.

480 2962 332 48 Frontispiece
838 2963 339 47 accompanied
1205 2965 59 47 by
1293 2964 102 41 leaf
1420 2965 120 40 with
1567 2964 292 50 descriptive
1884 2967 298 46 letterpress.

482 3019 145 41 “This
669 3019 183 41 edition
897 3020 41 40 is
981 3020 188 41 limited
1212 3023 49 39 to
1305 3021 93 41 five
1440 3022 220 39 hundred
1703 3021 173 49 copies,
1921 3022 52 40 of
2015 3022 158 40 which
2217 3022 98 41 this
2358 3020 41 42 is

407 3077 204 39 number
641 3074 99 42 63.”

480 3132 144 41 Latin
656 3134 95 38 and
785 3132 215 48 English.

480 3188 858 48 Lettered on cover: Of gardens.
481 3245 376 48 “Bibliography
892 3245 52 40 of
979 3244 209 41 editions
1224 3247 95 38 and
1355 3246 320 40 translations
1712 3246 52 40 of
1800 3247 279 39 ‘Hortorum
2113 3246 114 40 libri
2317 3245 50 16 IV’”:

411 3313 43 37 p.
490 3301 286 50 [xvii]-xviii;
840 3300 376 49 “Bibliography
1247 3301 52 41 of
1330 3300 199 49 Rapin’s
1561 3302 173 48 works,
1767 3302 119 41 with
1919 3302 129 41 their
2081 3302 318 41 translations

409 3361 97 38 and
532 3357 238 42 editions”;
830 3368 41 36 p.
902 3357 332 49 [xxiv]-xxxvi;
1292 3357 294 41 “Reference
1611 3357 363 48 bibliography”;
2033 3360 25 38 1
2085 3359 102 39 leaf
2213 3363 53 37 at
2294 3358 103 42 end.

759 3414 304 40 CONTENTS.—Flores.—
1064 3414 192 39 Nemus.
1259 3413 303 47 —Aquae.—
1563 3413 293 42 Pomarium.

421 3471 51 51 ©
506 3475 112 47 Apr.
652 3475 40 47 1,
725 3472 141 47 1932;
899 3472 68 41 2c.
1001 3473 112 46 Apr.
1147 3472 52 46 8;
1236 3471 82 43 aff.
1352 3472 114 50 Apr.
1500 3473 53 45 7;
1589 3472 40 38 A
1663 3471 170 48 50668;
1870 3473 127 47 Holy
2033 3471 143 42 Cross
2211 3471 188 48 college,

486 3532 285 45 Worcester,
805 3531 145 38 Mass.
1022 3528 279 48 (32-10211)

421 3618 239 68 [Rivett,
690 3619 182 53 Edith
902 3618 285 67 Caroline]
1221 3623 171 51 1894-

547 3692 1852 69 … The affair on Thor’s head. London, S. Low, Marston &
413 3789 97 48 co.,
536 3770 102 54 ltd.
670 3773 172 66 [1932]

481 3839 703 50 3 p. l., 312 p. map. 19ᶜᵐ.
483 3896 228 41 Author’s
739 3898 179 46 pseud.,
946 3897 51 40 E.
1030 3895 50 43 C.
1108 3896 56 40 R.
1192 3897 166 47 Lorac,
1387 3899 53 38 at
1467 3899 124 38 head
1620 3897 53 40 of
1700 3897 121 40 title.

422 3951 1960 126 © 1c. Mar. 22, 1932; A ad int. 16178; pubd. Jan. 25; Carol Rivett, London. (32-11575)
