2563 4368
1232 3987 132 48 1130

285 369 364 66 Macdonald,
682 368 256 57 William
973 366 148 57 Colt.

357 445 277 56 Rustlers’
658 444 280 70 paradise,
962 445 76 67 by
1060 441 260 58 William
1346 443 130 56 Colt
1499 441 362 54 Macdonald.
1935 441 137 54 New
2098 439 179 68 York,

291 524 671 68 Covici, Friede [ᶜ1 932]
358 595 529 50 4 p. l. , 3-304 p. 20ᶜᵐ.
295 651 52 52 ©
373 656 116 47 July
512 655 70 48 28,
608 653 112 41 1932;
775 653 67 40 2c.
867 653 120 47 Aug.
1013 653 25 39 3;
1094 651 80 41 aff.
1203 651 115 47 July
1343 650 82 48 30;
1454 650 41 39 A
1521 650 142 40 53441;
1719 650 70 40 W.
1818 650 52 38 A.
1940 680 9 9 C.
1977 647 303 49 Macdonald,

363 712 199 47 Laguna
595 711 174 45 Beach,
804 709 143 40 Calif.
1018 707 279 48 (32-19500)

289 814 322 64 McLester,
642 813 260 53 Frances
930 811 152 56 Cole.

357 889 177 55 What
564 890 48 53 is
643 888 299 68 teaching?
1013 888 97 53 An
1138 887 391 54 introduction
1560 891 60 49 to
1653 885 310 70 principles
1997 884 64 54 of
288 884 1966 151 teaching,

429 967 94 52 for
546 967 207 53 officers
779 967 113 52 and
916 965 252 54 teachers
1192 966 61 51 in
1278 965 211 52 church
1512 964 218 53 schools
1756 963 64 54 of
1843 963 96 52 the
1965 962 313 53 Methodist

290 1044 312 68 Episcopal
652 1043 227 68 church,
932 1043 200 67 South,
1180 1043 76 67 by
1305 1043 247 52 Frances
1604 1041 64 56 C.
1718 1041 321 64 McLester;
2092 1039 64 56 C.
2206 1039 71 52 A.

291 1122 229 67 Bowen,
606 1164 11 10 D.
703 1163 29 25 D.,
779 1122 230 67 general
1055 1119 201 54 editor.
1340 1119 315 68 Nashville,
1703 1120 197 65 Tenn.,
1949 1117 330 67 Cokesbury

289 1217 172 50 press,
497 1202 153 50 1932.

362 1270 283 51 128 p. 17 ᶜᵐ.
364 1328 376 49 Bibliography:
770 1338 43 39 p.
847 1325 98 43 128.

299 1381 52 52 ©
384 1386 125 39 June
541 1385 68 47 23,
644 1384 140 48 1932;
818 1384 66 40 2c.
920 1384 115 47 July
1067 1383 82 47 25;
1186 1383 79 40 aff.
1301 1383 119 47 Aug.
1455 1383 81 47 15;
1573 1383 39 38 A
1647 1383 169 46 53263;
1853 1383 178 38 Lamar
2064 1382 36 40 &
366 1380 1901 110 Whitmore,

540 1442 265 40 Nashville.
875 1440 279 49 (32-19481)

293 1546 190 64 Mead,
514 1545 227 63 George
770 1543 277 66 Herbert,
1079 1548 326 52 1863-1931.

362 1622 121 53 The
520 1621 347 68 philosophy
904 1621 64 53 of
1004 1621 96 53 the
1137 1626 244 62 present,
1419 1620 75 68 by
1533 1620 220 67 George
1792 1620 249 53 Herbert
2078 1618 200 67 Mead;

293 1697 1987 69 edited by Arthur E. Murphy … with prefatory remarks by
291 1774 1966 147 John Dewey … Chicago, London, Open court publishing company, 1932.
366 1911 1917 63 xi, 199 p. front. (port.) 23½ᶜᵐ. (Lectures upon the Paul Carus
295 1981 304 42 foundation.
660 1982 60 39 3d
753 1981 115 47 ser.)

367 2036 65 42 Of
454 2040 82 39 the
562 2037 432 48 “Supplementary
1018 2036 193 48 essays”
1249 2037 66 48 (p.
1338 2036 197 49 93-195)
1570 2039 83 39 the
1677 2037 107 41 first
1808 2039 137 40 three
1968 2048 84 31 are
2078 2038 205 42 selected

296 2094 128 42 from
452 2094 328 49 manuscripts
808 2094 160 40 which
998 2103 85 32 are
1113 2093 249 48 obviously
1392 2094 317 49 preliminary
1740 2094 163 41 drafts
1935 2095 52 40 of
2017 2097 82 39 the
2131 2094 155 42 Carus

298 2151 221 48 lectures,
561 2152 82 40 the
683 2151 172 41 fourth
897 2150 42 41 is
983 2149 248 50 reprinted
1271 2150 130 41 from
1443 2152 83 39 the
1570 2150 319 50 Proceedings
1933 2152 52 40 of
2027 2153 81 40 the
2152 2152 134 40 sixth

300 2207 359 42 International
702 2217 225 37 congress
972 2206 52 40 of
1064 2206 300 48 philosophy,
1409 2208 96 38 and
1551 2208 82 39 the
1676 2206 113 41 fifth
1833 2207 127 41 from
2006 2210 82 39 the
298 2208 1971 96 International

544 2263 198 47 journal
766 2262 52 42 of
843 2262 167 48 ethics,
1040 2261 139 49 April
1204 2261 126 41 1925.
1386 2261 62 49 cf.
1478 2262 130 41 Pref.

304 2319 50 51 ©
382 2323 115 46 July
523 2322 68 46 14,
618 2320 138 47 1932;
785 2319 68 40 2c.
880 2320 115 46 July
1021 2319 81 46 18;
1132 2318 82 40 aff.
1241 2319 115 47 July
1382 2318 82 48 20;
1493 2320 41 38 A
1561 2320 142 40 53167;
1761 2320 130 48 Open
1920 2323 140 38 court
2083 2321 107 47 pub.
2220 2330 67 31 co.

381 2378 278 48 (32-19616)

297 2480 466 64 Merriweather,
796 2479 291 64 Claybron
1115 2479 90 58 W.

370 2555 1916 71 Goober peas, by Claybron W. Merriweather … Boston,
300 2636 121 52 The
451 2634 375 67 Christopher
854 2633 335 69 publishing
1215 2635 173 52 house
1423 2639 190 63 [ᶜ1932]

369 2706 487 50 xii, 13-174 p. 21 ᶜᵐ.
371 2765 185 41 Poems.

306 2818 52 52 ©
391 2822 115 47 July
536 2822 68 46 14,
637 2819 113 42 1932;
811 2820 66 40 2c.
911 2821 115 48 July
1057 2820 56 41 25;
1174 2820 82 41 aff.
1289 2821 115 47 July
1436 2820 54 41 23;
1553 2821 41 39 A
1626 2821 142 40 53239;
1831 2821 314 48 Christopher
2177 2821 110 48 pub.

373 2879 162 39 house.
606 2876 278 49 (32-19484)

301 2966 209 66 Merté,
547 2966 192 65 Willy,
782 2971 170 50 1889-

371 3043 121 52 Das
521 3042 518 68 photographische
1073 3042 271 68 objektiv,
1375 3043 311 52 bearbeitet
1718 3061 111 34 von
1859 3044 89 54 W.
1984 3045 201 66 Merté,
2218 3045 69 52 R.

303 3120 251 67 Richter,
579 3119 77 52 M.
685 3138 51 33 v.
763 3119 159 53 Rohr;
977 3120 107 52 mit
1108 3123 99 48 393
1234 3119 401 70 abbildungen.
1693 3120 187 68 Wien,
1906 3121 55 54 J.
1993 3120 295 70 Springer,

307 3199 147 51 1932.

373 3269 63 48 ix,
465 3269 99 47 399,
598 3269 53 49 [1]
680 3279 44 37 p.
780 3268 142 49 illus.,
950 3268 176 48 diagrs.
1185 3268 56 40 25½ᶜᵐ.
1400 3269 14 48 (
1421 3269 170 40 Added
1620 3273 120 44 t.-p.:
1768 3269 272 41 Handbuch
2069 3271 84 39 der
305 3270 1966 95 wissenschaftlichen

749 3324 1174 50 und angewandten photographie … bd. I )
374 3380 410 48 Bibliographical
813 3380 276 40 foot-notes.

312 3434 1811 53 © Jan. 29, 1932; 1c. Apr. 13; A—Foreign 16427; Julius Springer.
390 3493 277 49 (32-20633)

307 3583 317 65 Montross,
650 3583 138 52 Mrs.
816 3581 139 55 Lois
986 3581 303 66 (Seyster)
1325 3586 169 53 1897-

375 3660 176 52 Wind
593 3659 196 52 before
831 3660 184 65 dawn,
1056 3659 74 66 by
1172 3659 133 52 Lois
1347 3660 303 52 Montross.
1723 3660 138 51 New
1907 3660 176 66 York,
309 3660 1956 142 Liveright,

513 3736 105 52 inc.
730 3738 117 63 [ᶜ1932]

379 3807 86 40 288
493 3818 41 37 p.
595 3807 55 41 19½ᶜᵐ.

316 3859 50 51 ©
398 3864 126 39 June
551 3863 69 47 30,
651 3863 139 47 1932;
822 3863 66 40 2c.
920 3863 116 47 July
1066 3863 51 47 8;
1150 3862 81 41 aff.
1263 3864 118 47 Aug.
1411 3865 52 46 3;
1498 3866 39 37 A
1568 3864 169 48 53024;
1770 3865 111 40 Lois
1915 3865 192 47 Seyster
383 3866 1890 101 Montross,

530 3920 116 39 New
675 3920 141 39 York.
887 3918 277 52 (32-17146)
