2563 4368
1077 4045 102 50 225

120 433 186 66 Allen,
335 435 245 64 Devere,
610 435 171 51 1891-
991 431 86 54 ed.

193 510 402 54 Adventurous
624 506 349 69 Americans,
1003 505 188 55 edited
1220 506 74 68 by
1327 506 214 54 Devere
1573 505 188 65 Allen,
1794 504 317 55 illustrated

125 587 139 55 with
311 585 257 69 etchings
614 584 73 69 by
736 583 260 54 Bernard
1046 582 261 55 Sanders.
1394 582 135 52 New
1582 582 178 65 York,
1811 583 212 52 Farrar
2071 584 44 49 &

125 665 277 54 Rinehart
438 660 395 70 incorporated
916 662 152 66 [ᶜ1932]

192 735 66 47 ix,
285 735 87 40 346
402 743 44 39 p.
502 736 149 46 ports.
707 731 147 41 22½ᶜᵐ.

130 804 51 51 ©
210 807 108 40 Feb.
348 808 67 42 18,
445 806 139 45 1932;
614 805 66 40 2c.
710 805 97 39 and
834 804 81 39 aff.
948 804 107 39 Feb.
1086 803 54 39 19;
1200 803 37 39 A
1266 802 143 40 48567;
1470 803 181 39 Farrar
1680 804 36 39 &
1745 802 251 46 Rinehart,
2027 802 87 40 inc.

207 863 248 48 (32-5281)

119 981 194 66 Alpha
341 981 119 65 phi.

193 1058 121 54 The
354 1058 218 67 history
615 1060 63 51 of
721 1055 194 69 Alpha
959 1057 101 67 phi
1104 1055 408 56 international
1557 1057 308 66 fraternity
1909 1054 207 67 <1872-

129 1132 1341 70 1930> New York, The Century co. [ ᶜ19 31]
195 1204 1405 53 lxv, 360 p. front., illus. (music) plates, ports. 21 ᶜᵐ.
197 1278 132 41 First
366 1278 183 40 edition
587 1277 235 48 compiled
861 1279 61 45 by
961 1276 137 41 Olive
1137 1276 52 41 F.
1229 1273 263 50 Singleton.
1553 1274 227 41 Material
1819 1275 79 40 for
1939 1275 80 40 the
2056 1276 57 39 2d

126 1335 184 41 edition
353 1334 235 48 compiled
633 1335 152 39 under
828 1334 81 39 the
955 1332 237 41 direction
1237 1332 52 40 of
1333 1333 249 47 Margaret
1628 1332 63 40 M.
1734 1331 243 48 Whitney,
2053 1333 63 48 cf.

126 1403 42 38 p.
199 1391 179 52 [ix]-xi.

197 1448 132 41 First
365 1447 184 42 edition
585 1447 254 49 published
876 1446 114 41 1923
1028 1446 153 40 under
1216 1445 109 41 title;
1390 1445 104 41 The
1528 1445 188 48 history
1753 1445 52 40 of
1841 1446 155 48 Alpha
2035 1445 80 50 phi

125 1505 279 48 fraternity,
436 1504 274 42 1872-1922.

196 1562 213 41 “Second
437 1560 226 42 edition.”

132 1629 51 51 ©
210 1633 112 47 Apr.
350 1632 68 49 30,
445 1632 112 40 1931;
615 1632 66 41 2c.
709 1633 95 38 and
830 1631 80 40 aff.
941 1631 109 40 Feb.
1078 1632 56 39 17;
1189 1630 42 39 A
1256 1630 144 40 47673;
1459 1630 213 48 Century
1701 1641 66 29 co.

209 1689 248 48 (32-5572)

130 1807 311 54 American
471 1807 111 54 law
610 1808 237 63 reports
875 1806 342 54 annotated.

198 1882 70 54 A.
308 1886 63 51 L.
410 1885 67 52 R.
517 1883 344 53 cumulative
899 1882 386 69 index-digest
1322 1883 93 51 for
1454 1883 95 52 the
1586 1902 162 47 years
1791 1887 324 49 1929-1931.

131 1963 133 53 vols.
323 1960 185 54 58-75.
586 1960 312 55 Combined
957 1960 229 54 indexes
1245 1966 56 49 to
1358 1980 149 34 cases
1566 1962 111 52 and
1735 1962 380 54 annotations.

133 2038 477 70 Supplementing
657 2042 69 52 A.
777 2040 63 52 L.
890 2041 67 51 R.
1005 2039 186 69 digest
1241 2039 92 53 for
1381 2041 136 52 vols.
1569 2040 149 53 1-57.
1795 2042 322 67 Rochester,

130 2119 68 51 N.
231 2121 89 64 Y.,
347 2118 119 53 The
496 2120 266 65 Lawyers
792 2118 380 67 co-operative
1201 2118 337 70 publishing
1565 2138 307 50 company;
1904 2122 211 53 North-

131 2202 148 61 port,
317 2197 64 50 L.
419 2197 67 65 I.,
525 2197 66 50 N.
634 2197 90 53 Y.,
764 2195 253 53 Edward
1057 2197 330 66 Thompson
1427 2216 307 50 company;
1780 2199 119 54 San
130 2202 1962 137 Francisco,
323 2273 193 66 Calif.,
548 2273 544 53 Bancroft-Whitney
1164 2293 297 49 company,
1495 2279 149 49 1932.

198 2347 127 46 1040,
356 2347 87 40 375
473 2358 42 36 p.
575 2347 55 38 25½ᶜᵐ.

134 2413 51 51 ©
220 2418 110 41 Jan.
363 2417 68 47 20,
467 2417 139 45 1932;
642 2417 66 39 2c.
743 2417 95 39 and
874 2416 79 39 aff.
991 2416 108 39 Feb.
1135 2416 82 46 10;
1255 2417 42 38 A
1328 2417 171 47 48412;
1537 2418 228 49 Lawyers
1801 2421 321 47 co-operative

201 2475 107 46 pub.
343 2484 80 37 co.,
458 2474 209 38 Edward
700 2472 273 48 Thompson
1005 2482 66 31 co.
1106 2473 36 40 &
1175 2473 485 51 Bancroft-Whitney
1694 2488 67 30 co.

123 2593 200 64 Ames,
357 2591 220 54 Esther
607 2590 302 56 Merriam.

200 2670 176 66 Patsy
404 2667 94 53 for
523 2666 189 69 Keeps;
770 2686 30 33 a
827 2667 179 68 Patsy
1033 2667 113 53 and
1172 2668 179 68 Patsy
1378 2667 135 54 Ann
1541 2674 107 63 put
1672 2671 260 68 together
1960 2671 162 68 book,

130 2753 157 63 story
327 2746 74 69 by
444 2746 209 53 Esther
693 2745 274 53 Merriam
1010 2744 201 69 Ames;
1257 2746 249 68 pictures
1548 2747 75 69 by
1666 2748 226 56 Arnold
1935 2750 187 54 Lorne

131 2826 197 53 Hicks.
404 2825 138 53 New
566 2824 164 52 York
753 2824 134 67 city,
914 2823 56 55 S.
996 2822 235 56 Gabriel
1254 2842 130 36 sons
1407 2827 52 51 &
1485 2844 281 52 company
1905 2832 67 49 [ᶜ1932
1976 2863 13 34 ]

203 2897 1076 51 95 p. col. front., illus., col. plates. 26 ᶜᵐ.
137 2967 51 51 ©
220 2970 109 40 Feb.
361 2970 39 45 5,
431 2967 114 41 1932;
603 2968 66 40 2c.
701 2967 110 41 Feb.
843 2967 58 40 18;
958 2967 80 40 aff.
1071 2967 111 41 Feb.
1210 2967 61 43 16;
1328 2968 42 39 A
1399 2968 145 40 48542;
1607 2970 143 40 Saml.
1785 2971 195 41 Gabriel
2012 2985 112 29 sons

203 3028 36 39 &
265 3036 67 30 co.
402 3024 249 49 (32-5303)

127 3131 199 63 Ames,
356 3128 262 56 Jenefer.

200 3205 268 53 Pandora
491 3202 129 54 lifts
643 3202 96 54 the
764 3201 102 70 lid,
891 3201 75 69 by
989 3200 238 56 Jenefer
1250 3202 192 56 Ames.
1503 3204 139 53 New
1670 3206 179 70 York,
1875 3209 64 53 L.
134 3209 1964 142 MacVeagh,

386 3281 137 53 Dial
561 3299 174 50 press,
773 3279 136 68 inc.;
950 3279 272 69 Toronto,
1259 3280 345 70 Longmans,
1645 3282 186 56 Green
1870 3287 114 54 and
2023 3305 100 51 co.,

133 3363 149 50 1932.

201 3429 615 52 5 p. l., 3-317 p. 19 ½ᶜᵐ .
140 3501 51 52 ©
223 3506 109 38 Jan.
361 3503 69 47 25,
461 3502 112 40 1932;
631 3502 66 39 2c.
729 3501 108 39 Feb.
871 3501 24 39 8;
955 3499 82 42 aff.
1070 3500 109 43 Feb.
1210 3500 56 40 20;
1325 3501 40 39 A
1394 3502 144 41 48724;
1599 3504 112 41 Dial
1742 3517 148 37 press,
1923 3507 90 43 inc.

217 3560 248 49 (32-5592)

129 3663 283 63 Andress,
439 3661 201 53 James
669 3661 184 62 Mace,
884 3663 171 50 1881-

264 3732 1861 71 … Summer fun, by J. Mace Andress … and Annie Turner
133 3809 1992 72 Andress, with the assistance of Julia E. Dickson … illustrated
133 3893 75 69 by
251 3890 354 70 Marguerite
649 3888 197 54 Davis.
929 3889 235 67 Boston,
1210 3888 140 53 New
1399 3889 163 54 York
1632 3896 121 64 [etc.]
1806 3894 157 56 Ginn
2011 3899 110 53 and

134 3969 490 63 company [ ᶜ19 32]
