2563 4368
1399 4050 102 56 438

453 437 1997 74 Hebrew union college annual … v. 7. Cincinnati, 1930.
530 520 447 71 [Philadelphia,
1026 523 122 66 Pa.,
1195 520 244 55 Printed
1491 525 59 48 at
1596 520 97 52 the
1740 519 247 53 Hebrew
2036 534 158 52 press
2242 515 66 55 of
2353 517 96 53 the

524 602 217 55 Jewish
768 598 357 72 publication
1149 598 212 70 society
1389 597 64 55 of
1481 597 284 69 America,
1794 599 152 65 1931]

525 674 664 50 2 p. l., 577, [7] p. 23½ ᶜᵐ .
459 741 52 52 ©
541 746 113 46 May
681 744 68 48 19,
777 743 113 41 1931;
947 742 68 43 2c.
1042 743 113 48 Apr.
1184 745 39 45 1,
1252 742 114 41 1932;
1424 742 80 40 aff.
1535 742 112 47 Apr.
1675 742 26 38 2;
1760 742 40 37 A
1826 740 144 40 49524;
2029 740 158 40 Union
2214 740 52 39 of

528 740 1910 102 American
666 800 383 49 congregations,
1082 799 290 42 Cincinnati.

456 904 235 67 Huddy,
718 904 328 65 Xenophon
1072 905 237 54 Pearce.

525 981 426 70 Encyclopedia
986 980 64 55 of
1085 980 344 54 automobile
1463 983 125 50 law.
1665 980 122 53 The
1820 980 111 54 law
1964 979 65 54 of
2063 978 391 67 automobiles,

457 1056 1995 74 by Xenophon P. Huddy … 9th ed., revised, rearranged and
456 1139 271 69 enlarged
754 1140 74 68 by
854 1140 96 53 the
974 1137 341 71 publisher’s
1341 1138 267 53 editorial
1636 1134 135 58 staff.
1861 1155 50 35 v.
1944 1138 185 55 19-20.
2203 1136 252 71 Albany,

457 1217 70 54 N.
556 1219 90 66 Y.,
673 1218 280 53 Matthew
980 1219 227 53 Bender
1234 1222 46 50 &
1305 1235 299 51 company,
1628 1216 422 70 incorporated,
2079 1218 150 54 1932.

529 1290 1370 52 xxiv, 815 p. illus., plates, facsims., diagrs. 25 ᶜᵐ .
462 1359 52 53 ©
543 1364 114 48 Apr.
687 1364 69 47 21,
786 1362 113 42 1932;
957 1363 68 40 2c.
1055 1364 94 40 and
1180 1362 82 42 aff.
1291 1362 114 49 Apr.
1435 1361 56 40 22;
1551 1362 40 39 A
1620 1360 144 42 50964;
1824 1361 236 41 Matthew
2091 1361 189 40 Bender
2310 1360 37 41 &
2375 1368 83 41 co.,

528 1421 91 42 inc.

459 1524 185 54 Idaho
673 1525 113 52 and
815 1520 213 59 Pacific
1057 1522 205 70 digest,
1291 1523 270 69 covering
1590 1523 78 53 all
1698 1540 152 37 cases
1878 1522 268 70 reported
2177 1522 61 53 in
2267 1520 188 55 Idaho

525 1606 239 63 reports,
801 1604 338 65 1866-1931;
1174 1600 211 54 Pacific
1419 1606 274 63 reporter,
1726 1601 253 53 volumes
2013 1602 187 65 1-300,
2234 1601 113 52 and
2381 1600 79 53 all

525 1679 65 52 of
614 1680 96 52 the
735 1679 213 54 Pacific
973 1684 172 49 states
1172 1683 222 64 reports
1420 1678 154 54 from
1598 1679 96 53 the
1719 1677 227 54 earliest
1968 1679 182 66 times,
2177 1677 282 68 compiled

530 1759 113 52 and
682 1757 192 54 edited
913 1758 75 68 by
1030 1758 95 52 the
1166 1756 341 70 publisher’s
1546 1755 269 55 editorial
1855 1752 137 58 staff.
2081 1772 50 36 v.
2176 1759 116 52 1-4.
2369 1754 86 58 St.

528 1837 166 68 Paul,
719 1838 160 55 West
907 1834 338 72 publishing
1271 1854 98 52 co.,
1401 1838 150 53 1932.

529 1910 274 41 4 v. 26 ᶜᵐ .
465 1976 51 53 ©
546 1981 110 41 Feb.
686 1980 69 49 29,
785 1979 114 42 1932;
957 1980 67 41 2c.
1055 1981 120 40 each
1203 1982 121 38 Mar.
1355 1981 56 39 14;
1469 1979 107 43 affs.
1608 1981 120 39 Mar.
1761 1980 58 40 16;
1875 1980 41 39 A
1944 1978 319 42 50068-50071;
2325 1980 136 41 West

531 2038 109 48 pub.
676 2049 68 29 co.
814 2037 251 50 (32-7900)

457 2141 241 66 Jansen,
726 2141 275 56 William.

528 2219 125 51 The
676 2221 218 53 Jansen
920 2221 113 51 and
1060 2221 173 53 Allen
1258 2219 394 69 geographies.
1727 2219 122 53 The
1875 2219 219 56 United
2124 2219 189 56 States
2341 2219 115 52 and

459 2296 1996 71 its trade relations. pt. 2. By William Jansen … and Nellie
460 2375 1995 71 B. Allen … Boston, New York [etc.] Ginn and company
465 2458 192 64 [ ᶜ1 932]
532 2527 1372 51 iv, [2], 137-258, XX p. illus., maps, diagrs. 23½ ᶜᵐ .
532 2586 225 40 Lettered
787 2595 62 30 on
877 2596 140 30 cover
1036 2597 8 29 :
1080 2586 158 40 Grade
1270 2586 84 40 8B.

465 2637 51 52 ©
550 2642 113 48 Apr.
697 2643 68 48 13,
799 2641 140 48 1932;
977 2642 67 41 2c.
1076 2643 114 47 Apr.
1223 2642 83 47 25;
1342 2642 82 42 aff.
1458 2644 112 47 Apr.
1605 2642 82 48 26;
1723 2644 43 39 A
1796 2642 171 48 49676;
2005 2644 68 40 W.
2111 2643 196 48 Jansen,
2341 2643 118 41 New

533 2699 143 48 York,
709 2700 97 39 and
837 2699 156 41 Nellie
1025 2700 52 38 B.
1112 2700 154 47 Allen,
1301 2700 131 39 Lake
1464 2700 187 48 Worth,
1687 2700 102 42 Fla.

459 2799 176 68 Judy,
662 2801 255 55 William
945 2803 209 66 Lewis,
1186 2808 170 50 1891-

529 2877 284 72 Training
863 2882 96 51 the
1014 2883 140 67 dog;
1212 2882 275 67 complete
1539 2881 342 56 instruction
1933 2881 241 54 suitable
2230 2881 94 54 for
2378 2882 76 52 all

459 2956 195 54 breeds
688 2960 114 51 and
833 2959 78 51 all
941 2977 291 49 purposes,
1262 2959 299 69 including
1591 2960 133 53 field
1757 2961 113 52 and
1902 2960 241 53 outdoor
2175 2959 174 68 work,
2379 2959 75 68 by

459 3034 1857 66 Will Judy … Chicago, Judy publishing company, 1932.
529 3107 750 49 xii, 13-121 p. illus. 19½ ᶜᵐ .
531 3164 179 41 “Third
741 3165 184 40 edition
961 3166 214 48 (revised
1206 3167 93 39 and
1332 3166 291 48 enlarged)”

465 3217 51 52 ©
548 3224 121 39 Mar.
700 3224 68 46 17,
799 3222 113 42 1932;
970 3223 68 41 2c.
1069 3225 121 40 Mar.
1220 3224 55 39 21;
1336 3223 81 42 aff.
1448 3224 114 48 Apr.
1593 3223 29 41 8;
1678 3224 41 39 A
1750 3223 141 40 50221;
1953 3225 71 40 W.
2056 3223 143 48 Judy,
2232 3222 221 50 Chicago.

541 3278 250 50 (32-8395)

459 3384 253 53 Kansas.
787 3383 183 67 Laws,
999 3390 259 62 statutes,
1284 3390 100 47 etc.

531 3463 133 50 1931
692 3461 361 67 supplement
1078 3467 59 46 to
1163 3462 244 52 Revised
1432 3466 240 49 statutes
1699 3461 65 54 of
1787 3463 244 66 Kansas,
2060 3463 133 51 1923
460 3461 1965 145 (cumulative)

698 3545 59 46 to
783 3540 67 52 be
877 3539 166 66 cited,
1070 3541 66 51 R.
1171 3540 55 55 S.
1254 3558 166 50 supp.
1450 3543 152 49 1931.
1677 3538 353 71 Containing
2057 3540 78 53 all
2161 3542 138 52 laws
2326 3538 64 56 of
2415 3557 32 35 a

461 3619 228 64 general
726 3622 220 62 nature.,
983 3618 204 67 passed
1226 3623 59 46 at
1321 3619 96 51 the
1456 3620 229 67 regular
1723 3618 239 54 sessions
2001 3618 64 53 of
2104 3620 152 67 1925,
2296 3617 151 67 1927,

461 3696 151 63 1929,
636 3697 152 64 1931,
813 3696 113 50 and
947 3697 210 65 special
1181 3696 237 52 sessions
1442 3696 63 54 of
1531 3699 133 49 1928
1689 3697 113 51 and
1827 3699 152 65 1930,
2001 3697 187 53 which
2212 3714 95 36 are
2327 3697 121 53 still

460 3771 58 52 in
550 3770 173 69 force,
755 3771 302 70 following
1085 3772 96 52 the
1211 3791 152 35 same
1393 3779 400 64 arrangement
1821 3775 137 52 used
1988 3775 61 52 in
2076 3776 96 52 the
2203 3774 243 55 Revised

459 3853 256 63 statutes,
757 3849 140 52 with
939 3850 371 68 appropriate
1350 3852 278 69 headings
1669 3854 113 52 and
1821 3872 150 35 cross
2013 3854 331 69 references,
2386 3872 60 35 as

459 3926 262 68 required
754 3928 75 68 by
865 3929 126 67 law,
1029 3929 112 53 and
1176 3928 153 68 fully
1363 3932 309 52 annotated
1706 3937 59 47 to
1801 3931 276 54 decisions
2113 3932 332 70 construing
