2563 4368
1035 4055 101 51 735

87 468 213 63 Heard,
332 465 232 57 Gerald.

152 542 140 53 This
336 541 324 68 surprising
704 541 208 67 world;
960 560 31 33 a
1036 539 308 69 journalist
1386 538 157 54 looks
1589 544 59 47 at
1693 538 211 53 science
1972 536 94 70 [by]

83 619 212 55 Gerald
324 619 216 53 Heard.
603 619 258 67 London,
890 615 603 69 Cobden-Sanderson,
1525 618 150 51 1932.

152 691 84 41 157
268 702 43 37 p.
370 690 145 43 19½ᶜᵐ.

88 744 1984 52 © 1c. May 7, 1932; A ad int. 16382; pubd. Mar. 11; G. Heard, London.
165 805 279 47 (32-13185)

84 908 216 66 Heiler,
332 908 322 64 Friedrich,
687 913 171 50 1892-

152 986 244 66 Prayer;
435 1003 31 33 a
500 985 171 67 study
705 985 59 51 in
799 984 95 52 the
928 984 220 67 history
1184 985 113 51 and
1331 983 350 68 psychology
1716 981 65 53 of
1813 981 261 68 religion,

82 1058 1967 136 by Friedrich Heiler … translated and edited by Samuel McComb … with
581 1137 1493 69 the assistance of J. Edgar Park … London,
82 1215 1571 68 New York [etc.] Oxford university press [ ᶜ19 32]
152 1289 526 49 xxviii, 376 p. 21 ᶜᵐ .
155 1345 227 41 “Printed
409 1346 51 39 in
487 1347 81 39 the
595 1345 184 41 United
804 1344 161 41 States
993 1345 52 40 of
1069 1344 237 41 America.

155 1402 187 41 “Select
369 1400 363 50 bibliography”:
790 1413 43 37 p.
866 1401 246 49 [365]-372.

89 1455 51 52 ©
169 1460 113 47 Apr.
310 1458 70 48 28,
410 1458 112 41 1932;
579 1457 67 44 2c.
674 1460 96 38 and
799 1457 81 40 aff.
910 1459 114 47 May
1053 1458 25 39 5;
1136 1458 39 38 A
1204 1456 144 42 49847;
1409 1457 187 41 Oxford
1626 1456 271 48 university
1926 1465 150 39 press,

158 1517 116 37 New
303 1517 142 46 York,
475 1516 90 40 inc.
635 1513 279 50 (32-12970)

86 1619 241 64 Herbst,
356 1619 277 55 Winfrid.

150 1694 159 69 Holy
346 1714 176 47 mass;
566 1715 71 33 an
679 1695 368 68 explanation
1088 1695 64 54 of
1190 1695 95 53 the
1325 1694 268 68 spiritual
1635 1696 112 51 and
1787 1694 283 53 doctrinal

79 1772 267 69 meaning
378 1772 62 54 of
471 1773 95 52 the
599 1792 147 34 mass
780 1774 113 52 and
923 1773 74 52 its
1032 1773 354 65 ceremonies,
1421 1772 182 67 freely
1637 1773 249 66 adapted
1919 1771 153 54 from

80 1849 95 54 the
212 1850 342 53 translation
593 1850 63 53 of
697 1849 204 55 Ottilie
940 1849 284 54 Boediker
1261 1850 77 67 by
1377 1851 138 51 Rev.
1553 1849 265 55 Winfrid
1858 1850 215 52 Herbst

142 1927 1931 69 … with 19 mass pictures after original drawings and 28 other
82 2003 376 54 illustrations
502 2004 448 69 accompanying
989 2005 95 53 the
1124 2010 137 48 text.
1337 2005 140 53 New
1519 2005 180 65 York,
1741 2005 329 55 Cincinnati

106 2088 119 61 [etc.]
262 2083 279 66 Benziger
570 2082 275 66 brothers,
880 2086 149 49 1932.

191 2154 854 50 x, 246 p. incl. front., illus. 19 ᶜᵐ .
159 2210 293 41 “Dedicated
492 2214 50 37 to
577 2212 84 39 the
698 2211 178 47 primal
913 2212 178 39 author
1131 2211 51 39 of
1220 2212 99 38 this
1359 2213 136 45 book,
1535 2213 80 39 the
1656 2213 78 39 Rt.
1774 2213 115 39 Rev.
1929 2214 146 47 Msgr.

86 2266 269 49 Guglielmo
389 2266 316 49 Reyna.”—p.
790 2286 10 30 [v]

92 2321 50 51 ©
179 2326 121 39 Mar.
338 2324 67 48 10,
443 2323 139 47 1932;
620 2324 67 41 2c.
725 2324 113 47 May
874 2323 81 47 10;
994 2323 82 41 aff.
1115 2324 122 40 Mar.
1272 2324 81 47 18;
1395 2325 39 38 A
1471 2324 169 47 51262;
1681 2325 234 48 Benziger
1952 2327 124 39 bros.

168 2381 278 48 (32-13161)

90 2469 179 65 Herd,
297 2469 241 66 Harold,
572 2472 171 49 1893-
953 2470 85 53 ed.

218 2547 1860 68 … An outline course in English literature. London, Fleet
90 2624 377 69 publications
521 2627 151 63 [1932]

158 2697 1637 49 126, [2] p. 17 ᶜᵐ . (The outline series, ed. by Harold Herd)
158 2754 226 40 Includes
411 2753 391 50 bibliographies.

95 2806 1984 54 © 1c. Apr. 27, 1932; A ad int. 16332; pubd. Mar. 1; H. Herd, London.
171 2866 278 49 (32-13139)

83 2956 1968 131 … An outline course in general culture. London, Fleet publications
386 3036 172 65 [1932]

159 3103 1632 53 167, [1] p. 17 ᶜᵐ . (The outline series, ed. by Harold Herd)
97 3158 1982 56 © 1c. Apr. 27, 1932; A ad int. 16331; pubd. Mar. 1; H. Herd, London.
173 3219 279 49 (32-13339)

86 3307 1965 131 … An outline course in mind training. London, Fleet publications
335 3389 172 63 [1932]

162 3454 1677 55 126, [2] p. 17 ᶜᵐ . (The outline series, ed. by Harold Herd)
99 3509 1980 58 © 1c. Apr. 27, 1932 ; A ad int. 16330; pubd. Mar. 1; H. Herd, London.
176 3570 277 49 (32-13148)

96 3659 275 65 Herring,
399 3662 165 54 Paul.

97 3734 1959 129 … The murder of Margot Midnight. London, S. Low, Marston
250 3812 45 50 &
329 3829 97 49 co.,
457 3812 100 52 ltd.
599 3815 172 66 [1932]

232 3880 325 49 v, 346 p. 19ᶜᵐ.
103 3933 1978 60 © 1c. May 5, 1932; A ad int. 16364; pubd. Mar. 7; J. B. Lippincott co.,
169 3995 350 49 Philadelphia.
590 3998 277 48 (32-13195)
