2563 4368
0 0 0 0 379
91 540 50 52 ©
168 545 110 48 Apr.
308 543 68 48 19,
403 543 113 41 1932;
571 542 65 41 2c.
664 542 94 40 and
786 541 80 41 aff.
894 542 114 47 Apr.
1034 540 59 40 20;
1146 542 39 38 A
1213 540 146 42 50838;
1414 541 210 39 Edward
1652 541 43 39 J.
1725 540 169 50 Flynn,
157 545 1897 106 secretary

297 600 53 42 of
379 599 79 41 the
490 602 128 37 state
647 598 54 41 of
729 598 117 41 New
877 598 131 39 York
1038 598 50 39 in
1121 599 130 39 trust
1279 598 79 41 for
1392 597 78 40 the
1503 597 174 40 benefit
1711 596 52 40 of
1795 596 80 41 the
1907 597 165 47 people

156 657 53 39 of
235 655 81 42 the
342 659 142 44 state,
511 657 203 46 Albany.

85 758 158 64 Nice,
271 760 137 52 Mrs.
438 759 305 62 Margaret
780 757 256 65 (Morse)
1074 761 170 51 1883-

210 829 1858 73 … The birds of Oklahoma. Rev. ed. By Margaret Morse
78 910 153 53 Nice.
302 911 271 67 Norman,
609 910 335 69 University
979 912 62 52 of
1078 910 320 56 Oklahoma
1432 929 174 49 press,
1645 913 150 51 1931.

149 981 85 41 224
267 994 42 39 p.
344 984 108 40 incl.
488 984 127 40 illus.
645 983 181 50 (maps)
872 984 169 48 plates,
1076 984 153 48 diagr.
1288 984 151 39 front.
1498 981 54 41 23½ᶜᵐ.
1716 983 355 49 (Publications

81 1039 52 40 of
165 1041 79 40 the
282 1035 276 52 University
589 1041 50 39 of
671 1040 267 41 Oklahoma
970 1040 253 48 biological
1256 1050 175 38 survey.
1505 1041 91 39 vol.
1694 1071 8 15 III,
1735 1051 73 30 no.
1842 1042 50 43 1)

152 1095 341 50 “Suggestions
530 1107 55 30 as
621 1100 51 37 to
708 1096 106 42 bird
853 1098 148 39 books
1037 1098 95 38 and
1169 1095 304 50 magazines”:
1543 1108 43 37 p.
1622 1096 146 41 37-38;
83 1094 1971 111 “Bibliography

261 1154 54 42 of
338 1154 270 40 Oklahoma
634 1151 334 51 ornithology”:
1024 1164 44 38 p.
1112 1151 234 52 [196]-205.

89 1222 51 52 ©
174 1228 110 47 Apr.
317 1226 69 46 15,
420 1223 138 49 1931;
592 1225 67 40 2c.
694 1225 120 40 Mar.
848 1226 66 45 11,
950 1223 139 47 1932;
1124 1224 83 41 aff.
1241 1224 119 40 Mar.
1397 1224 81 46 10;
1513 1224 39 39 A
1584 1223 172 47 48979;
1792 1223 281 48 University

155 1282 53 40 of
232 1280 267 43 Oklahoma
526 1292 150 37 press.
745 1279 249 51 (32-7489)

85 1385 158 66 Otto,
276 1388 201 62 Ernst,
510 1387 169 53 1870-

153 1460 457 58 Sternenbanner
642 1479 177 52 gegen
851 1461 571 68 schwarz-weiss-rot,
1458 1462 90 53 ein
1580 1461 491 70 grosskampfbild

83 1536 1964 153 von Ernst Otto … mit 22 kartenskizzen, 32 feldzugsaufnahmen,
265 1617 180 54 einem
484 1618 225 68 farbigen
790 1617 415 68 umschlagbild
1243 1617 117 54 und
1398 1622 68 50 20
1504 1616 566 70 federzeichnungen.

84 1697 214 67 Berlin,
321 1698 89 53 W.
438 1696 172 67 Kolk,
641 1699 148 51 1930.

154 1769 100 49 viii,
293 1770 85 40 176
414 1780 43 37 p.
521 1769 142 46 illus.,
702 1769 170 49 plates,
911 1768 54 39 22
1004 1769 138 47 plans
1181 1778 60 30 on
1278 1767 119 43 fold.
1434 1769 29 39 1.
1530 1768 55 39 21ᶜᵐ.
1723 1767 192 49 (Added
1955 1772 81 45 t.-p.:

88 1829 151 39 Unter
274 1828 105 39 dem
444 1826 257 45 stahlhelm;
738 1824 392 42 einzelschriften
1167 1836 88 29 aus
1291 1827 106 39 dem
1479 1824 247 47 weltkriege,
1785 1823 76 43 bd.
1897 1825 50 48 1)

431 1882 153 41 CONTENTS.—Die
614 1882 195 49 kämpfe
840 1893 79 28 um
949 1883 91 39 den
1070 1883 126 39 wald
1225 1890 91 32 von
1346 1882 367 41 Belleau.—Die
1744 1880 220 43 schlacht
1995 1892 77 31 am

84 1941 152 38 Blanc
268 1940 148 40 Mont.

89 2002 1966 107 © Nov. 22, 1930; 1c. Dec. 31; A — Foreign 11022; Verlag tradition, Wilhelm
314 2067 140 39 Kolk.
525 2065 248 49 (32-7778)

88 2169 208 55 Pacific
351 2174 270 62 reporter.
700 2165 218 57 Second
970 2167 187 53 series.
1232 2165 170 57 Cases
1455 2167 214 65 argued
1722 2167 113 52 and
153 2163 1891 139 determined

370 2246 60 52 in
456 2247 96 51 the
579 2246 275 67 Supreme
879 2250 186 50 courts
1093 2244 63 52 of
1183 2240 341 69 California,
1550 2243 243 68 Kansas,
1821 2244 248 69 Oregon,

155 2322 398 70 Washington,
593 2323 299 61 Colorado,
931 2320 295 66 Montana,
1265 2318 270 70 Arizona,
1574 2321 252 69 Nevada,
1865 2323 202 68 Idaho,

152 2400 326 61 Wyoming,
523 2394 175 68 Utah,
742 2395 138 53 New
923 2397 240 67 Mexico,
1208 2398 337 69 Oklahoma,
1589 2400 246 55 District
1878 2407 189 49 courts

153 2469 63 51 of
240 2471 205 68 appeal
471 2472 113 52 and
610 2472 286 69 appellate
919 2475 362 68 department
1305 2475 65 55 of
1393 2478 95 53 the
1516 2479 275 69 Superior
1816 2486 162 50 court
2002 2482 64 53 of

155 2546 323 55 California
526 2551 111 51 and
688 2549 280 57 Criminal
1016 2559 162 48 court
1223 2554 64 54 of
1334 2558 233 67 appeals
1614 2556 65 54 of
1726 2558 340 70 Oklahoma,

153 2624 138 55 with
339 2627 109 68 key
497 2629 237 52 number
788 2631 360 54 annotations.
1239 2651 51 35 v.
1342 2638 29 49 5
1433 2636 129 68 (2d)
1622 2638 311 54 December
1981 2643 86 67 25,

153 2704 432 71 1931-January
639 2711 81 64 15,
773 2711 148 50 1932.
996 2711 346 56 Permanent
1392 2715 84 52 ed.
1554 2715 84 55 St.
1691 2719 166 68 Paul,
1905 2721 161 54 West

150 2782 333 70 publishing
509 2803 96 50 co.,
636 2789 149 51 1932.

153 2868 463 51 xviii, 1196 p. 26 ᶜᵐ.
88 2921 50 51 ©
174 2927 118 41 Mar.
329 2927 66 47 19,
432 2928 112 40 1932;
608 2928 65 42 2c.
712 2930 93 41 and
841 2930 83 41 aff.
959 2932 111 48 Apr.
1107 2933 82 48 21;
1229 2934 39 39 A
1304 2935 170 50 50865;
1513 2939 133 40 West
1682 2941 107 47 pub.
1829 2951 64 29 co.

82 3043 172 65 Page,
284 3048 136 52 Mrs.
452 3047 242 57 Norma.

79 3120 1962 149 … Two witnesses; or, A story of yesterday, today and tomorrow,
79 3198 1960 149 by Norma Page … [Harrisburg, Pa., The Evangelical press, ᶜ1 932]
147 3347 524 51 3 p. l. , 5-282 p. 19½ᶜᵐ.
148 3405 63 39 At
242 3406 123 40 head
397 3407 51 39 of
479 3407 135 40 title:
647 3408 99 40 One
778 3411 52 39 of
861 3411 80 39 the
972 3414 124 38 most
1128 3413 231 50 startling
1389 3415 148 42 books
1569 3418 53 39 of
1654 3420 79 38 the
1766 3429 100 38 age.

86 3469 50 51 ©
164 3474 108 41 Feb.
299 3475 68 47 29,
396 3476 111 41 1932;
565 3477 65 41 2c.
660 3479 95 40 and
783 3479 82 40 aff.
895 3481 119 39 Mar.
1044 3481 52 39 21;
1156 3484 40 38 A
1225 3482 143 42 50295;
1425 3487 55 39 N.
1511 3487 140 49 Page,
1682 3489 236 47 Houston,
1949 3490 113 38 Tex.

161 3531 246 50 (32-7600)

83 3631 255 68 Parmer,
367 3637 244 54 Charles
634 3639 66 55 B.

145 3709 54 51 A
241 3708 134 55 wife
414 3711 76 68 by
531 3713 94 53 the
669 3715 159 69 hour,
870 3716 74 67 by
987 3717 235 55 Charles
1266 3721 65 53 B.
1376 3723 251 52 Parmer.
1702 3724 138 53 New
1883 3726 177 67 York,

79 3781 66 55 G.
172 3784 74 53 H.
272 3787 178 67 Watt,
477 3793 150 50 1931.

145 3857 268 50 285 p. 19 ᶜᵐ.
87 3921 50 51 ©
160 3928 117 48 Aug.
303 3930 67 48 10,
395 3932 111 40 1931;
560 3933 67 42 2c.
654 3935 111 42 Feb.
788 3937 39 48 5,
853 3937 113 41 1932;
1022 3939 80 42 aff.
1129 3940 108 41 Jan.
1263 3940 83 49 20;
1375 3943 40 39 A
1439 3943 143 41 50297;
1639 3944 181 51 George
1847 3947 213 39 Howard

150 3983 145 43 Watt.
365 3988 248 53 (32-7599)
