2563 4368
1141 4071 131 52 1581

220 452 294 54 Missouri.
595 455 82 52 St.
716 455 122 50 Louis,
942 452 226 52 Kansas
1207 451 134 67 City
1377 450 114 52 and
1527 447 358 71 Springfield
1920 456 187 46 courts
2146 449 64 69 of

289 533 249 66 appeals.

291 606 1917 69 Cases determined … Reported for the St. Louis court of
221 686 1927 68 appeals. May 6, 1930 to July 7, 1931. By Alphonso Howe …
221 765 93 52 for
355 766 94 51 the
491 765 226 53 Kansas
760 764 134 68 City
934 770 160 46 court
1137 764 63 53 of
1242 766 249 65 appeals,
1532 763 308 52 December
1883 766 48 61 6,
1973 765 134 50 1926
2149 768 58 47 to

218 841 1990 133 June 15, 1931. By James P. Aylward … and for the Spring-field
381 928 158 47 court
572 923 62 51 of
666 924 249 66 appeals,
946 922 295 67 February
1272 924 83 64 23,
1388 924 131 48 1931
1551 926 58 47 to
1639 922 143 67 July
1812 925 48 61 3,
1894 924 148 49 1931.
2119 924 89 66 By

220 998 1988 71 T. H. Douglas … v. 225. Columbia. Mo., E. W. Stephens
219 1080 663 68 publishing co. [ ᶜ19 32]
288 1153 920 50 2 p. l., vii-xlv, 1353, XX p. 23½ᶜᵐ.
224 1222 51 51 ©
302 1227 113 46 Apr.
442 1227 25 38 7,
567 1224 55 40 1932;
677 1225 67 39 2c.
772 1224 110 47 Apr.
913 1225 53 36 11;
1098 1256 8 7 aff.
1134 1223 116 40 Nov.
1281 1225 23 37 7;
1362 1224 41 37 A
1429 1222 143 40 55867;
1630 1224 44 38 J.
1703 1223 57 40 D.
1788 1223 155 48 Allen,
1972 1222 240 40 Jefferson

289 1282 123 47 City,
442 1283 92 38 Mo.

218 1390 145 52 New
392 1391 160 50 York
582 1389 377 67 supplement,
990 1388 140 51 with
1158 1388 108 67 key
1295 1386 238 53 number
1563 1387 380 54 annotations,
2018 1403 48 36 v.
2090 1385 118 55 257.

290 1469 341 50 Permanent
675 1468 84 50 ed.
836 1465 352 69 Containing
1229 1468 93 50 the
1366 1465 276 53 decisions
1683 1464 65 54 of
1786 1466 96 52 the
1926 1465 180 54 Court
2145 1464 66 54 of

290 1546 249 68 appeals.
576 1544 272 67 Supreme
884 1546 111 50 and
1028 1545 172 50 lower
1233 1551 188 45 courts
1455 1545 62 52 of
1551 1545 197 51 record
1782 1544 62 52 of
1876 1545 139 52 New
2049 1545 163 51 York

288 1631 159 46 state.
523 1625 149 52 June
716 1624 202 52 14-July
1001 1627 80 52 19,
1123 1626 149 48 1932.
1351 1622 82 55 St.
1474 1624 165 66 Paul,
1677 1624 158 53 West
1874 1623 336 69 publishing

288 1722 96 41 co.,
416 1707 150 49 1932.

288 1778 132 46 xxix,
451 1777 126 46 1087,
609 1777 101 48 [72].
741 1778 54 37 51
824 1787 44 37 p.
924 1775 145 41 23½ᶜᵐ.

223 1845 51 51 ©
301 1849 101 39 Oct.
427 1848 55 39 28,
579 1848 55 38 1932;
687 1847 67 40 2c.
780 1857 23 28 and
974 1879 8 7 aff.
1008 1847 116 39 Nov.
1153 1847 54 38 14;
1262 1847 40 37 A
1328 1845 143 41 55950;
1528 1847 132 39 West
1686 1847 110 47 pub.
1823 1857 67 29 co.

219 1967 234 63 Orozco,
482 1966 154 53 Juan
664 1965 155 55 José.

350 2040 1652 69 … La soberania del pueblo … México, D. F., 1931.
289 2114 272 41 2 v. 22 ᶜᵐ .
285 2172 64 39 At
371 2172 125 39 head
521 2171 52 40 of
597 2170 109 41 title:
758 2170 44 41 J.
829 2171 43 40 J.
899 2169 193 41 Orozco.

220 2237 1992 53 t. 1. © Nov. 2, 1931; t. 2, © Dec. 9; 1c. each Dec. 21; A—Foreign 15374,
288 2299 169 41 15375;
489 2300 43 40 J.
562 2300 42 39 J.
635 2298 192 40 Orozco.
859 2297 200 49 México,
1089 2298 56 38 D.
1178 2298 66 47 F.,
1275 2297 201 41 México.
1547 2297 281 49 (32-30662)

218 2417 350 63 Overacker,
598 2417 232 55 Louise.

286 2491 1927 69 Money in elections, by Louise Overacker … largely from
220 2568 1902 70 material collected by Victor J. West … New York, The Macmillan
449 2665 297 50 company,
780 2650 150 49 1932.

287 2719 103 41 xiii.
423 2721 88 39 476
544 2729 44 37 p.
648 2719 142 49 illus.,
826 2719 178 48 diagrs.
1064 2719 146 42 20½ᶜᵐ.
1273 2720 205 49 [Parties
1514 2722 96 40 and
1646 2720 236 49 practical
1917 2721 191 49 politics
221 2732 1972 94 series,

356 2779 71 41 ed.
453 2778 61 48 by
541 2777 49 41 C.
617 2778 54 40 E.
697 2777 231 41 Merriam]

289 2835 246 40 “Selected
568 2834 363 48 bibliography”:
993 2845 43 38 p.
1068 2834 217 41 419-459.

222 2904 51 51 ©
308 2909 125 46 Sept.
466 2909 68 40 27,
567 2907 139 48 1932;
739 2907 67 40 2c.
838 2909 94 38 and
965 2907 82 40 aff.
1082 2908 127 46 Sept.
1240 2907 81 47 28;
1355 2908 41 38 A
1427 2906 170 49 56098;
1632 2910 48 37 Macmillan
1945 2919 68 30 co.

299 2964 277 48 (32-29858)

217 3067 206 64 Parks,
454 3067 226 64 George
708 3069 234 62 Sutton,
975 3073 170 49 1894-

287 3144 119 53 The
448 3143 118 53 free
607 3144 251 68 energies
899 3143 64 54 of
1001 3162 149 35 some
1191 3144 234 68 organic
1465 3144 367 69 compounds,
1871 3144 76 70 by
1987 3144 223 70 George

219 3220 1991 70 Sutton Parks … and Hugh Martin Huffman … New York,
217 3299 119 52 The
363 3298 288 54 Chemical
676 3299 225 68 catalog
926 3316 297 51 company,
1250 3301 127 64 inc.,
1405 3302 148 51 1932.

285 3371 1924 50 251 p. diagrs. 24 ᶜᵐ . (American chemical society. Monograph
217 3427 163 40 series.
455 3438 75 30 [no.
557 3426 97 50 60])

286 3483 408 47 Bibliographical
727 3484 276 40 foot-notes.

221 3550 51 51 ©
302 3555 126 47 Sept.
453 3554 69 47 29,
550 3554 112 40 1932;
717 3555 66 39 2c.
812 3557 94 38 and
933 3555 81 39 aff.
1042 3555 101 40 Oct.
1171 3556 25 38 1;
1251 3556 40 38 A
1318 3556 141 40 55334;
1518 3556 242 41 Chemical
1790 3557 191 47 catalog
2007 3567 67 30 co.,
2117 3557 88 41 inc.

297 3610 278 47 (32-29876)

218 3712 451 64 Pennsylvania.
745 3715 276 67 Superior
1050 3720 173 47 court.

286 3790 420 68 Pennsylvania
750 3791 273 68 Superior
1060 3798 158 47 court
1258 3798 236 62 reports,
1570 3810 49 34 v.
1662 3796 115 49 104.
1854 3793 350 69 Containing

218 3868 1959 142 cases decided … December 11, 1931 to May 4, 1932, inc., reported
470 3947 74 67 by
595 3947 204 52 Albert
851 3951 65 52 B.
968 3947 265 58 Weimer,
1283 3955 145 46 state
1480 3955 256 59 reporter
1789 3950 112 53 and
1955 3950 246 68 Spencer
