2563 4368
1107 4071 133 54 1451

203 533 1026 59 102 p. incl. illus., tables, diagrs. 21 ᶜᵐ .
205 591 667 50 ‘‘Schrifttum-verzeichnis”;
934 602 43 38 p.
1008 589 68 43 99.

136 637 1984 69 © June 27. 1932; 1c. Sept. 7; A— Foreign 17882; V. D. I. verlag, g. m.
203 715 42 37 b.
278 713 43 38 h.
391 708 277 49 (32-28819)

135 800 319 64 Overbeck,
483 796 186 55 Alicia
700 793 358 57 O’Reardon.

208 878 149 54 Sven
385 876 95 52 the
507 873 131 53 wise
666 873 111 51 and
807 869 145 57 Svea
980 867 95 55 the
1101 867 159 66 kind,
1289 867 111 51 and
1429 864 162 55 other
1617 861 200 55 stories
1844 860 64 54 of
141 859 1960 162 Lappland,

332 953 74 68 by
449 951 188 53 Alicia
684 947 338 56 O’Reardon
1065 943 320 67 Overbeck;
1431 940 324 54 illustrated
1796 939 76 67 by
1914 933 214 59 Gustaf

139 1033 316 66 Tenggren.
530 1028 138 54 New
703 1025 161 52 York
897 1025 112 52 and
1041 1021 256 66 London,
1329 1020 233 66 Harper
1592 1020 47 50 &
1666 1015 278 68 brothers,
1978 1014 150 52 1932.

210 1088 1634 66 6 p. l., 3-171 p. incl. illus., plates, col. front., col. pl. 23 ᶜᵐ.
213 1160 163 42 “First
403 1156 226 44 edition.”

144 1215 52 52 ©
228 1220 128 45 Sept.
384 1216 70 47 28,
485 1214 113 41 1932;
655 1213 65 40 2c.
754 1212 127 47 Sept.
911 1211 82 45 29;
1026 1207 82 42 aff.
1140 1208 100 40 Oct.
1273 1207 17 39 1;
1359 1208 38 37 A
1428 1204 170 48 55349;
1632 1203 193 49 Harper
1856 1202 36 40 &
1922 1201 123 40 bros.

221 1272 277 50 (32-25177)

144 1363 196 62 Owen,
369 1359 217 65 Frank,
617 1362 170 50 1893-

215 1435 326 68 Della-Wu,
576 1433 239 55 Chinese
848 1434 317 61 courtezan,
1199 1428 113 53 and
1346 1426 161 53 other
1542 1423 242 55 oriental
1818 1423 124 53 love
1976 1423 160 66 tales,

149 1516 72 68 by
244 1512 196 54 Frank
465 1510 192 56 Owen.
718 1508 137 53 New
883 1507 161 52 York
1070 1506 133 68 city,
1230 1504 120 54 The
1374 1503 252 53 Lantern
1654 1518 174 52 press,
1856 1501 151 53 1931.

214 1582 521 52 4 p. l., 3-313 p. 20 ᶜᵐ.
217 1642 161 41 “First
407 1638 227 43 edition.”

152 1697 52 53 ©
240 1701 120 47 Aug.
395 1698 71 49 29,
502 1696 142 49 1931;
681 1695 69 41 2c.
786 1693 104 42 Oct.
928 1695 39 46 1,
1006 1690 140 50 1932;
1186 1691 83 41 aff.
1309 1692 127 47 Sept.
1474 1689 84 48 30;
1599 1690 38 37 A
1675 1687 146 42 56160;
1887 1688 53 39 F.
1979 1687 160 46 Owen,

217 1756 259 48 Brooklyn.
546 1751 278 48 (32-24980)

150 1843 335 67 Palsgrove,
517 1843 188 55 Grant
733 1841 259 65 Knauer,
1024 1844 171 50 1888-

217 1920 264 57 Solution
511 1921 64 53 of
600 1919 210 69 special
840 1916 283 70 problems
1149 1917 61 51 in
1238 1915 134 70 pipe
1399 1913 128 54 flow
1553 1914 78 68 by
1656 1911 301 70 graphical

147 1911 1993 160 analysis, by Grant K. Palsgrove … Troy, N. Y., Rensselaer
157 2079 357 70 polytechnic
549 2078 262 54 institute
944 2079 84 64 [1932]

228 2143 1917 58 29 p. diagrs. 22½ ᶜᵐ. (On cover; Kensselaer polytechnic institute
161 2208 215 42 bulletin.
429 2207 325 49 Engineering
777 2207 97 39 and
901 2204 185 42 science
1111 2204 164 40 series,
1329 2214 76 29 no.
1428 2202 81 48 37)

159 2264 51 51 ©
241 2265 127 49 Sept.
396 2265 68 41 10.
493 2263 115 42 1932;
661 2264 67 39 2c.
757 2263 94 40 and
880 2261 81 41 aff.
993 2260 127 49 Sept.
1148 2260 82 47 24;
1262 2260 38 39 A
1330 2257 169 49 55249;
1532 2260 51 39 G.
1613 2260 59 38 K.
1702 2258 274 49 Palsgrove.
2006 2259 141 46 Troy,

273 2355 7 8 N.
313 2322 54 42 Y.
436 2319 279 51 (32-25113)

158 2397 240 65 Parker,
433 2395 231 56 Lillian.

231 2470 285 57 Snatched
553 2472 60 53 in
647 2471 228 53 Detroit;
943 2486 150 37 some
1129 2469 339 54 adventures
1504 2469 59 53 in
1598 2485 163 51 prose
1798 2471 112 52 and
1948 2474 201 63 poetry

162 2553 112 51 and
301 2550 121 54 into
450 2551 94 52 the
569 2548 343 55 borderland
939 2545 185 56 which
1151 2545 102 55 lies
1277 2544 249 57 between
1554 2548 95 53 the
1676 2551 130 63 two,
1832 2546 77 68 by
1934 2546 215 54 Lillian

163 2622 1200 75 Parker. [Detroit, Bland press, ᶜ19 32]
234 2698 394 51 vi, 80 p. 19 ᶜᵐ .
170 2756 51 51 ©
253 2758 128 48 Sept.
408 2758 69 46 12,
506 2755 140 49 1932;
677 2756 65 39 2c.
774 2757 94 40 and
898 2756 83 40 aff.
1012 2754 128 50 Sept.
1169 2756 82 46 14;
1282 2754 40 40 A
1351 2752 169 51 54793;
1553 2756 50 39 L.
1635 2756 53 39 F.
1718 2754 198 49 Parker,
1948 2754 207 43 Detroit.

244 2813 278 50 (32-25018)

166 2886 313 68 Paulmier,
512 2887 196 65 Hilah,
740 2887 85 53 ed.

299 2958 1856 77 … Roosevelt day; the best prose and verse about T. R. as
168 3042 128 69 boy,
336 3059 193 52 young
568 3060 149 50 man,
761 3040 193 68 public
996 3047 243 55 servant,
1283 3040 255 71 rancher,
1581 3041 228 69 soldier,
1849 3042 307 68 president,

170 3118 277 70 explorer,
492 3120 112 52 and
652 3116 426 58 world-citizen.
1151 3118 162 55 With
1361 3120 312 69 anecdotes,
1719 3136 298 53 programs
2064 3118 94 53 for

173 3198 92 53 the
299 3197 157 71 day’s
489 3195 352 71 observance,
876 3199 110 51 and
1024 3215 71 35 an
1130 3195 247 70 original
1410 3196 192 56 sketch
1638 3196 65 54 of
1735 3197 89 56 his
1857 3195 121 69 life,
175 3215 1960 128 compiled

386 3276 111 52 and
554 3274 186 54 edited
797 3274 76 69 by
928 3273 180 55 Hilah
1167 3274 292 54 Paulmier
1515 3275 111 54 and
1684 3274 216 55 Robert
1952 3275 207 53 Haven

176 3351 319 57 Schauffler.
569 3352 137 54 New
744 3352 178 68 York,
957 3352 190 67 Dodd,
1181 3353 171 54 Mead
1388 3357 45 49 &
1470 3369 296 52 company,
1803 3355 150 51 1932.

245 3419 1259 59 xxii, 245 p. 19½ ᶜᵐ. (Our American holidays)
179 3481 51 51 ©
270 3483 128 48 Sept.
433 3484 68 45 23,
538 3480 140 50 1932;
716 3482 67 40 2c.
822 3481 125 49 Sept.
986 3481 55 40 26;
1107 3482 82 40 aff.
1230 3481 127 49 Sept.
1393 3482 83 48 28;
1516 3484 40 39 A
1593 3481 169 48 56114;
1803 3483 61 39 H.
1902 3482 259 50 Paulmier,

249 3539 229 48 Yonkers,
555 3571 8 9 N.
592 3539 67 47 Y.,
687 3540 96 38 and
812 3538 181 41 Robert
1020 3538 171 40 Haven
1222 3537 274 50 Schauffler,
1524 3538 120 42 New
1670 3538 146 42 York.

258 3595 277 48 (32-25140)

180 3667 217 65 Payne,
424 3668 201 53 Enoch
654 3667 244 66 George,
930 3668 168 53 1877-
1310 3670 85 51 ed.

250 3743 290 70 Readings
591 3743 60 56 in
701 3743 359 55 educational
1106 3745 306 71 sociology,
1461 3747 189 53 edited
1699 3746 77 69 by
1827 3748 67 51 E.
1944 3746 218 69 George

183 3815 1736 82 Payne … v. 1. New York, Prentice-Hall, inc., 1932.
251 3896 80 39 xvi
361 3907 56 37 p.,
447 3896 97 46 11,
574 3896 85 41 376
687 3907 41 37 p.
787 3896 153 50 diagr.
997 3896 115 41 21ᶜᵐ.

187 3947 51 52 ©
271 3950 126 49 Sept.
429 3952 39 46 1,
497 3950 112 42 1932;
669 3951 66 41 2c.
770 3951 124 49 Sept.
927 3953 26 38 6;
1012 3951 81 43 aff.
1127 3953 127 48 Sept.
1286 3953 55 40 19;
1399 3955 41 38 A
1470 3953 144 42 54928;
1673 3951 373 50 Prentice-Hall,
2078 3952 89 41 inc.

264 4005 278 52 (32-25132)
