2563 4368
1082 4052 130 49 1135

148 448 301 63 Stockton,
483 445 173 56 Calif.
731 444 228 63 College
991 442 64 54 of
1086 442 102 53 the
1218 439 230 55 Pacific.
1521 437 363 66 Philosophy
1913 436 149 56 club.

279 515 1852 74 … Publications in philosophy, vol. I. Lectures delivered
147 602 180 52 under
354 602 93 51 the
477 599 253 69 auspices
759 600 62 52 of
848 599 96 53 the
971 596 211 56 Pacific
1210 596 345 69 philosophy
1584 596 128 55 club
1741 595 60 52 in
1830 595 297 53 Anderson

148 681 119 52 hall
298 678 212 68 during
541 679 253 63 1931/32.
872 676 292 65 Stockton,
1197 675 194 67 Calif.,
1423 675 230 67 College
1684 674 63 52 of
1777 675 96 52 the
1904 671 229 56 Pacific.

150 760 148 50 1932.

221 826 1196 53 5 p. l., 157 p. illus. (mounted port.) 23½ᶜᵐ.
219 887 63 40 At
308 886 125 41 head
460 885 51 41 of
536 885 135 40 title:
701 883 189 49 College
918 883 51 41 of
995 884 82 40 the
1101 882 192 41 Pacific.

150 944 196 40 Editor:
376 942 215 48 1931/32,
620 943 51 39 P.
699 942 54 40 A.
784 940 208 48 Schilpp.

156 1010 50 52 ©
237 1015 115 46 July
380 1014 39 46 1,
450 1012 139 46 1932;
621 1013 67 38 2c.
717 1011 115 46 July
863 1011 51 46 6;
946 1009 81 40 aff.
1059 1010 115 47 July
1205 1010 52 45 5;
1290 1010 40 38 A
1360 1008 169 47 52916;
1563 1010 50 38 P.
1645 1009 54 38 A.
1734 1007 207 47 Schilpp,
1977 1006 161 41 Stock-

222 1073 94 44 ton,
351 1069 143 40 Calif.
564 1067 278 49 (32-19482)

148 1174 262 64 Strouse,
440 1172 154 54 Kate
626 1169 276 65 Chidsey.

217 1246 1920 69 Word music, by Kate Chidsey Strouse … Boston, The
150 1326 1170 69 Christopher publishing house [ ᶜ1 932 ]
219 1401 56 40 32
309 1411 44 37 p.
411 1399 117 41 21ᶜᵐ.

220 1459 183 38 Poems.

157 1512 50 52 ©
241 1516 115 40 July
387 1515 70 47 20,
489 1514 139 46 1932;
663 1513 65 40 2c.
763 1513 115 48 July
909 1512 81 47 25;
1027 1512 81 40 aff.
1141 1512 116 47 July
1288 1512 82 46 23;
1405 1512 41 38 A
1478 1510 168 47 53237;
1683 1510 315 48 Christopher
2030 1510 110 48 pub.

221 1572 163 40 house.
455 1570 277 48 (32-19483)

147 1674 331 65 Tandberg,
514 1673 158 56 Oluf.

222 1750 120 53 The
369 1768 123 35 new
517 1755 226 47 matron
771 1749 64 53 of
862 1749 210 53 Noah’s
1101 1748 129 68 ark;
1262 1767 31 33 a
1321 1753 157 63 story
1507 1747 153 54 from
1688 1748 95 53 the
1811 1748 328 66 northwest,

150 1828 76 69 by
281 1828 145 55 Oluf
481 1828 321 67 Tandberg.
878 1828 233 65 Boston,
1163 1826 238 53 Meador
1456 1825 335 68 publishing
1843 1843 296 50 company,

153 1910 148 51 1932.

220 1979 86 40 236
339 1988 44 38 p.
441 1976 147 43 21½ᶜᵐ.

158 2033 50 52 ©
239 2037 114 47 July
382 2036 38 48 8,
450 2035 113 41 1932;
621 2036 64 38 2c.
716 2034 114 49 July
858 2034 83 48 28;
973 2034 82 41 aff.
1086 2034 118 48 Aug.
1234 2035 52 45 1;
1318 2035 40 38 A
1388 2034 169 46 53414;
1592 2033 50 40 O.
1674 2034 267 45 Tandberg,
225 2033 1901 100 Gardiner.
354 2094 89 39 Me.
514 2091 278 49 (32-19501)

150 2193 354 66 Thorndike,
537 2195 252 53 Edward
822 2194 133 64 Lee,
990 2195 171 54 1874-

218 2270 121 53 The
363 2269 426 54 fundamentals
815 2271 62 52 of
901 2271 278 67 learning,
1202 2271 75 66 by
1299 2270 254 53 Edward
1577 2270 65 52 L.
1668 2269 332 53 Thorndike
2026 2269 112 53 and

149 2347 96 54 the
268 2348 137 53 staff
429 2348 63 54 of
518 2349 96 52 the
641 2348 265 53 Division
933 2348 62 53 of
1023 2348 351 68 psychology
1400 2347 63 54 of
1490 2347 96 53 the
1614 2348 272 52 Institute
1914 2347 63 53 of
151 2347 1962 130 educational

430 2424 1648 68 research of Teachers college, Columbia university …
151 2500 139 54 New
331 2502 179 68 York,
547 2502 278 53 Teachers
864 2504 227 66 college,
1132 2501 301 56 Columbia
1471 2502 335 67 university,
1849 2505 151 50 1932.

223 2573 117 49 xvii,
370 2574 84 41 638
485 2585 44 37 p.
617 2574 142 48 illus.,
791 2574 180 49 diagrs.
1029 2574 147 41 23½ᶜᵐ.

227 2630 129 42 “The
390 2630 371 50 investigations
797 2632 96 39 and
929 2631 177 42 results
1142 2633 224 47 reported
1400 2631 52 40 in
1485 2631 100 41 this
1620 2632 189 40 volume
1842 2642 126 31 were
2003 2634 141 39 made

155 2686 209 50 possible
403 2687 61 48 by
500 2697 29 30 a
569 2689 144 47 grant
750 2687 128 42 from
918 2688 82 41 the
1038 2686 235 51 Carnegie
1311 2687 352 50 corporation.”

226 2743 134 42 “List
391 2744 53 41 of
473 2743 298 41 references”:
834 2754 44 38 p.
911 2743 215 41 629-634.

161 2797 51 53 ©
244 2802 125 40 June
399 2801 69 48 10,
498 2800 139 46 1932;
671 2801 65 40 2c.
770 2801 114 47 July
915 2801 81 46 21;
1030 2800 81 40 aff.
1145 2801 115 47 July
1291 2801 54 40 23;
1407 2802 41 38 A
1477 2800 168 48 54219;
1681 2802 240 40 Teachers
1952 2803 191 48 college,

229 2857 249 41 Columbia
508 2857 129 39 univ.
707 2856 277 48 (32-19605)

153 2958 243 66 Timme,
425 2960 242 65 Walter,
699 2960 170 55 1874-

223 3035 1918 71 Lectures on endocrinology, by Walter Timme … with thirty-
156 3113 159 68 eight
353 3113 394 53 illustrations.
828 3114 72 52 2d
943 3113 83 53 ed.
1103 3115 139 52 New
1286 3114 179 69 York,
1507 3116 65 51 P.
1618 3116 66 52 B.
1729 3115 245 67 Hoeber,
2016 3115 127 67 inc.,

158 3193 149 50 1932.

227 3263 83 47 xii,
342 3263 85 40 192
456 3273 43 37 p.
563 3263 141 47 illus.,
734 3263 177 47 diagrs.
971 3263 116 41 20ᶜᵐ.

227 3318 372 41 “References”:
632 3329 42 37 p.
708 3319 216 41 182-188.

164 3372 50 52 ©
247 3377 125 39 June
400 3376 69 46 28,
502 3376 140 47 1932;
674 3377 67 40 2c.
773 3378 125 39 June
928 3376 81 47 29;
1045 3377 80 40 aff.
1158 3378 116 47 July
1306 3378 81 47 26;
1422 3379 40 38 A
1494 3379 169 47 52814;
1699 3379 123 40 Paul
1855 3380 52 38 B.
1942 3380 202 41 Hoeber.

229 3432 87 40 inc.
388 3432 277 49 (32-17243)

156 3532 380 68 Turberville,
568 3534 232 56 Arthur
829 3537 262 65 Stanley,
1123 3542 171 50 1888-

225 3610 1915 71 The Spanish inquisition, by A. S. Turberville … New York,
158 3686 75 52 H.
258 3688 145 52 Holt
426 3690 110 50 and
561 3708 305 48 company;
891 3691 257 65 London,
1173 3691 64 51 T.
1261 3691 410 66 Butterworth,
1691 3690 222 53 limited
2018 3695 118 61 [ᶜ1932]

229 3756 85 43 255
343 3770 43 38 p.
447 3759 114 39 17ᶜᵐ.
629 3760 296 49 (Half-title:
955 3762 153 41 Home
1139 3762 272 48 university
1441 3763 185 48 library
1659 3763 51 41 of
1739 3764 197 40 modern
158 3764 1969 100 knowledge.

351 3827 75 30 no.
461 3816 107 49 145)

231 3870 151 43 “Note
411 3883 59 29 on
500 3872 204 42 books”:
734 3884 43 38 p.
807 3873 216 41 241-245.

167 3923 50 52 ©
248 3929 115 47 July
391 3929 68 46 20,
490 3928 139 48 1932;
661 3929 66 40 2c.
759 3931 95 39 and
884 3929 79 40 aff.
996 3931 116 47 July
1140 3930 83 47 23;
1255 3931 41 39 A
1326 3931 168 47 54202;
1528 3933 165 47 Henry
1726 3933 118 40 Holt
1874 3933 36 39 &
1941 3943 80 36 co.,
2053 3932 89 40 inc.

243 3984 276 48 (32-19617)
