2563 4368
1081 4060 133 51 1333

163 446 232 67 Dierks,
424 446 318 65 Theodore,
775 449 171 51 1899-

233 516 1920 74 Christianity vs. freemasonry, by Theo. Dierks … St. Louis,
160 603 133 66 Mo.,
323 601 318 55 Concordia
669 599 335 69 publishing
1029 599 189 66 house,
1249 600 150 50 1932.

231 685 567 51 vii p., 1 l., 166 p. 19½ᶜᵐ.
231 743 347 48 Bibliography:
635 752 44 38 p.
706 741 216 40 163-166.

166 811 51 51 ©
249 816 118 46 Aug.
398 813 69 47 26,
501 811 112 42 1932;
674 812 67 40 2c.
774 812 96 39 and
901 810 83 42 aff.
1019 811 125 47 Sept.
1178 810 25 40 3;
1265 810 41 39 A
1338 810 146 40 54617;
1546 808 265 42 Concordia
1844 808 111 49 pub.
1988 809 164 41 house.

242 870 278 49 (32-23406)

161 975 273 63 Doderet,
468 972 219 56 André.

293 1046 1301 70 … Enfance. [Paris] E. Flammarion [1932]
229 1133 614 54 viii, [9]-243 p., 1 l. 19ᶜᵐ.
165 1203 1988 53 © July 21, 1932; 1c. Aug. 18; A—Foreign 17782; Ernest Flammarion.
240 1264 278 50 (32-23704)

160 1366 329 66 Edmiston,
520 1367 206 63 Henry
755 1364 272 56 Wallace.

232 1443 380 69 Inscriptions
667 1444 77 67 [by]
798 1442 204 69 Henry
1034 1442 254 54 Wallace
1322 1440 319 53 Edmiston.
1712 1441 235 66 Boston,
1980 1440 69 52 R.
2085 1438 68 55 G.

162 1524 456 68 Badger [ ᶜ1 932]
229 1596 55 41 94
313 1608 42 37 p.
385 1596 110 41 incl.
523 1596 164 48 front.,
718 1596 170 48 plates.
945 1594 55 42 21½ᶜᵐ.

229 1654 183 39 Poems.

164 1720 51 51 ©
244 1725 120 38 Mar.
391 1723 41 49 2,
458 1722 113 41 1932;
626 1723 67 40 2c.
723 1722 128 48 Sept.
877 1722 28 40 6;
959 1721 82 42 aff.
1067 1722 121 47 Aug.
1214 1720 59 41 29;
1326 1722 43 38 A
1394 1720 142 41 53952;
1595 1721 215 40 Richard
1837 1721 206 47 Badger.

240 1779 279 50 (32-23252)

159 1882 221 65 Ercole,
411 1885 169 52 Mme.
611 1881 313 56 Lucienne.

230 1957 126 70 Gay
416 1966 159 47 court
635 1958 133 69 life;
830 1961 218 51 France
1107 1957 59 53 in
1224 1959 95 52 the
1379 1959 325 67 eighteenth
1764 1964 252 61 century,
2074 1957 75 68 by

158 2036 284 54 Lucienne
475 2038 229 66 Ercole;
739 2037 315 54 translated
1089 2035 151 55 from
1271 2037 96 52 the
1399 2037 222 52 French
1654 2036 75 67 by
1763 2035 144 55 Gleb
1943 2035 206 56 Struve

160 2117 112 51 and
332 2114 246 54 Hamish
638 2113 186 55 Miles.
897 2115 139 53 New
1097 2114 164 54 York
1321 2115 112 52 and
1495 2115 258 67 London,
1811 2115 235 67 Harper
2105 2117 44 51 &

159 2193 274 65 brothers,
459 2197 149 49 1932.

228 2263 813 50 viii, 450 p. front., plates. 23 ᶜᵐ.
230 2322 161 41 “First
419 2321 226 41 edition.”

231 2378 177 41 “Notes
429 2379 96 40 and
547 2377 222 42 sources”:
831 2388 44 38 p.
898 2376 218 43 447-450.

165 2447 51 51 ©
243 2450 118 48 Aug.
387 2450 70 41 24,
484 2449 113 41 1932;
652 2451 65 39 2c.
745 2450 120 48 Aug.
891 2450 57 39 24;
1003 2449 82 41 aff.
1111 2450 117 48 Aug.
1256 2450 58 39 26;
1368 2450 41 38 A
1436 2449 144 41 53818;
1635 2450 193 47 Harper
1856 2449 38 40 &
1919 2450 124 39 bros.

241 2505 278 50 (32-23300)

160 2610 333 64 Falmouth,
526 2610 173 65 John,
733 2611 85 52 ed.

227 2686 348 68 Ninety-five
606 2687 312 67 limericks;
954 2706 31 33 a
1017 2687 385 52 contribution
1432 2693 59 47 to
1521 2688 97 51 the
1649 2686 125 53 folk
1802 2688 119 52 lore
1952 2687 64 52 of
2046 2704 104 36 our

158 2762 1992 71 time; collected and edited by John Falmouth. [ Suffern, N. Y.,
158 2841 837 68 The Limerick press, ᶜ1 932]
231 2915 113 49 [105]
373 2926 44 37 p.
476 2915 56 40 18½ᶜᵐ.

164 2982 51 51 ©
260 2986 128 47 Sept.
427 2987 40 47 7,
508 2985 114 41 1932;
692 2986 67 40 2c.
803 2985 126 48 Sept.
971 2985 55 39 12;
1099 2984 80 42 aff.
1225 2986 127 48 Sept.
1393 2986 26 40 9;
1491 2986 41 39 A
1573 2987 143 41 55075;
1788 2987 43 40 J.
1875 2986 275 47 Falmouth,

233 3041 205 48 Suffern,
469 3043 54 39 N.
554 3043 54 39 Y.
679 3040 278 50 (32-23409)

159 3144 227 66 Fisher,
415 3146 218 52 Ernest
662 3145 328 65 McKinley.

288 3221 1860 70 … Land subdividing and the rate of utilization; a study of
158 3300 94 52 the
282 3299 374 67 relationship
684 3299 248 53 between
961 3301 95 51 the
1084 3305 122 48 rate
1237 3307 55 46 at
1323 3301 184 52 which
1537 3299 182 54 urban
1748 3301 133 54 sites
1912 3320 94 34 are
159 3317 1965 113 created

328 3378 112 51 and
477 3377 95 51 the
612 3382 121 46 rate
772 3383 58 46 at
867 3376 185 53 which
1092 3377 135 68 they
1267 3397 93 33 are
1400 3377 273 54 absorbed
1712 3378 121 53 into
1871 3397 97 34 use
2006 3379 140 53 with

158 3455 314 66 particular
501 3453 283 53 reference
813 3461 58 47 to
898 3455 95 52 the
1021 3454 200 54 Grand
1250 3455 221 67 Rapids
1498 3455 406 67 metropolitan
1933 3455 214 69 region,

157 3530 1967 146 by Ernest M. Fisher … and Raymond F. Smith … Ann Arbor,
315 3609 337 67 University
689 3608 64 53 of
789 3608 314 68 Michigan,
1146 3609 204 54 School
1388 3609 64 54 of
1489 3609 253 55 business
157 3608 1964 143 administration,

322 3687 226 50 Bureau
575 3685 63 53 of
661 3685 252 52 business
939 3687 273 65 research,
1240 3689 151 51 1932.

228 3755 1918 53 3 p. l. , 80 p. illus. (maps) diagrs. 23ᶜᵐ. ([Michigan. University.
161 3815 171 41 School
359 3814 52 41 of
436 3814 221 40 business
685 3813 410 41 administration.
1151 3815 195 39 Bureau
1374 3814 52 41 of
1451 3815 222 41 business
1701 3815 239 49 research]
158 3814 1970 105 Michigan

294 3870 221 41 business
539 3870 185 41 studies.
790 3871 89 39 vol.
959 3901 9 17 IV,
994 3880 74 30 no.
1093 3870 51 47 5)

162 3937 52 52 ©
241 3942 119 47 Aug.
387 3941 68 47 10,
484 3940 112 41 1932;
652 3942 67 40 2c.
749 3943 95 39 and
871 3940 80 41 aff.
981 3941 118 48 Aug.
1129 3941 57 40 20;
1240 3942 42 38 A
1308 3942 142 40 54467;
1510 3941 281 50 University
1821 3943 51 40 of
1900 3941 246 49 Michigan

231 4007 146 38 press.
449 3997 278 50 (32-23407)
