2563 4368
1182 4075 132 51 1526

246 461 427 68 Stockhausen,
701 462 236 54 Juliana
966 477 131 49 von,
1130 465 170 51 1899-

242 537 1970 133 Meister Albert und der ritter; roman von Juliana von Stockhausen …
613 617 305 67 München,
948 617 56 53 J.
1034 616 173 52 Kösel
1239 618 46 50 &
1312 616 66 51 F.
1408 615 203 53 Pustet
1642 617 193 65 [ᶜ1932]

315 689 99 48 289,
448 691 55 49 [1]
533 702 44 37 p.
636 689 116 42 20ᶜᵐ.

250 757 1991 52 © May 10, 1932; 1c. Sept. 7; A—Foreign 17966; Josef Kösel & Friedrich
318 815 821 48 Pustet, k . g . a . a . (32-25994)
247 936 312 64 Stoddard,
588 936 300 52 Theodore
917 934 282 66 Lothrop,
1233 938 171 51 1883-

315 1015 216 66 Lonely
557 1015 283 59 America,
866 1014 75 67 by
967 1012 258 69 Lothrop
1255 1010 308 57 Stoddard.
1628 1012 231 55 Garden
1884 1011 150 67 City,
2056 1013 67 52 N.
2155 1012 84 66 Y.,

244 1092 355 68 Doubleday,
627 1092 198 52 Doran
856 1095 44 50 &
928 1107 296 52 company,
1252 1091 126 67 inc.,
1411 1093 149 50 1932.

316 1166 460 47 xvi, 358 p. 21 ᶜᵐ .
317 1224 162 39 “First
507 1221 226 42 edition.”

249 1291 1992 53 © Oct. 5, 1932; 2c and aff. Oct. 7; A 56308; L. Stoddard. W est Dennis.
319 1353 128 46 Cape
476 1352 112 39 Cod.
619 1352 145 37 Mass.
836 1348 279 48 (32-28952)

246 1454 167 66 Tilly,
442 1452 354 66 Alexandre,
827 1459 177 47 comte
1031 1454 89 63 de,
1153 1455 323 53 1764-1816.

317 1531 271 55 Memoirs
629 1531 63 53 of
733 1532 94 53 the
870 1532 198 55 Comte
1110 1531 328 54 Alexandre
1477 1532 69 53 de
1585 1531 185 68 Tilly;
1813 1532 313 52 translated
2167 1530 75 67 by

249 1610 305 65 Françoise
597 1610 241 67 Delisle;
887 1609 139 54 with
1073 1628 71 34 an
1189 1608 386 55 introduction
1618 1610 77 67 by
1737 1608 297 54 Havelock
2078 1608 162 54 Ellis.

249 1689 136 53 New
412 1688 180 67 York,
618 1690 215 51 Farrar
857 1692 45 49 &
929 1688 298 64 Rinehart,
1253 1688 125 66 inc.,
1406 1691 150 50 1932.

317 1760 570 51 3 p. l., 532 p. 24½ᶜᵐ.
254 1830 52 52 ©
337 1834 124 48 Sept.
490 1834 68 45 29,
588 1833 138 45 1932;
758 1835 64 36 2c.
854 1833 99 38 Oct.
983 1833 25 36 3;
1066 1844 81 27 aff.
1179 1832 126 47 Sept.
1335 1833 82 40 30;
1448 1833 37 37 A
1515 1832 170 45 55384;
1718 1832 181 39 Farrar
1928 1832 35 38 &
1994 1829 250 47 Rinehart,

322 1890 88 39 inc.
481 1890 13 39 (
504 1889 256 42 32-28916)

249 1991 246 66 Tucker,
523 1993 235 55 Samuel
787 1990 248 66 Marion,
1069 1992 170 52 1876-
1451 1991 84 53 ed.

318 2068 1922 69 Modern plays, edited by S. Marion Tucker … New York,
248 2147 119 53 The
399 2148 332 51 Macmillan
763 2165 295 49 company,
1091 2150 150 49 1932.

321 2220 81 41 vii,
432 2220 85 38 400
546 2230 43 37 p.
650 2220 145 38 20½ᶜᵐ.

321 2274 347 49 Bibliography:
728 2286 43 37 p.
800 2274 216 41 378-399.

660 2331 100 41 CONTENTS.—The
792 2332 192 40 theater
1016 2332 95 39 and
1146 2332 81 40 the
1260 2331 393 48 drama.—Plays:
1717 2331 140 48 Mary
1890 2333 81 40 the
2003 2333 147 47 third,
2184 2334 59 47 by

254 2388 181 40 Rachel
461 2387 242 41 Crothers.
757 2388 100 41 The
884 2388 138 47 ivory
1048 2388 130 47 door,
1203 2388 60 47 by
1288 2389 53 39 A.
1369 2388 52 39 A.
1449 2387 160 42 Milne.
1667 2388 111 41 Hell
1805 2389 113 41 bent
1943 2388 76 42 fer
2045 2390 199 46 heaven,

253 2444 60 48 by
346 2443 59 42 H.
439 2445 211 48 Hughes.
713 2444 293 47 Milestones,
1041 2445 59 47 by
1133 2445 54 40 A.
1221 2443 209 42 Bennett
1461 2445 96 39 and
1592 2445 52 39 E.
1678 2444 263 42 Knoblock.
2003 2446 101 42 The
252 2447 1974 104 Emperor
422 2501 161 48 Jones,
614 2503 60 47 by
705 2502 51 39 E.
791 2500 572 49 O’Neill.—Appendices.

257 2571 51 51 ©
342 2574 100 40 Oct.
473 2574 26 38 4,
545 2573 111 40 1932;
718 2574 66 39 2c.
815 2574 93 38 and
941 2572 81 40 aff.
1057 2572 99 40 Oct.
1190 2573 25 38 5;
1278 2573 38 37 A
1349 2572 141 40 56232;
1555 2574 279 38 Macmillan
1867 2585 53 29 co.
333 2630 278 47 (32-25987)

252 2735 263 63 Tunney,
548 2734 175 63 Gene,
755 2737 170 50 1898-

323 2810 55 52 A
424 2828 130 33 man
600 2814 150 47 must
798 2808 162 68 fight,
1009 2808 74 68 by
1133 2808 155 54 Gene
1335 2809 255 69 Tunney.
1678 2811 215 51 Boston
1944 2810 112 53 and
2104 2811 139 52 New

256 2886 177 68 York,
460 2885 318 69 Houghton
806 2884 202 53 Mifflin
1037 2903 295 50 company,
1365 2889 149 49 1932.

326 2959 1144 50 4 p. l., 288 p. front., plates, ports. 23½ᶜᵐ.
331 3018 145 39 “Five
513 3018 217 38 hundred
773 3017 94 39 and
906 3015 112 48 fifty
1057 3016 157 47 copies
1255 3018 52 38 of
1346 3017 97 41 this
1483 3018 108 41 first
1631 3018 197 47 edition,
1868 3019 52 41 of
1958 3018 156 41 which
2156 3018 90 41 five

257 3074 219 39 hundred
507 3083 84 30 are
618 3073 78 39 for
726 3072 113 47 sale,
871 3081 82 30 are
982 3071 159 41 bound
1172 3075 162 46 uncut,
1365 3073 333 50 autographed
1727 3074 60 49 by
1819 3075 79 41 the
1929 3075 190 48 author,
2151 3076 94 39 and

259 3130 273 40 numbered.
589 3129 117 39 This
734 3128 41 40 is
805 3128 200 39 number
1034 3128 127 39 542.”

327 3185 409 49 Autobiography.

259 3251 52 52 ©
339 3257 128 45 Sept.
491 3256 55 38 28,
588 3253 110 40 1932;
753 3256 67 37 2c.
848 3253 101 40 Oct.
975 3255 24 36 3;
1057 3254 78 37 aff.
1166 3254 101 40 Oct.
1293 3257 20 36 1;
1372 3257 39 37 A
1439 3257 141 39 55365;
1639 3258 52 40 G.
1718 3258 213 47 Tunney,
1959 3258 115 38 New
2104 3257 139 38 York.

337 3311 277 46 (32-29070)

257 3414 127 53 Van
415 3412 195 65 Slyke,
637 3412 216 54 Lucius
881 3411 258 65 Lincoln,
1171 3419 322 51 1859-1931.

326 3490 327 53 Fertilizers
703 3490 111 52 and
866 3506 133 50 crop
1052 3490 356 68 production,
1459 3494 74 66 by
1586 3496 102 51 Dr.
1740 3493 208 54 Lucius
1998 3495 63 51 L.
2113 3495 129 51 Van

259 3565 1983 74 Slyke … New York, Orange Judd publishing company, inc.,
259 3648 147 50 1932.

328 3715 1348 48 xiv, 493 p. incl. front. (port.) illus., tables. 24ᶜᵐ.
329 3772 173 40 Edited
530 3772 59 47 by
617 3773 84 40 Dr.
732 3773 187 39 Donald
948 3773 55 41 D.
1033 3773 104 38 Van
1170 3773 142 46 Slyke

329 3827 145 41 “This
511 3827 122 40 book
670 3828 41 39 is
749 3830 81 38 the
867 3837 246 31 successor
1151 3832 46 36 to
1235 3830 80 38 the
1353 3830 217 41 author’s
1609 3832 293 41 ‘Fertilizers
1941 3834 95 39 and
2075 3834 168 47 crops’,

259 3884 251 49 published
540 3884 49 40 in
618 3884 349 41 1912.”—Pref.

263 3950 51 52 ©
345 3956 118 47 Aug.
496 3955 67 46 19,
596 3955 113 41 1932;
769 3956 66 39 2c.
867 3958 93 38 and
994 3956 78 39 aff.
1107 3956 99 40 Oct.
1241 3957 54 39 15;
1358 3959 38 36 A
1429 3959 141 38 55585;
1635 3960 188 41 Orange
1857 3963 129 38 Judd
2020 3961 107 49 pub.
2162 3972 80 29 co.,

329 4010 89 40 inc.
490 4011 277 43 (32-27286)
