2563 4368
1445 4031 104 51 240

490 403 231 64 Waton,
752 403 217 63 Harry.

564 480 118 51 The
722 479 286 51 kabbalah
1049 479 111 52 and
1202 476 296 70 Spinoza’s
1535 477 346 68 philosophy
1920 496 59 34 as
2018 496 32 34 a
2088 476 150 54 basis
2275 477 95 54 for
2410 496 72 34 an

495 555 125 53 idea
668 557 64 51 of
777 556 289 52 universal
1111 556 239 68 history,
1397 557 74 65 by
1518 556 198 65 Harry
1762 559 228 51 Waton.
2067 556 162 53 Book
2273 559 49 50 2.
2362 557 121 55 The

493 633 346 68 philosophy
897 635 62 50 of
1019 632 264 70 Spinoza.
1360 636 138 50 New
1558 634 177 67 York,
1794 633 250 69 Spinoza
2100 635 263 53 institute
2419 636 64 52 of

492 712 283 65 America,
804 712 125 65 inc.,
960 715 149 49 1932.

561 785 46 38 vi
690 816 22 16 p.,
763 786 17 37 3
855 816 22 15 l.,
925 786 85 39 270
1058 796 42 37 p.
1161 785 55 41 23½ᶜᵐ.

499 837 50 52 ©
657 842 41 38 Feb.
736 842 68 44 29,
873 841 110 43 1932;
1024 842 66 40 2c.
1129 843 96 39 and
1263 841 80 39 aff.
1385 843 121 41 Mar.
1543 842 53 45 9;
1638 842 37 39 A
1715 842 170 45 48877;
1930 841 202 49 Spinoza
2175 842 225 42 institute
2438 844 51 41 of

566 898 234 49 America,
830 898 89 41 inc.

486 961 264 62 Watson,
779 961 177 53 Maud
990 960 194 54 Ethel.

560 1035 1922 69 Children and their parents, by Maud E. Watson … with
490 1112 1995 69 an introductory chapter by Marion E. Kenworthy … New
490 1190 178 68 York,
695 1193 66 52 F.
792 1191 57 56 S.
878 1191 200 56 Crofts
1106 1195 46 50 &
1179 1210 96 47 co.,
1306 1195 152 49 1932.

561 1263 370 50 ix, 362 p. 23½ ᶜᵐ.
565 1321 145 41 “This
746 1322 122 39 book
904 1321 41 39 is
982 1331 64 30 an
1082 1321 276 48 outgrowth
1394 1320 51 40 of
1480 1329 29 30 a
1546 1321 146 47 study
1727 1321 141 40 made
1903 1320 51 40 in
1988 1321 184 49 partial
2206 1322 279 43 fulfillment

493 1379 51 41 of
579 1390 29 28 a
644 1379 251 40 doctorate
931 1378 147 40 taken
1115 1380 53 37 at
1207 1377 115 41 New
1360 1377 129 40 York
1525 1376 581 50 university.”—Introd.,
2141 1391 45 37 p.
2221 1379 62 41 vi.

564 1435 348 48 Bibliography;
975 1446 43 37 p.
1050 1432 218 42 353-356.

501 1490 51 51 ©
579 1495 109 39 Jan.
715 1493 69 46 25,
812 1493 113 39 1932;
981 1493 66 40 2c.
1076 1492 94 39 and
1198 1491 80 39 aff.
1309 1491 109 39 Feb.
1446 1489 53 48 9;
1529 1491 41 38 A
1595 1490 143 41 48393;
1797 1491 50 39 F.
1879 1491 44 41 S.
1954 1492 166 41 Crofts
2148 1493 37 40 &
2209 1504 81 37 co.,
2319 1494 91 41 inc.

578 1549 250 50 (32-5489)

496 1613 434 64 Weingartner,
962 1610 183 56 Felix.

628 1685 1860 72 … F ranz Schubert und sein kreis; 68 bilder, eingeleitet von
499 1767 162 53 Felix
731 1766 422 68 Weingartner.
1225 1763 502 69 Zürich-Leipzig,
1801 1765 160 55 Orell
2031 1767 189 54 Füssli
2293 1771 196 69 Verlag

531 1850 143 61 [1929,

571 1920 54 39 24
655 1931 53 36 p.,
737 1920 54 38 68
820 1929 41 36 p.
891 1918 49 39 of
969 1918 141 41 illus.,
1140 1917 213 41 facsims.
1415 1916 53 39 19½ᶜᵐ.
1629 1916 367 48 (Schaubücher
2024 1918 80 47 24)

502 1973 1987 56 © July 13. 1929; 1c. Jan. 7, 1932; A—Foreign 15117; Orell Füssli verlag.
496 2039 164 52 West
693 2036 288 65 Virginia.
1056 2038 277 65 Supreme
1365 2042 159 49 court
1553 2036 64 66 of
1642 2035 253 68 appeals.

569 2111 1918 71 Report of cases determined … from October 15, 1929, to
499 2191 170 68 April
715 2196 45 61 1,
801 2196 151 62 1930,
991 2193 73 65 by
1104 2192 258 51 Howard
1401 2195 67 49 B.
1508 2193 128 64 Lee,
1676 2196 261 62 attorney
1977 2191 229 67 general
2246 2188 112 52 and
2396 2204 90 34 ex-

499 2268 174 53 officio
722 2275 270 63 reporter,
1069 2286 50 35 v.
1170 2272 113 49 108.
1362 2268 356 68 Charleston,
1764 2271 223 53 Jarrett
2033 2266 264 69 printing
499 2282 1967 133 company,
701 2351 149 49 1930.

569 2419 1003 49 xlii, 784 p. diagrs. (part fold.) 23 ᶜᵐ.
505 2473 50 52 ©
627 2489 94 29 June
755 2478 67 47 32,
861 2477 139 46 1930;
1040 2477 66 40 2c.
1145 2478 119 46 Aug.
1302 2477 82 47 11;
1426 2476 80 42 aff.
1545 2477 109 40 Jan.
1691 2477 69 47 23,
1799 2476 140 46 1932;
1978 2476 42 39 A
2055 2474 171 46 47264;
2269 2474 136 40 State
2443 2474 51 39 of

571 2535 133 39 West
736 2534 233 47 Virginia,
1003 2534 301 46 Charleston,
1336 2534 70 40 W.
1440 2534 85 42 Va.

499 2596 239 65 Wilson,
770 2598 152 51 Fred
953 2595 438 56 Abercrombie.

571 2674 484 66 Unemployment
1092 2674 113 51 and
1243 2673 252 52 business
1535 2672 327 68 depression
1900 2689 374 50 unnecessary
2309 2669 181 53 under

501 2747 235 55 efficient
762 2756 399 62 management
1179 2751 11 53 !

608 2825 55 36 (In
690 2820 290 42 Vancouver
1010 2825 123 46 star,
1162 2821 118 42 Feb.
1312 2821 70 51 10,
1415 2821 143 50 1932)

507 2876 1985 53 © 1c. Mar. 18, 1932; A ad int. 16182; pubd. Feb. 10; F. A. Wilson,
574 2937 296 46 Vancouver,
900 2938 52 37 B.
984 2936 62 48 C.,
1078 2937 213 41 Canada.

496 2996 255 67 Winder,
783 2997 264 65 Ludwig,
1083 3003 169 50 1889-

631 3073 1483 68 … Dr. Muff, roman. Berlin, B. Cassirer, 1931.
569 3147 316 49 316, [1] p. 19½ ᶜᵐ.
508 3192 1986 60 © Oct. 19, 1931; 1c. Jan. 7, 1932; A—Foreign 15152; Bruno Cassirer.
586 3260 249 48 (32-4381)

496 3322 207 63 Wolfe,
734 3322 253 52 Edward
1016 3322 61 54 C.

571 3397 121 54 The
727 3401 137 64 play
903 3400 63 51 of
1002 3399 97 51 the
1133 3399 162 53 cards
1334 3405 59 47 at
1429 3403 254 50 contract
1717 3398 228 67 bridge;
1987 3398 324 67 simplified,
502 3416 1966 127 complete,
708 3478 74 65 by

822 3473 1669 70 Edward C. Wolfe … 200 diagrams picture every
504 3552 295 67 operation
826 3553 65 52 of
918 3552 135 69 play;
1111 3557 102 48 200
1240 3552 288 68 diagrams
1555 3553 162 53 teach
1745 3570 167 49 every
1940 3551 283 68 principle
2252 3551 64 52 of
2341 3552 152 67 play,

504 3633 112 51 and
648 3653 31 33 a
709 3631 210 67 special
950 3631 386 67 presentation
1367 3633 65 51 of
1459 3632 111 52 Mr.
1602 3630 237 53 Wolfe’s
1872 3631 201 65 theory
2103 3631 64 52 of
2196 3632 143 51 slam
503 3631 1965 142 bidding.

734 3707 423 67 Philadelphia,
1187 3705 250 69 Chicago
1473 3711 137 61 [etc.]
1644 3705 141 52 Pub.
1815 3706 94 51 for
1937 3705 217 68 Bridge
504 3706 1965 145 headquarters,
663 3785 123 66 inc.,
818 3785 73 66 by

923 3783 120 52 The
1073 3783 154 53 John
1261 3782 62 53 C.
1354 3782 265 54 Winston
1648 3800 278 50 company
2070 3786 83 63 [ᶜ1932]

576 3854 623 50 xii, 251 p. diagrs. 19½ ᶜᵐ.
511 3910 51 51 ©
589 3913 109 40 Feb.
727 3914 38 46 8,
792 3911 113 41 1932;
959 3913 67 40 2c.
1054 3914 108 39 Feb.
1190 3913 59 40 26;
1303 3912 81 39 aff.
1412 3912 111 40 Feb.
1548 3912 56 40 25;
1660 3912 41 38 A
1725 3911 143 40 47841;
1925 3910 177 49 Bridge
2130 3909 365 48 headquarters,

577 3969 89 40 inc.
738 3968 249 49 (32-5469)
