2563 4368
1357 4071 105 55 764

413 456 233 65 Ortloff,
675 456 208 63 Henry
910 456 229 54 Stuart.

478 542 1925 72 Annuals in the garden, by H. Stuart Ortloff … drawings
410 623 74 69 by
511 622 205 70 Henry
746 623 67 53 B.
900 640 244 52 Raymore.
1210 622 140 54 New
1380 620 181 71 York,
1590 622 122 53 The
1741 620 335 54 Macmillan
2107 639 298 52 company,

412 704 149 49 1932.

481 770 1339 50 vii, 88 p. col. front., illus. (plans) plates. 19½ ᶜᵐ .
417 840 52 52 ©
500 846 114 46 May
643 845 68 48 17,
742 843 113 42 1932;
913 844 66 40 2c.
1011 845 96 39 and
1136 842 81 42 aff.
1248 845 112 46 May
1391 842 56 40 18;
1505 843 40 39 A
1575 842 143 40 51357;
1779 842 280 40 Macmillan
2088 852 68 31 co.

493 901 279 48 (32-13321)

410 1018 213 56 Pacific
657 1020 204 69 digest,
893 1018 268 70 covering
1194 1020 78 51 all
1305 1037 150 35 cases
1488 1019 265 68 reported
1788 1016 62 55 in
1882 1016 215 58 Pacific
2128 1020 276 67 reporter,

482 1100 251 53 volumes
763 1101 186 65 1-300,
978 1099 112 52 and
1118 1099 79 51 all
1224 1097 64 54 of
1315 1098 95 52 the
1438 1095 212 58 Pacific
1678 1102 172 49 states
1879 1102 222 63 reports
2128 1095 156 54 from
2307 1097 96 53 the

482 1175 1921 70 earliest times … Compiled and edited by the publisher’s
482 1255 267 55 editorial
794 1252 136 57 staff.
1019 1275 51 33 v.
1121 1258 185 50 11-13.
1384 1254 82 56 St.
1515 1255 166 68 Paul,
1723 1257 161 54 West
1927 1253 336 71 publishing
2306 1274 98 49 co.,

483 1338 150 51 1932.

481 1409 278 42 3 v. 26 ᶜᵐ .
751 1490 117 30 CONTENTS.—v.
894 1477 71 42 11.
994 1478 235 41 Criminal
1254 1480 109 47 law,
1391 1480 24 38 1
1443 1481 48 38 to
1516 1477 206 42 904.—v.
1752 1477 70 41 12.
1851 1478 235 41 Criminal
2111 1478 108 48 law,
2246 1478 85 40 905
2359 1481 51 39 to

414 1540 167 39 end.—
583 1548 46 30 v.
658 1536 70 42 13.
757 1536 462 49 Crops-Discovery.

416 1605 52 52 ©
497 1610 113 46 May
635 1608 70 48 24,
736 1606 113 41 1932;
907 1607 67 43 2c.
1003 1606 118 41 each
1150 1608 129 39 June
1304 1607 55 40 11;
1419 1605 108 42 affs.
1557 1606 129 41 June
1712 1607 54 39 13;
1825 1607 41 38 A
1896 1605 319 41 52495-52497;
2274 1606 137 41 West

483 1667 110 47 pub.
618 1677 66 30 co.

410 1784 177 65 Page,
618 1783 261 54 Thomas
905 1781 238 66 Nelson,
1177 1786 325 52 1853-1922.

480 1874 206 53 Mount
772 1891 176 36 Vernon
978 1875 112 52 and
1122 1874 72 53 its
1227 1874 409 68 preservation,
1669 1877 335 65 1858-1910;
2039 1875 96 52 the
410 1873 1969 148 acquisition,

582 1953 359 68 restoration,
974 1953 112 52 and
1117 1972 126 36 care
1275 1952 65 53 of
1369 1954 96 51 the
1495 1954 164 52 home
1691 1952 65 54 of
1785 1953 385 69 Washington
2200 1954 76 68 by
2306 1954 97 52 the

411 2033 210 53 Mount
701 2050 176 35 Vernon
904 2031 195 53 ladies’
1129 2030 337 54 association
1493 2031 64 54 of
1584 2031 95 53 the
1707 2032 197 55 Union
1932 2032 94 53 for
2054 2051 133 35 over
2214 2032 129 53 half
2372 2052 31 33 a

413 2117 236 63 century
696 2111 92 67 [by]
821 2111 248 53 Thomas
1097 2110 212 54 Nelson
1333 2113 172 66 Page.
1605 2110 139 54 [New
1771 2111 180 67 York,
1977 2113 124 52 The

409 2112 1970 145 Knickerbocker press, ᶜ1 932]
483 2260 1071 51 viii, 84 p. front., plates, ports. 19½ ᶜᵐ .
486 2334 236 40 “Revised
753 2333 226 40 edition.”

418 2400 53 52 ©
505 2406 113 46 May
651 2405 39 47 6,
723 2403 113 41 1932;
900 2404 67 40 2c.
1002 2405 94 38 and
1131 2403 82 41 aff.
1248 2403 127 40 June
1407 2403 58 40 15;
1526 2405 41 38 A
1600 2403 144 41 52604;
1809 2406 168 39 Mount
2013 2406 191 40 Vernon
2239 2404 165 41 ladies’

486 2472 113 30 assn.
645 2462 52 40 of
727 2462 83 40 the
839 2461 173 48 Union,
1044 2462 173 39 Mount
1245 2461 204 48 Vernon,
1484 2461 85 41 Va.
1639 2460 278 49 (32-12928)

413 2582 307 64 Pomeroy,
751 2580 210 56 Claire.

483 2670 223 54 Golden
747 2672 197 67 youth,
987 2691 31 33 a
1062 2672 280 52 romantic
1380 2672 127 53 love
1547 2678 175 63 story,
1759 2673 77 68 by
1876 2673 190 55 Claire
2106 2675 295 68 Pomeroy.

411 2748 1153 69 New York, Grosset & Dunlap [ ᶜ1 932]
482 2821 558 49 2 p. l., 243 p. 19½ ᶜᵐ .
419 2888 52 52 ©
502 2894 113 46 May
642 2892 69 48 26,
741 2891 117 41 1932;
912 2891 67 41 2c.
1011 2894 94 38 and
1136 2891 81 42 aff.
1249 2892 113 48 May
1391 2892 58 41 28;
1505 2894 41 38 A
1576 2893 143 41 52208;
1780 2894 199 41 Grosset
2010 2895 36 39 &
2076 2894 207 49 Dunlap,
2314 2895 91 41 inc.

497 2949 278 49 (32-13788)

413 3068 245 65 Preedy,
690 3067 244 66 George,
963 3068 197 67 pseud.

484 3157 1918 73 Beneath the passion flower, by George Preedy … New
415 3235 179 68 York,
619 3237 67 53 B.
712 3236 78 53 M.
818 3237 275 52 McBride
1118 3241 46 50 &
1187 3254 296 52 company,
1510 3241 149 51 1932.

483 3307 368 49 314 p. 19½ ᶜᵐ .
420 3374 52 52 ©
501 3380 113 46 May
640 3380 68 46 17,
736 3378 113 40 1932;
906 3379 67 41 2c.
1001 3381 114 46 May
1141 3380 56 40 28;
1254 3379 82 42 aff.
1365 3381 113 47 May
1504 3380 56 41 27;
1615 3382 41 38 A
1684 3381 144 40 51546;
1886 3381 242 41 Gabrielle
2158 3382 248 46 Margaret

489 3436 145 47 Long,
663 3436 211 40 London.
945 3436 278 48 (32-13789)

415 3550 238 68 Priddy,
679 3554 141 52 Mrs.
849 3552 204 55 Bessie
1089 3553 254 66 (Leach)
1383 3555 171 54 1871-
1765 3573 177 51 comp.

483 3642 57 52 A
571 3642 247 53 detailed
850 3645 197 51 record
1080 3644 64 51 of
1174 3646 171 52 Delta
1378 3647 152 52 delta
1564 3645 170 68 delta,
1768 3649 324 64 1888-1931,
2125 3646 278 67 compiled

414 3718 1966 130 by Bessie Leach Priddy … assistants, Ethel Winifred Bennett
571 3795 1833 72 Chase … Frances Reynolds Barkshire … edited by Amy
417 3871 1987 74 Olgen Parmelee … Pearle B. Bonisteel … Menasha, Wis.,
416 3948 221 69 George
666 3952 188 52 Banta
885 3951 334 69 publishing
1248 3970 280 51 company
1602 3957 151 64 [ᶜ1932]
