2563 4368
1110 4106 133 53 1715

166 489 227 62 Carter,
422 488 221 52 Harold
669 488 183 61 Dean,
884 492 170 49 1904-

294 557 1860 73 … Family resemblances in verbal and numerical abilities;
165 642 150 53 from
343 642 95 53 the
465 642 378 67 Department
870 640 65 53 of
962 638 349 70 psychology
1339 637 64 53 of
1429 638 96 52 the
1552 636 339 69 University
1916 635 64 55 of
163 636 1970 150 Minnesota,

412 713 1747 72 by Harold Dean Carter … Worcester, Mass., Clark
164 796 332 67 university,
550 798 149 50 ᶜ1932.

234 862 1860 55 104 p. 24½ᶜᵐ. (Genetic psychology monographs … vol. XII, no. 1)
236 924 347 41 “References”:
643 935 43 37 p.
715 923 187 41 99-102.

169 977 52 52 ©
252 982 127 48 Sept.
407 982 55 38 14,
506 981 112 40 1932;
677 982 66 39 2c.
776 982 127 46 Sept.
931 980 56 40 16;
1045 979 81 41 aff.
1265 1011 8 8 Nov.
1304 980 24 39 7;
1386 979 40 38 A
1456 978 145 40 56945;
1661 978 147 40 Clark
1838 977 128 40 univ.

247 1038 277 48 (32-32746)

167 1128 268 62 Castner,
467 1127 228 52 Burton
725 1126 318 64 Menaugh,
1079 1131 169 50 1898-

298 1199 1864 72 … The development of fine prehension in infancy; from
166 1282 94 53 the
301 1282 185 55 Clinic
524 1281 64 53 of
625 1282 154 52 child
819 1281 412 67 development,
1270 1281 144 52 Yale
1451 1280 334 67 university,
1823 1280 77 68 by
1938 1280 223 52 Burton

167 1356 1996 71 Menaugh Castner … Worcester, Mass., Clark university,
190 1440 150 50 ᶜ1932.

239 1521 43 37 p.
322 1510 217 40 105-193.
599 1510 142 48 illus.,
784 1510 176 48 diagrs.
1022 1510 145 38 24½ᶜᵐ.
1247 1509 223 47 (Genetic
1510 1509 291 49 psychology
1840 1508 322 46 monographs

222 1567 444 47 … vol. XII, no. 2)
242 1623 69 40 “A
345 1622 318 41 dissertation
695 1623 80 40 for
810 1623 80 40 the
925 1624 171 46 degree
1131 1622 51 39 of
1217 1623 166 39 doctor
1417 1622 51 40 of
1501 1620 287 49 philosophy
1824 1621 49 39 in
1907 1620 120 41 Yale
169 1620 1976 108 university.”

241 1735 348 41 “References”:
649 1746 43 37 p.
721 1733 216 42 189-191.

173 1788 52 53 ©
255 1793 100 40 Oct.
386 1793 68 46 11,
484 1791 114 42 1932;
655 1792 66 40 2c.
751 1792 100 40 Oct.
881 1791 55 40 12;
996 1791 80 40 aff.
1105 1791 119 40 Nov.
1254 1792 25 38 7;
1337 1792 40 38 A
1407 1790 143 40 56935;
1611 1791 148 40 Clark
1787 1791 129 41 univ.

250 1848 280 48 (32-32745)

176 1937 260 69 [Central
466 1939 277 53 Hanover
775 1938 154 53 bank
962 1940 115 52 and
1108 1940 161 53 trust
1302 1953 306 48 company,
1638 1939 139 52 New
1812 1938 161 53 York]

242 2013 138 53 New
421 2013 161 52 York
617 2031 121 35 new
772 2019 178 49 estate
987 2014 108 52 law
1135 2014 113 53 and
1286 2013 256 53 taxation
1580 2012 62 54 of
1680 2017 228 61 estates;
1951 2032 28 33 a
173 2030 1969 129 compilation

456 2090 62 53 of
554 2091 95 51 the
689 2092 385 54 amendments
1113 2095 58 49 to
1207 2091 95 54 the
1341 2091 136 54 laws
1515 2090 62 52 of
1614 2090 93 53 the
1747 2096 143 48 state
1929 2089 63 52 of
2029 2089 135 51 New

175 2167 162 52 York
375 2166 269 69 affecting
678 2167 165 69 wills,
879 2175 176 47 trusts
1094 2169 111 52 and
1244 2173 202 49 estates
1486 2168 62 52 of
1588 2167 311 66 decedents,
1936 2166 230 53 enacted

172 2251 279 61 pursuant
491 2252 58 46 to
592 2243 538 55 recommendations
1173 2244 63 52 of
1278 2246 95 52 the
1419 2243 373 55 Commission
1835 2249 58 47 to
171 2242 1971 147 investigate

337 2321 212 53 defects
581 2320 60 53 in
673 2321 95 55 the
802 2322 135 55 laws
971 2322 63 53 of
1067 2326 219 64 estates,
1320 2322 259 67 together
1612 2321 140 54 with
1789 2342 30 33 a
1854 2320 314 54 condensed

173 2398 365 68 explanation
573 2399 113 54 and
718 2398 274 68 complete
1023 2399 220 68 reprint
1276 2399 63 52 of
1368 2400 95 52 the
1494 2398 137 53 New
1668 2397 161 54 York
1863 2404 174 48 estate
2068 2405 99 47 tax

175 2474 126 68 law,
344 2476 96 53 the
483 2475 239 54 Federal
765 2483 174 47 estate
983 2475 112 53 and
1140 2475 317 54 additional
1499 2480 173 49 estate
1716 2482 98 47 tax
1857 2477 156 66 laws,
2057 2475 113 53 and

175 2553 93 54 the
319 2553 238 52 Federal
603 2551 119 69 gift
766 2561 99 46 tax
910 2553 125 53 law.
1120 2551 260 71 October,
1429 2555 134 49 1932
1610 2554 83 52 ed.
1803 2552 137 55 [New
1989 2551 179 70 York,

175 2629 239 53 Printed
445 2630 73 68 by
549 2630 150 53 Lenz
731 2631 45 50 &
810 2629 254 68 Biecker,
1121 2633 133 49 ᶜ1932]

314 2731 9 16 xx,
353 2699 88 41 236
468 2712 43 37 p.
568 2700 147 42 23½ᶜᵐ.

244 2757 227 41 Lettered
501 2768 61 29 on
593 2768 168 30 cover:
793 2758 375 41 Prentice-Hall.

246 2814 58 39 In
336 2813 116 41 1930
482 2815 82 40 the
598 2814 198 41 Central
830 2815 229 40 Hanover
1092 2816 130 39 bank
1253 2818 94 38 and
1380 2818 128 38 trust
1540 2826 233 38 company
1806 2817 51 40 of
1889 2817 117 39 New
2038 2818 131 38 York

176 2870 254 48 published
468 2873 96 38 two
600 2871 149 40 books
786 2872 216 48 entitled,
1043 2872 145 39 “New
1224 2872 133 40 York
1392 2883 107 29 new
1536 2875 157 38 estate
1729 2872 124 41 law”
1890 2874 95 39 and
2025 2872 144 40 “New

176 2927 171 40 York’s
379 2937 107 30 new
518 2929 86 38 tax
637 2938 59 29 on
730 2927 226 42 estates”.
1019 2929 48 39 It
1099 2929 89 39 has
1222 2929 96 39 had
1351 2929 84 40 the
1466 2931 196 46 present
1694 2929 189 40 volume
1917 2929 251 48 prepared,

176 2983 280 49 presenting
489 2993 28 31 a
551 2983 313 49 compilation
896 2985 51 39 of
979 2995 108 29 new
1118 2985 120 40 laws
1272 2985 211 47 relating
1517 2988 49 37 to
1600 2986 183 39 estates
1818 2987 94 38 and
1946 2985 225 48 bringing

177 3040 173 40 within
375 3039 65 42 its
467 3050 139 38 scope
635 3041 81 39 the
742 3039 227 41 material
998 3041 201 40 covered
1224 3040 50 40 in
1301 3041 84 40 the
1409 3045 96 36 two
1531 3041 226 48 previous
1783 3042 228 39 volumes.
2069 3043 100 38 The

177 3096 134 40 work
342 3096 100 40 will
474 3097 55 40 be
559 3096 116 49 kept
705 3107 65 38 up
801 3099 49 38 to
883 3097 115 40 date
1028 3098 61 47 by
1121 3097 328 48 supplements
1480 3101 49 37 to
1560 3098 56 39 be
1649 3098 165 40 issued
1844 3101 53 38 at
1929 3099 241 47 irregular

177 3151 251 43 intervals,
488 3155 62 49 cf.
581 3152 273 43 Foreword.

183 3209 52 52 ©
264 3213 101 40 Oct.
392 3213 69 46 27,
490 3212 112 41 1932;
659 3213 67 40 2c.
756 3214 95 39 and
879 3211 81 40 aff.
988 3212 118 39 Nov.
1135 3211 56 40 10;
1247 3212 41 38 A
1317 3210 145 42 55899;
1517 3212 374 48 Prentice-Hall,
1922 3213 104 45 inc.,
2057 3213 117 38 New

250 3269 142 40 York.
464 3269 279 48 (32-33043)

181 3344 481 66 Chambonnaud,
688 3344 197 55 Louis.

250 3420 380 53 Promenades
668 3426 205 48 autour
909 3420 165 53 d’une
1111 3420 328 68 entreprise,
1473 3439 108 49 par
1615 3421 66 52 L.
1717 3418 453 58 Chambonnaud

244 3497 685 67 … Paris, Dunod, 1931.
253 3569 105 48 xiii,
387 3568 87 43 280
502 3581 58 38 p.,
591 3570 25 39 1
665 3601 9 9 l.
733 3569 116 41 23ᶜᵐ.

185 3622 1558 107 © Aug. 31, 1931; 1c. Dec. 28; A—Foreign 15050; Dunod. (32-32537)
183 3754 198 64 Coffin,
412 3755 226 65 George
669 3754 258 66 Sturgis.

252 3830 299 69 Endplays
590 3838 57 46 at
683 3829 200 70 bridge
920 3829 318 71 explained,
1278 3852 29 33 a
1346 3831 322 69 systematic
1704 3832 227 54 treatise
1972 3849 70 34 on
2079 3830 95 56 the

183 3907 156 55 three
374 3907 169 53 kinds
576 3907 63 53 of
673 3912 208 49 master
916 3906 182 70 plays,
1134 3906 397 71 eliminations,
1568 3926 189 51 coups,
1795 3925 269 51 squeezes,
2099 3908 75 70 by

184 3982 1873 73 George Sturgis Coffin … Boston, B. Humphries, inc. [ᶜ1932]
