2563 4368
1020 4081 131 50 1625

101 453 208 65 Baker,
343 454 229 63 George
597 452 211 65 Philip,
841 453 171 54 1879-

169 530 413 69 Charlemagne
629 531 111 52 and
787 531 94 52 the
927 528 197 56 united
1170 535 172 48 states
1387 529 64 53 of
1496 531 248 67 Europe,
1787 530 75 68 by
1908 530 68 56 G.
2023 533 66 51 P.

101 608 1693 68 Baker … New York, Dodd, Mead & company, 1932.
235 714 8 10 xv,
275 682 86 40 312
392 693 42 37 p.
494 683 162 40 front.,
688 683 170 47 plates,
891 691 150 38 maps.
1101 680 145 41 22½ᶜᵐ.

102 736 51 51 ©
186 740 101 39 Oct.
317 742 68 43 14,
418 740 112 40 1932;
590 740 66 39 2c.
689 742 95 37 and
816 740 80 38 aff.
932 740 101 39 Oct.
1066 740 54 38 19;
1181 740 40 37 A
1253 739 142 39 56595:
1458 739 153 40 Dodd,
1646 739 141 37 Mead
1821 739 35 38 &
1888 749 82 29 co..
2003 739 90 38 inc.

179 796 278 47 (32-30918)

96 885 292 66 Barrows,
418 887 302 64 Marjorie,
750 905 177 48 comp.

166 963 119 52 The
318 963 220 67 picture
569 965 146 51 book
747 964 63 52 of
844 971 217 61 poetry,
1094 964 280 66 compiled
1407 964 75 67 by
1512 962 279 69 Marjorie
1824 965 267 51 Barrows

156 1041 1936 70 … New York, Chicago [etc.] Rand, McNally & company
101 1124 190 64 [ ᶜ1 932 ]
170 1193 84 50 [78]
287 1205 44 37 p.
390 1195 86 39 col.
506 1194 128 41 illus.
694 1194 146 40 31½ᶜᵐ.

100 1248 52 51 ©
188 1252 102 40 Oct.
326 1253 67 40 17.
430 1252 139 40 1932;
606 1255 67 38 2c.
709 1253 94 39 and
840 1252 80 39 aff.
958 1252 100 39 Oct.
1097 1252 53 38 21;
1215 1252 41 38 A
1292 1251 170 47 56612;
1501 1252 155 39 Rand.
1694 1250 224 47 McNally
1954 1250 35 40 &
2025 1261 66 30 co.

177 1308 277 48 (32-30924)

97 1400 254 64 Bowers,
383 1400 257 53 Richard
672 1401 277 54 Stewart.

164 1476 1924 68 Business law, by Richard S. Bowers … Boston, G. H. Ellis
93 1573 96 47 co.,
215 1555 126 66 inc.,
371 1558 152 50 1932.

167 1626 714 49 xxiv p., 1 l., 470 p. 23½ᶜᵐ.
168 1683 157 40 Blank
352 1693 146 39 pages
525 1683 80 40 for
632 1683 202 41 “Notes”
877 1683 249 48 (468-470)

93 1737 51 52 ©
173 1742 100 40 Oct.
299 1741 39 47 3,
365 1741 140 47 1932;
534 1741 67 41 2c.
630 1741 101 40 Oct.
759 1740 54 40 19;
871 1741 81 40 aff.
981 1741 101 40 Oct.
1110 1741 81 47 20;
1221 1742 40 38 A
1288 1741 170 47 55623;
1489 1742 55 38 R.
1576 1742 43 39 S.
1649 1742 210 46 Bowers,
1889 1743 196 39 Boston.

171 1798 279 48 (32-31032)

95 1872 234 63 Collins,
360 1873 218 55 Archie
610 1873 333 63 Frederick,
978 1879 170 49 1869-

163 1951 122 54 The
334 1952 229 65 metals;
617 1951 150 54 their
820 1952 198 66 alloys,
1070 1952 312 67 amalgams
1435 1951 112 53 and
1599 1951 367 67 compounds,
2014 1951 76 68 by

94 2026 1992 70 A. Frederick Collins … New York, London, D. Appleton and
90 2124 295 49 company,
419 2110 151 50 1932.

163 2178 915 48 4 p. l., vii-ix, 310 p. illus. 19½ᶜᵐ.
95 2231 51 52 ©
177 2236 100 40 Oct.
308 2235 68 48 21,
406 2235 113 41 1932;
577 2235 66 41 2c.
674 2238 95 37 and
799 2235 81 40 aff.
911 2235 102 40 Oct.
1044 2235 54 38 22;
1160 2236 38 38 A
1229 2235 169 47 55640;
1433 2237 54 38 D.
1521 2236 237 48 Appleton
1788 2237 36 39 &
1855 2249 66 27 co.

175 2292 278 48 (32-30889)

95 2366 233 67 Collins,
359 2368 245 67 Gilbert,
637 2374 170 49 1890-

163 2446 122 53 Red
330 2447 188 65 death,
561 2447 75 68 by
679 2445 225 55 Gilbert
949 2447 233 54 Collins.
1259 2449 137 51 New
1442 2446 179 68 York,
1663 2448 78 54 H.
1785 2449 146 51 Holt
1975 2449 113 52 and

93 2529 485 63 company [ ᶜ1 932]
163 2597 102 49 viii,
292 2598 86 41 272
404 2608 44 37 p.
507 2597 57 41 19½ᶜᵐ

164 2654 199 41 London
388 2655 184 40 edition
608 2655 77 47 (G.
714 2655 138 46 Bles)
887 2655 90 39 has
1005 2654 135 41 title:
1171 2654 205 41 Chinese
1403 2656 97 40 red.

99 2709 51 51 ©
182 2713 101 41 Oct.
315 2713 68 48 21,
416 2713 140 47 1932;
591 2714 66 39 2c.
690 2715 95 38 and
819 2712 81 40 aff.
933 2712 102 40 Oct.
1067 2711 83 44 26;
1184 2713 40 38 A
1257 2713 169 47 56716;
1462 2714 135 40 Henry
1663 2714 118 39 Holt
1816 2717 35 40 &
1884 2725 80 36 co.,
1999 2715 91 40 inc.

176 2769 278 47 (32-30925)

95 2845 301 65 Costigan,
429 2845 307 55 Giovanni.

94 2923 1967 135 … Sir Robert Wilson: a soldier of fortune in the Napoleonic
304 3001 1519 71 wars, by Giovanni Costigan … Madison, 1932.
165 3077 84 39 277
279 3088 41 37 p.
380 3076 116 41 25ᶜᵐ.
565 3077 306 47 (University
902 3076 53 39 of
983 3075 272 41 Wisconsin
1287 3077 185 40 studies
1503 3077 50 39 in
1585 3078 80 39 the
1699 3077 148 39 social
1881 3078 207 41 sciences

94 3136 96 38 and
217 3133 202 48 history,
475 3144 73 29 no.
578 3133 79 46 16)

168 3190 144 39 “This
345 3191 135 39 work
512 3200 101 29 was
643 3191 238 46 prepared
915 3189 49 39 in
997 3188 127 47 1930,
1160 3200 53 28 as
1248 3200 25 27 a
1310 3190 181 47 partial
1524 3190 261 40 fulfilment
1821 3191 51 39 of
1905 3192 81 39 the
95 3202 1977 92 requirements

420 3247 78 39 for
531 3247 80 39 the
643 3250 170 43 degree
846 3246 50 39 of
928 3247 166 38 doctor
1127 3246 51 38 of
1209 3245 286 48 philosophy
1527 3247 50 38 in
1610 3247 80 39 the
1723 3246 282 49 University
2039 3248 51 39 of

93 3303 507 40 Wisconsin.”—Pref.

166 3359 347 48 Bibliography:
572 3370 41 36 p.
646 3358 216 40 267-277.

98 3412 52 52 ©
179 3417 113 47 Apr.
322 3416 68 46 15,
421 3416 112 39 1932;
593 3414 65 41 2c.
690 3416 118 38 Nov.
836 3416 53 44 4;
923 3414 81 39 aff.
1035 3414 117 39 Nov.
1183 3414 54 38 11;
1299 3414 40 38 A
1369 3413 169 47 55449;
1574 3414 282 48 University
1887 3417 51 39 of

166 3416 1905 96 Wisconsin.
374 3471 235 43 Madison.
637 3471 117 40 Wis.
825 3471 279 47 (32-27532)

95 3550 205 62 Crane,
332 3549 253 52 Edward
671 3547 222 63 Villeroy.

163 3626 214 52 Plastic
418 3624 260 68 working
718 3624 63 52 of
821 3623 201 52 metals
1064 3623 112 52 and
1218 3640 373 49 power-press
1631 3623 342 69 operations,
2011 3625 76 67 by

95 3699 1991 70 E. Y. Crane … New York, J. Wiley & sons, inc.; London,
94 3779 300 67 Chapman
421 3781 45 51 &
493 3778 160 67 Hall,
679 3777 241 66 limited,
951 3778 149 50 1932.

164 3853 65 48 xi,
259 3852 86 41 326
375 3863 43 36 p.
447 3851 111 40 incl.
586 3850 163 46 front.,
781 3850 143 45 illus.,
955 3848 178 48 diagrs.
1193 3848 147 40 23½ᶜᵐ.
1455 3846 132 50 $4.00

165 3910 230 39 Erratum
421 3906 94 49 slip
538 3906 228 40 mounted
790 3916 62 29 on
875 3916 43 37 p.
942 3904 100 40 210.

99 3962 51 52 ©
182 3966 126 47 Sept.
336 3965 68 46 29,
434 3963 138 47 1932;
604 3964 66 39 2c.
701 3963 101 39 Oct.
830 3963 53 45 4;
916 3961 81 39 aff.
1028 3963 99 38 Oct.
1159 3962 81 45 14;
1272 3962 40 38 A
1340 3961 170 48 56628;
1543 3964 51 38 E.
1626 3964 51 39 V.
1710 3964 171 48 Crane,
164 3964 1907 106 Brooklyn.
330 4020 278 48 (32-30870)
