2563 4368
1408 4022 102 50 360

443 422 207 66 Hurst,
680 422 241 57 Carlton
949 422 224 66 Bailey,
1203 423 171 56 1867-

510 496 1926 71 The arms above the door, by Carlton Bailey Hurst … New
445 576 176 68 York,
653 575 189 69 Dodd,
873 575 171 53 Mead
1074 577 46 51 &
1151 593 295 51 company,
1482 579 148 50 1932.

512 647 64 48 xi,
609 647 88 42 377
729 658 43 38 p.
833 647 86 41 col.
951 647 150 41 front.
1162 647 147 43 20½ᶜᵐ.

511 718 103 39 The
641 717 220 41 author’s
891 717 368 41 reminiscences
1290 720 52 39 of
1370 720 77 40 his
1476 718 309 48 experiences
1813 720 50 38 in
1893 720 82 39 the
2002 718 227 41 consular
2256 716 185 43 service

443 773 52 41 of
520 775 83 40 the
631 774 180 41 United
841 774 164 42 States
1032 774 131 41 since
1192 774 127 42 1892.

452 843 51 53 ©
534 848 112 40 Feb.
677 848 69 47 26,
776 846 115 42 1932;
951 848 66 41 2c.
1051 849 95 39 and
1177 847 82 41 aff.
1292 848 122 40 Mar.
1445 848 26 39 4;
1533 849 40 38 A
1603 846 144 41 48783;
1810 847 152 48 Dodd,
1997 847 141 40 Mead
2170 847 38 40 &
2237 856 81 38 co.,
2352 844 89 41 inc.

529 904 250 49 (32-7313)

448 1023 392 65 Hutchinson,
870 1023 232 53 Arthur
1131 1023 530 56 Stuart-Menteth.

519 1100 114 69 Big
661 1100 271 54 business,
1007 1101 163 69 chap.
1202 1104 117 50 5-9.

530 1175 83 48 (In
640 1171 137 44 Good
803 1172 386 52 housekeeping,
1217 1172 137 52 Apr.,
1385 1171 144 51 1932)

454 1241 1974 108 © 1c. Apr. 15, 1932; A ad int. 16282; pubd. Mar. 31; A. S. M. Hutchinson,
652 1303 317 49 Eastbourne,
1001 1303 235 48 England.

452 1423 250 66 Huxley,
731 1423 198 54 Julian
958 1422 202 57 Sorell.

520 1501 122 51 The
668 1500 248 54 Russian
945 1501 374 69 atmosphere.

534 1576 84 49 (In
644 1572 183 43 Nash’s
856 1571 107 44 Pall
992 1571 119 43 mall
1138 1570 277 54 magazine,
1444 1571 143 52 Mar.,
1618 1572 144 50 1932)

458 1639 1991 54 © 1c. Apr. 12, 1932; A ad int. 16266; pubd. Feb. 18; J. S. Huxley,
526 1702 209 40 London.

457 1805 339 67 [Johansen,
825 1804 258 56 Herbert
1111 1804 328 70 Sandberg]
1474 1811 171 50 1904-

523 1879 181 56 Señor
730 1882 146 51 Bum
906 1881 59 52 in
990 1881 96 53 the
1113 1881 216 69 jungle,
1355 1882 74 68 by
1456 1881 151 69 Algo
1636 1880 158 56 Sand
1844 1881 214 70 [pseud.]
2091 1899 77 50 up
2196 1881 95 53 the
452 1879 1971 149 Orinoco,

637 1961 164 52 down
833 1959 94 52 the
957 1959 109 52 Rio
1098 1958 206 69 Negro,
1333 1958 113 54 and
1475 1964 98 47 out
1601 1959 95 52 the
1726 1958 224 69 mighty
1978 1959 283 66 Amazon;
453 1956 1973 135 illustrated

454 2016 1972 166 by Robert Rotter. New York, R. M. McBride & company,
657 2117 149 49 1932.

523 2185 87 40 319
637 2196 43 37 p.
737 2184 164 48 front.,
931 2184 145 48 illus.,
1106 2185 171 47 plates.
1336 2185 147 40 22½ᶜᵐ.

525 2242 140 48 Maps
692 2251 59 30 on
780 2239 363 49 lining-papers.

462 2311 53 52 ©
542 2315 111 41 Feb.
680 2315 69 47 10,
777 2313 140 48 1932;
946 2314 67 40 2c.
1042 2315 95 38 and
1165 2313 83 42 aff.
1277 2314 121 38 Mar.
1427 2313 54 40 10;
1539 2314 40 38 A
1605 2312 172 48 49059;
1808 2314 211 40 Herbert
2047 2314 261 47 Johansen,
2337 2313 118 41 New

529 2372 144 40 York.
743 2370 251 51 (32-7319)

457 2475 362 65 Jope-Slade,
850 2475 320 56 Christine.

459 2550 1969 144 Ice cold marriage, by Christine Jope-Slade … Indianapolis,
576 2631 122 52 The
727 2629 444 54 Bobbs-Merrill
1203 2647 280 47 company
1627 2633 84 61 [ᶜ1932]

528 2704 86 40 314
640 2714 44 38 p.
743 2701 58 41 19½ᶜᵐ.

531 2760 162 40 “First
720 2758 225 42 edition.”

466 2825 51 53 ©
548 2832 121 40 Mar.
699 2830 68 49 16,
798 2829 112 41 1932;
971 2830 67 41 2c.
1069 2831 120 39 Mar.
1221 2828 54 42 19;
1335 2829 82 42 aff.
1449 2831 120 39 Mar.
1600 2828 54 40 21;
1717 2830 39 39 A
1787 2829 145 41 50219;
1990 2829 366 41 Bobbs-Merrill
2388 2839 67 31 co.

543 2887 250 48 (32-7350)

461 2989 365 67 Kawakami,
858 2989 252 64 Kiyoshi
1139 2990 164 64 Karl,
1336 2993 171 52 1875-

458 3065 1970 132 Japan speaks on the Sino-Japanese crisis, by K. K. Kawakami … with
954 3162 72 34 an
1072 3140 391 57 introduction
1505 3144 76 70 by
1625 3144 112 53 His
1785 3145 340 69 Excellency
2170 3143 282 71 Tsuyoshi

461 3221 1813 70 Inukai … New York, The Macmillan company, 1932.
530 3294 99 48 xvi,
658 3295 84 41 184
769 3307 44 37 p.
869 3294 118 42 fold.
1015 3305 125 39 map.
1199 3296 117 41 21ᶜᵐ.

469 3363 52 51 ©
557 3368 121 39 Mar.
713 3367 68 46 14,
816 3364 114 42 1932;
992 3367 66 39 2c.
1095 3367 95 39 and
1225 3366 80 40 aff.
1343 3367 121 40 Mar.
1500 3365 57 40 16;
1620 3367 38 38 A
1694 3365 142 41 50014;
1903 3367 279 40 Macmillan
2218 3377 66 30 co.

546 3423 250 49 (32-7357)

466 3524 260 66 Kimber,
757 3523 209 55 Albert
994 3526 106 64 W.,
1131 3526 84 52 ed.

536 3600 283 55 Kimber’s
863 3602 197 52 record
1101 3602 65 53 of
1206 3608 372 63 government
1619 3603 178 69 debts,
1841 3606 149 50 1931.
2068 3604 132 52 15th
2242 3603 212 54 annual

467 3679 82 51 ed.
628 3680 364 52 Established
1044 3681 76 67 by
1170 3680 205 53 Albert
1423 3683 90 54 W.
1568 3682 258 67 Kimber,
1876 3682 190 52 edited
2113 3682 79 69 by
2241 3682 210 52 Alfred

468 3755 1685 72 Nagel … New York, Overseas statistics, inc. [ ᶜ19 32]
539 3829 115 40 1200
680 3840 42 37 p.
784 3831 168 40 tables.
1012 3831 116 42 20ᶜᵐ.

472 3896 52 52 ©
557 3901 111 42 Jan.
700 3902 38 45 7,
773 3899 139 49 1932;
948 3902 65 39 2c.
1049 3903 94 39 and
1178 3901 81 41 aff.
1291 3903 114 47 Apr.
1440 3904 50 46 1;
1528 3904 38 38 A
1600 3902 170 48 49512;
1808 3903 235 40 Overseas
2077 3903 252 47 statistics,
2364 3901 90 41 inc.
