2563 4368
1363 4057 99 54 878

420 440 371 65 Nurenberg,
823 439 262 56 Thelma.

489 515 140 53 This
660 534 124 34 new
814 518 99 51 red
947 515 271 68 freedom,
1250 516 75 67 by
1357 517 238 52 Thelma
1628 516 362 68 Nurenberg;
2026 517 139 52 with
2199 536 31 34 a
420 517 1969 129 foreword
607 593 75 69 by

711 592 221 56 Waiter
962 594 283 67 Duranty.
1314 594 139 52 New
1485 594 179 67 York,
1695 594 121 53 The
1844 595 365 53 Wadsworth
2240 614 174 49 press,
421 675 151 50 1932.

490 758 569 50 327 p. plates. 19 ᶜᵐ .
428 828 51 51 ©
510 833 114 46 May
653 831 39 43 9,
724 831 138 47 1932;
894 831 69 40 2c.
992 831 125 39 June
1147 831 24 38 7;
1232 829 80 40 aff.
1345 829 125 39 June
1500 829 54 40 13;
1615 830 39 38 A
1685 829 169 49 52568;
1888 831 52 40 T.
1972 831 294 48 Nurenberg,
2298 833 117 39 New

495 890 142 38 York.
709 886 280 50 (32-26660)

422 1008 343 60 Portmann,
794 1006 278 63 Georges,
1104 1009 171 51 1890-

547 1082 1863 72 … Traité de technique opératoire oto-rhino-laryngologique,
418 1162 193 68 publié
655 1180 133 34 avec
831 1163 56 50 la
933 1159 410 54 collaboration
1388 1161 69 51 de
1498 1178 132 34 mm.
1676 1160 76 52 H.
1795 1162 327 67 Retrouvey
2165 1170 55 47 et
2263 1165 143 54 Jean

418 1237 1993 72 Despons … Paul Leduc … et G. Martinaud … avec 467 figures
418 1316 306 69 originales
773 1322 54 47 et
877 1317 148 52 deux
1073 1316 269 67 planches
1391 1316 312 52 hors-texte
1752 1334 69 34 en
1871 1319 271 52 couleurs.
2227 1321 184 67 Paris,

414 1395 627 65 Masson et c ⁱᵉ , 1932.
489 1479 951 50 865 p., 1 l. illus., II col. pl. 26 ½ᶜᵐ .
427 1546 1788 55 © Jan. 19, 1932; 1c. Apr. 25; A— Foreign 16598; Masson & cie.
502 1607 279 50 (32-14959)

420 1728 240 64 Preger,
691 1728 203 63 Ernst,
928 1725 171 55 1876-

486 1803 633 68 Flüssigkeitsgetriebe
1168 1822 72 33 an
1286 1803 436 67 spangebenden
1824 1799 588 68 werkzeugmaschinen,

416 1900 112 35 von
580 1882 205 52 baurat
838 1880 288 68 dipl.-ing.
1180 1881 179 52 Ernst
1410 1881 231 67 Preger,
1693 1880 108 52 mit
1854 1882 97 49 183
2005 1878 403 66 abbildungen.

415 1959 216 67 Berlin,
666 1959 373 67 VDI-verlag
1071 1958 193 67 gmbh,
1300 1961 151 49 1932.

488 2044 598 50 vii, 88 p. illus. 21 ᶜᵐ .
489 2114 379 42 “Schrifttum”:
903 2127 43 37 p.
979 2114 159 41 28-29.

425 2184 1987 51 © Dec. 29, 1931; 1c. Mar. 15, 1932; A—Foreign 16098; V. D. I. verlag,
493 2253 40 38 g.
562 2254 58 28 m.
648 2243 42 40 b.
717 2242 43 39 h.
833 2240 278 49 (32-14971)

421 2361 364 53 President’s
821 2360 345 54 conference
1205 2376 74 36 on
1314 2360 174 53 home
1522 2358 268 66 building
1824 2360 116 53 and
1978 2360 172 53 home
490 2374 1894 129 ownership,

676 2437 394 68 Washington,
1099 2440 73 54 D.
1203 2439 82 67 C.,
1316 2440 150 51 1931.

488 2515 207 66 Slums,
733 2514 328 67 large-scale
1096 2513 244 69 housing
1375 2514 112 52 and
1527 2513 523 67 decentralization;
2090 2519 220 61 reports
2348 2513 63 53 of

419 2593 94 51 the
547 2590 343 54 committees
924 2609 72 34 on
1029 2589 259 66 blighted
1323 2609 155 35 areas
1515 2591 112 52 and
1663 2594 189 64 slums,
1889 2591 216 53 Abram
2142 2590 269 69 Garfield,

419 2668 318 66 chairman;
772 2668 330 68 large-scale
1136 2668 339 68 operations,
1510 2667 210 55 Alfred
1755 2668 72 52 K.
1866 2667 186 69 Stern,
2089 2668 318 66 chairman;

420 2744 266 55 Business
712 2746 111 51 and
846 2746 260 67 housing,
1130 2745 196 68 Harry
1350 2745 70 52 A.
1447 2745 273 68 Wheeler,
1748 2744 290 53 chairman;
2094 2744 317 53 Industrial

420 2821 496 54 decentralization
960 2822 112 52 and
1112 2821 261 69 housing,
1417 2821 201 54 Stuart
1661 2822 86 53 W.
1795 2821 249 69 Cramer,
2089 2822 318 66 chairman;

419 2899 189 54 edited
634 2899 73 68 by
735 2899 154 53 John
913 2899 79 52 M.
1022 2897 163 55 Gries
1212 2899 112 53 and
1350 2899 193 53 James
1572 2898 169 53 Ford.
1804 2899 396 67 Washington,
2229 2899 69 51 D.
2330 2898 80 68 C.,

420 2977 120 53 The
570 2975 341 54 President’s
939 2975 326 53 conference
1290 2994 71 33 on
1389 2976 162 52 home
1580 2975 263 69 building
1870 2977 112 52 and
2010 2977 162 51 home
420 2995 1965 126 ownership
582 3088 12 33 [
622 3056 133 49 ᶜ1932
761 3087 13 34 ]

487 3138 135 47 xviii,
653 3138 86 39 245
769 3149 42 37 p.
872 3138 162 49 front.,
1066 3139 170 47 plates.
1295 3139 143 41 23½ᶜᵐ.

427 3207 51 51 ©
510 3212 114 47 May
654 3212 67 47 16,
754 3211 112 41 1932;
927 3213 67 39 2c.
1026 3213 95 38 and
1152 3211 81 39 aff.
1266 3213 113 46 May
1409 3213 55 38 17;
1525 3213 41 37 A
1597 3212 142 40 52023;
1802 3213 294 40 President’s
2128 3212 280 40 conference

493 3278 59 29 on
585 3269 141 38 home
758 3268 219 47 building
1011 3270 94 38 and
1139 3269 139 38 home
1312 3268 286 47 ownership,
1634 3268 180 41 Robert
1850 3270 49 37 P.
1936 3270 208 39 Lamont
2175 3271 95 38 and
2305 3269 104 47 Ray

493 3325 185 47 Lyman
714 3325 201 47 Wilbur,
951 3324 126 47 joint
1115 3325 260 48 chairmen,
1414 3324 333 49 Washington.
1818 3325 278 49 (32-26694)

420 3441 175 65 Reed,
623 3441 181 53 Louis
830 3441 257 65 Schultz,
1116 3446 171 50 1902-

552 3517 1825 72 … The healing cults; a study of sectarian medical practice:
423 3595 70 53 its
526 3600 206 61 extent,
765 3613 207 49 causes,
1007 3597 111 51 and
1153 3597 234 66 control,
1418 3597 74 67 by
1524 3597 172 53 Louis
1730 3598 57 55 S.
1820 3599 171 66 Reed,
2109 3641 11 10 PH.
2192 3642 9 9 D.
421 3600 1958 139 Chicago,

601 3673 112 64 Ill.,
740 3673 121 51 The
885 3672 336 66 University
1246 3673 64 50 of
1336 3673 249 67 Chicago
1614 3693 155 47 press
1800 3679 170 62 [1932]

493 3755 98 49 viii,
632 3757 84 39 134
755 3766 42 37 p.
857 3755 116 40 24ᶜᵐ.
1044 3755 354 47 (Publications
1437 3758 51 39 of
1526 3759 83 39 the
1649 3758 284 41 Committee
1972 3770 59 28 on
2069 3759 80 40 the
2188 3763 127 36 costs
2354 3761 53 39 of

421 3813 203 39 medical
653 3823 137 30 care:
823 3823 74 30 no.
929 3811 80 48 16)

492 3868 346 41 “References”
867 3872 51 37 at
947 3870 92 39 end
1066 3869 53 40 of
1144 3870 119 39 each
1288 3870 213 47 chapter.

427 3934 51 51 ©
509 3940 119 38 Mar.
657 3940 69 47 31,
755 3938 138 48 1932;
923 3940 68 40 2c.
1020 3941 95 38 and
1144 3938 82 41 aff.
1256 3940 127 40 June
1410 3941 81 47 10;
1523 3941 40 38 A
1592 3941 169 48 52415;
1793 3942 281 48 University
2103 3943 51 38 of
2185 3940 219 50 Chicago,

494 3994 221 49 Chicago.
786 3995 277 48 (32-26695)
