2563 4368
1476 4065 99 50 102

514 554 137 50 cago
691 535 219 53 council
948 553 72 35 on
1061 534 228 69 foreign
1328 533 271 54 relations
1636 533 36 54 by
1751 533 97 53 the
1886 532 338 69 University
2263 532 65 54 of

514 532 1965 149 Chicago
681 631 157 49 press
876 615 172 64 [1932]

583 694 64 46 xi,
686 692 101 49 234,
831 693 55 49 [1]
926 702 44 38 p.
1030 692 146 41 17½ᶜᵐ.
1249 692 298 49 (Half-title:
1584 690 259 41 American
1883 689 199 49 policies
2123 689 208 48 abroad;

516 690 1971 98 opinions
652 750 259 45 expressed
941 747 81 41 for
1052 749 82 39 the
1167 747 209 47 Chicago
1409 745 187 41 council
1628 756 60 30 on
1723 745 191 49 foreign
1951 744 256 49 relations)

588 803 158 41 Series
771 804 108 41 title
904 803 49 40 in
977 806 113 45 part
1114 806 52 38 at
1187 804 124 40 head
1337 804 51 39 of
1414 806 96 44 t.-p.

588 860 68 38 “A
691 860 207 40 selected
935 860 84 40 list
1053 859 53 40 of
1141 859 253 40 materials
1429 869 62 30 on
1526 859 82 40 the
1647 858 235 40 relations
1916 857 52 41 of
2004 857 82 41 the
2126 857 176 41 United
2345 856 161 42 States

517 917 94 38 and
640 916 150 40 Great
818 916 209 47 Britain,
1056 913 289 42 1776-1930”
1364 925 9 30 :
1403 924 44 38 p.
1476 913 157 42 79-82.

853 972 173 39 CONTENTS.—The
1052 972 179 40 United
1260 970 164 41 States
1450 972 95 38 and
1570 969 151 41 Great
1746 969 208 44 Britain,
1982 968 276 49 1776-1930,
2284 969 60 47 by
2372 968 50 44 C.
2452 970 53 40 R.

517 1027 268 40 Fish.—An
831 1027 360 47 Englishman’s
1234 1028 136 47 point
1414 1027 52 39 of
1513 1026 134 42 view,
1694 1025 60 47 by
1804 1025 77 41 Sir
1928 1026 212 39 Norman
2190 1026 314 46 Angell.—An

517 1082 298 42 American’s
845 1083 137 48 point
1012 1084 52 40 of
1095 1083 135 48 view,
1260 1082 62 49 by
1351 1083 130 40 Rear
1510 1081 221 41 Admiral
1763 1080 50 44 C.
1846 1081 49 41 L.
1931 1082 206 47 Hussey.

525 1149 51 51 ©
611 1154 109 41 Jan.
753 1154 39 44 5,
827 1154 138 47 1932;
999 1154 67 40 2c.
1102 1155 95 38 and
1231 1153 80 40 aff.
1347 1154 108 39 Jan.
1488 1154 82 46 21;
1606 1154 43 38 A
1679 1153 170 47 48001;
1887 1153 281 48 University
2203 1153 50 40 of
2289 1152 222 48 Chicago,

592 1210 220 49 Chicago.
884 1210 249 49 (32-3361)

520 1312 284 66 Gardner,
831 1315 140 54 Mrs.
1001 1312 286 56 Caroline.

590 1385 201 55 Clever
845 1393 239 63 country
1102 1408 10 33 :
1168 1387 304 70 Kentucky
1526 1389 297 52 mountain
1878 1387 181 69 trails,
2115 1389 74 68 by
2245 1388 265 55 Caroline

520 1464 1988 70 Gardner … New York, Chicago [etc.] Fleming H. Revell
519 1561 280 50 company
830 1548 190 64 [ᶜ1931]

591 1602 783 63 159 p. front., plates. 19½ ᶜᵐ .
594 1672 41 39 A
667 1675 133 44 story
831 1672 247 48 revealing
1110 1673 83 39 the
1222 1683 209 37 purpose
1460 1672 51 40 of
1544 1673 82 39 the
1657 1671 225 41 Frontier
1911 1672 205 47 nursing
2147 1671 195 40 service.

528 1725 51 52 ©
615 1730 110 42 Dec.
761 1729 67 49 12,
862 1728 140 44 1931;
1036 1730 67 39 2c.
1138 1730 112 40 Dec.
1284 1731 82 46 24;
1404 1729 80 40 aff.
1521 1730 108 39 Jan.
1666 1730 39 47 8,
1741 1729 140 48 1932;
1917 1730 39 38 A
1990 1729 171 47 45886;
2199 1728 219 48 Fleming
2453 1730 60 39 H.

596 1786 145 40 Revell
791 1797 67 31 co.
929 1786 248 48 (32-3266)

526 1888 245 53 General
801 1888 173 66 mills,
1004 1889 128 65 inc.,
1161 1891 402 64 Minneapolis.

595 1962 174 54 Short
802 1982 191 35 course
1026 1983 74 34 on
1131 1965 152 67 cake,
1315 1966 274 66 complete
1625 1965 213 53 studies
1870 1965 63 52 of
1966 1965 133 52 cake
2133 1965 234 67 making
2400 1966 111 51 and

522 2040 461 70 merchandising
1022 2061 59 33 as
1116 2042 353 53 undertaken
1504 2044 75 66 by
1619 2047 100 48 500
1755 2043 229 67 bakers;
2023 2041 342 68 illustrated,
2401 2043 110 52 and

525 2118 138 52 with
689 2120 189 52 charts
904 2120 111 52 and
1043 2119 294 54 formulas.
1412 2120 281 53 Products
1718 2121 219 51 control
1963 2122 375 65 department,
525 2120 1964 127 General

667 2197 1011 67 mills, inc. [Minneapolis] ᶜ1 932.
595 2267 764 49 174 p. illus., fold. pl. 25 ᶜᵐ .
532 2320 51 52 ©
623 2325 107 40 Jan.
770 2327 68 46 14,
878 2324 139 48 1932;
1059 2326 64 39 2c.
1166 2327 94 38 and
1298 2326 81 41 aff.
1419 2326 110 40 Jan.
1567 2325 82 42 25;
1692 2326 40 38 A
1769 2324 170 47 47204;
1983 2325 206 40 General
2227 2325 144 47 mills,
2409 2324 106 48 inc.,

600 2382 332 47 Minneapolis.
1004 2382 249 48 (32-3369)

527 2479 242 68 Greene,
799 2485 197 64 Ward,
1028 2489 170 49 1892-

595 2563 177 68 Weep
807 2582 75 34 no
913 2582 155 35 more
1123 2564 92 68 [by]
1252 2565 182 54 Ward
1470 2563 233 55 Greene.
1802 2565 136 51 [New
1977 2563 178 66 York]
2197 2564 75 51 H.
2313 2563 206 62 Smith,

530 2645 147 48 1932.

594 2724 531 48 3 p. l., 311 p. 19½ ᶜᵐ .
536 2776 51 51 ©
620 2781 108 38 Jan.
762 2781 68 47 28,
863 2779 113 42 1932;
1037 2781 66 41 2c.
1138 2782 94 39 and
1296 2781 50 40 aff.
1380 2782 109 39 Feb.
1523 2781 25 38 2;
1611 2781 41 39 A
1683 2780 143 41 48237;
1889 2781 71 40 W.
1996 2780 197 47 Greene,
2225 2780 117 40 New
2375 2779 141 39 York.

613 2836 248 48 (32-3003)

531 2935 307 66 Gresham,
866 2937 203 54 James
1093 2937 261 67 Wilmer,
1385 2941 170 53 1871-

601 3013 170 67 Upon
800 3015 94 51 the
925 3015 173 67 harp;
1132 3034 71 33 an
1234 3021 195 47 octave
1458 3016 64 52 of
1549 3016 205 67 hymns
1785 3018 111 50 and
1928 3013 267 69 spiritual
2225 3032 185 50 songs,
2441 3015 75 67 by

530 3091 1924 69 J. Wilmer Gresham … foreword by Lee Emerson Bassett …
532 3167 117 54 San
677 3167 320 67 Francisco,
1027 3170 121 52 The
1181 3170 227 54 Church
1435 3171 149 52 book
1610 3170 159 67 shop,
1805 3172 147 51 1932.

605 3240 489 50 [31] p. 1 l. 20½ ᶜᵐ .
539 3294 1980 51 © Jan. 4, 1932; 2c. and aff. Jan. 11; A 46863; J. W. Gresham, San
606 3354 271 39 Francisco.
948 3353 248 50 (32-3153)

532 3455 229 64 Harris,
793 3454 325 65 Elizabeth,
1151 3461 170 49 1883-

602 3532 119 51 The
758 3529 254 70 friendly
1047 3531 269 68 farmers;
1353 3551 30 33 a
1418 3552 190 33 course
1643 3533 94 52 for
1769 3533 256 67 primary
2057 3533 138 67 boys
2232 3534 110 50 and
2377 3530 140 69 girls

533 3627 73 34 on
652 3610 156 51 rural
855 3609 104 51 life
1007 3611 217 50 around
1271 3610 94 50 the
1411 3610 197 65 world,
1655 3611 75 66 by
1777 3610 299 53 Elizabeth
2123 3610 209 52 Harris
2377 3609 139 52 with

533 3685 198 52 stories
773 3687 75 65 by
890 3687 281 52 Gertrude
1218 3686 288 54 Chandler
1545 3688 258 51 Warner.
1878 3688 137 51 New
2059 3687 177 66 York,
534 3687 1959 142 Friendship

690 3765 377 65 press [ ᶜ1 931]
603 3833 837 50 4 p. l., [3]-154 p. illus. 19½ ᶜᵐ .
605 3890 346 48 Bibliography
970 3901 9 29 :
1011 3901 42 36 p.
1089 3889 244 49 [150]-154.

544 3944 50 51 ©
628 3949 118 41 Nov.
779 3949 67 46 13,
881 3947 139 46 1931;
1055 3947 65 39 2c.
1157 3948 94 39 and
1285 3946 80 40 aff.
1400 3947 108 39 Jan.
1541 3946 70 48 28,
1645 3945 113 41 1932;
1822 3946 39 38 A
1895 3944 143 41 48159;
2105 3947 49 38 G.
2193 3946 52 47 Q.
2281 3945 237 48 LeSourd,

609 4005 117 38 New
755 4004 141 39 York.
968 4002 248 50 (32-3262)
