2563 4368
1052 4047 131 48 1185

132 519 256 53 fications
418 518 94 53 for
542 517 189 69 larger
763 518 113 52 and
908 518 228 53 smaller
1167 518 182 52 urban
1381 516 172 68 units,
1586 516 189 54 edited
1807 516 76 70 by
1913 517 100 53 Ira
2046 517 70 54 V.

131 592 1817 70 Hiscock … New York, The Commonwealth fund, 1932.
233 679 1386 49 x p., 2 l., 261 p. incl. forms. tables (1 fold.) 23½ ᶜᵐ .
202 738 145 39 “This
395 738 188 39 volume
633 738 42 37 is
724 738 261 45 sponsored
1035 736 61 46 by
1144 737 82 39 the
1276 735 285 41 Committee
1613 745 61 30 on
1725 734 394 43 administrative

126 793 215 48 practice
382 793 53 40 of
476 794 80 39 the
598 792 256 41 American
894 792 162 48 public
1097 791 169 42 health
1310 790 307 49 association,
1663 792 95 40 and
1805 790 190 43 reflects
2036 792 83 41 the

130 849 253 48 judgment
409 848 54 40 of
489 850 109 39 that
625 849 272 40 committee
927 848 132 41 after
1088 849 172 40 twelve
1290 858 141 37 years
1459 847 53 41 of
1540 845 524 50 study.”—Foreword.

205 905 269 48 “Enlarged
505 906 93 39 and
632 906 186 39 revised
849 904 228 42 edition.”

136 974 55 54 ©
226 978 115 47 July
377 976 70 47 29,
484 976 112 40 1932;
664 976 67 41 2c.
770 977 117 46 Aug.
928 976 57 40 10;
1050 976 81 40 aff.
1170 977 119 47 Aug.
1327 975 53 47 9;
1421 976 41 38 A
1499 976 170 47 54370;
1712 974 407 43 Commonwealth

202 1033 136 41 fund.
401 1029 69 54 [©
507 1034 234 39 revisions
776 1034 95 38 and
905 1032 261 50 additions]
1242 1031 279 50 (32-20296)

131 1135 206 67 Hofer,
371 1138 179 62 Cuno,
585 1141 171 49 1886-

262 1212 1853 70 … Meine geschichte und die meiner gäste. Aus einem nach-
131 1292 126 51 lass.
332 1290 225 60 Zürich,
585 1290 166 56 Wien
806 1297 119 60 [etc.]
960 1292 531 68 Amalthea-verlag
1545 1294 151 64 [1929]

202 1364 360 49 519 p. 20 ½ ᶜᵐ .
136 1432 1985 52 © Oct. 22, 1930; 1c. Apr. 8, 1931; A —Foreign 12745; Amalthea-verlag.
216 1491 277 48 (31-19000)

133 1596 285 64 Horning,
450 1597 175 63 Mary
654 1595 265 65 Eulogia,
951 1597 180 52 sister.

263 1670 1859 70 … Evidences of romantic treatment of religious elements
130 1750 1992 69 in late eighteenth-century minor poetry (1771-1800) … by
132 1827 1987 70 Sister Mary Eulogia Horning … Washington, D. C., The
132 1906 259 55 Catholic
419 1902 278 56 university
766 1905 64 52 of
856 1905 284 54 America.
1171 1907 149 52 1932.

200 1980 423 48 ix, 103 p. 23 ᶜᵐ .
199 2036 65 41 At
295 2037 125 39 head
453 2036 53 40 of
536 2035 136 41 title:
709 2036 103 39 The
845 2035 220 40 Catholic
1098 2034 272 49 university
1402 2036 53 40 of
1487 2036 238 41 America.

200 2090 1341 50 Thesis (PH. D .) —Catholic university of America.
199 2148 376 49 Bibliography:
604 2158 45 38 p.
678 2147 187 41 96-102.

137 2217 51 50 ©
213 2221 115 45 July
350 2219 70 47 28,
444 2218 112 40 1932;
608 2220 66 38 2c.
700 2221 94 36 and
819 2218 80 39 aff.
925 2219 119 45 Aug.
1070 2219 24 38 1;
1148 2219 40 37 A
1213 2219 169 45 53370;
1411 2219 220 40 Catholic
1655 2219 129 40 univ.
1810 2220 53 39 of
1886 2219 234 40 America.

212 2275 278 48 (32-20855)

131 2377 252 64 Huxley,
413 2376 198 54 Julian
641 2377 200 65 Sorell,
874 2377 170 55 1887-

196 2453 1919 71 A scientist among the soviets [by] Julian Huxley … New
128 2529 163 53 York
317 2531 111 52 and
454 2531 257 66 London,
739 2531 230 67 Harper
997 2534 46 50 &
1069 2531 275 66 brothers,
1374 2535 151 50 1932.

201 2602 676 50 viii p., 1 l., 142 p. 21½ ᶜᵐ .
136 2670 51 51 ©
225 2674 120 47 Aug.
382 2674 68 46 10,
488 2673 140 47 1932;
667 2674 67 40 2c.
772 2675 118 47 Aug.
929 2674 81 47 10;
1051 2674 82 41 aff.
1172 2675 117 48 Aug.
1330 2676 82 46 12;
1452 2677 40 37 A
1530 2675 169 49 53619;
1741 2678 44 39 J.
1827 2677 45 40 S.
1911 2677 209 47 Huxley,

201 2731 210 39 London.
482 2729 277 48 (32-20848)

129 2832 208 66 Lewis,
368 2832 327 57 Elizabeth.

199 2909 128 52 You
369 2910 131 53 take
541 2912 95 51 the
679 2912 182 66 glory,
901 2912 76 67 by
1019 2912 301 53 Elizabeth
1363 2913 202 53 Lewis.
1643 2915 299 66 Portland,
1985 2915 130 67 Me.,

126 2986 120 53 The
274 2987 230 53 Mosher
529 3006 174 49 press,
735 2990 151 52 1932.

200 3059 598 51 ix, [1], 37, [1] p. 19 ᶜᵐ .
201 3116 182 41 Poems.

135 3182 51 52 ©
219 3187 115 47 July
363 3188 69 45 11,
464 3186 114 41 1932;
637 3187 66 40 2c.
737 3188 116 46 July
883 3189 83 46 18;
1001 3188 81 40 aff.
1115 3189 115 48 July
1262 3190 82 48 16;
1377 3191 43 39 A
1451 3191 169 47 54130;
1656 3192 53 40 E.
1743 3192 168 47 Lewis,

203 3192 1899 98 Hempstead,
385 3244 49 37 L.
466 3245 50 43 I.,
547 3244 54 38 N.
634 3245 52 37 Y.
756 3243 278 48 (32-20510)

129 3344 117 53 The
269 3346 239 52 London
533 3344 276 69 omnibus,
831 3345 140 53 with
994 3365 72 34 an
1088 3346 388 56 introduction
1499 3349 73 69 by
1596 3350 134 54 Carl
1753 3351 130 54 Van
1904 3352 209 53 Doren.

199 3421 231 55 Garden
477 3421 152 69 City,
673 3423 69 52 N.
789 3423 89 67 Y.,
922 3422 354 70 Doubleday,
1321 3425 197 53 Doran
1563 3428 45 50 &
1652 3443 295 52 company,
1991 3427 127 68 inc.,

201 3502 150 50 1932.

203 3572 141 50 [1497]
381 3583 43 38 p.
483 3572 179 49 diagrs.
719 3572 119 44 21ᶜᵐ.

200 3628 207 41 Various
435 3629 216 48 pagings.

200 3684 102 40 The
337 3685 218 39 omnibus
592 3688 273 43 represents
900 3687 82 39 the
1016 3690 162 36 recent
1211 3688 257 39 literature
1503 3688 51 39 of
1588 3688 248 47 England:
1873 3691 178 47 novels,
2087 3702 26 29 a

130 3742 253 44 novelette,
411 3750 27 29 a
466 3742 126 46 play,
619 3742 137 39 short
781 3741 189 49 stories,
996 3752 166 38 essays.
1231 3742 60 49 cf.
1319 3744 184 40 Introd.

204 3795 160 41 “First
388 3796 226 41 edition.”

201 3852 373 48 Bibliography:
606 3853 26 39 5
661 3863 43 37 p.
733 3854 52 38 at
813 3853 105 40 end.

135 3917 51 51 ©
216 3922 118 47 Aug.
364 3923 39 47 1,
433 3921 113 41 1932;
604 3923 66 40 2c.
702 3925 94 38 and
826 3924 82 40 aff.
937 3925 120 47 Aug.
1087 3924 27 40 6;
1171 3925 41 39 A
1241 3926 145 40 53556;
1444 3926 296 49 Doubleday,
1772 3928 168 39 Doran
1967 3930 35 38 &
2032 3941 81 33 co.,

202 3977 89 41 inc.
362 3978 278 49 (32-20856)
