2563 4368
1344 4030 102 56 776

473 477 291 40 “Published
805 478 62 47 by
911 473 308 44 Association
1259 486 136 38 press
1436 474 80 41 for
1557 476 81 39 the
1680 472 231 44 National
1952 473 260 43 ministers’
400 468 1976 112 institute.”—p.
683 553 57 30 [v]

470 590 68 41 “A
567 592 136 40 short
731 588 364 50 bibliography”;
1154 601 41 37 p.
1225 588 217 42 188-189.

406 644 50 52 ©
491 648 113 48 May
637 648 70 48 18,
739 646 114 43 1932;
914 648 66 40 2c.
1016 649 95 38 and
1144 647 80 41 aff.
1261 648 112 46 May
1407 645 59 41 20;
1526 645 43 41 A
1599 645 141 41 51426;
1806 646 206 41 General
2045 647 151 40 board
2231 647 51 39 of
2316 646 80 40 the

472 706 171 47 Young
666 705 148 39 men’s
842 705 248 39 Christian
1119 702 333 49 associations,
1480 703 115 39 New
1622 703 143 39 York.
1836 701 280 50 (32-13910)

402 808 149 62 Ives,
580 806 233 56 Arthur
840 808 174 64 Coon,
1046 806 171 56 1875-

469 882 329 71 Genealogy
839 883 65 53 of
942 883 96 52 the
1077 883 131 53 Ives
1249 882 225 70 family,
1516 882 300 70 including
1859 902 30 33 a
1931 881 223 71 history
2195 882 64 54 of
2298 883 98 53 the

400 961 156 68 early
591 962 349 53 settlements
978 962 112 51 and
1129 960 96 53 the
1262 959 322 56 movement
1620 960 153 53 from
1813 959 351 71 Quinnipiac
2201 965 60 50 to
2299 961 98 54 the

400 1037 182 54 Black
632 1039 151 52 river
836 1043 258 64 country,
1146 1038 76 68 by
1272 1037 225 54 Arthur
1552 1037 158 55 Coon
1764 1037 147 54 Ives.
2007 1039 391 69 [Watertown,

400 1111 1991 78 N. Y., Printed by the Hungerford-Holbrook company, ᶜ19 32]
468 1185 1045 55 4 p. l., 315 p. illus. (maps) plates. 23½ᶜᵐ.
408 1243 50 52 ©
489 1249 114 45 May
630 1247 68 48 21,
728 1247 113 41 1932;
898 1246 65 41 2c.
996 1248 95 39 and
1121 1246 82 42 aff.
1233 1248 114 47 May
1376 1245 55 42 25;
1491 1247 40 39 A
1561 1246 143 41 51494;
1762 1247 54 41 A.
1849 1248 47 40 C.
1930 1249 121 48 Ives,
2084 1248 314 48 Watertown,

475 1304 55 41 N.
558 1306 53 40 Y.
682 1303 279 52 (32-13870)

402 1393 274 68 Jackson,
709 1396 261 63 Eugene.

475 1471 140 53 New
638 1472 292 69 approach
953 1477 58 47 to
1037 1470 249 56 German
1313 1470 93 54 for
1430 1471 193 69 junior
1649 1474 112 51 and
1789 1472 184 53 senior
1996 1471 143 71 high
2164 1471 239 68 schools,

404 1545 1998 79 by Eugene Jackson … New York, Chicago [etc.] Longmans,
403 1626 187 56 Green
623 1629 112 51 and
770 1646 298 51 company,
1104 1631 149 50 1932.

475 1700 1150 53 xxiv, 399 p. front. (fold. map) illus. 19½ᶜᵐ.
477 1758 232 42 Contains
744 1758 165 42 music.

476 1815 164 40 “First
669 1811 226 46 edition.”

410 1867 50 52 ©
491 1873 114 46 May
634 1873 41 46 4,
707 1871 112 42 1932;
880 1872 66 41 2c.
979 1875 94 38 and
1105 1871 83 42 aff.
1221 1875 113 46 May
1364 1874 54 40 13;
1479 1874 40 39 A
1551 1874 141 40 51293;
1755 1874 286 49 Longmans,
2076 1873 155 43 Green
2264 1876 36 39 &
2332 1886 67 30 co.

486 1928 279 49 (32-14006)

404 2017 283 67 Johnson,
715 2019 227 65 George
969 2021 79 55 M.

478 2095 247 53 Trouble
763 2097 193 67 ranch,
993 2097 76 68 by
1107 2095 224 71 George
1367 2098 80 54 M.
1486 2099 276 54 Johnson.
1838 2101 137 53 New
2017 2101 179 68 York,
2236 2101 67 54 E.
2343 2102 57 53 J.

405 2173 558 68 Clode, inc. [ ᶜ19 32]
475 2245 479 50 4 p. l., 248 p. 19½ᶜᵐ.
410 2297 50 52 ©
488 2302 112 48 Apr.
627 2303 69 46 25,
724 2300 139 50 1932;
892 2303 66 42 2c.
987 2306 94 38 and
1111 2304 81 42 aff.
1220 2306 127 40 June
1373 2308 52 46 1;
1454 2308 40 38 A
1522 2307 169 49 52239;
1723 2310 210 40 Edward
1963 2310 42 40 J.
2037 2309 157 50 Clode,
2225 2309 90 42 inc.

488 2358 279 49 (32-14017)

404 2446 225 68 Kallen,
661 2449 227 54 Horace
916 2451 221 65 Meyer,
1171 2457 171 50 1882-

471 2524 268 55 Judaism
773 2532 58 48 at
863 2528 138 67 bay;
1039 2547 187 50 essays
1261 2534 219 53 toward
1517 2535 94 50 the
1648 2533 350 69 adjustment
2033 2535 64 53 of
2131 2537 265 54 Judaism

406 2606 55 49 to
492 2604 341 69 modernity,
868 2605 75 68 by
977 2608 226 52 Horace
1233 2609 80 54 M.
1349 2610 226 54 Kallen.
1650 2612 137 54 New
1824 2612 178 68 York,
2037 2613 181 54 Bloch
403 2609 1964 144 publishing
641 2701 97 47 co.,
768 2686 148 51 1932.

504 2754 485 49 v p., 1 l., 256 p. 21 ᶜᵐ.
411 2804 50 53 ©
491 2810 113 47 May
631 2810 70 48 20,
729 2810 116 43 1932;
901 2812 65 41 2c.
999 2814 96 39 and
1123 2814 82 41 aff.
1235 2816 113 47 May
1377 2815 56 40 25;
1490 2817 42 39 A
1559 2817 144 41 51493;
1763 2820 152 39 Bloch
1942 2821 111 47 pub.
2083 2830 83 38 co.,
2197 2821 90 40 inc.

486 2865 279 50 (32-14133)

405 2952 363 69 Kemmerer,
799 2957 207 55 Edwin
1034 2958 242 68 Walter,
1309 2962 170 57 1875-

471 3030 120 53 The
623 3031 54 52 A
713 3034 46 51 B
795 3034 45 55 C
875 3035 64 53 of
971 3037 95 52 the
1100 3036 220 56 federal
1354 3058 219 36 reserve
1606 3048 236 63 system;
1880 3045 131 67 why
2043 3045 95 54 the
2173 3045 219 54 federal

400 3124 217 37 reserve
649 3115 211 63 system
890 3132 114 34 was
1037 3115 181 53 called
1249 3116 125 54 into
1404 3117 188 70 being,
1622 3120 97 53 the
1752 3121 157 53 main
1939 3122 252 54 features
2223 3124 64 52 of
2317 3124 77 53 its

400 3185 412 69 organization,
845 3190 111 51 and
989 3192 129 53 how
1149 3193 47 53 it
1229 3194 202 68 works,
1462 3196 76 68 by
1567 3198 210 54 Edwin
1808 3199 224 53 Walter
2063 3200 331 54 Kemmerer

462 3263 1467 80 … Princeton, Princeton university press, 1932.
474 3334 1175 60 viii p., 1 l., 298 p. illus. (map) diagrs. 21½ ᶜᵐ.
475 3390 180 42 “Ninth
685 3393 197 48 edition,
916 3396 231 42 revised.”

410 3442 51 53 ©
495 3448 115 48 Apr.
644 3450 69 46 30,
749 3448 113 44 1932;
924 3452 67 40 2c.
1029 3454 96 40 and
1159 3455 83 41 aff.
1277 3457 115 47 May
1425 3456 58 42 24;
1546 3460 43 38 A
1622 3460 143 41 52136;
1830 3463 258 41 Princeton
2125 3465 271 50 university

473 3514 150 38 press.
695 3506 278 51 (32-14122)

404 3593 203 67 Lamb,
639 3596 261 65 Charles,
932 3599 323 59 1775-1834.

473 3670 167 54 Tales
676 3673 151 54 from
865 3675 385 69 Shakespeare
1291 3681 108 67 [by]
1443 3685 235 53 Charles
1714 3688 111 51 and
1861 3690 171 65 Mary
2066 3691 196 64 Lamb,
404 3688 1960 117 edited

550 3748 74 66 by
656 3751 95 50 the
781 3752 135 53 Rev.
950 3753 212 55 Alfred
1193 3755 237 69 Ainger,
1518 3805 9 8 M.
1603 3804 29 23 A.,
1664 3762 218 55 revised
1913 3765 77 68 by
2023 3766 76 54 H.
2132 3768 72 53 Y.
405 3762 1962 134 Moffett,
563 3825 322 57 illustrated

915 3830 77 67 by
1019 3832 175 53 Maud
1228 3837 111 51 and
1370 3834 188 56 Miska
1588 3840 348 55 Petersham.
2017 3844 155 67 [New
2205 3846 178 67 York]

402 3900 1001 79 The Macmillan company [ ᶜ19 32]
