2563 4368
1042 4076 133 49 1035

184 531 1914 71 für Werkstoffe im v. D. I. vom 28. Oktober 1929. Berlin,
183 613 387 68 VDI-verlag,
597 631 53 50 g.
678 631 72 34 m.
780 613 51 52 b.
859 613 74 67 h.,
964 614 150 50 1930.

186 686 771 48 viii, 96 p. illus., diagrs. 21 ᶜᵐ.
118 738 1983 51 © Aug. 20, 1930; 1c. Dec. 31; A —Foreign 10771; v. D. I. verlag, g. m.
186 799 41 40 b.
253 800 59 46 h.,
340 798 179 40 Berlin.

111 887 364 66 Henderson,
505 889 202 53 James
735 889 157 63 Max,
925 892 169 50 1895-

243 963 1856 69 … Questions and answers with problems and illustrative
111 1047 207 48 matter
345 1061 73 34 on
446 1043 94 52 the
568 1043 109 52 law
706 1042 64 52 of
795 1042 133 53 bills
957 1045 111 51 and
1095 1048 177 61 notes,
1296 1042 172 52 based
1497 1059 72 35 on
1597 1042 79 52 all
1701 1043 96 51 the
1823 1044 275 51 standard

112 1120 1987 68 text and case books, by James M. Henderson … Chicago,
112 1197 320 68 Callaghan
458 1200 113 51 and
597 1216 296 49 company,
921 1202 150 50 1932.

181 1268 63 49 vi,
271 1270 85 41 107
382 1281 43 37 p.
488 1268 56 40 20½ᶜᵐ.
703 1269 334 48 (Callaghan’s
1065 1268 192 48 quizzer
1285 1268 175 48 series)

119 1323 52 52 ©
199 1328 115 47 July
340 1329 39 46 1,
408 1326 112 41 1932;
577 1327 66 40 2c.
673 1329 95 38 and
796 1327 83 40 aff.
907 1327 115 46 July
1050 1327 27 39 5;
1132 1327 41 38 A
1201 1326 143 41 52887;
1402 1326 270 48 Callaghan
1700 1327 36 39 &
1764 1338 66 29 co.

197 1384 277 49 (32-18142)

118 1473 415 69 [Holdsworth,
563 1472 279 66 Geoffrey
865 1471 175 69 Lisle]
1075 1477 172 51 1894-

187 1552 121 52 The
331 1556 114 48 rest
467 1551 48 53 is
538 1552 101 51 lies
685 1550 94 69 [by]
807 1550 220 53 Martin
1054 1549 182 68 Carey
1289 1550 209 67 [pseud.]
1563 1550 259 66 London,
1848 1548 255 55 Cobden-

116 1628 322 55 Sanderson
495 1633 150 63 [1932]

182 1702 360 50 254 p. 19 ½ᶜᵐ .
121 1755 1965 108 © 1c. May 7, 1932; A ad int. 16376; pubd. Mar. 11; Geoffrey Lisle Holdsworth,
385 1816 157 48 Capri,
570 1817 142 46 Italy.
783 1814 279 50 (32-19041)

115 1905 330 66 Hollander,
475 1906 179 53 Jacob
683 1907 217 63 Harry,
932 1906 172 55 1871-

182 1982 1918 70 Want and plenty, by Jacob H. Hollander … Boston and
113 2062 138 52 New
280 2062 179 62 York,
486 2061 320 63 Houghton
833 2059 204 55 Mifflin
1066 2079 297 45 company,
1392 2063 151 51 1932.

184 2136 596 48 4 p. l., 68, [1] p. 18 ᶜᵐ.
120 2188 52 51 ©
206 2193 116 45 July
355 2193 38 39 6.
429 2191 111 40 1932;
605 2191 67 40 2c.
708 2192 115 46 July
855 2193 55 37 14;
974 2191 82 40 aff.
1092 2192 115 46 July
1243 2192 54 38 13;
1361 2193 40 36 A
1436 2191 142 40 53082;
1643 2192 43 38 J.
1724 2192 60 37 H.
1821 2191 281 47 Hollander,

186 2248 280 40 Baltimore.
537 2247 277 49 (32-18130)

136 2340 264 64 [Hughes,
429 2340 255 55 William
712 2340 238 67 Joseph]

184 2418 240 53 Federal
446 2418 247 67 practice
716 2417 366 69 jurisdiction
1103 2421 46 50 &
1171 2417 328 68 procedure,
1523 2416 135 56 civil
1683 2418 111 51 and
1820 2416 280 70 criminal,

115 2495 139 51 with
294 2495 196 52 forms.
567 2498 133 48 1932
738 2495 344 53 cumulative
1117 2495 206 69 pocket
1356 2501 162 63 parts
1555 2494 94 54 for
1684 2496 225 52 volume
1948 2499 152 65 1-11,

118 2572 1720 71 13-16 … St. Paul, Minn., West publishing co. [ ᶜ19 32]
188 2646 236 41 15 v. 22½ᶜᵐ.
189 2704 154 39 These
372 2704 273 46 pamphlets
676 2715 83 29 are
790 2709 48 35 to
870 2704 56 39 be
956 2705 214 38 inserted
1201 2705 102 39 into
1334 2705 82 39 the
1447 2705 198 47 pockets
1676 2707 54 37 at
1760 2704 84 40 the
1873 2704 149 40 backs
2054 2705 51 39 of

119 2760 80 40 the
225 2761 218 39 volumes
469 2760 51 40 of
546 2760 81 39 the
655 2765 71 35 set
755 2765 49 36 to
832 2761 158 39 which
1018 2761 113 47 they
1160 2761 183 48 belong.

122 2812 52 52 ©
203 2817 116 47 July
346 2818 69 45 14,
446 2816 140 47 1932;
617 2817 67 39 2c.
714 2818 117 38 each
860 2817 118 48 Aug.
1009 2818 53 45 5;
1095 2816 81 42 aff.
1205 2819 119 45 Aug.
1353 2818 53 45 2;
1440 2818 40 37 A
1510 2817 170 47 53525;
1713 2818 70 39 W.
1815 2818 42 39 J.
1890 2817 214 48 Hughes,

188 2873 333 48 Washington.

114 2965 251 64 Hunter,
396 2965 249 64 Arthur,
679 2969 170 49 1869-

247 3039 1855 71 … Disability benefits in life insurance policies. Principal
116 3119 380 53 contributors;
574 3120 226 51 Arthur
847 3121 248 66 Hunter,
1142 3122 193 54 James
1384 3123 65 51 T.
1498 3120 280 69 Phillips;
1832 3121 270 52 associate

117 3197 380 54 contributors;
569 3199 66 51 F.
677 3198 66 52 F.
785 3198 197 68 Davis,
1021 3199 222 53 Walter
1283 3200 187 66 Klem,
1511 3199 305 54 Valentine
1857 3199 245 63 Howell,

117 3276 1984 72 A. A. Pettegrew. 2d ed. New York, The Actuarial society
116 3355 64 52 of
209 3355 281 67 America,
523 3358 150 50 1932.

191 3427 1199 53 ix, 252 p. 23½ ᶜᵐ. (Actuarial studies, no. 5)
191 3485 346 47 Bibliography;
597 3496 44 37 p.
668 3484 217 40 244-252.

125 3537 52 52 ©
214 3543 113 45 May
362 3540 68 48 26,
468 3540 112 41 1932;
646 3541 66 40 2c.
751 3542 95 39 and
883 3540 82 41 aff.
1002 3541 125 41 June
1163 3543 28 38 4;
1256 3543 41 38 A
1334 3543 144 39 51644;
1544 3543 254 40 Actuarial
1836 3542 148 41 society
2053 3544 53 39 of

191 3598 234 40 America.
497 3597 278 50 (32-18127)

118 3672 251 64 Huxley,
400 3674 196 52 Julian
627 3673 201 62 Sorell,
862 3673 169 54 1887-

117 3749 1967 143 A scientist among the soviets [by] Julian Huxley … London,
272 3827 209 54 Chatto
506 3829 45 50 &
573 3827 263 67 Windus,
862 3829 150 51 1932.

187 3899 488 49 vii, 119, [1] p. 19½ ᶜᵐ.
126 3951 1961 110 © 1c. July 6. 1932; A ad int. 16623; pubd. May 12; J. S. Huxley, London. (32-18717)
