2563 4368
1320 4070 132 51 1900

367 456 253 65 Leavell,
649 455 225 54 Roland
905 453 281 62 Quinche.

436 534 96 52 An
557 533 348 53 unashamed
933 531 308 68 workman,
1266 532 94 51 the
1384 530 322 71 biography
1735 530 63 52 of
1825 529 294 54 Landrum
2146 530 215 53 Pinson

369 606 1991 73 Leavell, by Roland Q. Leavell … [Richmond, Print, by L. H.
368 688 623 69 Jenkins, inc., ᶜ1 932]
439 758 786 51 146 p. front., pl., ports. 19½ ᶜᵐ.
375 816 52 52 ©
455 820 110 41 Feb.
592 820 38 45 1,
657 818 141 48 1932;
825 818 67 40 2c.
921 818 109 39 Dec.
1060 817 80 47 19;
1171 816 82 41 aff.
1280 817 111 40 Dec.
1418 817 82 46 22;
1530 817 42 38 A
1597 815 170 48 58506;
1800 816 196 47 Sunday
2025 815 161 42 school
2215 816 150 40 board

443 876 52 39 of
520 877 80 40 the
631 873 239 43 Southern
899 874 195 48 Baptist
1122 872 300 44 convention,
1450 872 266 42 Nashville.
1787 872 221 51 (33-582)

378 975 225 69 [Leslie,
634 978 137 51 Mrs.
802 977 192 53 Annie
1024 976 212 53 Louise
1273 976 299 67 (Brown)]
1610 975 169 53 1870-
1991 976 69 53 ed.

461 1055 379 74 Experience;
881 1073 173 50 pages
1093 1054 151 53 from
1281 1054 140 53 lives
1458 1054 64 53 of
1557 1055 142 67 busy
1735 1072 127 35 men
1901 1055 112 52 and
2051 1072 215 35 women
2305 1072 60 37 as

372 1132 189 55 edited
592 1134 74 67 by
697 1134 200 67 Nancy
928 1135 211 51 Brown
1192 1131 192 68 [pseud.]
1490 1131 263 69 [Detroit]
1790 1133 120 53 The
1941 1131 229 55 Detroit
2199 1149 167 51 news,

375 1215 148 52 1932.

441 1280 97 51 xiv,
572 1283 83 42 274
690 1294 43 37 p.
793 1283 48 39 21½ᶜᵐ.

450 1336 1648 53 “First published in … the Detroit news from 1920 to 1932.”
380 1394 51 53 ©
463 1400 109 40 Dec.
603 1399 39 48 6,
673 1398 141 48 1932;
847 1399 66 39 2c.
946 1400 93 38 and
1072 1398 80 40 aff.
1186 1398 111 41 Dec.
1328 1397 81 47 21;
1444 1398 39 38 A
1514 1397 170 48 57562;
1720 1398 191 40 Detroit
1943 1408 144 31 news.

458 1454 221 51 (33-453)

376 1560 208 64 Lewis,
617 1560 192 55 Anna.

445 1634 1928 70 Along the Arkansas, by Anna Lewis … Dallas, Tex., The
379 1712 714 69 Southwest press [ ᶜ1 932]
447 1786 98 48 207,
577 1787 55 50 [4]
662 1797 43 38 p.
764 1786 56 41 23½ᶜᵐ.

449 1844 138 47 Maps
617 1854 59 29 on
705 1842 362 49 lining-papers.

449 1899 347 48 Bibliography:
853 1909 42 38 p.
922 1898 216 41 194-207.

384 1953 51 52 ©
461 1957 111 40 Dec.
596 1957 68 47 15,
689 1955 113 42 1932;
855 1956 67 40 2c.
948 1956 108 38 Dec.
1083 1955 55 39 22;
1192 1955 82 40 aff.
1300 1956 111 40 Dec.
1435 1955 55 40 20;
1545 1956 39 38 A
1611 1956 133 40 57571;
1806 1956 53 39 A.
1887 1955 169 49 Lewis,
2084 1954 288 49 Chickasha,

450 2012 105 41 Okl.
626 2012 220 48 (33-426)

379 2115 246 65 McKay,
654 2116 154 53 John
839 2115 355 64 Archabald,
1227 2121 170 50 1863-

451 2194 120 52 The
611 2192 202 53 wheels
853 2192 64 53 of
955 2194 364 66 Juggernaut
1359 2194 111 51 and
1511 2194 95 51 the
1645 2192 271 68 crushing
1954 2192 189 54 effects
2184 2193 64 51 of
2286 2191 88 53 his

382 2271 267 67 worship,
693 2270 258 68 showing
992 2269 94 53 the
1129 2269 354 53 well-beaten
1526 2269 134 53 trail
1705 2268 151 54 from
1897 2270 95 53 the
2035 2270 234 66 temples
2311 2268 65 53 of

382 2345 1931 70 this god to the gates of our prisons, by John A. McKay …
388 2423 1633 70 [Raleigh, N. C., Mitchell printing company, ᶜ1 932]
454 2495 957 52 150 p. illus., port. 21½ ᶜᵐ. $0.65
388 2552 51 52 ©
464 2557 117 39 Nov.
609 2556 67 47 18,
702 2555 139 47 1932;
869 2555 67 40 2c.
963 2555 109 39 Dec.
1101 2556 80 46 17;
1212 2554 81 41 aff.
1320 2554 110 41 Dec.
1457 2555 82 46 16;
1571 2555 36 39 A
1634 2554 169 49 57497;
1833 2556 43 40 J.
1905 2556 52 39 A.
1987 2555 199 48 McKay,
2216 2555 158 48 Dunn,

455 2613 54 39 N.
539 2613 47 40 C.
658 2611 220 49 (33-610)

384 2700 223 65 Maller,
637 2700 193 54 Julius
861 2701 285 64 Bernard,
1183 2706 169 49 1901-

455 2777 238 69 Testing
743 2779 95 52 the
887 2779 333 68 knowledge
1270 2778 65 53 of
1384 2778 214 55 Jewish
1650 2780 236 67 history,
1936 2781 74 67 by
2062 2779 192 56 Julius
2309 2783 64 51 B.

385 2855 1966 133 Mailer … Cincinnati, Dept. of synagogue and school extension
538 2934 64 53 of
631 2935 95 52 the
755 2933 194 55 Union
977 2934 64 53 of
1068 2934 304 53 American
1403 2935 244 52 Hebrew
1676 2935 449 69 congregations,
2156 2939 148 50 1932.

523 3038 8 17 xv,
564 3003 86 43 252
680 3016 43 38 p.
783 3005 177 49 diagrs.
1022 3006 56 41 20½ᶜᵐ.

459 3061 348 43 “Commission
835 3073 61 30 on
925 3061 184 42 Jewish
1137 3062 256 42 education
1424 3064 52 40 of
1506 3064 79 40 the
1618 3062 156 42 Union
1805 3064 52 40 of
1884 3064 257 40 American
2171 3065 206 40 Hebrew

389 3119 1987 48 congregations and the Central conference of American rabbis … edited
389 3178 60 47 by
479 3177 235 40 Emanuel
743 3175 392 49 Gamoran.”—p.
1170 3176 49 50 [ii]

462 3232 129 42 “The
631 3233 343 41 standardized
1018 3232 183 41 Jewish
1242 3232 187 49 history
1471 3233 330 41 achievement
1842 3236 134 46 tests,
2019 3235 59 47 by
2120 3235 162 41 Julius
2323 3236 53 40 B.

392 3275 173 55 Mailer
591 3291 95 39 and
715 3290 149 41 Jacob
894 3290 54 41 B.
977 3289 198 40 Poliak”:
1235 3300 42 38 p.
1304 3289 217 41 203-252.

396 3344 50 52 ©
477 3348 99 40 Oct.
607 3349 68 44 25,
704 3347 113 41 1932;
905 3359 36 29 1c.
971 3348 116 39 Nov.
1116 3348 50 38 21;
1260 3358 35 30 1c.
1327 3347 111 41 Dec.
1468 3349 55 39 17;
1582 3348 82 41 aff.
1694 3349 111 40 Dec.
1835 3348 59 40 10;
1950 3350 39 38 A
2018 3349 143 41 58497;
2223 3348 155 41 Union

465 3405 50 39 of
541 3403 255 40 American
824 3404 207 39 Hebrew
1059 3403 379 48 congregations,
1468 3403 288 41 Cincinnati.
1828 3405 219 48 (33-577)

393 3491 401 66 Mantegazza,
821 3493 194 63 Paolo,
1049 3497 320 51 1831-1910.

460 3569 1857 67 Anthropological studies of sexual relations of mankind …
393 3646 1963 144 [by] Professor Paolo Mantegazza. New York, Anthropological press [ ᶜ1 932]
462 3794 516 50 258 p. 1 illus. 24½ ᶜᵐ.
463 3852 127 40 Title
616 3863 59 30 on
703 3854 93 38 two
823 3853 174 39 leaves.

467 3905 1863 51 “Of this edition fifteen hundred copies have been privately issued …
394 3965 78 39 for
524 3963 243 41 exclusive
819 3962 323 49 subscription
1194 3964 50 39 of
1295 3964 138 40 adult
1484 3965 222 40 students
1756 3964 52 39 of
1857 3964 362 47 anthropology.
2279 3964 100 40 The
