2563 4368
1146 4057 133 51 1343

193 451 191 65 Sloan,
413 452 269 52 Mersene
711 449 164 54 Elon.

324 519 1856 72 … The immortals, who they are; the beatitudes in daylight,
193 599 1987 75 by Mersene Elon Sloan … St. Paul, Minn., The Way press,
196 686 149 51 1932.

264 752 327 51 274 p. 18 ᶜᵐ .
265 810 65 41 At
361 811 125 39 head
515 809 52 40 of
595 808 108 41 title
721 819 9 29 :
763 807 291 41 Bible-talks
1083 808 110 39 that
1221 806 142 40 make
1394 806 81 41 the
1505 804 140 41 Bible
1677 805 116 40 talk.

201 878 51 53 ©
280 882 119 48 Aug.
427 881 69 47 25,
525 880 113 41 1932;
695 880 68 41 2c.
790 880 120 48 Aug.
938 878 55 41 29;
1052 878 81 41 aff.
1162 879 119 47 Aug.
1311 878 55 40 27;
1424 877 41 39 A
1493 877 144 40 54586;
1693 877 123 47 Way
1844 885 149 39 press.

276 937 277 50 (32-23306)

196 1039 213 65 Smith,
442 1039 203 55 Victor
678 1040 69 55 R.

267 1116 120 51 The
426 1114 424 53 distributional
888 1120 207 62 system
1133 1114 62 52 of
1232 1117 252 49 contract
1518 1109 217 70 bridge,
1771 1110 141 52 slam
1946 1108 244 70 bidding

198 1192 278 68 featured,
501 1191 246 69 adopted
770 1193 75 67 by
869 1192 96 53 the
989 1189 198 54 official
1210 1194 205 63 system
1442 1209 59 34 as
1527 1210 30 33 a
1581 1206 153 35 more
1758 1187 288 54 advanced
2068 1194 122 48 text

199 1269 93 53 for
327 1272 226 65 players
589 1269 127 52 who
751 1268 144 53 have
933 1267 265 68 acquired
1238 1287 30 34 a
1305 1267 284 68 thorough
1626 1265 332 69 knowledge
1996 1264 62 54 of
2093 1265 96 54 the

198 1345 198 54 official
423 1365 63 34 or
516 1344 541 71 approach-forcing
1083 1352 224 63 system,
1332 1346 76 68 by
1436 1343 200 54 Victor
1664 1344 68 52 R.
1764 1343 189 55 Smith;
201 1343 1965 134 introduction

472 1424 76 68 by
586 1423 258 54 William
885 1424 153 51 Burr
1076 1421 148 71 Hill,
1263 1421 70 68 jr.;
1407 1421 188 56 edited
1635 1423 75 68 by
1747 1421 185 54 Marie
1970 1420 221 69 Angier

202 1500 206 68 Smith,
438 1519 69 35 sr.
537 1503 45 50 &
609 1500 70 69 jr.
747 1501 137 53 New
917 1500 178 69 York,
1124 1500 188 68 Dodd,
1341 1499 172 53 Mead
1541 1501 45 50 &
1617 1518 292 50 company,
1941 1502 151 51 1932.

268 1572 1288 49 xxxiv, 221 p. front. (port.) tab., diagrs. 19 ᶜᵐ .
272 1630 177 40 “Table
477 1630 52 39 of
556 1630 117 48 high
700 1632 116 38 card
844 1629 181 41 tricks”
1054 1632 97 38 and
1179 1628 257 49 “Scoring”
1466 1641 61 29 on
1553 1629 363 49 lining-papers.

206 1699 52 52 ©
287 1703 120 48 Aug.
436 1703 68 48 26,
535 1702 113 41 1932;
706 1702 68 42 2c.
803 1704 120 47 Aug.
953 1703 54 40 31;
1069 1702 81 41 aff.
1184 1702 128 48 Sept.
1342 1702 25 39 2;
1427 1703 41 39 A
1498 1701 144 42 53919;
1701 1703 54 40 V.
1786 1703 56 39 R.
1876 1701 170 42 Smith.
2077 1702 118 40 New

272 1760 142 39 York.
486 1759 278 48 (32-23415)

202 1861 188 54 South
438 1867 239 48 western
723 1867 271 62 reporter.
1072 1860 220 56 Second
1338 1861 187 53 series.
1601 1862 169 55 Cases
1817 1862 214 68 argued
2081 1861 111 53 and

274 1940 350 52 determined
664 1939 61 53 in
764 1940 95 54 the
904 1940 274 68 Supreme
1219 1945 188 48 courts
1449 1940 63 53 of
1552 1940 312 67 Arkansas,
1904 1940 290 67 Missouri,

273 2018 326 67 Tennessee,
638 2018 112 52 and
788 2018 210 66 Texas;
1040 2024 189 47 courts
1265 2018 63 54 of
1366 2020 231 67 appeals
1635 2018 65 54 of
1736 2019 306 69 Kentucky
2081 2019 112 53 and

272 2094 299 68 Missouri;
609 2101 162 47 court
805 2097 62 52 of
903 2096 135 52 civil
1074 2098 112 51 and
1221 2097 263 53 criminal
1520 2098 233 68 appeals
1790 2098 113 52 and
273 2099 1895 126 commission

443 2173 64 52 of
554 2176 233 65 appeals
833 2175 63 50 of
944 2175 200 67 Texas,
1190 2175 139 52 with
1376 2175 108 67 key
1529 2176 238 52 number
1815 2177 378 52 annotations.

328 2251 1868 72 v 48 (2d) May 17-June 7, 1932. Permanent ed. St. Paul,
276 2329 160 54 West
463 2329 335 69 publishing
826 2349 97 49 co.,
955 2334 150 51 1932.

279 2402 1301 52 xvii, 1201 p. 26 ᶜᵐ . (National reporter system)
214 2454 52 52 ©
294 2458 115 48 July
434 2458 67 48 30,
531 2458 139 48 1932;
699 2459 67 41 2c.
794 2461 96 38 and
918 2459 82 41 aff.
1029 2460 101 41 Oct.
1158 2461 26 40 3;
1241 2461 42 39 A
1310 2462 169 47 55434;
1511 2463 135 40 West
1672 2463 110 47 pub.
1810 2474 68 29 co.

210 2561 207 64 Sprau,
451 2561 245 65 George.

280 2635 1919 77 Literature in the Bible, by George Sprau … New York,
211 2715 122 51 The
354 2715 332 56 Macmillan
710 2735 296 51 company,
1033 2723 149 50 1932.

282 2786 643 51 xiii p., 1 l., 441 p. 24 ᶜᵐ .
283 2843 347 49 Bibliography
646 2856 10 29 :
689 2856 43 38 p.
756 2847 216 42 433-436.

219 2897 52 52 ©
304 2902 118 46 Aug.
455 2901 68 48 30,
557 2902 112 41 1932;
729 2903 68 42 2c.
830 2906 94 38 and
958 2905 82 41 aff.
1073 2906 119 48 Aug.
1225 2907 54 40 31;
1343 2908 41 38 A
1417 2908 142 39 53872;
1624 2909 281 39 Macmillan
1938 2920 67 30 co.

296 2957 278 51 (32-23305)

214 3057 270 67 Tardieu,
513 3060 201 54 André
741 3061 200 56 Pierre
972 3064 236 54 Gabriel
1235 3065 276 66 Amédée,
1541 3068 173 55 1876-

345 3137 1495 75 … Devant le pays. Paris, E. Flammarion [ 1932]
287 3208 151 48 xxvii,
471 3207 216 52 [29]-247,
732 3212 42 50 [2]
803 3224 44 37 p.
907 3214 144 41 18½ᶜᵐ.

289 3265 41 38 A
365 3265 252 41 collection
653 3267 52 41 of
738 3270 255 41 addresses
1027 3271 244 42 delivered
1306 3274 60 47 by
1399 3274 83 40 the
1517 3275 177 39 author
1729 3274 50 39 in
1816 3273 128 42 1932.

555 3344 71 17 CONTENTS.—
627 3322 90 42 Les
771 3326 192 41 devoirs
1018 3327 291 42 immédiats.
1311 3351 60 5 —
1373 3329 67 41 La
1496 3331 116 48 paix
1667 3330 261 48 française.
1929 3331 278 42 —Aristide

223 3377 325 42 Briand—Le
585 3380 182 40 travail
802 3382 58 40 de
895 3384 173 45 quatre
1105 3385 234 40 ans.—La
1378 3387 142 40 tâche
1557 3387 59 40 de
1651 3387 48 39 la
1738 3388 261 48 prochaine

221 3387 1969 89 Chambre.—Veille
558 3437 58 39 de
643 3437 327 43 scrutin.—Le
997 3441 167 40 drame
1191 3443 64 39 du
1282 3443 352 41 cartel.—Paul
1660 3444 224 41 Doumer.

224 3489 1983 58 © July 14, 1932; 1c. July 21; A— Foreign 17615; Ernest Flammarion.
302 3548 277 48 (32-23598)

219 3649 291 65 Teichert,
538 3652 138 53 Mrs.
707 3652 269 55 Minerva
1002 3655 327 65 Kohlhepp.

290 3725 56 53 A
368 3743 261 35 romance
650 3725 64 54 of
737 3728 95 53 old
856 3728 140 54 Fort
1021 3730 160 69 Hall,
1202 3731 76 70 by
1302 3733 263 54 Minerva
1590 3733 312 71 Kohlhepp
1927 3736 280 55 Teichert.

222 3802 298 67 Portland,
549 3802 118 68 Or.,
696 3804 411 69 Metropolitan
1134 3826 174 51 press,
1339 3813 149 51 1932.

293 3874 1199 54 6 p. l., 3-165 p., 1 l. col. front., illus. 20½ ᶜᵐ .
229 3927 52 52 ©
310 3932 117 48 Aug.
457 3932 69 48 20,
556 3932 114 41 1932;
728 3933 65 42 2c.
825 3937 94 38 and
949 3936 81 41 aff.
1063 3937 126 48 Sept.
1219 3938 25 39 2;
1304 3940 40 38 A
1374 3940 142 41 53927;
1576 3942 345 48 Metropolitan
1950 3953 150 38 press.

306 3988 280 50 (32-23284)
