2563 4368
1071 4077 134 50 1461

218 532 196 42 Stories.

155 598 1993 55 © Sept. 23, 1932; 2c. Sept. 26; aff. Sept. 28; A 56112; Dodd, Mead & co.,
219 661 90 40 inc.
380 658 281 50 (32-25329)

149 762 235 65 Dewey,
412 761 217 67 Melvil,
662 766 324 51 1851-1931.

279 837 1868 70 … Decimal clasification and relativ index, by Melvil Dewey
210 913 1937 72 … for libraries and personal use, in arranjing for immediate
148 995 303 68 reference,
509 995 193 68 books,
762 995 279 68 pamflets,
1101 993 307 70 clippings,
1468 993 266 69 pictures,
1792 993 357 69 manuscript

148 1080 157 51 notes
349 1078 113 52 and
505 1075 162 53 other
708 1074 280 53 material.
1064 1073 107 53 Ed.
1217 1077 81 64 13,
1340 1092 113 34 rev.
1498 1073 113 52 and
1654 1072 108 54 enl.
1802 1072 77 68 by
1919 1071 227 54 Dorkas

148 1153 261 68 Fellows,
465 1153 202 67 editor,
720 1154 210 67 Myron
984 1154 246 53 Warren
1283 1150 278 68 Getchell,
1616 1150 272 54 associate
1944 1150 200 54 editor.

148 1228 1995 68 Memorial ed. … Lake Placid Club, N. Y., Forest pres, 1932.
219 1301 1190 50 2 v. in 1. front. (ports.) fold. map. 25½ ᶜᵐ .
154 1372 1992 53 © Sept. 23, 1932; 2c. Sept. 26; aff. Sept. 24; A 55252; Bake Placid club,
221 1432 257 41 education
505 1431 306 41 foundation.
882 1430 280 49 (32-25283)

148 1537 322 64 Ducorron,
503 1534 246 57 Charles
777 1534 337 54 Alexander
1145 1534 264 55 Francis.

217 1610 1914 71 The boy king of the cannibal islands, by C. A. F. Ducorron :
146 1690 323 53 illustrated
493 1692 75 66 by
593 1690 215 53 Robert
830 1692 110 51 Lee
966 1688 300 69 Eskridge.
1342 1689 419 68 Indianapolis,
1785 1691 122 52 The
145 1689 2000 132 Bobbs-Merrill

400 1772 509 65 company [ ᶜ1 932]
215 1840 1174 51 4 p. l., 11-257, [1] p. front., plates. 21½ ᶜᵐ .
217 1900 75 40 An
320 1900 270 39 adventure
617 1899 134 47 story
779 1899 52 40 of
861 1900 82 39 the
972 1899 287 47 Marquesas
1288 1897 187 42 islands
1503 1898 148 42 based
1680 1908 62 29 on
1770 1909 62 29 an
1862 1900 205 39 account
2096 1898 52 41 of

148 1958 81 40 the
259 1956 219 41 author’s
511 1967 108 30 own
649 1955 258 42 childhood.
982 1954 61 48 cf.
1076 1954 297 42 Publisher’s
1407 1957 397 39 announcement.

218 2014 141 48 Maps
387 2025 60 30 on
473 2013 366 50 lining-papers.

219 2070 161 43 “First
414 2070 198 42 edition.”

152 2139 1994 53 © Sept. 10, 1932; 2c. Sept. 15; aff. Sept. 17; A 55128; Bobbs-Merrill co.
226 2199 279 48 (32-25464)

149 2302 305 65 Emerson,
485 2301 227 66 Edwin,
743 2306 171 51 1869-

214 2378 234 53 Hoover
482 2378 113 54 and
630 2378 89 54 his
755 2379 193 67 times;
987 2378 237 69 looking
1256 2378 143 54 back
1433 2378 253 69 through
1721 2379 98 53 the
1853 2397 181 51 years,
2069 2379 76 70 by

147 2456 1995 70 Edwin Emerson … illustrated with contemporary cartoons.
147 2532 232 55 Garden
419 2532 153 69 City,
610 2533 70 53 N.
721 2534 92 67 Y.,
853 2533 232 55 Garden
1127 2533 136 70 City
1302 2533 337 71 publishing
1677 2551 299 53 company,
2017 2534 128 70 inc.,

149 2613 151 51 1932.

218 2683 1061 50 xvi p., 1 l., 632 p. front., illus. 21½ᶜᵐ.
219 2740 163 41 “First
405 2740 229 41 edition.”

151 2807 52 52 ©
245 2812 128 47 Sept.
410 2812 70 47 26,
519 2810 141 50 1932;
698 2812 69 40 2c.
806 2814 95 38 and
940 2812 82 42 aff.
1064 2813 126 47 Sept.
1230 2812 83 48 29;
1353 2814 41 39 A
1433 2813 171 47 56147;
1647 2815 53 39 E.
1741 2815 246 46 Emerson,
2026 2814 119 40 New

218 2869 143 39 York.
431 2868 280 49 (32-25411)

148 2970 213 65 Fuller,
388 2971 154 54 John
572 2970 314 56 Frederick
916 2972 263 66 Charles,
1208 2974 171 54 1878-

216 3046 244 55 General
486 3049 203 67 Grant,
715 3068 31 34 a
769 3049 324 69 biography
1118 3050 94 54 for
1235 3069 193 50 young
1450 3051 353 68 Americans,
1827 3052 75 68 by
148 3052 1992 127 Major-General

438 3126 1702 71 J. F. C. Fuller … with portrait and maps. New
146 3204 180 68 York,
351 3205 190 67 Dodd,
567 3206 170 52 Mead
765 3210 45 49 &
835 3225 298 49 company,
1162 3210 150 50 1932.

215 3275 1361 52 xiii, 309 p. front. (port.) maps (1 double) 21 ᶜᵐ .
218 3333 159 41 Based
407 3345 61 29 on
496 3334 218 41 author’s
742 3336 167 47 longer
936 3337 146 47 study
1112 3336 104 41 The
1242 3336 310 49 generalship
1581 3338 52 39 of
1664 3337 198 48 Ulysses
1896 3338 44 40 S.
1972 3337 168 45 Grant.

148 3390 61 49 cf.
283 3401 91 33 Pref.

152 3451 52 52 ©
232 3456 127 48 Sept.
384 3456 69 48 23,
478 3455 116 41 1932;
645 3455 67 41 2c.
742 3456 126 48 Sept.
895 3456 58 40 26;
1005 3456 82 41 aff.
1116 3457 128 48 Sept.
1269 3457 57 41 28;
1380 3458 42 39 A
1446 3458 142 40 56111;
1645 3459 154 47 Dodd,
1828 3460 142 39 Mead
1995 3460 38 40 &
2059 3470 67 30 co.,

217 3512 91 40 inc.
377 3512 279 48 (32-25144)

148 3613 280 66 Graham,
455 3615 244 54 Willard
725 3616 55 55 J.

214 3689 1923 72 Accounting in law practice, by Willard J. Graham … and
145 3765 1992 75 Wilber G. Katz … Chicago, Callaghan and company, 1932.
215 3838 713 51 xiii, 444 p. diagrs. 26 ᶜᵐ .
219 3896 589 49 “References” : p. 5-6.
151 3949 51 52 ©
236 3954 126 47 Sept.
392 3956 69 45 17,
490 3954 112 42 1932;
660 3955 68 42 2c.
757 3958 95 39 and
882 3956 80 40 aff.
996 3957 127 48 Sept.
1153 3957 55 39 21;
1267 3958 42 39 A
1338 3958 143 41 54941;
1542 3959 269 48 Callaghan
1839 3959 37 40 &
1905 3968 67 32 co.

226 4009 279 52 (32-25279)
