2563 4368
1317 4030 135 53 1730

386 420 382 64 Bergerioux,
801 418 179 56 René.

518 493 1864 70 … La technique économique et sociale; préface de Paul
387 570 1645 71 Nozal. Neuilly-sur-Seine (Seine) L’auteur [ ᶜ 1932]
455 646 708 51 2 p. l., [7]-70 p., 1 l. 19 ᶜᵐ .
461 705 116 40 “Cet
612 714 211 37 ouvrage
860 703 96 40 fait
993 703 126 39 suite
1158 703 28 39 à
1226 702 89 40 ‘Un
1351 701 171 41 monde
1558 701 297 48 commence’,
1893 703 118 39 dont
2045 701 35 41 il
2117 705 73 37 est
2226 702 43 40 le
388 701 1978 108 développement

745 760 188 40 normal
960 761 47 38 et
1032 760 47 39 la
1106 758 157 48 partie
1290 756 369 42 constructive.”

390 827 1991 53 © June 24, 1932; 1c Aug. 15; A— Foreign 17728; R. Bergerioux, Neuilly
469 887 190 50 (Seine)
697 888 199 39 France.
967 885 279 50 (32-32848)

389 988 229 66 Bolton,
650 990 258 53 Herbert
941 990 260 64 Eugene,
1237 990 170 54 1870-

461 1068 121 53 The
628 1068 177 68 padre
851 1085 72 35 on
970 1066 336 68 horseback;
1358 1085 31 34 a
1436 1066 193 53 sketch
1677 1065 64 54 of
1789 1066 244 53 Eusebio
2082 1066 303 53 Francisco

390 1143 1996 70 Kino, S . J., apostle to the Pimas, by Herbert Eugene Bolton.
393 1223 117 55 San
538 1223 323 68 Francisco,
889 1224 120 53 The
1040 1223 219 55 Sonora
1288 1242 173 49 press,
1494 1226 150 50 1932.

459 1296 642 51 90 p., 1 l. front. 20 ᶜᵐ .
463 1354 144 49 “Map
639 1354 54 41 of
725 1353 212 41 Pimeria
973 1354 116 48 alta,
1126 1353 275 48 1687-1711,
1437 1353 236 50 compiled
1706 1353 62 49 by
1803 1354 211 41 Herbert
2050 1354 194 46 Eugene
392 1354 1978 98 Bolton”
533 1422 60 29 on

621 1411 136 41 front
786 1412 96 39 and
911 1410 122 41 back
1062 1409 362 50 lining-papers.

460 1467 330 49 Head-pieces.

465 1524 187 40 “Based
683 1533 126 39 upon
839 1523 81 41 the
949 1523 330 41 introduction
1309 1525 49 39 to
1388 1534 80 37 my
1494 1522 185 41 edition
1710 1523 52 40 of
1791 1521 168 42 Kino’s
1991 1522 225 42 ‘Favores
393 1525 1978 96 celestiales’

578 1580 256 49 published
864 1580 50 41 in
944 1578 493 43 1919.”—Foreword.

463 1637 203 41 “Notes”:
726 1648 44 38 p.
801 1636 157 42 86-90.

395 1702 52 52 ©
478 1706 101 41 Oct.
612 1706 55 40 29,
713 1706 113 41 1932;
887 1707 65 40 2c.
985 1707 117 40 Nov.
1135 1707 25 39 5;
1222 1706 81 41 aff.
1334 1707 118 39 Nov.
1483 1707 27 38 4;
1571 1707 41 38 A
1643 1704 143 42 56905;
1851 1705 183 42 Sonora
2066 1714 150 40 press.

471 1761 278 49 (32-32995)

391 1864 170 68 Burt,
589 1866 137 56 Mrs.
755 1866 331 54 Katharine
1123 1865 289 67 (Newlin)
1450 1870 171 51 1882-

463 1943 120 53 The
626 1943 103 51 tall
770 1943 216 68 ladder,
1029 1944 74 67 by
1146 1941 320 55 Katharine
1510 1940 222 53 Newlin
1775 1942 162 53 Burt.
2017 1942 214 53 Boston
2275 1942 109 52 and

393 2021 138 53 New
559 2021 179 68 York,
762 2022 321 68 Houghton
1109 2018 203 56 Mifflin
1341 2037 294 52 company,
1666 2024 148 49 1932.

461 2091 664 51 3 p. l., [3]-257 p. 20½ᶜᵐ.
395 2162 52 52 ©
478 2167 117 39 Nov.
628 2166 68 47 16,
729 2165 112 41 1932;
902 2166 66 40 2c.
1001 2166 117 40 Nov.
1151 2166 53 39 21;
1266 2165 80 40 aff.
1379 2166 117 39 Nov.
1530 2164 55 40 19;
1646 2165 41 38 A
1718 2164 145 41 58026;
1923 2165 58 39 K.
2015 2165 56 40 N.
2103 2165 137 47 Burt,
2276 2164 105 49 Elk,

461 2223 104 46 Wy.
635 2222 279 47 (32-32915)

395 2320 325 56 California
760 2324 113 52 and
913 2321 210 55 Pacific
1165 2323 202 69 digest,
1408 2323 266 68 covering
1714 2324 76 51 all
1830 2341 150 35 cases
2018 2322 266 70 reported
2322 2321 61 53 in

466 2399 320 56 California
848 2407 240 63 reports,
1150 2405 325 65 1850-1931,
1532 2400 212 55 Pacific
1800 2407 274 63 reporter,
2132 2402 251 52 volumes

467 2482 186 66 1-300,
686 2481 111 51 and
828 2481 78 51 all
935 2481 63 51 of
1027 2481 95 52 the
1153 2478 212 57 Pacific
1393 2485 172 49 states
1596 2485 221 63 reports
1848 2481 153 51 from
2030 2480 96 53 the
2157 2479 224 53 earliest

464 2557 1918 71 times … Compiled and edited by the publisher’s editorial
463 2633 1686 73 staff, v . 26-28. St. Paul, West publishing co., 1932.
460 2710 266 41 3 v . 26ᶜᵐ.
802 2778 44 29 CONTENTS.—v.
895 2766 69 42 26.
1014 2767 757 48 Mayhem-Miscegenation.—v.
1820 2765 73 42 27.
1939 2767 173 47 Money
397 2767 1971 97 lent-Motions.—
601 2834 43 29 v.
673 2822 73 41 28.
773 2823 266 48 Municipal
1066 2824 346 48 corporations.

396 2888 52 52 ©
470 2892 118 41 Nov.
611 2892 69 48 28,
705 2891 113 42 1932;
869 2891 67 42 2c.
960 2893 118 40 each
1101 2894 95 40 and
1220 2892 107 41 affs.
1352 2894 111 40 Dec.
1487 2893 55 40 15;
1595 2893 41 39 A
1659 2891 317 42 58369-58371;
2030 2893 138 40 West
2189 2891 108 48 pub.
2316 2902 65 29 co.

399 3010 247 64 [Carter,
674 3009 155 54 John
860 3009 301 68 Franklin]
1199 3012 170 54 1897-

464 3087 121 52 The
614 3105 194 49 corpse
839 3106 72 34 on
941 3089 95 51 the
1065 3089 194 53 White
1288 3089 194 52 House
1511 3088 166 68 lawn,
1706 3088 75 68 by
1812 3087 298 69 Diplomat
2164 3087 194 68 [pseud.]

394 3163 1052 71 New York, Covici, Friede [ ᶜ1932]
465 3236 61 48 vi,
556 3237 87 41 274
672 3248 43 37 p.
777 3236 149 43 19½ᶜᵐ.

398 3303 52 52 ©
479 3307 100 41 Oct.
608 3307 69 48 20,
706 3307 140 49 1932;
875 3309 68 41 2c.
971 3310 119 39 Nov.
1116 3309 81 48 28;
1229 3309 81 41 aff.
1339 3310 116 40 Nov.
1485 3309 83 47 26;
1597 3309 43 39 A
1667 3308 169 48 57254;
1870 3307 174 48 Covici,
2076 3307 186 48 Friede,
2290 3307 92 41 inc.

475 3364 277 48 (32-33050)

396 3466 324 65 Chalmers,
749 3466 189 54 David
968 3466 240 54 Patrick
1237 3468 220 55 Liddel.

465 3545 55 52 A
548 3543 246 68 peoples’
819 3562 167 50 peace;
1045 3563 81 48 or,
1153 3546 177 51 Peace
1356 3545 75 68 by
1459 3545 232 68 applied
1717 3545 194 68 public
1936 3544 235 69 opinion
2198 3563 59 34 as
2283 3544 95 53 the

396 3622 134 68 only
557 3621 344 68 practicable
927 3623 150 51 basis
1105 3622 94 53 for
1225 3622 407 52 international
1660 3622 422 68 disarmament,
2110 3623 73 69 by
2211 3625 71 51 D.
2311 3623 67 52 P.

399 3697 1976 70 Chalmers … Leith, Edinburgh, William Nimmo and co.
400 3779 193 64 [ᶜ1931]

463 3849 84 40 115
578 3861 41 37 p.
678 3850 115 41 16ᶜᵐ.

398 3906 1979 56 © 1c. July 27, 1931; A ad int. 15429; pubd. June 1; D. P. L. Chalmers,
461 3966 295 48 Edinburgh.
