2563 4368
1172 4039 97 50 845

206 431 220 53 Punch.
539 474 9 9 v.
581 434 114 65 182,
722 451 89 33 no.
838 429 151 67 4739,
1016 428 140 68 May
1182 431 49 64 4,
1261 429 150 53 1932.

214 512 1976 57 © 1c. June 29, 1932; A ad int. 16587; pubd. May 4; Herbert Heather,
283 578 207 39 London.

210 679 184 63 Rand,
422 675 333 67 Benjamin,
786 680 170 51 1856-

205 748 1960 149 Berkeley’s American sojourn, by Benjamin Rand … Cambridge,
445 829 189 66 Mass.,
661 829 270 52 Harvard
959 828 318 67 university
1302 846 173 48 press,
1504 831 150 49 1932.

277 907 976 49 xi, 79 p. front. (ports.) plates. 19½ ᶜᵐ.
280 962 298 51 “Originally
605 966 254 47 presented
886 966 154 39 under
1065 965 82 40 the
1174 964 108 40 title
1312 964 129 40 ‘New
1469 964 123 48 light
1621 974 59 29 on
1710 963 275 47 Berkeley’s
208 962 1969 99 American

329 1021 227 47 sojourn’,
589 1024 52 38 at
670 1022 80 40 the
783 1020 425 41 commemoration
1240 1021 50 40 of
1321 1022 82 39 the
1436 1022 96 39 two
1563 1021 278 40 hundredth
1874 1020 319 47 anniversary

209 1077 1985 47 of Dean Berkeley’s arrival in America … held at the Berkeley divinity
209 1133 1472 47 school in New Haven … on January 23, 1929.”—Pref.
217 1202 50 51 ©
300 1207 112 45 May
443 1206 67 47 24,
542 1205 112 41 1932;
715 1205 65 40 2c.
815 1206 94 39 and
942 1204 81 41 aff.
1057 1206 112 45 May
1201 1204 58 40 28;
1318 1205 40 38 A
1390 1203 145 41 52205;
1593 1204 254 40 President
1881 1206 95 38 and
2007 1205 190 40 fellows

283 1263 51 38 of
370 1264 227 38 Harvard
637 1262 188 47 college,
866 1261 299 48 Cambridge,
1205 1262 145 39 Mass.
1421 1261 279 47 (32-14734)

210 1368 168 62 Ross,
411 1368 66 53 E.
506 1367 68 54 B.

281 1441 381 54 Government
694 1442 114 51 sale
840 1440 62 53 of
930 1439 185 67 liquor
1147 1440 60 51 in
1240 1440 251 68 Canada,
1521 1446 94 47 ten
1647 1440 179 69 years’
1857 1441 344 68 experience,

211 1516 1989 71 by E. B. Ross … Seattle, Wash., Lex publishing company
290 1598 119 65 [ ᶜ1 932]
279 1664 272 49 130 p. 19 ᶜᵐ.
220 1735 50 51 ©
301 1740 113 46 May
442 1740 40 45 3,
513 1738 113 40 1932;
685 1738 66 40 2c.
784 1740 112 45 May
926 1738 26 40 9;
1013 1738 80 39 aff.
1125 1740 113 46 May
1268 1738 55 40 23;
1383 1739 41 38 A
1455 1739 141 40 51563;
1660 1741 52 39 E.
1745 1741 54 40 B.
1831 1741 136 47 Ross,
2003 1740 197 42 Seattle.

296 1795 277 47 (32-14754)

214 1898 253 64 Salmon,
504 1898 189 54 David
730 1899 65 54 L.

283 1973 366 55 Confessions
689 1973 64 54 of
791 1993 32 35 a
866 1974 214 53 former
1120 1975 322 54 customers’
1482 1994 150 49 man,
1674 1975 170 70 being
1883 1978 95 52 the
2020 1977 185 54 inside

213 2057 157 62 story
401 2050 65 54 of
494 2052 126 52 how
651 2051 155 55 Wall
837 2057 173 49 street
1041 2057 287 64 separates
1361 2055 95 51 the
1487 2054 198 52 sucker
1719 2056 112 51 and
1863 2055 90 53 his
1983 2073 222 52 money,

214 2128 75 68 by
319 2129 192 53 David
542 2129 64 53 L.
644 2128 251 70 Salmon,
928 2149 59 34 as
1017 2130 123 54 told
1173 2136 59 48 to
1263 2131 103 52 Dr.
1402 2130 209 53 Edwin
1646 2132 66 52 F.
1748 2133 246 52 Bowers.
2065 2133 139 52 New

215 2205 178 68 York,
423 2207 120 52 The
571 2207 317 67 Vanguard
919 2225 173 49 press,
1124 2210 149 50 1932.

285 2277 278 49 251 p. 21 ᶜᵐ.
224 2344 51 52 ©
302 2351 112 46 May
439 2350 68 47 16,
533 2349 140 48 1932;
699 2351 68 40 2c.
794 2352 113 47 May
932 2352 82 46 26;
1043 2351 82 41 aff.
1153 2352 124 39 June
1302 2353 53 46 4;
1384 2353 41 38 A
1450 2351 169 48 52354;
1650 2354 264 47 Vanguard
1939 2364 149 38 press,
2117 2355 89 39 inc.

299 2406 276 47 (32-26666)

219 2507 241 66 Sander,
490 2510 184 54 Ernst
701 2511 135 66 Leo,
868 2516 171 51 1898-

347 2586 1858 72 … Die lehrjahre des herzens; roman. Hamburg, Gebrüder
215 2662 406 68 Enoch [ ᶜ1 931]
288 2740 392 51 270, [1] p. 19½ ᶜᵐ.
292 2798 61 40 At
380 2799 124 40 head
533 2799 51 41 of
609 2799 108 41 title:
777 2801 148 40 Ernst
954 2800 199 43 Sander.

229 2864 1981 58 © Oct. 15, 1931; 1c. Feb. 25, 1932; A—Foreign 15888; Gebrüder Enoch
295 2927 175 46 verlag.
542 2926 277 48 (32-14539)

225 3026 313 67 Saunders,
568 3030 275 53 Kenneth
871 3031 219 66 James,
1123 3038 170 49 1883-

293 3103 1917 79 The heritage of Asia, by Kenneth Saunders … London,
229 3177 240 56 Student
497 3181 294 55 Christian
815 3191 318 47 movement
1160 3205 156 49 press
1350 3191 172 65 [1932]

295 3250 85 40 224
408 3263 43 37 p.
509 3254 163 49 front.,
700 3257 171 46 plates.
931 3258 55 39 19½ᶜᵐ.

296 3307 330 44 “Illustrative
654 3313 253 47 readings”;
965 3324 43 37 p.
1037 3314 217 42 165-220.

296 3362 370 52 Bibliography:
699 3379 43 37 p.
774 3369 217 42 221-224.

238 3429 1973 66 © 1c. May 25, 1932; A ad int. 16445; pubd. May 11; Macmillan co.,
302 3491 115 40 New
441 3495 142 40 York.
654 3496 277 50 (32-15178)

233 3591 245 70 Seibert,
505 3597 212 55 Louise
748 3600 211 66 Cleret,
990 3607 170 51 1892-

229 3670 1956 124 … A series of experiments on the learning of French vocabulary
395 3747 75 67 by
493 3749 205 55 Louise
726 3752 63 54 C.
820 3753 237 69 Seibert,
1173 3799 9 10 PH.
1251 3799 10 10 D.
1326 3759 332 67 Baltimore,
1687 3761 121 52 The
1836 3761 183 53 Johns
229 3760 1955 114 Hopkins
383 3842 171 50 press,
586 3831 149 50 1932.

303 3905 1912 67 6 p. l. , 106 p. diagrs. 24½ ᶜᵐ. (The Johns Hopkins university studies
285 3964 506 54 in education, no. 18)
