2563 4368
1397 3988 99 51 144

434 406 179 64 Todd,
644 406 133 54 Otis
806 406 285 56 Johnson.

510 496 185 52 Index
732 496 473 68 Aristophanevs,
1243 496 70 52 ab
1352 496 67 54 O.
1457 497 57 53 J.
1552 496 166 53 Todd
1756 495 306 54 confectvs.
439 494 1974 147 Cantabrigiae,

614 573 91 53 Ex
732 573 411 55 Universitatis
1171 574 441 53 Harvardianae
1641 573 192 68 prelis,
1862 576 150 50 1932.

512 646 363 50 ix, 275 p. 28 ᶜᵐ.
448 713 52 51 ©
530 718 110 40 Jan.
668 718 39 46 2,
737 717 113 40 1932;
909 718 67 39 2c.
1006 718 108 38 Jan.
1144 716 82 46 22;
1258 717 81 39 aff.
1371 718 110 38 Jan.
1510 717 83 46 26;
1625 718 40 37 A
1694 717 170 45 48151;
1899 717 255 40 President
2184 723 36 39 &
2248 717 190 40 fellows

516 774 51 39 of
602 775 229 39 Harvard
866 774 192 46 college,
1094 773 301 48 Cambridge,
1432 774 145 39 Mass.
1649 772 249 50 (32-3739)

436 934 455 65 Weatherhead,
920 934 191 53 Leslie
1139 933 211 57 Dixon.

513 1024 123 54 The
677 1030 250 63 mastery
973 1025 64 53 of
1079 1043 95 35 sex
1216 1028 253 66 through
1511 1026 352 68 psychology
1905 1027 111 52 and
2061 1025 260 69 religion,
2362 1025 35 53 by

443 1102 1933 70 Leslie D. Weatherhead … assisted by Dr. Marion Greaves …
445 1180 1991 69 with forewords by the Rev. A. Herbert Gray … and J. R.
445 1258 1930 70 Rees … and an epilogue by Principal W. F. Lofthouse …
443 1336 140 54 New
613 1337 181 67 York,
827 1339 122 51 The
978 1337 335 54 Macmillan
1345 1355 296 50 company,
1676 1340 149 51 1932.

617 1441 10 17 xxv,
654 1410 86 40 246
766 1420 43 38 p.
869 1410 58 40 19½ᶜᵐ.

450 1478 52 52 ©
530 1482 110 42 Feb.
666 1481 40 47 2,
734 1481 113 41 1932;
904 1482 67 40 2c.
1000 1483 95 40 and
1123 1481 82 41 aff.
1235 1482 109 39 Feb.
1373 1482 25 40 3;
1456 1482 40 38 A
1523 1481 144 40 47374;
1727 1481 281 40 Macmillan
2036 1493 65 28 co.

528 1539 251 48 (32-3863)

439 1699 195 66 Wells,
662 1700 240 54 Lemuel
930 1701 223 64 Henry,
1220 1719 74 48 bp.,
1323 1706 171 50 1841-

515 1790 57 53 A
610 1790 232 69 pioneer
878 1790 359 69 missionary,
1277 1790 75 69 by
1392 1790 97 53 the
1529 1790 183 69 Right
1752 1791 297 52 Reverend
2090 1790 231 53 Lemuel
2363 1791 76 51 H.

445 1867 1823 70 Wells … Seattle, Wash., Progressive printing co. [1931]
516 1939 889 50 6 p. l. , 167 p. front. (port.) 20 ᶜᵐ.
453 2009 52 52 ©
537 2014 118 40 Nov.
688 2012 69 48 19,
790 2013 113 40 1931;
965 2012 67 42 2c.
1065 2013 111 40 Dec.
1210 2012 55 39 22;
1329 2012 82 41 aff.
1444 2012 111 40 Jan.
1588 2013 68 47 21,
1692 2012 113 41 1932;
1869 2013 40 39 A
1941 2009 144 44 48172;
2150 2012 130 48 Lucy
2314 2012 130 49 King

521 2070 218 47 Darling,
769 2071 222 47 Tacoma,
1020 2069 334 48 Washington.
1425 2069 250 48 (32-3725)

443 2230 198 54 White
693 2230 185 54 house
932 2231 346 53 conference
1330 2247 72 36 on
1456 2230 153 54 child
1663 2230 205 54 health
1921 2231 114 53 and
2090 2234 346 60 protection.

512 2323 1929 64 Sect. I : Medical service. Committee on medical care for
513 2399 273 55 children.

518 2475 358 68 Psychology
913 2475 112 54 and
1063 2474 331 69 psychiatry
1433 2477 60 52 in
1532 2475 335 68 pediatrics:
1905 2476 95 53 the
2038 2475 280 67 problem;
448 2493 1971 126 report
604 2552 62 52 of
689 2553 95 52 the
812 2551 437 55 Subcommittee
1275 2571 72 33 on
1373 2553 344 67 psychology
1747 2553 111 53 and
1887 2553 348 68 psychiatry,
448 2553 1970 130 Bronson
578 2629 283 67 Crothers,
945 2672 10 9 M.
1021 2672 30 25 D.,
1079 2628 308 68 chairman,
1416 2630 194 52 White
1636 2630 171 52 house
1835 2630 325 52 conference
2190 2649 71 33 on
2290 2629 147 52 child

448 2706 192 53 health
680 2706 113 54 and
830 2706 330 68 protection.
1234 2706 136 54 New
1410 2705 177 68 York,
1624 2706 256 67 London,
1918 2707 120 52 The
2076 2706 251 68 Century
2365 2724 73 34 co.

528 2786 120 58 [ ᶜ1 932]
517 2852 105 46 xiii,
651 2852 88 41 146
767 2863 44 37 p.
869 2853 26 40 1
924 2853 144 48 illus.,
1098 2853 154 48 diagr.
1310 2853 55 40 23½ᶜᵐ.
1568 2852 130 49 $1.50

519 2925 289 40 Illustrated
847 2924 364 48 lining-papers.

520 2979 224 43 “Section
803 2980 270 41 I—Medical
1110 2979 199 50 service,
1350 2981 194 41 Samuel
1582 2980 129 42 McC.
1750 2980 199 49 Hamill,
2035 3015 9 9 M.
2114 3013 25 18 D.,
2176 2982 265 42 chairman.

449 3037 1977 106 Committee on medical care for children, Philip Van Ingen, M . D., chairman.”—p. [iii]
458 3164 52 52 ©
541 3168 110 40 Jan.
679 3167 69 47 23,
779 3166 140 47 1932;
951 3166 67 41 2c.
1049 3168 95 38 and
1175 3166 81 40 aff.
1289 3166 109 39 Feb.
1430 3166 52 46 2;
1516 3166 40 38 A
1586 3166 169 45 48234;
1790 3166 161 41 White
1982 3168 149 40 house
2163 3169 281 39 conference

526 3236 59 28 on
614 3224 128 40 child
770 3223 168 39 health
967 3223 95 39 and
1091 3222 282 48 protection,
1405 3223 105 47 Ray
1539 3224 184 46 Lyman
1753 3223 200 48 Wilbur,
1986 3226 61 37 M.
2079 3225 70 47 D.,
2179 3225 264 47 chairman,

525 3280 334 47 Washington.
931 3279 280 48 (32-26106)

446 3441 321 64 Zöberlein,
796 3442 185 52 Hans.

521 3531 119 52 Der
675 3529 205 69 glaube
915 3547 73 33 an
1022 3529 420 66 Deutschland;
1483 3530 90 53 ein
1608 3529 415 70 kriegserleben
2058 3547 111 35 von
2206 3531 233 52 Verdun

453 3608 86 53 bis
582 3625 129 34 zum
793 3610 231 62 umsturz,
1069 3625 111 33 von
1224 3606 166 53 Hans
1435 3606 309 53 Zöberlein.
1824 3606 303 68 München,
2175 3606 66 53 F.
2289 3608 155 52 Eher

452 3683 354 68 nachfolger,
833 3701 52 49 g.
911 3701 74 34 m.
1010 3682 53 53 b.
1089 3682 72 67 h.,
1192 3685 151 50 1931.

521 3754 559 52 890, [1] p. illus. 19 ᶜᵐ.
462 3823 1980 53 © May 20, 1931; 1c. Nov. 30; A —Foreign 14674; Franz Ehr, nachf.,
527 3893 42 38 g.
601 3895 60 30 m.
689 3884 44 41 b.
765 3884 44 40 h.
880 3884 250 49 (32-4733)
