2563 4368
1365 4021 102 51 386

405 400 303 66 Beilstein,
740 399 304 55 Friedrich
1074 399 259 55 Konrad.

477 477 303 54 Beilsteins
850 476 306 53 handbuch
1230 477 99 52 der
1401 474 371 71 organischen
1847 473 229 54 chemie.
2150 476 47 50 4.
2269 470 129 56 aufl.

410 558 193 50 Erstes
630 556 512 68 ergänzungswerk
1170 554 90 54 die
1287 554 265 54 literatur
1580 573 109 33 von
1719 556 307 52 1910-1919
2053 551 346 54 umfassend.

408 634 160 68 Hrsg.
621 652 109 35 von
765 635 100 51 der
902 635 323 51 Deutschen
1261 633 351 56 chemischen
1648 632 383 70 gesellschaft,
2067 632 188 52 bearb.
2292 648 109 36 von

411 711 298 53 Friedrich
745 713 251 51 Richter.
1072 713 47 54 7.
1152 713 119 50 und
1306 716 45 47 8.
1386 713 91 51 bd.
1513 714 82 51 als
1627 715 331 65 ergänzung
1989 711 96 54 des
2119 710 47 51 7.
2201 710 117 52 und
2354 713 46 49 8.

409 790 209 53 bandes
648 790 95 52 des
814 790 371 67 hauptwerkes.
1262 790 216 67 Berlin,
1507 793 55 53 J.
1596 789 296 69 Springer,
1923 792 149 50 1931.

479 863 422 48 xvi, 820 p. 25 ᶜᵐ.
415 916 1993 53 © N ov . 27, 1931; 1c. Mar. 15, 1932; A —Foreign 16120; Julius Springer.
410 1036 182 56 Bible.
667 1039 264 67 English.
1006 1041 153 52 1932.
1234 1039 373 54 Authorized.

543 1116 1866 69 … The Holy Bible, containing the Old and New Testaments
413 1195 315 53 translated
767 1201 100 47 out
905 1195 65 53 of
1007 1196 96 52 the
1142 1195 248 69 original
1430 1201 256 64 tongues,
1724 1196 113 53 and
1878 1195 140 53 with
2059 1195 97 53 the
2195 1193 215 55 former

412 1274 370 53 translations
827 1274 306 69 diligently
1178 1275 302 67 compared
1525 1275 112 52 and
1684 1274 247 68 revised;
1977 1274 98 53 the
2116 1278 123 48 text
416 1289 1968 116 conformable

729 1358 57 47 to
823 1354 126 52 that
983 1352 65 54 of
1083 1354 94 53 the
1213 1354 216 52 edition
1464 1353 64 54 of
1565 1358 152 63 1611,
1753 1354 319 67 commonly
2107 1352 207 53 known
2351 1370 61 35 as

414 1432 95 51 the
546 1432 333 52 authorized
917 1451 64 34 or
1017 1433 162 68 King
1215 1432 211 54 James’
1464 1433 239 52 version.
1779 1431 427 70 Philadelphia,
2245 1431 68 54 A.
2354 1430 56 55 J.

413 1510 594 68 Holman co. [ ᶜ1 932]
489 1584 142 50 [1658]
664 1596 42 37 p.
768 1585 143 48 illus.,
943 1596 150 38 maps,
1125 1586 168 41 forms.
1353 1585 56 40 24½ᶜᵐ.

484 1641 208 41 Various
726 1642 217 48 pagings.

487 1699 63 39 At
578 1699 124 39 head
732 1699 52 39 of
813 1699 135 41 title:
981 1700 212 40 Holman
1224 1700 331 48 pronouncing
1583 1699 197 42 edition.

491 1756 182 40 “Home
705 1754 202 50 reading
939 1756 139 40 Bible
1110 1758 146 46 study
1288 1767 170 30 course;
1520 1768 28 31 a
1581 1767 106 30 new
1720 1755 233 50 practical
1990 1766 169 31 course
2191 1757 50 40 in
2275 1755 137 42 Bible

420 1811 213 49 reading,
662 1814 241 46 arranged
931 1812 49 40 in
1014 1814 77 40 the
1122 1815 141 38 order
1291 1814 53 40 of
1373 1815 81 39 the
1482 1815 148 40 books
1659 1814 51 41 of
1740 1814 81 41 the
1851 1814 137 40 Bible
2019 1814 96 40 and
2145 1812 269 49 indicating

421 1867 1944 51 by page number the passages to be studied, edited by A. Dana Adams …
421 1925 1993 52 (Philadelphia. ᶜ1 932]” (62, [2] p.) and “Oriental light illuminating Bible
422 1984 128 39 texts
574 1984 95 38 and
696 1983 136 40 Bible
860 1984 163 40 truths
1050 1984 59 48 by
1136 1994 165 30 means
1328 1984 53 40 of
1405 1984 213 49 pictures
1646 1986 95 39 and
1768 1983 329 42 illustrations
2126 1984 108 41 that
2261 1982 152 49 really

421 2038 258 48 illustrate,
726 2039 119 41 with
891 2040 322 48 descriptions
1257 2042 95 39 and
1397 2041 340 48 explanations
1784 2041 51 40 of
1880 2040 207 41 oriental
2134 2041 183 47 objects
2362 2039 53 42 of

422 2095 136 41 Bible
591 2106 228 31 manners
852 2098 93 39 and
979 2100 215 37 customs
1226 2100 95 38 and
1355 2100 241 46 everyday
1631 2098 88 41 life
1753 2098 49 39 in
1837 2097 246 42 Palestine
2117 2098 96 40 and
2248 2097 53 41 of
2333 2096 82 42 the

423 2155 159 38 recent
613 2153 292 40 discoveries
936 2154 47 39 in
1016 2154 269 48 Babylonia
1317 2156 94 38 and
1444 2155 156 47 Egypt
1633 2154 156 41 which
1822 2154 122 42 have
1975 2155 118 40 shed
2125 2165 28 30 a
2183 2164 106 31 new
2318 2154 96 41 and

422 2210 1992 49 marvelous light on the Old Testament … [Philadelphia, ᶜ1 932]” (1 l.,
420 2265 68 47 51,
520 2265 56 50 [2]
607 2277 42 37 p.
680 2269 52 37 at
759 2266 116 46 end)
913 2266 123 41 have
1064 2267 181 48 special
1275 2267 289 48 title-pages.

494 2322 272 48 “Treasury
810 2324 51 39 of
905 2323 207 40 Biblical
1156 2323 345 47 information;
1549 2335 27 29 a
1622 2324 333 48 compendium
2001 2324 51 41 of
2097 2322 318 42 information

422 2379 227 40 essential
681 2382 48 38 to
759 2380 80 40 the
867 2391 132 30 more
1026 2380 275 49 intelligent
1327 2381 144 48 study
1502 2383 95 38 and
1626 2383 184 39 clearer
1840 2380 386 48 understanding
2253 2379 52 42 of
2334 2380 82 41 the

423 2435 148 42 Bible.
633 2436 251 48 Arranged
928 2437 48 38 in
1022 2437 81 40 the
1147 2440 125 38 most
1315 2437 187 48 helpful
1548 2439 95 38 and
1689 2437 262 41 attractive
1996 2438 154 40 forms
2193 2438 62 48 by
2301 2437 113 40 Rev.

423 2492 1142 51 F. N. Peloubet” (32 p. following p. 1264)
493 2549 128 40 “The
650 2550 445 49 self-pronouncing
1124 2551 137 40 Bible
1291 2551 287 48 dictionary.
1639 2551 72 39 An
1743 2551 358 48 indispensable
2132 2548 285 50 companion

423 2605 1990 50 for the clergy, S. S. teacher, and home reader … By James P. Boyd”
429 2662 111 46 (128
569 2662 69 49 p.)

426 2715 53 52 ©
512 2720 110 41 Feb.
653 2719 57 40 29,
757 2719 113 41 1932;
930 2720 67 40 2c.
1031 2722 120 39 Mar.
1184 2721 26 39 2;
1271 2721 81 42 aff.
1388 2722 119 38 Mar.
1542 2721 54 40 23;
1659 2720 40 40 A
1731 2721 144 41 48747;
1938 2722 52 39 A.
2026 2722 43 40 J.
2104 2722 211 39 Holman
2348 2730 66 30 co.

497 2771 69 54 [©
594 2777 153 39 Home
776 2777 200 48 reading
1003 2777 137 41 Bible
1167 2779 143 46 study
1339 2787 181 39 course]
1593 2778 249 47 (32-7370)

421 2879 198 65 Black,
649 2881 288 64 Dorothy.

487 2955 160 54 Wild
681 2957 217 66 cherry.
979 2958 362 66 [Instalment
1372 2962 49 64 2]

524 3031 62 38 (In
612 3027 156 42 Home
796 3031 156 46 notes,
982 3029 115 43 Feb.
1127 3031 70 48 27,
1229 3030 142 49 1932)

427 3081 1989 57 © 1c. Apr. 19, 1932; A ad int. 16299: pubd. Feb. 22; Dorothy Black
495 3143 268 42 MacLeish,
799 3144 229 48 Pitcaple,
1064 3145 396 49 Aberdeenshire,
1499 3146 242 41 Scotland.

422 3242 240 65 Blanck,
693 3246 224 64 Edwin,
953 3245 170 54 1877-
1335 3250 84 52 ed.

493 3321 1857 75 Handbuch der bodenlehre. Hrsg. von dr. E. Blanck …
423 3399 1964 143 9. bd. Die massnahmen zur kultivierung des bodens … Berlin,
549 3480 55 52 J.
637 3477 295 71 Springer,
965 3484 147 50 1931.

496 3550 1099 54 vii, 583, [1] p. illus., tables, diagrs. 26 ᶜᵐ.
496 3606 232 41 Contains
758 3608 399 50 bibliographical
1189 3612 256 42 footnotes.

429 3656 1985 62 © Dec. 23, 1931; 1c. Mar. 15, 1932; A—Foreign 16116; Julius Springer.
422 3777 221 66 Bloom,
671 3781 237 57 Ursula.

491 3855 122 54 The
649 3856 237 69 pilgrim
923 3861 139 61 soul,
1098 3861 77 68 by
1211 3862 213 54 Ursula
1463 3864 218 53 Bloom.
1757 3864 258 67 London,
2051 3863 364 55 Hutchinson

418 3933 52 51 &
499 3950 98 51 co.,
624 3935 104 53 ltd.
765 3939 172 66 [1932]
