2563 4368
1084 4067 132 50 1015

227 535 129 40 “The
385 533 195 41 manual
612 532 207 41 consists
851 533 53 39 of
934 530 239 48 servicing
1202 528 318 42 instructions
1554 539 60 29 on
1645 527 64 41 all
1744 526 229 42 essential
2008 526 133 41 units

156 590 54 41 of
246 592 82 40 the
366 590 115 41 fuel,
523 590 221 46 exhaust,
787 588 306 46 lubricating,
1136 588 95 39 and
1272 585 188 43 cooling
1501 587 206 41 systems
1750 584 53 39 of
1844 582 298 42 automotive

155 645 431 49 engines.”—Pref.

227 704 222 38 Includes
483 701 391 47 bibliographies.

161 757 51 51 ©
246 761 126 40 June
403 760 39 46 2,
476 758 113 41 1932;
651 759 66 39 2c.
751 760 95 38 and
880 758 82 40 aff.
996 759 124 39 June
1154 758 25 39 7;
1242 756 41 39 A
1316 755 142 41 51664;
1522 753 349 42 McGraw-Hill
1905 753 123 40 book
2061 763 81 36 co.,

226 817 88 40 inc.
386 815 277 49 (32-17757)

155 906 385 63 Rutherford,
570 905 219 64 Joseph
821 906 64 54 F.

224 982 390 66 Vindication,
643 983 96 52 the
769 1001 164 33 name
965 983 112 51 and
1109 981 156 52 word
1297 979 64 54 of
1391 980 96 52 the
1518 979 215 52 eternal
1765 977 129 55 God
1925 995 217 51 proven

157 1062 112 51 and
303 1059 253 70 justified
588 1062 76 66 by
698 1060 276 52 Ezekiel’s
1008 1060 289 68 prophecy
1332 1059 111 51 and
1477 1056 291 69 revealing
1802 1057 155 52 what
1990 1061 152 47 must

157 1138 255 69 speedily
446 1158 153 35 come
633 1144 59 46 to
726 1157 130 49 pass
891 1156 156 50 upon
1081 1139 96 51 the
1211 1136 226 54 nations
1473 1137 63 53 of
1572 1137 96 52 the
1703 1137 197 51 world.
156 1135 1962 135 Comments

376 1215 1764 70 by J. F. Rutherford … bk. 2, 3. Brooklyn, N. Y.,
156 1294 1961 146 London [etc.] Watch tower Bible and tract society, International Bible students association [ ᶜ19 32]
229 1445 1051 49 2 v. fronts. (facsims.) col. plates. 19 ᶜᵐ.
161 1504 75 38 bk.
259 1502 40 48 2,
327 1500 51 51 ©
404 1504 115 46 July
543 1504 68 45 11,
637 1502 114 41 1932;
803 1503 76 39 bk.
904 1503 39 47 3,
972 1499 55 51 ©
1049 1504 115 46 July
1189 1503 56 40 18;
1298 1502 68 41 2c.
1390 1503 118 40 each
1535 1504 115 46 July
1674 1502 55 39 20;
1784 1502 108 40 affs.
1919 1502 80 39 July
2060 1499 54 41 22;

229 1561 41 38 A
302 1559 155 49 53206,
492 1560 142 40 53207;
697 1560 45 40 J.
776 1560 51 40 F.
862 1560 314 46 Rutherford,
1212 1560 259 47 Brooklyn.

157 1648 306 66 Sheridan,
493 1650 298 52 Laurence
819 1651 197 62 Ward,
1047 1649 172 55 1907-

225 1725 92 54 On
343 1727 95 52 the
464 1726 514 53 two-dimensional
1009 1726 128 53 flow
1164 1726 63 53 of
1258 1726 86 52 air
1370 1731 130 61 past
1529 1744 31 34 a
1589 1725 167 53 series
1788 1725 63 52 of
1879 1726 264 51 Rankine

155 1803 1988 67 ovals, by Laurence W. Sheridan … Washington, D. C., The
154 1879 261 55 Catholic
443 1880 316 67 university
790 1880 63 54 of
886 1880 282 64 America,
1201 1884 151 49 1932.

223 1952 599 50 22 p. pl., diagrs. 23 ᶜᵐ.
226 2007 170 42 Thesis
432 2008 14 48 (PH.
617 2008 307 48 D.)—Catholic
949 2009 272 48 university
1248 2009 53 41 of
1328 2010 235 46 America,
1591 2009 125 40 1932.

224 2066 129 42 Vita.

227 2121 348 50 Bibliography;
631 2133 44 38 p.
705 2123 69 40 21.

163 2177 51 50 ©
254 2181 126 39 June
419 2180 68 46 10,
528 2179 114 41 1932;
710 2179 66 40 2c.
819 2180 94 39 and
954 2178 81 40 aff.
1077 2180 126 40 June
1243 2180 53 39 13;
1368 2181 39 37 A
1449 2180 169 46 51768;
1664 2180 219 41 Catholic
1925 2180 127 40 univ.
2096 2183 51 39 of

227 2236 237 40 America.
533 2234 277 49 (32-17647)

156 2322 213 67 Smith,
398 2322 255 56 William
681 2324 238 65 Joseph,
950 2328 169 51 1899-

226 2400 122 53 The
376 2399 170 68 spirit
575 2399 64 53 of
669 2399 213 70 Jogues
913 2417 162 51 prep,
1104 2400 76 68 by
1211 2400 137 54 Rev.
1380 2400 261 55 William
1674 2401 56 55 J.
1765 2400 208 70 Smith,
2036 2444 10 10 S.
2117 2443 30 27 J.,

157 2477 139 53 with
321 2496 73 34 an
416 2477 388 53 introduction
828 2477 76 69 by
928 2477 137 53 Rev.
1091 2477 208 53 Daniel
1324 2477 72 54 A.
1422 2478 173 67 Lord,
1654 2521 11 11 S.
1729 2521 10 10 J.
1800 2478 139 53 New
1965 2478 181 68 York,

157 2552 328 56 Cincinnati
541 2559 119 62 [etc.]
696 2555 281 68 Benziger
1004 2554 279 68 brothers,
1316 2558 151 50 1932.

226 2626 595 49 xii, 177 p. front. 19 ᶜᵐ.
163 2681 51 51 ©
246 2685 111 40 Feb.
386 2684 68 48 19,
486 2684 111 41 1932;
657 2686 66 39 2c.
755 2687 96 38 and
881 2685 81 41 aff.
993 2687 119 37 Mar.
1145 2685 53 46 2;
1231 2686 41 38 A
1303 2685 169 47 52557;
1507 2686 234 48 Benziger
1771 2688 126 39 bros.

239 2741 277 51 (32-17674)

157 2814 266 66 Sorokin,
455 2815 234 54 Pitirim
723 2817 524 66 Aleksandrovich,
1283 2822 171 50 1889-
1665 2820 84 52 ed.

227 2896 56 51 A
334 2893 326 68 systematic
710 2913 193 35 source
954 2896 147 51 book
1151 2896 63 52 in
1264 2897 158 51 rural
1475 2896 303 69 sociology,
1829 2898 195 52 edited
2069 2899 75 67 by

159 2970 1984 61 Pitirim A. Sorokin … Carle C. Zimmerman … and Charles J.
159 3046 1986 75 Galpin … v. 3. Minneapolis, The University of Minnesota
158 3142 173 52 press,
365 3130 150 50 1932.

228 3199 622 48 xiii, 752 p. tables. 24 ᶜᵐ.
165 3252 51 51 ©
250 3257 115 46 July
399 3258 38 45 1,
471 3256 112 40 1932;
645 3257 67 40 2c.
746 3259 118 47 Aug.
897 3260 27 37 4;
987 3259 82 40 aff.
1103 3260 117 46 Aug.
1256 3261 25 39 3;
1345 3262 41 38 A
1420 3262 142 40 53456;
1627 3261 281 48 University
1940 3263 55 39 of
230 3263 1900 95 Minnesota,
444 3313 332 47 Minneapolis.

158 3386 225 63 Special
407 3386 272 55 libraries
704 3388 374 57 association.
1138 3392 231 67 Special
1392 3394 317 53 committee
1736 3411 73 37 on
1830 3393 316 69 municipal

228 3465 343 54 documents.

226 3540 169 53 Basic
431 3541 98 54 list
566 3543 64 53 of
667 3550 227 47 current
929 3546 313 68 municipal
1282 3549 325 52 documents;
1678 3568 31 34 a
1748 3549 295 54 check-list
2080 3549 63 53 of

155 3615 198 54 official
379 3619 379 66 publications
785 3622 186 52 issued
996 3623 376 69 periodically
1396 3626 150 52 since
1575 3624 134 54 1927
1734 3628 75 66 by
1833 3627 96 52 the
1954 3628 191 66 larger

157 3693 157 52 cities
350 3695 63 51 of
445 3696 96 52 the
575 3697 217 53 United
829 3698 186 54 States
1052 3701 112 51 and
1200 3701 253 67 Canada,
1489 3703 280 66 compiled
1805 3705 76 65 by
1918 3704 225 66 Special

155 3768 257 54 libraries
448 3772 352 69 association,
834 3775 362 54 Civic-social
1227 3796 201 50 group,
1465 3779 225 67 Special
1723 3781 317 52 committee
2072 3799 71 34 on

155 3846 312 68 municipal
511 3850 342 53 documents.
932 3852 137 53 New
1113 3854 179 66 York,
1335 3855 225 67 Special
1603 3857 260 53 libraries
152 3858 1966 131 association,
324 3926 151 51 1932.

229 3995 56 40 71
313 4006 45 39 p.
417 3995 116 43 23ᶜᵐ.
