2563 4368
1127 4151 132 50 1903

186 537 176 64 Roth,
395 536 169 64 Cecil,
598 539 169 50 1899-

255 615 56 53 A
351 613 221 54 history
613 612 63 53 of
713 612 95 53 the
847 627 312 49 marranos,
1197 608 76 68 by
1313 608 153 55 Cecil
1507 608 170 52 Roth.
1751 605 424 70 Philadelphia,

190 692 118 53 The
332 689 214 57 Jewish
574 687 351 70 publication
952 688 210 66 society
1186 685 65 53 of
1274 685 283 67 America,
1584 688 150 50 1932.

257 760 571 51 xii, 422 p. illus. 21 ᶜᵐ.
262 818 375 50 “Bibliography
660 818 52 40 of
733 827 129 31 some
887 817 51 40 of
962 818 81 39 the
1065 824 130 31 more
1221 813 266 49 important
1509 813 161 41 works
1693 811 147 43 used”:
1895 823 42 38 p.
1960 813 217 41 401-407.

192 889 52 52 ©
273 892 110 39 Dec.
412 891 57 39 12,
510 889 113 41 1932;
680 890 68 39 2c.
779 889 111 39 Dec.
918 889 56 38 15;
1033 887 81 39 aff.
1144 888 111 39 Dec.
1286 886 56 39 16;
1400 887 39 37 A
1468 884 169 47 57498;
1671 883 181 42 Jewish
1882 883 299 49 publication

261 958 92 31 soc.
380 948 52 39 of
458 946 234 41 America.
765 945 219 48 (33-580)

192 1050 295 65 Rydbeck,
514 1049 300 54 Theodore
842 1049 245 63 Luther,
1119 1053 171 49 1895-

292 1130 105 52 “We
423 1130 143 50 have
595 1124 181 56 found
802 1125 207 55 Him”:
1039 1145 64 33 or
1130 1125 120 52 The
1275 1122 224 71 finding
1526 1124 111 53 and
1664 1124 95 52 the
1786 1122 186 69 living
1997 1123 65 53 of
2086 1123 97 54 the

191 1206 103 54 life
322 1206 125 53 that
475 1206 47 52 is
550 1205 100 52 hid
679 1203 139 54 with
849 1203 194 54 Christ
1073 1204 60 50 in
1161 1201 145 68 God,
1332 1202 76 67 by
1435 1202 94 51 the
1556 1201 138 52 Rev.
1724 1201 64 51 T.
1817 1201 64 51 L.
1910 1200 273 68 Rydbeck

253 1279 1378 72 … Chicago, Ill. [Lundquist-Foyer co.] 1932.
265 1355 243 51 79 p. 20 ᶜᵐ.
198 1425 51 52 ©
275 1427 117 40 Nov.
421 1428 54 37 19,
515 1427 112 39 1932;
682 1428 67 38 2c.
778 1425 94 39 and
900 1424 81 39 aff.
1009 1424 117 39 Nov.
1153 1424 57 38 29;
1265 1425 41 37 A
1334 1423 142 39 58144;
1533 1424 51 39 T.
1612 1425 52 38 L.
1693 1422 240 49 Rydbeck,
1963 1422 222 47 Chicago.

275 1484 195 48 (33-435)

197 1584 344 67 Schryvers,
571 1586 237 63 Joseph,
842 1590 170 49 1876-

267 1662 123 56 Our
414 1663 210 53 Divine
648 1661 244 69 Friend;
918 1660 365 55 meditations
1312 1679 72 35 on
1412 1660 192 55 divine
1631 1662 143 67 love,
1799 1662 266 68 readings
2091 1661 95 53 for

196 1737 1987 74 a retreat and for all times, by Rev. Joseph Schryvers … Rev.
197 1818 245 71 English
476 1819 83 53 ed.
595 1817 75 69 by
703 1819 136 54 Rev.
876 1819 156 53 John
1068 1820 63 51 F.
1170 1816 143 56 Coll.
1390 1816 82 55 St.
1508 1817 191 68 Louis,
1736 1818 133 68 Mo.,
195 1819 1965 133 Redemptorist

392 1895 427 69 fathers [ ᶜ1 932]
265 1969 100 48 viii,
397 1969 87 40 424
515 1981 42 37 p.
618 1969 56 39 14½ᶜᵐ.

201 2039 51 52 ©
279 2042 117 40 Nov.
423 2041 28 39 9,
491 2041 113 40 1932;
660 2041 66 38 2c.
756 2041 94 39 and
878 2040 81 39 aff.
987 2041 118 38 Nov.
1136 2041 52 37 12;
1248 2040 39 39 A
1316 2040 139 40 58081;
1517 2039 358 50 Redemptorist
1904 2040 204 41 fathers.

277 2097 221 49 (33-589)

198 2201 193 63 Sears,
425 2202 317 63 Laurence,
778 2206 170 48 1896-

267 2276 469 70 Responsibility,
787 2276 71 53 its
911 2276 392 68 development
1356 2277 248 68 through
1658 2277 369 68 punishment
2076 2279 114 53 and

199 2354 237 69 reward,
466 2353 76 69 by
572 2352 288 56 Laurence
897 2353 183 55 Sears.
1151 2353 138 53 New
1323 2353 179 69 York,
1537 2352 300 57 Columbia
1873 2355 318 70 university

198 2449 174 51 press,
405 2434 151 50 1932.

268 2502 772 53 ix p., 2 l., [3]-198 p., 1 l. 21ᶜᵐ.
273 2559 168 42 Issued
471 2560 101 40 also
602 2571 54 29 as
683 2559 152 42 thesis
874 2562 106 45 (PH.
1041 2561 34 47 D.)
1114 2559 250 43 Columbia
1393 2560 284 48 university.

275 2615 372 48 Bibliography:
678 2627 44 36 p.
769 2615 234 51 [193]-195.

205 2682 53 52 ©
286 2686 103 41 Oct.
416 2688 28 38 5,
484 2686 116 40 1932;
655 2687 69 40 2c.
754 2686 99 41 Oct.
886 2689 26 37 7;
970 2686 81 40 aff.
1082 2687 102 41 Oct.
1215 2689 53 38 11;
1328 2688 42 38 A
1399 2688 143 40 55525;
1603 2688 249 41 Columbia
1885 2690 128 39 univ.
2042 2701 151 37 press.

283 2742 221 48 (33-741)

203 2845 192 65 Secor,
427 2846 199 55 Alson.

273 2921 262 55 Random
574 2922 273 69 thoughts
885 2924 60 52 in
983 2925 139 52 rime
1184 2924 91 69 [by]
1320 2926 181 52 Alson
1541 2927 185 54 Secor.
1801 2928 114 51 Des
1953 2929 237 66 Moines,

239 3018 66 49 Ia.,
339 3004 147 50 1932.

275 3072 488 48 1 p. l., 5-40 p. 21½ ᶜᵐ.
208 3131 52 52 ©
300 3135 111 40 Dec.
449 3135 55 40 19,
557 3136 140 46 1932;
737 3138 67 39 2c.
845 3136 111 40 Dec.
995 3138 82 45 27;
1119 3138 80 39 aff.
1240 3138 111 41 Dec.
1391 3140 54 38 23;
1516 3141 40 37 A
1594 3140 144 40 57618;
1806 3140 54 39 A.
1903 3141 154 40 Secor.
2098 3143 96 37 Des

277 3191 197 40 Moines.
545 3193 220 47 (33-448)

204 3291 378 68 Shoemaker,
612 3295 234 54 Samuel
874 3297 182 63 Moor,
1090 3303 170 49 1893-

273 3370 119 55 The
423 3371 329 53 conversion
781 3372 64 52 of
873 3373 95 53 the
999 3374 227 56 church,
1254 3374 76 69 by
1361 3374 228 55 Samuel
1618 3376 79 52 M.
1731 3374 361 72 Shoemaker,
2121 3378 68 67 jr.

265 3445 1738 77 … New York [etc.] Fleming H. Revell company [ ᶜ1 932]
275 3520 274 49 125 p. 20 ᶜᵐ.
209 3571 51 53 ©
293 3576 116 40 Nov.
443 3577 56 39 12,
546 3578 112 40 1932;
718 3578 68 41 2c.
819 3580 95 38 and
947 3580 82 39 aff.
1064 3580 112 40 Dec.
1208 3580 53 48 9;
1298 3582 40 37 A
1371 3580 143 42 57396;
1578 3582 220 49 Fleming
1830 3585 59 37 H.
1927 3584 165 39 Revell
2127 3596 68 30 co.

285 3631 219 49 (33-438)

205 3729 214 68 Smith,
450 3734 189 54 David
669 3735 303 68 Tillerson,
1006 3743 169 50 1898-

277 3808 141 53 Oral
453 3809 342 68 spirochetes
835 3814 112 52 and
983 3815 215 52 related
1238 3818 315 66 organisms
1590 3819 60 52 in
1688 3817 499 70 fuso-spirochetal

205 3879 1983 83 disease, by David T. Smith … Baltimore, The Williams &
203 3961 249 56 Wilkins
483 3982 294 51 company,
808 3971 150 49 1932.

278 4034 83 47 xii,
390 4034 84 41 243
503 4047 43 37 p.
607 4038 126 40 illus.,
779 4040 153 49 diagr.
992 4039 56 40 23ᶜᵐ.
