2563 4368
1086 4009 98 50 903

146 397 619 67 Gonz á lez, Juli á n S.
274 472 1853 70 … Almas rebeldes, novela mexicana. 2. ed. Hollywood,
143 551 191 69 Calif.,
361 551 171 52 Latin
560 550 305 53 American
893 549 335 71 publishing
1253 568 98 51 co.,
1380 553 150 51 1932.

208 623 361 49 318 p. 19½ ᶜᵐ .
147 692 51 51 ©
226 697 118 38 Mar.
372 695 68 47 15,
467 693 113 42 1932;
635 695 68 41 2c.
730 696 113 46 May
870 695 55 39 14;
980 694 81 41 aff.
1090 696 113 46 May
1230 695 55 40 13;
1343 694 41 39 A
1409 694 143 41 51747;
1609 695 43 40 J.
1682 694 45 41 S.
1757 694 249 48 Gonzalez,
2035 694 93 40 Los

212 747 217 51 Angeles.
499 750 280 49 (32-15425)

143 852 287 66 Gunther,
462 853 175 57 John.

210 930 120 52 The
368 930 195 67 bright
600 930 253 68 nemesis,
892 931 74 67 by
1003 931 156 54 John
1199 931 278 54 Gunther.
1552 929 415 69 Indianapolis,
2006 931 121 53 The

140 1006 971 70 Bobbs-Merrill company [ ᶜ1 932]
210 1079 87 41 309
323 1090 43 39 p.
425 1078 147 42 19½ᶜᵐ.

211 1135 162 43 “First
401 1135 227 43 edition.”

145 1203 51 52 ©
231 1208 123 40 June
389 1209 68 48 15,
491 1207 140 48 1932;
667 1208 68 41 2c.
771 1210 94 39 and
900 1208 82 41 aff.
1017 1209 129 40 June
1176 1208 82 48 20;
1294 1210 40 38 A
1369 1207 170 48 52705;
1577 1208 45 41 J.
1658 1208 233 48 Gunther,
1928 1206 198 49 Vienna,

211 1265 214 40 Austria.
497 1265 278 48 (32-15760)

142 1367 217 66 Haber,
385 1368 144 53 Tom
556 1369 216 56 Burns.

209 1444 140 54 Two
381 1446 277 53 centuries
690 1446 66 52 of
787 1447 323 66 anecdotes;
1146 1446 174 68 being
1350 1465 32 34 a
1415 1446 294 53 collection
1744 1445 65 54 of
1842 1451 111 47 two
140 1445 1966 132 hundred

319 1524 305 53 humorous
663 1524 199 54 stories
902 1524 65 53 of
1004 1525 94 52 the
1139 1529 162 63 great
1340 1525 113 52 and
1493 1530 342 61 near-great,
1874 1524 74 67 by
1988 1524 143 52 Tom

141 1601 1989 70 Bums Haber … Boston, The Christopher publishing house
216 1683 118 65 [ ᶜ1 932]
206 1754 520 49 245 p. illus. 21 ᶜᵐ .
145 1820 51 52 ©
228 1826 113 46 May
369 1825 69 48 26,
469 1824 141 48 1932;
641 1825 69 42 2c.
740 1826 128 39 June
895 1826 84 47 13;
1011 1825 82 42 aff.
1125 1826 125 39 June
1281 1826 83 47 14;
1397 1826 40 38 A
1469 1824 168 48 51752;
1674 1824 315 48 Christopher
2018 1823 109 48 pub.

211 1881 162 41 house.
443 1881 279 50 (32-15604)

140 1984 273 54 Harvard
444 1983 353 65 university.
869 1984 239 56 Semitic
1134 2003 270 36 museum.

210 2061 382 54 Excavations
623 2069 59 48 at
710 2062 147 55 Nuzi
889 2062 312 56 conducted
1231 2063 76 68 by
1335 2063 97 53 the
1463 2061 234 57 Semitic
1725 2079 254 36 museum
2011 2060 113 54 and

140 2140 96 53 the
259 2143 165 66 Fogg
447 2146 89 48 art
558 2159 254 35 museum
836 2142 64 52 of
923 2141 274 54 Harvard
1220 2140 334 69 university,
1577 2140 142 54 with
1741 2141 96 52 the
140 2157 1961 113 coöperation

294 2218 63 53 of
385 2219 95 51 the
512 2218 306 54 American
848 2220 192 52 school
1073 2220 62 52 of
1167 2219 243 53 oriental
1441 2220 259 52 research
1733 2224 58 47 at
1823 2218 303 69 Baghdad.

139 2312 52 36 V.
219 2299 48 49 2.
306 2296 120 52 The
457 2296 255 55 archives
743 2297 63 54 of
838 2296 420 56 Shilwateshub
1288 2315 103 36 son
1418 2296 64 55 of
1510 2297 97 53 the
1634 2296 159 69 king.
1869 2296 257 56 Selected

143 2373 1985 73 and copied by Robert H. Pfeiffer … Cambridge, Harvard
140 2453 317 69 university
478 2472 158 50 press;
689 2454 257 68 London,
968 2456 78 52 H.
1069 2454 265 68 Milford,
1358 2455 230 55 Oxford
1608 2455 320 70 university
1951 2474 175 50 press,

143 2535 148 51 1932.

312 2605 1818 54 xxv p., 1 l. xc numb. plates. 28ᶜᵐ. (Added t.-p.: Harvard Semitic
144 2663 435 48 series … v. ix)
148 2716 51 52 ©
231 2721 124 39 June
385 2719 68 48 30,
485 2719 112 41 1932;
658 2720 68 40 2c.
757 2721 95 38 and
882 2719 82 41 aff.
996 2720 115 47 July
1143 2720 26 39 5;
1229 2720 40 38 A
1301 2718 141 41 52901;
1505 2719 255 41 President
1791 2725 36 40 &
1857 2720 189 41 fellows
2079 2721 52 39 of

215 2777 228 39 Harvard
471 2778 191 45 college,
693 2775 300 49 Cambridge,
1023 2777 145 39 Mass.

147 2879 238 65 Hewitt,
416 2879 268 56 Mildred.

212 2956 120 53 The
363 2957 210 52 church
605 2957 189 52 school
827 2975 180 35 comes
1040 2962 57 47 to
1130 2956 122 68 life,
1284 2957 75 67 by
1390 2957 252 53 Mildred
1677 2957 236 54 Hewitt.
1989 2958 138 53 New

147 3033 173 67 York,
346 3036 120 51 The
491 3033 333 53 Macmillan
849 3052 295 49 company,
1171 3038 149 51 1932.

212 3105 1218 49 xiv p., 1 l., 341 p. incl. diagrs., forms. 19½ ᶜᵐ .
216 3162 372 48 Bibliography:
623 3174 42 37 p.
697 3162 229 48 311-324;
960 3162 217 43 328-333.

153 3213 50 52 ©
233 3220 121 38 June
381 3221 40 45 7,
449 3218 113 42 1932;
617 3220 66 41 2c.
713 3221 95 39 and
837 3220 82 43 aff.
948 3220 125 40 June
1100 3220 52 47 8;
1183 3221 41 38 A
1251 3220 169 47 52341;
1453 3220 281 40 Macmillan
1762 3231 67 29 co.

229 3275 275 48 (32-15325)

148 3376 243 67 Hobart,
417 3379 207 54 Jennie
659 3379 259 67 (Tuttle)
953 3380 173 53 “Mrs.
1153 3379 215 55 Garret
1393 3379 72 56 A.
1491 3379 287 55 Hobart.”

221 3453 314 70 Memories,
576 3457 74 67 by
694 3457 138 53 Mrs.
879 3455 210 56 Garret
1131 3456 71 54 A.
1248 3456 242 53 Hobart.
1579 3457 311 66 [Paterson,
1936 3455 67 53 N.
2052 3455 55 53 J.]

151 3531 154 53 Priv.
336 3533 190 67 print.,
557 3537 148 51 1930.

219 3605 1091 53 4 p. l., 3-89, [1] p. front., ports. 23½ ᶜᵐ .
223 3661 180 40 “Three
446 3663 217 42 hundred
709 3665 157 46 copies
911 3666 191 47 printed
1147 3665 61 48 by
1254 3665 216 41 William
1514 3664 172 41 Edwin
1731 3663 181 46 Rudge,
1961 3662 171 40 Mount

153 3716 201 48 Vernon,
381 3718 54 39 N.
462 3720 67 47 Y.,
558 3721 148 48 April,
736 3720 155 42 1930.”

224 3771 1891 54 “Fragmentary memories … of the life … in Washington.”—3d prelim.
152 3828 112 42 leaf.

157 3880 51 52 ©
235 3886 112 47 Apr.
371 3886 70 47 30,
467 3887 114 40 1930;
632 3888 67 40 2c.
726 3891 113 46 May
864 3891 69 47 31,
961 3889 113 41 1932;
1131 3890 81 40 aff.
1241 3891 127 39 June
1393 3891 56 39 14;
1505 3890 41 39 A
1573 3889 143 40 52584;
1773 3889 43 41 J.
1845 3888 51 38 T.
1926 3885 203 44 Hobart,

223 3942 247 48 Paterson,
496 3944 55 41 N.
580 3945 42 40 J.
691 3946 278 48 (32-15507)
