2563 4368
1393 4074 105 51 466

451 424 167 53 Bank
648 424 63 53 of
740 423 358 54 Manhattan
1127 425 161 51 trust
1318 438 306 48 company,
1651 423 141 52 New
1823 421 178 54 York.

516 500 283 69 Chapters
835 501 63 52 in
933 500 254 54 business
1224 500 112 53 and
1373 498 248 54 finance:
1657 503 373 63 government
2066 497 245 66 finance;
2349 498 97 53 the

447 583 158 49 taxes
640 597 80 34 we
756 596 142 49 pay;
935 578 95 53 the
1064 582 397 62 management
1497 577 63 53 of
1593 594 232 50 money;
1863 595 33 34 a
1929 575 254 54 business
2215 575 62 53 in
2311 576 135 67 long

449 657 298 52 distances.
830 656 139 51 New
1017 654 179 67 York,
1243 654 168 53 Bank
1455 654 63 54 of
1564 653 347 54 Manhattan
1955 658 151 48 trust
2151 671 297 49 company,

448 738 149 48 1931.

519 806 57 40 60
605 818 42 36 p.
681 805 110 40 incl.
820 804 151 42 front.
1030 803 147 42 23½ᶜᵐ.

524 859 1927 44 “The remarks of … those who delivered the lectures at the Junior
451 920 170 48 league
649 919 99 41 this
778 917 500 50 year.”—Foreword.

459 973 51 52 ©
548 978 120 39 Mar.
706 977 68 45 10,
811 975 138 46 1932;
987 976 64 38 2c.
1091 976 120 38 Mar.
1248 975 82 46 21;
1369 974 82 40 aff.
1489 975 121 44 Mar.
1647 975 82 45 22;
1769 975 40 38 A
1844 975 170 40 49238:
2055 975 139 39 Bank
2231 975 51 39 of
525 976 1908 98 Manhattan
729 1035 129 38 trust
885 1043 66 29 co.
1023 1032 250 47 (32-8784)

454 1106 210 67 Beard,
693 1106 245 57 Charles
967 1107 238 64 Austin,
1236 1106 171 56 1874-

521 1184 124 54 The
695 1184 220 69 history
967 1183 65 54 of
1081 1183 96 54 the
1226 1182 308 54 American
1587 1184 218 68 people.
1891 1183 74 53 2d
2018 1200 113 36 rev.
2187 1183 85 55 ed.
2361 1184 92 69 By

454 1262 237 55 Charles
722 1262 71 53 A.
828 1262 188 53 Beard
1050 1262 113 53 and
1195 1260 259 55 William
1489 1260 64 56 C.
1588 1261 247 70 Bagley;
1873 1261 141 53 with
2047 1280 32 35 a
2112 1262 235 69 chapter
2378 1280 75 36 on

454 1341 94 52 the
581 1340 368 69 Philippines
982 1339 75 69 by
1093 1338 257 55 Maximo
1387 1339 81 53 M.
1504 1339 235 68 Kalaw;
1781 1338 138 54 with
1961 1339 380 55 illustrations
2377 1339 77 70 by

452 1418 221 70 George
714 1418 79 52 M.
836 1418 297 53 Richards.
1214 1418 137 52 New
1393 1416 181 69 York,
1615 1418 123 52 The
1779 1417 334 54 Macmillan
2154 1436 300 52 company,

456 1499 149 51 1932.

564 1602 8 9 x.
602 1572 85 40 758
713 1582 40 37 p.
816 1573 86 38 col.
931 1571 147 39 front.
1108 1571 171 48 (port.)
1316 1571 143 46 illus.,
1487 1571 87 40 col.
1604 1572 169 47 plates,
1804 1582 150 37 maps.
2014 1570 146 43 20½ᶜᵐ.

531 1629 209 40 “Second
773 1628 185 40 revised
990 1627 181 41 edition
1205 1626 117 40 with
1353 1627 308 47 corrections,
1693 1627 184 47 March,
1908 1627 155 41 1932.”

530 1686 294 40 “Reference
855 1684 175 40 books":
1091 1695 40 38 p.
1168 1685 215 40 733-736.

460 1737 51 52 ©
541 1744 119 39 Mar.
689 1742 68 41 29.
787 1742 138 46 1932;
954 1743 65 40 2c.
1050 1743 91 40 and
1173 1742 80 39 aff.
1284 1743 121 40 Mar.
1433 1743 83 44 30;
1546 1742 39 39 A
1613 1741 170 46 50414;
1815 1742 280 41 Macmillan
2123 1753 66 31 co.
2253 1738 68 53 [©
2351 1750 103 32 new

528 1801 94 38 and
655 1799 183 40 revised
871 1799 240 48 material]
1184 1798 250 50 (32-8630)

455 1874 175 65 Beck,
660 1875 206 63 Henry
896 1874 303 56 Charlton.

527 1950 1865 70 Cakes to kill, a mystery novel, by Henry Charlton Beck …
455 2028 1338 70 New York, E. P. Dutton & co., inc. [ ᶜ1 932]
519 2103 86 41 317
626 2113 43 38 p.
729 2102 147 42 19½ᶜᵐ.

524 2159 72 42 On
625 2162 126 46 t.-p.:
784 2160 188 41 Dutton
999 2162 106 39 clue
1131 2163 228 46 mystery.

521 2216 163 40 “First
704 2216 227 41 edition.”

462 2267 51 52 ©
549 2273 112 47 Apr.
694 2273 39 41 1,
767 2272 139 46 1932;
941 2274 65 38 2c.
1042 2273 112 48 Apr.
1187 2273 52 45 2;
1275 2272 80 41 aff.
1391 2273 112 48 Apr.
1539 2273 51 45 5;
1627 2273 40 39 A
1699 2273 171 46 49408;
1909 2275 51 38 E.
2038 2306 7 8 P.
2082 2273 185 40 Dutton
2303 2274 35 39 &
2371 2282 82 38 co.,

526 2328 89 41 inc.
687 2329 250 46 (32-8910)

459 2402 249 66 Bernex,
737 2404 183 56 Jules.

587 2478 1861 71 … Ceux de la Trappe; enquete d’un journaliste. [Paris]
457 2555 66 54 E.
555 2556 389 54 Flammarion
980 2560 172 66 [1931]

525 2626 1302 53 244 p., 1 l., [2] p. incl. double pl. (music) 19ᶜᵐ.
526 2684 173 41 “Salve
730 2684 213 49 Regina”
987 2685 196 49 (double
1287 2684 14 48 pl.):
1370 2698 42 37 p.
1445 2686 232 51 [240-241]

462 2739 1934 54 © Oct. 22, 1931; 1c. Nov. 13; A—Foreign 14235; Ernest Flammarion.
539 2801 248 44 (32-8953)

455 2872 183 56 Bible.
711 2877 73 52 N.
819 2880 63 50 T.
961 2877 251 68 Gospels.
1291 2878 264 53 German.
1630 2878 361 54 Harmonies.
2064 2881 155 53 1931.

457 2952 1968 148 … Frohbotschaft Jesu Christi; Evangelienharmonie. München, Verlag “Ars sacra”, J. Müller [ ᶜ1 931]
524 3099 88 40 446
641 3110 43 38 p.
744 3101 170 47 plates,
947 3112 124 37 map.
1133 3102 145 41 14½ᶜᵐ.

524 3155 65 42 At
615 3157 123 40 head
767 3157 52 40 of
847 3157 134 41 title:
1011 3159 49 40 P.
1089 3159 71 40 dr.
1187 3158 220 42 Andreas
1436 3160 227 48 Eckardt,
1723 3193 9 9 O.
1792 3195 8 8 S.
1860 3193 8 8 B.

462 3211 1987 56 © Nov. 25, 1931; 1c. Feb. 25, 1932; A—Foreign 15919; Verlag ars sacra,
528 3273 138 39 Josef
698 3273 186 39 Müller.
957 3273 249 48 (32-8950)

456 3343 352 69 Bonbright,
836 3348 204 53 James
1067 3347 365 68 Cummings,
1465 3355 169 50 1891-

521 3422 122 54 The
677 3422 242 70 holding
955 3442 296 51 company,
1285 3427 75 53 its
1397 3428 192 67 public
1624 3427 363 69 significance
2024 3428 112 53 and
2172 3427 75 53 its
455 3443 1966 123 regulation,

684 3501 1700 70 by James C. Bonbright … and Gardiner C. Means …
454 3579 83 51 1st
566 3576 87 54 ed.
717 3577 138 53 New
888 3578 161 54 York
1080 3581 111 51 and
1223 3581 257 68 London,
1511 3582 429 54 McGraw-Hill
1973 3582 146 53 book
2150 3598 295 49 company,

449 3653 125 65 inc.,
609 3657 152 51 1932.

591 3756 9 16 xv,
631 3724 87 42 398
746 3737 44 38 p.
849 3726 180 50 diagrs.
1089 3726 86 51 23½
1178 3730 45 21 ᶜᵐ
1225 3759 10 10 .
1352 3727 130 50 $4.00

525 3779 164 43 “Suits
718 3782 213 50 alleging
959 3783 433 49 mismanagement
1423 3785 51 42 of
1505 3786 319 42 subsidiaries
1854 3786 60 48 by
1944 3785 201 50 holding
2173 3786 274 49 companies

453 3846 54 29 or
533 3840 173 45 parent
734 3840 288 47 companies,
1051 3841 61 47 by
1140 3840 217 42 Maurice
1387 3841 209 41 Mound”:
1656 3854 42 37 p.
1727 3842 216 41 343-384.

524 3892 248 43 “Selected
799 3895 85 42 list
912 3896 54 41 of
993 3895 272 43 references
1295 3909 59 29 on
1384 3898 82 40 the
1495 3898 200 48 holding
1723 3898 290 49 company”:
2043 3911 46 37 p.
2119 3898 215 41 385-389.

459 3946 51 53 ©
544 3953 120 38 Mar.
697 3952 67 46 18,
797 3952 138 47 1932;
969 3953 66 38 2c.
1070 3954 120 40 Mar.
1223 3954 80 47 22;
1339 3955 80 39 aff.
1456 3956 120 39 Mar.
1611 3956 81 46 23;
1728 3956 39 39 A
1800 3955 168 47 50275;
2003 3957 44 42 J.
2081 3956 48 40 C.
2164 3954 281 46 Bonbright,

523 4008 119 40 New
668 4008 143 41 York.
882 4008 250 49 (32-8783)
