2563 4368
1395 4007 100 51 150

424 406 252 65 Hacker,
703 404 181 56 Louis
909 405 80 56 M.

561 477 1801 69 … The United States since 1865, by Louis M. Hacker …
431 554 1995 74 and Benjamin B. Kendrick … New York, F. S. Crofts &
429 658 98 45 co.,
558 641 149 52 1932.

434 702 1976 114 xx, 775 p. maps (1 double) 23 ½ ᶜᵐ. (Crofts American history series)
502 836 377 50 Bibliography:
907 845 43 39 p.
978 833 218 43 737-762.

440 905 50 52 ©
519 909 109 41 Jan.
653 908 70 49 25,
751 907 113 41 1932;
919 906 68 39 2c.
1015 906 95 39 and
1137 904 81 44 aff.
1247 904 110 39 Feb.
1385 904 52 47 9;
1467 902 40 40 A
1533 902 171 49 48394;
1734 903 49 40 L.
1812 904 64 41 M.
1904 903 207 48 Hacker,
2140 903 116 41 New
2284 902 144 49 York,

508 968 95 38 and
632 964 259 48 Benjamin
920 964 55 38 B.
1004 961 260 49 Kendrick,
1297 961 313 47 Greensboro,
1641 960 56 40 N.
1729 959 47 41 C.
1848 959 251 50 (32-4100)

429 1067 274 66 Hambly,
734 1066 247 57 Charles
1005 1066 69 56 R.

508 1144 160 53 Hold
710 1161 144 51 your
896 1142 233 68 money!
1206 1141 58 52 A
1306 1140 242 53 sucker’s
1593 1139 323 68 handbook,
1960 1157 102 35 con
2107 1158 190 51 games
440 1158 1970 133 exposed

638 1217 1797 73 by Charles R. Hambly … Los Angeles, Calif., Monitor
440 1301 333 69 publishing
805 1316 280 52 company
1122 1301 172 65 [1932]

506 1374 278 50 109 p. 18 ᶜᵐ.
511 1446 132 41 Each
673 1444 176 41 “book”
880 1446 233 46 preceded
1141 1444 60 48 by
1229 1443 238 40 half-title
1495 1444 87 39 not
1608 1443 224 40 included
1861 1442 51 40 in
1941 1442 191 49 paging.

445 1512 50 52 ©
525 1517 111 39 Jan.
664 1516 69 48 10,
761 1514 114 41 1932;
932 1515 69 39 2c.
1030 1515 109 40 Jan.
1168 1514 55 39 25;
1282 1514 80 40 aff.
1393 1514 110 39 Jan.
1532 1512 56 40 29;
1646 1514 41 38 A
1715 1512 143 41 48212;
1920 1512 49 45 C.
2000 1514 55 41 R.
2086 1514 224 48 Hambly,
2342 1514 93 41 Los

511 1573 219 48 Angeles.
800 1571 250 49 (32-4133)

434 1678 221 63 Henry,
684 1676 254 55 William
968 1676 58 56 S.

510 1751 118 56 Out
678 1750 64 54 of
789 1750 270 69 wedlock,
1105 1750 77 69 by
1228 1750 263 55 William
1542 1749 58 57 S.
1650 1750 221 69 Henry.
1957 1752 235 68 Boston,
2242 1752 69 53 R.
2363 1750 70 57 G.

439 1830 464 68 Badger [ ᶜ1 931]
507 1901 408 50 7, 5-220 p. 20 ᶜᵐ.
448 1969 50 52 ©
532 1974 112 41 Dec.
675 1974 68 47 17,
776 1972 113 41 1931;
951 1973 67 39 2c.
1054 1971 109 40 Feb.
1197 1971 68 50 12,
1299 1969 113 42 1932;
1476 1970 82 45 aff.
1592 1971 112 41 Feb.
1737 1971 59 40 10;
1854 1972 43 39 A
1925 1972 148 41 47586;
2133 1972 216 41 Richard
2383 1973 53 42 G.

515 2031 204 47 Badger.
790 2028 251 51 (32-3903)

439 2133 240 65 Herbet,
713 2136 194 64 pseud.

512 2210 80 51 Le
622 2210 113 51 bon
765 2209 282 65 médecin;
1081 2208 261 68 hygiène,
1375 2208 301 68 médecine,
1710 2209 151 51 soins
1896 2209 316 68 d’urgence,
2247 2227 105 50 par
2388 2211 48 51 le

444 2285 1968 70 docteur Herbet [ pseud .] 195 gravures. Paris, Larousse [ ᶜ1 931]
513 2360 466 49 448 p. illus. 18 ᶜᵐ.
447 2426 1975 101 CONTENTS .—1. ptie. Hygiène corporelle.—2. ptie. Les principales maladies.—3.
696 2483 119 53 ptie.
843 2486 144 42 Soins
1011 2497 99 30 aux
1136 2489 217 39 malades
1381 2489 48 39 et
1456 2498 99 31 aux
1581 2486 193 42 blessés.

451 2553 1989 54 © Oct. 31, 1931; 1c. Dec. 28; A— Foreign 15017; Augé, Gillon, Hollier-
520 2614 251 48 Larousse,
808 2615 201 38 Moreau
1041 2614 37 39 &
1111 2614 81 40 cie.
1240 2612 264 50 (Librairie
1536 2615 265 47 Larousse)
1879 2613 250 50 (32-4431)

441 2715 319 66 Hermelin,
791 2717 236 54 Samuel
1058 2716 239 64 Gustaf,
1325 2719 266 63 friherre,
1624 2718 323 54 1744-1820.

515 2790 219 69 Report
771 2791 173 53 about
981 2792 96 53 the
1112 2791 179 53 mines
1330 2792 60 52 in
1429 2792 96 53 the
1560 2792 221 54 United
1824 2790 188 56 States
2052 2792 64 53 of
2154 2793 283 68 America,

449 2866 151 69 1783,
626 2869 74 68 by
731 2867 230 56 Samuel
988 2867 215 56 Gustaf
1230 2868 329 69 Hermelin;
1591 2869 317 54 translated
1938 2869 154 54 from
2120 2871 97 52 the
447 2868 1965 130 Swedish

561 2945 141 53 with
728 2945 390 54 introduction
1146 2946 113 53 and
1285 2950 158 49 notes
1471 2947 76 68 by
1573 2947 298 53 Amandus
1899 2946 276 55 Johnson.
448 2947 1965 143 Philadelphia,

726 3023 121 53 The
875 3023 157 54 John
1061 3023 233 53 Morton
1322 3023 296 53 memorial
1647 3042 272 51 museum,
1952 3026 150 52 1931.

516 3095 556 47 82 p. incl. front. 23½ ᶜᵐ.
519 3151 146 40 “This
688 3152 123 39 book
836 3153 90 38 has
949 3152 120 39 been
1094 3151 254 48 published
1375 3151 51 39 in
1451 3150 84 42 303
1563 3152 262 41 numbered
1852 3152 159 48 copies
2051 3153 105 48 (the
2184 3155 113 46 type
2323 3154 115 40 then

448 3207 340 48 distributed),
817 3209 52 38 of
895 3209 159 40 which
1083 3208 99 40 this
1208 3208 42 40 is
1278 3219 75 29 no.
1381 3207 98 40 38.”

519 3263 130 41 “The
678 3264 295 40 translation
1002 3265 90 39 has
1123 3266 240 45 appeared
1394 3263 199 48 serially
1623 3265 49 39 in
1704 3265 82 41 the
1820 3264 494 42 Swedish-American
449 3265 1973 95 historical

649 3319 441 42 bulletin.”—Pref.

522 3375 129 41 “The
681 3376 296 40 translation
1009 3377 91 39 has
1130 3377 119 39 been
1280 3378 140 38 made
1452 3376 126 39 from
1612 3387 63 29 an
1709 3377 78 40 old
1821 3385 130 39 copy,
1986 3379 231 39 executed
2252 3379 186 38 several

450 3441 141 36 years
631 3442 89 37 ago
759 3432 128 40 from
926 3433 82 40 the
1046 3432 208 48 original
1293 3433 50 38 in
1384 3433 82 39 the
1507 3432 155 47 Royal
1702 3433 221 40 archives
1966 3435 50 38 at
2059 3432 381 42 Stockholm.”—

451 3488 181 42 Introd.

459 3555 50 52 ©
541 3560 111 39 Dec.
684 3559 69 49 28,
785 3558 113 42 1931;
958 3559 68 41 2c.
1058 3560 110 41 Jan.
1200 3561 68 47 15,
1300 3558 113 42 1932;
1475 3559 82 42 aff.
1589 3561 109 41 Jan.
1731 3560 56 41 28;
1847 3561 43 39 A
1918 3560 143 42 48189;
2122 3561 54 42 A.
2209 3561 232 49 Johnson,

526 3615 353 48 Philadelphia.
949 3616 250 51 (32-3975)

454 3715 334 66 Hollander,
813 3716 271 54 Walther
1109 3717 193 64 Georg
1327 3717 282 54 Heinrich
1635 3733 131 49 von,
1796 3722 170 51 1892-

582 3791 1854 71 … Komödie der liebe; eine beinah tragische ehegeschichte.
454 3867 1567 72 Stuttgart, Berlin, Deutsche verlags-anstalt [ ᶜ1 931]
520 3939 377 53 217, [1] p. 19 ᶜᵐ.
