2563 4368
1403 4007 102 49 250

463 421 238 63 Leeper,
730 420 242 55 Robert.

594 493 1858 69 … The reliability and validity of maze experiments with
463 572 170 52 white
667 577 145 61 rats;
850 571 150 53 from
1036 572 93 51 the
1166 571 418 68 psychological
1619 569 368 55 laboratories
2024 571 63 52 of
2122 570 174 55 Clark

464 572 1967 220 university; by Robert Leeper … Worcester, Mass., Clark university, ᶜ193 2.
530 795 1874 50 p. 137-245. illus., diagrs. 24½ ᶜᵐ . (Genetic psychology monographs …
541 851 291 49 vol. XI , no. 3)
531 908 349 43 “References”:
944 919 42 38 p.
1021 908 216 42 240-242.

468 978 51 51 ©
554 982 109 39 Feb.
696 981 39 48 9,
770 981 139 42 1932;
945 981 65 39 2c.
1046 981 110 40 Feb.
1191 980 80 47 12;
1308 979 82 42 aff.
1425 979 109 40 Feb.
1568 978 82 49 19;
1687 980 40 38 A
1758 980 171 47 48576;
1968 980 146 40 Clark
2148 980 144 47 univ.,
535 980 1906 105 Worcester,

734 1039 145 38 Mass.
952 1037 250 49 (32-5853)

464 1141 214 65 Lodge,
705 1142 99 52 Sir
830 1140 200 55 Oliver
1054 1140 239 65 Joseph,
1325 1145 171 50 1851-

531 1214 1924 71 Past years; an autobiography, by Sir Oliver Lodge … New
465 1295 175 68 York,
675 1294 61 55 C.
775 1292 310 55 Scribner’s
1118 1311 144 46 sons,
1299 1295 149 50 1932.

530 1364 1122 50 3 p. l. , 5-364 p. front., pl., ports. 23 ᶜᵐ .
467 1421 51 53 ©
550 1426 110 40 Feb.
692 1425 66 47 11,
791 1424 138 46 1932;
962 1426 65 38 2c.
1060 1424 108 39 Feb.
1200 1425 56 38 27;
1316 1422 80 41 aff.
1430 1423 107 39 Feb.
1568 1423 82 47 26;
1684 1424 39 38 A
1754 1424 170 41 47858;
1960 1423 200 43 Charles
2196 1422 263 42 Scribner’s

534 1493 124 29 sons.
730 1481 251 49 (32-5855)

463 1585 303 65 Marshall,
797 1584 238 65 Edison,
1068 1588 172 51 1894-

459 1660 1973 148 … The deputy at Snow mountain. New York, H. C. Kinsey &
652 1758 280 49 company,
975 1736 125 71 inc.,
1132 1742 148 51 1932.

532 1810 555 51 2 p. l. , 284 p. 19½ ᶜᵐ .
466 1866 52 52 ©
546 1872 120 39 Mar.
691 1871 40 40 4.
758 1869 139 42 1932;
925 1870 66 39 2c.
1019 1871 95 37 and
1141 1869 81 42 aff.
1251 1870 120 37 Mar.
1401 1868 49 47 5;
1479 1869 41 38 A
1545 1868 170 47 47964;
1746 1870 52 40 E.
1828 1869 251 47 Marshall,
2108 1868 235 49 Augusta,
2373 1869 84 41 Ga.

543 1926 250 47 (32-5863)

462 2030 443 64 Mergenthaler
931 2030 263 63 linotype
1224 2045 306 47 company.

532 2106 453 68 Contemporary
1017 2106 128 52 title
1176 2124 201 49 pages;
1416 2125 30 33 a
1480 2105 265 53 selection
1779 2107 63 52 of
1877 2107 373 67 outstanding
2283 2106 173 55 books

461 2186 299 66 composed
800 2203 72 34 on
910 2186 97 50 the
1045 2184 274 66 linotype,
1358 2183 299 67 including
1694 2189 347 61 twenty-one
2082 2183 64 52 of
2183 2185 97 51 the
2323 2187 131 49 1931

461 2261 168 69 “fifty
657 2260 175 54 books
861 2262 63 51 of
952 2262 96 51 the
1075 2260 184 68 year”.
1337 2258 311 69 Brooklyn,
1675 2260 70 53 N.
1776 2261 90 67 Y.,
1896 2260 426 68 Mergenthaler
460 2259 1972 149 linotype

655 2357 297 49 company,
981 2342 151 50 1932.

531 2409 965 51 xiii, 204 p., 1 l. incl. facsims. 16 ᶜᵐ .
466 2466 50 51 ©
550 2470 110 39 Feb.
694 2469 68 46 13,
795 2468 112 40 1932;
969 2468 67 40 2c.
1070 2469 94 38 and
1197 2467 80 40 aff.
1313 2468 108 39 Feb.
1454 2465 56 41 26;
1572 2467 41 38 A
1643 2467 143 39 48663;
1852 2467 359 47 Mergenthaler
2243 2466 216 50 linotype

533 2538 80 36 co.,
645 2526 259 46 Brooklyn.
976 2524 251 50 (32-5870)

462 2627 359 65 Mississippi
865 2629 113 52 and
1023 2629 286 54 Southern
1351 2633 256 62 reporter
1652 2626 201 68 digest.
1932 2631 132 49 1931
2109 2627 345 53 cumulative

534 2705 1744 69 annual pocket part for volume 30 … St. Paul, West
532 2706 1897 145 publishing co. [ᶜ193 2]
528 2857 343 48 26 p. 25½ ᶜᵐ .
530 2913 292 40 Cover-title.

535 2969 118 40 This
684 2970 246 46 pamphlet
961 2969 41 39 is
1036 2972 47 37 to
1115 2971 55 38 be
1201 2969 137 40 fitted
1371 2969 102 40 into
1505 2969 81 40 the
1617 2969 122 40 back
1771 2970 53 39 of
1854 2970 80 39 the
1967 2971 188 39 volume
2187 2970 52 39 of
2271 2969 80 41 the
2383 2974 74 38 set

462 3028 47 37 to
541 3025 158 40 which
731 3026 38 39 it
802 3026 207 47 belongs.

467 3077 52 52 ©
552 3082 109 41 Jan.
694 3082 68 47 27,
797 3080 139 48 1932;
972 3082 65 39 2c.
1073 3082 111 42 Feb.
1217 3082 51 46 8;
1304 3080 81 41 aff.
1421 3082 110 41 Feb.
1565 3081 81 47 10;
1683 3082 41 38 A
1754 3081 170 47 48416;
1962 3083 133 39 West
2129 3083 107 47 pub.
2272 3092 66 30 co.

457 3199 225 64 Morax,
710 3198 223 65 Victor,
965 3203 170 50 1866-

465 3275 1963 130 Precis d’ophtalmologie, par le dʳ V. Morax … 4. éd. refondue.
768 3352 1664 69 Avec 450 figures et un atlas ophtalmoscopique du d ʳ
462 3430 1127 68 Polack. Paris, Masson et c ⁱᵉ , 1931.
606 3504 1846 49 xx, 896 p., 4 l. illus., 4 col. pl. 19½ ᶜᵐ . ( On cover: Collection de
466 3560 154 47 précis
650 3560 254 40 médicaux
915 3561 14 47 )

469 3614 1902 51 © Nov. 21, 1931; 1c. Jan. 18, 1932; A— Foreign 15339; Masson & cie.
547 3673 247 46 (32-5151)

459 3774 155 63 Neff,
643 3774 220 63 Emery
890 3774 271 64 Edward,
1191 3779 170 50 1892-

527 3848 249 69 Carlyle,
804 3850 75 68 by
907 3851 213 66 Emery
1148 3850 147 53 Neff.
1361 3851 139 53 New
1531 3851 177 64 York,
1738 3852 89 53 W.
1856 3852 90 52 W.
1976 3851 222 53 Norton
2228 3854 45 50 &
458 3869 1965 124 company,

657 3928 337 66 inc. [ ᶜ 1932]
