2563 4368
1331 4060 99 58 1290

383 447 258 65 Tritsch,
667 446 287 65 Walther,
985 450 171 50 1892-

519 517 1858 73 … Erneuerung einer nation; die Deutschen und ihr Staat.
386 601 288 66 Potsdam,
710 600 68 51 A.
814 602 216 64 Protte,
1063 601 150 49 1931.

452 672 88 42 247
573 683 44 38 p.
679 671 58 41 18½ᶜᵐ.

391 728 1910 53 © May 1, 1931; 1c. July 21; A —Foreign 13006; Alfred Protte verlag.
470 787 278 51 (32-22971)

384 884 350 65 Utterback,
764 881 275 58 William.

456 962 122 52 The
616 961 204 54 second
859 960 267 68 triangle,
1163 960 75 67 by
1275 958 261 55 William
1574 957 345 68 Utterback;
1962 964 157 62 story
2158 957 64 54 of
386 976 1973 131 specially

386 1035 1973 150 created man mating with evolved human form. Boston, R. G. Badger [ ᶜ19 31]
455 1188 582 52 4 p. l., 11-98 p. 20 ᶜᵐ .
458 1249 150 39 Table
634 1258 61 30 on
721 1246 136 41 front
882 1245 337 48 lining-paper.

395 1301 53 53 ©
480 1306 111 39 Dec.
624 1305 70 47 18,
727 1303 113 41 1931;
902 1303 68 40 2c.
1006 1301 127 49 Sept.
1166 1302 40 46 6,
1240 1300 113 41 1932;
1417 1301 82 40 aff.
1531 1302 118 47 Aug.
1684 1300 58 41 29;
1802 1302 40 38 A
1876 1299 145 42 53948;
2082 1300 214 41 Richard
2332 1300 53 41 G.

463 1363 204 46 Badger.
738 1359 281 50 (32-22711)

388 1452 130 55 Van
548 1453 255 63 Deusen,
831 1450 269 65 Glyndon
1130 1449 269 65 Garlock,
1431 1450 170 54 1897-

462 1529 194 69 Sieyes;
724 1528 89 53 his
854 1527 105 54 life
1003 1528 112 52 and
1156 1527 90 53 his
1287 1524 385 69 nationalism,
1711 1525 76 68 by
1830 1523 273 70 Glyndon
2144 1522 69 57 G.
2256 1526 127 52 Van

388 1602 1971 148 Deusen, PH. D. New York, Columbia university press; London,
548 1686 65 52 P.
644 1684 55 56 S.
731 1685 163 67 King
919 1686 46 50 &
991 1702 118 43 son,
1138 1683 85 52 ltd.,
1290 1684 151 51 1932.

461 1752 1925 55 170 p. 23 ᶜᵐ. (Half-title; Studies in history, economics and public
390 1818 109 47 law,
541 1817 73 40 ed.
656 1816 61 47 by
761 1815 82 40 the
885 1814 206 47 Faculty
1133 1813 52 40 of
1225 1811 218 50 political
1486 1810 186 42 science
1713 1811 51 41 of
1807 1808 248 44 Columbia
2101 1808 284 50 university,

390 1885 76 30 no.
491 1872 110 48 362)

463 1930 171 40 Issued
659 1930 104 38 also
790 1938 55 29 as
872 1926 152 41 thesis
1052 1925 14 47 (PH.
1239 1924 14 48 D.)
1289 1924 252 42 Columbia
1567 1922 287 49 university.

462 1984 351 49 Bibliography;
867 1995 43 38 p.
937 1982 215 41 157-167.

400 2039 52 52 ©
483 2043 120 48 Aug.
633 2042 70 47 22,
735 2041 140 41 1932;
908 2040 66 40 2c.
1007 2040 95 40 and
1135 2038 81 40 aff.
1247 2038 119 47 Aug.
1399 2037 82 47 25;
1514 2038 41 38 A
1586 2037 170 46 54532;
1793 2036 250 41 Columbia
2076 2035 130 42 univ.
2238 2047 150 38 press.

477 2098 278 48 (32-22701)

392 2187 271 65 Wallace,
695 2188 219 63 Edgar,
948 2187 324 53 1875-1932.

391 2259 1970 148 Sergeant Sir Peter, by Edgar Wallace … London, Chapman & Hall, ltd. [1932]
465 2414 87 41 259
585 2425 44 38 p.
718 2412 28 41 19½ᶜᵐ.

469 2470 211 41 “Second
711 2469 301 49 impression,
1044 2469 140 46 June,
1216 2467 155 41 1932.”

404 2524 1968 107 © 1c. Aug. 24, 1932; A ad int. 16784; pubd. June 28; Ethel Violet Wallace, London. (32-22533)
396 2674 222 65 Walsh,
650 2675 118 52 Leo
799 2674 54 54 J.

467 2750 179 54 Dross
678 2750 239 67 refined;
954 2768 31 33 a
1020 2749 323 68 biography
1377 2768 73 34 on
1483 2750 96 51 the
1612 2748 104 54 life
1749 2748 64 52 of
1847 2747 350 70 “Fighting”
2230 2749 157 68 Billy

396 2825 1933 70 Matheson, ex-pugilist and ex-bartender, by Leo J. Walsh …
397 2904 1368 69 London, Ont., Hayden press, limited [ ᶜ19 32]
470 2976 769 52 4 p. l., 212 p. pl., ports. 20½ ᶜᵐ.
407 3033 1985 52 © 1c. Aug. 6, 19 32; A ad int. 16759; pubd. July 11; William Matheson
475 3094 96 38 and
600 3092 131 41 Celia
762 3092 51 41 F.
843 3092 54 40 B.
927 3091 267 48 Matheson,
1225 3091 211 47 London,
1467 3090 93 40 Ont.,
1622 3089 212 41 Canada.

485 3149 279 48 (32-23467)

401 3235 330 58 Wisconsin
777 3238 113 54 and
932 3237 187 54 North
1160 3243 238 50 western
1441 3237 204 70 digest,
1686 3236 268 71 covering
1996 3238 77 54 all
2113 3254 152 37 cases
473 3254 1893 131 reported
718 3315 58 53 in

818 3314 322 55 Wisconsin
1183 3319 240 64 reports,
1466 3315 188 56 North
1697 3318 240 50 western
1978 3319 256 63 reporter
2280 3314 107 53 and

474 3394 79 55 all
595 3392 65 55 of
703 3393 94 53 the
841 3393 172 52 north
1060 3397 238 50 western
1342 3397 172 49 states
1558 3398 224 62 reports
1828 3391 153 56 from
2026 3392 96 53 the
2169 3392 225 53 earliest

473 3470 182 67 times,
690 3470 141 52 with
867 3474 229 48 current
1128 3469 345 54 cumulative
1508 3469 204 69 pocket
1746 3469 212 54 service
1995 3468 246 70 keeping
2277 3469 116 53 this

475 3547 187 69 digest
699 3548 212 68 always
952 3552 58 48 to
1049 3547 147 53 date.
1273 3546 300 69 Compiled
1614 3548 114 53 and
1769 3546 189 54 edited
1998 3547 76 69 by
2114 3546 95 54 the
473 3546 1895 132 publisher’s
737 3625 266 54 editorial
1045 3622 152 55 staff,
1271 3644 51 34 v.
1371 3632 46 48 1.
1455 3625 544 71 Descriptive-word
2040 3625 188 53 index.
2308 3625 79 56 St.

474 3703 165 65 Paul,
664 3705 160 52 West
850 3702 335 72 publishing
1211 3722 78 36 co.
1324 3707 154 64 [1932]

478 3774 398 51 ix, 1870 p. 26 ᶜᵐ.
478 3824 227 47 Lettered
731 3840 61 32 on
817 3839 142 31 cover;
1014 3828 115 44 1839
1154 3830 50 40 to
1231 3829 126 45 date.

481 3884 134 48 “Key
641 3885 202 45 number
871 3886 194 46 system."

415 3936 1633 56 © July 27, 1932; 2c. and aff. Oct. 3, A 35430; West pub. co. (32-17191)
