2563 4368
1266 4080 134 54 1850

340 471 254 64 Calvert,
624 474 138 50 Mrs.
793 471 213 53 Maude
1044 468 350 67 (Richman)
1432 474 172 50 1892-

410 548 120 55 The
555 568 123 33 new
704 550 158 51 First
886 566 195 35 course
1103 549 61 51 in
1186 548 166 52 home
1376 546 263 70 making;
1667 548 211 53 lessons
1902 546 60 52 in
1986 547 164 52 home
342 545 1965 152 making

476 628 94 53 for
603 629 95 51 the
733 626 194 70 junior
962 629 163 51 home
1159 626 213 57 maker,
1405 625 75 67 by
1516 626 213 54 Maude
1762 625 282 54 Richman
2081 625 249 67 Calvert,

340 703 1965 134 assisted by Anna E. Richardson … illustrated by Mary Clemmitt.
563 783 260 67 Atlanta,
852 783 123 56 Ga.,
1008 784 207 65 Smith,
1244 783 331 53 Hammond
1605 787 46 50 &
1680 800 279 51 company
2067 784 119 65 [ᶜ1932]

409 871 102 48 xiii,
541 871 83 40 507
654 881 42 38 p.
753 872 127 39 ilius.
938 871 117 41 20ᶜᵐ.

410 929 224 39 Includes
667 927 392 49 bibliographies.

344 994 52 52 ©
427 998 102 41 Oct
559 999 39 46 1,
629 997 140 48 1932;
798 997 69 42 2c.
895 997 117 40 Nov.
1044 998 53 46 7;
1127 996 83 42 aff.
1241 997 110 40 Dec.
1381 996 82 47 12;
1496 996 40 39 A
1565 995 170 49 57425;
1770 997 63 40 M.
1864 996 55 40 R.
1952 996 210 49 Calvert,
410 996 1908 98 Oklahoma

588 1054 121 49 City,
746 1054 105 41 Old.
921 1053 279 49 (32-35327)

342 1175 354 64 Claremont,
729 1175 345 53 Francesca.

408 1250 250 69 Magical
709 1251 238 66 incense,
993 1250 76 68 by
1118 1251 312 52 Francesca
1481 1249 344 56 Claremont.
1898 1250 241 54 London
2210 1255 121 62 [etc.]

340 1329 215 56 Cassell
584 1329 113 54 and
728 1346 297 51 company,
1055 1327 100 54 ltd.
1213 1329 151 66 [1932]

408 1416 89 42 320
520 1428 43 38 p.
624 1415 145 42 19½ᶜᵐ.

346 1484 1990 55 © 1c. Nov. 23, 1932; A ad int. 17152; pubd. Oct. 6; F. Claremont,
412 1546 211 40 London.
694 1545 280 48 (32-35813)

343 1662 297 66 Clouston,
670 1663 219 65 Joseph
918 1665 222 63 Storer,
1172 1665 171 55 1870-

412 1742 120 53 The
569 1741 121 53 best
724 1747 158 63 story
919 1760 145 49 ever,
1100 1741 228 54 written
1364 1742 74 67 by
1475 1741 66 54 F.
1577 1741 258 54 Mandell
1871 1740 330 71 Essington,
2237 1758 100 54 per

341 1817 1996 70 J. Storer Clouston … Edinburgh and London, W. Blackwood
340 1899 45 50 &
413 1915 146 49 sons,
586 1897 122 66 ltd.,
738 1899 150 50 1932.

413 1984 60 47 vi,
501 1983 99 49 311,
631 1983 55 50 [1]
716 1994 42 37 p.
819 1982 116 42 19ᶜᵐ.

347 2051 1989 53 © 1c. Dec. 7, 1932; A ad int. 17188; pubd. Oct. 12; J. S. Clouston,
415 2111 191 48 Orphir,
640 2111 206 48 Orkney.
881 2111 234 48 England.
1187 2109 279 52 (32-35808)

344 2229 227 65 Collier,
600 2230 174 55 John.

413 2306 134 54 Just
585 2305 95 53 the
716 2305 163 54 other
916 2306 141 69 day;
1100 2324 72 34 an
1211 2303 275 56 informal
1525 2305 222 70 history
1786 2305 64 54 of
1889 2305 178 56 Great
2106 2307 230 55 Britain

343 2382 1994 71 since the war, by John Collier and Iain Lang … New York
343 2461 113 53 and
482 2460 257 69 London,
766 2460 233 69 Harper
1024 2461 45 50 &
1093 2460 278 69 brothers,
1399 2463 150 51 1932.

410 2548 70 39 xii
505 2558 58 38 p.,
591 2550 24 38 1
677 2582 9 15 l.,
713 2547 85 41 305
825 2557 43 38 p.
927 2547 162 47 front.,
1118 2547 170 48 plates,
1316 2549 148 46 ports.
1525 2547 145 42 22½ᶜᵐ.

413 2604 165 41 “First
607 2603 229 42 edition.”

348 2671 50 51 ©
434 2676 118 40 Nov.
586 2676 68 48 16,
690 2675 140 48 1932;
868 2676 65 40 2c.
969 2677 119 40 Nov.
1122 2677 82 46 15;
1241 2676 82 41 aff.
1357 2677 118 39 Nov.
1510 2676 82 48 30;
1630 2677 40 39 A
1705 2676 169 49 58219;
1911 2678 194 47 Harper
2140 2678 37 40 &
2211 2679 124 39 bros.

425 2732 278 49 (32-35345)

346 2839 186 66 Dietz,
566 2843 315 54 Frederick
914 2842 262 64 Charles,
1212 2849 170 50 1888-

474 2918 1861 72 … English public finance, 1558-1641, by Frederick C. Dietz
406 2996 1469 70 … New York, London, The Century co. [ ᶜ1 932 ]
412 3082 136 48 xviii,
578 3082 88 41 478
694 3093 43 38 p.
797 3083 146 40 22½ᶜᵐ.
1058 3081 131 50 $4.00

413 3139 65 41 At
506 3140 125 40 head
659 3139 53 41 of
741 3139 133 41 title:
906 3140 102 40 The
1035 3139 255 41 American
1321 3139 253 42 historical
1604 3139 308 43 association.

415 3195 146 41 “This
592 3197 190 38 volume
813 3195 42 41 is
886 3196 255 48 published
1172 3197 128 40 from
1331 3208 26 29 a
1389 3197 124 41 fund
1546 3196 305 42 contributed
1883 3199 50 39 to
1965 3197 83 41 the
2077 3197 255 42 American

345 3251 251 42 historical
624 3251 295 41 association
946 3253 61 47 by
1036 3254 83 39 the
1148 3252 235 49 Carnegie
1410 3252 306 49 corporation
1746 3253 52 40 of
1824 3254 118 40 New
1969 3253 175 41 York.”

413 3309 42 39 A
479 3307 335 41 continuation
840 3308 52 40 of
917 3310 83 39 the
1025 3308 217 41 author’s
1268 3307 200 49 English
1495 3311 313 47 government
1831 3310 200 47 finance,
2059 3308 273 44 1485-1558.

343 3364 61 48 cf.
431 3363 130 42 Pref.

414 3420 176 41 “Notes
615 3430 58 30 on
701 3421 83 40 the
808 3419 251 41 sources”;
1086 3431 44 38 p.
1156 3419 183 44 vii-xii.

348 3484 51 52 ©
437 3490 118 39 Nov.
592 3489 70 48 29,
700 3489 140 48 1932;
881 3490 66 40 2c.
987 3491 111 41 Dec.
1135 3491 53 47 2;
1230 3491 80 40 aff.
1351 3492 110 40 Dec.
1499 3493 53 46 3;
1593 3492 41 39 A
1673 3491 168 49 58207;
1884 3493 156 39 Amer.
2081 3491 251 42 historical

414 3555 141 39 assn.,
586 3546 331 48 Washington.
989 3547 277 48 (32-35332)

343 3648 321 66 Dorsenne,
693 3651 167 55 Jean.

477 3724 1739 69 … Faudra-t-il é vacuer l’Indochine? Paris, La Nouvelle
344 3746 1960 107 société
514 3801 273 55 d’édition
824 3807 192 65 [ᶜ1932]

416 3884 947 54 2 p. l. , [7]-254 p., 1 l. diagr. 19ᶜᵐ.
345 3950 1968 107 © July 5, 1932; 1c. Sept. 12; A—Foreign 18079; Nouvelle soci é t é d’édition,
597 4013 218 52 (33-284)
