2563 4368
1312 4035 101 50 908

459 559 903 48 6 p. l., [3]-58 p., 1 l. illus. 22 ᶜᵐ .
392 610 51 52 ©
475 615 118 40 Nov.
625 615 68 47 14,
726 614 140 48 1931;
899 617 67 39 2c.
999 618 94 37 and
1126 616 82 39 aff.
1241 617 116 39 Nov.
1390 616 56 40 20;
1508 618 40 38 A
1579 619 171 46 45116;
1786 620 343 47 Metropolitan
2163 629 217 33 museum

458 672 52 38 of
537 674 91 37 art.
693 668 67 54 [©
790 673 197 39 various
1016 673 208 48 changes
1253 673 50 38 in
1333 676 118 47 text]

385 761 145 54 New
559 761 182 54 York.
814 763 273 52 Museum
1117 762 63 54 of
1209 763 244 54 modern
1481 766 117 54 art.

451 839 221 54 Murals
726 839 76 68 by
855 839 309 54 American
1217 840 254 68 painters
1528 842 112 52 and
1698 842 471 68 photographers.
2243 844 139 54 New

383 917 1139 69 York, Museum of modern art [ ᶜ1 932]
449 991 899 51 1 p. l., 5-12, [49] p. illus. 25½ ᶜᵐ .
452 1049 143 41 “Two
622 1049 244 40 thousand
891 1049 160 48 copies
1078 1049 52 40 of
1156 1049 99 40 this
1282 1051 194 47 catalog
1500 1060 125 30 were
1654 1049 191 50 printed
1874 1050 79 41 for
1981 1052 81 40 the
2090 1054 210 40 trustees
2327 1053 54 41 of

380 1107 80 39 the
486 1107 222 39 Museum
734 1105 51 41 of
810 1107 198 39 modern
1033 1104 121 42 art.”

380 1162 1981 97 “The Advisory committee of the museum … organized the … exhibition.
558 1217 1819 51 Some sixty-five American painters and photographers … were
381 1274 1998 49 invited to submit examples of their work … the subject … to be some
378 1334 164 46 aspect
571 1330 52 42 of
652 1332 94 40 ‘the
774 1333 231 46 post-war
1034 1330 548 42 world’.”—Foreword.

387 1385 51 52 ©
472 1389 112 46 May
613 1388 41 47 2,
687 1388 113 40 1932;
861 1388 67 40 2c.
961 1389 96 39 and
1089 1387 82 42 aff.
1205 1389 112 47 May
1351 1389 25 39 5;
1437 1389 41 38 A
1509 1387 144 41 49850;
1717 1390 220 39 Museum
1970 1389 53 40 of
2052 1392 198 38 modern
2283 1391 94 41 art.

465 1445 278 49 (32-15602)

378 1528 145 52 New
551 1527 161 53 York
741 1528 378 67 supplement,
1147 1526 141 53 with
1314 1526 110 68 key
1451 1527 237 51 number
1716 1527 364 54 annotations.
2170 1547 52 34 v.
2251 1530 117 50 254.

448 1605 1923 69 Permanent ed. … January 12-February 23, 1932. St.
448 1686 165 66 Paul,
639 1685 160 53 West
827 1681 336 71 publishing
1191 1702 95 49 co.,
1317 1686 152 51 1932.

452 1757 661 48 Various pagings. 23½ ᶜᵐ .
385 1811 51 51 ©
469 1816 125 39 June
625 1815 38 48 8,
695 1813 140 49 1932;
866 1813 68 41 2c.
967 1814 115 47 July
1113 1815 81 45 11;
1228 1813 82 42 aff.
1344 1814 115 47 July
1490 1815 81 46 12;
1607 1815 40 38 A
1680 1815 169 46 54019;
1884 1816 134 39 West
2050 1815 109 48 pub.
2191 1826 67 29 co.

379 1899 228 64 Nichol,
641 1897 246 56 Francis
921 1897 208 66 David,
1167 1899 170 54 1897-

449 1974 267 54 Answers
748 1980 61 47 to
842 1974 338 68 objections;
1219 1991 72 34 an
1326 1973 387 52 examination
1747 1973 65 53 of
1845 1975 97 53 the
1974 1974 186 69 major
382 1973 1970 134 objections

562 2054 186 52 raised
782 2053 225 68 against
1041 2053 97 52 the
1169 2052 293 69 teachings
1498 2050 64 55 of
1597 2050 389 71 Seventh-day
2021 2052 356 69 Adventists,

380 2133 73 69 by
499 2132 238 53 Francis
783 2133 71 51 D.
902 2131 222 53 Nichol.
1199 2130 255 53 Takoma
1501 2130 174 68 Park,
1721 2130 401 70 Washington,
2169 2132 72 53 D.
2291 2131 83 70 C.,

379 2211 304 66 Peekskill,
729 2211 68 52 N.
847 2211 70 50 Y.
973 2215 137 61 [etc.]
1163 2209 229 53 Review
1439 2210 112 51 and
1599 2210 199 52 herald
1846 2209 334 69 publishing
2227 2228 145 36 assn.

382 2293 191 64 [ ᶜ1 932 ]
449 2362 587 50 1 p. l., 5-254 p. 20 ᶜᵐ .
383 2417 51 52 ©
471 2422 125 39 June
630 2421 40 48 2,
707 2418 112 42 1932;
883 2420 68 39 2c.
987 2420 125 39 June
1148 2420 25 39 3;
1240 2418 81 41 aff.
1358 2420 125 39 June
1518 2420 27 38 4;
1610 2419 44 40 A
1687 2419 142 40 51636;
1897 2419 194 40 Review
2129 2420 35 39 &
2200 2420 171 41 herald

448 2479 108 46 pub.
586 2486 127 31 assn.
785 2476 279 50 (32-15420)

374 2558 1990 70 North western reporter. v. 241. Permanent ed. … with key
443 2638 237 52 number
719 2636 378 53 annotations.
1172 2636 202 52 March
1411 2636 279 68 23-April
1726 2635 84 68 27,
1849 2639 151 51 1932.
2076 2636 84 56 St.
2198 2638 166 69 Paul,

443 2716 160 53 West
633 2714 336 70 publishing
997 2735 97 47 co.,
1127 2716 150 51 1932.

445 2788 457 49 xvi, 995 p. 26 ᶜᵐ .
381 2842 51 51 ©
458 2847 125 39 June
608 2847 67 46 17,
703 2844 112 41 1932;
870 2844 66 39 2c.
963 2845 114 47 July
1104 2846 54 37 11;
1213 2843 81 42 aff.
1321 2844 115 48 July
1462 2845 54 38 12;
1572 2845 39 38 A
1638 2844 142 41 54017;
1836 2845 133 39 West
1995 2845 279 48 publishing
2298 2856 67 32 co.

375 2928 270 64 Oertzen,
673 2926 145 54 Karl
846 2924 249 66 Ludwig
1120 2942 133 40 von.

442 3005 118 52 Der
592 3022 189 50 grosse
814 3004 180 67 krieg,
1029 3006 335 63 1914-1918;
1401 3001 122 54 eine
1557 3004 171 51 kurze
1800 3002 247 54 übersicht
2081 3004 99 52 der

374 3001 1985 148 militärischen ereignisse, von K. L. von Oertzen … mit 7 karten.
372 3159 982 69 Leipzig, P. Reclam jun. [ ᶜ 1930]
373 3227 1972 108 79, [1] p. illus. (maps) 16 ᶜᵐ . (On cover: Reclams universal bibliothek. nr. 7077)
379 3341 1873 53 © Sept. 5, 1930; 1c. Nov. 1; A —Foreign 10145; Philipp Reclam jun.
456 3403 278 48 (32-15614)

372 3477 344 54 Oklahoma.
790 3479 277 66 Supreme
1096 3481 174 50 court.

442 3551 1852 71 Oklahoma reports. v. 153- [ 154 ] Cases determined …
371 3632 678 66 November-December,
1077 3632 507 67 1931-[February,
1609 3633 151 63 1932]
1839 3630 257 53 Howard
2120 3630 235 67 Parker,

370 3713 145 50 state
551 3714 270 62 reporter.
898 3709 322 53 Oklahoma
1259 3709 151 67 City,
1446 3709 149 68 Okl.,
1630 3709 240 52 Harlow
1905 3708 333 68 publishing
2275 3725 78 35 co.

377 3789 191 64 [ ᶜ1 932 ]
444 3859 444 41 2 V. in l. 25½ ᶜᵐ .
378 3911 51 51 ©
465 3916 111 47 Apr.
613 3916 68 47 14,
718 3915 140 47 1932;
896 3916 67 40 2c.
1001 3916 94 39 and
1133 3915 81 39 aff.
1252 3916 116 47 July
1403 3916 81 47 14;
1523 3917 40 38 A
1599 3915 169 48 54109;
1811 3914 135 41 State
1983 3915 53 40 of
2073 3913 281 50 Oklahoma,

447 3971 267 40 Oklahoma
741 3972 121 48 City,
891 3971 102 41 Okl.
