2563 4368
1282 4086 136 50 1894

453 536 1885 50 x, 103 p., 1 l. 20 ᶜᵐ. (Half-title: The Forbes lectures of the New
348 596 130 40 York
507 596 163 41 school
698 595 53 40 of
779 595 148 40 social
956 595 159 48 work)

417 652 118 40 New
559 652 131 40 York
716 651 162 41 school
906 651 53 40 of
982 651 150 41 social
1159 651 134 41 work
1319 651 339 48 publications.

418 708 349 47 Bibliography:
825 720 43 36 p.
899 708 85 49 [97]

353 775 51 51 ©
439 779 118 41 Nov.
592 778 68 42 19.
697 778 113 41 1932;
874 778 66 40 2c.
977 779 115 39 Nov.
1129 779 54 38 21;
1248 779 81 39 aff.
1365 779 117 40 Nov.
1518 777 56 41 29;
1638 779 42 39 A
1716 778 142 41 57264;
1926 778 249 41 Columbia
2212 777 130 41 univ.

420 846 147 37 press.
634 834 221 49 (33-297)

348 937 197 66 Paine,
574 940 140 53 Mrs.
742 939 306 64 Margaret
1077 939 274 53 Fletcher
1387 939 218 64 (Kent)
1643 944 323 51 1835-1931.

421 1014 102 69 My
543 1014 332 69 ninety-five
899 1016 339 67 milestones,
1259 1016 75 67 by
1357 1017 295 66 Margaret
1675 1017 264 52 Fletcher
1963 1017 156 52 Kent
2143 1016 195 53 Paine.

351 1092 269 69 Chicago,
645 1094 113 66 Ill.,
784 1094 71 52 A.
885 1093 63 55 C.
975 1094 258 66 Murray,
1263 1097 151 49 1932.

423 1165 1515 51 3 p. l. , v-vi p., 1 l., 136, [10] p. front., pl., ports. 23½ᶜᵐ.
423 1221 334 42 Descendants
783 1223 51 41 of
859 1222 129 41 John
1012 1223 215 40 Graham:
1282 1222 55 41 10
1361 1234 45 37 p.
1431 1225 53 38 at
1509 1224 106 40 end.

420 1277 153 49 “Only
594 1290 87 30 one
703 1280 220 40 hundred
944 1281 95 38 and
1061 1279 295 47 twenty-five
1378 1280 159 48 copies
1560 1280 51 40 of
1631 1281 98 39 this
1752 1279 183 42 edition
1958 1291 125 30 were
2104 1281 236 48 printed.”

352 1336 118 40 This
496 1347 119 38 copy
640 1337 42 39 is
709 1338 84 39 not
818 1336 277 41 numbered.

354 1403 51 52 ©
435 1409 112 38 Dec.
576 1408 69 46 16,
675 1406 113 41 1932;
846 1406 68 41 2c.
944 1408 95 38 and
1068 1406 81 41 aff.
1180 1407 112 40 Dec.
1321 1405 55 40 19;
1435 1408 41 37 A
1506 1407 143 41 57538;
1708 1407 122 48 Amy
1862 1407 148 46 Leigh
2041 1406 162 42 Paine.
421 1407 1905 105 Chicago.
622 1463 220 49 (33-282)

349 1568 263 64 Parmer,
642 1567 247 56 Charles
913 1567 68 57 B.

418 1640 1921 71 After divorce? By Charles B. Parmer … New York, G. H.
350 1720 177 68 Watt,
564 1722 150 51 1932.

419 1790 594 50 viii p., 1 l., 276 p. 19½ᶜᵐ.
354 1861 51 51 ©
430 1865 113 48 Apr.
569 1865 68 48 28,
663 1863 112 41 1932;
831 1865 67 39 2c.
924 1864 111 40 Dec.
1060 1864 58 40 30;
1172 1863 80 41 aff.
1279 1864 111 40 Dec.
1416 1864 59 40 29;
1526 1865 42 38 A
1592 1863 146 42 58609;
1792 1865 52 40 G.
1873 1866 214 38 Howard
2113 1865 149 39 Watt.

432 1921 220 48 (33-148)

349 2023 170 54 Pearl
558 2023 248 67 (Middle
836 2024 247 67 English
1112 2026 193 66 poem)

419 2101 120 54 The
563 2102 170 52 Pearl;
789 2104 97 51 the
910 2103 327 52 fourteenth
1263 2108 235 61 century
1524 2102 244 68 English
1795 2121 164 48 poem
1984 2102 273 53 rendered
2282 2102 55 52 in

350 2180 234 52 modern
619 2198 156 33 verse
810 2180 140 52 with
986 2198 71 33 an
1091 2181 397 65 introductory
1524 2198 156 49 essay
1716 2180 75 66 by
1829 2180 235 66 Stanley
2100 2180 241 51 Perkins

351 2255 198 55 Chase.
624 2257 139 52 New
794 2257 179 66 York,
1006 2256 228 56 Oxford
1266 2256 318 69 university
1617 2276 172 49 press,
1824 2260 149 51 1932.

418 2329 548 48 lxiii, 110 p., 1 l. 19 ᶜᵐ.
439 2384 1902 50 Of this edition … one thousand copies have been printed on natural
353 2452 130 30 wove
518 2452 149 38 paper
702 2443 96 39 and
832 2442 112 48 fifty
978 2442 159 48 copies
1172 2453 59 30 on
1267 2443 273 39 handmade
1576 2453 148 38 paper
1759 2443 61 46 by
1856 2443 124 39 Fred
2018 2442 321 47 Anthoensen,

351 2500 80 39 the
463 2500 312 40 Southworth
804 2509 149 38 press,
982 2500 249 46 Portland,
1260 2499 206 41 Maine.”

420 2554 349 50 Bibliography:
827 2568 42 37 p.
917 2555 235 51 [105]-110.

357 2609 51 52 ©
438 2614 109 40 Dec.
578 2615 38 40 8.
646 2613 112 41 1932;
816 2614 66 40 2c.
911 2615 94 38 and
1034 2613 82 41 aff.
1145 2614 111 40 Dec.
1287 2613 57 40 19;
1400 2614 40 38 A
1470 2614 142 40 58485;
1673 2614 185 40 Oxford
1889 2614 130 42 univ.
2049 2623 148 40 press,
2227 2614 119 41 New

425 2670 144 49 York,
597 2670 90 40 inc.
754 2670 221 47 (33-455)

351 2769 160 68 Pike,
540 2771 254 54 Zebulon
823 2774 433 63 Montgomery,
1288 2774 323 55 1779-1813.

353 2848 1966 132 … Zebulon Pike’s Arkansaw journal: in search of the southern
502 2925 309 55 Louisiana
861 2928 276 65 purchase
1185 2927 298 68 boundary
1532 2927 114 55 line
1706 2926 376 68 (interpreted
2132 2926 74 67 by
2255 2924 89 53 his

353 3005 182 65 newly
566 3006 296 51 recovered
893 3003 216 68 maps).
1176 3003 230 56 Edited,
1435 3004 138 53 with
1603 3003 478 69 bibliographical
2112 3020 233 48 resume,

352 3080 1967 131 1800-1810, by Stephen Harding Hart and Archer Butler Hulbert …
642 3158 301 67 [Colorado
976 3157 261 69 Springs]
1273 3159 120 52 The
1426 3158 245 55 Stewart
1699 3157 357 54 commission
2086 3157 63 52 of
355 3157 1963 131 Colorado
527 3236 238 66 college;

809 3235 1388 68 [Denver] The Denver public library [ ᶜ1 932]
425 3308 122 47 xcvi,
574 3307 89 41 200
686 3319 43 37 p.
783 3308 134 40 front.
960 3307 172 49 (port.)
1168 3309 170 47 plates,
1365 3319 149 38 maps.
1569 3309 56 39 24½ᶜᵐ.
1780 3308 266 46 (Overland
2074 3308 48 40 to
2150 3309 80 39 the
355 3308 1969 97 Pacific.
531 3374 44 31 V.
603 3364 25 39 1
640 3363 14 48 )

426 3418 1917 43 Half-title: Couriers and crusaders … the Charles B. Voorhis series of
357 3477 241 40 Overland
636 3479 47 37 to
720 3477 81 39 the
837 3475 190 48 Pacific,
1064 3488 27 28 a
1127 3476 616 48 narrative-documentary
1779 3476 189 48 history
2002 3477 50 39 of
2088 3476 81 40 the
2205 3478 137 46 great

356 3533 174 47 epochs
565 3533 51 39 of
654 3533 81 39 the
770 3533 82 39 far
888 3533 147 46 West,
1073 3533 162 39 edited
1272 3534 61 46 by
1368 3533 184 40 Archer
1589 3534 170 38 Butler
1796 3532 222 41 Hulbert.

427 3590 100 38 The
556 3589 205 40 Journal
790 3589 42 39 is
861 3591 112 46 part
1002 3589 51 39 of
1082 3589 81 39 the
1191 3589 218 40 author’s
1439 3589 73 39 An
1541 3592 205 37 account
1772 3590 51 38 of
1852 3587 302 49 expeditions
2184 3591 47 36 to
2260 3588 84 40 the

357 3655 191 30 sources
576 3646 51 39 of
654 3646 80 39 the
761 3643 308 49 Mississippi.

704 3700 398 39 CONTENTS.—Introduction
1141 3703 46 36 to
1226 3699 241 41 Overland
1505 3704 47 36 to
1591 3702 80 38 the
1708 3700 189 46 Pacific,
1934 3700 61 47 by
2030 3701 81 39 the
2148 3703 194 43 general

358 3755 441 41 editor.—Zebulon
830 3757 61 39 M.
921 3756 132 47 Pike,
1084 3756 76 39 his
1188 3756 87 40 life
1305 3758 94 38 and
1429 3765 186 39 papers,
1645 3756 62 47 by
1738 3754 43 41 S.
1812 3756 60 39 H.
1902 3755 305 40 Hart.—The
360 3764 1966 96 purpose

495 3813 51 38 of
572 3812 157 40 Pike’s
754 3811 290 48 expedition,
1071 3812 61 47 by
1158 3813 51 39 A.
1237 3813 53 39 B.
1317 3810 442 42 Hulbert.—Pike’s
1786 3811 205 40 Journal
2017 3812 52 40 of
2093 3824 28 29 a
2147 3820 193 40 voyage,

359 3867 160 40 edited
543 3869 61 46 by
630 3868 42 40 S.
699 3869 59 39 H.
785 3870 128 38 Hart
938 3869 94 39 and
1057 3868 55 39 A.
1138 3869 52 39 B.
1218 3868 222 40 Hulbert.

364 3919 51 51 ©
447 3924 110 41 Dec.
588 3926 39 45 1,
659 3924 113 41 1932;
832 3925 67 39 2c.
931 3926 95 38 and
1058 3923 79 39 aff.
1171 3924 110 39 Dec.
1313 3924 56 40 27;
1428 3924 42 39 A
1500 3924 142 40 58541;
1701 3924 185 40 Archer
1917 3926 174 39 Butler
2120 3925 221 47 Hulbert,

434 3979 235 41 Colorado
702 3980 212 49 Springs,
947 3980 96 41 Col.
1113 3979 219 49 (33-424)
