2563 4368
1332 4049 100 52 696

455 518 225 40 Includes
710 528 63 29 an
805 519 205 38 account
1040 517 52 41 of
1126 515 202 41 Francis
1361 515 219 41 Winloch
1615 513 207 50 Huger’s
1854 513 348 49 participation
2235 513 48 40 in
2316 524 62 29 an

384 576 206 47 attempt
623 578 49 38 to
704 575 204 40 liberate
942 573 257 48 Lafayette
1231 573 127 40 from
1392 574 81 39 the
1507 572 235 40 Austrian
1776 571 163 49 prison
1976 570 51 41 of
2059 570 205 41 Olmütz.

454 632 260 41 Published
747 633 103 39 also
881 632 49 39 in
962 631 215 49 English.

393 697 1987 55 © Feb. 11, 1932; 1c. Mar. 12; 1c. Mar. 30; A—Foreign 16325; T. T.
462 761 161 46 Wells,
656 760 116 39 New
804 759 130 39 York
964 757 111 48 city.
1147 756 279 49 (32-12396)

388 862 267 67 Weltzin,
682 862 269 56 Joachim
980 860 334 66 Frederick,
1348 865 170 51 1902-

452 942 121 53 The
612 943 149 66 legal
803 940 296 68 authority
1137 940 64 54 of
1240 940 96 53 the
1375 938 306 54 American
1726 937 193 69 public
1955 938 190 53 school
2185 956 59 34 as
382 937 1970 150 developed

669 1020 74 66 by
792 1038 32 34 a
872 1018 173 68 study
1093 1018 62 53 of
1204 1017 297 53 liabilities
1547 1022 59 48 to
1656 1017 285 67 damages,
1988 1016 75 67 by
2113 1016 265 54 Joachim

381 1094 1996 67 Frederick Weltzin … Grand Forks, N. D., The Mid-West
378 1175 148 53 book
555 1193 254 48 concern,
844 1177 149 50 1931.

454 1246 783 51 2 p. l. , [vii]-xx, 286 p. 24 ᶜᵐ .
456 1304 271 49 “Enlarged
762 1305 96 39 and
893 1302 188 42 revised
1116 1302 228 42 edition.”

455 1362 348 48 Bibliography:
874 1373 43 37 p.
964 1357 247 53 [260]-267.

394 1426 1988 55 © Mar. 26, 1932; 2c. Apr. 2; aff. Apr. 14; A 49576; J. F. Weltzin, Grand
462 1490 166 46 Forks,
658 1490 54 38 N.
743 1490 56 38 D.
879 1484 51 52 [©
959 1498 104 29 new
1092 1490 192 47 matter]
1358 1487 279 49 (32-12078)

388 1595 164 53 West
583 1591 289 66 Virginia.
946 1593 184 65 Laws,
1158 1597 259 62 statutes,
1445 1597 101 49 etc.

458 1672 121 52 The
609 1672 160 52 West
801 1668 269 70 Virginia
1102 1671 136 54 code
1269 1670 64 52 of
1367 1672 161 65 1932;
1565 1671 93 53 the
1690 1671 229 67 general
1951 1671 136 52 laws
2122 1669 64 54 of
2217 1672 160 53 West

389 1747 266 70 Virginia
687 1754 57 46 to
773 1749 112 52 and
918 1747 296 69 including
1243 1749 94 51 the
1368 1747 319 69 legislative
1717 1748 210 53 session
1956 1749 64 53 of
2054 1752 149 63 1931,
389 1767 1964 126 complete

561 1826 378 53 annotations.
1016 1825 199 55 Under
1240 1827 94 52 the
1360 1823 265 56 editorial
1650 1825 356 69 supervision
2032 1825 65 55 of
2120 1827 69 53 A.
387 1828 1966 130 Hewson

534 1903 227 60 Michie,
811 1903 236 54 assisted
1091 1904 75 68 by
1213 1904 166 56 Chas.
1427 1906 88 53 W.
1564 1904 240 55 Sublett.
1899 1904 478 69 Charlottesville,

387 1984 123 53 Va.,
541 1983 121 53 The
691 1981 212 55 Michie
933 2000 297 49 company,
1262 1985 148 51 1932.

493 2054 432 49 x, 2301 p. 26½ ᶜᵐ .
395 2110 50 51 ©
474 2114 111 46 May
611 2114 39 40 5.
677 2112 111 40 1932;
844 2113 66 39 2c.
936 2113 94 39 and
1057 2112 81 43 aff.
1166 2112 112 48 May
1305 2113 24 39 7;
1386 2112 40 39 A
1452 2111 144 41 49859;
1653 2111 177 42 Michie
1856 2124 66 29 co.

470 2170 278 46 (32-12064)

389 2271 324 65 Whitesell,
745 2272 196 53 Frank
972 2271 197 57 Louis.

458 2347 122 54 The
623 2347 125 54 face
790 2347 62 53 of
895 2347 164 54 Jesus
1104 2346 222 67 Christ;
1374 2367 25 32 a
1449 2365 220 36 sermon
1710 2348 73 69 by
1827 2347 333 69 Evangelist
2206 2348 62 51 F.
2317 2348 61 52 L.

387 2423 1471 68 Whitesell. 2d ed., rev. and enl. … New York,
385 2423 1970 146 Loizeaux brothers [etc.]; Kingston, Pa., F. L. Whitesell [ ᶜ193 2]
455 2572 56 41 31
539 2584 42 37 p.
637 2572 145 42 18½ᶜᵐ.

458 2628 167 42 “Fifth
660 2627 285 43 thousand.”

395 2685 51 51 ©
474 2690 112 46 Apr.
614 2689 55 38 12,
709 2688 114 41 1932;
877 2689 67 39 2c.
970 2689 112 47 Apr.
1109 2690 54 38 23;
1219 2688 82 40 aff.
1329 2689 112 47 Apr.
1468 2689 57 38 22;
1581 2690 39 38 A
1647 2688 143 42 50967;
1848 2689 51 42 F.
1928 2690 49 40 L.
2006 2689 265 42 Whitesell.

471 2745 278 48 (32-11668)

390 2848 305 66 Williams,
726 2851 91 52 Eli
845 2851 82 64 P.,
959 2855 172 50 1844-

456 2925 113 53 Uni
575 2926 95 52 ted
695 2926 186 55 States
905 2927 140 67 first,
1068 2928 74 67 by
1164 2928 95 52 Eli
1285 2930 63 51 P.
1375 2928 302 55 Williams.
1720 2928 399 68 Washington,
2142 2929 235 67 Adams,

383 3002 1992 73 Jefferson, Jackson and Lincoln, all … were radically opposed
383 3083 58 49 to
472 3081 447 67 entanglements
952 3083 138 52 with
1121 3101 112 48 any
1264 3083 228 68 foreign
1521 3083 215 54 nation.
1801 3084 224 53 Kansas
2058 3084 154 67 City,
2243 3084 133 66 Mo.,

385 3155 1097 72 Simpson printing company [ᶜ193 2]
456 3218 862 61 278 p. incl. front. (port.) 19 ᶜᵐ .
396 3283 52 52 ©
478 3288 109 40 Feb.
615 3287 69 43 23,
714 3287 111 40 1932;
882 3287 66 40 2c.
978 3289 94 39 and
1102 3288 80 41 aff.
1211 3289 114 48 Apr.
1353 3290 26 38 4;
1438 3291 39 38 A
1507 3290 145 40 50479;
1710 3291 51 40 E.
1792 3292 48 38 P.
1872 3290 254 49 Williams,

463 3291 1898 100 McPherson,
591 3345 123 39 Kan.
786 3344 278 49 (32-11555)

394 3446 276 66 Withers,
699 3448 269 64 Hartley,
1000 3449 171 55 1867-

459 3521 1918 74 Everybody’s business, by Hartley Withers … New York,
388 3598 944 71 J. Cape and R. Ballou [ᶜ193 2]
490 3670 582 48 x p., 1 l., 372 p. 21 ᶜᵐ .
461 3725 145 40 “This
634 3736 106 30 new
767 3725 197 48 edition,
991 3726 231 49 specially
1250 3729 235 46 prepared
1513 3729 79 39 for
1619 3728 296 49 publication
1944 3730 48 40 in
2022 3729 235 48 America,
2288 3733 88 39 has

389 3780 117 40 been
547 3780 187 41 revised
774 3782 94 40 and
908 3781 208 48 brought
1155 3793 64 38 up
1258 3786 48 38 to
1345 3785 113 39 date
1498 3785 60 47 by
1597 3795 146 37 many
1782 3785 246 41 additions
2068 3787 95 40 and

389 3787 1967 91 alterations.”—Pref.
784 3840 49 38 to
863 3836 255 42 American
1148 3839 71 40 ed.

397 3892 1979 54 © Apr. 4, 1932; 1c. Apr. 6; 1c. Apr. 14; aff. Apr. 27; A 51141; Jonathan
465 3953 127 47 Cape
623 3953 35 40 &
688 3953 179 41 Robert
898 3953 187 47 Ballou,
1118 3953 90 40 inc.
1290 3950 50 52 [©
1373 3964 105 29 new
1509 3955 239 49 material]
1820 3955 278 49 (32-12294)
