2563 4368
1110 4121 131 49 1833

184 497 180 65 Agar,
396 496 314 54 Frederick
740 497 229 64 Alfred,
1002 497 170 54 1872-

252 572 1857 70 The minister and his opportunity, by Frederick A. Agar …
182 652 1681 68 New York [etc.] Fleming H. Revell company [ ᶜ1 932]
252 725 56 40 96
334 737 42 36 p.
437 725 146 40 19½ᶜᵐ.

186 793 51 51 ©
271 798 117 39 Nov.
422 796 68 44 12,
524 795 139 42 1932;
698 797 67 39 2c.
800 797 93 39 and
928 795 80 38 aff.
1045 796 109 39 Dec.
1188 795 26 38 9;
1279 796 38 36 A
1351 795 169 40 57400;
1560 794 219 46 Fleming
1811 796 59 37 H.
1907 796 163 38 Revell
2106 805 66 28 co.

263 853 277 48 (32-35177)

182 956 234 64 Ahlers,
445 957 157 51 Lena
634 957 60 54 C.

253 1032 326 67 Daughters
616 1032 207 52 known
859 1039 58 46 to
956 1032 170 66 fame,
1163 1032 74 64 by
1275 1033 154 51 Lena
1466 1032 64 54 C.
1567 1032 237 63 Ahlers;
1844 1032 325 52 illustrated

183 1108 1723 68 by Estelle Frantz. Chicago. A. Whitman & co. [ ᶜ1 932]
255 1180 1164 50 4 p. l., 11-304 p. illus. (incl. ports.) 22ᶜᵐ.
185 1242 51 51 ©
269 1246 101 40 Oct.
402 1247 69 39 29.
502 1245 112 39 1932;
674 1248 66 37 2c.
773 1246 115 38 Nov.
920 1246 55 37 25;
1037 1245 81 40 aff.
1153 1245 109 40 Dec.
1296 1246 24 38 7;
1381 1246 40 37 A
1453 1246 169 45 57349;
1657 1245 168 40 Albert
1859 1244 247 41 Whitman
2139 1249 35 38 &

252 1314 66 28 co.
389 1303 278 46 (32-35040)

181 1401 352 68 Alexander,
559 1407 187 65 grand
771 1406 149 52 duke
949 1406 63 66 of
1036 1405 225 68 Russia,
1292 1407 169 49 1866-

253 1482 279 68 Twilight
568 1482 62 53 of
666 1485 244 65 royalty,
945 1484 76 66 by
1058 1483 345 66 Alexander,
1439 1483 184 66 grand
1661 1483 148 52 duke
1845 1482 63 53 of
1945 1484 224 52 Russia.

184 1558 138 53 New
348 1559 179 67 York,
551 1559 70 52 R.
645 1560 165 67 Long
835 1563 50 50 &
910 1562 70 51 R.
1007 1561 69 52 R.
1104 1560 208 65 Smith,
1334 1560 128 65 inc.,
1488 1563 150 50 1932.

256 1632 86 47 xii,
372 1631 86 41 224
488 1643 43 37 p.
589 1632 164 48 front.,
787 1633 128 40 illus.
945 1634 131 46 (coat
1109 1634 51 39 of
1192 1634 155 46 arms)
1390 1633 171 49 plates,
1593 1634 149 48 ports.
1803 1633 143 39 22½ᶜᵐ.

259 1687 127 42 “The
417 1689 120 40 lives
569 1690 95 39 and
698 1690 82 41 the
813 1700 190 31 careers
1038 1690 51 40 of
1124 1691 81 39 the
1239 1693 368 45 contemporary
1643 1690 531 47 royalty-on-leave.”—

187 1746 271 41 Foreword.

186 1799 50 52 ©
267 1805 117 38 Nov.
416 1804 69 40 25.
517 1804 138 46 1932;
690 1806 67 38 2c.
791 1806 93 36 and
918 1804 79 39 aff.
1033 1804 111 39 Dec.
1177 1805 51 44 1;
1264 1804 40 37 A
1337 1802 141 41 57299;
1543 1804 165 40 Grand
1742 1804 125 40 duke
1900 1805 274 38 Alexander

253 1861 51 38 of
337 1860 189 42 Russia.
561 1860 127 48 Nice,
724 1861 197 38 France.
992 1860 279 47 (32-35039)

181 1964 251 64 Barzun,
461 1965 271 64 Jacques,
766 1965 171 54 1907-

251 2041 121 52 The
399 2040 222 53 French
649 2059 126 34 race:
831 2039 242 55 theories
1101 2039 64 54 of
1191 2040 74 54 its
1294 2039 217 71 origins
1540 2039 113 54 and
1683 2040 149 53 their
1859 2042 172 52 social
2059 2042 113 57 and

182 2117 255 64 political
493 2117 384 69 implications
933 2118 160 68 prior
1147 2124 58 47 to
1259 2118 95 53 the
1409 2117 339 69 revolution,
1799 2118 75 70 by
1931 2119 243 69 Jacques

183 2194 1992 70 Barzun … New York, Columbia university press; London,
181 2272 64 53 P.
273 2271 56 56 S.
353 2273 163 68 King
538 2272 46 51 &
608 2291 118 48 son,
751 2273 122 66 ltd.,
900 2275 149 50 1932.

250 2344 85 41 275
371 2356 44 37 p.
477 2345 117 40 23ᶜᵐ.
665 2345 297 48 (Half-title:
1001 2344 195 42 Studies
1235 2345 49 39 in
1325 2345 201 48 history,
1569 2345 266 42 economics
1876 2347 94 39 and
2012 2346 162 48 public

182 2400 107 43 law.
331 2403 71 39 ed.
444 2402 61 48 by
547 2403 81 40 the
671 2402 205 48 Faculty
919 2402 53 40 of
1012 2401 216 48 political
1272 2401 184 41 science
1499 2401 52 40 of
1592 2401 250 41 Columbia
1888 2401 284 50 university,

181 2468 73 30 no.
282 2457 111 49 375)

253 2513 170 41 Issued
449 2514 103 40 also
578 2525 54 29 as
660 2513 152 41 thesis
848 2514 105 47 (ph.
981 2514 65 47 d.)
1082 2512 252 42 Columbia
1359 2512 285 48 university.

252 2570 372 48 Bibliography:
654 2580 42 37 p.
725 2569 215 41 260-270.

187 2624 50 51 ©
270 2630 116 38 Nov.
418 2630 68 38 14.
519 2627 139 43 1932;
692 2628 65 40 2c.
791 2630 94 37 and
918 2628 80 39 aff.
1032 2629 116 38 Nov.
1182 2627 56 40 26;
1300 2629 39 37 A
1371 2628 142 40 57235;
1577 2627 249 41 Columbia
1861 2628 129 41 univ.
2025 2638 147 38 press.

263 2685 277 48 (32-34784)

181 2786 313 67 Benchley,
524 2789 220 54 Robert
776 2789 261 64 Charles,
1070 2794 169 49 1889-

251 2867 88 52 No
374 2884 218 49 poems;
631 2884 80 49 or,
746 2867 241 52 Around
1022 2866 95 52 the
1152 2866 179 53 world
1366 2864 330 55 backwards
1732 2866 111 53 and
1880 2865 292 69 sideways,

181 2944 74 67 by
288 2944 212 53 Robert
534 2944 301 66 Benchley.
911 2944 137 52 New
1084 2943 162 52 York
1277 2945 45 51 &
1352 2941 257 69 London,
1640 2941 233 68 Harper
1905 2946 45 50 &
181 2941 1966 144 brothers,
314 3024 150 50 1932.

252 3092 1005 51 ix p., 1 l., 330 p. front., illus. 19½ᶜᵐ.
254 3151 161 40 “First
441 3150 224 41 edition.”

188 3205 51 51 ©
269 3209 114 38 Nov.
414 3208 68 40 16.
513 3207 112 40 1932;
683 3208 66 39 2c.
779 3208 117 39 Nov.
925 3207 54 39 15;
1039 3206 81 39 aff.
1151 3206 117 39 Nov.
1298 3206 57 40 30;
1413 3207 41 38 A
1483 3206 141 40 58215;
1684 3208 55 40 R.
1771 3208 255 47 Benchley,
2057 3210 117 38 New

255 3265 141 39 York.
470 3264 276 47 (32-34924)

183 3366 399 66 Bergengren,
610 3369 129 62 Roy
769 3366 332 65 Frederick,
1135 3368 170 53 1879-

252 3444 105 54 We
396 3446 95 52 the
530 3446 218 66 people,
786 3445 170 66 being
995 3464 70 33 an
1102 3444 301 66 impudent
1441 3444 364 54 dissertation
1845 3465 72 33 on
1956 3447 212 52 certain

186 3521 255 54 national
487 3523 112 52 and
641 3522 408 52 international
1093 3526 252 60 matters,
1387 3522 75 65 by
1505 3523 128 64 Roy
1676 3523 66 50 F.
1787 3524 382 66 Bergengren.

185 3598 234 68 Boston,
447 3599 172 60 Mass,
649 3598 120 53 The
803 3598 297 55 Stratford
1132 3616 278 49 company
1445 3601 192 63 [ᶜ1932]

259 3669 1075 50 2 p. l., vi p.. 2 l., 3-404 p. front. 20½ᶜᵐ.
189 3722 50 52 ©
279 3728 117 39 Nov.
434 3727 69 46 28,
543 3726 113 40 1932;
724 3727 66 39 2c.
830 3728 116 37 Nov.
985 3727 57 39 30;
1110 3726 81 39 aff.
1233 3725 109 40 Dec.
1383 3727 53 38 13;
1508 3728 39 36 A
1587 3727 169 46 58331;
1802 3727 249 42 Stratford
2091 3741 81 35 co.,

255 3785 159 46 pubrs.
486 3783 277 48 (32-35029)

185 3883 1470 66 B é thencourt, Arthur Octave Constant, 1882-
185 3962 1960 146 … Chimie. classe de seconde.; [5ᵉ édition (refondue)] [Paris]
315 4043 281 52 Hachette
674 4046 130 47 [ᶜ1931]
