2735 4384
1120 4034 27 50 1

153 384 282 66 Addams,
468 385 227 64 George
726 386 272 63 Stanton,
1032 389 172 50 1869-

217 463 58 53 A
308 463 232 53 treatise
575 482 70 33 on
682 463 250 68 practice
967 463 113 52 and
1116 463 312 67 procedure
1465 462 59 51 in
1559 460 96 54 the
1692 459 238 70 probate
1966 467 188 47 courts

148 540 64 54 of
245 540 169 69 Ohio,
448 540 301 69 including
779 541 96 52 the
909 541 109 51 law
1052 539 65 53 of
1150 540 165 67 wills,
1349 538 467 54 administration
1851 538 65 55 of
1950 543 204 49 estates

148 618 114 53 and
288 618 215 53 related
529 617 263 69 subjects,
817 617 140 54 with
985 617 180 53 forms
1192 617 113 53 and
1330 617 230 68 journal
1586 617 225 67 entries,
1836 617 75 68 by
1932 617 221 69 George

150 693 2005 70 S. Addams … and Grover C. Hosford … Cincinnati, The
146 772 1061 69 W. H. Anderson company [ ᶜ19 32]
217 855 166 48 xxxvi,
412 856 117 40 1620
556 867 44 37 p.
659 856 56 40 25½ᶜᵐ.

219 912 146 40 Much
403 912 52 39 of
493 913 81 39 the
613 911 220 41 author's
871 914 105 38 text
1013 912 42 40 is
1093 912 145 40 based
1279 924 59 28 on
1378 913 82 39 the
1497 913 85 38 4th
1619 912 184 40 edition
1840 912 53 40 of
1930 913 222 41 Rockel’s

147 968 233 48 complete
418 968 122 41 Ohio
577 969 200 48 probate
815 967 226 49 practice.
1102 968 172 40 Forms
1310 968 250 48 compiled,
1597 969 243 47 arranged
1876 970 95 38 and
149 979 1985 87 annotated

321 1025 60 48 by
418 1025 163 49 Philip
619 1026 53 41 E.
710 1026 276 39 Knowlton.
1054 1025 304 47 Subsequent
1395 1026 336 39 amendments
1770 1026 96 39 and
1904 1025 248 40 additions

147 1081 100 41 will
270 1081 57 40 be
351 1082 225 40 included
601 1081 50 39 in
676 1082 329 47 supplements
1030 1083 48 38 to
1102 1082 57 39 be
1184 1081 164 40 issued
1373 1081 129 40 from
1526 1081 116 40 time
1668 1083 48 38 to
1742 1080 131 41 time.
1934 1080 61 48 cf.
2020 1082 130 40 Pref.

152 1148 1892 54 © Jan. 5, 1932; 2c. Jan. 6; aff. Jan. 7; A 46786; W. H . Anderson co.
230 1210 250 50 (32-1183)

146 1305 96 53 All
291 1306 307 55 American
649 1307 319 69 university
1017 1325 105 34 one
1171 1311 90 48 act
1311 1306 182 69 plays,
1545 1325 31 33 a
1626 1324 151 36 cross
1826 1307 212 52 section
2089 1307 63 52 of

212 1381 308 54 American
560 1382 212 70 college
812 1382 308 54 dramatics
1160 1401 59 34 as
1258 1382 362 68 represented
1660 1381 76 69 by
1772 1382 98 53 the
214 1382 1913 132 productions

394 1459 65 54 of
488 1461 96 52 the
612 1461 260 53 students
901 1460 60 53 in
993 1460 228 53 various
1253 1461 280 52 dramatic
1563 1462 220 52 classes.
1848 1461 304 68 Franklin,

215 1537 68 55 O.
334 1539 111 52 and
495 1539 247 68 Denver,
792 1538 140 68 Col.,
982 1538 283 70 Eldridge
1311 1538 442 53 entertainment
1803 1539 191 68 house,
2042 1539 108 53 inc.

218 1619 194 64 [ ᶜ19 31 ]
213 1699 709 48 3 p. l., 164 p. diagrs. 19½ ᶜᵐ.
150 1765 51 52 ©
230 1770 116 40 Nov.
375 1769 69 48 25,
473 1770 112 40 1931;
644 1769 65 41 2c.
740 1771 95 39 and
863 1769 81 41 aff.
975 1770 109 42 Jan.
1113 1770 40 48 2,
1183 1770 113 41 1932;
1355 1771 41 39 A
1423 1770 144 41 46701;
1627 1771 232 49 Eldridge
217 1772 1917 96 entertainment

377 1827 164 49 house,
570 1828 89 40 inc.
731 1827 252 49 (32-1191)

144 1918 381 67 Armstrong,
555 1920 225 54 Martin
810 1921 419 65 Donisthorpe,
1262 1927 170 49 1882-

212 1998 123 52 The
375 1998 278 54 romantic
695 1998 338 55 adventures
1072 1999 64 53 of
1175 1999 111 53 Mr.
1331 1999 199 70 Darby
1571 1999 110 55 and
1726 1999 64 54 of
1830 1998 183 56 Sarah
2056 2000 90 55 his

142 2075 135 53 wife
307 2075 108 69 [by]
448 2075 220 55 Martin
693 2076 361 69 Armstrong.
1117 2076 136 54 New
1284 2077 178 69 York,
1488 2078 309 69 Harcourt,
1825 2078 182 55 Brace
2032 2078 112 54 and

141 2157 510 68 company [ ᶜ19 32 ]
210 2233 277 49 442 p. 21 ᶜᵐ.
149 2302 51 53 ©
227 2308 109 40 Jan.
363 2309 69 47 14,
460 2306 140 49 1932;
629 2308 66 41 2c.
723 2310 96 39 and
847 2309 83 43 aff.
956 2310 108 39 Jan.
1093 2309 83 47 23;
1206 2310 40 38 A
1271 2310 172 46 48054;
1475 2311 62 38 M.
1568 2311 55 40 D.
1652 2310 302 50 Armstrong,
1984 2312 165 47 Farrs,

218 2365 188 47 Sutton,
437 2365 324 49 Pulborough,
793 2367 194 47 Sussex,
1017 2368 236 47 England.
1325 2367 281 48 (31-28699)

141 2455 243 68 Arnold,
416 2460 176 54 Anna
623 2461 240 65 Estelle,
897 2463 170 54 1879-

209 2535 1936 74 A history of Kansas, by Anna E. Arnold … Topeka, The
139 2611 160 55 State
329 2613 63 54 of
419 2615 243 69 Kansas,
693 2616 65 52 B.
791 2616 65 52 P.
889 2614 252 71 Walker,
1171 2621 144 50 state
1344 2615 239 70 printer,
1617 2620 149 51 1931.

209 2693 1400 52 262 p. incl. front., illus. (incl. ports.) col. pl. 19 ᶜᵐ.
210 2750 1140 49 “First published 1914. Revised … 1931.”
211 2808 350 42 “References”
596 2811 52 38 at
681 2810 93 39 end
808 2809 53 41 of
893 2811 118 39 each
1045 2810 216 48 chapter.

148 2876 51 52 ©
233 2882 101 39 Oct.
369 2882 38 41 1.
439 2881 142 47 1931;
613 2881 66 41 2c.
714 2882 111 41 Dec.
860 2883 82 47 17;
979 2881 79 41 aff.
1094 2883 110 40 Jan.
1238 2883 39 41 5.
1312 2883 141 48 1932;
1489 2884 41 39 A
1562 2885 172 48 46717;
1771 2886 54 41 A.
1862 2888 52 38 E.
1949 2887 197 42 Arnold.

215 2938 249 46 Portland,
491 2938 77 41 Or.
641 2937 221 49 (32-791)

134 3041 213 65 Ayres,
374 3043 174 64 Ruby
574 3043 269 56 Mildred.

204 3120 160 52 Look
390 3127 57 48 to
477 3124 95 52 the
601 3120 217 69 spring.
901 3122 361 65 [Instalment
1291 3125 48 66 7]

305 3191 843 54 (In Mabs weekly, Nov. 14, 1931)
146 3259 51 52 ©
253 3276 35 28 1c.
316 3266 108 38 Jan.
451 3266 38 46 8,
515 3266 113 40 1932;
683 3266 40 39 A
749 3268 61 38 ad
838 3266 87 41 int.
952 3266 143 41 15947;
1152 3269 141 47 pubd.
1321 3270 116 39 Nov.
1467 3270 68 49 10,
1563 3270 113 41 1931;
1736 3272 139 47 Ruby
1903 3273 62 41 M.
1992 3272 154 47 Ayres

213 3321 198 48 Pocock,
443 3323 302 48 Weybridge,
780 3324 192 47 Surrey,
1004 3326 236 47 England.

203 3426 160 52 Look
389 3434 58 46 to
476 3429 96 53 the
599 3427 218 68 spring.
900 3429 361 66 [Instalment
1290 3436 47 62 8]

303 3496 835 54 (In Mabs weekly, Nov. 21, 1931)
144 3551 2001 62 © 1c. Jan. 14, 1932; A ad int. 15975; pubd. Nov. 17, 1931; Ruby Mildred
210 3613 155 46 Ayres
392 3614 199 47 Pocock,
620 3615 302 49 Weybridge,
955 3616 192 48 Surrey,
1178 3618 237 48 England.

138 3702 210 68 Bauer,
379 3705 191 66 Ralph
601 3709 263 64 Stanley,
898 3716 170 49 1883-
1282 3713 85 53 ed.

208 3780 168 56 Cases
409 3802 72 33 on
513 3784 97 53 the
641 3785 110 52 law
783 3785 65 53 of
879 3787 286 69 damages,
1197 3787 242 55 selected
1472 3792 114 52 and
1619 3793 191 53 edited
1842 3793 76 69 by
1950 3793 193 67 Ralph

136 3854 1985 149 Stanley Bauer … 2d ed. … Chicago, Callaghan and company, 1932.
