2563 4368
1112 3940 64 52 67

215 417 101 48 xiii,
342 418 85 39 453
455 428 41 37 p.
553 418 160 48 front.,
743 417 138 44 illus.,
976 447 8 9 pl.,
1014 416 151 47 diagr.
1221 417 115 39 21ᶜᵐ.

155 484 51 52 ©
235 488 109 39 Jan.
371 488 68 46 29,
469 486 112 41 1932;
639 487 64 39 2c.
735 487 95 39 and
855 456 86 79 ft.
970 486 109 40 Feb.
1111 487 50 40 1;
1194 487 40 37 A
1262 485 170 47 47325;
1466 486 54 38 D.
1551 485 236 48 Appleton
1818 485 36 40 &
1882 496 65 29 co.

231 544 249 48 (32-3621)

147 642 214 69 Byrne,
390 647 132 63 Lee,
553 646 170 54 1876-

216 719 185 53 Check
428 718 94 52 list
550 719 287 54 materials
865 719 92 51 for
987 717 192 69 public
1204 719 186 52 school
1420 716 264 69 building
1712 714 427 69 specifications,

145 792 1993 71 covering the general specifications, by Lee Byrne … New York
144 874 131 68 city,
308 873 275 53 Teachers
616 872 224 68 college,
875 870 297 57 Columbia
1202 871 335 70 university,
1573 874 149 49 1931.

215 951 80 48 vii,
324 951 85 41 195
436 963 41 37 p.
535 952 144 40 23½ᶜᵐ.
751 952 263 48 (Teachers
1045 952 191 49 college,
1267 952 248 41 Columbia
1547 951 285 48 university.
146 950 1976 99 Contributions
309 1010 48 38 to
396 1008 270 42 education,
706 1019 72 30 no.
816 1008 111 47 492)

215 1066 170 39 Issued
414 1066 102 39 also
546 1076 54 29 as
629 1064 152 41 thesis
821 1065 108 48 (PH.
989 1064 34 47 D.)
1061 1064 251 41 Columbia
1343 1063 285 48 university.

153 1120 50 52 ©
241 1126 117 39 Nov.
397 1126 67 46 11,
503 1124 139 47 1931;
681 1124 67 41 2c.
786 1124 110 39 Dec.
935 1124 81 46 28;
1057 1123 45 39 aff.
1177 1124 107 39 Jan.
1325 1124 68 45 16,
1433 1123 139 47 1932;
1614 1124 40 37 A
1689 1123 171 48 46965;
1902 1124 240 39 Teachers

218 1182 191 47 college,
439 1181 249 40 Columbia
717 1180 284 48 university.
1072 1179 250 49 (32-2447)

147 1279 416 69 Cadwallader,
596 1283 197 55 Laura
824 1285 218 63 Hanes,
1079 1284 324 54 1870-1932.

211 1356 320 69 Principles
560 1357 63 52 of
652 1356 276 70 indexing
957 1360 112 52 and
1100 1356 180 69 filing,
1308 1357 72 69 by
1413 1358 189 52 Laura
1633 1357 75 53 H.
1744 1356 396 55 Cadwallader

204 1433 1936 70 … [and] S. Ada Rice … Baltimore, Chicago, The H. M. Rowe
143 1529 292 51 company,
474 1514 150 50 1932.

213 1591 1122 49 2 p. l., 3-146 p. incl. front., illus. 18½ᶜᵐ.
153 1646 51 52 ©
230 1652 109 42 Jan.
363 1652 40 46 4,
429 1650 112 40 1932;
596 1651 66 40 2c.
690 1651 108 40 Jan.
826 1652 82 45 13;
937 1650 80 41 aff.
1045 1651 108 40 Jan.
1181 1651 82 46 12;
1293 1652 39 38 A
1357 1651 143 40 46873;
1560 1652 58 39 H.
1648 1653 62 37 M.
1739 1652 144 40 Rowe
1911 1662 67 30 co.

230 1708 250 46 (32-2548)

146 1805 299 68 Callahan,
474 1808 300 56 Jeremiah
805 1811 238 63 Joseph,
1075 1811 170 54 1878-

215 1884 121 52 The
373 1884 292 53 trisection
703 1884 64 53 of
804 1885 95 52 the
937 1885 194 68 angle;
1173 1885 94 52 the
1307 1884 430 69 trigonometric
1777 1883 263 54 function
2079 1883 65 55 of

146 1962 289 52 one-third
470 1961 63 53 of
566 1980 72 34 an
673 1962 166 69 angle
873 1963 60 51 in
967 1968 173 47 terms
1175 1961 63 54 of
1272 1962 95 53 the
1402 1962 291 52 functions
1729 1960 64 55 of
1826 1961 95 53 the
1959 1961 182 69 angle.

147 2039 119 52 The
298 2039 274 53 insertion
605 2039 64 53 of
700 2045 111 47 two
844 2040 306 69 geometric
1180 2058 192 34 means
1403 2041 250 52 between
1687 2062 33 34 a
1751 2039 114 53 line
1899 2039 112 53 and
146 2059 1970 109 another
335 2117 161 52 twice
524 2136 59 34 as
613 2118 151 67 long.
829 2118 121 53 The
981 2117 355 69 duplication
1366 2117 63 54 of
1459 2118 95 52 the
1583 2116 153 54 cube.
1804 2117 78 53 Et
1913 2118 70 52 al.
2051 2118 91 68 By

145 2194 56 52 J.
241 2194 55 52 J.
338 2193 296 54 Callahan.
709 2195 361 67 Pittsburgh,
1111 2196 120 66 Pa.,
1269 2195 302 67 Duquesne
1611 2194 336 69 university,
1991 2198 149 48 1931.

215 2272 57 41 29
304 2283 42 38 p.
407 2274 180 47 diagrs.
649 2273 145 41 22½ᶜᵐ.

152 2326 51 52 ©
229 2330 109 42 Jan.
362 2332 39 48 9,
427 2332 111 40 1932;
593 2332 65 39 2c.
685 2334 95 39 and
807 2333 81 40 aff.
914 2333 108 39 Jan.
1050 2332 81 47 12;
1159 2334 39 37 A
1222 2333 171 47 46864;
1423 2334 44 41 J.
1493 2334 41 39 J.
1563 2334 252 46 Callahan,
1842 2333 300 47 Pittsburgh.

229 2388 249 47 (32-2458)

148 2492 207 65 Casey,
386 2493 245 54 Charles
660 2495 61 54 C.

213 2565 152 68 Why
393 2566 31 50 I
452 2565 155 53 don’t
633 2566 100 54 sell
761 2567 346 70 substitutes,
1134 2587 30 34 a
1190 2567 145 52 book
1363 2567 92 52 for
1482 2565 165 54 retail
1674 2565 320 55 merchants
2027 2565 108 69 [by]

147 2640 1987 74 Charles C. Casey … Chicago and New York, The Dartnell
146 2719 588 70 corporation [ ᶜ1 931]
218 2798 851 51 5 p. l., 13-164 p. illus. 19½ᶜᵐ.
155 2853 1990 55 © Sept. 22, 1931; 2c. Jan. 10, 1932; aff. Jan. 14; A 48070; Dartnell
222 2917 319 46 corporation.
613 2917 249 47 (32-2549)

149 3017 201 66 Clagg,
377 3023 138 53 Mrs.
545 3022 222 52 Fannie
794 3022 279 56 Hurlbut.

218 3092 297 53 “Fannie’s
547 3093 268 68 fancies”,
845 3096 74 67 by
951 3095 218 52 Fannie
1198 3096 258 51 Hurlbut
1488 3094 201 69 Clagg.
1761 3093 198 67 [Sioux
1992 3094 153 68 City,

184 3169 1206 72 Ia., Hoyt and Shreiner printers, ᶜ1 931]
218 3250 59 41 48
302 3261 44 38 p.
373 3251 109 42 incl.
509 3255 123 45 port.
690 3254 117 40 21ᶜᵐ.

220 3307 184 42 Poems.

219 3363 126 41 Title
371 3364 128 40 from
526 3375 154 31 cover.

156 3415 51 52 ©
237 3420 111 42 Dec.
373 3421 69 44 22,
471 3421 112 41 1931;
640 3422 65 39 2c.
735 3425 94 37 and
859 3424 80 39 aff.
970 3424 108 42 Jan.
1108 3426 67 41 14.
1208 3424 137 42 1932;
1377 3425 38 39 A
1444 3426 170 41 46876:
1650 3426 49 40 F.
1731 3426 58 38 H.
1821 3425 161 47 Clagg,
225 3425 1901 98 Sheldon,
389 3489 42 29 Ia.
501 3478 250 48 (32-2496)

150 3580 247 65 Conrad,
426 3585 138 51 Mrs.
595 3583 189 54 Jessie
824 3584 288 65 (George)

220 3652 117 53 Did
381 3654 215 67 Joseph
641 3654 226 55 Conrad
914 3663 195 46 return
1152 3676 59 33 as
1255 3678 31 32 a
1327 3657 204 68 spirit?
1615 3659 90 67 By
1745 3659 138 50 Mrs.
1928 3655 215 67 Joseph

153 3726 1993 77 Conrad; with an introduction by Cyril Clemens … Webster
152 3802 231 70 Groves,
411 3807 133 62 Mo.,
577 3808 415 54 International
1023 3811 171 51 Mark
1223 3812 199 51 Twain
1455 3813 227 65 society,
1715 3814 148 49 1932.
