2563 4368
1104 4187 131 56 1979

162 558 208 65 Miller,
403 558 221 53 Robert
657 556 282 63 Johnson,
976 560 170 49 1853-

229 631 1924 69 A Christian educator, John Knox Montgomery, D . D., LL. D.,
162 704 1930 77 president of Muskingum college, 1904-1931, by R. J. Miller …
162 790 358 67 Pittsburgh,
547 791 120 64 Pa.,
694 789 121 52 The
846 789 264 54 Crescent
1135 803 174 49 press,
1338 787 149 51 1932.

234 856 1309 54 268 p. front., illus. (facsim.) plates, ports. 23 ᶜᵐ.
168 917 51 52 ©
249 920 127 40 June
403 921 39 45 1,
471 918 140 48 1932;
641 918 67 40 2c.
738 918 116 47 July
882 917 82 47 18;
996 915 80 40 aff.
1108 916 115 46 July
1252 913 82 48 19;
1366 914 42 39 A
1435 912 171 47 54162;
1639 911 226 42 Crescent
1895 919 150 40 press.

245 976 249 48 (33-3635)

165 1078 353 53 Minnesota.
592 1075 367 64 University.
1034 1077 192 52 Social
1260 1074 239 68 hygiene
1534 1073 226 55 bureau.

299 1148 1856 74 … Studies in parental sex education; paper III. A research
169 1234 58 52 in
272 1236 263 66 parental
580 1251 96 34 sex
722 1232 317 67 education,
1083 1231 74 66 by
1205 1231 177 55 Chloe
1429 1229 253 69 Owings.
1756 1227 404 70 Minneapolis,

169 1314 120 53 The
318 1311 335 68 University
682 1311 63 52 of
773 1311 324 52 Minnesota
1127 1327 174 50 press,
1330 1311 151 50 1931.

273 1382 746 51 v, 289 p. diagrs., forms. 22½ ᶜᵐ.
240 1443 103 39 The
383 1442 210 49 findings
635 1441 51 40 of
730 1441 79 40 the
854 1440 128 48 joint
1023 1438 225 41 research
1293 1449 226 38 program
1563 1438 52 40 of
1658 1437 81 41 the
1785 1434 282 51 University
2112 1437 51 40 of

173 1498 271 40 Minnesota
500 1499 95 38 and
650 1498 80 39 the
783 1496 242 40 Women's
1077 1496 321 47 co-operative
1454 1494 207 41 alliance
1715 1493 54 40 of
1822 1491 335 50 Minneapolis,

172 1555 219 39 financed
418 1555 61 47 by
506 1565 27 29 a
562 1558 143 43 grant
732 1554 129 38 from
889 1553 83 40 the
998 1553 195 39 Bureau
1223 1552 52 40 of
1302 1552 149 40 social
1480 1552 207 47 hygiene
1713 1550 53 41 of
1791 1551 117 39 New
1938 1550 143 40 York.

175 1608 52 51 ©
262 1612 111 39 Dec.
407 1611 69 47 30,
510 1610 141 46 1931;
686 1610 68 41 2c.
789 1610 110 39 Jan.
933 1609 69 48 30,
1035 1608 141 48 1932;
1214 1608 83 41 aff.
1333 1609 110 40 Jan.
1477 1607 84 48 29;
1597 1608 42 40 A
1671 1607 172 48 48192;
1882 1604 282 52 University

244 1668 50 39 of
323 1667 287 48 Minnesota,
641 1666 336 47 Minneapolis.

173 1768 1964 130 … Studies in parental sex education; paper v. Some curricular
412 1847 275 68 practices
714 1847 60 51 in
800 1866 95 33 sex
924 1848 300 52 education;
1285 1866 30 33 a
1341 1866 206 49 survey
1574 1847 113 52 and
1715 1866 31 34 a
1774 1865 289 50 program,
2088 1846 77 69 by

175 1923 176 54 Chloe
400 1924 252 69 Owings.
727 1924 403 69 Minneapolis,
1177 1925 120 53 The
1347 1925 336 69 University
1731 1925 63 52 of
1839 1925 327 53 Minnesota

173 2022 174 49 press,
379 2007 151 49 1931.

243 2076 469 49 25 p. tables. 22½ ᶜᵐ.
246 2134 101 38 The
374 2132 208 49 findings
611 2134 51 39 of
690 2134 81 39 the
799 2133 124 48 joint
955 2134 223 40 research
1207 2144 223 38 program
1462 2134 50 40 of
1545 2134 82 40 the
1656 2133 282 48 University
1968 2135 51 39 of
175 2131 1978 97 Minnesota

378 2191 96 37 and
508 2190 82 38 the
623 2191 238 38 Women’s
896 2190 321 47 co-operative
1252 2191 204 39 alliance
1491 2191 54 39 of
1580 2189 336 48 Minneapolis,
1951 2189 220 40 financed

177 2245 61 46 by
263 2256 27 28 a
316 2248 146 45 grant
485 2246 127 39 from
641 2246 81 39 the
748 2247 194 38 Bureau
970 2247 52 37 of
1048 2245 149 41 social
1224 2246 203 47 hygiene
1456 2247 51 39 of
1534 2247 108 38 New
1678 2247 144 39 York.

180 2297 51 52 ©
258 2302 119 47 Aug.
402 2302 68 47 15,
496 2301 113 41 1932;
663 2302 67 40 2c.
759 2302 127 48 Sept.
912 2303 55 40 13;
1023 2302 81 41 aff.
1133 2303 126 48 Sept.
1286 2303 55 39 12;
1397 2304 41 38 A
1464 2303 145 40 55077;
1664 2302 282 48 University
1974 2304 50 38 of
246 2302 1908 104 Minnesota,

457 2357 335 49 Minneapolis.

177 2445 375 67 Montessori,
583 2448 209 65 Maria,
826 2450 169 53 1870-

248 2523 123 52 The
402 2541 148 35 mass
586 2524 302 67 explained
925 2530 58 48 to
1021 2525 275 68 children,
1331 2526 75 68 by
1443 2526 104 53 Dr.
1584 2525 189 55 Maria
1810 2526 361 54 Montessori.

179 2599 257 64 London,
465 2599 183 55 Sheed
675 2601 45 49 &
744 2601 200 69 Ward,
972 2604 150 51 1932.

250 2671 563 48 xii, 116 p. illus. 19 ᶜᵐ.
186 2723 1989 58 © 1c. Dec. 9, 1932; A ad int. 17305; pubd. Oct. 13; Macmillan co., New
254 2785 142 39 York.
470 2785 249 48 (33-4055)

183 2873 179 63 Naso,
392 2875 221 54 Eckart
641 2892 132 49 von,
803 2882 170 50 1888-

255 2950 283 68 Seydlitz;
573 2971 198 34 roman
803 2953 147 54 eines
983 2953 209 70 ritters,
1224 2976 110 33 von
1366 2957 217 52 Eckart
1614 2976 109 35 von
1755 2956 169 54 Naso.
186 2959 1967 122 Bielefeld

339 3028 1321 74 und Leipzig, Velhagen & Klasing [ ᶜ1 932]
253 3101 101 49 334,
385 3101 56 53 [1]
470 3112 45 38 p.
573 3102 58 41 19½ᶜᵐ.

191 3153 1875 62 © Oct. 6, 1932; 1c. Dec. 7; A—Foreign 18879; Velhagen & Klasing.
269 3214 249 49 (33-4480)

188 3318 313 65 Niemann,
529 3319 229 57 Alfred.

259 3406 117 53 Der
409 3427 121 49 weg
563 3408 186 54 kaiser
780 3411 299 55 Wilhelms
1164 3456 11 11 II.
1209 3434 129 35 vom
1371 3417 172 53 thron
1573 3417 61 53 in
1668 3418 90 53 die
1794 3418 237 67 fremde,
2065 3438 111 36 von

193 3483 449 56 Oberstleutnant
686 3506 48 34 a.
777 3488 53 53 d.
873 3489 213 54 Alfred
1130 3492 299 54 Niemann.
1507 3495 114 53 Mit
1666 3499 64 49 95
1775 3497 403 69 abbildungen.

194 3560 1875 84 Stuttgart [etc.] Union deutsche Verlagsgesellschaft [ ᶜ1 932]
264 3633 1176 57 112, [2] p. illus. (incl. ports., facsims.) 25 ᶜᵐ.
196 3685 1969 109 © Sept. 30, 1932; 1c. Nov. 25; A—Foreign 18738; Union deutsche verlagsgesellschaft.
766 3749 248 50 (33-3193)

193 3846 333 67 Nietzsche,
560 3849 302 57 Friedrich
893 3854 289 67 Wilhelm,
1217 3861 323 55 1844-1900.

326 3924 1857 84 … Die u nschuld des werdens; der nachlass, ausgewählt und
195 4002 1928 84 geordnet von Alfred Baeumler … Leipzig, A. Kroner [ᶜ1931]
267 4073 1832 70 2 v . front. (facsim.) 18 ᶜᵐ. [Kröners taschenausgabe. bd. 82-83]
