2563 4368
1055 4059 101 50 385

114 432 241 64 Adams,
389 432 270 62 Edward,
692 431 170 55 1877-

213 508 122 54 “The
380 506 473 55 doctor-in-law.”
934 507 54 53 A
1034 525 218 35 resume
1299 507 63 53 of
1407 507 356 68 suggestions
1813 508 110 51 and
107 526 1968 112 conclusions

391 585 217 68 arising
645 584 213 68 during
894 584 241 53 medical
1175 585 112 52 and
1325 585 250 66 surgical
1612 585 387 52 examination
2036 586 62 51 in

110 663 109 52 and
256 667 99 48 out
389 662 64 53 of
486 666 177 61 court,
697 662 76 67 by
807 661 253 53 Edward
1096 661 236 67 Adams,
1425 704 9 10 M.
1509 704 9 9 D.
1591 662 139 51 New
1767 662 163 52 York
1965 663 133 67 city,

107 738 1518 67 International journal of surgery co., inc. [ ᶜ1 932]
179 812 68 47 75,
281 811 53 50 [5]
363 822 43 38 p.
461 810 56 41 20½ᶜᵐ.

182 881 158 40 Blank
375 891 146 39 pages
557 880 80 41 for
675 879 342 41 “Memoranda;
1086 881 167 40 record
1290 880 52 41 of
1378 891 121 37 your
1536 884 138 37 court
1711 881 163 41 cases”
1925 883 81 49 ([5]
2047 886 52 37 at

107 939 116 47 end)

181 993 235 42 “Medical
446 992 399 50 jurisprudence”:
908 1005 42 37 p.
988 992 187 51 [73]-75.

115 1063 51 51 ©
196 1069 119 38 Mar.
344 1067 39 45 8,
411 1065 112 41 1932;
580 1066 67 39 2c.
675 1066 96 39 and
798 1064 82 40 aff.
910 1066 120 38 Mar.
1060 1064 54 39 14;
1171 1064 40 39 A
1238 1063 144 42 48949;
1441 1064 357 41 International
1826 1064 195 48 journal
2051 1067 51 39 of

183 1134 199 37 surgery
413 1134 66 29 co.
549 1121 250 48 (32-7619)

109 1229 263 66 Alexius,
404 1232 185 54 Saint.
663 1231 255 63 Legend.

177 1308 121 52 The
322 1306 104 55 life
451 1307 64 53 of
541 1306 166 56 Saint
730 1306 197 53 Alexis;
981 1324 73 35 an
1075 1305 114 55 Old
1213 1305 222 54 French
1457 1324 163 50 poem
1641 1305 64 53 of
1727 1308 94 51 the
1842 1305 257 54 eleventh

109 1390 253 64 century,
391 1385 140 52 with
562 1403 72 34 an
666 1384 388 53 introduction
1087 1384 111 53 and
1231 1402 30 34 a
1294 1382 211 70 special
1534 1385 258 68 glossary
1821 1384 77 69 by
1929 1385 70 53 V.
2033 1385 65 52 L.

109 1461 1133 70 Dedeck-Héry … New York [ ᶜ1 931]
177 1541 1921 49 2 p . l ., 82 p. 20½ᶜᵐ. (Publications of the Institute of French studies,
109 1599 115 48 inc.)

180 1669 371 48 Bibliography:
584 1679 43 38 p.
654 1668 128 42 9-11.

116 1738 51 51 ©
199 1742 109 40 Dec.
337 1742 68 46 21,
436 1740 110 41 1931;
605 1740 67 39 2c.
704 1741 108 39 Dec.
842 1739 56 41 28;
958 1739 80 40 aff.
1069 1740 112 47 Apr.
1213 1742 38 44 1,
1282 1739 112 41 1932;
1454 1740 40 39 A
1523 1740 142 41 46621;
1728 1742 52 39 V.
1812 1741 46 38 L.
1893 1742 209 39 Dedeck-

184 1798 145 43 Héry.
359 1799 117 39 New
505 1798 141 39 York.
711 1794 68 52 [©
810 1797 330 40 introduction
1171 1798 96 39 and
1297 1796 177 49 special
1505 1798 234 49 glossary]

192 1854 249 48 (32-1674)

111 1972 280 65 Arundel,
424 1971 201 55 Edith.

178 2047 1923 70 A ghost slips by, by Edith Arundel … London [etc.] Cassell
108 2127 111 53 and
247 2142 296 52 company,
568 2127 105 53 ltd.
723 2129 149 52 [1932]

176 2199 363 49 318, [1] p. 19½ ᶜᵐ.
117 2265 1984 52 © 1c. Mar. 25, 1932; A ad int. 16189; pubd. Jan. 28; E. Arundel, London.
192 2325 248 47 (32-8913)

112 2429 255 64 August,
400 2429 210 64 Garry,
645 2433 171 51 1894-

180 2504 173 55 God’s
397 2505 322 68 gentleman
789 2504 92 69 [by]
932 2503 191 70 Garry
1167 2503 246 71 August.
1493 2505 139 52 New
1679 2505 180 68 York,
1906 2506 71 52 A.
2027 2506 71 54 A.

110 2581 223 69 Knopf,
362 2583 150 51 1932.

178 2653 645 49 4 p. l. , 3-324 p., 1 l. 19 ½ᶜᵐ.
183 2725 174 47 “First,
389 2726 173 39 second
595 2726 95 38 and
722 2723 132 42 third
886 2723 243 49 printings
1159 2723 165 42 before
1358 2724 340 48 publication.”

118 2793 51 51 ©
199 2798 112 46 Apr.
341 2797 25 39 8,
408 2795 112 42 1932;
577 2796 67 40 2c.
674 2797 95 38 and
797 2795 81 41 aff.
907 2796 113 48 Apr.
1050 2795 29 40 9;
1135 2795 39 39 A
1203 2796 169 44 50661;
1405 2796 171 41 Alfred
1606 2798 54 39 A.
1690 2798 179 48 Knopf,
1901 2798 89 40 inc.

195 2854 278 46 (32-26333)

114 2971 209 65 Barry,
354 2970 261 65 Charles,
644 2970 196 68 pseud.

181 3047 1922 69 Murder on Monday …? By Charles Barry … London,
114 3125 149 67 Eyre
294 3127 110 51 and
436 3124 435 69 Spottiswoode,
902 3128 152 50 1932.

180 3198 1088 49 viii p., 1 l., 270 p. incl. front. (map) 19 ᶜᵐ.
121 3264 1980 54 © 1c. Mar. 25, 1932; A ad int. 16188; pubd. Jan. 29; Charles Bryson,
188 3326 208 40 London.
465 3325 250 49 (32-8912)

116 3437 239 65 Becker,
382 3444 137 52 Mrs.
550 3444 140 62 May
726 3442 419 65 (Lamberton)
1182 3441 170 54 1873-
1563 3444 85 52 ed.

184 3518 195 53 Under
407 3524 229 61 twenty,
661 3517 187 54 edited
875 3517 75 68 by
977 3517 138 68 May
1141 3517 341 54 Lamberton
1508 3518 215 52 Becker;
1780 3517 317 55 illustrated

116 3593 72 66 by
215 3594 190 67 Agnes
433 3595 267 53 Lehman.
769 3594 135 51 New
937 3594 177 66 York,
1142 3595 306 67 Harcourt,
1477 3595 177 51 Brace
1684 3595 110 51 and
1826 3614 274 49 company

122 3674 191 63 [ᶜ1932]

185 3741 983 48 xi, 346 p. front., illus., plates. 22½ ᶜᵐ.
186 3812 285 39 Illustrated
501 3811 363 47 lining-papers.

189 3867 231 41 Contains
443 3867 127 40 brief
594 3865 331 49 biographical
951 3867 222 40 sketches
1200 3868 52 39 of
1276 3868 82 40 the
1383 3869 217 40 authors.

126 3935 50 52 ©
201 3941 120 39 Mar.
343 3941 68 46 31,
436 3939 111 41 1932;
601 3939 66 41 2c.
693 3940 95 39 and
811 3938 82 42 aff.
916 3939 114 47 Apr.
1053 3939 27 39 4,
1118 3939 42 39 A
1182 3938 141 41 50491;
1379 3940 262 46 Harcourt,
1667 3942 153 43 Brace
1844 3948 36 40 &
1905 3952 81 35 co.,
2013 3942 89 41 inc.

201 3996 275 47 (32-26334)
