2563 4368
1076 4160 132 55 1797

161 545 301 67 Edwards,
493 548 214 65 Tryon,
740 549 324 65 1809-1894,
1095 563 178 52 comp.

227 624 122 53 The
382 643 119 33 new
535 623 318 67 dictionary
886 622 63 53 of
980 622 291 68 thoughts,
1305 645 31 33 a
1372 620 322 70 cyclopedia
1731 622 62 52 of
1826 622 322 67 quotations

160 701 150 51 from
342 701 94 52 the
467 702 118 52 best
617 702 232 50 authors
878 699 64 52 of
973 699 95 54 the
1099 699 197 67 world,
1330 699 138 53 both
1499 698 223 55 ancient
1755 700 112 51 and
1898 700 250 67 modern,

159 776 438 69 alphabetically
646 775 279 68 arranged
970 775 75 68 by
1091 773 259 70 subjects,
1397 772 307 72 originally
1751 775 278 69 compiled
2075 777 73 68 by

158 850 1966 142 Tryon Edwards, D. D. Rev. and enl. by C. N. Catrevas … London,
314 928 1416 64 New York. Classic publishing company [ ᶜ19 31]
227 1001 556 50 2 p. l., 732 p. 23½ᶜᵐ.
162 1071 51 51 ©
243 1075 108 39 Feb.
380 1076 27 37 4,
507 1075 54 38 1931;
620 1073 65 40 2c.
718 1073 100 40 Oct.
849 1073 69 48 29,
948 1073 113 40 1932;
1120 1074 81 38 aff.
1340 1104 8 8 Nov.
1380 1075 82 45 25;
1496 1075 39 37 A
1565 1073 169 49 58149;
1770 1075 231 40 Orsamus
229 1076 1902 93 Turner

342 1130 188 41 Harris.
561 1131 117 39 New
706 1130 142 38 York.
929 1126 51 51 [©
1011 1129 247 40 additions
1287 1132 94 38 and
1412 1130 316 50 supplement]

238 1186 278 49 (32-33953)

163 1286 191 67 Eisen,
384 1289 245 65 Gustav,
660 1291 170 54 1847-

226 1363 1920 71 Portraits of Washington [by] Gustavus A. Eisen … New
163 1441 171 67 York,
361 1441 67 52 R.
458 1442 300 52 Hamilton
785 1444 45 50 &
858 1442 310 67 associates,
1198 1446 149 49 1932.

225 1512 1674 51 3 v. fronts, (v. 1-2, col.) illus., plates, ports., facsims. 28 ᶜᵐ .
226 1570 163 47 Paged
421 1568 352 48 continuously.

226 1625 357 49 Reproduction
610 1626 52 40 of
689 1626 183 48 George
898 1626 360 49 Washington’s
1283 1627 274 49 book-plate
1584 1639 59 28 on
1671 1628 362 49 lining-papers.

227 1682 138 40 Some
397 1682 52 40 of
482 1683 81 39 the
594 1682 156 48 plates
782 1684 124 39 have
939 1682 290 49 descriptive
1260 1684 285 47 letterpress
1577 1694 60 30 on
1670 1694 165 30 versos
1866 1684 166 49 facing
2065 1686 82 38 the

154 1738 170 48 plates.

226 1794 1918 50 “This edition … autographed by the author is limited to three hundred
154 1854 98 39 sets
277 1850 52 41 of
352 1853 137 39 three
513 1851 258 41 volumes.”
827 1851 117 41 This
969 1855 72 38 set
1068 1852 42 40 is
1134 1852 191 40 neither
1349 1852 263 41 numbered
1637 1863 90 30 nor
1750 1852 181 49 signed.

225 1907 276 42 “Gustavus
531 1908 249 47 Augustus
814 1907 159 48 Eisen,
1005 1909 340 47 reproduction
1378 1909 51 39 of
1460 1919 27 30 a
1521 1907 211 50 portrait
1763 1910 59 46 by
1854 1909 210 41 Wilford
2100 1909 46 46 S.

155 1964 202 42 Conrow
390 1965 95 39 and
518 1974 62 30 an
611 1963 332 50 appreciation
973 1965 62 47 by
1066 1964 256 40 Professor
1351 1965 55 40 A.
1437 1965 53 41 T.
1524 1964 277 41 Olmstead”
1844 1964 81 51 ([3]
1960 1977 44 37 p.
2034 1966 110 43 incl.

153 2022 230 40 mounted
410 2021 149 48 port.)
597 2020 103 41 laid
727 2020 65 42 in.

223 2076 347 50 Bibliography:
629 2078 92 39 vol.
817 2108 9 16 III,
856 2089 45 37 p.
931 2075 216 44 969-989.

225 2135 371 41 CONTENTS.—I.
634 2133 244 41 Portraits
916 2134 49 39 in
1004 2133 64 40 oil
1106 2133 199 48 painted
1343 2134 61 47 by
1443 2134 186 40 Gilbert
1670 2134 184 48 Stuart,
1894 2134 62 49 by
1996 2134 54 43 G.
2088 2135 56 41 A.

155 2190 144 40 Eisen
327 2190 205 40 assisted
562 2190 61 46 by
651 2190 49 40 C.
730 2190 42 41 J.
801 2190 355 40 Dearden.—II.
1184 2189 245 40 Portraits
1457 2189 49 39 in
1535 2190 64 39 oil
1627 2190 199 47 painted
1853 2191 60 46 by
1943 2190 201 41 Charles

154 2245 203 42 Willson
390 2247 144 39 Peale
568 2246 95 40 and
697 2247 164 39 others;
926 2246 103 40 also
1064 2243 303 48 miniatures,
1404 2254 218 39 crayons,
1658 2245 225 41 charcoal
1917 2247 95 39 and
2048 2246 97 39 line

154 2302 246 48 drawings
433 2303 61 47 by
529 2303 165 39 James
731 2302 243 47 Sharpies,
1011 2301 50 41 C.
1097 2302 53 39 B.
1185 2301 43 40 J.
1264 2301 52 41 F.
1351 2302 58 39 de
1446 2301 139 41 Saint
1622 2300 178 41 Mémin
1835 2303 94 39 and
1965 2302 178 47 others,

153 2359 61 48 by
237 2358 53 44 G.
310 2360 54 41 A.
387 2359 159 40 Eisen.
548 2382 135 19 —III.
708 2357 290 48 Sculptured
1018 2357 248 48 portraits,
1290 2356 248 49 including
1561 2360 202 46 statues,
1787 2359 150 47 busts,
1964 2356 179 48 reliefs,

154 2417 97 39 and
272 2415 177 48 masks,
474 2415 50 39 in
547 2425 124 37 wax,
695 2413 197 49 marble,
918 2414 96 39 and
1038 2414 197 48 plaster,
1260 2414 62 48 by
1349 2413 52 41 G.
1427 2415 54 39 A.
1506 2413 146 40 Eisen
1678 2414 209 41 assisted
1912 2415 62 47 by
1997 2414 73 42 W.
2098 2413 44 42 S.

154 2472 217 42 Conrow.

159 2542 54 52 ©
242 2547 101 39 Oct.
373 2547 69 44 20,
474 2545 112 40 1932;
644 2544 67 40 2c.
742 2544 116 39 each
891 2545 94 37 and
1016 2541 80 41 aff.
1238 2576 8 6 Nov.
1277 2542 56 38 29;
1392 2544 39 37 A
1463 2541 143 41 58260;
1668 2543 52 40 G.
1753 2543 54 39 A.
1840 2541 158 47 Eisen,
2029 2542 117 38 New

224 2603 144 39 York.
439 2601 277 47 (32-34114)

155 2705 172 65 Eliot,
357 2704 257 54 Thomas
642 2705 265 63 Stearns,
938 2708 169 50 1888-

225 2783 155 52 John
417 2783 254 67 Dryden,
708 2782 94 51 the
842 2786 148 62 poet,
1027 2781 93 52 the
1161 2780 320 66 dramatist,
1517 2781 93 51 the
1652 2779 178 67 critic,
1869 2780 155 52 three
155 2797 1966 132 essays

312 2860 74 68 by
416 2861 64 51 T.
515 2858 55 56 S.
603 2860 175 51 Eliot.
844 2859 138 52 New
1015 2857 178 67 York,
1223 2858 63 51 T.
1319 2860 46 50 &
1396 2857 136 53 Elsa
1565 2856 298 68 Holliday,
1897 2858 149 51 1932.

222 2918 1141 65 3 p. i., [5]-67, [1] p. front. (port.) 20½ᶜᵐ.
227 2989 113 41 “110
367 2990 159 47 copies
556 2990 52 39 of
637 2989 99 40 this
766 2988 179 48 special
976 2987 181 43 edition
1189 2988 124 39 have
1343 2987 115 41 been
1490 2987 206 48 printed.
1757 2985 84 41 100
1871 2985 158 49 copies
2061 2996 83 30 are

155 3047 78 39 for
265 3045 144 41 sale.”
467 3045 120 40 This
619 3055 118 38 copy
769 3048 83 37 not
884 3045 274 39 numbered.
1223 3043 176 49 Signed
1431 3044 61 48 by
1526 3043 81 41 the
1640 3043 189 39 author.

158 3105 51 51 ©
236 3108 101 40 Oct.
364 3107 67 48 18,
459 3106 112 41 1932;
627 3107 66 39 2c.
719 3107 118 39 Nov.
864 3106 54 39 12;
975 3105 79 40 aff.
1084 3106 116 39 Nov.
1227 3104 54 41 23;
1338 3106 41 38 A
1405 3105 143 40 58145;
1604 3105 50 38 T.
1687 3104 42 40 S.
1760 3104 143 47 Eliot,
1931 3104 210 41 London.

235 3163 277 49 (32-34091)

153 3265 270 66 Erskine,
452 3265 173 66 John,
659 3266 169 55 1879-

221 3340 1860 70 Tristan and Isolde, restoring Palamede, by John Erskine …
153 3419 1572 63 Indianapolis, The Bobbs-Merrill company [ ᶜ19 32]
220 3493 282 50 347 p. 20 ½ᶜᵐ.
223 3550 160 40 “First
413 3549 224 41 edition.”

158 3602 51 51 ©
238 3607 111 39 Dec.
377 3607 23 37 1,
443 3605 112 40 1932;
612 3606 67 39 2c.
710 3606 108 39 Dec.
847 3607 51 45 5;
930 3605 80 40 aff.
1040 3605 110 39 Dec.
1180 3606 26 38 6;
1263 3606 40 37 A
1331 3604 168 47 58255;
1532 3605 43 39 J.
1605 3603 219 47 Erskine,
1853 3603 119 39 New
1998 3603 142 39 York.

234 3661 277 48 (32-33984)

154 3763 264 64 Everett,
452 3762 306 55 Elizabeth
788 3763 232 56 Lowell.

222 3838 337 68 Impossible
602 3837 211 70 things,
858 3840 111 52 and
1015 3838 161 53 other
1220 3856 204 51 essays,
1465 3840 75 65 by
1585 3836 300 54 Elizabeth
1927 3836 212 54 Lowell

153 3911 1947 72 Everett … Philadelphia, Dorrance & company, inc. [ ᶜ19 32]
222 3988 304 49 46 p. 21 ᶜᵐ .
158 4041 51 51 ©
238 4045 100 40 Oct.
364 4044 70 48 25,
462 4044 112 40 1932;
630 4044 66 41 2c.
726 4044 99 40 Oct.
854 4044 57 40 28;
966 4044 79 39 aff.
1074 4045 117 38 Nov.
1219 4045 55 38 22;
1332 4046 39 38 A
1399 4044 141 41 58032;
1598 4045 248 40 Dorrance
1874 4045 35 40 &
1937 4055 82 37 co.,
2049 4045 89 40 inc.

234 4100 277 46 (32-33926)
