2563 4368
1349 4062 135 50 1600

509 511 1043 57 v, [1], 219 p. illus. (incl. maps) 21 ᶜᵐ .
410 582 53 54 ©
503 587 115 48 Apr.
658 585 56 41 29
769 585 114 41 1932;
953 584 67 41 2c.
1062 586 96 38 and
1199 583 82 41 aff.
1323 584 119 47 Aug.
1484 583 56 41 27;
1610 585 41 38 A
1693 583 142 41 54571;
1906 583 173 49 Hinds,
2122 584 206 47 Hayden
2372 584 36 41 &

477 644 254 48 Eldredge,
767 643 88 40 inc.
927 641 15 49 (CA
1027 640 174 41 32-734
1221 639 236 49 Unrev’d)

405 746 300 65 Huonder,
738 745 221 64 Anton,
994 748 323 50 1858-1926.

476 822 85 54 At
601 822 96 53 the
742 820 116 54 feet
899 819 65 55 of
1008 821 98 52 the
1147 819 213 54 Divine
1403 820 245 67 Master;
1696 820 160 53 short
1899 819 368 56 meditations
2311 820 96 54 for

408 897 1998 73 busy priests, by the Rev. Anthony Huonder, S. J. Fourth
418 978 193 70 (final)
644 977 187 68 series,
856 977 122 53 The
1001 975 177 54 break
1203 974 64 55 of
1291 975 185 53 dawn.
1539 974 84 56 St.
1650 974 192 70 Louis,
1868 976 115 54 Mo.
2011 976 114 54 and
2149 976 260 69 London,

409 1058 67 52 B.
502 1057 228 53 Herder
755 1055 149 54 book
926 1072 98 51 co.,
1053 1056 150 51 1932.

476 1127 427 52 vi, 274 p. 19 ᶜᵐ .
480 1182 1690 51 “From the editor’s foreword” signed: Balthasar Wilhelm, S. J.
415 1255 51 53 ©
505 1260 128 48 Sept.
667 1258 68 48 16,
771 1256 141 49 1932;
948 1257 69 40 2c.
1052 1258 96 39 and
1183 1256 83 39 aff.
1304 1257 129 47 Sept.
1467 1254 81 49 19;
1587 1257 40 38 A
1661 1254 171 50 54918;
1869 1258 53 39 B.
1959 1257 190 41 Herder
2185 1257 123 40 book
2342 1267 68 31 co.

493 1315 280 50 (32-30288)

411 1416 258 68 Kander,
709 1416 191 56 Lizzie
949 1415 241 66 (Black)
1238 1416 172 53 “Mrs.
1451 1414 201 56 Simon
1691 1416 296 63 Kander,”
2029 1421 172 50 1858-

482 1517 180 50 comp.

483 1576 123 53 The
632 1574 336 56 Settlement
993 1574 139 53 cook
1155 1573 165 68 book,
1345 1574 281 67 compiled
1651 1573 75 69 by
1751 1573 139 54 Mrs.
1921 1573 198 56 Simon
2145 1574 238 53 Kander;

413 1655 180 53 tested
634 1654 213 67 recipes
890 1652 151 53 from
1083 1652 97 53 the
1222 1650 337 56 Settlement
1600 1652 242 69 cooking
1883 1653 218 67 classes,
2143 1653 98 54 the
414 1652 1974 133 Milwaukee

675 1731 193 68 public
901 1730 190 53 school
1124 1730 276 67 kitchens,
1433 1730 99 53 the
1565 1729 207 55 School
1806 1729 63 54 of
1901 1731 191 53 trades
2128 1730 93 54 for
2254 1731 159 68 girls,

415 1811 113 52 and
555 1809 368 69 experienced
949 1808 364 53 housewives.
1379 1808 131 53 19th
1538 1808 266 54 ed.—enl.
1833 1809 112 53 and
1973 1828 114 34 rev.
414 1807 1975 150 Milwaukee,

558 1888 123 52 The
710 1885 337 56 Settlement
1076 1886 139 53 cook
1242 1885 147 54 book
1419 1903 97 50 co.,
1548 1890 150 49 1931.

485 1961 152 48 xxxii,
667 1960 85 41 624
781 1972 41 37 p.
880 1960 129 40 illus.
1038 1960 133 48 (incl.
1201 1958 149 50 port.)
1416 1958 145 42 19½ᶜᵐ.

484 2017 316 48 Advertising
825 2017 179 41 matter:
1063 2027 43 38 p.
1137 2015 217 42 613-624.

420 2086 51 52 ©
500 2090 116 39 Nov.
646 2087 39 48 2,
713 2087 113 41 1931;
884 2086 67 40 2c.
980 2086 120 47 Aug.
1128 2086 69 47 31,
1227 2084 114 41 1932;
1401 2085 82 41 aff.
1514 2085 102 40 Oct.
1646 2087 54 39 13;
1759 2087 41 38 A
1829 2087 144 40 56617;
2032 2089 51 39 E.
2115 2089 54 40 B.
2200 2088 212 48 Kander,

488 2144 303 41 Milwaukee.
863 2142 278 49 (32-30267)

415 2246 317 64 Kentucky
774 2245 199 68 digest.
1053 2247 134 49 1932
1230 2244 343 53 cumulative
1618 2247 211 50 annual
1869 2246 204 68 pocket
2115 2251 159 64 parts
2315 2246 95 53 for

487 2323 1654 69 vols. 1-20 … St. Paul, West publishing co. [ ᶜ19 32 ]
487 2399 302 41 20 v. 25 ᶜᵐ .
489 2453 297 45 Cover-title.

490 2513 153 38 These
671 2511 273 48 pamphlets
972 2521 83 29 are
1084 2514 48 36 to
1162 2509 55 41 be
1245 2510 140 39 fitted
1413 2509 102 41 into
1546 2511 85 39 the
1656 2511 197 46 pockets
1884 2514 50 37 at
1964 2513 81 38 the
2074 2511 148 41 backs
2253 2513 51 40 of
2333 2514 80 40 the

419 2570 217 38 volumes
661 2568 50 39 of
739 2567 81 40 the
849 2569 74 38 set
949 2570 49 36 to
1027 2566 157 40 which
1213 2567 114 46 they
1354 2566 183 48 belong.

422 2621 51 52 ©
513 2625 101 40 Oct.
653 2625 69 47 18,
759 2623 140 47 1932;
939 2621 66 41 2c.
1045 2623 118 39 each
1203 2623 94 38 and
1336 2621 80 40 aff.
1456 2623 118 39 Nov.
1613 2623 81 47 14;
1735 2624 41 38 A
1815 2622 169 49 55940;
2027 2625 136 40 West
2198 2624 110 49 pub.
2346 2635 67 31 co.

419 2744 178 63 Lake,
628 2743 226 63 George
885 2742 170 54 Burt.

488 2819 280 68 Hilltops,
795 2819 75 67 by
900 2818 222 68 George
1149 2821 149 50 Burt
1327 2818 169 53 Lake.
1578 2818 370 70 [Waukegan,
1977 2821 112 67 Ill.,
2119 2820 185 54 Print,
2335 2822 76 68 by

419 2897 274 54 National
725 2894 148 57 office
903 2897 211 68 supply
1144 2915 297 50 company]
1480 2899 152 51 1932.

489 2971 58 41 48
574 2982 44 37 p.
678 2970 145 41 18½ᶜᵐ.

490 3028 184 40 Poems.

427 3080 51 52 ©
510 3084 114 47 July
654 3084 69 47 28,
753 3081 113 42 1932;
925 3081 66 41 2c.
1023 3084 96 38 and
1148 3082 81 40 aff.
1261 3083 120 47 Aug.
1413 3084 23 37 1;
1497 3083 41 38 A
1568 3082 143 41 54397;
1773 3084 51 39 G.
1858 3085 54 39 B.
1944 3084 143 49 Lake,
2119 3085 157 40 North
493 3085 1904 103 Chicago,

656 3140 74 39 Ill.
801 3138 14 48 (CA
901 3138 174 40 32-763
1094 3139 235 47 Unrev’d)

421 3242 185 62 Lang,
634 3240 208 54 Milton
874 3240 261 55 Charles.

493 3317 1784 70 The healing touch in mission lands, by Milton C. Lang, M. D.
425 3393 1455 71 St. Louis, Mo., Eden publishing house [ ᶜ19 32]
494 3466 876 50 143 p. illus. (incl. maps) 19 ᶜᵐ .
494 3523 347 48 Bibliography:
902 3531 43 39 p.
976 3523 99 39 143.

429 3576 51 51 ©
520 3580 126 47 Sept.
686 3580 39 46 1,
764 3578 139 42 1932;
943 3578 65 40 2c.
1050 3578 102 41 Oct.
1191 3581 52 45 7;
1285 3579 81 40 aff.
1407 3580 101 41 Oct.
1548 3581 52 47 6;
1640 3582 41 38 A
1720 3582 169 47 55488;
1931 3583 135 39 Eden
2102 3582 109 48 pub.
2251 3583 163 41 house.

507 3635 279 49 (32-30272)

424 3736 272 66 Larique,
725 3737 245 56 Marius.

554 3812 1459 70 … Les hommes punis. Paris, Gallimard [ ᶜ19 32]
493 3884 1794 51 2 p. l., [7]-250 p., 2 l. 19 ᶜᵐ . (On cover: Collection Succès. 13)
430 3936 1982 56 © Mar. 25, 1932; 1c. May 9; A—Foreign 16825; Librairie Gallimard.
507 3996 279 50 (32-31183)
