<alto xmlns="http://www.loc.gov/standards/alto/ns-v3#" xmlns:xlink="http://www.w3.org/1999/xlink" xmlns:xsi="http://www.w3.org/2001/XMLSchema-instance" xsi:schemaLocation="http://www.loc.gov/standards/alto/ns-v3# http://www.loc.gov/alto/v3/alto-3-0.xsd"><Description>
<MeasurementUnit>pixel</MeasurementUnit>
<sourceImageInformation>
<fileName>1932_v29_part001.pdf</fileName>
</sourceImageInformation>
<OCRProcessing ID="IdOcr">
<ocrProcessingStep>
<processingDateTime>2019-04-25</processingDateTime>
<processingSoftware>
<softwareCreator>ABBYY</softwareCreator>
<softwareName>ABBYY Recognition Server</softwareName>
<softwareVersion>4.0</softwareVersion>
</processingSoftware>
</ocrProcessingStep>
</OCRProcessing>
</Description>
<Styles>
<ParagraphStyle ID="StyleId-FFFFFFFF-FFFF-FFFF-FFFF-FFFFFFFFFFFF-" ALIGN="Left" LEFT="0." RIGHT="0." FIRSTLINE="0."/>
<ParagraphStyle ID="StyleId-547D96D3-B2DE-4E86-A4BD-9DDFC275973A-" ALIGN="Left" LEFT="0." RIGHT="0." FIRSTLINE="0." LINESPACE="7.699999809"/>
<ParagraphStyle ID="StyleId-BE433B82-DF6F-491A-9872-F562FF4150C8-" ALIGN="Block" LEFT="0." RIGHT="0." FIRSTLINE="-13." LINESPACE="7.900000095"/>
<ParagraphStyle ID="StyleId-CC286467-50C5-4655-B0CF-BA365CCE0736-" ALIGN="Block" LEFT="0." RIGHT="0." FIRSTLINE="-15." LINESPACE="8.479999542"/>
<ParagraphStyle ID="StyleId-9878414D-BEDB-487D-971A-CF5ADB5C4AD2-" ALIGN="Block" LEFT="0." RIGHT="0." FIRSTLINE="-14." LINESPACE="10.92000008"/>
<ParagraphStyle ID="StyleId-EBC70DE5-3635-4BD4-B07B-05DF6EFE0022-" ALIGN="Block" LEFT="0." RIGHT="0." FIRSTLINE="-13." LINESPACE="12.19999981"/>
<ParagraphStyle ID="StyleId-8A688F83-F017-4D5D-A00A-14637016ED45-" ALIGN="Left" LEFT="0." RIGHT="0." FIRSTLINE="0." LINESPACE="9.399999619"/>
<ParagraphStyle ID="StyleId-20F0BBAE-20C6-42F4-8113-00B5C02924DC-" ALIGN="Left" LEFT="0." RIGHT="0." FIRSTLINE="0." LINESPACE="11.10000038"/>
<ParagraphStyle ID="StyleId-7AA70148-8873-4ACB-90AE-BF9322E02302-" ALIGN="Left" LEFT="0." RIGHT="0." FIRSTLINE="-13." LINESPACE="11.09000015"/>
<ParagraphStyle ID="StyleId-072EF7BA-7207-4F8B-9A7C-F564E8B4CB16-" ALIGN="Left" LEFT="0." RIGHT="0." FIRSTLINE="-14." LINESPACE="12.19999981"/>
<ParagraphStyle ID="StyleId-44303D12-21D7-4DB0-9E9F-87FA1A861DD7-" ALIGN="Block" LEFT="0." RIGHT="0." FIRSTLINE="-14." LINESPACE="10.92000008"/>
<ParagraphStyle ID="StyleId-43CF0D44-8AC2-4CD0-865F-942C78705184-" ALIGN="Block" LEFT="0." RIGHT="0." FIRSTLINE="-13." LINESPACE="12.19999981"/>
<ParagraphStyle ID="StyleId-7A298A86-29F5-413A-AEC9-078A4CC464D7-" ALIGN="Block" LEFT="0." RIGHT="0." FIRSTLINE="13." LINESPACE="12.19999981"/>
<ParagraphStyle ID="StyleId-8E4E86F7-C1F9-4A1A-B605-6B1FC1C8E9F7-" ALIGN="Left" LEFT="0." RIGHT="0." FIRSTLINE="0." LINESPACE="11.60000038"/>
<ParagraphStyle ID="StyleId-AB39791B-5ED1-444F-BEF5-2CFED1F2709A-" ALIGN="Left" LEFT="0." RIGHT="0." FIRSTLINE="-13." LINESPACE="11.09000015"/>
<ParagraphStyle ID="StyleId-C1F2EEE7-CD00-4E11-9EAD-B222287AEDA4-" ALIGN="Center" LEFT="0." RIGHT="0." FIRSTLINE="0." LINESPACE="11.10000038"/>
</Styles>
<Layout>
<Page ID="Page1890" PHYSICAL_IMG_NR="1890" HEIGHT="4368" WIDTH="2563">
<TopMargin HEIGHT="452" WIDTH="2563" VPOS="0" HPOS="0">
</TopMargin>
<LeftMargin HEIGHT="3729" WIDTH="372" VPOS="452" HPOS="0">
</LeftMargin>
<RightMargin HEIGHT="3729" WIDTH="157" VPOS="452" HPOS="2406">
</RightMargin>
<BottomMargin HEIGHT="187" WIDTH="2563" VPOS="4181" HPOS="0">
</BottomMargin>
<PrintSpace HEIGHT="3729" WIDTH="2034" VPOS="452" HPOS="372">
<TextBlock ID="Page1890_Block1" HEIGHT="99" WIDTH="338" VPOS="4082" HPOS="1260" LANG="en-US" STYLEREFS="StyleId-F20E72F8-F941-4B6A-8729-CE7817D77895-">
<TextLine HEIGHT="50" WIDTH="134" VPOS="4082" HPOS="1334">
<String CONTENT="1890" HEIGHT="50" WIDTH="134" VPOS="4082" HPOS="1334"/>
</TextLine>
</TextBlock>
<TextBlock ID="Page1890_Block2" HEIGHT="3616" WIDTH="2034" VPOS="452" HPOS="372" LANG="en-US" CS="1" STYLEREFS="StyleId-F20E72F8-F941-4B6A-8729-CE7817D77895-">
<TextLine HEIGHT="147" WIDTH="1965" VPOS="463" HPOS="382" STYLEREFS="StyleId-B9E3B076-F33F-4872-852C-5193CE228F9C-" CS="1">
<String LANG="la" CONTENT="Boston." HEIGHT="54" WIDTH="240" VPOS="463" HPOS="382"/>
<SP HEIGHT="50" WIDTH="75" VPOS="466" HPOS="623"/>
<String CONTENT="Tercentenary" HEIGHT="64" WIDTH="415" VPOS="466" HPOS="699"/>
<SP HEIGHT="49" WIDTH="42" VPOS="481" HPOS="1115"/>
<String CONTENT="committee." HEIGHT="55" WIDTH="333" VPOS="463" HPOS="1158"/>
<SP HEIGHT="52" WIDTH="73" VPOS="465" HPOS="1492"/>
<String CONTENT="Subcommittee" HEIGHT="54" WIDTH="444" VPOS="464" HPOS="1566"/>
<SP HEIGHT="35" WIDTH="42" VPOS="483" HPOS="2011"/>
<String CONTENT="on" HEIGHT="35" WIDTH="72" VPOS="483" HPOS="2054"/>
<SP HEIGHT="33" WIDTH="37" VPOS="484" HPOS="2127"/>
<String CONTENT="memorial" HEIGHT="115" WIDTH="1898" VPOS="482" HPOS="449"/>
<SP HEIGHT="52" WIDTH="26" VPOS="543" HPOS="563"/>
<String CONTENT="history." HEIGHT="67" WIDTH="235" VPOS="543" HPOS="590"/>
</TextLine>
<TextLine HEIGHT="133" WIDTH="1970" VPOS="617" HPOS="381" CS="1">
<String CONTENT="Fifty" HEIGHT="68" WIDTH="169" VPOS="619" HPOS="451"/>
<SP HEIGHT="49" WIDTH="36" VPOS="638" HPOS="621"/>
<String CONTENT="years" HEIGHT="48" WIDTH="160" VPOS="637" HPOS="658"/>
<SP HEIGHT="37" WIDTH="37" VPOS="637" HPOS="819"/>
<String CONTENT="of" HEIGHT="52" WIDTH="65" VPOS="619" HPOS="857"/>
<SP HEIGHT="53" WIDTH="38" VPOS="619" HPOS="923"/>
<String CONTENT="Boston;" HEIGHT="62" WIDTH="242" VPOS="621" HPOS="962"/>
<SP HEIGHT="44" WIDTH="41" VPOS="639" HPOS="1205"/>
<String CONTENT="a" HEIGHT="33" WIDTH="31" VPOS="639" HPOS="1247"/>
<SP HEIGHT="33" WIDTH="36" VPOS="639" HPOS="1279"/>
<String CONTENT="memorial" HEIGHT="53" WIDTH="294" VPOS="619" HPOS="1316"/>
<SP HEIGHT="51" WIDTH="35" VPOS="622" HPOS="1611"/>
<String CONTENT="volume" HEIGHT="50" WIDTH="223" VPOS="623" HPOS="1647"/>
<SP HEIGHT="55" WIDTH="37" VPOS="618" HPOS="1871"/>
<String CONTENT="issued" HEIGHT="56" WIDTH="186" VPOS="618" HPOS="1909"/>
<SP HEIGHT="56" WIDTH="36" VPOS="617" HPOS="2096"/>
<String CONTENT="in" HEIGHT="57" WIDTH="59" VPOS="617" HPOS="2133"/>
<SP HEIGHT="35" WIDTH="36" VPOS="639" HPOS="2193"/>
<String CONTENT="commemoration" HEIGHT="112" WIDTH="1970" VPOS="638" HPOS="381"/>
<SP HEIGHT="33" WIDTH="24" VPOS="716" HPOS="756"/>
<String CONTENT="of" HEIGHT="53" WIDTH="65" VPOS="696" HPOS="781"/>
<SP HEIGHT="53" WIDTH="25" VPOS="696" HPOS="847"/>
<String CONTENT="the" HEIGHT="51" WIDTH="96" VPOS="698" HPOS="873"/>
</TextLine>
<TextLine HEIGHT="145" WIDTH="1971" VPOS="697" HPOS="382" CS="1">
<String CONTENT="tercentenary" HEIGHT="63" WIDTH="391" VPOS="701" HPOS="996"/>
<SP HEIGHT="49" WIDTH="26" VPOS="715" HPOS="1388"/>
<String CONTENT="of" HEIGHT="51" WIDTH="64" VPOS="697" HPOS="1415"/>
<SP HEIGHT="51" WIDTH="28" VPOS="697" HPOS="1480"/>
<String CS="1" CONTENT="1930;" HEIGHT="49" WIDTH="133" VPOS="700" HPOS="1509"/>
<SP HEIGHT="47" WIDTH="30" VPOS="716" HPOS="1670"/>
<String CONTENT="compiled" HEIGHT="67" WIDTH="280" VPOS="697" HPOS="1701"/>
<SP HEIGHT="53" WIDTH="24" VPOS="697" HPOS="1982"/>
<String CONTENT="by" HEIGHT="68" WIDTH="76" VPOS="697" HPOS="2007"/>
<SP HEIGHT="62" WIDTH="24" VPOS="703" HPOS="2084"/>
<String CONTENT="the" HEIGHT="52" WIDTH="97" VPOS="699" HPOS="2109"/>
<SP HEIGHT="55" WIDTH="28" VPOS="698" HPOS="2207"/>
<String CONTENT="Subcommittee" HEIGHT="131" WIDTH="1971" VPOS="697" HPOS="382"/>
<SP HEIGHT="35" WIDTH="45" VPOS="792" HPOS="702"/>
<String CONTENT="on" HEIGHT="34" WIDTH="71" VPOS="792" HPOS="748"/>
<SP HEIGHT="33" WIDTH="44" VPOS="793" HPOS="820"/>
<String CONTENT="memorial" HEIGHT="53" WIDTH="294" VPOS="774" HPOS="865"/>
<SP HEIGHT="52" WIDTH="47" VPOS="774" HPOS="1160"/>
<String CONTENT="history" HEIGHT="69" WIDTH="220" VPOS="773" HPOS="1208"/>
</TextLine>
<TextLine HEIGHT="67" WIDTH="904" VPOS="774" HPOS="1475">
<String CONTENT="of" HEIGHT="52" WIDTH="64" VPOS="774" HPOS="1475"/>
<SP HEIGHT="54" WIDTH="43" VPOS="774" HPOS="1540"/>
<String CONTENT="the" HEIGHT="54" WIDTH="96" VPOS="774" HPOS="1584"/>
<SP HEIGHT="52" WIDTH="45" VPOS="775" HPOS="1681"/>
<String CONTENT="Boston" HEIGHT="53" WIDTH="214" VPOS="775" HPOS="1727"/>
<SP HEIGHT="48" WIDTH="44" VPOS="779" HPOS="1942"/>
<String CONTENT="tercentenary" HEIGHT="62" WIDTH="392" VPOS="779" HPOS="1987"/>
</TextLine>
<TextLine HEIGHT="69" WIDTH="1996" VPOS="850" HPOS="383">
<String CONTENT="committee," HEIGHT="66" WIDTH="335" VPOS="852" HPOS="383"/>
<SP HEIGHT="67" WIDTH="24" VPOS="851" HPOS="719"/>
<String CONTENT="Elisabeth" HEIGHT="54" WIDTH="295" VPOS="851" HPOS="744"/>
<SP HEIGHT="52" WIDTH="25" VPOS="852" HPOS="1040"/>
<String CONTENT="M." HEIGHT="52" WIDTH="79" VPOS="852" HPOS="1066"/>
<SP HEIGHT="52" WIDTH="24" VPOS="852" HPOS="1146"/>
<String CONTENT="Herlihy," HEIGHT="68" WIDTH="267" VPOS="851" HPOS="1171"/>
<SP HEIGHT="49" WIDTH="22" VPOS="870" HPOS="1439"/>
<String CONTENT="chairman" HEIGHT="54" WIDTH="293" VPOS="850" HPOS="1462"/>
<SP HEIGHT="34" WIDTH="24" VPOS="870" HPOS="1756"/>
<String CONTENT="and" HEIGHT="54" WIDTH="112" VPOS="852" HPOS="1781"/>
<SP HEIGHT="54" WIDTH="25" VPOS="852" HPOS="1894"/>
<String CONTENT="editor," HEIGHT="66" WIDTH="202" VPOS="852" HPOS="1920"/>
<SP HEIGHT="66" WIDTH="20" VPOS="852" HPOS="2123"/>
<String CONTENT="Charles" HEIGHT="55" WIDTH="235" VPOS="852" HPOS="2144"/>
</TextLine>
<TextLine HEIGHT="68" WIDTH="1998" VPOS="929" HPOS="382" CS="1">
<String CONTENT="K." HEIGHT="53" WIDTH="75" VPOS="929" HPOS="382"/>
<SP HEIGHT="52" WIDTH="44" VPOS="930" HPOS="458"/>
<String CONTENT="Bolton," HEIGHT="66" WIDTH="230" VPOS="930" HPOS="503"/>
<SP HEIGHT="67" WIDTH="43" VPOS="929" HPOS="734"/>
<String CONTENT="Joseph" HEIGHT="68" WIDTH="216" VPOS="929" HPOS="778"/>
<SP HEIGHT="52" WIDTH="45" VPOS="929" HPOS="995"/>
<String CONTENT="E." HEIGHT="52" WIDTH="67" VPOS="930" HPOS="1041"/>
<SP HEIGHT="54" WIDTH="46" VPOS="929" HPOS="1109"/>
<String CONTENT="Chamberlin" HEIGHT="54" WIDTH="368" VPOS="929" HPOS="1156"/>
<SP HEIGHT="34" WIDTH="49" VPOS="948" HPOS="1525"/>
<String CS="1" CONTENT="&#8230;"/>
<SP HEIGHT="34" WIDTH="55" VPOS="962" HPOS="1632"/>
<String CS="1" CONTENT="[and" HEIGHT="53" WIDTH="112" VPOS="930" HPOS="1705"/>
<SP HEIGHT="53" WIDTH="45" VPOS="930" HPOS="1818"/>
<String CS="1" CONTENT="others]" HEIGHT="53" WIDTH="187" VPOS="929" HPOS="1864"/>
<SP HEIGHT="66" WIDTH="47" VPOS="931" HPOS="2072"/>
<String CONTENT="William" HEIGHT="54" WIDTH="260" VPOS="930" HPOS="2120"/>
</TextLine>
<TextLine HEIGHT="70" WIDTH="1393" VPOS="1005" HPOS="384" CS="1">
<String CONTENT="A." HEIGHT="53" WIDTH="71" VPOS="1007" HPOS="384"/>
<SP HEIGHT="53" WIDTH="26" VPOS="1007" HPOS="456"/>
<String CONTENT="Leahy," HEIGHT="68" WIDTH="213" VPOS="1007" HPOS="483"/>
<SP HEIGHT="47" WIDTH="27" VPOS="1026" HPOS="697"/>
<String CONTENT="editorial" HEIGHT="55" WIDTH="265" VPOS="1005" HPOS="725"/>
<SP HEIGHT="50" WIDTH="27" VPOS="1009" HPOS="991"/>
<String CONTENT="adviser." HEIGHT="53" WIDTH="240" VPOS="1007" HPOS="1019"/>
<SP HEIGHT="34" WIDTH="79" VPOS="1039" HPOS="1260"/>
<String CONTENT="[Boston," HEIGHT="69" WIDTH="253" VPOS="1006" HPOS="1340"/>
<SP HEIGHT="61" WIDTH="25" VPOS="1014" HPOS="1594"/>
<String STYLE="superscript" CS="1" CONTENT="&#7580;19"/>
<String CS="1" CONTENT="32]" HEIGHT="51" WIDTH="66" VPOS="1008" HPOS="1711"/>
</TextLine>
<TextLine HEIGHT="50" WIDTH="1165" VPOS="1079" HPOS="526" CS="1">
<String STYLE="subscript" CS="1" CONTENT="xx"/>
<String CONTENT="," HEIGHT="17" WIDTH="9" VPOS="1111" HPOS="526"/>
<SP HEIGHT="47" WIDTH="25" VPOS="1081" HPOS="536"/>
<String CONTENT="799" HEIGHT="41" WIDTH="85" VPOS="1080" HPOS="562"/>
<SP HEIGHT="49" WIDTH="22" VPOS="1080" HPOS="648"/>
<String CONTENT="p." HEIGHT="37" WIDTH="42" VPOS="1092" HPOS="671"/>
<SP HEIGHT="40" WIDTH="25" VPOS="1080" HPOS="714"/>
<String CONTENT="incl." HEIGHT="41" WIDTH="109" VPOS="1080" HPOS="740"/>
<SP HEIGHT="40" WIDTH="23" VPOS="1080" HPOS="850"/>
<String CONTENT="front.," HEIGHT="47" WIDTH="163" VPOS="1080" HPOS="874"/>
<SP HEIGHT="48" WIDTH="25" VPOS="1079" HPOS="1038"/>
<String CONTENT="illus.," HEIGHT="48" WIDTH="142" VPOS="1079" HPOS="1064"/>
<SP HEIGHT="37" WIDTH="26" VPOS="1091" HPOS="1207"/>
<String CONTENT="ports.," HEIGHT="46" WIDTH="163" VPOS="1082" HPOS="1234"/>
<SP HEIGHT="37" WIDTH="25" VPOS="1091" HPOS="1398"/>
<String CONTENT="maps." HEIGHT="39" WIDTH="150" VPOS="1088" HPOS="1424"/>
<SP HEIGHT="41" WIDTH="57" VPOS="1079" HPOS="1575"/>
<String CONTENT="28" HEIGHT="42" WIDTH="58" VPOS="1079" HPOS="1633"/>
<String STYLE="superscript" CS="1" CONTENT="&#7580;&#7504;."/>
</TextLine>
<TextLine HEIGHT="50" WIDTH="1435" VPOS="1135" HPOS="458" STYLEREFS="StyleId-D4DAC012-A4BE-421B-AD7F-898DC66ED0F5-" CS="1">
<String CONTENT="Lettered" HEIGHT="40" WIDTH="226" VPOS="1137" HPOS="458"/>
<SP HEIGHT="39" WIDTH="24" VPOS="1137" HPOS="685"/>
<String CONTENT="on" HEIGHT="28" WIDTH="60" VPOS="1148" HPOS="710"/>
<SP HEIGHT="28" WIDTH="24" VPOS="1148" HPOS="771"/>
<String CS="1" CONTENT="cover;" HEIGHT="30" WIDTH="141" VPOS="1146" HPOS="796"/>
<SP HEIGHT="40" WIDTH="27" VPOS="1136" HPOS="963"/>
<String CONTENT="Fifty" HEIGHT="49" WIDTH="137" VPOS="1135" HPOS="991"/>
<SP HEIGHT="37" WIDTH="24" VPOS="1147" HPOS="1129"/>
<String CONTENT="years" HEIGHT="37" WIDTH="141" VPOS="1146" HPOS="1154"/>
<SP HEIGHT="28" WIDTH="24" VPOS="1148" HPOS="1296"/>
<String CONTENT="of" HEIGHT="40" WIDTH="51" VPOS="1136" HPOS="1321"/>
<SP HEIGHT="39" WIDTH="23" VPOS="1136" HPOS="1373"/>
<String CONTENT="Boston," HEIGHT="48" WIDTH="195" VPOS="1137" HPOS="1397"/>
<SP HEIGHT="47" WIDTH="26" VPOS="1138" HPOS="1593"/>
<String CONTENT="1880-1930." HEIGHT="42" WIDTH="273" VPOS="1135" HPOS="1620"/>
</TextLine>
<TextLine HEIGHT="49" WIDTH="1872" VPOS="1192" HPOS="459" STYLEREFS="StyleId-D4DAC012-A4BE-421B-AD7F-898DC66ED0F5-" CS="1">
<String CONTENT="Planned" HEIGHT="39" WIDTH="216" VPOS="1194" HPOS="459"/>
<SP HEIGHT="39" WIDTH="37" VPOS="1194" HPOS="676"/>
<String CONTENT="as" HEIGHT="29" WIDTH="54" VPOS="1204" HPOS="714"/>
<SP HEIGHT="29" WIDTH="37" VPOS="1204" HPOS="769"/>
<String CONTENT="a" HEIGHT="29" WIDTH="27" VPOS="1204" HPOS="807"/>
<SP HEIGHT="41" WIDTH="38" VPOS="1192" HPOS="835"/>
<String CONTENT="fifth" HEIGHT="40" WIDTH="113" VPOS="1192" HPOS="874"/>
<SP HEIGHT="38" WIDTH="36" VPOS="1194" HPOS="988"/>
<String CONTENT="volume" HEIGHT="39" WIDTH="188" VPOS="1193" HPOS="1025"/>
<SP HEIGHT="37" WIDTH="38" VPOS="1195" HPOS="1214"/>
<String CONTENT="to" HEIGHT="37" WIDTH="48" VPOS="1195" HPOS="1253"/>
<SP HEIGHT="37" WIDTH="38" VPOS="1193" HPOS="1302"/>
<String CONTENT="&#8220;The" HEIGHT="40" WIDTH="128" VPOS="1192" HPOS="1341"/>
<SP HEIGHT="29" WIDTH="35" VPOS="1203" HPOS="1470"/>
<String CONTENT="memorial" HEIGHT="41" WIDTH="251" VPOS="1192" HPOS="1506"/>
<SP HEIGHT="39" WIDTH="36" VPOS="1194" HPOS="1758"/>
<String CONTENT="history" HEIGHT="49" WIDTH="188" VPOS="1192" HPOS="1795"/>
<SP HEIGHT="37" WIDTH="35" VPOS="1204" HPOS="1984"/>
<String CONTENT="of" HEIGHT="39" WIDTH="52" VPOS="1193" HPOS="2020"/>
<SP HEIGHT="40" WIDTH="35" VPOS="1192" HPOS="2073"/>
<String CONTENT="Boston" HEIGHT="41" WIDTH="181" VPOS="1192" HPOS="2109"/>
<SP HEIGHT="30" WIDTH="40" VPOS="1205" HPOS="2291"/>
<String CS="1" CONTENT="&#8230;"/>
</TextLine>
<TextLine HEIGHT="49" WIDTH="1418" VPOS="1248" HPOS="388" STYLEREFS="StyleId-D4DAC012-A4BE-421B-AD7F-898DC66ED0F5-">
<String CONTENT="1630-1880&#8221;," HEIGHT="48" WIDTH="302" VPOS="1249" HPOS="388"/>
<SP HEIGHT="37" WIDTH="26" VPOS="1260" HPOS="691"/>
<String CONTENT="edited" HEIGHT="39" WIDTH="160" VPOS="1250" HPOS="718"/>
<SP HEIGHT="39" WIDTH="25" VPOS="1250" HPOS="879"/>
<String CONTENT="by" HEIGHT="46" WIDTH="59" VPOS="1250" HPOS="905"/>
<SP HEIGHT="46" WIDTH="26" VPOS="1250" HPOS="965"/>
<String CONTENT="Justin" HEIGHT="40" WIDTH="164" VPOS="1248" HPOS="992"/>
<SP HEIGHT="40" WIDTH="24" VPOS="1249" HPOS="1157"/>
<String CONTENT="Winsor." HEIGHT="40" WIDTH="208" VPOS="1249" HPOS="1182"/>
<SP HEIGHT="30" WIDTH="53" VPOS="1258" HPOS="1391"/>
<String CONTENT="cf." HEIGHT="48" WIDTH="62" VPOS="1249" HPOS="1445"/>
<SP HEIGHT="42" WIDTH="26" VPOS="1248" HPOS="1508"/>
<String CONTENT="Foreword." HEIGHT="42" WIDTH="271" VPOS="1248" HPOS="1535"/>
</TextLine>
<TextLine HEIGHT="51" WIDTH="1402" VPOS="1303" HPOS="460" STYLEREFS="StyleId-D4DAC012-A4BE-421B-AD7F-898DC66ED0F5-">
<String CONTENT="Bibliography" HEIGHT="49" WIDTH="349" VPOS="1305" HPOS="460"/>
<SP HEIGHT="37" WIDTH="22" VPOS="1316" HPOS="810"/>
<String CONTENT="at" HEIGHT="37" WIDTH="51" VPOS="1308" HPOS="833"/>
<SP HEIGHT="37" WIDTH="23" VPOS="1308" HPOS="885"/>
<String CONTENT="end" HEIGHT="39" WIDTH="91" VPOS="1306" HPOS="909"/>
<SP HEIGHT="39" WIDTH="25" VPOS="1306" HPOS="1001"/>
<String CONTENT="of" HEIGHT="40" WIDTH="51" VPOS="1305" HPOS="1027"/>
<SP HEIGHT="40" WIDTH="22" VPOS="1305" HPOS="1079"/>
<String CONTENT="one" HEIGHT="29" WIDTH="88" VPOS="1316" HPOS="1102"/>
<SP HEIGHT="29" WIDTH="24" VPOS="1316" HPOS="1191"/>
<String CONTENT="of" HEIGHT="39" WIDTH="52" VPOS="1306" HPOS="1216"/>
<SP HEIGHT="39" WIDTH="23" VPOS="1306" HPOS="1269"/>
<String CONTENT="the" HEIGHT="42" WIDTH="81" VPOS="1303" HPOS="1293"/>
<SP HEIGHT="29" WIDTH="23" VPOS="1316" HPOS="1375"/>
<String CONTENT="chapters" HEIGHT="48" WIDTH="226" VPOS="1305" HPOS="1399"/>
<SP HEIGHT="48" WIDTH="32" VPOS="1305" HPOS="1626"/>
<String CONTENT="(p." HEIGHT="49" WIDTH="68" VPOS="1305" HPOS="1659"/>
<SP HEIGHT="39" WIDTH="24" VPOS="1307" HPOS="1728"/>
<String CONTENT="169)" HEIGHT="47" WIDTH="109" VPOS="1304" HPOS="1753"/>
</TextLine>
<TextLine HEIGHT="52" WIDTH="1993" VPOS="1359" HPOS="390" STYLEREFS="StyleId-D4DAC012-A4BE-421B-AD7F-898DC66ED0F5-" CS="1">
<String CONTENT="&#169;" HEIGHT="52" WIDTH="51" VPOS="1359" HPOS="390"/>
<SP HEIGHT="52" WIDTH="35" VPOS="1359" HPOS="442"/>
<String CONTENT="Dec." HEIGHT="40" WIDTH="111" VPOS="1364" HPOS="478"/>
<SP HEIGHT="41" WIDTH="33" VPOS="1363" HPOS="590"/>
<String CONTENT="5," HEIGHT="47" WIDTH="39" VPOS="1363" HPOS="624"/>
<SP HEIGHT="46" WIDTH="33" VPOS="1364" HPOS="664"/>
<String CS="1" CONTENT="1932;" HEIGHT="41" WIDTH="114" VPOS="1362" HPOS="698"/>
<SP HEIGHT="48" WIDTH="36" VPOS="1361" HPOS="839"/>
<String CONTENT="2c." HEIGHT="42" WIDTH="65" VPOS="1361" HPOS="876"/>
<SP HEIGHT="39" WIDTH="35" VPOS="1362" HPOS="942"/>
<String CONTENT="Dec." HEIGHT="41" WIDTH="112" VPOS="1362" HPOS="978"/>
<SP HEIGHT="41" WIDTH="31" VPOS="1362" HPOS="1091"/>
<String CS="1" CONTENT="27;" HEIGHT="40" WIDTH="56" VPOS="1362" HPOS="1123"/>
<SP HEIGHT="36" WIDTH="36" VPOS="1372" HPOS="1206"/>
<String CONTENT="aff." HEIGHT="42" WIDTH="82" VPOS="1361" HPOS="1243"/>
<SP HEIGHT="41" WIDTH="35" VPOS="1362" HPOS="1326"/>
<String CONTENT="Dec." HEIGHT="41" WIDTH="112" VPOS="1362" HPOS="1362"/>
<SP HEIGHT="42" WIDTH="32" VPOS="1361" HPOS="1475"/>
<String CS="1" CONTENT="23;" HEIGHT="42" WIDTH="54" VPOS="1361" HPOS="1508"/>
<SP HEIGHT="46" WIDTH="36" VPOS="1363" HPOS="1591"/>
<!-- cceid 111BF580-6D7D-1014-B4A5-D7A31D17AB40 --><String CONTENT="A" HEIGHT="39" WIDTH="40" VPOS="1363" HPOS="1628"/>
<SP HEIGHT="39" WIDTH="33" VPOS="1363" HPOS="1669"/>
<String CS="1" CONTENT="57591;" HEIGHT="43" WIDTH="143" VPOS="1360" HPOS="1703"/>
<SP HEIGHT="47" WIDTH="38" VPOS="1363" HPOS="1875"/>
<String CONTENT="Subcommittee" HEIGHT="42" WIDTH="374" VPOS="1361" HPOS="1914"/>
<SP HEIGHT="30" WIDTH="34" VPOS="1374" HPOS="2289"/>
<String CONTENT="on" HEIGHT="28" WIDTH="59" VPOS="1376" HPOS="2324"/>
</TextLine>
<TextLine HEIGHT="49" WIDTH="1776" VPOS="1418" HPOS="461" STYLEREFS="StyleId-D4DAC012-A4BE-421B-AD7F-898DC66ED0F5-">
<String CONTENT="memorial" HEIGHT="41" WIDTH="252" VPOS="1419" HPOS="461"/>
<SP HEIGHT="39" WIDTH="25" VPOS="1420" HPOS="714"/>
<String CONTENT="history" HEIGHT="49" WIDTH="189" VPOS="1418" HPOS="740"/>
<SP HEIGHT="37" WIDTH="27" VPOS="1430" HPOS="930"/>
<String CONTENT="of" HEIGHT="39" WIDTH="51" VPOS="1419" HPOS="958"/>
<SP HEIGHT="40" WIDTH="26" VPOS="1419" HPOS="1010"/>
<String CONTENT="the" HEIGHT="39" WIDTH="81" VPOS="1420" HPOS="1037"/>
<SP HEIGHT="38" WIDTH="26" VPOS="1420" HPOS="1119"/>
<String CONTENT="Boston" HEIGHT="39" WIDTH="184" VPOS="1420" HPOS="1146"/>
<SP HEIGHT="38" WIDTH="25" VPOS="1420" HPOS="1331"/>
<String CONTENT="tercentenary" HEIGHT="47" WIDTH="339" VPOS="1420" HPOS="1357"/>
<SP HEIGHT="38" WIDTH="27" VPOS="1429" HPOS="1697"/>
<String CONTENT="committee," HEIGHT="48" WIDTH="286" VPOS="1419" HPOS="1725"/>
<SP HEIGHT="46" WIDTH="29" VPOS="1421" HPOS="2012"/>
<String CONTENT="Boston." HEIGHT="39" WIDTH="195" VPOS="1421" HPOS="2042"/>
</TextLine>
<TextLine HEIGHT="50" WIDTH="221" VPOS="1475" HPOS="471" STYLEREFS="StyleId-D4DAC012-A4BE-421B-AD7F-898DC66ED0F5-">
<String CONTENT="(33-726)" HEIGHT="50" WIDTH="221" VPOS="1475" HPOS="471"/>
</TextLine>
<TextLine HEIGHT="67" WIDTH="948" VPOS="1566" HPOS="392" STYLEREFS="StyleId-F41DCEA3-A541-42B1-9FBB-304FB66BDE59-">
<String CONTENT="Bowie," HEIGHT="66" WIDTH="214" VPOS="1567" HPOS="392"/>
<SP HEIGHT="65" WIDTH="25" VPOS="1568" HPOS="607"/>
<String CONTENT="Walter" HEIGHT="54" WIDTH="225" VPOS="1567" HPOS="633"/>
<SP HEIGHT="55" WIDTH="26" VPOS="1566" HPOS="859"/>
<String CONTENT="Russell," HEIGHT="66" WIDTH="253" VPOS="1566" HPOS="886"/>
<SP HEIGHT="59" WIDTH="28" VPOS="1573" HPOS="1140"/>
<String CONTENT="1882-" HEIGHT="51" WIDTH="171" VPOS="1570" HPOS="1169"/>
</TextLine>
<TextLine HEIGHT="70" WIDTH="1926" VPOS="1642" HPOS="459">
<String CONTENT="When" HEIGHT="54" WIDTH="187" VPOS="1645" HPOS="459"/>
<SP HEIGHT="56" WIDTH="32" VPOS="1643" HPOS="647"/>
<String CONTENT="Christ" HEIGHT="56" WIDTH="197" VPOS="1643" HPOS="680"/>
<SP HEIGHT="62" WIDTH="32" VPOS="1650" HPOS="878"/>
<String CONTENT="passes" HEIGHT="50" WIDTH="189" VPOS="1662" HPOS="911"/>
<SP HEIGHT="53" WIDTH="30" VPOS="1644" HPOS="1101"/>
<String CONTENT="by," HEIGHT="68" WIDTH="93" VPOS="1644" HPOS="1132"/>
<SP HEIGHT="68" WIDTH="31" VPOS="1644" HPOS="1226"/>
<String CONTENT="by" HEIGHT="68" WIDTH="75" VPOS="1644" HPOS="1258"/>
<SP HEIGHT="68" WIDTH="32" VPOS="1644" HPOS="1334"/>
<String CONTENT="Walter" HEIGHT="53" WIDTH="220" VPOS="1644" HPOS="1367"/>
<SP HEIGHT="53" WIDTH="33" VPOS="1644" HPOS="1588"/>
<String CONTENT="Russell" HEIGHT="53" WIDTH="223" VPOS="1644" HPOS="1622"/>
<SP HEIGHT="52" WIDTH="33" VPOS="1644" HPOS="1846"/>
<String CONTENT="Bowie;" HEIGHT="69" WIDTH="221" VPOS="1642" HPOS="1880"/>
<SP HEIGHT="50" WIDTH="36" VPOS="1661" HPOS="2102"/>
<String CONTENT="with" HEIGHT="54" WIDTH="140" VPOS="1642" HPOS="2139"/>
<SP HEIGHT="52" WIDTH="32" VPOS="1644" HPOS="2280"/>
<String CONTENT="an" HEIGHT="35" WIDTH="72" VPOS="1661" HPOS="2313"/>
</TextLine>
<TextLine HEIGHT="69" WIDTH="1995" VPOS="1721" HPOS="392">
<String CONTENT="introduction" HEIGHT="54" WIDTH="388" VPOS="1722" HPOS="392"/>
<SP HEIGHT="53" WIDTH="24" VPOS="1722" HPOS="781"/>
<String CONTENT="by" HEIGHT="68" WIDTH="75" VPOS="1722" HPOS="806"/>
<SP HEIGHT="68" WIDTH="23" VPOS="1722" HPOS="882"/>
<String CONTENT="Joseph" HEIGHT="67" WIDTH="216" VPOS="1722" HPOS="906"/>
<SP HEIGHT="52" WIDTH="25" VPOS="1722" HPOS="1123"/>
<String CONTENT="Fort" HEIGHT="52" WIDTH="142" VPOS="1722" HPOS="1149"/>
<SP HEIGHT="52" WIDTH="24" VPOS="1722" HPOS="1292"/>
<String CONTENT="Newton." HEIGHT="52" WIDTH="257" VPOS="1722" HPOS="1317"/>
<SP HEIGHT="53" WIDTH="61" VPOS="1721" HPOS="1575"/>
<String CONTENT="New" HEIGHT="53" WIDTH="138" VPOS="1721" HPOS="1637"/>
<SP HEIGHT="52" WIDTH="26" VPOS="1721" HPOS="1776"/>
<String CONTENT="York" HEIGHT="53" WIDTH="162" VPOS="1721" HPOS="1803"/>
<SP HEIGHT="53" WIDTH="24" VPOS="1721" HPOS="1966"/>
<String CONTENT="and" HEIGHT="52" WIDTH="112" VPOS="1723" HPOS="1991"/>
<SP HEIGHT="54" WIDTH="25" VPOS="1721" HPOS="2104"/>
<String CONTENT="London," HEIGHT="65" WIDTH="257" VPOS="1721" HPOS="2130"/>
</TextLine>
<TextLine HEIGHT="71" WIDTH="787" VPOS="1797" HPOS="391">
<String CONTENT="Harper" HEIGHT="70" WIDTH="233" VPOS="1798" HPOS="391"/>
<SP HEIGHT="50" WIDTH="24" VPOS="1802" HPOS="625"/>
<String CONTENT="&amp;" HEIGHT="50" WIDTH="46" VPOS="1802" HPOS="650"/>
<SP HEIGHT="55" WIDTH="23" VPOS="1797" HPOS="697"/>
<String CONTENT="brothers," HEIGHT="70" WIDTH="277" VPOS="1797" HPOS="721"/>
<SP HEIGHT="63" WIDTH="29" VPOS="1804" HPOS="999"/>
<String CONTENT="1932." HEIGHT="51" WIDTH="149" VPOS="1801" HPOS="1029"/>
</TextLine>
<TextLine HEIGHT="50" WIDTH="309" VPOS="1872" HPOS="498" STYLEREFS="StyleId-D4DAC012-A4BE-421B-AD7F-898DC66ED0F5-" CS="1">
<String CS="1" CONTENT="x," HEIGHT="18" WIDTH="10" VPOS="1903" HPOS="498"/>
<SP HEIGHT="48" WIDTH="25" VPOS="1873" HPOS="509"/>
<String CONTENT="134" HEIGHT="41" WIDTH="87" VPOS="1873" HPOS="535"/>
<SP HEIGHT="49" WIDTH="22" VPOS="1873" HPOS="623"/>
<String CONTENT="p." HEIGHT="39" WIDTH="44" VPOS="1883" HPOS="646"/>
<SP HEIGHT="40" WIDTH="56" VPOS="1873" HPOS="691"/>
<String CONTENT="20" HEIGHT="41" WIDTH="59" VPOS="1872" HPOS="748"/>
<String STYLE="superscript" CS="1" CONTENT="&#7580;&#7504;."/>
</TextLine>
<TextLine HEIGHT="44" WIDTH="418" VPOS="1927" HPOS="464" STYLEREFS="StyleId-D4DAC012-A4BE-421B-AD7F-898DC66ED0F5-">
<String CONTENT="&#8220;First" HEIGHT="42" WIDTH="163" VPOS="1929" HPOS="464"/>
<SP HEIGHT="39" WIDTH="26" VPOS="1932" HPOS="628"/>
<String CONTENT="edition.&#8221;" HEIGHT="43" WIDTH="227" VPOS="1927" HPOS="655"/>
</TextLine>
<TextLine HEIGHT="52" WIDTH="1990" VPOS="1982" HPOS="398" STYLEREFS="StyleId-D4DAC012-A4BE-421B-AD7F-898DC66ED0F5-" CS="1">
<String CONTENT="&#169;" HEIGHT="52" WIDTH="51" VPOS="1982" HPOS="398"/>
<SP HEIGHT="52" WIDTH="26" VPOS="1982" HPOS="450"/>
<String CONTENT="Nov." HEIGHT="40" WIDTH="118" VPOS="1987" HPOS="477"/>
<SP HEIGHT="41" WIDTH="25" VPOS="1986" HPOS="596"/>
<String CONTENT="23," HEIGHT="47" WIDTH="70" VPOS="1986" HPOS="622"/>
<SP HEIGHT="46" WIDTH="25" VPOS="1987" HPOS="693"/>
<String CS="1" CONTENT="1932;" HEIGHT="41" WIDTH="114" VPOS="1985" HPOS="719"/>
<SP HEIGHT="47" WIDTH="28" VPOS="1985" HPOS="861"/>
<String CONTENT="2c." HEIGHT="42" WIDTH="67" VPOS="1985" HPOS="890"/>
<SP HEIGHT="40" WIDTH="26" VPOS="1987" HPOS="958"/>
<String CONTENT="Nov." HEIGHT="38" WIDTH="115" VPOS="1987" HPOS="985"/>
<SP HEIGHT="37" WIDTH="28" VPOS="1987" HPOS="1101"/>
<String CS="1" CONTENT="25;" HEIGHT="38" WIDTH="55" VPOS="1986" HPOS="1130"/>
<SP HEIGHT="35" WIDTH="28" VPOS="1997" HPOS="1213"/>
<String CONTENT="aff." HEIGHT="40" WIDTH="82" VPOS="1986" HPOS="1242"/>
<SP HEIGHT="38" WIDTH="27" VPOS="1987" HPOS="1325"/>
<String CONTENT="Nov." HEIGHT="38" WIDTH="116" VPOS="1987" HPOS="1353"/>
<SP HEIGHT="39" WIDTH="28" VPOS="1986" HPOS="1470"/>
<String CS="1" CONTENT="26;" HEIGHT="39" WIDTH="58" VPOS="1986" HPOS="1499"/>
<SP HEIGHT="47" WIDTH="28" VPOS="1986" HPOS="1582"/>
<!-- cceid 111BFC25-6D7D-1014-B4A5-D7A31D17AB40 --><String CONTENT="A" HEIGHT="39" WIDTH="41" VPOS="1986" HPOS="1611"/>
<SP HEIGHT="39" WIDTH="25" VPOS="1986" HPOS="1653"/>
<String CS="1" CONTENT="57226;" HEIGHT="40" WIDTH="144" VPOS="1986" HPOS="1679"/>
<SP HEIGHT="45" WIDTH="29" VPOS="1987" HPOS="1850"/>
<String CONTENT="W." HEIGHT="40" WIDTH="70" VPOS="1987" HPOS="1880"/>
<SP HEIGHT="40" WIDTH="30" VPOS="1987" HPOS="1951"/>
<String CS="1" CONTENT="R." HEIGHT="8" WIDTH="8" VPOS="2019" HPOS="2028"/>
<SP HEIGHT="40" WIDTH="28" VPOS="1987" HPOS="2037"/>
<String CONTENT="Bowie," HEIGHT="47" WIDTH="176" VPOS="1986" HPOS="2066"/>
<SP HEIGHT="46" WIDTH="27" VPOS="1987" HPOS="2243"/>
<String CONTENT="New" HEIGHT="39" WIDTH="117" VPOS="1987" HPOS="2271"/>
</TextLine>
<TextLine HEIGHT="47" WIDTH="435" VPOS="2042" HPOS="468" STYLEREFS="StyleId-D4DAC012-A4BE-421B-AD7F-898DC66ED0F5-">
<String CONTENT="York." HEIGHT="40" WIDTH="143" VPOS="2043" HPOS="468"/>
<SP HEIGHT="46" WIDTH="70" VPOS="2043" HPOS="612"/>
<String CONTENT="(33-114)" HEIGHT="47" WIDTH="220" VPOS="2042" HPOS="683"/>
</TextLine>
<TextLine HEIGHT="69" WIDTH="971" VPOS="2113" HPOS="395">
<String CONTENT="Burk," HEIGHT="68" WIDTH="182" VPOS="2113" HPOS="395"/>
<SP HEIGHT="63" WIDTH="26" VPOS="2118" HPOS="578"/>
<String CONTENT="William" HEIGHT="56" WIDTH="254" VPOS="2115" HPOS="605"/>
<SP HEIGHT="53" WIDTH="28" VPOS="2116" HPOS="860"/>
<String CONTENT="Herbert," HEIGHT="66" WIDTH="276" VPOS="2116" HPOS="889"/>
<SP HEIGHT="58" WIDTH="29" VPOS="2124" HPOS="1166"/>
<String CONTENT="1867-" HEIGHT="54" WIDTH="170" VPOS="2119" HPOS="1196"/>
</TextLine>
<TextLine HEIGHT="69" WIDTH="1925" VPOS="2193" HPOS="465" CS="1">
<String CONTENT="Valley" HEIGHT="65" WIDTH="207" VPOS="2195" HPOS="465"/>
<SP HEIGHT="66" WIDTH="27" VPOS="2194" HPOS="673"/>
<String CS="1" CONTENT="Forge;" HEIGHT="67" WIDTH="186" VPOS="2194" HPOS="701"/>
<SP HEIGHT="32" WIDTH="29" VPOS="2213" HPOS="918"/>
<String CONTENT="what" HEIGHT="52" WIDTH="152" VPOS="2194" HPOS="948"/>
<SP HEIGHT="51" WIDTH="29" VPOS="2194" HPOS="1101"/>
<String CONTENT="it" HEIGHT="51" WIDTH="45" VPOS="2194" HPOS="1131"/>
<SP HEIGHT="51" WIDTH="29" VPOS="2194" HPOS="1177"/>
<String CONTENT="is," HEIGHT="67" WIDTH="63" VPOS="2194" HPOS="1207"/>
<SP HEIGHT="48" WIDTH="29" VPOS="2213" HPOS="1271"/>
<String CONTENT="where" HEIGHT="51" WIDTH="184" VPOS="2195" HPOS="1301"/>
<SP HEIGHT="50" WIDTH="27" VPOS="2196" HPOS="1486"/>
<String CONTENT="it" HEIGHT="53" WIDTH="47" VPOS="2196" HPOS="1514"/>
<SP HEIGHT="53" WIDTH="27" VPOS="2196" HPOS="1562"/>
<String CONTENT="is," HEIGHT="66" WIDTH="65" VPOS="2196" HPOS="1590"/>
<SP HEIGHT="49" WIDTH="30" VPOS="2213" HPOS="1656"/>
<String CONTENT="and" HEIGHT="50" WIDTH="110" VPOS="2196" HPOS="1687"/>
<SP HEIGHT="50" WIDTH="30" VPOS="2196" HPOS="1798"/>
<String CONTENT="what" HEIGHT="53" WIDTH="153" VPOS="2194" HPOS="1829"/>
<SP HEIGHT="51" WIDTH="28" VPOS="2196" HPOS="1983"/>
<String CONTENT="to" HEIGHT="50" WIDTH="57" VPOS="2196" HPOS="2012"/>
<SP HEIGHT="35" WIDTH="28" VPOS="2213" HPOS="2070"/>
<String CONTENT="see" HEIGHT="34" WIDTH="88" VPOS="2214" HPOS="2099"/>
<SP HEIGHT="49" WIDTH="26" VPOS="2198" HPOS="2188"/>
<String CONTENT="there," HEIGHT="66" WIDTH="175" VPOS="2193" HPOS="2215"/>
</TextLine>
<TextLine HEIGHT="71" WIDTH="1994" VPOS="2268" HPOS="396" CS="1">
<String CONTENT="by" HEIGHT="68" WIDTH="77" VPOS="2270" HPOS="396"/>
<SP HEIGHT="67" WIDTH="29" VPOS="2271" HPOS="474"/>
<String CONTENT="W." HEIGHT="54" WIDTH="90" VPOS="2271" HPOS="504"/>
<SP HEIGHT="52" WIDTH="36" VPOS="2271" HPOS="595"/>
<String CONTENT="Herbert" HEIGHT="53" WIDTH="249" VPOS="2270" HPOS="632"/>
<SP HEIGHT="51" WIDTH="36" VPOS="2272" HPOS="882"/>
<String CONTENT="Burk" HEIGHT="52" WIDTH="163" VPOS="2271" HPOS="919"/>
<SP HEIGHT="52" WIDTH="38" VPOS="2271" HPOS="1083"/>
<String CS="1" CONTENT="&#8230;"/>
<SP HEIGHT="51" WIDTH="42" VPOS="2272" HPOS="1178"/>
<String CONTENT="illustrated" HEIGHT="53" WIDTH="322" VPOS="2271" HPOS="1221"/>
<SP HEIGHT="53" WIDTH="35" VPOS="2271" HPOS="1544"/>
<String CONTENT="with" HEIGHT="52" WIDTH="140" VPOS="2271" HPOS="1580"/>
<SP HEIGHT="67" WIDTH="36" VPOS="2272" HPOS="1721"/>
<String CONTENT="photographs" HEIGHT="68" WIDTH="393" VPOS="2271" HPOS="1758"/>
<SP HEIGHT="54" WIDTH="32" VPOS="2270" HPOS="2152"/>
<String CONTENT="by" HEIGHT="69" WIDTH="76" VPOS="2270" HPOS="2185"/>
<SP HEIGHT="63" WIDTH="33" VPOS="2276" HPOS="2262"/>
<String CONTENT="the" HEIGHT="55" WIDTH="94" VPOS="2268" HPOS="2296"/>
</TextLine>
<TextLine HEIGHT="70" WIDTH="1992" VPOS="2347" HPOS="397">
<String CONTENT="author" HEIGHT="53" WIDTH="206" VPOS="2348" HPOS="397"/>
<SP HEIGHT="33" WIDTH="33" VPOS="2368" HPOS="604"/>
<String CONTENT="and" HEIGHT="51" WIDTH="112" VPOS="2350" HPOS="638"/>
<SP HEIGHT="51" WIDTH="34" VPOS="2350" HPOS="751"/>
<String CONTENT="others." HEIGHT="52" WIDTH="206" VPOS="2349" HPOS="786"/>
<SP HEIGHT="51" WIDTH="70" VPOS="2350" HPOS="993"/>
<String CONTENT="The" HEIGHT="52" WIDTH="120" VPOS="2350" HPOS="1064"/>
<SP HEIGHT="53" WIDTH="32" VPOS="2350" HPOS="1185"/>
<String CONTENT="Washington" HEIGHT="69" WIDTH="383" VPOS="2348" HPOS="1218"/>
<SP HEIGHT="52" WIDTH="31" VPOS="2350" HPOS="1602"/>
<String CONTENT="bicentennial" HEIGHT="54" WIDTH="380" VPOS="2348" HPOS="1634"/>
<SP HEIGHT="50" WIDTH="33" VPOS="2350" HPOS="2015"/>
<String CONTENT="ed." HEIGHT="53" WIDTH="85" VPOS="2348" HPOS="2049"/>
<SP HEIGHT="53" WIDTH="69" VPOS="2348" HPOS="2135"/>
<String CONTENT="North" HEIGHT="53" WIDTH="184" VPOS="2347" HPOS="2205"/>
</TextLine>
<TextLine HEIGHT="70" WIDTH="1193" VPOS="2425" HPOS="397">
<String LANG="en-US" CONTENT="Wales," HEIGHT="68" WIDTH="209" VPOS="2426" HPOS="397"/>
<SP HEIGHT="67" WIDTH="24" VPOS="2427" HPOS="607"/>
<String LANG="en-US" CONTENT="Pa.," HEIGHT="67" WIDTH="120" VPOS="2427" HPOS="632"/>
<SP HEIGHT="67" WIDTH="26" VPOS="2427" HPOS="753"/>
<String LANG="fr" CONTENT="N." HEIGHT="52" WIDTH="69" VPOS="2427" HPOS="780"/>
<SP HEIGHT="50" WIDTH="29" VPOS="2428" HPOS="850"/>
<String LANG="en-US" CONTENT="B." HEIGHT="50" WIDTH="66" VPOS="2428" HPOS="880"/>
<SP HEIGHT="52" WIDTH="28" VPOS="2427" HPOS="947"/>
<String LANG="de" CONTENT="Nuss," HEIGHT="68" WIDTH="166" VPOS="2427" HPOS="976"/>
<SP HEIGHT="50" WIDTH="26" VPOS="2445" HPOS="1143"/>
<String LANG="en-US" CONTENT="printer," HEIGHT="69" WIDTH="238" VPOS="2425" HPOS="1170"/>
<SP HEIGHT="55" WIDTH="31" VPOS="2431" HPOS="1409"/>
<String LANG="en-US" CONTENT="1932." HEIGHT="53" WIDTH="149" VPOS="2428" HPOS="1441"/>
</TextLine>
<TextLine HEIGHT="50" WIDTH="954" VPOS="2498" HPOS="469" STYLEREFS="StyleId-D4DAC012-A4BE-421B-AD7F-898DC66ED0F5-" CS="1">
<String CONTENT="175" HEIGHT="41" WIDTH="86" VPOS="2499" HPOS="469"/>
<SP HEIGHT="49" WIDTH="24" VPOS="2499" HPOS="556"/>
<String CONTENT="p." HEIGHT="37" WIDTH="42" VPOS="2511" HPOS="581"/>
<SP HEIGHT="39" WIDTH="58" VPOS="2500" HPOS="624"/>
<String CONTENT="front.," HEIGHT="47" WIDTH="164" VPOS="2500" HPOS="683"/>
<SP HEIGHT="48" WIDTH="26" VPOS="2499" HPOS="848"/>
<String CONTENT="illus.," HEIGHT="47" WIDTH="142" VPOS="2499" HPOS="875"/>
<SP HEIGHT="46" WIDTH="18" VPOS="2500" HPOS="1018"/>
<String CONTENT="fold." HEIGHT="40" WIDTH="117" VPOS="2500" HPOS="1037"/>
<SP HEIGHT="29" WIDTH="27" VPOS="2511" HPOS="1155"/>
<String CONTENT="map." HEIGHT="37" WIDTH="125" VPOS="2511" HPOS="1183"/>
<SP HEIGHT="40" WIDTH="58" VPOS="2500" HPOS="1309"/>
<String CS="1" CONTENT="19&#189;&#7580;&#7504;." HEIGHT="41" WIDTH="55" VPOS="2498" HPOS="1368"/>
</TextLine>
<TextLine HEIGHT="49" WIDTH="1184" VPOS="2555" HPOS="470" STYLEREFS="StyleId-D4DAC012-A4BE-421B-AD7F-898DC66ED0F5-">
<String CONTENT="Folded" HEIGHT="40" WIDTH="181" VPOS="2556" HPOS="470"/>
<SP HEIGHT="39" WIDTH="25" VPOS="2557" HPOS="652"/>
<String CONTENT="map" HEIGHT="37" WIDTH="113" VPOS="2567" HPOS="678"/>
<SP HEIGHT="37" WIDTH="23" VPOS="2567" HPOS="792"/>
<String CONTENT="mounted" HEIGHT="39" WIDTH="227" VPOS="2557" HPOS="816"/>
<SP HEIGHT="39" WIDTH="27" VPOS="2557" HPOS="1044"/>
<String CONTENT="on" HEIGHT="29" WIDTH="59" VPOS="2567" HPOS="1072"/>
<SP HEIGHT="38" WIDTH="24" VPOS="2557" HPOS="1132"/>
<String CONTENT="front" HEIGHT="39" WIDTH="135" VPOS="2557" HPOS="1157"/>
<SP HEIGHT="37" WIDTH="25" VPOS="2559" HPOS="1293"/>
<String CONTENT="lining-paper." HEIGHT="49" WIDTH="335" VPOS="2555" HPOS="1319"/>
</TextLine>
<TextLine HEIGHT="53" WIDTH="1986" VPOS="2609" HPOS="404" STYLEREFS="StyleId-D4DAC012-A4BE-421B-AD7F-898DC66ED0F5-" CS="1">
<String CONTENT="&#169;" HEIGHT="52" WIDTH="51" VPOS="2609" HPOS="404"/>
<SP HEIGHT="52" WIDTH="27" VPOS="2609" HPOS="456"/>
<String CONTENT="Oct." HEIGHT="41" WIDTH="102" VPOS="2613" HPOS="484"/>
<SP HEIGHT="38" WIDTH="25" VPOS="2615" HPOS="587"/>
<String CONTENT="18," HEIGHT="47" WIDTH="68" VPOS="2614" HPOS="613"/>
<SP HEIGHT="46" WIDTH="26" VPOS="2615" HPOS="682"/>
<String CS="1" CONTENT="1932;" HEIGHT="40" WIDTH="116" VPOS="2613" HPOS="709"/>
<SP HEIGHT="47" WIDTH="27" VPOS="2613" HPOS="850"/>
<String CONTENT="2c." HEIGHT="41" WIDTH="66" VPOS="2613" HPOS="878"/>
<SP HEIGHT="41" WIDTH="28" VPOS="2613" HPOS="945"/>
<String CONTENT="Dec." HEIGHT="41" WIDTH="111" VPOS="2613" HPOS="974"/>
<SP HEIGHT="40" WIDTH="26" VPOS="2614" HPOS="1086"/>
<String CS="1" CONTENT="22;" HEIGHT="39" WIDTH="55" VPOS="2613" HPOS="1113"/>
<SP HEIGHT="37" WIDTH="29" VPOS="2624" HPOS="1195"/>
<String CONTENT="aff." HEIGHT="41" WIDTH="82" VPOS="2613" HPOS="1225"/>
<SP HEIGHT="40" WIDTH="27" VPOS="2614" HPOS="1308"/>
<String CONTENT="Dec." HEIGHT="41" WIDTH="111" VPOS="2614" HPOS="1336"/>
<SP HEIGHT="42" WIDTH="26" VPOS="2613" HPOS="1448"/>
<String CS="1" CONTENT="21;" HEIGHT="40" WIDTH="54" VPOS="2613" HPOS="1475"/>
<SP HEIGHT="46" WIDTH="28" VPOS="2615" HPOS="1558"/>
<!-- cceid 111C0277-6D7D-1014-B4A5-D7A31D17AB40 --><String CONTENT="A" HEIGHT="38" WIDTH="40" VPOS="2615" HPOS="1587"/>
<SP HEIGHT="39" WIDTH="26" VPOS="2615" HPOS="1628"/>
<String CS="1" CONTENT="57565;" HEIGHT="40" WIDTH="145" VPOS="2614" HPOS="1655"/>
<SP HEIGHT="47" WIDTH="29" VPOS="2615" HPOS="1825"/>
<String LANG="la" CONTENT="W." HEIGHT="39" WIDTH="69" VPOS="2615" HPOS="1855"/>
<SP HEIGHT="37" WIDTH="29" VPOS="2616" HPOS="1925"/>
<String CONTENT="H." HEIGHT="39" WIDTH="61" VPOS="2616" HPOS="1955"/>
<SP HEIGHT="41" WIDTH="27" VPOS="2614" HPOS="2017"/>
<String CONTENT="Burk," HEIGHT="46" WIDTH="147" VPOS="2614" HPOS="2045"/>
<SP HEIGHT="45" WIDTH="29" VPOS="2615" HPOS="2193"/>
<String CONTENT="Valley" HEIGHT="47" WIDTH="167" VPOS="2615" HPOS="2223"/>
</TextLine>
<TextLine HEIGHT="49" WIDTH="558" VPOS="2669" HPOS="472" STYLEREFS="StyleId-D4DAC012-A4BE-421B-AD7F-898DC66ED0F5-">
<String CONTENT="Forge," HEIGHT="48" WIDTH="166" VPOS="2670" HPOS="472"/>
<SP HEIGHT="46" WIDTH="24" VPOS="2671" HPOS="639"/>
<String CONTENT="Pa." HEIGHT="39" WIDTH="83" VPOS="2671" HPOS="664"/>
<SP HEIGHT="47" WIDTH="62" VPOS="2670" HPOS="748"/>
<String CONTENT="(33-422)" HEIGHT="48" WIDTH="219" VPOS="2669" HPOS="811"/>
</TextLine>
<TextLine HEIGHT="68" WIDTH="1212" VPOS="2742" HPOS="402">
<String CONTENT="Chase," HEIGHT="67" WIDTH="210" VPOS="2742" HPOS="402"/>
<SP HEIGHT="65" WIDTH="25" VPOS="2744" HPOS="613"/>
<String CONTENT="Mrs." HEIGHT="54" WIDTH="139" VPOS="2744" HPOS="639"/>
<SP HEIGHT="54" WIDTH="26" VPOS="2745" HPOS="779"/>
<String CONTENT="Jessie" HEIGHT="56" WIDTH="192" VPOS="2743" HPOS="806"/>
<SP HEIGHT="65" WIDTH="32" VPOS="2745" HPOS="999"/>
<String CONTENT="(Anderson)" HEIGHT="65" WIDTH="372" VPOS="2745" HPOS="1032"/>
<SP HEIGHT="63" WIDTH="37" VPOS="2747" HPOS="1405"/>
<String CONTENT="1865-" HEIGHT="51" WIDTH="171" VPOS="2751" HPOS="1443"/>
</TextLine>
<TextLine HEIGHT="70" WIDTH="1920" VPOS="2820" HPOS="472">
<String CONTENT="The" HEIGHT="53" WIDTH="121" VPOS="2821" HPOS="472"/>
<SP HEIGHT="34" WIDTH="28" VPOS="2839" HPOS="594"/>
<String CONTENT="story" HEIGHT="63" WIDTH="155" VPOS="2826" HPOS="623"/>
<SP HEIGHT="50" WIDTH="31" VPOS="2839" HPOS="779"/>
<String CONTENT="of" HEIGHT="53" WIDTH="63" VPOS="2820" HPOS="811"/>
<SP HEIGHT="53" WIDTH="26" VPOS="2820" HPOS="875"/>
<String CONTENT="Paul" HEIGHT="53" WIDTH="146" VPOS="2821" HPOS="902"/>
<SP HEIGHT="51" WIDTH="31" VPOS="2821" HPOS="1049"/>
<String CONTENT="Revere," HEIGHT="69" WIDTH="230" VPOS="2821" HPOS="1081"/>
<SP HEIGHT="70" WIDTH="27" VPOS="2820" HPOS="1312"/>
<String CONTENT="junior," HEIGHT="69" WIDTH="209" VPOS="2820" HPOS="1340"/>
<SP HEIGHT="48" WIDTH="31" VPOS="2841" HPOS="1550"/>
<String CONTENT="revolutionary" HEIGHT="68" WIDTH="420" VPOS="2822" HPOS="1582"/>
<SP HEIGHT="69" WIDTH="32" VPOS="2821" HPOS="2003"/>
<String CONTENT="days" HEIGHT="69" WIDTH="140" VPOS="2821" HPOS="2036"/>
<SP HEIGHT="54" WIDTH="29" VPOS="2821" HPOS="2177"/>
<String CONTENT="in" HEIGHT="53" WIDTH="59" VPOS="2821" HPOS="2207"/>
<SP HEIGHT="35" WIDTH="29" VPOS="2840" HPOS="2267"/>
<String CONTENT="old" HEIGHT="54" WIDTH="95" VPOS="2821" HPOS="2297"/>
</TextLine>
<TextLine HEIGHT="71" WIDTH="1986" VPOS="2896" HPOS="404">
<String CONTENT="Boston," HEIGHT="68" WIDTH="232" VPOS="2897" HPOS="404"/>
<SP HEIGHT="68" WIDTH="29" VPOS="2897" HPOS="637"/>
<String CONTENT="by" HEIGHT="69" WIDTH="73" VPOS="2897" HPOS="667"/>
<SP HEIGHT="68" WIDTH="29" VPOS="2898" HPOS="741"/>
<String CONTENT="Jessie" HEIGHT="56" WIDTH="178" VPOS="2896" HPOS="771"/>
<SP HEIGHT="51" WIDTH="28" VPOS="2898" HPOS="950"/>
<String CONTENT="A." HEIGHT="52" WIDTH="70" VPOS="2898" HPOS="979"/>
<SP HEIGHT="55" WIDTH="32" VPOS="2896" HPOS="1050"/>
<String CONTENT="Chase;" HEIGHT="69" WIDTH="208" VPOS="2896" HPOS="1083"/>
<SP HEIGHT="48" WIDTH="31" VPOS="2917" HPOS="1292"/>
<String CONTENT="with" HEIGHT="54" WIDTH="138" VPOS="2897" HPOS="1324"/>
<SP HEIGHT="52" WIDTH="29" VPOS="2898" HPOS="1463"/>
<String CONTENT="illustrations" HEIGHT="54" WIDTH="376" VPOS="2898" HPOS="1493"/>
<SP HEIGHT="53" WIDTH="26" VPOS="2898" HPOS="1870"/>
<String CONTENT="by" HEIGHT="69" WIDTH="75" VPOS="2898" HPOS="1897"/>
<SP HEIGHT="71" WIDTH="28" VPOS="2896" HPOS="1973"/>
<String CONTENT="Harold" HEIGHT="55" WIDTH="224" VPOS="2896" HPOS="2002"/>
<SP HEIGHT="55" WIDTH="32" VPOS="2897" HPOS="2227"/>
<String CONTENT="Cue." HEIGHT="55" WIDTH="130" VPOS="2897" HPOS="2260"/>
</TextLine>
<TextLine HEIGHT="71" WIDTH="1208" VPOS="2973" HPOS="405" CS="1">
<String CONTENT="Boston," HEIGHT="69" WIDTH="229" VPOS="2973" HPOS="405"/>
<SP HEIGHT="68" WIDTH="29" VPOS="2974" HPOS="635"/>
<String CONTENT="W." HEIGHT="54" WIDTH="88" VPOS="2974" HPOS="665"/>
<SP HEIGHT="53" WIDTH="31" VPOS="2975" HPOS="754"/>
<String CONTENT="A." HEIGHT="52" WIDTH="69" VPOS="2975" HPOS="786"/>
<SP HEIGHT="53" WIDTH="30" VPOS="2974" HPOS="856"/>
<String CONTENT="Wilde" HEIGHT="56" WIDTH="189" VPOS="2973" HPOS="887"/>
<SP HEIGHT="36" WIDTH="29" VPOS="2993" HPOS="1077"/>
<String CONTENT="company" HEIGHT="52" WIDTH="276" VPOS="2992" HPOS="1107"/>
<SP/>
<String CS="1" CONTENT="[&#7580;1932" HEIGHT="49" WIDTH="66" VPOS="2977" HPOS="1529"/>
<String STYLE="subscript" CONTENT="]" HEIGHT="34" WIDTH="13" VPOS="3009" HPOS="1600"/>
</TextLine>
<TextLine HEIGHT="50" WIDTH="698" VPOS="3043" HPOS="471" STYLEREFS="StyleId-D4DAC012-A4BE-421B-AD7F-898DC66ED0F5-" CS="1">
<String CONTENT="309" HEIGHT="42" WIDTH="88" VPOS="3043" HPOS="471"/>
<SP HEIGHT="50" WIDTH="26" VPOS="3043" HPOS="560"/>
<String CONTENT="p." HEIGHT="39" WIDTH="44" VPOS="3054" HPOS="587"/>
<SP HEIGHT="40" WIDTH="55" VPOS="3044" HPOS="632"/>
<String CONTENT="front.," HEIGHT="49" WIDTH="164" VPOS="3044" HPOS="688"/>
<SP HEIGHT="37" WIDTH="30" VPOS="3056" HPOS="853"/>
<String CONTENT="plates." HEIGHT="47" WIDTH="170" VPOS="3046" HPOS="884"/>
<SP HEIGHT="39" WIDTH="57" VPOS="3046" HPOS="1055"/>
<String CONTENT="20" HEIGHT="40" WIDTH="56" VPOS="3046" HPOS="1113"/>
<String STYLE="superscript" CS="1" CONTENT="&#7580;&#7504;."/>
</TextLine>
<TextLine HEIGHT="54" WIDTH="1828" VPOS="3100" HPOS="410" STYLEREFS="StyleId-D4DAC012-A4BE-421B-AD7F-898DC66ED0F5-" CS="1">
<String CONTENT="&#169;" HEIGHT="51" WIDTH="51" VPOS="3100" HPOS="410"/>
<SP HEIGHT="51" WIDTH="24" VPOS="3100" HPOS="462"/>
<String CONTENT="Sept." HEIGHT="48" WIDTH="128" VPOS="3104" HPOS="487"/>
<SP HEIGHT="40" WIDTH="22" VPOS="3105" HPOS="616"/>
<String CONTENT="5," HEIGHT="47" WIDTH="39" VPOS="3105" HPOS="639"/>
<SP HEIGHT="46" WIDTH="23" VPOS="3106" HPOS="679"/>
<String CS="1" CONTENT="1932;" HEIGHT="42" WIDTH="113" VPOS="3103" HPOS="703"/>
<SP HEIGHT="48" WIDTH="23" VPOS="3104" HPOS="844"/>
<String CONTENT="2c." HEIGHT="41" WIDTH="68" VPOS="3104" HPOS="868"/>
<SP HEIGHT="39" WIDTH="23" VPOS="3106" HPOS="937"/>
<String CONTENT="Dec" HEIGHT="39" WIDTH="99" VPOS="3106" HPOS="961"/>
<SP HEIGHT="39" WIDTH="34" VPOS="3106" HPOS="1061"/>
<String CS="1" CONTENT="30;" HEIGHT="40" WIDTH="55" VPOS="3105" HPOS="1096"/>
<SP HEIGHT="36" WIDTH="27" VPOS="3116" HPOS="1177"/>
<String CONTENT="aff." HEIGHT="41" WIDTH="81" VPOS="3105" HPOS="1205"/>
<SP HEIGHT="39" WIDTH="23" VPOS="3107" HPOS="1287"/>
<String CONTENT="Dec." HEIGHT="39" WIDTH="111" VPOS="3107" HPOS="1311"/>
<SP HEIGHT="39" WIDTH="22" VPOS="3107" HPOS="1423"/>
<String CS="1" CONTENT="28;" HEIGHT="41" WIDTH="59" VPOS="3105" HPOS="1446"/>
<SP HEIGHT="46" WIDTH="25" VPOS="3107" HPOS="1529"/>
<!-- cceid 111C08F3-6D7D-1014-B4A5-D7A31D17AB40 --><String CONTENT="A" HEIGHT="38" WIDTH="41" VPOS="3107" HPOS="1555"/>
<SP HEIGHT="39" WIDTH="22" VPOS="3107" HPOS="1597"/>
<String CS="1" CONTENT="57649;" HEIGHT="40" WIDTH="146" VPOS="3106" HPOS="1620"/>
<SP HEIGHT="46" WIDTH="26" VPOS="3108" HPOS="1790"/>
<String CONTENT="W." HEIGHT="39" WIDTH="69" VPOS="3108" HPOS="1817"/>
<SP HEIGHT="38" WIDTH="25" VPOS="3108" HPOS="1887"/>
<String CONTENT="A." HEIGHT="40" WIDTH="55" VPOS="3108" HPOS="1913"/>
<SP HEIGHT="40" WIDTH="23" VPOS="3108" HPOS="1969"/>
<String CONTENT="Wilde" HEIGHT="42" WIDTH="155" VPOS="3106" HPOS="1993"/>
<SP HEIGHT="29" WIDTH="23" VPOS="3119" HPOS="2149"/>
<String CONTENT="co." HEIGHT="29" WIDTH="65" VPOS="3118" HPOS="2173"/>
</TextLine>
<TextLine HEIGHT="50" WIDTH="220" VPOS="3160" HPOS="486" STYLEREFS="StyleId-D4DAC012-A4BE-421B-AD7F-898DC66ED0F5-">
<String CONTENT="(33-147)" HEIGHT="50" WIDTH="220" VPOS="3160" HPOS="486"/>
</TextLine>
<TextLine HEIGHT="66" WIDTH="795" VPOS="3236" HPOS="407" STYLEREFS="StyleId-F41DCEA3-A541-42B1-9FBB-304FB66BDE59-">
<String CONTENT="Cochran," HEIGHT="64" WIDTH="283" VPOS="3236" HPOS="407"/>
<SP HEIGHT="63" WIDTH="30" VPOS="3237" HPOS="691"/>
<String CONTENT="Samuel" HEIGHT="53" WIDTH="234" VPOS="3237" HPOS="722"/>
<SP HEIGHT="51" WIDTH="27" VPOS="3238" HPOS="957"/>
<String CONTENT="Lodge." HEIGHT="64" WIDTH="217" VPOS="3238" HPOS="985"/>
</TextLine>
<TextLine HEIGHT="72" WIDTH="1916" VPOS="3311" HPOS="477">
<String CONTENT="Simon" HEIGHT="56" WIDTH="198" VPOS="3311" HPOS="477"/>
<SP HEIGHT="52" WIDTH="34" VPOS="3313" HPOS="676"/>
<String CONTENT="Kenton," HEIGHT="67" WIDTH="246" VPOS="3313" HPOS="711"/>
<SP HEIGHT="66" WIDTH="33" VPOS="3314" HPOS="958"/>
<String CONTENT="by" HEIGHT="68" WIDTH="75" VPOS="3314" HPOS="992"/>
<SP HEIGHT="70" WIDTH="36" VPOS="3312" HPOS="1068"/>
<String CONTENT="Samuel" HEIGHT="56" WIDTH="227" VPOS="3312" HPOS="1105"/>
<SP HEIGHT="51" WIDTH="33" VPOS="3316" HPOS="1333"/>
<String CONTENT="Lodge" HEIGHT="68" WIDTH="193" VPOS="3315" HPOS="1367"/>
<SP HEIGHT="55" WIDTH="36" VPOS="3314" HPOS="1561"/>
<String CONTENT="Cochran," HEIGHT="67" WIDTH="276" VPOS="3314" HPOS="1598"/>
<SP HEIGHT="65" WIDTH="33" VPOS="3316" HPOS="1875"/>
<String CONTENT="illustrations" HEIGHT="54" WIDTH="377" VPOS="3314" HPOS="1909"/>
<SP HEIGHT="54" WIDTH="31" VPOS="3314" HPOS="2287"/>
<String CONTENT="by" HEIGHT="67" WIDTH="74" VPOS="3314" HPOS="2319"/>
</TextLine>
<TextLine HEIGHT="146" WIDTH="1963" VPOS="3388" HPOS="406" CS="1">
<String LANG="en-US" CONTENT="Earle" HEIGHT="54" WIDTH="172" VPOS="3388" HPOS="407"/>
<SP HEIGHT="52" WIDTH="25" VPOS="3389" HPOS="580"/>
<String LANG="en-US" CONTENT="H." HEIGHT="53" WIDTH="77" VPOS="3389" HPOS="606"/>
<SP HEIGHT="52" WIDTH="27" VPOS="3390" HPOS="684"/>
<String LANG="en-US" CONTENT="Tiffany." HEIGHT="67" WIDTH="249" VPOS="3390" HPOS="712"/>
<SP HEIGHT="57" WIDTH="65" VPOS="3389" HPOS="962"/>
<String LANG="de" CONTENT="Strasburg," HEIGHT="72" WIDTH="327" VPOS="3389" HPOS="1028"/>
<SP HEIGHT="66" WIDTH="23" VPOS="3393" HPOS="1356"/>
<String LANG="fr" CONTENT="Va.," HEIGHT="66" WIDTH="126" VPOS="3393" HPOS="1380"/>
<SP HEIGHT="66" WIDTH="24" VPOS="3393" HPOS="1507"/>
<String LANG="en-US" CONTENT="Print," HEIGHT="54" WIDTH="185" VPOS="3391" HPOS="1532"/>
<SP HEIGHT="52" WIDTH="25" VPOS="3393" HPOS="1718"/>
<String LANG="en-US" CONTENT="by" HEIGHT="68" WIDTH="75" VPOS="3393" HPOS="1744"/>
<SP HEIGHT="70" WIDTH="27" VPOS="3391" HPOS="1820"/>
<String LANG="en-US" CONTENT="Shenandoah" HEIGHT="56" WIDTH="379" VPOS="3391" HPOS="1848"/>
<SP HEIGHT="65" WIDTH="25" VPOS="3393" HPOS="2228"/>
<String LANG="en-US" CONTENT="publishing" HEIGHT="146" WIDTH="1963" VPOS="3388" HPOS="406"/>
</TextLine>
<TextLine HEIGHT="68" WIDTH="533" VPOS="3466" HPOS="648" CS="1">
<String CONTENT="house," HEIGHT="68" WIDTH="189" VPOS="3466" HPOS="648"/>
<SP HEIGHT="66" WIDTH="26" VPOS="3468" HPOS="838"/>
<String CONTENT="inc." HEIGHT="52" WIDTH="106" VPOS="3468" HPOS="865"/>
<SP/>
<String CS="1" CONTENT="[&#7580;1932]" HEIGHT="49" WIDTH="66" VPOS="3471" HPOS="1115"/>
</TextLine>
<TextLine HEIGHT="49" WIDTH="850" VPOS="3539" HPOS="476" STYLEREFS="StyleId-D4DAC012-A4BE-421B-AD7F-898DC66ED0F5-" CS="1">
<String CONTENT="156" HEIGHT="40" WIDTH="87" VPOS="3539" HPOS="476"/>
<SP HEIGHT="48" WIDTH="27" VPOS="3539" HPOS="564"/>
<String CONTENT="p." HEIGHT="38" WIDTH="43" VPOS="3549" HPOS="592"/>
<SP HEIGHT="40" WIDTH="56" VPOS="3539" HPOS="636"/>
<String CS="1" CONTENT="front."/>
<SP HEIGHT="49" WIDTH="26" VPOS="3539" HPOS="844"/>
<String CONTENT="(port.)" HEIGHT="49" WIDTH="172" VPOS="3539" HPOS="871"/>
<SP HEIGHT="47" WIDTH="37" VPOS="3541" HPOS="1044"/>
<String CONTENT="illus." HEIGHT="41" WIDTH="129" VPOS="3541" HPOS="1082"/>
<SP HEIGHT="40" WIDTH="57" VPOS="3542" HPOS="1212"/>
<String CS="1" CONTENT="19&#189;" HEIGHT="41" WIDTH="56" VPOS="3540" HPOS="1270"/>
<String STYLE="superscript" CS="1" CONTENT="&#7580;&#7504;."/>
</TextLine>
<TextLine HEIGHT="56" WIDTH="1982" VPOS="3590" HPOS="413" STYLEREFS="StyleId-D4DAC012-A4BE-421B-AD7F-898DC66ED0F5-" CS="1">
<String CONTENT="&#169;" HEIGHT="53" WIDTH="51" VPOS="3590" HPOS="413"/>
<SP HEIGHT="53" WIDTH="27" VPOS="3590" HPOS="465"/>
<String CONTENT="Dec." HEIGHT="45" WIDTH="111" VPOS="3591" HPOS="493"/>
<SP HEIGHT="40" WIDTH="25" VPOS="3596" HPOS="605"/>
<String CONTENT="2," HEIGHT="46" WIDTH="40" VPOS="3596" HPOS="631"/>
<SP HEIGHT="46" WIDTH="28" VPOS="3596" HPOS="672"/>
<String CS="1" CONTENT="1932;" HEIGHT="41" WIDTH="111" VPOS="3595" HPOS="701"/>
<SP HEIGHT="48" WIDTH="29" VPOS="3596" HPOS="840"/>
<String CONTENT="2c." HEIGHT="40" WIDTH="65" VPOS="3596" HPOS="870"/>
<SP HEIGHT="38" WIDTH="30" VPOS="3597" HPOS="936"/>
<String CONTENT="Dec." HEIGHT="40" WIDTH="110" VPOS="3597" HPOS="967"/>
<SP HEIGHT="40" WIDTH="27" VPOS="3597" HPOS="1078"/>
<String CS="1" CONTENT="21;" HEIGHT="39" WIDTH="54" VPOS="3597" HPOS="1106"/>
<SP HEIGHT="36" WIDTH="30" VPOS="3608" HPOS="1189"/>
<String CONTENT="aff." HEIGHT="40" WIDTH="82" VPOS="3598" HPOS="1220"/>
<SP HEIGHT="41" WIDTH="29" VPOS="3597" HPOS="1303"/>
<String CONTENT="Dec." HEIGHT="41" WIDTH="110" VPOS="3597" HPOS="1333"/>
<SP HEIGHT="40" WIDTH="26" VPOS="3598" HPOS="1444"/>
<String CS="1" CONTENT="20;" HEIGHT="40" WIDTH="59" VPOS="3598" HPOS="1471"/>
<SP HEIGHT="46" WIDTH="31" VPOS="3599" HPOS="1554"/>
<!-- cceid 111C0F88-6D7D-1014-B4A5-D7A31D17AB40 --><String CONTENT="A" HEIGHT="38" WIDTH="42" VPOS="3599" HPOS="1586"/>
<SP HEIGHT="39" WIDTH="25" VPOS="3599" HPOS="1629"/>
<String CS="1" CONTENT="58508;" HEIGHT="40" WIDTH="145" VPOS="3599" HPOS="1655"/>
<SP HEIGHT="47" WIDTH="34" VPOS="3599" HPOS="1824"/>
<String LANG="fr" CONTENT="S." HEIGHT="40" WIDTH="43" VPOS="3599" HPOS="1859"/>
<SP HEIGHT="39" WIDTH="30" VPOS="3599" HPOS="1903"/>
<String CONTENT="L." HEIGHT="38" WIDTH="50" VPOS="3599" HPOS="1934"/>
<SP HEIGHT="40" WIDTH="30" VPOS="3598" HPOS="1985"/>
<String CONTENT="Cochran," HEIGHT="48" WIDTH="231" VPOS="3597" HPOS="2016"/>
<SP HEIGHT="47" WIDTH="30" VPOS="3598" HPOS="2248"/>
<String CONTENT="Fort" HEIGHT="41" WIDTH="116" VPOS="3598" HPOS="2279"/>
</TextLine>
<TextLine HEIGHT="51" WIDTH="579" VPOS="3651" HPOS="480" STYLEREFS="StyleId-D4DAC012-A4BE-421B-AD7F-898DC66ED0F5-">
<String CONTENT="Worth," HEIGHT="48" WIDTH="186" VPOS="3651" HPOS="480"/>
<SP HEIGHT="47" WIDTH="23" VPOS="3652" HPOS="667"/>
<String CONTENT="Tex." HEIGHT="40" WIDTH="114" VPOS="3652" HPOS="691"/>
<SP HEIGHT="47" WIDTH="62" VPOS="3653" HPOS="806"/>
<String CONTENT="(33-12)" HEIGHT="50" WIDTH="190" VPOS="3652" HPOS="869"/>
</TextLine>
<TextLine HEIGHT="70" WIDTH="1043" VPOS="3721" HPOS="411">
<String CONTENT="Collins," HEIGHT="68" WIDTH="233" VPOS="3721" HPOS="411"/>
<SP HEIGHT="65" WIDTH="29" VPOS="3724" HPOS="645"/>
<String CONTENT="Archie" HEIGHT="55" WIDTH="218" VPOS="3724" HPOS="675"/>
<SP HEIGHT="52" WIDTH="28" VPOS="3726" HPOS="894"/>
<String CONTENT="Frederick," HEIGHT="65" WIDTH="332" VPOS="3726" HPOS="923"/>
<SP HEIGHT="56" WIDTH="30" VPOS="3735" HPOS="1256"/>
<String CONTENT="1869-" HEIGHT="50" WIDTH="167" VPOS="3733" HPOS="1287"/>
</TextLine>
<TextLine HEIGHT="78" WIDTH="1850" VPOS="3795" HPOS="481" CS="1">
<String CONTENT="Motor" HEIGHT="59" WIDTH="192" VPOS="3795" HPOS="481"/>
<SP HEIGHT="53" WIDTH="30" VPOS="3801" HPOS="674"/>
<String CONTENT="boating" HEIGHT="70" WIDTH="237" VPOS="3801" HPOS="705"/>
<SP HEIGHT="50" WIDTH="29" VPOS="3821" HPOS="943"/>
<String CONTENT="and" HEIGHT="53" WIDTH="111" VPOS="3803" HPOS="973"/>
<SP HEIGHT="53" WIDTH="33" VPOS="3803" HPOS="1085"/>
<String CONTENT="all" HEIGHT="50" WIDTH="76" VPOS="3806" HPOS="1119"/>
<SP HEIGHT="51" WIDTH="32" VPOS="3806" HPOS="1196"/>
<String CONTENT="about" HEIGHT="54" WIDTH="170" VPOS="3804" HPOS="1229"/>
<SP HEIGHT="52" WIDTH="30" VPOS="3806" HPOS="1400"/>
<String CONTENT="it," HEIGHT="67" WIDTH="65" VPOS="3806" HPOS="1431"/>
<SP HEIGHT="67" WIDTH="27" VPOS="3806" HPOS="1497"/>
<String CONTENT="by" HEIGHT="66" WIDTH="74" VPOS="3806" HPOS="1525"/>
<SP HEIGHT="66" WIDTH="30" VPOS="3806" HPOS="1600"/>
<String CONTENT="A." HEIGHT="51" WIDTH="71" VPOS="3806" HPOS="1631"/>
<SP HEIGHT="51" WIDTH="30" VPOS="3806" HPOS="1703"/>
<String CONTENT="Frederick" HEIGHT="53" WIDTH="308" VPOS="3804" HPOS="1734"/>
<SP HEIGHT="56" WIDTH="31" VPOS="3804" HPOS="2043"/>
<String CONTENT="Collins" HEIGHT="56" WIDTH="217" VPOS="3804" HPOS="2075"/>
<SP HEIGHT="34" WIDTH="38" VPOS="3824" HPOS="2293"/>
<String CS="1" CONTENT="&#8230;"/>
</TextLine>
<TextLine HEIGHT="73" WIDTH="1981" VPOS="3876" HPOS="413">
<String CONTENT="with" HEIGHT="53" WIDTH="138" VPOS="3876" HPOS="413"/>
<SP HEIGHT="52" WIDTH="40" VPOS="3877" HPOS="552"/>
<String CONTENT="illustrations" HEIGHT="57" WIDTH="378" VPOS="3877" HPOS="593"/>
<SP HEIGHT="35" WIDTH="41" VPOS="3899" HPOS="972"/>
<String CONTENT="and" HEIGHT="52" WIDTH="111" VPOS="3882" HPOS="1014"/>
<SP HEIGHT="51" WIDTH="41" VPOS="3882" HPOS="1126"/>
<String CONTENT="diagrams" HEIGHT="68" WIDTH="288" VPOS="3881" HPOS="1168"/>
<SP HEIGHT="52" WIDTH="40" VPOS="3883" HPOS="1457"/>
<String CONTENT="by" HEIGHT="66" WIDTH="75" VPOS="3883" HPOS="1498"/>
<SP HEIGHT="62" WIDTH="39" VPOS="3887" HPOS="1574"/>
<String CONTENT="the" HEIGHT="52" WIDTH="94" VPOS="3883" HPOS="1614"/>
<SP HEIGHT="33" WIDTH="41" VPOS="3901" HPOS="1709"/>
<String CONTENT="author." HEIGHT="53" WIDTH="220" VPOS="3882" HPOS="1751"/>
<SP HEIGHT="52" WIDTH="77" VPOS="3882" HPOS="1972"/>
<String CONTENT="New" HEIGHT="52" WIDTH="138" VPOS="3882" HPOS="2050"/>
<SP HEIGHT="53" WIDTH="43" VPOS="3882" HPOS="2189"/>
<String CONTENT="York" HEIGHT="53" WIDTH="161" VPOS="3882" HPOS="2233"/>
</TextLine>
<TextLine HEIGHT="74" WIDTH="1295" VPOS="3954" HPOS="416" CS="1">
<String CONTENT="[etc.]" HEIGHT="69" WIDTH="138" VPOS="3957" HPOS="416"/>
<SP HEIGHT="72" WIDTH="36" VPOS="3954" HPOS="555"/>
<String CONTENT="Fleming" HEIGHT="71" WIDTH="265" VPOS="3954" HPOS="592"/>
<SP HEIGHT="68" WIDTH="27" VPOS="3957" HPOS="858"/>
<String CONTENT="H." HEIGHT="53" WIDTH="76" VPOS="3957" HPOS="886"/>
<SP HEIGHT="54" WIDTH="29" VPOS="3958" HPOS="963"/>
<String CONTENT="Revell" HEIGHT="54" WIDTH="198" VPOS="3958" HPOS="993"/>
<SP HEIGHT="52" WIDTH="30" VPOS="3959" HPOS="1192"/>
<String CONTENT="company" HEIGHT="50" WIDTH="277" VPOS="3977" HPOS="1223"/>
<SP HEIGHT="50" WIDTH="35" VPOS="3978" HPOS="1501"/>
<String CS="1" CONTENT="["/>
<String STYLE="superscript" CS="1" CONTENT="&#7580;19"/>
<String CS="1" CONTENT="32]" HEIGHT="50" WIDTH="66" VPOS="3962" HPOS="1645"/>
</TextLine>
</TextBlock>
</PrintSpace>
</Page>
</Layout>
</alto>