2563 4368
1177 4070 97 49 691

213 470 253 65 Pahlow,
495 467 206 55 Edwin
728 466 273 66 William,
1032 467 171 55 1878-

279 546 184 52 Man’s
504 550 162 63 great
709 544 328 66 adventure,
1081 560 71 35 an
1198 540 387 54 introduction
1631 546 58 46 to
1738 539 178 53 world
1960 538 240 69 history,

211 615 1987 76 by Edwin W. Pahlow … Boston, New York [etc. ] Ginn and
209 701 506 66 company [ ᶜ193 2 ]
278 777 1748 56 xiv, 854, xxiv p. incl. front., illus. maps (part double) 20½ ᶜᵐ .
279 840 301 48 “Readings”
609 843 51 37 at
686 841 91 39 end
803 840 52 39 of
880 849 127 30 some
1035 839 52 39 of
1114 839 80 40 the
1223 839 237 46 chapters.

218 911 50 51 ©
304 916 110 46 Apr.
481 916 40 43 14,
559 912 139 46 1932;
736 912 67 40 2c.
839 912 112 47 Apr.
988 910 82 47 29;
1110 910 81 41 aff.
1229 911 113 47 Apr.
1379 910 82 46 28;
1502 910 38 38 A
1578 908 171 48 49774;
1790 910 52 40 E.
1882 909 71 40 W.
1991 908 211 47 Pahlow,

287 971 273 45 Columbus,
590 969 51 40 O.
712 967 279 50 (32-12191)

215 1073 374 65 Parchment,
617 1071 233 56 Samuel
881 1070 275 64 Richard,
1187 1074 170 51 1881-

284 1148 168 68 Steps
489 1154 58 47 to
583 1147 403 68 self-mastery,
1023 1146 75 69 by
1140 1144 56 56 S.
1238 1146 67 53 R.
1347 1145 360 53 Parchment.
1786 1145 71 53 3d
1899 1144 83 54 ed.
2086 1143 117 56 [San

214 1226 319 66 Francisco]
565 1226 123 52 The
712 1225 223 67 author,
964 1226 149 51 1932.

280 1294 1063 53 242 p. fold. front., illus., diagr. 20 ᶜᵐ .
221 1367 51 52 ©
299 1373 114 46 Apr.
438 1370 69 48 27,
535 1370 139 42 1932;
703 1370 68 40 2c.
799 1371 110 46 May
937 1371 52 44 2;
1019 1368 81 42 aff.
1130 1370 111 46 May
1268 1370 53 45 4;
1350 1369 37 38 A
1417 1368 169 47 51150;
1619 1369 43 42 S.
1692 1368 54 40 R.
1775 1367 305 46 Parchment,
2111 1367 97 41 San

289 1427 269 40 Francisco.
630 1425 278 49 (32-12095)

216 1531 225 64 Peters,
473 1531 189 52 Franz
691 1529 238 65 Joseph,
962 1530 170 54 1875-

286 1607 107 52 Die
422 1608 152 52 lehre
603 1607 99 52 der
732 1606 411 53 Katholischen
1169 1605 212 69 kirche,
1409 1605 321 69 gebildeten
1757 1606 221 53 kreisen
217 1609 1965 130 dargeboten

414 1685 1793 67 von dr. Franz Joseph Peters … Neue bearbeitung der
216 1763 463 69 gesamtausgabe
720 1764 122 51 “Im
883 1762 182 52 reiche
1109 1762 269 55 Christi”.
1470 1763 113 52 Mit
1622 1767 29 48 9
1690 1763 182 52 tafeln
1913 1763 58 50 in
217 1762 1963 133 kunstdruck.

487 1842 183 66 Bonn,
699 1844 64 49 P.
796 1840 301 66 Hanstein,
1130 1844 149 50 1932.

287 1913 99 49 385,
467 1934 10 29 [1]
512 1924 42 37 p.
615 1913 163 48 front.,
812 1913 169 48 plates.
1044 1912 147 40 25½ᶜᵐ.

291 1970 272 47 Comprises
590 1973 64 45 pt.
684 1971 82 38 1-3
794 1969 51 39 of
873 1970 81 39 the
981 1968 216 41 author’s
1227 1969 100 38 “Im
1357 1969 159 39 reiche
1544 1967 240 48 Christi”;
1814 1971 65 45 pt.
1906 1970 28 38 4
1973 1969 83 48 (by
220 1970 1968 107 Ludwig

347 2027 210 47 Mohler)
602 2029 83 38 not
719 2026 237 41 included.

225 2095 1853 52 © Jan. 26, 1932; 1c. Apr. 13; A —Foreign 16445; Peter Hanstein,
291 2107 1905 97 verlagsbuchhandlung.
858 2154 279 48 (32-12500)

222 2259 226 63 Powell,
476 2258 258 53 Thomas
763 2258 175 63 Reed,
972 2262 169 50 1880-

291 2335 120 53 The
455 2335 273 66 Supreme
767 2341 160 46 court
967 2337 111 52 and
1119 2340 144 47 state
1301 2335 181 67 police
1521 2353 208 50 power,
1770 2339 323 64 1922-1930,
2133 2336 74 68 by

222 2412 1987 69 Thomas Reed Powell … Charlottesville, Va., The Michie
221 2508 295 50 company,
548 2494 149 50 1932.

293 2562 83 49 xii,
406 2563 89 40 306
524 2574 42 37 p.
625 2562 146 41 23½ᶜᵐ.

296 2618 1776 49 “Reprinted from the Virginia law review, vols, XVII and XVIII.”
295 2677 412 47 Bibliographical
736 2676 276 41 foot-notes.

230 2744 51 51 ©
311 2749 112 47 May
452 2747 41 48 2,
522 2746 111 41 1932;
692 2747 66 42 2c.
788 2749 94 38 and
913 2746 79 41 aff.
1026 2749 112 46 May
1166 2748 27 38 4;
1252 2748 38 38 A
1322 2748 140 39 51121;
1524 2749 52 40 T.
1607 2749 54 40 R.
1691 2749 192 46 Powell,
1916 2748 298 48 Cambridge,

298 2806 143 38 Mass.
514 2804 277 49 (32-12061)

228 2907 227 65 Powell,
484 2907 149 56 Van.

295 2982 1922 70 The ghost of mystery airport, by Van Powell … New York,
229 3058 1171 70 Chicago, A. L. Burt company [ ᶜ193 2 ]
296 3129 1373 51 288 p. front. 19 ᶜᵐ . (His The Sky scouts series)
235 3197 51 52 ©
318 3204 109 46 May
455 3201 40 50 9,
524 3202 113 41 1932;
695 3203 65 39 2c.
792 3205 94 38 and
917 3204 79 40 aff.
1029 3204 112 48 May
1172 3204 54 39 10;
1284 3205 40 38 A
1352 3205 140 40 49884;
1555 3206 53 40 A.
1641 3206 50 42 L.
1721 3207 124 39 Burt
1876 3217 66 30 co.

311 3259 278 50 (32-12120)

298 3358 1424 71 The haunted hangar, by Van Powell … New
1750 3362 177 68 York,
1952 3362 266 69 Chicago,

234 3436 872 70 A. L. Burt company [ ᶜ193 2]
300 3504 1371 54 288 p. front. 19 ᶜᵐ . (His The Sky scouts series)
239 3574 51 51 ©
320 3579 111 47 May
458 3578 39 49 9,
528 3580 139 44 1932;
698 3581 68 41 2c.
795 3584 94 39 and
919 3581 82 41 aff.
1032 3583 112 46 May
1173 3582 81 43 10;
1287 3584 40 38 A
1355 3582 171 48 49882;
1558 3585 53 38 A.
1643 3585 49 40 L.
1724 3585 123 39 Burt
1878 3595 66 30 co.

316 3635 277 48 (32-12122)

301 3734 1918 73 The mystery crash, by Van Powell … New York, Chicago,
239 3811 844 71 A. L. Burt company [ ᶜ193 2]
302 3881 85 41 285
415 3892 43 37 p.
513 3882 148 42 front.
718 3883 117 42 19ᶜᵐ.
904 3886 115 46 (His
1048 3885 101 41 The
1182 3887 97 47 Sky
1307 3889 160 38 scouts
1498 3888 174 47 series)

243 3948 51 52 ©
321 3955 110 47 May
455 3954 39 49 9,
519 3955 111 41 1932;
685 3956 67 42 2c.
778 3958 93 39 and
898 3957 79 40 aff.
1006 3959 112 47 May
1144 3958 55 40 10;
1252 3960 39 38 A
1315 3958 141 42 49881;
1514 3962 52 38 A.
1594 3961 50 40 L.
1671 3961 123 40 Burt
1822 3971 66 30 co.

320 4010 275 50 (32-12123)
