<alto xmlns="http://www.loc.gov/standards/alto/ns-v3#" xmlns:xlink="http://www.w3.org/1999/xlink" xmlns:xsi="http://www.w3.org/2001/XMLSchema-instance" xsi:schemaLocation="http://www.loc.gov/standards/alto/ns-v3# http://www.loc.gov/alto/v3/alto-3-0.xsd"><Description>
<MeasurementUnit>pixel</MeasurementUnit>
<sourceImageInformation>
<fileName>1932_v29_part001.pdf</fileName>
</sourceImageInformation>
<OCRProcessing ID="IdOcr">
<ocrProcessingStep>
<processingDateTime>2019-04-25</processingDateTime>
<processingSoftware>
<softwareCreator>ABBYY</softwareCreator>
<softwareName>ABBYY Recognition Server</softwareName>
<softwareVersion>4.0</softwareVersion>
</processingSoftware>
</ocrProcessingStep>
</OCRProcessing>
</Description>
<Styles>
<ParagraphStyle ID="StyleId-FFFFFFFF-FFFF-FFFF-FFFF-FFFFFFFFFFFF-" ALIGN="Left" LEFT="0." RIGHT="0." FIRSTLINE="0."/>
<ParagraphStyle ID="StyleId-547D96D3-B2DE-4E86-A4BD-9DDFC275973A-" ALIGN="Left" LEFT="0." RIGHT="0." FIRSTLINE="0." LINESPACE="7.699999809"/>
<ParagraphStyle ID="StyleId-BE433B82-DF6F-491A-9872-F562FF4150C8-" ALIGN="Block" LEFT="0." RIGHT="0." FIRSTLINE="-13." LINESPACE="7.900000095"/>
<ParagraphStyle ID="StyleId-CC286467-50C5-4655-B0CF-BA365CCE0736-" ALIGN="Block" LEFT="0." RIGHT="0." FIRSTLINE="-15." LINESPACE="8.479999542"/>
<ParagraphStyle ID="StyleId-9878414D-BEDB-487D-971A-CF5ADB5C4AD2-" ALIGN="Block" LEFT="0." RIGHT="0." FIRSTLINE="-14." LINESPACE="10.92000008"/>
<ParagraphStyle ID="StyleId-EBC70DE5-3635-4BD4-B07B-05DF6EFE0022-" ALIGN="Block" LEFT="0." RIGHT="0." FIRSTLINE="-13." LINESPACE="12.19999981"/>
<ParagraphStyle ID="StyleId-8A688F83-F017-4D5D-A00A-14637016ED45-" ALIGN="Left" LEFT="0." RIGHT="0." FIRSTLINE="0." LINESPACE="9.399999619"/>
<ParagraphStyle ID="StyleId-20F0BBAE-20C6-42F4-8113-00B5C02924DC-" ALIGN="Left" LEFT="0." RIGHT="0." FIRSTLINE="0." LINESPACE="11.10000038"/>
<ParagraphStyle ID="StyleId-7AA70148-8873-4ACB-90AE-BF9322E02302-" ALIGN="Left" LEFT="0." RIGHT="0." FIRSTLINE="-13." LINESPACE="11.09000015"/>
<ParagraphStyle ID="StyleId-072EF7BA-7207-4F8B-9A7C-F564E8B4CB16-" ALIGN="Left" LEFT="0." RIGHT="0." FIRSTLINE="-14." LINESPACE="12.19999981"/>
<ParagraphStyle ID="StyleId-44303D12-21D7-4DB0-9E9F-87FA1A861DD7-" ALIGN="Block" LEFT="0." RIGHT="0." FIRSTLINE="-14." LINESPACE="10.92000008"/>
<ParagraphStyle ID="StyleId-43CF0D44-8AC2-4CD0-865F-942C78705184-" ALIGN="Block" LEFT="0." RIGHT="0." FIRSTLINE="-13." LINESPACE="12.19999981"/>
<ParagraphStyle ID="StyleId-7A298A86-29F5-413A-AEC9-078A4CC464D7-" ALIGN="Block" LEFT="0." RIGHT="0." FIRSTLINE="13." LINESPACE="12.19999981"/>
<ParagraphStyle ID="StyleId-8E4E86F7-C1F9-4A1A-B605-6B1FC1C8E9F7-" ALIGN="Left" LEFT="0." RIGHT="0." FIRSTLINE="0." LINESPACE="11.60000038"/>
<ParagraphStyle ID="StyleId-AB39791B-5ED1-444F-BEF5-2CFED1F2709A-" ALIGN="Left" LEFT="0." RIGHT="0." FIRSTLINE="-13." LINESPACE="11.09000015"/>
<ParagraphStyle ID="StyleId-C1F2EEE7-CD00-4E11-9EAD-B222287AEDA4-" ALIGN="Center" LEFT="0." RIGHT="0." FIRSTLINE="0." LINESPACE="11.10000038"/>
</Styles>
<Layout>
<Page ID="Page853" PHYSICAL_IMG_NR="853" HEIGHT="4368" WIDTH="2563">
<TopMargin HEIGHT="410" WIDTH="2563" VPOS="0" HPOS="0">
</TopMargin>
<LeftMargin HEIGHT="3588" WIDTH="160" VPOS="410" HPOS="0">
</LeftMargin>
<RightMargin HEIGHT="3588" WIDTH="377" VPOS="410" HPOS="2186">
</RightMargin>
<BottomMargin HEIGHT="370" WIDTH="2563" VPOS="3998" HPOS="0">
<TextBlock ID="Page853_Block1" HEIGHT="70" WIDTH="120" VPOS="4034" HPOS="1120" LANG="en-US" STYLEREFS="StyleId-8C80ED3E-451B-4265-B648-06DDC05F0E6C-">
<TextLine HEIGHT="50" WIDTH="99" VPOS="4045" HPOS="1131">
<String CONTENT="853" HEIGHT="50" WIDTH="99" VPOS="4045" HPOS="1131"/>
</TextLine>
</TextBlock>
</BottomMargin>
<PrintSpace HEIGHT="3588" WIDTH="2026" VPOS="410" HPOS="160">
<TextBlock ID="Page853_Block2" HEIGHT="3588" WIDTH="2026" VPOS="410" HPOS="160" CS="1" STYLEREFS="StyleId-2268FB16-01C6-48D6-A9F1-F63FCEBF5D9B-">
<TextLine HEIGHT="75" WIDTH="1975" VPOS="421" HPOS="175" LANG="en-US">
<String CONTENT="The" HEIGHT="53" WIDTH="120" VPOS="434" HPOS="175"/>
<SP HEIGHT="54" WIDTH="41" VPOS="433" HPOS="296"/>
<String CONTENT="liberal" HEIGHT="54" WIDTH="202" VPOS="432" HPOS="338"/>
<SP HEIGHT="51" WIDTH="43" VPOS="432" HPOS="541"/>
<String CONTENT="arts" HEIGHT="47" WIDTH="115" VPOS="435" HPOS="585"/>
<SP HEIGHT="35" WIDTH="43" VPOS="447" HPOS="701"/>
<String CONTENT="college;" HEIGHT="67" WIDTH="238" VPOS="429" HPOS="745"/>
<SP HEIGHT="68" WIDTH="44" VPOS="427" HPOS="984"/>
<String CONTENT="based" HEIGHT="54" WIDTH="172" VPOS="426" HPOS="1029"/>
<SP HEIGHT="54" WIDTH="42" VPOS="426" HPOS="1202"/>
<String CONTENT="upon" HEIGHT="51" WIDTH="156" VPOS="444" HPOS="1245"/>
<SP HEIGHT="35" WIDTH="42" VPOS="444" HPOS="1402"/>
<String CONTENT="surveys" HEIGHT="51" WIDTH="233" VPOS="443" HPOS="1445"/>
<SP HEIGHT="38" WIDTH="43" VPOS="441" HPOS="1679"/>
<String CONTENT="of" HEIGHT="54" WIDTH="65" VPOS="423" HPOS="1723"/>
<SP HEIGHT="55" WIDTH="41" VPOS="423" HPOS="1789"/>
<String CONTENT="thirty-five" HEIGHT="73" WIDTH="319" VPOS="421" HPOS="1831"/>
</TextLine>
<TextLine HEIGHT="73" WIDTH="1846" VPOS="504" HPOS="241" LANG="en-US" CS="1">
<String CONTENT="colleges" HEIGHT="65" WIDTH="234" VPOS="512" HPOS="241"/>
<SP HEIGHT="35" WIDTH="48" VPOS="527" HPOS="476"/>
<String CONTENT="related" HEIGHT="52" WIDTH="213" VPOS="508" HPOS="525"/>
<SP HEIGHT="52" WIDTH="49" VPOS="508" HPOS="739"/>
<String CONTENT="to" HEIGHT="46" WIDTH="59" VPOS="513" HPOS="789"/>
<SP HEIGHT="47" WIDTH="48" VPOS="512" HPOS="849"/>
<String CONTENT="the" HEIGHT="52" WIDTH="95" VPOS="506" HPOS="898"/>
<SP HEIGHT="52" WIDTH="46" VPOS="507" HPOS="994"/>
<String CONTENT="Methodist" HEIGHT="54" WIDTH="314" VPOS="505" HPOS="1041"/>
<SP HEIGHT="52" WIDTH="50" VPOS="505" HPOS="1356"/>
<String CONTENT="Episcopal" HEIGHT="67" WIDTH="311" VPOS="505" HPOS="1407"/>
<SP HEIGHT="50" WIDTH="48" VPOS="505" HPOS="1719"/>
<String CONTENT="church" HEIGHT="52" WIDTH="210" VPOS="504" HPOS="1768"/>
<SP HEIGHT="66" WIDTH="57" VPOS="504" HPOS="1979"/>
<String CS="1" CONTENT="[by]" HEIGHT="51" WIDTH="35" VPOS="504" HPOS="2052"/>
</TextLine>
<TextLine HEIGHT="76" WIDTH="1908" VPOS="580" HPOS="242" LANG="en-US">
<String CONTENT="Floyd" HEIGHT="67" WIDTH="183" VPOS="589" HPOS="242"/>
<SP HEIGHT="53" WIDTH="37" VPOS="587" HPOS="426"/>
<String CONTENT="W." HEIGHT="53" WIDTH="88" VPOS="587" HPOS="464"/>
<SP HEIGHT="54" WIDTH="38" VPOS="586" HPOS="553"/>
<String CONTENT="Reeves," HEIGHT="63" WIDTH="227" VPOS="586" HPOS="592"/>
<SP HEIGHT="65" WIDTH="36" VPOS="584" HPOS="820"/>
<String CONTENT="John" HEIGHT="54" WIDTH="156" VPOS="584" HPOS="857"/>
<SP HEIGHT="51" WIDTH="35" VPOS="584" HPOS="1014"/>
<String CONTENT="Dale" HEIGHT="53" WIDTH="146" VPOS="582" HPOS="1050"/>
<SP HEIGHT="52" WIDTH="36" VPOS="583" HPOS="1197"/>
<String CONTENT="Russell," HEIGHT="67" WIDTH="242" VPOS="582" HPOS="1234"/>
<SP HEIGHT="67" WIDTH="34" VPOS="582" HPOS="1477"/>
<String LANG="fr" CONTENT="H." HEIGHT="52" WIDTH="77" VPOS="582" HPOS="1512"/>
<SP HEIGHT="54" WIDTH="39" VPOS="582" HPOS="1590"/>
<String CONTENT="C." HEIGHT="54" WIDTH="62" VPOS="582" HPOS="1630"/>
<SP HEIGHT="56" WIDTH="38" VPOS="580" HPOS="1693"/>
<String CONTENT="Gregg," HEIGHT="68" WIDTH="212" VPOS="580" HPOS="1732"/>
<SP HEIGHT="68" WIDTH="35" VPOS="580" HPOS="1945"/>
<String CONTENT="A." HEIGHT="54" WIDTH="71" VPOS="580" HPOS="1981"/>
<SP HEIGHT="54" WIDTH="40" VPOS="581" HPOS="2053"/>
<String CONTENT="J." HEIGHT="54" WIDTH="56" VPOS="581" HPOS="2094"/>
</TextLine>
<TextLine HEIGHT="152" WIDTH="1891" VPOS="656" HPOS="239" LANG="en-US" CS="1">
<String CONTENT="Brumbaugh" HEIGHT="66" WIDTH="370" VPOS="663" HPOS="241"/>
<SP HEIGHT="65" WIDTH="31" VPOS="663" HPOS="612"/>
<String CS="1" CONTENT="[and]" HEIGHT="65" WIDTH="128" VPOS="663" HPOS="663"/>
<SP HEIGHT="65" WIDTH="32" VPOS="663" HPOS="792"/>
<String LANG="fr" CONTENT="L." HEIGHT="52" WIDTH="64" VPOS="663" HPOS="825"/>
<SP HEIGHT="53" WIDTH="29" VPOS="662" HPOS="890"/>
<String CONTENT="E." HEIGHT="53" WIDTH="67" VPOS="662" HPOS="920"/>
<SP HEIGHT="52" WIDTH="30" VPOS="663" HPOS="988"/>
<String CONTENT="Blauch." HEIGHT="53" WIDTH="235" VPOS="660" HPOS="1019"/>
<SP HEIGHT="55" WIDTH="64" VPOS="659" HPOS="1255"/>
<String CONTENT="Chicago," HEIGHT="68" WIDTH="268" VPOS="658" HPOS="1320"/>
<SP HEIGHT="67" WIDTH="26" VPOS="659" HPOS="1589"/>
<String CONTENT="Ill.," HEIGHT="66" WIDTH="114" VPOS="659" HPOS="1616"/>
<SP HEIGHT="65" WIDTH="28" VPOS="660" HPOS="1731"/>
<String CONTENT="The" HEIGHT="53" WIDTH="121" VPOS="658" HPOS="1760"/>
<SP HEIGHT="53" WIDTH="26" VPOS="659" HPOS="1882"/>
<String CONTENT="University" HEIGHT="152" WIDTH="1891" VPOS="656" HPOS="239"/>
</TextLine>
<TextLine HEIGHT="66" WIDTH="725" VPOS="739" HPOS="374" LANG="en-US">
<String CONTENT="of" HEIGHT="51" WIDTH="64" VPOS="742" HPOS="374"/>
<SP HEIGHT="53" WIDTH="25" VPOS="741" HPOS="439"/>
<String CONTENT="Chicago" HEIGHT="66" WIDTH="250" VPOS="739" HPOS="465"/>
<SP HEIGHT="49" WIDTH="23" VPOS="756" HPOS="716"/>
<String CONTENT="press" HEIGHT="50" WIDTH="156" VPOS="755" HPOS="740"/>
<SP HEIGHT="47" WIDTH="30" VPOS="757" HPOS="897"/>
<String CONTENT="[1932]" HEIGHT="64" WIDTH="171" VPOS="740" HPOS="928"/>
</TextLine>
<TextLine HEIGHT="52" WIDTH="990" VPOS="807" HPOS="375" STYLEREFS="StyleId-478B90F0-D499-41CC-94A2-6C2BF826C579-" LANG="en-US" CS="1">
<String CS="1" CONTENT="xxxv," HEIGHT="16" WIDTH="9" VPOS="843" HPOS="375"/>
<SP HEIGHT="47" WIDTH="23" VPOS="812" HPOS="385"/>
<String CONTENT="715" HEIGHT="41" WIDTH="84" VPOS="810" HPOS="409"/>
<SP HEIGHT="48" WIDTH="22" VPOS="810" HPOS="494"/>
<String CONTENT="p." HEIGHT="37" WIDTH="41" VPOS="821" HPOS="517"/>
<SP HEIGHT="40" WIDTH="25" VPOS="811" HPOS="559"/>
<String CONTENT="incl." HEIGHT="40" WIDTH="109" VPOS="811" HPOS="585"/>
<SP HEIGHT="32" WIDTH="22" VPOS="819" HPOS="695"/>
<String CONTENT="map," HEIGHT="39" WIDTH="124" VPOS="819" HPOS="718"/>
<SP HEIGHT="47" WIDTH="25" VPOS="810" HPOS="843"/>
<String CONTENT="diagrs.," HEIGHT="48" WIDTH="193" VPOS="808" HPOS="869"/>
<SP HEIGHT="48" WIDTH="23" VPOS="807" HPOS="1063"/>
<String CONTENT="forms." HEIGHT="40" WIDTH="168" VPOS="807" HPOS="1087"/>
<SP HEIGHT="40" WIDTH="53" VPOS="807" HPOS="1256"/>
<String CS="1" CONTENT="23&#189;" HEIGHT="40" WIDTH="55" VPOS="807" HPOS="1310"/>
<String STYLE="superscript" CS="1" CONTENT="&#7580;&#7504;."/>
</TextLine>
<TextLine HEIGHT="53" WIDTH="1904" VPOS="862" HPOS="247" STYLEREFS="StyleId-478B90F0-D499-41CC-94A2-6C2BF826C579-" LANG="en-US">
<String CONTENT="Survey" HEIGHT="45" WIDTH="182" VPOS="870" HPOS="247"/>
<SP HEIGHT="37" WIDTH="41" VPOS="878" HPOS="430"/>
<String CONTENT="made" HEIGHT="40" WIDTH="137" VPOS="867" HPOS="472"/>
<SP HEIGHT="31" WIDTH="42" VPOS="876" HPOS="610"/>
<String CONTENT="at" HEIGHT="38" WIDTH="51" VPOS="868" HPOS="653"/>
<SP HEIGHT="38" WIDTH="42" VPOS="868" HPOS="705"/>
<String CONTENT="the" HEIGHT="37" WIDTH="80" VPOS="868" HPOS="748"/>
<SP HEIGHT="39" WIDTH="43" VPOS="866" HPOS="829"/>
<String CONTENT="direction" HEIGHT="41" WIDTH="236" VPOS="864" HPOS="873"/>
<SP HEIGHT="30" WIDTH="42" VPOS="874" HPOS="1110"/>
<String CONTENT="of" HEIGHT="41" WIDTH="53" VPOS="863" HPOS="1153"/>
<SP HEIGHT="40" WIDTH="38" VPOS="863" HPOS="1207"/>
<String CONTENT="the" HEIGHT="39" WIDTH="82" VPOS="864" HPOS="1246"/>
<SP HEIGHT="39" WIDTH="43" VPOS="864" HPOS="1329"/>
<String CONTENT="Board" HEIGHT="40" WIDTH="161" VPOS="863" HPOS="1373"/>
<SP HEIGHT="39" WIDTH="41" VPOS="863" HPOS="1535"/>
<String CONTENT="of" HEIGHT="40" WIDTH="53" VPOS="862" HPOS="1577"/>
<SP HEIGHT="40" WIDTH="42" VPOS="862" HPOS="1631"/>
<String CONTENT="education" HEIGHT="40" WIDTH="257" VPOS="862" HPOS="1674"/>
<SP HEIGHT="28" WIDTH="42" VPOS="873" HPOS="1932"/>
<String CONTENT="of" HEIGHT="39" WIDTH="51" VPOS="862" HPOS="1975"/>
<SP HEIGHT="40" WIDTH="43" VPOS="862" HPOS="2027"/>
<String CONTENT="the" HEIGHT="39" WIDTH="80" VPOS="864" HPOS="2071"/>
</TextLine>
<TextLine HEIGHT="52" WIDTH="1979" VPOS="919" HPOS="175" STYLEREFS="StyleId-478B90F0-D499-41CC-94A2-6C2BF826C579-" LANG="en-US">
<String CONTENT="Methodist" HEIGHT="42" WIDTH="259" VPOS="924" HPOS="175"/>
<SP HEIGHT="40" WIDTH="30" VPOS="924" HPOS="435"/>
<String CONTENT="Episcopal" HEIGHT="48" WIDTH="255" VPOS="923" HPOS="466"/>
<SP HEIGHT="38" WIDTH="26" VPOS="924" HPOS="722"/>
<String CONTENT="church" HEIGHT="40" WIDTH="181" VPOS="922" HPOS="749"/>
<SP HEIGHT="40" WIDTH="27" VPOS="921" HPOS="931"/>
<String CONTENT="by" HEIGHT="47" WIDTH="60" VPOS="921" HPOS="959"/>
<SP HEIGHT="37" WIDTH="28" VPOS="931" HPOS="1020"/>
<String CONTENT="order" HEIGHT="39" WIDTH="141" VPOS="921" HPOS="1049"/>
<SP HEIGHT="30" WIDTH="26" VPOS="930" HPOS="1191"/>
<String CONTENT="of" HEIGHT="41" WIDTH="53" VPOS="919" HPOS="1218"/>
<SP HEIGHT="40" WIDTH="26" VPOS="919" HPOS="1272"/>
<String CONTENT="the" HEIGHT="40" WIDTH="81" VPOS="920" HPOS="1299"/>
<SP HEIGHT="41" WIDTH="29" VPOS="919" HPOS="1381"/>
<String CONTENT="General" HEIGHT="41" WIDTH="206" VPOS="919" HPOS="1411"/>
<SP HEIGHT="40" WIDTH="28" VPOS="919" HPOS="1618"/>
<String CONTENT="conference." HEIGHT="40" WIDTH="296" VPOS="919" HPOS="1647"/>
<SP HEIGHT="40" WIDTH="57" VPOS="919" HPOS="1944"/>
<String LANG="fr" CONTENT="F." HEIGHT="41" WIDTH="51" VPOS="919" HPOS="2002"/>
<SP HEIGHT="40" WIDTH="28" VPOS="920" HPOS="2054"/>
<String CONTENT="W." HEIGHT="41" WIDTH="71" VPOS="920" HPOS="2083"/>
</TextLine>
<TextLine HEIGHT="51" WIDTH="1242" VPOS="976" HPOS="177" STYLEREFS="StyleId-478B90F0-D499-41CC-94A2-6C2BF826C579-" LANG="en-US" CS="1">
<String CONTENT="Reeves," HEIGHT="45" WIDTH="189" VPOS="982" HPOS="177"/>
<SP HEIGHT="46" WIDTH="25" VPOS="981" HPOS="367"/>
<String CONTENT="director" HEIGHT="40" WIDTH="211" VPOS="980" HPOS="393"/>
<SP HEIGHT="29" WIDTH="21" VPOS="990" HPOS="605"/>
<String CONTENT="of" HEIGHT="40" WIDTH="53" VPOS="979" HPOS="627"/>
<SP HEIGHT="40" WIDTH="23" VPOS="979" HPOS="681"/>
<String CONTENT="the" HEIGHT="39" WIDTH="79" VPOS="980" HPOS="705"/>
<SP HEIGHT="29" WIDTH="27" VPOS="989" HPOS="785"/>
<String CS="1" CONTENT="survey." HEIGHT="37" WIDTH="175" VPOS="988" HPOS="813"/>
<SP HEIGHT="30" WIDTH="51" VPOS="988" HPOS="1004"/>
<String CONTENT="cf." HEIGHT="48" WIDTH="61" VPOS="978" HPOS="1056"/>
<SP HEIGHT="42" WIDTH="28" VPOS="977" HPOS="1118"/>
<String CONTENT="Foreword." HEIGHT="40" WIDTH="272" VPOS="976" HPOS="1147"/>
</TextLine>
<TextLine HEIGHT="54" WIDTH="1978" VPOS="1044" HPOS="178" STYLEREFS="StyleId-478B90F0-D499-41CC-94A2-6C2BF826C579-" LANG="en-US">
<String CONTENT="&#169;" HEIGHT="51" WIDTH="51" VPOS="1047" HPOS="178"/>
<SP HEIGHT="51" WIDTH="31" VPOS="1047" HPOS="230"/>
<String CONTENT="May" HEIGHT="46" WIDTH="110" VPOS="1052" HPOS="262"/>
<SP HEIGHT="46" WIDTH="30" VPOS="1052" HPOS="373"/>
<String CONTENT="17," HEIGHT="46" WIDTH="67" VPOS="1051" HPOS="404"/>
<SP HEIGHT="46" WIDTH="31" VPOS="1051" HPOS="472"/>
<String CONTENT="1932;" HEIGHT="46" WIDTH="139" VPOS="1049" HPOS="504"/>
<SP HEIGHT="45" WIDTH="32" VPOS="1050" HPOS="644"/>
<String CONTENT="2c." HEIGHT="39" WIDTH="66" VPOS="1050" HPOS="677"/>
<SP HEIGHT="29" WIDTH="32" VPOS="1060" HPOS="744"/>
<String CONTENT="and" HEIGHT="39" WIDTH="95" VPOS="1050" HPOS="777"/>
<SP HEIGHT="39" WIDTH="30" VPOS="1050" HPOS="873"/>
<String CONTENT="aff." HEIGHT="41" WIDTH="81" VPOS="1048" HPOS="904"/>
<SP HEIGHT="40" WIDTH="31" VPOS="1049" HPOS="986"/>
<String CONTENT="June" HEIGHT="39" WIDTH="125" VPOS="1049" HPOS="1018"/>
<SP HEIGHT="39" WIDTH="30" VPOS="1048" HPOS="1144"/>
<String CONTENT="6;" HEIGHT="47" WIDTH="51" VPOS="1048" HPOS="1175"/>
<SP HEIGHT="48" WIDTH="33" VPOS="1047" HPOS="1227"/>
<!-- cceid 0A9F23CA-6D7D-1014-B4A5-D7A31D17AB40 --><String CONTENT="A" HEIGHT="40" WIDTH="41" VPOS="1047" HPOS="1261"/>
<SP HEIGHT="40" WIDTH="29" VPOS="1047" HPOS="1303"/>
<String CONTENT="52321;" HEIGHT="47" WIDTH="169" VPOS="1047" HPOS="1333"/>
<SP HEIGHT="46" WIDTH="34" VPOS="1048" HPOS="1503"/>
<String CONTENT="University" HEIGHT="48" WIDTH="282" VPOS="1046" HPOS="1538"/>
<SP HEIGHT="37" WIDTH="29" VPOS="1057" HPOS="1821"/>
<String CONTENT="of" HEIGHT="41" WIDTH="52" VPOS="1046" HPOS="1851"/>
<SP HEIGHT="40" WIDTH="31" VPOS="1046" HPOS="1904"/>
<String CONTENT="Chicago," HEIGHT="49" WIDTH="220" VPOS="1044" HPOS="1936"/>
</TextLine>
<TextLine HEIGHT="50" WIDTH="567" VPOS="1105" HPOS="245" STYLEREFS="StyleId-478B90F0-D499-41CC-94A2-6C2BF826C579-" LANG="en-US">
<String CONTENT="Chicago." HEIGHT="48" WIDTH="219" VPOS="1107" HPOS="245"/>
<SP HEIGHT="48" WIDTH="69" VPOS="1107" HPOS="465"/>
<String CONTENT="(32-15094)" HEIGHT="50" WIDTH="277" VPOS="1105" HPOS="535"/>
</TextLine>
<TextLine HEIGHT="66" WIDTH="1192" VPOS="1208" HPOS="171" STYLEREFS="StyleId-D2BA63BE-F29A-48B2-B153-0291009459A2-" LANG="en-US">
<String CONTENT="Michie" HEIGHT="54" WIDTH="212" VPOS="1209" HPOS="171"/>
<SP HEIGHT="37" WIDTH="30" VPOS="1226" HPOS="384"/>
<String CONTENT="company," HEIGHT="48" WIDTH="303" VPOS="1225" HPOS="415"/>
<SP HEIGHT="62" WIDTH="32" VPOS="1211" HPOS="719"/>
<String CONTENT="Charlottesville," HEIGHT="66" WIDTH="478" VPOS="1208" HPOS="752"/>
<SP HEIGHT="66" WIDTH="29" VPOS="1208" HPOS="1231"/>
<String LANG="fr" CONTENT="Va." HEIGHT="52" WIDTH="102" VPOS="1208" HPOS="1261"/>
</TextLine>
<TextLine HEIGHT="74" WIDTH="1915" VPOS="1279" HPOS="241" LANG="en-US">
<String CONTENT="Michie" HEIGHT="55" WIDTH="212" VPOS="1285" HPOS="241"/>
<SP HEIGHT="33" WIDTH="31" VPOS="1305" HPOS="454"/>
<String CONTENT="on" HEIGHT="34" WIDTH="71" VPOS="1304" HPOS="486"/>
<SP HEIGHT="51" WIDTH="30" VPOS="1287" HPOS="558"/>
<String CONTENT="banks" HEIGHT="51" WIDTH="178" VPOS="1287" HPOS="589"/>
<SP HEIGHT="33" WIDTH="35" VPOS="1305" HPOS="768"/>
<String CONTENT="and" HEIGHT="51" WIDTH="112" VPOS="1287" HPOS="804"/>
<SP HEIGHT="51" WIDTH="33" VPOS="1287" HPOS="917"/>
<String CONTENT="banking," HEIGHT="68" WIDTH="272" VPOS="1285" HPOS="951"/>
<SP HEIGHT="66" WIDTH="31" VPOS="1286" HPOS="1224"/>
<String CONTENT="by" HEIGHT="67" WIDTH="74" VPOS="1286" HPOS="1256"/>
<SP HEIGHT="64" WIDTH="31" VPOS="1289" HPOS="1331"/>
<String CONTENT="the" HEIGHT="53" WIDTH="97" VPOS="1284" HPOS="1363"/>
<SP HEIGHT="34" WIDTH="31" VPOS="1303" HPOS="1461"/>
<String CONTENT="editorial" HEIGHT="55" WIDTH="266" VPOS="1282" HPOS="1493"/>
<SP HEIGHT="51" WIDTH="31" VPOS="1285" HPOS="1760"/>
<String CONTENT="staff" HEIGHT="57" WIDTH="136" VPOS="1279" HPOS="1792"/>
<SP HEIGHT="56" WIDTH="32" VPOS="1279" HPOS="1929"/>
<String CONTENT="of" HEIGHT="53" WIDTH="63" VPOS="1282" HPOS="1962"/>
<SP HEIGHT="52" WIDTH="31" VPOS="1282" HPOS="2026"/>
<String CONTENT="the" HEIGHT="52" WIDTH="98" VPOS="1282" HPOS="2058"/>
</TextLine>
<TextLine HEIGHT="72" WIDTH="1983" VPOS="1360" HPOS="172" LANG="en-US">
<String CONTENT="Michie" HEIGHT="53" WIDTH="211" VPOS="1364" HPOS="172"/>
<SP HEIGHT="34" WIDTH="27" VPOS="1383" HPOS="384"/>
<String CONTENT="company," HEIGHT="50" WIDTH="294" VPOS="1382" HPOS="412"/>
<SP HEIGHT="48" WIDTH="28" VPOS="1382" HPOS="707"/>
<String CONTENT="under" HEIGHT="52" WIDTH="179" VPOS="1364" HPOS="736"/>
<SP HEIGHT="46" WIDTH="28" VPOS="1369" HPOS="916"/>
<String CONTENT="the" HEIGHT="52" WIDTH="96" VPOS="1364" HPOS="945"/>
<SP HEIGHT="33" WIDTH="26" VPOS="1383" HPOS="1042"/>
<String CONTENT="supervision" HEIGHT="70" WIDTH="357" VPOS="1362" HPOS="1069"/>
<SP HEIGHT="35" WIDTH="26" VPOS="1380" HPOS="1427"/>
<String CONTENT="of" HEIGHT="51" WIDTH="63" VPOS="1363" HPOS="1454"/>
<SP HEIGHT="52" WIDTH="28" VPOS="1363" HPOS="1518"/>
<String CONTENT="A." HEIGHT="52" WIDTH="72" VPOS="1363" HPOS="1547"/>
<SP HEIGHT="52" WIDTH="26" VPOS="1363" HPOS="1620"/>
<String CONTENT="Hewson" HEIGHT="52" WIDTH="251" VPOS="1363" HPOS="1647"/>
<SP HEIGHT="52" WIDTH="26" VPOS="1362" HPOS="1899"/>
<String CONTENT="Michie," HEIGHT="69" WIDTH="229" VPOS="1360" HPOS="1926"/>
</TextLine>
<TextLine HEIGHT="143" WIDTH="1961" VPOS="1439" HPOS="172" LANG="en-US" CS="1">
<String CONTENT="assisted" HEIGHT="54" WIDTH="234" VPOS="1441" HPOS="174"/>
<SP HEIGHT="52" WIDTH="46" VPOS="1443" HPOS="409"/>
<String CONTENT="by" HEIGHT="67" WIDTH="75" VPOS="1443" HPOS="456"/>
<SP HEIGHT="65" WIDTH="48" VPOS="1445" HPOS="532"/>
<String CONTENT="Beirne" HEIGHT="54" WIDTH="206" VPOS="1442" HPOS="581"/>
<SP HEIGHT="54" WIDTH="49" VPOS="1442" HPOS="788"/>
<String CONTENT="Stedman." HEIGHT="54" WIDTH="289" VPOS="1442" HPOS="838"/>
<SP HEIGHT="52" WIDTH="73" VPOS="1442" HPOS="1128"/>
<String CONTENT="Permanent" HEIGHT="53" WIDTH="345" VPOS="1442" HPOS="1202"/>
<SP HEIGHT="47" WIDTH="46" VPOS="1448" HPOS="1548"/>
<String CONTENT="ed." HEIGHT="52" WIDTH="85" VPOS="1441" HPOS="1595"/>
<SP HEIGHT="35" WIDTH="71" VPOS="1458" HPOS="1681"/>
<String CONTENT="v." HEIGHT="35" WIDTH="51" VPOS="1458" HPOS="1753"/>
<SP HEIGHT="49" WIDTH="51" VPOS="1444" HPOS="1805"/>
<String CONTENT="5." HEIGHT="49" WIDTH="46" VPOS="1444" HPOS="1857"/>
<SP HEIGHT="56" WIDTH="73" VPOS="1439" HPOS="1904"/>
<String CONTENT="Charlottesville," HEIGHT="143" WIDTH="1961" VPOS="1439" HPOS="172"/>
</TextLine>
<TextLine HEIGHT="63" WIDTH="1012" VPOS="1519" HPOS="521" LANG="en-US">
<String LANG="fr" CONTENT="Va.," HEIGHT="61" WIDTH="124" VPOS="1521" HPOS="521"/>
<SP HEIGHT="61" WIDTH="25" VPOS="1521" HPOS="646"/>
<String CONTENT="The" HEIGHT="51" WIDTH="119" VPOS="1521" HPOS="672"/>
<SP HEIGHT="51" WIDTH="25" VPOS="1522" HPOS="792"/>
<String CONTENT="Michie" HEIGHT="54" WIDTH="213" VPOS="1519" HPOS="818"/>
<SP HEIGHT="34" WIDTH="24" VPOS="1538" HPOS="1032"/>
<String CONTENT="company," HEIGHT="45" WIDTH="295" VPOS="1537" HPOS="1057"/>
<SP HEIGHT="58" WIDTH="28" VPOS="1524" HPOS="1353"/>
<String CONTENT="1932." HEIGHT="51" WIDTH="151" VPOS="1522" HPOS="1382"/>
</TextLine>
<TextLine HEIGHT="48" WIDTH="267" VPOS="1594" HPOS="246" STYLEREFS="StyleId-478B90F0-D499-41CC-94A2-6C2BF826C579-" LANG="en-US" CS="1">
<String CONTENT="810" HEIGHT="39" WIDTH="84" VPOS="1594" HPOS="246"/>
<SP HEIGHT="48" WIDTH="27" VPOS="1594" HPOS="331"/>
<String CONTENT="p." HEIGHT="38" WIDTH="42" VPOS="1604" HPOS="359"/>
<SP HEIGHT="39" WIDTH="56" VPOS="1594" HPOS="402"/>
<String CONTENT="24" HEIGHT="39" WIDTH="54" VPOS="1594" HPOS="459"/>
<String STYLE="superscript" CS="1" CONTENT="&#7580;&#7504;."/>
</TextLine>
<TextLine HEIGHT="51" WIDTH="1628" VPOS="1646" HPOS="181" STYLEREFS="StyleId-478B90F0-D499-41CC-94A2-6C2BF826C579-" LANG="en-US">
<String CONTENT="&#169;" HEIGHT="51" WIDTH="51" VPOS="1646" HPOS="181"/>
<SP HEIGHT="51" WIDTH="26" VPOS="1646" HPOS="233"/>
<String CONTENT="June" HEIGHT="39" WIDTH="124" VPOS="1651" HPOS="260"/>
<SP HEIGHT="41" WIDTH="25" VPOS="1649" HPOS="385"/>
<String CONTENT="22," HEIGHT="48" WIDTH="68" VPOS="1649" HPOS="411"/>
<SP HEIGHT="46" WIDTH="27" VPOS="1651" HPOS="480"/>
<String CONTENT="1932;" HEIGHT="47" WIDTH="138" VPOS="1649" HPOS="508"/>
<SP HEIGHT="47" WIDTH="29" VPOS="1649" HPOS="647"/>
<String CONTENT="2c." HEIGHT="39" WIDTH="65" VPOS="1649" HPOS="677"/>
<SP HEIGHT="29" WIDTH="29" VPOS="1659" HPOS="743"/>
<String CONTENT="and" HEIGHT="37" WIDTH="93" VPOS="1651" HPOS="773"/>
<SP HEIGHT="38" WIDTH="27" VPOS="1651" HPOS="867"/>
<String CONTENT="aff." HEIGHT="40" WIDTH="79" VPOS="1649" HPOS="895"/>
<SP HEIGHT="39" WIDTH="29" VPOS="1650" HPOS="975"/>
<String CONTENT="June" HEIGHT="39" WIDTH="124" VPOS="1650" HPOS="1005"/>
<SP HEIGHT="39" WIDTH="26" VPOS="1650" HPOS="1130"/>
<String CONTENT="24;" HEIGHT="46" WIDTH="82" VPOS="1650" HPOS="1157"/>
<SP HEIGHT="46" WIDTH="29" VPOS="1650" HPOS="1240"/>
<!-- cceid 0A9F91A0-6D7D-1014-B4A5-D7A31D17AB40 --><String CONTENT="A" HEIGHT="37" WIDTH="40" VPOS="1650" HPOS="1270"/>
<SP HEIGHT="39" WIDTH="26" VPOS="1650" HPOS="1311"/>
<String CONTENT="52770;" HEIGHT="47" WIDTH="168" VPOS="1649" HPOS="1338"/>
<SP HEIGHT="46" WIDTH="31" VPOS="1650" HPOS="1507"/>
<String CONTENT="Michie" HEIGHT="40" WIDTH="176" VPOS="1649" HPOS="1539"/>
<SP HEIGHT="30" WIDTH="27" VPOS="1658" HPOS="1716"/>
<String CONTENT="co." HEIGHT="30" WIDTH="65" VPOS="1658" HPOS="1744"/>
</TextLine>
<TextLine HEIGHT="67" WIDTH="1910" VPOS="1750" HPOS="175" STYLEREFS="StyleId-4E1D2921-93C6-4848-9795-2996765161C5-" CS="1">
<String LANG="en-US" CONTENT="Moitte," HEIGHT="65" WIDTH="227" VPOS="1750" HPOS="175"/>
<SP HEIGHT="63" WIDTH="29" VPOS="1752" HPOS="403"/>
<String LANG="fr" CONTENT="Mme." HEIGHT="53" WIDTH="169" VPOS="1752" HPOS="433"/>
<SP HEIGHT="53" WIDTH="29" VPOS="1752" HPOS="603"/>
<String LANG="en-US" CS="1" CONTENT="Adela&#239;de" HEIGHT="54" WIDTH="282" VPOS="1750" HPOS="633"/>
<SP HEIGHT="51" WIDTH="27" VPOS="1753" HPOS="916"/>
<String LANG="en-US" CONTENT="Marie" HEIGHT="54" WIDTH="186" VPOS="1751" HPOS="944"/>
<SP HEIGHT="54" WIDTH="28" VPOS="1751" HPOS="1131"/>
<String LANG="de" CONTENT="Anne" HEIGHT="54" WIDTH="169" VPOS="1751" HPOS="1160"/>
<SP HEIGHT="64" WIDTH="39" VPOS="1753" HPOS="1330"/>
<String LANG="de" CONTENT="(Castelias)" HEIGHT="67" WIDTH="351" VPOS="1750" HPOS="1370"/>
<SP HEIGHT="65" WIDTH="38" VPOS="1751" HPOS="1722"/>
<String LANG="en-US" CONTENT="1747-1807." HEIGHT="55" WIDTH="324" VPOS="1752" HPOS="1761"/>
</TextLine>
<TextLine HEIGHT="69" WIDTH="1921" VPOS="1828" HPOS="243" CS="1">
<String LANG="fr" CONTENT="Un" HEIGHT="54" WIDTH="97" VPOS="1829" HPOS="243"/>
<SP HEIGHT="34" WIDTH="24" VPOS="1848" HPOS="341"/>
<String LANG="en-US" CS="1" CONTENT="m&#233;nage" HEIGHT="50" WIDTH="235" VPOS="1847" HPOS="366"/>
<SP HEIGHT="52" WIDTH="26" VPOS="1830" HPOS="602"/>
<String LANG="fr" CONTENT="d&#8217;artistes" HEIGHT="55" WIDTH="284" VPOS="1828" HPOS="629"/>
<SP HEIGHT="35" WIDTH="26" VPOS="1848" HPOS="914"/>
<String LANG="en-US" CONTENT="sous" HEIGHT="36" WIDTH="128" VPOS="1847" HPOS="941"/>
<SP HEIGHT="51" WIDTH="27" VPOS="1831" HPOS="1070"/>
<String LANG="fr" CONTENT="le" HEIGHT="51" WIDTH="52" VPOS="1831" HPOS="1098"/>
<SP HEIGHT="49" WIDTH="25" VPOS="1848" HPOS="1151"/>
<String LANG="en-US" CONTENT="premier" HEIGHT="67" WIDTH="248" VPOS="1830" HPOS="1177"/>
<SP HEIGHT="35" WIDTH="24" VPOS="1848" HPOS="1426"/>
<String LANG="en-US" CONTENT="empire;" HEIGHT="67" WIDTH="241" VPOS="1830" HPOS="1451"/>
<SP HEIGHT="69" WIDTH="30" VPOS="1828" HPOS="1693"/>
<String LANG="en-US" CONTENT="journal" HEIGHT="69" WIDTH="230" VPOS="1828" HPOS="1724"/>
<SP HEIGHT="52" WIDTH="29" VPOS="1829" HPOS="1955"/>
<String LANG="fr" CONTENT="in&#233;dit" HEIGHT="53" WIDTH="179" VPOS="1829" HPOS="1985"/>
</TextLine>
<TextLine HEIGHT="72" WIDTH="1987" VPOS="1902" HPOS="177">
<String LANG="fr" CONTENT="de" HEIGHT="51" WIDTH="68" VPOS="1909" HPOS="177"/>
<SP HEIGHT="34" WIDTH="17" VPOS="1926" HPOS="246"/>
<String LANG="fr" CONTENT="madame" HEIGHT="51" WIDTH="260" VPOS="1908" HPOS="264"/>
<SP HEIGHT="53" WIDTH="17" VPOS="1906" HPOS="525"/>
<String LANG="en-US" CONTENT="Moitte," HEIGHT="68" WIDTH="223" VPOS="1906" HPOS="543"/>
<SP HEIGHT="68" WIDTH="22" VPOS="1906" HPOS="767"/>
<String LANG="en-US" CONTENT="femme" HEIGHT="53" WIDTH="206" VPOS="1906" HPOS="790"/>
<SP HEIGHT="52" WIDTH="18" VPOS="1907" HPOS="997"/>
<String LANG="fr" CONTENT="de" HEIGHT="52" WIDTH="70" VPOS="1907" HPOS="1016"/>
<SP HEIGHT="54" WIDTH="17" VPOS="1907" HPOS="1087"/>
<String LANG="fr" CONTENT="Jean-Guillaume" HEIGHT="56" WIDTH="503" VPOS="1905" HPOS="1105"/>
<SP HEIGHT="57" WIDTH="14" VPOS="1902" HPOS="1609"/>
<String LANG="en-US" CONTENT="Moitte," HEIGHT="72" WIDTH="228" VPOS="1902" HPOS="1624"/>
<SP HEIGHT="47" WIDTH="18" VPOS="1927" HPOS="1853"/>
<String LANG="fr" CONTENT="statuaire," HEIGHT="67" WIDTH="292" VPOS="1907" HPOS="1872"/>
</TextLine>
<TextLine HEIGHT="69" WIDTH="1990" VPOS="1984" HPOS="175" LANG="fr" CS="1">
<String CONTENT="membre" HEIGHT="51" WIDTH="246" VPOS="1986" HPOS="175"/>
<SP HEIGHT="52" WIDTH="29" VPOS="1985" HPOS="422"/>
<String CONTENT="de" HEIGHT="53" WIDTH="68" VPOS="1985" HPOS="452"/>
<SP HEIGHT="51" WIDTH="29" VPOS="1987" HPOS="521"/>
<String CONTENT="l&#8217;Acad&#233;mie" HEIGHT="54" WIDTH="348" VPOS="1984" HPOS="551"/>
<SP HEIGHT="52" WIDTH="28" VPOS="1986" HPOS="900"/>
<String CONTENT="des" HEIGHT="52" WIDTH="98" VPOS="1986" HPOS="929"/>
<SP HEIGHT="53" WIDTH="26" VPOS="1985" HPOS="1028"/>
<String CONTENT="beaux-arts," HEIGHT="66" WIDTH="344" VPOS="1985" HPOS="1055"/>
<SP HEIGHT="63" WIDTH="34" VPOS="1988" HPOS="1400"/>
<String CS="1" CONTENT="1805-1807;" HEIGHT="54" WIDTH="307" VPOS="1984" HPOS="1435"/>
<SP HEIGHT="50" WIDTH="36" VPOS="2003" HPOS="1771"/>
<String CONTENT="publi&#233;" HEIGHT="69" WIDTH="193" VPOS="1984" HPOS="1808"/>
<SP HEIGHT="51" WIDTH="32" VPOS="1986" HPOS="2002"/>
<String CONTENT="avec" HEIGHT="34" WIDTH="130" VPOS="2003" HPOS="2035"/>
</TextLine>
<TextLine HEIGHT="69" WIDTH="1989" VPOS="2061" HPOS="177" LANG="fr">
<String CONTENT="des" HEIGHT="53" WIDTH="95" VPOS="2063" HPOS="177"/>
<SP HEIGHT="34" WIDTH="18" VPOS="2082" HPOS="273"/>
<String CONTENT="notes," HEIGHT="60" WIDTH="175" VPOS="2069" HPOS="292"/>
<SP HEIGHT="66" WIDTH="23" VPOS="2063" HPOS="468"/>
<String CONTENT="des" HEIGHT="53" WIDTH="96" VPOS="2063" HPOS="492"/>
<SP HEIGHT="53" WIDTH="21" VPOS="2063" HPOS="589"/>
<String CONTENT="dessins" HEIGHT="53" WIDTH="217" VPOS="2063" HPOS="611"/>
<SP HEIGHT="34" WIDTH="19" VPOS="2082" HPOS="829"/>
<String CONTENT="et" HEIGHT="46" WIDTH="56" VPOS="2069" HPOS="849"/>
<SP HEIGHT="46" WIDTH="17" VPOS="2069" HPOS="906"/>
<String CONTENT="un" HEIGHT="34" WIDTH="78" VPOS="2081" HPOS="924"/>
<SP HEIGHT="53" WIDTH="22" VPOS="2062" HPOS="1003"/>
<String CONTENT="index" HEIGHT="53" WIDTH="172" VPOS="2062" HPOS="1026"/>
<SP HEIGHT="49" WIDTH="21" VPOS="2081" HPOS="1199"/>
<String CONTENT="par" HEIGHT="49" WIDTH="107" VPOS="2081" HPOS="1221"/>
<SP HEIGHT="52" WIDTH="21" VPOS="2063" HPOS="1329"/>
<String CONTENT="Paul" HEIGHT="52" WIDTH="147" VPOS="2063" HPOS="1351"/>
<SP HEIGHT="56" WIDTH="23" VPOS="2061" HPOS="1499"/>
<String CONTENT="Cottin." HEIGHT="56" WIDTH="214" VPOS="2061" HPOS="1523"/>
<SP HEIGHT="52" WIDTH="72" VPOS="2063" HPOS="1738"/>
<String CONTENT="Paris," HEIGHT="66" WIDTH="185" VPOS="2063" HPOS="1811"/>
<SP HEIGHT="65" WIDTH="22" VPOS="2064" HPOS="1997"/>
<String CONTENT="Plon" HEIGHT="51" WIDTH="146" VPOS="2064" HPOS="2020"/>
</TextLine>
<TextLine HEIGHT="64" WIDTH="170" VPOS="2143" HPOS="180" LANG="fr">
<String CONTENT="[1932]" HEIGHT="64" WIDTH="170" VPOS="2143" HPOS="180"/>
</TextLine>
<TextLine HEIGHT="49" WIDTH="1568" VPOS="2211" HPOS="244" STYLEREFS="StyleId-478B90F0-D499-41CC-94A2-6C2BF826C579-" CS="1">
<String LANG="fr" CONTENT="2" HEIGHT="38" WIDTH="28" VPOS="2214" HPOS="244"/>
<SP HEIGHT="46" WIDTH="21" VPOS="2214" HPOS="273"/>
<String LANG="fr" CS="1" CONTENT="p."/>
<SP/>
<String LANG="fr" CS="1" CONTENT="l.," HEIGHT="16" WIDTH="8" VPOS="2244" HPOS="398"/>
<SP HEIGHT="35" WIDTH="23" VPOS="2225" HPOS="407"/>
<String LANG="fr" CONTENT="vi," HEIGHT="47" WIDTH="60" VPOS="2213" HPOS="431"/>
<SP HEIGHT="46" WIDTH="24" VPOS="2214" HPOS="492"/>
<String LANG="fr" CONTENT="320" HEIGHT="40" WIDTH="87" VPOS="2213" HPOS="517"/>
<SP HEIGHT="47" WIDTH="20" VPOS="2213" HPOS="605"/>
<String LANG="fr" CONTENT="p." HEIGHT="37" WIDTH="44" VPOS="2223" HPOS="626"/>
<SP HEIGHT="40" WIDTH="50" VPOS="2213" HPOS="671"/>
<String LANG="en-US" CONTENT="front.," HEIGHT="47" WIDTH="162" VPOS="2213" HPOS="722"/>
<SP HEIGHT="48" WIDTH="23" VPOS="2212" HPOS="885"/>
<String LANG="fr" CONTENT="illus.," HEIGHT="47" WIDTH="144" VPOS="2212" HPOS="909"/>
<SP HEIGHT="36" WIDTH="24" VPOS="2224" HPOS="1054"/>
<String LANG="en-US" CS="1" CONTENT="pl.," HEIGHT="36" WIDTH="77" VPOS="2224" HPOS="1079"/>
<SP HEIGHT="36" WIDTH="23" VPOS="2224" HPOS="1157"/>
<String LANG="en-US" CONTENT="ports.," HEIGHT="45" WIDTH="162" VPOS="2215" HPOS="1181"/>
<SP HEIGHT="47" WIDTH="24" VPOS="2212" HPOS="1344"/>
<String LANG="en-US" CS="1" CONTENT="fold." HEIGHT="40" WIDTH="104" VPOS="2212" HPOS="1369"/>
<SP HEIGHT="40" WIDTH="20" VPOS="2213" HPOS="1490"/>
<String LANG="fr" CONTENT="facsim." HEIGHT="40" WIDTH="192" VPOS="2212" HPOS="1511"/>
<SP HEIGHT="40" WIDTH="48" VPOS="2212" HPOS="1704"/>
<String LANG="fr" CONTENT="20" HEIGHT="41" WIDTH="59" VPOS="2211" HPOS="1753"/>
<String STYLE="superscript" LANG="fr" CS="1" CONTENT="&#7580;&#7504;."/>
</TextLine>
<TextLine HEIGHT="52" WIDTH="1784" VPOS="2278" HPOS="184" STYLEREFS="StyleId-478B90F0-D499-41CC-94A2-6C2BF826C579-" CS="1">
<String LANG="fr" CONTENT="&#169;" HEIGHT="51" WIDTH="51" VPOS="2278" HPOS="184"/>
<SP HEIGHT="51" WIDTH="31" VPOS="2278" HPOS="236"/>
<String LANG="de" CONTENT="Jan." HEIGHT="39" WIDTH="107" VPOS="2283" HPOS="268"/>
<SP HEIGHT="40" WIDTH="31" VPOS="2282" HPOS="376"/>
<String LANG="fr" CONTENT="20," HEIGHT="48" WIDTH="69" VPOS="2282" HPOS="408"/>
<SP HEIGHT="45" WIDTH="30" VPOS="2285" HPOS="478"/>
<String LANG="fr" CS="1" CONTENT="1932;" HEIGHT="41" WIDTH="113" VPOS="2281" HPOS="509"/>
<SP HEIGHT="46" WIDTH="32" VPOS="2284" HPOS="649"/>
<String LANG="fr" CS="1" CONTENT="1c." HEIGHT="7" WIDTH="7" VPOS="2315" HPOS="741"/>
<SP HEIGHT="38" WIDTH="31" VPOS="2284" HPOS="749"/>
<String LANG="fr" CONTENT="Mar." HEIGHT="39" WIDTH="121" VPOS="2284" HPOS="781"/>
<SP HEIGHT="40" WIDTH="30" VPOS="2283" HPOS="903"/>
<String LANG="fr" CS="1" CONTENT="7;" HEIGHT="40" WIDTH="26" VPOS="2283" HPOS="934"/>
<SP HEIGHT="46" WIDTH="32" VPOS="2283" HPOS="987"/>
<!-- cceid 0AA004EE-6D7D-1014-B4A5-D7A31D17AB40 --><String LANG="fr" CONTENT="A&#8212;" HEIGHT="39" WIDTH="102" VPOS="2283" HPOS="1020"/>
<String LANG="de" CONTENT="Foreign" HEIGHT="47" WIDTH="206" VPOS="2283" HPOS="1124"/>
<SP HEIGHT="38" WIDTH="29" VPOS="2284" HPOS="1331"/>
<String LANG="fr" CS="1" CONTENT="16002;" HEIGHT="41" WIDTH="141" VPOS="2281" HPOS="1361"/>
<SP HEIGHT="47" WIDTH="31" VPOS="2283" HPOS="1531"/>
<String LANG="fr" CONTENT="Librairie" HEIGHT="41" WIDTH="243" VPOS="2281" HPOS="1563"/>
<SP HEIGHT="39" WIDTH="27" VPOS="2283" HPOS="1807"/>
<String LANG="fr" CONTENT="Plon." HEIGHT="40" WIDTH="133" VPOS="2282" HPOS="1835"/>
</TextLine>
<TextLine HEIGHT="49" WIDTH="277" VPOS="2338" HPOS="262" STYLEREFS="StyleId-478B90F0-D499-41CC-94A2-6C2BF826C579-" LANG="fr">
<String CONTENT="(32-14661)" HEIGHT="49" WIDTH="277" VPOS="2338" HPOS="262"/>
</TextLine>
<TextLine HEIGHT="69" WIDTH="1268" VPOS="2441" HPOS="178" STYLEREFS="StyleId-D2BA63BE-F29A-48B2-B153-0291009459A2-" CS="1">
<String LANG="fr" CONTENT="New" HEIGHT="53" WIDTH="144" VPOS="2442" HPOS="178"/>
<SP HEIGHT="53" WIDTH="26" VPOS="2442" HPOS="323"/>
<String LANG="fr" CONTENT="York" HEIGHT="52" WIDTH="160" VPOS="2442" HPOS="350"/>
<SP HEIGHT="67" WIDTH="38" VPOS="2442" HPOS="511"/>
<String LANG="fr" CONTENT="(State)" HEIGHT="69" WIDTH="217" VPOS="2441" HPOS="550"/>
<SP HEIGHT="69" WIDTH="81" VPOS="2441" HPOS="768"/>
<String LANG="la" CS="1" CONTENT="Laws" HEIGHT="53" WIDTH="166" VPOS="2441" HPOS="850"/>
<String LANG="fr" CONTENT="," HEIGHT="26" WIDTH="12" VPOS="2484" HPOS="1022"/>
<SP HEIGHT="49" WIDTH="25" VPOS="2461" HPOS="1035"/>
<String LANG="en-US" CONTENT="statutes" HEIGHT="47" WIDTH="240" VPOS="2448" HPOS="1061"/>
<String LANG="fr" CONTENT="," HEIGHT="24" WIDTH="12" VPOS="2484" HPOS="1305"/>
<SP HEIGHT="47" WIDTH="25" VPOS="2461" HPOS="1318"/>
<String LANG="fr" CONTENT="etc." HEIGHT="50" WIDTH="102" VPOS="2447" HPOS="1344"/>
</TextLine>
<TextLine HEIGHT="69" WIDTH="1850" VPOS="2519" HPOS="310" CS="1">
<String LANG="fr" CS="1" CONTENT="&#8230;"/>
<SP HEIGHT="55" WIDTH="54" VPOS="2519" HPOS="310"/>
<String LANG="en-US" CONTENT="Gilbert-Bliss" HEIGHT="55" WIDTH="405" VPOS="2519" HPOS="365"/>
<SP HEIGHT="36" WIDTH="48" VPOS="2538" HPOS="771"/>
<String LANG="fr" CONTENT="civil" HEIGHT="53" WIDTH="135" VPOS="2519" HPOS="820"/>
<SP HEIGHT="66" WIDTH="48" VPOS="2522" HPOS="956"/>
<String LANG="fr" CONTENT="practice" HEIGHT="69" WIDTH="249" VPOS="2519" HPOS="1005"/>
<SP HEIGHT="34" WIDTH="47" VPOS="2539" HPOS="1255"/>
<String LANG="en-US" CONTENT="of" HEIGHT="54" WIDTH="63" VPOS="2519" HPOS="1303"/>
<SP HEIGHT="56" WIDTH="47" VPOS="2519" HPOS="1367"/>
<String LANG="fr" CONTENT="New" HEIGHT="53" WIDTH="139" VPOS="2522" HPOS="1415"/>
<SP HEIGHT="52" WIDTH="49" VPOS="2522" HPOS="1555"/>
<String LANG="fr" CONTENT="York," HEIGHT="68" WIDTH="180" VPOS="2520" HPOS="1605"/>
<SP HEIGHT="49" WIDTH="49" VPOS="2539" HPOS="1786"/>
<String LANG="en-US" CONTENT="annotated." HEIGHT="55" WIDTH="324" VPOS="2519" HPOS="1836"/>
</TextLine>
<TextLine HEIGHT="73" WIDTH="1982" VPOS="2596" HPOS="181" CS="1">
<String LANG="fr" CONTENT="Bk." HEIGHT="55" WIDTH="105" VPOS="2597" HPOS="181"/>
<SP HEIGHT="53" WIDTH="58" VPOS="2599" HPOS="287"/>
<String LANG="fr" CONTENT="2-10," HEIGHT="66" WIDTH="153" VPOS="2599" HPOS="346"/>
<SP HEIGHT="64" WIDTH="58" VPOS="2601" HPOS="500"/>
<String LANG="fr" CONTENT="12-18" HEIGHT="49" WIDTH="169" VPOS="2601" HPOS="559"/>
<SP HEIGHT="48" WIDTH="62" VPOS="2602" HPOS="729"/>
<String LANG="fr" CS="1" CONTENT="&#8230;"/>
<SP HEIGHT="56" WIDTH="79" VPOS="2596" HPOS="849"/>
<String LANG="en-US" CONTENT="Supplement," HEIGHT="70" WIDTH="392" VPOS="2596" HPOS="929"/>
<SP HEIGHT="63" WIDTH="60" VPOS="2602" HPOS="1322"/>
<String LANG="fr" CONTENT="1927-1932" HEIGHT="54" WIDTH="309" VPOS="2598" HPOS="1383"/>
<SP HEIGHT="49" WIDTH="63" VPOS="2602" HPOS="1693"/>
<String LANG="fr" CS="1" CONTENT="&#8230;"/>
<SP HEIGHT="33" WIDTH="81" VPOS="2632" HPOS="1814"/>
<String LANG="en-US" CONTENT="[Albany," HEIGHT="70" WIDTH="267" VPOS="2599" HPOS="1896"/>
</TextLine>
<TextLine HEIGHT="71" WIDTH="1178" VPOS="2674" HPOS="181">
<String LANG="fr" CONTENT="N." HEIGHT="54" WIDTH="69" VPOS="2674" HPOS="181"/>
<SP HEIGHT="51" WIDTH="28" VPOS="2678" HPOS="251"/>
<String LANG="fr" CONTENT="Y.," HEIGHT="65" WIDTH="89" VPOS="2678" HPOS="280"/>
<SP HEIGHT="66" WIDTH="25" VPOS="2677" HPOS="370"/>
<String LANG="fr" CONTENT="Boyd" HEIGHT="66" WIDTH="165" VPOS="2677" HPOS="396"/>
<SP HEIGHT="67" WIDTH="26" VPOS="2677" HPOS="562"/>
<String LANG="en-US" CONTENT="printing" HEIGHT="70" WIDTH="263" VPOS="2674" HPOS="589"/>
<SP HEIGHT="49" WIDTH="27" VPOS="2695" HPOS="853"/>
<String LANG="fr" CONTENT="company," HEIGHT="51" WIDTH="295" VPOS="2694" HPOS="881"/>
<SP HEIGHT="64" WIDTH="29" VPOS="2681" HPOS="1177"/>
<String LANG="fr" CONTENT="1932]" HEIGHT="65" WIDTH="152" VPOS="2679" HPOS="1207"/>
</TextLine>
<TextLine HEIGHT="41" WIDTH="234" VPOS="2748" HPOS="252" STYLEREFS="StyleId-478B90F0-D499-41CC-94A2-6C2BF826C579-" LANG="fr" CS="1">
<String CONTENT="16" HEIGHT="40" WIDTH="54" VPOS="2748" HPOS="252"/>
<SP HEIGHT="40" WIDTH="26" VPOS="2748" HPOS="307"/>
<String CONTENT="v." HEIGHT="31" WIDTH="42" VPOS="2758" HPOS="334"/>
<SP HEIGHT="40" WIDTH="53" VPOS="2749" HPOS="377"/>
<String CONTENT="25" HEIGHT="40" WIDTH="55" VPOS="2749" HPOS="431"/>
<String STYLE="superscript" CS="1" CONTENT="&#7580;&#7504;."/>
</TextLine>
<TextLine HEIGHT="49" WIDTH="1912" VPOS="2805" HPOS="257" STYLEREFS="StyleId-478B90F0-D499-41CC-94A2-6C2BF826C579-" LANG="en-US">
<String CONTENT="These" HEIGHT="40" WIDTH="151" VPOS="2805" HPOS="257"/>
<SP HEIGHT="37" WIDTH="26" VPOS="2815" HPOS="409"/>
<String LANG="fr" CONTENT="pamphlets" HEIGHT="46" WIDTH="272" VPOS="2806" HPOS="436"/>
<SP HEIGHT="30" WIDTH="26" VPOS="2816" HPOS="709"/>
<String CONTENT="are" HEIGHT="31" WIDTH="83" VPOS="2815" HPOS="736"/>
<SP HEIGHT="37" WIDTH="26" VPOS="2808" HPOS="820"/>
<String CONTENT="to" HEIGHT="37" WIDTH="48" VPOS="2808" HPOS="847"/>
<SP HEIGHT="39" WIDTH="27" VPOS="2806" HPOS="896"/>
<String CONTENT="be" HEIGHT="39" WIDTH="58" VPOS="2806" HPOS="924"/>
<SP HEIGHT="40" WIDTH="23" VPOS="2805" HPOS="983"/>
<String CONTENT="fitted" HEIGHT="41" WIDTH="139" VPOS="2805" HPOS="1007"/>
<SP HEIGHT="39" WIDTH="27" VPOS="2806" HPOS="1147"/>
<String CONTENT="into" HEIGHT="40" WIDTH="101" VPOS="2806" HPOS="1175"/>
<SP HEIGHT="37" WIDTH="28" VPOS="2809" HPOS="1277"/>
<String CONTENT="the" HEIGHT="40" WIDTH="80" VPOS="2807" HPOS="1306"/>
<SP HEIGHT="36" WIDTH="27" VPOS="2818" HPOS="1387"/>
<String CONTENT="pockets" HEIGHT="46" WIDTH="195" VPOS="2808" HPOS="1415"/>
<SP HEIGHT="30" WIDTH="28" VPOS="2817" HPOS="1611"/>
<String CONTENT="at" HEIGHT="38" WIDTH="51" VPOS="2809" HPOS="1640"/>
<SP HEIGHT="38" WIDTH="28" VPOS="2809" HPOS="1692"/>
<String CONTENT="the" HEIGHT="40" WIDTH="81" VPOS="2807" HPOS="1721"/>
<SP HEIGHT="39" WIDTH="26" VPOS="2808" HPOS="1803"/>
<String CONTENT="backs" HEIGHT="39" WIDTH="152" VPOS="2807" HPOS="1830"/>
<SP HEIGHT="29" WIDTH="25" VPOS="2818" HPOS="1983"/>
<String CONTENT="of" HEIGHT="39" WIDTH="51" VPOS="2808" HPOS="2009"/>
<SP HEIGHT="40" WIDTH="27" VPOS="2808" HPOS="2061"/>
<String CONTENT="the" HEIGHT="40" WIDTH="80" VPOS="2808" HPOS="2089"/>
</TextLine>
<TextLine HEIGHT="49" WIDTH="1100" VPOS="2861" HPOS="186" STYLEREFS="StyleId-478B90F0-D499-41CC-94A2-6C2BF826C579-" LANG="en-US">
<String CONTENT="volumes" HEIGHT="39" WIDTH="212" VPOS="2862" HPOS="186"/>
<SP HEIGHT="29" WIDTH="24" VPOS="2872" HPOS="399"/>
<String CONTENT="of" HEIGHT="40" WIDTH="52" VPOS="2861" HPOS="424"/>
<SP HEIGHT="40" WIDTH="22" VPOS="2861" HPOS="477"/>
<String CONTENT="the" HEIGHT="39" WIDTH="80" VPOS="2862" HPOS="500"/>
<SP HEIGHT="29" WIDTH="25" VPOS="2872" HPOS="581"/>
<String CONTENT="set" HEIGHT="37" WIDTH="71" VPOS="2864" HPOS="607"/>
<SP HEIGHT="37" WIDTH="26" VPOS="2864" HPOS="679"/>
<String CONTENT="to" HEIGHT="36" WIDTH="47" VPOS="2865" HPOS="706"/>
<SP HEIGHT="28" WIDTH="25" VPOS="2873" HPOS="754"/>
<String CONTENT="which" HEIGHT="40" WIDTH="158" VPOS="2861" HPOS="780"/>
<SP HEIGHT="40" WIDTH="24" VPOS="2862" HPOS="939"/>
<String CONTENT="they" HEIGHT="47" WIDTH="112" VPOS="2862" HPOS="964"/>
<SP HEIGHT="47" WIDTH="25" VPOS="2862" HPOS="1077"/>
<String CONTENT="belong." HEIGHT="48" WIDTH="183" VPOS="2862" HPOS="1103"/>
</TextLine>
<TextLine HEIGHT="53" WIDTH="1978" VPOS="2913" HPOS="191" STYLEREFS="StyleId-478B90F0-D499-41CC-94A2-6C2BF826C579-" LANG="en-US">
<String CONTENT="&#169;" HEIGHT="51" WIDTH="51" VPOS="2913" HPOS="191"/>
<SP HEIGHT="51" WIDTH="33" VPOS="2913" HPOS="243"/>
<String CONTENT="June" HEIGHT="39" WIDTH="124" VPOS="2918" HPOS="277"/>
<SP HEIGHT="40" WIDTH="30" VPOS="2917" HPOS="402"/>
<String CONTENT="20," HEIGHT="47" WIDTH="70" VPOS="2917" HPOS="433"/>
<SP HEIGHT="44" WIDTH="32" VPOS="2920" HPOS="504"/>
<String CONTENT="1932;" HEIGHT="48" WIDTH="139" VPOS="2917" HPOS="537"/>
<SP HEIGHT="47" WIDTH="36" VPOS="2918" HPOS="677"/>
<String CONTENT="2c." HEIGHT="40" WIDTH="66" VPOS="2918" HPOS="714"/>
<SP HEIGHT="28" WIDTH="33" VPOS="2930" HPOS="781"/>
<String CONTENT="each" HEIGHT="39" WIDTH="118" VPOS="2919" HPOS="815"/>
<SP HEIGHT="39" WIDTH="34" VPOS="2919" HPOS="934"/>
<String CONTENT="June" HEIGHT="39" WIDTH="126" VPOS="2919" HPOS="969"/>
<SP HEIGHT="39" WIDTH="32" VPOS="2919" HPOS="1096"/>
<String CONTENT="22;" HEIGHT="48" WIDTH="82" VPOS="2918" HPOS="1129"/>
<SP HEIGHT="36" WIDTH="37" VPOS="2930" HPOS="1212"/>
<String CONTENT="aff." HEIGHT="41" WIDTH="81" VPOS="2918" HPOS="1250"/>
<SP HEIGHT="40" WIDTH="35" VPOS="2919" HPOS="1332"/>
<String CONTENT="June" HEIGHT="40" WIDTH="124" VPOS="2919" HPOS="1368"/>
<SP HEIGHT="39" WIDTH="33" VPOS="2919" HPOS="1493"/>
<String CONTENT="21;" HEIGHT="47" WIDTH="83" VPOS="2919" HPOS="1527"/>
<SP HEIGHT="45" WIDTH="37" VPOS="2921" HPOS="1611"/>
<!-- cceid 0AA06BAA-6D7D-1014-B4A5-D7A31D17AB40 --><String CONTENT="A" HEIGHT="37" WIDTH="41" VPOS="2921" HPOS="1649"/>
<SP HEIGHT="39" WIDTH="33" VPOS="2921" HPOS="1691"/>
<String CONTENT="52801;" HEIGHT="46" WIDTH="169" VPOS="2920" HPOS="1725"/>
<SP HEIGHT="45" WIDTH="40" VPOS="2921" HPOS="1895"/>
<String CONTENT="Matthew" HEIGHT="40" WIDTH="233" VPOS="2920" HPOS="1936"/>
</TextLine>
<TextLine HEIGHT="50" WIDTH="1798" VPOS="2974" HPOS="259" STYLEREFS="StyleId-478B90F0-D499-41CC-94A2-6C2BF826C579-" LANG="en-US">
<String CONTENT="Bender" HEIGHT="40" WIDTH="188" VPOS="2974" HPOS="259"/>
<SP HEIGHT="40" WIDTH="27" VPOS="2974" HPOS="448"/>
<String CONTENT="&amp;" HEIGHT="40" WIDTH="36" VPOS="2974" HPOS="476"/>
<SP HEIGHT="40" WIDTH="26" VPOS="2974" HPOS="513"/>
<String CONTENT="co.," HEIGHT="38" WIDTH="80" VPOS="2985" HPOS="540"/>
<SP HEIGHT="48" WIDTH="29" VPOS="2975" HPOS="621"/>
<String CONTENT="inc.," HEIGHT="47" WIDTH="104" VPOS="2975" HPOS="651"/>
<SP HEIGHT="48" WIDTH="28" VPOS="2974" HPOS="756"/>
<String CONTENT="Albany," HEIGHT="48" WIDTH="204" VPOS="2974" HPOS="785"/>
<SP HEIGHT="38" WIDTH="29" VPOS="2984" HPOS="990"/>
<String CONTENT="and" HEIGHT="38" WIDTH="95" VPOS="2976" HPOS="1020"/>
<SP HEIGHT="38" WIDTH="29" VPOS="2976" HPOS="1116"/>
<String CONTENT="Baker," HEIGHT="48" WIDTH="173" VPOS="2975" HPOS="1146"/>
<SP HEIGHT="47" WIDTH="30" VPOS="2976" HPOS="1320"/>
<String CONTENT="Voorhis" HEIGHT="40" WIDTH="206" VPOS="2975" HPOS="1351"/>
<SP HEIGHT="39" WIDTH="29" VPOS="2977" HPOS="1558"/>
<String CONTENT="&amp;" HEIGHT="39" WIDTH="36" VPOS="2977" HPOS="1588"/>
<SP HEIGHT="39" WIDTH="28" VPOS="2977" HPOS="1625"/>
<String CONTENT="co.," HEIGHT="36" WIDTH="80" VPOS="2988" HPOS="1654"/>
<SP HEIGHT="48" WIDTH="31" VPOS="2976" HPOS="1735"/>
<String CONTENT="New" HEIGHT="41" WIDTH="116" VPOS="2976" HPOS="1767"/>
<SP HEIGHT="40" WIDTH="29" VPOS="2977" HPOS="1884"/>
<String CONTENT="York." HEIGHT="38" WIDTH="143" VPOS="2977" HPOS="1914"/>
</TextLine>
<TextLine HEIGHT="70" WIDTH="1177" VPOS="3090" HPOS="186" STYLEREFS="StyleId-D2BA63BE-F29A-48B2-B153-0291009459A2-" LANG="en-US">
<String CONTENT="North" HEIGHT="54" WIDTH="192" VPOS="3090" HPOS="186"/>
<SP HEIGHT="54" WIDTH="30" VPOS="3092" HPOS="379"/>
<String CONTENT="Carolina." HEIGHT="54" WIDTH="288" VPOS="3092" HPOS="410"/>
<SP HEIGHT="52" WIDTH="70" VPOS="3093" HPOS="699"/>
<String CONTENT="Laws," HEIGHT="67" WIDTH="184" VPOS="3093" HPOS="770"/>
<SP HEIGHT="49" WIDTH="24" VPOS="3111" HPOS="955"/>
<String CONTENT="statutes," HEIGHT="61" WIDTH="256" VPOS="3098" HPOS="980"/>
<SP HEIGHT="48" WIDTH="24" VPOS="3111" HPOS="1237"/>
<String CONTENT="etc." HEIGHT="48" WIDTH="101" VPOS="3099" HPOS="1262"/>
</TextLine>
<TextLine HEIGHT="131" WIDTH="1954" VPOS="3167" HPOS="189" LANG="en-US" CS="1">
<String CONTENT="The" HEIGHT="53" WIDTH="118" VPOS="3167" HPOS="257"/>
<SP HEIGHT="51" WIDTH="32" VPOS="3169" HPOS="376"/>
<String CONTENT="banking" HEIGHT="68" WIDTH="253" VPOS="3169" HPOS="409"/>
<SP HEIGHT="65" WIDTH="31" VPOS="3172" HPOS="663"/>
<String CONTENT="laws" HEIGHT="51" WIDTH="138" VPOS="3172" HPOS="695"/>
<SP HEIGHT="35" WIDTH="32" VPOS="3188" HPOS="834"/>
<String CONTENT="of" HEIGHT="52" WIDTH="62" VPOS="3170" HPOS="867"/>
<SP HEIGHT="54" WIDTH="33" VPOS="3170" HPOS="930"/>
<String CONTENT="North" HEIGHT="54" WIDTH="188" VPOS="3170" HPOS="964"/>
<SP HEIGHT="55" WIDTH="35" VPOS="3170" HPOS="1153"/>
<String CONTENT="Carolina." HEIGHT="54" WIDTH="286" VPOS="3171" HPOS="1189"/>
<SP HEIGHT="53" WIDTH="71" VPOS="3171" HPOS="1476"/>
<String CONTENT="Issued" HEIGHT="53" WIDTH="199" VPOS="3171" HPOS="1548"/>
<SP HEIGHT="53" WIDTH="33" VPOS="3172" HPOS="1748"/>
<String CONTENT="by" HEIGHT="68" WIDTH="76" VPOS="3172" HPOS="1782"/>
<SP HEIGHT="62" WIDTH="31" VPOS="3178" HPOS="1859"/>
<String CONTENT="the" HEIGHT="54" WIDTH="97" VPOS="3172" HPOS="1891"/>
<SP HEIGHT="35" WIDTH="32" VPOS="3191" HPOS="1989"/>
<String CONTENT="commissioner" HEIGHT="108" WIDTH="1954" VPOS="3190" HPOS="189"/>
</TextLine>
<TextLine HEIGHT="71" WIDTH="1640" VPOS="3247" HPOS="528" LANG="en-US">
<String CONTENT="of" HEIGHT="52" WIDTH="63" VPOS="3247" HPOS="528"/>
<SP HEIGHT="52" WIDTH="46" VPOS="3247" HPOS="592"/>
<String CONTENT="banks" HEIGHT="53" WIDTH="179" VPOS="3248" HPOS="639"/>
<SP HEIGHT="35" WIDTH="46" VPOS="3266" HPOS="819"/>
<String CONTENT="of" HEIGHT="52" WIDTH="64" VPOS="3248" HPOS="866"/>
<SP HEIGHT="53" WIDTH="45" VPOS="3248" HPOS="931"/>
<String CONTENT="North" HEIGHT="53" WIDTH="186" VPOS="3248" HPOS="977"/>
<SP HEIGHT="54" WIDTH="50" VPOS="3249" HPOS="1164"/>
<String CONTENT="Carolina." HEIGHT="54" WIDTH="287" VPOS="3249" HPOS="1215"/>
<SP HEIGHT="51" WIDTH="71" VPOS="3251" HPOS="1503"/>
<String CONTENT="Reprint" HEIGHT="70" WIDTH="247" VPOS="3248" HPOS="1575"/>
<SP HEIGHT="53" WIDTH="45" VPOS="3250" HPOS="1823"/>
<String CONTENT="from" HEIGHT="53" WIDTH="153" VPOS="3250" HPOS="1869"/>
<SP HEIGHT="49" WIDTH="45" VPOS="3255" HPOS="2023"/>
<String CONTENT="the" HEIGHT="54" WIDTH="99" VPOS="3250" HPOS="2069"/>
</TextLine>
<TextLine HEIGHT="74" WIDTH="1978" VPOS="3322" HPOS="189" LANG="en-US">
<String CONTENT="North" HEIGHT="53" WIDTH="184" VPOS="3322" HPOS="189"/>
<SP HEIGHT="56" WIDTH="23" VPOS="3323" HPOS="374"/>
<String CONTENT="Carolina" HEIGHT="54" WIDTH="268" VPOS="3325" HPOS="398"/>
<SP HEIGHT="36" WIDTH="22" VPOS="3344" HPOS="667"/>
<String CONTENT="code" HEIGHT="54" WIDTH="135" VPOS="3326" HPOS="690"/>
<SP HEIGHT="34" WIDTH="20" VPOS="3345" HPOS="826"/>
<String CONTENT="of" HEIGHT="54" WIDTH="64" VPOS="3325" HPOS="847"/>
<SP HEIGHT="53" WIDTH="22" VPOS="3325" HPOS="912"/>
<String CONTENT="1931." HEIGHT="49" WIDTH="149" VPOS="3329" HPOS="935"/>
<SP HEIGHT="55" WIDTH="75" VPOS="3326" HPOS="1085"/>
<String CONTENT="Charlottesville," HEIGHT="70" WIDTH="478" VPOS="3326" HPOS="1161"/>
<SP HEIGHT="66" WIDTH="23" VPOS="3330" HPOS="1640"/>
<String LANG="fr" CONTENT="Va.," HEIGHT="64" WIDTH="124" VPOS="3330" HPOS="1664"/>
<SP HEIGHT="62" WIDTH="23" VPOS="3332" HPOS="1789"/>
<String CONTENT="The" HEIGHT="54" WIDTH="121" VPOS="3329" HPOS="1813"/>
<SP HEIGHT="52" WIDTH="19" VPOS="3331" HPOS="1935"/>
<String CONTENT="Michie" HEIGHT="55" WIDTH="212" VPOS="3328" HPOS="1955"/>
</TextLine>
<TextLine HEIGHT="64" WIDTH="472" VPOS="3405" HPOS="191" LANG="en-US">
<String CONTENT="company," HEIGHT="52" WIDTH="291" VPOS="3417" HPOS="191"/>
<SP HEIGHT="63" WIDTH="30" VPOS="3406" HPOS="483"/>
<String CONTENT="1931." HEIGHT="51" WIDTH="149" VPOS="3405" HPOS="514"/>
</TextLine>
<TextLine HEIGHT="48" WIDTH="233" VPOS="3473" HPOS="261" STYLEREFS="StyleId-478B90F0-D499-41CC-94A2-6C2BF826C579-" LANG="en-US" CS="1">
<String CONTENT="52" HEIGHT="39" WIDTH="53" VPOS="3473" HPOS="261"/>
<SP HEIGHT="48" WIDTH="26" VPOS="3473" HPOS="315"/>
<String CONTENT="p." HEIGHT="37" WIDTH="40" VPOS="3484" HPOS="342"/>
<SP HEIGHT="40" WIDTH="56" VPOS="3474" HPOS="383"/>
<String CONTENT="26" HEIGHT="40" WIDTH="54" VPOS="3474" HPOS="440"/>
<String STYLE="superscript" CS="1" CONTENT="&#7580;&#7504;."/>
</TextLine>
<TextLine HEIGHT="58" WIDTH="1542" VPOS="3524" HPOS="198" STYLEREFS="StyleId-478B90F0-D499-41CC-94A2-6C2BF826C579-" LANG="en-US" CS="1">
<String CONTENT="&#169;" HEIGHT="51" WIDTH="51" VPOS="3524" HPOS="198"/>
<SP HEIGHT="51" WIDTH="26" VPOS="3524" HPOS="250"/>
<String CONTENT="Dec." HEIGHT="40" WIDTH="109" VPOS="3529" HPOS="277"/>
<SP HEIGHT="39" WIDTH="26" VPOS="3531" HPOS="387"/>
<String CONTENT="7," HEIGHT="47" WIDTH="38" VPOS="3531" HPOS="414"/>
<SP HEIGHT="46" WIDTH="27" VPOS="3532" HPOS="453"/>
<String CS="1" CONTENT="1931;" HEIGHT="40" WIDTH="111" VPOS="3530" HPOS="481"/>
<SP HEIGHT="47" WIDTH="27" VPOS="3531" HPOS="622"/>
<String CONTENT="2c." HEIGHT="42" WIDTH="66" VPOS="3531" HPOS="650"/>
<SP HEIGHT="30" WIDTH="26" VPOS="3543" HPOS="717"/>
<String CONTENT="and" HEIGHT="38" WIDTH="95" VPOS="3534" HPOS="744"/>
<SP HEIGHT="38" WIDTH="26" VPOS="3534" HPOS="840"/>
<String CONTENT="aff." HEIGHT="40" WIDTH="80" VPOS="3533" HPOS="867"/>
<SP HEIGHT="40" WIDTH="27" VPOS="3533" HPOS="948"/>
<String CONTENT="Dec." HEIGHT="42" WIDTH="111" VPOS="3533" HPOS="976"/>
<SP HEIGHT="41" WIDTH="27" VPOS="3534" HPOS="1088"/>
<String CS="1" CONTENT="8;" HEIGHT="40" WIDTH="25" VPOS="3534" HPOS="1116"/>
<SP HEIGHT="47" WIDTH="29" VPOS="3534" HPOS="1168"/>
<!-- cceid 0AA0D866-6D7D-1014-B4A5-D7A31D17AB40 --><String CONTENT="A" HEIGHT="39" WIDTH="41" VPOS="3534" HPOS="1198"/>
<SP HEIGHT="39" WIDTH="24" VPOS="3534" HPOS="1240"/>
<String CS="1" CONTENT="45369;" HEIGHT="41" WIDTH="144" VPOS="3534" HPOS="1265"/>
<SP HEIGHT="45" WIDTH="30" VPOS="3537" HPOS="1437"/>
<String CONTENT="Michie" HEIGHT="41" WIDTH="175" VPOS="3535" HPOS="1468"/>
<SP HEIGHT="29" WIDTH="28" VPOS="3547" HPOS="1644"/>
<String CONTENT="co." HEIGHT="29" WIDTH="67" VPOS="3548" HPOS="1673"/>
</TextLine>
<TextLine HEIGHT="72" WIDTH="1020" VPOS="3628" HPOS="193" STYLEREFS="StyleId-4E1D2921-93C6-4848-9795-2996765161C5-" LANG="en-US">
<String CONTENT="O&#8217;Brien," HEIGHT="68" WIDTH="262" VPOS="3628" HPOS="193"/>
<SP HEIGHT="63" WIDTH="27" VPOS="3633" HPOS="456"/>
<String CONTENT="Fitz" HEIGHT="54" WIDTH="129" VPOS="3632" HPOS="484"/>
<SP HEIGHT="53" WIDTH="27" VPOS="3634" HPOS="614"/>
<String CONTENT="James," HEIGHT="66" WIDTH="217" VPOS="3634" HPOS="642"/>
<SP HEIGHT="60" WIDTH="29" VPOS="3640" HPOS="860"/>
<String CONTENT="1828-1862." HEIGHT="53" WIDTH="323" VPOS="3640" HPOS="890"/>
</TextLine>
<TextLine HEIGHT="74" WIDTH="1915" VPOS="3708" HPOS="261" LANG="en-US">
<String CONTENT="The" HEIGHT="51" WIDTH="119" VPOS="3708" HPOS="261"/>
<SP HEIGHT="51" WIDTH="26" VPOS="3709" HPOS="381"/>
<String CONTENT="diamond" HEIGHT="53" WIDTH="268" VPOS="3709" HPOS="408"/>
<SP HEIGHT="52" WIDTH="26" VPOS="3710" HPOS="677"/>
<String CONTENT="lens" HEIGHT="52" WIDTH="119" VPOS="3711" HPOS="704"/>
<SP HEIGHT="33" WIDTH="28" VPOS="3730" HPOS="824"/>
<String CONTENT="and" HEIGHT="52" WIDTH="111" VPOS="3712" HPOS="853"/>
<SP HEIGHT="52" WIDTH="28" VPOS="3712" HPOS="965"/>
<String CONTENT="other" HEIGHT="52" WIDTH="161" VPOS="3713" HPOS="994"/>
<SP HEIGHT="34" WIDTH="25" VPOS="3732" HPOS="1156"/>
<String CONTENT="stories," HEIGHT="65" WIDTH="215" VPOS="3715" HPOS="1182"/>
<SP HEIGHT="64" WIDTH="27" VPOS="3716" HPOS="1398"/>
<String CONTENT="by" HEIGHT="66" WIDTH="76" VPOS="3716" HPOS="1426"/>
<SP HEIGHT="67" WIDTH="23" VPOS="3715" HPOS="1503"/>
<String CONTENT="Fitz-James" HEIGHT="54" WIDTH="352" VPOS="3714" HPOS="1527"/>
<SP HEIGHT="55" WIDTH="29" VPOS="3714" HPOS="1880"/>
<String CONTENT="O&#8217;Brien," HEIGHT="67" WIDTH="266" VPOS="3714" HPOS="1910"/>
</TextLine>
<TextLine HEIGHT="131" WIDTH="1956" VPOS="3783" HPOS="195" LANG="en-US" CS="1">
<String CONTENT="with" HEIGHT="52" WIDTH="137" VPOS="3783" HPOS="196"/>
<SP HEIGHT="53" WIDTH="31" VPOS="3784" HPOS="334"/>
<String CONTENT="an" HEIGHT="33" WIDTH="73" VPOS="3804" HPOS="366"/>
<SP HEIGHT="51" WIDTH="28" VPOS="3786" HPOS="440"/>
<String CONTENT="introduction" HEIGHT="54" WIDTH="387" VPOS="3786" HPOS="469"/>
<SP HEIGHT="51" WIDTH="31" VPOS="3790" HPOS="857"/>
<String CONTENT="by" HEIGHT="65" WIDTH="76" VPOS="3790" HPOS="889"/>
<SP HEIGHT="66" WIDTH="32" VPOS="3789" HPOS="966"/>
<String CONTENT="Gilbert" HEIGHT="54" WIDTH="223" VPOS="3789" HPOS="999"/>
<SP HEIGHT="56" WIDTH="35" VPOS="3790" HPOS="1223"/>
<String CONTENT="Seldes;" HEIGHT="68" WIDTH="222" VPOS="3790" HPOS="1259"/>
<SP HEIGHT="66" WIDTH="36" VPOS="3792" HPOS="1482"/>
<String CONTENT="illustrations" HEIGHT="54" WIDTH="378" VPOS="3791" HPOS="1519"/>
<SP HEIGHT="53" WIDTH="31" VPOS="3792" HPOS="1898"/>
<String CONTENT="by" HEIGHT="67" WIDTH="75" VPOS="3792" HPOS="1930"/>
<SP HEIGHT="67" WIDTH="34" VPOS="3792" HPOS="2006"/>
<String CONTENT="Ferdinand" HEIGHT="122" WIDTH="1956" VPOS="3792" HPOS="195"/>
</TextLine>
<TextLine HEIGHT="75" WIDTH="1604" VPOS="3862" HPOS="439" LANG="en-US">
<String CONTENT="Huszti" HEIGHT="54" WIDTH="208" VPOS="3862" HPOS="439"/>
<SP HEIGHT="52" WIDTH="29" VPOS="3864" HPOS="648"/>
<String CONTENT="Horvath." HEIGHT="54" WIDTH="284" VPOS="3864" HPOS="678"/>
<SP HEIGHT="52" WIDTH="72" VPOS="3866" HPOS="963"/>
<String CONTENT="New" HEIGHT="53" WIDTH="139" VPOS="3866" HPOS="1036"/>
<SP HEIGHT="52" WIDTH="31" VPOS="3868" HPOS="1176"/>
<String CONTENT="York," HEIGHT="67" WIDTH="180" VPOS="3868" HPOS="1208"/>
<SP HEIGHT="66" WIDTH="24" VPOS="3869" HPOS="1389"/>
<String LANG="fr" CONTENT="W." HEIGHT="54" WIDTH="90" VPOS="3869" HPOS="1414"/>
<SP HEIGHT="53" WIDTH="32" VPOS="3869" HPOS="1505"/>
<String CONTENT="E." HEIGHT="52" WIDTH="67" VPOS="3869" HPOS="1538"/>
<SP HEIGHT="51" WIDTH="33" VPOS="3870" HPOS="1606"/>
<String CONTENT="Rudge," HEIGHT="68" WIDTH="220" VPOS="3869" HPOS="1640"/>
<SP HEIGHT="64" WIDTH="32" VPOS="3873" HPOS="1861"/>
<String CONTENT="1932." HEIGHT="49" WIDTH="149" VPOS="3872" HPOS="1894"/>
</TextLine>
<TextLine HEIGHT="51" WIDTH="863" VPOS="3933" HPOS="261" STYLEREFS="StyleId-478B90F0-D499-41CC-94A2-6C2BF826C579-" LANG="en-US" CS="1">
<String CONTENT="275" HEIGHT="40" WIDTH="83" VPOS="3933" HPOS="261"/>
<SP HEIGHT="48" WIDTH="24" VPOS="3934" HPOS="345"/>
<String LANG="fr" CONTENT="p.," HEIGHT="37" WIDTH="56" VPOS="3945" HPOS="370"/>
<SP HEIGHT="44" WIDTH="25" VPOS="3937" HPOS="427"/>
<String CS="1" CONTENT="1"/>
<SP/>
<String CS="1" CONTENT="l."/>
<SP HEIGHT="41" WIDTH="23" VPOS="3936" HPOS="537"/>
<String CONTENT="incl." HEIGHT="41" WIDTH="108" VPOS="3936" HPOS="561"/>
<SP HEIGHT="40" WIDTH="21" VPOS="3937" HPOS="670"/>
<String CONTENT="front.," HEIGHT="47" WIDTH="163" VPOS="3937" HPOS="692"/>
<SP HEIGHT="46" WIDTH="25" VPOS="3938" HPOS="856"/>
<String CONTENT="illus." HEIGHT="40" WIDTH="128" VPOS="3938" HPOS="882"/>
<SP HEIGHT="40" WIDTH="55" VPOS="3938" HPOS="1011"/>
<String CS="1" CONTENT="23&#189;&#7580;&#7504;." HEIGHT="42" WIDTH="57" VPOS="3938" HPOS="1067"/>
</TextLine>
</TextBlock>
</PrintSpace>
</Page>
</Layout>
</alto>