2563 4368
1051 4096 135 56 1317

201 550 1291 54 xii, 337, [1] p. illus. (maps) VIII pl. on 4 l. 23 ᶜᵐ.
207 610 118 40 “Les
361 618 194 33 sources
591 610 59 40 de
686 607 393 42 documentation
1115 618 83 30 sur
1234 609 71 39 les
1340 605 301 50 pèlerinages
1678 604 329 42 musulmans”:
2075 616 44 38 p.

135 665 247 51 [285]-296.

134 713 1822 59 © Mar. 11, 1932; 1c. July 23; A— Foreign 17529; Éditions Rieder.
210 779 279 50 (32-23461)

131 881 193 65 Dunn,
352 882 130 64 Ray
508 882 91 65 A.,
631 885 170 51 1892-

197 958 277 53 Aviation
518 959 113 52 and
672 957 106 54 life
820 958 324 65 insurance;
1191 977 31 33 a
1265 957 171 68 study
1477 956 65 53 of
1584 957 96 52 the
1721 955 244 54 hazards
2006 956 112 53 and

128 1035 297 68 mortality
461 1036 60 52 in
558 1035 253 53 aviation
848 1036 113 52 and
997 1034 149 53 their
1181 1033 243 55 relation
1458 1036 58 52 to
1554 1032 104 56 life
1696 1034 315 67 insurance,
2045 1033 76 69 by

129 1111 1968 148 Ray A. Dunn … New York city, Dillon publishing company, 1932.
197 1263 607 50 168 p. incl. tables. 23 ᶜᵐ.
199 1321 43 40 A
279 1321 162 47 sequel
483 1323 51 38 to
572 1320 83 40 the
694 1320 145 47 study
877 1319 197 41 written
1115 1318 49 40 in
1204 1318 128 49 1930,
1372 1319 153 40 under
1564 1320 81 39 the
1686 1318 221 48 auspices
1947 1318 54 41 of
2038 1320 81 41 the

130 1376 174 41 Daniel
342 1376 327 49 Guggenheim
705 1375 123 40 fund
864 1376 80 39 for
980 1376 83 40 the
1098 1374 273 49 promotion
1405 1375 53 41 of
1492 1375 308 40 aeronautics.
1880 1375 60 48 cf.
129 1374 1972 100 Foreword.

133 1486 51 52 ©
212 1490 121 47 Aug.
359 1491 68 46 17,
456 1489 114 40 1932;
627 1488 68 42 2c.
723 1490 95 39 and
847 1488 81 39 aff.
961 1489 128 48 Sept.
1117 1490 24 38 1;
1201 1489 41 39 A
1269 1489 144 40 54614;
1472 1488 165 41 Dillon
1664 1489 112 48 pub.
1805 1498 65 32 co.

210 1545 279 50 (32-23158)

129 1648 381 66 Ebermayer,
540 1647 198 66 Erich,
769 1652 171 51 1900-

199 1725 120 53 The
347 1730 161 63 great
535 1723 149 70 gulf,
710 1724 76 68 by
814 1723 177 53 Erich
1021 1724 374 68 Ebermayer;
1426 1724 316 54 translated
1769 1724 75 69 by
1874 1723 246 71 Morgan

128 1803 219 53 Fisher.
422 1802 138 53 New
597 1801 179 66 York,
811 1802 72 52 D.
918 1800 295 69 Appleton
1248 1804 45 50 &
1329 1819 296 51 company,
1662 1803 151 52 1932.

197 1875 565 50 3 p. l. , 279, [1] p. 19½ ᶜᵐ.
132 1928 51 54 ©
213 1933 128 48 Sept.
367 1931 40 49 9,
434 1932 114 42 1932;
603 1933 67 40 2c.
699 1933 95 39 and
821 1931 81 41 aff.
933 1932 128 48 Sept.
1090 1933 56 39 12;
1202 1932 41 39 A
1270 1932 144 41 54737;
1471 1933 57 41 D.
1557 1933 238 48 Appleton
1823 1934 38 40 &
1886 1944 68 30 co.

208 1989 279 48 (32-22989)

134 2091 278 66 [Emrich,
440 2092 153 55 John
624 2092 202 67 Oscar]
861 2095 171 50 1881-
1243 2110 179 51 comp.

197 2170 121 53 The
358 2168 204 54 voter’s
602 2169 199 67 guide;
844 2189 31 33 a
916 2169 186 67 digest
1141 2169 64 54 of
1243 2169 96 53 the
1379 2168 238 55 election
1654 2171 137 52 laws
1830 2170 65 52 of
126 2171 1970 143 Pennsylvania.

478 2245 56 54 A
572 2246 274 67 complete
887 2245 347 68 description
1273 2246 64 53 of
1375 2247 95 52 the
1508 2248 232 52 method
1779 2247 63 54 of
1879 2246 241 70 holding

128 2325 78 51 all
246 2324 266 53 elections
549 2323 61 53 in
649 2323 114 55 this
803 2328 162 63 state,
1004 2324 117 52 also
1162 2323 253 69 defining
1453 2324 94 54 the
1585 2324 185 54 duties
1809 2325 64 53 of
1911 2328 208 63 county

129 2403 113 52 and
288 2400 236 54 election
571 2400 225 68 officers,
842 2400 330 69 constables,
1219 2420 266 36 assessors
1533 2403 113 52 and
1694 2401 318 70 registrars,
2059 2421 61 35 as

127 2477 1968 147 well as candidates’ information. Rev. Aug. 1, 1932 … Pittsburgh,
357 2558 120 66 Pa.,
502 2556 260 54 William
791 2555 67 55 G.
888 2555 285 54 Johnston
1201 2573 295 52 company,
1529 2560 150 51 1932.

195 2627 1099 52 270 p. incl. diagr., forms. 23 ᶜᵐ. $0.50
199 2686 74 42 On
297 2697 142 30 cover:
494 2684 356 48 Pennsylvania
878 2684 205 41 election
1110 2686 134 40 laws.

198 2742 192 41 Earlier
417 2742 209 40 editions
653 2741 60 48 by
738 2742 129 39 John
895 2741 151 41 Oscar
1071 2740 210 42 Emrich.

133 2796 51 52 ©
210 2799 120 48 Aug.
355 2798 69 48 20,
449 2798 112 41 1932;
615 2798 68 42 2c.
709 2799 96 39 and
830 2797 81 41 aff.
938 2798 120 48 Aug.
1084 2798 55 41 23;
1196 2799 39 38 A
1261 2799 143 40 54484;
1460 2800 216 40 William
1704 2801 53 40 G.
1784 2800 241 41 Johnston
2053 2810 65 31 co.

210 2855 278 50 (32-23152)

130 2955 330 67 Evstīfeev,
491 2955 334 55 Aleksandr
856 2957 461 65 Andrīanovīch,
1350 2963 170 50 1880-

196 3033 154 69 Why
379 3035 32 52 I
441 3036 234 65 escaped
707 3034 152 54 from
887 3034 178 54 soviet
1096 3035 223 69 Russia,
1348 3036 75 68 by
1450 3037 328 53 Alexander
1810 3036 308 70 Evstifeef,

129 3111 65 54 “a
232 3129 134 35 man
404 3111 241 53 without
685 3131 31 33 a
755 3113 291 68 country”.
1123 3113 230 69 Seattle,
1392 3115 195 54 Wash.
1634 3115 259 68 [Printed
1930 3116 75 67 by
2044 3117 71 52 A.

129 3188 309 69 Evstifeef]
469 3193 149 51 1932.

234 3260 1679 52 xvi, 407 (i. e. 413) p. illus. (incl. port., facsims.) plates. 20 ᶜᵐ.
200 3318 224 41 Includes
447 3321 140 38 extra
614 3318 327 42 unnumbered
965 3329 158 38 pages.

201 3375 213 42 “Second
437 3375 227 41 edition.”

133 3429 51 52 ©
218 3434 119 48 Aug.
371 3432 69 48 19,
475 3432 112 42 1932;
649 3434 68 39 2c.
752 3436 95 38 and
882 3433 80 41 aff.
998 3434 118 47 Aug.
1151 3434 55 39 27;
1269 3436 41 38 A
1345 3436 145 40 54568;
1552 3436 274 40 Alexander
1862 3436 255 49 Evstifeef,

204 3490 193 40 Seattle.
469 3489 278 49 (32-23299)

131 3585 252 65 Fayard,
413 3584 167 56 Jean.

197 3660 215 67 Desire,
457 3660 76 67 by
578 3662 146 52 Jean
770 3662 259 67 Fayard;
1076 3664 315 52 translated
1438 3663 152 53 from
1634 3665 95 52 the
1775 3665 222 51 French
2041 3665 74 67 by

128 3737 1965 71 Warre B. Wells. New York, London, The Century co. [ ᶜ1 932]
198 3809 683 50 vii, 305 p. 20 ᶜᵐ. $2.00
202 3866 161 41 “First
389 3866 258 49 printing.”

199 3922 199 40 London
426 3922 183 41 edition
647 3922 78 49 (E.
757 3924 237 40 Mathews
1025 3924 36 40 &
1091 3925 212 47 Marrot)
1340 3925 89 39 has
1459 3925 135 41 title:
1625 3924 197 43 Heart’s
1851 3926 207 39 harrow.

134 3974 51 52 ©
213 3978 126 49 Sept.
365 3981 40 45 7,
431 3979 112 41 1932;
597 3980 68 41 2c.
693 3980 126 47 Sept.
846 3979 56 40 10;
957 3980 79 40 aff.
1067 3981 127 48 Sept.
1219 3981 29 40 9;
1301 3982 41 39 A
1368 3982 143 41 54717;
1568 3983 212 48 Century
1807 3993 67 31 co.

209 4034 277 49 (32-22979)
