2563 4368
1128 4046 65 49 43

228 498 917 50 6 p. l., 3-222 p., 1 l. illus. 26 ½ ᶜᵐ.
231 557 92 40 “Of
359 556 98 41 this
493 556 135 47 book,
666 557 82 39 the
782 555 109 41 first
929 559 48 36 to
1015 556 114 39 bear
1167 556 82 38 the
1284 554 201 47 imprint
1524 554 51 40 of
1611 554 217 40 Holborn
1866 555 161 46 house,
2063 565 90 30 one

160 610 1678 50 thousand copies were printed … This copy is number 77.”
164 668 51 51 ©
243 673 111 38 Dec.
381 672 69 46 31,
478 670 139 47 1931;
646 670 66 40 2c.
741 670 108 40 Jan.
878 670 40 46 6,
945 669 141 47 1932;
1118 669 81 41 aff.
1227 670 109 40 Jan.
1363 669 82 47 12;
1475 670 41 38 A
1542 667 171 48 45976;
1744 669 218 39 Holborn
1990 670 165 40 house,

251 725 51 50 [©
335 727 343 48 illustrations]
750 726 250 49 (32-2038)

158 819 279 54 National
475 818 279 64 advisory
792 817 223 54 council
1053 834 73 36 on
1163 816 168 54 radio
1366 817 58 52 in
1462 817 329 55 education.
1866 819 291 68 Advisory

227 898 316 54 committee
574 916 73 34 on
674 896 366 69 engineering
1070 896 439 68 developments.

287 970 1866 70 … Present and impending applications to education of radio
158 1054 111 51 and
308 1050 171 53 allied
518 1055 144 56 arts;
706 1056 194 61 report
936 1049 65 53 of
1035 1050 97 52 the
1171 1049 338 56 Committee
1548 1067 72 36 on
1656 1046 369 73 engineering

161 1052 1969 143 developments.
598 1130 71 51 2d
698 1128 102 68 ed.,
828 1146 113 33 rev.
1017 1127 137 53 New
1182 1127 180 58 York,
1388 1127 274 54 National
1689 1127 269 70 advisory

158 1145 1973 115 council
258 1226 72 33 on
358 1205 161 53 radio
546 1206 59 51 in
632 1205 319 67 education,
979 1208 149 50 1932.

231 1284 1526 52 5 p. l. , [9]-95 p. 19 ᶜᵐ . ([National advisory council on
1793 1286 137 40 radio
1963 1286 50 39 in
158 1288 1979 103 education]
398 1343 325 39 Information
754 1343 163 40 series,
978 1353 74 30 no.
1087 1343 39 40 5.
1187 1343 237 48 Levering
1451 1344 176 47 Tyson,
1658 1343 182 48 editor)

232 1401 53 40 A.
314 1402 54 39 N.
399 1400 285 47 Goldsmith,
716 1400 266 40 chairman.

165 1455 1993 52 © Dec. 31. 1931; 2c. and aff. Jan. 8, 1932; A 45908; National advisory
233 1516 186 40 council
453 1525 57 27 on
545 1515 137 40 radio
715 1515 49 38 in
799 1515 269 40 education.
1141 1513 225 49 (32-1864
1378 1517 13 46 )

163 1615 317 68 Nevinson,
509 1618 205 63 Henry
739 1616 239 65 Woodd,
1010 1621 171 49 1856-

229 1700 245 55 Goethe:
501 1718 133 34 man
665 1701 112 51 and
809 1704 149 62 poet,
987 1699 77 68 by
1092 1698 205 69 Henry
1326 1698 89 53 W.
1448 1698 319 68 Nevinson;
1802 1699 229 53 written
2064 1700 93 52 for

161 1780 91 51 the
288 1783 304 63 centenary
627 1776 65 53 of
726 1775 263 56 Goethe’s
1026 1776 171 53 death
1234 1795 71 33 on
1341 1776 203 53 March
1580 1776 169 68 22nd,
1785 1779 151 50 1832.

160 1778 1973 145 London,
315 1855 200 54 Nisbet
542 1855 114 53 and
681 1873 99 49 co.,
804 1855 104 52 ltd.
942 1855 173 66 [1931]

226 1936 87 41 264
340 1946 45 38 p.
444 1936 163 44 front.,
639 1935 171 48 plates,
840 1937 147 45 ports.
1049 1932 115 42 23ᶜᵐ.

230 1993 372 48 Bibliography:
636 2003 42 36 p.
710 1990 216 42 259-260.

167 2047 51 52 ©
244 2053 66 38 1c.
336 2052 110 39 Jan.
470 2051 40 47 2,
536 2049 140 48 1932;
704 2051 42 38 A
771 2051 61 38 ad
856 2050 86 39 int.
968 2048 171 48 15929;
1166 2049 141 48 pubd.
1336 2049 117 39 Nov.
1480 2050 40 45 5,
1547 2048 141 48 1931;
1717 2050 261 50 Harcourt,
2006 2052 155 39 Brace

299 2104 857 52 & co., inc.. New York. (32-2689)
163 2210 145 52 New
338 2211 161 51 York
542 2209 221 67 (State)
847 2208 207 53 Courts
1086 2209 64 66 of
1177 2209 215 51 record.

288 2285 1868 69 … The miscellaneous reports. Cases decided in the Courts
159 2365 62 51 of
257 2365 198 51 record
490 2364 63 52 of
585 2364 96 53 the
716 2368 145 49 state
898 2364 63 53 of
996 2365 140 51 New
1173 2364 164 52 York
1371 2365 163 52 other
1569 2365 142 52 than
1746 2365 97 53 the
1879 2364 183 55 Court
2094 2365 65 54 of

160 2444 232 67 appeals
443 2443 112 51 and
605 2443 96 51 the
753 2443 287 67 appellate
1091 2442 250 52 division
1391 2442 63 52 of
1504 2443 95 53 the
1653 2443 279 68 Supreme
1980 2449 176 48 court.

157 2519 216 54 Austin
398 2523 67 51 B.
497 2517 219 71 Griffin,
746 2525 273 63 reporter,
1095 2537 50 35 v.
1179 2523 115 49 132.
1372 2524 151 49 1928.
1604 2518 239 70 [Official
1871 2523 106 65 ed.]
159 2524 1975 143 Albany,

351 2602 56 53 J.
435 2602 67 50 B.
529 2599 165 65 Lyon
721 2616 296 51 company,
1047 2601 150 50 1928.

233 2673 96 42 xvi,
363 2673 84 39 976
479 2683 42 37 p.
580 2672 146 40 23½ᶜᵐ.

170 2726 51 51 ©
262 2730 108 39 Jan.
409 2728 70 48 19,
516 2727 141 48 1929;
696 2728 66 39 2c.
803 2730 96 38 and
938 2728 81 40 aff.
1059 2728 112 41 Dec.
1211 2730 39 47 3,
1290 2728 141 48 1931;
1473 2730 41 38 A
1551 2729 172 46 46812;
1766 2729 182 40 Robert
1988 2731 172 47 Moses,

239 2789 245 44 secretary
514 2785 53 40 of
595 2786 82 40 the
707 2789 129 36 state
866 2785 51 40 of
946 2785 56 41 N.
1033 2786 68 47 Y.,
1131 2785 52 39 in
1213 2789 131 36 trust
1372 2786 80 39 for
1482 2787 82 39 the
1592 2786 178 40 benefit
1800 2787 51 39 of
1882 2787 82 40 the
1995 2788 167 46 people

238 2843 51 38 of
314 2843 82 39 the
421 2846 141 42 state,
589 2842 200 48 Albany.

158 2945 227 64 Novak,
413 2945 145 52 Karl
586 2944 324 56 Friedrich.

244 3022 139 66 [The
420 3024 114 50 last
570 3022 63 52 of
671 3023 94 52 the
805 3022 250 55 German
1093 3022 233 66 kaisers]
1407 3023 120 51 The
1564 3022 233 53 kaiser’s
1837 3042 126 33 own
2001 3028 159 63 story

162 3100 62 52 of
285 3101 95 51 the
444 3106 162 61 great
669 3099 234 69 Kruger
966 3100 163 66 folly.
1206 3100 90 68 By
1359 3102 148 51 Karl
1572 3100 302 53 Friedrich
1938 3101 221 53 Novak.

165 3179 359 65 [Translated
553 3179 77 66 by
660 3177 215 53 Robert
904 3179 289 52 Thomson
1224 3179 194 65 Clark]

246 3251 81 48 (In
358 3248 200 43 London
588 3248 227 52 Evening
846 3249 255 49 standard,
1134 3248 106 43 Oct.
1273 3250 41 49 9,
1347 3250 143 49 1931)

172 3304 1990 54 © 1c. Nov. 16, 1931; A ad int. 16022; pubd. Oct. 9; Evening standard co.,
239 3366 99 46 ltd.,
371 3366 209 39 London.

167 3443 326 67 O’Connell,
522 3444 266 53 Bernard
817 3445 51 54 J.

234 3519 356 69 Negligence,
614 3526 169 49 street
805 3521 267 70 railways
1095 3522 111 53 and
1231 3521 246 68 practice;
1531 3538 437 36 common-sense
1989 3519 172 55 index

171 3596 1627 68 [by] Bernard J. O’Connell … covers 303 Pa. and 99
166 3596 1970 147 Super., inclusive. [Philadelphia, ᶜ193 2]
238 3751 636 51 2 p. l. , XV, 221 p. 23ᶜᵐ.
239 3809 263 48 “Property
535 3810 52 40 of
619 3809 340 49 Philadelphia
993 3811 139 47 rapid
1168 3811 180 40 transit
1379 3821 249 38 company,
1661 3815 49 38 to
1744 3814 57 39 be
1837 3812 229 41 returned
2100 3819 62 33 on

169 3864 249 41 demand.”

176 3919 1968 110 © Jan. 15, 1932; 2c. and aff. Jan. 16; A 46930; B. J. O'Connell, Philadelphia. (32-2116)
