2563 4368
1331 4087 132 49 1308

462 542 142 70 July
646 547 47 64 8,
737 545 150 50 1932.
963 542 347 52 Permanent
1351 540 84 52 ed.
1514 538 83 55 St.
1641 538 165 68 Paul,
1847 538 160 53 West
2053 535 333 69 publishing

462 640 95 50 co.,
595 625 149 50 1932.

465 691 1289 52 xvi, 1198 p. 26 ᶜᵐ. (National reporter system)
398 748 52 52 ©
479 752 128 47 Sept.
632 751 69 42 22,
729 750 140 45 1932;
897 749 67 40 2c.
992 749 95 39 and
1115 747 81 41 aff.
1224 746 99 41 Oct.
1353 747 82 47 10;
1464 747 40 38 A
1529 745 171 48 56397;
1729 747 134 39 West
1890 746 109 47 pnb.
2027 756 68 29 co.

390 841 337 64 Patterson,
758 840 220 52 Ernest
1004 837 211 64 Minor,
1246 838 170 54 1879-

524 909 1865 70 … America; world leader or world led? By Ernest Minor
393 990 1788 69 Patterson … London, Sidgwick & Jackson, ltd. [1932]
462 1063 1386 55 4 p. l., 174 p. 19 ᶜᵐ. (World problems of to-day)
400 1118 1975 112 © 1c. Aug. 16, 1932; A ad int. 16782; pubd. June 29; Sidgwick & Jackson,
593 1183 101 46 ltd.,
720 1182 212 39 London.
1002 1178 279 49 (32-24115)

392 1271 283 65 Pauchet,
708 1270 224 65 Victor,
967 1274 171 50 1869-

526 1343 1568 69 … L’automne de la vie, l’homme et la femme à l’âge
2121 1342 238 69 critique;
396 1425 228 70 préface
672 1425 67 52 de
784 1443 74 33 m.
908 1423 215 53 Brieux
1171 1424 67 52 de
1286 1421 347 53 l’Académie
1684 1420 299 66 française.
2078 1420 201 68 [Paris]
2333 1420 57 55 J.

395 1504 437 65 Oliven [ᶜ19 32]
464 1572 964 54 2 p. l., [7]-338 p. front. (port.) 18 ᶜᵐ.
401 1628 1879 63 © Feb. 12, 1932; 1c. Apr. 4; A— Foreign 16335; Éditions J. Oliven.
478 1697 280 50 (32-23161)

395 1779 189 66 Poole,
618 1781 239 64 Ernest,
892 1783 171 51 1880-

466 1857 212 53 Nurses
725 1875 73 35 on
843 1856 326 67 horseback,
1216 1856 74 68 by
1338 1857 208 51 Ernest
1593 1855 190 53 Poole.
1858 1855 138 53 New
2045 1854 178 65 York,
2270 1855 123 51 The

396 1934 334 55 Macmillan
751 1951 297 51 company,
1073 1937 148 50 1932.

470 2004 1004 53 viii p., 1 l., 168 p. front., plates. 20 ᶜᵐ.
403 2063 51 52 ©
486 2067 128 47 Sept.
641 2067 39 45 6,
709 2065 113 41 1932;
880 2065 66 40 2c.
976 2066 95 39 and
1100 2064 82 40 aff.
1213 2063 128 48 Sept.
1371 2065 25 38 7;
1453 2063 41 39 A
1522 2063 144 40 54648;
1725 2065 52 38 E.
1807 2063 157 48 Poole,
1993 2063 116 38 New
2139 2062 142 39 York.

480 2121 279 51 (32-22815)

397 2196 260 64 Reboux,
689 2196 164 64 Paul,
888 2195 170 55 1877-

530 2269 1861 68 … Madame se meurt ! Madame est morte ! Récit historique.
403 2350 202 67 [Paris]
640 2348 392 53 Flammarion
1086 2350 151 64 [1932]

466 2420 397 50 282 p., 2 l. 18½ᶜᵐ.
404 2475 1907 53 © Apr. 7, 1932; 1c. May 2; A— Foreign 16668; Ernest Flammarion.
482 2535 279 50 (32-23274)

398 2610 254 65 Rhodes,
683 2609 245 56 Charles
957 2610 248 65 Dudley,
1235 2615 171 50 1865-

470 2687 213 52 Robert
742 2688 68 51 E.
869 2689 127 64 Lee,
1054 2688 94 51 the
1205 2689 159 53 West
1422 2687 254 68 Pointer,
1735 2689 75 67 by
1870 2689 236 54 Charles
2164 2688 229 66 Dudley

402 2763 1990 71 Rhodes … including Stratford hall, by Mrs. Robert Scott
403 2843 280 68 Spilman,
729 2844 113 52 and
887 2843 93 53 the
1026 2843 219 68 lineage
1293 2844 113 52 and
1452 2862 188 34 career
1684 2842 64 53 of
1792 2843 214 54 Robert
2051 2845 66 51 E.
2164 2845 109 50 Lee
2317 2843 75 67 by

401 2920 220 69 George
659 2921 56 55 S.
749 2921 280 67 Wallace;
1066 2920 379 54 illustrations
1477 2922 75 67 by
1584 2923 54 54 J.
1676 2923 64 52 F.
1776 2923 85 51 De
1898 2922 225 66 Young.
400 2922 1967 145 [Richmond,

612 2999 746 68 Garrett & Massie, ᶜ19 32]
472 3070 1461 50 vi, 42 p. incl. illus., ports. front. (double map) 27½ᶜᵐ.
472 3128 130 41 Title
643 3127 174 40 within
859 3129 304 39 ornamental
1204 3129 176 39 border
1420 3128 305 49 illustrating
1765 3129 81 39 the
1889 3127 187 49 lineage
2119 3128 52 40 of
2213 3129 182 40 Robert

403 3187 53 39 E.
488 3186 107 41 Lee.

475 3242 128 39 “The
644 3241 226 48 proceeds
912 3241 128 39 from
1079 3242 81 40 the
1202 3243 101 39 sale
1344 3242 52 40 of
1435 3241 99 41 this
1575 3242 123 40 book
1739 3242 100 40 will
1880 3243 55 39 be
1977 3242 191 48 applied
2211 3254 58 28 on
2311 3243 82 40 the

404 3298 238 47 purchase
681 3298 132 48 price
855 3298 52 40 of
951 3298 249 41 Stratford
1240 3299 103 40 hall
1386 3309 55 29 as
1483 3299 113 48 part
1635 3299 53 39 of
1727 3300 81 39 the
1850 3299 327 41 contribution
2220 3299 51 40 of
2312 3301 80 37 the

404 3355 136 40 West
573 3354 218 48 Virginia
830 3354 209 40 division
1074 3355 52 39 of
1161 3356 81 40 the
1278 3355 180 41 Robert
1496 3356 53 41 E.
1587 3356 92 39 Lee
1715 3356 250 39 memorial
2001 3355 393 41 foundation.”—

405 3421 42 38 p.
476 3411 77 50 [iv]

410 3466 50 51 ©
494 3470 128 47 Sept.
652 3470 40 46 1,
722 3468 114 41 1932;
895 3469 66 39 2c.
995 3470 93 38 and
1119 3469 82 40 aff.
1235 3470 126 47 Sept.
1394 3471 25 39 3;
1479 3470 41 39 A
1550 3470 143 40 54627;
1754 3471 133 40 West
1920 3470 219 47 Virginia
2171 3469 223 48 division,

478 3526 179 39 Robert
693 3527 52 39 E.
779 3526 91 39 Lee
906 3525 249 39 memorial
1189 3526 304 46 foundation,
1529 3527 105 47 inc.,
1670 3526 324 48 Huntington,
2030 3528 71 39 W.
2137 3527 85 40 Va.

488 3581 278 48 (32-22811)

404 3653 269 65 Rixford,
702 3657 139 51 Mrs.
871 3655 308 53 Elizabeth
1209 3658 139 61 May
1386 3657 253 64 (Leach)
1680 3662 170 49 1866-

476 3729 271 54 Families
785 3730 241 70 directly
1064 3731 309 55 descended
1413 3733 152 53 from
1603 3734 77 52 all
1715 3735 95 51 the
1847 3735 161 66 royal
2047 3733 247 53 families
2332 3734 60 51 in

409 3807 227 66 Europe
689 3809 127 66 (495
858 3814 58 46 to
961 3810 160 65 1932)
1176 3811 112 51 and
1331 3810 330 68 Mayflower
1703 3813 384 66 descendants,
2128 3811 75 67 by
2243 3811 149 52 their

408 3884 172 53 lineal
616 3886 358 68 descendant,
1008 3888 137 51 Mrs.
1194 3887 206 67 (Oscar
1434 3888 276 68 Herbert)
1757 3888 299 54 Elizabeth
2092 3890 77 52 M.
2208 3890 184 51 Leach

408 3961 1913 73 Rixford … Burlington, Vt., Free press printing co., 1932.
