2563 4368
1127 4066 132 55 1457

187 449 243 65 Adams,
459 449 321 64 Hampton.

256 516 1926 77 The pastoral ministry, by Hampton Adams … Nashville,
189 601 740 68 Cokesbury press [ ᶜ1932 ]
255 660 269 62 173 p. 19 ᶜᵐ.
192 743 52 52 ©
283 747 118 48 Aug.
441 746 69 48 23,
549 746 142 47 1932;
731 746 67 40 2c.
841 746 127 47 Sept.
1008 745 82 47 23;
1131 743 83 41 aff.
1256 744 128 47 Sept.
1423 742 54 40 22;
1548 743 39 39 A
1627 742 170 47 56064;
1840 741 270 41 Whitmore
2148 742 38 39 &

263 804 169 47 Smith,
460 803 264 40 Nashville.
795 802 280 49 (32-25304)

190 919 280 67 Addison,
498 921 206 54 James
729 919 254 66 Thayer,
1017 921 171 54 1887-

258 995 133 54 Life
438 996 218 69 beyond
705 996 169 55 death
923 995 60 53 in
1029 996 97 54 the
1171 993 201 57 beliefs
1418 994 65 54 of
1528 994 292 68 mankind,
1866 995 73 68 by
1991 994 193 54 James

188 1074 227 69 Thayer
456 1073 276 54 Addison.
811 1073 212 54 Boston
1067 1072 112 56 and
1224 1072 136 54 New
1405 1071 178 69 York,
1623 1072 318 68 Houghton
1980 1069 202 55 Mifflin

189 1169 294 51 company,
513 1154 148 50 1932.

293 1221 406 50 x, 309 p. 21 ½ᶜᵐ .
259 1280 71 40 “A
354 1279 88 42 list
467 1279 53 41 of
545 1279 176 42 books”:
781 1290 43 38 p.
857 1278 250 51 [285]-299.

195 1350 51 53 ©
282 1354 128 49 Sept.
443 1355 69 47 14,
545 1354 141 47 1932;
722 1354 65 41 2c.
826 1354 126 48 Sept.
988 1353 81 47 23;
1107 1352 79 41 aff.
1225 1352 125 48 Sept.
1387 1354 82 45 21;
1505 1353 42 38 A
1581 1352 169 47 56050;
1789 1352 44 41 J.
1868 1352 52 39 T.
1955 1351 230 48 Addison,

261 1410 300 50 Cambridge,
595 1412 145 39 Mass.
813 1410 277 47 (32-25305)

190 1527 316 55 American
546 1528 278 54 institute
861 1529 64 52 of
964 1527 228 65 mining
1230 1528 114 52 and
1384 1526 430 65 metallurgical
1852 1526 330 65 engineers.

312 1609 91 51 Coal
431 1608 263 53 division.

261 1685 403 53 Transactions
690 1685 64 53 of
776 1686 97 51 the
896 1685 306 53 American
1226 1684 263 54 institute
1513 1685 63 52 of
1601 1683 225 70 mining
1848 1684 113 53 and
189 1684 1969 148 metallurgical

495 1764 292 68 engineers
862 1763 455 70 (incorporated)
1444 1806 10 10 v.
1522 1766 114 50 101.
1715 1762 139 55 Coal
1919 1762 265 67 division,

193 1844 149 50 1932.
416 1843 218 67 Papers
664 1843 112 53 and
806 1842 341 55 discussions
1175 1843 299 68 presented
1503 1841 196 54 before
1724 1843 97 52 the
1848 1841 248 55 division
2126 1848 59 47 at

191 1922 96 51 the
318 1921 276 69 meetings
628 1921 133 53 held
798 1926 58 48 at
890 1919 297 69 Bluefield,
1220 1924 89 53 W.
1346 1923 124 65 Va.,
1506 1921 264 65 October,
1805 1924 134 50 1931
1976 1922 113 52 and
2126 1926 59 48 at

192 1999 138 53 New
362 1999 179 61 York,
573 2001 314 65 February,
923 2002 148 50 1932.
1148 2001 137 52 New
1319 2000 179 66 York,
1531 2002 71 53 N.
1634 2001 90 65 Y.,
1756 2001 122 53 The
1909 2000 276 54 Institute

197 2112 192 34 [ ᶜ1932 ]
263 2153 86 42 298
375 2164 43 37 p.
474 2155 128 39 illus.
631 2153 133 50 (incl.
793 2156 162 46 maps)
994 2154 167 49 tables,
1191 2154 179 47 diagrs.
1429 2154 54 41 23½ᶜᵐ.

197 2220 52 52 ©
283 2224 127 48 Sept.
442 2223 69 48 29,
543 2223 113 41 1932;
717 2224 67 41 2c.
817 2225 95 39 and
945 2224 82 39 aff.
1060 2224 102 40 Oct.
1195 2224 57 40 28;
1311 2225 41 38 A
1384 2224 144 40 56777;
1588 2225 257 39 American
1880 2224 225 40 institute
2139 2224 52 38 of

264 2279 185 49 mining·
473 2283 96 40 and
594 2280 357 48 metallurgical
977 2279 264 49 engineers,
1267 2280 90 40 inc.

193 2384 314 54 American
536 2384 112 53 law
675 2388 253 63 reports,
957 2385 342 54 annotated.

263 2460 72 54 A.
360 2464 65 51 L.
450 2463 67 51 R.
544 2461 129 53 blue
697 2462 163 53 book.
939 2461 433 69 Supplemental
1397 2461 277 54 decisions
1702 2462 95 52 for
1823 2461 363 53 annotations

194 2539 59 53 in
301 2540 96 52 the
444 2540 306 54 American
800 2542 110 51 law
958 2546 239 63 reports.
1271 2541 305 68 Arranged
1625 2541 62 51 in
1732 2541 98 52 the
1878 2541 185 68 order,
2110 2540 77 69 by

195 2618 1968 143 volume and page, in which the annotations appear in the several volumes of A. L. R. … Rochester,
1533 2699 69 53 N.
1640 2700 89 65 Y.,
1764 2699 122 53 The
1919 2701 267 67 Lawyers

196 2775 381 69 co-operative
624 2776 336 69 publishing
1008 2794 306 52 company;
1365 2778 341 68 Northport,
1751 2779 62 50 L.
1862 2777 68 69 I.,
1978 2778 70 54 N.
2096 2779 91 65 Y.,

197 2855 254 52 Edward
503 2855 329 68 Thompson
883 2873 305 51 company;
1247 2855 118 55 San
1415 2857 323 67 Francisco,
1790 2855 193 68 Calif.,
198 2858 1966 144 Bancroft-Whitney
678 2952 294 52 company,
1004 2938 149 53 1932.

266 3008 83 41 761
380 3019 42 37 p.
481 3008 146 40 25½ᶜᵐ.

270 3065 390 47 “Supplemental
715 3063 237 42 decisions
1005 3064 79 40 for
1139 3065 80 40 the
1273 3076 141 37 years
1469 3063 275 49 1929-1932,
1801 3065 213 40 volumes
2072 3065 115 40 1-80

196 3123 54 40 A.
277 3122 50 39 L.
356 3121 84 40 R.”;
499 3132 43 37 p.
570 3121 39 40 5.

202 3187 52 52 ©
281 3191 102 41 Oct.
407 3191 68 47 11,
503 3189 139 47 1932;
670 3189 67 41 2c.
764 3190 102 41 Oct.
891 3191 81 46 11;
1002 3190 80 41 aff.
1110 3190 102 40 Oct.
1238 3191 82 46 13;
1349 3192 41 37 A
1415 3191 170 47 55574;
1615 3192 228 46 Lawyers
1871 3191 321 47 co-operative

270 3248 108 47 pub.
408 3257 81 36 co.,
520 3246 211 40 Edward
760 3246 273 48 Thompson
1062 3257 81 37 co.,
1174 3246 485 48 Bancroft-Whitney
1689 3258 66 29 co.

198 3347 262 67 Barrett,
490 3348 153 55 John
673 3347 208 54 Daniel
908 3350 190 64 Mary,
1131 3355 171 49 1895-

331 3425 1858 69 … A comparative study of the councils of Baltimore and
200 3503 1929 71 the Code of canon law … by John Daniel Mary Barrett …
197 3580 399 70 Washington,
627 3582 71 53 D.
731 3582 82 66 C.,
842 3583 121 52 The
994 3582 262 56 Catholic
1285 3582 318 69 university
1632 3582 65 54 of
1724 3583 282 68 America,
2041 3588 148 50 1932.

307 3652 1885 51 x, 223 p. 23 ᶜᵐ. (The Catholic university of America. Canon law
201 3709 200 42 studies,
459 3720 76 31 no.
575 3709 81 50 83)

271 3766 172 42 Thesis
487 3767 66 48 (J.
615 3799 9 8 C.
692 3764 328 50 D.)—Catholic
1053 3764 271 52 university
1357 3767 52 41 of
1443 3766 237 50 America,
1713 3767 128 42 1932.

273 3823 370 49 “Biographical
668 3822 156 43 note.”

271 3879 348 50 Bibliography;
679 3892 44 38 p.
751 3878 219 43 209-212.

206 3948 52 52 ©
286 3952 125 49 Sept.
439 3952 38 47 8,
503 3951 113 42 1932;
671 3952 70 41 2c.
767 3951 123 49 Sept.
922 3950 54 41 12;
1032 3951 81 40 aff.
1143 3951 130 48 Sept.
1298 3951 55 40 10;
1409 3952 41 40 A
1475 3951 142 41 55062;
1675 3953 222 46 Catholic
1924 3953 272 42 university

272 4008 52 41 of
349 4008 234 41 America.
656 4007 279 50 (32-25278)
