2563 4368
1099 4105 100 52 995

150 492 144 63 Gay,
329 492 132 54 Jan.

221 565 90 55 On
345 565 175 69 going
553 564 201 70 naked,
788 565 73 68 by
896 565 114 54 Jan
1047 563 144 69 Gay,
1227 563 138 53 with
1402 564 352 53 decorations
1786 563 73 70 by
1896 564 240 68 Zhenya.

149 642 1067 68 New York, Holborn house [ ᶜ193 2]
216 713 920 48 163 p. front., illus., plates. 20 ᶜᵐ .
219 770 288 40 Illustrated
537 769 362 48 lining-papers.

155 839 51 52 ©
232 845 124 39 June
381 843 69 47 27,
477 843 111 39 1932;
643 841 67 42 2c.
736 843 95 38 and
857 842 82 40 aff.
966 841 114 48 July
1107 843 23 37 1;
1188 842 40 38 A
1254 840 142 41 52871;
1453 841 218 40 Holborn
1697 841 162 48 house,
1887 843 87 38 inc.

233 900 277 48 (32-17347)

151 1003 242 64 Gerard,
424 1002 231 56 Louise.

221 1078 190 55 Secret
441 1081 138 51 love.
661 1079 388 68 [Instalments
1077 1082 118 63 5-8]

232 1154 83 48 (In
342 1150 201 43 London
570 1150 193 52 People,
791 1150 118 52 May
938 1151 72 50 29,
1038 1149 128 43 June
1194 1151 42 49 5,
1267 1151 70 49 12,
1369 1151 71 50 19,
1470 1149 143 50 1932)

155 1212 1982 52 © 1c. each July 27, 1932; A ad int. 16708; pubd. May 29, June 5, 12, 19;
223 1274 48 39 L.
301 1273 198 47 Gerard,
527 1273 208 40 London.

151 1375 217 66 Gerjol,
401 1376 163 55 Karl.

218 1451 102 68 My
343 1458 237 47 convent
602 1450 104 53 life;
760 1451 265 69 spiritual
1050 1450 440 56 considerations
1514 1469 69 34 on
1609 1450 304 69 every-day
1941 1451 199 67 phases

149 1528 64 53 of
251 1529 94 52 the
382 1528 268 69 religious
688 1527 104 54 life
831 1528 92 53 for
962 1528 273 54 members
1274 1527 63 53 of
1374 1528 75 55 all
1489 1525 269 70 religious
1795 1529 192 52 orders
2026 1528 113 53 and

150 1603 415 69 communities;
616 1604 247 68 adapted
912 1605 151 52 from
1113 1605 94 52 the
1256 1603 246 55 German
1550 1604 63 53 of
1660 1605 94 52 the
1804 1604 135 53 Rev.
1992 1604 147 53 Karl

153 1680 1982 71 Gerjol by Sister Mary Maud … New York, Cincinnati [etc.]
152 1758 277 69 Benziger
454 1759 273 67 brothers,
756 1761 148 49 1932.

219 1829 776 49 xii, 206 p. incl. front. 15 ᶜᵐ .
156 1886 51 52 ©
237 1891 112 47 May
377 1890 41 46 2,
448 1889 112 41 1932;
618 1889 66 41 2c.
716 1890 112 47 May
858 1888 54 40 12;
972 1888 80 42 aff.
1085 1890 112 47 May
1227 1888 26 41 9;
1312 1890 41 38 A
1381 1889 144 40 52534;
1584 1889 234 50 Benziger
1849 1890 124 40 bros.

233 1945 278 50 (32-17363)

152 2049 380 65 Hirschberg,
562 2049 252 56 Arthur.

219 2125 121 55 Can
359 2143 110 50 you
492 2127 151 52 solve
662 2124 48 53 it
723 2125 18 52 ?
803 2125 55 50 A
878 2123 144 53 book
1043 2124 63 52 of
1127 2127 224 65 puzzles
1373 2124 111 52 and
1506 2124 299 68 problems,
1825 2124 73 67 by
1922 2123 222 54 Arthur

151 2200 1599 69 Hirschberg. New York, Grosset & Dunlap [ ᶜ193 2]
218 2272 1120 49 1 p. l. , v-viii, 330 p. illus., diagrs. 21 ᶜᵐ .
157 2328 51 52 ©
240 2333 125 39 June
393 2332 69 47 27,
494 2332 112 40 1932;
665 2332 68 40 2c.
765 2333 94 39 and
890 2331 80 42 aff.
1004 2332 115 47 July
1149 2332 24 39 1;
1236 2333 40 37 A
1307 2331 140 41 52861;
1510 2332 210 40 Thomas
1750 2332 54 41 Y.
1836 2332 205 40 Crowell
2073 2340 68 32 co.

233 2389 279 50 (32-17345)

153 2493 161 65 How,
343 2492 195 65 Louis,
571 2493 171 54 1873-

221 2570 253 67 Nursery
523 2569 224 68 rhymes
796 2569 64 53 of
906 2571 138 53 New
1094 2570 162 53 York
1302 2568 115 70 city
1503 2569 140 54 <with
1692 2569 324 68 additions>
2064 2569 77 69 by

152 2647 172 54 Louis
356 2649 177 66 How;
571 2653 213 62 twenty
817 2648 353 53 wood-block
1201 2647 378 54 illustrations
1613 2649 144 52 done
1789 2646 61 53 in
1880 2648 155 53 color
2065 2646 77 69 by

153 2725 113 54 Ilse
309 2724 283 69 Bischoff;
639 2723 385 56 introduction
1069 2726 75 68 by
1189 2726 106 52 Zoë
1338 2724 202 54 Akins.
1615 2726 137 52 New
1797 2725 180 68 York,
2020 2725 121 54 The

152 2804 231 53 Harbor
410 2821 174 50 press,
614 2807 149 51 1931.

223 2874 1142 51 7 p. l. , 80 p., 1 l. illus. (part col.) 23½ᶜᵐ.
224 2933 287 40 Illustrated
541 2935 95 45 t.-p.

159 2986 1982 52 © Dec. 1, 1931; 2c. and aff. July 7, 1932; A 52932; Harbor press, inc.
237 3046 276 48 (32-17476)

156 3150 231 66 Huddy,
417 3150 322 63 Xenophon
769 3150 235 54 Pearce.

225 3227 421 68 Encyclopedia
680 3227 63 53 of
779 3225 342 54 automobile
1156 3228 124 50 law.
1355 3227 121 52 The
1509 3226 110 53 law
1654 3227 62 52 of
1752 3226 387 68 automobiles,

156 3304 1982 71 by Xenophon P. Huddy, LL. B. … 9th ed., rev., rearranged
157 3384 112 51 and
315 3385 105 50 enl.
468 3383 73 67 by
589 3384 95 52 the
733 3382 337 68 publisher’s
1120 3382 263 54 editorial
1432 3381 149 55 staff.
1657 3384 244 56 General
1950 3384 187 54 index.

157 3460 246 68 Albany.
448 3461 69 52 N.
567 3464 88 58 Y.,
700 3462 276 52 Matthew
1025 3461 225 52 Bender
1292 3465 46 50 &
1382 3480 296 51 company,
1722 3463 419 70 incorporated,

159 3542 149 51 1932.

227 3611 749 50 2 p. l. , 4, 4a, 5-489 p. 25 ᶜᵐ .
163 3663 51 51 ©
244 3669 114 45 July
385 3668 68 42 23.
483 3668 139 46 1932;
653 3669 66 40 2c.
749 3671 93 38 and
873 3669 79 40 aff.
984 3670 115 46 July
1127 3669 82 46 25;
1242 3670 39 39 A
1309 3670 169 46 53273;
1512 3671 234 39 Matthew
1776 3672 189 37 Bender
1995 3672 37 39 &
2059 3681 83 38 co.,

229 3722 90 43 inc.

157 3824 1982 71 The insurance bar; a directory of eminent lawyers … and the
232 3902 271 55 Selective
537 3903 185 68 digest
753 3904 63 53 of
848 3905 96 52 the
977 3906 109 51 law
1121 3905 63 52 of
1217 3904 296 55 insurance
1547 3907 111 52 and
1692 3907 215 53 related
1940 3906 201 69 topics,

229 3979 187 54 edited
463 3981 76 68 by
583 3984 148 53 Wm.
779 3984 89 52 W.
917 3984 223 55 Culver.
1216 3982 98 54 7th
1364 3987 208 50 annual
1620 3985 83 54 ed.
1780 3985 157 67 July,
1988 3987 150 50 1932.
