2563 4368
1306 4126 135 52 1784

377 474 213 64 Scully,
622 473 216 64 Frank,
866 473 85 53 ed.

448 551 129 52 Fun
612 552 60 51 in
705 550 136 66 bed;
880 550 93 53 the
1010 548 433 55 convalescent’s
1480 549 321 68 handbook,
1836 548 188 53 edited
2059 549 75 68 by
2170 549 197 52 Frank

378 627 1961 146 Scully and an all-star cast … with a preface by Logan Clendening.
681 706 1239 66 New York, Simon and Schuster [ ᶜ19 32]
448 778 1058 50 5 p. l., 7-187 p. incl. front., illus. 26 ᶜᵐ .
449 836 347 48 Bibliography:
854 846 43 37 p.
924 834 216 42 181-185.

382 889 52 52 ©
465 894 115 39 Nov.
612 894 67 44 15,
711 892 139 46 1932;
883 893 66 40 2c.
979 894 93 38 and
1103 891 81 41 aff.
1215 892 117 39 Nov.
1363 892 81 45 18;
1477 892 37 39 A
1548 892 169 47 57165;
1754 892 49 40 F.
1837 892 176 47 Scully,
2046 891 129 46 Nice,
2208 894 52 38 A.
2294 894 77 46 M.,

451 950 198 41 France.
720 949 279 49 (32-33431)

377 1024 289 66 Spinkler,
700 1026 219 64 Edgar.

510 1097 1860 72 … Russisch in 20 lektionen (10 briefe) mit 2 beilagen: I.
379 1176 1991 71 Lautlehre; II . Sachregister; unter mitwirkung von prof. L. v.
377 1255 251 54 Marnitz
664 1255 307 53 bearbeitet
1005 1274 109 34 von
1150 1255 82 52 dr.
1271 1254 199 69 Edgar
1505 1253 284 70 Spinkler.
1866 1259 44 47 1.
1947 1253 129 59 aufl.
379 1254 1990 147 Berlin-Schöneberg,

796 1330 691 71 Langenscheidt [ ᶜ19 31 ]
451 1402 113 51 [352]
593 1414 42 38 p.
692 1404 126 42 illus.
878 1405 144 40 23½ᶜᵐ.
1090 1403 123 48 (Der
1238 1405 160 40 kleine
1426 1404 694 49 Toussaint-Langenscheidt)

446 1461 66 40 At
537 1461 124 40 head
688 1460 52 42 of
766 1464 97 45 t.-p.:
922 1461 225 41 Methode
1172 1460 682 49 Toussaint-Langenscheidt.

448 1518 242 40 Fourteen
719 1517 225 41 unbound
974 1519 151 47 parts,
1153 1518 162 40 issued
1343 1517 50 40 in
1421 1517 245 50 portfolio.
1723 1518 207 40 Various
1958 1517 215 50 pagings.
2232 1519 139 46 Maps

377 1585 60 30 on
466 1574 363 49 lining-papers.

449 1632 234 41 “Sources
711 1632 51 39 of
791 1631 280 48 quotations
1099 1631 116 40 used
1246 1631 50 39 in
1327 1631 97 40 this
1454 1629 247 42 volume”:
1733 1640 41 39 p.
1805 1629 68 41 62.

449 1688 114 40 “Als
594 1687 309 48 manuskript
934 1686 277 49 gedruckt.”

449 1743 576 50 “Aussprachezeichen”,
1052 1742 367 49 “Arbeitsplan”
1446 1743 94 40 and
1570 1742 280 41 “Leserost”
1886 1742 51 49 (3
1961 1741 186 48 leaves)
2181 1743 100 41 laid
2306 1744 62 41 in.

382 1801 1972 107 © Jan. 29, 1931; 1c. Apr. 8; A—Foreign 12320; Langenscheidtsche v erlagsbuchhandlung
975 1860 155 49 (Prof.
1162 1859 53 39 G.
1248 1858 410 48 Langenscheidt)
1697 1869 40 38 g.
1770 1870 57 27 m.
1862 1859 39 37 b.
1935 1860 58 42 h.,
2025 1857 181 42 Berlin.

460 1919 279 48 (32-34648)

379 1991 320 68 Stimpson,
731 1993 227 64 George
991 1990 270 64 William,
1296 1995 169 51 1896-

449 2066 1917 72 Things worth knowing, by George W. Stimpson … New
381 2147 1375 70 York, Chicago, A. L. Burt company [ ᶜ19 32 ]
448 2222 396 47 viii, 419 p. 21 ᶜᵐ.
385 2274 51 52 ©
469 2279 117 39 Nov.
678 2310 8 15 18,
719 2277 140 47 1932;
892 2278 67 40 2c.
992 2278 95 39 and
1119 2276 82 42 aff.
1235 2277 115 39 Nov.
1383 2275 83 49 21;
1501 2276 39 39 A
1573 2276 142 41 57174;
1777 2276 54 40 A.
1864 2275 51 41 L.
1948 2275 128 40 Burt
2105 2284 65 31 co.

461 2334 278 49 (32-33432)

379 2400 231 67 Stokes,
642 2401 256 54 Richard
928 2402 209 64 Leroy,
1171 2406 171 50 1882-

448 2479 148 53 Paul
636 2479 263 68 Bunyan,
939 2498 30 33 a
1008 2479 346 52 folk-comedy
1433 2478 59 53 in
1531 2478 156 53 three
1727 2483 134 62 acts,
1898 2477 75 67 by
2010 2476 254 54 Richard
2302 2477 64 51 L.

381 2554 1961 147 Stokes … illustrated by Charles K. Stevens. New York, London,
538 2636 68 55 G.
637 2636 63 51 P.
732 2635 296 54 Putnam’s
1056 2654 146 45 sons,
1231 2638 148 50 1932.

449 2708 100 48 viii,
583 2708 177 50 [9]-102
787 2719 42 37 p.
890 2708 128 41 illus.
1077 2708 146 41 21½ᶜᵐ.

385 2760 51 53 ©
464 2765 115 40 Nov.
610 2766 68 45 15,
708 2764 112 42 1932;
877 2765 66 40 2c.
972 2766 117 39 Nov.
1119 2765 82 47 18;
1231 2764 82 42 aff.
1343 2765 116 40 Nov.
1490 2765 55 40 16;
1604 2765 40 39 A
1671 2764 170 48 57172;
1872 2764 54 41 R.
1957 2764 49 40 L.
2041 2763 184 47 Stokes,
2255 2763 116 41 New

451 2821 143 40 York.
666 2821 278 48 (32-33440)

380 2887 282 64 Swinton,
693 2889 100 53 Sir
820 2890 218 52 Ernest
1069 2889 249 65 Dunlop,
1350 2895 171 50 1868-

451 2965 370 68 Eyewitness,
856 2966 169 66 being
1061 2969 261 63 personal
1358 2966 423 54 reminiscences
1817 2966 64 53 of
1915 2966 214 53 certain
2166 2966 201 65 phases

382 3041 63 52 of
474 3042 96 53 the
597 3048 162 61 great
789 3061 134 46 war,
949 3043 299 66 including
1275 3044 96 53 the
1399 3043 217 67 genesis
1646 3043 63 53 of
1739 3043 95 53 the
1862 3042 158 61 tank,
2049 3043 74 61 by
384 3042 1980 129 Major-General

678 3119 1688 65 Sir Ernest D. Swinton … London, Hodder and
384 3195 323 67 Stoughton
736 3197 241 65 limited,
1013 3201 150 49 1932.

455 3265 1540 53 321 p. front. (port.) plates, facsims., fold. diagr. 24½ᶜᵐ.
456 3324 139 49 Maps
621 3336 58 28 on
708 3324 361 50 lining-papers.

457 3378 146 41 “This
639 3380 121 41 book
795 3381 42 39 is
871 3381 154 41 called
1062 3380 300 49 Eyewitness
1398 3381 202 42 because
1636 3381 108 41 that
1780 3380 240 42 unofficial
2057 3391 139 32 name
2237 3392 129 40 [was]

386 3435 1982 51 given me by the newspapers … But it is not confined to recollections
387 3491 53 41 of
476 3493 81 40 the
597 3492 115 41 time
751 3493 139 40 when
932 3493 21 39 I
995 3493 138 41 acted
1175 3503 55 30 as
1270 3493 172 41 official
1483 3494 374 49 correspondent
1897 3494 120 40 with
2058 3495 80 40 the
2181 3494 184 41 British

386 3548 368 48 expeditionary
783 3549 132 41 force
944 3549 48 40 in
1025 3548 563 49 France.”—Foreword,
1615 3561 42 37 p.
1688 3550 68 40 10.

387 3601 1981 53 © 1c. Nov. 17, 1932; A ad int. 17108; pubd. Sept. 22; Doubleday, Doran
513 3661 1084 49 & co., inc , Garden City, N. Y. (32-35036)
381 3728 354 64 Thompson,
764 3728 186 55 Scott.

454 3802 1913 69 Songs of a schoolmaster, by Scott Thompson … Compton,
385 3878 192 68 Calif.,
608 3882 147 50 1932.

450 3949 619 50 4 p. l., 11-111 p. 18 ᶜᵐ .
388 4004 51 53 ©
467 4009 119 48 Aug.
612 4008 69 47 22,
709 4008 139 47 1932;
877 4009 67 40 2c.
973 4010 95 39 and
1095 4008 82 41 aff.
1205 4009 117 41 Nov.
1350 4008 52 40 21;
1462 4010 41 39 A
1529 4010 170 47 57153;
1731 4010 49 41 O.
1814 4010 44 41 S.
1887 4010 286 48 Thompson.
456 4009 1894 103 Compton,

583 4064 142 41 Calif.
796 4064 278 49 (32-33528)
