2563 4368
1161 4097 99 55 973

195 479 332 64 O’Donnell,
556 480 173 63 Mary
755 477 278 56 Patricia.

265 554 184 54 Greek
469 571 207 50 games,
698 572 71 36 an
793 551 390 69 organization
1208 551 92 52 for
1323 549 274 54 festivals,
1619 547 279 69 compiled
1918 547 74 68 by
2015 547 168 69 Mary

195 624 1986 60 Patricia O’Donnell … and Lelia Marion Finan … with an
193 700 1988 138 introduction by Virginia C. Gildersleeve … New York, A. S. Barnes and
586 800 292 50 company,
911 784 148 49 1932.

262 854 105 48 xiii,
393 854 86 40 155
507 865 43 37 p.
604 854 164 47 front.,
795 854 143 46 illus.,
967 853 179 47 diagrs.
1200 852 57 40 28½ᶜᵐ.

266 912 242 39 “Account
540 910 52 40 of
621 912 83 38 the
735 908 335 49 organization
1103 909 52 39 of
1184 918 89 30 our
1304 909 225 39 Barnard
1561 908 179 48 college
1773 907 165 49 spring
1969 905 214 43 festival.

196 968 155 41 Greek
381 966 453 49 games.”—Introd.

265 1024 224 41 Includes
521 1022 167 41 music.

266 1080 347 47 Bibliography
632 1089 9 29 :
676 1089 42 37 p.
750 1077 217 42 153-155.

203 1134 1970 55 © May 14, 1932; 2c. June 20; aff. June 21; A 51863; A. S. Barnes & co.,
270 1198 78 39 inc.
430 1194 281 49 (32-16889)

198 1300 320 64 Olmstead,
547 1298 181 56 Stella
755 1297 234 55 Lovisa.

268 1376 224 65 Fruits;
544 1394 29 33 a
621 1381 157 61 story
826 1373 169 53 about
1041 1373 166 53 small
1254 1378 152 47 town
1451 1370 127 54 mill
1622 1368 219 71 people,
1885 1369 77 70 by
2010 1368 176 56 Stella

197 1454 207 53 Lovisa
438 1452 309 55 Olmstead.
816 1452 232 53 Boston.
1079 1450 238 52 Meador
1347 1448 334 69 publishing
1711 1465 297 51 company,
2040 1449 150 52 1932.

268 1527 87 40 377
386 1537 42 37 p.
488 1525 57 41 20½ᶜᵐ.

207 1579 52 52 ©
282 1584 127 39 June
430 1583 59 39 10,
523 1582 113 40 1932;
687 1581 67 40 2c.
778 1582 125 39 June
926 1582 56 38 17;
1035 1580 80 40 aff.
1142 1580 126 39 June
1291 1580 57 39 16;
1398 1581 42 37 A
1462 1578 145 41 51805;
1658 1580 212 38 Edward
1894 1579 59 38 K.
1980 1579 197 39 Meador,

275 1639 196 40 Boston.
541 1639 253 47 (32-16873)

199 1743 240 64 Perroy,
469 1741 196 65 Louis,
699 1745 171 51 1858-

271 1818 122 52 The
429 1821 188 49 ascent
655 1816 65 54 of
757 1817 267 68 Calvary,
1061 1817 76 68 by
1175 1816 143 53 Père
1356 1815 174 54 Louis
1569 1816 247 69 Perroy;
1859 1814 329 54 authorized
201 1895 341 54 translation
588 1894 153 53 from

784 1894 97 54 the
927 1894 224 53 French
1197 1893 76 70 by
1318 1894 230 52 Marian
1595 1893 276 69 Lindsay,
1918 1893 141 53 with
200 1894 1968 132 introduction
569 1971 76 70 by
686 1972 153 53 Most
886 1972 137 53 Rev.
1069 1971 156 55 John

201 1970 1992 148 J. Glennon … New York, P. J. Kenedy & sons [1922]
273 2123 52 39 xi,
366 2122 86 41 336
478 2133 44 38 p.
581 2122 56 40 19½ᶜᵐ.

211 2176 52 52 ©
287 2181 110 40 Feb.
420 2181 56 39 24,
512 2180 113 40 1932;
679 2180 66 40 2c.
771 2182 113 44 May
909 2181 55 39 13;
1019 2180 81 39 aff.
1127 2182 113 43 May
1263 2181 56 38 17;
1372 2181 41 37 A
1437 2181 144 39 51535;
1636 2182 51 38 P.
1713 2181 44 39 J.
1783 2181 199 46 Kenedy
2009 2181 35 40 &
2070 2190 126 30 sons.

310 2236 256 46 (32-16725)

205 2323 110 54 Phi
342 2324 139 54 beta
507 2324 212 65 kappa.
792 2324 201 53 Rhode
1019 2324 202 54 Island
1248 2323 214 69 Alpha,
1488 2325 216 53 Brown
1728 2325 334 67 university.

273 2402 54 51 A
370 2408 236 60 century
647 2402 63 52 of
752 2402 280 52 scholars:
1076 2402 201 53 Rhode
1321 2402 200 53 Island
1564 2402 196 68 Alpha
1803 2402 63 53 of
1909 2402 112 52 Phi
2064 2401 127 53 beta

202 2476 1967 146 kappa, 1830-1930, edited by William T. Hastings … Providence, R. I., 1932.
275 2627 531 50 5 p. l., 3-227 p. 24ᶜᵐ.
279 2683 104 40 “An
414 2688 204 37 account
653 2686 51 40 of
736 2687 82 39 the
851 2686 313 48 proceedings
1197 2686 50 39 in
1281 2687 295 40 celebration
1612 2687 51 40 of
1694 2687 83 41 the
1812 2688 386 41 one-hundredth

208 2739 320 49 anniversary
562 2741 51 40 of
645 2743 83 39 the
761 2742 241 49 founding
1032 2742 52 41 of
1117 2744 83 39 the
1232 2744 200 47 chapter
1470 2744 56 49 [is
1559 2744 239 40 included,
1843 2745 67 48 (p.
209 2743 1991 95 3-59)]”—Pref.

216 2851 1978 54 © June 14, 1932; 2c. June 18; aff. June 17; A 52655; Phi beta kappa
282 2912 194 46 society.
505 2912 155 47 Alpha
692 2912 53 39 of
772 2912 167 39 Rhode
968 2913 180 39 Island.
1179 2911 307 42 Providence.
1517 2914 55 38 R.
1604 2915 36 38 I.
294 2968 278 46 (32-16847)

211 3057 224 63 Pieper,
469 3056 244 56 Charles
739 3058 174 55 John.

207 3132 1967 129 Everyday problems in biology, by Charles J. Pieper … Wilbur L.
208 3211 1965 143 Beauchamp … and Orlin D. Frank … Chicago, Atlanta [etc.] Scott,
791 3290 979 69 Foresman and company [ ᶜ1 932]
282 3359 172 45 xxxiii,
484 3359 83 40 622
596 3372 43 36 p.
696 3360 128 40 illus.
852 3361 135 47 (part
1015 3360 111 49 col.)
1164 3361 180 49 diagrs.
1402 3363 57 40 20ᶜᵐ.

286 3414 317 42 “References
637 3418 95 38 and
764 3418 143 47 guide
941 3417 79 41 for
1051 3418 274 40 additional
1358 3420 201 48 study”:
1594 3432 44 37 p.
1673 3419 214 42 607-622.

221 3468 52 52 ©
297 3473 127 39 June
447 3475 55 37 14,
543 3472 113 41 1932;
709 3472 67 42 2c.
803 3475 126 39 June
954 3475 57 39 16;
1063 3475 83 39 aff.
1171 3476 129 39 June
1323 3477 56 38 17;
1435 3479 39 37 A
1500 3476 143 41 52607;
1703 3478 146 41 Scott.
1878 3479 263 40 Foresman
2169 3481 34 39 &

287 3539 67 29 co.
424 3530 279 46 (32-16857)

214 3616 207 66 Plooij,
452 3619 225 65 Daniël,
711 3622 171 53 1877-

286 3693 121 52 The
447 3694 247 68 Pilgrim
736 3695 220 54 fathers
1000 3695 154 54 from
1193 3715 32 34 a
1266 3698 195 53 Dutch
1501 3699 166 68 point
1707 3699 65 53 of
1812 3700 161 68 view,
2012 3701 76 69 by
2131 3703 72 52 D.

217 3768 1988 79 Plooij … New York city, The New York university press,
217 3849 151 50 1932.

288 3918 64 45 xi,
386 3919 85 39 154
503 3929 43 38 p.
609 3920 170 48 plates,
812 3922 28 38 2
873 3924 122 45 port.
1024 3922 132 48 (incl.
1191 3923 175 48 front.)
1409 3924 214 42 facsims.
1689 3925 55 41 23½ᶜᵐ.
1910 3927 296 47 (Half-title:

216 3973 164 41 Anson
409 3974 53 41 G.
493 3976 176 48 Phelps
698 3977 294 49 lectureship
1022 3989 60 30 on
1113 3979 136 48 early
1277 3979 255 42 American
1560 3981 203 49 history,
1795 3982 118 41 New
1943 3982 129 41 York
217 3981 1971 98 university)
