2563 4368
1111 4037 67 51 41

225 493 1173 53 [62] p. incl. front. (mounted ports.) 24½ ᶜᵐ .
219 553 210 40 Initials.

220 609 145 41 “This
407 608 183 42 edition
632 609 42 40 is
714 607 189 41 limited
946 613 48 35 to
1035 607 85 40 110
1162 606 263 41 numbered
1467 606 159 48 copies
1667 605 52 40 of
1759 604 158 41 which
1960 604 99 41 this
2099 603 42 43 is

149 678 73 29 no.
256 666 98 42 82.“

218 724 181 37 Poems.

156 776 51 51 ©
246 781 108 38 Dec.
391 779 68 49 20,
497 779 139 46 1931;
674 779 67 39 2c.
780 779 109 39 Jan.
926 779 40 45 7,
1003 777 141 48 1932;
1184 777 81 40 aff.
1304 777 109 40 Jan.
1451 775 53 48 9;
1543 775 41 39 A
1619 774 171 48 46798;
1832 776 52 40 F.
1968 809 8 8 R.
2013 775 132 49 Hall,

221 837 69 40 W.
324 836 272 48 Lafayette,
629 837 105 38 Ind.
805 834 249 49 (32-2047)

149 927 271 66 Hambly,
451 926 237 56 Wilfrid
718 929 221 64 Dyson,
972 932 169 50 1886-

218 1005 161 54 With
428 1024 31 33 a
506 1009 186 48 motor
737 1004 167 53 truck
951 1004 60 52 in
1056 1004 160 54 West
1262 1002 226 69 Africa,
1533 1002 77 69 by
1655 1002 246 55 Wilfrid
1947 1003 201 67 Dyson

148 1082 280 69 Hambly;
472 1083 322 52 illustrated
831 1082 140 52 with
1009 1081 411 69 photographs.
1494 1080 139 53 New
1672 1079 180 69 York,
1886 1080 260 71 London,

148 1158 747 70 The Century co. [ ᶜ193 1]
217 1239 1734 50 3 p. l., v-xvi, 259 p. front., illus. (map) plates. 20 ᶜᵐ . $2.00
220 1299 136 46 Maps
386 1309 60 28 on
475 1298 362 47 lining-papers.

218 1356 39 38 A
293 1355 156 40 travel
484 1356 270 38 adventure
787 1354 123 39 book
944 1353 78 40 for
1057 1354 130 47 boys,
1224 1353 210 47 relating
1469 1354 83 38 the
1586 1351 217 41 author’s
1838 1353 310 47 experiences

152 1412 114 39 with
308 1411 79 39 the
431 1410 132 40 Field
606 1421 216 28 museum
863 1410 50 39 of
953 1410 196 39 natural
1191 1409 188 48 history
1418 1408 279 49 expedition
1738 1413 48 36 to
1827 1410 184 47 Angola
2051 1409 95 39 and

149 1468 195 48 Nigeria
375 1468 48 38 in
453 1466 127 41 1929.
641 1468 61 46 cf.
733 1467 183 39 Introd.

219 1524 162 40 “First
408 1522 259 49 printing.”

154 1577 1582 52 © Jan. 5, 1932; 2c. and aff. Jan. 8; A 45912; Century co.
234 1637 249 49 (32-2034)

143 1742 254 52 Kansas.
470 1740 279 67 Supreme
779 1745 175 46 court.

215 1814 1930 71 Reports of cases argued and determined … Howard F.
145 1894 234 68 McCue,
415 1892 199 55 official
651 1899 272 62 reporter,
999 1913 50 33 v.
1089 1896 118 65 131,
1244 1896 118 66 132,
1397 1896 152 53 June
1588 1897 82 64 14,
1707 1896 134 50 1930
1876 1898 58 49 to
1969 1892 177 71 April

148 1976 82 65 11,
275 1975 149 49 1931.
501 1973 252 67 Topeka,
795 1972 244 52 Printed
1082 1973 74 67 by
1199 1974 228 52 Kansas
1470 1977 146 48 state
1656 1972 266 69 printing
1963 1972 184 69 plant.

145 2054 152 50 1931.

219 2123 274 41 2 v. 23 ᶜᵐ .
154 2176 1291 51 v. 131, © June 11, 1931; 2c. July 7; aff. Jan. 6,
1473 2179 113 42 1932;
1643 2190 41 30 v.
1713 2180 98 47 132,
1843 2176 51 50 ©
1925 2180 127 46 Sept.
2079 2181 70 45 28,

223 2235 1028 48 1931; 2c. Nov. 13; aff. Jan. 6, 1932; A
1274 2236 158 48 45818,
1456 2235 146 41 45819;
1650 2237 217 39 Howard
1886 2236 51 38 F.
1957 2235 193 50 McCue,

227 2295 230 46 reporter,
490 2293 80 39 for
602 2293 82 39 the
714 2292 176 41 benefit
922 2292 53 41 of
1006 2293 83 40 the
1122 2295 129 39 state
1284 2293 52 40 of
1367 2294 210 47 Kansas,
1610 2293 208 48 Topeka,
1852 2293 126 40 Kan.

151 2398 278 66 Keating,
458 2403 139 53 Mrs.
629 2401 129 53 Eva
783 2402 172 52 Pearl
994 2401 319 68 (Murphy)
1351 2404 171 53 1887-

217 2477 55 51 A
320 2478 148 66 good
516 2477 136 51 time
698 2495 151 51 man,
896 2477 75 69 by
1019 2477 70 55 E.
1139 2478 63 54 P.
1254 2477 272 69 Keating.
1611 2477 137 54 New
1799 2477 178 70 York,
2025 2478 121 54 The

147 2553 826 63 Macaulay company [ ᶜ193 2]
217 2635 363 48 253 p. 19½ ᶜᵐ .
159 2689 51 51 ©
242 2693 108 39 Jan.
381 2693 40 47 2,
453 2692 140 48 1932;
625 2694 68 39 2c.
724 2693 109 40 Jan.
865 2693 51 46 6;
951 2692 82 41 aff.
1065 2694 110 39 Jan.
1206 2694 53 47 5;
1291 2694 41 39 A
1360 2694 172 48 46751;
1568 2696 260 47 Macaulay
1860 2706 67 31 co.

235 2749 250 49 (32-1750)

150 2842 216 65 Keene,
401 2843 272 65 Carolyn.

282 2919 1866 74 … The clue in the diary, by Carolyn Keene … illustrated by
154 2997 1852 72 Russell H. Tandy. New York, Grosset & Dunlap [ ᶜ193 2 ]
222 3079 61 48 iv,
313 3079 86 40 202
429 3090 43 37 p.
529 3080 163 47 front.,
723 3081 171 46 plates.
952 3080 145 40 19½ᶜᵐ.
1167 3080 127 48 (Her
1323 3082 167 48 Nancy
1521 3083 145 40 Drew
1696 3086 215 45 mystery
1941 3084 201 47 stories)

160 3132 1990 57 © Jan. 20. 1932; 2c. and aff. Jan. 22; A 47128; Grosset & Dunlap, inc.
236 3193 250 49 (32-2020)

153 3270 236 67 Kohler,
421 3273 365 64 Kaufmann,
822 3278 324 51 1843-1926.

228 3348 247 70 Studies,
510 3351 308 67 addresses,
853 3352 112 51 and
1000 3353 264 66 personal
1300 3371 223 49 papers,
1557 3354 76 68 by
1666 3355 103 52 Dr.
1804 3355 75 52 K.
1915 3354 236 54 Kohler.

159 3428 136 51 New
327 3428 180 67 York,
538 3428 121 53 The
689 3429 239 52 Alumni
961 3429 340 53 association
1332 3430 65 53 of
1427 3432 97 51 the
1554 3432 247 53 Hebrew

1833 3433 178 52 union
159 3433 1970 140 college,
325 3509 149 49 1931.

224 3587 98 46 viii,
354 3587 87 40 600
470 3599 42 37 p.
573 3588 116 41 24ᶜᵐ.

227 3645 128 39 “The
399 3646 173 39 second
616 3647 190 38 volume
848 3646 256 47 published
1150 3648 61 47 by
1257 3647 81 41 the
1383 3649 198 40 Alumni
1626 3650 297 41 association
1969 3651 52 40 of
2067 3651 83 41 the

160 3700 203 40 Hebrew
394 3701 146 39 union
571 3702 179 47 college
779 3702 50 38 in
859 3713 213 37 memory
1103 3705 52 38 of
1185 3705 83 39 the
1298 3705 99 40 late
1428 3706 85 40 Dr.
1545 3707 286 39 Kaufmann
1863 3706 289 40 Kohler.”—

157 3756 124 39 Pref.

227 3812 67 39 “A
323 3813 350 47 supplemental
706 3814 336 49 bibliography
1072 3816 53 40 of
1154 3817 82 38 Dr.
1267 3817 286 41 Kaufmann
1583 3818 211 41 Kohler”:
1855 3828 45 39 p.
1932 3818 217 41 565-577.

160 3863 1505 55 © Sept. 22, 1931; 2c. Jan. 7, 1932; aff. Dec. 31; A 46802;
1719 3876 198 40 Alumni
227 3874 1903 91 association
354 3926 51 38 of
429 3926 80 40 the
535 3927 206 40 Hebrew
767 3928 148 40 union
941 3930 191 48 college,
1160 3930 290 42 Cincinnati.

1521 3932 250 51 (32-1759)
