2563 4368
1132 4147 132 49 1855

190 535 278 54 National
500 534 346 54 conference
876 548 71 36 on
978 527 441 56 nomenclature
1448 526 62 53 of
1542 524 247 54 disease.

260 615 55 51 A
346 610 278 56 standard
657 607 278 55 classified
969 606 421 54 nomenclature
1422 604 65 52 of
1521 602 232 67 disease,
1787 598 281 71 compiled
2100 597 75 71 by

191 691 95 52 the
312 690 273 53 National
613 687 329 54 conference
970 704 72 34 on
1071 682 421 55 nomenclature
1520 681 63 54 of
1610 681 243 65 disease;
1884 678 190 54 edited
2101 676 76 69 by

190 755 1964 143 Η. B. Logie … Preliminary printing. New York, The Commonwealth fund. 1932.
261 919 99 42 viii,
390 919 85 40 653
503 928 43 39 p.
604 917 144 41 20½ᶜᵐ.

196 977 52 53 ©
284 982 114 47 Apr.
434 980 68 47 15,
539 977 113 43 1932;
716 977 68 41 2c.
822 978 113 47 Apr.
972 973 83 51 25;
1095 975 81 40 aff.
1214 976 112 47 Apr.
1362 974 83 47 22;
1486 974 40 39 A
1563 971 169 46 50993;
1774 968 410 43 Commonwealth

264 1037 135 40 fund.

194 1136 265 69 O’Brien,
488 1137 241 66 Isidore,
757 1136 212 69 father,
999 1138 171 50 1895-

264 1216 180 53 Enter
478 1212 166 57 Saint
677 1212 296 70 Anthony,
1004 1210 76 70 by
1113 1210 216 53 Father
1361 1208 224 55 Isidore
1616 1206 270 68 O’Brien,
1956 1250 10 9 O.
2038 1248 11 13 F.
2141 1223 41 51 M.;

195 1293 378 53 illustrations
608 1291 76 70 by
722 1288 61 57 C.
821 1290 280 53 Bosseron
1141 1287 327 56 Chambers.
1540 1287 296 66 Paterson,
1876 1285 70 53 N.
1986 1284 75 68 J.,
2100 1283 84 56 St.

194 1370 277 69 Anthony
503 1369 162 70 guild
698 1385 175 52 press,
904 1366 346 55 Franciscan
1281 1369 343 65 monastery,
1659 1365 151 52 1932.

298 1436 975 57 x p., 2 l., 174 p. front., plates. 22ᶜᵐ.
200 1502 53 53 ©
283 1508 118 40 Nov.
432 1509 42 45 1,
504 1504 142 48 1932;
678 1506 68 40 2c.
778 1506 98 39 and
906 1503 83 42 aff.
1020 1502 119 43 Nov.
1170 1503 82 46 15;
1286 1502 42 39 A
1358 1500 172 49 55956;
1567 1500 141 41 Saint
1739 1496 267 51 Anthony’s
2040 1496 148 51 guild,

269 1565 249 45 Paterson,
547 1562 55 40 N.
634 1563 42 38 J.
748 1560 278 49 (32-35343)

200 1667 272 64 Orowitz,
505 1667 90 52 Eli
625 1667 79 53 M.

266 1743 176 53 What
480 1743 47 53 is
565 1761 197 51 wrong
797 1741 139 54 with
973 1740 354 55 commercial
1360 1738 437 71 broadcasting?
1873 1739 91 69 By
2001 1739 68 52 E.
2105 1738 79 53 M.

200 1816 1988 73 Orowitz … [New York, Printed by Servart corporation,
255 1903 101 51 ᶜ1 932]
267 1974 58 40 32
350 1984 43 37 p.
450 1974 116 39 17ᶜᵐ.

269 2029 129 41 Title
422 2030 127 39 from
579 2037 120 41 page
725 2029 39 40 2.

204 2081 52 52 ©
285 2086 112 47 May
424 2085 69 47 20,
520 2083 113 43 1932;
688 2086 68 39 2c.
784 2087 95 38 and
907 2084 80 40 aff.
1017 2084 126 40 June
1170 2084 52 46 2;
1252 2084 43 38 A
1320 2083 170 46 51592;
1523 2083 132 40 EMO
1683 2093 82 36 co.,
1795 2082 116 39 New
1940 2081 142 41 York.

201 2201 240 64 Parker,
471 2202 138 52 Mrs.
642 2201 268 55 Cornelia
947 2200 336 65 (Stratton)
1322 2205 169 50 1885-

272 2272 1918 74 German summer [by] Cornelia Stratton Parker … New
205 2351 895 73 York, Liveright, inc. [ ᶜ1 932 ]
271 2424 86 42 336
386 2436 44 38 p.
488 2425 170 49 plates.
718 2425 145 41 22½ᶜᵐ.

272 2482 73 40 An
375 2485 204 38 account
605 2482 52 40 of
683 2493 29 29 a
740 2492 213 30 summer
981 2485 140 45 spent
1149 2483 60 46 by
1238 2482 82 40 the
1347 2482 179 41 author
1555 2483 94 39 and
1678 2483 87 39 her
1795 2481 240 48 daughter
202 2485 1974 101 touring
311 2538 243 47 Germany
581 2538 96 41 and
707 2538 199 40 Austria
937 2539 61 47 by
1026 2539 155 40 water
1208 2538 50 39 in
1287 2549 27 29 a
1346 2537 226 42 faltboat.

208 2593 52 53 ©
284 2599 116 39 Nov.
423 2598 70 47 30,
516 2595 113 43 1932;
681 2598 67 40 2c.
772 2597 111 41 Dec.
907 2598 52 46 8;
985 2595 80 42 aff.
1091 2597 111 40 Dec.
1226 2598 53 45 7;
1306 2598 39 37 A
1370 2596 169 46 57371;
1568 2596 48 41 C.
1643 2596 45 41 S.
1712 2596 199 48 Parker,
276 2596 1902 107 Williamstown,

449 2655 145 39 Mass.
666 2653 278 50 (32-35487)

204 2754 292 66 Pinloche,
527 2756 290 64 Auguste,
852 2760 169 50 1856-

271 2833 275 53 Deutsch-
553 2832 410 55 französisches
1003 2833 383 69 Wörterbuch;
1428 2833 333 54 enthaltend
1800 2831 257 70 zugleich
2097 2831 99 54 für

203 2911 161 53 beide
395 2910 275 69 sprachen
706 2911 91 53 die
832 2912 216 68 angabe
1082 2912 101 52 der
1217 2911 342 69 aussprache
1591 2912 117 52 und
1743 2912 100 52 der
1878 2908 316 72 betonung;

204 2990 100 52 das
336 2988 318 70 geschlecht
686 2990 118 52 und
836 2990 94 52 die
960 2988 354 55 deklination
1348 2991 100 52 der
1480 2990 419 70 hauptwörter;
1936 2989 91 55 die
203 2987 1969 148 konjugation

514 3067 100 53 der
662 3067 346 68 Zeitwörter;
1060 3068 160 53 einen
1270 3068 179 54 abriss
1499 3069 100 53 der
1647 3068 375 69 grammatik;
2075 3068 121 52 eine

205 3145 321 69 Sammlung
554 3163 110 36 von
695 3149 201 65 gesprä
904 3146 139 53 dien
1074 3146 137 53 über
1243 3145 328 71 alltägliche
1602 3145 397 71 gegenstände.
2068 3144 125 55 Von

206 3218 1518 76 prof. dr. A. Pinloche … Paris, Larousse [ ᶜ1 931]
272 3294 441 44 2 v. in l. 13 ½ᶜᵐ .
275 3352 161 48 Paged
464 3351 354 51 continuously.

319 3405 1322 53 Vol. [2] has title: Dictionnaire fran ç ais-allemand …
212 3455 1985 61 © Nov. 1, 1931; 1c. Mar. 7. 1932; A —Foreign 16006; Librairie Larousse.
289 3519 219 47 (33-600)

206 3620 154 65 Reti,
387 3619 275 69 Richard,
694 3626 321 51 1889-1929.

275 3698 243 53 Masters
564 3699 65 52 of
675 3701 94 51 the
815 3701 330 54 chessboard
1192 3702 138 66 (Die
1376 3703 227 53 meister
1649 3705 96 51 des
1774 3702 412 68 Schachbretts)

206 3773 74 68 by
334 3774 254 54 Richard
641 3775 149 69 Reti,
841 3777 316 55 translated
1211 3778 151 53 from
1415 3778 96 54 the
1562 3777 250 56 German
1862 3778 76 70 by
1991 3779 79 54 M.
2124 3779 71 53 A.

207 3844 1990 156 Schwendemann, with an introduction by Horace Ransom Bigelow … New York, Whittlesey house, McGraw-Hill book
206 4022 296 49 company,
530 4004 126 70 inc.,
686 4009 149 50 1932.

277 4076 105 51 xiii,
412 4077 88 42 436
528 4088 43 39 p.
630 4077 130 43 illus.
816 4078 146 42 23½ᶜᵐ.
