2563 4368
1302 4076 133 51 1698

686 534 171 41 CONTENTS.—The
895 533 494 40 roadmender.—The
1424 533 259 48 gathering
1715 532 52 41 of
1802 533 210 39 Brother
2046 533 237 41 Hilarius.
2285 556 59 7 —

347 590 101 40 The
479 600 116 38 grey
627 589 436 42 brethren.—Four
1095 589 176 41 stories
1304 590 100 40 told
1438 593 49 37 to
1521 588 541 49 children.—Toutseul,
2097 600 62 29 an
348 590 1975 97 unfinished

516 648 133 46 story;
711 646 96 40 and
837 647 185 40 letters.

354 716 50 51 ©
430 721 116 38 Nov.
573 721 39 45 1,
638 719 111 39 1932;
803 719 67 40 2c.
894 720 118 38 Nov.
1036 720 26 38 3;
1117 719 82 40 aff.
1225 719 114 37 Nov.
1367 720 26 35 4;
1448 718 39 37 A
1514 717 142 39 55975;
1713 719 51 36 E.
1792 718 49 38 P.
1869 717 186 39 Dutton
2081 717 36 39 &
2143 728 81 35 co.,
2252 716 91 41 inc.

431 775 279 48 (32-32271)

351 877 238 64 Batten,
618 878 206 63 Henry
852 877 228 63 Albert,
1113 878 169 53 1897-

421 953 122 53 The
589 953 228 53 written
864 953 187 67 word;
1102 971 31 34 a
1181 953 171 68 study
1399 951 64 53 of
1510 953 95 52 the
1652 956 90 48 art
1791 950 64 54 of
1903 951 253 70 writing,
2205 951 141 54 with

353 1031 241 69 especial
639 1030 285 54 reference
971 1036 57 49 to
1075 1030 73 54 its
1194 1028 263 55 function
1505 1029 59 53 in
1612 1028 372 70 advertising,
2028 1029 75 69 by
2149 1029 77 53 H.
2274 1029 72 54 A.

354 1110 228 65 Batten,
608 1109 230 53 Marcus
864 1108 290 55 Goodrich
1180 1108 111 53 and
1320 1106 299 56 Granville
1646 1107 289 68 Toogood.
1999 1107 138 53 New
2167 1106 181 69 York,

354 1186 554 69 Greenberg [ ᶜ1 932]
458 1257 1049 53 v, 163, [3] p. incl. illus.. facsims. 23½ ᶜᵐ .
360 1326 52 52 ©
448 1331 125 47 Sept.
608 1331 68 42 29,
711 1329 138 43 1932;
886 1331 65 40 2c.
987 1332 95 38 and
1116 1330 80 40 aff.
1231 1332 101 38 Oct.
1366 1329 54 40 27;
1483 1330 39 38 A
1558 1330 169 46 55677;
1766 1329 275 46 Greenberg
2073 1329 150 48 pubr.,
2259 1330 89 39 inc.

437 1387 279 48 (32-32246)

357 1490 245 65 Beaton,
633 1489 282 56 Welford.

429 1567 187 52 Know
649 1584 143 49 your
825 1567 229 65 movies,
1089 1566 94 54 the
1216 1567 202 65 theory
1452 1567 113 52 and
1600 1567 249 66 practice
1883 1566 63 53 of
1980 1566 217 53 motion
360 1565 1964 132 picture

510 1643 360 69 production,
894 1645 75 65 by
992 1643 266 54 Welford
1283 1645 250 64 Beaton;
1561 1643 139 53 with
1726 1662 31 34 a
1784 1643 284 53 foreword
2094 1644 76 64 by
2194 1641 153 57 Cecil

362 1719 1593 68 B. De Mille … Hollywood, Calif., H. Hill, 1932.
435 1793 332 50 192 p. 20 ᶜᵐ .
365 1860 51 52 ©
456 1865 102 40 Oct.
596 1865 25 40 3,
677 1863 138 47 1932;
857 1865 67 39 2c.
965 1864 99 39 Oct.
1106 1863 80 43 19;
1228 1862 80 41 aff.
1350 1863 99 40 Oct.
1490 1864 82 46 31;
1616 1864 37 38 A
1695 1864 168 41 56877;
1907 1864 69 39 W.
2020 1864 198 47 Beaton,
2260 1865 92 40 Los

432 1922 218 46 Angeles.
721 1920 278 47 (32-32302)

362 2022 313 65 Bellinger,
710 2023 210 55 Alfred
955 2024 326 63 Raymond.

433 2101 121 52 The
585 2098 156 53 third
775 2099 110 52 and
918 2099 197 52 fourth
1150 2099 158 53 Dura
1340 2099 226 67 hoards,
1597 2099 73 68 by
1705 2098 208 52 Alfred
1947 2099 67 52 R.
2048 2098 305 68 Bellinger.

365 2176 136 53 New
534 2176 177 59 York.
741 2176 120 51 The
891 2175 302 51 American
1227 2173 358 55 numismatic
1616 2176 225 66 society,
1876 2178 148 48 1932.

433 2245 1919 51 2 p. l., 85 p. XX pl. on 10 1. 17ᶜᵐ. (Half-title: Numismatic notes and
364 2303 322 48 monographs.
764 2314 87 38 [no.
882 2302 98 50 55])

369 2372 52 52 ©
456 2377 119 45 Aug.
611 2377 38 46 8,
686 2376 138 47 1932;
861 2375 67 41 2c.
964 2377 95 39 and
1095 2376 80 38 aff.
1213 2376 102 40 Oct.
1352 2376 25 39 8;
1442 2377 37 37 A
1515 2376 169 46 55477;
1723 2376 144 39 Amer.
1917 2374 309 43 numismatic
2264 2386 92 30 soc.

447 2432 278 49 (32-32396)

368 2533 209 64 Belloc,
603 2535 244 65 Hilaire,
881 2536 170 54 1870-

439 2612 120 53 The
584 2613 256 67 question
869 2613 112 51 and
1007 2613 95 51 the
1129 2630 234 49 answer,
1387 2612 75 68 by
1488 2612 230 53 Hilaire
1743 2613 209 52 Belloc.
2015 2612 137 53 New
2182 2610 179 68 York,

370 2689 1765 67 Milwaukee [etc.] The Bruce publishing company [ ᶜ1 932]
439 2761 1804 51 xvii, 110 p. diagr. 22 ᶜᵐ . (Half-title: Science and culture series)
443 2821 150 39 “How
622 2820 95 39 and
745 2819 109 48 why
883 2830 27 29 a
941 2819 220 41 Catholic
1190 2819 207 41 believes
1427 2820 131 40 what
1587 2820 60 40 he
1677 2818 448 42 does.”—Author’s
2155 2820 123 47 pref.

440 2876 347 48 Bibliography
806 2888 8 28 :
847 2887 42 37 p.
921 2875 216 40 105-110.

374 2941 52 52 ©
469 2945 101 40 Oct.
610 2946 68 41 15,
719 2944 139 48 1932;
900 2945 64 40 2c.
1007 2946 94 39 and
1142 2945 80 41 aff.
1266 2945 98 40 Oct.
1408 2944 82 48 21;
1533 2947 40 38 A
1614 2945 169 47 56622;
1828 2947 57 39 H.
1930 2947 174 45 Belloc,
2150 2945 208 47 Shipley,

442 3001 259 47 Horsham,
733 3001 191 46 Sussex,
955 3002 233 47 England.
1260 3001 278 48 (32-32279)

371 3102 274 65 Berman,
678 3103 196 64 Louis,
910 3108 171 50 1893-

441 3178 1918 68 Food and character, by Louis Berman … Boston and New
376 3255 176 67 York,
581 3255 314 68 Houghton
923 3254 202 55 Mifflin
1156 3274 293 50 company,
1482 3258 149 51 1932.

442 3325 720 49 xxvi p., 1 l., 368 p. 21½ ᶜᵐ .
378 3388 52 51 ©
463 3392 117 40 Nov.
614 3391 39 49 9,
688 3391 111 41 1932;
863 3393 65 40 2c.
964 3393 115 39 Nov.
1117 3394 79 45 12;
1234 3393 79 41 aff.
1349 3394 118 40 Nov.
1502 3394 81 46 11;
1621 3394 39 38 A
1695 3392 168 48 56987;
1901 3393 50 41 L.
1987 3395 222 45 Berman,
2245 3393 116 41 New

445 3448 142 40 York.
658 3448 277 47 (32-32259)

377 3548 383 68 Boleslavski,
790 3549 275 66 Richard,
1097 3555 169 51 1889-

445 3626 212 52 Lances
685 3626 164 52 down;
903 3626 246 54 between
1176 3627 94 53 the
1298 3626 125 54 fires
1449 3627 59 51 in
1537 3628 259 67 Moscow,
1823 3628 34 51 by
1924 3625 250 53 Richard

377 3626 1963 130 Boleslavski in collaboration with Helen Woodward …
378 3701 1961 147 Indianapolis, The Bobbs-Merrill company [ ᶜ1 932]
448 3848 642 49 5 p. l., 13-333 p. 22½ ᶜᵐ .
382 3910 52 52 ©
470 3915 116 40 Nov.
624 3916 69 47 11,
728 3916 112 40 1932;
905 3915 67 41 2c.
1009 3916 95 39 and
1142 3915 80 40 aff.
1259 3916 116 40 Nov.
1415 3917 54 39 14;
1535 3917 42 39 A
1612 3916 143 42 56993;
1822 3917 53 39 R.
1916 3914 316 49 Boleslavski,
2271 3915 90 40 Los

450 3971 217 48 Angeles,
698 3972 95 39 and
822 3972 151 39 Helen
1005 3971 301 48 Woodward,
1336 3973 116 38 New
1483 3973 143 40 York.
1696 3972 278 48 (32-32394)
