2563 4368
1204 4051 28 47 5

201 430 315 62 Desmond,
548 430 194 54 Shaw.

273 510 121 52 The
417 507 124 67 epic
563 508 64 54 of
649 508 96 53 the
767 509 246 50 he-man.
1086 506 57 51 A
1166 506 150 52 little
1338 505 85 53 bit
1445 506 64 52 of
1530 506 215 52 heaven
1769 505 60 52 in
1854 524 31 33 a
1909 504 292 67 hell-ship.

371 574 852 53 (In London People, Nov. 8, 1931)
213 631 1992 54 © 1c. Jan. 4, 1932; A ad int. 15932; pubd. Nov. 7, 1931; S. Desmond,
280 693 356 47 Twickenham,
668 691 284 47 Middlesex,
983 691 236 48 England.

272 797 121 52 The
421 795 185 67 tragic
635 812 261 35 romance
924 796 64 52 of
1017 815 31 34 a
1080 794 301 55 Salvation
1411 811 162 48 army
1602 793 166 54 lassie
1796 793 226 53 became
2051 811 31 34 a
2111 810 91 35 sea

202 877 125 51 love
351 879 173 61 story.

370 941 888 52 (In London People, Nov. 15, 1931)
213 997 1995 54 © 1c. Jan. 9, 1932; A ad int. 15959; pubd. Nov. 14, 1931; S. Desmond,
280 1059 356 47 Twickenham,
669 1058 283 48 Middlesex,
983 1058 237 47 England.

208 1154 317 64 Dorrance,
555 1153 205 54 James
788 1152 249 63 French,
1071 1155 172 52 1879-

273 1225 1933 71 Fighting hearts, by James French Dorrance … New York,
203 1306 986 69 The Macaulay company [ ᶜ19 32 ]
274 1384 895 53 3 p. l., v-vi p., 1 l., 11-317 p. 19½ᶜᵐ.
213 1442 51 52 ©
295 1447 108 39 Jan.
433 1444 39 49 2,
502 1443 140 48 1932;
672 1443 68 43 2c.
769 1444 110 40 Jan.
907 1443 52 47 6;
992 1442 81 41 aff.
1105 1443 109 39 Jan.
1245 1442 51 47 5;
1329 1442 41 39 A
1397 1442 173 47 46753;
1603 1443 259 47 Macaulay
1893 1452 67 31 co.

292 1502 221 49 (32-659)

208 1582 329 65 Eberhard,
569 1581 318 54 Frederick
920 1581 247 64 George.

275 1654 1934 72 Super-gangster, by Frederick G. Eberhard … New York,
203 1734 122 54 The
351 1734 303 70 Macaulay
686 1751 278 51 company
1107 1736 84 65 [ᶜ1932]

276 1814 708 53 vi p., 1 l., 9-254 p. 19½ᶜᵐ.
215 1871 52 52 ©
297 1876 109 39 Jan.
434 1875 40 48 2,
503 1873 142 47 1932;
675 1873 67 41 2c.
773 1874 108 39 Jan.
912 1873 52 47 6;
996 1871 82 41 aff.
1108 1872 111 41 Jan.
1249 1871 52 47 5;
1333 1872 41 39 A
1400 1872 172 47 46756;
1606 1873 259 47 Macaulay
1895 1882 65 31 co.

293 1932 222 49 (32-654)

205 2021 319 65 Edginton,
552 2021 185 53 Helen
768 2019 250 55 Marion.

273 2099 251 68 Enemy!
604 2100 91 66 By
735 2100 142 65 May
919 2097 314 68 Edginton.
1314 2097 362 66 [Instalment
1718 2103 46 48 3.
1842 2098 360 66 Conclusion]

374 2167 1097 52 (In Modern woman magazine, Dec., 1931)
215 2225 1998 51 © 1c. Jan. 9, 1932; A ad int. 15952; pubd. Nov. 13, 1931; Helen Marion
285 2285 244 48 Edginton
558 2284 157 48 Baily,
744 2284 212 40 London.

212 2364 333 66 Euripides.

280 2444 156 52 Four
478 2443 164 67 plays
683 2441 66 54 of
791 2441 311 68 Euripides;
1173 2441 264 67 Alcestis,
1477 2441 221 66 Medea,
1738 2441 380 70 Hippolytus,
2157 2444 52 50 &

211 2517 339 71 Iphigeneia
576 2535 208 55 among
811 2520 96 52 the
933 2517 300 70 Taurians,
1260 2519 316 53 translated
1608 2519 137 53 with
1777 2519 436 68 interpretative

210 2615 186 50 essays
431 2599 113 51 and
574 2602 159 48 notes
762 2598 77 68 by
869 2598 297 67 Augustus
1198 2597 186 53 Taber
1415 2598 258 68 Murray.
1751 2597 282 55 Stanford

211 2597 1974 147 University,
471 2674 195 72 Calif.,
693 2673 282 59 Stanford
1000 2673 319 70 university
1346 2693 186 49 press;
1560 2675 258 67 London,
1843 2677 77 53 H.
1946 2675 266 67 Milford,

212 2752 991 69 Oxford university press [ ᶜ19 31]
320 2867 9 16 x,
357 2834 100 49 479,
490 2834 55 50 [1]
575 2845 43 38 p.
677 2833 117 42 20ᶜᵐ.

286 2892 180 47 “Helps
492 2895 49 37 to
567 2892 81 40 the
674 2891 145 47 study
847 2891 51 40 of
923 2890 289 49 Euripides”;
1271 2902 42 37 p.
1339 2891 216 41 477-479.

220 2946 51 52 ©
311 2951 112 40 Dec.
462 2950 69 48 14,
569 2948 140 48 1931;
750 2948 67 41 2c.
857 2949 111 41 Dec.
1008 2949 83 47 24;
1133 2948 82 41 aff.
1255 2950 110 41 Jan.
1403 2949 39 46 2,
1485 2948 140 48 1932;
1667 2950 41 38 A
1746 2950 172 46 46676;
1961 2951 163 39 Board
2165 2950 51 40 of

288 3009 211 38 trustees
533 3007 53 39 of
617 3007 83 39 the
733 3006 183 40 Leland
952 3004 235 42 Stanford
1221 3006 168 48 junior
1422 3006 285 48 university,
1747 3007 234 40 Stanford
287 3006 1913 106 University,
429 3063 143 41 Calif.
644 3062 221 49 (32-996)

217 3144 218 64 Evans,
465 3144 224 55 Bessie.

284 3220 306 53 American
615 3219 214 54 Indian
854 3220 177 53 dance
1055 3225 170 63 steps,
1245 3219 76 69 by
1361 3220 192 53 Bessie
1593 3220 194 53 Evans
1827 3221 114 53 and
1980 3221 139 70 May
2145 3220 71 56 G.

217 3297 1999 69 Evans … introduction by Frederick Webb Hodge; illustrated
217 3374 60 52 in
308 3375 152 52 color
491 3374 77 69 by
598 3375 245 68 Poyege,
876 3373 118 56 San
1025 3373 299 54 Ildefonso
1357 3374 231 53 Indian.
1659 3375 140 53 New
1834 3375 180 68 York,
2049 3377 70 52 A.
2158 3375 55 55 S.

216 3452 218 53 Barnes
462 3452 114 53 and
603 3470 299 51 company,
931 3452 419 68 incorporated,
1383 3455 150 50 1931.

285 3531 1929 51 xviii p., 2 l., 3-104 p. col. front., illus. (incl. music) col. plates.
216 3587 115 43 29ᶜᵐ.

291 3643 306 42 “Concerned
619 3644 173 49 chiefly
813 3644 120 42 with
955 3646 234 40 elements
1213 3646 54 41 of
1287 3647 83 40 the
1395 3648 81 40 art
1499 3645 232 42 observed
1754 3646 50 40 in
1828 3647 187 40 certain
2039 3646 180 42 Pueblo

218 3700 151 40 tribes
412 3701 52 39 of
505 3701 118 40 New
665 3700 188 41 Mexico
868 3724 59 5 —
943 3702 262 47 especially
1248 3703 137 40 those
1431 3702 53 40 of
1528 3702 98 40 San
1672 3701 263 47 Ildefonso,
1981 3704 235 46 Tesuque,

222 3754 149 42 Santa
401 3756 159 47 Clara,
589 3756 202 46 Cochiti,
820 3758 97 40 and
947 3756 149 42 Santo
1125 3758 619 47 Domingo.”—Foreword.

293 3812 396 49 “Transcription
711 3815 97 39 and
832 3813 218 48 analysis
1074 3815 54 39 of
1150 3816 131 46 steps
1307 3815 97 40 and
1431 3816 177 39 dances
1634 3825 82 31 are
1743 3815 63 47 by
1831 3814 167 41 Bessie
2025 3814 164 41 Evans;

221 3868 294 48 description
545 3871 96 39 and
670 3872 330 45 commentary
1030 3881 83 30 are
1147 3870 62 48 by
1239 3870 115 48 May
1386 3870 52 42 G.
1473 3870 544 42 Evans.”—Foreword.

228 3921 1989 55 © Dec. 21, 1931; 2c. Dec. 23; aff. Dec. 28; A 46674; A. S. Barnes & co.,
295 3981 91 41 inc.
456 3982 220 50 (32-960)
