2563 4368
1191 4034 99 58 783

208 491 1983 85 February, 1932, annotated … with table of statutes construed.
209 587 83 55 St.
321 586 165 68 Paul,
512 587 160 54 West
698 581 333 72 publishing
1058 598 97 50 co.,
1184 581 148 53 1932.

281 657 568 51 Various pagings. 26 ᶜᵐ.
218 713 51 48 ©
300 718 112 43 May
441 715 68 46 19,
539 715 112 40 1932;
709 714 65 40 2c.
805 714 127 38 June
958 712 53 37 11;
1072 709 81 41 aff.
1184 709 124 39 June
1338 709 54 38 13;
1452 708 41 37 A
1520 705 142 40 52512;
1722 703 134 41 West
1886 702 108 48 pub.
2025 712 68 31 co.

214 833 276 66 Stewart,
520 833 183 54 Oscar
730 830 226 65 Milton,
987 832 171 52 1869-

213 896 1966 144 Physics for secondary schools, by Oscar M. Stewart … Burton L.
461 973 1744 81 Cushing … and Judson R. Towne … Boston, New
213 1060 1198 72 York [etc.] Ginn and company [ ᶜ19 32 ]
283 1131 1023 56 viii, 736 p. illus., col. pl., diagrs. 20½ᶜᵐ.
222 1192 52 51 ©
311 1196 114 47 Apr.
463 1195 69 46 13,
569 1193 141 46 1932;
748 1192 68 42 2c.
852 1192 114 47 Apr.
1004 1189 84 47 29;
1127 1189 83 40 aff.
1247 1189 116 46 May
1399 1185 55 50 9;
1493 1187 42 38 A
1572 1185 169 46 51338;
1784 1184 53 40 O.
1877 1184 64 38 M.
1982 1181 225 49 Stewart,

291 1250 263 49 Columbia,
586 1252 90 38 Mo.
707 1250 95 39 and
832 1250 187 38 Burton
1048 1247 51 40 L.
1129 1245 226 47 Cushing,
1387 1243 265 47 Rockland,
1684 1241 144 41 Mass.

302 1307 277 50 (32-13902)

220 1412 377 66 Sutherland,
624 1411 167 65 Joan,
821 1414 171 51 1890-

290 1487 197 70 Cheat,
516 1487 76 68 by
618 1486 152 54 Joan
800 1482 364 57 Sutherland.
1229 1479 238 55 London
1502 1484 141 65 [etc.]
1679 1476 214 57 Cassell
1926 1475 112 54 and

218 1493 1971 141 company,
418 1563 221 56 limited
674 1565 172 67 [1932]

288 1633 665 52 3 p. l., 343, [1] p. 19½ᶜᵐ.
228 1683 1986 61 © 1c. May 11, 1932; A ad int. 16433; pubd. Apr. 21; Joan Maisie Kelly,
295 1752 253 47 Kingston,
580 1761 72 28 nr.
685 1750 176 49 Lewes,
896 1748 236 47 England.
1202 1743 278 51 (32-13944)

222 1857 70 54 U.
324 1858 56 53 S.
454 1856 184 64 Laws,
668 1858 257 63 statutes,
956 1858 99 48 etc.

293 1931 217 56 United
566 1930 188 56 States
809 1930 153 55 Code
1017 1928 323 55 annotated.
1416 1926 191 70 April,
1664 1927 152 67 1932,
1870 1922 346 55 cumulative

224 2010 314 69 pamphlet,
569 2008 334 70 containing
933 2014 117 47 acts
1081 2008 63 54 of
1177 2027 31 33 a
1240 2007 230 68 general
1502 2005 113 53 and
1645 2006 339 67 permanent
2010 2005 206 50 nature

225 2090 63 52 of
320 2090 96 51 the
450 2088 107 54 72d
590 2104 278 52 congress,
901 2085 124 54 first
1059 2086 210 54 session
1303 2090 59 49 to
1396 2085 203 54 March
1633 2087 85 64 28,
1755 2085 151 65 1932,
1940 2081 142 53 with

226 2099 1965 121 annotations
542 2165 334 69 construing
905 2167 96 51 the
1031 2165 139 53 laws
1200 2164 114 52 and
1344 2163 141 53 with
1515 2161 347 58 cumulative
1889 2161 182 53 tables
2103 2160 113 54 and

227 2237 1989 76 index … St. Paul, West publishing co.; Northport, Edward
226 2322 666 68 Thompson co. [ ᶜ1 932 ]
300 2395 272 48 312 p. 23 ᶜᵐ.
236 2448 51 52 ©
317 2454 114 46 May
455 2453 69 40 11.
553 2450 140 47 1932;
721 2450 67 42 2c.
817 2451 126 40 June
970 2452 82 46 11;
1084 2449 82 43 aff.
1196 2451 124 39 June
1349 2451 80 47 13;
1462 2451 40 38 A
1530 2450 170 46 52528;
1730 2449 135 42 West
1892 2449 108 47 pub.
2029 2458 69 32 co.
2128 2449 94 39 and

304 2508 211 42 Edward
543 2508 275 48 Thompson
847 2520 65 28 co.

234 2596 316 56 Universal
590 2599 165 52 home
801 2597 113 53 and
958 2596 191 55 school
1193 2594 323 72 dictionary
1560 2595 64 54 of
1667 2597 97 53 the
1807 2595 249 70 English

296 2595 1925 151 language, self-pronouncing … edited by W. J. Pelo … with an
300 2753 290 68 appendix
631 2751 301 70 including
975 2751 228 70 foreign
1248 2753 185 54 words
1478 2753 112 53 and
1634 2752 251 68 phrases,
298 2750 1901 148 abbreviations,

507 2830 180 53 forms
733 2830 63 53 of
841 2829 248 68 address,
1131 2835 103 48 etc.
1314 2830 427 69 Philadelphia,
1786 2829 271 67 Chicago,
2102 2829 120 52 The

299 2907 155 53 John
483 2908 63 55 C.
575 2907 266 56 Winston
869 2925 296 50 company,
1195 2911 151 50 1932.

302 2979 480 51 3 p. l., 440 p. 18 ᶜᵐ.
306 3030 1921 59 Lettered on cover: Based upon the foundation laid by Noah Webster.
244 3090 51 52 ©
335 3095 111 41 Dec.
484 3093 69 48 22,
591 3092 140 47 1931;
772 3092 67 42 2c.
879 3094 114 46 May
1031 3094 69 46 17,
1140 3092 139 48 1932;
1322 3094 80 39 aff.
1444 3093 112 50 May
1597 3095 80 46 14;
1720 3095 41 37 A
1800 3093 169 47 51354;
2013 3092 127 41 John
2181 3094 34 40 C.

312 3150 222 41 Winston
565 3162 67 28 co.
711 3145 56 53 [©
797 3149 240 41 revisions
1066 3151 97 40 and
1193 3149 262 51 additions]
1526 3149 280 51 (32-13829)

242 3232 212 55 Useful
488 3232 303 69 operating
825 3230 531 58 innovations—for
1388 3233 169 70 mine,
1592 3233 126 54 mill
1753 3234 113 54 and
1901 3232 255 69 smelter;
2196 3250 31 35 a

305 3309 146 54 book
478 3312 127 52 that
635 3328 169 50 every
833 3330 133 34 man
996 3312 308 54 concerned
1333 3312 140 53 with
1503 3312 168 65 mine,
1701 3310 126 55 mill
1859 3312 113 52 and
2002 3312 226 52 smelter

306 3388 295 67 operation
635 3388 119 53 will
789 3390 261 52 welcome
1084 3388 93 53 for
1209 3388 92 54 it’s
1335 3389 248 68 original
1617 3390 112 52 and
1762 3389 277 68 practical
2072 3388 155 54 ideas

309 3483 72 34 on
425 3466 95 53 the
567 3465 284 67 problems
895 3472 114 47 met
1053 3467 59 51 in
1160 3466 224 68 mining
1429 3467 113 53 and
1587 3467 316 68 preparing
1947 3485 122 35 ores
2116 3466 113 53 and

306 3540 284 55 minerals.
662 3542 141 54 New
841 3543 178 67 York,
1055 3543 70 54 N.
1165 3543 90 67 Y.,
1291 3542 428 56 McGraw-Hill
1759 3544 335 68 publishing
2132 3562 97 48 co.,

305 3617 330 69 inc., ᶜ19 30.
314 3687 795 55 188, [4] p. illus., diagrs. 21 ᶜᵐ.
316 3743 159 43 Blank
498 3756 147 39 pages
670 3747 79 40 for
776 3745 370 46 “Memoranda”
1184 3748 82 50 ([4]
1295 3751 54 38 at
1373 3749 116 49 end)

316 3801 101 42 The
451 3802 122 42 book
608 3803 208 42 consists
850 3805 54 39 of
937 3815 29 29 a
1002 3806 384 47 representative
1421 3816 154 40 group
1609 3807 54 39 of
1695 3805 199 43 articles

1928 3807 128 40 from
245 3806 1972 101 Engineering
470 3860 94 38 and
592 3860 185 49 mining
801 3861 211 46 journal,
1070 3860 61 49 cf.
1158 3862 273 40 Foreword.

255 3911 51 52 ©
339 3914 126 49 Sept.
495 3916 38 46 1,
564 3915 113 42 1930;
734 3915 65 42 2c.
831 3917 112 47 May
971 3917 70 47 20,
1071 3915 112 43 1932;
1244 3918 81 40 aff.
1357 3919 114 48 May
1500 3919 54 39 18;
1614 3920 40 39 A
1684 3919 142 42 51407;
1887 3918 350 42 McGraw-Hill

322 3972 110 52 pub.
459 3983 80 38 co.,
566 3972 91 41 inc.
727 3972 277 49 (32-14115)
