2563 4368
1362 4052 100 48 350

430 415 186 66 Walp,
643 416 147 54 Paul
816 416 215 56 Knorr.

501 491 444 56 Constitutional
972 492 390 68 development
1383 492 63 52 of
1470 491 95 55 the
1587 493 224 67 League
1834 492 62 53 of
1918 493 241 66 nations,
2280 493 144 54 Paul

428 568 1926 64 K. Walp … Lexington, Ky., University of Kentucky, 1931.
497 641 85 41 183
613 652 31 38 p.
720 641 153 48 diagr.
934 641 148 41 23½ᶜᵐ.

499 698 1924 47 “This … study … is the result of observations made … and of research
426 755 268 48 completed
718 754 48 39 in
793 753 341 41 conformance
1158 753 121 41 with
1303 755 81 39 the
1408 754 351 48 requirements
1782 755 79 39 for
1884 756 82 39 the
1990 756 171 47 degree
2185 756 52 40 of
2259 757 167 39 doctor

427 812 52 40 of
504 812 288 48 philosophy
819 812 51 39 at
898 812 81 39 the
1007 811 153 40 Johns
1190 809 222 49 Hopkins
1440 810 272 48 university
1746 810 510 51 [1929]”—Foreword.

496 867 378 49 Bibliography:
906 878 44 37 p.
979 866 217 42 178-179.

435 925 52 52 ©
513 930 109 39 Jan.
649 930 26 37 4,
775 927 82 47 1932;
885 927 67 41 2c.
980 926 108 40 Jan.
1116 927 26 39 7;
1198 925 81 41 aff.
1308 925 109 42 Jan.
1445 925 51 47 8;
1526 925 41 39 A
1593 923 171 49 45898;
1795 926 51 41 P.
1873 926 59 41 K.
1960 926 155 48 Walp.
2144 925 283 50 Lexington,

501 987 90 46 Ky.
663 984 250 49 (32-6887)

428 1076 197 65 Ward,
658 1074 409 66 Christopher,
1099 1079 171 51 1868-

497 1153 121 51 The
654 1157 227 63 strange
919 1150 337 54 adventures
1290 1149 63 53 of
1387 1149 293 54 Jonathan
1715 1150 189 67 Drew,
1941 1170 28 33 a
2008 1148 211 69 rolling
2254 1154 171 63 stone,

427 1230 212 68 during
669 1230 89 53 his
792 1229 210 54 travels
1034 1227 249 68 through
1315 1226 458 68 Massachusetts,
1808 1226 386 68 Connecticut,
2229 1226 197 55 Rhode

427 1307 215 68 Island,
694 1307 136 51 New
884 1305 178 68 York,
1112 1303 441 70 Pennsylvania,
1603 1302 285 70 Virginia,
1942 1302 167 69 Ohio,
2162 1304 263 68 Indiana,

428 1384 242 68 Illinois,
705 1384 270 53 Missouri
1012 1385 46 49 &
1093 1382 303 69 Kentucky
1434 1381 60 53 in
1533 1381 93 53 the
1661 1400 162 50 years
1863 1384 266 64 1821-24;
2170 1382 256 67 together

426 1462 141 54 with
603 1479 149 36 some
788 1465 235 50 account
1058 1460 62 53 of
1157 1460 94 52 the
1289 1459 199 68 people
1523 1459 69 53 he
1628 1462 130 63 met,
1793 1458 94 55 the
1924 1459 194 68 things
2153 1459 133 68 they
2324 1458 99 54 did

428 1540 111 54 and
571 1540 141 67 said,
745 1539 92 54 the
869 1556 167 50 songs
1067 1538 135 68 they
1234 1554 140 51 sang
1406 1536 111 53 and
1549 1536 94 54 the
1676 1535 167 54 roads
1874 1536 133 69 they
2040 1536 295 68 travelled,
2367 1555 57 35 as

425 1612 1996 72 taken down by Christopher Ward, esq. … New York, Simon
427 1695 110 54 and
574 1694 285 66 Schuster,
891 1694 126 65 inc.,
1051 1695 149 48 1932.

496 1764 460 51 5 p. l., 399 p. 21 ᶜᵐ
432 1823 52 52 ©
512 1826 108 39 Feb.
649 1825 68 47 25,
746 1824 113 41 1932;
916 1825 66 39 2c.
1013 1824 110 40 Feb.
1150 1822 59 40 29;
1263 1822 83 43 aff.
1376 1824 121 39 Mar.
1526 1822 81 46 11;
1638 1822 40 39 A
1705 1821 170 47 49073;
1908 1822 49 41 C.
1991 1823 159 46 Ward,
501 1821 1907 109 Wilmington,

623 1884 102 38 Del.
797 1881 251 48 (32-6890)

426 1974 262 65 Waring,
720 1973 176 53 Ethel
925 1974 140 62 May
1101 1971 344 66 (Bushnell)

498 2052 120 53 The
672 2050 273 54 behavior
997 2050 63 52 of
1112 2067 194 50 young
1358 2048 273 54 children.
1714 2080 87 35 [v.]
1860 2052 48 49 3.
1950 2048 275 56 Children
2279 2049 140 53 with

425 2128 644 54 materials—Children
1101 2128 140 52 with
1272 2128 163 52 other
1464 2127 275 68 children,
1768 2128 74 68 by
1874 2128 172 53 Ethel
2078 2131 66 51 B.
2175 2127 246 71 Waring

489 2205 1930 72 … and Marguerite Wilker … With an introduction by
426 2283 1993 71 Patty Smith Hill … New York, Chicago [etc.] Charles
428 2364 695 66 Scribner’s sons [ ᶜ19 32]
427 2435 1976 109 xii p., 2 l., 3-198 p. 19½ ᶜᵐ . (Half-title: Series on childhood education,
570 2497 72 40 ed.
669 2496 60 47 by
759 2496 146 46 Patty
937 2495 156 40 Smith
1123 2495 129 46 Hill)

429 2550 52 52 ©
510 2554 121 40 Mar.
661 2552 39 47 9,
730 2552 140 47 1932;
901 2552 69 42 2c.
1000 2553 122 39 Mar.
1154 2551 81 47 10;
1268 2551 81 40 aff.
1382 2552 122 41 Mar.
1533 2551 82 46 23;
1649 2552 40 39 A
1719 2552 170 46 50283;
1924 2551 200 42 Charles
2158 2552 264 43 Scribner’s

496 2621 124 29 sons.

423 2700 230 65 Weeks,
681 2702 138 52 Mrs.
849 2700 161 53 Lena
1047 2698 329 67 (Pittman)

492 2776 327 68 God-given
870 2793 297 51 messages,
1218 2775 76 69 by
1345 2776 155 52 Lena
1552 2776 260 53 Pittman
1863 2775 220 56 Weeks.
2157 2777 262 68 Raleigh,

421 2854 282 53 Edwards
731 2857 45 49 &
805 2853 340 68 Broughton
1173 2871 296 50 company,
1501 2857 149 49 1930.

522 2926 979 49 x p., 1 l., 232 p. front. (port.) 20 ᶜᵐ .
428 2981 52 52 ©
518 2986 128 39 June
680 2984 68 47 17,
787 2983 140 47 1930;
967 2984 67 40 2c.
1073 2985 95 38 and
1206 2983 83 40 aff.
1328 2983 110 41 Feb.
1476 2983 69 48 24,
1583 2983 141 47 1932;
1765 2984 40 39 A
1841 2985 143 40 48847;
2053 2985 51 43 L.
2141 2985 51 41 P.
2232 2986 185 47 Weeks,

495 3042 229 47 Tarboro,
759 3041 55 39 N.
852 3040 46 40 C.
971 3040 250 48 (32-6907)

422 3129 211 66 Weise,
661 3130 230 65 Alfred,
924 3135 171 50 1882-

489 3207 176 68 Wege
713 3206 297 53 deutscher
1056 3206 216 69 kultur,
1320 3206 122 54 eine
1490 3206 437 71 geschichtliche
1979 3205 277 72 führung,
2304 3226 111 36 von

419 3283 211 54 Alfred
676 3283 204 55 Weise.
963 3283 307 71 Hamburg
1341 3291 100 46 [etc.]
1514 3283 412 55 Hanseatische
2013 3285 402 69 verlagsanstalt

533 3365 83 63 [ ᶜ19 31]
488 3434 1002 50 420 p. incl. plates, col. front. 21 ᶜᵐ .
491 3491 350 42 “Schrifttum”:
904 3504 43 37 p.
979 3492 216 41 407-410.

427 3545 1986 53 © Dec. 7, 1931; 1c. Jan. 19, 1932; A —Foreign 15392; Hanseatische
524 3606 361 48 verlagsanstalt,
916 3617 42 29 a.
986 3617 40 37 g.
1098 3605 251 49 (32-7361)

420 3696 238 64 Weiter,
689 3696 258 55 Eduard.

485 3770 197 54 Nuevo
718 3774 230 51 manual
984 3773 69 52 de
1087 3772 191 53 electri
1285 3772 186 67 cidad,
1506 3774 403 53 fundamentos
1945 3794 36 47 y
2018 3774 389 67 aplicaciones,

416 3847 1990 72 por Eduardo Welter. Traducci ó n del alem á n por Joaquín
416 3923 1761 73 Peric á s … con 569 grabados. Barcelona, L. Gili, 1932.
