2563 4368
1181 4088 133 54 1307

227 490 222 62 Mayer,
477 485 264 66 Ludwig,
771 491 170 50 1893-

297 564 272 66 Lourdes,
622 560 433 55 Konnersreuth
1109 559 135 53 oder
1300 555 345 70 Gailspach?
1743 555 129 54 Von
1929 554 85 52 dr.
2068 555 145 52 med.

227 632 1815 78 Ludwig Mayer. Schopf heim (Baden) G. Uehlin [ ᶜ19 32]
294 713 358 48 247 p. 19 ½ᶜᵐ .
298 771 68 39 “1.
392 770 74 40 bis
490 770 39 40 3.
558 767 250 42 tausend.”

233 831 1903 58 © Feb. 16. 1932; 1c. May 20; A—Foreign 16899; Gg. Uehlin, verlag.
311 897 278 48 (32-23166)

228 997 144 53 New
401 998 159 53 York
590 998 376 66 supplement,
995 994 139 52 with
1163 994 67 51 key
1298 993 237 52 number
1564 992 377 52 annotations,
2017 1007 51 36 v.
2099 991 119 50 256.

299 1079 343 50 Permanent
684 1076 84 50 ed.
845 1072 351 68 Containing
1237 1072 96 52 the
1374 1070 277 55 decisions
1694 1069 62 53 of
1796 1070 97 51 the
1936 1068 178 55 Court
2156 1067 62 52 of

301 1155 249 67 appeals.
586 1153 272 67 Supreme
893 1152 112 51 and
1039 1152 170 51 lower
1241 1154 187 48 courts
1463 1149 62 53 of
1557 1148 198 54 record
1788 1147 62 53 of
1884 1147 139 53 New
2057 1146 163 53 York

299 1237 159 47 state.
534 1231 173 67 April
751 1231 250 51 19-June
1043 1232 48 50 7,
1132 1231 147 49 1932.
1361 1227 82 54 St.
1483 1229 166 52 Paul,
1687 1227 162 53 West
1886 1224 335 70 publishing

301 1330 97 37 co.,
435 1313 150 49 1932.

305 1383 205 40 Various
539 1382 215 49 pagings.
813 1382 54 39 23½ᶜᵐ.

238 1449 51 51 ©
319 1454 126 46 Sept.
472 1452 66 40 10.
568 1451 111 40 1932;
734 1452 66 39 2c.
828 1451 95 40 and
949 1450 81 40 aff.
1059 1450 100 39 Oct.
1188 1450 80 46 10;
1299 1451 41 37 A
1366 1448 141 41 59391;
1564 1450 134 39 West
1725 1449 109 47 pub.
1863 1459 68 29 co.

234 1556 268 63 Newton,
528 1556 138 51 Mrs.
696 1555 238 53 Cosette
969 1553 248 65 (Faust)
1252 1557 170 49 1889-

234 1629 1989 133 The rainbow-hued trail around the world, by Cosette Faust-Newton … illustrated
971 1708 139 52 with
1149 1708 249 53 author’s
1436 1708 421 67 photographs;
1895 1725 181 49 maps,
2111 1707 113 52 line

235 1785 1967 148 drawings, and cover design by Margaret Ann Scruggs. [Dallas, Cosette Faust-Newton, ᶜ19 32]
307 1935 1920 50 3 p. l., [xi]-xxiii, 310 p., 1 l. front., illus., plates, ports., fold. tab.
237 1996 145 40 24½ᶜᵐ.
451 1995 127 48 (Her
599 1994 199 40 Around
823 1995 81 39 the
929 1994 153 40 world
1104 1993 176 48 series)

307 2053 139 46 Maps
479 2062 61 29 on
570 2049 348 49 lining-papers
953 2051 95 39 and
1082 2061 26 29 a
1143 2060 112 38 map
1286 2060 62 30 on
1380 2053 97 44 t.-p.;
1539 2048 314 49 frontispiece
1888 2051 340 47 accompanied

239 2110 58 47 by
331 2110 152 47 guard
517 2108 136 40 sheet
686 2109 118 39 with
840 2106 289 49 descriptive
1163 2109 283 45 letterpress;
1510 2107 157 40 added
1700 2110 97 46 t.-p.
1833 2107 170 40 within
2039 2109 191 39 colored

239 2167 303 39 ornamental
567 2166 187 42 border.

311 2222 249 47 “Limited,
598 2224 58 37 de
692 2222 126 46 luxe,
855 2222 334 45 autographed
1225 2220 227 40 edition.”
1511 2220 118 41 This
1666 2231 118 37 copy
1821 2221 43 40 is
1901 2231 74 30 no.
2014 2223 70 39 13.

312 2279 74 40 “It
432 2279 42 39 is
519 2279 128 39 from
693 2276 635 42 costume-lecture-recitals
1374 2278 109 40 that
1529 2276 99 41 this
1675 2277 212 41 ‘Around
1935 2278 81 41 the
2063 2278 167 41 world’

242 2334 297 42 travel-book
564 2337 89 38 has
680 2334 406 48 developed.”—p.
1116 2334 137 42 xxiii.

310 2391 347 49 Bibliography;
718 2403 43 37 p.
784 2391 215 41 291-293.

247 2452 51 51 ©
325 2457 116 45 Aug.
470 2456 68 42 21.
565 2455 112 40 1932;
733 2455 67 40 2c.
826 2456 120 47 Aug.
972 2456 83 46 25;
1085 2455 81 41 aff.
1193 2456 118 47 Aug.
1339 2455 83 48 26;
1451 2457 42 38 A
1519 2456 169 45 53806;
1720 2457 48 41 C.
1798 2457 49 39 F.
1877 2458 216 47 Newton,
315 2457 1901 96 Dallas.
429 2512 113 39 Tex.
613 2511 278 47 (32-22817)

243 2611 1990 74 North western reporter, v. 242. Permanent ed. … with key
311 2692 236 51 number
572 2692 379 52 annotations.
1026 2694 137 67 May
1189 2694 222 52 4-June
1435 2697 83 53 29,
1546 2696 149 52 1932.
1773 2695 81 54 St.
1882 2697 165 56 Paul,
2070 2697 162 53 West

313 2769 333 69 publishing
674 2787 96 50 co.,
802 2774 149 51 1932.

316 2841 601 49 xvi. 993 p. diagr. 26 ᶜᵐ.
251 2893 51 52 ©
332 2900 127 46 Sept.
485 2899 39 41 6.
552 2898 138 47 1932;
719 2900 67 40 2c.
814 2902 93 37 and
934 2900 82 41 aff.
1044 2901 101 40 Oct.
1174 2901 81 47 10;
1284 2902 40 38 A
1351 2902 143 40 56396;
1550 2904 134 39 West
1711 2904 108 47 pub.
1848 2914 64 30 co.

246 2999 204 65 Orczy,
480 3001 344 66 Emmuska,
855 3002 278 68 baroness,
1165 3006 171 50 1865-

314 3079 55 51 A
418 3077 200 67 joyous
668 3079 310 53 adventure
1033 3081 109 67 [by]
1197 3081 280 54 Baroness
1527 3081 201 69 Orczy.
1803 3080 232 56 Garden
2086 3081 151 71 City,

249 3155 66 52 N.
351 3155 90 65 Y.,
473 3156 354 64 Doubleday,
859 3158 198 51 Doran
1091 3158 111 52 and
1235 3176 295 44 company,
1563 3159 126 57 inc.,
1724 3161 149 51 1932.

319 3228 460 65 5 p. l., 310 p. 20 ᶜᵐ.
320 3283 162 41 “First
510 3284 227 41 edition.”

256 3337 51 51 ©
339 3341 127 48 Sept.
496 3344 37 40 7,
563 3341 114 41 1932;
734 3342 66 41 2c.
831 3344 94 38 and
955 3343 80 39 aff.
1070 3343 126 48 Sept.
1227 3344 25 40 8;
1311 3345 41 38 A
1381 3345 146 40 54679;
1584 3347 262 40 Emmuska
1879 3347 166 48 Orczy,
2078 3349 161 41 Monte

325 3397 156 47 Carlo,
514 3399 213 39 Monaco.
797 3399 278 47 (32-22975)

249 3495 211 57 Pacific
515 3505 268 62 reporter.
864 3502 217 54 Second
1134 3502 185 53 series.
1395 3504 169 53 Cases
1619 3508 213 66 argued
1889 3508 110 51 and
321 3509 1892 119 determined
537 3576 60 52 in
622 3578 94 52 the

746 3580 273 66 Supreme
1047 3586 187 49 courts
1259 3581 63 53 of
1351 3582 341 68 California,
1719 3585 243 66 Kansas,
1991 3587 246 67 Oregon,

322 3653 398 68 Washington,
761 3656 300 68 Colorado,
1100 3660 294 57 Montana,
1435 3660 269 56 Arizona.
1744 3664 251 56 Nevada,
2037 3665 201 65 Idaho,

322 3729 327 70 Wyoming,
675 3733 175 54 Utah,
879 3737 137 51 New
1043 3735 239 67 Mexico,
1311 3735 347 68 Oklahoma;
1690 3740 244 53 District
1961 3747 187 48 courts
2177 3742 62 51 of

327 3810 203 65 appeal
568 3811 111 50 and
718 3812 283 66 appellate
1039 3813 360 67 department
1436 3816 62 51 of
1535 3818 94 51 the
1670 3817 274 69 Superior
1981 3826 158 47 court
2177 3820 63 53 of

329 3883 323 55 California
701 3890 110 50 and
863 3888 280 54 Criminal
1192 3897 160 47 court
1399 3894 62 51 of
1512 3896 231 67 appeals
1791 3896 63 52 of
1903 3896 337 69 Oklahoma,

328 3961 137 52 with
498 3963 106 66 key
633 3965 237 53 number
902 3968 377 54 annotations.
1353 3972 242 53 Volume
1627 3977 62 47 11
1734 3974 127 66 (2d)
1903 3976 149 53 June
2087 3979 63 48 10
2181 3980 58 50 to
