2563 4368
1076 4042 134 50 1631

122 434 186 66 Rilke,
336 432 219 54 Rainer
581 430 210 65 Maria,
822 428 323 55 1875-1926.

254 494 1863 73 … The tale of the love and death of Cornet Christopher
124 574 1825 79 Rilke. New York, W. W. Norton & company, inc. [ ᶜ1 932 ]
190 662 59 40 38
274 670 42 38 p.
376 658 147 41 20½ᶜᵐ.

198 709 765 53 “Prose-poem.”—Translator’s
995 710 125 39 note.

194 770 341 41 “Translation
562 768 61 49 by
649 768 62 40 M.
742 768 58 41 D.
825 765 180 42 Herter
1031 762 229 43 Norton.”

132 828 1988 65 © Oct. 19, 1932; 2c. and aff. Oct. 21; A 56604; W. W. Norton & co., inc.
210 898 278 49 (32-30905)

128 1002 330 66 Roosevelt,
485 1001 140 55 Mrs.
658 1000 251 52 Eleanor
948 995 373 68 (Roosevelt)
1360 999 172 50 1884-

195 1081 186 52 When
422 1097 112 50 you
575 1096 158 51 grow
777 1095 78 49 up
898 1083 59 46 to
1000 1080 147 61 vote,
1189 1074 76 67 by
1306 1073 251 53 Eleanor
1598 1071 301 52 Roosevelt
1956 1067 165 66 (Mrs.

128 1145 1995 78 Franklin D. Roosevelt) with illustrations by Manning de V .
130 1234 125 55 Lee.
343 1236 216 51 Boston
613 1233 112 52 and
777 1232 140 52 New
970 1229 179 69 York,
1200 1227 318 69 Houghton
1570 1226 206 52 Mifflin
1826 1241 298 52 company,

128 1315 133 51 1932

202 1386 26 40 5
251 1396 43 38 p.
357 1415 9 16 l.,
395 1383 145 50 [3]-64
565 1392 43 39 p.
663 1382 85 41 col.
776 1381 127 41 illus.
963 1379 145 42 21½ᶜᵐ.

139 1452 52 54 ©
223 1457 103 40 Oct.
356 1455 68 48 19,
456 1452 141 50 1932;
629 1453 68 41 2c.
729 1453 102 40 Oct.
861 1452 84 47 24;
979 1450 83 43 aff.
1094 1450 102 41 Oct.
1228 1450 83 47 22;
1344 1451 42 38 A
1417 1448 171 49 56686;
1622 1450 53 38 E.
1709 1447 270 47 Roosevelt,
2013 1448 119 38 New

207 1513 143 40 York.
421 1509 279 50 (32-30880)

134 1616 321 65 Shepperd,
485 1612 334 66 Frederick,
850 1618 170 49 1892-

204 1684 1928 74 The fire chief’s handbook, by Fred. Shepperd … with the
134 1771 362 69 cooperation
525 1770 64 52 of
616 1768 95 53 the
741 1765 382 55 Educational
1150 1765 318 53 committee
1497 1764 64 55 of
1586 1764 96 53 the
1710 1761 422 55 International

136 1848 338 56 association
515 1846 65 53 of
622 1845 102 54 fire
766 1843 198 55 chiefs.
1044 1843 138 54 New
1227 1841 180 68 York,
1454 1839 678 70 Case-Shepperd-Mann

137 1922 944 73 publishing corporation [ ᶜ1 932]
206 2002 27 39 3
257 2011 42 37 p.
360 2030 9 17 l.,
395 1998 166 48 ix-xii,
585 1996 87 42 485
697 2008 42 37 p.
799 1996 129 40 illus.
987 1994 146 41 21½ᶜᵐ.

142 2066 51 54 ©
222 2071 102 40 Oct.
350 2072 68 45 17,
446 2068 141 48 1932;
615 2066 65 43 2c.
710 2068 103 40 Oct.
839 2066 83 48 20;
952 2065 81 41 aff.
1063 2065 101 41 Oct.
1193 2066 81 47 18;
1303 2065 42 39 A
1373 2063 170 49 56627;
1575 2063 561 48 Case-Shepperd-Mann

210 2128 107 47 pub.
350 2124 319 50 corporation.
742 2123 278 49 (32-30868)

140 2228 214 67 Smith,
382 2229 137 51 Mrs.
549 2227 212 64 Susan,
793 2231 171 50 1885-

209 2306 120 52 The
360 2302 318 56 Christmas
706 2312 117 46 tree
852 2304 60 52 in
942 2303 95 53 the
1066 2303 190 53 woods
1292 2302 108 68 [by]
1440 2301 185 57 Susan
1658 2300 217 69 Smith;
139 2302 1971 136 decorations

315 2384 76 68 by
416 2383 188 54 Helen
630 2382 218 55 Sewell.
924 2381 139 53 New
1091 2382 181 66 York,
1298 2379 247 69 Minton,
1572 2381 183 52 Balch
1783 2384 46 49 &
1856 2397 281 52 company

219 2466 101 51 [ ᶜ1 932
218 2536 83 50 [38]
334 2545 43 38 p.
437 2534 128 42 illus.
595 2533 134 50 (part
760 2533 112 48 col.)
940 2530 145 43 19½ᶜᵐ.

149 2603 50 52 ©
237 2608 101 40 Oct.
373 2607 69 46 14,
477 2604 142 49 1932;
654 2605 67 40 2c.
758 2607 95 38 and
887 2604 82 40 aff.
1007 2603 101 42 Oct.
1145 2605 81 44 17;
1264 2604 41 37 A
1339 2603 170 48 56783;
1550 2604 44 39 S.
1634 2602 170 47 Smith,
1841 2603 117 40 New
1993 2602 144 40 York.

226 2662 277 50 (32-30930)

144 2765 210 53 Texas.
427 2766 166 53 Laws,
639 2769 240 48 statutes,
925 2769 99 48 etc.

216 2842 276 53 Vernon’s
533 2843 308 52 annotated
880 2840 245 54 Revised
1163 2841 136 53 civil
1336 2843 114 51 and
1491 2841 263 54 criminal
1794 2846 240 50 statutes
2072 2840 66 53 of

148 2922 93 51 the
285 2927 145 46 state
475 2920 62 52 of
581 2921 200 52 Texas.
856 2920 335 69 November,
1237 2923 153 65 1932,
1434 2921 345 53 cumulative
1821 2920 317 69 pamphlet,

148 2997 332 70 containing
511 3000 76 51 all
619 3000 137 51 laws
787 2999 64 52 of
882 3018 31 33 a
945 3000 228 67 general
1203 2999 113 52 and
1346 3005 337 62 permanent
1712 3004 204 47 nature
1948 2998 64 53 of
2041 3000 97 51 the

148 3076 158 53 third
343 3077 180 52 called
558 3077 210 54 session
805 3077 63 53 of
903 3078 95 51 the
1032 3078 148 52 42nd
1214 3075 347 71 legislature,
1597 3077 141 53 with
1774 3077 364 54 annotations

148 3150 1929 73 construing the laws and with cumulative tables and indexes …
148 3231 226 52 Kansas
404 3232 153 68 City,
584 3232 230 54 Vernon
843 3236 110 50 law
981 3233 147 53 book
1157 3252 279 51 company
1471 3268 13 35 [
1545 3238 102 49 ᶜ1932
1651 3268 13 33 ]

218 3307 26 37 1
270 3316 45 37 p.
341 3306 32 39 l.,
413 3306 143 39 5-171
583 3316 45 39 p.
682 3306 119 41 24ᶜᵐ.

153 3357 53 52 ©
233 3362 103 40 Oct.
361 3361 69 47 27,
458 3361 113 41 1932;
626 3361 69 41 2c.
722 3364 95 38 and
843 3363 82 41 aff.
953 3363 115 41 Nov.
1098 3363 83 47 14;
1209 3364 40 38 A
1276 3364 170 48 55943;
1476 3364 192 41 Vernon
1697 3366 94 38 law
1817 3365 123 40 book
1968 3374 65 31 co.

147 3476 156 55 Ts‘ai
333 3477 332 67 T‘ing-kan,
700 3481 172 50 1861-
1084 3486 69 49 tr.

147 3550 1991 135 Chinese poems in English rhyme … by Admiral Ts’ai T’ing-kan
351 3629 1783 78 … Chicago, Ill., The University of Chicago press [ ᶜ1 932]
218 3704 100 48 xxi,
347 3704 98 49 145,
478 3706 54 49 [1]
564 3715 42 38 p.
669 3707 146 41 23½ᶜᵐ.

222 3760 205 42 Chinese
457 3762 97 40 and
584 3762 218 49 English.

222 3813 1868 61 “One hundred and twenty-two selected poems of the T’ang period …
151 3871 101 42 The
279 3873 232 49 originals
539 3885 83 31 are
650 3875 153 41 found
832 3876 50 40 in
911 3878 80 40 the
1021 3876 108 43 first
1157 3879 96 39 and
1282 3878 133 41 third
1444 3879 148 41 books
1619 3879 51 40 of
1699 3880 80 40 the
1974 3880 165 41 Ch’ien

150 3925 1989 59 chia shih, ‘Selected poems from many poets’ … Some of these trans-
