2563 4368
1132 4050 99 54 817

166 531 222 54 islative
421 528 187 55 action
643 530 149 51 1925.
862 525 242 53 Atlanta
1144 522 180 68 [Stein
1357 520 262 68 printing
1653 537 97 48 co.,
1785 522 144 48 state
167 514 1957 162 printers]

305 611 131 51 1931
486 607 35 53 [i.
552 625 42 34 e.
626 608 150 65 1932]

237 678 1911 63 1 p. l., iii, 364 p. front., plates, ports., mounted fold, map, facsim.,
168 750 179 47 diagrs.
405 746 103 50 23
510 749 27 20 ᶜᵐ
542 778 9 9 .

239 819 102 39 The
378 816 206 43 General
621 815 240 48 assembly
897 814 53 39 of
987 810 222 51 Georgia,
1244 812 63 46 by
1343 821 62 29 an
1444 810 81 41 act
1560 810 53 38 of
1649 808 129 48 1925,
1814 807 215 40 directed
2067 805 82 41 the

171 874 203 48 Georgia
405 872 160 50 public
595 871 182 43 service
805 868 305 43 commission
1139 871 48 37 to
1216 867 202 48 compile
1447 867 65 39 all
1544 867 116 39 data
1688 864 278 48 pertaining
1993 866 48 36 to
2071 862 82 40 the

170 931 222 41 Western
416 932 96 39 and
537 928 217 42 Atlantic
780 928 215 39 railroad
1021 926 93 39 and
1140 925 270 39 instructed
1437 922 39 43 it
1502 926 48 36 to
1577 923 187 46 employ
1790 919 64 41 its
1879 919 274 48 consulting

169 988 237 47 engineer,
445 988 43 39 J.
524 986 256 40 Houstoun
818 984 252 46 Johnston,
1110 985 48 37 to
1197 992 203 38 prepare
1437 979 82 41 the
1555 980 177 47 report,
1792 978 61 48 cf.
1891 987 43 38 p.
1969 977 99 40 343.

176 1055 51 51 ©
264 1059 114 47 May
414 1058 67 48 16,
520 1056 138 46 1932;
698 1057 66 39 2c.
802 1055 112 47 May
952 1055 81 46 31;
1074 1053 80 41 aff.
1195 1053 112 46 May
1345 1052 81 46 17;
1467 1051 41 39 A
1545 1050 168 47 52037;
1757 1048 204 50 Georgia
2000 1047 160 49 public

241 1115 184 41 service
454 1112 318 49 commission,
803 1112 218 40 Atlanta.
1091 1108 279 50 (32-14323)

172 1232 255 66 Jouglet,
458 1233 178 64 René,
667 1234 171 52 1884-

171 1302 1962 153 … L’Allemande, par René Jouglet. Paris, La Nouvelle society d’édition [ ᶜ1 931]
247 1472 98 48 105,
378 1474 56 48 [1]
465 1482 59 37 p.,
554 1472 25 38 1
698 1469 145 42 l.19½ᶜᵐ.
915 1468 171 48 (Elies.
1213 1468 39 49 [VI])

179 1534 1969 114 © Feb. 4, 1931; 1c. Feb. 27; A—Foreign 11167; Nouvelle socidte d’edition. (32-14324)
176 1718 331 62 Lawrence,
533 1720 139 51 Mrs.
700 1717 132 54 Una
859 1715 273 56 Roberts.

242 1795 120 51 The
406 1794 156 53 word
605 1793 65 52 of
711 1793 150 52 their
903 1791 323 69 testimony,
1268 1792 75 67 by
1385 1790 130 55 Una
1561 1789 240 56 Roberts
1846 1790 318 54 Lawrence.

173 1872 258 67 Atlanta,
483 1871 123 67 Ga.,
657 1871 121 53 The
829 1871 186 51 Home
1064 1868 234 55 mission
1348 1869 195 68 board,
1597 1866 286 56 Southern
1934 1867 234 69 Baptist

172 1948 563 69 convention [ ᶜ1 932]
243 2033 644 52 4 p. l., 11-156 p. 19½ᶜᵐ.
184 2103 52 52 ©
273 2108 112 46 May
423 2105 69 49 16,
530 2104 139 48 1932;
709 2104 68 42 2c.
812 2105 118 46 May
966 2103 83 48 28;
1090 2103 82 42 aff.
1213 2105 113 46 May
1363 2103 83 49 27;
1487 2104 40 38 A
1565 2103 170 47 52202;
1777 2104 155 40 Home
1969 2102 200 43 mission

251 2165 149 39 board
427 2164 51 40 of
504 2163 84 40 the
616 2161 241 41 Southern
883 2160 199 49 Baptist
1107 2161 301 42 convention.
1477 2160 281 49 (32-14312)

184 2280 309 70 [Leclercq,
519 2284 169 52 Mme.
717 2279 207 69 Marie]

315 2353 1691 78 … Une famille a la page. Paris, Calmann-Lévy, 1932.
251 2447 25 39 2
303 2458 44 37 p.
376 2448 45 45 l.,
450 2445 98 49 203,
581 2446 55 49 [1]
667 2456 44 37 p.
801 2446 114 40 18½ᶜᵐ.

252 2502 230 41 Author’s
507 2503 180 47 pseud.,
715 2502 142 48 Mary
883 2502 195 47 Floran,
1106 2504 53 39 at
1184 2501 125 40 head
1336 2503 53 39 of
1414 2501 122 43 title.

254 2559 73 41 On
355 2568 167 32 cover:
555 2559 29 39 6ᵉ
661 2557 168 42 édition.

189 2622 1811 59 © Mar. 9, 1932; 1c. Mar. 31; A—Foreign 16322; Calmann-Lévy.
267 2686 276 49 (32-14480)

186 2801 284 68 Leonard,
496 2805 137 52 Mrs.
664 2803 263 65 Eugenie
963 2803 334 65 (Andruss)
1334 2807 170 52 1888-

254 2880 289 55 Problems
593 2881 64 52 of
706 2880 292 54 freshman
1045 2880 210 70 college
1302 2879 169 70 girls;
1523 2901 30 33 a
1600 2882 172 68 study
1819 2882 65 52 of
186 2883 1986 143 mother-daughter

501 2958 401 69 relationships
943 2959 112 52 and
1092 2958 171 53 social
1303 2958 374 68 adjustments
1715 2959 63 53 of
1815 2959 140 68 girls
186 2965 1964 138 entering

320 3030 1855 77 college, by Eugenie Andruss Leonard, PH D. New York
189 3113 130 67 city,
348 3112 270 56 Teachers
651 3114 225 69 college,
907 3112 298 55 Columbia
1234 3112 334 71 university,
1599 3118 150 50 1932.

259 3195 1915 60 4 p. l., 139, [1] p. 23½ᶜᵐ. (Half-title: Child development monographs.
190 3256 297 48 Monograph
517 3268 74 28 no.
622 3257 50 47 9)

258 3319 42 38 A
324 3318 157 49 study,
505 3320 139 39 made
668 3319 152 41 under
844 3320 82 39 the
950 3317 303 49 supervision
1277 3320 51 39 of
1354 3319 81 40 the
1459 3319 232 40 National
1716 3320 185 41 council
1927 3322 51 40 of
2003 3323 174 47 parent

191 3373 267 49 education,
489 3375 50 40 of
565 3375 253 41 freshman
845 3375 117 48 girls
992 3378 52 38 at
1075 3374 238 49 Syracuse
1342 3374 283 50 university.

198 3441 51 51 ©
282 3444 112 47 Apr.
424 3443 69 50 28,
526 3444 137 48 1932;
696 3445 67 41 2c.
797 3446 112 46 May
941 3445 80 47 12;
1058 3444 80 42 aff.
1172 3447 113 46 May
1315 3446 83 46 25;
1434 3447 40 38 A
1507 3447 169 47 51503;
1712 3447 239 43 Teachers
1985 3449 189 48 college.

264 3499 248 42 Columbia
539 3500 281 50 university.
890 3501 280 49 (32-14430)

194 3619 306 65 Leprotty,
532 3620 206 56 Felice.

327 3688 1849 82 … L’isola del bene e del male, romanzo. Roma, Edizioni
196 3770 551 71 Cosmopoli [ ᶜ1 931]
264 3860 86 39 234
382 3869 41 37 p.
483 3858 145 42 19½ᶜᵐ.

199 3919 1976 66 © Oct. 1, 1931; 1c. Jan. 9, 1932; A—Foreign 15470; Edizioni Cosmopoli.
277 3983 277 51 (32-14476)
