2563 4368
1107 4043 30 48 3

201 489 1255 49 xxii, 755 p. 26 ᶜᵐ. National case book series)
205 547 145 39 “Law
375 546 178 40 review
577 546 199 40 articles";
862 557 42 37 p.
931 546 161 40 xi-xv.

138 613 52 52 ©
220 618 110 39 Jan.
359 619 40 42 4,
428 616 140 47 1932;
599 617 66 40 2c.
697 617 108 40 Jan.
837 617 52 46 6;
922 629 82 29 aff.
1034 617 110 42 Jan.
1174 618 26 39 7;
1260 617 41 39 A
1329 617 173 47 46774;
1536 617 271 48 Callaghan
1837 617 37 40 &
1903 628 67 28 co.

217 673 221 49 (32-748)

129 782 250 64 Byrnes,
408 783 156 53 John
593 783 250 63 Maclay.

201 859 121 52 The
358 860 171 67 paths
565 865 58 47 to
658 860 320 68 yesterday,
1015 859 296 53 memories
1351 858 64 54 of
1452 860 96 51 old
1589 857 82 55 St.
1712 858 222 68 John’s,
132 858 1978 148 Newfoundland,

511 937 75 68 by
623 937 156 54 John
817 937 230 69 Maclay
1087 938 251 68 Byrnes;
1381 936 301 70 including
1722 955 30 34 a
1792 936 240 55 number
2072 936 64 53 of

130 1014 217 68 typical
380 1013 469 55 Newfoundland
885 1033 210 50 poems,
1134 1015 134 53 each
1307 1014 152 53 from
1495 1015 96 53 the
1628 1013 190 70 gifted
1855 1033 111 49 pen
2003 1013 63 54 of
2104 1033 30 33 a

129 1091 178 53 Terra
353 1092 243 53 Novian.
676 1093 237 68 Boston,
953 1094 193 67 Mass.,
1189 1093 239 53 Meador
1473 1092 337 69 publishing
1855 1110 280 51 company

0 0 0 0 [ᶜ1931]
195 1248 925 52 235 p. incl. front., illus., port. 22 ᶜᵐ.
135 1318 52 52 ©
216 1323 112 42 Dec.
355 1324 41 46 4,
426 1322 112 41 1931;
597 1323 67 42 2c.
695 1324 112 42 Dec.
835 1325 56 40 31;
950 1324 81 40 aff.
1061 1325 111 39 Dec.
1202 1325 55 39 21;
1316 1326 42 38 A
1384 1325 145 40 45743;
1591 1324 211 40 Edward
1832 1323 58 40 K.
1923 1324 212 46 Meador,

202 1380 197 40 Boston.
470 1379 221 51 (32-957)

131 1485 345 56 California.
549 1489 186 71 Laws,
764 1495 258 64 statutes,
1053 1496 102 49 etc.

197 1565 1939 55 The Chase Penal code of the state of California … The
126 1642 250 70 original
405 1644 181 53 Penal
617 1645 152 66 code,
800 1646 249 67 adopted
1079 1645 299 69 February
1410 1648 83 64 14,
1525 1644 152 68 1872,
1707 1645 61 52 in
1800 1643 164 54 effect
126 1644 1985 145 January

299 1724 47 64 1,
375 1721 152 69 1873,
555 1722 140 53 with
723 1723 97 52 the
845 1723 339 68 subsequent
1210 1722 321 69 legislative
1558 1727 348 49 enactments
1932 1728 60 47 to
2020 1723 115 52 and

126 1798 1984 147 including 1931, edited by Edmund Samson Green … containing complete
576 1877 321 70 legislative
934 1878 222 68 history
1194 1878 64 53 of
1294 1878 135 53 each
1467 1878 241 67 section;
1749 1878 135 53 each
1923 1879 212 52 section

126 1956 309 52 annotated
473 1955 77 69 by
589 1955 95 54 the
724 1955 271 55 “Concise
1035 1955 323 54 reference”
1396 1960 212 65 system
1647 1955 64 53 of
1751 1956 383 54 annotations.

128 2030 1931 73 San Francisco, Chase law book publishing company [ ᶜ19 31]
195 2115 726 49 2 p. l., vii-xxix, 336 p. 22 ᶜᵐ.
197 2185 227 40 Lettered
455 2197 61 28 on
546 2197 140 28 cover;
745 2186 113 40 1931
892 2187 157 39 Chase
1081 2186 273 41 California
1385 2188 129 39 code.
1576 2187 167 41 Penal.

198 2240 1040 50 “Copyrighted … by Eugene J. Chase.”
131 2308 52 52 ©
220 2314 118 47 Aug.
437 2344 9 14 15,
484 2313 140 47 1931;
663 2314 66 39 2c.
768 2315 96 38 and
902 2313 82 40 aff.
1023 2315 109 38 Jan.
1169 2315 41 47 4,
1248 2313 141 47 1932;
1430 2314 41 38 A
1507 2314 172 46 45783;
1720 2315 195 46 Eugene
1954 2311 181 49 Joseph

201 2370 169 48 Chase,
402 2371 96 40 San
526 2371 273 40 Francisco.
871 2370 251 49 (32-1186)

195 2478 121 53 The
353 2478 180 53 Penal
571 2480 134 52 code
744 2479 64 53 of
844 2480 97 52 the
978 2485 144 48 state
1160 2479 64 53 of
1262 2478 344 56 California.
1679 2478 274 68 Adopted

127 2477 1980 147 February
335 2560 81 64 14,
453 2556 149 54 1872.
671 2558 164 54 With
869 2558 389 53 amendments
1291 2576 79 49 up
1403 2563 58 47 to
1494 2557 113 53 and
1640 2556 301 70 including
1973 2556 160 53 those

125 2632 64 53 of
223 2634 96 53 the
357 2633 354 71 forty-ninth
749 2636 212 52 session
995 2635 64 53 of
1095 2636 96 52 the
1226 2634 377 70 Legislature,
1642 2638 153 64 1931,
1830 2635 190 53 edited
2056 2634 76 68 by

123 2710 1984 148 James H. Peering … San Francisco, Bancroft-Whitney company, 1931.
194 2872 468 50 lxvii, 1014 p. 23 ᶜᵐ.
131 2939 52 52 ©
212 2945 111 40 Dec.
353 2944 69 49 29,
452 2945 141 48 1931;
624 2945 66 42 2c.
722 2947 110 39 Jan.
861 2949 41 42 4,
934 2947 113 41 1932;
1107 2948 81 40 aff.
1219 2949 110 40 Jan.
1360 2949 25 39 5;
1445 2950 40 37 A
1514 2948 171 41 46705;
198 2947 1917 102 Bancroft-Whitney

316 3013 66 29 co.
454 3002 250 49 (32-1187)

196 3112 133 50 1931
377 3109 182 55 Chase
603 3113 163 53 codes
807 3113 65 52 of
917 3113 343 55 California.
1340 3114 154 55 Code
1536 3114 64 53 of
1642 3114 136 53 civil
1821 3113 310 68 procedure

184 3188 1949 73 … The original Code of civil procedure approved March 11,
126 3264 149 53 1872.
341 3265 74 53 In
443 3265 165 54 effect
635 3267 266 71 January
931 3273 47 64 1,
1009 3271 151 53 1873.
1223 3270 164 55 With
1414 3271 98 52 the
1539 3270 339 69 subsequent

125 3269 1980 124 legislative
288 3349 347 49 enactments
681 3351 58 47 to
787 3347 112 52 and
948 3348 299 69 including
1297 3352 152 55 1931,
1498 3349 189 52 edited
1733 3348 77 68 by
1859 3346 272 54 Edmund

126 3417 2006 78 Samson Green … containing complete legislative history of
122 3497 135 52 each
282 3498 214 53 section;
553 3501 136 52 each
713 3502 213 52 section
952 3504 311 52 annotated
1287 3504 76 69 by
1388 3504 96 52 the
1510 3503 273 54 “Concise
1810 3502 322 53 reference”

121 3579 211 63 system
367 3576 65 51 of
468 3578 379 54 annotations.
927 3579 117 55 San
1082 3580 325 69 Francisco,
1445 3581 182 54 Chase
1662 3582 110 52 law
1808 3581 148 53 book

123 3580 1983 142 publishing company [ ᶜ19 31]
193 3734 726 52 2 p. l., vii-xxix, 360 p. 22 ᶜᵐ.
194 3804 226 42 Lettered
449 3818 59 28 on
537 3818 143 29 cover;
735 3808 113 41 1931
878 3809 158 41 Chase
1066 3810 273 42 California
1369 3813 280 47 procedure.
1710 3812 224 40 Probate.

197 3859 1035 54 “Copyrighted … by Eugene J. Chase.”
195 3916 1935 51 With this is bound; Chase codes of California. Probate code … 1931
173 3971 624 55 … San Francisco [1931]
