2563 4368
1400 4005 102 51 218

529 486 120 39 This
678 485 246 48 pamphlet
956 485 41 39 is
1029 487 48 37 to
1109 485 56 39 be
1195 484 138 40 fitted
1366 484 101 40 into
1500 484 81 40 the
1613 485 123 39 back
1766 485 52 39 of
1849 484 81 40 the
1960 484 191 40 volume
2182 484 51 40 of
2265 484 84 40 the
2378 487 74 38 set

456 545 46 37 to
533 542 161 40 which
721 541 42 41 it
790 542 207 47 belongs.

462 608 1874 52 © Jan. 27, 1932; 2c. Feb. 8; aff. Feb. 10; A 48415; West pub. co.
459 731 216 64 Luard,
702 730 66 56 L.

527 805 54 51 A
609 803 179 56 Celtic
814 803 383 69 hurly-burly,
1221 804 72 65 by
1322 804 62 51 L.
1413 803 208 53 Luard.
1690 803 342 68 Edinburgh
2060 802 109 53 and
2198 802 254 70 London,

458 882 84 53 W.
575 880 343 54 Blackwood
949 882 45 50 &
1023 898 145 51 sons,
1196 881 121 66 ltd.,
1348 883 149 50 1931.

524 951 487 50 4 p. l., 319 p. 19½ ᶜᵐ.
462 1022 1991 52 © 1c. May 14, 1931; A ad int. 15194; pubd. Mar. 15; William Blaine
530 1084 176 46 Luard,
740 1083 273 48 Falmouth,
1046 1083 177 47 Devon,
1256 1083 235 44 England.
1562 1081 251 49 (32-7129)

455 1197 330 67 McGiffert,
815 1199 232 53 Arthur
1076 1200 320 63 Cushman,
1428 1203 170 50 1892-

588 1271 1801 71 … Jonathan Edwards, by Arthur Cushman McGiffert, jr. …
459 1353 135 52 New
625 1351 163 54 York
818 1352 113 52 and
956 1351 257 65 London,
1240 1351 231 67 Harper
1498 1352 45 50 &
1570 1350 274 67 brothers,
1874 1353 151 52 1932.

526 1421 1461 52 5 p. l., 225 p. front. (port.) 21 ᶜᵐ. (Creative lives)
527 1494 165 42 “First
722 1493 228 44 edition.”

464 1564 1988 51 © Feb. 17, 1932; 2c. Feb. 17; aff. Feb. 19; A 47724; A. C. McGiffert, jr.,
532 1625 221 47 Chicago.
825 1623 250 49 (32-5120)

452 1728 271 64 Mackail,
751 1727 185 54 Denis
962 1727 245 63 George.

590 1799 1859 72 … David’s day. Boston and New York, Houghton Mifflin
458 1898 293 51 company,
783 1882 150 52 1932.

526 1951 531 50 2 p. l., 348 p. 21 ᶜᵐ .
526 2024 65 40 At
618 2023 126 41 head
771 2022 54 41 of
851 2021 110 41 title;
1020 2020 151 42 Denis
1200 2020 227 41 Mackail.

464 2094 51 52 ©
555 2098 107 39 Feb.
701 2097 67 46 24,
808 2095 139 45 1932;
986 2094 67 40 2c.
1091 2094 109 39 Feb.
1238 2093 56 41 27;
1361 2092 82 41 aff.
1482 2092 110 42 Feb.
1629 2092 83 47 20;
1750 2092 41 39 A
1828 2093 143 40 48674;
2039 2094 55 42 D.
2134 2093 53 42 G.
2226 2092 225 49 Mackail,

531 2155 211 39 London.
813 2151 249 50 (32-5027)

459 2257 198 63 Mann,
688 2254 248 53 Francis
962 2254 201 53 Oscar.

530 2331 205 52 Albert
776 2331 211 67 Grope,
1025 2330 95 52 the
1160 2335 157 60 story
1359 2329 62 52 of
1464 2348 31 33 a
1536 2329 221 52 belated
1798 2329 318 67 Victorian,
2153 2330 75 67 by
2269 2330 65 52 F.
2379 2329 66 56 O.

459 2408 196 53 Mann.
729 2408 259 67 London,
1017 2408 185 52 Faber
1233 2411 49 49 &
1314 2408 185 51 Faber
1529 2406 221 53 limited
1786 2410 172 64 [1931]

529 2482 274 48 599 p. 21½ ᶜᵐ.
465 2548 1987 52 © 1c. Apr. 16, 1931; A ad int. 14957; pubd. Feb. 19; Harcourt, Brace &
531 2620 82 35 co.,
643 2609 105 46 inc.,
778 2609 117 39 New
926 2607 143 40 York.
1140 2606 278 49 (31-11203)

460 2709 285 65 Marique,
774 2710 201 53 Pierre
1003 2710 239 63 Joseph.

530 2785 1856 71 History of Christian education, by Pierre J. Marique …
503 2907 9 9 v.
542 2868 47 48 3.
664 2864 137 52 New
831 2864 178 67 York,
1038 2865 293 51 Fordham
1357 2864 317 69 university
1701 2882 176 51 press,
1906 2869 150 51 1932.

530 2936 976 50 xiii, 286 p. illus. (incl. ports.) 22 ᶜᵐ.
465 3004 51 52 ©
542 3008 111 39 Feb.
677 3007 69 48 24,
772 3006 112 40 1932;
938 3006 66 41 2c.
1031 3009 95 38 and
1152 3007 81 41 aff.
1259 3008 109 39 Feb.
1394 3007 82 48 26;
1503 3009 42 38 A
1569 3009 170 47 48658;
1768 3009 243 40 Fordkam
2037 3010 129 40 univ.
2194 3021 147 37 press.

531 3167 56 51 A
621 3167 224 51 master
880 3164 63 54 of
975 3165 252 67 hounds;
1264 3165 171 70 being
1469 3168 94 52 the
1598 3167 106 53 life
1738 3172 159 64 story
1930 3168 64 53 of
2025 3170 200 68 Harry
460 3168 1963 127 Buckland

630 3240 65 54 of
725 3240 282 68 Ashford,
1040 3241 76 69 by
1150 3260 103 35 one
1289 3242 127 53 who
1449 3242 196 55 knows
1681 3244 136 52 him.
1889 3244 259 70 London,
2183 3246 186 53 Faber
2403 3248 46 51 &

460 3320 202 66 Faber,
694 3318 224 53 limited
956 3321 172 64 [1931]

515 3390 1508 51 xxi p., 1 l., 25-255, [1] p. incl. front. plates, ports. 21½ ᶜᵐ.
513 3460 123 41 Coat
667 3462 52 39 of
750 3472 130 29 arms
912 3472 60 29 on
1003 3463 97 45 t.-p.

468 3528 1980 56 © 1c. Nov. 30, 1931; A ad int. 15781; pubd. Oct. 8; Percy Reginald
536 3589 311 47 Stephenson,
880 3590 220 47 Brasted,
1133 3590 141 40 Kent.
1307 3591 233 46 England.
1613 3591 247 47 (32-7133)

455 3689 194 63 Meng,
680 3691 154 52 John
864 3692 238 63 Joseph,
1137 3697 169 48 1906-

534 3766 120 52 The
682 3766 195 53 Comte
904 3768 67 51 de
997 3769 353 67 Vergennes;
1382 3769 304 66 European
1713 3769 202 66 phases
1940 3768 64 53 of
2029 3770 89 51 his
2144 3769 301 52 American

463 3843 1985 72 diplomacy (1774-1780) by John J. Meng … Washington,
463 3923 148 49 1932.
