2563 4368
1349 4032 99 49 358

414 517 1992 54 © Nov. 28, 1931; 1c. Jan. 19, 1932; A —Foreign 15456; Julius Springer.
491 580 251 49 (32-7642)

410 696 253 54 Florida.
736 699 167 50 Laws
909 739 12 24 ,
947 702 242 48 statutes
1194 738 12 24 ,
1235 703 100 46 etc.

483 776 134 49 1932
653 772 345 57 cumulative
1034 775 364 67 supplement
1430 778 59 48 to
1525 773 97 53 the
1660 770 301 71 Compiled
1997 771 231 69 general
2263 771 138 54 laws

410 852 62 52 of
507 852 257 68 Florida,
800 851 152 69 1927,
984 853 328 68 embracing
1345 852 389 53 amendments
1767 849 115 54 and
1916 849 289 54 additions
2238 850 166 53 made

412 932 70 65 by
509 932 95 52 the
629 930 358 69 Legislature
1015 936 58 47 at
1097 931 96 53 the
1219 931 230 68 regular
1474 930 113 53 and
1611 928 439 70 extraordinary
2075 928 239 55 sessions
2339 929 65 52 of

417 1011 130 50 1929
583 1009 112 52 and
731 1009 97 53 the
863 1011 230 67 regular
1129 1009 113 53 and
1278 1008 440 70 extraordinary
1753 1008 240 54 sessions
2027 1008 65 54 of
2130 1011 152 66 1931,
410 1014 1968 141 together

643 1087 140 53 with
820 1088 275 68 complete
1132 1088 363 52 annotations
1531 1087 153 54 from
1720 1087 96 54 the
1849 1087 243 69 judicial
2126 1086 279 56 decisions

410 1165 301 53 contained
739 1167 61 51 in
827 1167 250 52 volumes
1106 1169 169 49 94-99
1306 1166 240 54 Florida
1574 1172 240 63 reports,
1847 1169 239 51 114-136
2117 1166 287 58 Southern

411 1249 274 63 reporter,
709 1247 169 51 26-51
909 1245 242 54 Federal
1177 1250 275 64 reporter,
1476 1245 205 53 second
1705 1245 188 70 series,
1918 1244 242 55 275-283
2185 1246 219 56 United

413 1321 189 55 States
632 1328 241 63 reports,
903 1326 169 49 48-51
1108 1322 274 69 Supreme
1414 1329 163 49 court
1607 1328 273 65 reporter.
1957 1323 301 70 Compiled
2291 1324 114 55 and

413 1402 308 52 annotated
765 1402 73 68 by
883 1403 198 68 Harry
1127 1406 66 50 B.
1242 1401 301 57 Skillman.
1618 1403 316 69 Approved
1978 1405 74 68 by
2095 1405 195 55 James
2335 1408 68 53 B.

409 1477 1702 75 Whitfield … Atlanta, The Harrison company, 1932.
482 1553 790 52 xix p., 1 l., 1023, [3] p. 26 ᶜᵐ .
416 1620 51 52 ©
497 1626 114 47 Apr.
640 1626 39 47 7,
709 1624 114 42 1932;
882 1626 66 41 2c.
978 1627 93 39 and
1101 1626 82 42 aff.
1216 1627 112 47 Apr.
1360 1627 52 39 11;
1473 1628 38 38 A
1542 1626 142 40 50691;
1745 1627 239 41 Harrison
2017 1637 67 32 co.

412 1742 120 51 The
562 1743 384 65 Fortnightly
976 1742 219 55 review,
1271 1761 87 35 no.
1391 1743 119 70 784,
1536 1763 56 35 n.
1620 1763 61 50 s.,
1710 1744 174 70 April
1915 1750 46 63 1,
1993 1748 150 52 1932.

416 1825 1994 58 © 1c. Apr. 7, 1932; A ad int. 16240; pubd. Apr. 1; Fortnightly review,
483 1889 99 47 ltd.,
613 1888 211 41 London.

412 2007 242 66 France,
683 2008 272 65 Anatole,
986 2012 325 52 1844-1924.

480 2085 84 52 At
604 2085 94 53 the
741 2083 129 71 sign
911 2085 63 53 of
1016 2087 95 52 the
1153 2086 195 63 Queen
1388 2087 321 68 Pedauque,
1749 2086 75 69 by
1868 2087 247 53 Anatole
2155 2087 247 68 France;

410 2162 379 56 illustrations
814 2163 77 68 by
916 2164 233 53 Nathan
1175 2164 282 67 Machtey.
1533 2164 139 55 New
1701 2165 179 67 York,
1906 2164 234 56 Grosset
2166 2167 53 51 &
408 2166 1973 142 Dunlap

537 2244 193 65 [ ᶜ19 32 ]
516 2311 1827 52 x p., 2 l., 242 p. incl. plates. 21 ᶜᵐ . (Half-title: Universal library)
416 2380 51 52 ©
497 2386 121 40 Mar.
647 2386 68 48 17,
745 2384 139 48 1932;
915 2385 69 41 2c.
1012 2386 95 39 and
1136 2384 82 41 aff.
1248 2386 121 40 Mar.
1399 2384 80 49 19;
1512 2386 39 38 A
1579 2383 171 47 49195;
1784 2384 198 47 Grosset
2012 2384 37 41 &
2077 2384 207 48 Dunlap,
2317 2383 91 42 inc.

486 2438 70 54 [©
580 2442 343 49 illustrations]
996 2442 250 48 (32-7347)

412 2544 333 66 Frederick,
775 2545 216 54 Justus
1018 2545 246 66 George,
1298 2549 170 51 1882-

474 2622 1867 69 The real truth about short selling, by J. George Frederick …
407 2698 137 56 New
576 2700 179 67 York,
788 2700 269 54 Business
1089 2702 217 64 bourse,
1338 2703 153 51 1932.

476 2771 906 53 4 p. l., [11]-255 p. diagrs. 21 ᶜᵐ .
416 2841 51 52 ©
499 2845 108 39 Feb.
637 2846 40 46 3,
708 2844 112 40 1932;
879 2844 66 41 2c.
977 2844 110 41 Feb.
1116 2845 27 38 4;
1204 2843 82 40 aff.
1317 2843 111 42 Feb.
1458 2843 53 39 12;
1573 2844 39 39 A
1641 2844 145 41 47578;
1846 2845 234 39 Business
2108 2843 187 44 bourse.

493 2901 250 49 (32-7206)

412 3003 401 67 Geschickter,
846 3002 244 56 Charles
1121 3006 84 63 F.,
1237 3009 171 50 1901-

478 3077 1926 74 Tumors of bone, by Charles F. Geschickter … and Murray
406 3157 1996 70 M. Copeland … with forewords by Dean Lewis … and Joseph
409 3235 1993 70 Colt Bloodgood … New York city, The American journal of
407 3332 215 50 cancer,
653 3316 150 50 1931.

477 3384 1371 51 3 p. l., v-xli, 709 p. illus., fold. pl., diagrs. 26½ ᶜᵐ .
478 3443 348 47 Bibliography
855 3444 52 38 at
932 3443 92 39 end
1052 3442 52 39 of
1130 3443 118 39 each
1276 3443 202 46 chapter
1504 3444 170 45 except
1702 3442 201 47 chapter
2001 3473 9 10 XX.

416 3510 50 52 ©
500 3515 108 39 Dec.
644 3515 38 47 8,
716 3513 112 41 1931;
889 3513 67 40 2c.
989 3514 96 39 and
1117 3513 80 39 aff.
1233 3514 120 38 Mar.
1388 3513 39 48 5,
1462 3513 114 40 1932;
1638 3514 42 38 A
1710 3512 145 42 47979;
1918 3512 254 42 American
2207 3512 194 47 journal

482 3571 51 39 of
559 3581 183 30 cancer.
814 3569 249 50 (32-7140)

411 3672 254 59 Griffith,
694 3671 275 65 William,
1000 3671 173 54 1876-
1382 3674 86 51 ed.

478 3749 121 52 The
640 3750 215 68 garden
895 3749 147 52 book
1083 3747 63 54 of
1188 3767 174 49 verse,
1403 3750 189 52 edited
1636 3750 112 52 and
1792 3749 308 53 annotated
2142 3749 139 53 with
2325 3766 73 35 an

409 3826 1989 69 introduction by William Griffith … with Mrs. John Walton
408 3905 1712 69 Paris … New York, W. Morrow & company, 1932.
