2563 4368
995 4100 102 49 453

54 467 243 64 Dutton,
328 465 243 55 Charles
596 465 244 64 Judson,
870 469 170 51 1888-

118 542 121 53 The
263 539 357 57 Samaritans
643 539 65 54 of
730 539 283 69 Molokai;
1041 540 95 53 the
1160 540 141 53 lives
1325 538 65 55 of
1413 538 217 55 Father
1656 538 244 53 Damien
1926 537 112 54 and

53 615 1923 72 Brother Dutton among the lepers, by Charles J. Dutton …
51 697 135 52 New
215 696 178 67 York,
420 695 190 68 Dodd,
637 695 170 53 Mead
835 695 112 52 and
977 711 299 52 company,
1303 696 152 51 1932.

118 762 1487 53 xiv p., 1 l., 286 p. front., plates, ports., facsim. 22½ᶜᵐ.
120 824 373 48 Bibliography:
530 833 44 38 p.
610 822 217 42 281-286.

55 877 51 52 ©
134 883 121 40 Mar.
282 882 67 47 18,
379 881 139 47 1932;
547 884 65 37 2c.
642 882 120 40 Mar.
790 881 83 48 23;
902 880 82 43 aff.
1013 882 121 39 Mar.
1161 881 82 47 25;
1273 880 42 39 A
1341 880 169 47 50373;
1545 880 151 48 Dodd,
1726 880 138 39 Mead
1895 885 37 39 &
1959 888 82 39 co.,

122 938 88 41 inc.
281 937 250 50 (32-8645)

52 1041 208 63 Eaton,
290 1039 222 55 Walter
540 1037 304 67 Prichard,
876 1041 171 54 1878-

114 1114 391 70 Everybody’s
532 1117 246 66 garden;
809 1115 150 54 talks
990 1134 71 35 on
1093 1117 228 52 natural
1353 1115 198 68 design
1582 1115 111 53 and
1724 1115 93 52 the
1849 1132 94 35 use
1974 1114 63 53 of

48 1192 202 69 simple
296 1191 263 54 material
631 1192 92 69 [by]
776 1191 221 55 Walter
1046 1190 282 55 Prichard
1380 1191 207 54 Eaton.
1672 1190 136 54 New
1861 1190 180 70 York,

49 1271 70 52 A.
147 1270 70 52 A.
247 1268 224 70 Knopf,
502 1271 151 51 1932.

119 1340 1043 50 6 p. l., 3-169 p. front., plates. 19½ᶜᵐ.
122 1398 162 41 “First
312 1398 228 41 edition.”

56 1452 51 52 ©
141 1458 112 46 Apr.
287 1459 39 46 8,
360 1456 140 47 1932;
536 1458 66 38 2c.
639 1457 94 39 and
769 1456 81 41 aff.
886 1456 110 47 Apr.
1033 1455 53 48 9;
1124 1456 37 38 A
1196 1455 169 47 50663;
1404 1456 71 41 W.
1511 1456 50 42 P.
1598 1457 170 47 Eaton,
1806 1455 236 43 Sheffield.

124 1514 144 39 Mass.
338 1512 279 50 (32-26343)

53 1616 267 64 Embree,
351 1616 230 55 Louise.

115 1693 56 51 A
211 1691 201 53 child’s
453 1691 105 53 life
599 1691 64 53 of
705 1692 221 69 George
967 1692 399 68 Washington,
1407 1692 72 68 by
1523 1692 204 53 Louise
1769 1693 270 68 Embree;

52 1768 137 53 with
242 1768 378 54 illustrations
672 1769 73 69 by
801 1768 247 55 Clotilde
1101 1768 257 54 Embree.
1433 1770 136 52 New
1624 1769 178 69 York,
1855 1770 68 54 E.
1975 1771 66 53 P.

48 1847 767 67 Dutton & co., inc. [ ᶜ1 932]
119 1918 1202 51 5 p. l., 13-255 p. illus. (incl. maps) 19½ᶜᵐ.
121 1975 163 43 “First
309 1975 226 42 edition.”

121 2032 373 48 Bibliography:
529 2043 43 37 p.
601 2031 218 42 253-255.

58 2084 50 53 ©
139 2090 109 40 Feb.
276 2089 40 46 9,
346 2089 140 47 1932;
515 2091 67 38 2c.
613 2088 107 40 Feb.
752 2089 80 46 17;
865 2087 82 42 aff.
978 2089 120 40 Mar.
1128 2087 82 48 29;
1244 2089 37 38 A
1311 2087 170 49 49069;
1516 2090 51 39 E.
1599 2090 50 41 P.
1680 2089 188 41 Dutton
1896 2091 36 39 &
1960 2099 83 32 co..

121 2145 87 41 inc.
280 2144 249 50 (32-6646)

47 2247 256 65 Emrich,
335 2247 314 54 Frederick
678 2247 273 56 William.

52 2323 1963 132 Método pr á ctico de inglés. Primer curso … por Frederick
254 2401 1786 72 William Emrich … Barcelona, Ediciones pr á cticas,
58 2484 146 53 1931.

123 2555 98 47 243,
255 2555 53 49 [1]
340 2566 41 36 p.
441 2554 145 40 22½ᶜᵐ.

126 2610 171 41 “Libro
325 2612 74 40 del
431 2610 237 41 alumno.”

59 2662 1983 56 © Nov. 5, 1931; 1c. Dec. 16; A—Foreign 14878; Pedro Pagés Lluís,
128 2725 276 45 Barcelona,
437 2725 161 47 Spain.
669 2726 251 49 (32-4036)

55 2803 231 66 Fantin,
315 2805 213 56 Lorna.

118 2878 384 69 Everybody’s
533 2879 142 55 book
706 2883 64 51 of
799 2881 278 67 numbers,
1110 2901 30 32 a
1171 2885 364 67 numerology
1567 2882 73 72 by
1672 2883 189 52 Lorna
51 2884 1963 124 Fantin.
228 2956 136 54 New
412 2957 175 70 York,
631 2957 245 69 Brewer,
918 2959 239 53 Warren
1200 2961 45 49 &
1288 2958 266 70 Putnam,
1602 2962 146 49 1931.

151 3069 9 16 v,
199 3036 85 43 138
320 3049 42 37 p.
423 3039 144 40 19½ᶜᵐ.

60 3089 51 52 ©
142 3095 114 40 Nov.
289 3096 66 46 13,
387 3094 103 39 1931;
557 3097 67 39 2c.
657 3097 116 39 Nov.
810 3097 75 46 16;
918 3096 79 41 aff.
1031 3097 117 42 Nov.
1180 3098 80 45 18;
1294 3098 38 38 A
1364 3098 137 40 46471;
1570 3101 49 38 L.
1655 3098 190 47 Fantin,
126 3099 1898 99 Hollywood,
305 3152 141 40 Calif.
519 3152 220 47 (32-456)

58 3239 231 66 Finger,
320 3240 245 55 Charles
590 3243 238 64 Joseph,
860 3244 168 54 1871-

119 3315 321 56 Foot-loose
478 3318 59 52 in
575 3317 97 55 the
707 3320 175 67 West,
920 3321 170 67 being
1126 3321 95 52 the
1260 3327 236 47 account
1532 3320 63 54 of
1633 3340 33 34 a
1702 3321 241 67 journey
1980 3327 58 46 to

53 3389 281 58 Colorado
365 3395 111 52 and
510 3395 325 55 California
868 3398 111 52 and
1013 3397 161 53 other
1205 3404 237 47 western
1472 3404 191 61 states,
1695 3399 75 66 by
1803 3398 236 55 Charles

54 3468 57 54 J.
156 3470 243 68 Finger;
449 3472 138 53 with
632 3473 254 54 sketches
930 3475 163 52 made
1139 3493 68 35 en
1252 3482 161 47 route
1458 3476 73 68 by
1579 3475 183 54 Helen
1809 3475 231 67 Finger.

54 3543 136 55 New
224 3547 177 68 York,
432 3549 91 54 W.
555 3549 251 54 Morrow
839 3551 113 52 and
985 3569 295 50 company,
1316 3554 153 52 1932.

125 3610 1203 62 viii p., 2 l., 302 p. illus. (incl. maps) 19ᶜᵐ.
65 3669 51 51 ©
143 3676 112 46 Apr.
281 3677 40 46 7,
349 3676 111 40 1932;
517 3678 64 38 2c.
612 3680 93 38 and
736 3679 81 40 aff.
845 3681 113 46 Apr.
985 3680 53 46 9;
1069 3681 38 38 A
1135 3679 172 49 49459;
1338 3682 47 40 C.
1416 3683 44 39 J.
1492 3683 189 46 Finger,
1711 3682 333 47 Fayetteville,

129 3731 113 39 Ark.
311 3733 256 47 (32-26346
575 3733 13 47 )

62 3814 223 70 Fisher,
314 3821 236 65 Sydney
578 3823 244 65 George,
852 3827 324 54 1856-1927.

126 3893 120 53 The
280 3895 236 71 making
552 3897 63 53 of
652 3899 452 70 Pennsylvania;
1145 3920 72 35 an
1255 3901 251 71 analysis
1542 3902 64 53 of
1642 3903 95 52 the
1777 3904 265 52 elements

59 3968 63 53 of
159 3970 94 54 the
292 3974 337 67 population
671 3977 112 52 and
822 3978 94 52 the
960 3977 307 56 formative
1307 3980 302 53 influences
1649 3980 129 53 that
1817 3979 225 54 created
