<alto xmlns="http://www.loc.gov/standards/alto/ns-v3#" xmlns:xlink="http://www.w3.org/1999/xlink" xmlns:xsi="http://www.w3.org/2001/XMLSchema-instance" xsi:schemaLocation="http://www.loc.gov/standards/alto/ns-v3# http://www.loc.gov/alto/v3/alto-3-0.xsd"><Description>
<MeasurementUnit>pixel</MeasurementUnit>
<sourceImageInformation>
<fileName>1932_v29_part001.pdf</fileName>
</sourceImageInformation>
<OCRProcessing ID="IdOcr">
<ocrProcessingStep>
<processingDateTime>2019-04-25</processingDateTime>
<processingSoftware>
<softwareCreator>ABBYY</softwareCreator>
<softwareName>ABBYY Recognition Server</softwareName>
<softwareVersion>4.0</softwareVersion>
</processingSoftware>
</ocrProcessingStep>
</OCRProcessing>
</Description>
<Styles>
<ParagraphStyle ID="StyleId-FFFFFFFF-FFFF-FFFF-FFFF-FFFFFFFFFFFF-" ALIGN="Left" LEFT="0." RIGHT="0." FIRSTLINE="0."/>
<ParagraphStyle ID="StyleId-547D96D3-B2DE-4E86-A4BD-9DDFC275973A-" ALIGN="Left" LEFT="0." RIGHT="0." FIRSTLINE="0." LINESPACE="7.699999809"/>
<ParagraphStyle ID="StyleId-BE433B82-DF6F-491A-9872-F562FF4150C8-" ALIGN="Block" LEFT="0." RIGHT="0." FIRSTLINE="-13." LINESPACE="7.900000095"/>
<ParagraphStyle ID="StyleId-CC286467-50C5-4655-B0CF-BA365CCE0736-" ALIGN="Block" LEFT="0." RIGHT="0." FIRSTLINE="-15." LINESPACE="8.479999542"/>
<ParagraphStyle ID="StyleId-9878414D-BEDB-487D-971A-CF5ADB5C4AD2-" ALIGN="Block" LEFT="0." RIGHT="0." FIRSTLINE="-14." LINESPACE="10.92000008"/>
<ParagraphStyle ID="StyleId-EBC70DE5-3635-4BD4-B07B-05DF6EFE0022-" ALIGN="Block" LEFT="0." RIGHT="0." FIRSTLINE="-13." LINESPACE="12.19999981"/>
<ParagraphStyle ID="StyleId-8A688F83-F017-4D5D-A00A-14637016ED45-" ALIGN="Left" LEFT="0." RIGHT="0." FIRSTLINE="0." LINESPACE="9.399999619"/>
<ParagraphStyle ID="StyleId-20F0BBAE-20C6-42F4-8113-00B5C02924DC-" ALIGN="Left" LEFT="0." RIGHT="0." FIRSTLINE="0." LINESPACE="11.10000038"/>
<ParagraphStyle ID="StyleId-7AA70148-8873-4ACB-90AE-BF9322E02302-" ALIGN="Left" LEFT="0." RIGHT="0." FIRSTLINE="-13." LINESPACE="11.09000015"/>
<ParagraphStyle ID="StyleId-072EF7BA-7207-4F8B-9A7C-F564E8B4CB16-" ALIGN="Left" LEFT="0." RIGHT="0." FIRSTLINE="-14." LINESPACE="12.19999981"/>
<ParagraphStyle ID="StyleId-44303D12-21D7-4DB0-9E9F-87FA1A861DD7-" ALIGN="Block" LEFT="0." RIGHT="0." FIRSTLINE="-14." LINESPACE="10.92000008"/>
<ParagraphStyle ID="StyleId-43CF0D44-8AC2-4CD0-865F-942C78705184-" ALIGN="Block" LEFT="0." RIGHT="0." FIRSTLINE="-13." LINESPACE="12.19999981"/>
<ParagraphStyle ID="StyleId-7A298A86-29F5-413A-AEC9-078A4CC464D7-" ALIGN="Block" LEFT="0." RIGHT="0." FIRSTLINE="13." LINESPACE="12.19999981"/>
<ParagraphStyle ID="StyleId-8E4E86F7-C1F9-4A1A-B605-6B1FC1C8E9F7-" ALIGN="Left" LEFT="0." RIGHT="0." FIRSTLINE="0." LINESPACE="11.60000038"/>
<ParagraphStyle ID="StyleId-AB39791B-5ED1-444F-BEF5-2CFED1F2709A-" ALIGN="Left" LEFT="0." RIGHT="0." FIRSTLINE="-13." LINESPACE="11.09000015"/>
<ParagraphStyle ID="StyleId-C1F2EEE7-CD00-4E11-9EAD-B222287AEDA4-" ALIGN="Center" LEFT="0." RIGHT="0." FIRSTLINE="0." LINESPACE="11.10000038"/>
</Styles>
<Layout>
<Page ID="Page103" PHYSICAL_IMG_NR="103" HEIGHT="4368" WIDTH="2563">
<TopMargin HEIGHT="436" WIDTH="2563" VPOS="0" HPOS="0">
</TopMargin>
<LeftMargin HEIGHT="3612" WIDTH="102" VPOS="436" HPOS="0">
</LeftMargin>
<RightMargin HEIGHT="3612" WIDTH="439" VPOS="436" HPOS="2124">
</RightMargin>
<BottomMargin HEIGHT="320" WIDTH="2563" VPOS="4048" HPOS="0">
<TextBlock ID="Page103_Block1" HEIGHT="70" WIDTH="120" VPOS="4048" HPOS="1050" LANG="en-US" STYLEREFS="StyleId-7BB07862-0FB7-4284-A08A-114DC9A466ED-">
<TextLine HEIGHT="49" WIDTH="100" VPOS="4058" HPOS="1059">
<String CONTENT="103" HEIGHT="49" WIDTH="100" VPOS="4058" HPOS="1059"/>
</TextLine>
</TextBlock>
</BottomMargin>
<PrintSpace HEIGHT="3612" WIDTH="2022" VPOS="436" HPOS="102">
<TextBlock ID="Page103_Block2" HEIGHT="3612" WIDTH="2022" VPOS="436" HPOS="102" LANG="en-US" CS="1" STYLEREFS="StyleId-1C86BB45-E4B8-41BF-9318-58A8C37E10F2-">
<TextLine HEIGHT="64" WIDTH="792" VPOS="446" HPOS="119" STYLEREFS="StyleId-E15417DB-1306-4752-9B42-3E0E52B4DDFF-">
<String LANG="en-US" CONTENT="Hart," HEIGHT="62" WIDTH="171" VPOS="448" HPOS="119"/>
<SP HEIGHT="63" WIDTH="28" VPOS="447" HPOS="291"/>
<String LANG="en-US" CONTENT="Mildred" HEIGHT="54" WIDTH="248" VPOS="446" HPOS="320"/>
<SP HEIGHT="52" WIDTH="25" VPOS="448" HPOS="569"/>
<String LANG="de" CONTENT="Burcham." HEIGHT="54" WIDTH="316" VPOS="448" HPOS="595"/>
</TextLine>
<TextLine HEIGHT="68" WIDTH="1919" VPOS="521" HPOS="189" STYLEREFS="StyleId-2A15C8B6-B3D5-4A57-9990-B8D6FC4E20FD-">
<String CONTENT="Dead" HEIGHT="53" WIDTH="160" VPOS="521" HPOS="189"/>
<SP HEIGHT="52" WIDTH="49" VPOS="522" HPOS="350"/>
<String CONTENT="woman&#8217;s" HEIGHT="52" WIDTH="266" VPOS="523" HPOS="400"/>
<SP HEIGHT="33" WIDTH="50" VPOS="542" HPOS="667"/>
<String CONTENT="shoes," HEIGHT="67" WIDTH="174" VPOS="522" HPOS="718"/>
<SP HEIGHT="68" WIDTH="51" VPOS="521" HPOS="893"/>
<String CONTENT="by" HEIGHT="67" WIDTH="73" VPOS="521" HPOS="945"/>
<SP HEIGHT="67" WIDTH="49" VPOS="521" HPOS="1019"/>
<String CONTENT="Mildred" HEIGHT="52" WIDTH="253" VPOS="521" HPOS="1069"/>
<SP HEIGHT="51" WIDTH="51" VPOS="522" HPOS="1323"/>
<String CONTENT="Burcham" HEIGHT="53" WIDTH="287" VPOS="522" HPOS="1375"/>
<SP HEIGHT="52" WIDTH="50" VPOS="521" HPOS="1663"/>
<String CONTENT="Hart." HEIGHT="54" WIDTH="169" VPOS="521" HPOS="1714"/>
<SP HEIGHT="51" WIDTH="88" VPOS="521" HPOS="1884"/>
<String CONTENT="New" HEIGHT="52" WIDTH="135" VPOS="521" HPOS="1973"/>
</TextLine>
<TextLine HEIGHT="68" WIDTH="1357" VPOS="597" HPOS="119" STYLEREFS="StyleId-2A15C8B6-B3D5-4A57-9990-B8D6FC4E20FD-" CS="1">
<String CONTENT="York," HEIGHT="67" WIDTH="176" VPOS="598" HPOS="119"/>
<SP HEIGHT="66" WIDTH="26" VPOS="599" HPOS="296"/>
<String CONTENT="Thomas" HEIGHT="52" WIDTH="247" VPOS="599" HPOS="323"/>
<SP HEIGHT="53" WIDTH="26" VPOS="598" HPOS="571"/>
<String CONTENT="Y." HEIGHT="53" WIDTH="69" VPOS="598" HPOS="598"/>
<SP HEIGHT="55" WIDTH="32" VPOS="597" HPOS="668"/>
<String CONTENT="Crowell" HEIGHT="55" WIDTH="240" VPOS="597" HPOS="701"/>
<SP HEIGHT="52" WIDTH="29" VPOS="599" HPOS="942"/>
<String CONTENT="company" HEIGHT="49" WIDTH="277" VPOS="616" HPOS="972"/>
<SP HEIGHT="47" WIDTH="32" VPOS="618" HPOS="1250"/>
<String CONTENT="[" HEIGHT="33" WIDTH="12" VPOS="632" HPOS="1283"/>
<String STYLE="superscript" CS="1" CONTENT="&#7580;1"/>
<String CONTENT="932]" HEIGHT="64" WIDTH="119" VPOS="601" HPOS="1357"/>
</TextLine>
<TextLine HEIGHT="51" WIDTH="731" VPOS="667" HPOS="185" CS="1">
<String CONTENT="3" HEIGHT="40" WIDTH="29" VPOS="669" HPOS="185"/>
<SP HEIGHT="48" WIDTH="26" VPOS="669" HPOS="215"/>
<String CONTENT="p." HEIGHT="38" WIDTH="43" VPOS="679" HPOS="242"/>
<SP/>
<String CS="1" CONTENT="l.,"/>
<SP/>
<String CONTENT="9-304," HEIGHT="48" WIDTH="158" VPOS="667" HPOS="390"/>
<SP HEIGHT="31" WIDTH="31" VPOS="687" HPOS="549"/>
<String CONTENT="[1]" HEIGHT="50" WIDTH="55" VPOS="668" HPOS="581"/>
<SP HEIGHT="38" WIDTH="29" VPOS="679" HPOS="637"/>
<String CONTENT="p." HEIGHT="38" WIDTH="44" VPOS="679" HPOS="667"/>
<SP HEIGHT="42" WIDTH="56" VPOS="668" HPOS="712"/>
<String CS="1" CONTENT="19&#189;&#7580;&#7504;." HEIGHT="42" WIDTH="147" VPOS="667" HPOS="769"/>
</TextLine>
<TextLine HEIGHT="51" WIDTH="1985" VPOS="737" HPOS="124" CS="1">
<String CONTENT="&#169;" HEIGHT="51" WIDTH="51" VPOS="737" HPOS="124"/>
<SP HEIGHT="51" WIDTH="28" VPOS="737" HPOS="176"/>
<String CONTENT="Feb." HEIGHT="40" WIDTH="109" VPOS="741" HPOS="205"/>
<SP HEIGHT="39" WIDTH="24" VPOS="742" HPOS="315"/>
<String CONTENT="1," HEIGHT="44" WIDTH="39" VPOS="742" HPOS="340"/>
<SP HEIGHT="44" WIDTH="25" VPOS="742" HPOS="380"/>
<String CS="1" CONTENT="1932;" HEIGHT="40" WIDTH="117" VPOS="740" HPOS="406"/>
<SP HEIGHT="47" WIDTH="26" VPOS="740" HPOS="548"/>
<String CONTENT="2c." HEIGHT="39" WIDTH="66" VPOS="740" HPOS="575"/>
<SP HEIGHT="38" WIDTH="28" VPOS="741" HPOS="642"/>
<String CONTENT="Feb." HEIGHT="38" WIDTH="111" VPOS="741" HPOS="671"/>
<SP HEIGHT="37" WIDTH="25" VPOS="741" HPOS="783"/>
<String CONTENT="4;" HEIGHT="45" WIDTH="53" VPOS="741" HPOS="809"/>
<SP HEIGHT="37" WIDTH="27" VPOS="749" HPOS="863"/>
<String CONTENT="aff." HEIGHT="40" WIDTH="83" VPOS="740" HPOS="891"/>
<SP HEIGHT="39" WIDTH="27" VPOS="741" HPOS="975"/>
<String CONTENT="Feb." HEIGHT="38" WIDTH="110" VPOS="741" HPOS="1003"/>
<SP HEIGHT="39" WIDTH="24" VPOS="741" HPOS="1114"/>
<String CONTENT="3;" HEIGHT="46" WIDTH="53" VPOS="741" HPOS="1139"/>
<SP HEIGHT="46" WIDTH="28" VPOS="741" HPOS="1193"/>
<!-- cceid FFB1A69E-6D7C-1014-B4A5-D7A31D17AB40 --><String CONTENT="A" HEIGHT="37" WIDTH="41" VPOS="741" HPOS="1222"/>
<SP HEIGHT="38" WIDTH="23" VPOS="741" HPOS="1264"/>
<String CONTENT="47418;" HEIGHT="45" WIDTH="172" VPOS="741" HPOS="1288"/>
<SP HEIGHT="45" WIDTH="29" VPOS="741" HPOS="1461"/>
<String CONTENT="Thomas" HEIGHT="39" WIDTH="211" VPOS="740" HPOS="1491"/>
<SP HEIGHT="38" WIDTH="25" VPOS="741" HPOS="1703"/>
<String CONTENT="Y." HEIGHT="41" WIDTH="53" VPOS="741" HPOS="1729"/>
<SP HEIGHT="42" WIDTH="29" VPOS="740" HPOS="1783"/>
<String CONTENT="Crowell" HEIGHT="40" WIDTH="204" VPOS="740" HPOS="1813"/>
<SP HEIGHT="39" WIDTH="26" VPOS="741" HPOS="2018"/>
<String CONTENT="co." HEIGHT="30" WIDTH="64" VPOS="750" HPOS="2045"/>
</TextLine>
<TextLine HEIGHT="49" WIDTH="250" VPOS="796" HPOS="201">
<String CONTENT="(32-3293)" HEIGHT="49" WIDTH="250" VPOS="796" HPOS="201"/>
</TextLine>
<TextLine HEIGHT="65" WIDTH="856" VPOS="898" HPOS="117" STYLEREFS="StyleId-E15417DB-1306-4752-9B42-3E0E52B4DDFF-">
<String CONTENT="Hartmann," HEIGHT="65" WIDTH="354" VPOS="898" HPOS="117"/>
<SP HEIGHT="62" WIDTH="28" VPOS="901" HPOS="472"/>
<String CONTENT="Franz," HEIGHT="62" WIDTH="209" VPOS="901" HPOS="501"/>
<SP HEIGHT="61" WIDTH="26" VPOS="902" HPOS="711"/>
<String CONTENT="d." HEIGHT="52" WIDTH="53" VPOS="902" HPOS="738"/>
<SP HEIGHT="47" WIDTH="30" VPOS="906" HPOS="792"/>
<String CONTENT="1912." HEIGHT="49" WIDTH="150" VPOS="904" HPOS="823"/>
</TextLine>
<TextLine HEIGHT="132" WIDTH="1969" VPOS="978" HPOS="119" STYLEREFS="StyleId-2A15C8B6-B3D5-4A57-9990-B8D6FC4E20FD-" CS="1">
<String CONTENT="The" HEIGHT="52" WIDTH="121" VPOS="979" HPOS="185"/>
<SP HEIGHT="51" WIDTH="24" VPOS="980" HPOS="307"/>
<String CONTENT="life" HEIGHT="53" WIDTH="108" VPOS="978" HPOS="332"/>
<SP HEIGHT="34" WIDTH="23" VPOS="997" HPOS="441"/>
<String CONTENT="and" HEIGHT="51" WIDTH="113" VPOS="980" HPOS="465"/>
<SP HEIGHT="51" WIDTH="25" VPOS="980" HPOS="579"/>
<String CONTENT="the" HEIGHT="53" WIDTH="96" VPOS="979" HPOS="605"/>
<SP HEIGHT="52" WIDTH="26" VPOS="980" HPOS="702"/>
<String CONTENT="doctrines" HEIGHT="53" WIDTH="284" VPOS="979" HPOS="729"/>
<SP HEIGHT="34" WIDTH="25" VPOS="998" HPOS="1014"/>
<String CONTENT="of" HEIGHT="54" WIDTH="64" VPOS="978" HPOS="1040"/>
<SP HEIGHT="53" WIDTH="25" VPOS="978" HPOS="1105"/>
<String LANG="de" CONTENT="Philippus" HEIGHT="68" WIDTH="310" VPOS="979" HPOS="1131"/>
<SP HEIGHT="52" WIDTH="26" VPOS="980" HPOS="1442"/>
<String CONTENT="Theophrastus," HEIGHT="68" WIDTH="447" VPOS="979" HPOS="1469"/>
<SP HEIGHT="64" WIDTH="26" VPOS="981" HPOS="1917"/>
<String CONTENT="Bombast" HEIGHT="129" WIDTH="1969" VPOS="981" HPOS="119"/>
</TextLine>
<TextLine HEIGHT="132" WIDTH="1974" VPOS="1056" HPOS="117" STYLEREFS="StyleId-2A15C8B6-B3D5-4A57-9990-B8D6FC4E20FD-" CS="1">
<String LANG="en-US" CONTENT="of" HEIGHT="54" WIDTH="65" VPOS="1056" HPOS="282"/>
<SP HEIGHT="53" WIDTH="38" VPOS="1056" HPOS="348"/>
<String LANG="de" CONTENT="Hohenheim," HEIGHT="68" WIDTH="381" VPOS="1057" HPOS="387"/>
<SP HEIGHT="68" WIDTH="35" VPOS="1057" HPOS="769"/>
<String LANG="en-US" CONTENT="known" HEIGHT="52" WIDTH="209" VPOS="1057" HPOS="805"/>
<SP HEIGHT="53" WIDTH="38" VPOS="1057" HPOS="1015"/>
<String LANG="en-US" CONTENT="by" HEIGHT="69" WIDTH="76" VPOS="1057" HPOS="1054"/>
<SP HEIGHT="63" WIDTH="37" VPOS="1063" HPOS="1131"/>
<String LANG="en-US" CONTENT="the" HEIGHT="52" WIDTH="96" VPOS="1058" HPOS="1169"/>
<SP HEIGHT="34" WIDTH="39" VPOS="1076" HPOS="1266"/>
<String LANG="en-US" CONTENT="name" HEIGHT="35" WIDTH="164" VPOS="1075" HPOS="1306"/>
<SP HEIGHT="34" WIDTH="41" VPOS="1076" HPOS="1471"/>
<String LANG="en-US" CONTENT="of" HEIGHT="53" WIDTH="64" VPOS="1056" HPOS="1513"/>
<SP HEIGHT="53" WIDTH="38" VPOS="1056" HPOS="1578"/>
<String LANG="en-US" CONTENT="Paracelsus;" HEIGHT="66" WIDTH="361" VPOS="1057" HPOS="1617"/>
<SP HEIGHT="48" WIDTH="44" VPOS="1075" HPOS="1979"/>
<String LANG="en-US" CONTENT="extracted" HEIGHT="113" WIDTH="1974" VPOS="1075" HPOS="117"/>
</TextLine>
<TextLine HEIGHT="54" WIDTH="1743" VPOS="1134" HPOS="367" STYLEREFS="StyleId-2A15C8B6-B3D5-4A57-9990-B8D6FC4E20FD-">
<String CONTENT="and" HEIGHT="51" WIDTH="112" VPOS="1137" HPOS="367"/>
<SP HEIGHT="51" WIDTH="29" VPOS="1137" HPOS="480"/>
<String CONTENT="translated" HEIGHT="52" WIDTH="316" VPOS="1136" HPOS="510"/>
<SP HEIGHT="54" WIDTH="32" VPOS="1134" HPOS="827"/>
<String CONTENT="from" HEIGHT="54" WIDTH="152" VPOS="1134" HPOS="860"/>
<SP HEIGHT="52" WIDTH="28" VPOS="1136" HPOS="1013"/>
<String CONTENT="his" HEIGHT="52" WIDTH="90" VPOS="1136" HPOS="1042"/>
<SP HEIGHT="34" WIDTH="28" VPOS="1154" HPOS="1133"/>
<String CONTENT="rare" HEIGHT="34" WIDTH="128" VPOS="1154" HPOS="1162"/>
<SP HEIGHT="34" WIDTH="30" VPOS="1154" HPOS="1291"/>
<String CONTENT="and" HEIGHT="53" WIDTH="113" VPOS="1135" HPOS="1322"/>
<SP HEIGHT="53" WIDTH="31" VPOS="1135" HPOS="1436"/>
<String CONTENT="extensive" HEIGHT="54" WIDTH="285" VPOS="1134" HPOS="1468"/>
<SP HEIGHT="34" WIDTH="30" VPOS="1153" HPOS="1754"/>
<String CONTENT="works" HEIGHT="53" WIDTH="186" VPOS="1134" HPOS="1785"/>
<SP HEIGHT="34" WIDTH="29" VPOS="1153" HPOS="1972"/>
<String CONTENT="and" HEIGHT="52" WIDTH="108" VPOS="1135" HPOS="2002"/>
</TextLine>
<TextLine HEIGHT="69" WIDTH="1935" VPOS="1212" HPOS="119" STYLEREFS="StyleId-2A15C8B6-B3D5-4A57-9990-B8D6FC4E20FD-" CS="1">
<String CONTENT="from" HEIGHT="52" WIDTH="150" VPOS="1213" HPOS="119"/>
<SP HEIGHT="33" WIDTH="33" VPOS="1233" HPOS="270"/>
<String CONTENT="some" HEIGHT="34" WIDTH="150" VPOS="1232" HPOS="304"/>
<SP HEIGHT="34" WIDTH="33" VPOS="1232" HPOS="455"/>
<String CONTENT="unpublished" HEIGHT="67" WIDTH="383" VPOS="1213" HPOS="489"/>
<SP HEIGHT="51" WIDTH="33" VPOS="1215" HPOS="873"/>
<String CONTENT="manuscripts," HEIGHT="68" WIDTH="403" VPOS="1213" HPOS="907"/>
<SP HEIGHT="68" WIDTH="30" VPOS="1212" HPOS="1311"/>
<String CONTENT="by" HEIGHT="69" WIDTH="77" VPOS="1212" HPOS="1342"/>
<SP HEIGHT="68" WIDTH="34" VPOS="1213" HPOS="1420"/>
<String CONTENT="Franz" HEIGHT="52" WIDTH="189" VPOS="1213" HPOS="1455"/>
<SP HEIGHT="52" WIDTH="35" VPOS="1213" HPOS="1645"/>
<String CONTENT="Hartmann" HEIGHT="52" WIDTH="330" VPOS="1213" HPOS="1681"/>
<SP HEIGHT="33" WIDTH="42" VPOS="1231" HPOS="2012"/>
<String CS="1" CONTENT="&#8230;"/>
</TextLine>
<TextLine HEIGHT="147" WIDTH="1977" VPOS="1290" HPOS="112" STYLEREFS="StyleId-2A15C8B6-B3D5-4A57-9990-B8D6FC4E20FD-" CS="1">
<String CONTENT="4th" HEIGHT="51" WIDTH="99" VPOS="1292" HPOS="112"/>
<SP HEIGHT="52" WIDTH="20" VPOS="1292" HPOS="212"/>
<String CONTENT="ed." HEIGHT="52" WIDTH="83" VPOS="1292" HPOS="233"/>
<SP HEIGHT="53" WIDTH="73" VPOS="1290" HPOS="317"/>
<String CONTENT="New" HEIGHT="53" WIDTH="138" VPOS="1290" HPOS="391"/>
<SP HEIGHT="51" WIDTH="18" VPOS="1292" HPOS="530"/>
<String CONTENT="York," HEIGHT="68" WIDTH="179" VPOS="1290" HPOS="549"/>
<SP HEIGHT="68" WIDTH="15" VPOS="1290" HPOS="729"/>
<String CONTENT="Macoy" HEIGHT="70" WIDTH="207" VPOS="1290" HPOS="745"/>
<SP HEIGHT="51" WIDTH="21" VPOS="1309" HPOS="953"/>
<String CONTENT="publishing" HEIGHT="70" WIDTH="337" VPOS="1290" HPOS="975"/>
<SP HEIGHT="51" WIDTH="17" VPOS="1309" HPOS="1313"/>
<String CONTENT="and" HEIGHT="54" WIDTH="114" VPOS="1290" HPOS="1331"/>
<SP HEIGHT="53" WIDTH="20" VPOS="1290" HPOS="1446"/>
<String CONTENT="masonic" HEIGHT="53" WIDTH="253" VPOS="1290" HPOS="1467"/>
<SP HEIGHT="35" WIDTH="17" VPOS="1308" HPOS="1721"/>
<String CONTENT="supply" HEIGHT="66" WIDTH="211" VPOS="1292" HPOS="1739"/>
<SP HEIGHT="50" WIDTH="16" VPOS="1308" HPOS="1951"/>
<String CONTENT="company," HEIGHT="129" WIDTH="1972" VPOS="1308" HPOS="117"/>
<SP HEIGHT="62" WIDTH="33" VPOS="1374" HPOS="284"/>
<String CONTENT="1932." HEIGHT="49" WIDTH="149" VPOS="1373" HPOS="318"/>
</TextLine>
<TextLine HEIGHT="52" WIDTH="1155" VPOS="1451" HPOS="184" CS="1">
<String CONTENT="3" HEIGHT="41" WIDTH="27" VPOS="1452" HPOS="184"/>
<SP HEIGHT="49" WIDTH="22" VPOS="1452" HPOS="212"/>
<String CONTENT="p." HEIGHT="38" WIDTH="43" VPOS="1463" HPOS="235"/>
<SP/>
<String CS="1" CONTENT="l.,"/>
<SP/>
<String CS="1" CONTENT="[v]-xvi," HEIGHT="51" WIDTH="189" VPOS="1452" HPOS="375"/>
<SP HEIGHT="47" WIDTH="23" VPOS="1453" HPOS="565"/>
<String CONTENT="367" HEIGHT="42" WIDTH="85" VPOS="1452" HPOS="589"/>
<SP HEIGHT="47" WIDTH="23" VPOS="1454" HPOS="675"/>
<String CONTENT="p." HEIGHT="37" WIDTH="44" VPOS="1464" HPOS="699"/>
<SP HEIGHT="42" WIDTH="59" VPOS="1452" HPOS="744"/>
<String CS="1" CONTENT="front." HEIGHT="41" WIDTH="136" VPOS="1452" HPOS="804"/>
<SP HEIGHT="49" WIDTH="26" VPOS="1451" HPOS="954"/>
<String CONTENT="(port.)" HEIGHT="50" WIDTH="173" VPOS="1451" HPOS="981"/>
<SP HEIGHT="47" WIDTH="66" VPOS="1452" HPOS="1155"/>
<String CONTENT="21" HEIGHT="39" WIDTH="55" VPOS="1452" HPOS="1222"/>
<String STYLE="superscript" CS="1" CONTENT="&#7580;&#7504;"/>
<String CONTENT="." HEIGHT="9" WIDTH="9" VPOS="1484" HPOS="1330"/>
</TextLine>
<TextLine HEIGHT="53" WIDTH="1993" VPOS="1518" HPOS="120">
<String CONTENT="&#169;" HEIGHT="52" WIDTH="51" VPOS="1518" HPOS="120"/>
<SP HEIGHT="52" WIDTH="25" VPOS="1518" HPOS="172"/>
<String CONTENT="Jan." HEIGHT="40" WIDTH="110" VPOS="1523" HPOS="198"/>
<SP HEIGHT="39" WIDTH="26" VPOS="1524" HPOS="309"/>
<String CONTENT="13," HEIGHT="48" WIDTH="67" VPOS="1523" HPOS="336"/>
<SP HEIGHT="46" WIDTH="27" VPOS="1525" HPOS="404"/>
<String CONTENT="1932;" HEIGHT="47" WIDTH="139" VPOS="1522" HPOS="432"/>
<SP HEIGHT="46" WIDTH="27" VPOS="1523" HPOS="572"/>
<String CONTENT="2c." HEIGHT="39" WIDTH="65" VPOS="1523" HPOS="600"/>
<SP HEIGHT="39" WIDTH="28" VPOS="1523" HPOS="666"/>
<String CONTENT="Jan." HEIGHT="40" WIDTH="109" VPOS="1523" HPOS="695"/>
<SP HEIGHT="39" WIDTH="25" VPOS="1524" HPOS="805"/>
<String CONTENT="18;" HEIGHT="47" WIDTH="83" VPOS="1522" HPOS="831"/>
<SP HEIGHT="36" WIDTH="27" VPOS="1533" HPOS="915"/>
<String LANG="de" CONTENT="aff." HEIGHT="41" WIDTH="82" VPOS="1521" HPOS="943"/>
<SP HEIGHT="39" WIDTH="26" VPOS="1523" HPOS="1026"/>
<String CONTENT="Jan." HEIGHT="39" WIDTH="108" VPOS="1523" HPOS="1053"/>
<SP HEIGHT="37" WIDTH="27" VPOS="1524" HPOS="1162"/>
<String CONTENT="19;" HEIGHT="50" WIDTH="83" VPOS="1520" HPOS="1190"/>
<SP HEIGHT="48" WIDTH="26" VPOS="1522" HPOS="1274"/>
<!-- cceid FFB25A20-6D7C-1014-B4A5-D7A31D17AB40 --><String CONTENT="A" HEIGHT="39" WIDTH="40" VPOS="1522" HPOS="1301"/>
<SP HEIGHT="39" WIDTH="26" VPOS="1522" HPOS="1342"/>
<String CONTENT="46979;" HEIGHT="48" WIDTH="170" VPOS="1520" HPOS="1369"/>
<SP HEIGHT="46" WIDTH="31" VPOS="1522" HPOS="1540"/>
<String CONTENT="Macoy" HEIGHT="47" WIDTH="169" VPOS="1522" HPOS="1572"/>
<SP HEIGHT="37" WIDTH="27" VPOS="1532" HPOS="1742"/>
<String CONTENT="publishing" HEIGHT="50" WIDTH="280" VPOS="1519" HPOS="1770"/>
<SP HEIGHT="49" WIDTH="24" VPOS="1518" HPOS="2051"/>
<String CONTENT="&amp;" HEIGHT="40" WIDTH="37" VPOS="1518" HPOS="2076"/>
</TextLine>
<TextLine HEIGHT="49" WIDTH="836" VPOS="1578" HPOS="187">
<String CONTENT="masonic" HEIGHT="39" WIDTH="216" VPOS="1580" HPOS="187"/>
<SP HEIGHT="29" WIDTH="27" VPOS="1591" HPOS="404"/>
<String CONTENT="supply" HEIGHT="47" WIDTH="171" VPOS="1580" HPOS="432"/>
<SP HEIGHT="37" WIDTH="31" VPOS="1590" HPOS="604"/>
<String CONTENT="co." HEIGHT="30" WIDTH="65" VPOS="1590" HPOS="636"/>
<SP HEIGHT="49" WIDTH="70" VPOS="1578" HPOS="702"/>
<String CONTENT="(32-3020)" HEIGHT="49" WIDTH="250" VPOS="1578" HPOS="773"/>
</TextLine>
<TextLine HEIGHT="64" WIDTH="794" VPOS="1682" HPOS="114" STYLEREFS="StyleId-E15417DB-1306-4752-9B42-3E0E52B4DDFF-">
<String CONTENT="Heath," HEIGHT="64" WIDTH="218" VPOS="1682" HPOS="114"/>
<SP HEIGHT="63" WIDTH="28" VPOS="1683" HPOS="333"/>
<String CONTENT="Elizabeth" HEIGHT="53" WIDTH="308" VPOS="1682" HPOS="362"/>
<SP HEIGHT="53" WIDTH="27" VPOS="1682" HPOS="671"/>
<String CONTENT="Alden." HEIGHT="56" WIDTH="209" VPOS="1682" HPOS="699"/>
</TextLine>
<TextLine HEIGHT="71" WIDTH="1925" VPOS="1753" HPOS="182" STYLEREFS="StyleId-2A15C8B6-B3D5-4A57-9990-B8D6FC4E20FD-">
<String CONTENT="The" HEIGHT="52" WIDTH="121" VPOS="1758" HPOS="182"/>
<SP HEIGHT="34" WIDTH="36" VPOS="1776" HPOS="304"/>
<String CONTENT="affair" HEIGHT="55" WIDTH="169" VPOS="1756" HPOS="341"/>
<SP HEIGHT="34" WIDTH="37" VPOS="1776" HPOS="511"/>
<String CONTENT="at" HEIGHT="47" WIDTH="59" VPOS="1763" HPOS="549"/>
<SP HEIGHT="51" WIDTH="37" VPOS="1758" HPOS="609"/>
<String CONTENT="Tideways," HEIGHT="66" WIDTH="317" VPOS="1758" HPOS="647"/>
<SP HEIGHT="68" WIDTH="35" VPOS="1756" HPOS="965"/>
<String CONTENT="by" HEIGHT="68" WIDTH="75" VPOS="1756" HPOS="1001"/>
<SP HEIGHT="67" WIDTH="37" VPOS="1757" HPOS="1077"/>
<String CONTENT="Elizabeth" HEIGHT="55" WIDTH="300" VPOS="1756" HPOS="1115"/>
<SP HEIGHT="51" WIDTH="38" VPOS="1757" HPOS="1416"/>
<String CONTENT="Alden" HEIGHT="53" WIDTH="190" VPOS="1756" HPOS="1455"/>
<SP HEIGHT="52" WIDTH="38" VPOS="1756" HPOS="1646"/>
<String CONTENT="Heath." HEIGHT="53" WIDTH="209" VPOS="1756" HPOS="1685"/>
<SP HEIGHT="54" WIDTH="76" VPOS="1753" HPOS="1895"/>
<String CONTENT="New" HEIGHT="53" WIDTH="135" VPOS="1753" HPOS="1972"/>
</TextLine>
<TextLine HEIGHT="68" WIDTH="1355" VPOS="1833" HPOS="115" STYLEREFS="StyleId-2A15C8B6-B3D5-4A57-9990-B8D6FC4E20FD-" CS="1">
<String CONTENT="York," HEIGHT="67" WIDTH="177" VPOS="1834" HPOS="115"/>
<SP HEIGHT="67" WIDTH="24" VPOS="1834" HPOS="293"/>
<String CONTENT="Thomas" HEIGHT="53" WIDTH="246" VPOS="1834" HPOS="318"/>
<SP HEIGHT="53" WIDTH="27" VPOS="1834" HPOS="565"/>
<String CONTENT="Y." HEIGHT="52" WIDTH="71" VPOS="1834" HPOS="593"/>
<SP HEIGHT="55" WIDTH="31" VPOS="1833" HPOS="665"/>
<String CONTENT="Crowell" HEIGHT="55" WIDTH="240" VPOS="1833" HPOS="697"/>
<SP HEIGHT="51" WIDTH="27" VPOS="1835" HPOS="938"/>
<String CONTENT="company" HEIGHT="50" WIDTH="276" VPOS="1851" HPOS="966"/>
<SP HEIGHT="47" WIDTH="33" VPOS="1854" HPOS="1243"/>
<String CONTENT="[" HEIGHT="33" WIDTH="12" VPOS="1868" HPOS="1277"/>
<String STYLE="superscript" CS="1" CONTENT="&#7580;1"/>
<String CONTENT="932]" HEIGHT="65" WIDTH="119" VPOS="1836" HPOS="1351"/>
</TextLine>
<TextLine HEIGHT="49" WIDTH="377" VPOS="1903" HPOS="182" CS="1">
<String CONTENT="288" HEIGHT="42" WIDTH="88" VPOS="1903" HPOS="182"/>
<SP HEIGHT="48" WIDTH="33" VPOS="1904" HPOS="271"/>
<String CONTENT="p." HEIGHT="38" WIDTH="43" VPOS="1914" HPOS="305"/>
<SP HEIGHT="40" WIDTH="62" VPOS="1904" HPOS="349"/>
<String CS="1" CONTENT="19&#189;" HEIGHT="41" WIDTH="58" VPOS="1904" HPOS="412"/>
<String STYLE="superscript" CS="1" CONTENT="&#7580;&#7504;"/>
<String CONTENT="." HEIGHT="8" WIDTH="10" VPOS="1936" HPOS="549"/>
</TextLine>
<TextLine HEIGHT="52" WIDTH="1991" VPOS="1973" HPOS="120" CS="1">
<String CONTENT="&#169;" HEIGHT="52" WIDTH="51" VPOS="1973" HPOS="120"/>
<SP HEIGHT="52" WIDTH="27" VPOS="1973" HPOS="172"/>
<String CONTENT="Feb." HEIGHT="40" WIDTH="109" VPOS="1977" HPOS="200"/>
<SP HEIGHT="39" WIDTH="26" VPOS="1978" HPOS="310"/>
<String CONTENT="1," HEIGHT="46" WIDTH="38" VPOS="1978" HPOS="337"/>
<SP HEIGHT="46" WIDTH="27" VPOS="1978" HPOS="376"/>
<String CS="1" CONTENT="1932;" HEIGHT="41" WIDTH="113" VPOS="1976" HPOS="404"/>
<SP HEIGHT="49" WIDTH="28" VPOS="1975" HPOS="544"/>
<String CONTENT="2c." HEIGHT="41" WIDTH="66" VPOS="1975" HPOS="573"/>
<SP HEIGHT="38" WIDTH="28" VPOS="1977" HPOS="640"/>
<String CONTENT="Feb." HEIGHT="42" WIDTH="110" VPOS="1977" HPOS="669"/>
<SP HEIGHT="41" WIDTH="24" VPOS="1978" HPOS="780"/>
<String CS="1" CONTENT="4;" HEIGHT="37" WIDTH="28" VPOS="1978" HPOS="805"/>
<SP HEIGHT="37" WIDTH="29" VPOS="1987" HPOS="860"/>
<String CONTENT="aff." HEIGHT="40" WIDTH="81" VPOS="1976" HPOS="890"/>
<SP HEIGHT="38" WIDTH="28" VPOS="1978" HPOS="972"/>
<String CONTENT="Feb." HEIGHT="40" WIDTH="109" VPOS="1976" HPOS="1001"/>
<SP HEIGHT="40" WIDTH="25" VPOS="1976" HPOS="1111"/>
<String CS="1" CONTENT="3;" HEIGHT="40" WIDTH="25" VPOS="1976" HPOS="1137"/>
<SP HEIGHT="47" WIDTH="27" VPOS="1976" HPOS="1192"/>
<!-- cceid FFB31155-6D7C-1014-B4A5-D7A31D17AB40 --><String CONTENT="A" HEIGHT="38" WIDTH="41" VPOS="1976" HPOS="1220"/>
<SP HEIGHT="39" WIDTH="23" VPOS="1976" HPOS="1262"/>
<String CS="1" CONTENT="47417;" HEIGHT="40" WIDTH="146" VPOS="1976" HPOS="1286"/>
<SP HEIGHT="47" WIDTH="28" VPOS="1976" HPOS="1458"/>
<String CONTENT="Thomas" HEIGHT="39" WIDTH="211" VPOS="1976" HPOS="1487"/>
<SP HEIGHT="39" WIDTH="26" VPOS="1976" HPOS="1699"/>
<String CONTENT="Y." HEIGHT="42" WIDTH="54" VPOS="1976" HPOS="1726"/>
<SP HEIGHT="44" WIDTH="28" VPOS="1974" HPOS="1781"/>
<String CONTENT="Crowell" HEIGHT="41" WIDTH="204" VPOS="1973" HPOS="1810"/>
<SP HEIGHT="39" WIDTH="27" VPOS="1975" HPOS="2015"/>
<String CONTENT="co." HEIGHT="31" WIDTH="68" VPOS="1984" HPOS="2043"/>
</TextLine>
<TextLine HEIGHT="50" WIDTH="249" VPOS="2032" HPOS="199">
<String CONTENT="(32-3294)" HEIGHT="50" WIDTH="249" VPOS="2032" HPOS="199"/>
</TextLine>
<TextLine HEIGHT="66" WIDTH="783" VPOS="2136" HPOS="120" STYLEREFS="StyleId-E15417DB-1306-4752-9B42-3E0E52B4DDFF-" CS="1">
<String CONTENT="[Henderson," HEIGHT="66" WIDTH="384" VPOS="2136" HPOS="120"/>
<SP HEIGHT="65" WIDTH="27" VPOS="2136" HPOS="505"/>
<String CONTENT="James" HEIGHT="54" WIDTH="202" VPOS="2136" HPOS="533"/>
<SP HEIGHT="53" WIDTH="26" VPOS="2137" HPOS="736"/>
<String CS="1" CONTENT="Max]" HEIGHT="52" WIDTH="140" VPOS="2137" HPOS="763"/>
</TextLine>
<TextLine HEIGHT="69" WIDTH="1860" VPOS="2211" HPOS="248" STYLEREFS="StyleId-2A15C8B6-B3D5-4A57-9990-B8D6FC4E20FD-" CS="1">
<String CS="1" CONTENT="&#8230;"/>
<SP HEIGHT="47" WIDTH="53" VPOS="2216" HPOS="248"/>
<String CONTENT="1931" HEIGHT="48" WIDTH="134" VPOS="2216" HPOS="302"/>
<SP HEIGHT="47" WIDTH="47" VPOS="2217" HPOS="437"/>
<String CONTENT="supplement" HEIGHT="66" WIDTH="362" VPOS="2214" HPOS="485"/>
<SP HEIGHT="46" WIDTH="48" VPOS="2218" HPOS="848"/>
<String CONTENT="to" HEIGHT="46" WIDTH="59" VPOS="2218" HPOS="897"/>
<SP HEIGHT="35" WIDTH="49" VPOS="2230" HPOS="957"/>
<String CONTENT="volumes" HEIGHT="50" WIDTH="250" VPOS="2215" HPOS="1007"/>
<SP HEIGHT="48" WIDTH="52" VPOS="2216" HPOS="1258"/>
<String CS="1" CONTENT="1&#8211;4," HEIGHT="63" WIDTH="116" VPOS="2216" HPOS="1311"/>
<SP HEIGHT="65" WIDTH="50" VPOS="2214" HPOS="1428"/>
<String CONTENT="Bancroft&#8217;s" HEIGHT="53" WIDTH="330" VPOS="2211" HPOS="1479"/>
<SP HEIGHT="50" WIDTH="48" VPOS="2214" HPOS="1810"/>
<String CONTENT="Probate" HEIGHT="52" WIDTH="249" VPOS="2212" HPOS="1859"/>
</TextLine>
<TextLine HEIGHT="71" WIDTH="1993" VPOS="2288" HPOS="114" STYLEREFS="StyleId-2A15C8B6-B3D5-4A57-9990-B8D6FC4E20FD-" CS="1">
<String CONTENT="practice." HEIGHT="67" WIDTH="263" VPOS="2289" HPOS="114"/>
<SP HEIGHT="34" WIDTH="79" VPOS="2323" HPOS="378"/>
<String CS="1" CONTENT="[San" HEIGHT="56" WIDTH="116" VPOS="2288" HPOS="479"/>
<SP HEIGHT="51" WIDTH="44" VPOS="2291" HPOS="596"/>
<String CONTENT="Francisco," HEIGHT="69" WIDTH="322" VPOS="2289" HPOS="641"/>
<SP HEIGHT="68" WIDTH="45" VPOS="2290" HPOS="964"/>
<String CONTENT="Calif.," HEIGHT="69" WIDTH="195" VPOS="2289" HPOS="1010"/>
<SP HEIGHT="67" WIDTH="43" VPOS="2291" HPOS="1206"/>
<String CONTENT="The" HEIGHT="53" WIDTH="121" VPOS="2290" HPOS="1250"/>
<SP HEIGHT="55" WIDTH="46" VPOS="2291" HPOS="1372"/>
<String CONTENT="Co-operative" HEIGHT="69" WIDTH="402" VPOS="2289" HPOS="1419"/>
<SP HEIGHT="52" WIDTH="41" VPOS="2290" HPOS="1822"/>
<String CONTENT="bindery" HEIGHT="70" WIDTH="243" VPOS="2289" HPOS="1864"/>
</TextLine>
<TextLine HEIGHT="64" WIDTH="500" VPOS="2371" HPOS="115" STYLEREFS="StyleId-2A15C8B6-B3D5-4A57-9990-B8D6FC4E20FD-" CS="1">
<String CONTENT="company," HEIGHT="51" WIDTH="296" VPOS="2384" HPOS="115"/>
<SP HEIGHT="60" WIDTH="25" VPOS="2375" HPOS="412"/>
<String STYLE="superscript" CS="1" CONTENT="&#7580;1"/>
<String CONTENT="931]" HEIGHT="63" WIDTH="119" VPOS="2371" HPOS="496"/>
</TextLine>
<TextLine HEIGHT="41" WIDTH="303" VPOS="2440" HPOS="183" CS="1">
<String CONTENT="4" HEIGHT="37" WIDTH="27" VPOS="2442" HPOS="183"/>
<SP HEIGHT="38" WIDTH="27" VPOS="2442" HPOS="211"/>
<String CS="1" CONTENT="v." HEIGHT="8" WIDTH="9" VPOS="2473" HPOS="273"/>
<SP HEIGHT="40" WIDTH="57" VPOS="2441" HPOS="283"/>
<String CS="1" CONTENT="22&#189;" HEIGHT="40" WIDTH="55" VPOS="2440" HPOS="341"/>
<String STYLE="superscript" CS="1" CONTENT="&#7580;&#7504;"/>
<String CONTENT="." HEIGHT="9" WIDTH="9" VPOS="2471" HPOS="477"/>
</TextLine>
<TextLine HEIGHT="47" WIDTH="1925" VPOS="2497" HPOS="188">
<String CONTENT="These" HEIGHT="40" WIDTH="153" VPOS="2497" HPOS="188"/>
<SP HEIGHT="37" WIDTH="33" VPOS="2507" HPOS="342"/>
<String CONTENT="pamphlets" HEIGHT="46" WIDTH="274" VPOS="2498" HPOS="376"/>
<SP HEIGHT="30" WIDTH="35" VPOS="2507" HPOS="651"/>
<String CONTENT="are" HEIGHT="30" WIDTH="84" VPOS="2507" HPOS="687"/>
<SP HEIGHT="37" WIDTH="34" VPOS="2501" HPOS="772"/>
<String CONTENT="to" HEIGHT="37" WIDTH="49" VPOS="2501" HPOS="807"/>
<SP HEIGHT="39" WIDTH="34" VPOS="2498" HPOS="857"/>
<String CONTENT="be" HEIGHT="39" WIDTH="58" VPOS="2498" HPOS="892"/>
<SP HEIGHT="40" WIDTH="33" VPOS="2497" HPOS="951"/>
<String CONTENT="fitted" HEIGHT="41" WIDTH="138" VPOS="2497" HPOS="985"/>
<SP HEIGHT="40" WIDTH="35" VPOS="2497" HPOS="1124"/>
<String CONTENT="into" HEIGHT="41" WIDTH="103" VPOS="2497" HPOS="1160"/>
<SP HEIGHT="37" WIDTH="35" VPOS="2501" HPOS="1264"/>
<String CONTENT="the" HEIGHT="39" WIDTH="83" VPOS="2500" HPOS="1300"/>
<SP HEIGHT="40" WIDTH="34" VPOS="2499" HPOS="1384"/>
<String CONTENT="backs" HEIGHT="39" WIDTH="149" VPOS="2499" HPOS="1419"/>
<SP HEIGHT="29" WIDTH="32" VPOS="2509" HPOS="1569"/>
<String CONTENT="of" HEIGHT="41" WIDTH="53" VPOS="2497" HPOS="1602"/>
<SP HEIGHT="41" WIDTH="33" VPOS="2497" HPOS="1656"/>
<String CONTENT="the" HEIGHT="40" WIDTH="81" VPOS="2498" HPOS="1690"/>
<SP HEIGHT="30" WIDTH="36" VPOS="2508" HPOS="1772"/>
<String CONTENT="volumes" HEIGHT="40" WIDTH="218" VPOS="2498" HPOS="1809"/>
<SP HEIGHT="30" WIDTH="31" VPOS="2508" HPOS="2028"/>
<String CONTENT="of" HEIGHT="40" WIDTH="53" VPOS="2497" HPOS="2060"/>
</TextLine>
<TextLine HEIGHT="49" WIDTH="805" VPOS="2553" HPOS="115">
<String CONTENT="the" HEIGHT="39" WIDTH="81" VPOS="2553" HPOS="115"/>
<SP HEIGHT="31" WIDTH="27" VPOS="2563" HPOS="197"/>
<String CONTENT="set" HEIGHT="39" WIDTH="74" VPOS="2555" HPOS="225"/>
<SP HEIGHT="38" WIDTH="27" VPOS="2555" HPOS="300"/>
<String CONTENT="to" HEIGHT="36" WIDTH="49" VPOS="2557" HPOS="328"/>
<SP HEIGHT="29" WIDTH="26" VPOS="2564" HPOS="378"/>
<String CONTENT="which" HEIGHT="40" WIDTH="159" VPOS="2553" HPOS="405"/>
<SP HEIGHT="39" WIDTH="27" VPOS="2554" HPOS="565"/>
<String CONTENT="they" HEIGHT="47" WIDTH="114" VPOS="2554" HPOS="593"/>
<SP HEIGHT="47" WIDTH="28" VPOS="2554" HPOS="708"/>
<String CONTENT="belong." HEIGHT="48" WIDTH="183" VPOS="2554" HPOS="737"/>
</TextLine>
<TextLine HEIGHT="54" WIDTH="1990" VPOS="2605" HPOS="120" CS="1">
<String CONTENT="&#169;" HEIGHT="52" WIDTH="52" VPOS="2605" HPOS="120"/>
<SP HEIGHT="52" WIDTH="28" VPOS="2605" HPOS="173"/>
<String CONTENT="Jan." HEIGHT="41" WIDTH="110" VPOS="2610" HPOS="202"/>
<SP HEIGHT="40" WIDTH="26" VPOS="2611" HPOS="313"/>
<String CS="1" CONTENT="18," HEIGHT="16" WIDTH="8" VPOS="2641" HPOS="400"/>
<SP HEIGHT="46" WIDTH="28" VPOS="2611" HPOS="409"/>
<String CONTENT="1932;" HEIGHT="47" WIDTH="140" VPOS="2610" HPOS="438"/>
<SP HEIGHT="47" WIDTH="29" VPOS="2610" HPOS="579"/>
<String CONTENT="2c." HEIGHT="40" WIDTH="66" VPOS="2610" HPOS="609"/>
<SP HEIGHT="30" WIDTH="29" VPOS="2621" HPOS="676"/>
<String CONTENT="each" HEIGHT="39" WIDTH="117" VPOS="2612" HPOS="706"/>
<SP HEIGHT="38" WIDTH="28" VPOS="2612" HPOS="824"/>
<String CONTENT="and" HEIGHT="38" WIDTH="96" VPOS="2612" HPOS="853"/>
<SP HEIGHT="38" WIDTH="28" VPOS="2612" HPOS="950"/>
<String LANG="de" CONTENT="aff." HEIGHT="40" WIDTH="82" VPOS="2610" HPOS="979"/>
<SP HEIGHT="40" WIDTH="30" VPOS="2611" HPOS="1062"/>
<String CONTENT="Jan." HEIGHT="41" WIDTH="109" VPOS="2611" HPOS="1093"/>
<SP HEIGHT="42" WIDTH="28" VPOS="2610" HPOS="1203"/>
<String CONTENT="23;" HEIGHT="49" WIDTH="82" VPOS="2610" HPOS="1232"/>
<SP HEIGHT="47" WIDTH="32" VPOS="2612" HPOS="1315"/>
<!-- cceid FFB3C994-6D7C-1014-B4A5-D7A31D17AB40 --><String CONTENT="A" HEIGHT="38" WIDTH="40" VPOS="2612" HPOS="1348"/>
<SP HEIGHT="38" WIDTH="27" VPOS="2612" HPOS="1389"/>
<String CONTENT="48076;" HEIGHT="47" WIDTH="172" VPOS="2611" HPOS="1417"/>
<SP HEIGHT="46" WIDTH="33" VPOS="2612" HPOS="1590"/>
<String CONTENT="Bancroft-Whitney" HEIGHT="47" WIDTH="486" VPOS="2611" HPOS="1624"/>
</TextLine>
<TextLine HEIGHT="46" WIDTH="521" VPOS="2667" HPOS="187">
<String CONTENT="co.," HEIGHT="36" WIDTH="82" VPOS="2677" HPOS="187"/>
<SP HEIGHT="46" WIDTH="34" VPOS="2667" HPOS="270"/>
<String CONTENT="San" HEIGHT="40" WIDTH="96" VPOS="2667" HPOS="305"/>
<SP HEIGHT="39" WIDTH="32" VPOS="2667" HPOS="402"/>
<String CONTENT="Francisco." HEIGHT="40" WIDTH="273" VPOS="2667" HPOS="435"/>
</TextLine>
<TextLine HEIGHT="67" WIDTH="618" VPOS="2767" HPOS="114" STYLEREFS="StyleId-E15417DB-1306-4752-9B42-3E0E52B4DDFF-">
<String LANG="de" CONTENT="Herold," HEIGHT="66" WIDTH="234" VPOS="2767" HPOS="114"/>
<SP HEIGHT="63" WIDTH="31" VPOS="2770" HPOS="349"/>
<String LANG="en-US" CONTENT="Don," HEIGHT="64" WIDTH="147" VPOS="2770" HPOS="381"/>
<SP HEIGHT="58" WIDTH="31" VPOS="2776" HPOS="529"/>
<String LANG="en-US" CONTENT="1889-" HEIGHT="50" WIDTH="171" VPOS="2775" HPOS="561"/>
</TextLine>
<TextLine HEIGHT="73" WIDTH="1926" VPOS="2843" HPOS="181" STYLEREFS="StyleId-2A15C8B6-B3D5-4A57-9990-B8D6FC4E20FD-">
<String CONTENT="Doing" HEIGHT="70" WIDTH="195" VPOS="2843" HPOS="181"/>
<SP HEIGHT="67" WIDTH="28" VPOS="2846" HPOS="377"/>
<String CONTENT="Europe&#8212;and" HEIGHT="67" WIDTH="416" VPOS="2846" HPOS="406"/>
<SP HEIGHT="51" WIDTH="29" VPOS="2848" HPOS="823"/>
<String CONTENT="vice" HEIGHT="54" WIDTH="120" VPOS="2846" HPOS="853"/>
<SP HEIGHT="34" WIDTH="29" VPOS="2865" HPOS="974"/>
<String CONTENT="versa;" HEIGHT="50" WIDTH="189" VPOS="2865" HPOS="1004"/>
<SP HEIGHT="47" WIDTH="32" VPOS="2868" HPOS="1194"/>
<String CONTENT="words" HEIGHT="53" WIDTH="186" VPOS="2848" HPOS="1227"/>
<SP HEIGHT="34" WIDTH="28" VPOS="2867" HPOS="1414"/>
<String CONTENT="and" HEIGHT="53" WIDTH="113" VPOS="2848" HPOS="1443"/>
<SP HEIGHT="67" WIDTH="31" VPOS="2848" HPOS="1557"/>
<String CONTENT="pictures" HEIGHT="68" WIDTH="248" VPOS="2847" HPOS="1589"/>
<SP HEIGHT="52" WIDTH="31" VPOS="2848" HPOS="1838"/>
<String CONTENT="by" HEIGHT="68" WIDTH="73" VPOS="2848" HPOS="1870"/>
<SP HEIGHT="67" WIDTH="32" VPOS="2849" HPOS="1944"/>
<String CONTENT="Don" HEIGHT="52" WIDTH="130" VPOS="2849" HPOS="1977"/>
</TextLine>
<TextLine HEIGHT="71" WIDTH="1692" VPOS="2922" HPOS="113" STYLEREFS="StyleId-2A15C8B6-B3D5-4A57-9990-B8D6FC4E20FD-">
<String LANG="de" CONTENT="Herold." HEIGHT="53" WIDTH="236" VPOS="2922" HPOS="113"/>
<SP HEIGHT="50" WIDTH="74" VPOS="2924" HPOS="350"/>
<String CONTENT="Boston," HEIGHT="67" WIDTH="233" VPOS="2924" HPOS="425"/>
<SP HEIGHT="65" WIDTH="28" VPOS="2926" HPOS="659"/>
<String CONTENT="Little," HEIGHT="68" WIDTH="194" VPOS="2924" HPOS="688"/>
<SP HEIGHT="65" WIDTH="32" VPOS="2927" HPOS="883"/>
<String CONTENT="Brown," HEIGHT="64" WIDTH="229" VPOS="2927" HPOS="916"/>
<SP HEIGHT="47" WIDTH="31" VPOS="2944" HPOS="1146"/>
<String CONTENT="and" HEIGHT="51" WIDTH="112" VPOS="2927" HPOS="1178"/>
<SP HEIGHT="52" WIDTH="31" VPOS="2927" HPOS="1291"/>
<String CONTENT="company," HEIGHT="49" WIDTH="297" VPOS="2944" HPOS="1323"/>
<SP HEIGHT="61" WIDTH="32" VPOS="2932" HPOS="1621"/>
<String CONTENT="1932." HEIGHT="51" WIDTH="151" VPOS="2929" HPOS="1654"/>
</TextLine>
<TextLine HEIGHT="52" WIDTH="1099" VPOS="2994" HPOS="183" STYLEREFS="StyleId-2A15C8B6-B3D5-4A57-9990-B8D6FC4E20FD-" CS="1">
<String CONTENT="ix," HEIGHT="49" WIDTH="64" VPOS="2994" HPOS="183"/>
<SP HEIGHT="46" WIDTH="25" VPOS="2997" HPOS="248"/>
<String CONTENT="188" HEIGHT="40" WIDTH="86" VPOS="2996" HPOS="274"/>
<SP HEIGHT="48" WIDTH="23" VPOS="2996" HPOS="361"/>
<String CONTENT="p." HEIGHT="37" WIDTH="43" VPOS="3007" HPOS="385"/>
<SP HEIGHT="40" WIDTH="26" VPOS="2995" HPOS="429"/>
<String CONTENT="incl." HEIGHT="43" WIDTH="110" VPOS="2995" HPOS="456"/>
<SP HEIGHT="37" WIDTH="24" VPOS="3007" HPOS="567"/>
<String CS="1" CONTENT="plates." HEIGHT="47" WIDTH="156" VPOS="2997" HPOS="592"/>
<SP HEIGHT="39" WIDTH="57" VPOS="2997" HPOS="763"/>
<String CONTENT="front.," HEIGHT="47" WIDTH="163" VPOS="2997" HPOS="821"/>
<SP HEIGHT="38" WIDTH="26" VPOS="3008" HPOS="985"/>
<String CS="1" CONTENT="pl." HEIGHT="38" WIDTH="61" VPOS="3008" HPOS="1012"/>
<SP HEIGHT="40" WIDTH="62" VPOS="2997" HPOS="1074"/>
<String CS="1" CONTENT="21&#189;" HEIGHT="39" WIDTH="55" VPOS="2997" HPOS="1137"/>
<String STYLE="superscript" CS="1" CONTENT="&#7580;&#7504;"/>
<String CONTENT="." HEIGHT="8" WIDTH="8" VPOS="3029" HPOS="1274"/>
</TextLine>
<TextLine HEIGHT="41" WIDTH="204" VPOS="3052" HPOS="184">
<String CONTENT="Letters." HEIGHT="41" WIDTH="204" VPOS="3052" HPOS="184"/>
</TextLine>
<TextLine HEIGHT="54" WIDTH="1990" VPOS="3105" HPOS="120" CS="1">
<String CONTENT="&#169;" HEIGHT="51" WIDTH="51" VPOS="3105" HPOS="120"/>
<SP HEIGHT="51" WIDTH="22" VPOS="3105" HPOS="172"/>
<String CONTENT="Jan." HEIGHT="40" WIDTH="109" VPOS="3109" HPOS="195"/>
<SP HEIGHT="40" WIDTH="21" VPOS="3109" HPOS="305"/>
<String CONTENT="2," HEIGHT="48" WIDTH="40" VPOS="3109" HPOS="327"/>
<SP HEIGHT="46" WIDTH="22" VPOS="3111" HPOS="368"/>
<String CS="1" CONTENT="1932;" HEIGHT="42" WIDTH="112" VPOS="3108" HPOS="391"/>
<SP HEIGHT="47" WIDTH="24" VPOS="3109" HPOS="532"/>
<String CONTENT="2c." HEIGHT="40" WIDTH="66" VPOS="3109" HPOS="557"/>
<SP HEIGHT="40" WIDTH="23" VPOS="3110" HPOS="624"/>
<String CONTENT="Jan." HEIGHT="40" WIDTH="107" VPOS="3110" HPOS="648"/>
<SP HEIGHT="40" WIDTH="25" VPOS="3111" HPOS="756"/>
<String CS="1" CONTENT="8;"/>
<SP HEIGHT="36" WIDTH="26" VPOS="3121" HPOS="833"/>
<String LANG="de" CONTENT="aff." HEIGHT="42" WIDTH="82" VPOS="3110" HPOS="860"/>
<SP HEIGHT="41" WIDTH="23" VPOS="3111" HPOS="943"/>
<String CONTENT="Jan." HEIGHT="40" WIDTH="109" VPOS="3111" HPOS="967"/>
<SP HEIGHT="41" WIDTH="21" VPOS="3110" HPOS="1077"/>
<String CS="1" CONTENT="22;" HEIGHT="39" WIDTH="55" VPOS="3110" HPOS="1099"/>
<SP HEIGHT="45" WIDTH="25" VPOS="3112" HPOS="1182"/>
<!-- cceid FFB47E57-6D7C-1014-B4A5-D7A31D17AB40 --><String CONTENT="A" HEIGHT="37" WIDTH="39" VPOS="3112" HPOS="1208"/>
<SP HEIGHT="38" WIDTH="22" VPOS="3112" HPOS="1248"/>
<String CS="1" CONTENT="48058;" HEIGHT="41" WIDTH="115" VPOS="3111" HPOS="1271"/>
<SP HEIGHT="47" WIDTH="26" VPOS="3111" HPOS="1443"/>
<String CONTENT="D." HEIGHT="43" WIDTH="56" VPOS="3111" HPOS="1470"/>
<SP HEIGHT="42" WIDTH="23" VPOS="3112" HPOS="1527"/>
<String LANG="de" CONTENT="Herold," HEIGHT="46" WIDTH="197" VPOS="3112" HPOS="1551"/>
<SP HEIGHT="46" WIDTH="24" VPOS="3112" HPOS="1749"/>
<String CONTENT="Los" HEIGHT="39" WIDTH="93" VPOS="3112" HPOS="1774"/>
<SP HEIGHT="39" WIDTH="22" VPOS="3112" HPOS="1868"/>
<String CONTENT="Angeles." HEIGHT="47" WIDTH="219" VPOS="3112" HPOS="1891"/>
</TextLine>
<TextLine HEIGHT="48" WIDTH="249" VPOS="3166" HPOS="197">
<String CONTENT="(32-3158)" HEIGHT="48" WIDTH="249" VPOS="3166" HPOS="197"/>
</TextLine>
<TextLine HEIGHT="69" WIDTH="887" VPOS="3266" HPOS="113" STYLEREFS="StyleId-E15417DB-1306-4752-9B42-3E0E52B4DDFF-">
<String CONTENT="Hill," HEIGHT="66" WIDTH="136" VPOS="3266" HPOS="113"/>
<SP HEIGHT="63" WIDTH="29" VPOS="3269" HPOS="250"/>
<String CONTENT="George" HEIGHT="64" WIDTH="224" VPOS="3269" HPOS="280"/>
<SP HEIGHT="53" WIDTH="27" VPOS="3270" HPOS="505"/>
<String CONTENT="Francis," HEIGHT="66" WIDTH="264" VPOS="3269" HPOS="533"/>
<SP HEIGHT="59" WIDTH="29" VPOS="3276" HPOS="798"/>
<String CONTENT="1867-" HEIGHT="54" WIDTH="172" VPOS="3272" HPOS="828"/>
</TextLine>
<TextLine HEIGHT="71" WIDTH="1924" VPOS="3344" HPOS="183" STYLEREFS="StyleId-2A15C8B6-B3D5-4A57-9990-B8D6FC4E20FD-">
<String LANG="en-US" CONTENT="Notes" HEIGHT="55" WIDTH="174" VPOS="3344" HPOS="183"/>
<SP HEIGHT="34" WIDTH="23" VPOS="3365" HPOS="358"/>
<String LANG="en-US" CONTENT="on" HEIGHT="34" WIDTH="73" VPOS="3365" HPOS="382"/>
<SP HEIGHT="45" WIDTH="23" VPOS="3353" HPOS="456"/>
<String LANG="en-US" CONTENT="the" HEIGHT="51" WIDTH="95" VPOS="3347" HPOS="480"/>
<SP HEIGHT="35" WIDTH="23" VPOS="3364" HPOS="576"/>
<String LANG="en-US" CONTENT="ancient" HEIGHT="54" WIDTH="223" VPOS="3345" HPOS="600"/>
<SP HEIGHT="47" WIDTH="24" VPOS="3352" HPOS="824"/>
<String LANG="en-US" CONTENT="coinage" HEIGHT="68" WIDTH="234" VPOS="3347" HPOS="849"/>
<SP HEIGHT="36" WIDTH="22" VPOS="3366" HPOS="1084"/>
<String LANG="en-US" CONTENT="of" HEIGHT="55" WIDTH="64" VPOS="3347" HPOS="1107"/>
<SP HEIGHT="54" WIDTH="22" VPOS="3347" HPOS="1172"/>
<String LANG="la" CONTENT="Hispania" HEIGHT="69" WIDTH="289" VPOS="3346" HPOS="1195"/>
<SP HEIGHT="37" WIDTH="27" VPOS="3366" HPOS="1485"/>
<String LANG="la" CONTENT="citerior," HEIGHT="67" WIDTH="246" VPOS="3347" HPOS="1513"/>
<SP HEIGHT="66" WIDTH="23" VPOS="3348" HPOS="1760"/>
<String LANG="en-US" CONTENT="by" HEIGHT="67" WIDTH="77" VPOS="3348" HPOS="1784"/>
<SP HEIGHT="67" WIDTH="24" VPOS="3348" HPOS="1862"/>
<String LANG="en-US" CONTENT="George" HEIGHT="67" WIDTH="220" VPOS="3348" HPOS="1887"/>
</TextLine>
<TextLine HEIGHT="70" WIDTH="1992" VPOS="3422" HPOS="113" STYLEREFS="StyleId-2A15C8B6-B3D5-4A57-9990-B8D6FC4E20FD-">
<String CONTENT="F." HEIGHT="54" WIDTH="64" VPOS="3422" HPOS="113"/>
<SP HEIGHT="52" WIDTH="31" VPOS="3424" HPOS="178"/>
<String CONTENT="Hill." HEIGHT="54" WIDTH="143" VPOS="3422" HPOS="210"/>
<SP HEIGHT="53" WIDTH="73" VPOS="3423" HPOS="354"/>
<String CONTENT="New" HEIGHT="54" WIDTH="139" VPOS="3423" HPOS="428"/>
<SP HEIGHT="52" WIDTH="29" VPOS="3425" HPOS="568"/>
<String CONTENT="York," HEIGHT="67" WIDTH="178" VPOS="3425" HPOS="598"/>
<SP HEIGHT="64" WIDTH="30" VPOS="3428" HPOS="777"/>
<String CONTENT="The" HEIGHT="53" WIDTH="120" VPOS="3425" HPOS="808"/>
<SP HEIGHT="51" WIDTH="31" VPOS="3427" HPOS="929"/>
<String CONTENT="American" HEIGHT="53" WIDTH="308" VPOS="3425" HPOS="961"/>
<SP HEIGHT="33" WIDTH="27" VPOS="3445" HPOS="1270"/>
<String CONTENT="numismatic" HEIGHT="54" WIDTH="362" VPOS="3424" HPOS="1298"/>
<SP HEIGHT="34" WIDTH="31" VPOS="3443" HPOS="1661"/>
<String CONTENT="society," HEIGHT="67" WIDTH="227" VPOS="3425" HPOS="1693"/>
<SP HEIGHT="60" WIDTH="34" VPOS="3430" HPOS="1921"/>
<String CONTENT="1931." HEIGHT="50" WIDTH="149" VPOS="3429" HPOS="1956"/>
</TextLine>
<TextLine HEIGHT="50" WIDTH="1923" VPOS="3495" HPOS="184" CS="1">
<String CONTENT="2" HEIGHT="39" WIDTH="29" VPOS="3496" HPOS="184"/>
<SP/>
<String LANG="la" CONTENT="p." HEIGHT="37" WIDTH="44" VPOS="3506" HPOS="247"/>
<SP HEIGHT="38" WIDTH="33" VPOS="3497" HPOS="292"/>
<String LANG="la" CS="1" CONTENT="l."/>
<String CONTENT="," HEIGHT="17" WIDTH="8" VPOS="3526" HPOS="362"/>
<SP HEIGHT="46" WIDTH="35" VPOS="3497" HPOS="371"/>
<String CONTENT="196" HEIGHT="40" WIDTH="87" VPOS="3495" HPOS="407"/>
<SP HEIGHT="48" WIDTH="30" VPOS="3496" HPOS="495"/>
<String CONTENT="p.," HEIGHT="37" WIDTH="57" VPOS="3507" HPOS="526"/>
<SP HEIGHT="47" WIDTH="36" VPOS="3497" HPOS="584"/>
<String CONTENT="2" HEIGHT="39" WIDTH="27" VPOS="3497" HPOS="621"/>
<SP HEIGHT="39" WIDTH="33" VPOS="3497" HPOS="649"/>
<String CS="1" CONTENT="l." HEIGHT="9" WIDTH="9" VPOS="3529" HPOS="705"/>
<SP HEIGHT="41" WIDTH="57" VPOS="3497" HPOS="715"/>
<String CONTENT="illus.," HEIGHT="48" WIDTH="143" VPOS="3497" HPOS="773"/>
<SP HEIGHT="38" WIDTH="34" VPOS="3507" HPOS="917"/>
<String CS="1" CONTENT="XXXVI"/>
<SP HEIGHT="37" WIDTH="32" VPOS="3508" HPOS="1108"/>
<String CS="1" CONTENT="pl." HEIGHT="37" WIDTH="63" VPOS="3508" HPOS="1141"/>
<SP HEIGHT="41" WIDTH="58" VPOS="3498" HPOS="1205"/>
<String CONTENT="17" HEIGHT="40" WIDTH="56" VPOS="3498" HPOS="1264"/>
<String STYLE="superscript" CS="1" CONTENT="&#7580;&#7504;"/>
<String CONTENT="." HEIGHT="8" WIDTH="9" VPOS="3530" HPOS="1371"/>
<SP HEIGHT="47" WIDTH="68" VPOS="3497" HPOS="1381"/>
<String CONTENT="(Half-title:" HEIGHT="49" WIDTH="299" VPOS="3496" HPOS="1450"/>
<SP HEIGHT="40" WIDTH="34" VPOS="3497" HPOS="1750"/>
<String CONTENT="Numismatic" HEIGHT="41" WIDTH="322" VPOS="3496" HPOS="1785"/>
</TextLine>
<TextLine HEIGHT="49" WIDTH="899" VPOS="3554" HPOS="116" CS="1">
<String CONTENT="notes" HEIGHT="38" WIDTH="137" VPOS="3554" HPOS="116"/>
<SP HEIGHT="30" WIDTH="21" VPOS="3562" HPOS="254"/>
<String CONTENT="and" HEIGHT="38" WIDTH="97" VPOS="3554" HPOS="276"/>
<SP HEIGHT="38" WIDTH="24" VPOS="3554" HPOS="374"/>
<String CS="1" CONTENT="monographs." HEIGHT="46" WIDTH="322" VPOS="3555" HPOS="399"/>
<SP HEIGHT="30" WIDTH="64" VPOS="3572" HPOS="737"/>
<String CONTENT="[no." HEIGHT="38" WIDTH="87" VPOS="3564" HPOS="802"/>
<SP HEIGHT="40" WIDTH="27" VPOS="3554" HPOS="890"/>
<String CONTENT="50])" HEIGHT="49" WIDTH="97" VPOS="3554" HPOS="918"/>
</TextLine>
<TextLine HEIGHT="53" WIDTH="1988" VPOS="3605" HPOS="123">
<String CONTENT="&#169;" HEIGHT="51" WIDTH="51" VPOS="3605" HPOS="123"/>
<SP HEIGHT="51" WIDTH="34" VPOS="3605" HPOS="175"/>
<String CONTENT="Jan." HEIGHT="40" WIDTH="108" VPOS="3610" HPOS="210"/>
<SP HEIGHT="40" WIDTH="32" VPOS="3610" HPOS="319"/>
<String CONTENT="2," HEIGHT="48" WIDTH="41" VPOS="3610" HPOS="352"/>
<SP HEIGHT="46" WIDTH="32" VPOS="3612" HPOS="394"/>
<String CONTENT="1932;" HEIGHT="48" WIDTH="140" VPOS="3609" HPOS="427"/>
<SP HEIGHT="46" WIDTH="34" VPOS="3611" HPOS="568"/>
<String CONTENT="2c." HEIGHT="40" WIDTH="67" VPOS="3611" HPOS="603"/>
<SP HEIGHT="29" WIDTH="35" VPOS="3622" HPOS="671"/>
<String CONTENT="and" HEIGHT="38" WIDTH="96" VPOS="3613" HPOS="707"/>
<SP HEIGHT="38" WIDTH="31" VPOS="3613" HPOS="804"/>
<String LANG="de" CONTENT="aff." HEIGHT="41" WIDTH="82" VPOS="3611" HPOS="836"/>
<SP HEIGHT="40" WIDTH="35" VPOS="3612" HPOS="919"/>
<String CONTENT="Jan." HEIGHT="39" WIDTH="108" VPOS="3612" HPOS="955"/>
<SP HEIGHT="40" WIDTH="36" VPOS="3611" HPOS="1064"/>
<String CONTENT="21;" HEIGHT="47" WIDTH="82" VPOS="3611" HPOS="1101"/>
<SP HEIGHT="46" WIDTH="36" VPOS="3612" HPOS="1184"/>
<!-- cceid FFB53297-6D7C-1014-B4A5-D7A31D17AB40 --><String CONTENT="A" HEIGHT="38" WIDTH="41" VPOS="3612" HPOS="1221"/>
<SP HEIGHT="38" WIDTH="32" VPOS="3612" HPOS="1263"/>
<String CONTENT="48036;" HEIGHT="47" WIDTH="171" VPOS="3611" HPOS="1296"/>
<SP HEIGHT="47" WIDTH="36" VPOS="3611" HPOS="1468"/>
<String CONTENT="American" HEIGHT="40" WIDTH="258" VPOS="3610" HPOS="1505"/>
<SP HEIGHT="28" WIDTH="34" VPOS="3622" HPOS="1764"/>
<String CONTENT="numismatic" HEIGHT="41" WIDTH="312" VPOS="3609" HPOS="1799"/>
</TextLine>
<TextLine HEIGHT="48" WIDTH="513" VPOS="3666" HPOS="190">
<String CONTENT="society." HEIGHT="47" WIDTH="193" VPOS="3666" HPOS="190"/>
<SP HEIGHT="46" WIDTH="69" VPOS="3667" HPOS="384"/>
<String CONTENT="(32-3270)" HEIGHT="48" WIDTH="249" VPOS="3666" HPOS="454"/>
</TextLine>
<TextLine HEIGHT="69" WIDTH="1431" VPOS="3765" HPOS="116" STYLEREFS="StyleId-E15417DB-1306-4752-9B42-3E0E52B4DDFF-">
<String CONTENT="Hunter," HEIGHT="66" WIDTH="249" VPOS="3765" HPOS="116"/>
<SP HEIGHT="62" WIDTH="30" VPOS="3769" HPOS="366"/>
<String CONTENT="Stanley" HEIGHT="65" WIDTH="245" VPOS="3768" HPOS="397"/>
<SP HEIGHT="63" WIDTH="25" VPOS="3770" HPOS="643"/>
<String CONTENT="Armstrong," HEIGHT="64" WIDTH="379" VPOS="3770" HPOS="669"/>
<SP HEIGHT="57" WIDTH="32" VPOS="3777" HPOS="1049"/>
<String CONTENT="1888-" HEIGHT="48" WIDTH="170" VPOS="3776" HPOS="1082"/>
<SP HEIGHT="34" WIDTH="210" VPOS="3789" HPOS="1253"/>
<String CONTENT="ed." HEIGHT="53" WIDTH="83" VPOS="3771" HPOS="1464"/>
</TextLine>
<TextLine HEIGHT="129" WIDTH="1965" VPOS="3842" HPOS="117" STYLEREFS="StyleId-2A15C8B6-B3D5-4A57-9990-B8D6FC4E20FD-" CS="1">
<String CONTENT="The" HEIGHT="52" WIDTH="121" VPOS="3842" HPOS="184"/>
<SP HEIGHT="34" WIDTH="23" VPOS="3861" HPOS="306"/>
<String CONTENT="music" HEIGHT="53" WIDTH="178" VPOS="3843" HPOS="330"/>
<SP HEIGHT="33" WIDTH="25" VPOS="3863" HPOS="509"/>
<String CONTENT="of" HEIGHT="51" WIDTH="63" VPOS="3845" HPOS="535"/>
<SP HEIGHT="53" WIDTH="25" VPOS="3845" HPOS="599"/>
<String CONTENT="the" HEIGHT="53" WIDTH="95" VPOS="3845" HPOS="625"/>
<SP HEIGHT="49" WIDTH="27" VPOS="3863" HPOS="721"/>
<String CONTENT="gospel," HEIGHT="67" WIDTH="211" VPOS="3845" HPOS="749"/>
<SP HEIGHT="46" WIDTH="26" VPOS="3866" HPOS="961"/>
<String CONTENT="edited" HEIGHT="54" WIDTH="187" VPOS="3845" HPOS="988"/>
<SP HEIGHT="51" WIDTH="26" VPOS="3846" HPOS="1176"/>
<String CONTENT="by" HEIGHT="66" WIDTH="74" VPOS="3846" HPOS="1203"/>
<SP HEIGHT="67" WIDTH="29" VPOS="3845" HPOS="1278"/>
<String CONTENT="Stanley" HEIGHT="67" WIDTH="233" VPOS="3845" HPOS="1308"/>
<SP HEIGHT="66" WIDTH="30" VPOS="3846" HPOS="1542"/>
<String CONTENT="Armstrong" HEIGHT="65" WIDTH="343" VPOS="3846" HPOS="1573"/>
<SP HEIGHT="68" WIDTH="25" VPOS="3843" HPOS="1917"/>
<String CONTENT="Hunter." HEIGHT="128" WIDTH="1965" VPOS="3843" HPOS="117"/>
</TextLine>
<TextLine HEIGHT="71" WIDTH="1735" VPOS="3918" HPOS="277" STYLEREFS="StyleId-2A15C8B6-B3D5-4A57-9990-B8D6FC4E20FD-" CS="1">
<String CONTENT="New" HEIGHT="53" WIDTH="136" VPOS="3918" HPOS="277"/>
<SP HEIGHT="51" WIDTH="26" VPOS="3920" HPOS="414"/>
<String CONTENT="York," HEIGHT="67" WIDTH="178" VPOS="3920" HPOS="441"/>
<SP HEIGHT="66" WIDTH="25" VPOS="3921" HPOS="620"/>
<String CONTENT="Cincinnati" HEIGHT="54" WIDTH="326" VPOS="3921" HPOS="646"/>
<SP HEIGHT="67" WIDTH="29" VPOS="3922" HPOS="973"/>
<String CONTENT="[etc.]" HEIGHT="59" WIDTH="137" VPOS="3930" HPOS="1003"/>
<SP HEIGHT="67" WIDTH="29" VPOS="3922" HPOS="1141"/>
<String CONTENT="The" HEIGHT="51" WIDTH="120" VPOS="3922" HPOS="1171"/>
<SP HEIGHT="50" WIDTH="27" VPOS="3923" HPOS="1292"/>
<String CONTENT="Abingdon" HEIGHT="67" WIDTH="306" VPOS="3922" HPOS="1320"/>
<SP HEIGHT="47" WIDTH="26" VPOS="3941" HPOS="1627"/>
<String CONTENT="press" HEIGHT="48" WIDTH="155" VPOS="3940" HPOS="1654"/>
<SP HEIGHT="47" WIDTH="28" VPOS="3941" HPOS="1810"/>
<String CS="1" CONTENT="["/>
<String STYLE="superscript" CS="1" CONTENT="&#7580;1"/>
<String CS="1" CONTENT="932]" HEIGHT="49" WIDTH="99" VPOS="3922" HPOS="1913"/>
</TextLine>
<TextLine HEIGHT="50" WIDTH="277" VPOS="3988" HPOS="183" STYLEREFS="StyleId-2A15C8B6-B3D5-4A57-9990-B8D6FC4E20FD-" CS="1">
<String LANG="en-US" CONTENT="344" HEIGHT="41" WIDTH="87" VPOS="3988" HPOS="183"/>
<SP HEIGHT="50" WIDTH="27" VPOS="3988" HPOS="271"/>
<String LANG="fr" CONTENT="p." HEIGHT="38" WIDTH="44" VPOS="4000" HPOS="299"/>
<SP HEIGHT="42" WIDTH="57" VPOS="3989" HPOS="344"/>
<String LANG="fr" CONTENT="20" HEIGHT="41" WIDTH="58" VPOS="3989" HPOS="402"/>
<String LANG="en-US" CS="1" CONTENT="&#7580;&#7504;."/>
</TextLine>
</TextBlock>
</PrintSpace>
</Page>
</Layout>
</alto>