2563 4368
1450 3933 67 56 76

550 415 65 48 xi,
648 415 87 41 413
768 426 43 38 p.
875 415 141 49 illus.,
1053 416 179 48 diagrs.
1297 415 116 41 20ᶜᵐ.

552 471 374 49 Bibliography:
965 483 41 37 p.
1040 471 216 42 387-404.

488 528 51 52 ©
568 533 108 39 Jan.
704 532 39 48 2,
772 531 140 47 1932;
941 531 67 42 2c.
1037 534 94 38 and
1159 531 80 39 aff.
1269 531 108 40 Jan.
1406 531 81 46 11;
1517 530 41 39 A
1583 528 171 48 45919;
1786 530 58 38 H.
1876 528 51 41 G.
1959 527 159 40 Miller
2148 528 98 39 and
2271 527 201 40 Newton

555 588 71 41 W.
659 588 209 47 Chaffee,
903 587 240 49 Saginaw,
1175 587 142 40 Mich.
1389 585 248 50 (32-2443)

483 690 266 64 Morgan,
778 691 233 53 Jerome
1039 690 174 64 John,
1245 694 169 48 1880-

554 762 1917 73 A textbook of American gas practice, v. l. Production of
485 841 1981 72 manufactured gas. By Jerome J. Morgan … with advice and
487 921 1986 70 suggestions from A. E. Forstall … J. A. Perry … F. C. Weber
548 1000 1924 69 … W. S. Yard … 2d ed. Maplewood, N. J, J. J. Morgan,
488 1082 149 49 1931.

555 1150 1099 50 3 p. l., v-ix, 969 p. illus., diagrs. 24ᶜᵐ.
555 1206 132 41 First
714 1206 182 41 edition
922 1208 89 39 has
1037 1207 134 40 title:
1201 1205 377 42 Manufactured
1604 1217 99 38 gas.

556 1262 347 42 “References”
930 1265 52 39 at
1005 1264 92 39 end
1121 1263 53 41 of
1198 1267 124 37 most
1349 1264 53 39 of
1428 1264 81 41 the
1535 1264 240 47 chapters.

491 1317 51 52 ©
573 1322 111 39 Dec.
715 1323 38 46 1,
783 1321 139 46 1931;
953 1322 66 38 2c.
1052 1321 110 41 Dec.
1192 1320 81 48 29;
1307 1320 82 42 aff.
1421 1322 108 38 Jan.
1561 1322 69 47 18,
1660 1320 140 47 1932;
1834 1320 41 39 A
1903 1319 172 48 46985;
2109 1321 43 40 J.
2185 1322 42 38 J.
2259 1322 217 49 Morgan,

558 1379 312 48 Maplewood,
899 1377 56 43 N.
985 1378 41 39 J.
1099 1377 249 49 (32-2541)

480 1480 279 53 National
788 1481 316 53 industrial
1133 1482 345 53 conference
1509 1481 201 55 board.

555 1556 245 54 Medical
845 1556 353 68 supervision
1244 1556 110 53 and
1400 1555 207 54 service
1652 1558 57 51 in
1756 1555 280 68 industry.
2116 1556 136 54 New
2301 1556 176 67 York,

492 1633 264 54 National
788 1632 306 55 industrial
1128 1634 326 53 conference
1484 1632 193 67 board,
1710 1632 125 67 inc.,
1872 1636 148 50 1931.

553 1703 66 49 xi,
648 1702 87 41 125
763 1713 44 39 p.
837 1703 109 41 incl.
979 1703 170 41 tables.
1208 1704 145 41 23½ᶜᵐ.

491 1759 1851 52 © Jan. 22, 1932; 2c. and aff. Feb. 2; A 48242; National industrial
558 1774 1902 86 conference
773 1820 162 47 board,
962 1820 89 39 inc.
1122 1818 278 49 (32-26100)

487 1921 330 65 Neumann,
846 1921 223 64 Henry,
1103 1925 170 50 1882-

553 1995 168 54 Lives
749 1994 59 53 in
838 1995 95 54 the
962 1994 262 69 making;
1257 1994 140 54 aims
1428 1995 111 53 and
1569 2014 153 49 ways
1750 1995 63 53 of
1845 1995 289 54 character
2162 1994 314 70 education,

485 2071 1989 71 by Henry Neumann … New York, London, D. Appleton and
485 2152 509 67 company [ ᶜ1 932 ]
556 2226 777 50 xiv p., 1 l., 369, [1] p. 19½ ᶜᵐ .
558 2284 262 40 Published
844 2285 116 45 also,
984 2283 119 40 with
1128 2283 148 47 slight
1300 2283 183 47 change
1508 2284 49 39 in
1581 2285 208 49 preface,
1815 2287 153 39 under
1994 2286 134 41 title:
2154 2287 141 40 Lives
2321 2288 48 39 in
2394 2288 83 40 the

487 2340 222 47 making;
746 2340 124 39 aims
906 2340 95 39 and
1038 2349 131 36 ways
1205 2340 52 38 of
1293 2340 253 39 character
1581 2341 232 48 building.

557 2396 269 48 “Readling
858 2395 139 41 list”:
1033 2407 43 37 p.
1110 2395 234 49 353-[366]

495 2453 51 52 ©
577 2457 108 39 Jan.
716 2457 39 42 8,
785 2455 139 46 1932;
957 2455 66 39 2c.
1055 2455 94 38 and
1181 2453 80 41 aff.
1294 2455 107 38 Jan.
1435 2455 80 47 11;
1549 2455 41 39 A
1620 2455 170 49 45922;
1824 2457 60 38 H.
1917 2457 266 41 Neumann.
2218 2458 257 46 Brooklyn.

572 2512 248 49 (32-2448)

487 2614 203 64 Noble,
720 2613 255 56 Miriam.

560 2686 221 55 Golden
815 2687 148 52 rules
997 2685 63 53 of
1091 2687 179 51 world
1304 2686 297 70 religions;
1638 2707 30 33 a
1702 2689 170 68 study
1906 2689 59 53 in
1999 2692 185 52 words
2218 2693 111 51 and
490 2690 1963 143 pictures,
689 2766 75 66 by
798 2763 234 54 Miriam
1064 2764 196 53 Noble.
1335 2764 110 53 Los
1477 2765 263 68 Angeles,
1775 2768 46 51 I.
1859 2769 211 66 Deach,
2104 2768 88 68 jr.,
2227 2772 147 50 1931.

560 2840 67 49 68,
656 2840 55 50 [2]
739 2851 41 36 p.
807 2840 109 40 incl.
943 2840 142 46 illus.,
1111 2840 169 47 plates,
1344 2841 84 39 col.
1457 2840 148 41 front.
1665 2841 145 41 23½ᶜᵐ.

496 2894 51 52 ©
572 2899 116 40 Nov.
712 2898 68 40 17.
804 2896 138 46 1931;
968 2896 68 41 2c.
1061 2896 108 39 Jan.
1194 2897 67 46 11,
1287 2896 140 47 1932;
1455 2897 81 40 aff.
1561 2899 107 38 Jan.
1695 2898 52 48 9;
1775 2900 40 38 A
1838 2899 171 47 46836;
2038 2901 61 42 M.
2125 2901 163 47 Noble,
563 2901 1897 95 Riverside.
712 2954 143 40 Calif.
926 2953 249 48 (32-2482)

487 3044 181 65 Nock,
696 3043 209 53 Albert
931 3043 132 63 Jay.

563 3120 121 52 The
709 3119 200 67 theory
934 3117 64 53 of
1023 3118 298 52 education
1347 3119 58 51 in
1432 3120 95 52 the
1554 3121 215 53 United
1800 3120 204 69 States,
2032 3121 74 69 by
2133 3122 202 53 Albert
2364 3124 115 67 Jay

495 3196 1873 72 Nock … New York, Harcourt, Brace and company [ ᶜ1 932]
563 3273 28 37 4
627 3282 42 37 p.
742 3301 8 17 l.,
789 3270 86 39 160
911 3281 41 36 p.
1013 3269 144 40 19½ᶜᵐ.
1227 3270 125 48 (The
1389 3270 369 48 Page-Barbour
1797 3274 207 40 lectures
2040 3275 78 38 for
2157 3273 112 41 1931
2309 3278 51 37 at
2400 3275 81 40 the

498 3327 276 47 University
805 3327 52 39 of
887 3326 245 48 Virginia)

565 3383 161 40 “First
758 3382 225 41 edition.”

499 3436 51 52 ©
581 3441 109 39 Jan.
719 3440 70 46 14,
818 3439 139 46 1932;
989 3438 66 41 2c.
1086 3440 95 38 and
1211 3439 80 39 aff.
1324 3440 108 40 Jan.
1464 3441 81 47 23;
1579 3443 40 37 A
1648 3442 170 48 48050;
1852 3444 260 47 Harcourt,
2145 3445 155 39 Brace
2331 3449 36 40 &
2396 3454 81 37 co.,

566 3496 88 40 inc.
725 3495 279 48 (32-26101)

497 3585 224 65 Novak,
752 3585 142 51 Karl
925 3584 322 55 Friedrich.

572 3660 138 66 [The
739 3662 111 49 last
877 3661 62 51 of
969 3661 94 51 the
1091 3661 250 54 German
1366 3662 231 66 kaisers]
1679 3666 304 51 Ex-kaiser
2010 3668 128 50 tells
2168 3667 63 51 of
2260 3665 87 53 his
2376 3666 100 69 big

497 3736 126 53 deal
652 3736 138 52 with
823 3737 152 55 Cecil
1006 3737 240 53 Rhodes.
1325 3738 90 67 By
1444 3739 146 53 Karl
1620 3742 298 53 Friedrich
1951 3745 218 53 Novak.

495 3745 1955 120 [Translated
676 3815 74 66 by
778 3815 214 52 Robert
1018 3815 285 52 Thomson
1337 3815 191 68 Clark]
