2563 4368
1051 4070 101 53 765

170 542 115 48 xvii,
325 542 86 40 690
448 553 43 37 p.
530 541 110 40 incl.
678 541 163 46 front.,
880 539 143 48 illus.,
1062 540 170 47 plates,
1271 541 164 45 ports.,
1474 547 151 37 maps,
1664 535 229 48 facsims.,
1934 535 153 49 diagr.

101 599 378 47 col. pl. 23½ ᶜᵐ .
173 655 268 47 “Enlarged
470 655 95 39 and
594 653 188 40 revised
810 652 225 40 edition.”

107 723 52 50 ©
190 727 114 46 Apr.
335 725 68 46 29,
436 724 114 40 1932;
610 724 67 39 2c.
711 725 113 44 May
855 722 53 46 9;
944 722 80 40 aff.
1058 724 114 44 May
1204 722 81 45 16;
1321 722 41 37 A
1394 720 169 46 52027;
1599 721 146 39 Delta
1780 721 129 38 delta
1944 719 145 46 delta,

176 781 312 48 Champaign,
517 781 76 39 Ill.
663 778 278 49 (32-13599)

103 900 306 64 Purinton,
440 899 134 55 Carl
601 899 268 54 Everett.

170 976 120 52 The
330 972 522 69 re-interpretation
895 972 63 52 of
1000 972 164 54 Jesus
1208 970 60 54 in
1310 971 96 54 the
1450 970 137 53 New
1630 970 343 67 Testament,
2015 967 76 70 by

104 1044 1986 73 Carl Everett Purinton … New York, London, C. Scribner’s
101 1147 143 50 sons,
277 1132 150 49 1932.

170 1199 463 49 xiv, 217 p. 20 ᶜᵐ .
171 1257 70 39 “A
267 1257 87 40 list
380 1256 51 41 of
457 1256 161 40 useful
646 1254 175 41 books”
840 1266 10 29 :
879 1266 44 37 p.
952 1254 216 42 211-214.

108 1325 52 52 ©
197 1332 78 37 May
344 1329 41 42 6,
420 1329 116 40 1932;
597 1329 68 41 2c.
702 1330 113 46 May
850 1328 53 46 6;
941 1327 80 41 aff.
1061 1329 113 46 May
1209 1327 52 46 9;
1300 1327 40 38 A
1376 1325 171 47 49890;
1588 1326 199 41 Charles
1828 1323 263 42 Scribner’s

175 1398 125 29 sons.
371 1385 278 49 (32-13792)

105 1505 374 64 Remington,
509 1504 330 55 Woodbern
868 1502 226 57 Edwin.

172 1583 203 53 World
400 1587 172 48 states
597 1581 65 54 of
685 1582 95 52 the
805 1579 258 55 machine
1090 1598 119 50 age,
1233 1581 76 67 by
1334 1580 326 55 Woodbern
1687 1580 209 52 Edwin
103 1580 1962 147 Remington.

397 1659 323 54 Columbus,
755 1659 122 67 Ga.,
912 1659 225 55 Gilbert
1169 1658 264 67 printing
1465 1677 97 45 co.,
1599 1660 150 50 1932.

175 1731 452 50 5 p. l., 279 p. 23½ ᶜᵐ .
111 1800 52 52 ©
187 1805 113 46 Apr.
326 1803 69 47 29,
421 1802 112 41 1932;
588 1802 67 41 2c.
681 1804 96 38 and
802 1802 82 39 aff.
912 1803 78 38 May
1050 1803 26 37 4;
1132 1803 41 38 A
1199 1801 142 40 51125;
1397 1802 71 39 W.
1496 1803 53 39 E.
1577 1801 303 47 Remington,
178 1799 1899 108 Columbus,
315 1861 83 39 Ga.
470 1860 278 48 (32-13774)

104 1978 345 65 Rockwood,
476 1979 146 64 Roy,
650 1978 195 67 pseud.

174 2054 217 53 Bomba
441 2054 95 53 the
588 2054 197 69 jungle
837 2055 110 68 boy
999 2058 111 51 and
1161 2055 95 53 the
1308 2054 319 68 cannibals;
1682 2072 80 49 or,
1812 2054 280 68 Winning

106 2130 1986 71 against native dangers, by Roy Rockwood … New York,
106 2210 1018 67 Cupples & Leon company [ ᶜ1 932]
175 2281 1337 50 2 p. l., 207 p. front. 19½ ᶜᵐ . [His Bomba books]
111 2349 52 52 ©
188 2356 119 37 Mar.
332 2354 70 47 25,
426 2353 112 41 1932;
592 2353 67 41 2c.
684 2355 94 38 and
804 2353 82 43 aff.
912 2354 112 47 May
1048 2352 58 41 26;
1156 2354 42 38 A
1222 2353 142 40 52175;
1420 2352 206 49 Cupples
1652 2358 37 40 &
1714 2353 127 39 Leon
1866 2363 69 29 co.

189 2410 278 48 (32-13781)

176 2527 235 68 Bomba,
439 2527 95 53 the
565 2528 197 67 jungle
793 2528 109 67 boy
934 2529 113 52 and
1076 2529 95 52 the
1202 2525 235 70 painted
1466 2529 262 65 hunters;
1763 2547 80 47 or,
1873 2529 57 52 A
1958 2528 134 67 long

106 2605 1986 69 search rewarded, by Roy Rockwood … New York, Cupples
105 2684 748 67 & Leon company [ ᶜ1 932]
179 2753 1345 51 2 p. l., 206 p. front. 19½ ᶜᵐ . (His Bomba books)
113 2821 52 52 ©
194 2828 112 46 May
334 2828 69 44 17,
430 2826 114 40 1932;
599 2826 68 41 2c.
697 2827 95 39 and
821 2827 81 38 aff.
933 2828 112 46 May
1074 2825 58 41 26;
1187 2827 42 39 A
1257 2826 143 40 52166;
1459 2827 207 47 Cupples
1695 2827 36 39 &
1760 2827 129 39 Leon
1919 2835 67 33 co.

190 2881 278 49 (32-13790)

109 3001 137 65 Roe,
274 3002 219 63 Joseph
521 3002 247 64 Hyram,
798 3007 172 49 1892-

172 3078 320 68 Principles
527 3079 64 53 of
626 3079 333 68 chemistry;
1000 3098 72 34 an
1105 3080 399 66 introductory
1538 3079 271 53 textbook
1842 3079 64 53 of
104 3079 1964 144 inorganic,

336 3156 232 67 organic
617 3157 112 53 and
778 3156 415 68 physiological
1241 3157 306 66 chemistry
1595 3156 93 54 for
1735 3176 195 34 nurses
1980 3157 112 52 and

103 3232 256 53 students
414 3234 64 52 of
531 3234 163 53 home
749 3234 309 53 economics
1116 3234 113 53 and
1284 3235 233 67 applied
1574 3234 322 68 chemistry,
1951 3234 139 52 with

103 3309 1987 69 laboratory experiments, by Joseph H. Roe … 3d ed. St.
102 3385 191 69 Louis,
318 3388 120 52 The
466 3389 64 54 C.
616 3430 11 11 V.
652 3388 205 68 Mosby
883 3406 296 50 company,
1208 3392 150 50 1932.

177 3459 972 51 2 p. l., 486 p. illus., diagrs. 20½ ᶜᵐ .
179 3514 253 42 Alternate
457 3527 145 38 pages
641 3516 249 50 (338-472)
929 3518 147 40 blank
1102 3517 82 41 for
1212 3517 218 42 “Notes”.

115 3583 52 51 ©
195 3588 112 46 May
333 3588 68 47 17,
428 3586 113 41 1932;
595 3587 68 40 2c.
691 3589 112 46 May
829 3588 54 40 23;
940 3587 82 40 aff.
1049 3590 114 45 May
1188 3588 57 39 21;
1300 3590 41 37 A
1367 3589 141 41 52093;
1567 3590 49 40 C.
1646 3591 52 38 V.
1727 3589 168 47 Mosby
1920 3599 68 30 co.

192 3643 278 47 (32-13662)

112 3760 344 66 Sainsbury,
486 3760 164 66 Noël,
678 3762 72 67 jr.

242 3836 1851 72 … Billy Smith, mystery ace; or, Airplane discoveries in
114 3911 181 56 South
331 3914 282 68 America,
647 3915 76 68 by
758 3918 143 50 Noël
938 3916 332 69 Sainsbury,
1304 3917 71 68 jr.
1449 3919 139 50 New
1627 3917 178 66 York,
1842 3916 251 66 Cupples

109 3994 46 49 &
181 3991 154 54 Leon
363 4010 277 50 company
710 3997 151 63 [ᶜ1932]
