2563 4368
1111 4029 97 55 179

236 499 1920 52 “Of this book, 476 copies have been printed … This copy is number
162 560 128 40 240.”

170 629 51 52 ©
249 634 107 39 Jan.
385 633 54 38 21,
481 632 112 40 1932;
648 632 67 42 2c.
744 633 94 39 and
865 631 81 40 aff.
975 631 108 41 Jan.
1112 631 82 45 28;
1224 631 39 39 A
1289 631 171 45 47486;
1493 629 296 48 Doubleday,
1822 630 163 38 Doran
2015 635 36 40 &
2079 640 81 37 co.,

236 689 89 40 inc.
397 688 248 49 (32-4722)

167 789 325 54 California
538 789 460 69 jurisprudence;
1049 809 31 33 a
1127 790 275 67 complete
1449 793 302 48 statement
1795 788 63 53 of
1904 788 95 52 the
2046 788 110 50 law

238 870 110 51 and
391 868 249 68 practice
680 868 63 52 of
783 869 96 52 the
919 873 147 47 state
1105 868 63 52 of
1211 866 343 57 California,
1628 885 52 33 v.
1724 866 139 53 6-A.
1938 868 55 51 A
2033 884 123 34 new

237 946 196 53 article
456 966 71 32 on
551 946 409 67 corporations,
1078 948 222 66 George
1321 948 63 50 F.
1409 945 347 69 Longsdorf.
1835 946 116 54 San
235 947 1897 134 Francisco,

428 1022 583 70 Bancroft-Whitney
1039 1043 297 50 company,
1371 1027 149 49 1932.

235 1098 60 48 iv,
340 1097 114 41 1793
495 1109 42 36 p.
598 1098 116 40 25ᶜᵐ.

169 1164 51 52 ©
247 1169 108 39 Jan.
382 1169 69 46 23,
476 1167 140 47 1932;
644 1167 66 41 2c.
738 1168 108 38 Feb.
875 1168 51 46 1;
956 1167 79 40 aff.
1064 1168 109 40 Jan.
1199 1167 82 47 29;
1310 1168 41 39 A
1376 1168 171 46 47344;
1578 1167 487 47 Bancroft-Whitney
2092 1177 54 30 co.

159 1287 165 63 Case,
357 1286 244 55 Charles
631 1287 233 63 Center,
897 1286 171 55 1878-

232 1363 357 53 Illustrative
630 1360 228 56 Illinois
898 1381 150 35 cases
1088 1382 70 33 on
1202 1362 263 54 criminal
1505 1365 126 65 law,
1672 1363 140 53 with
1853 1382 153 34 some
168 1363 1967 133 references

424 1446 58 47 to
522 1442 97 51 the
659 1459 256 35 common
956 1442 110 52 law
1107 1442 112 52 and
1261 1446 255 63 statutes,
1555 1442 77 66 by
1673 1442 236 54 Charles
1951 1442 207 54 Center

164 1518 1994 68 Case … A companion book to Clark and Marshall on crimes
173 1597 130 67 (3rd
335 1596 112 67 ed.)
534 1596 252 69 Chicago
840 1598 72 54 [U.
947 1597 56 55 S.
1036 1596 263 68 printing
1330 1615 96 49 co.]
1467 1601 149 49 1932.

234 1670 63 48 xi,
326 1670 84 41 583
441 1681 43 37 p.
543 1669 146 41 22½ᶜᵐ.

167 1737 52 52 ©
248 1742 109 40 Feb.
385 1742 68 41 15,
482 1741 113 40 1932;
651 1741 65 40 2c.
747 1742 94 39 and
871 1740 81 41 aff.
983 1741 108 39 Feb.
1121 1741 56 39 17;
1233 1740 40 39 A
1300 1740 142 40 47681;
1503 1740 49 43 C.
1583 1737 47 43 C.
1662 1740 134 48 Case,
1827 1739 223 49 Chicago.

245 1798 250 48 (32-4614)

159 1902 219 64 Clamp,
410 1902 185 52 Helen
625 1903 173 62 Mary
827 1901 328 55 Elizabeth.

236 1978 246 52 Feather
505 1978 106 52 bed
638 1978 166 67 Jane,
829 1978 74 67 by
930 1978 76 51 H.
1033 1978 80 52 M.
1143 1978 66 51 E.
1240 1977 222 67 Clamp.
1538 1978 136 51 New
1710 1977 176 66 York,
1915 1978 61 51 L.
164 1977 1972 148 MacVeagh,

410 2056 137 53 Dial
576 2075 174 49 press,
780 2057 126 67 inc.,
939 2060 149 49 1932.

233 2131 624 48 3 p. l., 11-287 p. 20ᶜᵐ.
169 2197 50 51 ©
250 2201 110 39 Feb.
388 2199 67 48 19,
484 2200 112 40 1932;
654 2201 65 39 2c.
751 2201 110 40 Feb.
890 2202 55 38 23;
1003 2200 80 40 aff.
1116 2201 108 38 Feb.
1254 2201 55 39 20;
1368 2202 40 37 A
1436 2201 143 39 48593;
1640 2199 112 41 Dial
1783 2210 147 36 press,
1961 2199 87 40 inc.

245 2257 249 47 (32-4634)

158 2360 322 62 Collmann,
507 2360 188 53 Robin
725 2358 340 66 Dickinson,
1096 2366 170 49 1896-

232 2436 120 53 The
403 2437 480 68 psychogalvanic
933 2437 278 53 reactions
1260 2437 64 53 of
1371 2436 355 69 exceptional
1774 2438 113 51 and
1935 2435 219 54 normal

162 2513 1995 69 school children, by Robin Dickinson Collmann … New York
164 2591 132 67 city,
325 2592 276 53 Teachers
630 2594 228 67 college,
888 2591 299 57 Columbia
1214 2592 335 68 university,
1579 2596 150 49 1931.

233 2664 61 50 vi,
327 2665 57 41 88
416 2676 44 37 p.
519 2664 143 49 illus.,
699 2665 179 48 diagrs.
937 2666 146 40 23½ᶜᵐ.
1157 2665 265 48 (Teachers
1455 2667 192 46 college,
1685 2663 250 43 Columbia
164 2664 1977 104 university.

336 2721 365 42 Contributions
729 2725 48 38 to
803 2722 271 47 education,
1100 2733 76 30 no.
1200 2722 112 48 469)

234 2779 171 40 Issued
438 2779 102 40 also
574 2790 54 29 as
664 2779 152 41 thesis
858 2779 108 48 (PH.
1031 2779 35 48 D.)
1109 2779 250 41 Columbia
1393 2778 285 48 university.

232 2835 348 49 Bibliography:
639 2846 44 38 p.
712 2835 159 42 86-88.

169 2902 51 52 ©
245 2907 100 40 Oct.
370 2908 40 46 8,
433 2907 113 41 1931;
600 2907 65 41 2c.
691 2908 112 40 Dec.
827 2906 56 42 28;
937 2907 81 40 aff.
1044 2909 110 42 Jan.
1179 2908 68 48 16,
1273 2907 113 41 1932;
1441 2908 40 38 A
1504 2906 144 42 47591;
1703 2907 240 40 Teachers
1969 2907 190 47 college,

238 2963 249 41 Columbia
515 2964 284 48 university.
871 2964 250 48 (32-4864)

158 3068 213 63 Colter,
407 3068 111 55 Eli.

231 3140 1926 71 Outlaw blood, by Eli Colter … New York, A. H. King
162 3222 192 65 [ᶜ1932]

232 3292 85 40 284
346 3304 43 38 p.
450 3294 144 39 19½ᶜᵐ.

170 3359 51 52 ©
252 3365 109 39 Feb.
390 3364 70 46 23,
489 3364 111 40 1932;
659 3364 65 41 2c.
756 3367 94 38 and
875 3365 86 41 aff.
992 3365 109 39 Feb.
1132 3365 55 39 24;
1246 3367 39 38 A
1314 3367 144 40 48617;
1518 3366 170 40 Alfred
1720 3367 59 38 H.
1811 3365 143 48 King,
1986 3364 90 40 inc.

246 3420 250 46 (32-4758)

160 3522 359 54 Conference
549 3541 72 36 on
651 3524 270 54 financial
951 3526 115 53 and
1093 3525 288 65 fiduciary
1409 3530 272 61 matters,
1713 3526 262 56 Atlantic
2005 3526 151 65 City,

231 3606 148 49 1931.

234 3676 426 69 Philanthropy
693 3679 94 52 for
816 3681 96 51 the
940 3680 195 52 future;
1197 3700 31 32 a
1259 3683 338 66 long-range
1629 3681 132 52 look
1789 3686 59 46 at
1876 3679 283 53 economic

166 3752 229 66 policies
419 3750 60 56 in
505 3756 96 51 the
624 3756 132 53 field
783 3756 63 52 of
871 3757 240 68 charity.
1186 3760 217 65 Papers
1429 3762 298 63 presented
1753 3763 60 47 at
1836 3759 97 51 the
1959 3756 200 53 fourth

167 3827 348 57 Conference
557 3848 70 36 on
673 3832 268 55 financial
987 3836 112 51 and
1145 3835 279 68 fiduciary
1469 3841 253 61 matters,
1765 3835 177 53 Hotel
168 3833 1965 141 Chalfonte,

377 3908 258 54 Atlantic
672 3908 152 70 City,
856 3913 70 52 N.
964 3913 72 54 J.,
1073 3914 203 51 March
1312 3914 187 65 17-19,
1535 3917 151 62 1931,
1722 3911 188 55 edited
1946 3912 77 66 by
2056 3911 100 52 Al-
