<alto xmlns="http://www.loc.gov/standards/alto/ns-v3#" xmlns:xlink="http://www.w3.org/1999/xlink" xmlns:xsi="http://www.w3.org/2001/XMLSchema-instance" xsi:schemaLocation="http://www.loc.gov/standards/alto/ns-v3# http://www.loc.gov/alto/v3/alto-3-0.xsd"><Description>
<MeasurementUnit>pixel</MeasurementUnit>
<sourceImageInformation>
<fileName>1932_v29_part001.pdf</fileName>
</sourceImageInformation>
<OCRProcessing ID="IdOcr">
<ocrProcessingStep>
<processingDateTime>2019-04-25</processingDateTime>
<processingSoftware>
<softwareCreator>ABBYY</softwareCreator>
<softwareName>ABBYY Recognition Server</softwareName>
<softwareVersion>4.0</softwareVersion>
</processingSoftware>
</ocrProcessingStep>
</OCRProcessing>
</Description>
<Styles>
<ParagraphStyle ID="StyleId-FFFFFFFF-FFFF-FFFF-FFFF-FFFFFFFFFFFF-" ALIGN="Left" LEFT="0." RIGHT="0." FIRSTLINE="0."/>
<ParagraphStyle ID="StyleId-547D96D3-B2DE-4E86-A4BD-9DDFC275973A-" ALIGN="Left" LEFT="0." RIGHT="0." FIRSTLINE="0." LINESPACE="7.699999809"/>
<ParagraphStyle ID="StyleId-BE433B82-DF6F-491A-9872-F562FF4150C8-" ALIGN="Block" LEFT="0." RIGHT="0." FIRSTLINE="-13." LINESPACE="7.900000095"/>
<ParagraphStyle ID="StyleId-CC286467-50C5-4655-B0CF-BA365CCE0736-" ALIGN="Block" LEFT="0." RIGHT="0." FIRSTLINE="-15." LINESPACE="8.479999542"/>
<ParagraphStyle ID="StyleId-9878414D-BEDB-487D-971A-CF5ADB5C4AD2-" ALIGN="Block" LEFT="0." RIGHT="0." FIRSTLINE="-14." LINESPACE="10.92000008"/>
<ParagraphStyle ID="StyleId-EBC70DE5-3635-4BD4-B07B-05DF6EFE0022-" ALIGN="Block" LEFT="0." RIGHT="0." FIRSTLINE="-13." LINESPACE="12.19999981"/>
<ParagraphStyle ID="StyleId-8A688F83-F017-4D5D-A00A-14637016ED45-" ALIGN="Left" LEFT="0." RIGHT="0." FIRSTLINE="0." LINESPACE="9.399999619"/>
<ParagraphStyle ID="StyleId-20F0BBAE-20C6-42F4-8113-00B5C02924DC-" ALIGN="Left" LEFT="0." RIGHT="0." FIRSTLINE="0." LINESPACE="11.10000038"/>
<ParagraphStyle ID="StyleId-7AA70148-8873-4ACB-90AE-BF9322E02302-" ALIGN="Left" LEFT="0." RIGHT="0." FIRSTLINE="-13." LINESPACE="11.09000015"/>
<ParagraphStyle ID="StyleId-072EF7BA-7207-4F8B-9A7C-F564E8B4CB16-" ALIGN="Left" LEFT="0." RIGHT="0." FIRSTLINE="-14." LINESPACE="12.19999981"/>
<ParagraphStyle ID="StyleId-44303D12-21D7-4DB0-9E9F-87FA1A861DD7-" ALIGN="Block" LEFT="0." RIGHT="0." FIRSTLINE="-14." LINESPACE="10.92000008"/>
<ParagraphStyle ID="StyleId-43CF0D44-8AC2-4CD0-865F-942C78705184-" ALIGN="Block" LEFT="0." RIGHT="0." FIRSTLINE="-13." LINESPACE="12.19999981"/>
<ParagraphStyle ID="StyleId-7A298A86-29F5-413A-AEC9-078A4CC464D7-" ALIGN="Block" LEFT="0." RIGHT="0." FIRSTLINE="13." LINESPACE="12.19999981"/>
<ParagraphStyle ID="StyleId-8E4E86F7-C1F9-4A1A-B605-6B1FC1C8E9F7-" ALIGN="Left" LEFT="0." RIGHT="0." FIRSTLINE="0." LINESPACE="11.60000038"/>
<ParagraphStyle ID="StyleId-AB39791B-5ED1-444F-BEF5-2CFED1F2709A-" ALIGN="Left" LEFT="0." RIGHT="0." FIRSTLINE="-13." LINESPACE="11.09000015"/>
<ParagraphStyle ID="StyleId-C1F2EEE7-CD00-4E11-9EAD-B222287AEDA4-" ALIGN="Center" LEFT="0." RIGHT="0." FIRSTLINE="0." LINESPACE="11.10000038"/>
</Styles>
<Layout>
<Page ID="Page1686" PHYSICAL_IMG_NR="1686" HEIGHT="4368" WIDTH="2563">
<TopMargin HEIGHT="486" WIDTH="2563" VPOS="0" HPOS="0">
</TopMargin>
<LeftMargin HEIGHT="3840" WIDTH="340" VPOS="486" HPOS="0">
</LeftMargin>
<RightMargin HEIGHT="3840" WIDTH="187" VPOS="486" HPOS="2376">
</RightMargin>
<BottomMargin HEIGHT="42" WIDTH="2563" VPOS="4326" HPOS="0">
</BottomMargin>
<PrintSpace HEIGHT="3840" WIDTH="2036" VPOS="486" HPOS="340">
<TextBlock ID="Page1686_Block1" HEIGHT="245" WIDTH="484" VPOS="4081" HPOS="1121" LANG="en-US" STYLEREFS="StyleId-CC58DCB4-97CB-42DD-8D83-DCFF6D468CB8-">
<TextLine HEIGHT="49" WIDTH="133" VPOS="4110" HPOS="1303">
<String CONTENT="1686" HEIGHT="49" WIDTH="133" VPOS="4110" HPOS="1303"/>
</TextLine>
</TextBlock>
<TextBlock ID="Page1686_Block2" HEIGHT="3583" WIDTH="2036" VPOS="486" HPOS="340" LANG="en-US" CS="1" STYLEREFS="StyleId-B6A52921-8AB7-4860-8E9A-1709EE1C2906-">
<TextLine HEIGHT="66" WIDTH="981" VPOS="497" HPOS="351" STYLEREFS="StyleId-3A587AAD-FFD7-4447-83B6-C0C504CCAEC7-">
<String CONTENT="Henderson," HEIGHT="64" WIDTH="364" VPOS="499" HPOS="351"/>
<SP HEIGHT="66" WIDTH="26" VPOS="497" HPOS="716"/>
<String CONTENT="James" HEIGHT="53" WIDTH="201" VPOS="497" HPOS="743"/>
<SP HEIGHT="53" WIDTH="25" VPOS="497" HPOS="945"/>
<String CONTENT="Max," HEIGHT="63" WIDTH="158" VPOS="497" HPOS="971"/>
<SP HEIGHT="59" WIDTH="30" VPOS="501" HPOS="1130"/>
<String CONTENT="1895-" HEIGHT="49" WIDTH="171" VPOS="501" HPOS="1161"/>
</TextLine>
<TextLine HEIGHT="69" WIDTH="1862" VPOS="570" HPOS="482" STYLEREFS="StyleId-D5D00DB2-DF88-4E5A-A369-916E5A3507F6-" CS="1">
<String CS="1" CONTENT="&#8230;"/>
<SP HEIGHT="63" WIDTH="48" VPOS="576" HPOS="482"/>
<String CONTENT="Questions" HEIGHT="64" WIDTH="304" VPOS="575" HPOS="531"/>
<SP HEIGHT="35" WIDTH="43" VPOS="593" HPOS="836"/>
<String CONTENT="and" HEIGHT="51" WIDTH="112" VPOS="575" HPOS="880"/>
<SP HEIGHT="51" WIDTH="44" VPOS="575" HPOS="993"/>
<String CONTENT="answers" HEIGHT="35" WIDTH="244" VPOS="591" HPOS="1038"/>
<SP HEIGHT="34" WIDTH="43" VPOS="591" HPOS="1283"/>
<String CONTENT="with" HEIGHT="52" WIDTH="140" VPOS="572" HPOS="1327"/>
<SP HEIGHT="66" WIDTH="45" VPOS="573" HPOS="1468"/>
<String CONTENT="problems" HEIGHT="68" WIDTH="283" VPOS="571" HPOS="1514"/>
<SP HEIGHT="34" WIDTH="44" VPOS="590" HPOS="1798"/>
<String CONTENT="and" HEIGHT="52" WIDTH="112" VPOS="571" HPOS="1843"/>
<SP HEIGHT="53" WIDTH="44" VPOS="570" HPOS="1956"/>
<String CONTENT="illustrative" HEIGHT="54" WIDTH="343" VPOS="570" HPOS="2001"/>
</TextLine>
<TextLine HEIGHT="69" WIDTH="1993" VPOS="648" HPOS="354" STYLEREFS="StyleId-D5D00DB2-DF88-4E5A-A369-916E5A3507F6-">
<String CONTENT="matter" HEIGHT="47" WIDTH="206" VPOS="660" HPOS="354"/>
<SP HEIGHT="34" WIDTH="28" VPOS="672" HPOS="561"/>
<String CONTENT="on" HEIGHT="34" WIDTH="72" VPOS="672" HPOS="590"/>
<SP HEIGHT="48" WIDTH="30" VPOS="658" HPOS="663"/>
<String CONTENT="the" HEIGHT="52" WIDTH="94" VPOS="653" HPOS="694"/>
<SP HEIGHT="52" WIDTH="30" VPOS="653" HPOS="789"/>
<String CONTENT="law" HEIGHT="51" WIDTH="110" VPOS="653" HPOS="820"/>
<SP HEIGHT="34" WIDTH="31" VPOS="670" HPOS="931"/>
<String CONTENT="of" HEIGHT="54" WIDTH="64" VPOS="650" HPOS="963"/>
<SP HEIGHT="54" WIDTH="30" VPOS="650" HPOS="1028"/>
<String CONTENT="evidence," HEIGHT="66" WIDTH="281" VPOS="651" HPOS="1059"/>
<SP HEIGHT="67" WIDTH="28" VPOS="650" HPOS="1341"/>
<String CONTENT="based" HEIGHT="52" WIDTH="170" VPOS="650" HPOS="1370"/>
<SP HEIGHT="52" WIDTH="32" VPOS="650" HPOS="1541"/>
<String CONTENT="on" HEIGHT="35" WIDTH="72" VPOS="667" HPOS="1574"/>
<SP HEIGHT="34" WIDTH="32" VPOS="667" HPOS="1647"/>
<String CONTENT="all" HEIGHT="52" WIDTH="77" VPOS="649" HPOS="1680"/>
<SP HEIGHT="52" WIDTH="31" VPOS="649" HPOS="1758"/>
<String CONTENT="the" HEIGHT="53" WIDTH="95" VPOS="648" HPOS="1790"/>
<SP HEIGHT="34" WIDTH="31" VPOS="667" HPOS="1886"/>
<String CONTENT="standard" HEIGHT="53" WIDTH="276" VPOS="649" HPOS="1918"/>
<SP HEIGHT="53" WIDTH="30" VPOS="649" HPOS="2195"/>
<String CONTENT="text" HEIGHT="48" WIDTH="121" VPOS="654" HPOS="2226"/>
</TextLine>
<TextLine HEIGHT="71" WIDTH="1822" VPOS="726" HPOS="353" STYLEREFS="StyleId-D5D00DB2-DF88-4E5A-A369-916E5A3507F6-" CS="1">
<String CONTENT="and" HEIGHT="51" WIDTH="113" VPOS="733" HPOS="353"/>
<SP HEIGHT="51" WIDTH="39" VPOS="733" HPOS="467"/>
<String CONTENT="case" HEIGHT="35" WIDTH="122" VPOS="749" HPOS="507"/>
<SP HEIGHT="52" WIDTH="39" VPOS="731" HPOS="630"/>
<String CONTENT="books," HEIGHT="66" WIDTH="192" VPOS="730" HPOS="670"/>
<SP HEIGHT="67" WIDTH="38" VPOS="729" HPOS="863"/>
<String CONTENT="by" HEIGHT="68" WIDTH="75" VPOS="729" HPOS="902"/>
<SP HEIGHT="68" WIDTH="39" VPOS="729" HPOS="978"/>
<String CONTENT="James" HEIGHT="53" WIDTH="192" VPOS="729" HPOS="1018"/>
<SP HEIGHT="52" WIDTH="41" VPOS="728" HPOS="1211"/>
<String CONTENT="M." HEIGHT="51" WIDTH="79" VPOS="728" HPOS="1253"/>
<SP HEIGHT="52" WIDTH="42" VPOS="727" HPOS="1333"/>
<String CONTENT="Henderson" HEIGHT="52" WIDTH="339" VPOS="727" HPOS="1376"/>
<SP HEIGHT="33" WIDTH="48" VPOS="745" HPOS="1716"/>
<String CS="1" CONTENT="&#8230;"/>
<SP HEIGHT="54" WIDTH="83" VPOS="726" HPOS="1821"/>
<String CONTENT="Chicago," HEIGHT="68" WIDTH="270" VPOS="726" HPOS="1905"/>
</TextLine>
<TextLine HEIGHT="152" WIDTH="1970" VPOS="726" HPOS="353" STYLEREFS="StyleId-D5D00DB2-DF88-4E5A-A369-916E5A3507F6-" CS="1">
<String CONTENT="Callaghan" HEIGHT="152" WIDTH="1970" VPOS="726" HPOS="353"/>
<SP HEIGHT="34" WIDTH="28" VPOS="827" HPOS="565"/>
<String CONTENT="and" HEIGHT="52" WIDTH="112" VPOS="809" HPOS="594"/>
<SP HEIGHT="51" WIDTH="28" VPOS="809" HPOS="707"/>
<String CS="1" CONTENT="company," HEIGHT="48" WIDTH="298" VPOS="826" HPOS="736"/>
<SP HEIGHT="59" WIDTH="31" VPOS="810" HPOS="1035"/>
<String CONTENT="1932." HEIGHT="51" WIDTH="149" VPOS="808" HPOS="1067"/>
</TextLine>
<TextLine HEIGHT="55" WIDTH="1214" VPOS="876" HPOS="456" CS="1">
<String CS="1" CONTENT="vi," HEIGHT="48" WIDTH="29" VPOS="883" HPOS="456"/>
<SP HEIGHT="49" WIDTH="27" VPOS="882" HPOS="486"/>
<String CONTENT="98" HEIGHT="42" WIDTH="56" VPOS="882" HPOS="514"/>
<SP HEIGHT="47" WIDTH="24" VPOS="883" HPOS="571"/>
<String CONTENT="p." HEIGHT="37" WIDTH="45" VPOS="893" HPOS="596"/>
<SP HEIGHT="42" WIDTH="54" VPOS="881" HPOS="642"/>
<String CS="1" CONTENT="20&#189;" HEIGHT="40" WIDTH="57" VPOS="881" HPOS="697"/>
<String STYLE="superscript" CS="1" CONTENT="&#7580;&#7504;"/>
<String CONTENT="." HEIGHT="9" WIDTH="9" VPOS="912" HPOS="835"/>
<SP HEIGHT="47" WIDTH="64" VPOS="881" HPOS="845"/>
<String CS="1" CONTENT="(Callaghan&#8217;s" HEIGHT="48" WIDTH="335" VPOS="880" HPOS="910"/>
<SP HEIGHT="38" WIDTH="27" VPOS="888" HPOS="1246"/>
<String CONTENT="quizzer" HEIGHT="50" WIDTH="194" VPOS="876" HPOS="1274"/>
<SP HEIGHT="30" WIDTH="26" VPOS="888" HPOS="1469"/>
<String CONTENT="series)" HEIGHT="49" WIDTH="174" VPOS="876" HPOS="1496"/>
</TextLine>
<TextLine HEIGHT="55" WIDTH="1826" VPOS="947" HPOS="356" CS="1">
<String CONTENT="&#169;" HEIGHT="53" WIDTH="51" VPOS="949" HPOS="356"/>
<SP HEIGHT="53" WIDTH="26" VPOS="949" HPOS="408"/>
<String CONTENT="Nov." HEIGHT="39" WIDTH="119" VPOS="954" HPOS="435"/>
<SP HEIGHT="40" WIDTH="24" VPOS="953" HPOS="555"/>
<String CONTENT="3," HEIGHT="46" WIDTH="40" VPOS="953" HPOS="580"/>
<SP HEIGHT="47" WIDTH="25" VPOS="952" HPOS="621"/>
<String CS="1" CONTENT="1932;" HEIGHT="42" WIDTH="113" VPOS="950" HPOS="647"/>
<SP HEIGHT="47" WIDTH="27" VPOS="951" HPOS="789"/>
<String CONTENT="2c." HEIGHT="40" WIDTH="67" VPOS="951" HPOS="817"/>
<SP HEIGHT="40" WIDTH="27" VPOS="951" HPOS="885"/>
<String CONTENT="Nov." HEIGHT="40" WIDTH="118" VPOS="951" HPOS="913"/>
<SP HEIGHT="40" WIDTH="26" VPOS="951" HPOS="1032"/>
<String CS="1" CONTENT="7;" HEIGHT="39" WIDTH="26" VPOS="951" HPOS="1059"/>
<SP HEIGHT="38" WIDTH="30" VPOS="959" HPOS="1112"/>
<String CONTENT="aff." HEIGHT="40" WIDTH="82" VPOS="949" HPOS="1143"/>
<SP HEIGHT="40" WIDTH="26" VPOS="949" HPOS="1226"/>
<String CONTENT="Nov." HEIGHT="39" WIDTH="116" VPOS="949" HPOS="1253"/>
<SP HEIGHT="39" WIDTH="28" VPOS="949" HPOS="1370"/>
<String CS="1" CONTENT="5;" HEIGHT="39" WIDTH="28" VPOS="949" HPOS="1399"/>
<SP HEIGHT="47" WIDTH="30" VPOS="948" HPOS="1452"/>
<!-- cceid 109EC738-6D7D-1014-B4A5-D7A31D17AB40 --><String CONTENT="A" HEIGHT="39" WIDTH="40" VPOS="948" HPOS="1483"/>
<SP HEIGHT="40" WIDTH="26" VPOS="948" HPOS="1524"/>
<String CS="1" CONTENT="56933;" HEIGHT="41" WIDTH="142" VPOS="947" HPOS="1551"/>
<SP HEIGHT="48" WIDTH="31" VPOS="947" HPOS="1722"/>
<String CONTENT="Callaghan" HEIGHT="49" WIDTH="269" VPOS="947" HPOS="1754"/>
<SP HEIGHT="40" WIDTH="26" VPOS="948" HPOS="2024"/>
<String CONTENT="&amp;" HEIGHT="40" WIDTH="36" VPOS="948" HPOS="2051"/>
<SP HEIGHT="40" WIDTH="25" VPOS="948" HPOS="2088"/>
<String CONTENT="co." HEIGHT="31" WIDTH="68" VPOS="958" HPOS="2114"/>
</TextLine>
<TextLine HEIGHT="51" WIDTH="279" VPOS="1007" HPOS="437">
<String CONTENT="(32-32149)" HEIGHT="51" WIDTH="279" VPOS="1007" HPOS="437"/>
</TextLine>
<TextLine HEIGHT="66" WIDTH="549" VPOS="1111" HPOS="355" STYLEREFS="StyleId-BBDCB543-6EFB-47F6-8150-89CCFE512037-">
<String LANG="de" CONTENT="Herbst," HEIGHT="64" WIDTH="241" VPOS="1113" HPOS="355"/>
<SP HEIGHT="65" WIDTH="27" VPOS="1112" HPOS="597"/>
<String LANG="en-US" CONTENT="Winfrid." HEIGHT="55" WIDTH="279" VPOS="1111" HPOS="625"/>
</TextLine>
<TextLine HEIGHT="72" WIDTH="1927" VPOS="1183" HPOS="425" STYLEREFS="StyleId-D5D00DB2-DF88-4E5A-A369-916E5A3507F6-">
<String CONTENT="The" HEIGHT="52" WIDTH="120" VPOS="1189" HPOS="425"/>
<SP HEIGHT="53" WIDTH="37" VPOS="1188" HPOS="546"/>
<String CONTENT="Divine" HEIGHT="53" WIDTH="211" VPOS="1187" HPOS="584"/>
<SP HEIGHT="57" WIDTH="42" VPOS="1185" HPOS="796"/>
<String CONTENT="Savior;" HEIGHT="68" WIDTH="233" VPOS="1185" HPOS="839"/>
<SP HEIGHT="49" WIDTH="41" VPOS="1204" HPOS="1073"/>
<String CONTENT="a" HEIGHT="34" WIDTH="32" VPOS="1204" HPOS="1115"/>
<SP HEIGHT="49" WIDTH="39" VPOS="1204" HPOS="1148"/>
<String CONTENT="presentation" HEIGHT="68" WIDTH="388" VPOS="1185" HPOS="1188"/>
<SP HEIGHT="35" WIDTH="38" VPOS="1202" HPOS="1577"/>
<String CONTENT="of" HEIGHT="53" WIDTH="63" VPOS="1184" HPOS="1616"/>
<SP HEIGHT="56" WIDTH="41" VPOS="1183" HPOS="1680"/>
<String CONTENT="Our" HEIGHT="56" WIDTH="123" VPOS="1183" HPOS="1722"/>
<SP HEIGHT="52" WIDTH="37" VPOS="1185" HPOS="1846"/>
<String CONTENT="Lord&#8217;s" HEIGHT="54" WIDTH="202" VPOS="1185" HPOS="1884"/>
<SP HEIGHT="35" WIDTH="40" VPOS="1204" HPOS="2087"/>
<String CONTENT="earthly" HEIGHT="70" WIDTH="224" VPOS="1185" HPOS="2128"/>
</TextLine>
<TextLine HEIGHT="72" WIDTH="1997" VPOS="1262" HPOS="355" STYLEREFS="StyleId-D5D00DB2-DF88-4E5A-A369-916E5A3507F6-">
<String CONTENT="mission," HEIGHT="68" WIDTH="252" VPOS="1266" HPOS="355"/>
<SP HEIGHT="48" WIDTH="23" VPOS="1286" HPOS="608"/>
<String CONTENT="serving" HEIGHT="69" WIDTH="230" VPOS="1265" HPOS="632"/>
<SP HEIGHT="64" WIDTH="24" VPOS="1270" HPOS="863"/>
<String CONTENT="to" HEIGHT="48" WIDTH="58" VPOS="1270" HPOS="888"/>
<SP HEIGHT="35" WIDTH="24" VPOS="1283" HPOS="947"/>
<String CONTENT="make" HEIGHT="54" WIDTH="164" VPOS="1263" HPOS="972"/>
<SP HEIGHT="53" WIDTH="26" VPOS="1264" HPOS="1137"/>
<String CONTENT="him" HEIGHT="52" WIDTH="120" VPOS="1264" HPOS="1164"/>
<SP HEIGHT="53" WIDTH="24" VPOS="1263" HPOS="1285"/>
<String CONTENT="better" HEIGHT="53" WIDTH="183" VPOS="1263" HPOS="1310"/>
<SP HEIGHT="53" WIDTH="25" VPOS="1262" HPOS="1494"/>
<String CONTENT="known" HEIGHT="53" WIDTH="209" VPOS="1262" HPOS="1520"/>
<SP HEIGHT="35" WIDTH="27" VPOS="1281" HPOS="1730"/>
<String CONTENT="and" HEIGHT="53" WIDTH="113" VPOS="1263" HPOS="1758"/>
<SP HEIGHT="53" WIDTH="26" VPOS="1263" HPOS="1872"/>
<String CONTENT="loved," HEIGHT="68" WIDTH="183" VPOS="1263" HPOS="1899"/>
<SP HEIGHT="68" WIDTH="23" VPOS="1263" HPOS="2083"/>
<String CONTENT="by" HEIGHT="69" WIDTH="76" VPOS="1263" HPOS="2107"/>
<SP HEIGHT="69" WIDTH="27" VPOS="1263" HPOS="2184"/>
<String CONTENT="Rev." HEIGHT="54" WIDTH="140" VPOS="1263" HPOS="2212"/>
</TextLine>
<TextLine HEIGHT="71" WIDTH="1996" VPOS="1340" HPOS="356" STYLEREFS="StyleId-D5D00DB2-DF88-4E5A-A369-916E5A3507F6-" CS="1">
<String CONTENT="Winfrid" HEIGHT="56" WIDTH="262" VPOS="1343" HPOS="356"/>
<SP HEIGHT="54" WIDTH="45" VPOS="1343" HPOS="619"/>
<String LANG="de" CONTENT="Herbst" HEIGHT="53" WIDTH="219" VPOS="1343" HPOS="665"/>
<SP HEIGHT="47" WIDTH="48" VPOS="1348" HPOS="885"/>
<String CS="1" CONTENT="&#8230;"/>
<SP HEIGHT="53" WIDTH="84" VPOS="1342" HPOS="992"/>
<String CONTENT="New" HEIGHT="53" WIDTH="139" VPOS="1342" HPOS="1077"/>
<SP HEIGHT="52" WIDTH="47" VPOS="1342" HPOS="1217"/>
<String CONTENT="York," HEIGHT="69" WIDTH="181" VPOS="1340" HPOS="1265"/>
<SP HEIGHT="69" WIDTH="46" VPOS="1340" HPOS="1447"/>
<String CONTENT="Cincinnati" HEIGHT="55" WIDTH="330" VPOS="1340" HPOS="1494"/>
<SP HEIGHT="69" WIDTH="53" VPOS="1340" HPOS="1825"/>
<String CS="1" CONTENT="[etc.]" HEIGHT="62" WIDTH="120" VPOS="1346" HPOS="1897"/>
<SP HEIGHT="66" WIDTH="52" VPOS="1342" HPOS="2018"/>
<String CONTENT="Benziger" HEIGHT="70" WIDTH="281" VPOS="1341" HPOS="2071"/>
</TextLine>
<TextLine HEIGHT="65" WIDTH="459" VPOS="1422" HPOS="356" STYLEREFS="StyleId-D5D00DB2-DF88-4E5A-A369-916E5A3507F6-">
<String CONTENT="brothers," HEIGHT="65" WIDTH="277" VPOS="1422" HPOS="356"/>
<SP HEIGHT="61" WIDTH="29" VPOS="1426" HPOS="634"/>
<String CONTENT="1932." HEIGHT="51" WIDTH="151" VPOS="1423" HPOS="664"/>
</TextLine>
<TextLine HEIGHT="51" WIDTH="942" VPOS="1490" HPOS="428" CS="1">
<String CONTENT="viii," HEIGHT="45" WIDTH="100" VPOS="1495" HPOS="428"/>
<SP/>
<String CONTENT="216" HEIGHT="41" WIDTH="87" VPOS="1494" HPOS="555"/>
<SP HEIGHT="47" WIDTH="22" VPOS="1494" HPOS="643"/>
<String CONTENT="p." HEIGHT="37" WIDTH="44" VPOS="1504" HPOS="666"/>
<SP HEIGHT="41" WIDTH="25" VPOS="1493" HPOS="711"/>
<String CONTENT="incl." HEIGHT="41" WIDTH="109" VPOS="1493" HPOS="737"/>
<SP HEIGHT="41" WIDTH="26" VPOS="1493" HPOS="847"/>
<String CONTENT="front.," HEIGHT="48" WIDTH="164" VPOS="1493" HPOS="874"/>
<SP HEIGHT="48" WIDTH="26" VPOS="1493" HPOS="1039"/>
<String CONTENT="illus." HEIGHT="40" WIDTH="128" VPOS="1492" HPOS="1066"/>
<SP HEIGHT="39" WIDTH="58" VPOS="1493" HPOS="1195"/>
<String CONTENT="19" HEIGHT="41" WIDTH="56" VPOS="1490" HPOS="1254"/>
<String STYLE="superscript" CS="1" CONTENT="&#7580;&#7504;"/>
<String CONTENT="." HEIGHT="9" WIDTH="9" VPOS="1524" HPOS="1361"/>
</TextLine>
<TextLine HEIGHT="53" WIDTH="1740" VPOS="1563" HPOS="364" CS="1">
<String CONTENT="&#169;" HEIGHT="51" WIDTH="51" VPOS="1565" HPOS="364"/>
<SP HEIGHT="51" WIDTH="30" VPOS="1565" HPOS="416"/>
<String CONTENT="Oct" HEIGHT="41" WIDTH="88" VPOS="1567" HPOS="447"/>
<SP HEIGHT="39" WIDTH="43" VPOS="1568" HPOS="536"/>
<String CONTENT="18," HEIGHT="43" WIDTH="69" VPOS="1566" HPOS="580"/>
<SP HEIGHT="42" WIDTH="28" VPOS="1567" HPOS="650"/>
<String CS="1" CONTENT="1932;" HEIGHT="41" WIDTH="113" VPOS="1565" HPOS="679"/>
<SP HEIGHT="47" WIDTH="31" VPOS="1566" HPOS="820"/>
<String CONTENT="2c." HEIGHT="40" WIDTH="65" VPOS="1566" HPOS="852"/>
<SP HEIGHT="30" WIDTH="31" VPOS="1576" HPOS="918"/>
<String CONTENT="and" HEIGHT="40" WIDTH="95" VPOS="1566" HPOS="950"/>
<SP HEIGHT="39" WIDTH="29" VPOS="1566" HPOS="1046"/>
<String CONTENT="aff." HEIGHT="40" WIDTH="82" VPOS="1565" HPOS="1076"/>
<SP HEIGHT="42" WIDTH="30" VPOS="1563" HPOS="1159"/>
<String CONTENT="Oct." HEIGHT="41" WIDTH="102" VPOS="1563" HPOS="1190"/>
<SP HEIGHT="40" WIDTH="29" VPOS="1563" HPOS="1293"/>
<String CS="1" CONTENT="27;" HEIGHT="42" WIDTH="57" VPOS="1563" HPOS="1323"/>
<SP HEIGHT="46" WIDTH="33" VPOS="1565" HPOS="1405"/>
<!-- cceid 109EE797-6D7D-1014-B4A5-D7A31D17AB40 --><String CONTENT="A" HEIGHT="38" WIDTH="39" VPOS="1565" HPOS="1439"/>
<SP HEIGHT="38" WIDTH="30" VPOS="1565" HPOS="1479"/>
<String CS="1" CONTENT="55710;" HEIGHT="40" WIDTH="142" VPOS="1564" HPOS="1510"/>
<SP HEIGHT="45" WIDTH="33" VPOS="1566" HPOS="1680"/>
<String CONTENT="Benziger" HEIGHT="49" WIDTH="233" VPOS="1564" HPOS="1714"/>
<SP HEIGHT="38" WIDTH="31" VPOS="1565" HPOS="1948"/>
<String CONTENT="bros." HEIGHT="40" WIDTH="124" VPOS="1565" HPOS="1980"/>
</TextLine>
<TextLine HEIGHT="48" WIDTH="277" VPOS="1624" HPOS="442">
<String CONTENT="(32-32002)" HEIGHT="48" WIDTH="277" VPOS="1624" HPOS="442"/>
</TextLine>
<TextLine HEIGHT="66" WIDTH="989" VPOS="1724" HPOS="360" STYLEREFS="StyleId-D5D00DB2-DF88-4E5A-A369-916E5A3507F6-">
<String CONTENT="Hildebrand," HEIGHT="66" WIDTH="380" VPOS="1724" HPOS="360"/>
<SP HEIGHT="63" WIDTH="26" VPOS="1727" HPOS="741"/>
<String CONTENT="Joel" HEIGHT="53" WIDTH="125" VPOS="1726" HPOS="768"/>
<SP HEIGHT="51" WIDTH="27" VPOS="1726" HPOS="894"/>
<String CONTENT="Henry," HEIGHT="62" WIDTH="223" VPOS="1727" HPOS="922"/>
<SP HEIGHT="58" WIDTH="31" VPOS="1731" HPOS="1146"/>
<String CONTENT="1881-" HEIGHT="49" WIDTH="171" VPOS="1730" HPOS="1178"/>
</TextLine>
<TextLine HEIGHT="70" WIDTH="1923" VPOS="1800" HPOS="430" STYLEREFS="StyleId-D5D00DB2-DF88-4E5A-A369-916E5A3507F6-" CS="1">
<String CONTENT="Principles" HEIGHT="68" WIDTH="321" VPOS="1802" HPOS="430"/>
<SP HEIGHT="34" WIDTH="34" VPOS="1820" HPOS="752"/>
<String CONTENT="of" HEIGHT="53" WIDTH="63" VPOS="1801" HPOS="787"/>
<SP HEIGHT="53" WIDTH="31" VPOS="1801" HPOS="851"/>
<String CONTENT="chemistry," HEIGHT="69" WIDTH="324" VPOS="1801" HPOS="883"/>
<SP HEIGHT="68" WIDTH="29" VPOS="1800" HPOS="1208"/>
<String CONTENT="by" HEIGHT="70" WIDTH="77" VPOS="1800" HPOS="1238"/>
<SP HEIGHT="70" WIDTH="32" VPOS="1800" HPOS="1316"/>
<String CONTENT="Joel" HEIGHT="54" WIDTH="129" VPOS="1800" HPOS="1349"/>
<SP HEIGHT="52" WIDTH="32" VPOS="1801" HPOS="1479"/>
<String CONTENT="H." HEIGHT="52" WIDTH="77" VPOS="1801" HPOS="1512"/>
<SP HEIGHT="52" WIDTH="32" VPOS="1801" HPOS="1590"/>
<String CONTENT="Hildebrand" HEIGHT="53" WIDTH="366" VPOS="1800" HPOS="1623"/>
<SP HEIGHT="52" WIDTH="39" VPOS="1801" HPOS="1990"/>
<String CS="1" CONTENT="&#8230;"/>
<SP HEIGHT="49" WIDTH="74" VPOS="1804" HPOS="2087"/>
<String CONTENT="3d" HEIGHT="52" WIDTH="71" VPOS="1801" HPOS="2162"/>
<SP HEIGHT="53" WIDTH="34" VPOS="1801" HPOS="2234"/>
<String CONTENT="ed." HEIGHT="53" WIDTH="84" VPOS="1801" HPOS="2269"/>
</TextLine>
<TextLine HEIGHT="69" WIDTH="1381" VPOS="1878" HPOS="363" STYLEREFS="StyleId-D5D00DB2-DF88-4E5A-A369-916E5A3507F6-" CS="1">
<String CONTENT="New" HEIGHT="52" WIDTH="136" VPOS="1880" HPOS="363"/>
<SP HEIGHT="52" WIDTH="31" VPOS="1880" HPOS="500"/>
<String CONTENT="York," HEIGHT="65" WIDTH="179" VPOS="1879" HPOS="532"/>
<SP HEIGHT="64" WIDTH="30" VPOS="1880" HPOS="712"/>
<String CONTENT="The" HEIGHT="53" WIDTH="120" VPOS="1879" HPOS="743"/>
<SP HEIGHT="53" WIDTH="28" VPOS="1879" HPOS="864"/>
<String CS="1" CONTENT="Macmillan" HEIGHT="53" WIDTH="334" VPOS="1878" HPOS="893"/>
<SP HEIGHT="34" WIDTH="32" VPOS="1897" HPOS="1228"/>
<String CONTENT="company," HEIGHT="52" WIDTH="298" VPOS="1895" HPOS="1261"/>
<SP HEIGHT="65" WIDTH="33" VPOS="1882" HPOS="1560"/>
<String CONTENT="1932." HEIGHT="50" WIDTH="150" VPOS="1881" HPOS="1594"/>
</TextLine>
<TextLine HEIGHT="50" WIDTH="855" VPOS="1950" HPOS="431" CS="1">
<String CONTENT="ix," HEIGHT="47" WIDTH="64" VPOS="1953" HPOS="431"/>
<SP/>
<String CONTENT="328" HEIGHT="40" WIDTH="86" VPOS="1952" HPOS="521"/>
<SP HEIGHT="46" WIDTH="24" VPOS="1953" HPOS="608"/>
<String CONTENT="p." HEIGHT="36" WIDTH="43" VPOS="1963" HPOS="633"/>
<SP HEIGHT="40" WIDTH="54" VPOS="1953" HPOS="677"/>
<String CONTENT="illus.," HEIGHT="44" WIDTH="141" VPOS="1952" HPOS="732"/>
<SP HEIGHT="44" WIDTH="26" VPOS="1952" HPOS="874"/>
<String CONTENT="diagrs." HEIGHT="48" WIDTH="179" VPOS="1951" HPOS="901"/>
<SP HEIGHT="40" WIDTH="57" VPOS="1951" HPOS="1081"/>
<String CS="1" CONTENT="20&#189;" HEIGHT="41" WIDTH="57" VPOS="1950" HPOS="1139"/>
<String STYLE="superscript" CS="1" CONTENT="&#7580;&#7504;"/>
<String CONTENT="." HEIGHT="9" WIDTH="10" VPOS="1982" HPOS="1276"/>
</TextLine>
<TextLine HEIGHT="51" WIDTH="1761" VPOS="2021" HPOS="369" CS="1">
<String CONTENT="&#169;" HEIGHT="51" WIDTH="51" VPOS="2021" HPOS="369"/>
<SP HEIGHT="51" WIDTH="29" VPOS="2021" HPOS="421"/>
<String CONTENT="Apr." HEIGHT="46" WIDTH="112" VPOS="2025" HPOS="451"/>
<SP HEIGHT="40" WIDTH="30" VPOS="2025" HPOS="564"/>
<String CS="1" CONTENT="12," HEIGHT="40" WIDTH="53" VPOS="2023" HPOS="595"/>
<SP HEIGHT="41" WIDTH="30" VPOS="2024" HPOS="664"/>
<String CS="1" CONTENT="1932;" HEIGHT="39" WIDTH="113" VPOS="2024" HPOS="695"/>
<SP HEIGHT="42" WIDTH="31" VPOS="2023" HPOS="836"/>
<String CONTENT="2c." HEIGHT="41" WIDTH="68" VPOS="2023" HPOS="868"/>
<SP HEIGHT="30" WIDTH="30" VPOS="2034" HPOS="937"/>
<String CONTENT="and" HEIGHT="38" WIDTH="95" VPOS="2025" HPOS="968"/>
<SP HEIGHT="38" WIDTH="29" VPOS="2025" HPOS="1064"/>
<String CONTENT="aff." HEIGHT="41" WIDTH="83" VPOS="2023" HPOS="1094"/>
<SP HEIGHT="40" WIDTH="30" VPOS="2024" HPOS="1178"/>
<String CONTENT="Apr." HEIGHT="47" WIDTH="113" VPOS="2024" HPOS="1209"/>
<SP HEIGHT="39" WIDTH="32" VPOS="2024" HPOS="1323"/>
<String CS="1" CONTENT="13;" HEIGHT="38" WIDTH="53" VPOS="2024" HPOS="1356"/>
<SP HEIGHT="46" WIDTH="33" VPOS="2023" HPOS="1437"/>
<!-- cceid 109F0C0B-6D7D-1014-B4A5-D7A31D17AB40 --><String CONTENT="A" HEIGHT="39" WIDTH="41" VPOS="2023" HPOS="1471"/>
<SP HEIGHT="39" WIDTH="30" VPOS="2023" HPOS="1513"/>
<String CS="1" CONTENT="50722;" HEIGHT="41" WIDTH="142" VPOS="2022" HPOS="1544"/>
<SP HEIGHT="46" WIDTH="34" VPOS="2024" HPOS="1714"/>
<String CS="1" CONTENT="Macmillan" HEIGHT="41" WIDTH="281" VPOS="2022" HPOS="1749"/>
<SP HEIGHT="29" WIDTH="32" VPOS="2034" HPOS="2031"/>
<String CONTENT="co." HEIGHT="29" WIDTH="66" VPOS="2034" HPOS="2064"/>
</TextLine>
<TextLine HEIGHT="48" WIDTH="280" VPOS="2080" HPOS="445">
<String CONTENT="(32-32135)" HEIGHT="48" WIDTH="280" VPOS="2080" HPOS="445"/>
</TextLine>
<TextLine HEIGHT="65" WIDTH="672" VPOS="2182" HPOS="365" STYLEREFS="StyleId-BBDCB543-6EFB-47F6-8150-89CCFE512037-">
<String CONTENT="Hilton," HEIGHT="64" WIDTH="221" VPOS="2182" HPOS="365"/>
<SP HEIGHT="63" WIDTH="26" VPOS="2183" HPOS="587"/>
<String CONTENT="James," HEIGHT="64" WIDTH="219" VPOS="2183" HPOS="614"/>
<SP HEIGHT="58" WIDTH="31" VPOS="2189" HPOS="834"/>
<String CONTENT="1900-" HEIGHT="50" WIDTH="171" VPOS="2186" HPOS="866"/>
</TextLine>
<TextLine HEIGHT="67" WIDTH="1840" VPOS="2258" HPOS="516" STYLEREFS="StyleId-D5D00DB2-DF88-4E5A-A369-916E5A3507F6-" CS="1">
<String CS="1" CONTENT="Ill"/>
<SP HEIGHT="51" WIDTH="32" VPOS="2260" HPOS="516"/>
<String CONTENT="wind," HEIGHT="67" WIDTH="172" VPOS="2258" HPOS="549"/>
<SP HEIGHT="66" WIDTH="30" VPOS="2259" HPOS="722"/>
<String CONTENT="by" HEIGHT="66" WIDTH="75" VPOS="2259" HPOS="753"/>
<SP HEIGHT="67" WIDTH="30" VPOS="2258" HPOS="829"/>
<String CONTENT="James" HEIGHT="54" WIDTH="194" VPOS="2258" HPOS="860"/>
<SP HEIGHT="53" WIDTH="33" VPOS="2259" HPOS="1055"/>
<String CONTENT="Hilton." HEIGHT="52" WIDTH="225" VPOS="2259" HPOS="1089"/>
<SP HEIGHT="52" WIDTH="65" VPOS="2259" HPOS="1315"/>
<String CONTENT="New" HEIGHT="53" WIDTH="140" VPOS="2259" HPOS="1381"/>
<SP HEIGHT="52" WIDTH="33" VPOS="2259" HPOS="1522"/>
<String CONTENT="York," HEIGHT="65" WIDTH="179" VPOS="2259" HPOS="1556"/>
<SP HEIGHT="65" WIDTH="30" VPOS="2259" HPOS="1736"/>
<String CONTENT="W." HEIGHT="54" WIDTH="91" VPOS="2259" HPOS="1767"/>
<SP HEIGHT="52" WIDTH="33" VPOS="2259" HPOS="1859"/>
<String CONTENT="Morrow" HEIGHT="53" WIDTH="250" VPOS="2259" HPOS="1893"/>
<SP HEIGHT="50" WIDTH="33" VPOS="2262" HPOS="2144"/>
<String CONTENT="&amp;" HEIGHT="50" WIDTH="46" VPOS="2262" HPOS="2178"/>
<SP HEIGHT="50" WIDTH="32" VPOS="2262" HPOS="2225"/>
<String CONTENT="co.," HEIGHT="48" WIDTH="98" VPOS="2277" HPOS="2258"/>
</TextLine>
<TextLine HEIGHT="51" WIDTH="150" VPOS="2339" HPOS="367" STYLEREFS="StyleId-D5D00DB2-DF88-4E5A-A369-916E5A3507F6-">
<String CONTENT="1932." HEIGHT="51" WIDTH="150" VPOS="2339" HPOS="367"/>
</TextLine>
<TextLine HEIGHT="50" WIDTH="548" VPOS="2407" HPOS="440" CS="1">
<String LANG="en-US" CONTENT="5" HEIGHT="40" WIDTH="26" VPOS="2409" HPOS="440"/>
<SP HEIGHT="48" WIDTH="26" VPOS="2409" HPOS="467"/>
<String LANG="fr" CONTENT="p." HEIGHT="38" WIDTH="43" VPOS="2419" HPOS="494"/>
<SP/>
<String LANG="fr" CS="1" CONTENT="l.,"/>
<SP/>
<String LANG="en-US" CONTENT="306" HEIGHT="40" WIDTH="87" VPOS="2408" HPOS="633"/>
<SP HEIGHT="49" WIDTH="22" VPOS="2408" HPOS="721"/>
<String LANG="en-US" CONTENT="p." HEIGHT="38" WIDTH="44" VPOS="2419" HPOS="744"/>
<SP HEIGHT="40" WIDTH="53" VPOS="2408" HPOS="789"/>
<String LANG="en-US" CS="1" CONTENT="19&#189;" HEIGHT="41" WIDTH="56" VPOS="2407" HPOS="843"/>
<String STYLE="superscript" LANG="en-US" CS="1" CONTENT="&#7580;&#7504;"/>
<String LANG="en-US" CONTENT="." HEIGHT="9" WIDTH="9" VPOS="2440" HPOS="979"/>
</TextLine>
<TextLine HEIGHT="52" WIDTH="1051" VPOS="2462" HPOS="444">
<String CONTENT="&#8220;Published" HEIGHT="42" WIDTH="288" VPOS="2463" HPOS="444"/>
<SP HEIGHT="39" WIDTH="28" VPOS="2465" HPOS="733"/>
<String CONTENT="in" HEIGHT="39" WIDTH="49" VPOS="2465" HPOS="762"/>
<SP HEIGHT="41" WIDTH="26" VPOS="2463" HPOS="812"/>
<String CONTENT="England" HEIGHT="50" WIDTH="220" VPOS="2463" HPOS="839"/>
<SP HEIGHT="40" WIDTH="29" VPOS="2465" HPOS="1060"/>
<String CONTENT="as" HEIGHT="30" WIDTH="54" VPOS="2475" HPOS="1090"/>
<SP HEIGHT="41" WIDTH="28" VPOS="2464" HPOS="1145"/>
<String CONTENT="&#8216;Contango&#8217;.&#8221;" HEIGHT="52" WIDTH="321" VPOS="2462" HPOS="1174"/>
</TextLine>
<TextLine HEIGHT="52" WIDTH="1987" VPOS="2533" HPOS="373" CS="1">
<String CONTENT="&#169;" HEIGHT="51" WIDTH="51" VPOS="2533" HPOS="373"/>
<SP HEIGHT="51" WIDTH="27" VPOS="2533" HPOS="425"/>
<String CONTENT="Nov." HEIGHT="40" WIDTH="117" VPOS="2537" HPOS="453"/>
<SP HEIGHT="40" WIDTH="27" VPOS="2537" HPOS="571"/>
<String CONTENT="10," HEIGHT="48" WIDTH="67" VPOS="2536" HPOS="599"/>
<SP HEIGHT="48" WIDTH="28" VPOS="2536" HPOS="667"/>
<String CONTENT="1932;" HEIGHT="47" WIDTH="139" VPOS="2535" HPOS="696"/>
<SP HEIGHT="46" WIDTH="30" VPOS="2536" HPOS="836"/>
<String CONTENT="2c." HEIGHT="40" WIDTH="65" VPOS="2536" HPOS="867"/>
<SP HEIGHT="29" WIDTH="30" VPOS="2547" HPOS="933"/>
<String CONTENT="and" HEIGHT="39" WIDTH="94" VPOS="2538" HPOS="964"/>
<SP HEIGHT="39" WIDTH="27" VPOS="2538" HPOS="1059"/>
<String CONTENT="aff." HEIGHT="40" WIDTH="80" VPOS="2535" HPOS="1087"/>
<SP HEIGHT="38" WIDTH="29" VPOS="2536" HPOS="1168"/>
<String CONTENT="Nov." HEIGHT="40" WIDTH="117" VPOS="2536" HPOS="1198"/>
<SP HEIGHT="40" WIDTH="28" VPOS="2536" HPOS="1316"/>
<String CS="1" CONTENT="12;" HEIGHT="39" WIDTH="54" VPOS="2535" HPOS="1345"/>
<SP HEIGHT="41" WIDTH="29" VPOS="2536" HPOS="1427"/>
<!-- cceid 109F314A-6D7D-1014-B4A5-D7A31D17AB40 --><String CONTENT="A" HEIGHT="38" WIDTH="41" VPOS="2536" HPOS="1457"/>
<SP HEIGHT="39" WIDTH="28" VPOS="2536" HPOS="1499"/>
<String CS="1" CONTENT="55909;" HEIGHT="41" WIDTH="146" VPOS="2535" HPOS="1528"/>
<SP HEIGHT="40" WIDTH="31" VPOS="2537" HPOS="1698"/>
<String CONTENT="William" HEIGHT="40" WIDTH="214" VPOS="2536" HPOS="1730"/>
<SP HEIGHT="37" WIDTH="30" VPOS="2538" HPOS="1945"/>
<String CONTENT="Morrow" HEIGHT="38" WIDTH="208" VPOS="2538" HPOS="1976"/>
<SP HEIGHT="40" WIDTH="26" VPOS="2537" HPOS="2185"/>
<String CONTENT="&amp;" HEIGHT="40" WIDTH="36" VPOS="2537" HPOS="2212"/>
<SP HEIGHT="40" WIDTH="27" VPOS="2537" HPOS="2249"/>
<String CONTENT="co.," HEIGHT="40" WIDTH="83" VPOS="2545" HPOS="2277"/>
</TextLine>
<TextLine HEIGHT="48" WIDTH="437" VPOS="2592" HPOS="440">
<String CONTENT="inc." HEIGHT="40" WIDTH="88" VPOS="2593" HPOS="440"/>
<SP HEIGHT="48" WIDTH="70" VPOS="2592" HPOS="529"/>
<String CONTENT="(32-32017)" HEIGHT="48" WIDTH="277" VPOS="2592" HPOS="600"/>
</TextLine>
<TextLine HEIGHT="64" WIDTH="649" VPOS="2697" HPOS="367" STYLEREFS="StyleId-BBDCB543-6EFB-47F6-8150-89CCFE512037-">
<String CONTENT="Holden," HEIGHT="64" WIDTH="246" VPOS="2697" HPOS="367"/>
<SP HEIGHT="63" WIDTH="26" VPOS="2698" HPOS="614"/>
<String CONTENT="John" HEIGHT="53" WIDTH="155" VPOS="2697" HPOS="641"/>
<SP HEIGHT="52" WIDTH="26" VPOS="2697" HPOS="797"/>
<String CONTENT="Allan." HEIGHT="54" WIDTH="192" VPOS="2697" HPOS="824"/>
</TextLine>
<TextLine HEIGHT="71" WIDTH="1917" VPOS="2773" HPOS="441" STYLEREFS="StyleId-D5D00DB2-DF88-4E5A-A369-916E5A3507F6-">
<String CONTENT="Private" HEIGHT="52" WIDTH="233" VPOS="2773" HPOS="441"/>
<SP HEIGHT="52" WIDTH="37" VPOS="2773" HPOS="675"/>
<String CONTENT="book" HEIGHT="53" WIDTH="146" VPOS="2773" HPOS="713"/>
<SP HEIGHT="53" WIDTH="37" VPOS="2773" HPOS="860"/>
<String CONTENT="collectors" HEIGHT="53" WIDTH="291" VPOS="2774" HPOS="898"/>
<SP HEIGHT="54" WIDTH="38" VPOS="2773" HPOS="1190"/>
<String CONTENT="in" HEIGHT="53" WIDTH="61" VPOS="2773" HPOS="1229"/>
<SP HEIGHT="46" WIDTH="38" VPOS="2779" HPOS="1291"/>
<String CONTENT="the" HEIGHT="51" WIDTH="93" VPOS="2775" HPOS="1330"/>
<SP HEIGHT="53" WIDTH="40" VPOS="2775" HPOS="1424"/>
<String CONTENT="United" HEIGHT="54" WIDTH="216" VPOS="2774" HPOS="1465"/>
<SP HEIGHT="55" WIDTH="41" VPOS="2774" HPOS="1682"/>
<String CONTENT="States" HEIGHT="55" WIDTH="185" VPOS="2774" HPOS="1724"/>
<SP HEIGHT="33" WIDTH="40" VPOS="2793" HPOS="1910"/>
<String CONTENT="and" HEIGHT="51" WIDTH="111" VPOS="2775" HPOS="1951"/>
<SP HEIGHT="53" WIDTH="42" VPOS="2775" HPOS="2063"/>
<String CONTENT="Canada," HEIGHT="69" WIDTH="252" VPOS="2775" HPOS="2106"/>
</TextLine>
<TextLine HEIGHT="71" WIDTH="1988" VPOS="2851" HPOS="371" STYLEREFS="StyleId-D5D00DB2-DF88-4E5A-A369-916E5A3507F6-">
<String CONTENT="with" HEIGHT="52" WIDTH="138" VPOS="2851" HPOS="371"/>
<SP HEIGHT="50" WIDTH="55" VPOS="2853" HPOS="510"/>
<String CONTENT="mention" HEIGHT="52" WIDTH="252" VPOS="2851" HPOS="566"/>
<SP HEIGHT="32" WIDTH="55" VPOS="2871" HPOS="819"/>
<String CONTENT="of" HEIGHT="52" WIDTH="64" VPOS="2851" HPOS="875"/>
<SP HEIGHT="52" WIDTH="54" VPOS="2851" HPOS="940"/>
<String CONTENT="their" HEIGHT="52" WIDTH="150" VPOS="2851" HPOS="995"/>
<SP HEIGHT="50" WIDTH="52" VPOS="2853" HPOS="1146"/>
<String CONTENT="hobbies," HEIGHT="67" WIDTH="248" VPOS="2852" HPOS="1199"/>
<SP HEIGHT="48" WIDTH="56" VPOS="2871" HPOS="1448"/>
<String CONTENT="compiled" HEIGHT="68" WIDTH="281" VPOS="2852" HPOS="1505"/>
<SP HEIGHT="52" WIDTH="52" VPOS="2853" HPOS="1787"/>
<String CONTENT="by" HEIGHT="69" WIDTH="74" VPOS="2853" HPOS="1840"/>
<SP HEIGHT="69" WIDTH="53" VPOS="2853" HPOS="1915"/>
<String CONTENT="John" HEIGHT="54" WIDTH="156" VPOS="2853" HPOS="1969"/>
<SP HEIGHT="52" WIDTH="53" VPOS="2854" HPOS="2126"/>
<String CONTENT="Allan" HEIGHT="52" WIDTH="179" VPOS="2854" HPOS="2180"/>
</TextLine>
<TextLine HEIGHT="71" WIDTH="1985" VPOS="2928" HPOS="372" STYLEREFS="StyleId-D5D00DB2-DF88-4E5A-A369-916E5A3507F6-">
<String CONTENT="Holden." HEIGHT="52" WIDTH="244" VPOS="2930" HPOS="372"/>
<SP HEIGHT="53" WIDTH="74" VPOS="2930" HPOS="617"/>
<String CONTENT="With" HEIGHT="55" WIDTH="163" VPOS="2928" HPOS="692"/>
<SP HEIGHT="51" WIDTH="42" VPOS="2930" HPOS="856"/>
<String CONTENT="an" HEIGHT="33" WIDTH="69" VPOS="2948" HPOS="899"/>
<SP HEIGHT="33" WIDTH="42" VPOS="2949" HPOS="969"/>
<String CONTENT="epistle" HEIGHT="68" WIDTH="202" VPOS="2929" HPOS="1012"/>
<SP HEIGHT="51" WIDTH="37" VPOS="2931" HPOS="1215"/>
<String CONTENT="by" HEIGHT="67" WIDTH="74" VPOS="2931" HPOS="1253"/>
<SP HEIGHT="49" WIDTH="39" VPOS="2949" HPOS="1328"/>
<String CONTENT="a" HEIGHT="32" WIDTH="25" VPOS="2950" HPOS="1368"/>
<SP HEIGHT="33" WIDTH="46" VPOS="2949" HPOS="1394"/>
<String CONTENT="collector," HEIGHT="67" WIDTH="280" VPOS="2932" HPOS="1441"/>
<SP HEIGHT="67" WIDTH="40" VPOS="2932" HPOS="1722"/>
<String CONTENT="Edward" HEIGHT="52" WIDTH="253" VPOS="2932" HPOS="1763"/>
<SP HEIGHT="51" WIDTH="39" VPOS="2933" HPOS="2017"/>
<String CONTENT="L." HEIGHT="51" WIDTH="63" VPOS="2933" HPOS="2057"/>
<SP HEIGHT="55" WIDTH="46" VPOS="2932" HPOS="2121"/>
<String CONTENT="Stone." HEIGHT="55" WIDTH="189" VPOS="2932" HPOS="2168"/>
</TextLine>
<TextLine HEIGHT="72" WIDTH="1986" VPOS="3008" HPOS="372" STYLEREFS="StyleId-D5D00DB2-DF88-4E5A-A369-916E5A3507F6-">
<String CONTENT="Revised" HEIGHT="52" WIDTH="241" VPOS="3008" HPOS="372"/>
<SP HEIGHT="51" WIDTH="29" VPOS="3009" HPOS="614"/>
<String CONTENT="ed.," HEIGHT="66" WIDTH="103" VPOS="3009" HPOS="644"/>
<SP HEIGHT="63" WIDTH="29" VPOS="3012" HPOS="748"/>
<String CONTENT="1931." HEIGHT="48" WIDTH="148" VPOS="3011" HPOS="778"/>
<SP HEIGHT="50" WIDTH="74" VPOS="3009" HPOS="927"/>
<String CONTENT="New" HEIGHT="50" WIDTH="138" VPOS="3009" HPOS="1002"/>
<SP HEIGHT="50" WIDTH="27" VPOS="3011" HPOS="1141"/>
<String CONTENT="York," HEIGHT="68" WIDTH="179" VPOS="3008" HPOS="1169"/>
<SP HEIGHT="65" WIDTH="25" VPOS="3011" HPOS="1349"/>
<String LANG="fr" CONTENT="N." HEIGHT="52" WIDTH="70" VPOS="3011" HPOS="1375"/>
<SP HEIGHT="51" WIDTH="30" VPOS="3011" HPOS="1446"/>
<String LANG="fr" CONTENT="Y.," HEIGHT="66" WIDTH="90" VPOS="3011" HPOS="1477"/>
<SP HEIGHT="65" WIDTH="27" VPOS="3012" HPOS="1568"/>
<String LANG="fr" CONTENT="R." HEIGHT="50" WIDTH="68" VPOS="3012" HPOS="1596"/>
<SP HEIGHT="52" WIDTH="27" VPOS="3011" HPOS="1665"/>
<String CONTENT="R." HEIGHT="53" WIDTH="65" VPOS="3011" HPOS="1693"/>
<SP HEIGHT="52" WIDTH="31" VPOS="3012" HPOS="1759"/>
<String CONTENT="Bowker" HEIGHT="52" WIDTH="243" VPOS="3010" HPOS="1791"/>
<SP HEIGHT="35" WIDTH="25" VPOS="3029" HPOS="2035"/>
<String CONTENT="company," HEIGHT="51" WIDTH="297" VPOS="3029" HPOS="2061"/>
</TextLine>
<TextLine HEIGHT="48" WIDTH="149" VPOS="3090" HPOS="375" STYLEREFS="StyleId-D5D00DB2-DF88-4E5A-A369-916E5A3507F6-">
<String CONTENT="1931." HEIGHT="48" WIDTH="149" VPOS="3090" HPOS="375"/>
</TextLine>
<TextLine HEIGHT="48" WIDTH="369" VPOS="3160" HPOS="478" CS="1">
<String CS="1" CONTENT="x," HEIGHT="16" WIDTH="8" VPOS="3191" HPOS="478"/>
<SP HEIGHT="46" WIDTH="29" VPOS="3161" HPOS="487"/>
<String CONTENT="304" HEIGHT="40" WIDTH="85" VPOS="3160" HPOS="517"/>
<SP HEIGHT="47" WIDTH="25" VPOS="3161" HPOS="603"/>
<String CONTENT="p." HEIGHT="38" WIDTH="44" VPOS="3170" HPOS="629"/>
<SP HEIGHT="40" WIDTH="55" VPOS="3160" HPOS="674"/>
<String CONTENT="26" HEIGHT="39" WIDTH="56" VPOS="3160" HPOS="730"/>
<String STYLE="superscript" CS="1" CONTENT="&#7580;&#7504;"/>
<String CONTENT="." HEIGHT="7" WIDTH="8" VPOS="3191" HPOS="839"/>
</TextLine>
<TextLine HEIGHT="53" WIDTH="1986" VPOS="3226" HPOS="379" CS="1">
<String CONTENT="&#169;" HEIGHT="51" WIDTH="51" VPOS="3226" HPOS="379"/>
<SP HEIGHT="51" WIDTH="26" VPOS="3226" HPOS="431"/>
<String CONTENT="Dec." HEIGHT="37" WIDTH="111" VPOS="3231" HPOS="458"/>
<SP HEIGHT="39" WIDTH="25" VPOS="3229" HPOS="570"/>
<String CONTENT="24," HEIGHT="48" WIDTH="68" VPOS="3229" HPOS="596"/>
<SP HEIGHT="47" WIDTH="26" VPOS="3230" HPOS="665"/>
<String CS="1" CONTENT="1931;" HEIGHT="40" WIDTH="111" VPOS="3229" HPOS="692"/>
<SP HEIGHT="46" WIDTH="28" VPOS="3229" HPOS="832"/>
<String CONTENT="2c." HEIGHT="40" WIDTH="66" VPOS="3229" HPOS="861"/>
<SP HEIGHT="39" WIDTH="27" VPOS="3230" HPOS="928"/>
<String CONTENT="Dec." HEIGHT="39" WIDTH="110" VPOS="3230" HPOS="956"/>
<SP HEIGHT="38" WIDTH="26" VPOS="3229" HPOS="1067"/>
<String CS="1" CONTENT="28;" HEIGHT="40" WIDTH="55" VPOS="3229" HPOS="1094"/>
<SP HEIGHT="36" WIDTH="29" VPOS="3240" HPOS="1176"/>
<String CONTENT="aff." HEIGHT="40" WIDTH="80" VPOS="3230" HPOS="1206"/>
<SP HEIGHT="38" WIDTH="29" VPOS="3232" HPOS="1287"/>
<String CONTENT="Jan." HEIGHT="40" WIDTH="109" VPOS="3232" HPOS="1317"/>
<SP HEIGHT="40" WIDTH="25" VPOS="3232" HPOS="1427"/>
<String CONTENT="28," HEIGHT="47" WIDTH="70" VPOS="3232" HPOS="1453"/>
<SP HEIGHT="46" WIDTH="26" VPOS="3233" HPOS="1524"/>
<String CS="1" CONTENT="1932;" HEIGHT="40" WIDTH="112" VPOS="3232" HPOS="1551"/>
<SP HEIGHT="47" WIDTH="29" VPOS="3232" HPOS="1692"/>
<!-- cceid 109F51DB-6D7D-1014-B4A5-D7A31D17AB40 --><String CONTENT="A" HEIGHT="39" WIDTH="40" VPOS="3232" HPOS="1722"/>
<SP HEIGHT="39" WIDTH="24" VPOS="3232" HPOS="1763"/>
<String CS="1" CONTENT="46659;" HEIGHT="40" WIDTH="144" VPOS="3231" HPOS="1788"/>
<SP HEIGHT="46" WIDTH="31" VPOS="3233" HPOS="1959"/>
<String LANG="fr" CONTENT="R." HEIGHT="39" WIDTH="54" VPOS="3233" HPOS="1991"/>
<SP HEIGHT="39" WIDTH="27" VPOS="3233" HPOS="2046"/>
<String CONTENT="R." HEIGHT="40" WIDTH="55" VPOS="3233" HPOS="2074"/>
<SP HEIGHT="40" WIDTH="28" VPOS="3233" HPOS="2130"/>
<String CONTENT="Bowker" HEIGHT="39" WIDTH="206" VPOS="3233" HPOS="2159"/>
</TextLine>
<TextLine HEIGHT="29" WIDTH="66" VPOS="3297" HPOS="446">
<String CONTENT="co." HEIGHT="29" WIDTH="66" VPOS="3297" HPOS="446"/>
</TextLine>
<TextLine HEIGHT="65" WIDTH="627" VPOS="3387" HPOS="374" STYLEREFS="StyleId-BBDCB543-6EFB-47F6-8150-89CCFE512037-">
<String CONTENT="Irwin," HEIGHT="65" WIDTH="194" VPOS="3387" HPOS="374"/>
<SP HEIGHT="64" WIDTH="30" VPOS="3388" HPOS="569"/>
<String CONTENT="Theodore" HEIGHT="53" WIDTH="302" VPOS="3388" HPOS="600"/>
<SP HEIGHT="52" WIDTH="26" VPOS="3388" HPOS="903"/>
<String CONTENT="D." HEIGHT="55" WIDTH="71" VPOS="3388" HPOS="930"/>
</TextLine>
<TextLine HEIGHT="70" WIDTH="1912" VPOS="3463" HPOS="449" STYLEREFS="StyleId-D5D00DB2-DF88-4E5A-A369-916E5A3507F6-">
<String CONTENT="Collusion," HEIGHT="68" WIDTH="312" VPOS="3463" HPOS="449"/>
<SP HEIGHT="66" WIDTH="29" VPOS="3465" HPOS="762"/>
<String CONTENT="by" HEIGHT="66" WIDTH="74" VPOS="3465" HPOS="792"/>
<SP HEIGHT="67" WIDTH="31" VPOS="3464" HPOS="867"/>
<String CONTENT="Theodore" HEIGHT="54" WIDTH="292" VPOS="3464" HPOS="899"/>
<SP HEIGHT="53" WIDTH="32" VPOS="3465" HPOS="1192"/>
<String CONTENT="D." HEIGHT="53" WIDTH="73" VPOS="3465" HPOS="1225"/>
<SP HEIGHT="52" WIDTH="30" VPOS="3466" HPOS="1299"/>
<String CONTENT="Irwin." HEIGHT="53" WIDTH="197" VPOS="3466" HPOS="1330"/>
<SP HEIGHT="52" WIDTH="65" VPOS="3467" HPOS="1528"/>
<String CONTENT="New" HEIGHT="52" WIDTH="139" VPOS="3467" HPOS="1594"/>
<SP HEIGHT="52" WIDTH="32" VPOS="3467" HPOS="1734"/>
<String CONTENT="York," HEIGHT="67" WIDTH="178" VPOS="3465" HPOS="1767"/>
<SP HEIGHT="64" WIDTH="29" VPOS="3468" HPOS="1946"/>
<String CONTENT="W." HEIGHT="53" WIDTH="90" VPOS="3468" HPOS="1976"/>
<SP HEIGHT="55" WIDTH="31" VPOS="3467" HPOS="2067"/>
<String CONTENT="Godwin," HEIGHT="66" WIDTH="262" VPOS="3467" HPOS="2099"/>
</TextLine>
<TextLine HEIGHT="66" WIDTH="307" VPOS="3541" HPOS="376" STYLEREFS="StyleId-D5D00DB2-DF88-4E5A-A369-916E5A3507F6-">
<String CONTENT="inc.," HEIGHT="66" WIDTH="126" VPOS="3541" HPOS="376"/>
<SP HEIGHT="61" WIDTH="28" VPOS="3546" HPOS="503"/>
<String CONTENT="1932." HEIGHT="50" WIDTH="151" VPOS="3544" HPOS="532"/>
</TextLine>
<TextLine HEIGHT="50" WIDTH="704" VPOS="3612" HPOS="452" CS="1">
<String LANG="de" CONTENT="ix" HEIGHT="40" WIDTH="52" VPOS="3612" HPOS="452"/>
<SP HEIGHT="39" WIDTH="22" VPOS="3623" HPOS="505"/>
<String LANG="fr" CONTENT="p.," HEIGHT="38" WIDTH="59" VPOS="3624" HPOS="528"/>
<SP HEIGHT="48" WIDTH="27" VPOS="3613" HPOS="588"/>
<String LANG="en-US" CONTENT="1" HEIGHT="39" WIDTH="25" VPOS="3613" HPOS="616"/>
<SP/>
<String LANG="en-US" CS="1" CONTENT="l.,"/>
<SP/>
<String LANG="en-US" CONTENT="13-288" HEIGHT="41" WIDTH="172" VPOS="3612" HPOS="739"/>
<SP HEIGHT="50" WIDTH="24" VPOS="3612" HPOS="912"/>
<String LANG="en-US" CONTENT="p." HEIGHT="38" WIDTH="44" VPOS="3624" HPOS="937"/>
<SP HEIGHT="40" WIDTH="58" VPOS="3613" HPOS="982"/>
<String LANG="en-US" CONTENT="19" HEIGHT="41" WIDTH="56" VPOS="3613" HPOS="1041"/>
<String STYLE="superscript" LANG="en-US" CS="1" CONTENT="&#7580;&#7504;"/>
<String LANG="en-US" CONTENT="." HEIGHT="8" WIDTH="9" VPOS="3645" HPOS="1147"/>
</TextLine>
<TextLine HEIGHT="55" WIDTH="1980" VPOS="3671" HPOS="383">
<String CONTENT="&#169;" HEIGHT="50" WIDTH="51" VPOS="3671" HPOS="383"/>
<SP HEIGHT="50" WIDTH="31" VPOS="3671" HPOS="435"/>
<String CONTENT="Nov." HEIGHT="38" WIDTH="116" VPOS="3677" HPOS="467"/>
<SP HEIGHT="40" WIDTH="32" VPOS="3675" HPOS="584"/>
<String CONTENT="9," HEIGHT="47" WIDTH="39" VPOS="3675" HPOS="617"/>
<SP HEIGHT="45" WIDTH="31" VPOS="3677" HPOS="657"/>
<String CONTENT="1932;" HEIGHT="46" WIDTH="140" VPOS="3675" HPOS="689"/>
<SP HEIGHT="46" WIDTH="33" VPOS="3675" HPOS="830"/>
<String CONTENT="2c." HEIGHT="39" WIDTH="67" VPOS="3675" HPOS="864"/>
<SP HEIGHT="38" WIDTH="32" VPOS="3676" HPOS="932"/>
<String CONTENT="Nov." HEIGHT="38" WIDTH="117" VPOS="3676" HPOS="965"/>
<SP HEIGHT="38" WIDTH="32" VPOS="3676" HPOS="1083"/>
<String CONTENT="11;" HEIGHT="44" WIDTH="81" VPOS="3676" HPOS="1116"/>
<SP HEIGHT="33" WIDTH="35" VPOS="3687" HPOS="1198"/>
<String CONTENT="aff." HEIGHT="39" WIDTH="80" VPOS="3676" HPOS="1234"/>
<SP HEIGHT="37" WIDTH="33" VPOS="3677" HPOS="1315"/>
<String CONTENT="Nov." HEIGHT="39" WIDTH="117" VPOS="3677" HPOS="1349"/>
<SP HEIGHT="37" WIDTH="34" VPOS="3678" HPOS="1467"/>
<String CONTENT="10;" HEIGHT="46" WIDTH="80" VPOS="3677" HPOS="1502"/>
<SP HEIGHT="44" WIDTH="36" VPOS="3679" HPOS="1583"/>
<!-- cceid 109F724C-6D7D-1014-B4A5-D7A31D17AB40 --><String CONTENT="A" HEIGHT="36" WIDTH="38" VPOS="3679" HPOS="1620"/>
<SP HEIGHT="39" WIDTH="33" VPOS="3677" HPOS="1659"/>
<String CONTENT="55900;" HEIGHT="47" WIDTH="169" VPOS="3677" HPOS="1693"/>
<SP HEIGHT="44" WIDTH="35" VPOS="3680" HPOS="1863"/>
<String CONTENT="William" HEIGHT="40" WIDTH="214" VPOS="3678" HPOS="1899"/>
<SP HEIGHT="39" WIDTH="34" VPOS="3679" HPOS="2114"/>
<String CONTENT="Godwin," HEIGHT="48" WIDTH="214" VPOS="3678" HPOS="2149"/>
</TextLine>
<TextLine HEIGHT="49" WIDTH="437" VPOS="3730" HPOS="450">
<String CONTENT="inc." HEIGHT="39" WIDTH="90" VPOS="3731" HPOS="450"/>
<SP HEIGHT="47" WIDTH="68" VPOS="3731" HPOS="541"/>
<String CONTENT="(32-32019)" HEIGHT="49" WIDTH="277" VPOS="3730" HPOS="610"/>
</TextLine>
<TextLine HEIGHT="64" WIDTH="735" VPOS="3832" HPOS="378" STYLEREFS="StyleId-BBDCB543-6EFB-47F6-8150-89CCFE512037-">
<String CONTENT="Jillson," HEIGHT="64" WIDTH="225" VPOS="3832" HPOS="378"/>
<SP HEIGHT="61" WIDTH="26" VPOS="3835" HPOS="604"/>
<String CONTENT="Willard" HEIGHT="54" WIDTH="240" VPOS="3833" HPOS="631"/>
<SP HEIGHT="51" WIDTH="29" VPOS="3834" HPOS="872"/>
<String CONTENT="Rouse." HEIGHT="53" WIDTH="211" VPOS="3834" HPOS="902"/>
</TextLine>
<TextLine HEIGHT="73" WIDTH="1913" VPOS="3908" HPOS="450" STYLEREFS="StyleId-D5D00DB2-DF88-4E5A-A369-916E5A3507F6-" CS="1">
<String CONTENT="After" HEIGHT="52" WIDTH="174" VPOS="3908" HPOS="450"/>
<SP HEIGHT="46" WIDTH="52" VPOS="3915" HPOS="625"/>
<String CONTENT="thirteen" HEIGHT="52" WIDTH="247" VPOS="3909" HPOS="678"/>
<SP HEIGHT="47" WIDTH="53" VPOS="3926" HPOS="926"/>
<String CS="1" CONTENT="years;" HEIGHT="47" WIDTH="160" VPOS="3926" HPOS="980"/>
<SP HEIGHT="36" WIDTH="60" VPOS="3928" HPOS="1169"/>
<String CONTENT="an" HEIGHT="33" WIDTH="70" VPOS="3928" HPOS="1230"/>
<SP HEIGHT="34" WIDTH="56" VPOS="3929" HPOS="1301"/>
<String CONTENT="administrative" HEIGHT="54" WIDTH="454" VPOS="3911" HPOS="1358"/>
<SP HEIGHT="34" WIDTH="54" VPOS="3931" HPOS="1813"/>
<String CONTENT="report" HEIGHT="63" WIDTH="196" VPOS="3918" HPOS="1868"/>
<SP HEIGHT="52" WIDTH="50" VPOS="3913" HPOS="2065"/>
<String CONTENT="for" HEIGHT="53" WIDTH="94" VPOS="3913" HPOS="2116"/>
<SP HEIGHT="47" WIDTH="53" VPOS="3919" HPOS="2211"/>
<String CONTENT="the" HEIGHT="52" WIDTH="98" VPOS="3914" HPOS="2265"/>
</TextLine>
<TextLine HEIGHT="76" WIDTH="1968" VPOS="3985" HPOS="393" STYLEREFS="StyleId-D5D00DB2-DF88-4E5A-A369-916E5A3507F6-">
<String CONTENT="(sixth)" HEIGHT="68" WIDTH="207" VPOS="3985" HPOS="393"/>
<SP HEIGHT="67" WIDTH="44" VPOS="3986" HPOS="601"/>
<String CONTENT="Kentucky" HEIGHT="68" WIDTH="304" VPOS="3986" HPOS="646"/>
<SP HEIGHT="48" WIDTH="33" VPOS="4006" HPOS="951"/>
<String CONTENT="geological" HEIGHT="67" WIDTH="313" VPOS="3987" HPOS="985"/>
<SP HEIGHT="51" WIDTH="30" VPOS="3989" HPOS="1299"/>
<String CONTENT="survey," HEIGHT="51" WIDTH="221" VPOS="4006" HPOS="1330"/>
<SP HEIGHT="47" WIDTH="30" VPOS="4011" HPOS="1552"/>
<String CONTENT="years" HEIGHT="50" WIDTH="162" VPOS="4008" HPOS="1583"/>
<SP HEIGHT="49" WIDTH="36" VPOS="3994" HPOS="1746"/>
<String CONTENT="1930" HEIGHT="49" WIDTH="134" VPOS="3994" HPOS="1783"/>
<SP HEIGHT="50" WIDTH="34" VPOS="3994" HPOS="1918"/>
<String CONTENT="and" HEIGHT="52" WIDTH="111" VPOS="3992" HPOS="1953"/>
<SP HEIGHT="51" WIDTH="37" VPOS="3992" HPOS="2065"/>
<String CONTENT="1931," HEIGHT="65" WIDTH="150" VPOS="3995" HPOS="2103"/>
<SP HEIGHT="68" WIDTH="32" VPOS="3992" HPOS="2254"/>
<String CONTENT="by" HEIGHT="69" WIDTH="74" VPOS="3992" HPOS="2287"/>
</TextLine>
</TextBlock>
</PrintSpace>
</Page>
</Layout>
</alto>