2563 4368
1066 4057 100 49 203

214 504 775 50 6 p. l., 3-328, XV, [1] p. 21 ᶜᵐ .
120 574 50 51 ©
201 578 119 39 Mar.
347 578 41 44 4,
416 576 138 41 1932;
585 574 66 42 2c.
679 576 95 38 and
802 574 81 40 aff.
914 574 119 38 Mar.
1061 572 26 38 9;
1145 572 39 38 A
1213 571 169 47 49028;
1415 570 168 40 Alfred
1614 570 52 40 A.
1697 569 179 48 Knopf,
1905 569 91 41 inc.

197 632 278 50 (32-26251)

109 734 313 64 Pritchett,
451 733 204 54 Victor
682 734 267 61 Sawdon,
979 738 171 47 1900-

248 808 1528 68 … Shi rley Sanz. London, V. Gollancz, ltd., 1932.
182 884 86 41 287
295 895 42 37 p.
398 883 114 42 19ᶜᵐ.

182 942 64 39 At
272 942 123 39 head
423 941 52 39 of
502 940 106 40 title
627 950 8 29 :
667 939 51 40 V.
750 938 45 41 S.
824 937 254 41 Pritchett.

120 1006 1987 56 © 1c. Feb. 12, 1932; A ad int. 16064; pubd. Feb. 4; Little, Brown, and
213 1081 219 36 company,
468 1070 194 38 Boston.
732 1067 249 48 (32-5596)

109 1175 260 61 Proctor,
401 1172 244 54 Charles
672 1171 331 63 Augustus.

185 1241 1674 74 Knocking the hocus pocus out of music … by Charles
115 1242 1970 230 Augustus Proctor … Los Angeles, Press of Indiana printing company, 1930.
184 1469 1342 53 16 p., 1 l., 17-72 p. illus. (music) diagrs. 22 ᶜᵐ .
188 1531 72 41 On
283 1540 141 31 cover;
477 1530 71 46 By
574 1529 48 40 C.
649 1529 53 39 A.
727 1528 213 46 Proctor,
965 1526 210 40 assisted
1201 1528 59 46 by
1286 1527 184 39 Bertha
1496 1527 55 40 B.
1577 1526 165 41 Ward.

122 1603 50 51 ©
209 1607 107 38 Jan.
352 1606 67 41 10,
455 1602 138 42 1932;
629 1604 66 37 2c.
731 1601 109 40 Feb.
918 1612 8 30 8;
963 1600 80 41 aff.
1081 1600 108 39 Feb.
1225 1599 52 47 6;
1314 1601 38 37 A
1386 1599 171 47 47495;
1596 1599 47 40 C.
1680 1600 54 40 A.
1769 1599 213 46 Proctor,
2019 1600 92 39 Los

188 1663 218 46 Angeles.
478 1660 248 48 (32-4350)

119 1763 220 51 Punch.
416 1780 48 35 V.
498 1766 114 54 182,
640 1782 87 34 no.
754 1761 154 65 1723,
934 1762 131 52 Jan.
1097 1763 80 63 13,
1209 1762 148 49 1932.

124 1834 49 52 ©
266 1869 6 6 1c.
308 1839 118 37 Mar.
461 1841 28 35 8,
591 1837 81 39 1932;
709 1836 38 37 A
781 1836 60 39 ad
875 1834 84 39 int.
994 1832 132 40 16121;
1199 1833 142 47 pubd.
1375 1833 108 39 Jan.
1518 1833 80 46 13;
1636 1832 211 40 Helbert
1880 1832 232 48 Heather,

191 1896 208 38 London.

119 1999 188 63 Rank,
339 1998 158 64 Otto,
530 2001 171 50 1884-

191 2075 242 51 Modern
467 2073 328 65 education;
836 2091 30 33 a
904 2072 237 68 critique
1178 2071 62 51 of
1277 2071 74 53 its
1388 2071 401 53 fundamental
1825 2071 175 70 ideas,
2034 2072 74 69 by

122 2153 139 53 Otto
292 2153 168 52 Rank;
520 2152 315 52 translated
867 2151 153 53 from
1049 2151 96 52 the
1175 2151 252 54 German
1454 2150 75 66 by
1559 2151 192 52 Mabel
1781 2151 68 53 E.
1877 2151 231 55 Moxon.

121 2232 137 51 New
290 2229 176 66 York,
493 2232 70 50 A.
594 2231 69 51 A.
695 2228 224 67 Knopf,
949 2231 151 50 1932.

189 2300 835 51 4 p. l., 3-243, iv p., 1 l. 19½ ᶜᵐ .
193 2361 160 39 “First
387 2359 225 40 edition.”

126 2413 50 51 ©
212 2417 108 38 Feb.
354 2416 68 47 19,
455 2415 112 41 1932;
630 2416 64 39 2c.
730 2416 95 38 and
859 2414 81 42 aff.
975 2414 108 39 Feb.
1118 2414 55 40 23;
1237 2416 42 38 A
1309 2415 143 40 48601;
1515 2415 171 42 Alfred
1720 2416 54 40 A.
1809 2415 180 49 Knopf,
2022 2416 89 40 inc.

203 2472 278 49 (32-26215)

122 2574 1164 67 Rav ī ndran ā tha Th ā kura, Sir, 1861-
191 2652 262 67 Sheaves,
480 2669 188 50 poems
696 2652 111 52 and
837 2668 164 50 songs
1032 2651 71 67 by
1132 2651 436 53 Rabindranath
1596 2652 248 67 Tagore;
1878 2653 232 53 selected

121 2730 112 53 and
286 2729 311 54 translated
648 2729 73 67 by
773 2727 448 68 Nagendranath
1274 2727 210 68 Gupta.
1573 2728 135 53 New
1763 2729 179 67 York,
1993 2730 121 52 The

120 2806 330 53 Macmillan
487 2823 295 49 company,
818 2807 147 50 1932.

191 2876 581 49 xxxvii, 112 p. 20½ ᶜᵐ .
128 2935 50 51 ©
212 2939 108 38 Feb.
351 2938 39 43 9,
421 2936 139 47 1932;
592 2937 66 39 2c.
689 2938 95 37 and
814 2936 80 38 aff.
927 2936 108 38 Feb.
1069 2935 80 47 10;
1183 2936 40 38 A
1251 2937 171 45 47555;
1457 2936 280 41 Macmillan
1770 2948 67 31 co.

204 2993 277 50 (32-26209)

124 3099 178 63 Read,
332 3098 256 52 Herbert
616 3098 271 63 Edward,
919 3100 170 50 1893-

192 3173 120 52 The
355 3178 267 63 anatomy
665 3171 64 53 of
771 3178 117 57 art;
933 3190 73 34 an
1048 3172 388 53 introduction
1480 3180 59 46 to
1581 3173 98 53 the
1721 3173 286 68 problems
2050 3174 64 53 of

123 3248 1991 72 art and aesthetics, by Herbert Read … New York, Dodd,
122 3328 168 52 Mead
318 3330 46 50 &
389 3345 297 50 company,
712 3329 150 51 1932.

193 3398 672 50 xii, 224 p. plates. 21 ᶜᵐ .
195 3457 195 39 London
424 3456 184 40 edition
651 3456 180 48 (Faber
862 3455 37 40 &
931 3456 158 39 Faber
1121 3455 212 49 limited)
1375 3458 90 38 has
1499 3456 134 41 title:
1670 3456 100 41 The
1805 3458 226 47 meaning
2063 3457 52 40 of

125 3515 91 37 art.

131 3566 51 51 ©
219 3571 108 39 Feb.
364 3571 68 46 20,
469 3569 112 40 1932;
645 3569 65 40 2c.
749 3571 94 38 and
879 3569 81 41 aff.
997 3571 121 40 Mar.
1155 3571 53 46 4;
1247 3570 41 39 A
1322 3570 170 43 48781;
1532 3572 59 39 H.
1632 3572 147 48 Read,
1818 3571 297 48 Edinburgh,

199 3627 240 39 Scotland.
511 3625 278 50 (32-26207)

128 3728 242 64 Riddell,
399 3730 295 54 Florence.

198 3805 221 51 Flower
449 3805 63 52 of
542 3806 94 52 the
669 3807 185 51 desert.
1002 3809 309 51 [Instalment
1339 3811 50 63 4]

207 3879 82 46 (In
319 3875 207 42 Woman
558 3876 94 42 and
682 3876 183 52 beauty
899 3877 275 51 magazine,
1207 3878 131 50 Feb.,
1374 3879 143 49 1932)

134 3929 1786 57 © 1c. Mar. 11, 1932; A ad int. 16131; pubd. Jan. 15; F. Riddell, ℅
201 3938 1898 99 Barclay’s
375 3991 140 48 bank,
544 3993 100 46 ltd.,
674 3993 209 42 London.
