2563 4368
1472 3971 64 53 70

496 396 290 64 Fletcher,
819 396 148 64 Guy.

565 473 170 51 Anna
765 474 223 65 Farley.
1069 473 363 65 [Instalment
1459 477 49 62 4]

597 547 60 38 (In
686 543 210 42 Woman
926 543 96 42 and
1053 543 144 43 home
1228 542 275 52 magazine,
1536 542 126 51 Jan.,
1699 544 142 50 1932)

502 611 1984 53 © 1c. Feb. 17, 1932; A ad int. 16073; pubd. Dec. 20, 1931; G. Fletcher,
568 672 208 39 London.

491 774 247 64 French,
767 775 154 52 John
954 773 222 66 Calvin,
1208 775 170 54 1875-

571 850 227 69 College
829 851 262 69 writing;
1125 870 31 33 a
1186 851 269 52 textbook
1485 851 64 52 of
1577 857 299 57 structure,
1907 851 144 67 style
2083 851 112 52 and
2226 868 170 49 usage
2429 851 56 51 in

501 929 228 53 written
781 929 263 68 English,
1096 930 74 67 by
1222 929 155 53 John
1433 928 62 55 C.
1550 930 222 51 French
1827 929 110 52 and
1993 929 147 52 Paul
2193 928 294 67 Mowbray

500 1007 1984 68 Wheeler … New York, Harcourt, Brace and company [ ᶜ1 932]
571 1081 949 49 vi p., 2 l., 3-548 p. fold. pl. 21ᶜᵐ.
574 1138 254 40 “Revision
860 1137 167 41 chart”
1060 1147 58 31 on
1150 1139 136 40 front
1314 1138 336 48 lining-paper.

575 1194 250 41 “Without
855 1195 210 46 altering
1096 1195 80 40 the
1207 1194 229 41 essential
1468 1195 114 47 plan
1614 1195 51 38 of
1698 1194 224 48 ’Writing
1969 1195 59 47 by
2061 1194 126 40 John
2222 1194 49 41 C.
2305 1195 184 39 French

511 1250 1949 49 (1924) … the authors have completely rewritten certain sections.”
499 1307 62 48 cf.
592 1308 129 40 Pref.

574 1363 232 42 Contains
838 1364 390 48 bibliographies.

508 1429 50 52 ©
590 1435 107 38 Jan.
729 1434 68 46 16,
828 1433 113 41 1932;
1000 1435 65 39 2c.
1097 1436 95 37 and
1223 1434 79 39 aff.
1337 1435 107 39 Jan.
1476 1434 54 39 23;
1593 1434 39 38 A
1662 1432 169 48 48498;
1866 1435 260 45 Harcourt,
2159 1436 154 39 Brace
2345 1436 35 39 &
2411 1445 82 38 co.,

574 1490 89 40 inc.
729 1486 66 54 [©
827 1490 209 41 revision
1066 1491 35 39 &
1129 1502 105 28 new
1262 1493 193 46 matter]
1528 1490 278 48 (32-26053)

503 1593 234 64 Gaines,
767 1593 226 64 George
1020 1595 229 53 Towns.

573 1668 283 68 Fighting
893 1668 401 67 Tennesseans,
1332 1668 75 68 by
1445 1666 221 69 George
1706 1668 207 52 Towns
1953 1667 228 54 Gaines.
504 1668 1965 145 [Kingsport,

679 1746 194 66 Tenn.]
904 1745 158 52 Priv.
1091 1745 175 68 print.
1300 1744 341 69 [Kingsport
1669 1763 173 49 press]
1880 1747 150 50 1931.

574 1826 102 43 xiii,
705 1826 86 39 127
818 1836 42 37 p.
923 1825 145 41 23½ᶜᵐ.

575 1882 128 41 “The
731 1882 193 48 periods
951 1882 53 40 of
1030 1893 88 29 our
1146 1881 229 41 different
1402 1882 254 47 struggles,
1685 1882 83 40 the
1799 1882 177 40 Indian
2005 1883 96 39 and
2134 1881 360 49 revolutionary

506 1937 1939 49 wars, the wars of 1812-1844, ’61-65, the Spanish and world wars …
505 1996 129 39 their
663 1996 177 39 salient
870 1994 220 41 features
1121 1996 96 38 and
1248 1996 125 38 most
1404 1994 194 41 notable
1630 1994 468 47 figures.”—Introd.

577 2052 203 39 “Roster
830 2051 52 40 of
931 2050 183 41 officers
1164 2051 52 39 of
1265 2050 81 41 the
1398 2050 268 41 Tennessee
1721 2050 260 49 regiments
2032 2051 50 40 in
2134 2051 81 40 the
506 2050 1989 98 Spanish-American

788 2106 156 42 war”:
975 2118 43 37 p.
1047 2106 217 42 100-114.

579 2164 205 40 “Roster
818 2164 51 39 of
905 2163 183 41 officers
1123 2163 53 40 of
1211 2164 82 39 the
1331 2163 269 40 Tennessee
1638 2163 261 47 regiments
1937 2163 50 40 in
2025 2165 82 39 the
2147 2164 149 40 world
2337 2163 156 41 war”:

508 2229 40 37 p.
580 2219 215 40 114-127.

514 2285 50 52 ©
594 2291 112 46 May
734 2289 66 48 19,
831 2290 139 46 1931;
1000 2290 65 39 2c.
1097 2290 108 40 Jan.
1233 2288 70 46 22,
1331 2288 139 47 1932;
1503 2289 82 43 aff.
1615 2291 107 38 Jan.
1753 2292 82 40 21:
1868 2291 40 38 A
1935 2291 144 40 48126;
2139 2290 52 42 G.
2221 2291 53 41 T.
2305 2289 191 48 Gaines,

581 2346 272 49 Knoxville,
879 2347 146 38 Tenn.
1096 2346 249 48 (32-2755)

510 2446 239 67 Gibran,
776 2449 215 65 Kahiil,
1023 2452 323 50 1883-1931.

576 2523 119 50 The
751 2522 306 66 wanderer,
1111 2521 87 52 his
1252 2521 258 68 parables
1563 2522 112 52 and
1725 2521 89 54 his
1868 2521 245 71 sayings,
2167 2523 72 68 by
2293 2521 201 55 Kahlil

508 2599 233 54 Gibran.
805 2599 137 52 New
975 2598 178 71 York,
1179 2599 70 52 A.
1281 2598 69 54 A.
1381 2597 221 70 Knopf,
1633 2601 150 51 1932.

578 2677 1116 49 5 p. l., 3-92 p., 1 l. front., plates. 21ᶜᵐ.
581 2735 334 40 Illustrations
939 2734 293 48 reproduced
1258 2734 127 39 from
1409 2733 208 48 original
1641 2736 245 47 drawings
1912 2737 59 47 by
1997 2737 80 39 the
2101 2738 191 39 author.

517 2804 51 52 ©
597 2809 107 38 Jan.
733 2810 39 43 8,
800 2806 112 40 1932;
968 2808 66 39 2c.
1063 2818 23 28 and
1185 2806 80 38 aff.
1294 2806 107 38 Jan.
1431 2807 48 37 11;
1542 2807 39 37 A
1609 2806 170 46 45954;
1811 2807 169 40 Alfred
2010 2809 53 39 A.
2093 2808 177 48 Knopf,
2300 2807 89 40 inc.

594 2864 249 48 (32-2366)

510 2969 206 62 Green,
745 2970 188 51 Anne.

582 3043 1912 68 Marietta, by Anne Green … New York, E. P. Dutton &
513 3140 95 38 co..
640 3122 123 65 inc.,
795 3125 149 49 1932.

582 3195 85 39 277
697 3205 42 36 p.
798 3192 146 41 19½ᶜᵐ.

589 3250 160 40 “First
776 3248 223 42 edition.”

520 3317 50 52 ©
601 3323 107 38 Feb.
737 3322 67 38 11.
834 3320 111 40 1932;
1002 3321 65 38 2c.
1097 3320 108 39 Feb.
1235 3319 54 38 12;
1347 3318 79 40 aff.
1458 3319 109 40 Feb.
1596 3320 53 38 13;
1707 3320 40 38 A
1773 3320 171 47 48464;
1977 3323 51 39 E.
2058 3323 49 38 P.
2138 3322 186 39 Dutton
2353 3321 36 40 &
2416 3331 82 36 co.,

587 3379 88 38 inc.
747 3377 277 48 (32-26057)

515 3468 245 62 Hanley,
792 3468 224 62 George
1043 3468 88 52 W.

581 3539 262 67 Reading
866 3539 94 51 the
989 3538 164 54 Bible
1178 3539 248 66 through
1463 3536 188 69 (King
1676 3538 192 53 James
1893 3539 247 67 version)
2178 3539 73 69 by
2280 3537 217 68 George

513 3613 1984 71 W. Hanley … a chronological arrangement of Bible events,
514 3693 234 66 making
781 3694 46 51 it
862 3691 241 68 possible
1137 3699 56 44 to
1227 3691 134 51 read
1395 3691 94 50 the
1524 3690 165 51 Bible
1724 3691 247 67 through
2007 3711 59 33 as
2101 3711 31 33 a
2167 3692 330 51 continuous

514 3768 301 54 narrative.
891 3768 138 51 Also
1068 3788 26 32 a
1137 3767 363 66 compilation
1540 3766 62 52 of
1639 3766 230 52 reliable
1908 3767 291 54 historical
2239 3768 132 53 data
515 3786 1958 127 arranged
762 3844 178 54 under
977 3845 93 51 the
1105 3843 310 68 particular
1450 3847 189 48 events
1673 3843 139 53 with
1847 3842 184 54 which
2068 3846 133 68 they
2235 3863 143 35 were
2414 3863 81 34 as-
