2563 4368
1141 4021 99 55 871

178 428 351 65 Thompson,
560 426 224 63 George
812 422 217 56 Jarvis.

247 517 122 51 The
408 513 391 68 development
841 511 63 53 of
946 511 94 54 the
1084 508 528 72 Anglo-American
1654 506 239 71 judicial
1936 512 227 65 system,

179 584 1957 144 by George Jarvis Thompson … pt. 1. History of the English courts
533 677 59 46 to
619 671 95 51 the
741 669 323 68 judicature
1092 672 131 48 acts.
1305 667 236 67 [Ithaca,
1571 668 70 53 N.
1671 667 91 66 Y.,
1790 666 231 56 Cornell
2048 665 111 54 law
178 750 205 63 school]
446 750 149 53 ᶜ1932.

251 819 564 51 3 p. l., 142 p. 25½ᶜᵐ.
246 875 293 48 “Reprinted
564 875 126 39 from
717 875 81 39 the
827 871 186 43 Cornell
1046 872 94 40 law
1166 870 294 49 quarterly.”

187 944 51 51 ©
272 947 111 47 Apr.
415 945 69 44 23,
517 946 113 40 1932;
690 945 67 40 2c.
790 945 111 47 Apr.
936 942 57 41 26;
1054 943 81 42 aff.
1169 944 112 47 Apr.
1315 943 55 40 25;
1433 944 41 38 A
1506 942 144 42 49688;
1715 943 52 40 G.
1801 944 42 40 J.
1878 944 287 48 Thompson,

255 1003 182 47 Ithaca,
467 1004 55 41 N.
550 1004 51 38 Y.
673 1001 276 49 (32-15350)

181 1104 352 67 Thorndike,
564 1105 251 53 Edward
844 1105 132 63 Lee,
1009 1105 171 54 1874-

248 1194 56 52 A
330 1193 269 55 teacher’s
627 1195 157 52 word
814 1193 146 53 book
989 1191 64 56 of
1082 1193 94 53 the
1208 1199 214 62 twenty
1451 1192 283 54 thousand
1766 1193 186 53 words
1984 1192 182 55 found

180 1277 147 47 most
365 1270 324 71 frequently
727 1271 113 52 and
881 1270 207 69 widely
1127 1271 58 51 in
1226 1271 229 68 general
1496 1268 239 72 reading
1776 1269 94 54 for
1910 1271 256 54 children

181 1345 1986 75 and young people, by Edward L. Thorndike … Rev. New
182 1424 162 54 York
374 1425 133 69 city,
539 1426 277 52 Teachers
848 1424 227 70 college,
1111 1424 298 54 Columbia
1442 1425 335 69 university,
1814 1428 149 50 1932.

250 1498 78 47 vii,
361 1497 83 42 182
472 1508 30 38 p.
577 1497 145 42 23½ᶜᵐ.

253 1551 1918 53 “A description of the sources used … is given in appendix A.”—
182 1610 183 40 Introd.

190 1677 50 52 ©
267 1682 112 46 Apr.
407 1682 39 45 4,
474 1679 140 48 1932;
640 1680 65 40 2c.
735 1681 113 47 May
875 1681 54 46 4;
960 1679 79 41 aff.
1070 1681 125 39 June
1223 1679 52 48 9;
1305 1681 41 38 A
1374 1680 170 48 52544;
1577 1683 50 38 E.
1659 1682 49 39 L.
1737 1682 290 47 Thorndike,
2056 1683 117 39 New

255 1737 143 40 York.
469 1736 278 49 (32-15492)

240 1839 154 64 Vioux,
426 1843 169 52 Mme.
627 1839 292 57 Marcelle.

315 1928 1438 73 … Le requin, roman. Paris, Fasquelle [ ᶜ 1931]
253 2001 335 51 244 p. 19 ᶜᵐ .
255 2057 692 52 Bibliothèque-Charpentier.

257 2115 219 42 “Édition
509 2115 234 48 originale
776 2127 84 29 sur
891 2116 128 41 vélin
1052 2116 322 49 bibliophile.”

192 2182 1873 56 © July 20, 1931; 1c. May 9; A— Foreign 16841; Fasquelle éditeurs.
269 2242 277 49 (32-15338)

190 2345 286 66 Webster,
507 2348 166 52 Edna
701 2347 183 56 Robb.

256 2430 1921 77 Joretta, a love story, by Edna Robb Webster … New York,
187 2506 792 72 Grosset & Dunlap [ᶜ 1932]
258 2580 559 49 3 p. l., 313 p. 19 ½ᶜᵐ .
197 2647 50 51 ©
275 2652 124 39 June
425 2653 67 47 15,
520 2652 113 41 1932;
690 2654 66 40 2c.
787 2656 94 38 and
910 2653 81 42 aff.
1022 2656 124 40 June
1174 2658 54 38 17;
1287 2657 40 39 A
1356 2657 142 41 52630;
1559 2658 175 42 Grosset
1785 2665 36 39 &
1849 2660 206 48 Dunlap,
2088 2660 91 40 inc.

275 2706 277 52 (32-15439)

194 2809 180 66 Weyl,
403 2812 323 67 Hermann,
757 2819 172 50 1885-

260 2897 122 54 The
408 2916 143 51 open
578 2900 180 53 world;
818 2902 155 53 three
1002 2904 235 53 lectures
1266 2923 70 34 on
1365 2905 95 55 the
1489 2905 405 70 metaphysical
195 2903 1958 129 implications

371 2973 1811 81 of science, by Dr. Hermann Weyl … New Haven, Yale
198 3049 306 70 university
529 3071 155 49 press;
739 3055 255 70 London,
1020 3057 76 52 H.
1125 3057 263 71 Milford,
1416 3058 227 55 Oxford
1669 3059 314 70 university
2010 3079 172 52 press,

198 3129 145 51 1932.

261 3196 1621 62 4 p. l., 84 p. diagrs. 21ᶜᵐ. (Half-title: The Terry lectures)
263 3254 99 41 The
389 3255 221 50 lectures,
641 3258 258 49 originally
927 3259 195 42 written
1153 3262 49 40 in
1234 3263 221 49 German,
1485 3275 125 31 were
1640 3268 272 40 translated
1941 3268 128 41 from
2099 3267 82 43 the

196 3310 297 50 manuscript
521 3313 120 41 with
670 3316 80 39 the
779 3315 268 43 assistance
1078 3318 52 40 of
1158 3319 123 40 Lulu
1309 3319 264 44 Hofmann,
1632 3322 62 48 cf.
1723 3322 129 43 Pref.

602 3370 101 41 CONTENTS.—God
747 3373 94 39 and
886 3374 81 39 the
1008 3373 846 54 universe.—Causality.—Infinity.

205 3433 51 51 ©
289 3440 110 47 May
431 3441 67 48 20,
531 3441 111 41 1932;
703 3443 65 41 2c.
803 3447 94 37 and
930 3444 82 42 aff.
1046 3448 112 46 May
1189 3448 54 39 31;
1305 3449 40 38 A
1375 3448 143 41 52270;
1581 3451 118 40 Yale
1731 3450 269 49 university
2033 3460 148 40 press.

282 3495 276 49 (32-15312)

204 3596 226 68 Wheat,
459 3602 197 53 Frank
684 3603 240 58 Merrill.

271 3671 1911 83 General biology [by] Frank Merrill Wheat … [and] Elizabeth
202 3746 1981 85 T. Fitzpatrick … New York, Cincinnati [etc.] American book
203 3839 273 54 company
511 3830 191 66 [ᶜ1932]

270 3907 100 49 viii,
401 3908 85 42 566
511 3921 45 38 p.
584 3911 109 42 incl.
722 3914 162 49 front.,
915 3916 141 50 illus.,
1086 3919 178 48 diagrs.
1322 3920 146 43 20½ᶜᵐ.
