2563 4368
1105 4049 101 51 739

130 463 219 64 Meyer,
379 461 219 63 Joseph
630 461 235 62 Ernest,
898 458 168 55 1878-

130 528 1967 141 The herbalist and herb doctor … Hammond, Ind., Indiana
266 612 707 72 botanic gardens [ ᶜ19 32]
199 696 945 52 399 p. illus., col. plates. 16½ × 8 ᶜᵐ .
200 770 208 48 “Joseph
434 769 52 39 E.
513 768 177 48 Meyer,
720 766 177 41 author
923 766 95 41 and
1046 763 271 48 compiler.”

139 838 51 52 ©
222 843 121 40 Mar.
373 842 39 45 7,
445 839 111 41 1932;
617 840 68 39 2c.
715 839 97 39 and
843 837 79 41 aff.
958 838 113 48 May
1102 838 24 39 7;
1188 837 39 38 A
1256 834 146 41 49872;
1464 836 41 39 J.
1540 836 50 39 E.
1627 835 176 46 Meyer,
1836 833 289 46 Hammond,

206 901 104 37 Ind.
379 897 281 48 (32-12837)

135 1002 177 64 Moss,
346 1000 293 64 Geoffrey,
673 999 171 55 1887-

205 1078 51 50 A
277 1077 231 53 modern
532 1075 240 60 melody,
796 1074 73 61 by
891 1070 264 65 Geoffrey
1179 1071 167 53 Moss.
1407 1069 255 65 London,
1686 1067 365 54 Hutchinson
2074 1071 51 50 &

133 1173 95 49 co.,
255 1153 102 56 ltd.
391 1156 173 66 [1932]

202 1238 86 41 288
320 1248 43 39 p.
426 1236 145 42 19½ᶜᵐ.

142 1303 1986 57 © 1c. May 18, 1932; A ad int. 16425; pubd. Mar. 22; G. Moss, Ford,
212 1368 178 42 Sussex,
440 1368 233 48 England.
745 1364 279 50 (32-13940)

137 1469 225 67 Muller,
394 1471 184 53 Helen
608 1470 204 63 Marie,
846 1471 172 51 1905-
1229 1485 178 49 comp.

264 1542 1865 74 … Education by radio, compiled by Helen M. Muller. New
139 1624 174 69 York,
340 1626 121 53 The
487 1626 77 52 Η.
590 1626 90 53 W.
707 1624 225 55 Wilson
958 1641 296 51 company,
1282 1626 151 49 1932.

210 1707 1416 54 175 p. 20 ᶜᵐ . (The reference shelf, vol. VIII, no. 1)
209 1766 347 52 Bibliography:
618 1779 44 38 p.
711 1767 174 50 [13]-20.

148 1836 51 52 ©
228 1840 113 48 Apr.
371 1838 69 48 29,
470 1837 139 47 1932;
639 1838 66 40 2c.
737 1839 112 46 May
879 1838 24 41 7;
962 1836 83 44 aff.
1076 1838 113 46 May
1219 1836 52 46 6;
1303 1837 42 38 A
1373 1835 143 40 51187;
1576 1835 61 42 H.
1666 1836 72 39 W.
1769 1834 186 41 Wilson
1984 1845 67 29 co.

225 1896 279 47 (32-13041)

145 1999 247 65 Norton,
425 2001 204 62 Henry
660 1996 334 66 Kittredge,
1028 2003 170 50 1884-

210 2076 120 54 The
372 2077 226 67 coming
640 2076 64 53 of
749 2075 183 56 South
977 2075 283 67 America,
1302 2075 74 52 El
1419 2073 436 70 resurgimiento
1900 2075 67 51 de
2013 2073 121 55 Sud

141 2153 283 68 America,
453 2154 76 68 by
560 2154 203 67 Henry
794 2152 308 69 Kittredge
1133 2152 240 53 Norton.
1440 2152 138 53 New
1615 2151 179 65 York,
1826 2151 121 53 The
1979 2151 157 55 John

141 2229 650 70 Day company [ ᶜ19 32]
215 2301 713 52 7 p. l., 3-300 p., 1 l. 24ᶜᵐ.
216 2360 113 42 “We
356 2359 126 41 shall
511 2361 207 47 attempt
746 2370 129 30 some
903 2358 217 49 analysis
1149 2358 52 41 of
1227 2359 83 40 the
1337 2358 218 50 political
1586 2359 96 40 and
1711 2358 242 41 economic
147 2359 1975 98 conditions

301 2413 1837 54 and social trends in … Peru, Bolivia, Chile, Argentina, and Brazil,
147 2472 118 41 with
290 2484 129 31 some
443 2482 256 39 necessary
724 2470 247 44 reference
996 2475 49 37 to
1069 2472 234 48 Uruguay
1330 2472 95 40 and
1453 2471 407 51 Paraguay.”—p.
1886 2472 69 40 21.

155 2541 51 52 ©
234 2545 112 49 May
370 2543 40 47 2,
437 2542 112 41 1932;
604 2541 67 43 2c.
700 2544 111 46 May
839 2543 54 39 17;
949 2541 82 42 aff.
1060 2543 112 47 May
1199 2543 55 37 14;
1310 2542 39 38 A
1377 2541 142 41 52013;
1578 2543 60 41 H.
1666 2543 58 39 K.
1753 2543 198 47 Norton,
221 2541 1902 109 Ossining,

348 2602 54 39 N.
434 2603 52 37 Y.
557 2600 279 48 (32-13031)

150 2706 175 63 Page,
353 2704 260 53 Thomas
638 2703 235 65 Nelson,
907 2708 325 53 1853-1922.

218 2779 205 56 Mount
455 2784 232 53 Vernon
719 2781 110 52 and
863 2781 74 54 its
967 2780 408 68 preservation,
1407 2785 337 64 1858-1910;
1777 2782 96 53 the
152 2781 1965 146 acquisition,

322 2860 355 67 restoration,
709 2860 112 51 and
854 2876 125 36 care
1010 2858 64 53 of
1107 2858 94 53 the
1235 2860 162 52 home
1430 2859 64 52 of
1524 2859 384 69 Washington
1938 2860 76 67 by
2047 2861 95 52 the

154 2935 202 54 Mount
389 2937 232 54 Vernon
655 2936 194 53 ladies’
888 2935 336 55 association
1260 2936 64 52 of
1357 2937 95 52 the
1488 2936 195 55 Union
1719 2936 94 54 for
1849 2955 132 36 over
2013 2937 130 53 half

154 3034 30 33 a
212 3021 235 63 century
494 3014 93 68 [by]
620 3014 248 53 Thomas
894 3013 211 55 Nelson
1133 3016 170 65 Page.
1403 3015 137 53 [New
1570 3014 180 68 York,
1779 3016 122 52 The
154 3016 1965 129 Knickerbocker

451 3095 360 64 press, ᶜ19 32]
228 3163 101 50 viii,
363 3165 54 40 84
448 3175 43 37 p.
550 3163 163 48 front.,
745 3165 170 46 plates,
947 3165 148 47 ports.
1155 3162 146 42 19½ᶜᵐ.

229 3220 233 42 “Revised
497 3219 226 42 edition.”

164 3287 51 52 ©
241 3292 112 48 May
377 3290 39 47 6,
441 3290 113 41 1932;
607 3290 65 41 2c.
701 3292 111 46 May
838 3291 53 39 11;
948 3290 81 42 aff.
1056 3292 112 46 May
1193 3290 57 40 10;
1302 3291 40 38 A
1367 3290 143 40 52025;
1566 3294 170 39 Mount
1762 3292 190 39 Vernon
1979 3292 167 40 ladies’

232 3357 112 32 assn.
389 3348 53 39 of
471 3348 81 39 the
582 3347 172 48 Union,
786 3346 272 49 Knoxville,
1090 3348 147 39 Tenn.
1306 3347 280 46 (32-12928)

161 3448 208 66 Peach,
398 3450 231 54 Arthur
659 3450 269 65 Wallace,
961 3454 170 51 1886-
1342 3451 86 53 ed.

289 3525 1859 74 … Vermont prose; a miscellany, edited by Arthur Wallace
161 3604 184 54 Peach
419 3606 129 64 [and]
603 3605 225 53 Harold
878 3603 275 56 Goddard
1204 3606 186 68 Rugg.
1468 3606 379 68 Brattleboro,
1898 3605 252 69 Stephen

159 3680 578 69 Daye press [ ᶜ19 32]
231 3752 88 41 256
340 3764 41 37 p.
436 3752 145 43 19½ᶜᵐ.
644 3754 125 47 (The
795 3754 154 41 Green
974 3755 252 40 mountain
1251 3756 176 47 series)

234 3808 210 43 “Second
476 3810 224 40 edition.”

171 3875 51 52 ©
256 3880 113 48 Apr.
402 3879 69 49 20,
506 3879 139 46 1932;
682 3880 66 41 2c.
784 3882 113 47 May
931 3880 82 47 18;
1050 3880 82 42 aff.
1167 3883 113 46 May
1314 3883 82 45 16;
1433 3883 42 38 A
1510 3882 169 48 51388;
1716 3882 185 39 Arthur
1938 3881 213 41 Wallace

238 3936 170 48 Peach,
433 3939 184 37 trustee
640 3938 79 38 for
742 3936 273 42 committee
1038 3948 59 29 on
1123 3938 229 40 Vermont
1378 3938 262 42 traditions
1667 3941 94 38 and
1785 3939 168 46 ideals,
237 3937 1896 103 Northfield,

389 3993 77 40 Vt.
535 3993 278 47 (32-13134)
