2563 4368
1080 4046 103 51 261

134 458 325 66 Deferrari,
489 460 128 63 Ray
646 458 238 65 Joseph,
917 461 171 49 1890-
1300 473 179 52 comp.

201 537 56 52 A
300 536 378 54 concordance
724 536 64 52 of
832 535 349 53 Prudentius
1230 535 108 68 [by]
1387 535 127 67 Roy
1558 535 217 67 Joseph
1820 534 301 53 Deferrari

137 611 1985 70 [and] James Marshall Campbell … Cambridge, Mass., The
131 690 321 52 Mediaeval
476 690 268 66 academy
769 690 65 52 of
859 689 283 66 America,
1171 693 149 49 1932.

202 758 1919 52 ix, 833 p. 25 ᶜᵐ . (Half-title: The Mediaeval academy of America.
133 818 305 41 Publication
464 827 76 32 no.
565 818 52 48 9)

138 886 1989 51 © Feb. 10, 1932; 2c. and aff. Feb. 13; A 48470; Mediaeval academy of
203 945 235 40 America.
509 944 250 49 (32-5968)

134 1047 185 64 Elam,
350 1047 243 56 Charles
621 1047 229 56 Milton.

199 1123 122 52 The
348 1141 122 35 case
501 1123 94 52 for
624 1142 71 34 an
725 1142 31 34 a
786 1123 182 67 priori
997 1124 300 66 language,
1325 1123 75 67 by
1431 1120 236 56 Charles
1696 1122 212 53 Milton
1937 1123 188 68 Elam,

130 1199 1583 68 M. s. Cincinnati, The Open sesame press [ ᶜ193 2]
200 1272 1100 51 3 p. 1, 5-36, [1] p. illus. (1 col.) 25½ ᶜᵐ .
137 1340 1985 51 © Feb. 1, 1932; 2c. and aff. Feb. 2; A 48262; C. M. Elam, Cincinnati.
215 1399 249 48 (32-5896)

135 1501 288 66 Eloesser,
455 1502 250 64 Arthur,
740 1502 170 55 1870-

204 1576 108 54 Die
350 1580 267 51 deutsche
649 1581 38 49 li
695 1584 219 47 teratur
951 1596 128 35 vom
1116 1578 209 53 barock
1359 1578 87 53 bis
1481 1597 100 35 zur
1616 1584 356 63 gegenwart;
2011 1597 112 34 von

133 1655 223 54 Arthur
407 1658 272 51 Eloesser.
755 1657 89 52 bd.
892 1660 46 47 2.
978 1658 132 53 Von
1157 1658 100 51 der
1304 1657 289 53 romantik
1637 1657 88 53 bis
1771 1676 101 33 zur

137 1676 1962 110 gegenwart.
369 1734 216 67 Berlin,
616 1737 68 51 B.
718 1736 270 67 Cassirer,
1023 1739 148 48 1931.

202 1808 576 48 4 p. l., 640 p. 26 ½ ᶜᵐ .
139 1874 1987 52 © Nov. 23, 1931; 1c. Jan. 19, 1932; A —Foreign 15439; Bruno Cassirer.
139 1995 204 65 Faber,
374 1996 130 65 Ilse,
537 1996 170 55 1887-

264 2071 1654 69 … Herr Poehlmann reist. Berlin, B. Cassirer, 1931.
202 2143 362 49 249 p. 19 ½ ᶜᵐ .
137 2212 1989 53 © Nov. 12, 1931; 1c. Jan. 7, 1932; A —Foreign 15145; Bruno Cassirer,
207 2272 178 39 Berlin.
457 2271 248 48 (32-5913)

128 2373 258 65 Fangen,
417 2373 243 66 Ronald,
694 2379 168 50 1895-

263 2449 1231 69 … Erik; roman. Oslo, Gyldendal, 1931.
203 2524 331 48 347 p. 20 ᶜᵐ .
206 2580 170 48 Sequel
407 2582 48 37 to
485 2580 82 39 the
595 2579 218 41 author’s
842 2580 164 47 Nogen
1038 2590 123 38 unge
1191 2581 298 41 mennesker.

141 2648 1970 108 © Oct. 16, 1931; 1c. Dec. 24; A—Foreign 15219; Gyldendal norsk forlag. (32-5371)
138 2809 113 53 Far
257 2809 69 65 is,
353 2809 154 54 John
535 2810 316 64 Thomson,
882 2811 171 55 1871-

206 2885 115 54 Old
348 2887 244 67 gardens
620 2887 60 53 in
707 2889 112 51 and
847 2887 172 53 about
1045 2887 407 68 Philadelphia
1481 2892 112 51 and
1621 2889 158 52 those
1808 2890 126 51 who
1963 2889 164 53 made

139 2963 1988 70 them, by John T. Faris … Indianapolis, The Bobbs-Merrill
136 3046 484 63 company [ ᶜ193 2]
211 3113 1658 50 5 p. l. , ix-xv p., 1 l., 19-311 p. front., plates, plans. 24 ᶜᵐ .
209 3171 286 40 Illustrated
524 3170 361 49 lining-papers.

208 3226 161 41 “First
394 3226 226 42 edition.”

144 3293 1985 53 © Feb. 17, 1932; 2c. Feb. 20, aff. Feb. 23; A 47769; Bobbs-Merrill co.
222 3353 248 48 (32-6070)

140 3456 243 53 Federal
431 3462 273 62 reporter.
781 3457 218 54 Second
1046 3458 185 52 series.
1308 3458 168 53 Cases
1523 3459 215 68 argued
1786 3459 112 52 and
210 3459 1893 127 determined

426 3535 60 51 in
510 3535 96 51 the
631 3535 221 54 Circuit
877 3540 188 50 courts
1091 3535 63 54 of
1179 3537 234 66 appeals
1441 3537 111 51 and
1578 3535 246 54 District
1848 3540 189 51 courts
2063 3535 63 52 of

212 3611 94 52 the
337 3611 217 54 United
589 3611 205 69 States,
824 3614 216 53 United
1076 3614 189 54 States
1294 3619 161 47 court
1485 3614 64 52 of
1580 3619 245 50 customs
1856 3615 112 51 and

213 3618 1891 121 patent
355 3690 250 65 appeals,
655 3691 178 52 Court
881 3691 63 50 of
993 3691 194 51 claims
1235 3692 63 51 of
1345 3693 95 51 the
1488 3693 218 52 United
1758 3693 205 66 States,
2014 3692 112 51 and

216 3763 178 53 Court
435 3766 62 50 of
541 3768 232 65 appeals
817 3768 62 51 of
921 3768 95 52 the
1058 3767 243 54 District
1344 3770 62 51 of
1453 3768 316 66 Columbia,
1811 3770 139 53 with
212 3770 1914 123 key-number

514 3844 361 53 annotations.
965 3864 52 36 v.
1085 3850 64 47 52
1227 3847 127 67 (2d)
1447 3848 681 67 November-December,

216 3921 149 49 1931.
443 3918 82 55 St.
555 3923 164 66 Paul,
747 3924 159 52 West
934 3923 335 69 publishing
1297 3944 97 48 co.,
1426 3928 148 50 1932.
