2563 4368
1118 4049 133 55 1071

172 435 311 66 Pillsbury,
515 435 224 55 Walter
768 436 257 64 Bowers,
1058 433 171 56 1872-

242 514 96 53 An
367 515 343 65 elementary
739 512 349 68 psychology
1117 510 65 54 of
1208 510 95 55 the
1333 510 311 67 abnormal,
1671 509 75 69 by
1775 510 90 54 W.
1896 511 66 51 B.
173 509 1965 149 Pillsbury

411 586 1753 69 … 1st ed. New York and London, McGraw-Hill book
170 685 296 50 company,
491 667 127 68 inc.,
648 670 150 51 1932.

276 750 1878 51 x, 375 p. illus. 21 ᶜᵐ . (McGraw-Hill publications in psychology)
169 808 130 50 $3.00

243 865 347 48 Bibliography
615 868 52 37 at
690 866 91 39 end
805 864 51 41 of
880 865 118 39 each
1023 864 201 48 chapter
1247 866 168 44 except
1441 864 83 39 the
1546 862 122 41 first.

181 932 51 52 ©
263 937 115 41 July
408 937 25 38 7,
535 935 54 40 1932;
650 934 68 41 2c.
749 936 115 38 July
894 934 54 39 12;
1010 934 80 39 aff.
1123 934 116 46 July
1270 933 57 40 19;
1386 934 40 37 A
1456 932 142 40 54142;
1661 931 350 41 McGraw-Hill
2041 932 123 38 book

247 1003 81 35 co.,
354 993 90 38 inc.
515 991 278 48 (32-18714)

176 1094 284 66 Regional
500 1095 284 65 planning
823 1093 334 55 federation
1198 1093 64 54 of
1302 1093 103 54 the
1445 1092 409 65 Philadelphia
1894 1092 268 53 tri-state

247 1173 254 56 district.

245 1251 121 53 The
413 1250 255 68 regional
717 1253 138 65 plan
902 1249 65 55 of
1013 1251 95 52 the
1157 1249 407 68 Philadelphia
1613 1250 251 53 tri-state
1912 1248 252 67 district;

176 1329 116 53 this
330 1335 196 60 report
562 1345 115 36 was
718 1328 349 54 formulated
1107 1328 113 53 and
1259 1328 281 67 compiled
1577 1327 76 67 by
1692 1326 477 55 sub-committees

177 1405 65 54 of
272 1406 96 53 the
399 1406 304 53 Technical
737 1406 269 67 advisory
1037 1406 319 52 committee
1388 1406 113 52 and
1534 1405 95 53 the
1666 1404 322 53 federation
2018 1403 151 68 staff,

176 1483 61 53 in
286 1483 409 53 collaboration
745 1482 139 53 with
935 1483 97 53 the
1082 1482 310 53 Executive
1445 1481 333 55 committee.
178 1482 1965 145 [Philadelphia,

355 1561 167 53 Press
546 1560 64 53 of
632 1561 149 53 Wm.
807 1560 66 53 F.
898 1559 125 54 Fell
1048 1578 98 48 co.]
1179 1561 150 51 1932.

247 1646 81 47 yii,
373 1646 71 49 [2],
487 1646 85 40 589
612 1657 43 37 p.
696 1646 108 40 incl.
848 1646 164 47 front.,
1053 1645 144 47 illus.,
1239 1646 171 46 plates,
1451 1647 138 46 port.,
1632 1644 179 48 diagrs.
1870 1655 138 37 maps
2036 1645 133 48 (part

174 1701 354 48 fold.) 28½ ᶜᵐ .
247 1759 127 40 Title
433 1758 182 48 vignette
644 1758 125 48 (seal
799 1758 51 40 of
879 1758 81 40 the
989 1757 234 48 Regional
1251 1758 235 47 planning
1513 1756 276 41 federation
1819 1757 51 40 of
1900 1758 84 39 the
176 1756 1976 107 Philadelphia
396 1814 214 42 tri-state
634 1814 219 48 district)

250 1868 1919 52 “Check list … [of] pamphlets … issued by and for the federation”:
177 1938 43 38 p.
248 1927 100 44 360.

187 1994 50 52 ©
263 1999 125 39 June
411 1998 39 47 6,
475 1997 112 40 1932;
640 1997 67 40 2c.
731 1998 96 39 and
851 1996 81 40 aff.
958 1997 115 47 July
1098 1997 54 39 13;
1207 1997 40 38 A
1272 1996 141 40 53085;
1469 1996 234 48 Regional
1728 1995 234 49 planning
255 1995 1897 99 federation
393 2054 51 40 of
479 2055 80 39 the

594 2053 338 48 Philadelphia
969 2053 214 40 tri-state
1220 2052 207 49 district,
1465 2052 354 48 Philadelphia.

265 2110 278 48 (32-18708)

183 2211 299 66 Romains,
512 2211 181 65 Jules,
725 2217 171 49 1885-

315 2288 1856 68 … Donogoo Tonka; ou, Les miracles de la science, conte
183 2365 623 69 cinématographique;
841 2366 349 53 eaux-fortes
1223 2368 66 51 de
1322 2367 338 53 Perraudin.
1740 2367 202 67 [Paris]
182 2368 1966 130 Flammarion
438 2448 170 64 [1932]

254 2515 1334 51 4 p. l., 5-140, [1] p., 1 l. front., illus. 29 × 23 ½ ᶜᵐ .
256 2573 85 40 215
381 2573 158 47 copies
579 2572 207 49 printed.
848 2574 82 39 “15
970 2571 319 49 exemplaires
1329 2574 114 40 hors
1483 2584 275 36 commerce,
1798 2574 276 40 numerotés
2116 2576 58 38 de

186 2629 1526 48 I à XV … Exemplaire H. C.” This copy not numbered.
193 2699 1982 52 © Apr. 28, 1932; 1c. May 19; A—Foreign 16934; Ernest Flammarion.
270 2759 277 48 (32-19077)

188 2863 233 64 Serdac,
456 2863 193 56 Alain.

189 2929 1962 156 … Détresse du “Samoa”; roman. Paris, Éditions des portiques, 1932.
259 3089 728 49 2 p. l., [7]-249 p., 1 l. 19 ᶜᵐ .
197 3160 1982 59 © Jan. 20, 1932; 1c. Apr. 4; A— Foreign 16343; Éditions des portiques.
274 3224 277 48 (32-19072)

191 3325 187 53 South
427 3332 236 47 western
710 3333 272 62 reporter.
1058 3328 220 53 Second
1324 3327 183 53 series.
1585 3328 167 54 Cases
1801 3329 213 68 argued
2062 3328 114 52 and

263 3403 348 53 determined
653 3406 59 50 in
752 3407 95 51 the
890 3406 273 68 Supreme
1204 3412 187 48 courts
1432 3406 64 53 of
1537 3407 310 66 Arkansas,
1888 3407 288 66 Missouri,

263 3481 324 53 Tennessee,
623 3483 111 51 and
770 3485 210 53 Texas;
1021 3485 205 53 Courts
1260 3485 63 52 of
1359 3487 233 66 appeals
1625 3485 62 52 of
1721 3486 307 68 Kentucky
2064 3486 112 52 and

263 3558 269 53 Missouri;
607 3561 205 53 Courts
853 3562 62 51 of
954 3562 134 53 civil
1129 3563 111 51 and
1282 3563 260 53 criminal
1584 3565 233 66 appeals
1858 3565 112 52 and

262 3565 1890 124 Commission
528 3638 62 52 of
625 3641 232 65 appeals
890 3640 62 51 of
986 3641 199 58 Texas,
1217 3641 141 52 with
1388 3642 107 66 key
1526 3643 236 52 number
1797 3644 378 52 annotations.

307 3756 9 9 v.
365 3712 66 53 47
490 3713 125 68 (2d)
673 3714 174 68 April
896 3718 200 51 19-May
1185 3722 81 64 10,
1316 3722 149 48 1932.
1540 3722 345 51 Permanent
1932 3722 83 51 ed.
2094 3721 81 54 St.

265 3792 163 54 Paul,
459 3792 157 52 West
647 3792 334 70 publishing
1012 3815 78 35 co.,
1143 3798 133 50 1932.

268 3863 501 50 xvii, 1208 p. 26 ᶜᵐ .
203 3920 50 52 ©
288 3926 115 47 July
436 3928 68 46 13,
538 3927 112 41 1932;
712 3929 67 40 2c.
813 3930 119 48 Aug.
965 3931 52 46 5;
1053 3931 81 40 aff.
1168 3932 118 48 Aug.
1321 3932 53 47 2;
1410 3934 41 38 A
1485 3934 142 40 53514;
1690 3935 135 40 West
1856 3934 110 48 pub.
1998 3945 66 29 co.
