2563 4368
1404 3994 101 51 280

445 417 234 65 Huddy,
709 415 325 64 Xenophon
1064 415 235 54 Pearce.

516 491 423 70 Encyclopedia
975 491 65 53 of
1074 491 342 54 automobile
1450 493 127 50 law.
1651 491 124 52 The
1805 492 110 51 law
1951 490 64 52 of
2048 489 387 67 automobiles,

446 568 1990 72 by Xenophon P. Huddy … 9th ed., revised, rearranged and
448 650 269 67 enlarged
752 650 74 66 by
862 649 96 52 the
994 648 339 68 publisher’s
1370 646 266 55 editorial
1674 644 151 72 staff,
1861 647 141 53 with
2039 647 286 53 foreword
2360 647 77 69 by

449 726 1987 68 Cornelius W. Wickersham … v. 1-2 … Albany, N. Y.,
449 803 276 53 Matthew
755 804 227 53 Bender
1011 808 46 49 &
1084 822 296 50 company,
1410 803 417 69 incorporated,
1860 806 150 52 1932.

518 877 80 47 vii,
640 877 87 39 555
764 888 42 37 p.
867 876 116 42 25ᶜᵐ.

452 943 51 52 ©
532 948 122 39 Mar.
683 947 67 47 18,
779 945 140 48 1932;
950 947 66 39 2c.
1045 948 94 39 and
1170 946 80 42 aff.
1281 948 120 39 Mar.
1431 947 80 46 19;
1544 948 38 37 A
1610 946 170 48 49187;
1814 947 233 40 Matthew
2078 947 188 39 Bender
2296 947 36 40 &
2360 958 81 35 co.,

520 1004 89 43 inc.
675 999 72 54 [©
771 1003 245 40 additions
1043 1005 93 38 and
1165 1003 222 49 changes]

449 1121 321 65 Huitfeldt,
803 1123 152 62 Carl,
989 1126 171 50 1895-

580 1198 1860 69 … Gjennem republikken Spanien; ved rattet og skrive-
449 1276 294 53 maskinen
781 1278 17 50 i
838 1276 427 54 romantikkens
1304 1295 73 49 og
1417 1276 424 68 revolusjonens
1879 1276 152 54 land.
2107 1276 154 68 Oslo,
448 1276 1971 146 Gyldendal,
703 1359 149 49 1931.

521 1426 839 50 146 p., 1 l. illus., map. 21½ᶜᵐ.
456 1493 1988 53 © Nov. 24, 1931; 1c. Dec. 24; A—Foreign 15205; Gyldendal norsk forlag.
534 1555 249 49 (32-6417)

452 1659 239 55 Illinois.
765 1660 309 67 Appellate
1107 1666 201 47 courts.

454 1734 1962 146 Reports of cases determined … with a directory of the judiciary
651 1813 66 54 of
756 1814 96 54 the
893 1820 146 47 state
1081 1816 112 51 and
1239 1814 275 53 abstracts
1555 1815 64 52 of
1660 1833 149 35 cases
1853 1815 333 69 designated
2229 1814 75 68 by
2345 1815 98 53 the

455 1893 1745 68 courts as not to be reported in full. v. 261, A. D. 1932 …
455 1895 1964 143 Reported
685 1972 75 67 by
789 1972 158 52 Basil
978 1973 189 52 Jones.
1245 1971 268 69 Chicago,
1545 1973 321 68 Callaghan
1895 1977 46 50 &
1967 1991 296 51 company,
2293 1975 150 51 1932.

523 2045 84 47 lix,
641 2045 87 39 668
757 2055 44 37 p.
861 2045 115 41 23ᶜᵐ.

460 2111 50 51 ©
541 2117 120 38 Mar.
690 2116 68 47 15,
788 2115 139 49 1932;
958 2116 65 40 2c.
1054 2118 121 38 Mar.
1204 2117 80 46 17;
1317 2115 81 44 aff.
1429 2117 119 39 Mar.
1579 2116 80 47 18;
1689 2116 42 39 A
1759 2116 169 47 50164;
1962 2115 269 48 Callaghan
2262 2116 36 40 &
2325 2127 65 29 co.

456 2273 246 54 Indiana
732 2274 157 52 three
920 2274 61 52 in
1011 2292 104 35 one
1144 2273 237 67 service;
1416 2292 31 34 a
1480 2274 344 53 cumulative
1855 2275 211 54 service
2096 2274 186 56 which

526 2293 1893 126 supplements
830 2352 96 52 the
953 2351 232 68 digests,
1212 2357 239 48 statutes
1481 2354 111 51 and
1617 2357 159 49 notes
1803 2359 58 47 to
1889 2353 250 53 Indiana
2168 2353 275 54 decisions

528 2430 1893 130 … prepared by Daniel W. Crockett, assisted by the publishers’
779 2507 266 54 editorial
1079 2506 150 55 staff.
1306 2511 133 50 1931
1474 2511 211 51 annual
1717 2511 237 52 volume.
2030 2511 417 69 Indianapolis,

528 2586 1133 70 The Bobbs-Merrill company [ ᶜ1 932 ]
527 2659 600 48 1 p. l., 480 p. 26ᶜᵐ.
463 2726 51 52 ©
551 2731 119 38 Mar.
706 2731 39 47 3,
780 2730 140 47 1932;
957 2731 67 39 2c.
1059 2731 95 39 and
1191 2730 81 41 aff.
1309 2733 119 37 Mar.
1465 2732 81 46 14;
1584 2732 40 38 A
1658 2730 171 49 48956;
1868 2732 364 40 Bobbs-Merrill
2271 2743 67 30 co.

460 2847 219 66 James,
711 2848 170 64 Rian,
915 2852 170 50 1899-

528 2922 1921 72 Hat-check girl, by Rian James … New York, A. H. King
464 3003 191 66 [ ᶜ1 932 ]
527 3070 615 50 4 p. l., 7-286 p. 19½ᶜᵐ.
467 3142 51 52 ©
547 3148 120 41 Mar.
694 3146 39 48 9,
762 3145 140 47 1932;
932 3144 66 42 2c.
1028 3146 93 38 and
1150 3145 80 38 aff.
1261 3147 119 38 Mar.
1412 3145 80 47 10;
1524 3146 39 38 A
1589 3145 170 48 49024;
1791 3146 170 41 Alfred
1991 3148 60 38 H.
2081 3147 141 48 King,
2251 3146 90 42 inc.

544 3202 247 49 (32-6316)

462 3306 268 64 Jenness,
761 3307 191 63 Mary.

529 3381 135 53 Men
704 3381 126 54 who
869 3380 162 54 stood
1072 3383 179 65 alone,
1292 3382 95 52 the
1428 3380 245 55 Hebrew
1715 3382 272 67 prophets
2029 3383 60 51 in
2129 3383 205 68 action,
2373 3383 77 68 by

462 3457 168 68 Mary
656 3456 253 55 Jenness.
973 3454 137 57 New
1141 3455 177 70 York,
1345 3455 68 55 R.
1443 3456 164 70 Long
1634 3460 51 50 &
1714 3456 70 56 R.
1812 3456 69 55 R.
1911 3457 207 72 Smith,
2145 3459 126 69 inc.,
2300 3461 150 52 1932.

528 3529 554 49 4 p. l., 114 p. 19½ᶜᵐ.
468 3597 51 52 ©
546 3603 110 41 Feb.
681 3603 69 46 26,
777 3602 139 47 1932;
942 3602 67 39 2c.
1035 3603 121 38 Mar.
1183 3602 53 46 1;
1265 3602 80 40 aff.
1373 3603 110 40 Feb.
1509 3602 82 47 29;
1620 3603 40 38 A
1684 3602 171 47 47885;
1885 3603 106 47 Ray
2018 3604 134 47 Long
2175 3603 36 40 &
2238 3601 213 42 Richard

536 3659 55 40 R.
621 3659 169 48 Smith,
817 3659 90 40 inc.
978 3658 250 48 (32-6355)

465 3759 167 65 Kirk,
661 3760 184 56 Ellen.

595 3835 1855 70 … Med fjerkost og kasserolle. København, Gyldendal,
467 3917 148 50 1931.
