<alto xmlns="http://www.loc.gov/standards/alto/ns-v3#" xmlns:xlink="http://www.w3.org/1999/xlink" xmlns:xsi="http://www.w3.org/2001/XMLSchema-instance" xsi:schemaLocation="http://www.loc.gov/standards/alto/ns-v3# http://www.loc.gov/alto/v3/alto-3-0.xsd"><Description>
<MeasurementUnit>pixel</MeasurementUnit>
<sourceImageInformation>
<fileName>1932_v29_part001.pdf</fileName>
</sourceImageInformation>
<OCRProcessing ID="IdOcr">
<ocrProcessingStep>
<processingDateTime>2019-04-25</processingDateTime>
<processingSoftware>
<softwareCreator>ABBYY</softwareCreator>
<softwareName>ABBYY Recognition Server</softwareName>
<softwareVersion>4.0</softwareVersion>
</processingSoftware>
</ocrProcessingStep>
</OCRProcessing>
</Description>
<Styles>
<ParagraphStyle ID="StyleId-FFFFFFFF-FFFF-FFFF-FFFF-FFFFFFFFFFFF-" ALIGN="Left" LEFT="0." RIGHT="0." FIRSTLINE="0."/>
<ParagraphStyle ID="StyleId-547D96D3-B2DE-4E86-A4BD-9DDFC275973A-" ALIGN="Left" LEFT="0." RIGHT="0." FIRSTLINE="0." LINESPACE="7.699999809"/>
<ParagraphStyle ID="StyleId-BE433B82-DF6F-491A-9872-F562FF4150C8-" ALIGN="Block" LEFT="0." RIGHT="0." FIRSTLINE="-13." LINESPACE="7.900000095"/>
<ParagraphStyle ID="StyleId-CC286467-50C5-4655-B0CF-BA365CCE0736-" ALIGN="Block" LEFT="0." RIGHT="0." FIRSTLINE="-15." LINESPACE="8.479999542"/>
<ParagraphStyle ID="StyleId-9878414D-BEDB-487D-971A-CF5ADB5C4AD2-" ALIGN="Block" LEFT="0." RIGHT="0." FIRSTLINE="-14." LINESPACE="10.92000008"/>
<ParagraphStyle ID="StyleId-EBC70DE5-3635-4BD4-B07B-05DF6EFE0022-" ALIGN="Block" LEFT="0." RIGHT="0." FIRSTLINE="-13." LINESPACE="12.19999981"/>
<ParagraphStyle ID="StyleId-8A688F83-F017-4D5D-A00A-14637016ED45-" ALIGN="Left" LEFT="0." RIGHT="0." FIRSTLINE="0." LINESPACE="9.399999619"/>
<ParagraphStyle ID="StyleId-20F0BBAE-20C6-42F4-8113-00B5C02924DC-" ALIGN="Left" LEFT="0." RIGHT="0." FIRSTLINE="0." LINESPACE="11.10000038"/>
<ParagraphStyle ID="StyleId-7AA70148-8873-4ACB-90AE-BF9322E02302-" ALIGN="Left" LEFT="0." RIGHT="0." FIRSTLINE="-13." LINESPACE="11.09000015"/>
<ParagraphStyle ID="StyleId-072EF7BA-7207-4F8B-9A7C-F564E8B4CB16-" ALIGN="Left" LEFT="0." RIGHT="0." FIRSTLINE="-14." LINESPACE="12.19999981"/>
<ParagraphStyle ID="StyleId-44303D12-21D7-4DB0-9E9F-87FA1A861DD7-" ALIGN="Block" LEFT="0." RIGHT="0." FIRSTLINE="-14." LINESPACE="10.92000008"/>
<ParagraphStyle ID="StyleId-43CF0D44-8AC2-4CD0-865F-942C78705184-" ALIGN="Block" LEFT="0." RIGHT="0." FIRSTLINE="-13." LINESPACE="12.19999981"/>
<ParagraphStyle ID="StyleId-7A298A86-29F5-413A-AEC9-078A4CC464D7-" ALIGN="Block" LEFT="0." RIGHT="0." FIRSTLINE="13." LINESPACE="12.19999981"/>
<ParagraphStyle ID="StyleId-8E4E86F7-C1F9-4A1A-B605-6B1FC1C8E9F7-" ALIGN="Left" LEFT="0." RIGHT="0." FIRSTLINE="0." LINESPACE="11.60000038"/>
<ParagraphStyle ID="StyleId-AB39791B-5ED1-444F-BEF5-2CFED1F2709A-" ALIGN="Left" LEFT="0." RIGHT="0." FIRSTLINE="-13." LINESPACE="11.09000015"/>
<ParagraphStyle ID="StyleId-C1F2EEE7-CD00-4E11-9EAD-B222287AEDA4-" ALIGN="Center" LEFT="0." RIGHT="0." FIRSTLINE="0." LINESPACE="11.10000038"/>
</Styles>
<Layout>
<Page ID="Page45" PHYSICAL_IMG_NR="45" HEIGHT="4368" WIDTH="2563">
<TopMargin HEIGHT="424" WIDTH="2563" VPOS="0" HPOS="0">
</TopMargin>
<LeftMargin HEIGHT="3600" WIDTH="124" VPOS="424" HPOS="0">
</LeftMargin>
<RightMargin HEIGHT="3600" WIDTH="407" VPOS="424" HPOS="2156">
</RightMargin>
<BottomMargin HEIGHT="344" WIDTH="2563" VPOS="4024" HPOS="0">
<TextBlock ID="Page45_Block1" HEIGHT="70" WIDTH="86" VPOS="4026" HPOS="1102" LANG="en-US" STYLEREFS="StyleId-8C7CA000-1D90-49D6-B828-D71EEF66DBC5-">
<TextLine HEIGHT="49" WIDTH="65" VPOS="4037" HPOS="1112">
<String CONTENT="45" HEIGHT="49" WIDTH="65" VPOS="4037" HPOS="1112"/>
</TextLine>
</TextBlock>
</BottomMargin>
<PrintSpace HEIGHT="3600" WIDTH="2032" VPOS="424" HPOS="124">
<TextBlock ID="Page45_Block2" HEIGHT="3600" WIDTH="2032" VPOS="424" HPOS="124" LANG="en-US" CS="1" STYLEREFS="StyleId-D14EE820-7FB1-4B7D-9094-F00552B41215-">
<TextLine HEIGHT="67" WIDTH="1085" VPOS="434" HPOS="140" STYLEREFS="StyleId-706B6E43-CCEB-4B42-9649-4215E44C6355-">
<String CONTENT="Reilly," HEIGHT="66" WIDTH="207" VPOS="435" HPOS="140"/>
<SP HEIGHT="64" WIDTH="28" VPOS="437" HPOS="348"/>
<String CONTENT="Sidney" HEIGHT="65" WIDTH="220" VPOS="434" HPOS="377"/>
<SP HEIGHT="64" WIDTH="27" VPOS="435" HPOS="598"/>
<String CONTENT="George," HEIGHT="63" WIDTH="245" VPOS="435" HPOS="626"/>
<SP HEIGHT="57" WIDTH="28" VPOS="441" HPOS="872"/>
<String CONTENT="1874-1925." HEIGHT="54" WIDTH="324" VPOS="434" HPOS="901"/>
</TextLine>
<TextLine HEIGHT="74" WIDTH="1921" VPOS="505" HPOS="208" STYLEREFS="StyleId-6EADEB42-5D16-4595-90D3-9D2E0CF0604B-">
<String CONTENT="Britain&#8217;s" HEIGHT="54" WIDTH="274" VPOS="513" HPOS="208"/>
<SP HEIGHT="35" WIDTH="39" VPOS="530" HPOS="483"/>
<String CONTENT="master" HEIGHT="48" WIDTH="210" VPOS="517" HPOS="523"/>
<SP HEIGHT="33" WIDTH="38" VPOS="531" HPOS="734"/>
<String CONTENT="spy;" HEIGHT="50" WIDTH="134" VPOS="529" HPOS="773"/>
<SP HEIGHT="62" WIDTH="44" VPOS="515" HPOS="908"/>
<String CONTENT="the" HEIGHT="53" WIDTH="94" VPOS="510" HPOS="953"/>
<SP HEIGHT="34" WIDTH="40" VPOS="528" HPOS="1048"/>
<String CONTENT="adventures" HEIGHT="52" WIDTH="339" VPOS="509" HPOS="1089"/>
<SP HEIGHT="33" WIDTH="42" VPOS="526" HPOS="1429"/>
<String CONTENT="of" HEIGHT="53" WIDTH="63" VPOS="506" HPOS="1472"/>
<SP HEIGHT="55" WIDTH="41" VPOS="506" HPOS="1536"/>
<String CONTENT="Sidney" HEIGHT="69" WIDTH="215" VPOS="506" HPOS="1578"/>
<SP HEIGHT="68" WIDTH="39" VPOS="507" HPOS="1794"/>
<String CONTENT="Reilly;" HEIGHT="69" WIDTH="220" VPOS="505" HPOS="1834"/>
<SP HEIGHT="46" WIDTH="46" VPOS="524" HPOS="2055"/>
<String CONTENT="a" HEIGHT="34" WIDTH="27" VPOS="524" HPOS="2102"/>
</TextLine>
<TextLine HEIGHT="74" WIDTH="1995" VPOS="583" HPOS="137" STYLEREFS="StyleId-6EADEB42-5D16-4595-90D3-9D2E0CF0604B-">
<String CONTENT="narrative" HEIGHT="53" WIDTH="289" VPOS="591" HPOS="137"/>
<SP HEIGHT="34" WIDTH="45" VPOS="609" HPOS="427"/>
<String CONTENT="written" HEIGHT="53" WIDTH="228" VPOS="589" HPOS="473"/>
<SP HEIGHT="52" WIDTH="44" VPOS="589" HPOS="702"/>
<String CONTENT="by" HEIGHT="68" WIDTH="74" VPOS="589" HPOS="747"/>
<SP HEIGHT="69" WIDTH="41" VPOS="588" HPOS="822"/>
<String CONTENT="himself," HEIGHT="68" WIDTH="252" VPOS="586" HPOS="864"/>
<SP HEIGHT="49" WIDTH="45" VPOS="605" HPOS="1117"/>
<String CONTENT="edited" HEIGHT="54" WIDTH="189" VPOS="585" HPOS="1163"/>
<SP HEIGHT="53" WIDTH="46" VPOS="585" HPOS="1353"/>
<String CONTENT="and" HEIGHT="52" WIDTH="112" VPOS="585" HPOS="1400"/>
<SP HEIGHT="52" WIDTH="46" VPOS="585" HPOS="1513"/>
<String CONTENT="completed" HEIGHT="67" WIDTH="316" VPOS="584" HPOS="1560"/>
<SP HEIGHT="53" WIDTH="43" VPOS="583" HPOS="1877"/>
<String CONTENT="by" HEIGHT="69" WIDTH="76" VPOS="583" HPOS="1921"/>
<SP HEIGHT="68" WIDTH="44" VPOS="584" HPOS="1998"/>
<String CONTENT="his" HEIGHT="52" WIDTH="89" VPOS="583" HPOS="2043"/>
</TextLine>
<TextLine HEIGHT="70" WIDTH="1794" VPOS="662" HPOS="138" STYLEREFS="StyleId-6EADEB42-5D16-4595-90D3-9D2E0CF0604B-">
<String CONTENT="wife." HEIGHT="54" WIDTH="151" VPOS="667" HPOS="138"/>
<SP HEIGHT="52" WIDTH="63" VPOS="668" HPOS="290"/>
<String CONTENT="New" HEIGHT="52" WIDTH="138" VPOS="668" HPOS="354"/>
<SP HEIGHT="53" WIDTH="27" VPOS="666" HPOS="493"/>
<String CONTENT="York" HEIGHT="53" WIDTH="164" VPOS="666" HPOS="521"/>
<SP HEIGHT="51" WIDTH="23" VPOS="667" HPOS="686"/>
<String CONTENT="and" HEIGHT="53" WIDTH="113" VPOS="666" HPOS="710"/>
<SP HEIGHT="54" WIDTH="25" VPOS="665" HPOS="824"/>
<String CONTENT="London," HEIGHT="68" WIDTH="259" VPOS="664" HPOS="850"/>
<SP HEIGHT="68" WIDTH="26" VPOS="664" HPOS="1110"/>
<String CONTENT="Harper" HEIGHT="66" WIDTH="234" VPOS="664" HPOS="1137"/>
<SP HEIGHT="49" WIDTH="26" VPOS="665" HPOS="1372"/>
<String CONTENT="&amp;" HEIGHT="49" WIDTH="45" VPOS="665" HPOS="1399"/>
<SP HEIGHT="52" WIDTH="25" VPOS="662" HPOS="1445"/>
<String CONTENT="brothers," HEIGHT="64" WIDTH="279" VPOS="662" HPOS="1471"/>
<SP HEIGHT="60" WIDTH="30" VPOS="666" HPOS="1751"/>
<String CONTENT="1932." HEIGHT="50" WIDTH="150" VPOS="663" HPOS="1782"/>
</TextLine>
<TextLine HEIGHT="54" WIDTH="1758" VPOS="741" HPOS="205" STYLEREFS="StyleId-6EADEB42-5D16-4595-90D3-9D2E0CF0604B-" CS="1">
<String CONTENT="xiii" HEIGHT="40" WIDTH="91" VPOS="747" HPOS="205"/>
<SP HEIGHT="47" WIDTH="24" VPOS="748" HPOS="297"/>
<String LANG="fr" CS="1" CONTENT="p.," HEIGHT="38" WIDTH="43" VPOS="757" HPOS="322"/>
<SP HEIGHT="46" WIDTH="23" VPOS="748" HPOS="384"/>
<String CONTENT="3" HEIGHT="39" WIDTH="27" VPOS="748" HPOS="408"/>
<SP/>
<String CS="1" CONTENT="l.," HEIGHT="16" WIDTH="8" VPOS="777" HPOS="499"/>
<SP HEIGHT="46" WIDTH="27" VPOS="747" HPOS="508"/>
<String CONTENT="3-296" HEIGHT="41" WIDTH="146" VPOS="745" HPOS="536"/>
<SP HEIGHT="47" WIDTH="25" VPOS="746" HPOS="683"/>
<String CONTENT="p." HEIGHT="37" WIDTH="43" VPOS="756" HPOS="709"/>
<SP HEIGHT="41" WIDTH="55" VPOS="745" HPOS="753"/>
<String CONTENT="front.," HEIGHT="46" WIDTH="163" VPOS="745" HPOS="809"/>
<SP HEIGHT="37" WIDTH="28" VPOS="754" HPOS="973"/>
<String CONTENT="ports.," HEIGHT="46" WIDTH="163" VPOS="745" HPOS="1002"/>
<SP HEIGHT="47" WIDTH="30" VPOS="744" HPOS="1166"/>
<String CONTENT="facsims." HEIGHT="41" WIDTH="214" VPOS="742" HPOS="1197"/>
<SP HEIGHT="48" WIDTH="29" VPOS="742" HPOS="1412"/>
<String CONTENT="(part" HEIGHT="48" WIDTH="135" VPOS="742" HPOS="1442"/>
<SP HEIGHT="40" WIDTH="28" VPOS="742" HPOS="1578"/>
<String CONTENT="fold.)" HEIGHT="47" WIDTH="142" VPOS="742" HPOS="1607"/>
<SP HEIGHT="47" WIDTH="67" VPOS="742" HPOS="1750"/>
<String CS="1" CONTENT="22&#189;&#7580;&#7504;." HEIGHT="42" WIDTH="145" VPOS="741" HPOS="1818"/>
</TextLine>
<TextLine HEIGHT="42" WIDTH="420" VPOS="816" HPOS="208">
<String CONTENT="&#8220;First" HEIGHT="40" WIDTH="163" VPOS="818" HPOS="208"/>
<SP HEIGHT="38" WIDTH="27" VPOS="820" HPOS="372"/>
<String CONTENT="edition.&#8221;" HEIGHT="42" WIDTH="228" VPOS="816" HPOS="400"/>
</TextLine>
<TextLine HEIGHT="53" WIDTH="1927" VPOS="868" HPOS="208">
<String CONTENT="London" HEIGHT="40" WIDTH="197" VPOS="875" HPOS="208"/>
<SP HEIGHT="29" WIDTH="25" VPOS="885" HPOS="406"/>
<String CONTENT="edition" HEIGHT="40" WIDTH="185" VPOS="874" HPOS="432"/>
<SP HEIGHT="48" WIDTH="36" VPOS="873" HPOS="618"/>
<String CONTENT="(E." HEIGHT="48" WIDTH="76" VPOS="873" HPOS="655"/>
<SP HEIGHT="40" WIDTH="26" VPOS="873" HPOS="732"/>
<String CONTENT="Mathews" HEIGHT="41" WIDTH="240" VPOS="871" HPOS="759"/>
<SP HEIGHT="42" WIDTH="27" VPOS="870" HPOS="1000"/>
<String CONTENT="&amp;" HEIGHT="40" WIDTH="36" VPOS="870" HPOS="1028"/>
<SP HEIGHT="40" WIDTH="25" VPOS="870" HPOS="1065"/>
<String CONTENT="Marrot)" HEIGHT="48" WIDTH="213" VPOS="870" HPOS="1091"/>
<SP HEIGHT="48" WIDTH="37" VPOS="870" HPOS="1305"/>
<String CONTENT="has" HEIGHT="39" WIDTH="89" VPOS="870" HPOS="1343"/>
<SP HEIGHT="38" WIDTH="27" VPOS="871" HPOS="1433"/>
<String CONTENT="title:" HEIGHT="41" WIDTH="135" VPOS="868" HPOS="1461"/>
<SP HEIGHT="41" WIDTH="29" VPOS="868" HPOS="1597"/>
<String CONTENT="The" HEIGHT="41" WIDTH="100" VPOS="868" HPOS="1627"/>
<SP HEIGHT="29" WIDTH="30" VPOS="880" HPOS="1728"/>
<String CONTENT="adventures" HEIGHT="40" WIDTH="295" VPOS="869" HPOS="1759"/>
<SP HEIGHT="30" WIDTH="28" VPOS="878" HPOS="2055"/>
<String CONTENT="of" HEIGHT="40" WIDTH="51" VPOS="868" HPOS="2084"/>
</TextLine>
<TextLine HEIGHT="49" WIDTH="983" VPOS="929" HPOS="140">
<String CONTENT="Sidney" HEIGHT="49" WIDTH="179" VPOS="929" HPOS="140"/>
<SP HEIGHT="47" WIDTH="24" VPOS="931" HPOS="320"/>
<String CONTENT="Reilly," HEIGHT="47" WIDTH="171" VPOS="931" HPOS="345"/>
<SP HEIGHT="47" WIDTH="29" VPOS="930" HPOS="517"/>
<String CONTENT="Britain&#8217;s" HEIGHT="41" WIDTH="237" VPOS="929" HPOS="547"/>
<SP HEIGHT="31" WIDTH="26" VPOS="939" HPOS="785"/>
<String CONTENT="master" HEIGHT="38" WIDTH="182" VPOS="931" HPOS="812"/>
<SP HEIGHT="30" WIDTH="26" VPOS="938" HPOS="995"/>
<String CONTENT="spy." HEIGHT="38" WIDTH="101" VPOS="937" HPOS="1022"/>
</TextLine>
<TextLine HEIGHT="53" WIDTH="1716" VPOS="998" HPOS="146" CS="1">
<String CONTENT="&#169;" HEIGHT="52" WIDTH="52" VPOS="999" HPOS="146"/>
<SP HEIGHT="52" WIDTH="25" VPOS="999" HPOS="199"/>
<String CONTENT="Jan." HEIGHT="40" WIDTH="109" VPOS="1003" HPOS="225"/>
<SP HEIGHT="39" WIDTH="25" VPOS="1004" HPOS="335"/>
<String CONTENT="4," HEIGHT="47" WIDTH="40" VPOS="1004" HPOS="361"/>
<SP HEIGHT="48" WIDTH="27" VPOS="1003" HPOS="402"/>
<String CONTENT="1932;" HEIGHT="48" WIDTH="140" VPOS="1001" HPOS="430"/>
<SP HEIGHT="48" WIDTH="27" VPOS="1001" HPOS="571"/>
<String CONTENT="2c." HEIGHT="41" WIDTH="68" VPOS="1001" HPOS="599"/>
<SP HEIGHT="31" WIDTH="26" VPOS="1011" HPOS="668"/>
<String CONTENT="and" HEIGHT="39" WIDTH="97" VPOS="1002" HPOS="695"/>
<SP HEIGHT="39" WIDTH="26" VPOS="1002" HPOS="793"/>
<String CONTENT="aff." HEIGHT="41" WIDTH="81" VPOS="1000" HPOS="820"/>
<SP HEIGHT="40" WIDTH="28" VPOS="1001" HPOS="902"/>
<String CONTENT="Jan." HEIGHT="40" WIDTH="109" VPOS="1001" HPOS="931"/>
<SP HEIGHT="40" WIDTH="26" VPOS="1001" HPOS="1041"/>
<String CONTENT="14;" HEIGHT="46" WIDTH="81" VPOS="1000" HPOS="1068"/>
<SP HEIGHT="46" WIDTH="30" VPOS="1000" HPOS="1150"/>
<!-- cceid FE93C20D-6D7C-1014-B4A5-D7A31D17AB40 --><String CONTENT="A" HEIGHT="38" WIDTH="41" VPOS="1000" HPOS="1181"/>
<SP HEIGHT="39" WIDTH="25" VPOS="999" HPOS="1223"/>
<String CONTENT="46882;" HEIGHT="46" WIDTH="171" VPOS="999" HPOS="1249"/>
<SP HEIGHT="46" WIDTH="30" VPOS="999" HPOS="1421"/>
<String CONTENT="Harper" HEIGHT="46" WIDTH="195" VPOS="999" HPOS="1452"/>
<SP HEIGHT="39" WIDTH="25" VPOS="998" HPOS="1648"/>
<String CONTENT="&amp;" HEIGHT="39" WIDTH="36" VPOS="998" HPOS="1674"/>
<SP HEIGHT="39" WIDTH="27" VPOS="998" HPOS="1711"/>
<String CONTENT="bros." HEIGHT="38" WIDTH="123" VPOS="999" HPOS="1739"/>
</TextLine>
<TextLine HEIGHT="49" WIDTH="250" VPOS="1058" HPOS="223">
<String CONTENT="(32-2140)" HEIGHT="49" WIDTH="250" VPOS="1058" HPOS="223"/>
</TextLine>
<TextLine HEIGHT="65" WIDTH="675" VPOS="1181" HPOS="138" STYLEREFS="StyleId-706B6E43-CCEB-4B42-9649-4215E44C6355-">
<String CONTENT="Roberts," HEIGHT="65" WIDTH="273" VPOS="1181" HPOS="138"/>
<SP HEIGHT="64" WIDTH="27" VPOS="1182" HPOS="412"/>
<String CONTENT="Cecil," HEIGHT="65" WIDTH="171" VPOS="1181" HPOS="440"/>
<SP HEIGHT="57" WIDTH="30" VPOS="1189" HPOS="612"/>
<String CONTENT="1892-" HEIGHT="50" WIDTH="170" VPOS="1186" HPOS="643"/>
</TextLine>
<TextLine HEIGHT="134" WIDTH="1975" VPOS="1254" HPOS="136" STYLEREFS="StyleId-6EADEB42-5D16-4595-90D3-9D2E0CF0604B-" CS="1">
<String CONTENT="Bargain" HEIGHT="67" WIDTH="256" VPOS="1258" HPOS="206"/>
<SP HEIGHT="52" WIDTH="28" VPOS="1256" HPOS="463"/>
<String CONTENT="basement," HEIGHT="69" WIDTH="302" VPOS="1256" HPOS="492"/>
<SP HEIGHT="69" WIDTH="29" VPOS="1256" HPOS="795"/>
<String CONTENT="by" HEIGHT="72" WIDTH="72" VPOS="1256" HPOS="825"/>
<SP HEIGHT="73" WIDTH="32" VPOS="1255" HPOS="898"/>
<String CONTENT="Cecil" HEIGHT="56" WIDTH="150" VPOS="1255" HPOS="931"/>
<SP HEIGHT="55" WIDTH="32" VPOS="1255" HPOS="1082"/>
<String CONTENT="Roberts." HEIGHT="53" WIDTH="255" VPOS="1255" HPOS="1115"/>
<SP HEIGHT="53" WIDTH="67" VPOS="1255" HPOS="1371"/>
<String CONTENT="New" HEIGHT="52" WIDTH="134" VPOS="1255" HPOS="1439"/>
<SP HEIGHT="52" WIDTH="35" VPOS="1254" HPOS="1574"/>
<String CONTENT="York," HEIGHT="68" WIDTH="177" VPOS="1254" HPOS="1610"/>
<SP HEIGHT="68" WIDTH="28" VPOS="1254" HPOS="1788"/>
<String CONTENT="D." HEIGHT="51" WIDTH="69" VPOS="1254" HPOS="1817"/>
<SP HEIGHT="51" WIDTH="34" VPOS="1254" HPOS="1887"/>
<String CONTENT="Appleton" HEIGHT="134" WIDTH="1975" VPOS="1254" HPOS="136"/>
</TextLine>
<TextLine HEIGHT="68" WIDTH="619" VPOS="1334" HPOS="266" STYLEREFS="StyleId-6EADEB42-5D16-4595-90D3-9D2E0CF0604B-">
<String CONTENT="and" HEIGHT="55" WIDTH="112" VPOS="1334" HPOS="266"/>
<SP HEIGHT="53" WIDTH="29" VPOS="1334" HPOS="379"/>
<String CONTENT="company," HEIGHT="50" WIDTH="295" VPOS="1352" HPOS="409"/>
<SP HEIGHT="64" WIDTH="31" VPOS="1338" HPOS="705"/>
<String CONTENT="1932." HEIGHT="50" WIDTH="148" VPOS="1337" HPOS="737"/>
</TextLine>
<TextLine HEIGHT="51" WIDTH="643" VPOS="1416" HPOS="205" CS="1">
<String CONTENT="4" HEIGHT="39" WIDTH="28" VPOS="1420" HPOS="205"/>
<SP HEIGHT="47" WIDTH="25" VPOS="1420" HPOS="234"/>
<String LANG="fr" CONTENT="p." HEIGHT="38" WIDTH="45" VPOS="1429" HPOS="260"/>
<SP/>
<String LANG="fr" CS="1" CONTENT="l."/>
<String CONTENT="," HEIGHT="16" WIDTH="8" VPOS="1449" HPOS="370"/>
<SP HEIGHT="46" WIDTH="30" VPOS="1419" HPOS="379"/>
<String CONTENT="358," HEIGHT="47" WIDTH="99" VPOS="1417" HPOS="410"/>
<SP HEIGHT="30" WIDTH="33" VPOS="1437" HPOS="510"/>
<String CONTENT="[1]" HEIGHT="50" WIDTH="55" VPOS="1417" HPOS="544"/>
<SP HEIGHT="40" WIDTH="29" VPOS="1427" HPOS="600"/>
<String CONTENT="p." HEIGHT="37" WIDTH="44" VPOS="1427" HPOS="630"/>
<SP HEIGHT="41" WIDTH="58" VPOS="1417" HPOS="675"/>
<String CS="1" CONTENT="20&#7580;&#7504;." HEIGHT="41" WIDTH="114" VPOS="1416" HPOS="734"/>
</TextLine>
<TextLine HEIGHT="53" WIDTH="1826" VPOS="1485" HPOS="148" CS="1">
<String CONTENT="&#169;" HEIGHT="52" WIDTH="51" VPOS="1486" HPOS="148"/>
<SP HEIGHT="52" WIDTH="26" VPOS="1486" HPOS="200"/>
<String CONTENT="Jan." HEIGHT="40" WIDTH="110" VPOS="1490" HPOS="227"/>
<SP HEIGHT="39" WIDTH="26" VPOS="1490" HPOS="338"/>
<String CONTENT="15," HEIGHT="47" WIDTH="69" VPOS="1489" HPOS="365"/>
<SP HEIGHT="47" WIDTH="26" VPOS="1489" HPOS="435"/>
<String CONTENT="1932;" HEIGHT="46" WIDTH="141" VPOS="1488" HPOS="462"/>
<SP HEIGHT="46" WIDTH="27" VPOS="1488" HPOS="604"/>
<String CONTENT="2c." HEIGHT="39" WIDTH="68" VPOS="1488" HPOS="632"/>
<SP HEIGHT="29" WIDTH="28" VPOS="1498" HPOS="701"/>
<String CONTENT="and" HEIGHT="39" WIDTH="95" VPOS="1488" HPOS="730"/>
<SP HEIGHT="38" WIDTH="27" VPOS="1488" HPOS="826"/>
<String CONTENT="aff." HEIGHT="39" WIDTH="81" VPOS="1486" HPOS="854"/>
<SP HEIGHT="39" WIDTH="29" VPOS="1487" HPOS="936"/>
<String CONTENT="Jan." HEIGHT="40" WIDTH="109" VPOS="1487" HPOS="966"/>
<SP HEIGHT="40" WIDTH="28" VPOS="1487" HPOS="1076"/>
<String CS="1" CONTENT="18;" HEIGHT="35" WIDTH="8" VPOS="1497" HPOS="1178"/>
<SP HEIGHT="46" WIDTH="29" VPOS="1486" HPOS="1187"/>
<!-- cceid FE949520-6D7C-1014-B4A5-D7A31D17AB40 --><String CONTENT="A" HEIGHT="38" WIDTH="40" VPOS="1486" HPOS="1217"/>
<SP HEIGHT="38" WIDTH="25" VPOS="1486" HPOS="1258"/>
<String CONTENT="47046;" HEIGHT="47" WIDTH="171" VPOS="1485" HPOS="1284"/>
<SP HEIGHT="45" WIDTH="31" VPOS="1487" HPOS="1456"/>
<String CONTENT="D." HEIGHT="37" WIDTH="56" VPOS="1487" HPOS="1488"/>
<SP HEIGHT="38" WIDTH="29" VPOS="1486" HPOS="1545"/>
<String CONTENT="Appleton" HEIGHT="47" WIDTH="239" VPOS="1486" HPOS="1575"/>
<SP HEIGHT="40" WIDTH="26" VPOS="1486" HPOS="1815"/>
<String CONTENT="&amp;" HEIGHT="40" WIDTH="36" VPOS="1486" HPOS="1842"/>
<SP HEIGHT="40" WIDTH="27" VPOS="1486" HPOS="1879"/>
<String CONTENT="co." HEIGHT="32" WIDTH="67" VPOS="1496" HPOS="1907"/>
</TextLine>
<TextLine HEIGHT="50" WIDTH="249" VPOS="1545" HPOS="225">
<String CONTENT="(32-1753)" HEIGHT="50" WIDTH="249" VPOS="1545" HPOS="225"/>
</TextLine>
<TextLine HEIGHT="64" WIDTH="419" VPOS="1679" HPOS="134" STYLEREFS="StyleId-706B6E43-CCEB-4B42-9649-4215E44C6355-">
<String CONTENT="Ruck," HEIGHT="64" WIDTH="185" VPOS="1679" HPOS="134"/>
<SP HEIGHT="64" WIDTH="30" VPOS="1679" HPOS="320"/>
<String CONTENT="Berta." HEIGHT="55" WIDTH="202" VPOS="1679" HPOS="351"/>
</TextLine>
<TextLine HEIGHT="70" WIDTH="1768" VPOS="1752" HPOS="206" STYLEREFS="StyleId-6EADEB42-5D16-4595-90D3-9D2E0CF0604B-" CS="1">
<String CONTENT="This" HEIGHT="54" WIDTH="139" VPOS="1754" HPOS="206"/>
<SP HEIGHT="49" WIDTH="33" VPOS="1772" HPOS="346"/>
<String CONTENT="year," HEIGHT="49" WIDTH="152" VPOS="1772" HPOS="380"/>
<SP HEIGHT="46" WIDTH="31" VPOS="1775" HPOS="533"/>
<String CONTENT="next" HEIGHT="47" WIDTH="136" VPOS="1760" HPOS="565"/>
<SP HEIGHT="62" WIDTH="29" VPOS="1760" HPOS="702"/>
<String CONTENT="year," HEIGHT="49" WIDTH="153" VPOS="1773" HPOS="732"/>
<SP HEIGHT="45" WIDTH="33" VPOS="1775" HPOS="886"/>
<String CONTENT="sometime&#8212;." HEIGHT="55" WIDTH="377" VPOS="1752" HPOS="920"/>
<SP HEIGHT="33" WIDTH="79" VPOS="1787" HPOS="1298"/>
<String CONTENT="[Instalments" HEIGHT="67" WIDTH="388" VPOS="1753" HPOS="1378"/>
<SP HEIGHT="48" WIDTH="36" VPOS="1758" HPOS="1767"/>
<String CS="1" CONTENT="10-12]" HEIGHT="49" WIDTH="170" VPOS="1756" HPOS="1804"/>
</TextLine>
<TextLine HEIGHT="54" WIDTH="1244" VPOS="1825" HPOS="222" STYLEREFS="StyleId-6EADEB42-5D16-4595-90D3-9D2E0CF0604B-">
<String CONTENT="[In" HEIGHT="48" WIDTH="83" VPOS="1831" HPOS="222"/>
<SP HEIGHT="43" WIDTH="25" VPOS="1826" HPOS="306"/>
<String CONTENT="Woman&#8217;s" HEIGHT="43" WIDTH="250" VPOS="1826" HPOS="332"/>
<SP HEIGHT="43" WIDTH="26" VPOS="1826" HPOS="583"/>
<String CONTENT="life," HEIGHT="51" WIDTH="103" VPOS="1825" HPOS="610"/>
<SP HEIGHT="50" WIDTH="29" VPOS="1826" HPOS="714"/>
<String CONTENT="Nov." HEIGHT="42" WIDTH="126" VPOS="1826" HPOS="744"/>
<SP HEIGHT="40" WIDTH="27" VPOS="1828" HPOS="871"/>
<String CONTENT="21," HEIGHT="50" WIDTH="72" VPOS="1826" HPOS="899"/>
<SP HEIGHT="49" WIDTH="29" VPOS="1827" HPOS="972"/>
<String CONTENT="28," HEIGHT="49" WIDTH="71" VPOS="1826" HPOS="1002"/>
<SP HEIGHT="50" WIDTH="29" VPOS="1825" HPOS="1074"/>
<String CONTENT="Dec." HEIGHT="43" WIDTH="114" VPOS="1825" HPOS="1104"/>
<SP HEIGHT="42" WIDTH="27" VPOS="1826" HPOS="1219"/>
<String CONTENT="5," HEIGHT="49" WIDTH="42" VPOS="1826" HPOS="1247"/>
<SP HEIGHT="48" WIDTH="31" VPOS="1827" HPOS="1290"/>
<String CONTENT="1931)" HEIGHT="49" WIDTH="144" VPOS="1825" HPOS="1322"/>
</TextLine>
<TextLine HEIGHT="52" WIDTH="1990" VPOS="1897" HPOS="148" CS="1">
<String CONTENT="&#169;" HEIGHT="52" WIDTH="51" VPOS="1897" HPOS="148"/>
<SP/>
<String CS="1" CONTENT="1c."/>
<SP HEIGHT="30" WIDTH="27" VPOS="1912" HPOS="298"/>
<String CONTENT="each" HEIGHT="40" WIDTH="116" VPOS="1901" HPOS="326"/>
<SP HEIGHT="39" WIDTH="30" VPOS="1901" HPOS="443"/>
<String CONTENT="Jan." HEIGHT="39" WIDTH="109" VPOS="1901" HPOS="474"/>
<SP HEIGHT="37" WIDTH="30" VPOS="1902" HPOS="584"/>
<String CONTENT="16," HEIGHT="47" WIDTH="68" VPOS="1900" HPOS="615"/>
<SP HEIGHT="46" WIDTH="29" VPOS="1901" HPOS="684"/>
<String CONTENT="1932;" HEIGHT="46" WIDTH="140" VPOS="1899" HPOS="714"/>
<SP HEIGHT="45" WIDTH="32" VPOS="1900" HPOS="855"/>
<!-- cceid FE955778-6D7C-1014-B4A5-D7A31D17AB40 --><String CONTENT="A" HEIGHT="38" WIDTH="39" VPOS="1900" HPOS="888"/>
<SP HEIGHT="39" WIDTH="28" VPOS="1900" HPOS="928"/>
<String CONTENT="ad" HEIGHT="38" WIDTH="60" VPOS="1901" HPOS="957"/>
<SP HEIGHT="39" WIDTH="30" VPOS="1899" HPOS="1018"/>
<String CONTENT="int." HEIGHT="40" WIDTH="85" VPOS="1899" HPOS="1049"/>
<SP HEIGHT="38" WIDTH="31" VPOS="1899" HPOS="1135"/>
<String CONTENT="15987;" HEIGHT="46" WIDTH="169" VPOS="1898" HPOS="1167"/>
<SP HEIGHT="37" WIDTH="33" VPOS="1909" HPOS="1337"/>
<String CONTENT="pubd." HEIGHT="48" WIDTH="140" VPOS="1898" HPOS="1371"/>
<SP HEIGHT="39" WIDTH="33" VPOS="1899" HPOS="1512"/>
<String CONTENT="Nov." HEIGHT="39" WIDTH="116" VPOS="1899" HPOS="1546"/>
<SP HEIGHT="39" WIDTH="33" VPOS="1899" HPOS="1663"/>
<String CONTENT="16." HEIGHT="41" WIDTH="68" VPOS="1899" HPOS="1697"/>
<SP HEIGHT="42" WIDTH="29" VPOS="1898" HPOS="1766"/>
<String CONTENT="23," HEIGHT="48" WIDTH="70" VPOS="1898" HPOS="1796"/>
<SP HEIGHT="45" WIDTH="28" VPOS="1901" HPOS="1867"/>
<String CONTENT="30," HEIGHT="44" WIDTH="70" VPOS="1899" HPOS="1896"/>
<SP HEIGHT="43" WIDTH="31" VPOS="1900" HPOS="1967"/>
<String CONTENT="1931;" HEIGHT="47" WIDTH="139" VPOS="1897" HPOS="1999"/>
</TextLine>
<TextLine HEIGHT="49" WIDTH="1241" VPOS="1956" HPOS="216">
<String CONTENT="Berta" HEIGHT="39" WIDTH="148" VPOS="1959" HPOS="216"/>
<SP HEIGHT="40" WIDTH="26" VPOS="1958" HPOS="365"/>
<String CONTENT="Ruck" HEIGHT="39" WIDTH="136" VPOS="1958" HPOS="392"/>
<SP HEIGHT="40" WIDTH="25" VPOS="1957" HPOS="529"/>
<String CONTENT="Oliver," HEIGHT="47" WIDTH="176" VPOS="1957" HPOS="555"/>
<SP HEIGHT="47" WIDTH="25" VPOS="1957" HPOS="732"/>
<String CONTENT="Windsor," HEIGHT="47" WIDTH="240" VPOS="1957" HPOS="758"/>
<SP HEIGHT="47" WIDTH="25" VPOS="1957" HPOS="999"/>
<String CONTENT="Berks," HEIGHT="49" WIDTH="168" VPOS="1956" HPOS="1025"/>
<SP HEIGHT="48" WIDTH="27" VPOS="1957" HPOS="1194"/>
<String CONTENT="England." HEIGHT="46" WIDTH="235" VPOS="1956" HPOS="1222"/>
</TextLine>
<TextLine HEIGHT="67" WIDTH="774" VPOS="2078" HPOS="142" STYLEREFS="StyleId-706B6E43-CCEB-4B42-9649-4215E44C6355-">
<String CONTENT="Seeman," HEIGHT="66" WIDTH="268" VPOS="2079" HPOS="142"/>
<SP HEIGHT="65" WIDTH="26" VPOS="2080" HPOS="411"/>
<String CONTENT="William," HEIGHT="67" WIDTH="274" VPOS="2078" HPOS="438"/>
<SP HEIGHT="58" WIDTH="31" VPOS="2087" HPOS="713"/>
<String CONTENT="1921-" HEIGHT="49" WIDTH="171" VPOS="2085" HPOS="745"/>
</TextLine>
<TextLine HEIGHT="70" WIDTH="1932" VPOS="2155" HPOS="210" STYLEREFS="StyleId-6EADEB42-5D16-4595-90D3-9D2E0CF0604B-" CS="1">
<String CONTENT="Down" HEIGHT="53" WIDTH="184" VPOS="2157" HPOS="210"/>
<SP HEIGHT="55" WIDTH="25" VPOS="2156" HPOS="395"/>
<String CONTENT="Goose" HEIGHT="55" WIDTH="184" VPOS="2156" HPOS="421"/>
<SP HEIGHT="34" WIDTH="22" VPOS="2175" HPOS="606"/>
<String CONTENT="creek," HEIGHT="68" WIDTH="177" VPOS="2156" HPOS="629"/>
<SP HEIGHT="68" WIDTH="23" VPOS="2156" HPOS="807"/>
<String CONTENT="by" HEIGHT="69" WIDTH="74" VPOS="2156" HPOS="831"/>
<SP HEIGHT="67" WIDTH="22" VPOS="2158" HPOS="906"/>
<String CONTENT="William" HEIGHT="54" WIDTH="260" VPOS="2156" HPOS="929"/>
<SP HEIGHT="55" WIDTH="27" VPOS="2155" HPOS="1190"/>
<String CS="1" CONTENT="Seeman;" HEIGHT="55" WIDTH="238" VPOS="2155" HPOS="1218"/>
<SP HEIGHT="66" WIDTH="24" VPOS="2156" HPOS="1485"/>
<String CONTENT="being" HEIGHT="68" WIDTH="172" VPOS="2156" HPOS="1510"/>
<SP HEIGHT="50" WIDTH="22" VPOS="2174" HPOS="1683"/>
<String CONTENT="a" HEIGHT="33" WIDTH="31" VPOS="2175" HPOS="1706"/>
<SP HEIGHT="47" WIDTH="23" VPOS="2161" HPOS="1738"/>
<String CONTENT="ten-year-old" HEIGHT="68" WIDTH="380" VPOS="2156" HPOS="1762"/>
</TextLine>
<TextLine HEIGHT="69" WIDTH="2000" VPOS="2232" HPOS="141" STYLEREFS="StyleId-6EADEB42-5D16-4595-90D3-9D2E0CF0604B-">
<String CONTENT="boy&#8217;s" HEIGHT="68" WIDTH="153" VPOS="2233" HPOS="141"/>
<SP HEIGHT="36" WIDTH="39" VPOS="2252" HPOS="295"/>
<String CONTENT="own" HEIGHT="34" WIDTH="126" VPOS="2252" HPOS="335"/>
<SP HEIGHT="34" WIDTH="36" VPOS="2252" HPOS="462"/>
<String CONTENT="account" HEIGHT="48" WIDTH="237" VPOS="2238" HPOS="499"/>
<SP HEIGHT="47" WIDTH="34" VPOS="2238" HPOS="737"/>
<String CONTENT="of" HEIGHT="53" WIDTH="65" VPOS="2232" HPOS="772"/>
<SP HEIGHT="53" WIDTH="35" VPOS="2232" HPOS="838"/>
<String CONTENT="a" HEIGHT="33" WIDTH="31" VPOS="2252" HPOS="874"/>
<SP HEIGHT="68" WIDTH="36" VPOS="2233" HPOS="906"/>
<String CONTENT="journey" HEIGHT="68" WIDTH="241" VPOS="2233" HPOS="943"/>
<SP HEIGHT="68" WIDTH="35" VPOS="2233" HPOS="1185"/>
<String CONTENT="by" HEIGHT="67" WIDTH="75" VPOS="2233" HPOS="1221"/>
<SP HEIGHT="49" WIDTH="37" VPOS="2251" HPOS="1297"/>
<String CONTENT="stream" HEIGHT="48" WIDTH="208" VPOS="2237" HPOS="1335"/>
<SP HEIGHT="33" WIDTH="38" VPOS="2252" HPOS="1544"/>
<String CONTENT="and" HEIGHT="52" WIDTH="112" VPOS="2233" HPOS="1583"/>
<SP HEIGHT="52" WIDTH="37" VPOS="2233" HPOS="1696"/>
<String CONTENT="swamp" HEIGHT="50" WIDTH="215" VPOS="2251" HPOS="1734"/>
<SP HEIGHT="69" WIDTH="39" VPOS="2232" HPOS="1950"/>
<String CONTENT="from" HEIGHT="54" WIDTH="151" VPOS="2232" HPOS="1990"/>
</TextLine>
<TextLine HEIGHT="69" WIDTH="1999" VPOS="2310" HPOS="143" STYLEREFS="StyleId-6EADEB42-5D16-4595-90D3-9D2E0CF0604B-">
<String CONTENT="Carolina" HEIGHT="55" WIDTH="270" VPOS="2311" HPOS="143"/>
<SP HEIGHT="53" WIDTH="37" VPOS="2311" HPOS="414"/>
<String CONTENT="foothills" HEIGHT="53" WIDTH="261" VPOS="2311" HPOS="452"/>
<SP HEIGHT="48" WIDTH="35" VPOS="2316" HPOS="714"/>
<String CONTENT="to" HEIGHT="47" WIDTH="59" VPOS="2316" HPOS="750"/>
<SP HEIGHT="47" WIDTH="34" VPOS="2316" HPOS="810"/>
<String CONTENT="the" HEIGHT="51" WIDTH="97" VPOS="2312" HPOS="845"/>
<SP HEIGHT="33" WIDTH="33" VPOS="2330" HPOS="943"/>
<String CONTENT="sea," HEIGHT="49" WIDTH="110" VPOS="2329" HPOS="977"/>
<SP HEIGHT="64" WIDTH="35" VPOS="2314" HPOS="1088"/>
<String CONTENT="illustrations" HEIGHT="54" WIDTH="380" VPOS="2310" HPOS="1124"/>
<SP HEIGHT="53" WIDTH="36" VPOS="2311" HPOS="1505"/>
<String CONTENT="by" HEIGHT="68" WIDTH="75" VPOS="2311" HPOS="1542"/>
<SP HEIGHT="63" WIDTH="36" VPOS="2316" HPOS="1618"/>
<String CONTENT="the" HEIGHT="52" WIDTH="97" VPOS="2311" HPOS="1655"/>
<SP HEIGHT="34" WIDTH="33" VPOS="2329" HPOS="1753"/>
<String CONTENT="author" HEIGHT="52" WIDTH="207" VPOS="2311" HPOS="1787"/>
<SP HEIGHT="33" WIDTH="34" VPOS="2330" HPOS="1995"/>
<String CONTENT="and" HEIGHT="53" WIDTH="112" VPOS="2311" HPOS="2030"/>
</TextLine>
<TextLine HEIGHT="71" WIDTH="2000" VPOS="2387" HPOS="143" STYLEREFS="StyleId-6EADEB42-5D16-4595-90D3-9D2E0CF0604B-" CS="1">
<String CONTENT="Watts" HEIGHT="54" WIDTH="185" VPOS="2390" HPOS="143"/>
<SP HEIGHT="54" WIDTH="32" VPOS="2389" HPOS="329"/>
<String CONTENT="Fowler." HEIGHT="52" WIDTH="239" VPOS="2389" HPOS="362"/>
<SP HEIGHT="53" WIDTH="73" VPOS="2388" HPOS="602"/>
<String CONTENT="New" HEIGHT="53" WIDTH="139" VPOS="2388" HPOS="676"/>
<SP HEIGHT="52" WIDTH="31" VPOS="2388" HPOS="816"/>
<String CONTENT="York" HEIGHT="52" WIDTH="163" VPOS="2388" HPOS="848"/>
<SP HEIGHT="67" WIDTH="34" VPOS="2388" HPOS="1012"/>
<String CS="1" CONTENT="[etc.]" HEIGHT="48" WIDTH="102" VPOS="2393" HPOS="1065"/>
<SP HEIGHT="67" WIDTH="37" VPOS="2388" HPOS="1186"/>
<String CONTENT="Fleming" HEIGHT="70" WIDTH="267" VPOS="2387" HPOS="1224"/>
<SP HEIGHT="69" WIDTH="29" VPOS="2388" HPOS="1492"/>
<String CONTENT="H." HEIGHT="52" WIDTH="77" VPOS="2388" HPOS="1522"/>
<SP HEIGHT="52" WIDTH="31" VPOS="2389" HPOS="1600"/>
<String CS="1" CONTENT="Revell" HEIGHT="52" WIDTH="199" VPOS="2389" HPOS="1632"/>
<SP HEIGHT="53" WIDTH="31" VPOS="2389" HPOS="1832"/>
<String CONTENT="company" HEIGHT="51" WIDTH="279" VPOS="2407" HPOS="1864"/>
</TextLine>
<TextLine HEIGHT="64" WIDTH="194" VPOS="2471" HPOS="147" STYLEREFS="StyleId-6EADEB42-5D16-4595-90D3-9D2E0CF0604B-" CS="1">
<String CONTENT="[" HEIGHT="34" WIDTH="13" VPOS="2500" HPOS="147"/>
<String STYLE="superscript" CS="1" CONTENT="&#7580;193"/>
<String CONTENT="1]" HEIGHT="64" WIDTH="48" VPOS="2471" HPOS="293"/>
</TextLine>
<TextLine HEIGHT="49" WIDTH="1112" VPOS="2548" HPOS="212" CS="1">
<String CONTENT="200" HEIGHT="41" WIDTH="87" VPOS="2549" HPOS="212"/>
<SP HEIGHT="48" WIDTH="26" VPOS="2549" HPOS="300"/>
<String CONTENT="p." HEIGHT="37" WIDTH="42" VPOS="2560" HPOS="327"/>
<SP HEIGHT="41" WIDTH="58" VPOS="2549" HPOS="370"/>
<String CONTENT="front.," HEIGHT="48" WIDTH="165" VPOS="2549" HPOS="429"/>
<SP HEIGHT="49" WIDTH="27" VPOS="2548" HPOS="595"/>
<String CONTENT="illus.," HEIGHT="48" WIDTH="144" VPOS="2548" HPOS="623"/>
<SP HEIGHT="37" WIDTH="29" VPOS="2559" HPOS="768"/>
<String CONTENT="plates," HEIGHT="47" WIDTH="171" VPOS="2549" HPOS="798"/>
<SP HEIGHT="37" WIDTH="28" VPOS="2559" HPOS="970"/>
<String CONTENT="ports." HEIGHT="45" WIDTH="149" VPOS="2551" HPOS="999"/>
<SP HEIGHT="40" WIDTH="57" VPOS="2548" HPOS="1149"/>
<String CS="1" CONTENT="21&#7580;&#7504;." HEIGHT="40" WIDTH="117" VPOS="2548" HPOS="1207"/>
</TextLine>
<TextLine HEIGHT="52" WIDTH="1995" VPOS="2618" HPOS="150" CS="1">
<String CONTENT="&#169;" HEIGHT="52" WIDTH="52" VPOS="2618" HPOS="150"/>
<SP HEIGHT="52" WIDTH="31" VPOS="2618" HPOS="203"/>
<String CONTENT="Nov." HEIGHT="39" WIDTH="116" VPOS="2623" HPOS="235"/>
<SP HEIGHT="39" WIDTH="33" VPOS="2621" HPOS="352"/>
<String CONTENT="14," HEIGHT="46" WIDTH="69" VPOS="2621" HPOS="386"/>
<SP HEIGHT="45" WIDTH="33" VPOS="2622" HPOS="456"/>
<String CS="1" CONTENT="1931;" HEIGHT="40" WIDTH="111" VPOS="2620" HPOS="490"/>
<SP HEIGHT="45" WIDTH="35" VPOS="2620" HPOS="630"/>
<String CONTENT="2c." HEIGHT="41" WIDTH="67" VPOS="2620" HPOS="666"/>
<SP HEIGHT="41" WIDTH="33" VPOS="2620" HPOS="734"/>
<String CONTENT="Dec." HEIGHT="40" WIDTH="110" VPOS="2620" HPOS="768"/>
<SP HEIGHT="41" WIDTH="33" VPOS="2619" HPOS="879"/>
<String CS="1" CONTENT="24;" HEIGHT="39" WIDTH="55" VPOS="2619" HPOS="913"/>
<SP HEIGHT="30" WIDTH="36" VPOS="2630" HPOS="995"/>
<String CONTENT="aff." HEIGHT="41" WIDTH="81" VPOS="2619" HPOS="1032"/>
<SP HEIGHT="40" WIDTH="34" VPOS="2620" HPOS="1114"/>
<String CONTENT="Jan." HEIGHT="40" WIDTH="108" VPOS="2620" HPOS="1149"/>
<SP HEIGHT="39" WIDTH="35" VPOS="2621" HPOS="1258"/>
<String CONTENT="8," HEIGHT="47" WIDTH="39" VPOS="2621" HPOS="1294"/>
<SP HEIGHT="47" WIDTH="34" VPOS="2621" HPOS="1334"/>
<String CS="1" CONTENT="1932;" HEIGHT="41" WIDTH="113" VPOS="2619" HPOS="1369"/>
<SP HEIGHT="46" WIDTH="36" VPOS="2621" HPOS="1509"/>
<!-- cceid FE962259-6D7C-1014-B4A5-D7A31D17AB40 --><String CONTENT="A" HEIGHT="38" WIDTH="40" VPOS="2621" HPOS="1546"/>
<SP HEIGHT="38" WIDTH="32" VPOS="2621" HPOS="1587"/>
<String CS="1" CONTENT="45891;" HEIGHT="41" WIDTH="138" VPOS="2620" HPOS="1620"/>
<SP HEIGHT="46" WIDTH="37" VPOS="2621" HPOS="1792"/>
<String CONTENT="Fleming" HEIGHT="50" WIDTH="219" VPOS="2619" HPOS="1830"/>
<SP HEIGHT="46" WIDTH="32" VPOS="2623" HPOS="2050"/>
<String CONTENT="H." HEIGHT="39" WIDTH="62" VPOS="2623" HPOS="2083"/>
</TextLine>
<TextLine HEIGHT="47" WIDTH="588" VPOS="2677" HPOS="218">
<String CONTENT="Revell" HEIGHT="39" WIDTH="166" VPOS="2679" HPOS="218"/>
<SP HEIGHT="38" WIDTH="33" VPOS="2680" HPOS="385"/>
<String CONTENT="co." HEIGHT="30" WIDTH="65" VPOS="2688" HPOS="419"/>
<SP HEIGHT="47" WIDTH="70" VPOS="2677" HPOS="485"/>
<String CONTENT="(32-1735)" HEIGHT="47" WIDTH="250" VPOS="2677" HPOS="556"/>
</TextLine>
<TextLine HEIGHT="67" WIDTH="966" VPOS="2798" HPOS="144" STYLEREFS="StyleId-6EADEB42-5D16-4595-90D3-9D2E0CF0604B-">
<String CONTENT="Shupp," HEIGHT="67" WIDTH="221" VPOS="2798" HPOS="144"/>
<SP HEIGHT="64" WIDTH="29" VPOS="2801" HPOS="366"/>
<String CONTENT="Paul" HEIGHT="53" WIDTH="146" VPOS="2800" HPOS="396"/>
<SP HEIGHT="53" WIDTH="27" VPOS="2800" HPOS="543"/>
<String CONTENT="Frederick," HEIGHT="67" WIDTH="335" VPOS="2798" HPOS="571"/>
<SP HEIGHT="57" WIDTH="32" VPOS="2808" HPOS="907"/>
<String CONTENT="1890-" HEIGHT="50" WIDTH="170" VPOS="2805" HPOS="940"/>
</TextLine>
<TextLine HEIGHT="145" WIDTH="1995" VPOS="2877" HPOS="148" STYLEREFS="StyleId-6EADEB42-5D16-4595-90D3-9D2E0CF0604B-" CS="1">
<String CONTENT="The" HEIGHT="52" WIDTH="121" VPOS="2879" HPOS="213"/>
<SP HEIGHT="52" WIDTH="27" VPOS="2879" HPOS="335"/>
<String CONTENT="European" HEIGHT="66" WIDTH="307" VPOS="2879" HPOS="363"/>
<SP HEIGHT="49" WIDTH="28" VPOS="2896" HPOS="671"/>
<String CONTENT="powers" HEIGHT="49" WIDTH="217" VPOS="2896" HPOS="700"/>
<SP HEIGHT="34" WIDTH="27" VPOS="2896" HPOS="918"/>
<String CONTENT="and" HEIGHT="53" WIDTH="112" VPOS="2878" HPOS="946"/>
<SP HEIGHT="53" WIDTH="29" VPOS="2878" HPOS="1059"/>
<String CONTENT="the" HEIGHT="54" WIDTH="96" VPOS="2877" HPOS="1089"/>
<SP HEIGHT="53" WIDTH="26" VPOS="2878" HPOS="1186"/>
<String CONTENT="Near" HEIGHT="53" WIDTH="153" VPOS="2878" HPOS="1213"/>
<SP HEIGHT="52" WIDTH="26" VPOS="2878" HPOS="1367"/>
<String CONTENT="Eastern" HEIGHT="52" WIDTH="245" VPOS="2878" HPOS="1394"/>
<SP HEIGHT="51" WIDTH="25" VPOS="2896" HPOS="1640"/>
<String CONTENT="question," HEIGHT="70" WIDTH="277" VPOS="2877" HPOS="1666"/>
<SP HEIGHT="64" WIDTH="29" VPOS="2882" HPOS="1944"/>
<String CONTENT="1806-1807," HEIGHT="141" WIDTH="1995" VPOS="2881" HPOS="148"/>
</TextLine>
<TextLine HEIGHT="72" WIDTH="1812" VPOS="2954" HPOS="330" STYLEREFS="StyleId-6EADEB42-5D16-4595-90D3-9D2E0CF0604B-" CS="1">
<String CONTENT="by" HEIGHT="68" WIDTH="74" VPOS="2956" HPOS="330"/>
<SP HEIGHT="68" WIDTH="32" VPOS="2956" HPOS="405"/>
<String CONTENT="Paul" HEIGHT="52" WIDTH="148" VPOS="2956" HPOS="438"/>
<SP HEIGHT="51" WIDTH="33" VPOS="2956" HPOS="587"/>
<String CONTENT="F." HEIGHT="52" WIDTH="64" VPOS="2956" HPOS="621"/>
<SP HEIGHT="55" WIDTH="36" VPOS="2954" HPOS="686"/>
<String CONTENT="Shupp" HEIGHT="69" WIDTH="205" VPOS="2954" HPOS="723"/>
<SP HEIGHT="49" WIDTH="39" VPOS="2974" HPOS="929"/>
<String CS="1" CONTENT="&#8230;"/>
<SP HEIGHT="53" WIDTH="71" VPOS="2955" HPOS="1027"/>
<String CONTENT="New" HEIGHT="53" WIDTH="139" VPOS="2955" HPOS="1099"/>
<SP HEIGHT="52" WIDTH="34" VPOS="2955" HPOS="1239"/>
<String CONTENT="York," HEIGHT="68" WIDTH="180" VPOS="2955" HPOS="1274"/>
<SP HEIGHT="69" WIDTH="34" VPOS="2954" HPOS="1455"/>
<String CONTENT="Columbia" HEIGHT="56" WIDTH="301" VPOS="2954" HPOS="1490"/>
<SP HEIGHT="34" WIDTH="33" VPOS="2974" HPOS="1792"/>
<String CONTENT="university" HEIGHT="71" WIDTH="316" VPOS="2955" HPOS="1826"/>
</TextLine>
<TextLine HEIGHT="71" WIDTH="1386" VPOS="3031" HPOS="146" STYLEREFS="StyleId-6EADEB42-5D16-4595-90D3-9D2E0CF0604B-" CS="1">
<String CS="1" CONTENT="press;" HEIGHT="50" WIDTH="155" VPOS="3050" HPOS="146"/>
<SP HEIGHT="68" WIDTH="27" VPOS="3032" HPOS="330"/>
<String CONTENT="London," HEIGHT="68" WIDTH="259" VPOS="3032" HPOS="358"/>
<SP HEIGHT="67" WIDTH="25" VPOS="3033" HPOS="618"/>
<String LANG="fr" CONTENT="P." HEIGHT="52" WIDTH="64" VPOS="3033" HPOS="644"/>
<SP HEIGHT="56" WIDTH="30" VPOS="3031" HPOS="709"/>
<String CONTENT="S." HEIGHT="56" WIDTH="56" VPOS="3031" HPOS="740"/>
<SP HEIGHT="54" WIDTH="26" VPOS="3032" HPOS="797"/>
<String CONTENT="King" HEIGHT="70" WIDTH="163" VPOS="3032" HPOS="824"/>
<SP HEIGHT="68" WIDTH="23" VPOS="3034" HPOS="988"/>
<String CONTENT="&amp;" HEIGHT="51" WIDTH="46" VPOS="3034" HPOS="1012"/>
<SP HEIGHT="52" WIDTH="25" VPOS="3034" HPOS="1059"/>
<String CONTENT="son," HEIGHT="52" WIDTH="119" VPOS="3049" HPOS="1085"/>
<SP HEIGHT="68" WIDTH="25" VPOS="3033" HPOS="1205"/>
<String CONTENT="ltd.," HEIGHT="67" WIDTH="121" VPOS="3033" HPOS="1231"/>
<SP HEIGHT="63" WIDTH="27" VPOS="3037" HPOS="1353"/>
<String CONTENT="1931." HEIGHT="50" WIDTH="151" VPOS="3036" HPOS="1381"/>
</TextLine>
<TextLine HEIGHT="58" WIDTH="1930" VPOS="3105" HPOS="216" CS="1">
<String CONTENT="576" HEIGHT="41" WIDTH="85" VPOS="3113" HPOS="216"/>
<SP HEIGHT="49" WIDTH="33" VPOS="3113" HPOS="302"/>
<String CONTENT="p." HEIGHT="38" WIDTH="44" VPOS="3124" HPOS="336"/>
<SP HEIGHT="41" WIDTH="63" VPOS="3112" HPOS="381"/>
<String CS="1" CONTENT="23&#7580;&#7504;." HEIGHT="42" WIDTH="117" VPOS="3112" HPOS="445"/>
<SP HEIGHT="49" WIDTH="31" VPOS="3105" HPOS="563"/>
<String CONTENT="(Half-title:" HEIGHT="49" WIDTH="297" VPOS="3113" HPOS="639"/>
<SP HEIGHT="43" WIDTH="38" VPOS="3112" HPOS="937"/>
<String CONTENT="Studies" HEIGHT="43" WIDTH="196" VPOS="3112" HPOS="976"/>
<SP HEIGHT="41" WIDTH="37" VPOS="3113" HPOS="1173"/>
<String CONTENT="in" HEIGHT="41" WIDTH="50" VPOS="3113" HPOS="1211"/>
<SP HEIGHT="40" WIDTH="38" VPOS="3114" HPOS="1262"/>
<String CONTENT="history," HEIGHT="48" WIDTH="202" VPOS="3113" HPOS="1301"/>
<SP HEIGHT="33" WIDTH="36" VPOS="3126" HPOS="1504"/>
<String CONTENT="economics" HEIGHT="42" WIDTH="268" VPOS="3113" HPOS="1541"/>
<SP HEIGHT="30" WIDTH="38" VPOS="3125" HPOS="1810"/>
<String CONTENT="and" HEIGHT="40" WIDTH="96" VPOS="3115" HPOS="1849"/>
<SP HEIGHT="48" WIDTH="39" VPOS="3115" HPOS="1946"/>
<String CONTENT="public" HEIGHT="48" WIDTH="160" VPOS="3115" HPOS="1986"/>
</TextLine>
<TextLine HEIGHT="50" WIDTH="1996" VPOS="3169" HPOS="147">
<String CONTENT="law," HEIGHT="45" WIDTH="107" VPOS="3170" HPOS="147"/>
<SP HEIGHT="33" WIDTH="40" VPOS="3182" HPOS="255"/>
<String CONTENT="ed." HEIGHT="39" WIDTH="72" VPOS="3172" HPOS="296"/>
<SP HEIGHT="41" WIDTH="41" VPOS="3170" HPOS="369"/>
<String CONTENT="by" HEIGHT="48" WIDTH="62" VPOS="3170" HPOS="411"/>
<SP HEIGHT="45" WIDTH="38" VPOS="3173" HPOS="474"/>
<String CONTENT="the" HEIGHT="40" WIDTH="82" VPOS="3171" HPOS="513"/>
<SP HEIGHT="41" WIDTH="39" VPOS="3170" HPOS="596"/>
<String CONTENT="Faculty" HEIGHT="48" WIDTH="207" VPOS="3170" HPOS="636"/>
<SP HEIGHT="38" WIDTH="39" VPOS="3180" HPOS="844"/>
<String CONTENT="of" HEIGHT="41" WIDTH="53" VPOS="3170" HPOS="884"/>
<SP HEIGHT="48" WIDTH="37" VPOS="3170" HPOS="938"/>
<String CONTENT="political" HEIGHT="48" WIDTH="220" VPOS="3170" HPOS="976"/>
<SP HEIGHT="40" WIDTH="40" VPOS="3171" HPOS="1197"/>
<String CONTENT="science" HEIGHT="41" WIDTH="186" VPOS="3170" HPOS="1238"/>
<SP HEIGHT="30" WIDTH="40" VPOS="3181" HPOS="1425"/>
<String CONTENT="of" HEIGHT="41" WIDTH="53" VPOS="3170" HPOS="1466"/>
<SP HEIGHT="42" WIDTH="40" VPOS="3169" HPOS="1520"/>
<String CONTENT="Columbia" HEIGHT="42" WIDTH="251" VPOS="3169" HPOS="1561"/>
<SP HEIGHT="29" WIDTH="46" VPOS="3182" HPOS="1813"/>
<String CONTENT="university," HEIGHT="48" WIDTH="283" VPOS="3171" HPOS="1860"/>
</TextLine>
<TextLine HEIGHT="49" WIDTH="212" VPOS="3226" HPOS="145">
<String CONTENT="no." HEIGHT="30" WIDTH="73" VPOS="3236" HPOS="145"/>
<SP HEIGHT="39" WIDTH="27" VPOS="3228" HPOS="219"/>
<String CONTENT="349)" HEIGHT="49" WIDTH="110" VPOS="3226" HPOS="247"/>
</TextLine>
<TextLine HEIGHT="52" WIDTH="1413" VPOS="3295" HPOS="216" CS="1">
<String CONTENT="Issued" HEIGHT="42" WIDTH="170" VPOS="3295" HPOS="216"/>
<SP HEIGHT="39" WIDTH="26" VPOS="3298" HPOS="387"/>
<String CONTENT="also" HEIGHT="41" WIDTH="102" VPOS="3296" HPOS="414"/>
<SP HEIGHT="30" WIDTH="27" VPOS="3307" HPOS="517"/>
<String CONTENT="as" HEIGHT="30" WIDTH="55" VPOS="3307" HPOS="545"/>
<SP HEIGHT="38" WIDTH="25" VPOS="3299" HPOS="601"/>
<String CONTENT="thesis" HEIGHT="41" WIDTH="154" VPOS="3296" HPOS="627"/>
<SP HEIGHT="47" WIDTH="36" VPOS="3297" HPOS="782"/>
<String CS="1" CONTENT="(PH." HEIGHT="47" WIDTH="106" VPOS="3297" HPOS="819"/>
<SP HEIGHT="31" WIDTH="29" VPOS="3308" HPOS="926"/>
<String CS="1" CONTENT="D.)" HEIGHT="48" WIDTH="33" VPOS="3296" HPOS="988"/>
<SP HEIGHT="49" WIDTH="37" VPOS="3295" HPOS="1022"/>
<String CONTENT="Columbia" HEIGHT="43" WIDTH="251" VPOS="3295" HPOS="1060"/>
<SP HEIGHT="31" WIDTH="28" VPOS="3307" HPOS="1312"/>
<String CONTENT="university." HEIGHT="50" WIDTH="288" VPOS="3297" HPOS="1341"/>
</TextLine>
<TextLine HEIGHT="51" WIDTH="697" VPOS="3351" HPOS="217">
<String CONTENT="Bibliography:" HEIGHT="50" WIDTH="374" VPOS="3352" HPOS="217"/>
<SP HEIGHT="38" WIDTH="29" VPOS="3363" HPOS="592"/>
<String CONTENT="p." HEIGHT="38" WIDTH="44" VPOS="3363" HPOS="622"/>
<SP HEIGHT="42" WIDTH="29" VPOS="3351" HPOS="667"/>
<String CONTENT="559-565." HEIGHT="44" WIDTH="217" VPOS="3351" HPOS="697"/>
</TextLine>
<TextLine HEIGHT="55" WIDTH="1991" VPOS="3419" HPOS="155">
<String CONTENT="&#169;" HEIGHT="52" WIDTH="51" VPOS="3419" HPOS="155"/>
<SP HEIGHT="52" WIDTH="25" VPOS="3419" HPOS="207"/>
<String CONTENT="Nov." HEIGHT="40" WIDTH="118" VPOS="3425" HPOS="233"/>
<SP HEIGHT="40" WIDTH="27" VPOS="3425" HPOS="352"/>
<String CONTENT="12," HEIGHT="47" WIDTH="68" VPOS="3424" HPOS="380"/>
<SP HEIGHT="45" WIDTH="27" VPOS="3426" HPOS="449"/>
<String CONTENT="1931;" HEIGHT="46" WIDTH="140" VPOS="3425" HPOS="477"/>
<SP HEIGHT="46" WIDTH="29" VPOS="3425" HPOS="618"/>
<String CONTENT="2c." HEIGHT="40" WIDTH="66" VPOS="3425" HPOS="648"/>
<SP HEIGHT="39" WIDTH="28" VPOS="3426" HPOS="715"/>
<String CONTENT="Jan." HEIGHT="39" WIDTH="110" VPOS="3426" HPOS="744"/>
<SP HEIGHT="39" WIDTH="27" VPOS="3426" HPOS="855"/>
<String CONTENT="5," HEIGHT="47" WIDTH="40" VPOS="3426" HPOS="883"/>
<SP HEIGHT="47" WIDTH="28" VPOS="3426" HPOS="924"/>
<String CONTENT="1932;" HEIGHT="47" WIDTH="140" VPOS="3425" HPOS="953"/>
<SP HEIGHT="36" WIDTH="30" VPOS="3436" HPOS="1094"/>
<String CONTENT="aff." HEIGHT="41" WIDTH="82" VPOS="3425" HPOS="1125"/>
<SP HEIGHT="40" WIDTH="28" VPOS="3426" HPOS="1208"/>
<String CONTENT="Jan." HEIGHT="40" WIDTH="109" VPOS="3426" HPOS="1237"/>
<SP HEIGHT="40" WIDTH="28" VPOS="3426" HPOS="1347"/>
<String CONTENT="2;" HEIGHT="47" WIDTH="53" VPOS="3426" HPOS="1376"/>
<SP HEIGHT="46" WIDTH="29" VPOS="3427" HPOS="1430"/>
<!-- cceid FE96F228-6D7C-1014-B4A5-D7A31D17AB40 --><String CONTENT="A" HEIGHT="39" WIDTH="41" VPOS="3427" HPOS="1460"/>
<SP HEIGHT="39" WIDTH="26" VPOS="3427" HPOS="1502"/>
<String CONTENT="46724;" HEIGHT="48" WIDTH="171" VPOS="3426" HPOS="1529"/>
<SP HEIGHT="47" WIDTH="32" VPOS="3427" HPOS="1701"/>
<String CONTENT="Columbia" HEIGHT="42" WIDTH="251" VPOS="3426" HPOS="1734"/>
<SP HEIGHT="30" WIDTH="30" VPOS="3438" HPOS="1986"/>
<String CONTENT="univ." HEIGHT="41" WIDTH="129" VPOS="3426" HPOS="2017"/>
</TextLine>
<TextLine HEIGHT="48" WIDTH="469" VPOS="3481" HPOS="221">
<String CONTENT="press." HEIGHT="36" WIDTH="147" VPOS="3491" HPOS="221"/>
<SP HEIGHT="48" WIDTH="70" VPOS="3481" HPOS="369"/>
<String CONTENT="(32-1781)" HEIGHT="48" WIDTH="250" VPOS="3481" HPOS="440"/>
</TextLine>
<TextLine HEIGHT="130" WIDTH="1937" VPOS="3612" HPOS="206" STYLEREFS="StyleId-6EADEB42-5D16-4595-90D3-9D2E0CF0604B-" CS="1">
<String CS="1" CONTENT="&#8230;"/>
<SP HEIGHT="54" WIDTH="42" VPOS="3613" HPOS="206"/>
<String CONTENT="Southern" HEIGHT="55" WIDTH="297" VPOS="3612" HPOS="249"/>
<SP HEIGHT="34" WIDTH="38" VPOS="3633" HPOS="547"/>
<String CONTENT="reporter," HEIGHT="64" WIDTH="273" VPOS="3619" HPOS="586"/>
<SP HEIGHT="33" WIDTH="74" VPOS="3631" HPOS="860"/>
<String CONTENT="v." HEIGHT="36" WIDTH="51" VPOS="3631" HPOS="935"/>
<SP HEIGHT="48" WIDTH="40" VPOS="3619" HPOS="987"/>
<String CONTENT="136." HEIGHT="48" WIDTH="115" VPOS="3619" HPOS="1028"/>
<SP HEIGHT="51" WIDTH="73" VPOS="3617" HPOS="1144"/>
<String CONTENT="Permanent" HEIGHT="51" WIDTH="349" VPOS="3617" HPOS="1218"/>
<SP HEIGHT="48" WIDTH="35" VPOS="3621" HPOS="1568"/>
<String CONTENT="ed." HEIGHT="52" WIDTH="84" VPOS="3617" HPOS="1604"/>
<SP HEIGHT="11" WIDTH="43" VPOS="3657" HPOS="1689"/>
<String CS="1" CONTENT="&#8230;"/>
<SP HEIGHT="33" WIDTH="42" VPOS="3636" HPOS="1789"/>
<String CONTENT="with" HEIGHT="53" WIDTH="141" VPOS="3617" HPOS="1832"/>
<SP HEIGHT="51" WIDTH="36" VPOS="3617" HPOS="1974"/>
<String CONTENT="key-number" HEIGHT="125" WIDTH="1930" VPOS="3617" HPOS="213"/>
</TextLine>
<TextLine HEIGHT="68" WIDTH="1630" VPOS="3693" HPOS="512" STYLEREFS="StyleId-6EADEB42-5D16-4595-90D3-9D2E0CF0604B-">
<String CONTENT="annotations." HEIGHT="51" WIDTH="379" VPOS="3693" HPOS="512"/>
<SP HEIGHT="54" WIDTH="76" VPOS="3693" HPOS="892"/>
<String CONTENT="September" HEIGHT="68" WIDTH="330" VPOS="3693" HPOS="969"/>
<SP HEIGHT="46" WIDTH="63" VPOS="3699" HPOS="1300"/>
<String CONTENT="10-November" HEIGHT="53" WIDTH="422" VPOS="3694" HPOS="1364"/>
<SP HEIGHT="47" WIDTH="60" VPOS="3698" HPOS="1787"/>
<String CONTENT="12," HEIGHT="63" WIDTH="82" VPOS="3698" HPOS="1848"/>
<SP HEIGHT="62" WIDTH="61" VPOS="3699" HPOS="1931"/>
<String CONTENT="1931." HEIGHT="48" WIDTH="149" VPOS="3698" HPOS="1993"/>
</TextLine>
<TextLine HEIGHT="74" WIDTH="1122" VPOS="3765" HPOS="219" STYLEREFS="StyleId-6EADEB42-5D16-4595-90D3-9D2E0CF0604B-">
<String CONTENT="St." HEIGHT="54" WIDTH="82" VPOS="3765" HPOS="219"/>
<SP HEIGHT="51" WIDTH="25" VPOS="3768" HPOS="302"/>
<String CONTENT="Paul," HEIGHT="60" WIDTH="164" VPOS="3768" HPOS="328"/>
<SP HEIGHT="57" WIDTH="22" VPOS="3771" HPOS="493"/>
<String CONTENT="West" HEIGHT="53" WIDTH="161" VPOS="3771" HPOS="516"/>
<SP HEIGHT="61" WIDTH="24" VPOS="3776" HPOS="678"/>
<String CONTENT="publishing" HEIGHT="68" WIDTH="337" VPOS="3771" HPOS="703"/>
<SP HEIGHT="49" WIDTH="23" VPOS="3790" HPOS="1041"/>
<String CONTENT="co.," HEIGHT="48" WIDTH="97" VPOS="3790" HPOS="1065"/>
<SP HEIGHT="62" WIDTH="29" VPOS="3776" HPOS="1163"/>
<String CONTENT="1931." HEIGHT="49" WIDTH="148" VPOS="3775" HPOS="1193"/>
</TextLine>
<TextLine HEIGHT="54" WIDTH="1663" VPOS="3840" HPOS="224" STYLEREFS="StyleId-6EADEB42-5D16-4595-90D3-9D2E0CF0604B-" CS="1">
<String CONTENT="xix," HEIGHT="47" WIDTH="99" VPOS="3840" HPOS="224"/>
<SP HEIGHT="47" WIDTH="28" VPOS="3840" HPOS="324"/>
<String CONTENT="999" HEIGHT="41" WIDTH="87" VPOS="3840" HPOS="353"/>
<SP HEIGHT="48" WIDTH="27" VPOS="3841" HPOS="441"/>
<String CONTENT="p." HEIGHT="36" WIDTH="41" VPOS="3853" HPOS="469"/>
<SP HEIGHT="39" WIDTH="59" VPOS="3842" HPOS="511"/>
<String CS="1" CONTENT="26&#7580;&#7504;." HEIGHT="40" WIDTH="115" VPOS="3842" HPOS="571"/>
<SP HEIGHT="48" WIDTH="70" VPOS="3843" HPOS="687"/>
<String CONTENT="(National" HEIGHT="48" WIDTH="255" VPOS="3843" HPOS="758"/>
<SP HEIGHT="37" WIDTH="31" VPOS="3848" HPOS="1014"/>
<String CONTENT="reporter" HEIGHT="45" WIDTH="217" VPOS="3848" HPOS="1046"/>
<SP HEIGHT="28" WIDTH="32" VPOS="3857" HPOS="1264"/>
<String CONTENT="system&#8212;State" HEIGHT="47" WIDTH="384" VPOS="3846" HPOS="1297"/>
<SP HEIGHT="29" WIDTH="29" VPOS="3856" HPOS="1682"/>
<String CONTENT="series)" HEIGHT="49" WIDTH="175" VPOS="3845" HPOS="1712"/>
</TextLine>
<TextLine HEIGHT="60" WIDTH="1879" VPOS="3905" HPOS="159" CS="1">
<String CONTENT="&#169;" HEIGHT="52" WIDTH="51" VPOS="3905" HPOS="159"/>
<SP HEIGHT="52" WIDTH="27" VPOS="3905" HPOS="211"/>
<String CONTENT="Dec." HEIGHT="41" WIDTH="109" VPOS="3911" HPOS="239"/>
<SP HEIGHT="40" WIDTH="29" VPOS="3912" HPOS="349"/>
<String CONTENT="24." HEIGHT="39" WIDTH="68" VPOS="3912" HPOS="379"/>
<SP HEIGHT="38" WIDTH="28" VPOS="3913" HPOS="448"/>
<String CS="1" CONTENT="1931;" HEIGHT="39" WIDTH="112" VPOS="3913" HPOS="477"/>
<SP HEIGHT="45" WIDTH="31" VPOS="3914" HPOS="617"/>
<String CONTENT="2c." HEIGHT="42" WIDTH="66" VPOS="3914" HPOS="649"/>
<SP HEIGHT="30" WIDTH="28" VPOS="3926" HPOS="716"/>
<String CONTENT="and" HEIGHT="38" WIDTH="95" VPOS="3916" HPOS="745"/>
<SP HEIGHT="39" WIDTH="28" VPOS="3916" HPOS="841"/>
<String CONTENT="aff." HEIGHT="41" WIDTH="81" VPOS="3915" HPOS="870"/>
<SP HEIGHT="40" WIDTH="30" VPOS="3916" HPOS="952"/>
<String CONTENT="Jan." HEIGHT="41" WIDTH="109" VPOS="3916" HPOS="983"/>
<SP HEIGHT="40" WIDTH="28" VPOS="3917" HPOS="1093"/>
<String CONTENT="14," HEIGHT="46" WIDTH="69" VPOS="3917" HPOS="1122"/>
<SP HEIGHT="45" WIDTH="30" VPOS="3918" HPOS="1192"/>
<String CS="1" CONTENT="1932;" HEIGHT="41" WIDTH="112" VPOS="3915" HPOS="1223"/>
<SP HEIGHT="46" WIDTH="30" VPOS="3917" HPOS="1364"/>
<!-- cceid FE97CCE9-6D7C-1014-B4A5-D7A31D17AB40 --><String CONTENT="A" HEIGHT="38" WIDTH="40" VPOS="3917" HPOS="1395"/>
<SP HEIGHT="39" WIDTH="25" VPOS="3917" HPOS="1436"/>
<String CS="1" CONTENT="45991;" HEIGHT="41" WIDTH="144" VPOS="3916" HPOS="1462"/>
<SP HEIGHT="46" WIDTH="31" VPOS="3918" HPOS="1635"/>
<String CONTENT="West" HEIGHT="39" WIDTH="134" VPOS="3918" HPOS="1667"/>
<SP HEIGHT="45" WIDTH="28" VPOS="3920" HPOS="1802"/>
<String CONTENT="pub." HEIGHT="48" WIDTH="109" VPOS="3917" HPOS="1831"/>
<SP HEIGHT="29" WIDTH="29" VPOS="3927" HPOS="1941"/>
<String CONTENT="co." HEIGHT="29" WIDTH="67" VPOS="3927" HPOS="1971"/>
</TextLine>
</TextBlock>
</PrintSpace>
</Page>
</Layout>
</alto>