2563 4368
1375 4045 101 53 700

491 509 727 52 4 p. l. , 97 p. illus. 19½ᶜᵐ.
491 564 1918 50 “All the … Letters home, except the last two, were written during
420 637 77 36 my
530 624 347 42 travels.”—3d
912 624 169 48 prelim.
1127 623 114 41 leaf.

490 682 162 41 “First
683 680 226 43 edition.”

490 741 274 39 Contents.
779 761 61 5 —
857 737 216 40 India.—
1092 735 1191 48 Rangoon.—Sumatra.—Java.—Bali.—Manila
2318 738 92 37 and

422 793 1068 51 Hongkong.—China.—Siberia.—Moscow.

425 865 52 51 ©
505 869 129 47 Sept.
657 867 68 48 26,
752 866 112 41 1931;
918 866 67 41 2c.
1011 868 96 39 and
1133 866 81 40 aff.
1242 868 112 45 May
1378 866 26 39 4,
1446 865 113 41 1932;
1615 866 39 38 A
1680 865 170 46 51155;
1880 866 49 38 P.
1958 866 56 39 D.
2042 864 230 48 Cravath,
2300 865 114 39 New

493 925 142 40 York.
707 924 278 47 (32-12632)

424 1028 369 65 Culbertson,
825 1029 128 64 Ely,
988 1033 170 50 1891-

485 1106 121 53 The
638 1108 133 50 1932
802 1105 180 53 world
1011 1104 202 69 bridge
1243 1104 269 69 Olympic
1541 1104 201 58 hands,
1771 1105 337 68 completely
2138 1104 273 69 analyzed

418 1182 1967 132 with an outline of contract bidding and leads, by Ely Culbertson …
826 1262 140 51 New
1008 1260 178 67 York,
1227 1260 122 53 The
1390 1260 218 67 Bridge
1647 1260 198 66 world,
1883 1260 127 66 inc.,
2050 1263 152 51 1932.

489 1333 305 50 96 p. 22 ᶜᵐ .
492 1390 162 41 “First
684 1390 231 49 printing,
946 1389 151 50 April,
1129 1388 157 42 1932.”

428 1459 52 51 ©
510 1464 113 46 May
649 1463 26 38 2,
719 1461 112 41 1932;
888 1461 68 42 2c.
985 1462 112 46 May
1126 1460 29 41 9;
1210 1461 80 40 aff.
1323 1462 112 47 May
1464 1462 27 39 6;
1547 1461 40 40 A
1614 1460 146 41 49900;
1818 1461 177 49 Bridge
2023 1463 166 41 world,
2219 1462 90 41 inc.

506 1519 280 48 (32-12528)

426 1622 220 66 Cutler,
677 1623 161 55 Uriel
867 1623 221 64 Waldo,
1121 1628 169 50 1854-

492 1698 259 70 Jottings
802 1698 149 53 from
1000 1699 362 53 Worcester’s
1412 1699 235 68 history,
1698 1699 73 68 by
1828 1700 65 54 U.
1947 1699 204 53 Waldo
2205 1700 209 54 Cutler.

423 1777 331 66 Worcester,
785 1777 189 66 Mass.,
1007 1776 316 54 Worcester
1355 1773 289 56 historical
1679 1776 226 69 society,
1939 1779 148 50 1932.

494 1847 758 50 viii p., 1 l., 11-142 p. 23 ᶜᵐ .
495 1904 1925 49 “Originally printed … in the periodical, ‘This week in Worcester’.”—
425 1961 273 41 Foreword.

431 2018 52 51 ©
522 2022 113 47 Apr.
673 2021 69 46 22,
783 2021 139 45 1932;
962 2021 68 40 2c.
1068 2021 114 47 Apr.
1220 2021 54 39 27;
1344 2019 81 41 aff.
1465 2020 113 48 Apr.
1618 2021 81 44 26;
1741 2021 39 39 A
1819 2020 171 45 49708;
2037 2022 51 41 U.
2129 2023 70 39 W.
2241 2021 179 48 Cutler,

499 2079 284 42 Worcester.
816 2080 145 39 Mass.
1033 2077 279 49 (32-12289)

429 2183 212 64 Dakin,
672 2183 290 63 Dorothy.

497 2258 1923 69 The mastery of the sentence, by Dorothy Dakin … New
427 2337 162 53 York
624 2338 112 51 and
770 2337 257 62 London,
1062 2337 231 66 Harper
1328 2339 50 49 &
1413 2336 277 67 brothers,
1725 2339 149 50 1932.

497 2411 51 41 xi
576 2423 57 37 p.,
663 2412 23 38 1
751 2442 9 15 l.,
789 2411 84 40 113
902 2421 42 37 p.
1005 2408 144 41 19½ᶜᵐ.

498 2468 162 40 “First
692 2466 226 42 edition.”

435 2523 51 51 ©
515 2527 112 45 May
655 2526 26 38 4,
724 2525 112 39 1932;
892 2525 67 38 2c.
988 2524 95 39 and
1112 2522 80 40 aff.
1223 2524 112 47 May
1364 2523 27 39 6;
1446 2523 40 38 A
1514 2523 144 40 51173;
1716 2524 191 47 Harper
1936 2523 36 41 &
2000 2525 124 39 bros.

513 2582 278 48 (32-12309)

433 2685 225 67 Daniel,
687 2686 382 64 Hawthorne,
1102 2690 169 50 1890-

497 2763 228 55 Shuttle
758 2763 112 54 and
900 2762 186 54 sword;
1149 2763 96 53 the
1277 2763 338 53 adventures
1647 2763 63 53 of
1743 2782 30 34 a
1808 2763 260 53 weaver’s
2100 2783 100 34 son
2230 2764 60 53 in
2322 2764 94 53 old

426 2842 297 58 Flanders,
762 2842 74 66 by
880 2840 356 53 Hawthorne
1276 2840 236 66 Daniel;
1556 2840 325 54 illustrated
1923 2841 76 67 by
2039 2841 248 54 Thomas
2326 2841 91 53 W.

425 2918 1652 67 Voter. New York, The Macmillan company, 1932.
532 2989 1163 51 x p., 1 l., 168, [1] p. incl. front., illus. 22½ ᶜᵐ .
437 3046 1783 51 © May 10, 1932; 2c. and aff. May 11; A 51257; Macmillan co,
514 3104 279 50 (32-12518)

433 3208 240 65 Dennis,
712 3208 277 64 Geoffrey
1025 3209 305 63 Pomeroy,
1372 3213 170 49 1892-

561 3283 1858 70 … The red room. New York, Simon and Schuster, 1932.
501 3358 329 48 311 p. 20 ᶜᵐ .
501 3416 65 39 At
592 3415 124 39 head
744 3415 53 39 of
823 3414 107 40 title:
988 3413 223 48 Geoffrey
1238 3412 198 42 Dennis.

438 3469 51 51 ©
519 3474 120 37 Mar.
667 3472 67 41 17,
763 3470 113 40 1932;
932 3470 65 39 2c.
1027 3471 113 46 May
1168 3471 55 39 13;
1280 3470 81 41 aff.
1391 3471 120 40 Mar.
1539 3470 56 40 23;
1651 3471 40 38 A
1719 3470 142 41 52007;
1922 3471 162 40 Simon
2113 3472 35 40 &
2179 3470 241 48 Schuster,

505 3528 90 40 inc.
666 3526 277 49 (32-12605)

439 3630 314 67 [Dodgson,
785 3629 244 56 Charles
1058 3629 308 65 Lutwidge]
1420 3636 323 50 1832-1898.

503 3706 205 52 Alice’s
756 3706 335 54 adventures
1141 3706 57 51 in
1249 3706 406 67 Wonderland,
1702 3706 279 67 Through
2025 3706 94 51 the
432 3705 1984 145 looking-glass,

643 3783 121 52 The
805 3780 248 69 hunting
1094 3782 62 51 of
1199 3782 94 51 the
1336 3781 187 69 snark,
1566 3782 75 68 by
1684 3782 182 54 Lewis
1912 3781 223 55 Carroll
2202 3782 178 69 [pseud.]

432 3858 377 54 illustrations
840 3858 73 67 by
946 3858 152 53 John
1135 3857 263 67 Tenniel;
1434 3856 388 57 introduction
1853 3858 75 68 by
1962 3858 63 53 P.
2061 3858 87 54 W.
2185 3857 230 54 Wilson.

433 3933 1039 70 New York, Liveright, inc. [ ᶜ193 2]
