2563 4368
1004 4060 101 54 471

83 480 397 63 Hauptmann,
512 478 256 54 Gerhart
798 478 233 53 Johann
1062 479 239 64 Robert,
1335 482 168 50 1862-

143 554 109 54 Die
309 554 258 53 hochzeit
625 553 105 54 auf
786 554 424 66 Buchenhorst;
1273 552 311 69 erzählung
1643 569 107 35 von
1813 551 251 55 Gerhart

78 632 390 67 Hauptmann.
533 632 216 68 Berlin,
781 630 56 56 S.
867 631 252 57 Fischer,
1150 633 151 51 1932.

142 704 735 50 3 p. l., 117, [1] p., 1 l. 17 ᶜᵐ .
144 773 126 40 Title
301 773 240 47 vignette;
575 773 280 39 illustrated
886 773 299 46 end-papers.

147 829 169 41 “Erste
344 829 75 40 bis
448 830 186 39 sechste
664 828 233 45 auflage.”

80 897 1983 51 © Nov. 12, 1931; 1c. Jan. 7, 1932; A—Foreign 15108; S. Fischer verlag,
146 968 104 37 a.-g.
319 956 248 48 (32-8933)

76 1074 252 65 Hodges,
361 1075 243 64 George,
639 1079 323 52 1856-1919.

140 1150 119 52 The
283 1150 309 67 Episcopal
617 1150 226 68 church,
865 1151 75 52 its
965 1150 150 51 faith
1142 1150 112 52 and
1278 1151 183 66 order,
1488 1150 71 64 by
1585 1148 220 69 George
1829 1149 232 68 Hodges

133 1226 1929 69 … revised to accord with the new prayer book, by James
74 1303 1986 69 Arthur Muller … New York, The Macmillan company, 1932.
140 1374 64 48 ix,
231 1375 85 40 204
345 1386 43 37 p.
444 1375 115 41 18ᶜᵐ.
625 1376 298 50 (Half-title:
951 1376 191 41 Church
1169 1376 260 49 principles
1457 1378 78 39 for
1563 1378 83 47 lay
1674 1376 189 49 people)

79 1444 50 52 ©
163 1450 119 39 Mar.
316 1449 66 44 15,
417 1448 111 40 1932;
589 1448 66 42 2c.
689 1451 94 37 and
816 1449 81 41 aff.
934 1450 119 39 Mar.
1087 1449 80 46 16;
1203 1449 39 39 A
1276 1448 168 47 50013;
1483 1449 279 40 Macmillan
1795 1461 66 28 co.

153 1504 248 50 (32-8943)

72 1621 293 66 Hodgkin,
394 1624 205 62 Henry
626 1623 319 64 Theodore,
979 1624 169 54 1877-
1359 1624 83 52 ed.

141 1698 208 69 Seeing
387 1701 282 52 ourselves
712 1700 251 68 through
1004 1700 234 68 Russia;
1284 1720 31 34 a
1356 1700 148 53 book
1547 1700 92 53 for
1683 1701 224 68 private
1948 1701 112 53 and

69 1778 1994 69 group study, edited by Henry T. Hodgkin … New York,
68 1855 67 53 R.
161 1855 166 68 Long
351 1858 50 50 &
427 1856 68 52 R.
520 1856 68 53 R.
616 1855 208 69 Smith,
850 1856 126 68 inc.,
1004 1859 150 50 1932.

137 1927 68 41 vii
231 1939 58 38 p.,
317 1929 27 39 2
406 1960 9 16 l.,
442 1929 87 40 110
552 1940 44 37 p.
654 1931 116 40 17ᶜᵐ.
835 1929 298 49 (Half-title:
1161 1931 179 39 Pendle
1368 1929 103 41 Hill
1502 1929 337 49 publications,
1895 1941 75 31 no.
2000 1931 50 48 1)

137 1998 374 50 Bibliography:
544 2010 42 38 p.
608 1999 216 42 103-104.

77 2066 51 51 ©
169 2072 121 40 Mar.
329 2070 68 43 16,
437 2069 139 47 1932;
617 2070 67 42 2c.
725 2072 119 38 Mar.
885 2071 82 46 21;
1009 2071 79 39 aff.
1131 2073 120 39 Mar.
1293 2071 82 47 26;
1417 2072 41 38 A
1497 2071 169 42 50394:
1709 2072 105 38 Rav
1855 2072 133 47 Long
2023 2071 37 40 &

144 2126 211 40 Richard
386 2128 52 38 R.
471 2127 167 42 Smith,
669 2128 90 39 inc.
829 2127 249 48 (32-8916)

70 2242 259 64 Horgan,
362 2243 291 64 Edmund,
687 2248 171 50 1884-

134 2319 470 54 Reconstruction
653 2320 62 53 of
761 2321 97 53 the
905 2321 211 67 biliary
1162 2326 177 61 tract;
1392 2341 31 33 a
1471 2321 205 53 review
1723 2322 63 52 of
1835 2323 76 51 all
1959 2322 97 52 the

66 2395 1928 71 methods that have been employed, by Edmund Horgan …
67 2470 136 55 New
231 2473 178 68 York,
434 2473 122 54 The
582 2474 333 54 Macmillan
944 2493 295 49 company,
1269 2478 151 51 1932.

205 2576 9 17 xv,
238 2544 84 41 201
345 2557 44 37 p.
444 2547 126 39 illus.
623 2546 145 41 22½ᶜᵐ.
833 2547 296 48 (Half-title:
1154 2547 281 42 Macmillan
1463 2549 212 48 surgical
1701 2552 345 47 monographs)

138 2601 372 50 Bibliography:
545 2615 43 37 p.
623 2604 214 40 169-181.

76 2669 50 52 ©
161 2675 118 39 Mar.
311 2674 70 42 22.
414 2673 139 42 1932;
585 2675 66 40 2c.
686 2676 92 38 and
813 2674 80 40 aff.
928 2676 120 40 Mar.
1081 2675 82 47 23;
1200 2676 39 38 A
1272 2674 170 49 50301;
1479 2676 278 40 Macmillan
1792 2687 64 30 co.

151 2730 247 48 (32-8048)

71 2832 207 66 Hume,
311 2833 177 66 Cyril,
522 2839 169 49 1900-

138 2908 213 67 Myself
400 2911 112 51 and
562 2911 95 52 the
707 2928 191 51 young
947 2912 261 52 bowman
1257 2912 112 53 and
1422 2913 162 51 other
1637 2912 291 68 fantasies,
1979 2914 76 69 by

71 2983 158 70 Cyril
259 2986 205 53 Hume.
534 2986 232 55 Garden
798 2986 152 71 City,
983 2988 70 53 N.
1087 2989 91 68 Y.,
1210 2988 355 70 Doubleday,
1597 2990 198 53 Doran
1829 2993 46 50 &
71 3008 1960 123 company,
265 3063 125 68 inc.,
419 3066 150 51 1932.

136 3134 26 38 4
186 3145 44 37 p.
291 3167 8 15 l.,
326 3136 199 46 vii-viii,
551 3135 85 42 166
661 3147 44 37 p.
764 3137 144 41 22½ᶜᵐ.

137 3190 145 41 Prose
313 3193 96 39 and
439 3203 150 30 verse.

140 3246 159 42 “First
334 3248 192 47 printed
566 3250 50 38 in
655 3259 60 30 an
753 3249 183 40 edition
977 3250 165 47 signed
1184 3250 60 51 by
1287 3252 80 40 the
1408 3253 191 47 author,
1641 3254 96 39 and
1777 3253 187 40 limited
2004 3256 48 37 to

71 3300 126 48 1,500
220 3303 171 47 copies,
446 3315 74 30 no.
548 3304 99 41 68.”

141 3358 159 42 “First
330 3360 225 41 edition.”

78 3423 50 52 ©
160 3429 118 39 Mar.
309 3431 67 41 17,
406 3430 111 41 1932;
577 3433 66 39 2c.
674 3434 93 38 and
799 3432 81 41 aff.
913 3434 119 39 Mar.
1062 3433 81 42 21:
1177 3434 39 38 A
1244 3433 170 45 49262:
1449 3435 47 41 C.
1530 3437 170 43 Hume,
1733 3436 141 45 Kent,
1907 3435 145 40 Conn.

151 3485 247 50 (32-8935)

72 3584 248 68 Hunter,
350 3588 171 54 Allan
547 3590 378 66 Armstrong,
956 3598 170 49 1893-

139 3661 1911 74 Social perplexities, by Allan A. Hunter … New York,
67 3736 68 53 R.
163 3738 163 68 Long
353 3743 50 49 &
433 3742 69 52 R.
529 3742 69 53 R.
629 3743 207 68 Smith,
864 3746 127 65 inc.,
1022 3749 151 50 1932.

138 3811 27 37 4
192 3820 43 38 p.
263 3813 44 44 l.,
336 3813 84 40 176
447 3825 43 37 p.
551 3815 114 40 19ᶜᵐ.

141 3864 185 44 “Books
358 3871 310 46 suggested”:
701 3884 43 37 p.
777 3873 215 41 171-176.

79 3930 50 51 ©
156 3937 117 39 Mar.
301 3938 66 47 11,
393 3940 111 40 1932;
560 3942 63 39 2c.
652 3945 92 37 and
773 3943 79 42 aff.
882 3945 119 42 Mar.
1029 3945 81 46 12;
1140 3946 38 38 A
1204 3945 169 42 48925:
1403 3947 105 47 Ray
1536 3947 133 47 Long
1694 3947 34 39 &
1757 3946 212 40 Richard
1999 3947 54 38 R.

146 3991 166 49 Smith,
341 3994 87 40 inc.
500 3997 247 48 (32-8776)
