2563 4368
1478 4048 65 48 52

503 459 179 65 Field,
711 459 253 56 Bradda.

574 532 1913 79 Small town, by Bradda Field … New York, D. Appleton
503 619 112 51 and
645 634 295 51 company,
973 619 149 50 1932.

571 695 649 52 3 p. l., 344, [1] p. 19½ ᶜᵐ .
512 761 1794 58 © Jan. 22, 1932; 2c. and aff. Jan. 25; A 47192; D . Appleton & co.
588 825 249 49 (32-2231)

508 941 397 66 Fineshriber,
935 942 252 54 William
1219 943 92 65 H.,
1338 943 71 66 jr.

574 1020 294 68 Stendhal,
916 1022 94 54 the
1057 1022 278 54 romantic
1382 1021 339 66 rationalist,
1770 1020 72 70 by
1892 1018 258 54 William
2201 1018 75 54 H.

505 1013 1964 157 Fineshriber,
763 1099 69 67 jr.
896 1099 320 68 Princeton,
1242 1099 302 53 Princeton
1574 1097 311 68 university
1911 1115 173 50 press,
2113 1099 148 49 1932.

577 1178 65 49 ix,
680 1178 55 40 57
773 1189 41 37 p.
882 1179 145 41 23½ᶜᵐ.

577 1235 239 41 Awarded
855 1236 81 39 the
974 1235 138 40 Class
1150 1235 50 39 of
1237 1232 113 43 1909
1386 1234 131 48 prize
1554 1233 49 40 in
1641 1233 257 42 Princeton
1937 1233 283 48 university,
2287 1235 61 47 cf.
2386 1239 109 35 note

508 1302 61 30 on
597 1301 140 31 verso
764 1291 51 40 of
842 1293 97 46 t.-p.

514 1360 52 51 ©
598 1365 110 39 Jan.
739 1364 69 43 15,
839 1364 141 46 1932;
1011 1364 69 39 2c.
1111 1364 109 39 Jan.
1253 1362 81 47 19;
1371 1362 81 41 aff.
1485 1363 109 39 Jan.
1626 1363 82 44 21;
1745 1362 39 38 A
1814 1360 171 49 48022;
2022 1362 256 40 Princeton
582 1358 1901 114 university

711 1430 148 39 press.
931 1420 247 46 (32-2367)

506 1539 171 63 Ford,
707 1539 152 53 Ford
886 1539 232 63 Madox,
1149 1538 169 56 1873-

581 1618 221 53 Return
842 1623 57 47 to
940 1618 298 69 yesterday
1302 1617 92 67 [by]
1441 1618 156 52 Ford
1639 1617 214 54 Madox
1896 1618 171 52 Ford.
2145 1617 134 52 New
2325 1617 176 55 York,

510 1696 76 53 H.
617 1695 318 69 Liveright,
967 1696 125 67 inc.,
1125 1698 149 50 1932.

578 1774 764 53 viii p., 2 l., 13-417 p. 22½ ᶜᵐ .
518 1831 1983 56 © Jan. 15, 1932; 1c. Jan. 29; 1c. Feb. 10; aff. Jan. 20; A 47544; F. M.
585 1892 142 46 Ford,
761 1893 155 39 Paris.
984 1890 280 49 (32-26052)

517 2009 120 52 The
664 2007 381 66 Fortnightly
1070 2007 217 53 review,
1363 2026 88 34 no.
1478 2007 119 68 781,
1622 2027 53 32 n.
1703 2027 58 47 s.,
1787 2007 130 55 Jan.
1950 2012 46 62 1,
2025 2012 149 49 1932.

520 2090 1980 57 © 1c. Jan. 14, 1932; A ad int. 15971; pubd. Jan. 1; Fortnightly review,
587 2153 99 46 ltd.,
724 2150 210 40 London.

519 2270 276 53 Fortune.

588 2343 295 53 Fortune’s
930 2344 292 66 favorites,
1266 2343 274 68 portraits
1586 2346 62 50 of
1691 2364 150 36 some
1886 2346 305 53 American
518 2360 1956 130 corporations;

752 2440 71 33 an
876 2423 309 66 anthology
1239 2422 152 51 from
1442 2423 252 52 Fortune
1744 2423 311 69 magazine.
2131 2425 137 52 New
2320 2424 180 63 York,

517 2500 71 51 A.
617 2499 71 52 A.
717 2499 221 67 Knopf,
971 2503 148 47 1931.

622 2571 602 48 v, 350, x p., 1 l. 24½ ᶜᵐ .
524 2636 50 51 ©
601 2641 100 39 Oct.
725 2639 40 48 9,
790 2640 111 40 1931;
955 2641 65 39 2c.
1046 2642 117 40 Nov.
1188 2643 55 38 27;
1298 2642 80 40 aff.
1405 2643 110 39 Dec.
1540 2645 54 38 31;
1650 2645 40 38 A
1714 2645 143 40 45897;

1913 2646 148 48 Time,
2086 2645 105 46 inc.,
2218 2647 115 38 New
2360 2646 143 41 York.

601 2696 277 49 (31-28116)

520 2796 253 67 Frazier,
801 2800 251 53 Edward
1080 2800 298 66 Franklin,
1410 2806 168 49 1894-

585 2877 1855 77 The negro family in Chicago, by E. Franklin Frazier …
516 2952 1716 78 Chicago, Ill., The University of Chicago press [ ᶜ193 2 ]
687 3034 1817 59 xxv, 294 p. incl. maps, diagrs. 20 ᶜᵐ . (Half-title: The University of
518 3090 206 50 Chicago
758 3092 295 46 sociological
1091 3092 170 46 series)

589 3146 244 43 “Selected
866 3147 358 48 bibliography”:
1282 3161 43 36 p.
1355 3150 214 42 277-286.

528 3215 50 51 ©
611 3220 106 38 Jan.
753 3220 38 45 5,
825 3218 139 46 1932;
999 3219 66 39 2c.
1100 3220 93 38 and
1226 3218 82 42 aff.
1342 3220 107 38 Jan.
1484 3220 81 48 21;
1602 3223 40 38 A
1675 3223 141 40 46998;
1882 3227 281 46 University
2198 3227 51 40 of
2283 3226 221 49 Chicago,

596 3273 221 50 Chicago.
887 3275 247 47 (32-2328)

526 3376 267 64 Georgia.
869 3375 364 65 University.
1308 3380 270 53 Institute
1608 3383 61 66 of
1693 3384 195 67 public
1915 3385 211 67 affairs.

594 3452 378 69 Proceedings
1002 3454 62 52 of
1095 3455 94 51 the
1220 3454 271 55 Institute
1524 3459 60 51 of
1616 3461 192 65 public
1840 3460 213 71 affairs,
2081 3463 419 54 International

525 3528 269 55 relations
830 3531 227 53 section,
1096 3529 134 53 fifth
1271 3535 210 50 annual
1518 3537 225 67 session,
1781 3540 238 69 Athens,
2057 3542 266 68 Georgia,
2359 3544 142 64 July

526 3610 184 61 13-28,
742 3610 146 48 1931.
965 3607 333 70 University
1326 3611 61 50 of
1416 3613 247 68 Georgia
1691 3635 244 35 summer
1960 3621 206 51 school.
2247 3621 255 67 [Athens,

524 3684 122 64 Ga.,
673 3683 119 52 The
820 3683 317 68 McGregor
1165 3704 294 50 company,
1491 3693 149 63 1932]

595 3755 1911 64 xi, p] p., 1 l., 136 p. 24 ᶜᵐ . (Bulletin of the University of Georgia.
524 3822 42 30 V.
596 3812 68 45 23,
694 3822 74 30 no.
797 3812 71 38 4a.
900 3812 261 48 February,
1194 3814 135 47 1932)

530 3875 50 51 ©
622 3880 109 39 Feb.
771 3881 67 41 11.
877 3881 139 46 1932;
1056 3882 67 40 2c.
1164 3883 93 39 and
1297 3883 81 41 aff.
1419 3885 108 39 Feb.
1569 3888 80 46 15;
1692 3890 40 38 A
1771 3891 169 43 47663;
1986 3895 231 40 Institute
2257 3897 50 38 of
2349 3895 157 48 public

596 3935 185 48 affairs,
808 3937 278 48 University
1110 3939 51 39 of
1185 3939 219 49 Georgia,
1427 3942 197 49 Athens,
1652 3945 83 40 Ga.
