<alto xmlns="http://www.loc.gov/standards/alto/ns-v3#" xmlns:xlink="http://www.w3.org/1999/xlink" xmlns:xsi="http://www.w3.org/2001/XMLSchema-instance" xsi:schemaLocation="http://www.loc.gov/standards/alto/ns-v3# http://www.loc.gov/alto/v3/alto-3-0.xsd"><Description>
<MeasurementUnit>pixel</MeasurementUnit>
<sourceImageInformation>
<fileName>1932_v29_part001.pdf</fileName>
</sourceImageInformation>
<OCRProcessing ID="IdOcr">
<ocrProcessingStep>
<processingDateTime>2019-04-25</processingDateTime>
<processingSoftware>
<softwareCreator>ABBYY</softwareCreator>
<softwareName>ABBYY Recognition Server</softwareName>
<softwareVersion>4.0</softwareVersion>
</processingSoftware>
</ocrProcessingStep>
</OCRProcessing>
</Description>
<Styles>
<ParagraphStyle ID="StyleId-FFFFFFFF-FFFF-FFFF-FFFF-FFFFFFFFFFFF-" ALIGN="Left" LEFT="0." RIGHT="0." FIRSTLINE="0."/>
<ParagraphStyle ID="StyleId-547D96D3-B2DE-4E86-A4BD-9DDFC275973A-" ALIGN="Left" LEFT="0." RIGHT="0." FIRSTLINE="0." LINESPACE="7.699999809"/>
<ParagraphStyle ID="StyleId-BE433B82-DF6F-491A-9872-F562FF4150C8-" ALIGN="Block" LEFT="0." RIGHT="0." FIRSTLINE="-13." LINESPACE="7.900000095"/>
<ParagraphStyle ID="StyleId-CC286467-50C5-4655-B0CF-BA365CCE0736-" ALIGN="Block" LEFT="0." RIGHT="0." FIRSTLINE="-15." LINESPACE="8.479999542"/>
<ParagraphStyle ID="StyleId-9878414D-BEDB-487D-971A-CF5ADB5C4AD2-" ALIGN="Block" LEFT="0." RIGHT="0." FIRSTLINE="-14." LINESPACE="10.92000008"/>
<ParagraphStyle ID="StyleId-EBC70DE5-3635-4BD4-B07B-05DF6EFE0022-" ALIGN="Block" LEFT="0." RIGHT="0." FIRSTLINE="-13." LINESPACE="12.19999981"/>
<ParagraphStyle ID="StyleId-8A688F83-F017-4D5D-A00A-14637016ED45-" ALIGN="Left" LEFT="0." RIGHT="0." FIRSTLINE="0." LINESPACE="9.399999619"/>
<ParagraphStyle ID="StyleId-20F0BBAE-20C6-42F4-8113-00B5C02924DC-" ALIGN="Left" LEFT="0." RIGHT="0." FIRSTLINE="0." LINESPACE="11.10000038"/>
<ParagraphStyle ID="StyleId-7AA70148-8873-4ACB-90AE-BF9322E02302-" ALIGN="Left" LEFT="0." RIGHT="0." FIRSTLINE="-13." LINESPACE="11.09000015"/>
<ParagraphStyle ID="StyleId-072EF7BA-7207-4F8B-9A7C-F564E8B4CB16-" ALIGN="Left" LEFT="0." RIGHT="0." FIRSTLINE="-14." LINESPACE="12.19999981"/>
<ParagraphStyle ID="StyleId-44303D12-21D7-4DB0-9E9F-87FA1A861DD7-" ALIGN="Block" LEFT="0." RIGHT="0." FIRSTLINE="-14." LINESPACE="10.92000008"/>
<ParagraphStyle ID="StyleId-43CF0D44-8AC2-4CD0-865F-942C78705184-" ALIGN="Block" LEFT="0." RIGHT="0." FIRSTLINE="-13." LINESPACE="12.19999981"/>
<ParagraphStyle ID="StyleId-7A298A86-29F5-413A-AEC9-078A4CC464D7-" ALIGN="Block" LEFT="0." RIGHT="0." FIRSTLINE="13." LINESPACE="12.19999981"/>
<ParagraphStyle ID="StyleId-8E4E86F7-C1F9-4A1A-B605-6B1FC1C8E9F7-" ALIGN="Left" LEFT="0." RIGHT="0." FIRSTLINE="0." LINESPACE="11.60000038"/>
<ParagraphStyle ID="StyleId-AB39791B-5ED1-444F-BEF5-2CFED1F2709A-" ALIGN="Left" LEFT="0." RIGHT="0." FIRSTLINE="-13." LINESPACE="11.09000015"/>
<ParagraphStyle ID="StyleId-C1F2EEE7-CD00-4E11-9EAD-B222287AEDA4-" ALIGN="Center" LEFT="0." RIGHT="0." FIRSTLINE="0." LINESPACE="11.10000038"/>
</Styles>
<Layout>
<Page ID="Page400" PHYSICAL_IMG_NR="400" HEIGHT="4368" WIDTH="2563">
<TopMargin HEIGHT="445" WIDTH="2563" VPOS="0" HPOS="0">
</TopMargin>
<LeftMargin HEIGHT="3595" WIDTH="468" VPOS="445" HPOS="0">
</LeftMargin>
<RightMargin HEIGHT="3595" WIDTH="71" VPOS="445" HPOS="2492">
</RightMargin>
<BottomMargin HEIGHT="328" WIDTH="2563" VPOS="4040" HPOS="0">
<TextBlock ID="Page400_Block1" HEIGHT="127" WIDTH="284" VPOS="4040" HPOS="1380" LANG="en-US" STYLEREFS="StyleId-05A05ED6-3064-4506-9B7E-F82DE354A555-">
<TextLine HEIGHT="50" WIDTH="101" VPOS="4056" HPOS="1423">
<String CONTENT="400" HEIGHT="50" WIDTH="101" VPOS="4056" HPOS="1423"/>
</TextLine>
</TextBlock>
</BottomMargin>
<PrintSpace HEIGHT="3595" WIDTH="2024" VPOS="445" HPOS="468">
<TextBlock ID="Page400_Block2" HEIGHT="3595" WIDTH="2024" VPOS="445" HPOS="468" LANG="en-US" CS="1" STYLEREFS="StyleId-FAF69363-F1D0-4327-B43A-CE379B53162B-">
<TextLine HEIGHT="64" WIDTH="536" VPOS="464" HPOS="484" STYLEREFS="StyleId-3D0B742D-212B-4305-A389-EAA49E58A46D-">
<String CONTENT="Ware," HEIGHT="62" WIDTH="191" VPOS="466" HPOS="484"/>
<SP HEIGHT="63" WIDTH="25" VPOS="465" HPOS="676"/>
<String CONTENT="Joseph" HEIGHT="64" WIDTH="220" VPOS="464" HPOS="702"/>
<SP HEIGHT="53" WIDTH="28" VPOS="464" HPOS="923"/>
<String CONTENT="E." HEIGHT="53" WIDTH="68" VPOS="465" HPOS="952"/>
</TextLine>
<TextLine HEIGHT="71" WIDTH="1859" VPOS="540" HPOS="617" STYLEREFS="StyleId-24A941D8-129D-484D-B437-E25F31AEC4AB-" CS="1">
<String CS="1" CONTENT="&#8230;"/>
<SP HEIGHT="50" WIDTH="35" VPOS="543" HPOS="617"/>
<String CONTENT="The" HEIGHT="53" WIDTH="122" VPOS="541" HPOS="653"/>
<SP HEIGHT="34" WIDTH="27" VPOS="560" HPOS="776"/>
<String CONTENT="emigrants&#8217;" HEIGHT="69" WIDTH="330" VPOS="540" HPOS="804"/>
<SP HEIGHT="68" WIDTH="30" VPOS="540" HPOS="1135"/>
<String CONTENT="guide" HEIGHT="68" WIDTH="173" VPOS="540" HPOS="1166"/>
<SP HEIGHT="48" WIDTH="30" VPOS="546" HPOS="1340"/>
<String CONTENT="to" HEIGHT="48" WIDTH="56" VPOS="546" HPOS="1371"/>
<SP HEIGHT="55" WIDTH="30" VPOS="543" HPOS="1428"/>
<String CONTENT="California," HEIGHT="68" WIDTH="343" VPOS="540" HPOS="1459"/>
<SP HEIGHT="66" WIDTH="30" VPOS="542" HPOS="1803"/>
<String CONTENT="by" HEIGHT="69" WIDTH="74" VPOS="542" HPOS="1834"/>
<SP HEIGHT="68" WIDTH="30" VPOS="543" HPOS="1909"/>
<String CONTENT="Joseph" HEIGHT="68" WIDTH="217" VPOS="543" HPOS="1940"/>
<SP HEIGHT="53" WIDTH="31" VPOS="543" HPOS="2158"/>
<String CONTENT="E." HEIGHT="51" WIDTH="67" VPOS="545" HPOS="2190"/>
<SP HEIGHT="55" WIDTH="29" VPOS="543" HPOS="2258"/>
<String CONTENT="Ware." HEIGHT="55" WIDTH="188" VPOS="543" HPOS="2288"/>
</TextLine>
<TextLine HEIGHT="69" WIDTH="1991" VPOS="618" HPOS="486" STYLEREFS="StyleId-24A941D8-129D-484D-B437-E25F31AEC4AB-">
<String CONTENT="Reprinted" HEIGHT="68" WIDTH="316" VPOS="618" HPOS="486"/>
<SP HEIGHT="52" WIDTH="31" VPOS="619" HPOS="803"/>
<String CONTENT="from" HEIGHT="53" WIDTH="154" VPOS="619" HPOS="835"/>
<SP HEIGHT="47" WIDTH="29" VPOS="625" HPOS="990"/>
<String CONTENT="the" HEIGHT="52" WIDTH="94" VPOS="620" HPOS="1020"/>
<SP HEIGHT="49" WIDTH="33" VPOS="623" HPOS="1115"/>
<String CONTENT="1849" HEIGHT="50" WIDTH="132" VPOS="622" HPOS="1149"/>
<SP HEIGHT="49" WIDTH="31" VPOS="623" HPOS="1282"/>
<String CONTENT="edition," HEIGHT="69" WIDTH="234" VPOS="618" HPOS="1314"/>
<SP HEIGHT="48" WIDTH="30" VPOS="639" HPOS="1549"/>
<String CONTENT="with" HEIGHT="52" WIDTH="140" VPOS="620" HPOS="1580"/>
<SP HEIGHT="52" WIDTH="31" VPOS="621" HPOS="1721"/>
<String CONTENT="introduction" HEIGHT="53" WIDTH="388" VPOS="621" HPOS="1753"/>
<SP HEIGHT="34" WIDTH="33" VPOS="640" HPOS="2142"/>
<String CONTENT="and" HEIGHT="54" WIDTH="112" VPOS="621" HPOS="2176"/>
<SP HEIGHT="54" WIDTH="28" VPOS="621" HPOS="2289"/>
<String CONTENT="notes" HEIGHT="48" WIDTH="159" VPOS="627" HPOS="2318"/>
</TextLine>
<TextLine HEIGHT="72" WIDTH="1992" VPOS="697" HPOS="485" STYLEREFS="StyleId-24A941D8-129D-484D-B437-E25F31AEC4AB-">
<String CONTENT="by" HEIGHT="66" WIDTH="73" VPOS="697" HPOS="485"/>
<SP HEIGHT="64" WIDTH="51" VPOS="699" HPOS="559"/>
<String CONTENT="John" HEIGHT="53" WIDTH="156" VPOS="698" HPOS="611"/>
<SP HEIGHT="54" WIDTH="53" VPOS="697" HPOS="768"/>
<String CONTENT="Caughey." HEIGHT="68" WIDTH="290" VPOS="697" HPOS="822"/>
<SP HEIGHT="50" WIDTH="74" VPOS="699" HPOS="1113"/>
<String CONTENT="Princeton," HEIGHT="68" WIDTH="326" VPOS="697" HPOS="1188"/>
<SP HEIGHT="64" WIDTH="53" VPOS="701" HPOS="1515"/>
<String CONTENT="Princeton" HEIGHT="53" WIDTH="307" VPOS="699" HPOS="1569"/>
<SP HEIGHT="34" WIDTH="53" VPOS="717" HPOS="1877"/>
<String CONTENT="university" HEIGHT="69" WIDTH="318" VPOS="699" HPOS="1931"/>
<SP HEIGHT="50" WIDTH="53" VPOS="719" HPOS="2250"/>
<String CONTENT="press," HEIGHT="50" WIDTH="173" VPOS="719" HPOS="2304"/>
</TextLine>
<TextLine HEIGHT="49" WIDTH="145" VPOS="778" HPOS="490" STYLEREFS="StyleId-24A941D8-129D-484D-B437-E25F31AEC4AB-">
<String CONTENT="1932." HEIGHT="49" WIDTH="145" VPOS="778" HPOS="490"/>
</TextLine>
<TextLine HEIGHT="51" WIDTH="1927" VPOS="847" HPOS="554" CS="1">
<String CONTENT="xxiv," HEIGHT="48" WIDTH="131" VPOS="848" HPOS="554"/>
<SP HEIGHT="48" WIDTH="37" VPOS="848" HPOS="686"/>
<String CONTENT="63." HEIGHT="42" WIDTH="69" VPOS="848" HPOS="724"/>
<SP HEIGHT="30" WIDTH="39" VPOS="867" HPOS="794"/>
<String CONTENT="[1]" HEIGHT="49" WIDTH="54" VPOS="848" HPOS="834"/>
<SP HEIGHT="38" WIDTH="37" VPOS="858" HPOS="889"/>
<String CONTENT="p." HEIGHT="37" WIDTH="42" VPOS="858" HPOS="927"/>
<SP HEIGHT="42" WIDTH="59" VPOS="847" HPOS="970"/>
<String LANG="de" CONTENT="illus.," HEIGHT="45" WIDTH="143" VPOS="847" HPOS="1030"/>
<SP HEIGHT="38" WIDTH="36" VPOS="860" HPOS="1174"/>
<String CS="1" CONTENT="pl.," HEIGHT="38" WIDTH="76" VPOS="860" HPOS="1211"/>
<SP HEIGHT="47" WIDTH="35" VPOS="849" HPOS="1288"/>
<String CONTENT="fold," HEIGHT="40" WIDTH="118" VPOS="849" HPOS="1324"/>
<SP HEIGHT="28" WIDTH="36" VPOS="861" HPOS="1443"/>
<String CONTENT="map," HEIGHT="38" WIDTH="123" VPOS="860" HPOS="1480"/>
<SP HEIGHT="47" WIDTH="37" VPOS="850" HPOS="1604"/>
<String CONTENT="facsim." HEIGHT="41" WIDTH="189" VPOS="850" HPOS="1642"/>
<SP HEIGHT="40" WIDTH="60" VPOS="851" HPOS="1832"/>
<String CS="1" CONTENT="20&#7580;&#7504;." HEIGHT="41" WIDTH="115" VPOS="850" HPOS="1893"/>
<SP HEIGHT="47" WIDTH="69" VPOS="850" HPOS="2009"/>
<String CONTENT="(Narratives" HEIGHT="47" WIDTH="311" VPOS="850" HPOS="2079"/>
<SP HEIGHT="30" WIDTH="37" VPOS="864" HPOS="2391"/>
<String CONTENT="of" HEIGHT="39" WIDTH="52" VPOS="855" HPOS="2429"/>
</TextLine>
<TextLine HEIGHT="50" WIDTH="828" VPOS="905" HPOS="486">
<String CONTENT="the" HEIGHT="40" WIDTH="79" VPOS="906" HPOS="486"/>
<SP HEIGHT="38" WIDTH="30" VPOS="908" HPOS="566"/>
<String CONTENT="trans-Mississippi" HEIGHT="50" WIDTH="454" VPOS="905" HPOS="597"/>
<SP HEIGHT="39" WIDTH="26" VPOS="906" HPOS="1052"/>
<String CONTENT="frontier)" HEIGHT="46" WIDTH="235" VPOS="906" HPOS="1079"/>
</TextLine>
<TextLine HEIGHT="49" WIDTH="851" VPOS="976" HPOS="555">
<String CONTENT="With" HEIGHT="39" WIDTH="131" VPOS="977" HPOS="555"/>
<SP HEIGHT="39" WIDTH="31" VPOS="977" HPOS="687"/>
<String CONTENT="facsimile" HEIGHT="41" WIDTH="241" VPOS="976" HPOS="719"/>
<SP HEIGHT="29" WIDTH="29" VPOS="988" HPOS="961"/>
<String CONTENT="of" HEIGHT="39" WIDTH="51" VPOS="978" HPOS="991"/>
<SP HEIGHT="39" WIDTH="27" VPOS="978" HPOS="1043"/>
<String CONTENT="original" HEIGHT="48" WIDTH="206" VPOS="977" HPOS="1071"/>
<SP HEIGHT="38" WIDTH="31" VPOS="979" HPOS="1278"/>
<String CONTENT="t.-p." HEIGHT="46" WIDTH="96" VPOS="979" HPOS="1310"/>
</TextLine>
<TextLine HEIGHT="55" WIDTH="1992" VPOS="1044" HPOS="489">
<String CONTENT="&#169;" HEIGHT="52" WIDTH="51" VPOS="1044" HPOS="489"/>
<SP HEIGHT="52" WIDTH="30" VPOS="1044" HPOS="541"/>
<String CONTENT="Apr." HEIGHT="48" WIDTH="112" VPOS="1049" HPOS="572"/>
<SP HEIGHT="38" WIDTH="30" VPOS="1050" HPOS="685"/>
<String CONTENT="4," HEIGHT="45" WIDTH="40" VPOS="1050" HPOS="716"/>
<SP HEIGHT="45" WIDTH="32" VPOS="1050" HPOS="757"/>
<String CONTENT="1932;" HEIGHT="46" WIDTH="138" VPOS="1048" HPOS="790"/>
<SP HEIGHT="45" WIDTH="32" VPOS="1049" HPOS="929"/>
<String CONTENT="2c." HEIGHT="41" WIDTH="68" VPOS="1049" HPOS="962"/>
<SP HEIGHT="41" WIDTH="32" VPOS="1049" HPOS="1031"/>
<String CONTENT="Apr." HEIGHT="48" WIDTH="111" VPOS="1049" HPOS="1064"/>
<SP HEIGHT="40" WIDTH="32" VPOS="1050" HPOS="1176"/>
<String CONTENT="8;" HEIGHT="45" WIDTH="52" VPOS="1050" HPOS="1209"/>
<SP HEIGHT="35" WIDTH="33" VPOS="1060" HPOS="1262"/>
<String CONTENT="aff." HEIGHT="41" WIDTH="81" VPOS="1049" HPOS="1296"/>
<SP HEIGHT="40" WIDTH="32" VPOS="1050" HPOS="1378"/>
<String CONTENT="Apr." HEIGHT="47" WIDTH="113" VPOS="1050" HPOS="1411"/>
<SP HEIGHT="39" WIDTH="30" VPOS="1050" HPOS="1525"/>
<String CONTENT="6;" HEIGHT="46" WIDTH="52" VPOS="1050" HPOS="1556"/>
<SP HEIGHT="46" WIDTH="35" VPOS="1050" HPOS="1609"/>
<!-- cceid 04B64820-6D7D-1014-B4A5-D7A31D17AB40 --><String CONTENT="A" HEIGHT="39" WIDTH="38" VPOS="1050" HPOS="1645"/>
<SP HEIGHT="40" WIDTH="30" VPOS="1050" HPOS="1684"/>
<String CONTENT="50604;" HEIGHT="46" WIDTH="168" VPOS="1050" HPOS="1715"/>
<SP HEIGHT="44" WIDTH="37" VPOS="1052" HPOS="1884"/>
<String CONTENT="Princeton" HEIGHT="41" WIDTH="256" VPOS="1051" HPOS="1922"/>
<SP HEIGHT="29" WIDTH="33" VPOS="1063" HPOS="2179"/>
<String CONTENT="university" HEIGHT="48" WIDTH="268" VPOS="1051" HPOS="2213"/>
</TextLine>
<TextLine HEIGHT="54" WIDTH="1396" VPOS="1102" HPOS="556" CS="1">
<String CONTENT="press." HEIGHT="37" WIDTH="149" VPOS="1117" HPOS="556"/>
<SP HEIGHT="29" WIDTH="62" VPOS="1127" HPOS="706"/>
<String CS="1" CONTENT="[&#169;" HEIGHT="52" WIDTH="51" VPOS="1102" HPOS="786"/>
<SP HEIGHT="52" WIDTH="29" VPOS="1102" HPOS="838"/>
<String CONTENT="new" HEIGHT="31" WIDTH="104" VPOS="1116" HPOS="868"/>
<SP HEIGHT="28" WIDTH="29" VPOS="1118" HPOS="973"/>
<String CONTENT="matter" HEIGHT="37" WIDTH="179" VPOS="1110" HPOS="1003"/>
<SP HEIGHT="29" WIDTH="29" VPOS="1117" HPOS="1183"/>
<String CONTENT="and" HEIGHT="39" WIDTH="95" VPOS="1108" HPOS="1213"/>
<SP HEIGHT="40" WIDTH="31" VPOS="1107" HPOS="1309"/>
<String CONTENT="footnotes]" HEIGHT="49" WIDTH="259" VPOS="1107" HPOS="1341"/>
<SP HEIGHT="49" WIDTH="71" VPOS="1107" HPOS="1601"/>
<String CONTENT="(32-26384)" HEIGHT="48" WIDTH="279" VPOS="1107" HPOS="1673"/>
</TextLine>
<TextLine HEIGHT="66" WIDTH="1114" VPOS="1240" HPOS="484" STYLEREFS="StyleId-24A941D8-129D-484D-B437-E25F31AEC4AB-">
<String CONTENT="Weaver," HEIGHT="63" WIDTH="266" VPOS="1241" HPOS="484"/>
<SP HEIGHT="62" WIDTH="26" VPOS="1242" HPOS="751"/>
<String CONTENT="John" HEIGHT="54" WIDTH="154" VPOS="1241" HPOS="778"/>
<SP HEIGHT="53" WIDTH="29" VPOS="1241" HPOS="933"/>
<String CONTENT="Van" HEIGHT="53" WIDTH="128" VPOS="1241" HPOS="963"/>
<SP HEIGHT="53" WIDTH="30" VPOS="1241" HPOS="1092"/>
<String CONTENT="Alstyne," HEIGHT="66" WIDTH="271" VPOS="1240" HPOS="1123"/>
<SP HEIGHT="59" WIDTH="31" VPOS="1247" HPOS="1395"/>
<String CONTENT="1893-" HEIGHT="51" WIDTH="171" VPOS="1246" HPOS="1427"/>
</TextLine>
<TextLine HEIGHT="71" WIDTH="1924" VPOS="1317" HPOS="553" STYLEREFS="StyleId-24A941D8-129D-484D-B437-E25F31AEC4AB-" CS="1">
<String CONTENT="Trial" HEIGHT="53" WIDTH="158" VPOS="1318" HPOS="553"/>
<SP HEIGHT="53" WIDTH="50" VPOS="1317" HPOS="712"/>
<String CONTENT="balance," HEIGHT="60" WIDTH="250" VPOS="1317" HPOS="763"/>
<SP HEIGHT="40" WIDTH="48" VPOS="1337" HPOS="1014"/>
<String CONTENT="a" HEIGHT="33" WIDTH="30" VPOS="1337" HPOS="1063"/>
<SP HEIGHT="34" WIDTH="49" VPOS="1337" HPOS="1094"/>
<String CONTENT="sentimental" HEIGHT="53" WIDTH="362" VPOS="1318" HPOS="1144"/>
<SP HEIGHT="52" WIDTH="49" VPOS="1319" HPOS="1507"/>
<String CONTENT="inventory" HEIGHT="68" WIDTH="303" VPOS="1319" HPOS="1557"/>
<SP HEIGHT="49" WIDTH="53" VPOS="1338" HPOS="1861"/>
<String CS="1" CONTENT="[by]" HEIGHT="70" WIDTH="92" VPOS="1318" HPOS="1932"/>
<SP HEIGHT="67" WIDTH="53" VPOS="1320" HPOS="2025"/>
<String CONTENT="John" HEIGHT="54" WIDTH="154" VPOS="1320" HPOS="2079"/>
<SP HEIGHT="52" WIDTH="56" VPOS="1322" HPOS="2234"/>
<String CS="1" CONTENT="V." HEIGHT="9" WIDTH="10" VPOS="1363" HPOS="2345"/>
<SP HEIGHT="52" WIDTH="50" VPOS="1321" HPOS="2356"/>
<String CONTENT="A." HEIGHT="53" WIDTH="70" VPOS="1321" HPOS="2407"/>
</TextLine>
<TextLine HEIGHT="69" WIDTH="1653" VPOS="1397" HPOS="483" STYLEREFS="StyleId-24A941D8-129D-484D-B437-E25F31AEC4AB-">
<String CONTENT="Weaver." HEIGHT="53" WIDTH="253" VPOS="1397" HPOS="483"/>
<SP HEIGHT="52" WIDTH="76" VPOS="1397" HPOS="737"/>
<String CONTENT="New" HEIGHT="52" WIDTH="138" VPOS="1397" HPOS="814"/>
<SP HEIGHT="51" WIDTH="28" VPOS="1398" HPOS="953"/>
<String CONTENT="York," HEIGHT="65" WIDTH="179" VPOS="1397" HPOS="982"/>
<SP HEIGHT="64" WIDTH="26" VPOS="1398" HPOS="1162"/>
<String CONTENT="Farrar" HEIGHT="52" WIDTH="215" VPOS="1398" HPOS="1189"/>
<SP HEIGHT="50" WIDTH="25" VPOS="1400" HPOS="1405"/>
<String CONTENT="&amp;" HEIGHT="50" WIDTH="44" VPOS="1400" HPOS="1431"/>
<SP HEIGHT="52" WIDTH="27" VPOS="1398" HPOS="1476"/>
<String CONTENT="Rinehart," HEIGHT="68" WIDTH="299" VPOS="1398" HPOS="1504"/>
<SP HEIGHT="67" WIDTH="25" VPOS="1399" HPOS="1804"/>
<String CONTENT="inc.," HEIGHT="66" WIDTH="127" VPOS="1399" HPOS="1830"/>
<SP HEIGHT="62" WIDTH="28" VPOS="1403" HPOS="1958"/>
<String CONTENT="1932." HEIGHT="49" WIDTH="149" VPOS="1402" HPOS="1987"/>
</TextLine>
<TextLine HEIGHT="50" WIDTH="657" VPOS="1471" HPOS="553" CS="1">
<String CONTENT="4" HEIGHT="38" WIDTH="25" VPOS="1472" HPOS="553"/>
<SP HEIGHT="48" WIDTH="32" VPOS="1472" HPOS="579"/>
<String CONTENT="p." HEIGHT="37" WIDTH="41" VPOS="1483" HPOS="612"/>
<SP/>
<String CS="1" CONTENT="l.,"/>
<SP/>
<String CONTENT="74," HEIGHT="46" WIDTH="70" VPOS="1472" HPOS="764"/>
<SP HEIGHT="30" WIDTH="35" VPOS="1491" HPOS="835"/>
<String CONTENT="[1]" HEIGHT="48" WIDTH="55" VPOS="1473" HPOS="871"/>
<SP HEIGHT="38" WIDTH="35" VPOS="1483" HPOS="927"/>
<String CONTENT="p." HEIGHT="37" WIDTH="40" VPOS="1483" HPOS="963"/>
<SP HEIGHT="38" WIDTH="61" VPOS="1473" HPOS="1004"/>
<String CS="1" CONTENT="19&#189;&#7580;&#7504;." HEIGHT="41" WIDTH="144" VPOS="1471" HPOS="1066"/>
</TextLine>
<TextLine HEIGHT="49" WIDTH="503" VPOS="1542" HPOS="555">
<String CONTENT="A" HEIGHT="39" WIDTH="39" VPOS="1543" HPOS="555"/>
<SP HEIGHT="39" WIDTH="31" VPOS="1543" HPOS="595"/>
<String CONTENT="narrative" HEIGHT="41" WIDTH="251" VPOS="1542" HPOS="627"/>
<SP HEIGHT="38" WIDTH="30" VPOS="1553" HPOS="879"/>
<String CONTENT="poem." HEIGHT="39" WIDTH="148" VPOS="1552" HPOS="910"/>
</TextLine>
<TextLine HEIGHT="42" WIDTH="422" VPOS="1599" HPOS="554">
<String CONTENT="&#8220;First" HEIGHT="41" WIDTH="160" VPOS="1599" HPOS="554"/>
<SP HEIGHT="39" WIDTH="34" VPOS="1602" HPOS="715"/>
<String CONTENT="edition.&#8221;" HEIGHT="42" WIDTH="226" VPOS="1599" HPOS="750"/>
</TextLine>
<TextLine HEIGHT="54" WIDTH="1993" VPOS="1665" HPOS="483">
<String CONTENT="&#169;" HEIGHT="52" WIDTH="51" VPOS="1665" HPOS="483"/>
<SP HEIGHT="52" WIDTH="34" VPOS="1665" HPOS="535"/>
<String CONTENT="Mar." HEIGHT="40" WIDTH="121" VPOS="1669" HPOS="570"/>
<SP HEIGHT="39" WIDTH="37" VPOS="1670" HPOS="692"/>
<String CONTENT="10," HEIGHT="47" WIDTH="67" VPOS="1669" HPOS="730"/>
<SP HEIGHT="47" WIDTH="38" VPOS="1669" HPOS="798"/>
<String CONTENT="1932;" HEIGHT="41" WIDTH="138" VPOS="1669" HPOS="837"/>
<SP HEIGHT="41" WIDTH="37" VPOS="1669" HPOS="976"/>
<String CONTENT="2c." HEIGHT="40" WIDTH="67" VPOS="1669" HPOS="1014"/>
<SP HEIGHT="40" WIDTH="36" VPOS="1669" HPOS="1082"/>
<String CONTENT="Mar." HEIGHT="40" WIDTH="119" VPOS="1669" HPOS="1119"/>
<SP HEIGHT="38" WIDTH="38" VPOS="1670" HPOS="1239"/>
<String CONTENT="12;" HEIGHT="46" WIDTH="81" VPOS="1669" HPOS="1278"/>
<SP HEIGHT="35" WIDTH="39" VPOS="1680" HPOS="1360"/>
<String CONTENT="aff." HEIGHT="41" WIDTH="81" VPOS="1668" HPOS="1400"/>
<SP HEIGHT="39" WIDTH="36" VPOS="1670" HPOS="1482"/>
<String CONTENT="Mar." HEIGHT="39" WIDTH="121" VPOS="1670" HPOS="1519"/>
<SP HEIGHT="40" WIDTH="39" VPOS="1669" HPOS="1641"/>
<String CONTENT="11;" HEIGHT="47" WIDTH="80" VPOS="1669" HPOS="1681"/>
<SP HEIGHT="47" WIDTH="38" VPOS="1669" HPOS="1762"/>
<!-- cceid 04B6E149-6D7D-1014-B4A5-D7A31D17AB40 --><String CONTENT="A" HEIGHT="39" WIDTH="39" VPOS="1669" HPOS="1801"/>
<SP HEIGHT="39" WIDTH="35" VPOS="1669" HPOS="1841"/>
<String CONTENT="49071;" HEIGHT="48" WIDTH="171" VPOS="1669" HPOS="1877"/>
<SP HEIGHT="45" WIDTH="37" VPOS="1672" HPOS="2049"/>
<String CONTENT="J." HEIGHT="40" WIDTH="43" VPOS="1672" HPOS="2087"/>
<SP HEIGHT="41" WIDTH="39" VPOS="1671" HPOS="2131"/>
<String CONTENT="V." HEIGHT="41" WIDTH="50" VPOS="1671" HPOS="2171"/>
<SP HEIGHT="41" WIDTH="37" VPOS="1671" HPOS="2222"/>
<String CONTENT="Weaver," HEIGHT="48" WIDTH="216" VPOS="1671" HPOS="2260"/>
</TextLine>
<TextLine HEIGHT="48" WIDTH="792" VPOS="1727" HPOS="558">
<String CONTENT="Springdale," HEIGHT="48" WIDTH="299" VPOS="1727" HPOS="558"/>
<SP HEIGHT="47" WIDTH="25" VPOS="1728" HPOS="858"/>
<String CONTENT="Conn." HEIGHT="40" WIDTH="145" VPOS="1728" HPOS="884"/>
<SP HEIGHT="46" WIDTH="70" VPOS="1728" HPOS="1030"/>
<String CONTENT="(32-7375)" HEIGHT="47" WIDTH="249" VPOS="1727" HPOS="1101"/>
</TextLine>
<TextLine HEIGHT="65" WIDTH="1062" VPOS="1846" HPOS="484" STYLEREFS="StyleId-3D0B742D-212B-4305-A389-EAA49E58A46D-">
<String CONTENT="Westergaard," HEIGHT="65" WIDTH="440" VPOS="1846" HPOS="484"/>
<SP HEIGHT="64" WIDTH="30" VPOS="1846" HPOS="925"/>
<String CONTENT="Anders" HEIGHT="55" WIDTH="237" VPOS="1846" HPOS="956"/>
<SP HEIGHT="54" WIDTH="27" VPOS="1848" HPOS="1194"/>
<String CONTENT="Christian." HEIGHT="57" WIDTH="324" VPOS="1846" HPOS="1222"/>
</TextLine>
<TextLine HEIGHT="67" WIDTH="1658" VPOS="1923" HPOS="611" STYLEREFS="StyleId-24A941D8-129D-484D-B437-E25F31AEC4AB-" CS="1">
<String LANG="en-US" CS="1" CONTENT="&#8230;"/>
<SP HEIGHT="50" WIDTH="42" VPOS="1924" HPOS="611"/>
<String LANG="en-US" CONTENT="Degnens" HEIGHT="66" WIDTH="264" VPOS="1924" HPOS="654"/>
<SP HEIGHT="35" WIDTH="37" VPOS="1942" HPOS="919"/>
<String LANG="de" CONTENT="s" HEIGHT="33" WIDTH="24" VPOS="1942" HPOS="957"/>
<String LANG="en-US" CS="1" CONTENT="&#248;"/>
<String LANG="de" CONTENT="n." HEIGHT="32" WIDTH="52" VPOS="1943" HPOS="1021"/>
<SP HEIGHT="34" WIDTH="78" VPOS="1956" HPOS="1074"/>
<String LANG="de" CS="1" CONTENT="[K" HEIGHT="50" WIDTH="57" VPOS="1924" HPOS="1171"/>
<String LANG="en-US" CS="1" CONTENT="&#248;"/>
<String LANG="de" CONTENT="benhavn]" HEIGHT="67" WIDTH="280" VPOS="1923" HPOS="1266"/>
<SP HEIGHT="67" WIDTH="43" VPOS="1923" HPOS="1547"/>
<String LANG="en-US" CONTENT="S." HEIGHT="55" WIDTH="59" VPOS="1923" HPOS="1591"/>
<SP HEIGHT="52" WIDTH="35" VPOS="1925" HPOS="1651"/>
<String LANG="en-US" CONTENT="Hasselbalch," HEIGHT="66" WIDTH="393" VPOS="1924" HPOS="1687"/>
<SP HEIGHT="61" WIDTH="38" VPOS="1929" HPOS="2081"/>
<String LANG="en-US" CONTENT="1931." HEIGHT="49" WIDTH="149" VPOS="1929" HPOS="2120"/>
</TextLine>
<TextLine HEIGHT="48" WIDTH="331" VPOS="1997" HPOS="551" CS="1">
<String LANG="en-US" CONTENT="159" HEIGHT="41" WIDTH="86" VPOS="1997" HPOS="551"/>
<SP HEIGHT="48" WIDTH="25" VPOS="1997" HPOS="638"/>
<String LANG="fr" CONTENT="p." HEIGHT="38" WIDTH="43" VPOS="2007" HPOS="664"/>
<SP HEIGHT="40" WIDTH="58" VPOS="1997" HPOS="708"/>
<String LANG="ru" CONTENT="20" HEIGHT="40" WIDTH="57" VPOS="1997" HPOS="767"/>
<String LANG="en-US" CS="1" CONTENT="&#7580;&#7504;"/>
<String LANG="ru" CONTENT="." HEIGHT="7" WIDTH="7" VPOS="2029" HPOS="875"/>
</TextLine>
<TextLine HEIGHT="49" WIDTH="1090" VPOS="2066" HPOS="551" CS="1">
<String CONTENT="At" HEIGHT="40" WIDTH="65" VPOS="2069" HPOS="551"/>
<SP HEIGHT="40" WIDTH="27" VPOS="2069" HPOS="617"/>
<String CONTENT="head" HEIGHT="39" WIDTH="123" VPOS="2069" HPOS="645"/>
<SP HEIGHT="39" WIDTH="30" VPOS="2069" HPOS="769"/>
<String CONTENT="of" HEIGHT="40" WIDTH="51" VPOS="2067" HPOS="800"/>
<SP HEIGHT="40" WIDTH="30" VPOS="2067" HPOS="852"/>
<String CS="1" CONTENT="title:" HEIGHT="41" WIDTH="108" VPOS="2066" HPOS="883"/>
<SP HEIGHT="40" WIDTH="33" VPOS="2067" HPOS="1018"/>
<String CONTENT="A." HEIGHT="39" WIDTH="53" VPOS="2067" HPOS="1052"/>
<SP HEIGHT="41" WIDTH="32" VPOS="2067" HPOS="1106"/>
<String CONTENT="Chr." HEIGHT="41" WIDTH="110" VPOS="2067" HPOS="1139"/>
<SP HEIGHT="39" WIDTH="32" VPOS="2068" HPOS="1250"/>
<String CONTENT="Westergaard." HEIGHT="47" WIDTH="358" VPOS="2068" HPOS="1283"/>
</TextLine>
<TextLine HEIGHT="107" WIDTH="1973" VPOS="2136" HPOS="489" CS="1">
<String CONTENT="&#169;" HEIGHT="51" WIDTH="49" VPOS="2136" HPOS="489"/>
<SP HEIGHT="51" WIDTH="31" VPOS="2136" HPOS="539"/>
<String CONTENT="Oct." HEIGHT="42" WIDTH="101" VPOS="2139" HPOS="571"/>
<SP HEIGHT="43" WIDTH="29" VPOS="2138" HPOS="673"/>
<String CONTENT="28," HEIGHT="44" WIDTH="68" VPOS="2138" HPOS="703"/>
<SP HEIGHT="44" WIDTH="32" VPOS="2138" HPOS="772"/>
<String CS="1" CONTENT="1931;" HEIGHT="41" WIDTH="110" VPOS="2137" HPOS="805"/>
<SP/>
<String CS="1" CONTENT="1c."/>
<SP/>
<String CONTENT="Jan." HEIGHT="39" WIDTH="109" VPOS="2138" HPOS="1077"/>
<SP HEIGHT="40" WIDTH="31" VPOS="2137" HPOS="1187"/>
<String CONTENT="25," HEIGHT="47" WIDTH="68" VPOS="2137" HPOS="1219"/>
<SP HEIGHT="47" WIDTH="32" VPOS="2137" HPOS="1288"/>
<String CONTENT="1932;" HEIGHT="45" WIDTH="139" VPOS="2136" HPOS="1321"/>
<SP HEIGHT="44" WIDTH="34" VPOS="2137" HPOS="1461"/>
<!-- cceid 04B77D76-6D7D-1014-B4A5-D7A31D17AB40 --><String CONTENT="A&#8212;Foreign" HEIGHT="47" WIDTH="310" VPOS="2137" HPOS="1496"/>
<SP HEIGHT="38" WIDTH="31" VPOS="2139" HPOS="1807"/>
<String CONTENT="15474;" HEIGHT="47" WIDTH="170" VPOS="2138" HPOS="1839"/>
<SP HEIGHT="47" WIDTH="33" VPOS="2138" HPOS="2010"/>
<String CONTENT="A." HEIGHT="41" WIDTH="52" VPOS="2138" HPOS="2044"/>
<SP HEIGHT="40" WIDTH="35" VPOS="2139" HPOS="2097"/>
<String CONTENT="Chr." HEIGHT="40" WIDTH="108" VPOS="2139" HPOS="2133"/>
<SP HEIGHT="38" WIDTH="34" VPOS="2141" HPOS="2242"/>
<String CONTENT="Westergaard," HEIGHT="102" WIDTH="1907" VPOS="2141" HPOS="555"/>
</TextLine>
<TextLine HEIGHT="49" WIDTH="756" VPOS="2193" HPOS="748" CS="1">
<String CS="1" CONTENT="K&#248;ge," HEIGHT="46" WIDTH="146" VPOS="2196" HPOS="748"/>
<SP HEIGHT="45" WIDTH="29" VPOS="2195" HPOS="895"/>
<String CONTENT="Denmark." HEIGHT="39" WIDTH="258" VPOS="2194" HPOS="925"/>
<SP HEIGHT="46" WIDTH="69" VPOS="2194" HPOS="1184"/>
<String CONTENT="(32-8065)" HEIGHT="47" WIDTH="250" VPOS="2193" HPOS="1254"/>
</TextLine>
<TextLine HEIGHT="69" WIDTH="1690" VPOS="2309" HPOS="612" STYLEREFS="StyleId-24A941D8-129D-484D-B437-E25F31AEC4AB-" CS="1">
<String CS="1" CONTENT="&#8230;"/>
<SP HEIGHT="51" WIDTH="34" VPOS="2313" HPOS="612"/>
<String CONTENT="Fra" HEIGHT="50" WIDTH="115" VPOS="2313" HPOS="647"/>
<SP HEIGHT="55" WIDTH="27" VPOS="2319" HPOS="763"/>
<String CS="1" CONTENT="&#248;st" HEIGHT="48" WIDTH="51" VPOS="2316" HPOS="827"/>
<SP HEIGHT="48" WIDTH="28" VPOS="2316" HPOS="879"/>
<String CONTENT="til" HEIGHT="52" WIDTH="68" VPOS="2310" HPOS="908"/>
<SP HEIGHT="51" WIDTH="26" VPOS="2311" HPOS="977"/>
<String CONTENT="vest." HEIGHT="47" WIDTH="135" VPOS="2316" HPOS="1004"/>
<SP HEIGHT="34" WIDTH="70" VPOS="2342" HPOS="1140"/>
<String CS="1" CONTENT="["/>
<String LANG="de" CONTENT="K" HEIGHT="50" WIDTH="58" VPOS="2311" HPOS="1229"/>
<String CS="1" CONTENT="&#248;"/>
<String LANG="de" CONTENT="benhavn]" HEIGHT="66" WIDTH="279" VPOS="2310" HPOS="1325"/>
<SP HEIGHT="67" WIDTH="35" VPOS="2309" HPOS="1605"/>
<String CONTENT="S." HEIGHT="55" WIDTH="57" VPOS="2309" HPOS="1641"/>
<SP HEIGHT="51" WIDTH="29" VPOS="2311" HPOS="1699"/>
<String CONTENT="Hasselbalch," HEIGHT="67" WIDTH="392" VPOS="2311" HPOS="1729"/>
<SP HEIGHT="62" WIDTH="31" VPOS="2316" HPOS="2122"/>
<String CONTENT="1931." HEIGHT="48" WIDTH="148" VPOS="2316" HPOS="2154"/>
</TextLine>
<TextLine HEIGHT="49" WIDTH="333" VPOS="2385" HPOS="550" CS="1">
<String CONTENT="160" HEIGHT="41" WIDTH="85" VPOS="2386" HPOS="550"/>
<SP HEIGHT="48" WIDTH="27" VPOS="2386" HPOS="636"/>
<String CONTENT="p." HEIGHT="38" WIDTH="43" VPOS="2396" HPOS="664"/>
<SP HEIGHT="41" WIDTH="57" VPOS="2385" HPOS="708"/>
<String CS="1" CONTENT="20&#7580;&#7504;." HEIGHT="40" WIDTH="117" VPOS="2385" HPOS="766"/>
</TextLine>
<TextLine HEIGHT="49" WIDTH="1089" VPOS="2452" HPOS="551" CS="1">
<String CONTENT="At" HEIGHT="40" WIDTH="64" VPOS="2456" HPOS="551"/>
<SP HEIGHT="40" WIDTH="28" VPOS="2456" HPOS="616"/>
<String CONTENT="head" HEIGHT="39" WIDTH="123" VPOS="2456" HPOS="645"/>
<SP HEIGHT="38" WIDTH="30" VPOS="2456" HPOS="769"/>
<String CONTENT="of" HEIGHT="39" WIDTH="51" VPOS="2454" HPOS="800"/>
<SP HEIGHT="40" WIDTH="29" VPOS="2454" HPOS="852"/>
<String CS="1" CONTENT="title:" HEIGHT="41" WIDTH="108" VPOS="2453" HPOS="882"/>
<SP HEIGHT="40" WIDTH="33" VPOS="2452" HPOS="1017"/>
<String CONTENT="A." HEIGHT="40" WIDTH="54" VPOS="2452" HPOS="1051"/>
<SP HEIGHT="41" WIDTH="31" VPOS="2452" HPOS="1106"/>
<String CONTENT="Chr." HEIGHT="41" WIDTH="111" VPOS="2452" HPOS="1138"/>
<SP HEIGHT="38" WIDTH="31" VPOS="2454" HPOS="1250"/>
<String CONTENT="Westergaard." HEIGHT="48" WIDTH="358" VPOS="2453" HPOS="1282"/>
</TextLine>
<TextLine HEIGHT="109" WIDTH="1976" VPOS="2523" HPOS="487" CS="1">
<String CONTENT="&#169;" HEIGHT="52" WIDTH="51" VPOS="2524" HPOS="487"/>
<SP HEIGHT="52" WIDTH="31" VPOS="2524" HPOS="539"/>
<String CONTENT="Apr." HEIGHT="47" WIDTH="111" VPOS="2528" HPOS="571"/>
<SP HEIGHT="39" WIDTH="29" VPOS="2526" HPOS="683"/>
<String CONTENT="29," HEIGHT="42" WIDTH="69" VPOS="2526" HPOS="713"/>
<SP HEIGHT="43" WIDTH="31" VPOS="2525" HPOS="783"/>
<String CS="1" CONTENT="1931;" HEIGHT="41" WIDTH="111" VPOS="2524" HPOS="815"/>
<SP/>
<String CS="1" CONTENT="1c."/>
<SP/>
<String CONTENT="Jan." HEIGHT="39" WIDTH="107" VPOS="2525" HPOS="1084"/>
<SP HEIGHT="37" WIDTH="31" VPOS="2525" HPOS="1192"/>
<String CONTENT="25," HEIGHT="45" WIDTH="69" VPOS="2525" HPOS="1224"/>
<SP HEIGHT="46" WIDTH="30" VPOS="2524" HPOS="1294"/>
<String CS="1" CONTENT="1932;" HEIGHT="41" WIDTH="112" VPOS="2523" HPOS="1325"/>
<SP HEIGHT="40" WIDTH="32" VPOS="2524" HPOS="1465"/>
<!-- cceid 04B814BE-6D7D-1014-B4A5-D7A31D17AB40 --><String CONTENT="A&#8212;Foreign" HEIGHT="49" WIDTH="309" VPOS="2523" HPOS="1498"/>
<SP HEIGHT="39" WIDTH="31" VPOS="2525" HPOS="1808"/>
<String CS="1" CONTENT="15475;" HEIGHT="40" WIDTH="142" VPOS="2525" HPOS="1840"/>
<SP HEIGHT="44" WIDTH="33" VPOS="2525" HPOS="2009"/>
<String CONTENT="A." HEIGHT="40" WIDTH="54" VPOS="2525" HPOS="2043"/>
<SP HEIGHT="42" WIDTH="31" VPOS="2525" HPOS="2098"/>
<String CONTENT="Chr." HEIGHT="42" WIDTH="111" VPOS="2525" HPOS="2130"/>
<SP HEIGHT="39" WIDTH="32" VPOS="2527" HPOS="2242"/>
<String CONTENT="Westergaard," HEIGHT="105" WIDTH="1910" VPOS="2527" HPOS="553"/>
</TextLine>
<TextLine HEIGHT="52" WIDTH="759" VPOS="2578" HPOS="751" CS="1">
<String CS="1" CONTENT="K&#248;ge," HEIGHT="47" WIDTH="146" VPOS="2583" HPOS="751"/>
<SP HEIGHT="45" WIDTH="30" VPOS="2582" HPOS="898"/>
<String CONTENT="Denmark." HEIGHT="39" WIDTH="260" VPOS="2582" HPOS="929"/>
<SP HEIGHT="44" WIDTH="69" VPOS="2582" HPOS="1190"/>
<String CONTENT="(32-8064)" HEIGHT="48" WIDTH="250" VPOS="2578" HPOS="1260"/>
</TextLine>
<TextLine HEIGHT="65" WIDTH="1425" VPOS="2698" HPOS="482" STYLEREFS="StyleId-3D0B742D-212B-4305-A389-EAA49E58A46D-">
<String CONTENT="Westermann," HEIGHT="65" WIDTH="433" VPOS="2698" HPOS="482"/>
<SP HEIGHT="63" WIDTH="30" VPOS="2700" HPOS="916"/>
<String CONTENT="William" HEIGHT="55" WIDTH="254" VPOS="2698" HPOS="947"/>
<SP HEIGHT="53" WIDTH="30" VPOS="2699" HPOS="1202"/>
<String CONTENT="Linn," HEIGHT="64" WIDTH="171" VPOS="2698" HPOS="1233"/>
<SP HEIGHT="61" WIDTH="33" VPOS="2701" HPOS="1405"/>
<String CONTENT="1873-" HEIGHT="53" WIDTH="171" VPOS="2698" HPOS="1439"/>
<SP HEIGHT="35" WIDTH="210" VPOS="2715" HPOS="1611"/>
<String CONTENT="ed." HEIGHT="53" WIDTH="85" VPOS="2699" HPOS="1822"/>
</TextLine>
<TextLine HEIGHT="72" WIDTH="1928" VPOS="2773" HPOS="549" STYLEREFS="StyleId-24A941D8-129D-484D-B437-E25F31AEC4AB-">
<String CONTENT="Tax" HEIGHT="53" WIDTH="125" VPOS="2777" HPOS="549"/>
<SP HEIGHT="52" WIDTH="46" VPOS="2777" HPOS="675"/>
<String CONTENT="lists" HEIGHT="54" WIDTH="126" VPOS="2776" HPOS="722"/>
<SP HEIGHT="36" WIDTH="46" VPOS="2794" HPOS="849"/>
<String CONTENT="and" HEIGHT="52" WIDTH="113" VPOS="2777" HPOS="896"/>
<SP HEIGHT="52" WIDTH="49" VPOS="2777" HPOS="1010"/>
<String CONTENT="transportation" HEIGHT="69" WIDTH="455" VPOS="2775" HPOS="1060"/>
<SP HEIGHT="34" WIDTH="50" VPOS="2793" HPOS="1516"/>
<String CONTENT="receipts" HEIGHT="69" WIDTH="241" VPOS="2774" HPOS="1567"/>
<SP HEIGHT="55" WIDTH="51" VPOS="2773" HPOS="1809"/>
<String CONTENT="from" HEIGHT="55" WIDTH="152" VPOS="2773" HPOS="1861"/>
<SP HEIGHT="52" WIDTH="51" VPOS="2776" HPOS="2014"/>
<String CONTENT="Theadelphia," HEIGHT="70" WIDTH="411" VPOS="2775" HPOS="2066"/>
</TextLine>
<TextLine HEIGHT="71" WIDTH="1720" VPOS="2851" HPOS="479" STYLEREFS="StyleId-24A941D8-129D-484D-B437-E25F31AEC4AB-" CS="1">
<String CONTENT="edited" HEIGHT="53" WIDTH="188" VPOS="2854" HPOS="479"/>
<SP HEIGHT="53" WIDTH="32" VPOS="2854" HPOS="668"/>
<String CONTENT="with" HEIGHT="54" WIDTH="140" VPOS="2853" HPOS="701"/>
<SP HEIGHT="53" WIDTH="27" VPOS="2853" HPOS="842"/>
<String CONTENT="introductions" HEIGHT="54" WIDTH="420" VPOS="2853" HPOS="870"/>
<SP HEIGHT="36" WIDTH="29" VPOS="2871" HPOS="1291"/>
<String CONTENT="and" HEIGHT="53" WIDTH="113" VPOS="2853" HPOS="1321"/>
<SP HEIGHT="53" WIDTH="27" VPOS="2853" HPOS="1435"/>
<String CONTENT="notes" HEIGHT="49" WIDTH="159" VPOS="2857" HPOS="1463"/>
<SP HEIGHT="53" WIDTH="28" VPOS="2853" HPOS="1623"/>
<String CONTENT="by" HEIGHT="69" WIDTH="75" VPOS="2853" HPOS="1652"/>
<SP HEIGHT="69" WIDTH="27" VPOS="2853" HPOS="1728"/>
<String CONTENT="William" HEIGHT="54" WIDTH="260" VPOS="2852" HPOS="1756"/>
<SP HEIGHT="53" WIDTH="30" VPOS="2853" HPOS="2017"/>
<String CONTENT="Linn" HEIGHT="55" WIDTH="151" VPOS="2851" HPOS="2048"/>
</TextLine>
<TextLine HEIGHT="146" WIDTH="1995" VPOS="2853" HPOS="480" STYLEREFS="StyleId-24A941D8-129D-484D-B437-E25F31AEC4AB-" CS="1">
<String CONTENT="Westermann" HEIGHT="132" WIDTH="1971" VPOS="2853" HPOS="480"/>
<SP HEIGHT="35" WIDTH="31" VPOS="2950" HPOS="653"/>
<String CS="1" CONTENT="&#8230;"/>
<SP HEIGHT="35" WIDTH="31" VPOS="2950" HPOS="743"/>
<String CONTENT="and" HEIGHT="53" WIDTH="112" VPOS="2932" HPOS="775"/>
<SP HEIGHT="56" WIDTH="31" VPOS="2930" HPOS="888"/>
<String CONTENT="Clinton" HEIGHT="56" WIDTH="235" VPOS="2930" HPOS="920"/>
<SP HEIGHT="55" WIDTH="26" VPOS="2930" HPOS="1156"/>
<String CONTENT="Walker" HEIGHT="55" WIDTH="235" VPOS="2930" HPOS="1183"/>
<SP HEIGHT="52" WIDTH="27" VPOS="2930" HPOS="1419"/>
<String CONTENT="Keyes" HEIGHT="69" WIDTH="188" VPOS="2930" HPOS="1447"/>
<SP HEIGHT="35" WIDTH="32" VPOS="2948" HPOS="1636"/>
<String CS="1" CONTENT="&#8230;"/>
<SP HEIGHT="52" WIDTH="70" VPOS="2931" HPOS="1725"/>
<String CONTENT="New" HEIGHT="52" WIDTH="139" VPOS="2931" HPOS="1796"/>
<SP HEIGHT="53" WIDTH="27" VPOS="2931" HPOS="1936"/>
<String CONTENT="York," HEIGHT="68" WIDTH="181" VPOS="2930" HPOS="1964"/>
<SP HEIGHT="68" WIDTH="29" VPOS="2930" HPOS="2146"/>
<String CONTENT="Columbia" HEIGHT="55" WIDTH="299" VPOS="2930" HPOS="2176"/>
</TextLine>
<TextLine HEIGHT="69" WIDTH="698" VPOS="3009" HPOS="482" STYLEREFS="StyleId-24A941D8-129D-484D-B437-E25F31AEC4AB-">
<String CONTENT="university" HEIGHT="69" WIDTH="316" VPOS="3009" HPOS="482"/>
<SP HEIGHT="51" WIDTH="25" VPOS="3027" HPOS="799"/>
<String CONTENT="press," HEIGHT="51" WIDTH="173" VPOS="3027" HPOS="825"/>
<SP HEIGHT="64" WIDTH="29" VPOS="3012" HPOS="999"/>
<String CONTENT="1932." HEIGHT="51" WIDTH="151" VPOS="3011" HPOS="1029"/>
</TextLine>
<TextLine HEIGHT="51" WIDTH="1926" VPOS="3079" HPOS="550" CS="1">
<String CONTENT="xi," HEIGHT="47" WIDTH="64" VPOS="3083" HPOS="550"/>
<SP HEIGHT="48" WIDTH="25" VPOS="3082" HPOS="615"/>
<String CONTENT="219" HEIGHT="40" WIDTH="85" VPOS="3082" HPOS="641"/>
<SP HEIGHT="48" WIDTH="24" VPOS="3082" HPOS="727"/>
<String LANG="fr" CONTENT="p.," HEIGHT="37" WIDTH="57" VPOS="3093" HPOS="752"/>
<SP HEIGHT="46" WIDTH="27" VPOS="3082" HPOS="810"/>
<String CONTENT="1" HEIGHT="39" WIDTH="23" VPOS="3082" HPOS="838"/>
<SP HEIGHT="39" WIDTH="25" VPOS="3082" HPOS="862"/>
<String CS="1" CONTENT="l." HEIGHT="9" WIDTH="8" VPOS="3113" HPOS="909"/>
<SP HEIGHT="41" WIDTH="59" VPOS="3081" HPOS="918"/>
<String CONTENT="facsims." HEIGHT="41" WIDTH="214" VPOS="3081" HPOS="978"/>
<SP HEIGHT="41" WIDTH="59" VPOS="3079" HPOS="1193"/>
<String CS="1" CONTENT="28&#189;&#7580;&#7504;." HEIGHT="43" WIDTH="145" VPOS="3079" HPOS="1253"/>
<SP HEIGHT="49" WIDTH="70" VPOS="3079" HPOS="1399"/>
<String CONTENT="(Half-title:" HEIGHT="49" WIDTH="297" VPOS="3079" HPOS="1470"/>
<SP HEIGHT="42" WIDTH="25" VPOS="3079" HPOS="1768"/>
<String CONTENT="Columbia" HEIGHT="42" WIDTH="252" VPOS="3079" HPOS="1794"/>
<SP HEIGHT="38" WIDTH="26" VPOS="3090" HPOS="2047"/>
<String CONTENT="papyri." HEIGHT="50" WIDTH="186" VPOS="3079" HPOS="2074"/>
<SP HEIGHT="42" WIDTH="56" VPOS="3079" HPOS="2261"/>
<String CONTENT="Greek" HEIGHT="43" WIDTH="158" VPOS="3079" HPOS="2318"/>
</TextLine>
<TextLine HEIGHT="49" WIDTH="288" VPOS="3138" HPOS="479" CS="1">
<String CONTENT="series," HEIGHT="42" WIDTH="163" VPOS="3138" HPOS="479"/>
<SP HEIGHT="30" WIDTH="59" VPOS="3149" HPOS="643"/>
<String CS="1" CONTENT="II)" HEIGHT="48" WIDTH="15" VPOS="3139" HPOS="752"/>
</TextLine>
<TextLine HEIGHT="51" WIDTH="1922" VPOS="3205" HPOS="553">
<String CONTENT="&#8220;In" HEIGHT="39" WIDTH="86" VPOS="3209" HPOS="553"/>
<SP HEIGHT="39" WIDTH="25" VPOS="3210" HPOS="640"/>
<String CONTENT="this" HEIGHT="40" WIDTH="100" VPOS="3209" HPOS="666"/>
<SP HEIGHT="30" WIDTH="24" VPOS="3219" HPOS="767"/>
<String CONTENT="volume" HEIGHT="41" WIDTH="188" VPOS="3208" HPOS="792"/>
<SP HEIGHT="30" WIDTH="27" VPOS="3219" HPOS="981"/>
<String CONTENT="are" HEIGHT="30" WIDTH="82" VPOS="3219" HPOS="1009"/>
<SP HEIGHT="37" WIDTH="27" VPOS="3218" HPOS="1092"/>
<String CONTENT="published" HEIGHT="48" WIDTH="254" VPOS="3207" HPOS="1120"/>
<SP HEIGHT="40" WIDTH="26" VPOS="3208" HPOS="1375"/>
<String CONTENT="the" HEIGHT="41" WIDTH="81" VPOS="3208" HPOS="1402"/>
<SP HEIGHT="30" WIDTH="27" VPOS="3219" HPOS="1484"/>
<String CONTENT="rectos" HEIGHT="40" WIDTH="156" VPOS="3208" HPOS="1512"/>
<SP HEIGHT="29" WIDTH="26" VPOS="3219" HPOS="1669"/>
<String CONTENT="of" HEIGHT="42" WIDTH="54" VPOS="3206" HPOS="1696"/>
<SP HEIGHT="43" WIDTH="22" VPOS="3206" HPOS="1751"/>
<String CONTENT="a" HEIGHT="29" WIDTH="26" VPOS="3220" HPOS="1774"/>
<SP HEIGHT="37" WIDTH="29" VPOS="3217" HPOS="1801"/>
<String CONTENT="group" HEIGHT="39" WIDTH="150" VPOS="3217" HPOS="1831"/>
<SP HEIGHT="38" WIDTH="27" VPOS="3218" HPOS="1982"/>
<String CONTENT="of" HEIGHT="42" WIDTH="53" VPOS="3205" HPOS="2010"/>
<SP HEIGHT="40" WIDTH="27" VPOS="3205" HPOS="2064"/>
<String CONTENT="related" HEIGHT="41" WIDTH="183" VPOS="3207" HPOS="2092"/>
<SP HEIGHT="48" WIDTH="26" VPOS="3207" HPOS="2276"/>
<String CONTENT="papyri" HEIGHT="50" WIDTH="172" VPOS="3205" HPOS="2303"/>
</TextLine>
<TextLine HEIGHT="109" WIDTH="1975" VPOS="3262" HPOS="482" CS="1">
<String CONTENT="which" HEIGHT="40" WIDTH="155" VPOS="3265" HPOS="483"/>
<SP HEIGHT="40" WIDTH="35" VPOS="3265" HPOS="639"/>
<String CONTENT="came" HEIGHT="30" WIDTH="132" VPOS="3275" HPOS="675"/>
<SP HEIGHT="37" WIDTH="34" VPOS="3268" HPOS="808"/>
<String CONTENT="to" HEIGHT="37" WIDTH="47" VPOS="3268" HPOS="843"/>
<SP HEIGHT="38" WIDTH="36" VPOS="3267" HPOS="891"/>
<String CONTENT="the" HEIGHT="39" WIDTH="80" VPOS="3266" HPOS="928"/>
<SP HEIGHT="40" WIDTH="34" VPOS="3265" HPOS="1009"/>
<String CONTENT="library" HEIGHT="48" WIDTH="186" VPOS="3264" HPOS="1044"/>
<SP HEIGHT="37" WIDTH="32" VPOS="3275" HPOS="1231"/>
<String CONTENT="of" HEIGHT="40" WIDTH="52" VPOS="3264" HPOS="1264"/>
<SP HEIGHT="42" WIDTH="32" VPOS="3262" HPOS="1317"/>
<String CONTENT="Columbia" HEIGHT="42" WIDTH="249" VPOS="3262" HPOS="1350"/>
<SP HEIGHT="30" WIDTH="38" VPOS="3274" HPOS="1600"/>
<String CONTENT="university" HEIGHT="47" WIDTH="271" VPOS="3262" HPOS="1639"/>
<SP HEIGHT="46" WIDTH="33" VPOS="3263" HPOS="1911"/>
<String CONTENT="in" HEIGHT="40" WIDTH="49" VPOS="3263" HPOS="1945"/>
<SP HEIGHT="37" WIDTH="38" VPOS="3266" HPOS="1995"/>
<String CONTENT="1923" HEIGHT="41" WIDTH="113" VPOS="3263" HPOS="2034"/>
<SP HEIGHT="51" WIDTH="38" VPOS="3263" HPOS="2148"/>
<String CS="1" CONTENT="[P." HEIGHT="39" WIDTH="48" VPOS="3264" HPOS="2202"/>
<SP HEIGHT="42" WIDTH="38" VPOS="3263" HPOS="2251"/>
<String CONTENT="Columbia" HEIGHT="99" WIDTH="1975" VPOS="3263" HPOS="482"/>
<SP HEIGHT="40" WIDTH="33" VPOS="3322" HPOS="562"/>
<String CONTENT="1]&#8221;&#8212;Introd." HEIGHT="50" WIDTH="320" VPOS="3321" HPOS="596"/>
</TextLine>
<TextLine HEIGHT="52" WIDTH="1986" VPOS="3389" HPOS="487">
<String CONTENT="&#169;" HEIGHT="51" WIDTH="51" VPOS="3390" HPOS="487"/>
<SP HEIGHT="51" WIDTH="38" VPOS="3390" HPOS="539"/>
<String CONTENT="Feb." HEIGHT="39" WIDTH="109" VPOS="3394" HPOS="578"/>
<SP HEIGHT="41" WIDTH="35" VPOS="3392" HPOS="688"/>
<String CONTENT="15," HEIGHT="47" WIDTH="68" VPOS="3392" HPOS="724"/>
<SP HEIGHT="45" WIDTH="36" VPOS="3394" HPOS="793"/>
<String CONTENT="1932;" HEIGHT="47" WIDTH="140" VPOS="3392" HPOS="830"/>
<SP HEIGHT="46" WIDTH="35" VPOS="3393" HPOS="971"/>
<String CONTENT="2c." HEIGHT="39" WIDTH="68" VPOS="3393" HPOS="1007"/>
<SP HEIGHT="37" WIDTH="36" VPOS="3395" HPOS="1076"/>
<String CONTENT="Feb." HEIGHT="39" WIDTH="109" VPOS="3393" HPOS="1113"/>
<SP HEIGHT="40" WIDTH="35" VPOS="3392" HPOS="1223"/>
<String CONTENT="23;" HEIGHT="47" WIDTH="82" VPOS="3392" HPOS="1259"/>
<SP HEIGHT="36" WIDTH="38" VPOS="3403" HPOS="1342"/>
<String CONTENT="aff." HEIGHT="40" WIDTH="82" VPOS="3393" HPOS="1381"/>
<SP HEIGHT="38" WIDTH="38" VPOS="3393" HPOS="1464"/>
<String CONTENT="Feb." HEIGHT="40" WIDTH="108" VPOS="3392" HPOS="1503"/>
<SP HEIGHT="39" WIDTH="36" VPOS="3393" HPOS="1612"/>
<String CONTENT="20;" HEIGHT="45" WIDTH="82" VPOS="3393" HPOS="1649"/>
<SP HEIGHT="46" WIDTH="38" VPOS="3392" HPOS="1732"/>
<!-- cceid 04B8B7D1-6D7D-1014-B4A5-D7A31D17AB40 --><String CONTENT="A" HEIGHT="39" WIDTH="39" VPOS="3392" HPOS="1771"/>
<SP HEIGHT="40" WIDTH="34" VPOS="3392" HPOS="1811"/>
<String CONTENT="48597;" HEIGHT="47" WIDTH="171" VPOS="3392" HPOS="1846"/>
<SP HEIGHT="46" WIDTH="39" VPOS="3393" HPOS="2018"/>
<String CONTENT="Columbia" HEIGHT="42" WIDTH="248" VPOS="3391" HPOS="2058"/>
<SP HEIGHT="29" WIDTH="39" VPOS="3402" HPOS="2307"/>
<String CONTENT="univ." HEIGHT="42" WIDTH="126" VPOS="3389" HPOS="2347"/>
</TextLine>
<TextLine HEIGHT="48" WIDTH="469" VPOS="3450" HPOS="554">
<String CONTENT="press." HEIGHT="38" WIDTH="147" VPOS="3460" HPOS="554"/>
<SP HEIGHT="46" WIDTH="70" VPOS="3451" HPOS="702"/>
<String CONTENT="(32-7530)" HEIGHT="47" WIDTH="250" VPOS="3450" HPOS="773"/>
</TextLine>
<TextLine HEIGHT="66" WIDTH="817" VPOS="3568" HPOS="483" STYLEREFS="StyleId-3D0B742D-212B-4305-A389-EAA49E58A46D-">
<String CONTENT="Williams," HEIGHT="66" WIDTH="304" VPOS="3568" HPOS="483"/>
<SP HEIGHT="63" WIDTH="26" VPOS="3571" HPOS="788"/>
<String CONTENT="Mrs." HEIGHT="51" WIDTH="138" VPOS="3571" HPOS="815"/>
<SP HEIGHT="51" WIDTH="27" VPOS="3570" HPOS="954"/>
<String CONTENT="Bertye" HEIGHT="63" WIDTH="221" VPOS="3570" HPOS="982"/>
<SP HEIGHT="53" WIDTH="24" VPOS="3569" HPOS="1204"/>
<String CONTENT="Y." HEIGHT="53" WIDTH="71" VPOS="3569" HPOS="1229"/>
</TextLine>
<TextLine HEIGHT="72" WIDTH="1918" VPOS="3641" HPOS="552" STYLEREFS="StyleId-24A941D8-129D-484D-B437-E25F31AEC4AB-" CS="1">
<String CONTENT="Apples" HEIGHT="66" WIDTH="220" VPOS="3646" HPOS="552"/>
<SP HEIGHT="34" WIDTH="27" VPOS="3664" HPOS="773"/>
<String CONTENT="of" HEIGHT="52" WIDTH="64" VPOS="3645" HPOS="801"/>
<SP HEIGHT="68" WIDTH="25" VPOS="3645" HPOS="866"/>
<String CONTENT="gold," HEIGHT="67" WIDTH="153" VPOS="3646" HPOS="892"/>
<SP HEIGHT="64" WIDTH="25" VPOS="3646" HPOS="1046"/>
<String CONTENT="by" HEIGHT="66" WIDTH="75" VPOS="3646" HPOS="1072"/>
<SP HEIGHT="65" WIDTH="27" VPOS="3647" HPOS="1148"/>
<String LANG="fr" CONTENT="B." HEIGHT="49" WIDTH="65" VPOS="3647" HPOS="1176"/>
<SP HEIGHT="50" WIDTH="32" VPOS="3646" HPOS="1242"/>
<String CONTENT="Y." HEIGHT="50" WIDTH="67" VPOS="3646" HPOS="1275"/>
<SP HEIGHT="50" WIDTH="29" VPOS="3647" HPOS="1343"/>
<String CONTENT="Williams" HEIGHT="52" WIDTH="287" VPOS="3645" HPOS="1373"/>
<SP HEIGHT="34" WIDTH="33" VPOS="3663" HPOS="1661"/>
<String CS="1" CONTENT="&#8230;"/>
<SP HEIGHT="51" WIDTH="77" VPOS="3645" HPOS="1751"/>
<String CONTENT="New" HEIGHT="51" WIDTH="138" VPOS="3645" HPOS="1829"/>
<SP HEIGHT="50" WIDTH="29" VPOS="3645" HPOS="1968"/>
<String CONTENT="York," HEIGHT="66" WIDTH="179" VPOS="3643" HPOS="1998"/>
<SP HEIGHT="66" WIDTH="28" VPOS="3643" HPOS="2178"/>
<String CONTENT="G." HEIGHT="54" WIDTH="68" VPOS="3643" HPOS="2207"/>
<SP HEIGHT="54" WIDTH="32" VPOS="3642" HPOS="2276"/>
<String CONTENT="Sully" HEIGHT="68" WIDTH="161" VPOS="3641" HPOS="2309"/>
</TextLine>
<TextLine HEIGHT="68" WIDTH="704" VPOS="3722" HPOS="481" STYLEREFS="StyleId-24A941D8-129D-484D-B437-E25F31AEC4AB-">
<String CONTENT="&amp;" HEIGHT="48" WIDTH="43" VPOS="3725" HPOS="481"/>
<SP HEIGHT="49" WIDTH="26" VPOS="3725" HPOS="525"/>
<String CONTENT="company," HEIGHT="50" WIDTH="297" VPOS="3740" HPOS="552"/>
<SP HEIGHT="67" WIDTH="28" VPOS="3722" HPOS="850"/>
<String CONTENT="inc.," HEIGHT="65" WIDTH="125" VPOS="3722" HPOS="879"/>
<SP HEIGHT="61" WIDTH="30" VPOS="3726" HPOS="1005"/>
<String CONTENT="1932." HEIGHT="48" WIDTH="149" VPOS="3726" HPOS="1036"/>
</TextLine>
<TextLine HEIGHT="49" WIDTH="496" VPOS="3795" HPOS="552" STYLEREFS="StyleId-24A941D8-129D-484D-B437-E25F31AEC4AB-" CS="1">
<String CONTENT="xiii," HEIGHT="48" WIDTH="102" VPOS="3796" HPOS="552"/>
<SP HEIGHT="47" WIDTH="29" VPOS="3797" HPOS="655"/>
<String CONTENT="140" HEIGHT="40" WIDTH="85" VPOS="3796" HPOS="685"/>
<SP HEIGHT="48" WIDTH="29" VPOS="3796" HPOS="771"/>
<String CONTENT="p." HEIGHT="37" WIDTH="42" VPOS="3807" HPOS="801"/>
<SP HEIGHT="40" WIDTH="58" VPOS="3797" HPOS="844"/>
<String CS="1" CONTENT="19&#189;&#7580;&#7504;." HEIGHT="43" WIDTH="145" VPOS="3795" HPOS="903"/>
</TextLine>
<TextLine HEIGHT="41" WIDTH="184" VPOS="3867" HPOS="550">
<String CONTENT="Poems." HEIGHT="41" WIDTH="184" VPOS="3867" HPOS="550"/>
</TextLine>
<TextLine HEIGHT="53" WIDTH="1981" VPOS="3932" HPOS="488" CS="1">
<String CONTENT="&#169;" HEIGHT="52" WIDTH="51" VPOS="3932" HPOS="488"/>
<SP HEIGHT="52" WIDTH="26" VPOS="3932" HPOS="540"/>
<String CONTENT="Mar." HEIGHT="39" WIDTH="121" VPOS="3937" HPOS="567"/>
<SP HEIGHT="40" WIDTH="25" VPOS="3936" HPOS="689"/>
<String CONTENT="14," HEIGHT="45" WIDTH="68" VPOS="3936" HPOS="715"/>
<SP HEIGHT="44" WIDTH="25" VPOS="3937" HPOS="784"/>
<String CS="1" CONTENT="1932;" HEIGHT="41" WIDTH="113" VPOS="3936" HPOS="810"/>
<SP HEIGHT="46" WIDTH="26" VPOS="3938" HPOS="950"/>
<String CONTENT="2c." HEIGHT="40" WIDTH="67" VPOS="3938" HPOS="977"/>
<SP HEIGHT="29" WIDTH="27" VPOS="3948" HPOS="1045"/>
<String CONTENT="and" HEIGHT="39" WIDTH="94" VPOS="3938" HPOS="1073"/>
<SP HEIGHT="39" WIDTH="25" VPOS="3938" HPOS="1168"/>
<String CONTENT="aff." HEIGHT="40" WIDTH="80" VPOS="3937" HPOS="1194"/>
<SP HEIGHT="38" WIDTH="29" VPOS="3938" HPOS="1275"/>
<String CONTENT="Mar." HEIGHT="38" WIDTH="119" VPOS="3938" HPOS="1305"/>
<SP HEIGHT="38" WIDTH="29" VPOS="3938" HPOS="1425"/>
<String CS="1" CONTENT="16;" HEIGHT="39" WIDTH="56" VPOS="3938" HPOS="1455"/>
<SP HEIGHT="46" WIDTH="27" VPOS="3937" HPOS="1536"/>
<!-- cceid 04B952C2-6D7D-1014-B4A5-D7A31D17AB40 --><String CONTENT="A" HEIGHT="39" WIDTH="41" VPOS="3937" HPOS="1564"/>
<SP HEIGHT="40" WIDTH="26" VPOS="3937" HPOS="1606"/>
<String CS="1" CONTENT="50017;" HEIGHT="40" WIDTH="141" VPOS="3937" HPOS="1633"/>
<SP HEIGHT="45" WIDTH="31" VPOS="3937" HPOS="1802"/>
<String CONTENT="George" HEIGHT="47" WIDTH="181" VPOS="3937" HPOS="1834"/>
<SP HEIGHT="40" WIDTH="30" VPOS="3937" HPOS="2016"/>
<String CONTENT="Sully" HEIGHT="49" WIDTH="133" VPOS="3936" HPOS="2047"/>
<SP HEIGHT="49" WIDTH="27" VPOS="3936" HPOS="2181"/>
<String CONTENT="&amp;" HEIGHT="40" WIDTH="35" VPOS="3936" HPOS="2209"/>
<SP HEIGHT="40" WIDTH="25" VPOS="3936" HPOS="2245"/>
<String LANG="ru" CONTENT="co.," HEIGHT="36" WIDTH="81" VPOS="3945" HPOS="2271"/>
<SP HEIGHT="48" WIDTH="27" VPOS="3933" HPOS="2353"/>
<String CONTENT="inc." HEIGHT="40" WIDTH="88" VPOS="3933" HPOS="2381"/>
</TextLine>
<TextLine HEIGHT="49" WIDTH="250" VPOS="3991" HPOS="564">
<String CONTENT="(32-7376)" HEIGHT="49" WIDTH="250" VPOS="3991" HPOS="564"/>
</TextLine>
</TextBlock>
</PrintSpace>
</Page>
</Layout>
</alto>