2563 4368
1426 4032 64 50 88

463 448 228 64 Horler,
723 448 256 63 Sydney.

532 523 121 52 The
683 522 144 52 false
855 521 221 68 purple,
1105 521 75 68 by
1211 520 230 68 Sydney
1469 520 228 52 Horler.
1772 519 136 51 New
1942 517 179 66 York,
2150 517 119 52 The
461 517 1968 151 Mystery

616 600 216 67 league,
861 598 126 69 inc.,
1021 600 150 51 1932.

531 681 87 41 287
643 692 43 38 p.
746 680 148 42 19½ᶜᵐ.

536 751 162 40 “First
727 749 226 43 edition.”

470 820 50 51 ©
552 824 108 38 Jan.
690 822 68 46 24,
789 820 140 48 1932;
960 822 66 39 2c.
1058 822 94 38 and
1182 819 81 42 aff.
1294 821 109 39 Jan.
1432 818 82 48 29;
1547 819 40 38 A
1615 817 170 47 47280;
1819 819 216 46 Mystery
2066 818 183 46 league,
2280 816 90 39 inc.

547 879 249 49 (32-2662)

467 981 120 52 The
639 980 378 63 Huntington
1070 979 219 67 library
1339 978 257 52 bulletin,
1671 995 88 33 no.
1812 979 49 63 2,
1913 978 335 66 November,
2302 979 148 49 1931.

540 1057 361 69 Cambridge,
930 1059 190 66 Mass.,
1151 1057 274 52 Harvard
1455 1055 318 66 university
1803 1074 174 49 press,
2010 1058 149 49 1931.

466 1128 1973 107 3 p. l., 176 p. facsims. 24ᶜᵐ. (Half-title: Huntington library publications)
472 1255 50 51 ©
552 1259 110 39 Dec.
693 1258 67 48 16,
791 1258 139 47 1931;
961 1258 66 40 2c.
1058 1258 110 40 Dec.
1197 1256 82 48 24;
1311 1256 82 41 aff.
1423 1257 109 39 Feb.
1562 1257 41 47 4,
1634 1255 139 43 1932;
1807 1256 38 38 A
1875 1256 170 41 47452;
2081 1253 251 42 President
2362 1256 95 39 and

538 1316 192 39 fellows
757 1315 51 39 of
837 1316 228 40 Harvard
1096 1315 190 47 college,
1319 1312 299 48 Cambridge,
1650 1315 146 37 Mass.

465 1414 274 69 Jackson,
768 1417 299 54 Theodore
1097 1416 275 65 Andrew,
1403 1421 169 48 1901-

599 1492 1853 69 … General factors in transfer of training in the white rat;
468 1571 152 55 from
645 1575 94 50 the
765 1571 237 54 Animal
1028 1572 328 67 laboratory
1382 1572 63 52 of
1473 1572 94 52 the
1594 1571 378 67 Department
2001 1573 63 52 of
2091 1572 366 67 psychology,

469 1648 1988 69 Columbia university, by Theodore A. Jackson … Worcester,
466 1725 956 70 Mass., Clark university, ᶜ1 932.
538 1797 1869 51 59 p. illus., diagrs. 24½ᶜᵐ. (Genetic psychology monographs …
469 1857 89 41 vol.
590 1866 67 39 XI,
686 1867 75 32 no.
790 1857 51 47 1)

539 1928 170 40 Issued
739 1929 102 38 also
871 1939 53 28 as
954 1927 152 40 thesis
1145 1928 107 47 (ph.
1282 1927 66 47 d.)
1388 1927 248 41 Columbia
1671 1927 283 47 university.

540 1984 375 41 “References”:
945 1995 43 37 p.
1017 1984 157 41 56-57.

475 2052 50 51 ©
556 2058 109 40 Jan.
695 2057 38 46 8,
763 2055 113 41 1932;
935 2057 66 39 2c.
1033 2057 109 40 Jan.
1172 2057 81 46 11;
1287 2055 81 42 aff.
1399 2056 108 39 Jan.
1538 2056 81 46 14;
1654 2056 39 38 A
1722 2055 143 40 46908;
1928 2056 147 39 Clark
2107 2056 129 40 univ.

551 2113 249 49 (32-2855)

469 2215 229 64 Jacobs,
728 2215 192 63 Philip
951 2217 193 62 Peter,
1178 2217 170 53 1879-

539 2291 119 51 The
690 2291 220 51 control
941 2289 63 52 of
1035 2289 371 52 tuberculosis
1438 2289 58 52 in
1530 2290 94 51 the
1655 2289 218 54 United
1910 2288 206 69 States,
2147 2290 77 68 by
2258 2289 198 68 Philip

469 2365 1989 68 P. Jacobs … New York, National tuberculosis association,
472 2448 148 49 1932.

538 2524 99 48 viii,
667 2524 85 40 407
781 2534 42 37 p.
884 2524 178 47 diagrs.
1121 2522 116 42 24ᶜᵐ.

540 2594 187 40 “Books
764 2594 81 39 for
880 2595 83 38 the
1000 2592 321 41 tuberculosis
1358 2593 228 41 worker’s
1625 2594 211 48 library”:
1907 2606 42 36 p.
1990 2595 229 48 387-395;
470 2596 1970 104 bibliography
647 2652 52 39 at
722 2652 92 39 end
840 2651 52 39 of
916 2650 118 40 each
1059 2650 199 46 chapter
1285 2652 169 45 except
1480 2662 101 28 one.

476 2719 50 51 ©
562 2724 108 38 Jan.
706 2722 67 46 16,
808 2720 139 47 1932;
983 2722 67 39 2c.
1085 2723 95 37 and
1214 2721 81 40 aff.
1330 2722 107 38 Jan.
1473 2722 82 46 20;
1592 2722 40 38 A
1665 2722 142 40 47092;
1872 2724 228 39 National
2139 2724 319 40 tuberculosis

543 2789 125 29 assn.
740 2777 248 48 (32-2974)

470 2881 354 64 Karpovich,
852 2880 246 53 Mikhail
1127 2880 438 57 Mikhailovich.

541 2956 1914 71 Imperial Russia, 1801-1917, by Michael Karpovich … New
475 3035 1105 68 York, H. Holt and company [ ᶜ1 932]
474 3106 1964 105 viii p., 1 l., 106 p. 19½ᶜᵐ. (Half-title: The Berkshire studies in European history)
544 3234 438 47 “Bibliographical
1013 3233 166 41 note”:
1211 3245 42 37 p.
1281 3234 185 41 97-102.

478 3303 50 51 ©
560 3308 107 38 Jan.
699 3307 67 46 11,
798 3305 139 43 1932;
969 3306 65 39 2c.
1066 3306 107 39 Jan.
1204 3306 82 46 23;
1319 3305 80 40 aff.
1432 3307 108 38 Jan.
1572 3306 81 48 22;
1685 3307 40 38 A
1755 3308 170 41 47175:
1959 3277 167 74 Henri
2158 3311 117 40 Holt
2307 3311 36 39 &
2374 3321 82 35 co.,

544 3363 89 39 inc.
703 3362 247 47 (32-2862)

470 3464 754 65 Kov á cs, Richard, 1884-
470 3538 1960 220 Electrotherapy and the elements of light therapy, by Richard Kovacs … illustrated with 211 engravings. Philadelphia, Lea & Febiger, 1932.
539 3771 95 48 xvi,
666 3769 202 51 [17]-528
894 3780 43 37 p.
998 3770 141 46 illus.,
1166 3770 177 46 diagrs.
1399 3769 144 43 24½ᶜᵐ.

542 3839 346 41 “References”
914 3841 52 38 at
990 3841 91 39 end
1105 3840 52 40 of
1180 3842 125 38 most
1330 3841 52 39 of
1404 3841 82 40 the
1512 3842 237 46 chapters.

477 3909 50 51 ©
555 3914 107 38 Jan.
691 3913 39 41 4.
758 3910 139 48 1932;
927 3912 66 40 2c.
1022 3912 108 41 Jan.
1158 3911 51 47 5;
1239 3911 80 40 aff.
1349 3912 108 42 Jan.
1485 3914 51 45 7;
1566 3913 41 38 A
1633 3913 171 48 48066;
1835 3916 91 38 Lea
1957 3915 37 39 &
2022 3916 213 44 Febiger.

554 3967 247 50 (32-2970)
