2563 4368
1010 4048 134 50 1621

144 503 103 48 xiii,
276 502 87 41 295
392 513 44 37 p.
492 501 116 42 23ᶜᵐ.

146 560 163 40 “First
338 557 226 43 edition.”

146 616 374 48 Bibliography:
551 625 43 37 p.
627 613 217 42 290-292.

80 674 51 51 ©
165 678 101 39 Oct.
299 675 68 48 19,
400 674 112 41 1932;
573 675 67 39 2c.
673 673 101 41 Oct.
805 673 55 39 20;
924 671 81 41 aff.
1038 671 102 40 Oct.
1173 670 82 47 21;
1293 670 38 38 A
1363 669 142 40 56615;
1568 669 50 40 L.
1653 669 49 39 L.
1738 667 178 47 Pierce,
147 668 1906 111 Burlingame.

397 731 143 40 Calif.
611 728 279 49 (32-30759)

77 823 214 64 Polley,
320 824 172 62 Mary
520 823 66 52 E.

209 894 1858 69 … Rosa at home and school; primer, by Mary E. Polley
139 973 1923 68 … and Andres Batica … Revised. Boston, New York [ etc.]
78 1055 1064 67 D. C. Heath and company [ ᶜ1 932 ]
149 1130 84 41 128
267 1141 42 36 p.
373 1130 83 39 col.
492 1129 128 39 illus.
684 1127 145 41 19½ᶜᵐ.
903 1126 298 50 (Philippine
1236 1127 128 39 child
1399 1126 88 40 life
1523 1125 221 47 readers)

83 1183 51 51 ©
165 1188 112 46 May
305 1186 68 46 25,
403 1185 140 47 1932;
573 1185 67 40 2c.
670 1186 114 46 May
812 1185 81 46 31;
926 1183 82 41 aff.
1039 1184 126 40 June
1196 1184 80 45 11;
1308 1183 41 38 A
1380 1182 168 46 52222;
1581 1180 286 41 Associated
1896 1182 176 48 pubrs.,

150 1244 194 39 Boston,
416 1242 14 47 (CA
517 1242 175 40 32-738
710 1240 233 49 Unrev’d)

78 1334 305 64 Pomeroy,
416 1332 208 56 Claire.

144 1410 153 52 Love
326 1409 277 67 madness,
632 1428 32 34 a
693 1414 158 62 story
880 1408 63 54 of
974 1427 30 34 a
1035 1407 308 54 forbidden
1373 1408 143 65 love,
1543 1407 76 66 by
1649 1406 191 56 Claire
86 1407 1960 147 Pomeroy

273 1484 1226 69 … New York, Grosset & Dunlap [ ᶜ1 932]
147 1560 101 48 viii,
281 1558 85 41 247
397 1570 44 38 p.
502 1559 144 41 19½ᶜᵐ.

85 1614 1990 51 © Oct. 25. 1932; 2c. and aff. Oct. 27; A 55674; Grosset & Dunlap, inc.
162 1673 278 48 (32-30525)

79 1755 172 66 Pope,
282 1755 145 54 Paul
457 1756 230 63 Russel,
721 1755 171 55 1877-

151 1830 218 69 Simple
400 1830 236 69 writing
667 1831 112 53 and
813 1829 276 69 speaking
1121 1828 276 68 German;
1434 1828 269 55 exercises
1733 1828 61 53 in
1828 1828 248 55 German

80 1907 369 70 composition
479 1907 113 53 and
622 1908 405 66 conversation,
1057 1906 138 54 with
1224 1912 158 47 notes
1408 1906 114 55 and
1550 1905 384 54 vocabularies
1963 1906 112 54 and

82 2005 30 34 a
145 1985 202 52 review
382 1985 62 51 of
475 1986 96 52 the
603 1984 153 53 chief
787 1982 182 70 topics
1002 1984 63 52 of
1100 1982 245 55 German
1379 2001 305 51 grammar,
1715 1984 75 67 by
1824 1982 148 55 Paul
2006 1982 69 56 R.

81 2060 1556 70 Pope … New York, H. Holt and company [ ᶜ1 932]
218 2132 1562 50 xv, 218, lxxxiii p. incl. front., illus., pl. double map. 19½ᶜᵐ.
153 2188 1785 50 “Not a … revision of the author’s original ‘Writing and speaking
81 2192 1977 93 German’
233 2246 89 39 but
344 2245 56 48 is,
425 2245 51 39 in
502 2246 176 38 almost
705 2254 143 37 every
873 2246 125 47 part,
1024 2255 28 29 a
1079 2245 284 47 completely
1388 2255 107 30 new
1520 2247 96 39 and
1643 2245 197 48 simpler
1869 2245 209 42 text.”—

81 2301 129 41 Pref.

87 2359 51 51 ©
168 2362 101 40 Oct.
298 2363 38 45 7,
365 2361 111 40 1932;
535 2360 66 41 2c.
631 2362 95 38 and
755 2360 80 39 aff.
867 2361 102 39 Oct.
998 2359 82 41 19:
1111 2361 41 37 A
1179 2360 170 47 56557;
1382 2361 51 39 P.
1464 2361 54 38 R.
1549 2362 140 46 Pope.
1722 2361 185 47 Ithaca,
1938 2362 54 38 N.
2070 2394 8 8 Y.

163 2417 279 50 (32-30618)

83 2499 233 65 Regier,
348 2498 304 56 Cornelius
685 2499 79 62 C.,
798 2503 172 49 1884-

152 2576 122 54 The
303 2595 93 34 era
427 2578 62 52 of
518 2577 96 52 the
642 2575 381 66 muckrakers,
1052 2576 75 68 by
1160 2577 60 54 C.
1254 2577 61 54 C.
1348 2577 224 67 Regier,
1602 2595 98 34 ph.
1732 2596 48 33 d.
1858 2578 219 67 Chapel

83 2654 146 68 Hill,
259 2655 121 52 The
410 2653 337 69 University
777 2654 63 52 of
870 2655 188 52 North
1091 2654 270 55 Carolina
1392 2672 174 50 press,
1598 2658 149 51 1932.

153 2726 1171 49 xi p., 2 l., 254 p. incl. front. ports. 23½ᶜᵐ.
157 2784 374 48 Bibliography:
565 2793 43 38 p.
641 2784 249 49 [217]-241.

89 2839 1991 52 © Oct. 13, 1932; 2c. Oct. 20; aff. Oct. 21: A 56609; University of North
157 2899 226 40 Carolina
413 2908 148 38 press.
633 2897 279 48 (32-30647)

85 2973 252 64 Rehder,
368 2974 184 54 Hans.

155 3050 110 54 Die
294 3050 581 69 sondenbehandlung
904 3051 361 53 chronischer
1292 3070 226 50 magen-
1550 3053 118 52 und
1698 3051 377 71 zwölifinger-

87 3128 507 68 darmgeschwüre,
632 3146 108 35 von
778 3130 83 51 dr.
899 3130 142 51 med.
1082 3130 486 53 Rehder-Altona.
1643 3132 115 52 Mit
1792 3132 66 53 27
87 3132 1964 141 abbildungen.
406 3206 256 68 Leipzig,
704 3208 215 68 Verlag
960 3209 99 51 der
1101 3209 465 69 Buchhandlung
1607 3211 96 52 des
1745 3211 330 53 Verbandes

87 3284 100 52 der
216 3288 151 48 ärzte
395 3286 437 67 Deutschlands,
861 3289 147 50 1931.

158 3358 54 39 72
241 3369 56 37 p.,
327 3358 26 39 2
405 3390 7 8 l.
473 3358 142 48 illus.,
646 3359 180 48 diagrs.
885 3360 145 39 22½ᶜᵐ.

91 3410 1988 58 © June 20, 1931; 1c. Nov. 30; A —Foreign 14639: Buchhandlung des
157 3471 278 39 Verbandes
465 3472 84 38 der
575 3471 136 40 ärzte
742 3472 373 41 Deutschlands.

87 3541 289 67 Repplier,
404 3544 221 67 Agnes,
657 3550 171 50 1858-

85 3618 1969 144 … To think of tea! Boston and New York, Houghton Mifflin company, 1932.
154 3753 910 63 5 p. l., 3-207, [1] p. illus. 22½ᶜᵐ.
153 3820 66 42 At
246 3821 123 41 head
398 3822 52 40 of
476 3822 110 41 title
602 3833 10 29 :
644 3824 73 47 By
744 3823 159 49 Agnes
933 3826 241 49 Repplier.

90 3876 51 52 ©
170 3880 101 41 Oct.
301 3880 67 46 19,
397 3880 139 48 1932;
566 3882 67 41 2c.
662 3884 101 39 Oct.
790 3884 83 47 24;
905 3884 81 42 aff.
1016 3885 100 40 Oct.
1146 3886 81 46 22;
1259 3888 40 38 A
1328 3888 170 47 56685;
1529 3889 55 40 A.
1614 3889 239 48 Repplier.
1887 3891 188 47 Sillery,

157 3936 233 41 Province
420 3938 51 39 of
500 3938 201 49 Quebec,
733 3939 211 42 Canada.
1016 3940 278 52 (32-30763)
