2563 4368
1371 4064 133 48 1346

409 454 212 64 Baker,
654 453 158 54 Nina
843 454 233 54 Brown.

480 530 122 54 The
627 529 240 55 Chinese
887 527 204 67 riddle,
1115 547 31 33 a
1170 529 249 66 mystery
1443 533 156 62 story
1624 525 92 53 for
1739 526 159 68 girls,
1920 524 75 69 by
2019 523 152 54 Nina
2194 524 210 52 Brown

412 602 1993 71 Baker … illustrated by J. Clemens Gretta. Boston, Lothrop,
411 683 808 68 Lee & Shepard co. [ ᶜ1 932]
480 766 901 51 222 p. incl. front., plates. 20½ ᶜᵐ .
418 839 51 52 ©
496 843 127 48 Sept.
648 842 68 48 15,
741 841 116 41 1932;
908 840 66 41 2c.
1000 842 95 39 and
1121 840 81 41 aff.
1230 840 128 48 Sept.
1383 840 58 40 16;
1492 841 41 38 A
1557 840 144 41 54854;
1755 840 227 48 Lothrop,
2009 840 92 40 Lee
2127 840 38 40 &
2191 838 217 49 Shepard

486 911 66 30 co.
623 898 279 50 (32-23428)

415 1008 381 65 Baumstark,
828 1008 246 64 George,
1106 1012 171 50 1905-

548 1083 1860 70 … The potential of the lead amalgam-lead sulfate electrode
418 1165 112 52 and
579 1163 95 54 the
721 1161 352 70 application
1121 1163 64 53 of
1231 1163 94 55 the
1373 1163 276 54 extended
1698 1164 201 67 theory
1946 1161 63 54 of
2053 1163 196 67 Debye
2297 1164 112 51 and

417 1239 1758 70 Hückel to dilute solutions of sulfuric acid … by George
418 1242 1993 147 Baumstark, M . S. Washington, D. C., The Catholic university of
417 1399 284 67 America,
732 1402 150 52 1932.

489 1483 826 52 3 p. l., 17, [1] p. 1 illus. 23ᶜᵐ.
491 1543 65 40 At
587 1543 125 39 head
744 1542 53 40 of
829 1542 108 40 title
955 1552 10 29 :
998 1542 100 40 The
1132 1540 220 42 Catholic
1385 1540 270 49 university
1689 1540 52 41 of
1772 1540 237 41 America.

491 1598 173 42 Thesis
696 1599 108 49 (PH.
826 1598 360 49 D.)—Catholic
1209 1597 271 49 university
1501 1597 54 41 of
1575 1597 237 41 America.

491 1656 131 42 Vita.

493 1712 349 50 Bibliography
858 1723 10 30 :
901 1724 44 37 p.
969 1713 70 43 17.

428 1783 51 52 ©
506 1787 119 48 Aug.
651 1787 69 47 24,
747 1784 115 42 1932;
917 1786 67 40 2c.
1012 1786 95 39 and
1134 1784 82 41 aff.
1243 1785 121 48 Aug.
1390 1785 55 40 31;
1502 1784 42 39 A
1571 1783 145 43 53890;
1771 1784 220 42 Catholic
2018 1784 130 42 univ.
2177 1786 52 40 of

496 1785 1904 98 America.
655 1842 280 49 (32-23755)

426 1944 206 66 Berry,
662 1944 212 55 Lillian
903 1945 146 65 Gay,
1080 1945 171 55 1872-

493 2020 1924 71 Latin—second year, by Lillian Gay Berry … and Josephine
424 2099 1969 145 L. Lee … New York, Newark [etc.] Silver, Burdett and company [ᶜ1932]
500 2260 1920 52 xviii, 434, 83 p. incl. front., illus. maps (2 double) 19½ ᶜᵐ . (Lettered
431 2329 61 30 on
520 2329 162 31 cover:
709 2318 100 42 The
836 2319 178 40 climax
1043 2319 173 47 series)

435 2387 51 52 ©
520 2392 121 47 Aug.
675 2391 39 48 2,
749 2389 113 42 1932;
925 2391 68 40 2c.
1028 2392 94 38 and
1157 2389 82 41 aff.
1274 2390 119 48 Aug.
1428 2390 55 39 23;
1548 2390 41 38 A
1624 2389 141 41 54483;
1834 2390 168 49 Silver,
2039 2393 210 40 Burdett
2283 2393 37 41 &
2354 2405 66 30 co.

507 2444 68 53 [©
602 2458 106 29 new
734 2450 193 46 matter]
1001 2446 278 48 (32-23607)

431 2551 241 63 Berton,
709 2550 237 63 Shirley
977 2550 66 56 L.

501 2627 177 68 Judy,
708 2627 76 67 by
816 2625 228 69 Shirley
1074 2627 64 52 L.
1171 2628 242 66 Berton;
1448 2627 324 52 illustrated
1801 2625 75 69 by
1908 2626 252 56 Edward
2192 2629 63 55 C.
433 2629 1965 129 Caswell.

641 2702 1568 70 New York, Harcourt, Brace and company [ ᶜ1 932]
505 2790 1152 51 5 p. l., 3-286 p. incl. plates. front. 20½ ᶜᵐ .
441 2861 50 52 ©
524 2864 127 48 Sept.
681 2864 39 47 8,
749 2862 115 41 1932;
921 2863 66 40 2c.
1018 2864 96 39 and
1144 2862 81 41 aff.
1258 2862 127 49 Sept.
1415 2863 56 38 12;
1529 2863 41 38 A
1599 2863 142 40 54723;
1800 2863 259 46 Harcourt,
2091 2861 157 38 Brace
2276 2858 36 40 &
2342 2866 83 38 co.,

507 2920 89 40 inc.
668 2919 278 49 (32-23561)

436 3023 162 65 Bird,
630 3022 272 56 Zenobia.

507 3093 1923 75 The return of the tide, by Zenobia Bird … New York,
437 3178 1591 68 London [etc.] Fleming H. Revell company [ ᶜ1 932]
505 3263 605 49 2 p. l., 7-226 p. 20 ᶜᵐ .
445 3331 51 52 ©
526 3335 120 48 Aug.
673 3335 69 47 27,
773 3334 113 41 1932;
944 3334 65 40 2c.
1040 3336 95 38 and
1165 3334 80 41 aff.
1280 3335 126 47 Sept.
1436 3334 56 40 20;
1550 3335 41 38 A
1620 3334 144 40 55162;
1824 3332 218 48 Fleming
2071 3331 61 40 H.
2163 3331 166 38 Revell
2360 3340 68 30 co.

521 3390 278 49 (32-23722)

441 3492 405 65 Blumgarten,
875 3493 200 53 Aaron
1103 3494 253 64 Samuel,
1386 3498 171 50 1884-

515 3569 56 52 A
603 3570 269 53 textbook
905 3569 64 53 of
1001 3570 274 53 medicine
1313 3570 93 52 for
1440 3570 256 53 students
1731 3570 60 51 in
1826 3569 217 53 schools
2078 3566 63 53 of
2175 3564 257 69 nursing,

446 3642 1985 73 by A. S. Blumgarten … with the assistance on “nursing care”
448 3720 1981 73 of Eva Jimmerson … 2d ed., completely rev. and rewritten.
447 3802 139 52 New
616 3802 178 68 York,
824 3804 118 52 The
972 3803 335 52 Macmillan
1336 3821 296 50 company,
1664 3805 149 50 1932.

516 3875 1309 51 xiv p., 1 l., 662 p. plates (1 col.) diagrs. 22½ ᶜᵐ .
450 3940 52 53 ©
534 3945 120 47 Aug.
685 3945 70 48 30,
787 3945 115 42 1932;
961 3946 68 41 2c.
1063 3948 95 39 and
1190 3946 82 41 aff.
1304 3946 120 48 Aug.
1457 3947 55 39 31;
1575 3946 40 39 A
1647 3944 142 42 53869;
1852 3944 280 41 Macmillan
2165 3953 66 30 co.

527 4000 278 51 (32-23542)
