2563 4368
1297 4099 132 49 1802

434 540 1923 53 xxvi p., 2 l.. 3-544 p. 25 ᶜᵐ. (Half-title; Publications of the Carnegie
364 603 301 39 endowment
715 602 79 39 for
843 601 347 40 international
1242 612 157 37 peace.
1479 600 219 41 Division
1750 602 50 39 of
1851 599 348 41 international
2249 600 107 42 law.

364 658 344 48 Washington)

368 711 51 51 ©
449 716 111 38 Dec.
588 716 40 47 8,
656 714 113 40 1932;
826 714 68 40 2c.
923 716 96 37 and
1047 714 80 39 aff.
1159 714 111 40 Dec.
1299 712 56 39 29;
1412 714 42 38 A
1484 713 143 40 58600;
1686 713 233 47 Carnegie
1949 714 302 39 endowment
2279 712 77 39 for

436 771 246 40 internati,
716 780 157 38 peace.

364 871 326 67 Mansfield,
718 874 243 63 Harvey
992 871 225 65 Claflin,
1251 878 169 49 1905-

433 950 121 53 The
593 950 129 55 lake
763 968 170 51 cargo
974 950 122 55 coal
1137 956 122 47 rate
1297 956 393 63 controversy;
1734 969 31 33 a
1807 952 169 67 study
2018 952 57 50 in
363 966 1967 115 governmental

363 1028 1968 132 adjustment of a sectional dispute, by Harvey C. Mansfield … New
888 1106 180 68 York,
1126 1105 296 57 Columbia
1482 1106 316 69 university
1856 1123 183 51 press;
2100 1106 257 68 London,
363 1186 64 52 P.
459 1185 56 56 S.
543 1185 162 67 King
730 1187 46 51 &
799 1202 119 48 son,
943 1184 121 67 ltd.,
1093 1188 150 51 1932.

434 1255 1922 51 273 p. front. (map) diagr. 23 ᶜᵐ. (Half-title: Studies in history,
365 1314 267 40 economics
671 1315 96 39 and
806 1313 161 49 public
1005 1315 109 46 law,
1154 1314 72 40 ed.
1265 1314 59 47 by
1365 1313 81 41 the
1487 1313 204 48 Faculty
1731 1314 51 39 of
1821 1312 217 50 political
2077 1313 184 41 science
2300 1315 53 40 of

365 1370 250 42 Columbia
647 1370 285 49 university,
991 1381 75 31 no.
1098 1370 110 48 373)

435 1428 171 40 Issued
637 1427 103 41 also
770 1438 53 29 as
854 1426 152 42 thesis
1046 1428 108 48 (PH.
1216 1427 34 47 D.)
1290 1426 250 42 Columbia
1573 1426 283 49 university.

437 1483 441 49 “Bibliographical
907 1483 140 41 note”
1066 1495 10 30 :
1106 1496 42 37 p.
1178 1483 217 48 265-266,
1426 1484 176 40 “Table
1630 1484 52 40 of
1709 1484 163 41 cases”
1891 1494 10 30 :
1931 1495 41 37 p.
2001 1485 217 41 267-270.

369 1538 51 52 ©
455 1543 116 39 Nov.
605 1544 27 38 4,
679 1542 112 41 1932;
856 1543 65 40 2c.
958 1544 94 39 and
1088 1542 81 40 aff.
1205 1542 117 41 Nov.
1357 1541 57 41 26;
1476 1543 40 38 A
1551 1542 143 40 57237;
1760 1542 249 41 Columbia
2045 1542 130 42 univ.
2209 1553 148 37 press.

446 1599 279 48 (32-34132)

365 1699 242 68 Martin,
637 1702 222 64 Bessie,
893 1706 169 50 1891-

435 1777 297 54 Desertion
765 1777 62 52 of
856 1777 280 54 Alabama
1165 1783 195 64 troops
1390 1777 150 52 from
1570 1779 95 53 the
1698 1777 373 55 Confederate
2104 1795 189 51 army;
2326 1799 32 34 a

365 1853 1969 130 study in sectionalism, by Bessie Martin … New York, Columbia
480 1930 314 69 university
819 1949 155 50 press;
1029 1931 256 69 London,
1310 1932 63 51 P.
1401 1931 57 54 S.
1482 1930 161 69 King
1667 1933 44 49 &
1736 1950 116 50 son,
1877 1932 122 67 ltd.,
2025 1934 149 49 1932.

434 2001 1924 52 281 p. illus. (maps) 23 ᶜᵐ. (Half-title: Studies in history, economics
365 2059 95 39 and
487 2058 161 49 public
675 2060 109 46 law,
812 2059 72 40 ed.
913 2059 60 48 by
1003 2060 81 39 the
1113 2059 204 48 Faculty
1349 2059 53 41 of
1429 2059 217 49 political
1678 2059 183 42 science
1893 2060 53 42 of
1974 2061 248 42 Columbia
365 2060 1973 103 university.
623 2125 75 31 no.
730 2113 111 50 378)

436 2172 170 39 Issued
637 2171 102 40 also
770 2182 53 30 as
855 2170 152 41 thesis
1049 2171 109 48 (PH.
1219 2171 36 47 D.)
1296 2171 250 42 Columbia
1578 2171 283 48 university.

436 2227 248 41 “Selected
717 2226 365 48 bibliography”
1100 2237 10 30 :
1147 2238 43 37 p.
1223 2225 216 42 259-274.

370 2283 51 52 ©
455 2288 118 39 Nov.
606 2289 27 37 4,
681 2285 139 48 1932;
857 2286 67 41 2c.
959 2288 94 38 and
1089 2286 81 40 aff.
1204 2286 118 40 Nov.
1357 2285 81 48 26;
1475 2287 41 38 A
1550 2286 170 47 57231;
1759 2286 249 41 Columbia
2045 2285 128 43 univ.
2210 2295 148 40 press.
449 2343 278 50 (32-34110)

368 2444 172 66 Mills,
572 2445 316 54 Frederick
921 2444 171 66 Cecil,
1127 2449 171 51 1892-

438 2523 306 54 Economic
780 2523 319 54 tendencies
1136 2523 60 53 in
1232 2522 97 54 the
1365 2522 219 55 United
1623 2522 216 68 States;
1879 2531 218 61 aspects
2134 2523 65 54 of
368 2541 1969 114 prewar
527 2603 113 52 and
681 2606 275 63 post-war

998 2600 262 70 changes,
1301 2600 77 69 by
1420 2601 310 53 Frederick
1772 2600 63 56 C.
1880 2601 178 64 Mills,
2102 2602 136 53 with
2285 2619 68 35 an

371 2677 1927 70 introduction by the Committee on recent economic changes …
392 2758 139 53 [New
557 2756 181 66 York,
764 2756 56 55 J.
848 2756 57 55 J.
929 2757 182 53 Little
1134 2758 46 51 &
1205 2756 128 54 Ives
1360 2773 298 52 company]
1694 2758 149 51 1932.

436 2828 1921 50 3 p. l., v-xx p., 1 l. , 639 p. diagrs. 23½ᶜᵐ. (Half-title: Publications
368 2886 52 41 of
444 2887 82 40 the
551 2886 232 40 National
810 2886 183 39 bureau
1020 2885 52 41 of
1096 2884 241 42 economic
1363 2885 239 45 research,
1631 2884 351 49 incorporated,
2009 2896 75 30 no.
2111 2884 80 47 21)

440 2943 68 39 “A
540 2942 298 49 publication
870 2942 52 40 of
953 2943 81 39 the
1065 2940 231 42 National
1329 2941 183 40 bureau
1544 2941 53 41 of
1625 2941 243 41 economic
1899 2942 238 46 research,
2171 2941 104 47 inc.,
2309 2942 48 39 in

368 2999 308 47 cooperation
705 2998 117 40 with
851 2999 80 39 the
959 2996 285 42 Committee
1271 3008 61 30 on
1358 3000 163 38 recent
1549 2996 241 42 economic
1815 2996 252 49 changes.”

375 3052 1967 99 © Nov. 21, 1932; 2c. Nov. 30; aff. Dec. 5; A 57341; Natl. bureau of economic research,
900 3110 105 47 inc.,
1039 3111 116 37 New
1187 3110 144 40 York.
1402 3109 278 49 (32-33970)

370 3212 430 65 Montgomery,
831 3214 221 52 Robert
1082 3213 258 65 Hiester,
1371 3215 170 53 1872-

439 3289 241 52 Federal
708 3295 98 47 tax
834 3289 330 68 handbook;
1195 3292 265 52 Revenue
1486 3296 90 47 act
1603 3291 63 52 of
1696 3294 148 49 1932.
1920 3293 90 65 By
2038 3291 211 53 Robert
2278 3291 76 53 H.

369 3367 1982 69 Montgomery … New York, The Ronald press company [ᶜ1932]
440 3438 428 50 xiv, 1035 p. 22 ᶜᵐ.
375 3493 51 52 ©
452 3498 116 39 Nov.
595 3497 56 39 28,
691 3495 114 41 1932;
858 3496 65 39 2c.
952 3498 93 38 and
1073 3497 79 40 aff.
1180 3497 118 40 Nov.
1324 3497 56 39 30;
1436 3498 40 38 A
1501 3497 140 40 57271;
1699 3498 56 40 R.
1783 3499 59 39 H.
1870 3498 345 47 Montgomery,
2242 3498 117 40 New

443 3554 143 39 York.
657 3552 277 48 (32-34136)

371 3655 260 63 Mueller,
661 3655 133 54 Carl
821 3653 272 65 William,
1126 3659 170 50 1869-

442 3732 138 52 Last
619 3730 146 54 wills
805 3732 114 52 and
957 3736 345 48 testaments.
1393 3732 60 53 Is
1490 3733 97 52 the
1624 3732 160 68 right
1821 3738 59 47 to
1917 3731 164 55 make
2120 3751 30 34 a
375 3736 1958 139 testamentary
667 3807 341 68 disposition

1044 3827 31 34 a
1111 3809 230 53 natural
1377 3808 176 69 right,
1587 3810 348 67 guaranteed
1970 3808 77 67 by
2081 3808 96 54 the
374 3805 1961 147 Constitution;
701 3904 64 35 or
795 3885 48 53 is
875 3885 49 53 it
955 3887 242 66 granted
1228 3885 137 69 only
1395 3887 76 65 by
1501 3886 96 54 the
1628 3885 391 69 Legislature?
2097 3886 91 68 By
2222 3883 135 55 Carl

373 3962 1710 69 W. Mueller … [San Francisco, Eureka press, ᶜ1 932]
442 4035 344 50 91, [1] p. 26 ᶜᵐ.
