2563 4368
1082 4112 132 51 1003

136 496 217 64 Foxall,
382 493 233 55 Arthur
642 493 53 54 J.

201 572 121 52 The
348 569 233 70 singing
608 568 141 69 soul,
776 567 76 70 by
880 565 224 54 Arthur
1133 565 56 55 J.
1221 564 223 53 Foxall.
1510 564 235 69 Boston,
1772 562 122 53 The
132 561 1963 155 Christopher

363 644 741 73 publishing house [ ᶜ193 2]
203 719 335 48 212 p. 21 ᶜᵐ .
139 768 1965 113 © June 23, 1932; 1c. June 28; 1c. July 8; aff. June 25; A 52959; Christopher
351 832 108 50 pub.
489 833 162 39 house.
722 830 279 49 (32-17517)

134 923 404 65 Georgetown,
574 922 125 53 Del.
773 919 485 55 Demonstration
1291 918 215 56 school.

207 998 115 53 Old
348 996 387 70 Georgetown,
761 995 227 54 written
1015 995 111 51 and
1153 994 322 53 illustrated
1502 994 75 67 by
1603 993 93 52 the
1727 992 196 52 fourth
1950 993 175 67 grade

136 1074 253 54 children
411 1074 62 52 of
495 1075 96 53 the
612 1072 371 69 Georgetown
1007 1070 443 54 demonstration
1473 1070 202 54 school.
1737 1069 389 68 Georgetown,

134 1152 142 67 Del.,
309 1151 120 53 The
462 1149 461 54 Demonstration
956 1148 187 57 school
1176 1146 160 69 print
1368 1148 158 67 shop,
1561 1149 148 51 1932.

202 1218 1889 55 18, [2], [19]-41. p. front., illus. (incl. port., map) 2 pl. on 1 l. 23½ ×
134 1279 145 42 32½ ᶜᵐ .
204 1336 288 41 Illustrated
527 1335 362 47 lining-papers.

206 1392 236 42 “Mildred
471 1393 53 39 E.
550 1392 220 46 Warren,
798 1390 143 41 Clara
970 1389 59 42 K.
1057 1389 219 48 McCord,
1304 1387 370 50 advisors.”—p.
1701 1388 70 43 41.

208 1448 187 42 “Books
426 1447 145 42 used”:
634 1457 43 38 p.
708 1445 70 42 40.

144 1507 51 51 ©
225 1511 115 47 May
368 1507 69 49 28,
469 1508 113 40 1932;
640 1506 67 40 2c.
739 1506 126 39 June
893 1506 54 45 1;
980 1503 81 41 aff.
1093 1504 126 39 June
1248 1503 83 47 22;
1365 1503 41 39 A
1436 1501 170 49 52729;
1641 1503 144 41 Clara
1818 1504 58 39 K.
1908 1501 221 46 McCord,

212 1566 330 49 Georgetown,
567 1564 105 39 Del.
740 1560 280 50 (32-17575)

142 1655 266 54 Goucher
437 1653 233 64 college,
699 1646 333 58 Baltimore.

210 1731 120 53 The
359 1728 405 70 inauguration
792 1728 64 51 of
883 1728 192 53 David
1106 1727 176 53 Allan
1311 1725 317 55 Robertson
1658 1746 58 35 as
1745 1727 291 67 president
2065 1727 63 52 of

141 1806 259 56 Goucher
427 1807 227 66 college,
682 1805 173 67 April
883 1809 85 63 24,
997 1808 149 50 1931.
1222 1804 333 65 Baltimore,
1586 1807 148 50 1932.

211 1877 674 53 5 p. l., [13]-122 p. 21½ ᶜᵐ .
211 1937 100 41 The
359 1936 254 43 addresses:
675 1933 281 48 University
1005 1942 183 31 women
1235 1932 97 40 and
1377 1931 351 42 international
1774 1932 248 48 relations,
2069 1934 59 47 by

143 1993 240 41 Winifred
421 1993 49 41 C.
506 1990 152 43 Cullis;
723 1989 272 41 Education
1029 1990 95 39 and
1159 1989 403 48 unemployment,
1596 1989 61 48 by
1692 1990 56 41 R.
1785 1989 54 41 A.
1875 1990 224 39 Millikan;

141 2051 102 41 The
267 2049 208 49 teacher,
503 2050 61 46 by
589 2050 57 39 D.
674 2048 55 40 A.
758 2046 284 42 Robertson.

147 2105 51 51 ©
228 2109 113 47 Apr.
369 2107 69 48 13,
467 2106 141 46 1932;
636 2105 66 40 2c.
732 2105 96 40 and
857 2104 81 40 aff.
968 2104 128 41 June
1123 2103 82 47 29;
1237 2104 43 38 A
1307 2103 170 47 52815;
1510 2102 220 43 Goucher
1760 2105 190 47 college,
213 2104 1902 101 Baltimore.

426 2162 280 50 (32-17503)

144 2252 176 64 Gray,
351 2250 253 56 William
633 2251 183 63 Scott,
849 2251 171 51 1885-
1231 2249 85 55 ed.

213 2329 120 52 The
359 2326 376 70 opportunity
759 2327 217 53 schools
1001 2325 64 54 of
1093 2327 182 55 South
1302 2326 268 57 Carolina;
1627 2346 72 34 an
1724 2328 406 67 experimental

144 2402 1963 135 study, by William S. Gray … Wil Lou Gray … [and] J. Warren
272 2478 1860 74 Tilton … conducted by the State department of education
145 2560 64 53 of
239 2560 182 56 South
453 2560 284 55 Carolina.
813 2560 138 53 New
981 2560 164 54 York
1174 2558 133 69 city,
1336 2559 307 54 American
1672 2560 337 54 association
2039 2560 94 54 for

146 2638 708 68 adult education [ ᶜ193 2 ]
216 2711 82 39 141
331 2723 42 37 p.
433 2710 143 48 illus.,
606 2710 171 48 plates.
836 2709 116 42 23ᶜᵐ.

218 2770 251 50 “Reading
497 2774 131 38 texts
659 2773 119 39 used
810 2773 62 47 by
902 2773 83 39 the
1016 2770 352 48 experimental
1397 2772 96 39 and
1526 2771 342 43 intermediate
1898 2772 237 50 groups”:

149 2838 42 39 p.
221 2829 156 42 73-74.

153 2884 51 51 ©
235 2887 127 39 June
389 2887 68 47 14,
488 2885 140 47 1932;
660 2886 66 38 2c.
759 2888 94 38 and
884 2885 82 40 aff.
997 2885 126 40 June
1152 2884 83 48 30;
1266 2886 41 38 A
1337 2884 170 49 51951;
1540 2887 158 40 Amer.
1731 2897 113 30 assn.
1889 2887 78 40 for
2000 2887 137 39 adult

221 2942 270 42 education.
561 2942 278 48 (32-17502)

173 3032 248 66 [Harper,
455 3032 240 67 Robert]

220 3107 283 54 Romance
536 3107 63 51 of
631 3106 219 68 George
883 3107 112 54 and
1027 3108 259 66 Martha;
1320 3109 140 53 with
1496 3129 31 33 a
1561 3106 264 71 pictorial
1859 3127 132 49 map
2026 3110 112 53 and

152 3185 169 66 guide
349 3190 57 48 to
436 3184 94 53 the
558 3182 288 54 historical
877 3183 190 68 points
1098 3184 62 52 of
1186 3184 231 54 interest
1445 3186 61 52 in
1534 3185 94 53 the
1657 3185 243 54 nation’s
1928 3185 210 69 capital

152 3261 111 51 and
291 3259 266 69 vicinity;
589 3260 115 52 also
732 3283 31 33 a
793 3259 342 71 chronology
1164 3261 63 52 of
1256 3260 218 69 George
1500 3261 378 70 Washington
1912 3263 111 53 and
2051 3263 89 53 his

152 3334 1982 76 generals. [Washington, D. C., Print, by Gibson brothers, ᶜ193 2]
221 3405 988 52 63, [1] p. illus. (incl. ports.) 23 ᶜᵐ .
223 3464 72 40 On
325 3474 140 31 cover:
523 3465 73 46 By
628 3464 180 40 Robert
839 3463 206 50 Harper.

223 3521 115 47 Map
366 3528 60 32 on
455 3530 121 37 page
604 3521 27 38 4
663 3520 51 41 of
744 3529 153 31 cover.

160 3576 51 51 ©
238 3581 125 40 June
386 3578 68 49 24,
481 3579 115 40 1932;
647 3578 67 41 2c.
741 3580 95 39 and
861 3578 82 41 aff.
969 3578 125 41 June
1119 3578 55 42 27;
1229 3580 41 38 A
1295 3579 169 48 52799;
1493 3582 56 40 R.
1576 3583 205 47 Harper,
1809 3582 333 47 Washington.

238 3635 278 50 (32-17574)

155 3708 307 67 Harrison,
494 3710 176 55 Gene.

226 3782 1916 78 Ethics in nursing, by Gene Harrison … St. Louis, The
158 3862 60 54 C.
245 3863 70 53 Y.
340 3861 204 69 Mosby
568 3880 294 50 company,
889 3865 149 51 1932.

228 3934 85 40 163
343 3947 43 35 p.
445 3935 149 39 front.
652 3935 146 42 20½ᶜᵐ.

165 3987 51 51 ©
245 3991 125 39 June
397 3991 68 45 15,
494 3989 140 49 1932;
663 3991 66 41 2c.
759 3994 94 38 and
881 3992 81 41 aff.
992 3992 126 41 June
1145 3993 82 47 27;
1257 3994 44 39 A
1326 3994 169 47 52806;
1528 3995 50 42 C.
1606 3996 54 40 V.
1689 3997 167 47 Mosby
1886 4006 66 30 co.

241 4045 278 50 (32-17461)
