2563 4368
1105 4099 132 46 1689

240 552 1596 55 144 p. incl. forms. 19 ᶜᵐ . (Langenscheidts musterbriefe)
169 627 51 52 ©
251 632 126 39 June
404 631 41 47 4,
475 629 139 46 1932;
646 631 65 38 1c.
746 628 127 48 Sept.
905 629 52 45 7;
988 626 310 47 A—Foreign
1328 624 169 48 17900;
1531 623 503 49 Langenscheidtsehe

236 631 1911 104 verlagsbuchhandlung
759 684 155 48 (Prof.
944 684 51 40 G.
1025 682 410 49 Langenscheidt)
1472 692 41 38 g.
1541 692 60 28 m.
1629 682 43 39 b.
1699 681 46 40 h.

247 742 278 49 (32-32536)

166 842 220 67 Lurii͡a,
417 844 334 53 Aleksandr
780 842 420 65 Romanovich,
1233 846 171 50 1902-

234 922 120 52 The
377 926 203 49 nature
603 920 61 52 of
686 920 211 51 human
921 916 251 55 conflicts;
1228 936 80 50 or,
1330 916 287 68 Emotion,
1643 915 225 53 conflict
1892 915 112 53 and
2027 914 137 71 will,

166 1017 71 36 an
278 997 276 68 objective
593 996 171 69 study
806 995 63 53 of
910 993 479 70 disorganisation
1434 993 112 54 and
1587 993 217 54 control
1848 992 62 53 of
1950 993 212 52 human

169 1069 1996 73 behaviour, by A. R. Luria … translated from the Russian and
166 1147 1998 73 edited by W. Horsley Gantt … with a foreword by Adolf Meyer
229 1226 1138 71 … New York, Liveright, inc. [ ᶜ1 932 ]
236 1313 908 51 xvii, 431 p. illus., diagrs. 22½ ᶜᵐ .
173 1386 51 52 ©
255 1390 129 48 Sept.
410 1390 69 47 26,
508 1388 112 42 1932;
678 1390 65 39 2c.
774 1388 102 41 Oct.
905 1389 54 39 10;
1018 1387 81 41 aff.
1129 1388 102 40 Oct.
1260 1388 25 39 6;
1344 1388 41 38 A
1413 1387 114 40 56288;
1615 1385 264 49 Liveright,
1908 1385 92 42 inc.

251 1447 279 48 (32-31851)

168 1550 211 65 Mabie,
409 1552 173 62 Mary
609 1550 231 54 Louise.

169 1624 1969 147 The Long knives walked, by Mary Louise Mabie … Indianapolis,
539 1703 1132 67 The Bobbs-Merrill company [ ᶜ1 932]
243 1775 823 51 4 p. l., 11-304 p. illus. 19½ ᶜᵐ .
245 1834 161 41 “First
436 1833 226 42 edition.”

174 1903 51 52 ©
251 1908 118 39 Nov.
396 1906 67 47 10,
490 1905 114 41 1932;
660 1905 66 40 2c.
753 1906 96 39 and
876 1904 79 39 aff.
984 1905 117 39 Nov.
1129 1906 55 38 14;
1240 1905 41 39 A
1308 1904 142 40 56992;
1507 1906 62 38 M.
1598 1908 51 38 L.
1678 1904 174 50 Mabie,
1880 1905 117 39 New
2023 1905 145 40 York.

251 1962 279 50 (32-32021)

169 2065 236 66 McCoy,
433 2064 263 64 Whitley
719 2065 305 64 Peterson,
1054 2069 170 50 1894-

241 2141 169 55 Cases
448 2143 113 52 and
600 2147 238 48 statutes
877 2161 72 34 on
987 2141 137 54 trial
1164 2143 113 52 and
1317 2142 286 67 appellate
1642 2141 248 69 practice
1929 2143 60 54 in
170 2144 1972 144 Alabama,
374 2222 76 65 by

470 2219 1698 68 Whitley P. McCoy … with an introduction by Walter
171 2297 1973 148 B. Jones … [Tuscaloosa, Ala., Weatherford printing company, ᶜ1 932]
240 2447 1006 50 xxviii p., 1 l., 431 p., 1 l., 14 p. 23 ᶜᵐ .
177 2517 51 52 ©
255 2522 118 39 Nov.
400 2522 39 46 3,
467 2519 114 41 1932;
635 2520 67 40 2c.
731 2521 95 39 and
853 2519 80 41 aff.
962 2520 118 40 Nov.
1108 2520 25 37 5;
1189 2520 42 38 A
1258 2520 142 40 55853;
1457 2520 73 41 W.
1558 2521 51 39 P.
1639 2520 191 47 McCoy,
1860 2520 310 48 Tuscaloosa,

244 2578 104 40 Ala.
419 2576 278 50 (32-31908)

173 2680 219 66 Magill,
422 2681 251 53 Roswell
702 2682 230 62 Foster,
965 2685 171 50 1895-

244 2758 1925 68 Cases on civil procedure, by Roswell Magill … 2d ed. New
178 2836 174 68 York,
401 2836 253 69 Chicago
709 2841 137 62 [etc.]
903 2835 322 55 Commerce
1275 2836 253 69 clearing
1576 2836 190 68 house,
1815 2837 127 66 inc.,
1991 2838 180 53 Loose

175 2913 1993 70 leaf service division of the Corporation trust company, ᶜ1 932.
245 2987 1438 51 xvi, 885 p. 25½ ᶜᵐ . [CCH university casebook series]
179 3054 51 52 ©
262 3058 128 48 Sept.
419 3060 39 45 1,
488 3057 114 41 1932;
659 3057 67 41 2c.
760 3058 128 47 Sept.
917 3057 55 39 21;
1032 3057 83 41 aff.
1145 3058 116 40 Nov.
1294 3059 24 39 7;
1377 3058 41 39 A
1449 3057 143 41 56966;
1654 3058 274 41 Commerce
1959 3058 213 49 clearing

281 3125 126 38 house,
437 3115 89 40 inc.
598 3113 278 49 (32-32151)

175 3219 199 64 Mann,
402 3217 247 54 Francis
677 3217 201 56 Oscar.

263 3293 191 68 Grope
494 3294 207 54 carries
739 3313 100 34 on:
877 3295 171 68 being
1085 3296 95 52 the
1220 3295 227 53 further
1486 3296 339 54 adventures
1863 3296 65 53 of
1964 3297 206 53 Albert

175 3370 192 69 Grope
397 3371 211 69 during
639 3372 93 53 the
763 3379 163 61 great
1010 3391 79 49 war,
1118 3373 77 68 by
1225 3375 63 51 F.
1324 3373 69 56 O.
1424 3375 196 52 Mann.
1695 3375 257 67 London,
1983 3375 187 53 Faber

175 3451 112 52 and
315 3450 203 67 Faber,
546 3450 223 53 limited
822 3454 152 64 [1932]

245 3522 367 49 318 p. 21½ ᶜᵐ .
182 3591 1992 54 © 1c. Nov. 4, 1932; A ad int. 17006; pubd. Sept. 8; Harcourt. Brace &
250 3662 80 36 co.,
357 3651 105 48 inc.,
491 3653 116 38 New
634 3652 143 39 York.
849 3651 279 49 (32-33063)

180 3753 236 65 Massie,
447 3754 193 56 Chris.

310 3829 1856 71 … Flood light. London, S. Low, Marston & co., ltd. [1932]
246 3899 536 50 3 p. l., 314 p. 19 ᶜᵐ .
184 3968 1987 56 © 1c. Oct. 29, 1932; A ad int. 16991; pubd. Sept. 1; C. Massie, London.
261 4029 277 48 (32-32573)
