2563 4368
1359 4063 136 50 1034

486 523 63 41 At
573 524 126 40 head
724 522 53 40 of
801 522 107 40 title;
963 521 101 40 The
1091 520 221 41 Catholic
1338 518 272 47 university
1635 518 53 40 of
1711 515 237 42 America.

484 579 172 40 Thesis
696 579 15 48 (PH.
888 575 307 50 D.)—Catholic
1227 573 273 48 university
1532 574 52 40 of
1613 573 237 47 America,
1883 572 128 41 1932.

485 636 347 47 Bibliography;
888 644 44 38 p.
961 632 158 41 75-80.

424 691 51 51 ©
518 695 125 39 June
683 695 69 46 11,
793 692 113 40 1932;
975 691 66 40 2c.
1084 692 95 38 and
1221 689 81 41 aff.
1344 690 125 39 June
1509 690 55 39 17;
1634 689 41 39 A
1716 688 142 40 52617;
1930 687 219 41 Catholic
2191 686 128 41 univ.
2361 685 53 41 of

490 750 237 41 America.
799 747 279 49 (32-18113)

418 853 201 66 Davis,
650 854 245 62 Harvey
922 852 223 64 Henry,
1181 855 172 51 1894-

489 923 1859 75 Taxation, its purposes and methods, by Dr. H. H. Davis …
421 1009 327 68 Columbus,
778 1009 88 68 O.,
895 1009 122 53 The
1049 1008 307 55 Stoneman
1386 1026 156 50 press
1688 1008 84 65 [ᶜ1932]

491 1082 243 49 72 p. 19 ᶜᵐ.
427 1136 51 51 ©
506 1140 116 47 July
646 1140 40 46 8,
713 1138 113 41 1932;
881 1138 67 41 2c.
975 1139 116 47 July
1117 1139 54 39 13;
1228 1136 81 43 aff.
1337 1136 114 49 July
1478 1137 54 39 11;
1590 1137 40 38 A
1656 1136 142 40 53063;
1857 1136 58 39 H.
1945 1136 60 39 H.
2035 1134 166 49 Davis,
494 1133 1905 110 Columbus,
627 1196 52 40 O.
750 1194 278 49 (32-18128)

426 1300 314 66 [Dodgson,
772 1299 246 55 Charles
1046 1297 330 69 Lutwidge]

491 1376 103 69 My
622 1377 175 68 fairy,
824 1377 74 68 by
926 1376 183 53 Lewis
1141 1376 225 55 Carroll
1422 1375 211 67 [pseud.]

589 1446 949 53 (In Pearson’s magazine, June, 1932)
429 1503 1990 53 © 1c. July 28, 1932; A ad int. 16727; pubd. June 1; Charles Hassard
496 1564 200 41 Wilfrid
727 1565 239 47 Dodgson.
1000 1565 233 39 Breinton
1263 1564 180 47 House,
1474 1573 121 30 near
1624 1563 257 47 Hereford,
1915 1561 236 48 England.

424 1667 244 54 Federal
717 1673 274 63 reporter.
1068 1666 219 55 Second
1333 1665 185 54 series.
1596 1665 170 56 Cases
1812 1665 216 69 argued
2073 1665 114 53 and
494 1664 1898 134 determined

719 1746 62 52 in
816 1746 96 52 the
949 1745 221 55 Circuit
1203 1751 188 47 courts
1429 1745 63 53 of
1528 1745 233 68 appeals
1800 1744 113 53 and
1947 1743 246 54 District
2228 1747 188 49 courts

496 1824 62 53 of
595 1825 96 52 the
729 1824 218 55 United
989 1823 205 68 States,
1232 1824 218 55 United
1491 1824 189 55 States
1718 1829 162 47 court
1917 1823 64 54 of
2019 1828 244 49 customs
2303 1821 113 54 and

497 1909 199 62 patent
734 1904 251 67 appeals,
1024 1903 180 55 Court
1240 1903 63 53 of
1338 1902 195 54 claims
1571 1902 64 53 of
1669 1903 97 53 the
1800 1902 221 55 United
2059 1902 208 68 States,
2304 1901 113 54 and

498 1980 179 54 Court
702 1981 63 52 of
792 1983 233 66 appeals
1051 1982 63 52 of
1138 1982 97 53 the
1259 1980 245 55 District
1528 1981 65 55 of
1618 1981 318 69 Columbia,
1959 1981 141 54 with
2123 1981 108 69 key
495 1999 1899 112 number
635 2060 379 52 annotations,
1090 2077 49 34 v.
1184 2063 65 49 56
1304 2059 127 69 (2d)
1484 2059 369 70 April-May,
1897 2063 150 50 1932.
2125 2060 83 56 St.
2252 2061 165 66 Paul,

494 2138 161 54 West
681 2137 336 70 publishing
1045 2157 98 50 co.,
1174 2141 149 50 1932.

500 2211 1003 49 xxiv, 1161 p. incl. front. (map) 26 ᶜᵐ.
434 2264 51 51 ©
520 2268 116 47 July
668 2269 67 45 11,
770 2267 114 41 1932;
945 2268 67 40 2c.
1046 2268 118 48 Aug.
1199 2268 25 40 5;
1288 2268 82 41 aff.
1405 2269 119 47 Aug.
1557 2269 26 38 2;
1648 2270 40 38 A
1721 2269 144 41 53524;
1928 2270 134 40 West
2097 2269 108 49 pub.
2240 2280 66 29 co.

429 2357 300 65 Formont,
761 2356 278 64 Maxime,
1073 2362 172 51 1864-

560 2434 1722 69 … Couple à la mode, roman. Paris, A. Lemerre, 1932.
500 2506 589 50 3 p. l., 243 p., 1 l. 19 ᶜᵐ.
436 2561 1987 53 © Feb. 10, 1932; 1c. Mar. 21; A—Foreign 16218; Librairie Alphonse
503 2621 235 40 Lemerre.
811 2620 279 50 (32-18947)

432 2710 263 65 Galland,
728 2711 219 64 Joseph
981 2710 354 57 Stanislaus.

500 2786 368 68 Progressive
909 2787 224 53 French
1177 2805 306 51 grammar,
1525 2787 77 70 by
1643 2788 218 68 Joseph
1906 2787 57 57 S.
2011 2787 252 56 Galland
2308 2789 115 53 and

432 2863 1992 72 Ethel Vaughan … New York, The Macmillan company,
432 2943 150 51 1932.

501 3013 583 48 xii p., 1 l., 344 p. 19½ ᶜᵐ.
439 3068 51 51 ©
518 3072 123 39 June
667 3072 68 47 14,
761 3070 139 48 1932;
928 3071 68 41 2c.
1023 3074 95 38 and
1143 3072 81 41 aff.
1253 3074 125 39 June
1405 3073 81 46 15;
1515 3074 40 38 A
1583 3073 169 47 52599;
1782 3074 280 40 Macmillan
2090 3085 65 30 co.

518 3128 277 48 (32-18019)

434 3215 222 67 Gillett,
685 3219 206 64 Henry
916 3219 290 66 Webster,
1238 3225 171 51 1861-

504 3293 1854 73 Gold inlays by the indirect system, by Henry W. Gillett …
435 3371 1962 146 and Albert John Irving … with 539 illustrations … Brooklyn, N. Y., Dental
1079 3451 163 54 items
1282 3452 64 53 of
1383 3453 235 52 interest
1655 3453 334 68 publishing
2027 3471 96 50 co.,
435 3453 1960 140 incorporated,
643 3531 148 49 1932.

504 3597 820 52 xiii, 584 p. illus., diagrs. 25 ᶜᵐ.
507 3653 348 42 “References”
888 3659 51 38 at
972 3658 90 39 end
1095 3657 52 41 of
1175 3659 202 47 chapter
1410 3670 60 30 on
1504 3659 329 48 “Laboratory
1866 3658 330 49 procedures”.

443 3707 51 50 ©
530 3711 113 47 Apr.
679 3711 69 47 20,
785 3711 140 48 1932;
963 3712 67 42 2c.
1067 3714 115 47 July
1217 3716 81 45 11;
1337 3715 82 40 aff.
1456 3717 116 47 July
1607 3715 52 47 9;
1699 3717 40 38 A
1775 3716 169 47 52978;
1982 3716 179 40 Dental
2197 3715 141 40 items
2372 3715 55 40 of

509 3766 203 42 interest
739 3770 110 45 pub.
878 3781 81 36 co.,
990 3770 90 40 inc.
1150 3770 278 49 (32-18139)

437 3854 346 66 Gusseisen;
813 3857 424 70 eigenschaften
1264 3862 118 53 und
1451 3862 429 68 prüfverfahren,
1906 3863 387 68 erfahrungen
2321 3861 101 53 der

543 3933 352 54 verbraucher.
972 3937 235 53 Bericht
1234 3939 140 52 über
1406 3940 93 52 die
1529 3946 221 65 tagung
1781 3940 96 54 des
1908 3940 512 54 Fachausschusses
