<alto xmlns="http://www.loc.gov/standards/alto/ns-v3#" xmlns:xlink="http://www.w3.org/1999/xlink" xmlns:xsi="http://www.w3.org/2001/XMLSchema-instance" xsi:schemaLocation="http://www.loc.gov/standards/alto/ns-v3# http://www.loc.gov/alto/v3/alto-3-0.xsd"><Description>
<MeasurementUnit>pixel</MeasurementUnit>
<sourceImageInformation>
<fileName>1932_v29_part001.pdf</fileName>
</sourceImageInformation>
<OCRProcessing ID="IdOcr">
<ocrProcessingStep>
<processingDateTime>2019-04-25</processingDateTime>
<processingSoftware>
<softwareCreator>ABBYY</softwareCreator>
<softwareName>ABBYY Recognition Server</softwareName>
<softwareVersion>4.0</softwareVersion>
</processingSoftware>
</ocrProcessingStep>
</OCRProcessing>
</Description>
<Styles>
<ParagraphStyle ID="StyleId-FFFFFFFF-FFFF-FFFF-FFFF-FFFFFFFFFFFF-" ALIGN="Left" LEFT="0." RIGHT="0." FIRSTLINE="0."/>
<ParagraphStyle ID="StyleId-547D96D3-B2DE-4E86-A4BD-9DDFC275973A-" ALIGN="Left" LEFT="0." RIGHT="0." FIRSTLINE="0." LINESPACE="7.699999809"/>
<ParagraphStyle ID="StyleId-BE433B82-DF6F-491A-9872-F562FF4150C8-" ALIGN="Block" LEFT="0." RIGHT="0." FIRSTLINE="-13." LINESPACE="7.900000095"/>
<ParagraphStyle ID="StyleId-CC286467-50C5-4655-B0CF-BA365CCE0736-" ALIGN="Block" LEFT="0." RIGHT="0." FIRSTLINE="-15." LINESPACE="8.479999542"/>
<ParagraphStyle ID="StyleId-9878414D-BEDB-487D-971A-CF5ADB5C4AD2-" ALIGN="Block" LEFT="0." RIGHT="0." FIRSTLINE="-14." LINESPACE="10.92000008"/>
<ParagraphStyle ID="StyleId-EBC70DE5-3635-4BD4-B07B-05DF6EFE0022-" ALIGN="Block" LEFT="0." RIGHT="0." FIRSTLINE="-13." LINESPACE="12.19999981"/>
<ParagraphStyle ID="StyleId-8A688F83-F017-4D5D-A00A-14637016ED45-" ALIGN="Left" LEFT="0." RIGHT="0." FIRSTLINE="0." LINESPACE="9.399999619"/>
<ParagraphStyle ID="StyleId-20F0BBAE-20C6-42F4-8113-00B5C02924DC-" ALIGN="Left" LEFT="0." RIGHT="0." FIRSTLINE="0." LINESPACE="11.10000038"/>
<ParagraphStyle ID="StyleId-7AA70148-8873-4ACB-90AE-BF9322E02302-" ALIGN="Left" LEFT="0." RIGHT="0." FIRSTLINE="-13." LINESPACE="11.09000015"/>
<ParagraphStyle ID="StyleId-072EF7BA-7207-4F8B-9A7C-F564E8B4CB16-" ALIGN="Left" LEFT="0." RIGHT="0." FIRSTLINE="-14." LINESPACE="12.19999981"/>
<ParagraphStyle ID="StyleId-44303D12-21D7-4DB0-9E9F-87FA1A861DD7-" ALIGN="Block" LEFT="0." RIGHT="0." FIRSTLINE="-14." LINESPACE="10.92000008"/>
<ParagraphStyle ID="StyleId-43CF0D44-8AC2-4CD0-865F-942C78705184-" ALIGN="Block" LEFT="0." RIGHT="0." FIRSTLINE="-13." LINESPACE="12.19999981"/>
<ParagraphStyle ID="StyleId-7A298A86-29F5-413A-AEC9-078A4CC464D7-" ALIGN="Block" LEFT="0." RIGHT="0." FIRSTLINE="13." LINESPACE="12.19999981"/>
<ParagraphStyle ID="StyleId-8E4E86F7-C1F9-4A1A-B605-6B1FC1C8E9F7-" ALIGN="Left" LEFT="0." RIGHT="0." FIRSTLINE="0." LINESPACE="11.60000038"/>
<ParagraphStyle ID="StyleId-AB39791B-5ED1-444F-BEF5-2CFED1F2709A-" ALIGN="Left" LEFT="0." RIGHT="0." FIRSTLINE="-13." LINESPACE="11.09000015"/>
<ParagraphStyle ID="StyleId-C1F2EEE7-CD00-4E11-9EAD-B222287AEDA4-" ALIGN="Center" LEFT="0." RIGHT="0." FIRSTLINE="0." LINESPACE="11.10000038"/>
</Styles>
<Layout>
<Page ID="Page197" PHYSICAL_IMG_NR="197" HEIGHT="4368" WIDTH="2563">
<TopMargin HEIGHT="424" WIDTH="2563" VPOS="0" HPOS="0">
</TopMargin>
<LeftMargin HEIGHT="3672" WIDTH="120" VPOS="424" HPOS="0">
</LeftMargin>
<RightMargin HEIGHT="3672" WIDTH="415" VPOS="424" HPOS="2148">
</RightMargin>
<BottomMargin HEIGHT="272" WIDTH="2563" VPOS="4096" HPOS="0">
</BottomMargin>
<PrintSpace HEIGHT="3672" WIDTH="2028" VPOS="424" HPOS="120">
<TextBlock ID="Page197_Block1" HEIGHT="74" WIDTH="120" VPOS="4022" HPOS="1080" LANG="en-US" STYLEREFS="StyleId-A7502142-7828-446C-8FB7-17F00435B887-">
<TextLine HEIGHT="54" WIDTH="99" VPOS="4033" HPOS="1091">
<String CONTENT="197" HEIGHT="54" WIDTH="99" VPOS="4033" HPOS="1091"/>
</TextLine>
</TextBlock>
<TextBlock ID="Page197_Block2" HEIGHT="3606" WIDTH="2028" VPOS="424" HPOS="120" LANG="en-US" CS="1" STYLEREFS="StyleId-895AC891-C39A-44C4-9FC3-BAD9C8DFE202-">
<TextLine HEIGHT="151" WIDTH="1902" VPOS="511" HPOS="203" STYLEREFS="StyleId-C6651BF1-17A7-4982-9FBC-BF65813B58DF-" CS="1">
<String CONTENT="Pub." HEIGHT="53" WIDTH="141" VPOS="516" HPOS="205"/>
<SP HEIGHT="55" WIDTH="33" VPOS="514" HPOS="347"/>
<String CONTENT="for" HEIGHT="53" WIDTH="93" VPOS="514" HPOS="381"/>
<SP HEIGHT="45" WIDTH="27" VPOS="522" HPOS="475"/>
<String CONTENT="the" HEIGHT="52" WIDTH="96" VPOS="515" HPOS="503"/>
<SP HEIGHT="54" WIDTH="29" VPOS="515" HPOS="600"/>
<String CONTENT="Crime" HEIGHT="55" WIDTH="190" VPOS="514" HPOS="630"/>
<SP HEIGHT="34" WIDTH="31" VPOS="532" HPOS="821"/>
<String CONTENT="club," HEIGHT="67" WIDTH="144" VPOS="513" HPOS="853"/>
<SP HEIGHT="67" WIDTH="29" VPOS="513" HPOS="998"/>
<String CONTENT="inc.," HEIGHT="67" WIDTH="125" VPOS="513" HPOS="1028"/>
<SP HEIGHT="68" WIDTH="27" VPOS="512" HPOS="1154"/>
<String CONTENT="by" HEIGHT="68" WIDTH="76" VPOS="512" HPOS="1182"/>
<SP HEIGHT="67" WIDTH="28" VPOS="513" HPOS="1259"/>
<String CONTENT="Doubleday," HEIGHT="68" WIDTH="356" VPOS="511" HPOS="1288"/>
<SP HEIGHT="66" WIDTH="29" VPOS="512" HPOS="1645"/>
<String CONTENT="Doran" HEIGHT="52" WIDTH="201" VPOS="512" HPOS="1675"/>
<SP HEIGHT="51" WIDTH="26" VPOS="513" HPOS="1877"/>
<String CONTENT="&amp;" HEIGHT="51" WIDTH="47" VPOS="513" HPOS="1904"/>
<SP HEIGHT="51" WIDTH="29" VPOS="513" HPOS="1952"/>
<String CONTENT="company," HEIGHT="134" WIDTH="1902" VPOS="528" HPOS="203"/>
<SP HEIGHT="67" WIDTH="27" VPOS="593" HPOS="375"/>
<String CONTENT="inc.," HEIGHT="65" WIDTH="126" VPOS="593" HPOS="403"/>
<SP HEIGHT="61" WIDTH="28" VPOS="597" HPOS="530"/>
<String CONTENT="1932." HEIGHT="51" WIDTH="149" VPOS="595" HPOS="559"/>
</TextLine>
<TextLine HEIGHT="54" WIDTH="1114" VPOS="660" HPOS="206" CS="1">
<String CONTENT="vi" HEIGHT="39" WIDTH="47" VPOS="667" HPOS="206"/>
<SP HEIGHT="47" WIDTH="24" VPOS="667" HPOS="254"/>
<String LANG="fr" CONTENT="p.," HEIGHT="37" WIDTH="56" VPOS="677" HPOS="279"/>
<SP HEIGHT="47" WIDTH="23" VPOS="667" HPOS="336"/>
<String CONTENT="1" HEIGHT="37" WIDTH="22" VPOS="667" HPOS="360"/>
<SP/>
<String CS="1" CONTENT="l.,"/>
<SP/>
<String CONTENT="309" HEIGHT="41" WIDTH="86" VPOS="664" HPOS="482"/>
<SP HEIGHT="48" WIDTH="23" VPOS="664" HPOS="569"/>
<String CONTENT="p." HEIGHT="37" WIDTH="42" VPOS="675" HPOS="593"/>
<SP HEIGHT="41" WIDTH="25" VPOS="664" HPOS="636"/>
<String CONTENT="incl." HEIGHT="40" WIDTH="109" VPOS="664" HPOS="662"/>
<SP HEIGHT="41" WIDTH="25" VPOS="663" HPOS="772"/>
<String CS="1" CONTENT="front." HEIGHT="40" WIDTH="134" VPOS="663" HPOS="798"/>
<SP HEIGHT="47" WIDTH="26" VPOS="663" HPOS="948"/>
<String CONTENT="(map)" HEIGHT="50" WIDTH="161" VPOS="660" HPOS="975"/>
<SP HEIGHT="49" WIDTH="65" VPOS="660" HPOS="1137"/>
<String CONTENT="20" HEIGHT="41" WIDTH="58" VPOS="660" HPOS="1203"/>
<String STYLE="superscript" CS="1" CONTENT="&#7580;&#7504;"/>
<String CONTENT="." HEIGHT="10" WIDTH="11" VPOS="692" HPOS="1309"/>
</TextLine>
<TextLine HEIGHT="40" WIDTH="385" VPOS="721" HPOS="207" CS="1">
<String CONTENT="&#8220;First" HEIGHT="39" WIDTH="162" VPOS="722" HPOS="207"/>
<SP HEIGHT="37" WIDTH="24" VPOS="724" HPOS="370"/>
<String CS="1" CONTENT="edition.&#8221;" HEIGHT="40" WIDTH="197" VPOS="721" HPOS="395"/>
</TextLine>
<TextLine HEIGHT="55" WIDTH="1991" VPOS="772" HPOS="141" CS="1">
<String CONTENT="&#169;" HEIGHT="52" WIDTH="51" VPOS="775" HPOS="141"/>
<SP HEIGHT="52" WIDTH="33" VPOS="775" HPOS="193"/>
<String CONTENT="Feb." HEIGHT="40" WIDTH="110" VPOS="778" HPOS="227"/>
<SP HEIGHT="38" WIDTH="33" VPOS="780" HPOS="338"/>
<String CONTENT="11," HEIGHT="45" WIDTH="67" VPOS="780" HPOS="372"/>
<SP HEIGHT="45" WIDTH="34" VPOS="780" HPOS="440"/>
<String CS="1" CONTENT="1932;" HEIGHT="40" WIDTH="112" VPOS="777" HPOS="475"/>
<SP HEIGHT="48" WIDTH="34" VPOS="776" HPOS="615"/>
<String CONTENT="2c." HEIGHT="41" WIDTH="67" VPOS="776" HPOS="650"/>
<SP HEIGHT="30" WIDTH="34" VPOS="787" HPOS="718"/>
<String CONTENT="and" HEIGHT="39" WIDTH="95" VPOS="777" HPOS="753"/>
<SP HEIGHT="39" WIDTH="33" VPOS="777" HPOS="849"/>
<String CONTENT="aff." HEIGHT="41" WIDTH="81" VPOS="774" HPOS="883"/>
<SP HEIGHT="38" WIDTH="33" VPOS="776" HPOS="965"/>
<String CONTENT="Mar." HEIGHT="38" WIDTH="122" VPOS="776" HPOS="999"/>
<SP HEIGHT="39" WIDTH="35" VPOS="775" HPOS="1122"/>
<String CS="1" CONTENT="12;" HEIGHT="39" WIDTH="53" VPOS="774" HPOS="1158"/>
<SP HEIGHT="47" WIDTH="37" VPOS="774" HPOS="1240"/>
<!-- cceid 01572134-6D7D-1014-B4A5-D7A31D17AB40 --><String CONTENT="A" HEIGHT="38" WIDTH="40" VPOS="774" HPOS="1278"/>
<SP HEIGHT="38" WIDTH="30" VPOS="774" HPOS="1319"/>
<String CS="1" CONTENT="49066;" HEIGHT="41" WIDTH="146" VPOS="772" HPOS="1350"/>
<SP HEIGHT="47" WIDTH="37" VPOS="773" HPOS="1523"/>
<String CONTENT="Doubleday," HEIGHT="48" WIDTH="297" VPOS="772" HPOS="1561"/>
<SP HEIGHT="48" WIDTH="34" VPOS="772" HPOS="1859"/>
<String CONTENT="Doran" HEIGHT="38" WIDTH="165" VPOS="772" HPOS="1894"/>
<SP HEIGHT="40" WIDTH="35" VPOS="772" HPOS="2060"/>
<String CONTENT="&amp;" HEIGHT="40" WIDTH="36" VPOS="772" HPOS="2096"/>
</TextLine>
<TextLine HEIGHT="50" WIDTH="545" VPOS="833" HPOS="207">
<String CONTENT="co.," HEIGHT="37" WIDTH="81" VPOS="846" HPOS="207"/>
<SP HEIGHT="47" WIDTH="23" VPOS="836" HPOS="289"/>
<String CONTENT="inc." HEIGHT="39" WIDTH="88" VPOS="836" HPOS="313"/>
<SP HEIGHT="47" WIDTH="70" VPOS="835" HPOS="402"/>
<String CONTENT="(32-26150)" HEIGHT="49" WIDTH="279" VPOS="833" HPOS="473"/>
</TextLine>
<TextLine HEIGHT="137" WIDTH="1967" VPOS="917" HPOS="137" STYLEREFS="StyleId-C6651BF1-17A7-4982-9FBC-BF65813B58DF-" CS="1">
<String CONTENT="Florida" HEIGHT="54" WIDTH="233" VPOS="923" HPOS="137"/>
<SP HEIGHT="36" WIDTH="40" VPOS="941" HPOS="371"/>
<String CONTENT="and" HEIGHT="51" WIDTH="108" VPOS="924" HPOS="412"/>
<SP HEIGHT="54" WIDTH="45" VPOS="922" HPOS="521"/>
<String CONTENT="Southern" HEIGHT="54" WIDTH="282" VPOS="922" HPOS="567"/>
<SP HEIGHT="32" WIDTH="44" VPOS="940" HPOS="850"/>
<String CONTENT="reporter" HEIGHT="63" WIDTH="255" VPOS="926" HPOS="895"/>
<SP HEIGHT="51" WIDTH="39" VPOS="921" HPOS="1151"/>
<String CONTENT="digest." HEIGHT="70" WIDTH="201" VPOS="918" HPOS="1191"/>
<SP HEIGHT="48" WIDTH="76" VPOS="921" HPOS="1393"/>
<String CONTENT="1931" HEIGHT="50" WIDTH="132" VPOS="920" HPOS="1470"/>
<SP HEIGHT="47" WIDTH="41" VPOS="923" HPOS="1603"/>
<String CONTENT="cumulative" HEIGHT="53" WIDTH="345" VPOS="917" HPOS="1645"/>
<SP HEIGHT="36" WIDTH="39" VPOS="934" HPOS="1991"/>
<String CONTENT="annual" HEIGHT="121" WIDTH="1897" VPOS="933" HPOS="207"/>
</TextLine>
<TextLine HEIGHT="153" WIDTH="1896" VPOS="994" HPOS="206" STYLEREFS="StyleId-C6651BF1-17A7-4982-9FBC-BF65813B58DF-" CS="1">
<String CONTENT="pocket" HEIGHT="68" WIDTH="200" VPOS="1001" HPOS="371"/>
<SP HEIGHT="62" WIDTH="27" VPOS="1006" HPOS="572"/>
<String CONTENT="part" HEIGHT="61" WIDTH="133" VPOS="1007" HPOS="600"/>
<SP HEIGHT="53" WIDTH="29" VPOS="1000" HPOS="734"/>
<String CONTENT="for" HEIGHT="51" WIDTH="92" VPOS="1000" HPOS="764"/>
<SP HEIGHT="33" WIDTH="29" VPOS="1018" HPOS="857"/>
<String CONTENT="volume" HEIGHT="51" WIDTH="223" VPOS="1000" HPOS="887"/>
<SP HEIGHT="48" WIDTH="27" VPOS="1001" HPOS="1111"/>
<String CONTENT="30" HEIGHT="49" WIDTH="66" VPOS="1000" HPOS="1139"/>
<SP HEIGHT="49" WIDTH="33" VPOS="1000" HPOS="1206"/>
<String CS="1" CONTENT="&#8230;"/>
<SP HEIGHT="54" WIDTH="81" VPOS="997" HPOS="1296"/>
<String CONTENT="St." HEIGHT="54" WIDTH="82" VPOS="997" HPOS="1378"/>
<SP HEIGHT="51" WIDTH="28" VPOS="999" HPOS="1461"/>
<String CONTENT="Paul," HEIGHT="67" WIDTH="166" VPOS="996" HPOS="1490"/>
<SP HEIGHT="65" WIDTH="24" VPOS="998" HPOS="1657"/>
<String CONTENT="West" HEIGHT="53" WIDTH="161" VPOS="998" HPOS="1682"/>
<SP HEIGHT="63" WIDTH="26" VPOS="1000" HPOS="1844"/>
<String CONTENT="publishing" HEIGHT="153" WIDTH="1896" VPOS="994" HPOS="206"/>
<SP HEIGHT="49" WIDTH="25" VPOS="1098" HPOS="309"/>
<String CONTENT="co." HEIGHT="34" WIDTH="79" VPOS="1098" HPOS="335"/>
<SP HEIGHT="34" WIDTH="35" VPOS="1112" HPOS="415"/>
<String STYLE="subscript" CONTENT="[" HEIGHT="34" WIDTH="11" VPOS="1112" HPOS="451"/>
<String STYLE="superscript" CS="1" CONTENT="&#7580;1"/>
<String CONTENT="932" HEIGHT="50" WIDTH="101" VPOS="1081" HPOS="524"/>
<String STYLE="subscript" CONTENT="]" HEIGHT="33" WIDTH="12" VPOS="1112" HPOS="631"/>
</TextLine>
<TextLine HEIGHT="48" WIDTH="308" VPOS="1152" HPOS="205" CS="1">
<String CONTENT="31" HEIGHT="39" WIDTH="55" VPOS="1153" HPOS="205"/>
<SP HEIGHT="46" WIDTH="33" VPOS="1154" HPOS="261"/>
<String CONTENT="p." HEIGHT="38" WIDTH="44" VPOS="1162" HPOS="295"/>
<SP HEIGHT="39" WIDTH="58" VPOS="1152" HPOS="340"/>
<String CONTENT="25" HEIGHT="39" WIDTH="58" VPOS="1152" HPOS="399"/>
<String STYLE="superscript" CS="1" CONTENT="&#7580;&#7504;"/>
<String CONTENT="." HEIGHT="8" WIDTH="7" VPOS="1184" HPOS="506"/>
</TextLine>
<TextLine HEIGHT="41" WIDTH="293" VPOS="1209" HPOS="205">
<String CONTENT="Cover-title." HEIGHT="41" WIDTH="293" VPOS="1209" HPOS="205"/>
</TextLine>
<TextLine HEIGHT="53" WIDTH="1926" VPOS="1259" HPOS="209">
<String CONTENT="This" HEIGHT="39" WIDTH="117" VPOS="1265" HPOS="209"/>
<SP HEIGHT="36" WIDTH="29" VPOS="1276" HPOS="327"/>
<String CONTENT="pamphlet" HEIGHT="47" WIDTH="249" VPOS="1265" HPOS="357"/>
<SP HEIGHT="40" WIDTH="28" VPOS="1264" HPOS="607"/>
<String CONTENT="is" HEIGHT="40" WIDTH="42" VPOS="1264" HPOS="636"/>
<SP HEIGHT="38" WIDTH="29" VPOS="1266" HPOS="679"/>
<String CONTENT="to" HEIGHT="38" WIDTH="48" VPOS="1266" HPOS="709"/>
<SP HEIGHT="38" WIDTH="30" VPOS="1265" HPOS="758"/>
<String CONTENT="be" HEIGHT="39" WIDTH="55" VPOS="1265" HPOS="789"/>
<SP HEIGHT="40" WIDTH="29" VPOS="1264" HPOS="845"/>
<String CONTENT="fitted" HEIGHT="40" WIDTH="137" VPOS="1264" HPOS="875"/>
<SP HEIGHT="41" WIDTH="31" VPOS="1262" HPOS="1013"/>
<String CONTENT="into" HEIGHT="40" WIDTH="101" VPOS="1262" HPOS="1045"/>
<SP HEIGHT="37" WIDTH="33" VPOS="1265" HPOS="1147"/>
<String CONTENT="the" HEIGHT="39" WIDTH="78" VPOS="1263" HPOS="1181"/>
<SP HEIGHT="39" WIDTH="31" VPOS="1263" HPOS="1260"/>
<String CONTENT="back" HEIGHT="40" WIDTH="121" VPOS="1262" HPOS="1292"/>
<SP HEIGHT="40" WIDTH="30" VPOS="1262" HPOS="1414"/>
<String CONTENT="of" HEIGHT="41" WIDTH="53" VPOS="1261" HPOS="1445"/>
<SP HEIGHT="40" WIDTH="28" VPOS="1261" HPOS="1499"/>
<String CONTENT="the" HEIGHT="39" WIDTH="82" VPOS="1262" HPOS="1528"/>
<SP HEIGHT="30" WIDTH="29" VPOS="1271" HPOS="1611"/>
<String CONTENT="volume" HEIGHT="39" WIDTH="191" VPOS="1261" HPOS="1641"/>
<SP HEIGHT="30" WIDTH="29" VPOS="1271" HPOS="1833"/>
<String CONTENT="of" HEIGHT="42" WIDTH="52" VPOS="1259" HPOS="1863"/>
<SP HEIGHT="40" WIDTH="29" VPOS="1259" HPOS="1916"/>
<String CONTENT="the" HEIGHT="40" WIDTH="82" VPOS="1260" HPOS="1946"/>
<SP HEIGHT="30" WIDTH="30" VPOS="1271" HPOS="2029"/>
<String CONTENT="set" HEIGHT="39" WIDTH="75" VPOS="1262" HPOS="2060"/>
</TextLine>
<TextLine HEIGHT="46" WIDTH="541" VPOS="1321" HPOS="137">
<String CONTENT="to" HEIGHT="36" WIDTH="45" VPOS="1324" HPOS="137"/>
<SP HEIGHT="28" WIDTH="30" VPOS="1332" HPOS="183"/>
<String CONTENT="which" HEIGHT="39" WIDTH="157" VPOS="1322" HPOS="214"/>
<SP HEIGHT="38" WIDTH="28" VPOS="1322" HPOS="372"/>
<String CONTENT="it" HEIGHT="38" WIDTH="37" VPOS="1322" HPOS="401"/>
<SP HEIGHT="38" WIDTH="30" VPOS="1322" HPOS="439"/>
<String CONTENT="belongs." HEIGHT="46" WIDTH="208" VPOS="1321" HPOS="470"/>
</TextLine>
<TextLine HEIGHT="52" WIDTH="1823" VPOS="1373" HPOS="142">
<String CONTENT="&#169;" HEIGHT="52" WIDTH="51" VPOS="1373" HPOS="142"/>
<SP HEIGHT="52" WIDTH="28" VPOS="1373" HPOS="194"/>
<String CONTENT="Jan." HEIGHT="39" WIDTH="108" VPOS="1379" HPOS="223"/>
<SP HEIGHT="39" WIDTH="28" VPOS="1379" HPOS="332"/>
<String CONTENT="27," HEIGHT="46" WIDTH="70" VPOS="1379" HPOS="361"/>
<SP HEIGHT="46" WIDTH="27" VPOS="1379" HPOS="432"/>
<String CONTENT="1932;" HEIGHT="48" WIDTH="138" VPOS="1377" HPOS="460"/>
<SP HEIGHT="46" WIDTH="31" VPOS="1379" HPOS="599"/>
<String CONTENT="2c." HEIGHT="39" WIDTH="67" VPOS="1379" HPOS="631"/>
<SP HEIGHT="40" WIDTH="31" VPOS="1378" HPOS="699"/>
<String CONTENT="Feb." HEIGHT="41" WIDTH="106" VPOS="1378" HPOS="731"/>
<SP HEIGHT="41" WIDTH="29" VPOS="1378" HPOS="838"/>
<String CONTENT="8;" HEIGHT="46" WIDTH="53" VPOS="1378" HPOS="868"/>
<SP HEIGHT="36" WIDTH="30" VPOS="1388" HPOS="922"/>
<String CONTENT="aff." HEIGHT="39" WIDTH="81" VPOS="1377" HPOS="953"/>
<SP HEIGHT="39" WIDTH="30" VPOS="1377" HPOS="1035"/>
<String CONTENT="Feb." HEIGHT="40" WIDTH="108" VPOS="1376" HPOS="1066"/>
<SP HEIGHT="36" WIDTH="30" VPOS="1378" HPOS="1175"/>
<String CONTENT="10;" HEIGHT="47" WIDTH="82" VPOS="1375" HPOS="1206"/>
<SP HEIGHT="46" WIDTH="31" VPOS="1376" HPOS="1289"/>
<!-- cceid 0157E8BF-6D7D-1014-B4A5-D7A31D17AB40 --><String CONTENT="A" HEIGHT="38" WIDTH="42" VPOS="1376" HPOS="1321"/>
<SP HEIGHT="39" WIDTH="23" VPOS="1375" HPOS="1364"/>
<String CONTENT="48414;" HEIGHT="47" WIDTH="172" VPOS="1375" HPOS="1388"/>
<SP HEIGHT="47" WIDTH="32" VPOS="1375" HPOS="1561"/>
<String CONTENT="West" HEIGHT="40" WIDTH="136" VPOS="1375" HPOS="1594"/>
<SP HEIGHT="44" WIDTH="25" VPOS="1377" HPOS="1731"/>
<String CONTENT="pub." HEIGHT="47" WIDTH="110" VPOS="1374" HPOS="1757"/>
<SP HEIGHT="31" WIDTH="29" VPOS="1383" HPOS="1868"/>
<String CONTENT="co." HEIGHT="31" WIDTH="67" VPOS="1383" HPOS="1898"/>
</TextLine>
<TextLine HEIGHT="65" WIDTH="548" VPOS="1466" HPOS="131" STYLEREFS="StyleId-7A41DD65-4798-4F6E-ADF5-38310BE3A052-">
<String CONTENT="Forsythe," HEIGHT="65" WIDTH="312" VPOS="1466" HPOS="131"/>
<SP HEIGHT="64" WIDTH="26" VPOS="1467" HPOS="444"/>
<String CONTENT="Robin." HEIGHT="55" WIDTH="208" VPOS="1466" HPOS="471"/>
</TextLine>
<TextLine HEIGHT="70" WIDTH="1929" VPOS="1541" HPOS="204" STYLEREFS="StyleId-C6651BF1-17A7-4982-9FBC-BF65813B58DF-">
<String CONTENT="The" HEIGHT="53" WIDTH="121" VPOS="1541" HPOS="204"/>
<SP HEIGHT="49" WIDTH="42" VPOS="1560" HPOS="326"/>
<String CONTENT="polo" HEIGHT="67" WIDTH="132" VPOS="1542" HPOS="369"/>
<SP HEIGHT="51" WIDTH="43" VPOS="1559" HPOS="502"/>
<String CONTENT="ground" HEIGHT="67" WIDTH="225" VPOS="1543" HPOS="546"/>
<SP HEIGHT="51" WIDTH="43" VPOS="1543" HPOS="772"/>
<String CONTENT="mystery," HEIGHT="64" WIDTH="271" VPOS="1547" HPOS="816"/>
<SP HEIGHT="68" WIDTH="42" VPOS="1542" HPOS="1088"/>
<String CONTENT="by" HEIGHT="69" WIDTH="76" VPOS="1542" HPOS="1131"/>
<SP HEIGHT="69" WIDTH="44" VPOS="1542" HPOS="1208"/>
<String CONTENT="Robin" HEIGHT="53" WIDTH="191" VPOS="1542" HPOS="1253"/>
<SP HEIGHT="51" WIDTH="45" VPOS="1543" HPOS="1445"/>
<String CONTENT="Forsythe." HEIGHT="68" WIDTH="298" VPOS="1543" HPOS="1491"/>
<SP HEIGHT="52" WIDTH="82" VPOS="1543" HPOS="1790"/>
<String CONTENT="London," HEIGHT="67" WIDTH="260" VPOS="1542" HPOS="1873"/>
</TextLine>
<TextLine HEIGHT="67" WIDTH="545" VPOS="1619" HPOS="133" STYLEREFS="StyleId-C6651BF1-17A7-4982-9FBC-BF65813B58DF-">
<String CONTENT="John" HEIGHT="54" WIDTH="156" VPOS="1619" HPOS="133"/>
<SP HEIGHT="52" WIDTH="25" VPOS="1619" HPOS="290"/>
<String CONTENT="Lane" HEIGHT="53" WIDTH="156" VPOS="1619" HPOS="316"/>
<SP HEIGHT="47" WIDTH="32" VPOS="1639" HPOS="473"/>
<String CONTENT="[1932]" HEIGHT="66" WIDTH="172" VPOS="1620" HPOS="506"/>
</TextLine>
<TextLine HEIGHT="48" WIDTH="525" VPOS="1691" HPOS="209" CS="1">
<String LANG="en-US" CONTENT="4" HEIGHT="38" WIDTH="28" VPOS="1691" HPOS="209"/>
<SP/>
<String LANG="fr" CONTENT="p." HEIGHT="37" WIDTH="44" VPOS="1702" HPOS="261"/>
<SP/>
<String LANG="fr" CS="1" CONTENT="l.,"/>
<SP/>
<String LANG="en-US" CONTENT="310" HEIGHT="41" WIDTH="86" VPOS="1691" HPOS="404"/>
<SP HEIGHT="48" WIDTH="22" VPOS="1691" HPOS="491"/>
<String LANG="en-US" CONTENT="p." HEIGHT="38" WIDTH="43" VPOS="1701" HPOS="514"/>
<SP HEIGHT="39" WIDTH="58" VPOS="1692" HPOS="558"/>
<String LANG="en-US" CONTENT="19" HEIGHT="41" WIDTH="57" VPOS="1691" HPOS="617"/>
<String STYLE="superscript" LANG="en-US" CS="1" CONTENT="&#7580;&#7504;"/>
<String LANG="en-US" CONTENT="." HEIGHT="9" WIDTH="10" VPOS="1723" HPOS="724"/>
</TextLine>
<TextLine HEIGHT="53" WIDTH="1992" VPOS="1745" HPOS="143" CS="1">
<String CONTENT="&#169;" HEIGHT="52" WIDTH="51" VPOS="1745" HPOS="143"/>
<SP/>
<String CS="1" CONTENT="1c."/>
<SP/>
<String CONTENT="Feb." HEIGHT="40" WIDTH="109" VPOS="1750" HPOS="313"/>
<SP HEIGHT="40" WIDTH="24" VPOS="1750" HPOS="423"/>
<String CONTENT="10," HEIGHT="47" WIDTH="68" VPOS="1749" HPOS="448"/>
<SP HEIGHT="46" WIDTH="23" VPOS="1750" HPOS="517"/>
<String CONTENT="1932;" HEIGHT="49" WIDTH="140" VPOS="1748" HPOS="541"/>
<SP HEIGHT="47" WIDTH="26" VPOS="1750" HPOS="682"/>
<!-- cceid 0158A9A6-6D7D-1014-B4A5-D7A31D17AB40 --><String CONTENT="A" HEIGHT="38" WIDTH="41" VPOS="1750" HPOS="709"/>
<SP HEIGHT="40" WIDTH="24" VPOS="1750" HPOS="751"/>
<String CONTENT="ad" HEIGHT="39" WIDTH="61" VPOS="1751" HPOS="776"/>
<SP HEIGHT="39" WIDTH="24" VPOS="1750" HPOS="838"/>
<String CONTENT="int." HEIGHT="40" WIDTH="85" VPOS="1750" HPOS="863"/>
<SP HEIGHT="39" WIDTH="25" VPOS="1750" HPOS="949"/>
<String CONTENT="16059;" HEIGHT="49" WIDTH="171" VPOS="1748" HPOS="975"/>
<SP HEIGHT="38" WIDTH="26" VPOS="1760" HPOS="1147"/>
<String CONTENT="pubd." HEIGHT="48" WIDTH="141" VPOS="1750" HPOS="1174"/>
<SP HEIGHT="39" WIDTH="26" VPOS="1751" HPOS="1316"/>
<String CONTENT="Jan." HEIGHT="40" WIDTH="108" VPOS="1751" HPOS="1343"/>
<SP HEIGHT="40" WIDTH="27" VPOS="1751" HPOS="1452"/>
<String CONTENT="1;" HEIGHT="47" WIDTH="51" VPOS="1751" HPOS="1480"/>
<SP HEIGHT="47" WIDTH="28" VPOS="1751" HPOS="1532"/>
<String CONTENT="R." HEIGHT="40" WIDTH="55" VPOS="1751" HPOS="1561"/>
<SP HEIGHT="40" WIDTH="26" VPOS="1751" HPOS="1617"/>
<String CONTENT="Forsythe," HEIGHT="47" WIDTH="252" VPOS="1751" HPOS="1644"/>
<SP HEIGHT="47" WIDTH="26" VPOS="1751" HPOS="1897"/>
<String CONTENT="London." HEIGHT="42" WIDTH="211" VPOS="1751" HPOS="1924"/>
</TextLine>
<TextLine HEIGHT="50" WIDTH="250" VPOS="1805" HPOS="219">
<String CONTENT="(32-5593)" HEIGHT="50" WIDTH="250" VPOS="1805" HPOS="219"/>
</TextLine>
<TextLine HEIGHT="66" WIDTH="1050" VPOS="1881" HPOS="140" STYLEREFS="StyleId-C6651BF1-17A7-4982-9FBC-BF65813B58DF-">
<String CONTENT="Freeman," HEIGHT="65" WIDTH="306" VPOS="1881" HPOS="140"/>
<SP HEIGHT="64" WIDTH="25" VPOS="1882" HPOS="447"/>
<String CONTENT="Harold" HEIGHT="53" WIDTH="221" VPOS="1882" HPOS="473"/>
<SP HEIGHT="55" WIDTH="26" VPOS="1882" HPOS="695"/>
<String CONTENT="Webber," HEIGHT="65" WIDTH="269" VPOS="1882" HPOS="722"/>
<SP HEIGHT="58" WIDTH="27" VPOS="1889" HPOS="992"/>
<String CONTENT="1899-" HEIGHT="50" WIDTH="170" VPOS="1887" HPOS="1020"/>
</TextLine>
<TextLine HEIGHT="70" WIDTH="1925" VPOS="1957" HPOS="208" STYLEREFS="StyleId-C6651BF1-17A7-4982-9FBC-BF65813B58DF-">
<String CONTENT="Fathers" HEIGHT="52" WIDTH="242" VPOS="1959" HPOS="208"/>
<SP HEIGHT="34" WIDTH="38" VPOS="1977" HPOS="451"/>
<String CONTENT="of" HEIGHT="53" WIDTH="64" VPOS="1957" HPOS="490"/>
<SP HEIGHT="54" WIDTH="36" VPOS="1957" HPOS="555"/>
<String CONTENT="their" HEIGHT="52" WIDTH="151" VPOS="1959" HPOS="592"/>
<SP HEIGHT="50" WIDTH="37" VPOS="1977" HPOS="744"/>
<String CONTENT="people," HEIGHT="68" WIDTH="217" VPOS="1959" HPOS="782"/>
<SP HEIGHT="67" WIDTH="36" VPOS="1960" HPOS="1000"/>
<String CONTENT="by" HEIGHT="67" WIDTH="77" VPOS="1960" HPOS="1037"/>
<SP HEIGHT="66" WIDTH="38" VPOS="1961" HPOS="1115"/>
<String LANG="fr" CONTENT="H." HEIGHT="54" WIDTH="76" VPOS="1961" HPOS="1154"/>
<SP HEIGHT="54" WIDTH="39" VPOS="1961" HPOS="1231"/>
<String CONTENT="W." HEIGHT="54" WIDTH="89" VPOS="1961" HPOS="1271"/>
<SP HEIGHT="51" WIDTH="41" VPOS="1962" HPOS="1361"/>
<String CONTENT="Freeman." HEIGHT="51" WIDTH="294" VPOS="1962" HPOS="1403"/>
<SP HEIGHT="53" WIDTH="74" VPOS="1960" HPOS="1698"/>
<String CONTENT="New" HEIGHT="53" WIDTH="138" VPOS="1960" HPOS="1773"/>
<SP HEIGHT="52" WIDTH="41" VPOS="1961" HPOS="1912"/>
<String CONTENT="York," HEIGHT="66" WIDTH="179" VPOS="1961" HPOS="1954"/>
</TextLine>
<TextLine HEIGHT="69" WIDTH="932" VPOS="2036" HPOS="136" STYLEREFS="StyleId-C6651BF1-17A7-4982-9FBC-BF65813B58DF-" CS="1">
<String CONTENT="H." HEIGHT="53" WIDTH="77" VPOS="2036" HPOS="136"/>
<SP HEIGHT="52" WIDTH="28" VPOS="2037" HPOS="214"/>
<String CONTENT="Holt" HEIGHT="53" WIDTH="147" VPOS="2036" HPOS="243"/>
<SP HEIGHT="47" WIDTH="25" VPOS="2042" HPOS="391"/>
<String CONTENT="and" HEIGHT="51" WIDTH="112" VPOS="2038" HPOS="417"/>
<SP HEIGHT="51" WIDTH="30" VPOS="2038" HPOS="530"/>
<String CONTENT="company" HEIGHT="50" WIDTH="279" VPOS="2055" HPOS="561"/>
<SP HEIGHT="49" WIDTH="34" VPOS="2056" HPOS="841"/>
<String STYLE="subscript" CONTENT="[" HEIGHT="33" WIDTH="14" VPOS="2072" HPOS="876"/>
<String STYLE="superscript" CS="1" CONTENT="&#7580;1"/>
<String CONTENT="932" HEIGHT="50" WIDTH="100" VPOS="2041" HPOS="950"/>
<String STYLE="subscript" CONTENT="]" HEIGHT="35" WIDTH="13" VPOS="2070" HPOS="1055"/>
</TextLine>
<TextLine HEIGHT="49" WIDTH="617" VPOS="2108" HPOS="207" CS="1">
<String CONTENT="3" HEIGHT="39" WIDTH="27" VPOS="2110" HPOS="207"/>
<SP HEIGHT="47" WIDTH="26" VPOS="2110" HPOS="235"/>
<String CONTENT="p." HEIGHT="37" WIDTH="42" VPOS="2120" HPOS="262"/>
<SP HEIGHT="39" WIDTH="26" VPOS="2112" HPOS="305"/>
<String CS="1" CONTENT="l.," HEIGHT="16" WIDTH="9" VPOS="2141" HPOS="367"/>
<SP HEIGHT="47" WIDTH="23" VPOS="2110" HPOS="377"/>
<String CONTENT="3-316" HEIGHT="42" WIDTH="148" VPOS="2108" HPOS="401"/>
<SP HEIGHT="48" WIDTH="25" VPOS="2109" HPOS="550"/>
<String CONTENT="p." HEIGHT="37" WIDTH="43" VPOS="2120" HPOS="576"/>
<SP HEIGHT="39" WIDTH="58" VPOS="2110" HPOS="620"/>
<String CS="1" CONTENT="19&#189;" HEIGHT="42" WIDTH="56" VPOS="2108" HPOS="679"/>
<String STYLE="superscript" CS="1" CONTENT="&#7580;&#7504;"/>
<String CONTENT="." HEIGHT="9" WIDTH="9" VPOS="2141" HPOS="815"/>
</TextLine>
<TextLine HEIGHT="49" WIDTH="818" VPOS="2166" HPOS="211">
<String CONTENT="&#8220;First" HEIGHT="40" WIDTH="161" VPOS="2166" HPOS="211"/>
<SP HEIGHT="46" WIDTH="26" VPOS="2169" HPOS="373"/>
<String CONTENT="printing," HEIGHT="49" WIDTH="229" VPOS="2166" HPOS="400"/>
<SP HEIGHT="46" WIDTH="29" VPOS="2167" HPOS="630"/>
<String CONTENT="March," HEIGHT="45" WIDTH="182" VPOS="2167" HPOS="660"/>
<SP HEIGHT="44" WIDTH="29" VPOS="2168" HPOS="843"/>
<String CONTENT="1932.&#8221;" HEIGHT="40" WIDTH="156" VPOS="2166" HPOS="873"/>
</TextLine>
<TextLine HEIGHT="51" WIDTH="1992" VPOS="2219" HPOS="144" CS="1">
<String CONTENT="&#169;" HEIGHT="51" WIDTH="51" VPOS="2219" HPOS="144"/>
<SP HEIGHT="51" WIDTH="31" VPOS="2219" HPOS="196"/>
<String CONTENT="Mar." HEIGHT="36" WIDTH="120" VPOS="2225" HPOS="228"/>
<SP HEIGHT="36" WIDTH="28" VPOS="2225" HPOS="349"/>
<String CONTENT="4," HEIGHT="44" WIDTH="41" VPOS="2225" HPOS="378"/>
<SP HEIGHT="45" WIDTH="30" VPOS="2224" HPOS="420"/>
<String CS="1" CONTENT="1932;" HEIGHT="39" WIDTH="112" VPOS="2223" HPOS="451"/>
<SP HEIGHT="46" WIDTH="30" VPOS="2223" HPOS="592"/>
<String CONTENT="2c." HEIGHT="39" WIDTH="66" VPOS="2223" HPOS="623"/>
<SP HEIGHT="27" WIDTH="32" VPOS="2234" HPOS="690"/>
<String CONTENT="and" HEIGHT="37" WIDTH="94" VPOS="2225" HPOS="723"/>
<SP HEIGHT="38" WIDTH="30" VPOS="2225" HPOS="818"/>
<String CONTENT="aff." HEIGHT="40" WIDTH="81" VPOS="2223" HPOS="849"/>
<SP HEIGHT="38" WIDTH="31" VPOS="2225" HPOS="931"/>
<String CONTENT="Mar." HEIGHT="37" WIDTH="120" VPOS="2225" HPOS="963"/>
<SP HEIGHT="37" WIDTH="32" VPOS="2225" HPOS="1084"/>
<String CS="1" CONTENT="12;" HEIGHT="39" WIDTH="54" VPOS="2223" HPOS="1117"/>
<SP HEIGHT="46" WIDTH="31" VPOS="2224" HPOS="1200"/>
<!-- cceid 0159579D-6D7D-1014-B4A5-D7A31D17AB40 --><String CONTENT="A" HEIGHT="38" WIDTH="41" VPOS="2224" HPOS="1232"/>
<SP HEIGHT="38" WIDTH="28" VPOS="2224" HPOS="1274"/>
<String CS="1" CONTENT="49079;" HEIGHT="40" WIDTH="144" VPOS="2223" HPOS="1303"/>
<SP HEIGHT="45" WIDTH="33" VPOS="2225" HPOS="1476"/>
<String CONTENT="Henry" HEIGHT="45" WIDTH="167" VPOS="2225" HPOS="1510"/>
<SP HEIGHT="46" WIDTH="32" VPOS="2224" HPOS="1678"/>
<String CONTENT="Holt" HEIGHT="38" WIDTH="118" VPOS="2224" HPOS="1711"/>
<SP HEIGHT="39" WIDTH="31" VPOS="2224" HPOS="1830"/>
<String CONTENT="&amp;" HEIGHT="39" WIDTH="35" VPOS="2224" HPOS="1862"/>
<SP HEIGHT="39" WIDTH="29" VPOS="2224" HPOS="1898"/>
<String CONTENT="co.," HEIGHT="39" WIDTH="82" VPOS="2231" HPOS="1928"/>
<SP HEIGHT="48" WIDTH="32" VPOS="2222" HPOS="2011"/>
<String CONTENT="inc." HEIGHT="41" WIDTH="92" VPOS="2222" HPOS="2044"/>
</TextLine>
<TextLine HEIGHT="48" WIDTH="279" VPOS="2279" HPOS="220">
<String CONTENT="(32-26241)" HEIGHT="48" WIDTH="279" VPOS="2279" HPOS="220"/>
</TextLine>
<TextLine HEIGHT="68" WIDTH="1999" VPOS="2354" HPOS="133" STYLEREFS="StyleId-60E83243-0EBA-47FE-AB32-1271E064A61A-">
<String CONTENT="Freemasons." HEIGHT="54" WIDTH="406" VPOS="2354" HPOS="133"/>
<SP HEIGHT="52" WIDTH="96" VPOS="2357" HPOS="540"/>
<String LANG="fr" CONTENT="U." HEIGHT="52" WIDTH="67" VPOS="2357" HPOS="637"/>
<SP HEIGHT="52" WIDTH="53" VPOS="2357" HPOS="705"/>
<String CONTENT="S." HEIGHT="52" WIDTH="60" VPOS="2357" HPOS="759"/>
<SP HEIGHT="51" WIDTH="89" VPOS="2357" HPOS="820"/>
<String CONTENT="Royal" HEIGHT="65" WIDTH="187" VPOS="2357" HPOS="910"/>
<SP HEIGHT="53" WIDTH="53" VPOS="2358" HPOS="1098"/>
<String CONTENT="and" HEIGHT="53" WIDTH="115" VPOS="2359" HPOS="1152"/>
<SP HEIGHT="53" WIDTH="51" VPOS="2359" HPOS="1268"/>
<String CONTENT="select" HEIGHT="55" WIDTH="168" VPOS="2357" HPOS="1320"/>
<SP HEIGHT="47" WIDTH="50" VPOS="2364" HPOS="1489"/>
<String CONTENT="masters." HEIGHT="46" WIDTH="254" VPOS="2365" HPOS="1540"/>
<SP HEIGHT="54" WIDTH="94" VPOS="2357" HPOS="1795"/>
<String CONTENT="General" HEIGHT="54" WIDTH="242" VPOS="2357" HPOS="1890"/>
</TextLine>
<TextLine HEIGHT="65" WIDTH="450" VPOS="2434" HPOS="201" STYLEREFS="StyleId-60E83243-0EBA-47FE-AB32-1271E064A61A-">
<String CONTENT="grand" HEIGHT="63" WIDTH="187" VPOS="2436" HPOS="201"/>
<SP HEIGHT="52" WIDTH="26" VPOS="2436" HPOS="389"/>
<String CONTENT="council." HEIGHT="54" WIDTH="235" VPOS="2434" HPOS="416"/>
</TextLine>
<TextLine HEIGHT="70" WIDTH="1926" VPOS="2509" HPOS="208" STYLEREFS="StyleId-C6651BF1-17A7-4982-9FBC-BF65813B58DF-">
<String CONTENT="A" HEIGHT="51" WIDTH="56" VPOS="2511" HPOS="208"/>
<SP HEIGHT="52" WIDTH="41" VPOS="2510" HPOS="265"/>
<String CONTENT="history" HEIGHT="68" WIDTH="221" VPOS="2509" HPOS="307"/>
<SP HEIGHT="49" WIDTH="42" VPOS="2528" HPOS="529"/>
<String CONTENT="of" HEIGHT="52" WIDTH="64" VPOS="2509" HPOS="572"/>
<SP HEIGHT="53" WIDTH="39" VPOS="2509" HPOS="637"/>
<String CONTENT="the" HEIGHT="52" WIDTH="96" VPOS="2510" HPOS="677"/>
<SP HEIGHT="34" WIDTH="42" VPOS="2529" HPOS="774"/>
<String CONTENT="cryptic" HEIGHT="69" WIDTH="220" VPOS="2510" HPOS="817"/>
<SP HEIGHT="36" WIDTH="43" VPOS="2530" HPOS="1038"/>
<String CONTENT="rite;" HEIGHT="69" WIDTH="135" VPOS="2510" HPOS="1082"/>
<SP HEIGHT="50" WIDTH="48" VPOS="2529" HPOS="1218"/>
<String CONTENT="preparation" HEIGHT="68" WIDTH="372" VPOS="2511" HPOS="1267"/>
<SP HEIGHT="36" WIDTH="41" VPOS="2528" HPOS="1640"/>
<String CONTENT="authorized" HEIGHT="52" WIDTH="333" VPOS="2512" HPOS="1682"/>
<SP HEIGHT="53" WIDTH="43" VPOS="2511" HPOS="2016"/>
<String CONTENT="by" HEIGHT="67" WIDTH="74" VPOS="2511" HPOS="2060"/>
</TextLine>
<TextLine HEIGHT="68" WIDTH="1993" VPOS="2588" HPOS="141" STYLEREFS="StyleId-C6651BF1-17A7-4982-9FBC-BF65813B58DF-" CS="1">
<String CONTENT="the" HEIGHT="51" WIDTH="94" VPOS="2588" HPOS="141"/>
<SP HEIGHT="55" WIDTH="43" VPOS="2588" HPOS="236"/>
<String CONTENT="General" HEIGHT="55" WIDTH="245" VPOS="2588" HPOS="280"/>
<SP HEIGHT="66" WIDTH="42" VPOS="2589" HPOS="526"/>
<String CONTENT="grand" HEIGHT="64" WIDTH="184" VPOS="2591" HPOS="569"/>
<SP HEIGHT="51" WIDTH="43" VPOS="2591" HPOS="754"/>
<String CONTENT="council," HEIGHT="68" WIDTH="237" VPOS="2588" HPOS="798"/>
<SP HEIGHT="66" WIDTH="42" VPOS="2590" HPOS="1036"/>
<String CS="1" CONTENT="R&#8756;" HEIGHT="51" WIDTH="53" VPOS="2590" HPOS="1079"/>
<SP HEIGHT="50" WIDTH="49" VPOS="2593" HPOS="1197"/>
<String CONTENT="&amp;" HEIGHT="50" WIDTH="44" VPOS="2593" HPOS="1247"/>
<SP HEIGHT="54" WIDTH="43" VPOS="2590" HPOS="1292"/>
<String CS="1" CONTENT="S&#8756;" HEIGHT="54" WIDTH="39" VPOS="2590" HPOS="1336"/>
<SP HEIGHT="51" WIDTH="48" VPOS="2590" HPOS="1443"/>
<String CS="1" CONTENT="M&#8756;" HEIGHT="51" WIDTH="64" VPOS="2590" HPOS="1492"/>
<SP HEIGHT="47" WIDTH="49" VPOS="2594" HPOS="1621"/>
<String CONTENT="of" HEIGHT="53" WIDTH="63" VPOS="2588" HPOS="1671"/>
<SP HEIGHT="53" WIDTH="41" VPOS="2588" HPOS="1735"/>
<String CONTENT="the" HEIGHT="53" WIDTH="98" VPOS="2590" HPOS="1777"/>
<SP HEIGHT="54" WIDTH="39" VPOS="2589" HPOS="1876"/>
<String CONTENT="United" HEIGHT="55" WIDTH="218" VPOS="2588" HPOS="1916"/>
</TextLine>
<TextLine HEIGHT="72" WIDTH="1993" VPOS="2662" HPOS="141" STYLEREFS="StyleId-C6651BF1-17A7-4982-9FBC-BF65813B58DF-" CS="1">
<String CONTENT="States," HEIGHT="70" WIDTH="206" VPOS="2662" HPOS="141"/>
<SP HEIGHT="61" WIDTH="35" VPOS="2671" HPOS="348"/>
<String CONTENT="1918" HEIGHT="49" WIDTH="132" VPOS="2670" HPOS="384"/>
<SP HEIGHT="48" WIDTH="41" VPOS="2671" HPOS="517"/>
<String CS="1" CONTENT="&#8230;"/>
<SP HEIGHT="53" WIDTH="77" VPOS="2667" HPOS="615"/>
<String CONTENT="Prepared" HEIGHT="66" WIDTH="292" VPOS="2667" HPOS="693"/>
<SP HEIGHT="52" WIDTH="32" VPOS="2667" HPOS="986"/>
<String CONTENT="by" HEIGHT="67" WIDTH="76" VPOS="2667" HPOS="1019"/>
<SP HEIGHT="65" WIDTH="32" VPOS="2669" HPOS="1096"/>
<String CONTENT="Eugene" HEIGHT="65" WIDTH="233" VPOS="2669" HPOS="1129"/>
<SP HEIGHT="51" WIDTH="33" VPOS="2669" HPOS="1363"/>
<String CONTENT="E." HEIGHT="52" WIDTH="68" VPOS="2669" HPOS="1397"/>
<SP HEIGHT="53" WIDTH="36" VPOS="2668" HPOS="1466"/>
<String CONTENT="Hinman" HEIGHT="55" WIDTH="261" VPOS="2665" HPOS="1503"/>
<SP HEIGHT="35" WIDTH="38" VPOS="2684" HPOS="1765"/>
<String CS="1" CONTENT="&#8230;"/>
<SP HEIGHT="52" WIDTH="39" VPOS="2667" HPOS="1862"/>
<String CONTENT="Ray" HEIGHT="67" WIDTH="128" VPOS="2667" HPOS="1902"/>
<SP HEIGHT="66" WIDTH="31" VPOS="2668" HPOS="2031"/>
<String CS="1" CONTENT="V." HEIGHT="11" WIDTH="11" VPOS="2709" HPOS="2123"/>
</TextLine>
<TextLine HEIGHT="146" WIDTH="1972" VPOS="2742" HPOS="140" STYLEREFS="StyleId-C6651BF1-17A7-4982-9FBC-BF65813B58DF-" CS="1">
<String CONTENT="Denslow" HEIGHT="54" WIDTH="266" VPOS="2742" HPOS="140"/>
<SP HEIGHT="34" WIDTH="47" VPOS="2763" HPOS="407"/>
<String CS="1" CONTENT="&#8230;"/>
<SP HEIGHT="33" WIDTH="53" VPOS="2777" HPOS="511"/>
<String CS="1" CONTENT="[and]" HEIGHT="66" WIDTH="129" VPOS="2745" HPOS="583"/>
<SP HEIGHT="66" WIDTH="49" VPOS="2745" HPOS="713"/>
<String CONTENT="Charles" HEIGHT="55" WIDTH="235" VPOS="2744" HPOS="763"/>
<SP HEIGHT="54" WIDTH="43" VPOS="2745" HPOS="999"/>
<String CONTENT="C." HEIGHT="54" WIDTH="61" VPOS="2745" HPOS="1043"/>
<SP HEIGHT="52" WIDTH="41" VPOS="2745" HPOS="1105"/>
<String CONTENT="Hunt" HEIGHT="52" WIDTH="169" VPOS="2745" HPOS="1147"/>
<SP HEIGHT="48" WIDTH="45" VPOS="2750" HPOS="1317"/>
<String CS="1" CONTENT="&#8230;"/>
<SP HEIGHT="52" WIDTH="78" VPOS="2746" HPOS="1419"/>
<String CONTENT="Publication" HEIGHT="53" WIDTH="364" VPOS="2744" HPOS="1498"/>
<SP HEIGHT="33" WIDTH="42" VPOS="2763" HPOS="1863"/>
<String CONTENT="authorized" HEIGHT="128" WIDTH="1970" VPOS="2745" HPOS="142"/>
<SP HEIGHT="52" WIDTH="32" VPOS="2821" HPOS="265"/>
<String CONTENT="by" HEIGHT="67" WIDTH="74" VPOS="2821" HPOS="298"/>
</TextLine>
<TextLine HEIGHT="69" WIDTH="1727" VPOS="2821" HPOS="409" STYLEREFS="StyleId-C6651BF1-17A7-4982-9FBC-BF65813B58DF-" CS="1">
<String CONTENT="General" HEIGHT="54" WIDTH="244" VPOS="2822" HPOS="409"/>
<SP HEIGHT="67" WIDTH="35" VPOS="2822" HPOS="654"/>
<String CONTENT="grand" HEIGHT="65" WIDTH="183" VPOS="2824" HPOS="690"/>
<SP HEIGHT="51" WIDTH="33" VPOS="2824" HPOS="874"/>
<String CONTENT="council," HEIGHT="69" WIDTH="237" VPOS="2821" HPOS="908"/>
<SP HEIGHT="66" WIDTH="34" VPOS="2824" HPOS="1146"/>
<String CS="1" CONTENT="R&#8756;" HEIGHT="51" WIDTH="51" VPOS="2824" HPOS="1181"/>
<SP HEIGHT="50" WIDTH="37" VPOS="2826" HPOS="1298"/>
<String CONTENT="&amp;" HEIGHT="50" WIDTH="45" VPOS="2826" HPOS="1336"/>
<SP HEIGHT="54" WIDTH="35" VPOS="2823" HPOS="1382"/>
<String CS="1" CONTENT="S&#8756;" HEIGHT="54" WIDTH="39" VPOS="2823" HPOS="1418"/>
<SP HEIGHT="51" WIDTH="37" VPOS="2823" HPOS="1523"/>
<String CS="1" CONTENT="M&#8756;," HEIGHT="67" WIDTH="152" VPOS="2823" HPOS="1561"/>
<SP HEIGHT="67" WIDTH="32" VPOS="2823" HPOS="1714"/>
<String LANG="fr" CONTENT="U." HEIGHT="53" WIDTH="72" VPOS="2823" HPOS="1747"/>
<SP HEIGHT="56" WIDTH="37" VPOS="2821" HPOS="1820"/>
<String CONTENT="S." HEIGHT="56" WIDTH="56" VPOS="2821" HPOS="1858"/>
<SP HEIGHT="51" WIDTH="36" VPOS="2823" HPOS="1915"/>
<String CONTENT="A.," HEIGHT="66" WIDTH="89" VPOS="2823" HPOS="1952"/>
<SP HEIGHT="48" WIDTH="35" VPOS="2841" HPOS="2042"/>
<String CONTENT="at" HEIGHT="48" WIDTH="58" VPOS="2827" HPOS="2078"/>
</TextLine>
<TextLine HEIGHT="69" WIDTH="1973" VPOS="2898" HPOS="140" STYLEREFS="StyleId-C6651BF1-17A7-4982-9FBC-BF65813B58DF-" CS="1">
<String CONTENT="Tacoma," HEIGHT="68" WIDTH="263" VPOS="2898" HPOS="140"/>
<SP HEIGHT="67" WIDTH="35" VPOS="2899" HPOS="404"/>
<String CONTENT="Washington," HEIGHT="68" WIDTH="401" VPOS="2899" HPOS="440"/>
<SP HEIGHT="66" WIDTH="37" VPOS="2901" HPOS="842"/>
<String CONTENT="August" HEIGHT="66" WIDTH="230" VPOS="2901" HPOS="880"/>
<SP HEIGHT="49" WIDTH="36" VPOS="2904" HPOS="1111"/>
<String CONTENT="25," HEIGHT="63" WIDTH="84" VPOS="2904" HPOS="1148"/>
<SP HEIGHT="61" WIDTH="41" VPOS="2906" HPOS="1233"/>
<String CONTENT="1930." HEIGHT="50" WIDTH="149" VPOS="2903" HPOS="1275"/>
<SP HEIGHT="33" WIDTH="80" VPOS="2933" HPOS="1425"/>
<String CONTENT="[Cedar" HEIGHT="67" WIDTH="204" VPOS="2899" HPOS="1506"/>
<SP HEIGHT="52" WIDTH="37" VPOS="2900" HPOS="1711"/>
<String CONTENT="Rapids," HEIGHT="67" WIDTH="239" VPOS="2900" HPOS="1749"/>
<SP HEIGHT="62" WIDTH="38" VPOS="2900" HPOS="1989"/>
<String CS="1" CONTENT="Ia.]" HEIGHT="35" WIDTH="49" VPOS="2918" HPOS="2064"/>
</TextLine>
<TextLine HEIGHT="49" WIDTH="148" VPOS="2980" HPOS="144" STYLEREFS="StyleId-C6651BF1-17A7-4982-9FBC-BF65813B58DF-">
<String CONTENT="1931." HEIGHT="49" WIDTH="148" VPOS="2980" HPOS="144"/>
</TextLine>
<TextLine HEIGHT="49" WIDTH="1356" VPOS="3048" HPOS="211" STYLEREFS="StyleId-50289D8C-1D9F-4661-AFBB-A740E81ABC4C-" CS="1">
<String CONTENT="2" HEIGHT="39" WIDTH="28" VPOS="3049" HPOS="211"/>
<SP/>
<String CS="1" CONTENT="v." HEIGHT="8" WIDTH="9" VPOS="3081" HPOS="303"/>
<SP HEIGHT="41" WIDTH="56" VPOS="3048" HPOS="313"/>
<String CONTENT="fronts.," HEIGHT="48" WIDTH="189" VPOS="3048" HPOS="370"/>
<SP HEIGHT="47" WIDTH="28" VPOS="3049" HPOS="560"/>
<String CONTENT="illus." HEIGHT="40" WIDTH="129" VPOS="3049" HPOS="589"/>
<SP HEIGHT="47" WIDTH="26" VPOS="3049" HPOS="719"/>
<String CONTENT="(incl." HEIGHT="47" WIDTH="134" VPOS="3049" HPOS="746"/>
<SP HEIGHT="37" WIDTH="32" VPOS="3060" HPOS="881"/>
<String CONTENT="ports.," HEIGHT="47" WIDTH="163" VPOS="3050" HPOS="914"/>
<SP HEIGHT="48" WIDTH="32" VPOS="3049" HPOS="1078"/>
<String CONTENT="facsims.)" HEIGHT="48" WIDTH="241" VPOS="3049" HPOS="1111"/>
<SP HEIGHT="48" WIDTH="66" VPOS="3049" HPOS="1353"/>
<String CS="1" CONTENT="23&#189;" HEIGHT="40" WIDTH="55" VPOS="3049" HPOS="1420"/>
<String STYLE="superscript" CS="1" CONTENT="&#7580;&#7504;"/>
<String CONTENT="." HEIGHT="9" WIDTH="10" VPOS="3081" HPOS="1557"/>
</TextLine>
<TextLine HEIGHT="48" WIDTH="539" VPOS="3106" HPOS="216">
<String CONTENT="Paged" HEIGHT="47" WIDTH="161" VPOS="3106" HPOS="216"/>
<SP HEIGHT="39" WIDTH="23" VPOS="3106" HPOS="378"/>
<String CONTENT="continuously." HEIGHT="48" WIDTH="353" VPOS="3106" HPOS="402"/>
</TextLine>
<TextLine HEIGHT="48" WIDTH="751" VPOS="3162" HPOS="213">
<String CONTENT="Bibliography" HEIGHT="48" WIDTH="349" VPOS="3162" HPOS="213"/>
<SP HEIGHT="37" WIDTH="15" VPOS="3173" HPOS="563"/>
<String CONTENT=":" HEIGHT="29" WIDTH="9" VPOS="3173" HPOS="579"/>
<SP HEIGHT="37" WIDTH="27" VPOS="3173" HPOS="589"/>
<String CONTENT="p." HEIGHT="37" WIDTH="43" VPOS="3173" HPOS="617"/>
<SP HEIGHT="40" WIDTH="26" VPOS="3163" HPOS="661"/>
<String CONTENT="1350-1351." HEIGHT="43" WIDTH="276" VPOS="3162" HPOS="688"/>
</TextLine>
<TextLine HEIGHT="52" WIDTH="1989" VPOS="3215" HPOS="150" CS="1">
<String CONTENT="&#169;" HEIGHT="52" WIDTH="51" VPOS="3215" HPOS="150"/>
<SP HEIGHT="52" WIDTH="28" VPOS="3215" HPOS="202"/>
<String CONTENT="Nov." HEIGHT="39" WIDTH="118" VPOS="3220" HPOS="231"/>
<SP HEIGHT="40" WIDTH="27" VPOS="3220" HPOS="350"/>
<String CONTENT="30," HEIGHT="47" WIDTH="68" VPOS="3220" HPOS="378"/>
<SP HEIGHT="46" WIDTH="31" VPOS="3221" HPOS="447"/>
<String CONTENT="1931;" HEIGHT="46" WIDTH="138" VPOS="3220" HPOS="479"/>
<SP HEIGHT="46" WIDTH="31" VPOS="3220" HPOS="618"/>
<String CONTENT="2c." HEIGHT="40" WIDTH="66" VPOS="3220" HPOS="650"/>
<SP HEIGHT="29" WIDTH="29" VPOS="3231" HPOS="717"/>
<String CONTENT="each" HEIGHT="39" WIDTH="120" VPOS="3221" HPOS="747"/>
<SP HEIGHT="38" WIDTH="27" VPOS="3220" HPOS="868"/>
<String CONTENT="Dec." HEIGHT="42" WIDTH="112" VPOS="3220" HPOS="896"/>
<SP HEIGHT="43" WIDTH="29" VPOS="3219" HPOS="1009"/>
<String CONTENT="28;" HEIGHT="47" WIDTH="81" VPOS="3219" HPOS="1039"/>
<SP HEIGHT="35" WIDTH="32" VPOS="3231" HPOS="1121"/>
<String CONTENT="aff." HEIGHT="41" WIDTH="82" VPOS="3219" HPOS="1154"/>
<SP HEIGHT="38" WIDTH="31" VPOS="3222" HPOS="1237"/>
<String CONTENT="Feb." HEIGHT="40" WIDTH="109" VPOS="3220" HPOS="1269"/>
<SP HEIGHT="39" WIDTH="31" VPOS="3221" HPOS="1379"/>
<String CONTENT="1," HEIGHT="44" WIDTH="39" VPOS="3221" HPOS="1411"/>
<SP HEIGHT="44" WIDTH="29" VPOS="3221" HPOS="1451"/>
<String CS="1" CONTENT="1932;" HEIGHT="41" WIDTH="113" VPOS="3219" HPOS="1481"/>
<SP HEIGHT="46" WIDTH="33" VPOS="3220" HPOS="1622"/>
<!-- cceid 0159FD09-6D7D-1014-B4A5-D7A31D17AB40 --><String CONTENT="A" HEIGHT="38" WIDTH="41" VPOS="3220" HPOS="1656"/>
<SP HEIGHT="38" WIDTH="27" VPOS="3220" HPOS="1698"/>
<String CONTENT="47504;" HEIGHT="47" WIDTH="170" VPOS="3219" HPOS="1726"/>
<SP HEIGHT="46" WIDTH="35" VPOS="3220" HPOS="1897"/>
<String CONTENT="General" HEIGHT="39" WIDTH="206" VPOS="3220" HPOS="1933"/>
</TextLine>
<TextLine HEIGHT="49" WIDTH="1922" VPOS="3275" HPOS="215" CS="1">
<String CONTENT="grand" HEIGHT="46" WIDTH="153" VPOS="3277" HPOS="215"/>
<SP HEIGHT="39" WIDTH="29" VPOS="3277" HPOS="369"/>
<String CONTENT="council" HEIGHT="39" WIDTH="185" VPOS="3277" HPOS="399"/>
<SP HEIGHT="39" WIDTH="29" VPOS="3277" HPOS="585"/>
<String LANG="fr" CONTENT="R." HEIGHT="38" WIDTH="54" VPOS="3277" HPOS="615"/>
<SP HEIGHT="39" WIDTH="30" VPOS="3277" HPOS="670"/>
<String CONTENT="&amp;" HEIGHT="39" WIDTH="35" VPOS="3277" HPOS="701"/>
<SP HEIGHT="40" WIDTH="31" VPOS="3277" HPOS="737"/>
<String LANG="fr" CONTENT="S." HEIGHT="40" WIDTH="43" VPOS="3277" HPOS="769"/>
<SP HEIGHT="38" WIDTH="30" VPOS="3278" HPOS="813"/>
<String CONTENT="M." HEIGHT="39" WIDTH="62" VPOS="3278" HPOS="844"/>
<SP HEIGHT="29" WIDTH="31" VPOS="3288" HPOS="907"/>
<String CONTENT="of" HEIGHT="39" WIDTH="52" VPOS="3277" HPOS="939"/>
<SP HEIGHT="40" WIDTH="26" VPOS="3277" HPOS="992"/>
<String CONTENT="the" HEIGHT="39" WIDTH="80" VPOS="3278" HPOS="1019"/>
<SP HEIGHT="39" WIDTH="34" VPOS="3277" HPOS="1100"/>
<String LANG="fr" CONTENT="U." HEIGHT="41" WIDTH="52" VPOS="3277" HPOS="1135"/>
<SP HEIGHT="41" WIDTH="31" VPOS="3277" HPOS="1188"/>
<String CONTENT="S." HEIGHT="41" WIDTH="44" VPOS="3277" HPOS="1220"/>
<SP HEIGHT="31" WIDTH="31" VPOS="3287" HPOS="1265"/>
<String CONTENT="of" HEIGHT="38" WIDTH="51" VPOS="3277" HPOS="1297"/>
<SP HEIGHT="38" WIDTH="28" VPOS="3277" HPOS="1349"/>
<String CONTENT="America," HEIGHT="48" WIDTH="237" VPOS="3276" HPOS="1378"/>
<SP HEIGHT="47" WIDTH="32" VPOS="3277" HPOS="1616"/>
<String CONTENT="Cellar" HEIGHT="40" WIDTH="156" VPOS="3277" HPOS="1649"/>
<SP HEIGHT="39" WIDTH="29" VPOS="3277" HPOS="1806"/>
<String CONTENT="Rapids," HEIGHT="49" WIDTH="198" VPOS="3275" HPOS="1836"/>
<SP HEIGHT="46" WIDTH="32" VPOS="3277" HPOS="2035"/>
<String CS="1" CONTENT="Ia." HEIGHT="29" WIDTH="42" VPOS="3285" HPOS="2095"/>
</TextLine>
<TextLine HEIGHT="50" WIDTH="249" VPOS="3331" HPOS="227">
<String CONTENT="(32-4859)" HEIGHT="50" WIDTH="249" VPOS="3331" HPOS="227"/>
</TextLine>
<TextLine HEIGHT="74" WIDTH="1628" VPOS="3403" HPOS="139" STYLEREFS="StyleId-60E83243-0EBA-47FE-AB32-1271E064A61A-" CS="1">
<String CONTENT="Freemasons." HEIGHT="55" WIDTH="406" VPOS="3403" HPOS="139"/>
<SP HEIGHT="52" WIDTH="78" VPOS="3406" HPOS="546"/>
<String CONTENT="Washington" HEIGHT="69" WIDTH="378" VPOS="3406" HPOS="625"/>
<SP HEIGHT="68" WIDTH="42" VPOS="3408" HPOS="1004"/>
<String CS="1" CONTENT="(State)" HEIGHT="69" WIDTH="192" VPOS="3407" HPOS="1072"/>
<SP HEIGHT="70" WIDTH="86" VPOS="3406" HPOS="1265"/>
<String CONTENT="Grand" HEIGHT="55" WIDTH="200" VPOS="3406" HPOS="1352"/>
<SP HEIGHT="53" WIDTH="30" VPOS="3408" HPOS="1553"/>
<String CONTENT="lodge." HEIGHT="69" WIDTH="183" VPOS="3408" HPOS="1584"/>
</TextLine>
<TextLine HEIGHT="68" WIDTH="1926" VPOS="3491" HPOS="212" STYLEREFS="StyleId-C6651BF1-17A7-4982-9FBC-BF65813B58DF-">
<String CONTENT="Washington" HEIGHT="68" WIDTH="383" VPOS="3491" HPOS="212"/>
<SP HEIGHT="34" WIDTH="40" VPOS="3511" HPOS="596"/>
<String CONTENT="masonic" HEIGHT="53" WIDTH="250" VPOS="3492" HPOS="637"/>
<SP HEIGHT="34" WIDTH="41" VPOS="3511" HPOS="888"/>
<String CONTENT="code" HEIGHT="53" WIDTH="134" VPOS="3493" HPOS="930"/>
<SP HEIGHT="48" WIDTH="45" VPOS="3498" HPOS="1065"/>
<String CONTENT="1930," HEIGHT="63" WIDTH="149" VPOS="3496" HPOS="1111"/>
<SP HEIGHT="48" WIDTH="44" VPOS="3511" HPOS="1261"/>
<String CONTENT="annotated." HEIGHT="52" WIDTH="325" VPOS="3493" HPOS="1306"/>
<SP HEIGHT="48" WIDTH="90" VPOS="3496" HPOS="1632"/>
<String CONTENT="2d" HEIGHT="51" WIDTH="73" VPOS="3494" HPOS="1723"/>
<SP HEIGHT="51" WIDTH="43" VPOS="3494" HPOS="1797"/>
<String CONTENT="ed." HEIGHT="51" WIDTH="84" VPOS="3494" HPOS="1841"/>
<SP HEIGHT="50" WIDTH="90" VPOS="3494" HPOS="1926"/>
<String CONTENT="The" HEIGHT="53" WIDTH="121" VPOS="3491" HPOS="2017"/>
</TextLine>
<TextLine HEIGHT="68" WIDTH="1993" VPOS="3569" HPOS="145" STYLEREFS="StyleId-C6651BF1-17A7-4982-9FBC-BF65813B58DF-">
<String CONTENT="code" HEIGHT="53" WIDTH="134" VPOS="3569" HPOS="145"/>
<SP HEIGHT="34" WIDTH="36" VPOS="3587" HPOS="280"/>
<String CONTENT="of" HEIGHT="52" WIDTH="63" VPOS="3569" HPOS="317"/>
<SP HEIGHT="51" WIDTH="36" VPOS="3569" HPOS="381"/>
<String CONTENT="laws" HEIGHT="52" WIDTH="138" VPOS="3570" HPOS="418"/>
<SP HEIGHT="34" WIDTH="36" VPOS="3588" HPOS="557"/>
<String CONTENT="of" HEIGHT="52" WIDTH="63" VPOS="3571" HPOS="594"/>
<SP HEIGHT="52" WIDTH="35" VPOS="3571" HPOS="658"/>
<String CONTENT="the" HEIGHT="51" WIDTH="96" VPOS="3570" HPOS="694"/>
<SP HEIGHT="49" WIDTH="34" VPOS="3588" HPOS="791"/>
<String CONTENT="grand" HEIGHT="64" WIDTH="184" VPOS="3573" HPOS="826"/>
<SP HEIGHT="67" WIDTH="37" VPOS="3570" HPOS="1011"/>
<String CONTENT="jurisdiction" HEIGHT="67" WIDTH="365" VPOS="3570" HPOS="1049"/>
<SP HEIGHT="34" WIDTH="37" VPOS="3590" HPOS="1415"/>
<String CONTENT="of" HEIGHT="55" WIDTH="63" VPOS="3569" HPOS="1453"/>
<SP HEIGHT="55" WIDTH="33" VPOS="3569" HPOS="1517"/>
<String CONTENT="Washington," HEIGHT="67" WIDTH="402" VPOS="3570" HPOS="1551"/>
<SP HEIGHT="64" WIDTH="35" VPOS="3570" HPOS="1954"/>
<String CONTENT="F." HEIGHT="52" WIDTH="66" VPOS="3570" HPOS="1990"/>
<SP HEIGHT="51" WIDTH="35" VPOS="3571" HPOS="2057"/>
<String CONTENT="&amp;" HEIGHT="50" WIDTH="45" VPOS="3571" HPOS="2093"/>
</TextLine>
<TextLine HEIGHT="65" WIDTH="1992" VPOS="3646" HPOS="146" STYLEREFS="StyleId-C6651BF1-17A7-4982-9FBC-BF65813B58DF-">
<String CONTENT="A." HEIGHT="53" WIDTH="68" VPOS="3647" HPOS="146"/>
<SP HEIGHT="53" WIDTH="30" VPOS="3647" HPOS="215"/>
<String CONTENT="M.," HEIGHT="64" WIDTH="98" VPOS="3647" HPOS="246"/>
<SP HEIGHT="64" WIDTH="30" VPOS="3647" HPOS="345"/>
<String CONTENT="in" HEIGHT="51" WIDTH="60" VPOS="3647" HPOS="376"/>
<SP HEIGHT="52" WIDTH="31" VPOS="3646" HPOS="437"/>
<String CONTENT="force" HEIGHT="53" WIDTH="155" VPOS="3646" HPOS="469"/>
<SP HEIGHT="53" WIDTH="30" VPOS="3649" HPOS="625"/>
<String CONTENT="June" HEIGHT="53" WIDTH="150" VPOS="3649" HPOS="656"/>
<SP HEIGHT="47" WIDTH="31" VPOS="3653" HPOS="807"/>
<String CONTENT="18," HEIGHT="58" WIDTH="80" VPOS="3652" HPOS="839"/>
<SP HEIGHT="56" WIDTH="32" VPOS="3654" HPOS="920"/>
<String CONTENT="1931." HEIGHT="48" WIDTH="149" VPOS="3652" HPOS="953"/>
<SP HEIGHT="51" WIDTH="73" VPOS="3648" HPOS="1103"/>
<String CONTENT="Annotated" HEIGHT="52" WIDTH="330" VPOS="3648" HPOS="1177"/>
<SP HEIGHT="53" WIDTH="33" VPOS="3647" HPOS="1508"/>
<String CONTENT="from" HEIGHT="53" WIDTH="152" VPOS="3647" HPOS="1542"/>
<SP HEIGHT="47" WIDTH="34" VPOS="3653" HPOS="1695"/>
<String CONTENT="1858" HEIGHT="48" WIDTH="133" VPOS="3652" HPOS="1730"/>
<SP HEIGHT="49" WIDTH="30" VPOS="3651" HPOS="1864"/>
<String CONTENT="to" HEIGHT="47" WIDTH="58" VPOS="3651" HPOS="1895"/>
<SP HEIGHT="47" WIDTH="32" VPOS="3651" HPOS="1954"/>
<String CONTENT="1931," HEIGHT="61" WIDTH="151" VPOS="3650" HPOS="1987"/>
</TextLine>
<TextLine HEIGHT="70" WIDTH="1929" VPOS="3721" HPOS="147" STYLEREFS="StyleId-C6651BF1-17A7-4982-9FBC-BF65813B58DF-" CS="1">
<String CONTENT="inclusive." HEIGHT="54" WIDTH="287" VPOS="3721" HPOS="147"/>
<SP HEIGHT="54" WIDTH="76" VPOS="3723" HPOS="435"/>
<String CONTENT="Compiled" HEIGHT="67" WIDTH="297" VPOS="3723" HPOS="512"/>
<SP HEIGHT="51" WIDTH="43" VPOS="3726" HPOS="810"/>
<String CONTENT="and" HEIGHT="53" WIDTH="111" VPOS="3726" HPOS="854"/>
<SP HEIGHT="53" WIDTH="42" VPOS="3726" HPOS="966"/>
<String CONTENT="edited" HEIGHT="57" WIDTH="188" VPOS="3721" HPOS="1009"/>
<SP HEIGHT="54" WIDTH="40" VPOS="3724" HPOS="1198"/>
<String CONTENT="by" HEIGHT="67" WIDTH="75" VPOS="3724" HPOS="1239"/>
<SP HEIGHT="65" WIDTH="38" VPOS="3726" HPOS="1315"/>
<String CONTENT="William" HEIGHT="54" WIDTH="260" VPOS="3724" HPOS="1354"/>
<SP HEIGHT="52" WIDTH="38" VPOS="3724" HPOS="1615"/>
<String CONTENT="H." HEIGHT="52" WIDTH="78" VPOS="3724" HPOS="1654"/>
<SP HEIGHT="54" WIDTH="39" VPOS="3723" HPOS="1733"/>
<String CONTENT="Gorham" HEIGHT="54" WIDTH="258" VPOS="3723" HPOS="1773"/>
<SP HEIGHT="33" WIDTH="44" VPOS="3742" HPOS="2032"/>
<String CS="1" CONTENT="&#8230;"/>
</TextLine>
<TextLine HEIGHT="70" WIDTH="1991" VPOS="3799" HPOS="147" STYLEREFS="StyleId-C6651BF1-17A7-4982-9FBC-BF65813B58DF-">
<String CONTENT="Published" HEIGHT="53" WIDTH="311" VPOS="3800" HPOS="147"/>
<SP HEIGHT="52" WIDTH="38" VPOS="3801" HPOS="459"/>
<String CONTENT="by" HEIGHT="67" WIDTH="74" VPOS="3801" HPOS="498"/>
<SP HEIGHT="49" WIDTH="38" VPOS="3819" HPOS="573"/>
<String CONTENT="authority" HEIGHT="69" WIDTH="294" VPOS="3800" HPOS="612"/>
<SP HEIGHT="49" WIDTH="39" VPOS="3820" HPOS="907"/>
<String CONTENT="of" HEIGHT="53" WIDTH="64" VPOS="3801" HPOS="947"/>
<SP HEIGHT="52" WIDTH="35" VPOS="3801" HPOS="1012"/>
<String CONTENT="the" HEIGHT="51" WIDTH="96" VPOS="3802" HPOS="1048"/>
<SP HEIGHT="51" WIDTH="38" VPOS="3803" HPOS="1145"/>
<String LANG="fr" CONTENT="M." HEIGHT="53" WIDTH="78" VPOS="3803" HPOS="1184"/>
<SP HEIGHT="52" WIDTH="38" VPOS="3804" HPOS="1263"/>
<String CONTENT="W." HEIGHT="52" WIDTH="90" VPOS="3804" HPOS="1302"/>
<SP HEIGHT="54" WIDTH="42" VPOS="3802" HPOS="1393"/>
<String CONTENT="Grand" HEIGHT="54" WIDTH="201" VPOS="3802" HPOS="1436"/>
<SP HEIGHT="52" WIDTH="36" VPOS="3801" HPOS="1638"/>
<String CONTENT="lodge" HEIGHT="67" WIDTH="168" VPOS="3801" HPOS="1675"/>
<SP HEIGHT="33" WIDTH="37" VPOS="3819" HPOS="1844"/>
<String CONTENT="of" HEIGHT="53" WIDTH="64" VPOS="3799" HPOS="1882"/>
<SP HEIGHT="53" WIDTH="36" VPOS="3799" HPOS="1947"/>
<String CONTENT="F." HEIGHT="52" WIDTH="66" VPOS="3800" HPOS="1984"/>
<SP HEIGHT="50" WIDTH="41" VPOS="3802" HPOS="2051"/>
<String CONTENT="&amp;" HEIGHT="50" WIDTH="45" VPOS="3802" HPOS="2093"/>
</TextLine>
<TextLine HEIGHT="68" WIDTH="1988" VPOS="3878" HPOS="149" STYLEREFS="StyleId-C6651BF1-17A7-4982-9FBC-BF65813B58DF-">
<String CONTENT="A." HEIGHT="52" WIDTH="67" VPOS="3878" HPOS="149"/>
<SP HEIGHT="51" WIDTH="28" VPOS="3880" HPOS="217"/>
<String CONTENT="M." HEIGHT="51" WIDTH="77" VPOS="3880" HPOS="246"/>
<SP HEIGHT="34" WIDTH="29" VPOS="3897" HPOS="324"/>
<String CONTENT="of" HEIGHT="52" WIDTH="64" VPOS="3878" HPOS="354"/>
<SP HEIGHT="55" WIDTH="23" VPOS="3878" HPOS="419"/>
<String CONTENT="Washington." HEIGHT="67" WIDTH="397" VPOS="3879" HPOS="443"/>
<SP HEIGHT="34" WIDTH="80" VPOS="3911" HPOS="841"/>
<String CONTENT="[Spokane," HEIGHT="68" WIDTH="301" VPOS="3878" HPOS="922"/>
<SP HEIGHT="64" WIDTH="30" VPOS="3882" HPOS="1224"/>
<String CONTENT="Printed" HEIGHT="53" WIDTH="240" VPOS="3879" HPOS="1255"/>
<SP HEIGHT="51" WIDTH="28" VPOS="3880" HPOS="1496"/>
<String CONTENT="by" HEIGHT="66" WIDTH="76" VPOS="3880" HPOS="1525"/>
<SP HEIGHT="66" WIDTH="31" VPOS="3880" HPOS="1602"/>
<String CONTENT="Shaw" HEIGHT="55" WIDTH="170" VPOS="3879" HPOS="1634"/>
<SP HEIGHT="50" WIDTH="29" VPOS="3881" HPOS="1805"/>
<String CONTENT="&amp;" HEIGHT="50" WIDTH="44" VPOS="3881" HPOS="1835"/>
<SP HEIGHT="52" WIDTH="27" VPOS="3879" HPOS="1880"/>
<String CONTENT="Borden" HEIGHT="51" WIDTH="229" VPOS="3878" HPOS="1908"/>
</TextLine>
<TextLine HEIGHT="64" WIDTH="476" VPOS="3960" HPOS="148" STYLEREFS="StyleId-C6651BF1-17A7-4982-9FBC-BF65813B58DF-">
<String CONTENT="company]" HEIGHT="52" WIDTH="294" VPOS="3972" HPOS="148"/>
<SP HEIGHT="62" WIDTH="33" VPOS="3961" HPOS="443"/>
<String CONTENT="1932." HEIGHT="49" WIDTH="147" VPOS="3960" HPOS="477"/>
</TextLine>
</TextBlock>
</PrintSpace>
</Page>
</Layout>
</alto>