2563 4368
1281 4122 133 52 1006

352 487 145 54 New
533 489 210 64 Jersey
780 488 202 69 digest,
1018 486 327 69 annotated,
1380 485 268 71 covering
1681 487 79 52 all
1795 505 150 37 cases
1981 487 267 70 reported
2282 487 61 54 in

480 586 81 34 New
615 567 200 68 Jersey
867 570 222 64 reports
1143 565 114 53 and
1307 565 262 54 Atlantic
1621 571 273 64 reporter.
1968 567 169 69 June,
2191 569 152 66 1932,

424 644 1918 70 cumulative pamphlet … Newark, Soney & Sage co.; St.
422 721 1054 70 Paul, West publishing co. [ ᶜ193 2]
423 796 56 40 91
512 807 44 37 p.
617 795 117 41 25ᶜᵐ.

360 848 51 52 ©
441 853 125 39 June
594 852 70 47 28,
694 851 141 47 1932;
867 850 68 43 2c.
964 852 116 47 July
1108 853 82 46 11;
1222 851 81 42 aff.
1337 853 115 47 July
1481 853 82 47 12;
1596 853 41 39 A
1667 852 170 48 52998;
1873 853 155 48 Soney
2059 854 38 39 &
2128 854 120 47 Sage
2280 865 67 31 co.

427 910 95 39 and
551 910 133 40 West
712 909 108 48 pub.
851 918 66 30 co.

355 984 143 53 New
526 989 204 62 strung
758 984 143 67 bow,
932 1003 31 33 a
992 982 296 56 collection
1317 982 65 53 of
1410 1001 193 52 poems
1630 984 76 69 by
1734 985 375 67 twenty-nine

421 985 1900 144 undergraduates
756 1067 59 46 at
843 1060 186 55 Sarah
1055 1062 303 52 Lawrence
1386 1061 238 69 college;
1657 1061 285 54 foreword
1967 1062 76 68 by

421 1061 1922 147 Lee Wilson Dodd. New York, E. P. Dutton & company, inc. [ ᶜ193 2 ]
425 1213 162 41 “First
617 1212 227 42 edition.”

422 1270 333 49 120 p. 21 ᶜᵐ .
359 1324 52 52 ©
438 1329 127 38 June
589 1328 69 47 17,
686 1326 112 41 1932;
854 1326 68 41 2c.
948 1327 95 39 and
1071 1326 81 40 aff.
1179 1326 128 40 June
1331 1325 81 48 21;
1443 1326 40 38 A
1509 1326 142 40 52713;
1710 1328 52 39 E.
1791 1327 50 40 P.
1871 1327 185 40 Dutton
2084 1327 37 40 &
2148 1337 79 38 co.,
2257 1328 91 41 inc.

437 1384 279 49 (32-17586)

352 1460 145 53 New
525 1460 161 53 York
727 1458 218 69 (State)
1032 1458 207 53 Courts
1267 1459 64 67 of
1355 1458 217 53 record.

484 1535 1861 70 … The miscellaneous reports. Cases decided … other than
356 1616 95 52 the
493 1615 180 55 Court
712 1615 65 52 of
817 1616 234 68 appeals
1093 1616 113 51 and
1246 1615 96 53 the
1383 1616 286 68 appellate
1710 1615 251 54 division
1997 1615 65 54 of
2100 1617 97 53 the
355 1618 1966 144 Supreme

608 1699 175 48 court.
859 1693 214 54 Austin
1135 1694 66 51 B.
1268 1690 220 72 Griffin,
1549 1698 272 65 reporter,
1896 1711 53 37 v.
2013 1697 116 67 142,
2194 1698 151 52 1931.

360 1770 238 70 [Official
628 1772 103 66 ed.]
810 1772 249 69 Albany,
1087 1775 57 54 J.
1175 1774 68 52 B.
1269 1774 164 65 Lyon
1463 1791 297 52 company,
1789 1776 152 51 1931.

425 1848 97 47 xvi,
552 1847 85 41 967
665 1858 43 37 p.
767 1847 145 40 23½ᶜᵐ.

360 1900 51 53 ©
442 1905 115 47 July
586 1903 69 48 18,
686 1903 140 47 1932;
857 1903 68 41 2c.
957 1905 95 39 and
1084 1902 81 41 aff.
1197 1903 115 47 July
1343 1901 82 49 19;
1457 1904 42 38 A
1529 1903 170 47 54161;
1733 1904 212 39 Edward
1976 1904 43 39 J.

2052 1904 170 48 Flynn,
429 1916 1901 92 secretary
622 1960 51 40 of
699 1961 81 40 the
808 1962 127 38 state
963 1960 52 39 of
1041 1960 117 39 New
1185 1959 131 39 York
1341 1958 51 40 in
1422 1961 127 38 trust
1576 1960 79 39 for
1683 1960 81 40 the
1791 1960 175 40 benefit
1994 1960 53 41 of
2073 1961 82 41 the
2182 1961 167 49 people

428 2018 52 39 of
508 2018 81 40 the
618 2019 143 46 state,
790 2017 203 47 Albany.

354 2090 331 56 Oklahoma
721 2092 113 52 and
872 2088 212 57 Pacific
1123 2090 203 69 digest,
1363 2088 268 71 covering
1671 2091 77 51 all
1788 2110 150 35 cases
1977 2091 267 70 reported
2283 2090 61 53 in

427 2169 320 55 Oklahoma
807 2175 239 62 reports,
1108 2171 326 65 1890-1931,
1492 2166 213 57 Pacific
1761 2175 275 62 reporter,
2093 2170 252 53 volumes

428 2249 188 66 1-300,
645 2247 113 53 and
788 2248 78 51 all
896 2247 62 54 of
988 2246 95 53 the
1113 2244 212 57 Pacific
1353 2251 172 49 states
1557 2252 223 63 reports
1808 2247 155 54 from
1992 2248 96 53 the
2118 2247 229 54 earliest

424 2323 1920 72 times … Compiled and edited by the publisher’s editorial
425 2401 149 58 staff,
650 2421 52 36 v.
732 2407 185 49 14-16.
994 2403 83 55 St.
1104 2405 166 67 Paul,
1295 2405 161 54 West
1481 2404 336 69 publishing
1842 2423 98 51 co.,
1969 2407 151 51 1932.

425 2479 272 41 3 v. 26 ᶜᵐ .
429 2535 382 41 CONTENTS.—v.
864 2532 72 42 14.
987 2533 260 40 Dismissal
1298 2535 95 38 and
1444 2533 594 41 nonsuit-Elections.—v.
2095 2533 71 42 15.
361 2536 1970 104 Electricity-Estoppel.—
864 2602 43 29 v.

949 2589 72 42 16.
1058 2590 579 48 Evidence-Exceptions,
1676 2591 98 39 Bill
1812 2591 64 40 of.

362 2645 52 52 ©
443 2650 127 39 June
597 2649 69 47 16,
695 2648 140 47 1932;
867 2647 65 41 2c.
962 2647 117 40 each
1110 2647 115 47 July
1253 2648 82 46 11;
1367 2646 108 41 affs.
1506 2647 116 48 July
1650 2647 82 47 12;
1765 2648 40 38 A
1835 2646 346 48 54037-54039;
2213 2649 134 40 West

429 2707 108 47 pub.
568 2717 67 29 co.

355 2780 454 65 Pennsylvania.
881 2781 184 66 Laws,
1093 2785 258 63 statutes,
1378 2785 101 48 etc.

425 2858 282 53 Purdon’s
744 2857 423 68 Pennsylvania
1201 2862 240 49 statutes
1480 2856 323 53 annotated.
1877 2858 345 52 Permanent
2257 2856 86 54 ed.

357 2936 168 69 June,
571 2939 151 64 1932,
765 2934 343 55 cumulative
1151 2936 315 68 pamphlet,
1509 2934 332 70 containing
1883 2936 96 51 the
2021 2935 138 53 laws
2202 2934 65 54 of
2311 2953 32 35 a

357 3016 228 67 general
631 3015 112 51 and
785 3019 335 63 permanent
1161 3019 202 47 nature
1404 3013 65 53 of
1508 3014 96 53 the
1644 3014 230 69 general
1916 3014 293 69 assembly,
357 3031 1964 129 extraordinary

761 3092 210 52 session
1009 3092 63 52 of
1111 3094 150 67 1931,
1299 3092 141 52 with
1479 3091 363 55 annotations
1880 3091 332 71 construing
2247 3093 97 52 the

357 3169 1986 71 laws and with cumulative tables and index … Philadelphia,
358 3248 221 70 George
622 3252 63 50 T.
730 3249 154 52 Bisel
929 3267 76 33 co.;
1082 3249 264 66 Newark,
1390 3248 185 70 Soney
1619 3252 46 51 &
1706 3249 147 70 Sage
1895 3268 78 34 co.;
2051 3248 84 57 St.
2176 3251 166 67 Paul,

356 3325 850 70 West publishing co. [ ᶜ193 2]
429 3402 87 40 107
544 3412 42 37 p.
644 3401 146 40 23½ᶜᵐ.

365 3454 51 52 ©
443 3459 124 39 June
590 3457 70 48 16,
685 3456 113 41 1932;
851 3457 67 39 2c.
945 3456 114 47 July
1084 3456 54 38 11;
1194 3455 80 41 aff.
1302 3456 116 48 July
1443 3457 53 38 12;
1552 3458 42 38 A
1619 3456 145 41 52996;
1819 3457 181 47 George
2026 3458 51 40 T.
2105 3457 131 40 Bisel
2263 3466 82 39 co.,

433 3515 155 46 Soney
614 3513 37 40 &
678 3513 121 48 Sage
827 3523 66 29 co.
920 3512 96 40 and
1042 3513 133 39 West
1200 3513 111 46 pub.
1337 3524 67 29 co.

357 3588 449 65 Prentice-Hall,
837 3588 129 64 inc.,
994 3588 140 52 New
1166 3588 178 53 York.

427 3666 241 51 Federal
700 3666 112 50 and
899 3683 81 33 New
1011 3663 162 53 York
1200 3670 145 47 state
1375 3665 215 53 income
1620 3666 114 51 and
1764 3670 174 47 estate
1966 3671 157 47 taxes
357 3663 1963 147 affecting

500 3747 201 49 estates
745 3742 113 52 and
898 3746 194 48 trusts.
1227 3759 80 34 New
1351 3740 163 53 York
1555 3741 133 68 city,
1732 3741 133 68 City
1907 3741 153 53 bank
2102 3740 243 54 farmers

357 3821 687 65 trust company [ ᶜ193 0]
427 3891 485 50 viii, 224 p. 24½ ᶜᵐ .
430 3948 276 48 “Compiled
733 3948 61 47 by
822 3946 372 48 Prentice-Hall,
1223 3946 121 41 inc.”

367 4002 51 52 ©
448 4008 112 44 May
589 4006 67 46 13,
685 4004 115 41 1930;
855 4004 66 40 2c.
952 4005 93 39 and
1076 4003 81 40 aff.
1187 4004 127 39 June
1339 4004 40 47 7,
1409 4003 140 48 1932;
1579 4004 42 38 A
1650 4004 169 46 52333;
1850 4002 372 48 Prentice-Hall,
2252 4001 92 43 inc.

444 4060 277 51 (32-17457)
