2563 4368
1389 4067 102 54 370

512 526 214 41 3 v. 26 ᶜᵐ.
792 594 105 29 CONTENTS.—v.
935 581 42 42 5.
1015 581 798 50 Appearance-Automobiles.—v.
1851 579 43 43 6.
1932 581 428 41 Bail-Bonds.—v.
2398 581 41 42 7.

445 639 533 42 Boundaries-Census.

447 692 52 51 ©
535 698 121 38 Mar.
689 696 69 47 25,
792 696 140 46 1932;
968 697 66 40 2c.
1067 697 117 40 each
1220 696 114 47 Apr.
1368 697 81 41 21;
1488 696 38 39 A
1561 694 346 47 50908-50910;
1945 697 134 39 West
2112 695 110 48 pub.
2255 706 67 30 co.

443 812 212 67 Baker,
686 813 245 56 Charles
959 813 290 66 Whiting,
1282 818 171 51 1865-

511 890 309 68 Pathways
843 889 141 54 back
1009 896 59 47 to
1092 889 322 69 prosperity;
1472 911 28 33 a
1531 890 169 69 study
1727 889 63 55 of
1815 889 214 55 defects
2054 889 61 53 in
2138 908 103 35 our
2266 887 170 57 social

441 967 259 54 machine
737 968 112 53 and
883 968 127 53 how
1047 973 58 47 to
1141 966 166 54 mend
1342 968 172 67 them,
1549 967 75 69 by
1663 966 235 56 Charles
1931 965 267 71 Whiting
2233 967 206 68 Baker,

480 1044 1955 70 C. E . New York and London, Funk & Wagnalls company, 1932.
509 1116 394 50 xix, 351 p. 21 ᶜᵐ.
449 1173 52 52 ©
534 1178 120 39 Mar.
686 1177 68 48 11,
786 1176 141 47 1932;
960 1176 66 41 2c.
1059 1178 96 39 and
1187 1176 81 42 aff.
1302 1178 121 39 Mar.
1456 1177 81 47 16;
1571 1177 41 39 A
1644 1176 169 47 50023;
1849 1177 141 40 Funk
2021 1176 37 41 &
2089 1176 251 49 Wagnalls
2372 1185 68 31 co.

526 1233 250 50 (32-7479)

444 1338 200 65 Bates,
674 1338 285 65 Clement,
991 1343 172 50 1845-

508 1414 53 53 A
602 1414 231 55 treatise
874 1435 71 34 on
987 1415 290 68 pleading,
1317 1416 266 67 practice,
1624 1416 214 67 parties
1879 1416 113 53 and
2035 1415 181 55 forms
2256 1416 181 53 under

438 1492 96 54 the
564 1492 152 68 code,
746 1493 140 57 with
916 1492 114 54 full
1059 1492 337 55 authorities
1428 1493 154 53 from
1612 1495 78 51 all
1719 1498 174 49 states
1923 1494 170 67 using
2124 1514 31 33 a
2188 1494 135 54 code
441 1499 1971 139 together

693 1570 140 54 with
887 1569 277 55 decisions
1217 1570 155 54 from
1422 1571 96 53 the
1572 1589 256 35 common
1881 1573 110 52 law
2045 1571 265 69 practice,
2361 1573 76 67 by

439 1646 1996 70 Clement Bates. 4th ed., by Hugh H. Bates … with additional
436 1724 1977 132 forms by Robert M. Hunter … Cincinnati, The W. H. Anderson
568 1821 280 50 company
883 1806 193 65 [ᶜ1932]

511 1875 892 50 3 p. l. , ix-xiii p., 1 l., 2598 p. 25½ ᶜᵐ.
513 1931 262 42 Published
814 1931 202 41 1881-82
1054 1933 153 41 under
1245 1932 109 42 title:
1422 1933 273 50 Pleadings,
1733 1934 185 49 parties
1958 1936 96 40 and
2092 1935 154 42 forms
2286 1938 154 41 under

442 1990 82 41 the
556 1990 115 40 code;
735 1989 114 41 1908;
913 1989 247 48 Pleading,
1194 1988 228 51 practice,
1455 1990 185 49 parties
1674 1992 95 39 and
1803 1990 154 43 forms
1990 1993 156 41 under
2179 1994 80 41 the
2293 1995 115 40 code;

442 2044 113 43 1923;
610 2048 101 40 The
737 2057 105 30 new
866 2046 240 50 pleading,
1133 2045 227 50 practice,
1387 2047 185 48 parties
1599 2048 96 40 and
1723 2048 167 41 forms.

450 2101 52 52 ©
531 2106 121 38 Mar.
680 2104 68 47 19,
778 2104 111 40 1932;
945 2104 67 43 2c.
1041 2105 121 39 Mar.
1190 2104 53 39 21;
1302 2104 82 40 aff.
1412 2104 113 49 Apr.
1552 2106 27 38 4;
1636 2106 40 39 A
1703 2105 143 42 50223;
1905 2107 70 40 W.
2004 2108 59 40 H.
2093 2107 249 40 Anderson
2372 2118 65 31 co.

526 2160 250 49 (32-7621)

445 2262 429 65 Bayne-Jones,
901 2261 320 64 Stanhope,
1250 2268 171 47 1888-

441 2337 1967 148 … Man and microbes, by Stanhope Bayne-Jones … Baltimore,
656 2418 121 53 The
822 2415 289 56 Williams
1156 2419 47 50 &
1245 2414 252 56 Wilkins
1544 2432 279 50 company
1869 2413 113 54 and
2030 2413 298 53 associates
2371 2414 64 51 in

441 2494 363 69 cooperation
837 2494 139 54 with
1007 2494 96 53 the
1136 2493 258 66 Century
1424 2492 64 54 of
1519 2509 263 50 progress
1814 2490 338 68 exposition,
2185 2493 151 51 1932.

549 2563 1891 53 x, 128 p. front., illus., plates, ports., diagrs. 19½ ᶜᵐ. (A century of
441 2636 225 39 progress
699 2625 175 48 series)

452 2680 52 52 ©
533 2684 108 40 Jan.
668 2682 69 48 30,
766 2681 113 41 1932;
937 2681 65 40 2c.
1032 2681 96 39 and
1156 2679 82 41 aff.
1268 2680 122 39 Mar.
1417 2678 54 40 14;
1530 2678 40 39 A
1597 2677 145 41 48927;
1800 2678 241 41 Williams
2070 2679 37 41 &
2135 2677 208 43 Wilkins
2372 2688 66 31 co.

527 2739 251 50 (32-7490)

445 2842 263 65 Benitez,
738 2841 286 57 Conrado.

515 2916 336 70 Philippine
900 2915 186 69 civics,
1134 2916 126 52 how
1311 2933 82 34 we
1441 2932 213 50 govern
1702 2914 297 67 ourselves,
2048 2913 74 69 by
2175 2913 263 55 Conrado

446 2990 1969 72 Benitez … Boston, New York [etc.] Ginn and company [ ᶜ1 932]
515 3063 1170 52 ix, 390 p. illus. (incl. ports.) diagrs. 19½ ᶜᵐ.
516 3123 347 48 Bibliography
894 3124 53 38 at
977 3122 92 39 end
1100 3121 52 40 of
1183 3121 119 39 each
1333 3120 214 48 chapter.

453 3181 52 52 ©
532 3186 121 38 Mar.
679 3183 68 48 11,
774 3182 139 46 1932;
940 3181 67 40 2c.
1034 3181 120 38 Mar.
1181 3180 82 46 14;
1291 3178 83 41 aff.
1400 3178 121 40 Mar.
1548 3178 82 46 15;
1659 3178 40 39 A
1723 3177 170 48 49119;
1924 3178 48 41 G.
1999 3176 214 49 Benitez,
2241 3178 198 47 Manila,

520 3240 275 48 Philippine
830 3238 198 40 islands.
1100 3235 249 49 (32-7324)

448 3330 267 65 Boisson,
742 3328 246 65 Marius,
1018 3332 170 51 1881-

580 3401 1854 73 … Le quai d’Orléans et l’île Saint-Louis. [Paris] Firmin-
448 3486 551 66 Didot et c ⁱᵉ [1931]
520 3551 1918 56 3 p. l., 147, [1] p. front., plates. 17½ᶜᵐ. (On cover: Ma maison, ma
449 3625 97 37 rue,
579 3625 111 29 mon
719 3613 244 50 quartier)

454 3663 1985 56 © Dec. 10, 1931; 1c. Jan. 25, 1932; A— Foreign 15523; Firmin-Didot &
520 3727 84 40 cie.
674 3725 250 50 (32-7779)

448 3815 295 65 Bonnard,
772 3815 166 66 Abel,
971 3819 171 51 1883-

578 3889 1711 70 … Rome, par Abel Bonnard. [Paris] Hachette [1931]
518 3962 1400 50 2 p. l., [7]-96 p., 2 l. 22 ½ ᶜᵐ. (Capitales du monde)
