2563 4368
1287 4124 132 42 1818

352 484 241 67 Martin,
620 486 145 53 Paul
793 486 244 66 Revere,
1068 490 170 50 1884-

421 564 120 52 The
569 561 211 69 Gospel
807 563 59 52 in
893 558 215 71 action;
1138 562 95 54 the
1261 561 184 54 Third
1471 563 167 52 order
1663 560 216 55 secular
1905 558 64 57 of
1997 560 83 56 St.
2109 562 237 54 Francis

352 637 1994 70 and Christian social reform [by] Paul R. Martin … New
356 714 1986 71 York, Milwaukee [etc.] The Bruce publishing company [ ᶜ1 932]
422 791 131 48 xxvi,
586 790 98 47 216,
723 790 70 50 [2],
827 790 203 40 217-276
1062 801 43 36 p.
1140 788 109 42 incl.
1284 787 164 50 front.,
1482 790 25 39 1
1541 790 128 39 illus.
1730 790 116 41 22ᶜᵐ.
1919 788 298 50 (Half-title:
352 789 1977 100 Science
491 849 96 39 and

612 848 190 39 culture
826 845 175 49 series)

425 904 329 47 “Encyclicals
786 913 60 30 on
879 904 81 39 the
991 901 154 42 Third
1177 901 168 40 order”
1365 913 8 30 :
1408 911 43 39 p.
1483 900 216 43 217-264.

424 960 347 49 Bibliography
789 971 8 29 :
830 971 41 37 p.
901 957 217 42 265-271.

358 1014 51 52 ©
440 1020 117 38 Nov.
588 1018 41 47 2,
661 1017 139 46 1932;
834 1018 67 39 2c.
933 1017 96 39 and
1060 1015 81 40 aff.
1175 1016 117 40 Nov.
1324 1015 82 47 10;
1441 1016 42 38 A
1514 1015 169 48 55896;
1719 1017 51 39 P.
1804 1017 54 40 R.
1892 1017 198 48 Martin,
2125 1017 221 48 Chicago.

434 1074 278 50 (32-34359)

351 1166 191 66 Marx,
570 1167 163 64 Karl,
765 1170 324 51 1818-1883.

424 1244 251 68 Capital,
715 1244 96 53 the
856 1242 356 56 Communist
1255 1243 308 55 manifesto
1606 1244 114 53 and
1764 1245 162 53 other
1968 1244 263 69 writings
2273 1243 35 54 by

352 1322 148 53 Karl
539 1322 189 67 Marx,
765 1322 209 67 edited,
1012 1322 140 52 with
1191 1340 73 35 an
1303 1322 408 67 introduction,
1747 1322 76 68 by
1860 1322 140 53 Max
2041 1322 304 68 Eastman;

354 1399 1993 69 with an unpublished essay on Marxism by Lenin … New
355 1477 179 68 York,
559 1478 121 53 The
708 1478 243 54 Modern
977 1478 220 67 library
1270 1480 134 51 [ᶜ1932]

421 1551 132 49 xxvi,
575 1551 89 41 429
684 1562 42 38 p.
788 1552 115 40 17ᶜᵐ.
974 1550 299 49 (Half-title:
1295 1550 103 40 The
1419 1552 199 39 modern
1640 1551 187 48 library
1850 1550 52 42 of
1923 1551 82 40 the
2026 1550 192 42 world’s
2242 1551 102 41 best

349 1607 173 48 books)

423 1664 163 41 “First
614 1665 201 40 Modern
842 1663 187 48 library
1057 1663 225 41 edition.”

359 1717 51 52 ©
437 1722 101 41 Oct.
564 1721 68 47 25,
659 1721 113 41 1932;
827 1720 68 41 2c.
921 1721 117 40 Nov.
1064 1721 55 40 18;
1175 1720 80 40 aff.
1283 1720 118 41 Nov.
1427 1721 56 39 17;
1538 1721 41 39 A
1605 1720 114 41 57168;
1805 1721 200 40 Modern
2032 1720 199 47 library,
2257 1720 91 41 inc.

435 1778 280 49 (32-34340)

352 1869 326 63 Mattheus,
708 1870 195 54 Peter.

422 1943 204 71 Robby
661 1944 232 69 kämpft
929 1962 96 35 um
1061 1945 151 53 seine
1251 1944 262 68 freiheit;
1552 1944 91 54 die
1680 1943 320 71 geschichte
2039 1944 153 55 einer
2229 1949 95 49 ent
354 2022 277 69 führung,
658 2040 112 36 von

799 2022 170 53 Peter
995 2022 308 53 Mattheus.
1369 2021 113 54 Mit
1512 2024 69 51 24
1606 2021 532 71 textzeichnungen,
2167 2022 182 53 einem
355 2099 265 70 farbigen
651 2099 250 54 titelbild
930 2100 115 53 und

1075 2099 181 54 einem
1284 2097 430 72 mehrfarbigen
1744 2099 463 70 deckenüberzug
2237 2117 108 36 von

352 2175 1971 148 Emerich Gondor. Stuttgart [etc.] Union deutsche verlagsgesellschaft [ ᶜ1 932]
426 2325 1913 53 96, [1] p. col. front., illus. 21 ᶜᵐ. ( Half-title : Union-jugendbücher)
360 2381 52 52 ©
447 2385 126 48 Sept.
604 2385 70 48 20,
707 2384 139 47 1932;
881 2385 66 40 1c.
979 2385 118 40 Nov.
1129 2386 82 41 11;
1246 2385 41 39 A
1288 2384 268 48 —Foreign
1588 2385 169 47 18577;
1795 2385 159 40 Union
1987 2384 229 41 deutsche
426 2393 1906 97 verlagsgesellschaff.
933 2441 278 48 (32-35500)

361 2532 234 65 [Moore,
623 2533 139 50 Mrs.
792 2530 175 53 Doris
1003 2530 539 68 (Langley-Levy)]
1580 2536 170 49 1903-

426 2608 121 53 The
577 2608 206 53 bride’s
811 2607 174 68 book;
1017 2627 80 48 or,
1127 2609 211 67 Young
1367 2608 357 54 housewife’s
1756 2608 414 68 compendium,
358 2626 1965 126 compiled
546 2686 112 52 and
691 2685 228 53 written

950 2685 1396 69 by two ladies of England … illustrated by
358 2761 1280 70 Harry Dodd. London, G. Howe [ ᶜ1 932]
432 2834 1627 51 xiv p., 2 l., 3-304 p. incl. front., illus. col. plates. 21½ᶜᵐ.
362 2888 1986 53 © 1c. Nov. 12, 1932; A ad int. 17069; pubd. Sept. 15; Doris. Langley
428 2950 176 47 Moore,
653 2950 289 47 Harrogate,
990 2948 276 48 Yorkshire,
1316 2949 236 49 England,
1599 2951 95 39 and
1741 2950 126 39 June
1912 2949 213 48 Langley
2172 2950 175 45 Moore,

430 3006 167 47 Ilkley,
631 3006 278 48 Yorkshire,
942 3006 234 47 England.
1247 3005 221 49 (33-461)

358 3095 259 64 Mursell,
647 3096 202 53 James
876 3095 318 66 Lockhart,
1227 3101 168 50 1893-

427 3171 120 54 The
583 3170 345 69 psychology
965 3170 63 53 of
1064 3170 307 70 secondary
1405 3171 187 54 school
1630 3169 279 70 teaching,
1947 3171 73 68 by
2055 3171 193 54 James
2281 3171 64 51 L.

359 3247 1965 69 Mursell … New York, W. W. Norton & company, inc. [ᶜ1932]
459 3318 966 49 x p., 1 l. , 468 p. illus., diagrs. 21ᶜᵐ.
428 3374 163 41 “First
619 3373 229 43 edition.”

429 3430 347 49 Bibliography
812 3433 51 38 at
898 3431 92 40 end
1024 3430 53 42 of
1110 3431 118 40 each
1263 3431 213 48 chapter.

365 3487 51 52 ©
441 3491 117 41 Nov.
579 3490 69 42 21,
673 3489 114 42 1932;
839 3490 67 41 2c.
930 3490 116 39 Nov.
1072 3490 55 39 25;
1181 3490 82 41 aff.
1287 3491 118 39 Nov.
1429 3490 55 40 23;
1539 3492 42 38 A
1604 3490 145 40 57216;
1800 3492 71 39 W.
1897 3492 71 39 W.
1993 3491 185 39 Norton
2205 3490 35 40 &
2265 3500 81 36 co.,

432 3547 88 40 inc.
591 3547 279 48 (32-34385)

361 3635 325 66 Mussolini,
716 3636 230 65 Benito,
981 3640 170 50 1883-

431 3711 173 54 Talks
633 3713 138 52 with
801 3712 320 68 Mussolini,
1149 3713 76 68 by
1253 3713 154 52 Emil
1436 3713 271 68 Ludwig;
1737 3714 313 52 translated
2077 3713 75 68 by
2183 3713 158 52 Eden

361 3792 50 50 &
446 3791 184 54 Cedar
661 3791 174 65 Paul;
872 3789 137 53 with
1043 3791 156 67 eight
1230 3789 393 54 illustrations.
1697 3791 256 67 London,
1987 3790 67 55 G.
2089 3790 172 52 Allen
2292 3791 52 51 &

361 3867 212 55 Unwin
602 3868 101 52 ltd.
742 3871 170 64 [1932]

430 3939 99 50 223,
564 3941 55 50 [1]
652 3950 43 37 p.
754 3938 162 49 front.,
949 3942 148 45 ports.
1156 3938 116 42 20ᶜᵐ.

367 3993 1980 52 © 1c. Dec. 7, 1932; A ad int. 17189; pubd. Nov. 29; Little, Brown, and
434 4064 245 36 company,
713 4054 195 40 Boston.
979 4052 218 49 (33-575)
