2563 4368
1030 4057 98 50 935

84 446 332 65 Wethered,
445 445 197 63 Joyce.

155 524 120 52 The
300 522 120 53 best
445 519 132 70 grip
578 552 72 6 —
652 520 112 53 and
790 520 128 52 how
943 524 58 48 to
1030 517 224 69 acquire
1279 517 64 54 it.

168 598 81 47 (In
275 591 199 44 London
501 590 199 51 Sunday
729 603 220 38 express,
977 589 117 51 May
1126 589 71 49 15,
1227 589 142 48 1932)

91 644 1978 57 © 1c. July 11, 1932; A ad int. 16639; pubd. May 15; J. Wethered, Witley,
159 709 187 45 Surrey,
379 707 233 46 England.

83 795 195 54 White
330 794 185 54 house
565 794 345 54 conference
962 809 72 38 on
1087 791 154 56 child
1291 790 204 55 health
1547 791 114 53 and
1715 789 349 66 protection.

150 867 1916 70 Sect. III: Education and training. Committee on the school
152 949 169 56 child.

150 1028 121 50 The
302 1025 455 54 administration
791 1025 63 52 of
884 1026 95 51 the
1011 1024 185 53 school
1227 1024 193 54 health
1453 1041 295 51 program;
1785 1027 190 63 report
2009 1023 62 52 of

83 1105 94 52 the
215 1102 434 55 Subcommittee
687 1121 71 34 on
793 1104 96 51 the
925 1101 459 54 administration
1422 1101 62 53 of
1521 1102 95 52 the
1653 1101 186 52 school
1877 1100 193 52 health

81 1197 284 51 program,
406 1181 69 52 A.
516 1180 54 53 J.
612 1178 306 69 Stoddard,
958 1179 308 68 chairman,
1305 1178 191 54 White
1533 1179 171 51 house
1744 1177 327 54 conference

81 1275 72 35 on
180 1257 152 53 child
360 1257 193 54 health
583 1256 110 53 and
722 1255 330 70 protection.
1119 1256 136 52 New
1288 1255 176 69 York,
1494 1255 254 67 London,
1779 1255 121 51 The
81 1253 1964 149 Century

244 1352 75 36 co.
463 1336 83 65 [ᶜ1932]

150 1405 407 49 xi, 41 p. 23 ᶜᵐ .
153 1461 1917 49 “Section III—Education and training, F. J. Kelly, PH. D., chairman.
83 1517 1987 107 Committee on the school child, Thomas D. Wood, M. D., chairman.”—p. [i]
152 1631 309 40 Illustration
487 1642 60 29 on
575 1642 41 37 p.
649 1631 55 49 [2]
733 1631 95 39 and
853 1631 220 47 diagram
1101 1641 59 29 on
1186 1642 42 36 p.
1260 1631 55 48 [3]
1344 1631 51 40 of
1421 1641 152 30 cover.

152 1687 346 48 Bibliography:
557 1698 42 37 p.
629 1686 158 42 39-41.

90 1744 51 52 ©
168 1748 111 47 Apr.
308 1747 68 47 20,
406 1746 112 41 1932;
575 1746 66 39 2c.
671 1748 94 38 and
793 1746 82 39 aff.
903 1746 113 47 Apr.
1045 1744 55 40 22;
1156 1746 43 38 A
1226 1744 142 41 50923;
1426 1745 161 40 White
1615 1746 148 39 house
1794 1744 279 42 conference

157 1800 1916 50 on child health and protection, Ray Lyman Wilbur, M. D., chairman.
157 1861 332 48 Washington.
560 1859 278 48 (32-16216)

154 1947 186 54 Home
375 1948 113 52 and
520 1948 190 53 school
744 1947 390 69 cooperation;
1173 1951 194 64 report
1400 1947 64 52 of
1497 1948 97 52 the
1629 1947 440 57 Subcommittee

84 2044 74 34 on
190 2025 361 69 cooperation
583 2026 64 51 of
679 2027 163 51 home
877 2026 112 51 and
1020 2027 208 67 school,
1263 2027 138 52 Mrs.
1436 2027 70 52 A.
1541 2027 74 51 H.
1653 2026 201 68 Reeve,
85 2025 1961 139 chairman,

267 2104 194 54 White
495 2104 172 53 house
699 2104 329 53 conference
1063 2123 73 33 on
1168 2103 153 56 child
1356 2105 195 52 health
1587 2106 112 51 and
1735 2104 335 68 protection.

85 2181 1409 69 New York, London, The Century co. [ ᶜ19 32 ]
158 2254 682 48 xii, 122 p. 23 ᶜᵐ . $0.75
161 2311 308 40 Illustration
493 2321 59 29 on
578 2321 40 37 p.
662 2310 41 50 [2]
732 2312 94 39 and
853 2311 220 48 diagram
1097 2321 61 30 on
1183 2323 43 36 p.
1255 2313 55 48 [3]
1337 2312 53 40 of
1414 2323 153 30 cover.

160 2366 1912 50 “Section III—Education and training, F. J. Kelley, PH. D., chairman.
90 2423 1987 106 Committee on the school child. Thomas D. Wood, M. D., chairman.”—p. [i]
159 2535 345 49 Bibliography:
563 2546 44 38 p.
637 2535 216 42 118-122.

92 2588 51 52 ©
174 2593 113 47 Apr.
316 2592 69 47 22,
416 2592 111 40 1932;
587 2592 67 40 2c.
685 2593 94 39 and
809 2592 82 41 aff.
922 2593 112 46 May
1063 2593 25 39 3;
1148 2593 42 38 A
1218 2592 142 41 49811;
1423 2593 161 40 White
1615 2594 147 40 house
1794 2595 280 39 conference

158 2648 1916 50 on child health and protection, Ray Lyman Wilbur, M. D., chairman,
159 2705 333 48 Washington.
563 2705 277 47 (32-16217)

156 2791 203 70 Safety
388 2792 300 54 education
717 2793 61 52 in
806 2795 244 66 schools;
1085 2801 195 60 report
1310 2794 62 52 of
1402 2795 95 53 the
1530 2795 440 56 Subcommittee
2002 2814 69 33 on

84 2869 190 70 safety
318 2871 297 53 education
661 2871 58 53 in
765 2871 233 67 schools,
1044 2871 204 54 Albert
1292 2873 88 52 W.
1426 2871 290 69 Whitney,
1763 2873 309 66 chairman,

84 2946 195 55 White
309 2948 171 52 house
511 2947 329 55 conference
873 2967 72 35 on
977 2947 154 55 child
1162 2949 193 53 health
1388 2952 112 51 and
1533 2951 332 66 protection.
1934 2952 138 52 New

86 3024 1222 70 York, London, The Century co. [ ᶜ19 32]
156 3097 867 50 xi, 61 p. diagr. 23 ᶜᵐ . $0.50
157 3154 310 40 Illustration
492 3165 60 30 on
576 3166 42 36 p.
650 3155 54 50 [2]
733 3156 96 39 and
855 3155 220 48 diagram
1100 3165 61 30 on
1185 3167 42 36 p.
1257 3155 55 49 [3]
1339 3155 53 40 of
1415 3166 153 30 cover.

160 3210 1912 50 “Section III—Education and training, F. J. Kelly, PH. D., chairman.
90 3263 1984 109 Committee on the school child, Thomas D. Wood, M. D., chairman.”—p. [i]
155 3377 348 50 Bibliography:
565 3392 43 36 p.
642 3381 156 40 56-61.

94 3432 51 52 ©
174 3437 113 48 Apr.
316 3437 55 41 23,
475 3438 53 40 1932;
587 3438 67 40 2c.
683 3439 94 39 and
809 3438 79 41 aff.
922 3439 112 46 May
1063 3440 25 39 3;
1149 3439 41 39 A
1218 3438 145 41 49810;
1422 3439 160 41 White
1615 3441 147 40 house
1794 3442 279 39 conference

162 3493 1912 51 on child health and protection. Ray Lyman Wilbur, M. D., chairman.
161 3549 331 49 Washington.
564 3550 278 50 (32-16236)

159 3628 120 53 The
306 3631 187 52 school
521 3632 194 51 health
745 3649 271 51 program;
1076 3637 192 64 report
1296 3632 64 53 of
1386 3632 96 54 the
1511 3633 339 56 Committee
1876 3651 72 36 on
1974 3631 97 53 the

89 3705 1981 74 school child, Thomas D. Wood, M. D., chairman, White house
90 3782 328 54 conference
454 3803 71 35 on
560 3785 153 53 child
747 3786 195 53 health
980 3788 112 51 and
1126 3788 336 67 protection.
1534 3789 139 52 New
1710 3787 179 67 York,
92 3789 1955 130 London,

248 3861 738 70 The Century co. [ ᶜ19 32 ]
241 3934 1054 52 xx, 400 p. 1 illus., diagr. 23½ᶜᵐ. $2.75
163 3990 286 41 Illustrated
481 3991 360 52 lining-papers.
