2563 4368
1310 4097 133 50 1882

378 477 249 63 Bruner,
657 477 138 51 Mrs.
825 476 308 63 Margaret
1163 475 67 55 E.

447 551 121 54 The
600 550 107 54 hill
737 550 141 54 road
917 551 110 69 [by]
1066 549 296 69 Margaret
1397 548 67 55 E.
1501 549 242 53 Bruner.
1813 547 219 70 Dallas,
2067 549 156 68 Tex.,
2255 549 122 54 The

379 628 438 70 Kaleidograph
846 645 175 52 press,
1052 630 152 51 1932.

447 698 748 51 4 p. l., vii-ix, 11-110 p. 20 ᶜᵐ.
448 756 185 41 Poems.

383 812 1976 107 (c) Nov. 1, 1932; 2c. Dec. 16; aff. Dec. 15; A 57521; M. E. Bruner, Newcastle, Ind. (32-35907)
381 960 224 66 Burtis,
635 961 317 54 Thomson.

450 1036 1930 70 Flying blackbirds, by Thomson Burtis … illustrated by
378 1112 1856 71 J. Clemens Gretta. New York. Grosset & Dunlap [ ᶜ19 32]
483 1188 741 50 v, 242 p. front., plates. 19½ ᶜᵐ.
386 1242 52 52 ©
469 1247 110 40 Dec.
608 1247 68 46 13,
706 1245 114 41 1932;
878 1246 66 40 2c.
975 1244 113 42 Dec.
1118 1246 54 39 15;
1231 1244 82 41 aff.
1344 1245 111 41 Dec.
1484 1244 56 40 22;
1600 1246 40 39 A
1669 1244 144 41 57569;
1875 1245 201 41 Grosset
2104 1246 36 40 &
2170 1246 209 49 Dunlap,

452 1303 91 40 inc.
613 1302 280 50 (32-35812)

383 1396 229 62 Carter,
639 1394 206 53 James
868 1393 69 55 R.

513 1469 1867 70 … Maya artifacts, photographed by James R. Carter, 1931
443 1546 1937 69 … Cleveland, O., Priv. print, by Louise K. Miller and J. R.
383 1626 220 68 Carter,
634 1628 150 51 1932.

453 1696 991 51 5 mounted l., 50 mounted photo. 56 ᶜᵐ.
453 1756 172 41 Issued
653 1755 51 40 in
732 1754 259 50 portfolio;
1022 1749 109 47 title
1158 1755 128 41 from
1313 1756 128 45 label
1469 1756 228 40 mounted
1725 1766 61 29 on
1816 1765 154 31 cover.

453 1815 64 38 At
541 1810 126 42 head
693 1812 51 40 of
770 1812 109 41 title:
934 1811 341 41 Presentation
1301 1819 132 41 copy.

455 1868 236 41 “Limited
733 1867 351 49 photographic
1124 1867 183 41 edition
1348 1869 51 38 of
1439 1867 58 41 90
1535 1867 159 48 copies
1734 1868 52 40 of
1827 1867 158 42 which
2025 1869 99 40 this
2165 1868 41 41 is
383 1877 1980 91 number
494 1925 70 42 3.”

455 1981 365 48 “Photographs
859 1980 52 41 of
949 1981 144 46 Maya
1134 1980 243 46 artifacts,
1415 1980 141 40 made
1592 1979 178 49 during
1805 1980 82 40 the
1925 1981 135 48 early
2097 1982 193 40 months
2328 1983 53 39 of

383 2039 113 41 1931
541 2038 50 40 in
637 2038 236 47 Yucatan,
921 2036 202 40 Mexico.
1183 2035 134 41 With
1361 2036 95 39 few
1501 2035 291 50 exceptions,
1839 2037 113 48 they
1997 2047 84 31 are
2125 2036 128 41 from
2299 2038 82 40 the

383 2096 191 49 private
617 2094 279 41 collections
939 2093 51 39 of
1036 2093 179 40 Senora
1261 2092 171 40 Donna
1478 2092 134 41 Julia
1656 2092 128 40 Peon
1829 2093 58 40 de
1929 2092 219 48 Camera,
2192 2096 95 39 and
2330 2094 53 40 of

386 2152 149 41 Senor
563 2151 107 40 Don
698 2151 43 40 J.
772 2150 176 39 Rafael
977 2150 58 39 de
1063 2148 138 48 Regii
1231 2147 63 48 C.,
1324 2148 116 40 both
1468 2149 51 38 of
1547 2148 203 49 Merida,
1778 2148 602 44 Yucatan.”—Foreword.

389 2205 52 51 ©
467 2209 118 39 Nov.
612 2208 68 47 22,
708 2207 112 39 1932;
878 2207 67 39 2c.
975 2207 94 38 and
1097 2205 80 39 aff.
1207 2205 116 39 Nov.
1352 2205 55 39 25;
1463 2206 43 37 A
1532 2205 143 40 58504;
1733 2206 44 40 J.
1806 2207 54 38 R.
1891 2206 186 48 Carter,
2107 2207 273 41 Cleveland.

467 2263 161 49 (33-9)

387 2357 172 62 Cory,
587 2354 253 64 Harper.

455 2429 1925 72 Lovable beasts, by Harper Cory … illustrated by over sixty
387 2509 407 68 photographs.
869 2509 256 66 London,
1157 2508 48 53 I.
1238 2507 309 53 Nicholson
1579 2512 44 50 &
1652 2509 257 66 Watson,
1939 2510 122 67 ltd.,
2095 2513 149 52 1932.

455 2579 953 50 xiv, 119 p., 1 l. front., plates. 24½ᶜᵐ.
457 2639 287 39 Illustrated
777 2648 140 30 cover
948 2638 95 40 and
1075 2637 363 48 lining-papers.

392 2691 1987 53 © 1c. Dec. 14, 1932; A ad int. 17223; pubd. Oct. 17; H. Cory, London.
467 2752 249 47 (33-1326)

386 2841 328 64 Crawford,
744 2841 256 55 William
1031 2841 58 55 S.

455 2916 122 54 The
605 2916 371 70 background
1005 2915 65 55 of
1100 2916 101 53 fire
1233 2917 315 67 insurance,
1578 2917 75 69 by
1684 2915 260 57 William
1980 2916 58 57 S.
2074 2917 305 55 Crawford

385 2993 1970 147 … Chicago, Cincinnati [etc.] The National underwriter company [ᶜ1932]
455 3144 276 48 159 p. 19 ᶜᵐ.
457 3199 162 42 “First
649 3200 259 48 printing.”

393 3253 50 52 ©
481 3259 111 40 Dec.
627 3259 40 46 2,
703 3258 140 47 1932;
881 3259 67 40 2c.
985 3260 95 39 and
1118 3259 82 41 aff.
1237 3260 112 40 Dec.
1385 3259 52 48 9;
1476 3260 42 38 A
1553 3260 170 47 57405;
1762 3261 72 40 W.
1874 3260 43 41 S.
1957 3260 267 47 Crawford,
2263 3259 116 40 New

458 3315 142 39 York.
673 3315 277 47 (32-35893)

389 3402 410 68 Croft-Cooke,
827 3405 246 66 Rupert,
1105 3411 171 50 1903-

517 3481 1499 72 … Cosmopolis. London, Jarrolds, limited [1932]
455 3552 85 41 331
567 3563 43 38 p.
671 3553 55 40 19½ᶜᵐ.

391 3605 1986 57 © 1c. Dec. 17, 1932; A ad int. 17259; pubd. Oct. 23; R. Croft-Cooke.
459 3666 276 43 Rochester,
767 3668 234 47 England.
1073 3669 248 47 (33-1453)

388 3736 193 56 Dante
610 3738 310 66 Alighieri,
954 3746 323 52 1265-1321.

455 3814 123 53 The
606 3814 212 55 Divine
851 3818 233 68 comedy
1119 3817 64 53 of
1216 3819 190 54 Dante
1438 3819 288 69 Alighieri;
1794 3820 96 52 the
384 3816 1969 128 Carlyle-Wicksteed

569 3893 359 66 translation,
963 3895 389 58 introduction
1383 3896 75 69 by
1491 3896 303 57 Professor
1827 3894 62 58 C.
1925 3896 77 54 H.
2038 3894 336 70 Grandgent

446 3968 1301 75 … New York, The Modern library [ᶜ1932]
