2563 4368
1299 4066 102 56 778

379 430 224 64 Marks,
632 429 207 66 Percy,
874 435 173 50 1891-

449 505 121 54 The
609 505 152 54 craft
803 506 64 53 of
905 507 252 70 writing,
1195 510 75 68 by
1309 512 182 67 Percy
1531 513 215 53 Marks.
1822 514 138 54 New
2003 516 180 68 York,
379 518 1972 133 Harcourt,

582 585 181 53 Brace
789 587 112 52 and
930 605 280 50 company
1352 592 83 64 [ᶜ1932]

449 656 397 50 viii, 231 p. 19½ ᶜᵐ.
383 709 52 52 ©
466 715 114 45 May
609 715 68 46 17,
708 714 114 40 1932;
881 716 66 39 2c.
979 717 94 38 and
1105 717 83 38 aff.
1219 718 113 46 May
1363 717 54 40 27;
1479 719 40 37 A
1548 720 143 39 51527;
1752 721 261 49 Harcourt,
2046 723 153 39 Brace
2231 724 36 39 &
2297 733 81 38 co.,

449 770 90 41 inc.
611 771 280 50 (32-14140)

376 875 191 64 Maus,
597 874 260 64 Cynthia
883 876 189 65 Pearl,
1104 881 172 51 1880-

446 950 198 55 Youth
673 953 112 53 and
815 953 247 53 creative
1089 954 213 69 living;
1335 976 30 32 a
1395 956 276 67 practical
1699 958 346 68 guide-book
2074 959 95 53 for
2197 962 178 67 youth

375 1030 113 52 and
531 1030 219 54 leaders
793 1032 64 52 of
896 1033 179 66 youth
1117 1032 60 53 in
1217 1034 96 52 the
1355 1034 132 54 field
1529 1035 65 53 of
1636 1037 292 52 character
1968 1040 241 65 growth.
2284 1041 91 66 By

376 1106 1998 79 Cynthia Pearl Maus … New York, R. Long & R. R. Smith,
373 1184 125 70 inc.,
524 1191 150 50 1932.

444 1259 821 49 ix p., 2 l., 3-167 p. illus. 19½ ᶜᵐ.
447 1316 162 40 “Book
641 1317 250 40 comrades
924 1318 152 47 youth
1107 1318 151 47 ought
1289 1320 48 38 to
1370 1318 169 40 know”
1573 1322 53 38 at
1656 1322 92 38 end
1780 1320 52 41 of
1863 1322 119 39 each
2012 1322 214 48 chapter.

379 1369 51 53 ©
456 1375 112 47 May
591 1374 70 48 20,
685 1373 112 42 1932;
852 1374 65 40 2c.
946 1377 112 46 May
1082 1376 56 40 23;
1192 1375 82 41 aff.
1300 1377 113 47 May
1437 1376 56 40 24;
1547 1378 40 38 A
1612 1377 144 40 52106;
1812 1379 106 48 Ray
1943 1379 134 49 Long
2099 1380 37 40 &
2160 1379 213 43 Richard

446 1431 54 41 R.
531 1432 169 48 Smith,
726 1432 91 40 inc.
888 1431 280 51 (32-13909)

372 1536 248 65 Mellett,
650 1537 139 52 Mrs.
821 1536 222 54 Berthe
1082 1537 359 66 (Knatvold)

444 1612 159 55 Wife
626 1620 58 46 to
709 1612 207 69 Cæsar,
939 1634 30 32 a
994 1616 166 51 novel
1184 1614 64 53 of
1271 1615 402 70 Washington,
1696 1617 75 68 by
1797 1618 211 53 Berthe
2033 1618 73 53 K.
2132 1619 239 55 Mellett.

375 1692 138 52 New
543 1692 179 67 York,
750 1691 247 68 Brewer,
1025 1693 243 54 Warren
1297 1696 47 50 &
1370 1694 269 69 Putnam,
1671 1698 150 51 1932.

441 1767 477 48 3 p. l., 312 p. 19½ᶜᵐ.
375 1819 51 52 ©
458 1825 112 47 May
599 1824 67 47 27,
697 1822 112 42 1932;
868 1824 66 41 2c.
965 1826 94 39 and
1089 1824 81 40 aff.
1201 1826 126 39 June
1356 1825 27 39 2;
1441 1826 40 38 A
1510 1826 143 41 51607;
1713 1828 54 40 B.
1797 1828 59 40 K.
1887 1828 201 47 Mellett,
442 1829 1911 92 Washington.

610 1881 279 48 (32-14016)

370 1985 274 64 Menczel,
673 1985 252 65 Philipp.

498 2060 1869 72 … Trügerische lösungen, erlebnisse und betrachtungen eines
369 2128 427 67 Österreichers.
870 2138 294 69 Stuttgart
1223 2144 119 64 [etc.]
1384 2140 281 53 Deutsche
1699 2141 476 69 verlags-anstalt,
2215 2146 148 49 1932.

435 2210 577 49 3 p. l., 328, [1] p. 21 ᶜᵐ.
373 2265 1994 110 © Dec. 16, 1931; 1c. Feb. 25, 1932; A—Foreign 15897; Deutsche verlags-anstalt. (32-13800)
365 2427 1995 74 Michigan digest. May, 1932, cumulative pamphlet … with
436 2508 1755 71 table of statutes. St. Paul, West publishing co. [ ᶜ19 32]
434 2584 247 47 46 p. 25½ ᶜᵐ.
440 2641 72 39 On
539 2650 139 30 cover;
737 2639 307 41 Cumulative
1072 2639 251 48 quarterly
1352 2640 258 47 pamphlet.

371 2693 51 52 ©
454 2699 112 46 May
594 2698 68 46 18,
692 2697 112 40 1932;
863 2697 67 41 2c.
961 2697 126 39 June
1115 2697 53 38 11;
1229 2696 82 41 aff.
1341 2697 125 39 June
1496 2697 53 39 13;
1609 2698 40 38 A
1678 2696 142 41 52504;
1881 2698 133 39 West
2043 2697 109 48 pub.
2184 2709 66 29 co.

364 2857 337 54 Minnesota
729 2858 346 53 conference
1105 2874 72 36 on
1209 2856 478 65 unemployment
1717 2857 173 53 relief
1917 2858 115 53 and
435 2857 1897 143 stabilization,
608 2935 402 68 Minneapolis,
1042 2937 149 51 1931.

361 3012 1973 130 … Proceedings of the Minnesota conference on unemployment
543 3090 168 52 relief
740 3091 112 52 and
880 3090 405 68 stabilization,
1315 3090 318 53 November
1664 3089 290 68 17-18-19,
1987 3093 150 63 1931,
2169 3090 188 53 edited

361 3167 1997 70 by Russell A. Stevenson … Minneapolis, The University of
360 3246 323 52 Minnesota
710 3263 174 50 press,
912 3248 150 50 1932.

430 3320 58 40 95
526 3330 42 38 p.
637 3320 58 39 26½ᶜᵐ.
863 3318 267 48 (Bulletins
1170 3317 51 41 of
1259 3319 82 39 the
1380 3318 339 47 Employment
1757 3316 332 42 stabilization
2129 3317 227 40 research

361 3376 239 48 institute,
631 3375 281 47 University
939 3375 51 39 of
1017 3373 299 48 Minnesota)

367 3430 51 52 ©
447 3435 112 47 Apr.
587 3432 70 49 20,
686 3431 112 41 1932;
855 3431 68 40 2c.
953 3433 113 45 May
1093 3431 55 40 13;
1207 3430 82 40 aff.
1318 3432 114 46 May
1460 3430 54 39 12;
1573 3431 40 38 A
1639 3428 146 41 49944;
1844 3429 280 48 University

2154 3430 53 39 of
433 3429 1903 109 Minnesota,
646 3488 333 48 Minneapolis.
1052 3487 278 49 (32-13999)

361 3595 217 63 Moore,
611 3592 261 62 Charles,
904 3596 170 51 1855-

427 3669 335 67 Wakefield,
807 3669 321 66 birthplace
1173 3667 64 52 of
1283 3667 220 67 George
1548 3666 400 67 Washington,
1993 3666 75 66 by
2116 3664 235 54 Charles

359 3747 211 51 Moore.
642 3746 401 66 Washington,
1078 3744 120 52 The
1231 3743 316 54 Wakefield
1583 3742 257 54 national
1873 3741 295 53 memorial
359 3758 1966 132 association,
618 3827 149 49 1932.

428 3897 99 48 viii,
555 3898 54 39 33
637 3909 43 36 p.
739 3897 163 45 front.,
931 3896 169 47 plates,
1129 3895 123 47 port.
1311 3893 56 39 24½ᶜᵐ.

365 3951 51 52 ©
450 3957 112 44 May
594 3955 69 46 14,
694 3952 113 41 1932;
868 3952 67 41 2c.
969 3953 114 46 May
1114 3951 55 39 23;
1232 3949 80 41 aff.
1347 3951 113 47 May
1493 3948 54 40 19;
1607 3950 40 38 A
1681 3949 142 40 52112;
1888 3948 50 41 C.
1972 3948 175 40 Moore.
431 3944 1899 115 Washington.
681 4008 278 51 (32-13996)
