2563 4368
1102 4014 102 53 919

219 470 328 50 108 p. 22 ᶜᵐ .
221 528 244 40 Problems
492 526 207 41 selected
725 526 127 40 from
880 524 357 42 examinations
1266 527 49 41 of
1343 528 82 39 the
1452 526 255 42 American
1735 526 224 41 institute
1986 527 50 41 of
150 533 1971 100 accountants

428 583 95 40 and
545 584 127 39 state
695 581 357 42 examinations
1076 582 140 48 given
1240 581 272 50 applicants
1533 583 79 39 for
1635 584 81 39 the
1739 582 215 41 certified
1979 583 160 49 public

149 640 291 42 accountant
472 637 278 43 certificate.

157 696 51 52 ©
239 701 122 38 Mar.
391 699 40 45 9,
462 697 139 46 1932;
633 698 67 40 2c.
731 699 95 38 and
856 697 81 41 aff.
969 698 127 39 June
1127 699 81 43 14;
1242 697 40 39 A
1314 696 168 46 51760;
1520 696 379 42 South-western
1932 697 108 47 pub.
2074 708 66 30 co.

233 754 277 49 (32-16013)

151 833 313 64 Simmons,
493 834 261 52 Lorenzo
779 833 228 66 Albert,
1039 835 171 54 1857-

217 910 245 69 History
493 909 64 53 of
586 911 97 52 the
715 909 285 56 Simmons
1033 909 225 70 family,
1292 909 153 54 from
1477 909 187 55 Moses
1700 910 302 69 Simmons,
2039 914 101 50 1st.

160 987 251 70 (Moyses
445 985 345 73 Symonson)
830 988 131 67 ship
993 988 271 68 Fortune,
1298 989 152 66 1621,
1480 993 58 48 to
1570 988 112 54 and
1715 988 299 70 including
2045 988 96 54 the

149 1065 257 55 eleventh
443 1064 333 71 generation
813 1065 61 53 in
912 1082 151 36 some
1100 1064 161 69 lines,
1301 1066 112 52 and
1452 1084 138 50 very
1628 1065 200 69 nearly
1866 1067 275 68 complete

150 1149 57 48 to
256 1144 96 52 the
397 1143 159 53 third
606 1144 112 52 and
768 1141 200 55 fourth
1017 1142 361 71 generations
1427 1142 151 54 from
1625 1142 187 55 Moses
1864 1147 99 50 1st.
2050 1144 90 70 By

148 1221 254 53 Lorenzo
432 1220 206 54 Albert
668 1217 302 58 Simmons.
1035 1219 261 70 Lincoln,
1326 1219 160 70 Neb.,
1518 1224 151 50 1930.

223 1290 1390 55 xxvi p., 1 l., 288, [16] p. front., plates, ports. 23 ᶜᵐ .
221 1349 127 41 Title
381 1349 229 49 vignette.

224 1404 152 49 “Only
401 1405 88 41 300
516 1404 158 49 copies
700 1405 124 41 have
852 1406 120 40 been
998 1404 237 49 printed.”
1293 1405 118 41 This
1440 1415 117 39 copy
1587 1409 83 38 not
1699 1408 274 42 numbered.

221 1462 161 40 Blank
403 1471 147 40 pages
574 1462 79 40 for
680 1459 422 43 “Memorandum”
1141 1460 111 51 ([16]
1280 1463 53 39 at
1357 1463 115 47 end)

159 1515 50 54 ©
244 1522 120 37 Mar.
395 1520 57 40 30,
554 1520 53 40 1931;
668 1519 67 40 2c.
767 1520 95 39 and
893 1518 81 42 aff.
1007 1520 126 39 June
1165 1521 67 45 17,
1266 1518 113 43 1932;
1440 1521 40 38 A
1513 1520 144 42 51819;
1718 1522 50 39 L.
1802 1523 54 40 A.
1893 1522 250 46 Simmons,

225 1577 213 46 Lincoln,
466 1576 113 42 Neb.
650 1575 280 50 (32-15813)

152 1655 213 69 Smith,
394 1657 258 54 Thomas
680 1658 246 64 Vernor,
959 1663 171 50 1890-

223 1734 1918 75 Philosophers in Hades [by] T. V. Smith … Chicago, Ill.,
153 1809 1248 75 The University of Chicago press ᶜ1 932]
226 1885 481 50 xvii, 229 p. 19 ᶜᵐ .
228 1943 187 39 “Books
443 1946 49 36 to
519 1942 144 41 read”
683 1954 9 29 :
721 1953 43 38 p.
793 1943 217 41 221-223.

158 1993 52 54 ©
242 2000 112 46 May
381 1999 70 46 24,
482 1997 112 43 1932;
650 1999 67 41 2c.
747 2002 95 38 and
873 1999 81 41 aff.
985 2001 126 39 June
1141 2001 55 39 10;
1253 2001 41 40 A
1324 2002 142 40 52412;
1529 2002 248 43 University
1842 2005 49 39 of
1924 2005 221 49 Chicago,

228 2055 222 48 Chicago.
521 2055 277 49 (32-16080)

155 2129 345 66 Stevenson,
529 2131 220 54 Robert
776 2131 198 66 Louis,
1005 2138 325 52 1850-1894.

222 2205 57 51 A
322 2206 200 52 child’s
568 2208 216 67 garden
833 2207 65 53 of
943 2226 202 50 verses,
1191 2211 75 66 by
1315 2210 215 53 Robert
1576 2211 174 54 Louis
1801 2211 341 69 Stevenson;

153 2281 323 54 illustrated
509 2282 76 70 by
620 2284 241 53 Eulalie.
934 2285 139 53 New
1109 2287 180 67 York,
1323 2287 122 54 The
1479 2289 161 52 Platt
1678 2291 112 52 and
1827 2290 184 53 Munk
2047 2310 100 49 co.,

151 2357 338 71 inc. [ ᶜ 1932 ]
224 2432 1364 53 84 p., 1 l. incl. col. front., illus., col. plates. 19½ ᶜᵐ .
230 2487 285 43 Illustrated
548 2489 359 50 lining-papers.

226 2544 240 48 “Popular
496 2545 227 42 edition.”

163 2596 50 54 ©
244 2604 113 45 May
387 2603 67 46 12,
484 2602 113 43 1932;
654 2605 66 40 2c.
753 2606 95 39 and
877 2605 83 42 aff.
990 2607 125 39 June
1146 2609 81 45 14;
1259 2608 40 40 A
1329 2609 169 47 51730;
1533 2611 133 41 Platt
1697 2612 35 40 &
1763 2613 152 39 Munk
1945 2621 79 37 co.,
2056 2613 91 39 inc.

231 2655 70 53 [©
327 2661 93 39 end
444 2669 190 41 papers]
705 2661 279 50 (32-15738)

158 2733 387 67 Studebaker,
573 2736 173 53 Mark
775 2738 69 54 E.

224 2810 408 70 Bookkeeping
676 2814 112 52 and
834 2814 339 70 accounting
1218 2816 93 53 for
1355 2820 157 51 rural
1555 2819 237 69 schools,
1835 2820 75 68 by
1953 2820 79 54 M.
2078 2820 70 54 E.

157 2885 1987 81 Studebaker … Cincinnati, New York [etc.] South-western
154 2963 663 72 publishing co. [ ᶜ1 932]
225 3037 817 53 viii, 380 p. incl. forms. 22½ ᶜᵐ .
164 3089 52 53 ©
244 3095 114 47 Apr.
386 3097 69 45 11,
484 3095 117 43 1932;
654 3098 68 39 2c.
750 3100 97 38 and
875 3098 83 42 aff.
988 3100 126 40 June
1142 3101 83 46 14;
1255 3102 41 40 A
1324 3103 170 47 51762;
1530 3105 382 41 South-western
1942 3107 107 49 pub.
2081 3117 66 30 co.

242 3151 278 50 (32-15701)

161 3221 280 70 Verkuyl,
470 3226 217 67 Gerrit,
717 3230 170 54 1872-

224 3299 197 56 Christ
450 3304 61 51 in
542 3305 96 52 the
668 3306 191 67 home;
892 3308 213 54 studies
1138 3310 61 52 in
1232 3311 294 56 Christian
1557 3319 255 63 nurture,
1842 3316 76 66 by
1949 3315 197 57 Gerrit

156 3377 1987 83 Verkuyl … New York, Chicago [etc.] Fleming H. Revell
153 3460 506 66 company [ ᶜ1 932]
228 3525 363 53 216 p. 19½ ᶜᵐ .
233 3582 344 45 “References”
616 3590 51 38 at
704 3588 82 41 the
823 3591 91 40 end
951 3591 52 40 of
1038 3593 118 40 each
1192 3594 201 50 chapter
1429 3600 169 46 except
1632 3599 82 41 the
1749 3599 110 41 last.

167 3635 50 53 ©
249 3643 114 45 May
390 3642 69 47 28,
489 3641 139 49 1932;
661 3643 67 41 2c.
759 3648 95 38 and
885 3646 81 41 aff.
999 3649 124 40 June
1152 3650 80 46 10;
1267 3651 40 40 A
1337 3652 169 48 52402;
1542 3654 219 50 Fleming
1791 3658 59 39 H.
1884 3659 164 39 Revell
2081 3669 65 30 co.

244 3696 277 47 (32-15726)

163 3767 268 69 Vincent,
466 3773 355 66 Jacqueline.

292 3845 1817 84 … Nono & c ⁱᵉ , roman. Paris, Desclée, de Brouwer et c ⁱᵉ
165 3924 190 66 [ ᶜ1 932 ]
