2563 4368
1057 4063 99 43 745

113 451 200 65 Alner,
340 452 201 53 James
568 450 60 56 Z.

238 521 1724 73 … The capital murder. New York, A. A. Knopf, 1932.
179 597 721 52 5 p. l., 3-260, [2] p. 19½ᶜᵐ.
180 655 162 42 “First
374 655 226 42 edition.”

115 724 52 51 ©
200 729 113 37 Mar
342 727 69 47 20,
442 725 113 41 1932;
615 725 68 39 2c.
716 727 112 44 May
860 725 55 37 24;
978 723 80 40 aff.
1093 725 112 45 May
1237 723 54 38 21;
1352 723 41 38 A
1427 723 141 39 52104;
1632 724 43 38 J.
1709 723 47 38 Z.
1790 724 161 44 Alner,
1985 723 116 39 New

183 784 143 40 York.
396 782 278 48 (32-13349)

110 883 254 56 Arizona
413 885 111 52 and
574 881 209 58 Pacific
832 882 204 69 digest,
1083 882 267 69 covering
1397 883 78 51 all
1520 900 152 35 cases
1722 881 264 69 reported
2034 879 62 54 in

178 963 249 53 Arizona
460 967 237 63 reports,
728 964 325 63 1866-1931,
1083 958 218 56 Pacific
1324 964 274 64 reporter,
1627 961 250 52 volumes
1911 962 186 64 1-300,

182 1042 110 53 and
328 1042 74 52 all
435 1042 63 52 of
530 1041 94 52 the
656 1038 211 56 Pacific
900 1044 172 49 states
1107 1043 219 64 reports
1361 1038 153 53 from
1546 1039 96 53 the
1673 1038 228 53 earliest
1932 1037 164 55 times

241 1115 1853 72 … Compiled and edited by the publisher’s editorial staff.
220 1242 9 10 v.
262 1200 185 49 11-13.
525 1197 80 56 St.
636 1199 164 63 Paul,
827 1198 159 53 West
1014 1196 334 69 publishing
1376 1214 98 49 co.,
1504 1199 148 53 1932.

175 1271 278 42 3 v. 26 ᶜᵐ .
447 1338 115 30 CONTENTS.—v.
588 1326 72 41 11.
688 1326 235 42 Criminal
948 1329 109 46 law,
1084 1328 23 38 1
1138 1329 46 39 to
1210 1326 205 42 904.—v.
1445 1326 72 41 12.
1544 1326 234 41 Criminal
1804 1328 108 46 law,
1940 1326 84 41 905
2052 1330 49 39 to

111 1386 166 40 end.—
279 1396 44 29 v.
354 1383 68 42 13.
453 1384 460 48 Crops-Discovery.

114 1451 52 52 ©
196 1457 113 38 Mar
335 1455 70 48 24,
433 1453 113 42 1932;
603 1455 67 40 2c.
699 1455 118 40 each
844 1456 127 39 June
999 1456 53 38 11;
1113 1454 108 40 affs.
1251 1455 126 40 June
1406 1455 54 40 13;
1519 1455 41 39 A
1590 1454 319 41 52468-52470;
1967 1455 135 40 West

181 1513 107 48 pub.
316 1524 67 29 co.

110 1614 274 66 Beeman,
415 1616 256 53 Howard
703 1613 237 66 Newell,
976 1619 168 50 1891-

178 1691 342 68 Veterinary
556 1690 295 56 obstetrics
886 1691 114 53 and
1037 1690 369 69 zootechnics,
1441 1689 74 70 by
1554 1690 257 53 Howard
1849 1691 69 53 N.
107 1692 1966 132 Beeman

340 1767 1758 70 … Washington, D. C., American remount association,
108 1849 151 51 1932.

177 1917 84 42 131
291 1928 43 39 p.
393 1918 116 41 21ᶜᵐ.

178 1974 346 42 “References”
553 1976 51 39 at
632 1976 91 40 end
751 1974 51 41 of
827 1974 118 41 each
972 1974 126 48 part.

114 2043 52 52 ©
193 2048 112 47 Apr,
334 2047 68 48 20,
431 2045 113 42 1932;
600 2048 66 39 2c.
691 2048 99 39 and
818 2046 82 39 aff.
929 2047 113 47 May
1071 2046 26 40 6;
1154 2045 40 40 A
1221 2045 145 41 49854;
1424 2046 143 40 Amer.
1614 2050 219 37 remount
1862 2058 126 31 assn.

191 2104 279 49 (32-13323)

110 2207 212 65 Béhar,
352 2206 230 54 Manoël
611 2205 182 64 Felix,
825 2212 169 49 1889-

243 2282 1853 72 … The manual of instrumentation, by M. F. Behar. [pt. 1.
110 2362 448 54 Fundamentals
602 2362 64 54 of
709 2361 520 67 instrumentation]
1309 2363 361 69 Pittsburgh,
1715 2364 383 54 Instruments

109 2439 334 70 publishing
471 2458 296 51 company,
798 2444 148 49 1932.

181 2514 104 47 xiii,
315 2513 83 41 109
428 2525 43 37 p.
531 2514 141 47 illus.,
702 2514 180 49 diagrs.
941 2514 146 40 24½ᶜᵐ.

115 2580 52 52 ©
196 2584 113 48 Apr.
337 2585 68 47 28,
436 2583 111 41 1932;
606 2584 67 40 2c.
704 2584 113 48 Apr.
846 2583 55 40 29;
960 2583 82 43 aff.
1072 2585 112 47 May
1213 2584 28 40 4;
1300 2585 41 39 A
1369 2584 142 40 51122;
1572 2587 64 38 M.
1667 2587 50 37 F.
1749 2586 173 47 Behar,
183 2586 1899 103 Pittsburgh.
421 2641 278 47 (32-13174)

114 2744 312 65 Campbell,
461 2746 256 52 Thomas
747 2744 312 65 Jefferson,
1098 2750 168 50 1864-

179 2820 121 54 The
333 2838 182 51 upper
551 2821 338 67 Tennessee;
927 2821 483 70 comprehending
1445 2822 292 69 desultory
1775 2824 224 53 records
2037 2823 64 54 of

111 2897 149 54 river
289 2898 325 68 operations
644 2898 60 53 in
734 2899 95 53 the
861 2899 309 53 Tennessee
1203 2899 205 70 valley,
1439 2900 269 70 covering
1740 2920 30 33 a
1804 2901 199 68 period
2037 2901 64 54 of

111 2993 102 35 one
251 2975 260 54 hundred
550 2975 136 70 fifty
725 2994 180 50 years,
946 2975 299 71 including
1285 2995 109 49 pen
1436 2978 112 53 and
1590 2995 220 39 camera
1851 2979 249 68 pictures

111 3052 64 53 of
204 3053 95 53 the
329 3053 186 68 hardy
546 3052 154 54 craft
731 3053 112 53 and
875 3053 95 53 the
1002 3052 246 54 colorful
1281 3054 318 54 characters
1632 3056 125 53 who
1791 3056 308 70 navigated

111 3129 1989 74 them … T. J. Campbell, author and publisher. Chattanooga,
111 3207 393 67 Tenn., ᶜ1 932.
179 3279 858 50 4 p. l., 144 p., 1 l. illus. 22½ᶜᵐ.
180 3336 536 48 “Acknowledgments”
735 3347 9 30 :
775 3337 25 38 1
830 3337 100 40 leaf
957 3339 54 38 at
1037 3337 106 41 end.

119 3404 51 51 ©
204 3409 112 46 May
347 3408 40 47 2,
421 3407 139 46 1932;
594 3407 67 41 2c.
696 3409 95 38 and
823 3407 80 40 aff.
939 3409 113 47 May
1085 3408 81 46 10;
1203 3408 41 39 A
1275 3408 171 47 49904;
1481 3410 51 40 T.
1568 3411 43 39 J.
1648 3412 259 46 Campbell,
185 3412 1898 100 Knoxville,
335 3465 148 39 Tenn.
553 3464 277 48 (32-13313)

116 3568 210 63 Capps,
353 3567 218 64 Joseph
601 3566 286 65 Almarin,
919 3568 169 55 1872-

184 3642 93 53 An
315 3642 409 68 experimental
760 3643 112 52 and
912 3641 225 55 clinical
1175 3643 170 69 study
1383 3643 64 54 of
1482 3643 138 68 pain
1657 3644 57 53 in
1755 3645 94 53 the
1886 3646 217 66 pleura,

114 3719 1990 69 pericardium and peritoneum, by Joseph A. Capps … with the
113 3795 1990 72 collaboration of George H. Coleman … a foreword by Anton
113 3872 1884 71 J. Carlson … New York, The Macmillan company, 1932.
182 3946 94 46 xiv,
316 3945 56 41 99
409 3955 44 38 p.
513 3945 128 43 illus.
670 3946 136 50 (part
843 3944 111 48 col.)
1022 3943 148 41 22½ᶜᵐ.
1243 3944 296 50 (Half-title:
1577 3946 279 44 Macmillan
1902 3947 201 44 medical

115 4002 344 48 monographs)
