2563 4368
1341 4089 99 49 596

391 544 158 53 York
573 544 116 67 city
715 547 161 50 court
902 542 112 53 and
1039 541 322 68 Municipal
1387 544 177 63 court,
1589 557 61 36 as
1675 537 275 55 amended
1974 542 60 49 to
2057 538 97 53 the
2178 538 109 53 end
2312 537 63 52 of

387 625 92 52 the
514 622 319 69 legislative
866 619 209 55 session
1110 619 63 54 of
1210 621 152 65 1932,
1394 618 141 53 with
1568 623 158 48 notes
1758 617 64 53 of
1855 634 151 37 cases
2037 616 150 54 since
2222 616 153 55 Civil

387 702 247 68 practice
664 707 89 46 act
780 701 59 51 in
869 697 164 55 effect
1058 718 71 33 on
1158 698 246 55 October
1434 702 47 61 1,
1509 699 151 49 1921.
1735 696 99 51 9th
1860 696 85 51 ed.
2021 694 211 54 Edited
2264 696 112 51 and

389 774 1990 73 annotated by Joseph R. Clevenger … New York, Baker,
391 859 240 55 Voorhis
659 863 45 50 &
732 875 309 51 company;
1071 857 138 52 New
1239 854 163 55 York
1429 855 112 51 and
1569 854 249 68 Albany,
1844 853 279 54 Matthew
2152 854 227 53 Bender

384 943 44 50 &
461 954 297 52 company,
789 936 419 69 incorporated,
1244 936 149 51 1932.

458 1010 463 53 viii, [1966] p. 25 ᶜᵐ.
459 1071 61 39 At
551 1070 121 40 head
703 1067 50 40 of
784 1068 106 39 title
908 1078 8 28 :
951 1066 244 40 Standard
1223 1064 199 41 edition.

457 1125 209 41 Various
696 1124 216 48 pagings.

393 1179 51 52 ©
477 1184 112 47 May
620 1182 39 48 9,
692 1181 112 40 1932;
865 1183 65 38 2c.
964 1181 94 38 and
1092 1178 80 41 aff.
1208 1180 112 46 May
1352 1177 54 40 10;
1467 1178 38 38 A
1537 1176 144 41 49907;
1744 1178 235 39 Matthew
2011 1178 190 40 Bender
2234 1177 35 40 &
2301 1187 82 37 co.,

461 1240 105 47 inc.,
596 1240 36 39 &
661 1239 176 46 Baker,
866 1237 204 40 Voorhis
1101 1236 35 40 &
1165 1246 82 37 co.,
1279 1236 89 39 inc.

388 1330 338 64 Nicholson,
755 1329 168 54 Edna
949 1329 67 54 E.

518 1403 1862 71 … A study of tuberculosis mortality among young women,
386 1480 1970 151 by Edna E. Nicholson. New York, National tuberculosis association [ ᶜ1 932]
388 1631 1976 107 60 p. diagr. 23 ᶜᵐ. ([National tuberculosis association] Social research series, no. 1)
460 1751 157 39 Based
645 1760 59 29 on
733 1748 85 41 180
843 1759 136 29 cases
1007 1748 47 39 in
1087 1746 191 41 Detroit
1307 1746 49 42 in
1383 1746 128 41 1930.

394 1804 51 52 ©
480 1810 121 39 Mar.
634 1807 66 47 12,
734 1805 139 46 1932;
907 1805 67 43 2c.
1007 1807 94 38 and
1134 1804 80 41 aff.
1251 1806 121 38 Mar.
1404 1803 82 48 30;
1522 1804 38 39 A
1595 1804 169 46 50434;
1800 1804 230 40 National
2065 1802 320 42 tuberculosis

462 1864 307 41 association.
841 1862 279 49 (32-10957)

391 1952 212 56 Pacific
637 1952 202 70 digest,
874 1952 268 68 covering
1175 1952 77 52 all
1286 1969 150 36 cases
1470 1950 266 69 reported
1770 1951 60 51 in
1865 1948 212 58 Pacific
2108 1955 273 65 reporter,

460 2033 252 52 volumes
743 2034 184 65 1-300,
955 2031 111 52 and
1099 2031 76 52 all
1204 2029 63 55 of
1293 2030 96 55 the
1416 2027 212 56 Pacific
1655 2034 173 49 states
1855 2035 222 63 reports
2105 2029 152 55 from
2286 2030 96 52 the

461 2108 1921 70 earliest times … Compiled and edited by the publisher’s
459 2189 266 52 editorial
776 2185 151 55 staff,
1004 2205 47 34 v.
1107 2192 150 47 8-10.
1337 2186 81 55 St.
1473 2189 164 66 Paul,
1687 2190 162 53 West
1897 2188 335 69 publishing
2283 2207 98 49 co.,

461 2271 149 53 1932.

462 2341 217 41 3 v. 26 ᶜᵐ.
740 2408 105 29 CONTENTS.—v.
891 2395 40 41 8.
979 2395 676 49 Certiorari-Contempt.—v.
1704 2395 41 42 9.
394 2394 1973 101 Continuance-Corporations.—
599 2466 44 29 v.

678 2453 70 41 10.
784 2452 435 42 Costs-Creditors’
1254 2452 112 41 suit.

397 2509 51 51 ©
482 2513 112 47 Apr.
627 2511 69 48 22,
728 2510 112 41 1932;
901 2510 67 39 2c.
1002 2510 117 39 each
1154 2511 111 46 May
1298 2510 54 38 14;
1416 2509 82 41 aff.
1534 2510 111 48 May
1680 2511 53 39 13;
1797 2511 40 38 A
1870 2510 320 41 51308-51310;
2253 2512 133 39 West

464 2569 278 48 publishing
772 2579 66 29 co.

391 2643 258 66 Peebles,
677 2643 190 65 Allon,
897 2647 172 51 1900-

391 2719 1962 147 … A survey of the medical facilities of the state of Vermont, by Allon
911 2796 1472 71 Peebles, PH. D. Chicago, Ill., The University
392 2878 63 51 of
483 2876 253 68 Chicago
765 2894 157 49 press
973 2880 152 63 [1932]

463 2946 1918 51 xiii, 321 p. illus. (map) 23 ᶜᵐ. (Publications of the Committee on
394 3007 80 39 the
499 3007 129 38 costs
654 3006 51 39 of
729 3004 202 41 medical
957 3015 139 29 care:
1125 3015 74 31 no.
1228 3004 80 47 13)

470 3060 1910 49 “This survey … was undertaken at the invitation of the Vermont
394 3119 306 40 commission
728 3130 59 28 on
818 3120 203 45 country
1049 3117 539 48 life.”—Introductory
1613 3121 126 38 note.

400 3173 51 52 ©
486 3178 104 39 Jan.
620 3176 57 40 30,
721 3175 138 46 1932;
891 3176 66 39 2c.
989 3176 93 39 and
1114 3175 81 41 aff.
1227 3176 119 39 Mar.
1378 3175 81 48 16;
1493 3176 40 38 A
1563 3175 170 48 50126;
1768 3176 280 42 University
2080 3177 53 39 of
2163 3175 221 49 Chicago,

469 3233 220 47 Chicago.
761 3231 279 47 (32-10959)

393 3307 197 65 Pohle,
621 3306 264 65 Ludwig,
919 3311 324 52 1869-1926.

525 3383 1859 70 … Kapitalismus und Sozialismus. 4. völlig neugestaltete
394 3462 116 51 und
541 3461 326 52 wesentlich
896 3461 311 52 erweiterte
1239 3461 159 69 aufl.;
1432 3480 99 35 aus
1565 3463 126 51 dem
1723 3461 259 54 nachlass
394 3463 1966 142 herausgegeben,
552 3538 312 53 bearbeitet

394 3537 1992 147 und ergänzt von dr. Georg Halm … Berlin, J. Springer, 1931.
464 3688 62 44 ix,
557 3688 86 40 316
672 3699 43 36 p.
775 3687 56 39 24½ᶜᵐ.

466 3743 307 47 “Abgesehen
806 3754 92 29 von
929 3743 260 48 kleineren,
1223 3744 64 39 im
1322 3754 181 37 ganzen
1536 3745 105 38 text
1673 3745 305 39 verstreuten
2040 3743 198 41 zusätzen
2274 3743 108 40 sind

395 3800 77 39 die
501 3800 272 40 abschnitte
802 3800 116 39 über
945 3800 77 40 die
1050 3799 351 41 sozialistische
1476 3800 519 48 wirtschaftsrechnung,
2023 3801 89 39 das
2141 3799 242 41 russische

395 3856 299 46 experiment
740 3857 96 39 und
881 3857 88 39 das
1015 3855 693 41 wirtschaftsdemokratische
1752 3865 273 38 Programm
2073 3855 310 48 grossenteils

396 3913 115 38 oder
536 3922 121 36 ganz
685 3922 89 29 von
802 3912 91 39 mir
919 3911 807 48 geschrieben.”—Vorbemerkung
1752 3913 84 39 des
1862 3911 361 48 herausgebers.

405 3965 1980 52 © Oct. 28, 1931; 1c. Jan. 19, 1932; A —Foreign 15461; Julius Springer.
482 4025 278 49 (32-10984)
