2563 4368
1428 4044 99 46 114

632 569 1206 50 xx, [21]-130 p. incl. front., plates, map. 20½ ᶜᵐ .
494 635 50 53 ©
582 641 108 39 Jan.
727 641 41 45 4,
805 640 139 46 1932;
984 640 66 40 2c.
1088 642 95 38 and
1220 639 79 41 aff.
1339 640 111 40 Feb.
1488 640 24 40 8
1531 651 8 35 ;
1578 640 40 38 A
1653 639 144 40 47500
1816 649 8 36 ;
1866 637 172 41 Edwin
2075 638 169 39 Faxon
2281 637 201 45 Osborn,

560 696 310 46 Kalamazoo,
903 697 143 40 Mich.

483 812 203 66 Bland,
716 815 206 52 Pascal
949 815 247 64 Brooke,
1228 815 170 55 1875-

560 887 1860 71 Gynecology medical and surgical, by P. Brooke Bland …
489 966 139 53 with
654 971 100 48 644
776 966 395 69 illustrations,
1195 968 205 66 mostly
1425 966 261 68 original,
1710 966 297 67 including
2028 968 66 49 43
2120 964 219 54 colored
2364 969 118 47 text

488 1044 223 69 figures,
739 1046 112 52 and
882 1049 64 47 12
975 1044 176 55 insert
1178 1045 198 67 plates,
1408 1047 64 48 10
1499 1043 63 53 of
1589 1044 185 52 which
1804 1061 93 35 are
1926 1042 59 52 in
2012 1043 192 52 colors.
2268 1041 71 52 2d
2370 1058 109 35 rev.

489 1120 1579 69 ed. … Philadelphia, F. A. Davis company, 1932.
558 1191 1810 50 2 v. illus. (part col.) plates (part col., part fold.) diagrs. 26 ᶜᵐ .
488 1248 159 50 $15.00

558 1321 162 48 Paged
751 1320 353 47 continuously.

495 1391 51 51 ©
575 1395 109 39 Jan.
710 1395 40 46 4,
779 1393 139 46 1932;
948 1394 67 39 2c.
1043 1393 117 40 each
1189 1393 109 39 Jan.
1326 1391 82 48 26;
1438 1391 82 41 aff.
1549 1391 108 40 Jan.
1686 1390 82 48 25;
1799 1390 40 40 A
1867 1390 171 47 47234;
2072 1391 50 40 F.
2151 1390 53 40 A.
2235 1389 151 41 Davis
2416 1398 68 34 co.

573 1451 249 48 (32-3686)

492 1552 144 56 Blue
678 1552 201 53 ribbon
921 1552 270 66 orations,
1232 1570 30 33 a
1303 1550 295 56 collection
1639 1550 62 53 of
1743 1550 444 70 prize-winning
2228 1549 252 55 orations

564 1632 228 52 written
831 1632 75 66 by
944 1631 257 52 students
1242 1630 63 53 of
1344 1629 306 53 American
1689 1630 239 68 colleges
1970 1631 110 51 and
2120 1629 359 54 universities

623 1708 1857 68 … Franklin, O. and Denver, Col., Eldridge entertainment
560 1787 548 68 house, inc., ᶜ1 931.
561 1860 364 49 120 p. 19½ ᶜᵐ .
496 1928 51 51 ©
577 1933 116 38 Nov.
721 1931 70 47 25,
819 1930 112 40 1931
950 1941 8 36 ;
988 1930 68 41 2c.
1083 1931 95 38 and
1206 1928 80 40 aff,
1317 1930 109 39 Jan.
1455 1929 41 49 2,
1524 1929 113 41 1932
1655 1941 9 36 ;
1695 1930 40 39 A
1761 1930 145 41 46702
1925 1941 8 35 ;
1966 1930 228 48 Eldridge

563 1930 1903 98 entertainment
728 1989 162 44 house,
927 1987 90 39 inc.
1088 1986 251 49 (32-3509)

490 2088 249 66 Borden,
767 2089 132 53 Neil
925 2091 255 63 Hopper,
1210 2095 170 49 1895-

561 2165 1915 68 Problems in advertising, by Neil H. Borden … 2d ed.
491 2243 138 53 New
677 2245 162 51 York
884 2245 112 51 and
1043 2244 257 66 London,
1348 2243 428 54 McGraw-Hill
1821 2244 147 52 book
2012 2262 296 48 company,
2356 2245 104 51 inc.,

492 2324 148 51 1932.

560 2390 1468 51 xvii, 840 p. incl. illus., tables, diagrs. 23½ ᶜᵐ . $6.00
563 2463 246 41 “Selected
836 2464 84 40 list
946 2464 51 39 of
1026 2463 299 41 references”
1345 2475 8 28 :
1384 2475 42 37 p.
1455 2463 215 41 815-826.

496 2533 51 51 ©
581 2538 107 38 Jan.
722 2536 68 47 27,
824 2536 139 45 1932;
998 2536 67 42 2c.
1099 2536 108 39 Feb.
1241 2536 50 45 1;
1326 2534 83 41 aff.
1442 2536 107 39 Jan.
1583 2535 82 47 30;
1701 2535 40 39 A
1772 2536 170 45 48217;
1978 2535 348 41 McGraw-Hill
2360 2535 123 41 book

563 2604 81 35 co.,
672 2593 90 40 inc.
834 2592 249 48 (32-3467)

492 2697 230 62 Brown,
757 2697 66 52 E.
853 2695 70 55 Y.
953 2696 65 53 L.

624 2772 1639 67 … The eye [by] E. V . L. Brown, M. D. … and Louis
493 2773 1958 147 Bothman, M. D. … The ear, nose and throat [by] George E.
493 2852 1984 148 Shambaugh, M . D. … and Elmer W. Hagens, M. D. … Chicago,
492 3005 1053 68 The Year book publishers [ ᶜ1 932]
563 3079 1909 53 629 p. illus. 18½ ᶜᵐ . (The practical medicine series … Series 1931)
496 3145 51 51 ©
574 3150 107 38 Jan.
707 3150 39 46 7,
772 3147 111 41 1932
903 3159 7 34 ;
938 3148 68 42 2c.
1031 3149 108 39 Jan.
1167 3149 80 46 15;
1276 3149 82 40 aff.
1385 3150 108 39 Jan.
1520 3150 81 47 16;
1629 3151 41 38 A
1693 3151 144 40 47315
1855 3162 8 36 ;
1893 3153 126 38 Year
2044 3151 122 40 book
2192 3151 286 50 publishers,

563 3205 88 40 inc.

491 3304 213 67 Cabell,
733 3308 202 53 James
963 3309 252 61 Branch,
1247 3310 168 52 1879-

554 3380 177 50 These
755 3380 221 52 restless
997 3380 188 68 heads,
1212 3400 30 33 a
1265 3381 212 67 trilogy
1501 3381 63 51 of
1586 3382 321 67 romantics,
1929 3382 74 68 by
2026 3384 228 52 Branch
2282 3382 188 54 Cabell

549 3455 1923 69 … decorative illustrations [by ] Samuel Bernard Schaeffer.
485 3529 136 54 New
655 3531 176 66 York,
863 3531 65 53 R.
963 3534 77 51 M.
1074 3532 275 55 McBride
1380 3535 44 49 &
1457 3551 292 51 company,
1783 3539 147 50 1932.

554 3612 1102 49 4 p. l., vii-xiv, 253 p., 1 l. front. 23½ ᶜᵐ .
557 3681 1915 55 “The large paper edition … consists of four hundred and ten signed
485 3741 96 38 and
609 3739 259 40 numbered
898 3740 169 47 copies,
1100 3740 52 40 of
1180 3741 155 39 which
1366 3740 136 40 three
1531 3743 217 38 hundred
1778 3745 95 38 and
1904 3745 351 47 seventy-three
2285 3756 84 31 are
2399 3745 75 39 for

485 3795 142 41 sale.”

555 3850 344 48 Bibliography
917 3863 7 28 :
1006 3871 11 30 [1]
1048 3861 42 38 p.
1123 3854 51 38 at
1204 3851 103 40 end.

493 3918 51 51 ©
578 3922 108 40 Feb.
719 3923 38 46 1,
791 3921 113 41 1932
921 3933 9 36 ;
965 3922 65 42 2c.
1064 3924 94 41 and
1192 3921 82 41 aff.
1306 3922 108 39 Feb.
1449 3923 52 45 3;
1537 3922 40 39 A
1609 3922 169 48 47421;
1815 3924 42 40 J.
1892 3925 53 40 B.
1981 3926 177 48 Cabell,
2193 3925 280 41 Richmond.

569 3978 248 50 (32-3523)
