2563 4368
1148 4065 99 51 999

170 603 293 65 struction,
518 602 204 53 Albert
778 602 64 52 P.
903 597 419 67 Greensfelder,
1378 597 320 66 chairman;
1761 593 397 55 fundamental

173 681 340 68 equipment,
561 677 217 58 Collins
824 681 65 52 P.
939 677 168 66 Bliss,
1152 675 320 66 chairman;
1523 673 188 55 edited
1755 673 76 68 by
1876 674 158 53 John
2078 673 78 52 M.

173 758 165 55 Gries
374 758 113 52 and
520 758 193 53 James
751 755 171 53 Ford.
995 752 400 68 Washington,
1430 753 72 52 D.
1541 752 82 65 C.,
1658 749 122 54 The
1814 748 346 54 President’s

174 827 1816 72 conference on home building and home ownership [ᶜ193 2]
243 907 116 48 xvii,
389 906 86 41 325
503 917 43 37 p.
607 906 127 39 illus.
761 903 134 50 (incl.
928 903 164 49 plans)
1132 904 170 47 plates.
1362 901 146 42 23½ᶜᵐ.

246 964 225 40 Lettered
506 973 63 30 on
604 972 166 30 cover:
805 959 253 48 Planning,
1095 957 231 49 building,
1363 956 268 41 sanitation
1668 955 95 40 and
1799 954 277 50 equipment
2110 954 52 40 of

175 1021 265 48 dwellings.

181 1075 52 52 ©
264 1080 125 39 June
416 1078 70 47 25,
516 1077 139 46 1932;
685 1076 66 40 2c.
783 1076 95 39 and
906 1075 81 39 aff.
1018 1075 125 39 June
1172 1073 82 45 30;
1286 1074 41 37 A
1357 1070 168 48 51952;
1558 1069 295 41 President’s
1885 1068 280 42 conference

250 1147 59 29 on
343 1135 137 39 home
514 1133 218 47 building
765 1133 97 39 and
894 1132 138 39 home
1067 1129 285 48 ownership,
1389 1129 180 39 Robert
1603 1128 49 39 P.
1690 1127 206 39 Lamont
1929 1127 97 39 and
2061 1126 106 46 Ray

251 1193 184 46 Lyman
465 1190 201 46 Wilbur,
697 1190 125 47 joint
854 1187 259 47 chairmen,
1147 1186 331 47 Washington.
1550 1183 278 50 (32-17493)

177 1291 221 54 Punch,
472 1312 53 36 v.
553 1294 117 65 182,
695 1309 88 34 no.
813 1290 153 68 4743,
993 1292 152 54 June
1174 1294 46 62 1,
1249 1291 148 50 1932.

186 1358 1982 58 © 1c. July 27, 1932; A ad int. 16707; pubd. June 1; Herbert Heather,
254 1425 210 39 London.

179 1520 243 65 Ramuz,
450 1518 245 57 Charles
720 1516 352 67 Ferdinand,
1102 1516 170 56 1878-

319 1591 1593 74 … Les signes parmi nous. Paris, B. Grasset [ᶜ193 1]
253 1670 774 50 3 p. l., 215, [1] p., 1 l. 18 ½ᶜᵐ .
255 1729 65 39 At
345 1729 124 38 head
495 1727 54 40 of
575 1727 107 40 title:
742 1726 121 40 C.-F.
891 1727 200 38 Ramuz.

190 1777 1979 55 © Nov. 5, 1931; 1c. Jan. 18, 1932; A—Foreign 15326; Editions Bernard
259 1841 212 40 Grasset.
542 1839 278 49 (32-17829)

185 1929 213 65 Reade,
432 1929 261 67 Charles,
728 1933 322 52 1814-1884.

251 2007 121 52 The
409 2007 224 52 cloister
669 2008 112 51 and
815 2008 96 52 the
945 2006 233 66 hearth;
1220 2025 31 34 a
1286 2007 114 52 tale
1435 2005 62 53 of
1532 2005 95 52 the
1662 2003 214 54 middle
1912 2021 147 49 ages,
2095 2002 72 67 by

182 2083 235 55 Charles
445 2084 221 66 Reade;
697 2084 140 52 with
867 2103 71 34 an
965 2083 391 53 introduction
1383 2084 76 65 by
1488 2081 267 54 Hendrik
1780 2081 234 54 Willem
2041 2081 131 52 Van

181 2158 160 56 Loon
371 2162 110 52 and
511 2160 380 54 illustrations
922 2162 61 52 in
1014 2161 423 67 photogravure
1467 2160 77 66 by
1570 2159 170 66 Lynd
1769 2159 199 54 Ward.
2035 2158 137 53 New

184 2235 178 69 York,
389 2237 121 53 The
535 2236 251 54 Limited
813 2237 243 54 editions
1085 2238 146 64 club,
1261 2239 151 51 1932.

255 2309 1081 50 2 v. illus. (incl. music) plates. 25½ ᶜᵐ .
258 2366 161 48 Paged
452 2366 352 47 continuously.

189 2421 1971 99 “Fifteen hundred copies of this book were made … the composition and
439 2478 274 49 presswork
736 2479 61 48 by
822 2481 82 39 the
928 2490 136 38 press
1088 2479 52 40 of
1163 2479 53 41 A.
1242 2478 163 42 Colish
1431 2479 53 41 of
1508 2479 116 41 New
1650 2479 131 41 York;
1836 2480 80 39 the
1942 2489 149 39 paper
2117 2479 61 47 by

189 2536 83 41 the
305 2536 215 40 Hurlbut
552 2546 149 38 paper
736 2544 232 39 company
1004 2536 52 40 of
1090 2535 152 41 South
1276 2536 105 46 Lee,
1416 2535 385 41 Massachusetts;
1866 2537 81 39 the
1981 2536 199 47 binding

190 2591 62 49 by
287 2591 182 49 George
503 2591 259 41 McKibbin
797 2593 35 39 &
865 2603 86 30 son
985 2592 52 41 of
1070 2592 258 48 Brooklyn,
1364 2592 116 41 New
1515 2593 143 40 York.
1719 2593 100 40 The
1851 2592 329 40 illustrations

192 2659 126 31 were
345 2649 194 48 printed
569 2650 61 47 by
660 2649 82 41 the
774 2648 213 42 Osborne
1017 2649 268 41 chromatic
1316 2659 208 38 gravure
1555 2659 233 39 company
1822 2649 52 41 of
1903 2649 116 41 New
2052 2649 127 40 York

191 2706 129 40 from
358 2707 81 40 the
478 2706 211 47 original
723 2705 194 48 designs
955 2705 52 40 of
1046 2705 136 48 Lynd
1219 2706 165 47 Ward,
1423 2707 108 39 who
1569 2708 113 39 here
1722 2706 133 49 signs
1893 2705 100 42 this
2030 2715 146 39 copy:

193 2761 136 47 Lynd
356 2763 163 40 Ward.
575 2762 117 40 This
719 2763 42 39 is
787 2772 118 38 copy
931 2761 200 41 number
1157 2760 265 51 Copyright
1449 2762 161 49 copy.”

201 2817 51 51 ©
285 2822 113 45 May
427 2820 69 48 20,
528 2818 112 41 1932;
700 2818 68 41 2c.
799 2820 118 38 each
946 2820 96 38 and
1073 2818 81 40 aff.
1186 2819 125 40 June
1342 2819 56 40 25;
1459 2820 41 38 A
1532 2819 141 40 51911;
1736 2819 209 41 Limited
1976 2819 205 40 editions

267 2878 121 46 club,
425 2876 91 40 inc.
579 2872 67 54 [©
683 2875 328 41 introduction
1048 2877 94 38 and
1179 2875 341 50 illustrations]
1592 2876 279 50 (32-17303)

195 2963 220 67 Salten,
445 2964 183 67 Felix,
658 2969 170 52 1869-

325 3041 1857 69 … Bambi, eine lebensgeschichte aus dem walde; edited,
192 3118 1988 69 with notes and vocabulary, by Clair Hayden Bell … illustrated
192 3194 76 70 by
289 3196 154 53 Kurt
463 3197 202 53 Wiese.
726 3198 233 65 Boston,
982 3197 139 52 New
1145 3197 161 53 York
1351 3203 119 62 [etc.]
1497 3199 74 52 D.

1595 3198 63 55 C.
1683 3198 194 53 Heath
1901 3198 112 52 and
192 3216 1967 125 company
382 3276 192 64 [ᶜ1932]

268 3344 1823 53 ix, 251 p. front., illus. 19 ᶜᵐ . (Heath’s modern language series)
270 3400 441 50 “Bibliographical
742 3402 140 41 note”:
942 3415 43 37 p.
1019 3403 63 40 ix.

207 3455 51 51 ©
287 3460 112 46 May
425 3460 69 46 25,
522 3460 111 39 1932;
689 3459 66 41 2c.
785 3461 111 46 May
922 3461 55 39 31;
1035 3459 80 40 aff.
1144 3461 126 39 June
1296 3460 53 41 23;
1407 3462 41 39 A
1476 3461 142 42 52788;
1675 3462 133 41 Clair
1837 3463 205 47 Hayden
2069 3464 118 44 Bell,

275 3517 247 46 Berkeley,
554 3516 142 40 Calif.
778 3513 51 51 [©
861 3516 207 51 preface,
1100 3518 135 38 notes
1267 3522 36 40 &
1333 3518 308 50 vocabulary]

285 3572 277 47 (32-17364)

202 3660 293 63 Sarment,
528 3660 166 63 Jean,
730 3663 170 54 1897-

334 3737 1855 73 … Lord Arthur Morrow Cowley; roman. Paris, Fasquelle
353 3818 46 62 [ᶜ193 1 ]
274 3884 457 49 245 p., 1 l. 19 ᶜᵐ .
212 3937 1977 59 © May 10, 1931; 1c. May 9, 1932; A—Foreign 16831; Fasquelle e diteurs.
289 3995 278 54 (32-17897)
