2563 4368
1342 4100 132 54 1798

403 486 288 66 Fletcher,
724 485 149 64 Guy.

473 561 254 69 Chasing
759 582 28 33 a
820 563 209 51 dream.
1112 562 361 66 [Instalment
1503 564 48 64 8,
1580 564 28 48 9]

483 636 82 48 (In
591 634 87 51 My
705 634 144 42 home
876 632 276 51 magazine,
1181 632 139 50 Nov.,
1348 630 131 52 Dec.,
1509 631 144 52 1932)

407 689 1987 53 © 1c. each Dec. 23, 1932; A ad int. 17285; pubd. Oct. 25, Nov. 25; G.
474 749 236 48 Fletcher,
739 749 212 40 London.

404 838 173 66 Ford,
605 838 304 64 Adelbert,
940 842 170 51 1890-

474 914 1862 71 The story of scientific psychology, by Adelbert Ford …
404 992 1591 69 New York, Sears publishing company, inc. [ ᶜ19 32]
472 1066 852 50 xii, 307 p. illus., diagrs. 21 ᶜᵐ .
408 1120 50 52 ©
496 1125 119 40 Nov.
651 1124 69 46 15,
757 1123 114 40 1932;
936 1121 66 42 2c.
1042 1124 95 40 and
1174 1122 81 41 aff.
1292 1122 117 41 Nov.
1448 1123 81 47 18;
1569 1123 42 39 A
1647 1122 169 47 57148;
1859 1122 145 41 Sears
2041 1123 106 48 pub.
2187 1133 81 37 co.,
2307 1121 90 42 inc.

471 1180 278 50 (32-34240)

405 1271 204 64 Fryer,
642 1271 264 64 Eugénie
935 1272 189 65 Mary,
1158 1272 171 55 1879-

476 1349 312 68 Unending
816 1355 178 62 quest,
1021 1348 76 69 by
1129 1348 255 69 Eugenie
1413 1348 78 52 M.
1525 1349 195 68 Fryer.
1789 1348 301 67 Portland,
2119 1349 127 66 Me.,
2279 1348 122 52 The

404 1427 229 53 Mosher
662 1444 175 51 press,
867 1429 152 50 1932.

473 1499 743 51 vii, [1], 29, [1] p., 1 l. 18 ᶜᵐ .
478 1556 1923 49 “Five hundred copies of this book printed … on Van Gelder paper
407 1615 94 38 and
529 1614 80 39 the
636 1614 114 47 type
773 1612 293 41 distributed
1095 1613 49 38 in
1172 1613 80 39 the
1279 1612 167 41 month
1474 1612 53 40 of
1553 1612 205 41 October
1785 1611 156 42 1932.”

473 1669 183 41 Poems.

410 1722 50 52 ©
490 1726 118 41 Nov.
636 1726 38 48 8,
704 1725 114 40 1932;
874 1725 68 42 2c.
969 1725 116 40 Nov.
1115 1725 56 40 18;
1228 1724 82 41 aff.
1339 1724 117 41 Nov.
1485 1725 58 39 16;
1599 1726 41 38 A
1668 1725 144 40 57134;
1870 1726 53 40 E.
1954 1726 62 40 M.
2047 1725 163 47 Fryer,
478 1723 1904 107 Philadelphia.

749 1781 278 50 (32-34092)

407 1874 358 63 Haberman,
798 1872 333 55 Frederick.

476 1950 121 53 The
647 1955 162 62 great
861 1947 313 69 pyramid’s
1224 1966 250 51 message
1525 1952 57 50 to
1633 1946 282 70 America,
1966 1947 75 70 by
2093 1946 308 56 Frederick

405 2025 1996 70 Haberman … [St. Petersburg, Fla.] The Kingdom press,
496 2108 84 50 ᶜ19 32.
478 2175 989 50 cover-title, 80 p. fold. plates. 26 ᶜᵐ .
478 2234 123 40 Text
627 2244 62 29 on
713 2243 43 38 p.
828 2234 72 48 [1-3]
928 2233 52 40 of
1005 2240 153 33 cover.

413 2287 52 52 ©
493 2291 102 41 Oct.
623 2290 68 48 20,
720 2289 140 48 1932;
890 2290 67 40 2c.
985 2290 118 39 Nov.
1131 2289 80 47 15;
1244 2289 79 40 aff.
1354 2290 115 40 Nov.
1500 2291 81 46 14;
1613 2291 41 38 A
1681 2290 169 48 58045;
1883 2290 240 48 Kingdom
2153 2299 149 41 press,
2335 2292 65 40 St.

480 2349 305 46 Petersburg,
825 2347 100 39 Fla.
997 2345 280 51 (32-33932)

409 2437 294 65 Hancock,
731 2436 231 56 Harris.

479 2513 395 53 Foundations
906 2513 63 52 of
1000 2514 95 52 the
1125 2515 201 67 theory
1358 2514 62 53 of
1455 2514 284 68 algebraic
1770 2516 283 66 numbers,
2083 2517 73 65 by
2189 2516 209 52 Harris

409 2592 1988 70 Hancock … v. 2. The general theory … New York, The
408 2672 64 51 Macmillan
772 2688 295 51 company,
1099 2672 149 53 1932.

481 2745 714 47 xxvi p., 1 l., 654 p. 20½ᶜᵐ.
485 2801 290 39 “Published
808 2800 119 40 with
960 2801 83 39 the
1074 2800 80 40 aid
1189 2801 51 39 of
1272 2801 82 39 the
1388 2802 200 39 Charles
1623 2803 175 47 Phelps
1833 2802 117 40 Taft
1984 2801 250 42 memorial
2267 2803 136 43 fund.

413 2857 279 48 University
724 2857 52 40 of
809 2857 320 41 Cincinnati.”

417 2910 50 52 ©
493 2915 109 39 Dec.
629 2914 68 47 27,
723 2914 111 40 1932;
889 2917 67 38 2c.
981 2915 95 38 and
1101 2914 81 40 aff.
1209 2914 110 40 Dec.
1345 2914 56 40 28;
1455 2915 40 37 A
1520 2914 143 41 57599;
1719 2916 161 39 Board
1906 2916 51 40 of
1983 2916 235 40 directors
2244 2917 51 39 of
2322 2916 80 41 the

487 2971 138 40 Univ.
654 2971 51 40 of
733 2969 288 49 Cincinnati,
1052 2969 289 41 Cincinnati.

412 3059 329 52 Handbuch
786 3060 99 51 der
925 3060 163 51 haut-
1132 3059 116 52 und
1291 3060 728 68 geschlechtskrankheiten;
2091 3062 310 53 bearbeitet

483 3154 109 34 von
623 3137 69 51 A.
725 3136 328 53 Alexander
1106 3155 53 34 [u.
1190 3156 67 47 a.]
1292 3138 79 51 im
1402 3138 267 69 auftrage
1699 3139 99 52 der
1827 3140 322 52 Deutschen
482 3140 1893 143 dermatologischen

854 3215 1548 69 gesellschaft hrsg. … von J. Jadassohn … 12. bd.
483 3296 47 50 2.
580 3299 38 45 t.
659 3292 386 54 Geschwülste
1093 3294 99 51 der
1237 3295 156 51 haut.
1496 3337 8 9 I.
1547 3296 202 52 Bearb.
1798 3314 110 35 von
1954 3297 76 53 H.
2079 3296 322 54 Biberstein

489 3372 1152 69 [u. a.] … Berlin, J. Springer, 1932.
487 3443 1274 52 viii, 699, [1] p. illus. (part col.) tables. 26 ᶜᵐ .
489 3500 231 40 Contains
751 3500 389 48 bibliographies.

421 3552 1927 57 © June 15, 1932; 1c. Oct. 4; A—Foreign 18960; Julius Springer.
415 3644 314 65 Hartman,
760 3646 242 63 Dennis,
1036 3651 170 50 1894-

418 3721 1961 144 Tax avoidance (2d ed.) [by] Dennis Hartman, LL. B. Washington,
664 3797 1370 70 D. C., Legal publishing society, inc. [ ᶜ19 32]
489 3870 645 50 5 p. l., 269, [7] p. 23½ᶜᵐ.
488 3927 158 39 Blank
671 3937 145 37 pages
842 3926 79 40 for
948 3926 370 40 “Memoranda”
1354 3927 168 50 ([3-7])
1557 3931 50 38 at
1634 3930 105 40 end.

424 3978 50 52 ©
510 3983 117 40 Nov.
660 3983 56 40 28,
822 3983 81 46 1932;
941 3983 68 40 2c.
1043 3984 93 39 and
1173 3982 80 42 aff.
1290 3985 117 40 Nov.
1441 3984 82 48 29;
1562 3985 40 38 A
1637 3986 168 47 58155;
1844 3985 145 48 Legal
2025 3985 107 49 pub.
2171 3995 105 33 soc.,
2315 3986 87 38 inc.

500 4039 276 47 (32-33827)
