2563 4368
1142 4029 68 54 27

231 508 85 41 284
345 519 44 38 p.
447 509 57 40 21ᶜᵐ.

173 561 50 53 ©
262 568 106 38 Dec.
405 567 68 46 32,
507 564 107 40 1931;
683 567 68 39 2c.
786 566 109 41 Dec.
930 565 55 38 24;
1051 564 80 40 aff.
1168 565 108 39 Jan.
1343 595 8 16 8,
1387 563 112 41 1932;
1565 564 38 37 A
1639 562 143 41 45889;
1849 562 220 48 Fleming
2102 564 58 38 H.

242 623 142 39 Revell
438 634 66 28 co.
576 622 249 47 (32-1474)

169 717 217 62 Myers,
415 715 254 54 William
700 717 190 62 Starr,
924 718 170 51 1877-

235 792 120 51 The
389 791 351 68 Republican
778 797 187 62 party,
1002 812 30 32 a
1067 791 219 69 history
1344 791 91 68 [by]
1476 789 256 55 William
1771 789 165 55 Starr
1971 789 193 69 Myers

226 866 1937 71 … Rev. ed. with additions. New York, London, The Century
166 966 75 34 co.
392 949 83 66 [ᶜ1931]

238 1026 83 43 xii,
353 1026 84 40 517
467 1037 41 37 p.
569 1026 162 46 front.,
761 1026 143 47 illus.,
935 1026 171 48 plates,
1139 1027 163 46 ports.,
1333 1026 216 41 facsims.
1607 1027 54 39 23ᶜᵐ.
1840 1025 129 49 $5.00

175 1083 51 51 ©
252 1086 102 40 Oct.
410 1116 8 12 6.
444 1084 112 41 1931;
611 1087 66 38 2c.
703 1086 95 39 and
825 1084 80 39 aff.
933 1085 108 41 Jan.
1068 1084 39 47 8,
1134 1083 112 41 1932;
1301 1085 41 38 A
1366 1084 172 47 45913;
1568 1084 213 48 Century
1807 1094 67 31 co.

252 1142 249 48 (32-1529)

169 1232 282 67 Nearing,
481 1236 185 62 Scott,
700 1239 170 50 1883-

239 1314 140 51 Free
408 1313 170 64 born;
611 1331 71 33 an
710 1311 439 68 unpublishable
1178 1313 183 66 novel,
1388 1312 75 69 by
1495 1311 163 55 Scott
1683 1312 272 68 Nearing.
2031 1311 136 52 New

174 1391 173 52 York.
381 1390 301 68 Urquhart
710 1407 157 51 press
1013 1392 85 64 [ᶜ1932]

239 1472 503 48 2 p. l., 7-237 p. 19½ᶜᵐ.
177 1526 51 51 ©
260 1530 108 39 Jan.
401 1531 37 39 7.
473 1529 111 40 1932;
645 1531 65 38 2c.
743 1530 108 38 Jan.
885 1529 26 39 6;
1004 1527 50 41 aff.
1087 1529 108 39 Jan.
1229 1528 53 39 13;
1345 1529 39 38 A
1415 1527 145 42 45979;
1623 1528 251 47 Urquhart
1906 1536 149 39 press.

254 1586 250 47 (32-3423)

166 1690 145 52 New
342 1691 160 51 York
545 1692 216 64 (State)
849 1691 178 52 Court
1059 1693 63 63 of
1153 1691 248 65 appeals.

238 1768 1930 67 Reports of cases decided … from and including decisions of
168 1846 138 67 May
331 1851 83 58 25,
445 1850 150 53 1926.
622 1853 57 46 to
707 1849 110 51 and
846 1845 298 67 including
1171 1847 277 53 decisions
1476 1847 64 52 of
1564 1847 143 65 July
1735 1850 82 60 19,
1847 1849 150 64 1928,
2026 1846 140 53 with

167 1930 173 60 notes,
375 1925 312 53 references
723 1928 110 50 and
869 1925 186 52 index.
1130 1926 55 52 J.
1221 1925 241 52 Newton
1495 1925 187 63 Fiero,
1715 1930 145 49 state
1894 1929 272 62 reporter.

210 2048 9 9 v.
247 2005 257 51 243-248.
578 2002 249 67 Albany,
856 2004 54 53 J.
941 2005 67 50 B.
1037 2003 162 66 Lyon
1228 2020 297 49 company,
1555 2003 325 54 1927-1928.

244 2076 26 38 6
302 2086 41 29 v.
405 2075 54 40 23½ᶜᵐ.

211 2167 7 8 v.
250 2132 97 43 243,
385 2127 55 52 ©
471 2133 75 37 May
616 2132 37 41 5,
689 2130 139 48 1927;
864 2143 42 29 v.
939 2131 99 47 244,
1074 2127 51 51 ©
1161 2132 113 45 May
1307 2130 58 40 25;
1425 2143 42 28 v.
1502 2131 98 47 245,
1638 2127 51 51 ©
1724 2131 116 39 Nov.
1878 2131 22 38 16;
1995 2142 41 29 v.
2070 2130 99 48 246,

250 2185 51 50 ©
338 2191 121 37 Mar.
495 2189 67 39 21,
600 2187 116 39 1928;
779 2199 41 27 v.
857 2189 98 45 247,
995 2184 51 50 ©
1085 2189 126 37 June
1246 2188 82 45 28;
1366 2198 42 30 v.
1444 2188 99 46 248,
1584 2184 51 50 ©
1673 2188 117 39 Nov.
1827 2187 82 46 20;
1948 2187 66 40 2c.
2053 2189 117 38 each

247 2246 97 38 and
381 2244 105 39 affs.
527 2245 112 39 Dec.
675 2245 40 42 3,
755 2243 139 47 1931;
936 2245 40 37 A
1013 2243 284 41 46813-46818;
1403 2243 180 40 Robert
1624 2244 172 47 Moses,
1836 2247 246 45 secretary
2123 2244 51 39 of

247 2302 82 40 the
357 2305 129 36 state
515 2302 51 38 of
595 2302 53 37 N.
681 2302 67 46 Y.,
780 2302 48 38 in
860 2303 129 37 trust
1017 2300 79 40 for
1126 2302 84 39 the
1236 2300 176 40 benefit
1443 2301 52 38 of
1525 2301 82 40 the
1637 2302 167 46 people
1835 2301 51 39 of
1917 2300 82 40 the
2030 2303 142 44 state,

245 2358 202 48 Albany.

174 2451 267 65 O’Brien,
475 2451 174 55 John.

244 2528 300 68 Thoughts
581 2527 64 53 of
682 2546 31 34 a
750 2528 167 52 letter
954 2528 230 68 carrier,
1222 2528 76 69 by
1336 2528 156 53 John
1533 2526 267 56 O’Brien.
1882 2526 291 70 [Chicago,

175 2606 112 59 Ill.,
316 2606 119 52 The
464 2605 217 65 Joseph
709 2605 73 53 K.
811 2605 226 53 Arnold
1066 2622 298 48 company,
1415 2607 98 50 ᶜ1931]

263 2685 260 52 [88] p. 21 ½ᶜᵐ.
248 2742 182 41 Poems.

182 2797 51 51 ©
261 2801 109 39 Dec.
397 2800 69 45 29,
493 2800 110 40 1931;
660 2802 67 40 2c.
754 2802 94 38 and
875 2800 81 40 aff.
982 2801 109 39 Jan.
1117 2801 41 41 4,
1185 2799 113 41 1932;
1356 2801 38 38 A
1419 2800 145 40 45758;
1621 2801 43 40 J.
1693 2800 218 48 O'Brien,
1942 2801 65 40 St.
2038 2801 136 41 Paul.

260 2857 248 47 (32-1330)

172 2960 166 54 Ohio.
415 2964 206 51 Courts
650 2965 63 63 of
739 2962 249 66 appeals.

244 3038 1928 68 Reports of cases argued and determined … Reported by
191 3118 39 50 J.
268 3118 60 51 L.
365 3117 87 53 W.
491 3118 259 65 Henney,
786 3124 159 47 court
983 3119 63 51 of
1083 3118 232 66 appeals
1356 3123 269 61 reporter,
1664 3118 233 53 Clinton
1936 3117 237 68 Collins,

175 3196 74 51 H.
294 3197 61 51 L.
400 3196 117 53 Connett
526 3202 139 54 ,
706 3196 266 53 assistant
1014 3201 298 61 reporters,
1389 3216 49 34 v.
1484 3200 80 49 38.
1642 3195 219 55 Official
1905 3198 84 52 ed.

178 3195 1968 134 Columbus.
441 3275 121 52 The
587 3275 63 52 F.
678 3276 54 50 J.
760 3274 154 53 Heer
941 3273 262 66 printing
1228 3292 97 37 co.,
1355 3278 150 51 1931.

251 3347 58 47 lv,
342 3346 84 40 676
456 3357 42 36 p.
559 3347 58 37 22½ᶜᵐ.

186 3398 51 51 ©
269 3403 109 39 Jan.
409 3404 39 45 4,
481 3401 112 41 1932;
653 3403 67 38 2c.
753 3413 63 30 and
880 3402 81 40 aff.
995 3403 108 39 Jan.
1136 3402 52 46 6;
1223 3403 39 37 A
1293 3401 145 42 45797;
1500 3402 127 40 John
1660 3402 48 38 L·.
1744 3403 71 41 W.
1849 3402 215 46 Henney,
2097 3403 78 38 for

253 3460 81 38 the
361 3462 128 37 state
516 3460 51 38 of
595 3459 136 47 Ohio,
759 3459 273 41 Columbus,
1063 3459 51 40 O.

177 3563 1994 67 Ohio jurisprudence … a complete statement of the law and
249 3644 244 62 practice
527 3644 63 50 of
621 3644 93 52 the
748 3649 143 47 state
925 3643 63 52 of
1021 3641 167 61 Ohio,
1222 3644 139 52 with
1395 3644 194 52 forms.
1667 3643 208 53 Editor
1907 3643 60 53 in
2002 3643 171 66 chief,

246 3719 191 53 Willis
463 3720 68 51 A.
562 3720 257 64 Estrich;
848 3720 323 65 consulting
1197 3721 200 64 editor,
1421 3720 260 54 William
1705 3721 80 51 M.
1812 3720 358 66 McKinney;

247 3796 309 67 managing
604 3798 200 60 editor,
854 3797 219 65 George
1127 3798 54 54 S.
1231 3797 223 54 Gulick.
1531 3818 50 34 v.
1634 3802 79 49 18.
1754 3799 312 52 Executors
2113 3802 60 48 to

249 3873 296 61 Findings.
621 3876 321 57 Rochester,
971 3876 68 52 N.
1068 3877 89 55 Y.,
1184 3876 120 53 The
1332 3877 267 65 Lawyers
1626 3876 382 66 co-operative
248 3874 1899 143 publishing
488 3971 295 47 company,
813 3958 149 49 1931.
