2563 4368
1119 4024 98 49 303

244 506 378 52 365, [1] p. 20 ᶜᵐ.
181 558 1759 115 © May 28, 1931; 1c. July 2; A—Foreign 13115; Ullstein, a. g. (32-6667)
178 724 236 64 Wilson,
445 725 198 53 Rufus
668 723 308 65 Rockwell,
1009 731 169 47 1865-

238 800 178 54 What
446 800 241 54 Lincoln
717 800 154 67 read,
901 801 77 66 by
1008 800 192 53 Rufus
1232 799 290 54 Rockwell
1552 799 239 56 Wilson.
169 795 1971 155 Washington,

315 880 72 52 D.
418 878 82 65 C.,
534 881 150 50 1932.

242 946 1276 55 3 p. l., 9-95 p., 1 l. front. (port.) facsims. 23½ ᶜᵐ.
244 1001 1923 58 “Two hundred and fifty copies … printed … at the printing house of
175 1057 1993 59 the National capital press, incorporated, Washington, D. C. … This
174 1120 42 41 is
243 1132 119 38 copy
387 1121 202 41 number
615 1119 129 41 133.”
800 1120 117 41 This
946 1130 118 38 copy
1092 1121 84 39 not
1204 1119 181 50 signed.

247 1176 187 42 “Books
481 1177 170 41 drawn
697 1177 128 40 from
873 1176 82 41 the
1004 1176 207 47 Library
1260 1175 49 43 of
1357 1174 238 51 Congress
1642 1177 60 47 by
1751 1177 82 40 the
1882 1175 255 43 Lincolns”
2155 1187 9 29 :
173 1246 43 39 p.
249 1234 157 43 93-95.

183 1290 51 52 ©
263 1293 109 40 Feb.
401 1292 69 47 12,
498 1290 114 42 1932;
668 1289 67 42 2c.
764 1290 95 40 and
888 1289 80 40 aff.
999 1290 122 39 Mar.
1149 1291 26 37 4;
1233 1289 42 38 A
1301 1289 145 40 47957;
1504 1289 160 41 Rufus
1695 1290 243 40 Rockwell
1968 1289 200 49 Wilson,

250 1349 143 48 doing
420 1347 221 42 business
670 1357 54 30 as
753 1346 202 41 Pioneer
985 1346 107 48 pub.
1124 1358 81 35 co.,
1237 1345 332 48 Washington.
1641 1345 250 49 (32-6328)

179 1454 190 65 Winn,
401 1453 281 65 Godfrey.

246 1531 121 52 The
411 1529 242 69 unequal
697 1529 241 67 conflict,
983 1529 75 67 by
1102 1527 262 69 Godfrey
1407 1529 192 54 Winn.
1675 1529 257 65 London,
176 1525 1965 141 Duckworth
395 1611 171 66 [1932]

248 1678 570 51 3 p. l., 405, [1] p. 19½ᶜᵐ.
183 1735 52 53 ©
293 1750 37 31 1c.
360 1740 121 38 Mar.
511 1736 69 48 19,
607 1737 114 41 1932;
778 1737 41 39 A
847 1737 62 41 ad
938 1736 86 41 int.
1055 1736 142 40 16163;
1256 1735 142 49 pubd.
1428 1736 108 40 Jan.
1567 1736 55 39 21;
1683 1735 54 42 G.
1768 1734 158 47 Winn,
1958 1736 211 40 London.
258 1794 252 48 (32-8088)

176 1897 348 57 Wisconsin.
600 1900 275 65 Supreme
907 1904 176 49 court.

245 1970 1919 77 Wisconsin reports. [v.] 204. Cases determined … March
182 2053 239 68 10-May
456 2056 81 64 12,
573 2056 149 49 1931.
798 2051 309 54 Frederick
1136 2055 89 53 W.
1261 2052 241 68 Arthur,
1536 2052 282 55 Franklin
1854 2056 68 51 E.
1957 2056 209 67 Bump,

179 2135 297 62 reporters.
554 2130 269 69 Chicago,
856 2131 320 68 Callaghan
1210 2131 110 53 and
1350 2151 298 49 company,
1679 2132 149 53 1932.

246 2204 453 48 lxxii, 670 p. 23 ᶜᵐ.
183 2255 51 52 ©
269 2261 121 39 Mar.
425 2260 69 47 23,
531 2259 112 41 1932;
707 2260 66 40 2c.
810 2260 94 41 and
941 2259 80 42 aff.
1057 2261 122 40 Mar.
1216 2260 55 39 25;
1337 2261 40 39 A
1414 2261 141 41 50363;
1625 2261 135 42 State
1797 2261 51 40 of
1883 2260 272 42 Wisconsin.
250 2316 235 46 Madison,
518 2317 116 40 Wis.

201 2423 223 64 [Wurts,
453 2421 174 68 John]

249 2499 56 52 A
328 2498 361 68 supplement
713 2504 59 48 to
796 2499 95 52 the
917 2498 235 54 Florida
1181 2499 187 70 digest
1392 2499 60 53 in
1477 2499 186 53 which
1690 2519 95 34 are
1809 2501 257 68 digested
2095 2522 70 33 on

179 2575 96 53 the
299 2581 208 62 system
534 2576 62 53 of
621 2577 97 52 the
743 2582 204 63 parent
974 2577 185 69 digest
1187 2578 77 52 all
1290 2596 151 35 cases
1468 2578 60 52 in
1555 2580 93 51 the
1675 2579 241 53 Florida
1942 2586 222 64 reports

181 2652 152 54 from
372 2655 145 54 close
555 2654 62 52 of
656 2654 96 53 the
793 2657 132 51 1926
963 2657 376 68 supplement,
1376 2658 227 51 volume
1637 2661 49 62 4,
1725 2663 58 48 to
1821 2659 97 53 the
1956 2659 109 54 end
2102 2659 63 53 of

179 2730 223 54 volume
425 2735 64 48 99
514 2733 111 51 and
650 2732 95 53 the
768 2732 238 54 Florida
1030 2734 276 54 decisions
1330 2733 344 72 unofficially
1697 2738 267 66 reported
1986 2738 62 53 in
2069 2739 97 53 the

181 2805 284 55 Southern
500 2814 254 62 reporter
787 2811 224 53 volume
1047 2815 114 61 109,
1193 2831 148 52 page
1371 2817 103 48 264
1504 2815 251 69 through
1789 2818 225 51 volume
2049 2820 117 66 136,

177 2885 1990 79 by the publishers’ editorial staff, v. 5 … Indianapolis, The
179 2962 973 73 Bobbs-Merrill company [ ᶜ1 932]
248 3036 399 50 iv, 1412 p. 26 ᶜᵐ.
183 3087 51 52 ©
269 3092 109 40 Feb.
413 3092 68 47 19,
514 3093 139 47 1932;
688 3095 65 40 2c.
788 3097 95 40 and
917 3097 80 40 aff.
1033 3098 121 40 Mar.
1188 3098 82 46 14;
1305 3100 40 38 A
1377 3100 170 47 48955;
1585 3101 367 42 Bobbs-Merrill
1987 3115 67 32 co.

181 3179 144 66 Yap,
353 3181 200 59 Weda.

243 3254 284 70 Abigail’s
564 3256 225 68 private
827 3278 215 50 reason,
1082 3283 32 34 a
1150 3270 159 62 story
1346 3267 76 63 by
1455 3269 184 53 Weda
1679 3271 150 60 Yap,
1869 3271 139 52 with
173 3266 1967 124 pictures
369 3333 76 65 by

485 3334 96 53 the
623 3336 223 53 author.
923 3339 139 53 New
1106 3341 179 59 York,
1328 3345 121 52 The
1490 3345 333 55 Macmillan
1869 3366 293 50 company.

174 3412 152 50 1932.

176 3480 1989 112 5 p. l., 70 p. incl. 1 illus., plates, col. front. 16½ᶜᵐ. [The little library]
183 3589 51 52 ©
264 3595 121 39 Mar.
414 3596 40 45 1,
483 3594 113 42 1932;
652 3597 68 41 2c.
749 3600 95 39 and
874 3599 80 41 aff.
986 3602 120 40 Mar.
1135 3604 27 38 2;
1219 3604 40 39 A
1288 3606 147 40 48738;
1492 3608 278 41 Macmillan
1801 3621 65 29 co.
260 3650 249 49 (32-5750)

172 3736 283 67 Yoakam,
486 3740 211 56 Gerald
727 3744 170 64 Alan,
929 3749 169 53 1887-

245 3813 122 53 The
400 3813 412 70 improvement
846 3822 64 52 of
944 3823 95 54 the
1074 3826 374 68 assignment;
1487 3848 31 33 a
1553 3830 174 67 phase
1762 3830 65 53 of
1859 3832 95 53 the
177 3828 1965 118 direction

336 3890 65 52 of
436 3890 262 72 learning
735 3896 59 52 in
834 3899 343 69 elementary
1215 3903 208 69 school,
1460 3907 310 67 secondary
1808 3908 207 67 school,
2053 3911 114 51 and
