2563 4368
1348 4075 134 54 1772

475 528 1246 52 3 p. l., [3]-812 p. illus. (incl. ports.) 25½ᶜᵐ.
476 587 65 42 At
569 588 126 40 head
725 586 53 42 of
808 586 109 41 title:
976 586 235 41 Lecercle.

411 643 1747 53 © Apr. 16, 1932; 1c. Sept. 26; A—Foreign 18102; Masson & cie.
489 704 277 48 (32-34388)

408 791 281 67 Lindsay,
718 791 244 57 Martin.

409 867 1968 132 Those Greenland days, by Martin Lindsay … with illustrations
598 946 113 53 and
750 964 180 50 maps.
1005 946 346 67 Edinburgh
1390 947 113 52 and
1542 946 259 64 London,
1838 946 92 54 W.
1968 944 347 54 Blackwood
2353 947 48 51 &

408 1042 147 49 sons,
582 1023 123 67 ltd.,
735 1026 151 50 1932.

484 1094 1039 51 xii, 256 p. plates, ports., maps. 22 ᶜᵐ .
414 1150 1972 100 © 1c. Nov. 17, 1932; A ad int. 17088; pubd. Sept. 20; M. Lindsay, Catterick
663 1209 163 49 Camp,
854 1209 278 48 Yorkshire,
1162 1209 237 47 England.
1469 1208 278 49 (32-34797)

410 1296 187 66 Lynd,
625 1301 139 53 Mrs.
792 1298 202 65 Sylvia
1030 1297 367 65 (Dryhurst)
1435 1301 168 50 1888-
1816 1299 85 56 ed.

542 1372 1862 71 … The children’s omnibus; a story book for boys and girls
434 1451 92 69 [by]
585 1451 235 56 Charles
871 1451 298 70 Kingsley,
1220 1451 256 55 Edward
1526 1452 164 68 Lear,
1741 1452 227 54 Hilaire
2022 1451 192 54 Belloc
2291 1452 112 53 [and

411 1528 1362 71 others] … London, V. Gollancz, ltd., 1932.
480 1600 871 49 xii p., 2 l., 1016 p. illus. 19 ᶜᵐ .
479 1658 65 40 At
578 1659 125 39 head
738 1657 52 41 of
822 1657 109 41 title:
998 1655 175 43 Edited
1209 1658 61 48 by
1307 1657 165 48 Sylvia
1507 1658 151 48 Lynd.

417 1715 1989 52 © 1c. Nov. 23, 1932; A ad int. 17121; pubd. Sept. 26; Sylvia Lynd,
483 1775 211 40 London.
765 1772 278 51 (32-34933)

411 1864 364 65 McDougall,
806 1862 275 66 William,
1115 1864 168 55 1871-

483 1942 122 54 The
656 1941 252 69 energies
961 1941 65 54 of
1076 1959 157 50 men;
1289 1961 30 34 a
1372 1943 172 66 study
1595 1941 65 54 of
1711 1943 98 53 the
1863 1941 427 55 fundamentals
2342 1941 66 55 of

414 2018 1994 70 dynamic psychology, by William McDougall, F . R. S.; with six
415 2097 395 54 illustrations.
883 2098 260 66 London,
1174 2096 274 53 Methuen
1479 2099 45 50 &
1556 2115 99 50 co.,
1685 2097 104 54 ltd.
1828 2101 172 64 [1932]

480 2169 849 51 xi, 395, [1] p. illus., pl. 19½ᶜᵐ.
483 2226 162 40 “First
676 2226 254 48 published
961 2225 52 40 in
1044 2225 158 41 1932.”

485 2280 1869 50 “This book is the outcome of an endeavour to present in one volume …
416 2340 79 39 the
533 2341 125 38 most
695 2338 233 41 essential
961 2340 137 46 parts
1135 2337 52 42 of
1222 2348 79 37 my
1339 2336 197 43 Outline
1573 2337 53 41 of
1661 2337 290 49 psychology
1989 2339 97 39 and
2122 2337 196 42 Outline
2356 2338 52 41 of

413 2395 252 40 abnormal
693 2393 527 50 psychology.”—Pref.

419 2448 1989 52 © 1c. Nov. 19, 1932; A ad int. 17107; pubd. Oct. 13; Charles Scribner’s
487 2518 125 37 sons,
638 2509 117 39 New
781 2508 143 39 York.
996 2506 279 49 (32-34913)

415 2598 247 65 McKay,
693 2598 129 63 Roy
851 2598 293 63 Haymon,
1176 2601 171 50 1883-

486 2674 1857 70 Let’s operate, by Roy H. McKay … and Norman Beasley …
417 2753 138 53 New
582 2752 180 68 York,
786 2754 66 53 R.
880 2754 165 66 Long
1068 2756 46 50 &
1139 2754 68 52 R.
1235 2752 65 52 R.
1333 2752 208 68 Smith,
1564 2752 126 69 inc.,
1717 2755 150 51 1932.

485 2824 856 49 3 p. l., v-vi p., 1 l., 361 p. 22 ᶜᵐ .
424 2879 52 52 ©
516 2884 119 40 Nov.
673 2884 70 46 11,
785 2881 139 45 1932;
966 2883 66 39 2c.
1074 2883 118 39 Nov.
1231 2882 82 47 16;
1356 2881 82 41 aff.
1478 2882 118 42 Nov.
1637 2884 83 45 17;
1762 2883 41 39 A
1842 2883 170 47 57143;
2055 2884 107 47 Ray
2202 2884 134 48 Long
2373 2884 37 41 &

491 2939 213 41 Richard
730 2940 56 40 R.
816 2938 170 47 Smith,
1015 2938 88 40 inc.
1175 2938 278 48 (32-33372)

419 3025 268 69 Michael,
720 3026 324 66 Friedrich,
1076 3031 171 50 1892-

552 3103 1859 69 … Die gut empfohlene frau, roman. Frankfurt a. M.,
418 3183 217 51 Rütten
663 3184 46 50 &
739 3181 276 69 Loening,
1049 3184 149 50 1932.

487 3253 811 51 2 p. 1, 7-276, [2] p. 19 × 11 ᶜᵐ .
425 3307 1968 108 © Apr. 30, 1932; 1c. Nov. 2; A—Foreign 18369; Rütten & Loening v erlag.
653 3367 279 49 (32-34250)

421 3455 301 65 Michigan
758 3456 202 68 digest,
996 3455 267 69 covering
1297 3458 78 50 all
1409 3475 150 35 cases
1595 3459 264 66 reported
1894 3458 63 52 in
1990 3457 297 70 Michigan
492 3473 1892 128 reports

687 3535 111 51 and
832 3535 188 51 North
1053 3538 239 49 western
1322 3539 275 63 reporter,
1629 3534 140 54 with
1803 3540 228 49 current
2064 3534 343 59 cumulative

493 3611 1890 144 pocket service keeping this digest always to date … Compiled
695 3690 111 50 and
852 3688 189 53 edited
1085 3691 75 63 by
1205 3691 95 50 the
1345 3689 337 68 publisher’s
1727 3690 265 53 editorial
2035 3689 149 54 staff,
2259 3709 52 34 v.
2359 3695 47 48 5.

495 3764 281 54 Criminal
840 3766 408 53 law-Divorce.
1326 3766 82 55 St.
1476 3768 166 67 Paul,
1704 3769 160 54 West
1928 3768 335 70 publishing
2327 3786 80 37 co.

499 3846 192 64 [ᶜ1932]

639 3917 363 48 v, 745 p. 26 ᶜᵐ .
429 3966 52 52 ©
504 3972 115 39 Nov.
645 3973 69 48 30,
737 3972 114 40 1932;
904 3972 68 42 2c.
997 3975 96 39 and
1116 3973 81 40 aff.
1223 3974 110 39 Dec.
1359 3975 54 39 15;
1468 3974 41 39 A
1533 3975 146 40 58420;
1730 3976 136 39 West
1886 3975 109 48 pub.
2023 3984 65 31 co.
