2563 4368
1374 4106 99 51 946

501 556 632 50 122, [6] p. illus. 23 ᶜᵐ .
502 613 160 40 Blank
691 623 148 38 pages
867 612 79 40 for
979 609 427 43 “Memorandum”
1445 613 83 50 ([5]
1561 617 52 37 at
1641 614 117 47 end)

503 669 346 41 “References”
879 673 51 37 at
959 670 91 39 end
1078 669 52 40 of
1157 672 94 37 two
1279 670 52 40 of
1357 670 83 40 the
1469 669 226 48 readings;
1754 671 246 40 “Selected
2031 668 362 51 bibliography”:

431 737 43 38 p.
509 726 248 50 [117]-122.

438 796 51 52 ©
521 799 110 40 Feb.
659 799 69 47 22,
760 798 113 41 1932;
931 798 66 40 2c.
1030 800 96 38 and
1156 798 81 40 aff.
1270 798 125 40 June
1424 796 56 41 20;
1540 799 40 38 A
1611 797 142 40 52691;
1813 798 130 40 Natl.
1977 797 220 42 Catholic
2228 796 200 41 welfare

505 857 294 40 conference.
871 855 280 48 (32-16522)

431 973 245 55 Nevada
729 974 112 51 and
891 970 212 57 Pacific
1152 972 203 69 digest,
1405 971 268 70 covering
1720 973 78 52 all
1847 990 149 36 cases
2046 971 267 69 reported
2361 970 64 54 in

501 1051 235 53 Nevada
769 1056 240 63 reports,
1044 1053 327 65 1865-1931,
1402 1048 213 57 Pacific
1646 1056 273 62 reporter,
1951 1052 251 52 volumes
2237 1052 186 67 1-300,

504 1127 1857 70 and all of the Pacific states reports from the earliest times …
504 1207 299 70 Compiled
861 1209 111 51 and
1028 1207 191 53 edited
1274 1208 74 69 by
1404 1209 96 52 the
1553 1207 340 69 publisher’s
1948 1208 268 53 editorial
2271 1204 151 58 staff.

541 1329 9 10 v.
584 1289 185 50 14-16.
847 1286 82 55 St.
960 1287 166 68 Paul,
1154 1288 161 54 West
1342 1286 335 70 publishing
1707 1305 98 50 co.,
1838 1290 149 50 1932.

501 1360 276 42 3 V. 26 ᶜᵐ .
772 1427 114 30 CONTENTS.—v.
925 1415 71 41 14.
1032 1416 260 41 Dismissal
1328 1418 95 39 and
1459 1418 596 39 nonsuit-Elections.—v.
2094 1416 70 41 15.
434 1416 1976 107 Electricity-Estoppel.—
844 1485 45 29 v.

921 1472 72 42 16.
1021 1473 578 49 Evidence-Exceptions,
1630 1475 98 39 Bill
1757 1475 63 40 of.

437 1541 51 52 ©
519 1546 125 39 June
672 1545 69 47 16,
771 1543 140 48 1932;
943 1545 66 40 2c.
1040 1545 117 40 each
1188 1545 116 46 July
1332 1545 81 44 11;
1446 1543 108 42 affs.
1585 1545 116 47 July
1731 1544 82 48 12;
1845 1546 40 38 A
1916 1545 345 45 54046-54048;
2294 1546 132 39 West

503 1602 108 48 pub.
640 1613 66 30 co.

430 1721 290 64 O’Bryan,
748 1721 221 64 Joseph
1000 1721 275 55 Grattan.

499 1796 379 68 Washington
906 1796 152 52 form
1083 1795 171 67 book;
1283 1795 178 53 forms
1487 1795 113 53 and
1626 1795 353 69 suggestions
2003 1795 93 53 for
430 1794 1972 133 Washington

555 1871 1870 71 practice. 1st ed. [By] J. G. O’Bryan … and W. B. Owens
492 1951 1930 71 … v. 1. Stanford University, Calif., Stanford university
429 2034 374 65 press, ᶜ19 32.
502 2105 764 48 4 p. l., ix, 587 l. 34½ × 23 ᶜᵐ .
499 2160 123 39 Text
655 2169 117 30 runs
800 2160 207 47 parallel
1037 2158 121 42 with
1187 2159 123 40 back
1340 2159 52 40 of
1423 2170 153 30 cover.

436 2227 51 52 ©
523 2232 126 39 June
683 2232 38 46 1,
756 2230 140 47 1932;
931 2231 69 40 2c.
1035 2232 95 38 and
1165 2229 82 41 aff.
1283 2230 126 40 June
1443 2231 82 45 13;
1563 2230 40 38 A
1638 2229 169 48 52804;
1845 2231 162 39 Board
2043 2230 50 40 of
2129 2233 208 37 trustees
2374 2230 52 41 of

503 2289 82 39 the
616 2288 183 40 Leland
835 2287 233 41 Stanford
1102 2287 166 47 junior
1301 2285 284 50 university,
1624 2286 233 41 Stanford
1893 2287 294 48 University,
2226 2285 143 43 Calif.

513 2344 279 50 (32-16525)

431 2462 300 66 Oliphant,
760 2463 124 55 Jas.
915 2463 92 64 H.,
1035 2462 52 53 &
1115 2479 83 38 co.

503 2539 230 55 Studies
791 2541 62 51 in
912 2539 307 69 securities,
1280 2542 149 49 1932.
1507 2538 170 56 Sixth
1737 2539 162 53 issue.
1977 2541 166 55 Some
2202 2540 64 53 of
2323 2540 97 54 the

429 2616 214 54 studies
687 2617 64 53 of
793 2617 393 69 considerably
1227 2636 134 34 over
1403 2636 32 34 a
1479 2618 263 52 hundred
1786 2615 270 57 different
2097 2619 321 69 companies

431 2696 282 68 prepared
764 2696 112 52 and
924 2695 304 69 published
1275 2696 76 66 by
1399 2696 116 53 this
1564 2694 128 54 firm
1740 2695 214 70 during
2000 2697 97 53 the
2146 2704 132 62 past
2322 2704 97 48 ten

428 2774 476 69 years—selected
933 2792 59 35 as
1022 2775 286 67 examples
1335 2773 65 53 of
1426 2774 197 53 varied
1652 2776 514 68 enterprise—past
2193 2778 225 55 records

430 2851 1961 147 brought into relation with the present … New York, Chicago,
612 2929 941 69 Jas. H. Oliphant & co. [ ᶜ19 32]
502 3004 592 48 145 p. tables. 21½ ᶜᵐ .
436 3062 51 52 ©
516 3066 126 40 June
667 3065 70 48 30,
765 3064 113 41 1932;
934 3066 68 40 2c.
1029 3067 95 38 and
1153 3065 80 40 aff.
1264 3066 115 47 July
1407 3065 28 40 9;
1490 3068 40 37 A
1557 3066 143 42 52975;
1759 3068 43 41 J.
1831 3069 60 40 H.
1920 3067 232 49 Oliphant
2181 3070 36 40 &
2244 3079 68 32 co.

428 3183 177 65 Page,
638 3183 302 65 Rosewell,
977 3187 170 51 1858-

504 3260 121 52 The
662 3260 182 52 Iliads
883 3258 65 54 of
984 3260 96 52 the
1119 3259 211 68 South;
1373 3279 73 34 an
1485 3262 123 67 epic
1646 3262 64 53 of
1749 3263 96 53 the
1882 3282 119 34 war
2039 3264 248 54 between
2326 3266 95 53 the

432 3344 189 61 states,
667 3337 74 69 by
788 3338 278 52 Rosewell
1111 3339 171 68 Page.
1366 3339 339 69 Richmond,
1753 3340 233 55 Garrett
2034 3343 111 52 and
2195 3343 225 69 Massie,

433 3419 147 50 1932.

503 3489 658 49 xiii p., 1 l., 206 p. 28 ᶜᵐ .
505 3545 347 49 Bibliography:
911 3556 43 37 p.
984 3545 213 41 191-195.

437 3604 51 52 ©
521 3609 125 39 June
675 3608 39 46 6,
747 3606 112 41 1932;
921 3608 65 39 2c.
1020 3608 126 40 June
1175 3609 26 40 3;
1263 3609 80 39 aff.
1378 3611 125 39 June
1534 3611 55 40 17;
1651 3612 40 38 A
1723 3611 142 40 51824;
1929 3612 196 41 Garrett
2158 3614 35 39 &
2226 3613 190 49 Massie,

501 3665 91 39 inc.
662 3663 278 48 (32-16541)

430 3778 421 66 Pecqueriaux,
879 3780 186 52 Henri
1092 3780 164 65 Paul,
1288 3786 169 50 1889-

563 3854 1556 71 … Pic, Poc et l’auto. Paris, Denoël & Steele, 1931.
499 3925 1825 53 2 p. l., 7-44 p., 1 l. col. illus. 28 ᶜᵐ . (Les albums de Pecqueriaux)
437 3979 1981 56 © Oct. 25, 1931; 1c. Jan. 18, 1932; A—Foreign 15268; Denoël & Steele.
514 4040 277 48 (32-16752)
