2563 4368
1398 4063 101 49 390

455 458 845 65 Du Bois, Guy P è ne, 1884-
529 531 1850 72 John Sloan, by Guy P è ne Du Bois … New York [ ᶜ1 931]
535 605 1919 52 56 p., 2 l. incl. illus. (port.) plates. 26 ᶜᵐ. (American artists series,
463 665 227 48 Whitney
718 674 219 31 museum
968 664 53 41 of
1047 664 259 40 American
1334 662 105 45 art)

532 721 305 48 Descriptive
870 723 283 45 letterpress
1186 733 60 27 on
1278 731 167 29 versos
1474 720 168 47 facing
1669 721 172 46 plates.

532 778 376 48 Bibliography:
938 788 42 38 p.
1010 776 158 41 15-16.

468 846 50 52 ©
544 851 116 40 Nov.
684 851 69 47 18,
777 848 113 42 1931;
944 850 66 39 2c.
1035 849 110 40 Feb.
1202 880 7 16 8,
1235 847 113 41 1932;
1403 847 81 40 aff.
1511 847 110 40 Feb.
1646 847 51 47 6;
1726 848 40 38 A
1789 847 170 48 48340;
1987 847 228 49 Whitney
2240 856 217 32 museum

534 907 52 40 of
613 906 256 41 American
899 909 92 45 art,
1020 906 118 39 New
1166 905 145 40 York.
1382 903 279 49 (32-26028)

463 1011 304 65 Dubreuil,
796 1011 205 56 Henri.

590 1086 1866 69 … Nouveaux standards; les sources de la productivité et de
458 1164 1608 70 la joie, par H. Dubreuil. Paris, B. Grasset [ ᶜ1 931]
530 1235 1926 62 3 p. l., [5]-344 p., 1 l. 19ᶜᵐ. (Les “Écrits”, sous la direction de Jean
462 1302 274 41 Guéhenno.
801 1302 53 50 [2.
887 1302 106 48 sér.,
1023 1301 69 50 8])

467 1369 1992 52 © May 8, 1931; 1c. Aug. 31; A— Foreign 13514; Editions Bernard
537 1430 213 41 Grasset.
822 1430 249 48 (32-8033)

459 1533 249 66 Eggers,
739 1534 227 64 George
993 1533 274 65 William,
1300 1538 171 50 1883-

532 1610 1899 69 George Bellows, by George W. Eggers … New York [ ᶜ1 931]
533 1684 69 49 58,
646 1684 54 51 [2]
740 1695 43 38 p.
821 1684 110 41 incl.
970 1684 128 41 illus.
1128 1683 172 50 (port.)
1346 1685 171 47 plates.
1577 1684 56 40 26ᶜᵐ.
1763 1683 281 49 (American
2082 1683 172 42 artists
2293 1684 163 48 series,

464 1742 228 48 Whitney
718 1752 219 30 museum
966 1741 52 40 of
1043 1741 258 40 American
1330 1740 104 48 art)

533 1798 305 49 Descriptive
872 1800 284 46 letterpress
1188 1810 60 28 on
1280 1808 165 31 versos
1476 1797 168 49 facing
1672 1799 171 47 plates.

533 1855 347 49 Bibliography:
939 1867 43 38 p.
1011 1855 157 41 16-18.

468 1923 52 52 ©
545 1929 104 39 Nov.
673 1928 68 47 18,
766 1926 112 42 1931;
931 1927 67 42 2c.
1025 1927 111 40 Feb.
1162 1927 39 48 8,
1227 1925 114 41 1932;
1395 1926 83 42 aff.
1505 1926 109 40 Feb.
1641 1926 27 40 6;
1723 1927 40 38 A
1788 1927 144 40 48337;
1988 1926 227 49 Whitney
2242 1934 217 33 museum

536 1984 51 40 of
615 1984 254 41 American
901 1986 91 46 art,
1022 1984 116 39 New
1166 1984 144 39 York.
1381 1983 279 48 (32-26030)

463 2086 259 67 Emrich,
751 2089 154 53 John
935 2089 201 64 Oscar,
1169 2093 171 50 1881-
1551 2106 178 48 comp.

532 2157 121 52 The
683 2157 204 52 voter’s
917 2156 199 69 guide;
1151 2175 30 33 a
1214 2156 184 68 digest
1430 2155 65 53 of
1524 2155 95 52 the
1650 2154 236 54 election
1918 2156 138 52 laws
2087 2154 64 54 of
463 2156 1969 143 Pennsylvania;

705 2252 30 33 a
775 2233 276 67 complete
1090 2231 349 68 description
1481 2231 64 54 of
1585 2232 95 52 the
1719 2231 231 53 method
1993 2231 64 53 of
2097 2231 242 70 holding
2379 2232 76 52 all

463 2310 264 53 elections
762 2311 60 51 in
857 2311 115 52 this
1006 2316 162 61 state,
1205 2310 117 52 also
1359 2308 253 70 defining
1647 2309 97 53 the
1778 2309 186 53 duties
1998 2308 64 54 of
2097 2314 210 64 county
2343 2310 112 53 and

462 2387 237 53 election
741 2387 226 67 officers,
1011 2386 331 69 constables,
1387 2404 268 36 assessors
1701 2388 112 52 and
1859 2386 319 69 registrars,
2223 2406 61 34 as
2330 2388 125 51 well

462 2463 1971 132 as candidates’ information. Rev. and enl., by J. Oscar Emrich …
739 2542 361 70 Pittsburgh,
1127 2543 120 67 Pa.,
1272 2541 261 55 William
1562 2541 69 55 G.
1661 2542 286 53 Johnston
1976 2559 297 52 company,
2305 2545 148 50 1931.

528 2622 86 41 270
641 2633 41 38 p.
711 2623 109 41 incl.
848 2623 167 48 diagr.,
1042 2623 169 40 forms.
1270 2622 56 42 23ᶜᵐ.

469 2676 52 52 ©
548 2681 127 48 Sept.
701 2682 39 49 3,
767 2680 113 41 1931;
935 2682 67 39 2c.
1029 2683 95 38 and
1151 2681 81 41 aff.
1260 2682 109 39 Jan.
1395 2680 69 48 27,
1490 2679 113 42 1932;
1660 2682 39 38 A
1725 2681 144 41 47272;
1926 2682 42 40 J.
1996 2681 52 41 O.
2077 2681 208 44 Emrich,
534 2679 1906 107 Pittsburgh.

773 2738 249 48 (32-3364)

464 2839 313 68 Faulkner,
804 2841 274 65 William,
1111 2843 171 54 1897-

533 2916 337 70 Sanctuary,
907 2918 73 68 by
1017 2917 257 53 William
1312 2917 316 65 Faulkner;
1667 2918 140 52 with
1845 2937 31 33 a
1912 2935 119 34 new
2069 2917 385 53 introduction

461 2991 1991 72 by William Faulkner … New York, The Modern library
541 3074 99 49 [ ᶜ1 932]
530 3141 62 49 vi,
622 3142 88 41 380
739 3153 43 37 p.
840 3142 56 41 17ᶜᵐ.
1027 3142 299 51 (Half-title:
1356 3144 100 40 The
1488 3145 197 39 modern
1715 3143 184 48 library
1930 3143 53 41 of
2013 3144 80 40 the
2125 3143 194 42 world’s
2346 3144 104 42 best

460 3196 172 48 books)

532 3255 161 41 “First
725 3256 201 40 Modern
954 3255 186 48 library
1173 3255 227 41 edition.”

467 3310 52 52 ©
549 3317 121 39 Mar.
698 3315 70 46 25,
798 3313 139 48 1932;
969 3315 66 39 2c.
1066 3316 111 46 Apr.
1207 3316 53 44 4;
1293 3314 81 40 aff.
1404 3315 112 46 Apr.
1547 3314 52 46 2;
1633 3314 39 38 A
1701 3312 169 49 50492;
1905 3315 199 39 Modern
2133 3314 197 47 library,
2362 3314 89 39 inc.

538 3367 67 54 [©
634 3372 327 40 introduction
991 3371 59 48 by
1078 3371 214 41 William
1322 3372 259 47 Faulkner]
1654 3370 277 48 (32-26345)

462 3473 244 54 Federal
753 3479 271 63 reporter.
1102 3473 217 54 Second
1369 3473 184 53 series.
1630 3472 168 54 Cases
1846 3473 214 69 argued
2108 3475 110 51 and
531 3473 1893 131 determined

756 3552 59 51 in
849 3552 96 52 the
983 3552 221 54 Circuit
1238 3558 187 48 courts
1462 3552 63 52 of
1562 3552 233 67 appeals
1832 3552 110 51 and
1980 3551 245 53 District
2258 3555 188 49 courts

532 3629 62 51 of
631 3630 94 52 the
764 3630 217 53 United
1023 3629 203 67 States,
1265 3630 216 54 United
1524 3630 186 54 States
1751 3635 160 48 court
1948 3630 64 52 of
2049 3634 242 49 customs
2333 3630 112 52 and

531 3712 199 61 patent
767 3708 251 67 appeals,
1057 3707 178 53 Court
1272 3708 63 51 of
1370 3708 196 53 claims
1603 3708 64 52 of
1701 3709 96 51 the
1831 3707 218 55 United
2089 3707 204 68 States,
2332 3709 110 51 and

533 3783 180 54 Court
757 3785 62 51 of
864 3785 231 67 appeals
1141 3785 63 51 of
1248 3786 95 51 the
1389 3785 245 53 District
1679 3785 62 53 of
1789 3785 317 67 Columbia,
2150 3785 141 54 with
2335 3785 108 69 key

529 3862 237 51 number
797 3862 361 53 annotations.
1250 3880 48 34 v.
1332 3868 63 48 53
1437 3864 126 67 (2d)
1603 3865 325 63 December,
1959 3864 484 68 1931-February,

533 3942 146 49 1932.
758 3941 81 54 St.
872 3941 165 66 Paul,
1065 3943 159 53 West
1253 3941 333 70 publishing
1615 3960 96 49 co.,
1744 3945 149 51 1932.
