2563 4368
1076 4064 98 53 573

122 552 1717 70 at York, Pennsylvania, by George Hay Kain … [and]
122 552 1995 147 Franklin M. Beecher … York, Pa., York lodge, no. 266, F. & A. M.,
126 712 148 50 1932.

192 781 88 41 208
307 793 43 37 p.
410 782 163 47 front.,
603 782 143 47 illus.,
776 781 171 48 plates,
977 779 213 41 facsims.
1250 780 56 39 24½ᶜᵐ.

195 838 304 48 Descriptive
527 840 282 45 letterpress
839 848 60 28 on
928 840 154 36 rectos
1112 837 52 39 of
1191 839 96 37 two
1316 836 52 40 of
1395 837 82 39 the
1505 835 281 42 facsimiles.

129 907 53 52 ©
217 912 120 41 Mar.
373 910 67 48 10,
476 909 140 47 1932;
652 908 66 40 2c.
751 910 126 38 Mar.
911 907 83 48 30;
1030 907 83 41 aff.
1146 908 113 47 Apr.
1295 908 53 45 5;
1385 908 40 37 A
1459 906 171 48 49520;
1669 907 52 41 G.
1760 908 58 38 H.
1856 906 128 40 Kain
2021 908 95 39 and

199 967 234 40 Franklin
467 967 62 40 M.
562 964 226 48 Beecher,
822 964 143 48 York,
1000 965 82 40 Pa.
1153 963 280 48 (32-10813)

126 1068 161 65 Gide,
316 1067 202 53 André
545 1068 145 53 Paul
719 1065 348 67 Guillaume,
1098 1071 170 50 1869-

255 1142 1134 69 … Divers. [Paris] Gallimard [ᶜ19 31]
194 1215 744 52 3 p. l., [9]-213 p., 1 l. 19ᶜᵐ.
195 1271 799 43 At head of title: André Gide.
474 1353 60 4 CONTENTS.—
535 1328 299 41 Caractères.
837 1352 60 4 —
897 1328 76 40 Un
1016 1328 154 48 esprit
1212 1338 94 29 non
1348 1327 227 48 prévenu.
1578 1350 59 5 —
1637 1326 209 42 Dictées.
1848 1351 60 5 —
1909 1327 205 42 Lettres.

130 1397 1970 101 © July 8, 1931; 1c. Feb. 29, 1932; A— Foreign 15781; Librairie Gallimard.
421 1458 279 48 (32-10733)

127 1562 244 66 Gilbert,
400 1563 304 62 Anthony.

194 1638 124 52 The
348 1637 150 69 body
535 1656 73 34 on
643 1637 94 53 the
774 1638 180 68 beam,
990 1657 30 33 a
1058 1637 276 54 detective
1371 1642 158 64 story
1565 1638 75 68 by
1677 1637 278 69 Anthony
127 1636 1964 133 Gilbert.

325 1715 138 54 New
491 1714 178 68 York,
694 1714 191 68 Dodd,
911 1714 172 54 Mead
1107 1716 47 51 &
1178 1732 298 52 company,
1506 1717 150 52 1932.

191 1786 552 50 4 p. l., 295 p. 19½ᶜᵐ.
132 1856 52 51 ©
209 1861 113 47 Apr.
349 1860 40 46 8,
413 1858 140 48 1932;
580 1859 66 40 2c.
672 1860 114 47 Apr.
811 1859 82 48 12;
921 1859 82 42 aff.
1029 1861 114 46 Apr.
1169 1859 82 47 20;
1281 1861 40 37 A
1347 1858 170 49 50929;
1547 1860 129 48 Lucy
1704 1859 225 40 Beatrice
199 1860 1902 105 Malleson,
327 1917 210 39 London.
608 1916 279 49 (32-10532)

127 2018 242 65 Goethe,
399 2020 233 53 Johann
662 2017 321 67 Wolfgang
1010 2035 131 49 von,
1175 2021 325 55 1749-1832.

194 2096 197 68 Faust,
426 2115 30 33 a
493 2096 260 69 tragedy,
788 2097 98 52 the
920 2095 129 54 first
1080 2101 151 63 part,
1266 2095 76 70 by
1379 2096 234 55 Johann
1648 2094 321 72 Wolfgang
2006 2114 112 35 von

126 2172 233 67 Goethe,
397 2174 59 51 in
496 2195 30 32 a
566 2174 235 52 modern
839 2173 343 53 translation
1222 2173 76 70 by
1336 2173 162 53 Alice
1540 2174 280 67 Raphael,
1862 2174 141 52 with
2045 2192 73 34 an

127 2250 388 53 introduction
549 2251 75 68 by
662 2248 137 57 Carl
836 2251 65 53 F.
943 2249 299 56 Schreiber
1276 2250 113 54 and
1429 2269 31 35 a
1497 2256 131 47 note
1666 2252 75 68 by
1777 2251 171 54 Mark
1987 2252 131 54 Van

125 2328 208 54 Doren.
402 2327 139 54 New
574 2327 179 70 York,
788 2328 121 53 The
942 2327 252 54 Limited
1229 2327 245 55 editions
1506 2328 147 69 club,
1690 2331 150 51 1932.

193 2400 1170 49 2 p. l., vii-xvi, 112 p., 1 l. col. illus. 32 ᶜᵐ .
196 2471 145 40 “This
368 2471 184 40 edition
580 2472 208 39 consists
815 2471 53 40 of
896 2471 166 40 fifteen
1094 2472 220 39 hundred
1344 2470 158 49 copies
1533 2471 194 48 printed
1758 2472 79 39 for
1865 2472 82 40 the
127 2481 1972 87 members

270 2527 54 40 of
359 2529 83 39 the
481 2527 207 41 Limited
726 2527 211 41 editions
974 2526 123 49 club,
1137 2527 120 41 with
1298 2528 80 40 the
1417 2528 196 47 designs
1650 2528 64 47 by
1754 2528 132 40 René
1926 2527 190 48 Clarke,

128 2583 59 47 by
219 2585 82 39 the
333 2583 386 41 Bartlett-Aldus
753 2594 135 37 press
921 2585 52 39 of
1005 2584 118 40 New
1155 2583 144 49 York,
1336 2586 95 38 and
1468 2585 42 39 is
1546 2584 162 41 issued
1745 2595 60 29 on
1842 2584 168 40 March
2045 2583 73 49 22,

129 2639 124 49 1932,
280 2643 48 37 to
352 2640 139 40 mark
517 2642 82 39 the
624 2644 261 43 centenary
910 2641 52 40 of
987 2641 81 41 the
1095 2640 218 41 author’s
1340 2641 161 40 death.
1555 2640 120 41 This
1702 2650 117 39 copy
1848 2641 41 40 is
1917 2640 202 42 number

298 2700 95 38 and
421 2699 41 39 is
490 2699 167 46 signed
686 2699 59 47 by
773 2698 133 41 René
934 2698 217 42 Clarke.”

136 2764 52 51 ©
221 2770 119 39 Mar.
373 2768 70 45 22,
476 2767 112 41 1932;
650 2768 67 42 2c.
749 2770 114 46 Apr.
896 2770 53 39 13;
1014 2769 82 41 aff.
1129 2770 111 46 Apr.
1276 2769 56 40 18;
1391 2770 40 38 A
1464 2769 142 41 50773;
1671 2770 208 39 Limited
1911 2768 209 40 editions

202 2825 121 47 club,
349 2825 91 42 inc.
503 2821 69 52 [©
600 2825 342 48 introduction,
971 2826 329 39 illustrations
1325 2827 95 39 and
1449 2829 111 37 note]
1647 2826 278 49 (32-10730)

133 2941 240 66 Greene,
404 2944 202 53 James
638 2944 272 56 Edward.

199 3017 119 53 The
359 3019 235 52 relative
636 3019 312 69 reliability
991 3022 113 51 and
1147 3020 246 69 validity
1436 3021 63 52 of
1542 3020 271 52 Rational
1857 3020 262 69 learning

132 3100 133 47 tests
294 3114 59 34 as
381 3094 238 55 affected
647 3096 75 69 by
748 3096 198 69 length
975 3096 65 54 of
1068 3103 111 48 test
1205 3097 113 54 and
1347 3099 168 52 order
1544 3096 64 55 of
1637 3097 482 69 administration,

131 3171 1989 73 by James Edward Greene, PH. D. Nashville, Tenn., George
132 3248 267 70 Peabody
426 3251 210 68 college
666 3249 94 54 for
788 3251 269 68 teachers,
1087 3254 150 51 1932.

200 3321 1920 51 4 p. l., 36 p. 23 ᶜᵐ. (Half-title: Contribution to education, pub. under
134 3377 79 39 the
241 3378 235 40 direction
506 3379 54 40 of
587 3378 182 49 George
800 3380 225 48 Peabody
1055 3380 178 47 college
1263 3380 79 40 for
1373 3382 235 41 teachers,
1668 3391 75 31 no.
1774 3380 81 50 95)

199 3447 170 40 Thesis
407 3449 14 47 (PH.
592 3448 269 48 D.)—George
887 3449 225 49 Peabody
1139 3450 177 47 college
1342 3451 80 39 for
1448 3451 236 47 teachers,
1713 3450 129 41 1931.

201 3503 220 42 Without
448 3504 152 41 thesis
630 3507 127 39 note.

202 3558 344 50 Bibliography;
606 3571 43 38 p.
681 3561 158 42 35-36.

142 3625 50 51 ©
221 3631 120 40 Mar.
371 3631 69 47 29,
470 3632 112 39 1932;
639 3632 67 41 2c.
737 3634 97 38 and
862 3632 82 41 aff.
975 3635 113 46 Apr.
1118 3634 52 46 6;
1203 3635 40 37 A
1274 3634 168 46 50576;
1478 3634 182 48 George
1691 3633 223 47 Peabody
1945 3633 176 45 college

207 3686 78 38 for
312 3688 229 39 teachers.
613 3688 280 48 (32-10538)

139 3783 280 68 Gregory,
449 3788 268 54 Theodor
750 3791 284 53 Emanuel
1068 3791 386 65 Gugenheim,
1490 3797 169 50 1890-

204 3861 1855 74 The gold standard and its future, by T. E. Gregory …
138 3935 133 54 New
298 3939 177 69 York,
501 3942 65 52 E.
596 3944 64 51 P.
687 3944 222 52 Dutton
935 3947 45 50 &
1004 3963 99 49 co.,
1128 3945 106 53 inc.
1375 3949 84 63 [ᶜ1932]
