2563 4368
1126 4108 99 50 981

151 495 150 63 Ives,
329 494 140 51 Mrs.
497 490 194 55 Mabel
727 489 281 68 (Lorenz)

221 566 423 68 Washington's
676 564 402 67 headquarters
1116 562 109 69 [by]
1262 561 189 51 Mabel
1482 560 215 52 Lorenz
1730 558 143 51 Ives.
1942 556 203 67 Upper

152 644 322 55 Montclair.
563 685 10 9 N.
605 642 75 55 J..
712 643 157 67 Lucy
900 641 250 51 Fortune
1225 641 153 65 [ᶜ1932]

289 747 9 10 xv,
324 716 87 39 336
435 726 43 36 p.
532 714 163 41 front.,
720 714 113 38 illus.
876 712 133 44 (incl.
1036 711 179 46 music)
1251 712 170 46 plates,
1448 714 162 43 ports.,
1635 719 151 36 maps.
1839 707 145 39 24½ᶜᵐ.

251 772 117 39 “This
397 771 42 40 is
467 782 27 28 a
524 769 121 41 book
675 770 147 39 about
850 769 137 39 those
1015 766 52 41 of
1093 765 361 48 Washington's
1485 764 362 48 revolutionary
153 763 1974 107 headquarters

293 829 108 39 that
441 837 83 29 are
565 826 101 40 still
708 824 228 47 standing
977 823 95 40 and
1113 832 120 38 open
1275 826 48 35 to
1366 818 565 44 visitors.”—Foreword
1972 822 49 37 to
2062 818 82 41 the

154 886 185 40 reader.

160 934 1649 60 © June 23. 1932; 2c. June 27; a ff. June 25; A 51933; M. L.
1840 934 122 42 Ives.
227 933 1901 108 Montclair.
437 1032 5 5 N.
474 999 41 39 J.
588 994 278 46 (32-17253)

154 1088 547 65 Jackson-Babbitt,
732 1088 130 62 inc.,
891 1087 141 53 New
1065 1085 177 54 York.

225 1166 120 52 The
374 1184 121 34 new
527 1164 251 56 crusade,
810 1161 297 70 including
1137 1181 29 33 a
1198 1169 195 60 report
1423 1161 340 67 concerning
1793 1157 355 69 prohibition

158 1246 112 52 and
305 1242 196 54 fifteen
537 1241 276 54 centuries
850 1244 64 51 of
949 1239 187 70 liquor
1171 1238 342 69 legislation,
1548 1238 281 67 compiled

157 1235 1991 154 by Jackson-Babbitt inc. [and] Leslie Gordon … Cleveland, O.. The
160 1398 309 56 Crusaders
497 1399 125 62 inc.,
652 1402 149 49 1932.

228 1474 26 37 4
284 1484 41 37 p.
390 1504 9 8 l..
429 1470 268 42 vii-xxxix.
729 1470 83 40 283
842 1480 44 37 p.
945 1468 147 41 23½ᶜᵐ.

231 1529 178 38 Errata
440 1528 94 47 slip
565 1528 228 40 mounted
824 1537 61 29 on
915 1537 44 37 p.
989 1526 72 41 26.

230 1585 347 47 Bibliography:
637 1593 44 38 p.
715 1582 216 42 278-283.

166 1633 1988 59 © June 9, 1932; 2c. June 21; aff. June 17; A 51864; Jackson-Babbitt,
235 1699 90 40 inc.
369 1704 36 39 &
431 1699 156 40 Leslie
617 1697 205 42 Gordon.
898 1707 71 28 New
995 1695 144 40 York.
1211 1694 279 48 (32-17275)

164 1790 173 64 King,
370 1788 198 53 Luella
599 1787 236 64 Myrtle,
869 1787 170 54 1887-

233 1865 289 68 Learning
567 1864 113 54 and
727 1864 280 68 applying
1050 1862 249 70 spelling
1343 1863 149 53 rules
1535 1862 62 52 in
1641 1862 203 68 grades
1889 1861 158 54 three
2091 1867 59 49 to

163 1939 1989 74 eight. by Luella M. King … Published with the approval of
165 2022 297 54 Professor
487 2021 226 53 Arthur
736 2023 46 51 I.
814 2021 191 54 Gates,
1031 2038 253 51 sponsor.
1358 2020 139 54 New
1525 2020 163 54 York
1714 2020 133 67 city,
1875 2021 278 55 Teachers

163 2100 228 68 college,
421 2098 296 55 Columbia
748 2098 336 69 university,
1117 2102 151 50 1932.

170 2169 1971 101 ix. 80 p. 23½ ᶜᵐ . (Teachers college. Columbia university. Contributions to
402 2228 272 40 education,
701 2239 75 29 no.
807 2229 109 47 517)

242 2286 168 39 Issued
437 2286 104 39 also
566 2296 54 29 as
646 2285 152 39 thesis
834 2286 107 46 (PH.
1001 2317 7 6 D.
1026 2291 8 34 )
1072 2284 249 40 Columbia
1350 2284 285 50 university.

240 2342 347 48 Bibliography:
648 2352 44 37 p.
728 2341 153 40 79-80.

175 2394 51 53 ©
258 2400 112 46 Apr.
402 2399 70 46 15,
504 2397 142 49 1932;
677 2402 67 36 2c.
777 2398 128 39 June
978 2409 11 35 8;
1023 2397 83 41 aff.
1139 2398 127 41 June
1296 2397 84 47 20;
1413 2399 44 39 A
1486 2397 146 42 52700;
1694 2398 241 41 Teachers
1968 2399 190 48 college,

244 2455 247 40 Columbia
522 2454 130 40 univ.
723 2454 278 47 (32-17176)

169 2545 301 65 Knudsen,
497 2544 158 53 Vern
686 2544 214 64 Oliver,
931 2549 171 52 1893-

241 2615 1920 79 Architectural acoustics, by Vern O. Knudsen … New York,
170 2697 54 54 J.
253 2698 187 67 Wiley
467 2700 44 48 &
537 2715 142 38 sons,
710 2699 135 64 inc.;
875 2696 255 68 London,
1160 2697 297 68 Chapman
1482 2699 44 51 &
1556 2699 158 66 Hall,
1740 2698 239 68 limited,
2010 2703 151 53 1932.

240 2766 1425 54 2 p. l. , iii-viii, 617 p. illus.. diagrs. 23½ ᶜᵐ . $6.50
178 2810 1982 67 © June 27, 1932; 2c. and aff. June 30; A 51954; V. O. Knudsen. Los
247 2885 217 48 Angeles.
534 2884 278 48 (32-17129)

180 2976 261 66 [Loubet,
473 2976 72 67 J.]

305 3048 1851 79 … L’Indochine française. [Paris] Librairie Hachette [ᶜ193 1]
250 3127 55 38 64
337 3136 44 37 p.
416 3126 110 40 incl.
561 3124 162 50 front.,
758 3127 125 39 illus.
950 3125 55 40 24
1007 3128 45 20 cm
1056 3157 7 8 .
1141 3126 372 49 (Encyclopédie
1549 3139 88 37 par
1672 3128 205 47 l'image.
1961 3126 186 49 [Géogra
178 3182 151 51 phie])

251 3238 175 47 Signed:
482 3239 52 38 L.
562 3238 184 41 Loubet
773 3246 49 33 et
850 3239 52 40 G.
932 3238 248 42 Taboulet.

280 3293 418 50 Bibliographie”:
732 3306 41 37 p.
809 3295 69 41 63.

186 3342 1897 60 © May 20. 1931; 1c. Oct. 12; A— Foreign 13972; Librairie Hachette.
180 3440 222 64 Mayer,
434 3439 246 55 Francis
706 3439 330 66 Blackwell,
1068 3443 324 56 1827-1899.

249 3515 161 53 With
441 3534 108 48 pen
582 3515 110 55 and
725 3515 185 68 pencil
940 3535 70 33 on
1040 3517 93 52 the
1168 3516 242 52 frontier
1441 3516 59 52 in
1533 3519 132 48 1851:
1730 3515 93 51 the
1857 3513 165 70 diary
2057 3515 111 53 and

179 3591 250 56 sketches
464 3593 62 51 of
559 3591 196 55 Frank
788 3591 307 54 Blackwell
1129 3593 217 66 Mayer,
1380 3591 188 55 edited
1601 3591 139 53 with

182 3591 1987 148 an introduction and notes by Bertha L. Heilbron … Saint Paul, The
182 3744 314 54 Minnesota
532 3743 290 55 historical
859 3744 225 70 society,
1119 3748 148 48 1932.

185 3810 1985 104 xii p., 1 l., 214 p. incl. front. illus., plates, pl., ports. 20½ ᶜᵐ . (Half-title:
334 3871 330 42 Publications
687 3873 51 39 of
762 3874 80 39 the
865 3873 271 41 Minnesota
1162 3872 253 41 historical
1439 3873 196 48 society,
1658 3874 71 40 ed.
1753 3874 61 47 by
1837 3874 53 41 T.
1917 3872 48 43 C.
1989 3874 182 45 Biegen

232 3926 1003 50 … Narratives and documents, vol. I)
194 3982 48 52 ©
271 3988 125 38 June
419 3986 70 42 20.
516 3986 141 49 1932;
683 3988 68 39 2c.
778 3988 126 40 June
928 3987 56 40 27;
1040 3987 82 41 aff.
1150 3988 125 39 June
1302 3987 82 48 25;
1412 3989 41 38 A
1479 3986 169 50 51924;

1679 3987 271 41 Minnesota
260 3983 1894 100 historical
362 4054 89 29 soc.
524 4043 278 49 (32-17122)
