2563 4368
1332 4026 63 50 30

380 432 372 67 Schweitzer,
785 434 226 65 Albert,
1046 435 169 54 1875-

454 505 1856 75 The mysticism of Paul the apostle, by Albert Schweitzer …
386 584 1983 73 translated into English by William Montgomery … with a
386 662 1979 72 prefatory note by F. C. Burkitt … New York, H. Holt and
385 759 277 52 company
810 746 83 63 [ᶜ1931]

518 825 311 48 xv, 411 p. 22 ᶜᵐ.
387 892 50 52 ©
470 897 109 40 Dec.
611 897 67 47 14,
708 895 111 40 1931;
880 896 64 40 2c.
977 896 94 39 and
1102 895 80 41 aff.
1214 895 108 40 Jan.
1354 894 40 47 5,
1425 894 113 40 1932;
1595 893 41 39 A
1666 893 144 39 46759;
1871 893 165 46 Henry
2069 892 116 40 Holt
2218 893 36 39 &
2284 903 81 36 co.,

453 952 90 41 inc.
614 953 248 47 (32-1464)

385 1045 277 69 [Skelton,
692 1048 136 53 Mrs.
859 1045 188 63 Gladys]

450 1119 1916 72 Albatross, by John Presland [pseud.] … New York. D.
383 1199 293 68 Appleton
711 1199 112 53 and
857 1217 296 50 company,
1189 1201 150 50 1932.

450 1281 645 50 3 p. l., 3-387, [1] p. 19½ᶜᵐ.
386 1349 50 52 ©
466 1354 106 39 Jan.
603 1354 67 46 15,
699 1352 140 46 1932;
868 1353 64 39 2c.
964 1356 94 38 and
1085 1351 81 41 aff.
1195 1352 108 40 Jan.
1333 1352 81 45 18;
1446 1352 39 38 A
1513 1351 171 46 47043;
1716 1351 56 40 D.
1803 1351 234 47 Appleton
2070 1356 36 39 &
2134 1362 65 28 co.

463 1410 248 47 (32-1651)

379 1503 188 63 Snow,
598 1502 216 55 Julian.

446 1578 159 54 More
633 1579 161 53 truth
824 1579 139 52 than
993 1583 219 64 poetry,
1237 1579 77 68 by
1345 1577 199 54 Julian
1578 1576 186 55 Snow.
1834 1575 318 70 Cheyenne,
2181 1577 184 68 Wyo.,

377 1656 240 52 Pioneer
645 1656 262 68 printing
934 1673 295 50 company,
1261 1656 151 51 1931.

446 1735 495 49 5 p. l., 9-85 p. 18½ᶜᵐ.
386 1789 50 52 ©
468 1795 110 39 Dec.
610 1795 66 42 18,
708 1794 106 40 1931;
876 1795 65 40 2c.
974 1795 109 41 Dec.
1113 1794 80 45 21;
1227 1793 80 41 aff.
1340 1794 109 39 Dec.
1481 1795 81 40 22;
1596 1793 38 40 A
1663 1793 170 43 46855;
1868 1794 43 39 J.
1944 1794 51 38 B.
2032 1794 152 40 Snow,
451 1794 1896 103 Cheyenne,
624 1851 96 46 Wy.
791 1850 246 47 (32-1323)

373 1953 186 53 South
589 1960 233 47 western
850 1958 266 62 reporter.
1193 1954 216 54 Second
1436 1953 183 54 series.
1697 1952 167 55 Cases
1892 1954 207 64 argued
2131 1954 112 53 and
444 1954 1893 132 determined
773 2032 57 52 in
885 2034 92 51 the
1032 2031 273 66 Supreme
1356 2037 186 47 courts
1596 2033 66 51 of
1710 2031 310 64 Arkansas,
2071 2031 287 63 Missouri,

445 2109 322 60 Tennessee,
804 2112 110 51 and
951 2111 209 62 Texas;
1199 2110 205 54 Courts
1440 2110 63 52 of
1540 2111 232 64 appeals
1809 2110 63 52 of
1908 2108 304 66 Kentucky
2251 2110 108 52 and

444 2185 295 63 Missouri;
786 2187 202 52 Courts
1030 2189 62 50 of
1135 2187 131 51 civil
1310 2190 111 50 and
1462 2187 261 52 criminal
1765 2186 233 64 appeals
2042 2188 111 51 and
444 2186 1893 129 Commission
708 2266 63 49 of
806 2265 230 64 appeals

1070 2266 62 51 of
1167 2266 198 62 Texas,
1402 2264 139 52 with
1575 2264 371 65 key-number
1983 2264 376 53 annotations.

485 2384 9 9 v.
528 2345 64 47 41
639 2341 124 65 (2d)
811 2340 326 67 September
1173 2342 345 53 15-October
1553 2342 83 64 27,
1674 2345 148 49 1931.
1898 2343 344 51 Permanent
2275 2342 84 52 ed.

444 2417 80 53 St.
554 2418 162 58 Paul,
743 2419 157 53 West
927 2419 331 66 publishing
1285 2440 96 45 co.,
1413 2423 148 49 1931.

449 2490 428 47 xiv, 1201 p. 26 ᶜᵐ.
385 2542 50 51 ©
465 2546 109 40 Dec.
603 2546 67 47 15,
701 2545 109 40 1931;
869 2546 66 41 2c.
966 2549 93 38 and
1089 2546 80 42 aff.
1200 2549 108 38 Jan.
1339 2548 68 41 14,
1438 2546 113 41 1932;
1610 2547 40 38 A
1679 2545 143 40 45992;
1882 2546 133 39 West
2046 2545 106 47 pub.
2186 2556 64 29 co.

382 2694 374 68 [Southwold,
784 2697 277 69 Stephen]
1098 2699 169 53 1887-

443 2771 147 53 Life,
606 2770 110 52 and
748 2771 248 53 Andrew
1029 2772 222 69 Otway,
1281 2773 73 69 by
1388 2773 127 52 Neil
1548 2772 124 52 Bell
1730 2771 192 67 [pseud.]
2014 2770 134 52 New
2187 2769 175 67 York,

375 2846 252 70 London,
654 2847 68 54 G.
750 2848 61 54 P.
841 2848 292 56 Putnam’s
1161 2867 142 49 sons,
1334 2853 148 50 1932.

478 2929 312 47 x, 427 p. 21½ ᶜᵐ.
385 2983 50 51 ©
470 2987 108 40 Jan.
612 2987 38 46 5,
685 2985 138 48 1932;
858 2987 65 39 2c.
961 2988 106 38 Jan.
1103 2989 51 44 7;
1191 2987 80 42 aff.
1307 2989 108 38 Jan.
1451 2988 51 46 8;
1539 2988 40 38 A
1612 2986 170 47 45910;
1822 2987 207 47 Stephen
2068 2986 294 47 Southwold,

453 3042 308 47 Georgeliam,
794 3044 154 39 North
982 3044 177 46 Devon,
1194 3045 233 46 England.
1499 3043 248 46 (32-1270)

377 3134 266 64 Stevens,
669 3135 256 54 Thomas
951 3136 198 64 Wood,
1180 3142 169 49 1880-

447 3213 119 51 The
603 3211 217 52 theatre
859 3211 151 52 from
1046 3212 221 53 Athens
1303 3218 58 47 to
1398 3213 341 66 Broadway,
1777 3212 75 67 by
1889 3211 249 52 Thomas
2175 3211 179 53 Wood

380 3288 261 65 Stevens;
680 3287 140 52 with
855 3288 286 68 drawings
1176 3289 73 68 by
1286 3290 95 52 the
1417 3290 220 51 author.
1710 3288 139 52 New
1887 3287 179 67 York,
2102 3288 256 52 London.

376 3366 70 52 D.
475 3365 291 68 Appleton
794 3365 113 52 and
933 3382 297 52 company,
1259 3368 150 51 1932.

445 3443 663 51 xii, 263, [1] p. illus. 21 ᶜᵐ.
446 3501 286 40 Illustrated
761 3499 357 48 lining-papers.

384 3555 50 52 ©
461 3559 107 39 Jan.
594 3559 38 41 8,
658 3557 113 40 1932;
824 3557 64 40 2c.
916 3559 94 37 and
1035 3558 80 39 aff.
1141 3560 107 38 Jan.
1275 3560 52 38 11;
1385 3560 38 38 A
1447 3559 143 41 45927;
1646 3560 54 37 D.
1728 3559 237 47 Appleton
1992 3559 35 39 &
2053 3568 65 29 co.

461 3613 246 49 (32-1333)

372 3715 384 63 Tarkington,
786 3715 209 63 Booth,
1028 3720 168 49 1869-

443 3793 213 66 Mary’s
681 3792 171 58 Neck,
879 3795 73 62 by
980 3795 185 51 Booth
1193 3794 355 66 Tarkington;
1612 3794 367 66 frontispiece
2004 3795 75 64 by
2105 3792 253 56 Wallace

374 3871 256 66 Morgan.
706 3868 229 55 Garden
980 3870 150 65 City,
1173 3872 67 51 N.
1288 3872 88 64 Y.,
1418 3873 352 64 Doubleday,
1813 3873 196 50 Doran
2053 3872 113 52 and
374 3889 1955 126 company,
574 3949 123 63 inc.,
729 3950 149 50 1932.
