2563 4368
1079 4032 133 56 1671

151 410 261 65 Hadath,
444 411 230 64 Gunby.

220 489 241 66 Twenty
490 488 148 68 good
667 487 175 69 ships,
918 488 160 67 chap.
1111 491 49 64 3,
1189 490 48 50 4.

252 563 62 38 (In
341 558 275 45 Children’s
645 572 309 38 newspaper,
986 558 107 44 Oct.
1126 560 71 49 15,
1230 558 144 50 1932)

155 615 1995 52 © 1c. Dec. 10, 1932; A ad int. 17216; pubd. Oct. 13; G. Hadath, London.
150 707 152 65 Hall,
337 709 60 53 C.
429 708 334 54 Frederick.

218 784 243 52 Alcohol
494 783 95 52 the
622 782 326 68 beneficent,
982 783 302 67 published
1318 784 60 52 in
1412 785 95 51 the
1542 784 235 53 interest
1809 783 65 54 of
1905 784 247 68 keeping

148 858 1996 72 fit; copyright … by C. Frederick Hall. [Hoboken, N. J.]
204 942 116 50 ᶜ1 932.
218 1012 352 50 31, [1] p. 23 ᶜᵐ.
155 1066 52 52 ©
239 1071 114 47 Apr.
384 1069 70 48 28,
487 1068 113 42 1932;
660 1070 67 39 2c.
762 1070 95 39 and
891 1069 81 40 aff.
1008 1069 125 39 June
1166 1070 54 39 17;
1282 1069 41 39 A
1356 1068 144 41 52635;
1564 1070 48 40 C.
1649 1070 52 40 F.
1735 1070 131 47 Hall,
1900 1070 248 49 Hoboken,

219 1127 55 40 N.
303 1127 42 40 J.
417 1125 280 49 (32-31883)

149 1213 350 67 Hambidge,
528 1216 134 66 Jay,
695 1216 327 55 1867-1924.

219 1292 286 54 Practical
538 1292 382 69 applications
953 1292 65 54 of
1051 1293 265 68 dynamic
1350 1298 328 63 symmetry,
1710 1295 76 66 by
1819 1295 115 67 Jay
151 1295 1975 144 Hambidge;

399 1370 189 54 edited
637 1371 113 52 and
798 1370 283 68 arranged
1128 1371 76 68 by
1250 1370 171 69 Mary
1470 1370 63 55 C.
1581 1370 345 70 Hambidge.
2010 1373 139 54 New

149 1451 224 65 Haven,
417 1448 145 53 Yale
603 1447 317 69 university
963 1466 185 50 press;
1191 1448 258 67 London,
1490 1448 78 54 H.
1610 1446 266 71 Milford,
1919 1448 229 57 Oxford

151 1526 317 68 university
494 1544 176 50 press,
699 1528 151 50 1932.

219 1597 1047 52 xviii p., 2 l., 109 p. illus., diagrs. 23 ᶜᵐ.
249 1658 101 39 “The
383 1656 131 41 third
548 1655 134 41 work
715 1654 255 49 published
1004 1664 61 30 on
1099 1655 82 40 the
1214 1654 302 41 Rutherford
1552 1655 312 49 Trowbridge
1896 1657 253 42 memorial

149 1713 298 50 publication
473 1710 167 42 fund.”

222 1771 85 39 “In
346 1769 99 41 this
483 1768 122 40 book
643 1778 84 29 are
763 1766 255 49 published
1056 1766 79 41 for
1173 1766 82 40 the
1292 1766 109 42 first
1439 1767 117 41 time
1593 1778 27 30 a
1661 1766 150 43 series
1850 1770 53 39 of
1938 1770 209 41 lectures

149 1827 141 49 given
317 1827 62 47 by
406 1827 90 39 Mr.
525 1824 272 48 Hambidge
823 1823 50 40 in
901 1823 116 40 New
1044 1822 131 40 York
1203 1822 176 48 during
1405 1824 82 40 the
1514 1824 175 41 winter
1717 1826 52 40 of
1796 1823 352 45 1921.”—Pref.

154 1881 52 52 ©
238 1885 103 40 Oct.
369 1883 70 48 25,
469 1882 116 41 1932;
643 1881 67 41 2c.
740 1882 118 38 Nov.
889 1882 24 36 2;
976 1878 81 41 aff.
1089 1880 118 40 Nov.
1240 1881 25 38 1;
1325 1882 42 37 A
1397 1881 144 41 55807;
1601 1882 119 40 Yale
1753 1882 130 41 univ.
1915 1894 150 37 press.

232 1940 278 50 (32-31714)

150 2031 268 64 Hamrin,
447 2029 236 64 Shirley
707 2028 241 56 Austin.

219 2105 416 71 Organization
666 2108 112 52 and
810 2106 458 53 administrative
1298 2108 220 52 control
1547 2106 60 53 in
1636 2107 142 69 high
1808 2110 235 67 schools,
2073 2110 75 67 by

152 2184 1639 70 Shirley Austin Hamrin … [Evanston, Ill., ᶜ1 932]
255 2291 9 17 x,
292 2258 86 41 149
404 2267 44 37 p.
508 2257 178 47 diagrs.
747 2255 55 41 23½ᶜᵐ.
962 2255 394 47 (Northwestern
1385 2255 286 50 university,
1702 2256 368 44 Contributions
2099 2262 50 39 to

150 2314 271 49 education,
454 2315 171 41 School
652 2314 52 40 of
731 2313 257 41 education
1017 2312 163 49 series,
1210 2323 76 31 no.
1313 2313 51 47 6)

221 2373 348 47 Bibliography
587 2382 9 30 :
632 2382 42 38 p.
707 2371 217 40 141-143.

155 2427 1993 53 © Oct. 1, 1932; 2c. Oct. 6; aff. Oct. 27; A 55688; School of education,
221 2489 369 38 Northwestern
617 2484 284 48 university,
931 2486 263 45 Evanston,
1225 2486 73 38 Ill.
1371 2485 280 50 (32-31769)

150 2575 392 65 Hartshorne,
569 2576 199 64 Hugh,
801 2581 167 49 1885-

221 2654 310 54 Character
566 2653 60 54 in
662 2654 213 52 human
909 2653 287 67 relations,
1230 2654 76 67 by
1340 2655 182 67 Hugh
1555 2656 376 51 Hartshorne.
2008 2658 138 52 New

158 2733 171 67 York,
356 2732 258 67 London,
643 2732 62 55 C.
737 2731 312 55 Scribner’s
1076 2750 145 48 sons,
1253 2735 148 50 1932.

221 2804 955 50 xiv p., 2 l., 3-367 p. diagrs. 21ᶜᵐ.
222 2863 347 47 Bibliography
587 2872 10 30 :
628 2872 44 39 p.
700 2861 218 42 353-357.

155 2917 52 52 ©
239 2921 102 40 Oct.
372 2922 39 47 7,
442 2920 112 41 1932;
616 2920 65 40 2c.
715 2921 94 39 and
841 2919 82 40 aff.
957 2919 102 41 Oct.
1090 2919 59 39 22;
1208 2920 41 38 A
1281 2919 141 40 56661;
1487 2920 203 40 Charles
1724 2920 265 41 Scribner’s
2022 2932 127 32 sons.

233 2976 277 50 (32-31763)

152 3067 218 64 Hazen,
401 3066 243 55 Charles
675 3066 269 64 Downer,
979 3071 169 49 1868-

220 3141 1927 70 The French revolution, by Charles Downer Hazen … New
154 3219 1134 69 York, H. Holt and company [ ᶜ1 932]
220 3291 1010 49 2 v . front., maps (part double) 22½ᶜᵐ.
221 3348 160 47 Paged
409 3348 354 48 continuously.

223 3404 374 48 Bibliography:
627 3414 43 31 v.
698 3405 39 45 2,
767 3415 42 37 p.
855 3403 292 51 [1025]-1045.

157 3459 52 52 ©
241 3464 116 40 Nov.
387 3465 40 44 4,
460 3462 113 41 1932;
633 3463 66 39 2c.
734 3463 116 40 each
884 3465 93 38 and
1011 3462 82 41 aff.
1124 3464 118 40 Nov.
1275 3463 25 40 5;
1363 3465 41 38 A
1436 3465 145 40 55846;
1644 3465 49 40 C.
1725 3465 56 40 D.
1816 3465 181 47 Hazen,
2031 3465 117 39 New

225 3520 142 39 York.
438 3518 278 49 (32-31569)

153 3608 355 66 Hohnstedt,
537 3608 249 65 Raleigh
814 3610 267 62 Warren,
1111 3615 169 49 1899-

222 3686 55 51 A
318 3687 172 67 study
532 3687 64 51 of
635 3688 97 50 the
773 3687 192 52 effects
1008 3687 63 51 of
1111 3689 95 50 the
1247 3689 225 51 teacher
1514 3694 197 46 tenure
1752 3688 110 51 law
1904 3687 60 54 in
2006 3689 138 51 New

153 3760 1968 149 Jersey, by Raleigh W. Holmstedt … New York city, Teachers college,
528 3842 298 54 Columbia
859 3840 331 69 university,
1224 3846 149 49 1932.

224 3912 64 48 ix,
319 3914 83 38 111
431 3922 43 38 p.
533 3912 56 41 23½ᶜᵐ.
750 3913 263 49 (Teachers
1043 3914 191 47 college,
1266 3913 248 41 Columbia
1549 3913 284 48 university.
155 3914 1971 96 Contributions
313 3971 49 39 to
392 3970 270 48 education,
695 3981 76 32 no.
801 3970 110 49 526)
