2563 4368
1436 4031 102 51 332

463 420 294 65 Maurras,
786 418 247 53 Charles
1059 415 186 54 Marie
1273 415 270 64 Photius,
1573 419 171 50 1868-

532 498 108 52 Les
675 498 128 66 plus
837 495 172 53 belles
1045 512 173 50 pages
1254 494 67 52 de
1356 493 281 52 Maurras.
1719 491 203 67 [Paris]
1964 489 67 53 E.
2070 488 389 53 Flammarion

467 579 193 64 [ᶜ1931]

533 647 437 51 284, [2] p. 19 ᶜᵐ .
538 707 176 38 ‘‘Notes
748 703 472 48 bibliographiques”:
1286 714 42 37 p.
1382 701 234 49 [281]-282.

470 754 1913 57 © May 28, 1931; 1c. June 3; A—Foreign 12252; Ernest Flammarion.
549 818 250 49 (32-7236)

467 923 354 51 Minnesota.
896 919 369 64 University.
1340 919 193 52 Social
1566 918 239 67 hygiene
1840 917 228 54 bureau.

469 989 1972 141 … Studies in parental sex education. Paper 4. The effectiveness
745 1072 1656 73 of a particular program in parental sex education …
468 1155 405 68 Minneapolis,
898 1155 121 53 The
1045 1154 338 67 University
1411 1153 63 52 of
1501 1154 325 52 Minnesota
1851 1171 176 50 press,
2054 1155 152 49 1931.

542 1227 857 50 iii p., 2 l., 31 p. tables. 22½ ᶜᵐ .
543 1287 148 40 Chloe
720 1285 208 48 Owings,
957 1285 225 40 director.

476 1339 51 52 ©
554 1344 110 40 Dec.
691 1343 69 47 28,
787 1341 113 41 1931;
955 1343 66 40 2c.
1049 1343 94 39 and
1171 1341 79 40 aff.
1280 1343 121 38 Mar.
1428 1341 69 48 21,
1525 1339 112 41 1932;
1693 1341 41 39 A
1761 1339 142 40 50212;
1963 1338 280 49 University
2271 1338 51 40 of
543 1337 1909 110 Minnesota,

760 1399 336 48 Minneapolis.

473 1504 378 64 Mississippi.
925 1504 279 67 Supreme
1236 1508 177 50 court.

547 1580 1919 69 Cases argued and decided … at the March term, 1931.
514 1703 9 10 v.
584 1662 113 50 160.
774 1660 290 67 Reported
1121 1660 75 66 by
1252 1658 175 53 Louis
1483 1659 78 51 M.
1619 1658 264 68 Jiggitts.
1960 1657 318 69 Columbia,
2332 1659 135 67 Mo.,

476 1740 66 51 E.
570 1740 88 54 W.
692 1738 282 67 Stephens
1002 1736 337 69 publishing
1366 1755 98 50 co.,
1496 1740 152 52 1931.

546 1810 519 49 xiv, 1008 p. 22½ ᶜᵐ .
481 1865 51 52 ©
562 1870 111 39 Dec.
702 1870 39 46 7,
771 1867 111 41 1931;
941 1867 68 41 2c.
1039 1869 110 39 Dec.
1181 1867 80 47 10;
1295 1867 81 41 aff.
1407 1867 110 40 Feb.
1547 1868 69 42 13,
1647 1868 140 47 1932;
1819 1868 40 39 A
1887 1867 144 41 49467;
2093 1868 197 40 Central
2320 1870 153 38 states

550 1927 122 39 book
699 1937 81 36 co.,
810 1925 266 47 Columbia,
1105 1926 92 40 Mo.

476 2017 357 65 Monaghan,
861 2017 220 63 James,
1111 2016 83 52 ed.

479 2092 1968 133 Monaghan’s cumulative annual digest of Pennsylvania decisions … 1931 … James
1343 2172 351 66 Monaghan,
1724 2171 204 64 editor,
1961 2171 235 53 assisted
2227 2172 76 69 by
2334 2172 137 54 Geo.

478 2249 1995 72 M. Henry … and Wm. Glassman … Newark, N. J., Soney &
482 2328 148 67 Sage
660 2346 98 47 co.,
791 2330 148 49 1932.

550 2399 527 50 2 p. l., 560 p. 26ᶜᵐ.
484 2453 52 52 ©
563 2459 110 46 Apr.
701 2458 38 43 6,
767 2457 114 40 1932;
935 2457 67 40 2c.
1029 2459 93 38 and
1150 2457 80 40 aff.
1257 2458 112 47 Apr.
1396 2459 26 39 7;
1478 2458 39 38 A
1543 2457 143 41 49435;
1747 2459 154 47 Soney
1927 2459 36 40 &
1993 2459 120 47 Sage
2141 2469 65 31 co.

480 2550 268 63 Morgan,
775 2548 155 53 John
958 2546 138 64 Hill,
1126 2548 170 54 1870-

546 2624 123 53 The
691 2623 107 54 life
823 2624 276 68 portraits
1123 2624 63 55 of
1210 2625 385 63 Washington
1621 2626 112 52 and
1758 2625 151 53 their
1934 2625 260 61 replicas,
2217 2625 75 68 by
2318 2625 157 54 John

479 2701 128 53 Hill
634 2702 246 67 Morgan
911 2702 111 52 and
1051 2702 221 52 Mantle
1301 2702 290 68 Fielding.
1653 2702 429 68 Philadelphia,
2109 2702 242 53 Printed
2382 2700 94 54 for

478 2778 1864 68 the subscribers [Lancaster, Pa., Lancaster press, inc., ᶜ19 31]
551 2850 1327 51 xxiii, 432 p., 1 l. col. front., plates, ports. 32 ᶜᵐ .
551 2907 129 43 Title
704 2909 50 38 in
779 2909 84 39 red
890 2909 95 38 and
1014 2908 166 42 black;
1208 2907 109 42 title
1343 2909 216 48 vignette
1595 2910 134 48 (coat
1756 2908 52 41 of
1833 2911 156 45 arms)

555 2964 225 41 Lettered
816 2975 60 29 on
910 2974 167 30 cover:
1117 2964 107 41 Life
1258 2965 239 48 portraits
1533 2965 52 40 of
1620 2965 183 49 George
1839 2966 349 48 Washington;
2225 2966 253 49 catalogue

483 3023 51 39 of
563 3021 210 49 original
800 3020 249 50 paintings
1079 3022 96 39 and
1204 3021 129 41 their
1364 3021 221 49 replicas.

555 3078 145 41 “This
729 3078 123 41 book
883 3078 42 40 is
953 3077 189 41 limited
1173 3079 49 38 to
1253 3088 63 29 an
1345 3077 185 42 edition
1560 3079 51 39 of
1641 3089 87 30 one
1759 3079 245 40 thousand
2033 3079 175 49 copies,
2239 3079 51 40 of
2321 3079 157 40 which

484 3145 89 32 one
606 3135 222 40 hundred
862 3145 84 30 are
981 3133 181 49 special
1196 3133 160 48 copies
1387 3134 263 42 numbered
1684 3136 97 39 and
1817 3135 168 49 signed
2020 3136 59 47 by
2115 3136 82 41 the
2232 3134 245 42 authors.”

484 3192 118 41 This
630 3203 118 38 copy
777 3191 191 41 neither
996 3190 263 40 numbered
1287 3202 90 28 nor
1405 3191 182 49 signed.

555 3248 226 41 Includes
811 3247 309 49 biographies
1149 3247 52 40 of
1229 3247 82 41 the
1343 3247 187 41 artists.

493 3303 52 52 ©
571 3308 116 39 Nov.
714 3305 69 47 20,
810 3305 112 40 1931;
976 3304 66 40 2c.
1070 3304 107 39 Jan.
1205 3303 69 47 26,
1301 3303 114 41 1932;
1471 3303 81 40 aff.
1580 3305 120 39 Mar.
1727 3305 25 39 3;
1808 3305 41 38 A
1874 3305 143 40 48833;
2075 3305 126 40 John
2229 3305 103 39 Hill
561 3306 1904 104 Morgan,

698 3364 118 38 New
846 3362 143 46 York,
1021 3361 93 39 and
1145 3361 184 39 Mantle
1360 3360 235 48 Fielding,
1627 3360 353 49 Philadelphia.

572 3420 250 48 (32-6554)

491 3508 280 53 National
799 3508 222 54 council
1049 3508 64 52 of
1140 3507 273 54 teachers
1441 3508 63 52 of
1530 3507 438 57 mathematics.

622 3584 1857 70 … The seventh yearbook. The teaching of algebra. New
494 3664 162 50 York
683 3663 133 65 city,
843 3666 229 49 Bureau
1100 3663 62 51 of
1190 3662 399 68 publications,
1617 3664 276 52 Teachers
1922 3666 227 65 college,
2180 3663 299 56 Columbia

492 3739 333 68 university,
860 3743 150 51 1932.

565 3812 885 48 ix p., 1 l., 179 p. diagrs. 23½ ᶜᵐ .
499 3865 51 51 ©
584 3869 110 40 Feb.
726 3868 69 49 20,
830 3869 113 40 1932;
1005 3868 65 40 2c.
1107 3870 120 39 Mar.
1262 3870 55 38 14;
1380 3869 81 40 aff.
1496 3871 120 39 Mar.
1653 3871 54 39 18;
1770 3871 41 39 A
1843 3870 142 40 50154;
2049 3871 115 40 Natl.
2213 3871 185 40 council
2433 3871 51 39 of

567 3926 218 39 teachers
818 3926 50 39 of
897 3925 353 47 mathematics,
1282 3926 117 40 New
1429 3927 143 40 York.
