2563 4368
1273 4024 133 49 1136

329 404 248 66 Undset,
607 403 214 67 Sigrid,
854 408 170 50 1882-

399 483 120 52 The
557 481 251 68 burning
844 480 162 67 bush,
1041 480 76 68 by
1157 478 197 69 Sigrid
1391 479 251 66 Undset;
1684 477 314 54 translated
2037 477 151 53 from
2225 477 94 53 the

330 559 345 69 Norwegian
709 559 75 68 by
820 558 224 52 Arthur
1081 556 68 55 G.
1189 557 227 54 Chater.
1491 555 138 54 New
1667 555 178 69 York,
1882 555 71 54 A.
1990 554 70 54 A.
2098 555 223 69 Knopf,

333 641 150 50 1932.

400 708 719 51 3 p. l., 3-472, [2] p. 19½ᶜᵐ.
402 769 42 39 A
471 768 161 47 sequel
662 770 48 37 to
738 766 100 40 The
865 765 114 41 wild
1007 764 183 41 orchid.

404 824 162 40 “First
591 821 227 42 edition.”

339 877 51 52 ©
419 881 119 47 Aug.
570 880 69 47 15,
669 879 113 40 1932;
841 878 68 41 2c.
937 878 119 47 Aug.
1088 878 81 39 16:
1204 876 79 41 aff.
1317 877 119 47 Aug.
1467 877 81 40 18:
1581 877 41 38 A
1653 876 170 47 54454;
1857 876 171 40 Alfred
2059 876 53 40 A.
2144 875 180 48 Knopf,

404 937 90 40 inc.
565 935 280 49 (32-26891)

332 1038 390 66 Washburne,
756 1038 274 54 Carleton
1059 1035 254 67 Wolsey,
1346 1040 171 51 1889-

465 1113 1855 70 … Adjusting the school to the child; practical first steps,
332 1190 1989 71 by Carleton Washburne … Yonkers-on-Hudson, N. Y., World
331 1272 147 52 book
508 1289 281 50 company
865 1273 153 63 [ᶜ1932]

407 1342 97 49 xvi,
552 1343 85 41 189
679 1355 43 37 p.
797 1342 142 48 illus.,
984 1342 180 48 diagrs.
1238 1340 146 42 20½ᶜᵐ.
1454 1340 382 49 (Measurement
1882 1343 95 38 and
2024 1341 302 48 adjustment

335 1401 164 47 series,
531 1402 72 39 ed.
634 1401 60 47 by
726 1400 50 40 L.
807 1399 63 41 M.
901 1399 233 47 Terman)

335 1454 1972 102 “This book is an account of … the essential features of the Winnetka
522 1512 434 51 plan.”—Editor’s
997 1512 177 40 introd.

341 1568 51 52 ©
423 1572 114 47 July
566 1571 39 47 8,
634 1569 140 47 1932;
805 1570 68 40 2c.
903 1570 115 46 July
1045 1568 82 47 20;
1160 1567 81 41 aff.
1271 1568 116 47 July
1415 1567 83 48 23;
1530 1569 41 38 A
1600 1568 136 41 53271;
1801 1568 167 41 World
1998 1569 123 40 book
2149 1579 65 30 co.

418 1627 279 49 (32-19606)

335 1732 184 64 Watt,
545 1732 221 51 Homer
793 1729 274 64 Andrew,
1099 1731 171 50 1884-
1479 1728 85 51 ed.

407 1809 169 53 Ideas
608 1808 111 53 and
752 1807 181 52 forms
964 1806 58 53 in
1056 1806 246 69 English
1333 1807 111 51 and
1475 1805 307 54 American
1813 1805 311 54 literature,
2191 1825 52 33 v.
2275 1810 47 48 2.

338 1885 1985 68 Drama and prose. By Homer A. Watt … and James B. Munn
400 1962 1924 70 … Chicago, Atlanta [etc.] Scott, Foresman and company
419 2046 117 63 [ ᶜ1 932 ]
409 2116 81 42 xii,
523 2115 87 40 708
635 2126 42 38 p.
736 2115 114 41 24ᶜᵐ.

345 2169 52 52 ©
425 2174 118 45 Aug.
570 2172 68 47 25,
667 2171 82 41 1932;
835 2172 67 39 2c.
929 2172 119 46 Aug.
1076 2171 81 45 27;
1188 2170 80 39 aff.
1298 2171 116 47 Aug.
1444 2170 82 47 29;
1556 2171 41 39 A
1625 2171 169 47 53836;
1828 2172 147 47 Scott,
2004 2172 262 41 Foresman
2294 2174 36 39 &

413 2238 66 30 co.

340 2331 334 64 Wethered,
702 2330 198 64 Joyce.

414 2408 219 54 Secrets
663 2407 63 52 of
756 2407 142 68 golf.

422 2482 84 48 (In
531 2478 200 42 London
760 2478 200 51 Sunday
989 2491 221 38 express,
1238 2477 116 52 July
1385 2479 70 50 19,
1487 2480 143 49 1932)

348 2534 1981 53 © 1c. Sept. 3, 1932; A ad int. 16818; pubd. July 10; J. Wethered, Witley,
415 2594 193 47 Surrey,
637 2594 234 47 England.

411 2682 154 67 Why
590 2700 30 33 a
649 2682 202 68 simple
877 2682 182 70 swing
1082 2682 47 54 is
1157 2683 136 53 best.

424 2756 77 48 (In
533 2753 200 42 London
760 2753 201 51 Sunday
988 2766 221 38 express,
1236 2753 116 51 July
1382 2755 41 49 3,
1453 2754 143 49 1932)

349 2807 1981 54 © 1c. Aug. 27, 1932; A ad int. 16797; pubd. July 3; J. Wethered, Witley,
419 2868 192 49 Surrey,
642 2868 235 48 England.

342 2957 415 64 Whisenhunt,
784 2958 150 53 Neal
962 2958 214 56 Smith.

413 3034 55 52 A
502 3033 201 54 citizen
736 3033 158 54 looks
929 3041 58 46 at
1019 3037 428 65 governmental
1481 3036 336 67 conditions,
1852 3036 74 66 by
1960 3036 144 52 Neal
2140 3036 188 53 Smith

343 3110 400 54 Whisenhunt.
841 3111 233 68 Boston,
1137 3113 121 52 The
1323 3112 376 69 Christopher
1762 3113 335 68 publishing
2158 3113 172 53 house

348 3192 191 63 [ ᶜ1 932 ]
417 3259 565 51 2 p. l., 7-50 p. 21ᶜᵐ.
353 3314 50 51 ©
436 3319 116 46 July
582 3318 69 41 20.
684 3317 140 47 1932;
856 3317 67 40 2c.
958 3318 114 47 July
1103 3317 82 44 25;
1220 3318 81 39 aff.
1337 3319 114 47 July
1482 3318 82 47 23;
1599 3319 40 39 A
1672 3318 168 47 53236;
1877 3318 315 48 Christopher
2224 3320 106 46 pub.

419 3374 162 40 house.
653 3374 277 48 (32-19466)

347 3459 203 56 Who’s
580 3462 126 53 who
738 3463 60 51 in
829 3461 293 61 America;
1160 3481 31 34 a
1223 3462 395 70 biographical
1651 3463 321 70 dictionary
2006 3464 63 54 of
2101 3465 228 52 notable

419 3538 184 68 living
630 3558 127 33 men
789 3540 112 51 and
931 3557 214 34 women
1177 3539 62 53 of
1267 3541 97 52 the
1392 3541 216 55 United
1642 3541 202 55 States,
1920 3559 51 36 v.
2005 3542 79 53 17.
422 3545 1910 123 1932-1933

657 3616 1670 71 … Edited by Albert Nelson Marquis. Revised and
419 3693 1887 144 reissued biennially … Chicago, The A. N. Marquis company, 1932.
419 3842 113 40 2671
560 3853 43 38 p.
659 3842 143 41 23½ᶜᵐ.

357 3893 51 52 ©
438 3898 117 48 Aug.
587 3898 69 46 22,
687 3898 139 49 1932;
858 3899 66 42 2c.
957 3902 94 38 and
1081 3900 82 40 aff.
1193 3901 118 48 Aug.
1343 3901 83 48 25;
1459 3903 40 38 A
1528 3902 169 48 54521;
1730 3904 54 39 A.
1816 3904 56 40 N.
1906 3904 216 48 Marquis
2154 3914 66 31 co.
