2563 4368
1400 4015 105 53 430

449 414 432 56 Southeastern
909 413 287 63 reporter.

582 484 1859 75 … Temporary South eastern digest of cases reported in
451 572 251 52 volumes
735 573 97 48 156
860 575 56 47 to
949 571 99 50 160
1077 568 183 56 South
1289 572 221 48 eastern
1538 571 259 64 reporter
1825 566 139 54 with
1994 565 271 69 Virginia
2290 566 153 54 table

451 649 63 52 of
547 667 168 47 cases,
749 648 74 67 by
856 647 95 53 the
984 646 267 55 editorial
1282 643 137 56 staff
1450 645 63 55 of
1544 647 96 52 the
1673 644 306 55 American
2014 645 188 69 digest
2234 649 208 65 system

512 723 1672 70 … [Virginia ed.] St. Paul, West publishing co., 1932.
519 799 434 48 315. 7 p. 24½ ᶜᵐ .
456 868 51 52 ©
538 872 108 39 Feb.
678 872 39 46 6,
747 870 140 47 1932;
919 870 66 41 2c.
1015 871 95 39 and
1140 868 79 41 aff.
1251 869 113 48 Apr.
1392 869 83 46 21;
1508 868 41 40 A
1577 868 171 48 50856;
1780 869 135 39 West
1942 869 108 47 pub.
2081 878 67 32 co.

584 986 1862 71 … Temporary South eastern digest of cases reported in
453 1070 251 51 volumes
734 1071 98 49 156
860 1072 57 49 to
947 1070 100 50 160
1077 1066 182 56 South
1287 1072 220 48 eastern
1536 1071 258 64 reporter
1821 1066 142 54 with
1987 1069 161 53 West
2174 1065 271 71 Virginia

455 1147 149 54 table
643 1147 62 52 of
743 1164 168 48 cases,
949 1147 75 67 by
1062 1147 96 51 the
1198 1144 267 54 editorial
1504 1142 135 57 staff
1677 1144 64 55 of
1778 1146 98 53 the
1912 1145 309 55 American
2259 1146 186 69 digest

451 1223 1995 72 system … [West Virginia ed.] St. Paul, West publishing co.,
457 1308 147 49 1932.

521 1379 436 47 315, 7 p. 24½ ᶜᵐ .
458 1446 51 52 ©
540 1451 110 39 Feb.
680 1450 25 39 6,
805 1449 56 40 1932;
919 1448 67 41 2c.
1016 1450 93 39 and
1139 1448 80 40 aff.
1250 1448 113 48 Apr.
1394 1449 54 39 21;
1508 1448 39 40 A
1577 1448 143 41 50857;
1781 1450 133 40 West
1944 1449 108 48 pub.
2083 1460 66 30 co.

452 1569 347 64 Stevenson,
829 1568 222 54 Robert
1077 1567 198 64 Louis,
1307 1572 325 51 1850-1894.

516 1646 53 52 A
600 1645 200 54 child’s
828 1645 217 68 garden
1075 1645 63 54 of
1166 1663 201 35 verses.
1433 1644 297 70 Complete
1759 1646 85 53 ed.
1911 1647 91 65 By
2030 1646 216 53 Robert
2274 1645 173 54 Louis

449 1722 341 68 Stevenson;
830 1722 381 54 illustrations
1249 1724 74 67 by
1361 1723 184 53 Paula
1582 1724 143 52 Rees
1764 1723 181 55 Good.
2020 1723 231 67 Racine,
2289 1723 158 68 Wis.,

450 1800 998 69 Whitman publishing co. [ ᶜ1 931]
521 1874 775 50 1 p. l., 7-91 p. illus. 19½ ᶜᵐ .
523 1946 285 41 Illustrated
841 1945 363 49 lining-papers.

459 2016 51 52 ©
540 2020 110 41 Dec.
678 2018 24 40 5,
804 2018 54 40 1931;
916 2017 67 40 2c.
1013 2017 110 40 Dec.
1151 2016 57 39 24;
1263 2015 82 42 aff.
1374 2016 109 40 Dec.
1512 2016 56 41 28;
1626 2016 39 39 A
1695 2015 143 41 50199;
1895 2017 250 40 Whitman
2174 2016 279 50 publishing

525 2087 65 29 co.
656 2071 68 54 [©
755 2073 343 49 illustrations]
1171 2072 249 49 (32-7924)

454 2179 197 65 Stiles,
682 2178 263 55 Pauline.

524 2256 121 52 The
676 2254 293 54 borrowed
1002 2254 173 67 lover,
1209 2271 32 35 a
1272 2269 277 52 romance,
1578 2254 76 67 by
1687 2253 242 55 Pauline
1965 2252 199 70 Stiles;
2199 2255 95 52 the
2325 2255 123 52 love

454 2339 156 63 story
651 2333 63 53 of
757 2351 28 34 a
831 2331 114 70 girl
985 2332 125 53 who
1152 2331 270 54 blunders
1465 2331 123 53 into
1629 2351 32 33 a
1702 2337 231 63 strange
1971 2332 179 53 man’s
2191 2334 256 67 tragedy.

455 2411 231 55 Garden
732 2409 153 69 City,
931 2410 68 53 N.
1049 2412 90 64 Y.,
1185 2408 355 68 Doubleday,
1583 2409 199 53 Doran
1827 2412 112 52 and
1984 2428 296 50 company,
2324 2411 125 66 inc.,

455 2494 149 50 1932.

525 2559 584 53 5 p. l., 3-311 p. 20 ᶜᵐ .
527 2633 163 40 “First
717 2630 227 42 edition.”

461 2701 51 52 ©
545 2706 119 38 Mar.
694 2704 68 47 24,
794 2702 139 43 1932;
966 2702 65 41 2c.
1063 2703 94 39 and
1189 2701 82 41 aff.
1303 2703 120 39 Mar.
1455 2701 82 46 28;
1569 2702 40 39 A
1639 2700 169 48 50391;
1842 2703 49 40 P.
1925 2702 160 48 Stiles,
2119 2703 96 41 San
528 2704 1906 106 Bernardino,

684 2760 143 41 Calif.
898 2758 250 49 (32-8069)

456 2863 368 66 Stringham,
854 2864 307 54 Emerson.

528 2939 155 54 First
709 2940 361 68 supplement
1105 2939 341 69 (February,
1474 2939 161 69 1932)
1671 2939 95 54 for
1788 2943 210 52 Patent
2019 2939 291 72 soliciting
2333 2941 115 55 and

459 3018 1990 73 examining, by Emerson Stringham … Washington, D. C.,
458 3095 817 70 Pacot publications [ ᶜ1 932]
529 3170 361 48 176 p. 21½ ᶜᵐ .
532 3240 118 41 This
671 3241 248 47 pamphlet
943 3241 41 40 is
1010 3243 47 38 to
1081 3241 58 41 be
1161 3240 137 41 fitted
1322 3240 103 42 into
1449 3242 82 40 the
1556 3242 169 48 pocket
1751 3245 53 38 at
1829 3244 80 40 the
1934 3242 121 41 back
2081 3243 51 41 of
2158 3243 81 41 the
2264 3244 189 41 volume

461 3297 50 39 cf
540 3298 81 39 the
649 3300 71 37 set
750 3300 48 37 to
830 3298 154 40 which
1014 3297 39 40 it
1080 3298 209 48 belongs.

464 3364 51 52 ©
547 3369 119 38 Mar.
695 3368 68 43 26,
793 3367 112 41 1932;
963 3368 67 40 2c.
1060 3369 94 39 and
1185 3367 81 40 aff.
1295 3369 112 47 Apr.
1438 3370 25 39 7;
1522 3369 39 39 A
1589 3369 143 40 50612;
1793 3370 51 41 E.
1878 3370 294 49 Stringham,
531 3370 1903 95 Washington.

459 3529 225 64 Syrett,
715 3528 205 57 Netta.

528 3604 175 54 Moon
737 3610 99 47 out
867 3604 63 52 of
965 3605 93 52 the
1091 3605 105 68 sky
1251 3605 91 68 [by]
1382 3607 172 53 Netta
1590 3607 210 67 Syrett.
1875 3608 136 52 New
2048 3608 177 66 York,
2261 3609 187 64 Dodd,

459 3681 169 53 Mead
652 3686 44 48 &
722 3699 296 49 company,
1048 3685 150 50 1932.

529 3752 554 49 3 p. l., 294 p. 19½ᶜᵐ.
531 3823 196 39 London
760 3824 182 40 edition
984 3825 77 48 (G.
1093 3825 137 47 Bles)
1271 3826 89 39 has
1393 3825 136 41 title:
1562 3826 102 40 The
1694 3836 169 30 manor
1893 3826 165 41 house.

467 3890 51 51 ©
546 3895 122 40 Mar.
693 3895 67 48 18,
788 3894 112 42 1932;
956 3896 66 43 2c.
1052 3898 119 39 Mar.
1200 3896 54 41 23;
1311 3897 82 41 aff.
1422 3898 119 38 Mar.
1571 3897 55 40 25;
1682 3897 40 40 A
1749 3897 145 42 50368;
1949 3898 55 40 N.
2035 3897 176 48 Syrett,
2240 3896 210 40 London.

542 3950 248 49 (32-8080)
