2563 4368
1409 4108 104 52 962

528 546 97 48 xiv,
651 546 86 40 425
760 558 43 37 p.
829 547 109 39 incl.
963 546 142 48 illus.,
1132 546 168 48 tables,
1328 546 178 47 diagrs.
1559 546 56 40 23½ᶜᵐ.
1769 546 299 49 (Half-title:
2095 545 357 50 Metallurgical

458 602 157 48 texts)
742 601 133 50 $4.00

528 660 175 40 Tables
738 670 60 30 on
832 658 363 48 lining-papers.

532 716 338 47 Supplements
916 713 387 48 “Metallurgical
1347 714 363 47 calculations”,
1755 716 59 46 by
1860 714 179 47 Joseph
2084 715 71 41 W.
2200 715 254 40 Richards.

459 775 63 49 cf.
554 771 130 42 Pref.

533 829 203 41 Sources
764 828 54 40 of
847 828 116 40 data
992 827 80 40 for
1102 828 155 40 tables
1275 837 11 31 :
1317 839 44 37 p.
1392 826 217 42 362-363.

468 885 1989 53 © June 14, 1932; 2c. June 22; aff. June 17; A 52725; McGraw-Hill book
536 956 82 37 co.,
646 945 91 40 inc.
807 944 280 48 (32-17051)

464 1027 308 65 Camalier,
801 1026 206 55 Renah
1036 1027 84 65 F.,
1150 1025 84 54 ed.

532 1103 205 69 Digest
777 1103 64 53 of
881 1104 264 67 personal
1185 1103 216 53 finance
1443 1104 156 67 laws,
1639 1106 309 52 annotated
1995 1103 89 67 [by]
2149 1104 199 52 Renah
2389 1104 64 51 F.

467 1180 1991 69 Camalier … Washington, D. C., American association of
462 1261 264 67 personal
752 1259 217 54 finance
999 1259 339 68 companies,
1369 1262 150 50 1932.

534 1331 506 49 2 p. l., 1095 p. 25½ᶜᵐ.
535 1391 47 39 It
608 1389 42 41 is
676 1389 82 41 the
782 1398 206 40 purpose
1014 1389 51 39 of
1090 1389 82 40 the
1195 1387 258 41 American
1477 1386 295 42 association
1798 1387 52 41 of
1875 1388 224 48 personal
2126 1387 185 41 finance
465 1398 1975 94 companies
660 1448 49 38 to

734 1446 123 49 keep
881 1445 99 41 this
1007 1447 190 39 volume
1225 1456 63 37 up
1314 1448 49 38 to
1391 1446 113 39 date
1530 1445 60 47 by
1618 1444 83 41 the
1726 1444 297 49 publication
2051 1444 52 40 of
2130 1445 328 48 supplements

464 1504 54 40 at
543 1505 182 38 annual
752 1514 55 29 or
830 1513 132 29 more
986 1503 230 47 frequent
1239 1501 251 41 intervals,
1549 1501 62 49 cf.
1643 1501 130 41 Pref.

470 1558 1987 52 © June 20, 1932; 2c. and aff. June 20; A 52701; Amer. assn. of personal
537 1618 185 39 finance
754 1617 288 48 companies.
1113 1616 280 50 (32-16942)

465 1693 274 56 Canisius
767 1693 290 65 monthly.

596 1767 1863 56 … Book of Canisius verse … selected from the Canisius
461 1845 1169 71 monthly, vols. i-xv. [Buffalo, ᶜ1 932]
538 1922 371 50 123, [1] p. 22 ᶜᵐ.
468 1978 197 41 Editors
684 1989 9 29 :
722 1978 128 48 1932,
878 1980 43 39 J.
949 1980 53 38 A.
1033 1980 265 48 Hammett,
1369 2010 8 8 C.
1405 1978 55 41 A.
1489 1980 180 47 Brady.

539 2035 160 40 “First
730 2035 164 41 book.”

472 2087 1986 53 © Mar. 7, 1932; 2c. Mar. 14; aff. Apr. 6; A 49491; John A. Hammett
540 2150 96 38 and
663 2149 202 40 Charles
892 2149 54 40 A.
975 2150 179 46 Brady,
1182 2148 209 41 Buffalo.
1462 2149 279 47 (32-16742)

466 2224 242 64 Carroll,
738 2224 194 54 Mollie
961 2225 147 64 Ray,
1141 2229 169 50 1890-

597 2299 1861 72 … Unemployment insurance in Austria, by Mollie Ray
466 2375 243 56 Carroll.
776 2377 402 70 Washington,
1210 2378 121 54 The
1364 2378 325 70 Brookings
1722 2377 347 70 institution,
2103 2381 149 52 1932.

535 2448 1923 52 ix, 52 p. diagr. 23 ᶜᵐ . (The Brookings institution. Pamphlet series,
464 2516 76 31 no.
568 2505 81 49 10)

535 2562 251 42 Half-title
804 2574 8 29 :
851 2564 101 40 The
991 2564 233 41 Institute
1258 2565 53 40 of
1345 2563 267 42 economics
1647 2564 53 40 of
1735 2565 82 40 the
1853 2563 273 49 Brookings
2161 2563 296 41 institution.

536 2618 372 50 Bibliography:
938 2630 43 39 p.
1009 2620 159 42 51-52.

474 2673 52 52 ©
559 2678 115 47 May
703 2678 69 47 23,
804 2678 141 47 1932;
978 2679 68 40 2c.
1079 2681 95 39 and
1206 2679 83 41 aff.
1321 2680 114 47 May
1468 2679 82 46 27;
1584 2679 43 39 A
1657 2678 168 48 52229;
1862 2678 269 48 Brookings
2165 2678 294 41 institution.

552 2734 278 47 (32-16830)

468 2811 239 63 Catron,
736 2811 198 52 Frank
964 2811 291 57 Fletcher.

536 2887 120 51 The
687 2887 211 67 college
930 2886 212 54 Greeks
1162 2907 9 32 :
1203 2888 95 52 the
1330 2906 137 50 saga
1498 2888 64 51 of
1593 2906 103 35 one
1730 2887 310 68 fraternity
2071 2905 136 50 year
2236 2887 60 52 in
2327 2886 133 53 nine

466 2965 255 66 episodes
756 2965 112 51 and
904 2983 71 33 an
1011 2965 331 68 aftermath,
1376 2966 94 52 the
1506 2965 178 54 tenth.
1757 2966 89 67 By
1881 2965 197 52 Frank
2111 2965 64 52 F.
2213 2963 242 67 Catron;

465 3041 1994 69 illustrations by J. C. Lindersmith … Kansas City, Mo., The
466 3119 719 67 Riverview press [ ᶜ1 932]
535 3192 847 49 4 p. l., 292 p. front., illus. 22½ᶜᵐ.
476 3246 52 52 ©
553 3251 113 46 May
689 3250 40 46 2,
754 3249 111 41 1932;
919 3250 67 39 2c.
1012 3250 113 47 May
1149 3252 55 37 14;
1259 3250 80 39 aff.
1366 3251 126 39 June
1517 3251 54 39 16;
1624 3251 41 39 A
1690 3251 144 41 51788;
1889 3252 51 38 F.
1965 3252 52 40 F.
2044 3251 194 48 Catron,
2264 3251 194 40 Kansas

544 3306 123 48 City,
694 3308 91 38 Mo.
856 3306 278 48 (32-16966)

469 3380 323 66 Chapman,
823 3381 249 54 Michael
1103 3381 276 58 Andrew.

534 3456 117 53 For
684 3458 141 67 days
861 3459 113 52 and
1007 3458 95 52 for
1134 3478 241 50 seasons,
1408 3466 158 47 notes
1602 3460 94 53 for
1731 3460 314 54 occasional
2079 3478 266 47 sermons,
2379 3459 74 66 by

461 3532 1993 74 the Reverend Michael Andrew Chapman … St. Louis, Mo.,
463 3612 112 51 and
603 3611 258 69 London,
890 3614 69 51 B.
988 3613 225 53 Herder
1239 3614 148 53 book
1416 3633 97 45 co.,
1543 3617 152 51 1932.

537 3682 477 50 vii, 345 p. 19 ½ᶜᵐ .
475 3734 52 52 ©
555 3739 127 39 June
707 3740 69 45 18,
804 3739 112 41 1932;
972 3740 66 40 2c.
1067 3742 96 39 and
1190 3741 81 39 aff.
1300 3742 126 39 June
1452 3741 57 40 22;
1564 3744 41 37 A
1632 3742 144 41 52745;
1833 3744 53 38 B.
1916 3743 189 40 Herder
2133 3743 123 39 book
2282 3753 66 30 co.
553 3795 277 48 (32-17071)

468 3869 293 64 Chardon,
790 3871 221 57 Pierre.

598 3945 1858 72 … L’expérience inutile, roman. Paris, Nouvelle librairie
469 4019 299 71 française,
800 4027 151 50 1932.
