2563 4368
1084 4082 133 50 1509

132 466 336 60 Patterson,
499 461 243 55 Norma.

201 518 1930 84 The sun shines bright, by Norma Patterson … New York,
136 606 1268 74 Farrar & Rinehart, incorporated [ ᶜ1 932]
203 681 542 53 3 p. l. , 3-267 p. 19½ᶜᵐ.
139 728 1994 61 © Oct. 6, 1932; 2c Oct. 11; aff. Oct. 7; A 56439; N. Patterson, Dallas.
217 799 280 50 (32-28831)

138 906 223 62 Pettee,
393 902 199 54 Frank
625 901 74 55 H.

207 979 123 55 The
374 995 209 50 orange
630 980 107 63 cat,
781 975 73 67 by
901 972 195 53 Frank
1144 971 76 54 H.
1268 970 222 66 Pettee;
1539 966 141 54 with
1728 963 289 70 drawings
2061 963 73 69 by

141 1045 1694 80 Ralph Chaplin. Chicago, The Reilly & Lee co. [ ᶜ1 932]
207 1121 879 54 120 p. incl. front., illus. 21 × 21ᶜᵐ.
143 1184 52 50 ©
227 1188 127 47 Sept.
387 1186 67 48 10,
485 1184 111 41 1932;
655 1183 68 41 2c.
755 1183 128 48 Sept.
914 1182 80 46 17;
1027 1179 83 42 aff.
1144 1181 127 47 Sept.
1301 1180 83 45 26;
1418 1179 38 39 A
1487 1177 170 43 56074;
1693 1176 157 46 Reilly
1883 1175 36 40 &
1947 1174 92 41 Lee
2070 1183 67 30 co.

220 1243 281 50 (32-28835)

141 1336 223 62 Potter,
399 1333 185 54 Edna.

211 1407 377 69 Christopher
623 1406 327 68 Columbus,
983 1404 94 55 the
1110 1409 157 62 story
1300 1402 64 53 of
1397 1421 31 34 a
1462 1405 161 65 great
1655 1399 331 68 adventure,
2018 1397 122 54 told

141 1490 113 53 and
300 1486 324 54 illustrated
669 1485 75 67 by
791 1484 168 52 Edna
1006 1483 228 67 Potter;
1284 1479 139 55 with
1471 1499 31 34 a
1550 1477 286 54 foreword
1880 1477 75 67 by
2001 1475 139 68 May

143 1566 341 54 Lamberton
517 1563 231 55 Becker.
823 1560 259 67 London,
1113 1559 138 54 New
1283 1559 162 53 York
1498 1565 120 60 [etc.]
1654 1554 232 57 Oxford
139 1553 1979 158 university

283 1644 385 67 press [ ᶜ1 932]
241 1710 1253 57 127, [1] p. incl. col. front., illus., col. plates. 21½ ᶜᵐ.
214 1773 228 40 “Printed
472 1772 49 40 in
550 1772 81 40 the
660 1770 179 42 United
869 1767 207 44 States.”

216 1831 232 40 “Sources
476 1829 52 39 of
556 1824 348 44 information”:
962 1836 43 38 p.
1036 1824 55 52 [9]

150 1884 50 52 ©
235 1889 102 40 Oct.
370 1888 39 46 6,
441 1885 113 41 1932;
616 1885 67 41 2c.
717 1884 95 40 and
846 1896 41 27 a.
923 1883 103 41 Oct.
1060 1882 81 47 10;
1176 1882 41 39 A
1251 1881 169 47 56298;
1458 1881 187 40 Oxford
1680 1879 130 41 univ.
1846 1888 149 41 press,
2029 1878 116 40 New

218 1944 142 46 York,
392 1943 90 40 inc.
553 1940 279 49 (32-28810)

147 2031 363 55 President’s
546 2031 348 55 conference
932 2046 74 38 on
1043 2030 172 54 home
1254 2027 267 65 building
1556 2028 116 53 and
1710 2027 172 54 home
215 2041 1904 134 ownership,

404 2109 397 68 Washington,
830 2110 72 52 D.
937 2109 80 63 C.,
1050 2110 149 51 1931.

216 2188 268 66 Housing
513 2187 113 54 and
657 2187 97 52 the
782 2186 587 66 community—home
1400 2185 193 66 repair
1623 2185 112 52 and
1768 2183 379 68 remodeling;

149 2270 219 64 reports
415 2265 63 54 of
523 2264 97 55 the
666 2262 347 55 committees
1058 2281 72 35 on
1178 2260 246 71 housing
1472 2261 112 54 and
1632 2261 98 54 the
1775 2261 370 70 community,

146 2344 219 67 Joseph
394 2343 76 53 H.
502 2343 188 68 Pratt,
775 2384 11 11 M.
855 2384 30 25 D.,
915 2341 323 67 chairman;
1272 2339 478 70 reconditioning,
1782 2339 370 69 remodeling,

149 2421 113 53 and
299 2418 413 71 modernizing,
749 2418 310 55 Frederick
1096 2420 81 53 M.
1215 2418 224 68 Feiker,
1476 2418 324 69 chairman;
1841 2418 190 54 edited
2072 2421 70 65 by

147 2497 156 54 John
346 2500 80 52 M.
473 2496 165 57 Gries
685 2498 112 53 and
842 2499 193 55 James
1082 2497 174 53 Ford.
1328 2497 404 70 Washington,
1777 2498 74 54 D.
1896 2498 82 69 C.,
2022 2498 122 53 The

149 2575 346 54 President’s
525 2575 331 55 conference
889 2594 70 35 on
991 2575 163 55 home
1184 2574 267 71 building
1482 2576 112 54 and
1625 2576 165 54 home
1821 2575 323 71 ownership

230 2657 100 51 [ ᶜ1 932]
287 2758 11 17 xv,
330 2728 83 40 291
447 2738 42 38 p.
550 2727 163 48 front.,
747 2728 127 40 illus.
903 2726 186 50 (maps)
1115 2729 169 46 plates.
1345 2729 55 40 23½ᶜᵐ.

219 2784 227 41 Lettered
476 2795 62 30 on
563 2794 141 32 cover;
762 2783 227 42 Relation
1017 2784 53 41 of
1096 2784 209 49 housing
1335 2789 48 37 to
1413 2785 182 49 health,
1627 2784 332 49 delinquency,
150 2786 1984 96 industrial

303 2840 255 49 efficiency,
596 2841 177 48 safety,
812 2839 300 51 citizenship,
1152 2841 270 41 recreation;
1489 2843 141 40 home
1666 2840 349 50 improvement
2055 2843 94 40 and

149 2896 308 50 remodeling.

223 2954 225 41 Includes
474 2952 393 52 bibliographies.

157 3005 51 53 ©
242 3011 126 48 Sept.
400 3011 57 39 20,
501 3009 140 49 1932;
675 3009 65 41 2c.
776 3011 128 47 Sept.
934 3011 82 47 27;
1051 3011 81 41 aff.
1167 3011 128 47 Sept.
1326 3012 82 46 26;
1442 3013 40 38 A
1513 3011 171 48 56080;
1719 3012 294 40 President’s
227 3023 1905 84 conference

455 3079 57 27 on
551 3067 139 40 home
728 3066 221 48 building
985 3068 36 40 &
1058 3066 138 39 home
1235 3067 288 49 ownership.
1562 3069 181 39 Robert
1782 3069 49 38 P.
1872 3068 207 41 Lamont
2118 3070 38 40 &

229 3124 103 46 Ray
366 3123 182 45 Lyman
586 3122 197 49 Wilbur,
815 3123 126 47 joint
974 3121 261 49 chairmen,
1269 3123 333 47 Washington.

238 3179 277 48 (32-28961)

157 3266 202 52 Punch.
455 3288 50 34 v.
533 3271 120 67 183,
677 3287 92 36 no.
795 3269 156 68 4758,
979 3270 158 71 Sept.
1169 3274 82 66 14,
1279 3274 152 50 1932.

161 3332 1992 64 © 1c. Nov. 10, 1931; A ad int. 17051; pubd. Sept. 14; Herbert Heather,
228 3398 210 39 London.

157 3483 316 67 Robinson,
503 3486 216 56 Claude
749 3488 266 67 Everett,
1047 3495 169 51 1900-

225 3562 190 55 Straw
450 3567 183 63 votes;
674 3583 30 33 a
739 3566 173 66 study
945 3566 66 54 of
1046 3565 258 69 political
1341 3566 338 71 prediction,
1714 3567 76 67 by
1827 3565 219 58 Claude
2083 3567 67 54 E.

156 3636 1994 77 Robinson … with a foreword by Robert E. Chaddock … New
157 3716 177 67 York,
365 3714 298 56 Columbia
691 3719 319 68 university
1038 3738 173 51 press,
1241 3724 151 50 1932.

226 3788 766 53 xxi, 203 p., 1 l. diagrs. 23½ ᶜᵐ.
228 3846 271 47 “Prepared
531 3848 152 40 under
712 3848 81 40 the
821 3848 221 48 auspices
1071 3851 51 38 of
1152 3851 80 40 the
1262 3850 251 43 Columbia
1545 3851 271 48 university
1845 3850 198 44 Council
2071 3851 81 40 for

157 3902 225 40 research
408 3901 50 41 in
485 3903 82 40 the
592 3903 149 41 social
770 3903 254 42 sciences.”

161 3952 51 53 ©
247 3958 128 48 Sept.
406 3958 70 48 20,
509 3957 139 50 1932;
682 3959 68 40 2c.
783 3960 127 47 Sept.
943 3961 82 48 22;
1060 3962 81 39 aff.
1178 3962 128 48 Sept.
1339 3965 47 37 21;
1457 3964 38 39 A
1529 3964 170 48 56001;
1736 3963 250 43 Columbia
2022 3965 130 40 univ.

229 4024 150 37 press.
448 4013 279 51 (32-28817)
