2563 4368
1074 4049 133 56 1673

132 429 249 63 Kayser,
410 428 200 52 Elmer
635 425 198 65 Louis,
865 430 169 50 1896-

199 507 122 51 The
349 505 185 68 grand
565 504 172 53 social
766 504 311 65 enterprise;
1138 519 31 34 a
1199 500 171 68 study
1401 499 64 54 of
1492 498 232 68 Jeremy
1755 497 285 53 Bentham
2067 495 63 55 in

132 574 1897 140 his relation to liberal nationalism, by Elmer Louis Kayser … New
301 660 180 67 York,
514 658 299 55 Columbia
845 655 318 70 university
1195 673 184 50 press;
1413 653 258 69 London,
1701 654 67 53 P.
1802 651 59 57 S.
1892 651 163 70 King
2084 653 45 52 &

131 757 116 39 son.
275 739 122 66 ltd.,
428 740 151 50 1932.

134 803 1979 107 109 p. front. (port.) 23 ᶜᵐ. (Half-title: Studies in history, economics and
360 867 161 49 public
552 868 108 44 law,
693 866 71 39 ed.
796 865 61 48 by
889 865 82 40 the
1004 863 207 48 Faculty
1242 862 51 41 of
1327 860 217 51 political
1577 861 186 41 science
1793 859 53 42 of
1878 857 250 44 Columbia

136 924 282 48 university,
447 934 76 31 no.
547 923 111 47 377)

205 983 171 40 Issued
406 981 104 40 also
541 990 54 30 as
628 978 152 41 thesis
807 977 14 47 (PH.
1000 977 14 48 D.)
1055 976 250 42 Columbia
1338 974 285 50 university.

205 1030 375 56 Bibliography:
611 1047 43 38 p.
684 1034 188 42 94-103.

139 1093 51 52 ©
224 1097 126 47 Sept.
380 1094 68 50 19,
479 1094 113 41 1932;
651 1093 67 41 2c.
750 1095 94 38 and
876 1091 81 40 aff.
991 1092 126 47 Sept.
1148 1091 55 40 21;
1263 1091 41 39 A
1333 1090 141 41 54951;
1539 1090 251 40 Columbia
1821 1089 129 40 univ.
1982 1097 152 39 press.

217 1152 279 50 (32-31697)

137 1257 176 64 Kent,
343 1255 226 55 Roland
600 1254 220 63 Grubb,
854 1254 169 54 1877-

141 1328 1966 152 … The sounds of Latin, a descriptive and historical phonology, by
417 1406 1713 68 Roland G. Kent … Baltimore, Waverly press, inc.
219 1492 117 64 [ ᶜ1 932]
215 1559 1300 50 216 p. 26ᶜᵐ. (Language monographs … no. XII)
216 1618 225 41 Includes
470 1616 390 49 bibliographies.

143 1673 51 51 ©
231 1677 126 47 Sept.
393 1676 68 46 17,
496 1674 139 45 1932;
671 1673 68 40 2c.
773 1674 95 38 and
904 1683 81 28 aff.
1022 1671 102 40 Oct.
1159 1672 81 45 14;
1279 1671 39 39 A
1354 1671 170 47 56480;
1562 1670 271 49 Linguistic
1869 1670 181 49 society
2086 1672 51 40 of

210 1732 234 46 America,
472 1729 353 48 Philadelphia.
897 1727 278 49 (32-31586)

138 1833 247 66 Knight,
417 1834 221 54 Lucian
670 1833 235 64 Lamar,
943 1837 171 50 1868-

209 1912 293 68 Georgia’s
546 1911 405 53 bi-centennial
995 1910 263 53 memoirs
1304 1911 113 52 and
1460 1909 325 69 memories;
1834 1930 31 33 a
1910 1911 115 52 tale
2070 1909 64 54 of

140 1999 112 46 two
277 1991 295 66 centuries,
596 1990 309 68 reviewing
929 1990 96 52 the
1050 1988 190 53 state’s
1265 1990 320 52 marvelous
1609 1994 158 64 story
1792 1989 64 53 of
143 1989 1966 148 achievement,

350 2070 150 52 since
541 2068 398 69 Oglethorpe’s
979 2067 241 69 landing
1259 2068 60 53 in
1362 2068 152 67 1733,
1551 2069 35 51 by
1664 2067 220 53 Lucian
1922 2068 212 53 Lamar

144 2146 1990 71 Knight … v. 3. [St. Augustine, Fla.] Pub. by the author for
143 2225 856 68 private distribution [ ᶜ1 932]
213 2298 1076 52 5 p. l., [17]-528 p. plates, ports. 27½ᶜᵐ.
146 2353 51 52 ©
227 2358 112 39 Dec.
367 2357 40 47 2,
436 2356 113 41 1932;
606 2356 67 40 2c.
703 2357 95 39 and
828 2355 80 40 aff.
940 2356 111 39 Dec.
1081 2356 25 39 5;
1165 2356 40 38 A
1234 2356 145 40 57338;
1437 2356 52 40 L.
1519 2356 51 40 L.
1600 2355 201 49 Knight,
1834 2355 69 41 St.
1935 2353 205 44 Simon’s

213 2414 180 40 Island.
423 2413 84 40 Ga.

145 2514 321 66 Lehmann,
495 2517 117 52 Leo
638 2515 276 65 Herbert,
945 2520 170 50 1895-

212 2592 1825 69 Ex-priest and the riddle of religion [by] L. H. Lehmann …
146 2669 1434 69 Flushing, N. Y., Agora publishing co. [ ᶜ1 932 ]
216 2742 466 50 9 p. l., 302 p. 21½ ᶜᵐ.
149 2796 50 52 ©
228 2801 119 47 Aug.
374 2801 69 47 31,
471 2799 140 47 1932;
642 2800 66 40 2c.
741 2800 126 47 Sept.
895 2800 83 47 26;
1008 2799 82 41 aff.
1121 2800 100 40 Oct.
1252 2800 51 47 8;
1335 2801 41 38 A
1403 2799 170 48 56691;
1605 2801 160 47 Agora
1795 2801 107 48 pub.
1934 2811 82 35 co.,
2046 2803 93 40 Leo

216 2857 58 40 H.
301 2857 260 47 Lehmann,
590 2857 97 40 sole
713 2866 175 37 owner,
916 2855 247 49 Flushing,
1191 2857 51 39 L.
1270 2857 51 47 I.,
1348 2857 57 41 N.
1431 2857 53 39 Y.
1555 2856 281 52 (32-31745)

147 2959 213 66 Lokke,
392 2961 134 54 Carl
554 2959 265 65 Ludwig,
851 2964 169 52 1897-

214 3038 218 52 France
465 3038 112 52 and
610 3037 96 54 the
738 3037 243 53 colonial
1015 3038 285 68 question;
1337 3058 31 33 a
1401 3039 173 68 study
1607 3039 65 52 of
1705 3045 435 64 contemporary

147 3114 1992 71 French opinion, 1763-1801, by Carl Ludwig Lokke … New
149 3193 175 67 York,
359 3192 299 55 Columbia
692 3192 317 68 university
1043 3211 184 49 press;
1264 3194 259 67 London,
1555 3195 66 52 P.
1659 3192 56 56 S.
1749 3193 163 70 King
1943 3198 47 50 &
2021 3212 119 51 son,

148 3272 118 61 ltd.,
301 3273 151 50 1932.

216 3342 1924 51 254 p. 23 ᶜᵐ. (Half-title: Studies in history, economics and public
149 3403 107 46 law,
297 3401 72 40 ed.
411 3400 61 47 by
514 3399 82 40 the
638 3399 206 47 Faculty
885 3399 51 41 of
978 3398 218 50 political
1238 3399 186 41 science
1465 3400 52 41 of
1560 3401 250 41 Columbia
1854 3400 285 49 university,

148 3469 74 30 no.
246 3455 113 50 365)

218 3514 172 40 Issued
414 3513 103 40 also
542 3522 54 30 as
622 3511 152 41 thesis
800 3511 15 48 (PH.
986 3510 15 49 D.)
1036 3511 248 41 Columbia
1311 3512 284 48 university.

218 3569 375 48 Bibliography:
624 3578 43 38 p.
694 3567 217 41 236-246.

152 3623 52 52 ©
237 3627 127 47 Sept.
394 3627 67 46 13,
492 3625 114 40 1932;
665 3624 65 41 2c.
763 3626 95 38 and
888 3624 81 40 aff.
1002 3625 113 47 Sept.
1160 3624 54 39 21;
1274 3626 41 38 A
1344 3625 141 41 54953;
1548 3626 250 41 Columbia
1831 3625 129 42 univ.
1991 3636 148 39 press.
230 3681 277 49 (32-31703)

150 3775 213 66 Louÿs,
393 3777 220 65 Pierre,
648 3778 324 55 1870-1925.

224 3852 324 69 Aphrodite
612 3854 223 53 <ancient
865 3873 262 34 manners>
1188 3855 75 67 by
1292 3856 195 52 Pierre
1517 3856 190 67 Louÿs;
1768 3857 61 51 in
1858 3857 95 52 the
155 3857 1960 124 English
296 3931 242 67 version,

566 3931 281 67 prepared
880 3932 74 66 by
984 3931 193 55 Willis
1208 3932 65 53 L.
1305 3933 218 53 Parker;
1587 3933 138 53 with
1756 3934 381 53 illustrations
