2563 4368
1082 4135 133 50 1899

239 585 880 51 3 p. l., 36 numb. 1. incl. map. 25 ᶜᵐ.
242 644 272 41 Numbered
540 644 102 40 leaf
665 642 56 41 35
747 643 194 49 printed
968 654 61 29 on
1053 643 115 40 both
1196 643 142 40 sides.

240 700 907 46 At head of title: Il quattrocento.
244 752 1914 50 “One in a series of thirteen booklets … covering the entire field of
172 813 183 40 Italian
380 815 93 38 art.
533 813 103 48 [Vol.
734 811 218 41 VI]”—Pref.

170 881 52 52 ©
250 886 109 38 Dec.
388 884 39 47 3,
456 882 113 41 1932;
624 882 67 41 2c.
720 883 111 39 Dec.
859 882 55 39 12;
972 882 82 40 aff.
1083 883 110 37 Dec.
1221 881 58 39 22;
1334 882 41 38 A
1402 881 145 40 57568;
1604 881 52 40 F.
1686 881 43 41 J.
1759 881 142 46 Geck,
1931 878 225 50 Boulder,

239 941 96 40 Col.
406 940 221 48 (33-475)

172 1042 263 68 [Gilbert,
463 1043 186 53 Helen]

234 1121 121 54 Jim
392 1120 113 53 and
544 1120 97 54 the
676 1120 185 68 pirate
899 1120 113 53 and
1051 1118 405 69 Schenectady.
1530 1118 139 54 New
1707 1118 258 69 London,
2005 1120 151 51 1932.

231 1191 932 51 3 p. l., 9-53 p., 2 l. col. illus. 18 ½ᶜᵐ.
234 1250 94 41 “Of
354 1248 100 42 this
481 1250 123 40 book
632 1259 92 31 one
751 1249 221 40 hundred
1001 1248 159 49 copies
1191 1249 123 39 have
1344 1248 118 40 been
1491 1247 207 49 printed.
1757 1247 103 40 The
1889 1249 136 45 story
2055 1257 101 30 was

165 1306 196 41 written
385 1306 61 48 by
471 1306 156 40 Helen
653 1304 200 47 Gilbert,
880 1305 95 40 and
1000 1305 83 40 the
1105 1304 215 48 pictures
1347 1314 127 30 were
1500 1304 177 48 mostly
1703 1303 140 40 made
1867 1303 63 48 by
1955 1297 202 47 Charles

166 1363 228 41 Coleman
434 1362 189 41 Sellers.
683 1362 102 39 The
821 1360 219 49 printing
1074 1371 102 29 was
1213 1361 123 40 done
1371 1360 62 49 by
1472 1360 52 41 E.
1562 1359 62 41 H.
1662 1358 131 43 Cook
1831 1359 53 41 of
1918 1358 238 48 Andover,

166 1417 355 43 Connecticut.”

170 1485 51 51 ©
255 1490 111 39 Dec.
398 1489 68 41 13,
500 1487 112 41 1932;
674 1488 66 41 2c.
773 1489 112 38 Dec.
918 1488 54 39 15;
1036 1487 82 41 aff.
1151 1488 111 39 Dec.
1297 1487 54 38 14;
1414 1488 42 37 A
1487 1487 142 39 57471;
1694 1486 202 41 Charles
1929 1487 227 40 Coleman

243 1546 188 46 Sellers,
459 1546 117 38 New
602 1545 210 46 London,
842 1544 147 40 Conn.
1059 1542 220 50 (33-490)

167 1646 237 66 Gilmor,
435 1645 326 67 Elizabeth,
794 1649 170 53 1857-

231 1724 259 54 William
522 1722 448 56 Gilmor-Sarah
1001 1724 232 67 Hanna,
1267 1725 161 66 1778;
1463 1724 225 52 Arthur
1722 1720 158 56 Scott
1911 1722 247 68 jr.-Ann

163 1802 320 65 Hamilton,
524 1805 162 63 1788;
727 1802 96 52 the
862 1801 176 53 union
1077 1800 63 53 of
1178 1801 96 53 the
1314 1799 133 54 four
1487 1798 249 56 families
1774 1798 61 56 in
1873 1798 96 56 the
164 1819 1968 128 marriage

350 1879 65 53 of
441 1878 261 55 William
734 1878 224 55 Gilmor
988 1879 113 52 and
1131 1878 193 69 Agnes
1358 1877 177 69 Scott,
1568 1881 151 65 1820,
1747 1878 77 68 by
1855 1877 302 55 Elizabeth

163 1955 899 68 Gilmor. Wooster, O. [ ᶜ1 932]
233 2030 87 41 238
354 2042 43 36 p.
434 2030 77 40 incl.
579 2029 135 40 front.
794 2030 171 47 plates,
1002 2031 164 46 ports.,
1202 2039 150 38 maps,
1389 2029 230 49 facsims.,
1655 2030 87 40 col.
1779 2032 109 38 coat
1924 2030 51 39 of
2009 2040 144 31 arms.

162 2088 56 39 22½ ᶜᵐ.
232 2144 251 40 Half-title:
552 2142 893 49 Gilmor-Hanna—Scott-Hamilton,
1481 2142 275 41 1729-1929.

168 2212 51 50 ©
246 2217 110 37 Dec.
381 2214 70 47 24,
477 2214 112 39 1932;
644 2213 68 40 2c.
739 2214 111 38 Dec.
875 2213 55 39 27;
987 2213 80 38 aff.
1095 2215 112 38 Dec.
1233 2212 56 40 29;
1345 2215 42 37 A
1412 2215 143 38 57706;
1613 2215 52 38 E.
1694 2215 197 47 Gilmor,
1920 2217 234 46 Wooster,

236 2271 52 40 O.
353 2270 220 48 (33-423)

166 2374 249 64 Grabbe,
442 2374 165 55 Paul.

230 2449 224 53 Minute
484 2450 198 52 stories
712 2449 64 52 of
804 2450 96 52 the
931 2467 188 50 opera,
1147 2449 75 68 by
1252 2451 148 51 Paul
1430 2450 227 53 Grabbe
1688 2452 113 52 and
1831 2452 148 54 Paul
163 2452 1968 142 Nordoff;

162 2526 1968 145 drawings by Richard Jones. New York, Grosset & Dunlap [ ᶜ1 932]
233 2674 837 50 160 p. illus. (incl. ports.) 26 ᶜᵐ.
168 2743 52 52 ©
249 2749 110 38 Dec.
391 2748 68 45 13,
490 2746 112 40 1932;
661 2747 66 39 2c.
759 2747 95 38 and
884 2746 80 40 aff.
996 2748 112 39 Dec.
1137 2748 54 38 15;
1250 2748 42 37 A
1322 2747 145 41 58460;
1527 2748 199 41 Grosset
1755 2750 36 39 &
1822 2749 209 48 Dunlap,
2061 2750 91 42 inc.

245 2804 218 48 (33-432)

163 2905 166 65 Hird,
358 2907 173 63 Mary
561 2907 144 63 Eva,
739 2908 171 53 1873-

232 2982 256 54 Threads
514 2983 64 53 of
601 3001 269 50 memory,
897 2985 75 67 by
996 2986 170 66 Mary
1192 2987 123 51 Eva
1342 2984 155 55 Hird;
1554 2986 172 68 being
1749 2986 114 53 bits
1891 2986 64 54 of
1981 2987 170 67 color,

162 3078 173 50 grave
379 3062 112 51 and
535 3079 129 50 gay,
709 3062 125 52 that
877 3080 197 36 woven
1115 3063 258 67 together
1416 3065 142 51 have
1601 3063 206 68 helped
1849 3063 163 54 make
2054 3065 95 52 the

164 3137 183 53 fabric
371 3138 64 52 of
458 3159 55 32 my
575 3138 120 53 life.
794 3140 138 52 [New
955 3141 163 52 York]
1163 3141 158 53 Priv.
1347 3140 174 69 print.
1571 3142 121 53 [The
1714 3142 233 52 Harbor
1970 3160 156 49 press]

165 3221 148 49 1932.

232 3288 28 41 8
284 3300 43 37 p.
385 3318 11 18 l.,
424 3287 203 51 [15]-317
650 3299 57 38 p.,
733 3291 26 39 7
803 3322 9 9 l.
864 3290 163 48 front.,
1052 3289 142 49 illus.,
1222 3291 170 47 plates,
1417 3294 163 46 ports.,
1604 3291 182 48 geneal.
1811 3291 169 41 tables.
2032 3292 59 42 29ᶜᵐ.

234 3346 94 41 “Of
356 3346 100 40 this
484 3345 122 40 book
636 3345 84 41 100
749 3346 159 47 copies
937 3347 124 40 have
1090 3347 117 40 been
1237 3347 193 49 printed
1460 3347 78 41 for
1570 3348 190 49 private
1790 3346 358 44 distribution.”

167 3400 52 52 ©
247 3405 109 39 Dec.
385 3405 39 46 1,
452 3403 112 40 1932;
621 3403 66 41 2c.
715 3405 94 38 and
836 3404 82 40 aff.
946 3405 110 39 Dec.
1085 3404 27 40 9;
1167 3406 40 37 A
1235 3405 143 40 57401;
1436 3407 63 39 M.
1529 3407 51 38 E.
1609 3406 139 48 Hird,
1778 3405 213 48 Passaic,
2020 3407 57 40 N.
2107 3408 43 40 J.

243 3460 219 48 (33-576)

161 3565 243 62 Iacuzzi,
434 3563 229 55 Alfred.

229 3640 121 52 The
382 3639 305 67 European
719 3659 179 49 vogue
930 3642 64 51 of
1025 3642 244 67 Favart;
1303 3643 95 53 the
1430 3641 271 54 diffusion
1732 3642 65 52 of
1825 3643 96 52 the
161 3644 1962 139 opéracomique,

456 3714 1287 72 by Alfred Iacuzzi … New York [ ᶜ1 932]
230 3787 1915 50 2 p. l., vii-xiii. 410 p. 20½ ᶜᵐ. (Publications of the Institute of French
161 3844 199 47 studies,
389 3843 117 48 inc.)

231 3899 252 40 “Favart’s
510 3901 137 46 plays
675 3902 94 38 and
798 3901 127 40 their
951 3903 320 40 translations
1297 3904 96 39 and
1419 3902 300 42 imitations”:
1777 3914 44 38 p.
1847 3902 216 43 337-371.

230 3956 347 47 Bibliography:
633 3967 43 37 p.
702 3957 216 41 373-387.

165 4008 53 52 ©
251 4013 111 40 Dec.
397 4012 69 46 10,
499 4012 112 40 1932;
674 4013 67 41 2c.
776 4014 111 41 Dec.
921 4015 58 39 16;
1039 4015 82 40 aff.
1154 4015 111 40 Dec.
1302 4016 54 40 15;
1420 4017 41 38 A
1494 4016 143 41 58457;
1701 4017 54 39 A.
1791 4013 205 50 Iacuzzi,
2031 4017 117 40 New

234 4069 142 39 York.
449 4069 218 48 (33-431)
