2563 4368
1390 4017 66 50 64

445 535 180 53 clerks
656 535 64 52 of
749 540 205 62 courts,
982 535 256 70 lawyers,
1268 534 230 69 justices
1530 534 64 55 of
1624 535 97 53 the
1750 553 184 49 peace,
1966 534 247 53 notaries
2247 534 189 69 public

444 614 112 51 and
589 612 252 54 business
873 631 128 34 men
1034 613 308 69 generally.
1415 614 73 51 3d
1522 615 86 51 ed.
1681 611 293 70 Prepared
2010 612 112 52 and
2157 612 278 69 compiled

444 685 1994 77 by Watkins Mabry Vaughan … Nashville, Tenn., Marshall &
445 769 181 51 Bruce
659 785 295 50 company,
988 770 150 50 1932.

511 849 85 41 574
616 859 43 38 p.
718 849 114 40 26ᶜᵐ.

451 915 51 51 ©
534 919 107 41 Jan.
673 920 39 46 8,
742 919 138 44 1932;
912 919 68 42 2c.
1011 920 95 40 and
1136 919 81 41 aff.
1249 920 110 39 Jan.
1389 918 81 46 11;
1504 919 40 39 A
1572 918 170 41 45945;
1777 919 70 40 W.
1881 918 61 40 M.
1976 918 250 47 Vaughan,
2263 918 171 49 Selma,

563 975 58 40 Ala.
692 976 248 48 (32-1426)

442 1134 270 66 Wallace,
741 1137 218 62 Edgar,
991 1137 169 56 1875-

576 1211 1853 75 … The man at the Carlton … Garden City, N. Y., Pub.
445 1295 92 52 for
578 1295 93 54 the
715 1295 188 54 Crime
945 1295 145 67 club,
1132 1295 124 67 inc.,
1297 1295 74 68 by
1412 1293 355 69 Doubleday,
1809 1294 196 52 Doran
2050 1296 44 49 &
2136 1311 295 54 company,

443 1373 105 52 inc.
584 1374 192 66 [ᶜ1932]

512 1453 567 51 4 p. l., 301 p. 20ᶜᵐ.
515 1524 162 42 “First
703 1524 226 40 edition.”

450 1590 50 52 ©
527 1595 110 40 Jan.
662 1595 69 48 14,
759 1593 112 41 1932;
928 1595 65 39 2c.
1022 1595 95 40 and
1145 1594 82 40 aff.
1255 1595 107 38 Jan.
1392 1594 81 46 23;
1504 1594 40 39 A
1571 1593 143 40 47196;
1773 1595 51 37 E.
1855 1594 228 43 Wallace,
2113 1595 210 38 London.

527 1650 248 49 (32-2235)

442 1812 352 64 Washburn,
829 1812 251 65 Georgia
1113 1813 239 63 Cooper.

508 1888 207 54 Witter
737 1890 339 68 genealogy;
1102 1890 366 54 descendants
1490 1890 64 55 of
1576 1890 257 54 William
1856 1891 207 54 Witter
2087 1890 64 52 of
2174 1892 252 67 Swamp-

437 1970 159 62 scott,
633 1967 454 66 Massachusetts,
1127 1970 325 66 1639-1659,
1491 1966 278 69 compiled
1808 1967 74 68 by
1923 1966 245 69 Georgia
2211 1968 217 68 Cooper

438 2040 320 55 Washburn
789 2042 147 51 from
970 2043 204 54 Witter
1204 2043 204 71 family
1439 2046 222 52 records
1693 2044 110 52 and
1834 2044 132 54 data
1995 2044 291 68 gathered,
2317 2044 105 56 and

437 2118 186 51 edited
664 2118 72 69 by
775 2119 188 53 Mabel
1003 2118 257 55 Thacher
1301 2119 309 72 Rosemary
1651 2121 340 56 Washburn.
2071 2122 135 53 New
2251 2122 175 53 York.

436 2193 1249 74 The National historical company [ ᶜ1 929]
507 2274 85 41 394
622 2285 42 39 p.
720 2277 87 39 col.
838 2276 161 48 front.,
1096 2308 8 16 pl.,
1136 2277 160 48 ports.,
1327 2277 200 44 facsim.,
1557 2280 134 39 coats
1721 2279 53 42 of
1802 2289 143 31 arms.
2005 2280 145 41 24½ᶜᵐ.

509 2344 1918 58 “Loveland ancestry [by Mabel T. R. Washburn] … a reprint from the
438 2400 202 42 Journal
673 2403 53 38 of
753 2402 255 40 American
1040 2402 199 47 history,
1272 2405 188 39 volume
1491 2415 97 36 xvi,
1620 2406 200 40 number
1850 2408 40 43 4,
1924 2405 128 43 1918.
2088 2408 335 49 subsequently

437 2456 292 47 reproduced
757 2457 49 40 in
835 2456 323 45 book-form”;
1188 2469 44 38 p.
1265 2459 244 51 [219]-261.

509 2512 258 42 “Extracts
792 2513 124 40 from
944 2515 82 39 the
1052 2513 219 49 writings
1299 2515 52 39 of
1380 2516 191 40 Samuel
1597 2517 204 41 Witter”:
1862 2529 40 37 p.
1934 2518 245 52 [305]-355.

446 2580 51 51 ©
536 2584 126 48 Sept.
759 2616 8 16 18,
805 2583 138 42 1929;
983 2585 66 39 2c.
1088 2585 108 39 Jan.
1233 2585 67 46 20,
1340 2584 138 47 1932;
1520 2586 80 42 aff.
1639 2588 109 39 Jan.
1786 2589 82 45 22;
1909 2589 39 39 A
1985 2590 170 47 48047;
2197 2588 229 42 National

513 2640 251 41 historical
798 2652 66 29 co.
935 2640 247 50 (32-2326)

439 2802 247 62 Waugh,
716 2801 244 63 Evelyn.

510 2885 158 70 They
708 2904 142 34 were
886 2884 120 54 still
1046 2885 245 69 dancing
1351 2888 92 67 [by]
1489 2889 221 69 Evelyn
1748 2892 245 69 Waugh.
2069 2895 138 52 New
2248 2893 176 67 York,

440 2965 213 51 Farrar
680 2968 45 49 &
750 2962 295 69 Rinehart,
1074 2961 395 70 incorporated
1503 2971 190 64 [ᶜ1932]

508 3050 938 52 6 p. l., 3-317 p. incl. maps. 20½ᶜᵐ.
509 3122 200 40 Travels
749 3122 48 39 in
836 3121 273 49 Abyssinia,
1152 3123 150 40 South
1343 3122 195 50 Arabia,
1578 3126 249 49 Zanzibar,
1866 3129 183 47 Kenya,
2090 3129 330 49 Tanganyika,

441 3178 199 49 Uganda
669 3180 95 38 and
793 3178 172 46 Congo.

508 3233 196 42 London
734 3234 182 40 edition
954 3234 336 49 (Duckworth,
1322 3235 138 48 1931)
1499 3239 87 38 has
1618 3239 136 39 title:
1786 3240 201 42 Remote
2015 3243 181 46 people.

443 3301 52 51 ©
523 3306 109 40 Jan.
660 3306 67 42 15,
756 3305 138 45 1932;
925 3306 64 37 2c.
1021 3306 107 39 Jan.
1157 3307 81 39 18:
1269 3306 79 40 aff.
1380 3308 107 40 Jan.
1518 3308 80 46 16;
1629 3310 40 37 A
1696 3310 170 47 47040;
1898 3312 50 40 E.
1980 3313 202 47 Waugh,
2212 3313 209 41 London.

520 3361 278 49 (31-28590)

438 3518 301 67 Williams,
768 3518 327 67 Valentine,
1127 3526 168 50 1883-

507 3601 186 53 Death
720 3620 242 33 answers
991 3601 93 54 the
1111 3602 128 69 bell,
1267 3602 72 68 by
1370 3603 299 54 Valentine
1695 3606 303 54 Williams.
2064 3610 215 51 Boston
2307 3608 108 53 and

438 3680 136 50 New
604 3677 178 61 York,
808 3678 317 61 Houghton
1153 3679 203 50 Mifflin
1382 3697 295 43 company,
1709 3685 149 49 1932.

506 3759 60 45 vi,
595 3755 84 42 313
707 3767 43 37 p.
810 3756 143 42 19½ᶜᵐ.

507 3825 284 42 Illustrated
819 3825 359 49 lining-papers.

444 3893 51 51 ©
530 3896 106 41 Jan.
671 3898 67 43 20,
773 3896 138 46 1932;
947 3898 65 38 2c.
1047 3898 95 39 and
1177 3897 79 41 aff.
1292 3899 107 38 Jan.
1434 3897 81 49 25;
1553 3900 39 38 A
1625 3902 141 38 47207;
1831 3904 52 39 V.
1920 3903 255 48 Williams,
2208 3904 193 40 London

520 3951 248 43 (32-2236)
