2563 4368
1064 4078 132 49 1449

145 539 1987 71 son. Rev. ed. Boston, New York [etc.] Ginn and company
150 621 191 65 [1932]

268 688 1805 51 1 p. l., v-x, 729 p. front., illus., plates (1 col.) ports., diagrs. 20 ᶜᵐ.
213 746 148 41 Table
386 758 61 29 on
472 747 92 40 end
589 745 333 49 lining-paper.

149 800 51 52 ©
234 806 118 46 Aug.
386 806 68 40 31.
490 804 138 46 1932;
665 804 67 40 2c.
770 804 127 47 Sept.
931 804 81 47 27;
1050 804 81 39 aff.
1169 804 127 47 Sept.
1331 804 82 47 24;
1450 804 41 38 A
1526 802 169 48 56125;
1732 804 71 40 W.
1841 803 294 41 McPherson

216 863 94 37 and
337 860 214 40 William
577 862 236 38 Edwards
838 861 299 40 Henderson.
1165 860 272 46 Columbus,
1465 860 52 40 O.
1583 858 278 49 (32-24968)

144 949 275 65 Mamlok,
450 950 244 64 Günter,
723 951 82 52 ed.

276 1022 1855 71 … Der sieg; ein buch vom sport. München und Berlin, R.
146 1101 595 70 Oldenbourg [ ᶜ19 32 ]
212 1173 826 49 320 p. incl. front., illus. 24 ᶜᵐ .
213 1231 64 40 At
304 1231 123 40 head
459 1231 52 40 of
538 1230 109 41 title;
706 1230 186 41 Günter
923 1231 212 39 Mamlok
1166 1231 97 40 und
1296 1230 196 48 Sergius
1525 1230 111 43 Sax.

215 1287 364 41 Contributions
608 1287 60 47 by
697 1287 196 40 various
922 1287 217 41 authors.

149 1343 1738 52 © July 5, 1932; 1c. Sept. 7; A—Foreign 17941; R. Oldenbourg.
224 1403 277 48 (32-29180)

144 1481 266 56 Michie’s
441 1484 182 68 digest
655 1484 62 51 of
747 1484 266 68 Virginia
1049 1484 111 51 and
1188 1485 159 52 West
1378 1482 269 69 Virginia
1678 1488 250 63 reports;
1960 1482 173 69 being

215 1582 28 32 a
279 1563 272 67 complete
585 1562 396 68 encyclopedia
1019 1562 111 52 and
1164 1561 185 69 digest
1383 1561 63 52 of
1478 1562 76 51 all
1586 1562 96 52 the
1714 1560 270 70 Virginia
2019 1561 111 53 and

213 1642 159 52 West
409 1640 265 68 Virginia
715 1659 120 33 case
872 1642 110 50 law
1018 1659 77 49 up
1132 1646 59 47 to
1228 1640 113 52 and
1375 1639 301 69 including
1712 1642 110 50 vol.
1862 1643 98 48 151
213 1639 1894 148 Virginia

419 1724 221 63 reports
691 1720 110 51 and
849 1720 107 51 vol.
1010 1722 96 50 105
1154 1720 160 52 West
1361 1718 269 68 Virginia
1678 1723 239 63 reports.
1990 1718 140 53 Also

214 1798 220 52 federal
476 1816 149 34 cases
666 1798 232 52 decided
943 1802 279 63 pursuant
1263 1802 58 47 to
1363 1798 96 52 the
1499 1798 110 52 law
1651 1796 63 52 of
1756 1796 269 70 Virginia
2068 1815 63 34 or

213 1877 158 52 West
399 1875 268 69 Virginia
698 1895 76 49 up
804 1882 58 46 to
892 1876 111 52 and
1031 1875 299 70 including
1359 1877 111 51 vol.
1498 1878 67 49 22
1595 1877 66 51 F.
1703 1876 156 68 (2d).
1931 1876 201 54 Under

213 1957 95 51 the
343 1953 266 54 editorial
645 1954 355 67 supervision
1035 1954 64 52 of
1132 1954 72 52 A.
1239 1956 251 52 Hewson
1523 1954 230 68 Michie,
1787 1954 235 53 assisted
2059 1956 73 67 by

214 2033 207 53 Beirne
457 2032 290 67 Stedman,
781 2035 70 50 A.
887 2034 66 50 R.
993 2034 219 51 Yellott
1247 2033 111 52 and
1391 2034 199 67 Harry
1625 2032 336 70 Casparian.
214 2034 1894 130 Indexed

427 2112 75 68 by
540 2112 246 54 Thomas
825 2113 260 52 Johnson
1119 2111 227 52 Michie.
1421 2130 50 33 v.
1513 2112 314 52 10—Table
1863 2112 63 53 of
1964 2130 164 37 cases.

216 2189 476 63 Charlottesville,
719 2190 123 62 Va.,
869 2191 120 50 The
1014 2189 211 52 Michie
1249 2209 296 43 company,
1574 2193 149 49 1932.

246 2263 316 49 x, 512 p. 26 ᶜᵐ.
147 2315 51 53 ©
230 2320 102 41 Oct.
361 2321 39 46 6,
430 2319 140 48 1932;
601 2320 65 39 2c.
698 2321 95 38 and
822 2319 81 40 aff.
935 2319 101 40 Oct.
1067 2321 25 38 7;
1152 2320 40 38 A
1222 2319 169 47 56256;
1426 2319 175 40 Michie
1632 2330 66 29 co.

143 2393 334 54 Minnesota
521 2394 112 52 and
674 2394 185 52 North
901 2398 240 48 western
1181 2392 202 69 digest,
1427 2393 267 69 covering
1736 2396 75 50 all
1855 2413 149 34 cases
213 2412 1893 127 reported

443 2472 59 51 in
528 2472 323 52 Minnesota
879 2476 239 63 reports,
1145 2471 187 54 North
1361 2476 239 48 western
1627 2477 256 63 reporter
1911 2473 112 52 and
2052 2474 78 51 all

213 2550 63 52 of
309 2550 96 52 the
437 2552 172 50 north
642 2556 237 46 western
913 2555 173 47 states
1118 2555 219 63 reports
1372 2550 154 53 from
1557 2551 96 52 the
1688 2551 226 52 earliest
1948 2550 182 69 times,

214 2629 139 52 with
390 2634 227 47 current
653 2627 342 54 cumulative
1031 2628 204 68 pocket
1268 2629 210 52 service
1511 2628 247 69 keeping
1792 2629 114 54 this
1944 2630 188 69 digest

215 2706 1914 69 always to date … Compiled and edited by the publisher’s
217 2785 264 53 editorial
535 2782 149 55 staff,
760 2805 49 33 v.
867 2788 149 49 9-11.
1095 2784 82 56 St.
1231 2787 166 67 Paul,
1447 2787 161 54 West
1660 2786 335 70 publishing
2047 2805 80 35 co.

218 2867 192 64 [ᶜ1932]

211 2938 291 41 3 v . 26ᶜᵐ.
486 2992 1630 49 CONTENTS. — v. 9. Contracts-Corporations. — v. 10. Costs-Creditors'
145 3049 172 40 suit.—
320 3060 44 30 v.
395 3049 71 41 11.
498 3049 234 41 Criminal
764 3050 107 41 law.

148 3102 50 51 ©
231 3107 126 46 Sept.
385 3107 69 45 21,
485 3106 111 39 1932;
655 3107 67 39 2c.
751 3107 117 39 each
898 3107 94 39 and
1023 3106 107 40 affs.
1162 3107 101 39 Oct.
1294 3107 81 47 10;
1408 3107 41 38 A
1479 3107 345 46 56373-56375;
1858 3108 134 40 West
2022 3108 108 47 pub.

211 3173 65 29 co.

143 3236 312 65 Monteith,
486 3236 246 56 Charles
756 3238 249 64 Norton,
1035 3243 169 49 1893-

213 3312 1852 71 Simple aerodynamics and the airplane, by C. C. Carter …
142 3390 1922 69 4th rev. ed. of the original work by Charles N. Monteith …
142 3466 138 53 New
307 3466 178 68 York,
514 3467 121 52 The
660 3467 228 53 Ronald
916 3486 155 49 press
1100 3487 278 50 company
1519 3473 85 64 [ᶜ1932]

215 3538 1018 51 xvii, 594 p. front., illus., diagrs. 21 ᶜᵐ.
147 3593 50 51 ©
236 3597 127 47 Sept.
398 3597 69 47 23,
503 3595 139 48 1932;
679 3597 66 39 2c.
783 3598 96 38 and
913 3597 81 39 aff.
1034 3599 126 46 Sept.
1195 3598 82 48 28;
1316 3600 41 38 A
1391 3600 169 47 55310;
1600 3600 49 41 C.
1689 3600 48 41 C.
1775 3600 184 46 Carter,
1997 3602 132 38 West

213 3652 155 48 Point,
399 3654 55 39 N.
484 3654 52 38 Y.
608 3652 278 50 (32-25112)

144 3724 1921 75 The National encyclopedia; editor in chief Henry Suzzallo …
212 3802 1915 73 editorial director W. W. Beardsley … New York, P. F.
213 3878 937 72 Collier & son company [ ᶜ19 32 ]
335 3952 1784 54 11 v. illus., plates (part col.) ports, (part col.) maps (part double)
142 4007 526 51 facsim., diagrs. 27 ᶜᵐ.
