<alto xmlns="http://www.loc.gov/standards/alto/ns-v3#" xmlns:xlink="http://www.w3.org/1999/xlink" xmlns:xsi="http://www.w3.org/2001/XMLSchema-instance" xsi:schemaLocation="http://www.loc.gov/standards/alto/ns-v3# http://www.loc.gov/alto/v3/alto-3-0.xsd"><Description>
<MeasurementUnit>pixel</MeasurementUnit>
<sourceImageInformation>
<fileName>1932_v29_part001.pdf</fileName>
</sourceImageInformation>
<OCRProcessing ID="IdOcr">
<ocrProcessingStep>
<processingDateTime>2019-04-25</processingDateTime>
<processingSoftware>
<softwareCreator>ABBYY</softwareCreator>
<softwareName>ABBYY Recognition Server</softwareName>
<softwareVersion>4.0</softwareVersion>
</processingSoftware>
</ocrProcessingStep>
</OCRProcessing>
</Description>
<Styles>
<ParagraphStyle ID="StyleId-FFFFFFFF-FFFF-FFFF-FFFF-FFFFFFFFFFFF-" ALIGN="Left" LEFT="0." RIGHT="0." FIRSTLINE="0."/>
<ParagraphStyle ID="StyleId-547D96D3-B2DE-4E86-A4BD-9DDFC275973A-" ALIGN="Left" LEFT="0." RIGHT="0." FIRSTLINE="0." LINESPACE="7.699999809"/>
<ParagraphStyle ID="StyleId-BE433B82-DF6F-491A-9872-F562FF4150C8-" ALIGN="Block" LEFT="0." RIGHT="0." FIRSTLINE="-13." LINESPACE="7.900000095"/>
<ParagraphStyle ID="StyleId-CC286467-50C5-4655-B0CF-BA365CCE0736-" ALIGN="Block" LEFT="0." RIGHT="0." FIRSTLINE="-15." LINESPACE="8.479999542"/>
<ParagraphStyle ID="StyleId-9878414D-BEDB-487D-971A-CF5ADB5C4AD2-" ALIGN="Block" LEFT="0." RIGHT="0." FIRSTLINE="-14." LINESPACE="10.92000008"/>
<ParagraphStyle ID="StyleId-EBC70DE5-3635-4BD4-B07B-05DF6EFE0022-" ALIGN="Block" LEFT="0." RIGHT="0." FIRSTLINE="-13." LINESPACE="12.19999981"/>
<ParagraphStyle ID="StyleId-8A688F83-F017-4D5D-A00A-14637016ED45-" ALIGN="Left" LEFT="0." RIGHT="0." FIRSTLINE="0." LINESPACE="9.399999619"/>
<ParagraphStyle ID="StyleId-20F0BBAE-20C6-42F4-8113-00B5C02924DC-" ALIGN="Left" LEFT="0." RIGHT="0." FIRSTLINE="0." LINESPACE="11.10000038"/>
<ParagraphStyle ID="StyleId-7AA70148-8873-4ACB-90AE-BF9322E02302-" ALIGN="Left" LEFT="0." RIGHT="0." FIRSTLINE="-13." LINESPACE="11.09000015"/>
<ParagraphStyle ID="StyleId-072EF7BA-7207-4F8B-9A7C-F564E8B4CB16-" ALIGN="Left" LEFT="0." RIGHT="0." FIRSTLINE="-14." LINESPACE="12.19999981"/>
<ParagraphStyle ID="StyleId-44303D12-21D7-4DB0-9E9F-87FA1A861DD7-" ALIGN="Block" LEFT="0." RIGHT="0." FIRSTLINE="-14." LINESPACE="10.92000008"/>
<ParagraphStyle ID="StyleId-43CF0D44-8AC2-4CD0-865F-942C78705184-" ALIGN="Block" LEFT="0." RIGHT="0." FIRSTLINE="-13." LINESPACE="12.19999981"/>
<ParagraphStyle ID="StyleId-7A298A86-29F5-413A-AEC9-078A4CC464D7-" ALIGN="Block" LEFT="0." RIGHT="0." FIRSTLINE="13." LINESPACE="12.19999981"/>
<ParagraphStyle ID="StyleId-8E4E86F7-C1F9-4A1A-B605-6B1FC1C8E9F7-" ALIGN="Left" LEFT="0." RIGHT="0." FIRSTLINE="0." LINESPACE="11.60000038"/>
<ParagraphStyle ID="StyleId-AB39791B-5ED1-444F-BEF5-2CFED1F2709A-" ALIGN="Left" LEFT="0." RIGHT="0." FIRSTLINE="-13." LINESPACE="11.09000015"/>
<ParagraphStyle ID="StyleId-C1F2EEE7-CD00-4E11-9EAD-B222287AEDA4-" ALIGN="Center" LEFT="0." RIGHT="0." FIRSTLINE="0." LINESPACE="11.10000038"/>
</Styles>
<Layout>
<Page ID="Page872" PHYSICAL_IMG_NR="872" HEIGHT="4368" WIDTH="2563">
<TopMargin HEIGHT="480" WIDTH="2563" VPOS="0" HPOS="0">
</TopMargin>
<LeftMargin HEIGHT="3540" WIDTH="400" VPOS="480" HPOS="0">
</LeftMargin>
<RightMargin HEIGHT="3540" WIDTH="145" VPOS="480" HPOS="2418">
</RightMargin>
<BottomMargin HEIGHT="348" WIDTH="2563" VPOS="4020" HPOS="0">
<TextBlock ID="Page872_Block1" HEIGHT="162" WIDTH="324" VPOS="4025" HPOS="1259" LANG="en-US" STYLEREFS="StyleId-7DEA57CA-8EE3-4111-9BDB-A7A3164E4BEF-">
<TextLine HEIGHT="55" WIDTH="100" VPOS="4035" HPOS="1353">
<String CONTENT="872" HEIGHT="55" WIDTH="100" VPOS="4035" HPOS="1353"/>
</TextLine>
</TextBlock>
</BottomMargin>
<PrintSpace HEIGHT="3540" WIDTH="2018" VPOS="480" HPOS="400">
<TextBlock ID="Page872_Block2" HEIGHT="3540" WIDTH="2018" VPOS="480" HPOS="400" LANG="en-US" CS="1" STYLEREFS="StyleId-5CF47ACB-DF9E-4562-AA23-5FC3AD1D14D6-">
<TextLine HEIGHT="48" WIDTH="1330" VPOS="503" HPOS="484">
<String CONTENT="&#8220;Books" HEIGHT="41" WIDTH="190" VPOS="505" HPOS="484"/>
<SP HEIGHT="39" WIDTH="24" VPOS="506" HPOS="675"/>
<String CONTENT="to" HEIGHT="39" WIDTH="50" VPOS="506" HPOS="700"/>
<SP HEIGHT="30" WIDTH="26" VPOS="515" HPOS="751"/>
<String CONTENT="read&#8221;" HEIGHT="41" WIDTH="144" VPOS="503" HPOS="778"/>
<SP HEIGHT="41" WIDTH="28" VPOS="503" HPOS="923"/>
<String CONTENT="at" HEIGHT="38" WIDTH="53" VPOS="506" HPOS="952"/>
<SP HEIGHT="38" WIDTH="24" VPOS="506" HPOS="1006"/>
<String CONTENT="end" HEIGHT="40" WIDTH="92" VPOS="504" HPOS="1031"/>
<SP HEIGHT="40" WIDTH="26" VPOS="504" HPOS="1124"/>
<String CONTENT="of" HEIGHT="41" WIDTH="53" VPOS="503" HPOS="1151"/>
<SP HEIGHT="40" WIDTH="25" VPOS="503" HPOS="1205"/>
<String CONTENT="most" HEIGHT="39" WIDTH="127" VPOS="505" HPOS="1231"/>
<SP HEIGHT="39" WIDTH="26" VPOS="505" HPOS="1359"/>
<String CONTENT="of" HEIGHT="40" WIDTH="52" VPOS="503" HPOS="1386"/>
<SP HEIGHT="40" WIDTH="24" VPOS="503" HPOS="1439"/>
<String CONTENT="the" HEIGHT="41" WIDTH="81" VPOS="503" HPOS="1464"/>
<SP HEIGHT="30" WIDTH="26" VPOS="514" HPOS="1546"/>
<String CONTENT="chapters." HEIGHT="48" WIDTH="241" VPOS="503" HPOS="1573"/>
</TextLine>
<TextLine HEIGHT="107" WIDTH="1486" VPOS="575" HPOS="420" CS="1">
<String CONTENT="&#169;" HEIGHT="51" WIDTH="51" VPOS="577" HPOS="420"/>
<SP HEIGHT="51" WIDTH="26" VPOS="577" HPOS="472"/>
<String CONTENT="June" HEIGHT="39" WIDTH="125" VPOS="580" HPOS="499"/>
<SP HEIGHT="38" WIDTH="23" VPOS="580" HPOS="625"/>
<String CONTENT="7," HEIGHT="46" WIDTH="38" VPOS="580" HPOS="649"/>
<SP HEIGHT="46" WIDTH="26" VPOS="580" HPOS="688"/>
<String CS="1" CONTENT="1932;" HEIGHT="41" WIDTH="112" VPOS="577" HPOS="715"/>
<SP HEIGHT="43" WIDTH="26" VPOS="577" HPOS="856"/>
<String CONTENT="2c." HEIGHT="41" WIDTH="66" VPOS="577" HPOS="883"/>
<SP HEIGHT="40" WIDTH="25" VPOS="578" HPOS="950"/>
<String CONTENT="June" HEIGHT="39" WIDTH="126" VPOS="578" HPOS="976"/>
<SP HEIGHT="38" WIDTH="25" VPOS="578" HPOS="1103"/>
<String CS="1" CONTENT="10;" HEIGHT="40" WIDTH="54" VPOS="576" HPOS="1129"/>
<SP HEIGHT="47" WIDTH="27" VPOS="576" HPOS="1210"/>
<!-- cceid 0AD2E115-6D7D-1014-B4A5-D7A31D17AB40 --><String CONTENT="A" HEIGHT="39" WIDTH="40" VPOS="576" HPOS="1238"/>
<SP HEIGHT="39" WIDTH="25" VPOS="576" HPOS="1279"/>
<String CS="1" CONTENT="52422;" HEIGHT="40" WIDTH="143" VPOS="575" HPOS="1305"/>
<SP HEIGHT="47" WIDTH="28" VPOS="575" HPOS="1476"/>
<String LANG="fr" CONTENT="Amer." HEIGHT="43" WIDTH="158" VPOS="575" HPOS="1505"/>
<SP HEIGHT="42" WIDTH="25" VPOS="576" HPOS="1664"/>
<String CONTENT="book" HEIGHT="40" WIDTH="123" VPOS="575" HPOS="1690"/>
<SP HEIGHT="39" WIDTH="23" VPOS="575" HPOS="1814"/>
<String LANG="ru" CONTENT="co." HEIGHT="29" WIDTH="68" VPOS="586" HPOS="1838"/>
<SP/>
<String CONTENT="(32-15316)" HEIGHT="47" WIDTH="278" VPOS="635" HPOS="498"/>
</TextLine>
<TextLine HEIGHT="67" WIDTH="488" VPOS="739" HPOS="420" STYLEREFS="StyleId-BE6C9115-9721-4440-A918-54282A462041-">
<String CONTENT="[White," HEIGHT="67" WIDTH="233" VPOS="739" HPOS="420"/>
<SP HEIGHT="61" WIDTH="36" VPOS="741" HPOS="654"/>
<String CONTENT="Frank]" HEIGHT="66" WIDTH="217" VPOS="739" HPOS="691"/>
</TextLine>
<TextLine HEIGHT="70" WIDTH="1860" VPOS="812" HPOS="546" STYLEREFS="StyleId-DCC3670E-E812-4A30-B079-A17A9E9EF827-" CS="1">
<String CS="1" CONTENT="&#8230;"/>
<SP HEIGHT="53" WIDTH="28" VPOS="817" HPOS="546"/>
<String CONTENT="White" HEIGHT="55" WIDTH="195" VPOS="815" HPOS="575"/>
<SP HEIGHT="34" WIDTH="26" VPOS="834" HPOS="771"/>
<String CONTENT="on" HEIGHT="33" WIDTH="71" VPOS="834" HPOS="798"/>
<SP HEIGHT="34" WIDTH="26" VPOS="835" HPOS="870"/>
<String CONTENT="corporations" HEIGHT="69" WIDTH="391" VPOS="812" HPOS="897"/>
<SP HEIGHT="33" WIDTH="26" VPOS="832" HPOS="1289"/>
<String CS="1" CONTENT="&#8230;"/>
<SP HEIGHT="51" WIDTH="66" VPOS="816" HPOS="1373"/>
<String CONTENT="Bender" HEIGHT="54" WIDTH="226" VPOS="813" HPOS="1440"/>
<SP HEIGHT="35" WIDTH="19" VPOS="831" HPOS="1667"/>
<String CONTENT="edition." HEIGHT="54" WIDTH="231" VPOS="812" HPOS="1687"/>
<SP HEIGHT="56" WIDTH="68" VPOS="814" HPOS="1919"/>
<String CONTENT="Supplements," HEIGHT="69" WIDTH="418" VPOS="813" HPOS="1988"/>
</TextLine>
<TextLine HEIGHT="70" WIDTH="1988" VPOS="891" HPOS="417" STYLEREFS="StyleId-DCC3670E-E812-4A30-B079-A17A9E9EF827-" CS="1">
<String CONTENT="1930-1932," HEIGHT="65" WIDTH="326" VPOS="896" HPOS="417"/>
<SP HEIGHT="62" WIDTH="34" VPOS="899" HPOS="744"/>
<String CONTENT="to" HEIGHT="46" WIDTH="58" VPOS="899" HPOS="779"/>
<SP HEIGHT="33" WIDTH="33" VPOS="911" HPOS="838"/>
<String CONTENT="V." HEIGHT="36" WIDTH="52" VPOS="911" HPOS="872"/>
<SP HEIGHT="47" WIDTH="37" VPOS="900" HPOS="925"/>
<String CONTENT="1-8" HEIGHT="51" WIDTH="98" VPOS="896" HPOS="963"/>
<SP HEIGHT="63" WIDTH="39" VPOS="896" HPOS="1062"/>
<String CS="1" CONTENT="[and]" HEIGHT="66" WIDTH="131" VPOS="892" HPOS="1121"/>
<SP HEIGHT="66" WIDTH="41" VPOS="892" HPOS="1253"/>
<String CONTENT="General" HEIGHT="55" WIDTH="245" VPOS="892" HPOS="1295"/>
<SP HEIGHT="52" WIDTH="33" VPOS="891" HPOS="1541"/>
<String CONTENT="index" HEIGHT="53" WIDTH="173" VPOS="891" HPOS="1575"/>
<SP HEIGHT="34" WIDTH="38" VPOS="910" HPOS="1749"/>
<String CS="1" CONTENT="&#8230;"/>
<SP HEIGHT="52" WIDTH="76" VPOS="892" HPOS="1845"/>
<String CONTENT="Albany," HEIGHT="68" WIDTH="249" VPOS="891" HPOS="1922"/>
<SP HEIGHT="67" WIDTH="33" VPOS="892" HPOS="2172"/>
<String CONTENT="N." HEIGHT="53" WIDTH="70" VPOS="892" HPOS="2206"/>
<SP HEIGHT="52" WIDTH="36" VPOS="893" HPOS="2277"/>
<String CONTENT="Y.," HEIGHT="66" WIDTH="91" VPOS="893" HPOS="2314"/>
</TextLine>
<TextLine HEIGHT="69" WIDTH="970" VPOS="972" HPOS="414" STYLEREFS="StyleId-DCC3670E-E812-4A30-B079-A17A9E9EF827-">
<String CONTENT="Boyd" HEIGHT="67" WIDTH="166" VPOS="973" HPOS="414"/>
<SP HEIGHT="68" WIDTH="29" VPOS="973" HPOS="581"/>
<String CONTENT="printing" HEIGHT="69" WIDTH="264" VPOS="972" HPOS="611"/>
<SP HEIGHT="49" WIDTH="26" VPOS="991" HPOS="876"/>
<String CONTENT="company," HEIGHT="51" WIDTH="297" VPOS="989" HPOS="903"/>
<SP HEIGHT="62" WIDTH="30" VPOS="977" HPOS="1201"/>
<String CONTENT="1932]" HEIGHT="64" WIDTH="152" VPOS="973" HPOS="1232"/>
</TextLine>
<TextLine HEIGHT="39" WIDTH="274" VPOS="1047" HPOS="486" CS="1">
<String CONTENT="9" HEIGHT="39" WIDTH="27" VPOS="1047" HPOS="486"/>
<SP HEIGHT="39" WIDTH="28" VPOS="1047" HPOS="514"/>
<String CS="1" CONTENT="v." HEIGHT="7" WIDTH="8" VPOS="1078" HPOS="577"/>
<SP HEIGHT="38" WIDTH="59" VPOS="1047" HPOS="586"/>
<String CS="1" CONTENT="25&#7580;&#7504;." HEIGHT="38" WIDTH="114" VPOS="1047" HPOS="646"/>
</TextLine>
<TextLine HEIGHT="50" WIDTH="1921" VPOS="1100" HPOS="487">
<String CONTENT="These" HEIGHT="40" WIDTH="153" VPOS="1103" HPOS="487"/>
<SP HEIGHT="38" WIDTH="28" VPOS="1112" HPOS="641"/>
<String CONTENT="pamphlets" HEIGHT="47" WIDTH="273" VPOS="1103" HPOS="670"/>
<SP HEIGHT="29" WIDTH="28" VPOS="1112" HPOS="944"/>
<String CONTENT="are" HEIGHT="29" WIDTH="84" VPOS="1112" HPOS="973"/>
<SP HEIGHT="37" WIDTH="30" VPOS="1104" HPOS="1058"/>
<String CONTENT="to" HEIGHT="37" WIDTH="47" VPOS="1104" HPOS="1089"/>
<SP HEIGHT="40" WIDTH="29" VPOS="1100" HPOS="1137"/>
<String CONTENT="be" HEIGHT="40" WIDTH="55" VPOS="1100" HPOS="1167"/>
<SP HEIGHT="40" WIDTH="29" VPOS="1100" HPOS="1223"/>
<String CONTENT="fitted" HEIGHT="40" WIDTH="138" VPOS="1100" HPOS="1253"/>
<SP HEIGHT="39" WIDTH="29" VPOS="1101" HPOS="1392"/>
<String CONTENT="into" HEIGHT="39" WIDTH="101" VPOS="1101" HPOS="1422"/>
<SP HEIGHT="37" WIDTH="32" VPOS="1103" HPOS="1524"/>
<String CONTENT="the" HEIGHT="39" WIDTH="80" VPOS="1101" HPOS="1557"/>
<SP HEIGHT="38" WIDTH="31" VPOS="1111" HPOS="1638"/>
<String CONTENT="pockets" HEIGHT="48" WIDTH="195" VPOS="1101" HPOS="1670"/>
<SP HEIGHT="29" WIDTH="30" VPOS="1112" HPOS="1866"/>
<String CONTENT="at" HEIGHT="37" WIDTH="51" VPOS="1104" HPOS="1897"/>
<SP HEIGHT="39" WIDTH="31" VPOS="1102" HPOS="1949"/>
<String CONTENT="the" HEIGHT="40" WIDTH="80" VPOS="1101" HPOS="1981"/>
<SP HEIGHT="38" WIDTH="29" VPOS="1102" HPOS="2062"/>
<String CONTENT="back" HEIGHT="39" WIDTH="120" VPOS="1102" HPOS="2092"/>
<SP HEIGHT="39" WIDTH="31" VPOS="1102" HPOS="2213"/>
<String CONTENT="of" HEIGHT="40" WIDTH="51" VPOS="1101" HPOS="2245"/>
<SP HEIGHT="40" WIDTH="31" VPOS="1101" HPOS="2297"/>
<String CONTENT="the" HEIGHT="40" WIDTH="79" VPOS="1102" HPOS="2329"/>
</TextLine>
<TextLine HEIGHT="48" WIDTH="1116" VPOS="1156" HPOS="416">
<String CONTENT="volumes" HEIGHT="40" WIDTH="213" VPOS="1160" HPOS="416"/>
<SP HEIGHT="28" WIDTH="27" VPOS="1171" HPOS="630"/>
<String CONTENT="of" HEIGHT="39" WIDTH="50" VPOS="1160" HPOS="658"/>
<SP HEIGHT="39" WIDTH="27" VPOS="1160" HPOS="709"/>
<String CONTENT="the" HEIGHT="39" WIDTH="80" VPOS="1160" HPOS="737"/>
<SP HEIGHT="29" WIDTH="27" VPOS="1169" HPOS="818"/>
<String CONTENT="set" HEIGHT="37" WIDTH="72" VPOS="1161" HPOS="846"/>
<SP HEIGHT="37" WIDTH="27" VPOS="1161" HPOS="919"/>
<String CONTENT="to" HEIGHT="37" WIDTH="47" VPOS="1161" HPOS="947"/>
<SP HEIGHT="29" WIDTH="29" VPOS="1169" HPOS="995"/>
<String CONTENT="which" HEIGHT="40" WIDTH="155" VPOS="1157" HPOS="1025"/>
<SP HEIGHT="38" WIDTH="28" VPOS="1159" HPOS="1181"/>
<String CONTENT="they" HEIGHT="46" WIDTH="113" VPOS="1158" HPOS="1210"/>
<SP HEIGHT="48" WIDTH="25" VPOS="1156" HPOS="1324"/>
<String CONTENT="belong." HEIGHT="48" WIDTH="182" VPOS="1156" HPOS="1350"/>
</TextLine>
<TextLine HEIGHT="53" WIDTH="1989" VPOS="1225" HPOS="419">
<String CONTENT="&#169;" HEIGHT="53" WIDTH="51" VPOS="1225" HPOS="419"/>
<SP HEIGHT="53" WIDTH="27" VPOS="1225" HPOS="471"/>
<String CONTENT="June" HEIGHT="39" WIDTH="126" VPOS="1231" HPOS="499"/>
<SP HEIGHT="40" WIDTH="24" VPOS="1230" HPOS="626"/>
<String CONTENT="27," HEIGHT="47" WIDTH="69" VPOS="1230" HPOS="651"/>
<SP HEIGHT="45" WIDTH="28" VPOS="1232" HPOS="721"/>
<String CONTENT="1932;" HEIGHT="46" WIDTH="138" VPOS="1229" HPOS="750"/>
<SP HEIGHT="46" WIDTH="28" VPOS="1229" HPOS="889"/>
<String CONTENT="2c." HEIGHT="41" WIDTH="67" VPOS="1229" HPOS="918"/>
<SP HEIGHT="31" WIDTH="26" VPOS="1239" HPOS="986"/>
<String CONTENT="and" HEIGHT="38" WIDTH="93" VPOS="1230" HPOS="1013"/>
<SP HEIGHT="38" WIDTH="28" VPOS="1230" HPOS="1107"/>
<String CONTENT="aff." HEIGHT="40" WIDTH="81" VPOS="1228" HPOS="1136"/>
<SP HEIGHT="39" WIDTH="27" VPOS="1229" HPOS="1218"/>
<String CONTENT="June" HEIGHT="38" WIDTH="125" VPOS="1229" HPOS="1246"/>
<SP HEIGHT="39" WIDTH="26" VPOS="1228" HPOS="1372"/>
<String CONTENT="28;" HEIGHT="46" WIDTH="82" VPOS="1228" HPOS="1399"/>
<SP HEIGHT="45" WIDTH="29" VPOS="1229" HPOS="1482"/>
<!-- cceid 0AD34D7F-6D7D-1014-B4A5-D7A31D17AB40 --><String CONTENT="A" HEIGHT="38" WIDTH="40" VPOS="1229" HPOS="1512"/>
<SP HEIGHT="39" WIDTH="26" VPOS="1229" HPOS="1553"/>
<String CONTENT="51943;" HEIGHT="47" WIDTH="169" VPOS="1227" HPOS="1580"/>
<SP HEIGHT="44" WIDTH="31" VPOS="1230" HPOS="1750"/>
<String CONTENT="Matthew" HEIGHT="40" WIDTH="234" VPOS="1228" HPOS="1782"/>
<SP HEIGHT="37" WIDTH="27" VPOS="1230" HPOS="2017"/>
<String CONTENT="Bender" HEIGHT="38" WIDTH="188" VPOS="1230" HPOS="2045"/>
<SP HEIGHT="40" WIDTH="28" VPOS="1229" HPOS="2234"/>
<String CONTENT="&amp;" HEIGHT="40" WIDTH="34" VPOS="1229" HPOS="2263"/>
<SP HEIGHT="40" WIDTH="26" VPOS="1229" HPOS="2298"/>
<String LANG="ru" CONTENT="co.," HEIGHT="39" WIDTH="83" VPOS="1237" HPOS="2325"/>
</TextLine>
<TextLine HEIGHT="49" WIDTH="498" VPOS="1286" HPOS="487">
<String LANG="fr" CONTENT="inc.," HEIGHT="47" WIDTH="104" VPOS="1288" HPOS="487"/>
<SP HEIGHT="48" WIDTH="25" VPOS="1287" HPOS="592"/>
<String LANG="en-US" CONTENT="Albany," HEIGHT="46" WIDTH="203" VPOS="1287" HPOS="618"/>
<SP HEIGHT="47" WIDTH="25" VPOS="1286" HPOS="822"/>
<String LANG="en-US" CONTENT="N." HEIGHT="40" WIDTH="56" VPOS="1286" HPOS="848"/>
<SP HEIGHT="40" WIDTH="27" VPOS="1286" HPOS="905"/>
<String LANG="fr" CONTENT="Y." HEIGHT="38" WIDTH="52" VPOS="1286" HPOS="933"/>
</TextLine>
<TextLine HEIGHT="66" WIDTH="700" VPOS="1390" HPOS="413" STYLEREFS="StyleId-BE6C9115-9721-4440-A918-54282A462041-">
<String CONTENT="Wittig," HEIGHT="66" WIDTH="231" VPOS="1390" HPOS="413"/>
<SP HEIGHT="65" WIDTH="25" VPOS="1391" HPOS="645"/>
<String CONTENT="Joseph," HEIGHT="64" WIDTH="239" VPOS="1391" HPOS="671"/>
<SP HEIGHT="59" WIDTH="32" VPOS="1396" HPOS="911"/>
<String CONTENT="1879-" HEIGHT="55" WIDTH="169" VPOS="1390" HPOS="944"/>
</TextLine>
<TextLine HEIGHT="69" WIDTH="1926" VPOS="1465" HPOS="481" STYLEREFS="StyleId-DCC3670E-E812-4A30-B079-A17A9E9EF827-">
<String CONTENT="Aussichten" HEIGHT="53" WIDTH="343" VPOS="1467" HPOS="481"/>
<SP HEIGHT="34" WIDTH="27" VPOS="1485" HPOS="825"/>
<String LANG="de" CONTENT="und" HEIGHT="51" WIDTH="118" VPOS="1468" HPOS="853"/>
<SP HEIGHT="51" WIDTH="28" VPOS="1468" HPOS="972"/>
<String CONTENT="wege," HEIGHT="50" WIDTH="170" VPOS="1484" HPOS="1001"/>
<SP HEIGHT="49" WIDTH="28" VPOS="1485" HPOS="1172"/>
<String CONTENT="von" HEIGHT="33" WIDTH="110" VPOS="1485" HPOS="1201"/>
<SP HEIGHT="53" WIDTH="28" VPOS="1466" HPOS="1312"/>
<String CONTENT="Joseph" HEIGHT="68" WIDTH="215" VPOS="1466" HPOS="1341"/>
<SP HEIGHT="54" WIDTH="28" VPOS="1466" HPOS="1557"/>
<String CONTENT="Wittig." HEIGHT="69" WIDTH="228" VPOS="1465" HPOS="1586"/>
<SP HEIGHT="55" WIDTH="67" VPOS="1465" HPOS="1815"/>
<String CONTENT="Gotha," HEIGHT="69" WIDTH="208" VPOS="1465" HPOS="1883"/>
<SP HEIGHT="68" WIDTH="27" VPOS="1466" HPOS="2092"/>
<String CONTENT="L." HEIGHT="52" WIDTH="64" VPOS="1466" HPOS="2120"/>
<SP HEIGHT="51" WIDTH="30" VPOS="1468" HPOS="2185"/>
<String LANG="de" CONTENT="Klotz," HEIGHT="68" WIDTH="191" VPOS="1466" HPOS="2216"/>
</TextLine>
<TextLine HEIGHT="49" WIDTH="149" VPOS="1549" HPOS="414" STYLEREFS="StyleId-DCC3670E-E812-4A30-B079-A17A9E9EF827-">
<String CONTENT="1930." HEIGHT="49" WIDTH="149" VPOS="1549" HPOS="414"/>
</TextLine>
<TextLine HEIGHT="51" WIDTH="580" VPOS="1618" HPOS="483" CS="1">
<String CONTENT="vii," HEIGHT="47" WIDTH="79" VPOS="1619" HPOS="483"/>
<SP HEIGHT="47" WIDTH="30" VPOS="1619" HPOS="563"/>
<String CONTENT="305," HEIGHT="48" WIDTH="98" VPOS="1619" HPOS="594"/>
<SP HEIGHT="31" WIDTH="33" VPOS="1638" HPOS="693"/>
<String CONTENT="[1]" HEIGHT="50" WIDTH="55" VPOS="1619" HPOS="727"/>
<SP HEIGHT="38" WIDTH="31" VPOS="1630" HPOS="783"/>
<String CONTENT="p." HEIGHT="37" WIDTH="42" VPOS="1630" HPOS="815"/>
<SP HEIGHT="41" WIDTH="58" VPOS="1618" HPOS="858"/>
<String CS="1" CONTENT="20&#189;&#7580;&#7504;." HEIGHT="41" WIDTH="146" VPOS="1618" HPOS="917"/>
</TextLine>
<TextLine HEIGHT="51" WIDTH="989" VPOS="1672" HPOS="484" LANG="de">
<String CONTENT="&#8220;Der" HEIGHT="39" WIDTH="126" VPOS="1677" HPOS="484"/>
<SP HEIGHT="37" WIDTH="25" VPOS="1686" HPOS="611"/>
<String CONTENT="gesamtausgabe" HEIGHT="48" WIDTH="401" VPOS="1675" HPOS="637"/>
<SP HEIGHT="29" WIDTH="24" VPOS="1685" HPOS="1039"/>
<String CONTENT="sechstes" HEIGHT="41" WIDTH="214" VPOS="1673" HPOS="1064"/>
<SP HEIGHT="40" WIDTH="25" VPOS="1674" HPOS="1279"/>
<String CONTENT="buch.&#8221;" HEIGHT="42" WIDTH="168" VPOS="1672" HPOS="1305"/>
</TextLine>
<TextLine HEIGHT="50" WIDTH="1582" VPOS="1728" HPOS="823" CS="1">
<String LANG="en-US" CS="1" CONTENT="CONTENTS.&#8212;"/>
<String LANG="de" CONTENT="Meine" HEIGHT="40" WIDTH="157" VPOS="1731" HPOS="823"/>
<SP HEIGHT="40" WIDTH="33" VPOS="1731" HPOS="981"/>
<String LANG="en-US" CONTENT="Neusorger" HEIGHT="47" WIDTH="274" VPOS="1731" HPOS="1015"/>
<SP HEIGHT="29" WIDTH="31" VPOS="1740" HPOS="1290"/>
<String LANG="en-US" CONTENT="aussichten.&#8212;" HEIGHT="41" WIDTH="356" VPOS="1728" HPOS="1322"/>
<String LANG="de" CONTENT="Leben" HEIGHT="40" WIDTH="156" VPOS="1729" HPOS="1680"/>
<SP HEIGHT="29" WIDTH="34" VPOS="1740" HPOS="1837"/>
<String LANG="de" CONTENT="und" HEIGHT="40" WIDTH="97" VPOS="1729" HPOS="1872"/>
<SP HEIGHT="40" WIDTH="32" VPOS="1729" HPOS="1970"/>
<String LANG="en-US" CONTENT="heimat.&#8212;" HEIGHT="41" WIDTH="258" VPOS="1728" HPOS="2003"/>
<String LANG="de" CONTENT="Wege" HEIGHT="46" WIDTH="139" VPOS="1730" HPOS="2266"/>
</TextLine>
<TextLine HEIGHT="50" WIDTH="1010" VPOS="1787" HPOS="412" LANG="de">
<String CONTENT="zu" HEIGHT="30" WIDTH="58" VPOS="1800" HPOS="412"/>
<SP HEIGHT="40" WIDTH="25" VPOS="1790" HPOS="471"/>
<String CONTENT="den" HEIGHT="39" WIDTH="93" VPOS="1790" HPOS="497"/>
<SP HEIGHT="39" WIDTH="25" VPOS="1789" HPOS="591"/>
<String CONTENT="dingen" HEIGHT="49" WIDTH="176" VPOS="1788" HPOS="617"/>
<SP HEIGHT="29" WIDTH="25" VPOS="1798" HPOS="794"/>
<String CONTENT="und" HEIGHT="40" WIDTH="98" VPOS="1788" HPOS="820"/>
<SP HEIGHT="40" WIDTH="25" VPOS="1788" HPOS="919"/>
<String CONTENT="zu" HEIGHT="29" WIDTH="60" VPOS="1798" HPOS="945"/>
<SP HEIGHT="39" WIDTH="25" VPOS="1788" HPOS="1006"/>
<String CONTENT="den" HEIGHT="39" WIDTH="92" VPOS="1788" HPOS="1032"/>
<SP HEIGHT="29" WIDTH="26" VPOS="1796" HPOS="1125"/>
<String CONTENT="menschen." HEIGHT="39" WIDTH="270" VPOS="1787" HPOS="1152"/>
</TextLine>
<TextLine HEIGHT="53" WIDTH="1990" VPOS="1856" HPOS="418" STYLEREFS="StyleId-5AC8BAD3-D73C-474C-B41B-254822712096-" LANG="de" CS="1">
<String CONTENT="&#169;" HEIGHT="53" WIDTH="51" VPOS="1856" HPOS="418"/>
<SP HEIGHT="53" WIDTH="32" VPOS="1856" HPOS="470"/>
<String CONTENT="Mar." HEIGHT="40" WIDTH="121" VPOS="1861" HPOS="503"/>
<SP HEIGHT="41" WIDTH="30" VPOS="1860" HPOS="625"/>
<String CONTENT="28," HEIGHT="46" WIDTH="68" VPOS="1860" HPOS="656"/>
<SP HEIGHT="45" WIDTH="32" VPOS="1861" HPOS="725"/>
<String CS="1" CONTENT="1931;" HEIGHT="41" WIDTH="111" VPOS="1858" HPOS="758"/>
<SP/>
<String CS="1" CONTENT="1c."/>
<SP/>
<String LANG="en-US" CONTENT="July" HEIGHT="47" WIDTH="116" VPOS="1858" HPOS="1029"/>
<SP HEIGHT="48" WIDTH="29" VPOS="1857" HPOS="1146"/>
<String CS="1" CONTENT="2;" HEIGHT="38" WIDTH="26" VPOS="1857" HPOS="1176"/>
<SP HEIGHT="45" WIDTH="33" VPOS="1859" HPOS="1229"/>
<!-- cceid 0AD3B6F6-6D7D-1014-B4A5-D7A31D17AB40 --><String LANG="en-US" CONTENT="A" HEIGHT="37" WIDTH="41" VPOS="1859" HPOS="1263"/>
<String CONTENT="&#8212;Foreign" HEIGHT="48" WIDTH="268" VPOS="1857" HPOS="1305"/>
<SP HEIGHT="39" WIDTH="31" VPOS="1857" HPOS="1574"/>
<String CS="1" CONTENT="13147;" HEIGHT="40" WIDTH="143" VPOS="1857" HPOS="1606"/>
<SP HEIGHT="47" WIDTH="34" VPOS="1857" HPOS="1775"/>
<String CONTENT="Leopold" HEIGHT="48" WIDTH="209" VPOS="1857" HPOS="1810"/>
<SP HEIGHT="39" WIDTH="30" VPOS="1857" HPOS="2020"/>
<String CONTENT="Klotz" HEIGHT="39" WIDTH="144" VPOS="1858" HPOS="2051"/>
<SP HEIGHT="28" WIDTH="31" VPOS="1868" HPOS="2196"/>
<String CONTENT="verlag." HEIGHT="46" WIDTH="180" VPOS="1857" HPOS="2228"/>
</TextLine>
<TextLine HEIGHT="48" WIDTH="279" VPOS="1917" HPOS="496" STYLEREFS="StyleId-5AC8BAD3-D73C-474C-B41B-254822712096-" LANG="de">
<String CONTENT="(32-14720)" HEIGHT="48" WIDTH="279" VPOS="1917" HPOS="496"/>
</TextLine>
<TextLine HEIGHT="67" WIDTH="934" VPOS="2018" HPOS="410" STYLEREFS="StyleId-A81CF170-B5C4-4E0E-9E7E-A1906EA83678-">
<String LANG="en-US" CONTENT="Wren," HEIGHT="62" WIDTH="195" VPOS="2023" HPOS="410"/>
<SP HEIGHT="63" WIDTH="29" VPOS="2022" HPOS="606"/>
<String LANG="de" CONTENT="Percival" HEIGHT="55" WIDTH="268" VPOS="2020" HPOS="636"/>
<SP HEIGHT="55" WIDTH="31" VPOS="2020" HPOS="905"/>
<String LANG="en-US" CONTENT="Christopher." HEIGHT="65" WIDTH="407" VPOS="2018" HPOS="937"/>
</TextLine>
<TextLine HEIGHT="68" WIDTH="1115" VPOS="2096" HPOS="483" STYLEREFS="StyleId-8AC242D6-1022-40AA-9803-DE97A91DEB81-">
<String CONTENT="Valiant" HEIGHT="53" WIDTH="238" VPOS="2098" HPOS="483"/>
<SP HEIGHT="55" WIDTH="34" VPOS="2096" HPOS="722"/>
<String CONTENT="dust." HEIGHT="54" WIDTH="146" VPOS="2096" HPOS="757"/>
<SP HEIGHT="34" WIDTH="80" VPOS="2130" HPOS="904"/>
<String CONTENT="[Instalments" HEIGHT="67" WIDTH="388" VPOS="2097" HPOS="985"/>
<SP HEIGHT="50" WIDTH="33" VPOS="2099" HPOS="1374"/>
<String CONTENT="22-24]" HEIGHT="64" WIDTH="190" VPOS="2098" HPOS="1408"/>
</TextLine>
<TextLine HEIGHT="54" WIDTH="1275" VPOS="2179" HPOS="495" STYLEREFS="StyleId-5AC8BAD3-D73C-474C-B41B-254822712096-">
<String CONTENT="(In" HEIGHT="47" WIDTH="82" VPOS="2186" HPOS="495"/>
<SP HEIGHT="42" WIDTH="25" VPOS="2182" HPOS="578"/>
<String CONTENT="London" HEIGHT="43" WIDTH="201" VPOS="2181" HPOS="604"/>
<SP HEIGHT="42" WIDTH="25" VPOS="2181" HPOS="806"/>
<String CONTENT="Daily" HEIGHT="53" WIDTH="146" VPOS="2179" HPOS="832"/>
<SP HEIGHT="38" WIDTH="29" VPOS="2194" HPOS="979"/>
<String CONTENT="mail," HEIGHT="51" WIDTH="130" VPOS="2179" HPOS="1009"/>
<SP HEIGHT="50" WIDTH="28" VPOS="2180" HPOS="1140"/>
<String CONTENT="Apr." HEIGHT="51" WIDTH="122" VPOS="2180" HPOS="1169"/>
<SP HEIGHT="41" WIDTH="28" VPOS="2182" HPOS="1292"/>
<String CONTENT="23," HEIGHT="49" WIDTH="71" VPOS="2181" HPOS="1321"/>
<SP HEIGHT="47" WIDTH="28" VPOS="2183" HPOS="1393"/>
<String CONTENT="25," HEIGHT="48" WIDTH="72" VPOS="2182" HPOS="1422"/>
<SP HEIGHT="47" WIDTH="28" VPOS="2183" HPOS="1495"/>
<String CONTENT="26," HEIGHT="47" WIDTH="71" VPOS="2182" HPOS="1524"/>
<SP HEIGHT="48" WIDTH="29" VPOS="2181" HPOS="1596"/>
<String CONTENT="1932)" HEIGHT="49" WIDTH="144" VPOS="2180" HPOS="1626"/>
</TextLine>
<TextLine HEIGHT="51" WIDTH="1986" VPOS="2252" HPOS="418" STYLEREFS="StyleId-5AC8BAD3-D73C-474C-B41B-254822712096-" CS="1">
<String CONTENT="&#169;" HEIGHT="51" WIDTH="51" VPOS="2252" HPOS="418"/>
<SP/>
<String CS="1" CONTENT="1c."/>
<SP/>
<String CONTENT="each" HEIGHT="40" WIDTH="117" VPOS="2255" HPOS="593"/>
<SP HEIGHT="39" WIDTH="27" VPOS="2255" HPOS="711"/>
<String CONTENT="June" HEIGHT="39" WIDTH="126" VPOS="2255" HPOS="739"/>
<SP HEIGHT="40" WIDTH="26" VPOS="2254" HPOS="866"/>
<String CONTENT="22," HEIGHT="47" WIDTH="69" VPOS="2254" HPOS="893"/>
<SP HEIGHT="45" WIDTH="28" VPOS="2256" HPOS="963"/>
<String CS="1" CONTENT="1932;" HEIGHT="41" WIDTH="113" VPOS="2253" HPOS="992"/>
<SP HEIGHT="46" WIDTH="30" VPOS="2254" HPOS="1133"/>
<!-- cceid 0AD420D7-6D7D-1014-B4A5-D7A31D17AB40 --><String CONTENT="A" HEIGHT="38" WIDTH="40" VPOS="2254" HPOS="1164"/>
<SP HEIGHT="38" WIDTH="28" VPOS="2254" HPOS="1205"/>
<String CONTENT="ad" HEIGHT="39" WIDTH="62" VPOS="2254" HPOS="1234"/>
<SP HEIGHT="40" WIDTH="27" VPOS="2253" HPOS="1297"/>
<String CONTENT="int." HEIGHT="41" WIDTH="86" VPOS="2253" HPOS="1325"/>
<SP HEIGHT="39" WIDTH="28" VPOS="2255" HPOS="1412"/>
<String CS="1" CONTENT="16566;" HEIGHT="40" WIDTH="143" VPOS="2253" HPOS="1441"/>
<SP HEIGHT="37" WIDTH="31" VPOS="2264" HPOS="1611"/>
<String CONTENT="pubd." HEIGHT="48" WIDTH="142" VPOS="2253" HPOS="1643"/>
<SP HEIGHT="39" WIDTH="28" VPOS="2254" HPOS="1786"/>
<String CONTENT="Apr." HEIGHT="47" WIDTH="112" VPOS="2254" HPOS="1815"/>
<SP HEIGHT="39" WIDTH="29" VPOS="2253" HPOS="1928"/>
<String CONTENT="23," HEIGHT="48" WIDTH="69" VPOS="2253" HPOS="1958"/>
<SP HEIGHT="47" WIDTH="29" VPOS="2254" HPOS="2028"/>
<String CONTENT="25," HEIGHT="49" WIDTH="69" VPOS="2253" HPOS="2058"/>
<SP HEIGHT="48" WIDTH="29" VPOS="2254" HPOS="2128"/>
<String CS="1" CONTENT="26;" HEIGHT="39" WIDTH="56" VPOS="2254" HPOS="2158"/>
<SP HEIGHT="44" WIDTH="33" VPOS="2255" HPOS="2240"/>
<String LANG="fr" CONTENT="P." HEIGHT="39" WIDTH="48" VPOS="2255" HPOS="2274"/>
<SP HEIGHT="41" WIDTH="32" VPOS="2254" HPOS="2323"/>
<String CONTENT="C." HEIGHT="41" WIDTH="48" VPOS="2254" HPOS="2356"/>
</TextLine>
<TextLine HEIGHT="48" WIDTH="831" VPOS="2311" HPOS="486" STYLEREFS="StyleId-5AC8BAD3-D73C-474C-B41B-254822712096-">
<String CONTENT="Wren," HEIGHT="46" WIDTH="159" VPOS="2313" HPOS="486"/>
<SP HEIGHT="46" WIDTH="27" VPOS="2313" HPOS="646"/>
<String CONTENT="Bournemouth," HEIGHT="46" WIDTH="376" VPOS="2311" HPOS="674"/>
<SP HEIGHT="45" WIDTH="29" VPOS="2312" HPOS="1051"/>
<String CONTENT="England." HEIGHT="47" WIDTH="236" VPOS="2311" HPOS="1081"/>
</TextLine>
<TextLine HEIGHT="67" WIDTH="1118" VPOS="2414" HPOS="478" STYLEREFS="StyleId-8AC242D6-1022-40AA-9803-DE97A91DEB81-">
<String CONTENT="Valiant" HEIGHT="54" WIDTH="239" VPOS="2414" HPOS="478"/>
<SP HEIGHT="52" WIDTH="36" VPOS="2415" HPOS="718"/>
<String CONTENT="dust." HEIGHT="52" WIDTH="146" VPOS="2415" HPOS="755"/>
<SP HEIGHT="34" WIDTH="79" VPOS="2447" HPOS="902"/>
<String CONTENT="[Instalments" HEIGHT="67" WIDTH="389" VPOS="2414" HPOS="982"/>
<SP HEIGHT="51" WIDTH="33" VPOS="2417" HPOS="1372"/>
<String CONTENT="25-28]" HEIGHT="64" WIDTH="190" VPOS="2417" HPOS="1406"/>
</TextLine>
<TextLine HEIGHT="53" WIDTH="1169" VPOS="2498" HPOS="494" STYLEREFS="StyleId-5AC8BAD3-D73C-474C-B41B-254822712096-">
<String CONTENT="(In" HEIGHT="48" WIDTH="83" VPOS="2503" HPOS="494"/>
<SP HEIGHT="42" WIDTH="25" VPOS="2499" HPOS="578"/>
<String CONTENT="London" HEIGHT="42" WIDTH="201" VPOS="2499" HPOS="604"/>
<SP HEIGHT="42" WIDTH="26" VPOS="2499" HPOS="806"/>
<String CONTENT="Daily" HEIGHT="52" WIDTH="146" VPOS="2498" HPOS="833"/>
<SP HEIGHT="37" WIDTH="28" VPOS="2513" HPOS="980"/>
<String CONTENT="mail," HEIGHT="51" WIDTH="131" VPOS="2498" HPOS="1009"/>
<SP HEIGHT="50" WIDTH="30" VPOS="2499" HPOS="1141"/>
<String CONTENT="Apr." HEIGHT="51" WIDTH="121" VPOS="2499" HPOS="1172"/>
<SP HEIGHT="41" WIDTH="28" VPOS="2500" HPOS="1294"/>
<String CONTENT="27-30," HEIGHT="49" WIDTH="164" VPOS="2500" HPOS="1323"/>
<SP HEIGHT="49" WIDTH="32" VPOS="2500" HPOS="1488"/>
<String CONTENT="1932)" HEIGHT="49" WIDTH="142" VPOS="2500" HPOS="1521"/>
</TextLine>
<TextLine HEIGHT="53" WIDTH="1985" VPOS="2569" HPOS="417" STYLEREFS="StyleId-5AC8BAD3-D73C-474C-B41B-254822712096-" CS="1">
<String CONTENT="&#169;" HEIGHT="51" WIDTH="51" VPOS="2569" HPOS="417"/>
<SP/>
<String CS="1" CONTENT="1c."/>
<SP/>
<String CONTENT="each" HEIGHT="38" WIDTH="118" VPOS="2574" HPOS="602"/>
<SP HEIGHT="39" WIDTH="31" VPOS="2573" HPOS="721"/>
<String CONTENT="June" HEIGHT="39" WIDTH="126" VPOS="2573" HPOS="753"/>
<SP HEIGHT="39" WIDTH="29" VPOS="2572" HPOS="880"/>
<String CONTENT="25," HEIGHT="48" WIDTH="69" VPOS="2572" HPOS="910"/>
<SP HEIGHT="45" WIDTH="33" VPOS="2575" HPOS="980"/>
<String CONTENT="1932;" HEIGHT="48" WIDTH="140" VPOS="2571" HPOS="1014"/>
<SP HEIGHT="46" WIDTH="35" VPOS="2573" HPOS="1155"/>
<!-- cceid 0AD49542-6D7D-1014-B4A5-D7A31D17AB40 --><String CONTENT="A" HEIGHT="38" WIDTH="40" VPOS="2573" HPOS="1191"/>
<SP HEIGHT="39" WIDTH="32" VPOS="2573" HPOS="1232"/>
<String CONTENT="ad" HEIGHT="38" WIDTH="60" VPOS="2574" HPOS="1265"/>
<SP HEIGHT="40" WIDTH="31" VPOS="2572" HPOS="1326"/>
<String CONTENT="int." HEIGHT="41" WIDTH="87" VPOS="2572" HPOS="1358"/>
<SP HEIGHT="39" WIDTH="31" VPOS="2574" HPOS="1446"/>
<String CONTENT="16579;" HEIGHT="48" WIDTH="170" VPOS="2572" HPOS="1478"/>
<SP HEIGHT="38" WIDTH="34" VPOS="2583" HPOS="1649"/>
<String CONTENT="pubd." HEIGHT="48" WIDTH="142" VPOS="2573" HPOS="1684"/>
<SP HEIGHT="41" WIDTH="31" VPOS="2573" HPOS="1827"/>
<String CONTENT="Apr." HEIGHT="48" WIDTH="114" VPOS="2573" HPOS="1859"/>
<SP HEIGHT="38" WIDTH="32" VPOS="2574" HPOS="1974"/>
<String CONTENT="27," HEIGHT="47" WIDTH="69" VPOS="2574" HPOS="2007"/>
<SP HEIGHT="48" WIDTH="33" VPOS="2573" HPOS="2077"/>
<String CONTENT="28," HEIGHT="49" WIDTH="69" VPOS="2573" HPOS="2111"/>
<SP HEIGHT="49" WIDTH="33" VPOS="2573" HPOS="2181"/>
<String CONTENT="29," HEIGHT="48" WIDTH="69" VPOS="2573" HPOS="2215"/>
<SP HEIGHT="47" WIDTH="33" VPOS="2574" HPOS="2285"/>
<String CONTENT="30;" HEIGHT="47" WIDTH="83" VPOS="2573" HPOS="2319"/>
</TextLine>
<TextLine HEIGHT="49" WIDTH="990" VPOS="2629" HPOS="485" STYLEREFS="StyleId-5AC8BAD3-D73C-474C-B41B-254822712096-">
<String LANG="fr" CONTENT="P." HEIGHT="39" WIDTH="49" VPOS="2631" HPOS="485"/>
<SP HEIGHT="41" WIDTH="29" VPOS="2629" HPOS="535"/>
<String CONTENT="C." HEIGHT="41" WIDTH="47" VPOS="2629" HPOS="565"/>
<SP HEIGHT="39" WIDTH="28" VPOS="2631" HPOS="613"/>
<String CONTENT="Wren," HEIGHT="46" WIDTH="159" VPOS="2631" HPOS="642"/>
<SP HEIGHT="47" WIDTH="29" VPOS="2630" HPOS="802"/>
<String CONTENT="Bournemouth," HEIGHT="48" WIDTH="377" VPOS="2630" HPOS="832"/>
<SP HEIGHT="48" WIDTH="29" VPOS="2630" HPOS="1210"/>
<String CONTENT="England." HEIGHT="48" WIDTH="235" VPOS="2629" HPOS="1240"/>
</TextLine>
<TextLine HEIGHT="67" WIDTH="589" VPOS="2731" HPOS="412" STYLEREFS="StyleId-BE6C9115-9721-4440-A918-54282A462041-">
<String CONTENT="Wyckoff," HEIGHT="67" WIDTH="288" VPOS="2731" HPOS="412"/>
<SP HEIGHT="64" WIDTH="29" VPOS="2734" HPOS="701"/>
<String CONTENT="Capwell." HEIGHT="65" WIDTH="270" VPOS="2732" HPOS="731"/>
</TextLine>
<TextLine HEIGHT="71" WIDTH="1920" VPOS="2808" HPOS="481" STYLEREFS="StyleId-DCC3670E-E812-4A30-B079-A17A9E9EF827-" CS="1">
<String CONTENT="The" HEIGHT="52" WIDTH="121" VPOS="2809" HPOS="481"/>
<SP HEIGHT="34" WIDTH="25" VPOS="2827" HPOS="603"/>
<String CONTENT="mystery" HEIGHT="63" WIDTH="253" VPOS="2814" HPOS="629"/>
<SP HEIGHT="50" WIDTH="26" VPOS="2827" HPOS="883"/>
<String CONTENT="of" HEIGHT="54" WIDTH="64" VPOS="2808" HPOS="910"/>
<SP HEIGHT="56" WIDTH="26" VPOS="2808" HPOS="975"/>
<String CONTENT="Gaither" HEIGHT="56" WIDTH="242" VPOS="2808" HPOS="1002"/>
<SP HEIGHT="35" WIDTH="25" VPOS="2827" HPOS="1245"/>
<String CONTENT="cove," HEIGHT="50" WIDTH="150" VPOS="2827" HPOS="1271"/>
<SP HEIGHT="68" WIDTH="25" VPOS="2809" HPOS="1422"/>
<String CONTENT="by" HEIGHT="70" WIDTH="76" VPOS="2809" HPOS="1448"/>
<SP HEIGHT="70" WIDTH="28" VPOS="2809" HPOS="1525"/>
<String CONTENT="Capwell" HEIGHT="69" WIDTH="255" VPOS="2809" HPOS="1554"/>
<SP HEIGHT="54" WIDTH="27" VPOS="2811" HPOS="1810"/>
<String CONTENT="Wyckoff" HEIGHT="70" WIDTH="267" VPOS="2809" HPOS="1838"/>
<SP HEIGHT="55" WIDTH="30" VPOS="2809" HPOS="2106"/>
<String CS="1" CONTENT="&#8230;"/>
<SP HEIGHT="53" WIDTH="68" VPOS="2811" HPOS="2194"/>
<String CONTENT="New" HEIGHT="53" WIDTH="138" VPOS="2811" HPOS="2263"/>
</TextLine>
<TextLine HEIGHT="70" WIDTH="1423" VPOS="2886" HPOS="418" STYLEREFS="StyleId-DCC3670E-E812-4A30-B079-A17A9E9EF827-" CS="1">
<String CONTENT="York," HEIGHT="68" WIDTH="173" VPOS="2886" HPOS="418"/>
<SP HEIGHT="68" WIDTH="36" VPOS="2886" HPOS="592"/>
<String CONTENT="Chicago," HEIGHT="69" WIDTH="268" VPOS="2886" HPOS="629"/>
<SP HEIGHT="67" WIDTH="36" VPOS="2887" HPOS="898"/>
<String CONTENT="A." HEIGHT="52" WIDTH="69" VPOS="2887" HPOS="935"/>
<SP HEIGHT="52" WIDTH="36" VPOS="2887" HPOS="1005"/>
<String CONTENT="L." HEIGHT="52" WIDTH="63" VPOS="2887" HPOS="1042"/>
<SP HEIGHT="51" WIDTH="38" VPOS="2888" HPOS="1106"/>
<String CONTENT="Burt" HEIGHT="51" WIDTH="148" VPOS="2888" HPOS="1145"/>
<SP HEIGHT="48" WIDTH="33" VPOS="2892" HPOS="1294"/>
<String CONTENT="company" HEIGHT="51" WIDTH="281" VPOS="2905" HPOS="1328"/>
<SP HEIGHT="50" WIDTH="37" VPOS="2906" HPOS="1610"/>
<String CS="1" CONTENT="[&#7580;1932]" HEIGHT="66" WIDTH="151" VPOS="2890" HPOS="1690"/>
</TextLine>
<TextLine HEIGHT="53" WIDTH="1772" VPOS="2958" HPOS="477" CS="1">
<String CONTENT="253" HEIGHT="41" WIDTH="84" VPOS="2958" HPOS="477"/>
<SP HEIGHT="46" WIDTH="33" VPOS="2960" HPOS="562"/>
<String CONTENT="p." HEIGHT="37" WIDTH="42" VPOS="2969" HPOS="596"/>
<SP HEIGHT="38" WIDTH="61" VPOS="2960" HPOS="639"/>
<String CONTENT="front." HEIGHT="39" WIDTH="147" VPOS="2960" HPOS="701"/>
<SP HEIGHT="38" WIDTH="61" VPOS="2960" HPOS="849"/>
<String CS="1" CONTENT="19&#189;&#7580;&#7504;." HEIGHT="41" WIDTH="145" VPOS="2959" HPOS="911"/>
<SP HEIGHT="29" WIDTH="63" VPOS="2980" HPOS="1057"/>
<String CONTENT="[Mystery" HEIGHT="49" WIDTH="229" VPOS="2960" HPOS="1121"/>
<SP HEIGHT="38" WIDTH="34" VPOS="2970" HPOS="1351"/>
<String CONTENT="and" HEIGHT="39" WIDTH="96" VPOS="2962" HPOS="1386"/>
<SP HEIGHT="39" WIDTH="34" VPOS="2962" HPOS="1483"/>
<String CONTENT="adventure" HEIGHT="38" WIDTH="266" VPOS="2962" HPOS="1518"/>
<SP HEIGHT="30" WIDTH="35" VPOS="2971" HPOS="1785"/>
<String CONTENT="series" HEIGHT="41" WIDTH="150" VPOS="2960" HPOS="1821"/>
<SP HEIGHT="40" WIDTH="33" VPOS="2961" HPOS="1972"/>
<String CONTENT="for" HEIGHT="40" WIDTH="79" VPOS="2961" HPOS="2006"/>
<SP HEIGHT="40" WIDTH="31" VPOS="2961" HPOS="2086"/>
<String CONTENT="boys]" HEIGHT="50" WIDTH="131" VPOS="2961" HPOS="2118"/>
</TextLine>
<TextLine HEIGHT="107" WIDTH="1772" VPOS="3027" HPOS="417" CS="1">
<String CONTENT="&#169;" HEIGHT="51" WIDTH="51" VPOS="3027" HPOS="417"/>
<SP HEIGHT="51" WIDTH="27" VPOS="3027" HPOS="469"/>
<String CONTENT="May" HEIGHT="46" WIDTH="112" VPOS="3032" HPOS="497"/>
<SP HEIGHT="46" WIDTH="26" VPOS="3032" HPOS="610"/>
<String CONTENT="10," HEIGHT="45" WIDTH="67" VPOS="3031" HPOS="637"/>
<SP HEIGHT="44" WIDTH="27" VPOS="3032" HPOS="705"/>
<String CS="1" CONTENT="1932;" HEIGHT="41" WIDTH="111" VPOS="3030" HPOS="733"/>
<SP HEIGHT="46" WIDTH="29" VPOS="3031" HPOS="873"/>
<String CONTENT="2c." HEIGHT="40" WIDTH="64" VPOS="3031" HPOS="903"/>
<SP HEIGHT="29" WIDTH="28" VPOS="3043" HPOS="968"/>
<String CONTENT="and" HEIGHT="39" WIDTH="95" VPOS="3033" HPOS="997"/>
<SP HEIGHT="38" WIDTH="25" VPOS="3033" HPOS="1093"/>
<String CONTENT="aff." HEIGHT="40" WIDTH="82" VPOS="3031" HPOS="1119"/>
<SP HEIGHT="37" WIDTH="27" VPOS="3033" HPOS="1202"/>
<String CONTENT="May" HEIGHT="47" WIDTH="113" VPOS="3033" HPOS="1230"/>
<SP HEIGHT="46" WIDTH="24" VPOS="3034" HPOS="1344"/>
<String CS="1" CONTENT="11;" HEIGHT="37" WIDTH="53" VPOS="3034" HPOS="1369"/>
<SP HEIGHT="39" WIDTH="29" VPOS="3033" HPOS="1451"/>
<!-- cceid 0AD506D2-6D7D-1014-B4A5-D7A31D17AB40 --><String CONTENT="A" HEIGHT="38" WIDTH="40" VPOS="3033" HPOS="1481"/>
<SP HEIGHT="39" WIDTH="26" VPOS="3033" HPOS="1522"/>
<String CS="1" CONTENT="51243;" HEIGHT="40" WIDTH="143" VPOS="3032" HPOS="1549"/>
<SP HEIGHT="46" WIDTH="28" VPOS="3034" HPOS="1721"/>
<String CONTENT="A." HEIGHT="40" WIDTH="55" VPOS="3034" HPOS="1750"/>
<SP HEIGHT="40" WIDTH="26" VPOS="3034" HPOS="1806"/>
<String CONTENT="L." HEIGHT="39" WIDTH="50" VPOS="3034" HPOS="1833"/>
<SP HEIGHT="38" WIDTH="28" VPOS="3035" HPOS="1884"/>
<String CONTENT="Burt" HEIGHT="39" WIDTH="126" VPOS="3035" HPOS="1913"/>
<SP HEIGHT="38" WIDTH="24" VPOS="3036" HPOS="2040"/>
<String LANG="ru" CONTENT="co." HEIGHT="29" WIDTH="67" VPOS="3046" HPOS="2065"/>
<SP/>
<String CONTENT="(32-12201)" HEIGHT="47" WIDTH="278" VPOS="3087" HPOS="495"/>
<SP HEIGHT="46" WIDTH="1415" VPOS="3088" HPOS="774"/>
</TextLine>
<TextLine HEIGHT="68" WIDTH="995" VPOS="3189" HPOS="411" STYLEREFS="StyleId-DCC3670E-E812-4A30-B079-A17A9E9EF827-">
<String CONTENT="Yntema," HEIGHT="65" WIDTH="273" VPOS="3190" HPOS="411"/>
<SP HEIGHT="64" WIDTH="28" VPOS="3191" HPOS="685"/>
<String CONTENT="Theodore" HEIGHT="55" WIDTH="300" VPOS="3189" HPOS="714"/>
<SP HEIGHT="54" WIDTH="28" VPOS="3192" HPOS="1015"/>
<String CONTENT="Otte," HEIGHT="65" WIDTH="159" VPOS="3192" HPOS="1044"/>
<SP HEIGHT="59" WIDTH="31" VPOS="3198" HPOS="1204"/>
<String CONTENT="1900-" HEIGHT="50" WIDTH="170" VPOS="3197" HPOS="1236"/>
</TextLine>
<TextLine HEIGHT="150" WIDTH="1983" VPOS="3268" HPOS="411" STYLEREFS="StyleId-DCC3670E-E812-4A30-B079-A17A9E9EF827-" CS="1">
<String CONTENT="A" HEIGHT="52" WIDTH="55" VPOS="3268" HPOS="480"/>
<SP HEIGHT="52" WIDTH="30" VPOS="3268" HPOS="536"/>
<String CONTENT="mathematical" HEIGHT="52" WIDTH="423" VPOS="3268" HPOS="567"/>
<SP HEIGHT="50" WIDTH="32" VPOS="3269" HPOS="991"/>
<String CONTENT="reformulation" HEIGHT="54" WIDTH="436" VPOS="3269" HPOS="1024"/>
<SP HEIGHT="33" WIDTH="32" VPOS="3290" HPOS="1461"/>
<String CONTENT="of" HEIGHT="52" WIDTH="63" VPOS="3271" HPOS="1494"/>
<SP HEIGHT="52" WIDTH="32" VPOS="3271" HPOS="1558"/>
<String CONTENT="the" HEIGHT="51" WIDTH="94" VPOS="3273" HPOS="1591"/>
<SP HEIGHT="50" WIDTH="31" VPOS="3289" HPOS="1686"/>
<String CONTENT="general" HEIGHT="66" WIDTH="228" VPOS="3273" HPOS="1718"/>
<SP HEIGHT="51" WIDTH="31" VPOS="3273" HPOS="1947"/>
<String CONTENT="theory" HEIGHT="66" WIDTH="200" VPOS="3274" HPOS="1979"/>
<SP HEIGHT="49" WIDTH="32" VPOS="3291" HPOS="2180"/>
<String CONTENT="of" HEIGHT="52" WIDTH="63" VPOS="3273" HPOS="2213"/>
<SP HEIGHT="51" WIDTH="33" VPOS="3273" HPOS="2277"/>
<String CONTENT="international" HEIGHT="124" WIDTH="1960" VPOS="3273" HPOS="411"/>
<SP HEIGHT="53" WIDTH="25" VPOS="3346" HPOS="755"/>
<String CONTENT="trade," HEIGHT="65" WIDTH="178" VPOS="3347" HPOS="781"/>
<SP HEIGHT="65" WIDTH="26" VPOS="3347" HPOS="960"/>
<String CONTENT="by" HEIGHT="66" WIDTH="74" VPOS="3347" HPOS="987"/>
<SP HEIGHT="64" WIDTH="27" VPOS="3349" HPOS="1062"/>
<String CONTENT="Theodore" HEIGHT="52" WIDTH="293" VPOS="3348" HPOS="1090"/>
<SP HEIGHT="54" WIDTH="26" VPOS="3348" HPOS="1384"/>
<String CONTENT="Otte" HEIGHT="54" WIDTH="136" VPOS="3348" HPOS="1411"/>
<SP HEIGHT="51" WIDTH="26" VPOS="3350" HPOS="1548"/>
<String CONTENT="Yntema" HEIGHT="51" WIDTH="246" VPOS="3350" HPOS="1575"/>
<SP HEIGHT="35" WIDTH="34" VPOS="3368" HPOS="1822"/>
<String CS="1" CONTENT="&#8230;"/>
<SP HEIGHT="54" WIDTH="70" VPOS="3350" HPOS="1913"/>
<String CONTENT="Chicago," HEIGHT="68" WIDTH="268" VPOS="3350" HPOS="1984"/>
<SP HEIGHT="64" WIDTH="29" VPOS="3352" HPOS="2253"/>
<String CONTENT="Ill.," HEIGHT="64" WIDTH="111" VPOS="3351" HPOS="2283"/>
</TextLine>
<TextLine HEIGHT="71" WIDTH="1260" VPOS="3422" HPOS="412" STYLEREFS="StyleId-DCC3670E-E812-4A30-B079-A17A9E9EF827-" CS="1">
<String CONTENT="The" HEIGHT="51" WIDTH="119" VPOS="3423" HPOS="412"/>
<SP HEIGHT="53" WIDTH="26" VPOS="3424" HPOS="532"/>
<String CONTENT="University" HEIGHT="67" WIDTH="335" VPOS="3422" HPOS="559"/>
<SP HEIGHT="48" WIDTH="26" VPOS="3441" HPOS="895"/>
<String CONTENT="of" HEIGHT="53" WIDTH="63" VPOS="3423" HPOS="922"/>
<SP HEIGHT="56" WIDTH="28" VPOS="3423" HPOS="986"/>
<String CONTENT="Chicago" HEIGHT="67" WIDTH="249" VPOS="3424" HPOS="1015"/>
<SP HEIGHT="50" WIDTH="26" VPOS="3442" HPOS="1265"/>
<String CONTENT="press" HEIGHT="50" WIDTH="156" VPOS="3442" HPOS="1292"/>
<SP HEIGHT="47" WIDTH="31" VPOS="3445" HPOS="1449"/>
<String CS="1" CONTENT="[&#7580;1932]" HEIGHT="63" WIDTH="150" VPOS="3430" HPOS="1522"/>
</TextLine>
<TextLine HEIGHT="105" WIDTH="1967" VPOS="3506" HPOS="410" CS="1">
<String CONTENT="xii," HEIGHT="46" WIDTH="84" VPOS="3506" HPOS="480"/>
<SP HEIGHT="45" WIDTH="23" VPOS="3507" HPOS="565"/>
<String CONTENT="120" HEIGHT="40" WIDTH="86" VPOS="3507" HPOS="589"/>
<SP HEIGHT="47" WIDTH="21" VPOS="3507" HPOS="676"/>
<String CONTENT="p." HEIGHT="36" WIDTH="42" VPOS="3518" HPOS="698"/>
<SP HEIGHT="38" WIDTH="59" VPOS="3508" HPOS="741"/>
<String CONTENT="diagrs." HEIGHT="48" WIDTH="176" VPOS="3507" HPOS="801"/>
<SP HEIGHT="39" WIDTH="60" VPOS="3508" HPOS="978"/>
<String CS="1" CONTENT="21&#7580;&#7504;." HEIGHT="41" WIDTH="116" VPOS="3508" HPOS="1039"/>
<SP HEIGHT="48" WIDTH="68" VPOS="3509" HPOS="1156"/>
<String CONTENT="(Half-title:" HEIGHT="49" WIDTH="299" VPOS="3509" HPOS="1225"/>
<SP HEIGHT="39" WIDTH="19" VPOS="3512" HPOS="1525"/>
<String CONTENT="Materials" HEIGHT="41" WIDTH="254" VPOS="3511" HPOS="1545"/>
<SP HEIGHT="40" WIDTH="20" VPOS="3512" HPOS="1800"/>
<String CONTENT="for" HEIGHT="40" WIDTH="79" VPOS="3512" HPOS="1821"/>
<SP HEIGHT="37" WIDTH="21" VPOS="3514" HPOS="1901"/>
<String CONTENT="the" HEIGHT="39" WIDTH="80" VPOS="3512" HPOS="1923"/>
<SP HEIGHT="29" WIDTH="21" VPOS="3522" HPOS="2004"/>
<String CONTENT="study" HEIGHT="46" WIDTH="145" VPOS="3513" HPOS="2026"/>
<SP HEIGHT="36" WIDTH="21" VPOS="3523" HPOS="2172"/>
<String CONTENT="of" HEIGHT="39" WIDTH="51" VPOS="3512" HPOS="2194"/>
<SP HEIGHT="41" WIDTH="24" VPOS="3512" HPOS="2246"/>
<String CONTENT="business)" HEIGHT="98" WIDTH="1967" VPOS="3513" HPOS="410"/>
</TextLine>
<TextLine HEIGHT="54" WIDTH="1909" VPOS="3619" HPOS="484">
<String CONTENT="&#8220;Originally" HEIGHT="48" WIDTH="299" VPOS="3619" HPOS="484"/>
<SP HEIGHT="36" WIDTH="36" VPOS="3631" HPOS="784"/>
<String CONTENT="submitted" HEIGHT="41" WIDTH="260" VPOS="3620" HPOS="821"/>
<SP HEIGHT="39" WIDTH="38" VPOS="3622" HPOS="1082"/>
<String CONTENT="in" HEIGHT="39" WIDTH="48" VPOS="3622" HPOS="1121"/>
<SP HEIGHT="37" WIDTH="36" VPOS="3633" HPOS="1170"/>
<String CONTENT="partial" HEIGHT="47" WIDTH="181" VPOS="3623" HPOS="1207"/>
<SP HEIGHT="39" WIDTH="35" VPOS="3623" HPOS="1389"/>
<String CONTENT="fulfilment" HEIGHT="41" WIDTH="263" VPOS="3623" HPOS="1425"/>
<SP HEIGHT="39" WIDTH="35" VPOS="3626" HPOS="1689"/>
<String CONTENT="of" HEIGHT="41" WIDTH="51" VPOS="3624" HPOS="1725"/>
<SP HEIGHT="41" WIDTH="34" VPOS="3624" HPOS="1777"/>
<String CONTENT="the" HEIGHT="39" WIDTH="81" VPOS="3626" HPOS="1812"/>
<SP HEIGHT="29" WIDTH="36" VPOS="3636" HPOS="1894"/>
<String CONTENT="requirements" HEIGHT="48" WIDTH="348" VPOS="3625" HPOS="1931"/>
<SP HEIGHT="40" WIDTH="34" VPOS="3626" HPOS="2280"/>
<String CONTENT="for" HEIGHT="40" WIDTH="78" VPOS="3626" HPOS="2315"/>
</TextLine>
<TextLine HEIGHT="54" WIDTH="1981" VPOS="3676" HPOS="413">
<String CONTENT="the" HEIGHT="37" WIDTH="81" VPOS="3676" HPOS="413"/>
<SP HEIGHT="38" WIDTH="31" VPOS="3676" HPOS="495"/>
<String CONTENT="doctorate" HEIGHT="40" WIDTH="249" VPOS="3676" HPOS="527"/>
<SP HEIGHT="39" WIDTH="34" VPOS="3677" HPOS="777"/>
<String CONTENT="in" HEIGHT="38" WIDTH="49" VPOS="3677" HPOS="812"/>
<SP HEIGHT="36" WIDTH="37" VPOS="3680" HPOS="862"/>
<String CONTENT="the" HEIGHT="38" WIDTH="80" VPOS="3678" HPOS="900"/>
<SP HEIGHT="38" WIDTH="33" VPOS="3679" HPOS="981"/>
<String CONTENT="University" HEIGHT="47" WIDTH="279" VPOS="3678" HPOS="1015"/>
<SP HEIGHT="35" WIDTH="33" VPOS="3690" HPOS="1295"/>
<String CONTENT="of" HEIGHT="38" WIDTH="50" VPOS="3680" HPOS="1329"/>
<SP HEIGHT="41" WIDTH="33" VPOS="3678" HPOS="1380"/>
<String CONTENT="Chicago," HEIGHT="49" WIDTH="222" VPOS="3678" HPOS="1414"/>
<SP HEIGHT="45" WIDTH="32" VPOS="3682" HPOS="1637"/>
<String CONTENT="August," HEIGHT="46" WIDTH="203" VPOS="3682" HPOS="1670"/>
<SP HEIGHT="45" WIDTH="31" VPOS="3683" HPOS="1874"/>
<String CONTENT="1929." HEIGHT="41" WIDTH="127" VPOS="3681" HPOS="1906"/>
<SP HEIGHT="38" WIDTH="63" VPOS="3684" HPOS="2034"/>
<String CONTENT="Except" HEIGHT="46" WIDTH="182" VPOS="3684" HPOS="2098"/>
<SP HEIGHT="38" WIDTH="33" VPOS="3683" HPOS="2281"/>
<String CONTENT="for" HEIGHT="39" WIDTH="79" VPOS="3683" HPOS="2315"/>
</TextLine>
<TextLine HEIGHT="54" WIDTH="1978" VPOS="3730" HPOS="413">
<String CONTENT="the" HEIGHT="39" WIDTH="81" VPOS="3731" HPOS="413"/>
<SP HEIGHT="30" WIDTH="25" VPOS="3741" HPOS="495"/>
<String CONTENT="addition" HEIGHT="42" WIDTH="219" VPOS="3730" HPOS="521"/>
<SP HEIGHT="29" WIDTH="26" VPOS="3743" HPOS="741"/>
<String CONTENT="of" HEIGHT="40" WIDTH="51" VPOS="3732" HPOS="768"/>
<SP HEIGHT="40" WIDTH="24" VPOS="3732" HPOS="820"/>
<String CONTENT="section" HEIGHT="39" WIDTH="180" VPOS="3733" HPOS="845"/>
<SP HEIGHT="38" WIDTH="25" VPOS="3734" HPOS="1026"/>
<String CONTENT="4" HEIGHT="38" WIDTH="27" VPOS="3734" HPOS="1052"/>
<SP HEIGHT="39" WIDTH="25" VPOS="3733" HPOS="1080"/>
<String CONTENT="in" HEIGHT="40" WIDTH="51" VPOS="3733" HPOS="1106"/>
<SP HEIGHT="28" WIDTH="24" VPOS="3745" HPOS="1158"/>
<String CONTENT="chapter" HEIGHT="46" WIDTH="199" VPOS="3735" HPOS="1183"/>
<SP HEIGHT="28" WIDTH="24" VPOS="3746" HPOS="1383"/>
<String CONTENT="v," HEIGHT="36" WIDTH="38" VPOS="3746" HPOS="1408"/>
<SP HEIGHT="36" WIDTH="29" VPOS="3746" HPOS="1447"/>
<String CONTENT="no" HEIGHT="29" WIDTH="59" VPOS="3746" HPOS="1477"/>
<SP HEIGHT="39" WIDTH="26" VPOS="3736" HPOS="1537"/>
<String CONTENT="important" HEIGHT="48" WIDTH="266" VPOS="3736" HPOS="1564"/>
<SP HEIGHT="37" WIDTH="27" VPOS="3740" HPOS="1831"/>
<String CONTENT="revisions" HEIGHT="41" WIDTH="236" VPOS="3737" HPOS="1859"/>
<SP HEIGHT="39" WIDTH="28" VPOS="3739" HPOS="2096"/>
<String CONTENT="have" HEIGHT="39" WIDTH="121" VPOS="3739" HPOS="2125"/>
<SP HEIGHT="39" WIDTH="27" VPOS="3739" HPOS="2247"/>
<String CONTENT="been" HEIGHT="40" WIDTH="116" VPOS="3739" HPOS="2275"/>
</TextLine>
<TextLine HEIGHT="48" WIDTH="981" VPOS="3788" HPOS="412">
<String CONTENT="made" HEIGHT="39" WIDTH="140" VPOS="3788" HPOS="412"/>
<SP HEIGHT="39" WIDTH="25" VPOS="3788" HPOS="553"/>
<String CONTENT="in" HEIGHT="39" WIDTH="49" VPOS="3788" HPOS="579"/>
<SP HEIGHT="37" WIDTH="28" VPOS="3791" HPOS="629"/>
<String CONTENT="the" HEIGHT="39" WIDTH="81" VPOS="3789" HPOS="658"/>
<SP HEIGHT="29" WIDTH="26" VPOS="3799" HPOS="740"/>
<String CONTENT="original" HEIGHT="48" WIDTH="206" VPOS="3788" HPOS="767"/>
<SP HEIGHT="38" WIDTH="29" VPOS="3791" HPOS="974"/>
<String CONTENT="thesis.&#8221;&#8212;Pref." HEIGHT="41" WIDTH="389" VPOS="3790" HPOS="1004"/>
</TextLine>
<TextLine HEIGHT="51" WIDTH="687" VPOS="3842" HPOS="482" CS="1">
<String CS="1" CONTENT="Bibliography:" HEIGHT="51" WIDTH="348" VPOS="3842" HPOS="482"/>
<SP HEIGHT="37" WIDTH="26" VPOS="3856" HPOS="857"/>
<String CONTENT="p." HEIGHT="37" WIDTH="43" VPOS="3856" HPOS="884"/>
<SP HEIGHT="40" WIDTH="24" VPOS="3846" HPOS="928"/>
<String CONTENT="114-115." HEIGHT="41" WIDTH="216" VPOS="3846" HPOS="953"/>
</TextLine>
<TextLine HEIGHT="111" WIDTH="1963" VPOS="3909" HPOS="416" CS="1">
<String CONTENT="&#169;" HEIGHT="51" WIDTH="51" VPOS="3909" HPOS="416"/>
<SP HEIGHT="51" WIDTH="33" VPOS="3909" HPOS="468"/>
<String CONTENT="Mar." HEIGHT="39" WIDTH="119" VPOS="3915" HPOS="502"/>
<SP HEIGHT="39" WIDTH="31" VPOS="3916" HPOS="622"/>
<String CONTENT="31," HEIGHT="46" WIDTH="69" VPOS="3916" HPOS="654"/>
<SP HEIGHT="46" WIDTH="31" VPOS="3916" HPOS="724"/>
<String CS="1" CONTENT="1932;" HEIGHT="41" WIDTH="112" VPOS="3915" HPOS="756"/>
<SP HEIGHT="46" WIDTH="31" VPOS="3917" HPOS="896"/>
<String CONTENT="2c." HEIGHT="41" WIDTH="67" VPOS="3917" HPOS="928"/>
<SP HEIGHT="39" WIDTH="32" VPOS="3919" HPOS="996"/>
<String CONTENT="May" HEIGHT="47" WIDTH="113" VPOS="3919" HPOS="1029"/>
<SP HEIGHT="46" WIDTH="29" VPOS="3920" HPOS="1143"/>
<String CS="1" CONTENT="3;" HEIGHT="39" WIDTH="25" VPOS="3920" HPOS="1173"/>
<SP HEIGHT="35" WIDTH="35" VPOS="3929" HPOS="1227"/>
<String CONTENT="aff." HEIGHT="41" WIDTH="80" VPOS="3918" HPOS="1263"/>
<SP HEIGHT="39" WIDTH="34" VPOS="3920" HPOS="1344"/>
<String CONTENT="May" HEIGHT="47" WIDTH="112" VPOS="3920" HPOS="1379"/>
<SP HEIGHT="47" WIDTH="30" VPOS="3920" HPOS="1492"/>
<String CS="1" CONTENT="2;" HEIGHT="39" WIDTH="26" VPOS="3920" HPOS="1523"/>
<SP HEIGHT="46" WIDTH="34" VPOS="3921" HPOS="1577"/>
<!-- cceid 0AD56ED0-6D7D-1014-B4A5-D7A31D17AB40 --><String CONTENT="A" HEIGHT="39" WIDTH="40" VPOS="3921" HPOS="1612"/>
<SP HEIGHT="39" WIDTH="30" VPOS="3921" HPOS="1653"/>
<String CS="1" CONTENT="49798;" HEIGHT="42" WIDTH="145" VPOS="3921" HPOS="1684"/>
<SP HEIGHT="46" WIDTH="36" VPOS="3923" HPOS="1855"/>
<String CONTENT="University" HEIGHT="48" WIDTH="279" VPOS="3922" HPOS="1892"/>
<SP HEIGHT="36" WIDTH="33" VPOS="3934" HPOS="2172"/>
<String CONTENT="of" HEIGHT="41" WIDTH="49" VPOS="3922" HPOS="2206"/>
<SP HEIGHT="43" WIDTH="34" VPOS="3922" HPOS="2256"/>
<String CONTENT="Chicago," HEIGHT="96" WIDTH="1895" VPOS="3923" HPOS="484"/>
<SP HEIGHT="47" WIDTH="30" VPOS="3971" HPOS="614"/>
<String CONTENT="Chicago." HEIGHT="49" WIDTH="221" VPOS="3971" HPOS="645"/>
<SP HEIGHT="47" WIDTH="68" VPOS="3973" HPOS="867"/>
<String CONTENT="(32-14320)" HEIGHT="47" WIDTH="279" VPOS="3973" HPOS="936"/>
</TextLine>
</TextBlock>
</PrintSpace>
</Page>
</Layout>
</alto>