2563 4368
1109 4033 102 49 249

154 434 213 65 Keller,
398 434 221 53 Harold
655 434 66 55 E.

152 503 1972 135 History of Pennsylvania, by Rev. Harold E. Keller … foreword
330 581 1816 73 by Frederic A. Godcharles … New York, W. H. Sadlier,
151 663 105 54 inc.
294 698 13 33 [
335 666 130 48 ᶜ1931
473 697 12 33 ]

218 732 1013 49 2 p. l. , iii-vii, [1], 199 p. illus. 20 ᶜᵐ .
219 790 213 40 Written
460 789 127 40 from
620 790 81 39 the
731 788 222 42 Catholic
982 788 276 48 viewpoint.

156 860 51 51 ©
238 866 112 45 May
377 864 67 47 15,
473 862 112 41 1931;
644 862 65 41 2c.
738 863 95 39 and
861 860 83 41 aff.
973 863 120 38 Mar.
1123 862 38 47 1,
1191 860 113 41 1932;
1363 861 41 39 A
1428 859 144 42 47911;
1631 861 71 40 W.
1733 861 59 38 H.
1826 860 203 47 Sadlier,
2058 859 90 40 inc.

234 920 249 48 (32-5713)

156 1036 237 64 Kidder,
419 1035 211 55 Alfred
714 1035 216 64 Vincent,
962 1040 170 50 1885-

285 1108 1863 70 … The artifacts of Pecos, by Alfred Vincent Kidder. New
157 1189 217 68 Haven,
396 1188 141 53 Pub.
563 1188 92 52 for
679 1187 250 69 Phillips
952 1188 267 68 academy
1243 1187 75 69 by
1339 1187 95 54 the
1459 1186 144 54 Yale

1624 1186 316 68 university
1964 1203 183 50 press;

156 1267 250 66 London,
435 1266 74 51 H.
540 1265 264 65 Milford,
834 1264 227 53 Oxford
1089 1265 316 67 university
1436 1282 172 50 press,
1641 1266 145 51 1932.

221 1336 97 48 xvi,
354 1337 86 40 314
474 1347 43 38 p.
553 1336 110 41 incl.
700 1336 142 47 illus.,
880 1337 170 48 plates.
1115 1337 117 41 28ᶜᵐ.
1308 1338 300 49 (Half-title:
1647 1336 221 50 [Phillips
1905 1336 244 48 academy,

156 1394 232 47 Andover,
414 1394 146 39 Mass.
612 1394 126 46 Dept.
775 1393 51 40 of
849 1394 335 48 archaeology]
1238 1394 183 47 Papers
1443 1394 54 39 of
1516 1395 82 39 the

1624 1391 365 43 Southwestern
153 1402 1981 89 expedition.
379 1460 75 31 no.
484 1449 50 47 6)

224 1506 63 41 At
312 1507 125 40 head
464 1506 51 41 of
541 1506 108 40 title:
706 1507 180 39 Robert
914 1506 44 40 S.
987 1505 222 48 Peabody
1237 1505 293 41 foundation
1555 1506 80 39 for
1661 1506 334 45 archaeology.
156 1504 1975 107 Phillips

283 1564 247 46 academy,
571 1563 236 43 Andover,
851 1563 398 47 Massachusetts,
1290 1562 118 40 with
1450 1561 328 49 co-operation
1816 1563 59 47 by
1916 1560 235 50 Carnegie

155 1620 280 40 institution
462 1619 53 40 of
545 1618 332 47 Washington.

223 1676 347 48 Bibliography:
631 1686 43 38 p.
709 1675 247 50 [310]-314.

161 1746 1992 52 © Feb. 12. 1932; 2c. Feb. 23; aff. Feb. 25; A 47820;. Yale univ. press,
227 1808 117 39 New
376 1808 183 38 Haven.
631 1805 250 49 (32-5716)

157 1911 342 65 Kirschner,
526 1911 164 55 Paul.

288 1986 1866 71 … Der Reichstag tritt zusammen; 72 bilder, eingeleitet von
160 2065 1994 72 dr. Paul Kirschner … Zürich-Leipzig, Orell Füssli verlag
163 2147 173 64 [1931]

230 2217 1260 49 16 p., 72 p. of illus. 23 ᶜᵐ . (Schaubücher 43)
164 2283 1992 54 © Jan. 10, 1931; 1c. Jan. 19, 1932; A—Foreign 15411; Orell Füssli
232 2344 177 48 verlag.

160 2445 249 66 Kleiser,
439 2446 313 66 Grenville,
785 2452 171 50 1868-

226 2523 148 53 How
416 2531 59 46 to
515 2525 259 67 improve
814 2543 144 49 your
1002 2527 422 66 conversation;
1471 2546 72 34 an
1585 2528 95 52 aid
1722 2534 60 47 to
1823 2529 175 52 social
2042 2529 112 51 and

155 2599 252 54 business
445 2619 232 49 success,
713 2602 75 67 by
827 2602 294 55 Grenville
1159 2603 243 54 Kleiser.
1475 2605 140 52 New
1654 2605 164 53 York
1856 2607 112 51 and

155 2606 1977 139 London,
313 2678 172 53 Funk
511 2681 46 51 &
583 2679 299 67 Wagnalls
912 2699 298 44 company.
1240 2684 152 51 1932.

226 2749 634 51 5 p. l. , 3-267 p. 21 ᶜᵐ .
167 2818 51 51 ©
252 2821 109 40 Feb.
395 2821 68 48 19,
497 2821 112 41 1932;
672 2822 67 42 2c.
773 2827 96 38 and
902 2823 82 42 aff.
1018 2824 110 39 Feb.
1161 2823 55 41 27;
1279 2825 42 39 A
1352 2826 144 40 47853;
1561 2827 141 39 Funk
1737 2832 35 41 &
1806 2827 251 47 Wagnalls
2092 2839 67 30 co.

243 2878 249 48 (32-5733)

156 2981 331 65 Lagrange,
514 2981 187 54 Marie
729 2983 239 65 Joseph,
999 2988 172 50 1855-

294 3057 1866 70 … La morale de l’évangile; réflexions sur “Les morales de
161 3134 1999 75 l’évangile” de m. A. Bayet, par le p. M.-J. Lagrange … Paris,
163 3211 65 52 B.
261 3210 233 54 Grasset
527 3215 172 64 [1931]

231 3281 1707 58 2 p. l., [7]-250 p., 1 l . 19 ᶜᵐ . (On cover: “La vie chrétienne”, 5)
235 3338 160 41 Series
425 3338 109 42 title
563 3339 104 41 also
697 3341 53 39 at
779 3340 127 41 head
933 3340 54 43 of
1016 3343 99 47 t.-p.

169 3407 1992 58 © Oct. 6. 1931; 1c. Jan. 18, 1932; A—Foreign 15336; Editions Bernard
238 3469 212 40 Grasset.
521 3469 251 49 (32-5122)

166 3572 332 64 Lawrence,
528 3571 190 55 David
748 3574 276 65 Herbert,
1057 3580 323 52 1885-1930.

232 3647 362 68 Apocalypse
651 3648 93 67 [by]
784 3651 72 51 D.
892 3651 78 52 H.
1006 3652 331 66 Lawrence;
1376 3654 140 52 with
1553 3673 73 34 an
1660 3655 391 54 introduction
2086 3656 75 67 by

166 3723 252 53 Richard
453 3724 339 67 Aldington.
868 3727 138 52 New
1042 3728 179 67 York,
1254 3729 122 53 The
1408 3730 223 68 Viking
1664 3750 174 49 press,
1874 3735 151 49 1932.

236 3796 511 49 xxxii, 200 p. 21 ᶜᵐ .
173 3861 51 51 ©
258 3866 110 43 Feb.
399 3867 68 47 13,
498 3866 139 48 1932;
671 3869 67 40 2c.
771 3870 109 39 Feb.
913 3871 55 39 17;
1029 3871 81 40 aff.
1144 3872 110 41 Feb.
1287 3873 82 46 24;
1403 3874 38 38 A
1473 3874 172 47 48707;
1680 3875 179 46 Viking
1888 3885 149 37 press,
2071 3874 90 40 inc.

244 3917 68 53 [©
342 3922 342 51 introduction]
757 3926 250 50 (32-5886)
