2563 4368
1028 4092 100 49 405

79 491 168 64 Code,
276 491 217 63 Joseph
523 491 283 64 Bernard,
838 495 170 49 1899-

148 566 1912 69 The veil is lifted, by Rev. Joseph B. Code … Milwaukee,
77 647 119 52 The
225 646 181 52 Bruce
435 644 333 69 publishing
794 662 278 51 company
1146 646 134 51 [ᶜ1932]

150 719 96 47 xix,
281 720 67 48 [1],
381 719 75 38 161
493 729 40 35 p.
566 718 106 39 incl.
704 718 161 46 front.,
897 720 148 44 ports.
1105 716 115 41 19ᶜᵐ.

151 775 129 38 “The
312 773 221 40 material
567 773 53 40 of
651 773 97 41 this
781 775 122 38 book
936 774 87 40 has
1058 774 115 39 been
1208 774 142 40 taken
1387 773 127 41 from
1549 773 80 41 the
1665 773 217 39 author’s
1918 773 147 40 Great

81 831 255 40 American
363 830 416 41 foundresses.”—
781 831 129 40 Pret.

152 888 430 47 “Supplementary
612 887 223 45 reading”
865 890 50 37 at
944 887 80 41 the
1052 887 90 39 end
1171 888 52 38 of
1250 886 115 40 each
1395 887 212 47 chapter.

84 940 51 52 ©
162 946 118 38 Mar.
307 945 38 46 2,
373 943 139 47 1932;
541 943 66 40 2c.
633 945 94 39 and
754 943 82 42 aff.
864 945 120 40 Mar.
1012 943 80 47 16;
1122 944 38 38 A
1188 943 168 48 50018;
1386 944 155 39 Bruce
1568 944 108 47 pub.
1703 954 68 31 co.

159 1001 248 48 (32-7804)

80 1088 280 55 Colorado
406 1091 112 51 and
563 1086 211 58 Pacific
818 1089 202 69 digest,
1065 1088 269 69 covering
1375 1089 78 52 all
1498 1108 150 36 cases
1691 1088 266 71 reported
2002 1087 58 53 in

147 1166 280 55 Colorado
472 1172 236 61 reports,
755 1169 302 50 1864-1931;
1136 1165 210 54 Pacific
1390 1170 272 63 reporter,
1705 1164 250 55 volumes
2002 1170 66 48 1-

144 1246 117 65 300,
299 1245 112 52 and
449 1245 77 51 all
565 1243 64 54 of
667 1244 94 52 the
801 1243 209 53 Pacific
1047 1249 171 48 states
1258 1248 219 62 reports
1518 1243 152 53 from
1707 1244 96 52 the
1842 1244 224 53 earliest

148 1322 179 68 times,
356 1322 277 67 compiled
667 1322 111 52 and
807 1321 189 54 edited
1027 1323 72 67 by
1126 1322 97 53 the
1251 1322 338 68 publisher’s
1618 1321 266 54 editorial
1912 1318 150 57 staff,

187 1398 1367 71 v . 1-4. St. Paul, West publishing co., 1932.
149 1474 274 40 4 v . 26ᶜᵐ.
116 1565 6 6 v.
151 1531 39 47 1,
219 1525 51 54 ©
299 1530 109 41 Feb.
433 1529 69 47 29,
532 1529 111 41 1932;
700 1540 40 31 v.
766 1530 39 47 2,
837 1525 51 52 ©
920 1530 108 41 Feb.
1055 1530 58 39 26;
1167 1542 42 28 v.
1235 1531 40 46 3,
1305 1533 38 41 4,
1375 1524 55 54 ©
1496 1530 68 40 Feb.
1594 1529 55 40 29;
1706 1529 67 41 2c.
1801 1531 116 40 each
1947 1531 121 42 Mar.

153 1588 51 38 14;
263 1587 107 41 affs.
400 1588 121 40 Mar.
550 1587 53 39 16;
661 1588 36 38 A
729 1586 318 40 50040-50043;
1106 1588 135 39 West
1267 1587 107 48 pub.
1403 1598 66 30 co.
159 1643 249 49 (32-7898)

81 1732 380 55 Connecticut
511 1735 108 52 and
670 1734 259 54 Atlantic
977 1735 201 68 digest.
1253 1733 219 69 March,
1524 1738 148 65 1932,
1720 1734 344 56 cumulative

151 1810 1617 71 pamphlet … St. Paul, West publishing co. [ ᶜ1932 ]
151 1886 85 40 148
264 1897 42 36 p.
365 1885 144 41 25½ᶜᵐ.

86 1937 51 52 ©
166 1943 120 40 Mar.
312 1941 70 48 30,
410 1941 112 41 1932;
579 1944 67 39 2c.
675 1944 94 38 and
798 1942 82 40 aff.
909 1943 112 47 Apr.
1048 1943 50 37 21;
1162 1943 38 38 A
1230 1943 142 41 50862;
1432 1944 133 40 West
1594 1943 105 48 pub.
1729 1953 67 30 co.

83 2030 237 66 Cooper,
347 2032 202 53 James
578 2031 326 63 Fenimore,
936 2033 324 54 1789-1851.

151 2106 262 69 Cooper’s
455 2107 120 52 The
616 2107 111 55 last
767 2107 64 53 of
872 2108 94 52 the
1006 2107 322 68 Mohicans;
1372 2107 186 54 edited
1601 2108 72 67 by
1716 2106 243 55 Clifford
2001 2108 65 53 T.

81 2183 1962 146 Crowther … Boston, New York [etc.] D. C. Heath and company [ ᶜ1932 ]
149 2331 1917 51 xxiv, 37-646 p. front. (port.) illus. (maps) plates. 17ᶜᵐ. (Golden
80 2386 89 49 key
204 2387 174 49 series)

149 2444 188 42 “Books
363 2446 149 39 about
538 2443 209 50 Cooper”;
805 2455 43 38 p.
876 2444 135 41 xviii.

89 2499 51 53 ©
167 2505 119 39 Mar.
315 2505 67 48 18,
413 2503 137 47 1932;
580 2504 68 41 2c.
677 2505 119 38 Mar.
825 2503 82 48 26;
939 2503 80 40 aff.
1051 2504 120 41 Mar.
1199 2504 82 46 25;
1312 2503 40 39 A
1380 2503 169 48 50375;
1582 2505 56 39 D.
1668 2504 49 41 C.
1747 2503 161 41 Heath
1939 2505 35 40 &
2004 2515 67 30 co.

157 2557 68 57 [©
257 2561 341 48 introduction,
631 2564 147 44 notes,
812 2561 247 47 questions
1092 2561 92 39 and
1219 2560 157 40 theme
1409 2561 227 49 subjects]
165 2617 247 48 (32-7908)

86 2712 225 62 Corpus
337 2712 172 63 juris.

158 2789 130 50 1932
320 2787 360 53 annotations
710 2793 58 46 to
799 2788 222 66 Corpus
1052 2787 270 68 juris-cyc
1352 2791 226 65 system,
1607 2787 257 53 contains
88 2805 1956 113 annotations

324 2866 148 52 from
505 2867 72 50 all
607 2883 149 37 cases
781 2867 265 66 reported
1075 2864 152 54 from
1254 2866 262 68 January
1547 2869 46 64 1,
1623 2869 151 65 1931,
1801 2872 59 47 to
89 2867 1954 144 January
239 2948 43 60 1,
331 2946 147 49 1932.

557 2943 477 69 Supplementing
1079 2946 345 51 Permanent
1472 2945 379 69 annotations,
92 2944 1980 127 1927-1931.
314 3020 206 53 Edited
566 3022 74 67 by
682 3022 259 56 William
985 3023 255 52 Howard
1283 3024 315 52 Buchanan

88 3024 1981 146 … under the supervision of William Mack … editor-in-chief. New York,
89 3175 118 53 The
249 3177 303 53 American
596 3180 106 51 law
746 3179 145 51 book
933 3196 307 50 company;
1288 3179 256 69 London,
1589 3182 392 54 Butterworth
2024 3186 45 50 &

89 3271 95 48 co.,
219 3258 146 50 1932.

160 3327 61 47 xi,
250 3327 111 41 2557
392 3340 42 36 p.
493 3329 113 39 26ᶜᵐ.

95 3378 51 52 ©
175 3384 110 47 Apr.
317 3385 65 46 13,
415 3385 137 46 1932;
584 3386 67 40 2c.
681 3389 93 38 and
805 3386 81 42 aff.
917 3387 112 47 Apr.
1060 3386 47 40 21;
1174 3388 38 38 A
1243 3387 169 48 50877;
1446 3389 254 41 American
1732 3392 92 37 law
1854 3390 121 40 book
2005 3401 66 30 co.

87 3471 308 66 Cortissoz,
423 3475 201 63 Royal.

158 3546 1913 79 Guy Pêne Du Bois, by Royal Cortissoz … New York
167 3629 116 65 [ᶜ1931]

162 3695 54 41 56
248 3708 55 37 p.,
339 3699 27 37 2
419 3730 8 9 l.
461 3699 109 41 incl.
602 3701 128 40 illus.
758 3700 172 51 (port.)
971 3706 170 47 plates.
1200 3708 116 40 26ᶜᵐ.
1386 3708 278 48 (American
1700 3709 170 41 artists
1908 3711 162 47 series,

95 3751 221 50 Whitney
343 3764 217 31 museum
590 3757 52 40 of
669 3758 255 41 American
952 3761 104 47 art)

162 3809 299 48 Descriptive
494 3813 281 48 letterpress
807 3826 60 29 on
899 3826 164 31 versos
1096 3818 164 49 facing
1289 3822 170 46 plates.

162 3864 343 52 Bibliography:
562 3880 44 37 p.
632 3869 157 43 12-15.

101 3915 49 52 ©
175 3921 114 41 Nov.
314 3923 66 48 18,
404 3923 111 42 1931;
569 3926 67 41 2c.
660 3928 109 40 Feb.
794 3929 38 47 8,
857 3928 112 42 1932;
1024 3930 81 42 aff.
1131 3932 110 41 Feb.
1266 3933 51 47 6;
1346 3934 38 38 A
1409 3933 143 42 48342;
1608 3936 224 48 Whitney
1858 3946 215 30 museum

167 3977 50 39 of
244 3979 251 41 American
524 3986 91 44 art,
644 3983 114 41 New
789 3985 142 40 York.
1002 3986 276 50 (32-26026)
