2563 4368
1013 3998 103 55 447

58 448 254 62 Vernon,
345 446 140 62 Cay.

125 515 1857 69 Modern business letters for busy people, by Cay Vernon …
58 601 135 51 New
223 598 178 67 York,
429 599 67 54 G.
531 597 164 67 Sully
724 597 112 52 and
867 613 295 49 company,
1194 599 149 49 1932.

126 668 769 52 4 p. l., vii-xii, 213 p. 19½ ᶜᵐ .
63 740 51 51 ©
145 743 118 38 Mar.
295 742 69 45 19,
395 741 113 40 1932;
567 742 67 38 2c.
664 742 94 37 and
790 739 82 40 aff.
904 740 122 38 Mar.
1056 737 54 38 22;
1171 737 41 39 A
1240 736 147 40 49236;
1446 736 182 44 George
1662 734 135 47 Sully
1829 734 37 39 &
1895 742 66 30 co.

136 798 249 49 (32-8404)

59 902 244 64 Vesaas,
330 900 220 65 Tarjei,
582 899 170 56 1897-

187 971 1316 75 … Sigrid Stallbrokk. Oslo, O. Norli, 1931.
123 1048 331 50 217 p. 20 ᶜᵐ .
64 1113 1872 56 © Oct. 15, 1931; 1c. Feb. 29, 1932; A—Foreign 15937; Olaf Norli.
140 1177 249 48 (32-8651)

60 1279 456 65 Wager-Smith,
548 1278 219 65 Curtis,
800 1279 84 55 ed.

124 1356 234 53 Animal
398 1357 154 66 pals;
595 1376 31 33 a
664 1356 294 53 collection
995 1355 63 54 of
1095 1360 125 48 true
1256 1354 218 66 stories,
1512 1352 189 54 edited
1738 1352 76 66 by
1852 1350 194 56 Curtis

54 1429 1993 72 Wager-Smith … illustrated from photographs; mostly of the
55 1510 125 67 pals
223 1511 61 52 in
328 1511 97 52 the
469 1510 216 53 stories.
767 1509 426 67 Philadelphia,
1239 1509 229 52 Macrae
1515 1507 190 55 Smith
1752 1525 295 49 company,

56 1591 150 50 1932.

129 1659 1015 50 xii, 3-150 p. incl. front., illus. 19½ ᶜᵐ .
133 1729 127 42 “The
298 1730 124 40 tales
461 1740 125 30 were
624 1728 198 42 written
860 1729 59 48 by
958 1729 167 49 people
1162 1728 50 40 in
1250 1728 199 41 various
1487 1729 137 47 parts
1663 1727 51 41 of
1753 1728 81 41 the
1874 1727 176 41 United

65 1784 161 43 States
262 1787 51 39 in
351 1795 226 40 response
616 1788 49 38 to
703 1796 28 30 a
770 1785 132 49 prize
940 1787 188 39 contest
1166 1786 266 40 conducted
1473 1785 60 47 by
1573 1785 82 40 the
1694 1784 357 48 Pennsylvania

62 1842 179 49 society
273 1843 80 41 for
386 1844 82 40 the
500 1841 285 50 prevention
819 1842 50 41 of
902 1842 187 47 cruelty
1124 1844 50 38 to
1208 1842 222 46 animals,
1466 1842 50 39 in
1550 1840 155 41 1922.”

132 1900 179 41 “Third
343 1899 226 43 edition.”

69 1969 51 52 ©
152 1972 107 40 Feb.
289 1971 69 43 29,
388 1970 138 47 1932;
558 1971 67 39 2c.
656 1972 121 39 Mar.
807 1971 80 40 14;
920 1969 82 39 aff.
1034 1970 120 40 Mar.
1185 1970 81 44 24;
1300 1970 38 38 A
1368 1968 170 47 49269;
1573 1971 196 38 Macrae
1801 1968 156 41 Smith
1988 1980 68 29 co.

156 2024 53 52 [©
237 2038 103 30 new
368 2030 192 45 matter,
590 2036 104 30 new
722 2026 215 49 pictures
964 2028 94 39 and
1090 2029 394 44 rearrangement
1515 2026 51 41 of
1596 2027 118 47 text]

145 2084 248 49 (32-8415)

67 2184 390 64 Washington
489 2186 113 52 and
633 2183 212 58 Pacific
874 2185 202 68 digest,
1108 2184 268 69 covering
1406 2186 78 52 all
1514 2205 151 35 cases
1696 2185 265 68 reported
1992 2183 60 53 in

129 2262 381 68 Washington
555 2267 239 63 reports,
840 2265 338 64 1854-1931;
1226 2263 212 53 Pacific
1482 2268 274 62 reporter,
1801 2265 251 51 volumes

131 2343 186 63 1-300,
349 2340 111 53 and
494 2341 76 51 all
601 2339 63 53 of
692 2340 97 52 the
819 2339 212 54 Pacific
1060 2345 173 47 states
1264 2345 221 62 reports
1516 2339 153 54 from
1700 2340 96 53 the
1827 2341 227 52 earliest

138 2417 179 56 times,
346 2418 280 66 compiled
657 2418 112 52 and
797 2417 185 53 edited
1015 2417 76 68 by
1117 2417 95 53 the
1241 2417 339 68 publisher’s
1608 2417 266 54 editorial
1902 2415 149 56 staff.

137 2513 49 36 V.
219 2499 113 48 1-4.
411 2494 82 55 St.
524 2497 164 66 Paul,
717 2497 160 53 West
903 2494 336 70 publishing
1265 2515 96 49 co.,
1393 2499 150 52 1932.

136 2571 25 38 4
193 2582 41 27 V.
295 2569 116 43 26ᶜᵐ.

100 2633 1957 54 v 1, © Feb. 29, 1932; v. 2, © Feb. 26; v. 3, 4, © Feb. 29; 2c. each Mar.
141 2696 81 45 14;
252 2695 106 41 affs.
389 2697 119 39 Mar.
538 2696 80 41 16;
649 2695 39 39 A
716 2694 345 47 50072-50075;
1093 2696 133 40 West
1255 2697 105 46 pub.
1391 2706 66 31 co.

150 2752 248 48 (32-8044)

70 2855 289 64 Watkins,
391 2855 157 56 Saul.

138 2931 148 53 How
317 2937 58 47 to
404 2930 99 54 bid
531 2931 60 52 in
622 2937 253 47 contract
906 2932 216 68 bridge,
1151 2933 75 67 by
1260 2934 138 55 Saul
1429 2933 281 55 Watkins.
71 2935 1962 141 Schenectady,

255 3008 1195 71 N. Y., Literary service bureau [ ᶜ1 932]
140 3082 328 47 73 p. 18½ ᶜᵐ .
79 3147 50 51 ©
161 3153 120 38 Mar.
313 3152 56 39 18,
412 3151 113 41 1932;
586 3152 65 40 2c.
684 3153 94 39 and
810 3152 81 41 aff.
927 3154 119 41 Mar.
1076 3152 56 40 24;
1193 3153 39 39 A
1263 3153 143 41 49265;
1471 3155 200 41 Francis
1705 3156 43 42 J.
1782 3153 276 48 Broderick,

147 3207 339 49 Schenectady,
515 3209 54 39 N.
599 3210 52 38 Y.
722 3208 248 48 (32-8399)

75 3307 191 66 Wells,
294 3310 185 54 Amos
503 3311 250 66 Russell,
783 3317 171 49 1862-

141 3383 274 70 Through
456 3386 96 52 the
594 3386 167 54 Bible
803 3388 60 52 in
906 3408 31 33 a
980 3406 163 51 year;
1191 3409 31 33 a
1267 3407 192 36 course
1503 3390 59 53 in
1609 3390 450 69 Bible-reading,

74 3461 344 70 completing
455 3463 94 53 the
589 3464 180 53 entire
809 3464 165 55 Bible
1015 3465 59 53 in
1116 3485 102 35 one
1259 3485 136 50 year
1436 3467 140 54 with
1619 3486 31 35 a
1692 3468 229 69 portion
1964 3467 94 53 for

74 3538 132 52 each
242 3539 112 68 day
390 3541 112 52 and
539 3541 140 52 with
715 3541 157 70 daily
909 3543 357 69 suggestions
1305 3543 95 54 for
1434 3545 337 53 meditation
1812 3546 111 53 and
1965 3544 95 54 for

76 3611 1981 79 further study, by Amos R. Wells … Boston, W. A. Wilde
75 3696 503 64 company [ ᶜ1 931 ]
144 3760 328 50 127 p. 18 ᶜᵐ .
85 3827 50 51 ©
164 3833 124 48 Sept.
316 3835 68 47 10,
411 3835 112 42 1931;
580 3837 66 41 2c.
675 3840 121 39 Mar.
823 3839 69 48 21,
919 3840 113 40 1932;
1089 3841 83 40 aff.
1201 3843 119 39 Mar.
1351 3842 56 40 19;
1462 3843 38 39 A
1529 3843 143 40 49220;
1731 3844 53 41 A.
1815 3844 53 39 R.
1898 3843 163 47 Wells,

150 3889 322 51 Auburndale,
507 3895 143 39 Mass.
722 3894 248 48 (32-8445)
