2563 4368
1378 4071 99 50 638

472 539 95 49 xvi,
597 539 86 41 484
711 551 43 37 p.
813 540 143 48 illus.,
984 539 179 48 diagrs.
1191 537 50 48 (3
1269 537 144 48 fold.)
1480 538 55 40 23½ᶜᵐ.

473 597 182 40 Folded
684 596 260 48 diagrams,
975 596 50 39 in
1055 595 183 48 pocket,
1269 593 341 49 accompanied
1640 594 60 48 by
1730 593 27 40 2
1787 593 313 47 transparent
2127 592 163 39 leaves
2320 590 79 40 for

403 652 279 49 measuring
709 654 180 47 angles.

410 718 1798 54 © Jan. 1, 1932; 1c. Mar. 15; A—Foreign 16138; Julius Springer.
489 779 278 48 (32-11784)

413 883 387 67 [Horydczak,
826 882 287 67 Theodor]

477 959 197 54 Places
699 958 384 69 Washington
1107 960 189 67 knew;
1325 978 30 33 a
1381 976 184 51 group
1592 958 64 53 of
1684 957 273 70 forty-six
1981 956 419 70 photographic

408 1035 1992 71 studies … [Washington, D. C., Printed by Ransdell, inc.,
464 1119 117 65 ᶜ1 932]
480 1189 462 49 2 p. l. , 46 pl. 18 ᶜᵐ.
482 1245 337 48 Photographs
852 1246 59 48 by
946 1245 222 41 Theodor
1203 1244 303 48 Horydczak,
1540 1243 235 49 compiled
1810 1246 95 39 and
1941 1243 161 41 edited
2135 1243 61 48 by
2233 1244 81 39 Ira
2350 1242 52 42 L.

414 1303 172 41 Smith.

485 1358 390 49 “Washington’s
918 1361 113 46 plan
1078 1359 50 39 of
1173 1357 328 42 Alexandria”:
1575 1358 166 40 folded
1783 1357 242 41 facsimile
2069 1357 229 41 mounted
2343 1366 60 31 on

414 1427 137 31 verso
587 1417 50 41 of
670 1418 96 39 last
800 1418 145 46 plate.

418 1483 52 53 ©
499 1490 120 38 Mar.
649 1488 67 47 10,
746 1486 112 42 1932;
916 1487 66 41 2c.
1013 1489 95 38 and
1136 1486 81 42 aff.
1247 1488 112 47 Apr.
1389 1488 27 38 4;
1474 1487 41 39 A
1541 1486 148 41 49406;
1745 1487 39 42 I.
1813 1487 50 41 L.
1895 1485 171 49 Smith,
2095 1485 312 49 Alexandria,

529 1556 41 30 Va.
641 1544 280 49 (32-11351)

421 1646 276 68 [Hosken,
729 1645 244 57 Clifford
1003 1649 205 53 James
1237 1646 268 57 Wheeler]
1563 1652 170 51 1882-

484 1722 1927 71 At the blue gates, by Richard Keverne [pseud.] … London,
417 1801 302 55 Constable
745 1803 48 50 &
819 1819 97 51 co.,
943 1800 102 53 ltd.
1100 1804 152 65 [1932]

484 1872 491 49 2 p. l. , 314 p. 19½ᶜᵐ.
423 1928 1989 52 © 1c. May 3, 1932; A ad int. 16355; pubd. Mar. 5; C. J. W. Hosken,
493 1989 200 49 Oxford,
725 1988 201 49 Suffolk,
955 1990 236 47 England.
1262 1986 280 51 (32-12768)

419 2090 291 67 Idelsohn,
740 2092 305 54 Abraham
1076 2093 156 66 Zebi,
1264 2095 171 51 1882-
1646 2093 85 54 ed.

2200 2194 142 57 שירי
1997 2194 163 78 תימן.
1731 2193 188 57 אספם
1474 2192 215 59 ובארם
1367 2193 65 61 א.
1272 2192 66 61 צ.
981 2186 259 85 אידלזון,
673 2192 261 57 בהוספת
417 2191 215 59 הערות

2200 2292 219 58 והגהות
2018 2292 143 58 מאת
1936 2292 43 61 ג
1843 2292 64 62 ה.
1477 2290 333 63 טורטשינר.
1115 2290 283 66 סינסינטי,
855 2289 215 59 הוצאת
697 2291 116 57 בית
417 2289 239 60 המדרש

2159 2366 259 91 לרבנים,
1878 2384 237 70 תרצ״א.

423 2483 1977 105 459, [1] p., 2 l. 24 ᶜᵐ. (The Sigmund Rheinstrom memorial publications. no. 1)
494 2597 200 40 Printed
725 2598 49 38 in
805 2597 258 41 Palestine.

499 2654 166 40 Added
704 2655 96 47 t.-p.:
869 2653 174 40 Diwan
1080 2653 52 41 of
1167 2653 207 41 Hebrew
1411 2654 94 41 and
1544 2653 179 41 Arabic
1758 2656 169 47 poetry
1965 2654 52 41 of
2055 2654 79 41 the
2173 2652 246 43 Yemenite

428 2711 142 49 Jews,
601 2711 230 40 collected
860 2711 128 39 from
1018 2710 327 48 manuscripts
1375 2712 96 39 and
1501 2710 160 41 edited
1693 2710 119 42 with
1841 2712 322 47 explanatory
2192 2714 136 38 notes
2358 2721 62 31 on

430 2768 78 40 the
537 2771 134 45 poets
699 2769 96 38 and
823 2778 60 29 on
912 2768 79 39 the
1020 2770 234 44 contents,
1283 2769 191 46 metres,
1502 2768 124 48 style
1655 2768 98 40 and
1780 2769 238 47 language
2047 2767 53 42 of
2127 2768 83 41 the
2238 2772 182 45 poetry,

429 2825 60 47 by
512 2825 53 39 A.
592 2825 45 43 Z.
663 2824 241 47 Idelsohn,
929 2824 118 40 with
1072 2824 272 41 additional
1366 2827 137 38 notes
1527 2826 96 39 and
1648 2824 293 42 corrections
1966 2826 60 48 by
2051 2825 61 41 H.
2137 2825 284 47 Torczyner.

434 2881 304 50 [Cincinnati,
770 2881 66 48 O.,
867 2882 206 39 Hebrew
1103 2881 149 41 union
1279 2882 180 47 college
1486 2892 151 39 press]
1669 2880 129 45 1930.

433 2934 52 52 ©
519 2939 108 40 Jan.
662 2939 69 47 15,
765 2937 112 42 1931;
941 2939 66 38 2c.
1045 2939 120 40 Mar.
1199 2939 69 47 25,
1303 2938 113 41 1932;
1481 2938 310 49 A—Foreign
1825 2939 142 41 16413;
2034 2939 206 40 Hebrew
2275 2938 145 40 union

501 2997 190 46 college,
721 2995 290 41 Cincinnati.
1082 2995 277 49 (32-11935)

431 3099 176 64 Kent,
632 3102 140 52 Mrs.
800 3098 212 54 Louise
1039 3099 307 56 Andrews.

498 3175 138 52 Two
665 3175 256 52 children
951 3175 64 51 of
1043 3176 167 68 Tyre,
1237 3176 75 68 by
1340 3176 205 53 Louise
1573 3177 279 52 Andrews
1881 3177 156 52 Kent;
2097 3177 139 53 with
429 3177 1967 129 illustrations

701 3252 74 69 by
808 3253 299 52 Elizabeth
1141 3253 174 68 Tyler
1344 3254 266 54 Wolcott.
1679 3255 216 52 Boston
1927 3255 113 52 and
2072 3254 137 54 New
2243 3254 178 68 York,

430 3329 317 68 Houghton
774 3330 203 51 Mifflin
1005 3348 297 50 company,
1333 3334 148 50 1932.

502 3403 1458 49 5 p. l., 233 p. col. front., illus., plates (part col.) 22 ᶜᵐ.
502 3460 138 47 Maps
667 3470 61 29 on
754 3460 361 48 lining-papers.

439 3513 52 52 ©
520 3519 110 46 Apr.
662 3519 39 45 1,
731 3515 139 47 1932;
903 3516 66 40 2c.
1000 3517 111 38 Apr.
1145 3518 50 37 11;
1259 3516 81 40 aff.
1372 3517 112 47 Apr.
1515 3517 82 47 26;
1630 3519 40 37 A
1698 3516 173 49 49695;
1904 3519 50 39 L.
1986 3518 55 41 A.
2071 3518 141 47 Kent,
507 3517 1898 105 Brookline,

645 3575 145 40 Mass.
861 3573 278 48 (32-11377)

435 3673 259 66 Kloerss,
722 3676 158 50 Frau
905 3674 213 62 Sophie
1155 3674 300 66 (Kessler)
1492 3680 171 49 1866-

505 3752 182 53 Feuer
719 3752 80 52 im
834 3750 77 55 eis;
978 3767 199 37 roman
1196 3768 111 35 von
1330 3751 212 70 Sophie
1563 3753 250 54 Kloerss.
1888 3758 46 49 1.
1954 3753 85 54 bis
2064 3756 78 51 10.
2165 3752 252 57 tausend.

438 3828 1077 69 Berlin, A. Scherl g. m. b. h. [ ᶜ1 931]
507 3902 376 51 207, [1] p. 18 ᶜᵐ.
442 3954 1978 57 © Nov. 10, 1931; 1c. Feb. 25, 1932; A— Foreign 15826; August Scherl,
510 4025 41 38 g.
579 4026 60 28 m.
667 4014 42 41 b.
738 4015 43 38 h.
853 4014 278 49 (32-11928)
