2428 4370
1228 3988 135 60 1728

357 447 709 50 ix, 242 p. 23 ½ ᶜᵐ . $2.50
291 516 52 53 ©
382 521 104 41 Oct.
523 521 68 48 15,
630 519 141 48 1931;
809 521 68 40 2c.
916 520 103 42 Oct.
1057 519 54 41 19;
1180 520 80 40 aff.
1301 521 102 40 Oct.
1442 522 82 42 21;
1566 522 40 38 A
1642 521 173 42 44296;
1857 523 36 38 I.
1934 523 61 39 M.
2036 523 260 48 Wormser,

356 579 118 40 New
502 579 144 40 York.
720 577 281 49 (31-31462)

287 687 330 61 Wortham,
648 687 181 65 Hugh
858 687 248 65 Evelyn,
1140 694 166 49 1884-

358 765 1658 70 Edward VII , man and king, by H. E. Wortham …
287 767 1986 142 Boston,
428 844 197 67 Little,
656 845 231 66 Brown,
914 844 113 53 and
1056 862 301 51 company,
1388 846 152 51 1931.

387 924 1402 51 x, 360 p. front., illus. (facsim.) plates, ports. 23 ᶜᵐ .
352 995 379 50 Bibliography:
767 1006 42 38 p.
846 995 250 52 [343]-347.

290 1063 52 54 ©
373 1068 104 42 Oct.
505 1068 70 49 23,
604 1069 113 40 1931;
777 1069 67 42 2c.
874 1071 96 38 and
999 1069 81 40 aff.
1113 1070 103 41 Oct.
1244 1068 56 42 29;
1360 1071 40 38 A
1428 1069 146 41 44528;
1634 1069 163 50 Little,
1829 1071 191 46 Brown,
2052 1071 97 40 and
356 1081 1926 93 company.

575 1126 280 49 (31-31478)

288 1234 257 66 Wright,
575 1236 318 65 Benjamin
926 1236 293 66 Fletcher,
1247 1239 70 69 jr.

352 1327 305 55 American
687 1328 469 69 interpretations
1184 1329 63 54 of
1276 1330 228 52 natural
1535 1330 107 52 law;
1708 1349 31 34 a
1768 1328 171 69 study
1969 1326 59 54 in
2060 1328 93 53 the

283 1327 1990 151 history of political thought, by Benjamin Fletcher Wright, jr. …
283 1483 364 70 Cambridge.
676 1485 190 54 Mass..
893 1486 272 53 Harvard
1198 1485 316 71 university
1544 1503 173 50 press,
1750 1488 148 49 1931.

387 1565 1911 51 x p., 2 l., [3]-360 p. 21½ᶜᵐ. (Half-title: Harvard political studies pub.
285 1623 153 40 under
463 1624 83 39 the
571 1623 235 41 direction
834 1623 51 40 of
909 1625 82 38 the
1018 1625 127 47 Dept.
1185 1624 51 39 of
1260 1628 315 42 government
1601 1624 48 40 in
1678 1625 229 40 Harvard
1936 1625 298 47 university)

355 1695 294 41 “Published
679 1696 126 40 from
838 1696 83 40 the
950 1695 186 41 income
1166 1696 51 41 of
1246 1697 83 40 the
1357 1695 147 41 Louis
1534 1696 182 41 Adams
1747 1696 354 49 Frothingham
2130 1695 168 43 fund.”

289 1765 2011 53 © Sept. 8, 1931; 2c. Oct. 5; aff. Sept. 18; A 42844; President and fellows
357 1828 53 39 of
442 1828 231 40 Harvard
707 1828 191 48 college,
936 1827 302 49 Cambridge,
1275 1829 146 39 Mass.
1494 1827 282 50 (31-30867)

293 1936 276 69 [Wright,
598 1937 240 65 Sydney
868 1937 227 54 Fowler]
1150 1941 171 52 1874-

353 2028 89 70 By
491 2027 308 71 Saturday,
846 2028 72 72 by
967 2028 232 71 Sydney
1246 2029 225 53 Fowler
1540 2029 215 69 [pseud.]
1842 2028 257 68 London,
2142 2028 151 54 John

283 2107 154 54 Lane
473 2110 174 66 [1931]

352 2187 583 49 3 p. l. , 273 p. 19½ ᶜᵐ .
290 2257 1994 103 © 1c. Oct. 12, 1931; A ad int. 15565; pubd. Sept. 25; S. F. Wright, London.
538 2319 281 49 (31-31328)

354 2429 121 52 The
516 2429 260 69 hanging
813 2429 64 54 of
918 2428 313 56 Constance
1273 2428 235 70 Hillier,
1546 2428 74 71 by
1663 2427 230 71 Sydney
1937 2428 224 53 Fowler
2212 2425 84 71 (S.

286 2508 223 54 Fowler
537 2508 262 69 Wright)
877 2507 258 69 London,
1166 2507 284 70 Jarrolds,
1481 2505 223 55 limited
1744 2510 174 66 [1931]

354 2587 654 52 3 p. l. , 11-287 p. 19½ ᶜᵐ .
291 2658 2012 53 © 1c. Oct. 12, 1931; A ad int. 15566; pubd. Sept. 2; S. F. Wright, London.
369 2720 283 51 (31-31329)

421 2824 1879 71 … Seven thousand in Israel. London, Jarrolds, limited
292 2913 174 64 [1931]

355 2992 769 50 3 p. l. , 11-319, [1] p. 19½ᶜᵐ.
357 3050 63 41 At
448 3050 125 41 head
603 3051 51 40 of
683 3050 107 41 title:
853 3050 44 41 S.
929 3050 189 39 Fowler
1148 3048 208 47 Wright.

293 3117 1541 53 © 1c. Oct. 12, 1931; A ad int. 15547; pubd. Sept. 25; S.
1865 3119 51 40 F.
1945 3118 207 49 Wright,
365 3118 1919 101 London.
543 3179 282 48 (31-31345)

288 3272 233 65 Zeydel,
551 3272 208 55 Edwin
789 3274 326 63 Hermann,
1148 3278 170 49 1893-

359 3365 247 69 Ludwig
643 3364 175 54 Tieck
858 3365 112 53 and
1013 3363 303 70 England;
1358 3382 31 35 a
1428 3363 173 70 study
1639 3362 60 53 in
1740 3362 97 54 the
1877 3361 240 71 literary
290 3362 1984 135 relations
477 3442 65 55 of

580 3442 290 70 Germany
912 3444 112 52 and
1067 3442 272 69 England
1382 3441 215 70 during
1636 3440 94 55 the
1771 3440 161 69 early
1970 3439 327 54 nineteenth

289 3517 1983 150 century, by Edwin H. Zeydel … Princeton, Princeton university
540 3617 159 50 press
736 3598 94 54 for
868 3599 95 54 the
1003 3598 337 70 University
1377 3597 65 54 of
1478 3597 351 68 Cincinnati,
1870 3600 149 50 1931.

361 3679 581 52 vii. 263, [1] p. 23½ ᶜᵐ .
362 3750 68 39 “A
468 3750 81 41 list
585 3750 55 41 of
673 3750 204 49 English
914 3751 148 40 books
1099 3750 47 41 in
1182 3750 190 41 Tieck’s
1410 3750 198 47 library,
1646 3749 259 50 according
1941 3752 49 38 to
2028 3749 80 41 the
2147 3749 155 41 Asher

289 3806 193 48 catalog
506 3808 53 40 of
585 3807 171 42 1849”:
787 3818 40 38 p.
856 3806 219 43 227-256.

295 3873 52 54 ©
386 3878 104 41 Oct.
526 3878 59 41 20,
634 3879 114 42 1931;
813 3881 67 42 2c.
919 3882 95 41 and
1054 3880 82 42 aff.
1176 3880 103 41 Oct.
1317 3880 56 39 24;
1439 3880 41 41 A
1517 3879 145 41 43497;
1731 3879 260 42 Princeton
2030 3877 272 49 university

363 3944 151 42 press.
585 3936 281 51 (31-32038)
