2428 4370
1041 4000 132 49 1511

162 472 737 52 47 p. incl. front., illus. 24 ᶜᵐ.
165 532 184 41 Poems.

101 586 51 52 ©
185 591 126 46 Sept.
342 591 38 44 1,
412 587 139 47 1931;
584 588 67 40 2c.
685 588 126 47 Sept.
842 587 81 39 15:
958 585 70 40 aff
1059 587 126 46 Sept.
1217 585 81 47 16;
1332 586 40 38 A
1402 585 145 40 42360;
1608 585 140 40 Jesse
1778 585 105 46 Ray
1916 583 173 41 Miller.

179 644 279 50 (31-25299)

98 739 236 63 Society
360 739 95 52 for
482 738 102 53 the
611 736 332 65 promotion
970 736 64 53 of
1059 735 385 64 engineering
1471 735 330 55 education.

162 815 53 50 A
255 812 168 58 study
466 814 63 51 of
568 811 276 56 technical
884 812 305 67 institutes,
1232 829 31 33 a
1304 811 293 54 collateral
1638 810 218 69 project
1898 817 58 46 to
1996 811 95 54 the

93 890 402 69 investigation
536 891 63 51 of
639 888 365 69 engineering
1044 889 313 54 education.
1434 888 120 53 The
1598 888 226 70 Society
1865 888 92 52 for
1998 891 94 52 the

96 968 321 68 promotion
465 967 63 52 of
573 965 366 69 engineering
984 964 314 55 education.
1389 965 342 69 [Lancaster,
1780 966 120 69 Pa.,
93 966 1976 133 Lancaster
304 1063 172 50 press,
505 1043 125 69 inc.]
669 1046 148 51 1931.

163 1124 1051 51 3 p. l., 281 p. illus. (map) diagrs. 23 ᶜᵐ.
168 1181 146 41 “This
345 1179 142 52 study
518 1192 102 30 was
648 1182 265 40 conducted
940 1183 154 38 under
1123 1180 81 41 the
1235 1181 221 47 auspices
1487 1181 52 40 of
1568 1180 81 41 the
1686 1181 190 49 Society
1905 1181 78 40 for
2015 1182 81 41 the

97 1236 2001 52 promotion of engineering education … under the general direction of
98 1291 2000 50 its Board of investigation and coordination … The text of chapters
98 1348 1982 100 I, II , III , VII and VIII was written by Mr. Wickenden and that of chapters
221 1404 1084 52 IV, V and VI by Mr. Spahr.”—Foreword.
105 1461 51 52 ©
181 1465 125 40 June
329 1466 38 44 1,
392 1462 113 41 1931;
558 1463 66 39 2c.
650 1463 95 39 and
770 1462 79 39 aff.
877 1462 126 47 Sept.
1030 1462 55 38 14;
1139 1462 40 38 A
1201 1460 171 48 42498;
1403 1461 191 48 Society
1616 1461 79 39 for
1721 1462 84 40 the
1826 1461 273 48 promotion

174 1522 50 39 of
247 1520 309 49 engineering
578 1519 270 48 education,
876 1518 299 48 Pittsburgh.
1247 1517 280 49 (31-25007)

100 1614 341 65 Spaulding,
473 1615 226 63 George
730 1613 252 64 Allston,
1015 1615 170 53 1897-

167 1687 1931 75 Federal income taxation, by Geo. A. Spaulding … Buffalo,
98 1769 860 70 N. Y., R. W. Bryant [ ᶜ1 931]
170 1848 485 50 5 p. l. , 180 p. 23½ᶜᵐ.
108 1906 51 52 ©
190 1911 114 46 Apr.
337 1910 68 47 17,
438 1908 140 47 1931;
614 1909 66 41 2c.
713 1909 112 47 Apr.
858 1908 81 46 28;
976 1907 81 41 aff.
1093 1909 113 47 May
1239 1909 55 39 23;
1357 1909 40 38 A
1430 1910 145 39 37135;
1639 1910 53 40 G.
1727 1910 54 41 A.
1818 1909 281 48 Spaulding,

176 1966 207 40 Buffalo.
453 1961 69 54 [©
551 1965 223 49 changes]
849 1965 280 48 (31-11500)

107 2061 274 63 Starkey,
410 2060 241 55 Robert.

174 2137 120 52 The
325 2136 172 54 silver
529 2143 246 61 trapeze,
804 2138 76 68 by
914 2136 214 54 Robert
1166 2136 272 69 Starkey;
1475 2137 325 54 illustrated
1834 2138 75 68 by
1945 2139 152 54 John

103 2213 1767 70 M. Foster. New York city, Duffield and Green [ ᶜ1 931]
175 2295 760 49 6 p. l. , 3-277 p. plates. 21 ᶜᵐ.
111 2349 51 52 ©
191 2355 127 47 Sept.
344 2354 68 46 15,
439 2352 113 41 1931;
608 2353 68 41 2c.
702 2354 95 39 and
824 2352 83 42 aff.
936 2353 128 47 Sept.
1091 2352 55 40 29;
1203 2353 40 38 A
1268 2352 145 40 41951;
1471 2353 208 40 Duffield
1707 2354 35 40 &
1771 2353 168 41 Green.

188 2409 280 49 (31-25047)

108 2507 312 63 Stephens,
449 2505 253 54 William
737 2507 67 54 V.
837 2507 69 54 V.

178 2582 1925 73 Songs of a soldier, by William V . V. Stephens … Georgia,
107 2661 1235 70 Banner press, Emory university [ ᶜ1 931]
181 2741 54 42 81
264 2753 43 38 p.
367 2741 57 41 20½ᶜᵐ.
576 2743 165 49 [Verse
766 2743 130 40 craft
924 2743 165 49 series]

115 2795 51 52 ©
193 2801 125 47 Sept.
343 2800 68 48 15,
436 2799 113 41 1931;
603 2800 65 40 2c.
698 2801 125 47 Sept.
850 2801 54 40 18;
959 2800 82 42 aff.
1070 2801 127 47 Sept.
1222 2800 55 40 25;
1332 2802 40 38 A
1396 2801 148 41 42578;
1597 2802 72 40 W.
1697 2803 52 39 V.
1776 2803 52 41 V.
1857 2802 249 49 Stephens,

181 2858 217 40 Atlanta.
469 2857 278 48 (31-25300)

108 2950 207 65 Toops,
344 2951 258 54 Herbert
632 2953 329 64 Anderson,
995 2958 170 49 1895-

111 3028 1970 145 … Opportunities in Ohio colleges, prepared under the auspices
303 3106 63 53 of
408 3107 94 52 the
548 3107 150 55 Ohio
742 3108 208 69 college
996 3108 357 69 association,
1397 3109 338 55 Committee
1779 3128 72 35 on
110 3110 1968 139 intelligence

303 3183 1801 72 tests for entrance. By Herbert A. Toops … and Harold
110 3261 1972 142 A. Edgerton … J. L. Clifton, director of education. Col[umbu]s,
282 3338 814 69 O., Stoneman press [ ᶜ1 931]
115 3417 1975 107 203 p. 23 ᶜᵐ. (State of Ohio. Dept. of education … Guidance manual no. 3, pt. I)
121 3528 50 51 ©
202 3533 111 47 Apr.
345 3533 40 42 2,
418 3532 139 46 1931;
589 3534 66 39 2c.
688 3534 111 47 Apr.
832 3534 81 46 16;
949 3533 81 42 aff.
1062 3535 113 46 Apr.
1208 3534 82 46 27;
1325 3535 40 38 A
1396 3534 143 41 36793;
1603 3535 122 40 Ohio
1759 3538 128 39 state
187 3536 1904 93 department

346 3590 52 39 of
425 3590 270 48 education,
728 3591 272 46 Columbus,
1034 3591 50 40 O.
1160 3590 279 50 (31-11481)

116 3681 228 64 Tosdal,
375 3685 201 63 Harry
603 3686 288 65 Rudolph,
924 3692 170 50 1889-

183 3758 1928 74 Problems in sales management, by Harry R. Tosdal … 3d
115 3835 83 52 ed.
281 3836 138 52 New
468 3837 162 54 York
677 3841 109 51 and
837 3841 258 65 London,
1142 3839 428 56 McGraw-Hill
1618 3842 148 53 book
1813 3860 298 53 company,

115 3910 124 69 inc.,
269 3916 150 50 1931.
