2505 4370
1028 3991 134 50 1125

197 456 1921 50 xxviii, 188 p. front., plates, diagrs. 25 ½ ᶜᵐ. ( Half-title : Harvard
127 512 720 49 city planning studies, II )
129 581 51 52 ©
218 586 125 40 June
379 585 72 48 22,
487 584 140 48 1931;
666 584 67 42 2c.
771 586 125 39 June
933 585 83 47 26;
1056 585 82 42 aff.
1176 586 116 47 July
1329 587 53 45 3;
1423 586 41 39 A
1500 585 173 49 40254;
1712 588 167 46 Henry
1920 586 203 40 Vincent

196 642 252 47 Hubbard,
492 642 264 47 chairman,
802 643 230 39 Harvard
1075 642 129 41 univ.
1249 642 163 41 school
1456 643 52 40 of
1551 643 98 48 city
1693 643 247 48 planning,
195 643 1906 104 Cambridge,
407 700 147 39 Mass.
625 697 279 50 (31-19385)

122 809 122 52 The
272 807 386 64 Fortnightly
685 809 205 52 review.
980 828 88 33 no.
1098 809 119 68 776,
1243 828 55 33 n.
1328 828 60 50 s.,
1415 808 152 69 Aug.
1599 813 47 64 1,
1674 813 151 49 1931.

127 898 1995 52 © 1c. Aug. 6; A ad int. 15406; pubd. Aug. 1; Fortnightly review, ltd.,
193 959 211 40 London.

119 1066 372 65 Fracastoro,
526 1065 314 66 Girolamo,
875 1071 326 51 1483-1553.

186 1142 390 69 Hieronymus
626 1142 350 54 Fracastor’s
1028 1141 288 70 Syphilis;
1369 1161 32 34 a
1450 1142 343 52 translation
1844 1143 58 51 in
1953 1160 165 50 prose

119 1219 153 53 from
307 1220 96 52 the
441 1219 250 68 original
727 1220 175 52 Latin
939 1219 64 53 of
1040 1219 352 53 Fracastor’s
1428 1219 290 53 immortal
1757 1238 180 50 poem,
1976 1220 140 52 with

117 1296 1998 69 a history of Fracastor’s life by Mario Truffi … 2d ed., rev.
117 1373 1999 70 and enl. … Saint Louis, Mo., The Urologie & cutaneous
115 1470 174 49 press,
320 1455 152 49 1931.

182 1532 1025 50 xi, 104 p. plates, ports., facsims. 23½ ᶜᵐ.
184 1605 101 40 The
315 1615 138 37 poem
481 1604 41 40 is
552 1614 27 29 a
610 1603 295 40 translation
932 1604 63 47 by
1026 1603 223 41 Solomon
1281 1603 257 41 Claiborne
1568 1604 184 40 Martin
1781 1606 96 39 and
1909 1606 80 39 the
115 1606 1981 103 history
253 1661 53 40 of
336 1659 303 42 Fracastor’s

671 1659 87 40 life
789 1660 41 40 is
860 1670 26 29 a
921 1659 297 41 translation
1248 1660 62 47 by
1342 1660 163 48 Philip
1537 1660 180 41 Frank.

121 1729 51 52 ©
196 1733 113 47 Apr.
334 1731 71 48 25,
429 1731 113 41 1931;
595 1732 67 40 2c.
689 1733 112 46 May
827 1731 26 39 8;
906 1731 82 40 aff.
1014 1731 125 39 June
1164 1731 54 39 15;
1274 1731 40 38 A
1339 1729 145 42 39149;
1539 1731 226 48 Urologie
1790 1731 37 41 &
1851 1733 266 39 cutaneous

187 1799 149 39 press.
407 1788 280 48 (31-19216)

113 1897 185 63 Hack,
326 1898 130 62 Roy
481 1896 296 53 Kenneth.

186 1975 129 55 God
353 1976 60 52 in
451 1975 187 54 Greek
676 1974 346 70 philosophy
1060 1979 58 48 to
1154 1974 96 53 the
1287 1973 137 55 time
1461 1974 64 52 of
1564 1973 278 71 Socrates,
1877 1975 76 68 by
1989 1974 125 69 Roy

112 2051 2003 70 Kenneth Hack … Princeton, Princeton university press for
113 2132 95 52 the
235 2130 338 69 University
603 2129 63 54 of
696 2129 346 69 Cincinnati,
1074 2132 151 50 1931.

178 2209 670 51 vii p., 1 l., 157, [2] p. 23 ᶜᵐ.
163 2278 249 42 Half-title:
469 2279 261 41 Published
755 2278 118 42 with
896 2279 83 41 the
1004 2279 82 41 aid
1109 2279 53 40 of
1184 2280 82 40 the
1293 2280 204 41 Charles
1520 2280 176 48 Phelps
1718 2281 115 39 Taft
1860 2282 248 40 memorial

112 2338 123 40 fund
260 2339 96 39 and
383 2337 83 41 the
490 2337 249 40 Graduate
767 2336 176 40 school.

178 2392 186 42 “Select
391 2391 364 50 bibliography”:
816 2404 42 37 p.
888 2393 215 40 155-157.

116 2461 51 52 ©
199 2465 113 48 Apr.
343 2464 69 48 20,
446 2463 140 48 1931;
619 2463 68 42 2c.
719 2465 96 38 and
846 2463 82 41 aff.
961 2464 115 47 July
1109 2463 81 47 18;
1226 2464 41 38 A
1297 2462 174 49 40419;
1505 2464 259 41 Princeton
1798 2465 129 41 univ.
1961 2473 149 39 press.

193 2521 279 49 (31-19555)

111 2615 150 65 Hall,
290 2614 206 66 Helen,
528 2621 171 49 1884-

189 2691 231 55 Correct
457 2692 175 69 styles
669 2691 94 53 for
797 2692 97 52 the
932 2691 354 67 individual;
1329 2695 230 64 pattern
1597 2692 265 68 making;
1904 2692 205 68 simple

114 2770 259 53 methods
410 2768 65 54 of
509 2769 273 69 choosing
816 2769 296 68 becoming
1149 2769 241 67 clothes;
1433 2774 230 62 pattern
1700 2769 237 70 making
116 2771 1966 145 simplified;

375 2847 157 53 dress
562 2846 303 70 finishing;
898 2847 159 52 three
1087 2847 253 53 volumes
1371 2846 60 53 in
1465 2866 120 49 one,
1616 2847 77 69 by
1725 2848 187 52 Helen
1945 2848 159 53 Hall.

118 2930 82 48 1st
229 2925 84 53 ed.
380 2923 84 56 St.
494 2924 191 68 Louis,
713 2924 135 70 Mo.,
879 2923 112 70 Sye
1022 2924 345 53 foundation
1396 2930 230 63 pattern
1656 2942 99 50 co.,
1787 2929 149 49 1931.

183 3005 464 48 151 p. illus. 22½ ᶜᵐ.
113 3074 51 52 ©
193 3080 114 46 May
334 3077 70 48 22,
434 3077 113 40 1931;
605 3077 67 42 2c.
701 3078 95 39 and
825 3077 82 41 aff.
938 3079 113 45 May
1079 3078 56 39 25;
1194 3078 41 39 A
1263 3076 145 43 38394;
1469 3078 91 48 Sye
1588 3078 293 41 foundation
1911 3080 195 46 pattern

180 3146 67 29 co.
317 3134 280 49 (31-19390)

108 3230 183 64 Hard,
322 3229 226 55 Walter
577 3229 69 55 R.

172 3303 127 55 Salt
338 3303 63 52 of
439 3305 293 66 Vermont,
771 3302 74 70 by
884 3305 219 53 Walter
1143 3304 184 52 Hard.
1403 3303 380 68 Brattleboro,
1823 3306 114 64 Vt.,
108 3305 1968 148 Stephen

284 3386 570 68 Daye press [ ᶜ1 931]
172 3464 243 49 96 p. 21 ᶜᵐ.
173 3534 264 41 Character
464 3533 174 42 stories
661 3535 52 40 of
736 3536 310 40 Vermonters
1069 3536 196 41 written
1291 3536 48 39 in
1366 3546 150 31 verse.

112 3601 51 52 ©
198 3606 116 47 July
347 3607 73 46 11,
453 3604 138 43 1931;
628 3605 66 39 2c.
731 3606 116 46 July
881 3606 80 46 18;
999 3606 80 39 aff.
1117 3607 116 48 July
1269 3606 82 47 16;
1389 3607 40 38 A
1463 3605 172 48 39559;
1672 3608 71 39 W.
1779 3606 154 48 Hard,
178 3608 1906 102 Manchester,

412 3663 76 40 Vt.
559 3661 278 49 (31-19303)

107 3756 239 65 Hawks,
379 3756 217 65 Frank,
629 3757 169 55 1897-

186 3832 185 68 Speed
413 3832 109 69 [by]
562 3832 198 53 Frank
792 3832 236 54 Hawks.
1099 3834 138 52 New
1276 3833 180 67 York,
1493 3834 247 66 Brewer,
1773 3834 246 53 Warren
2055 3836 46 50 &

114 3910 267 67 Putnam,
415 3913 151 49 1931.
