2505 4370
1211 4017 138 51 1260

295 365 228 65 Pedler,
552 368 139 54 Mrs.
722 367 328 65 Margaret.

364 443 260 56 Kindled
661 444 166 56 flame
868 447 109 70 [by]
1017 448 299 70 Margaret
1352 450 225 54 Pedler.
1653 451 234 55 Garden
1926 452 152 72 City,
2115 454 70 53 N.
2223 454 92 69 Y.,

294 523 360 72 Doubleday,
684 525 200 56 Doran
913 527 46 52 &
988 544 301 54 company,
1318 528 128 72 inc.,
1477 531 152 52 1931.

365 605 566 50 vi p., 1 l., 310 p. 20 ᶜᵐ.
365 677 164 42 “First
558 678 228 41 edition.”

298 746 52 52 ©
384 750 118 49 July
535 750 70 49 30,
640 750 142 47 1931;
819 749 67 42 2c.
922 752 96 39 and
1053 750 82 41 aff.
1171 751 121 49 Aug.
1328 751 84 49 20;
1450 752 41 40 A
1524 753 173 48 41134;
1737 754 301 50 Doubleday,
2073 756 169 40 Doran
2278 758 36 40 &

365 819 83 36 co.,
481 808 91 40 inc.
644 807 282 49 (31-21540)

289 918 288 66 Pertwee,
607 918 248 66 Roland,
887 924 174 51 1885-

359 995 189 69 Royal
603 996 278 70 heritage,
935 995 77 70 by
1065 996 233 54 Roland
1353 998 275 53 Pertwee.
1723 999 218 53 Boston
1997 1000 115 53 and
2168 1001 140 54 New

288 1073 183 69 York,
498 1073 324 70 Houghton
850 1074 207 54 Mifflin
1085 1093 302 52 company,
1420 1078 152 52 1931.

352 1154 772 53 4 p. l., [3]-301, [1] p. 19½ᶜᵐ.
293 1224 52 52 ©
388 1229 122 47 Aug.
553 1227 70 49 19,
665 1227 143 49 1931;
850 1228 71 42 2c.
962 1228 123 49 Aug.
1126 1229 83 48 21;
1256 1229 83 42 aff.
1382 1230 122 49 Aug.
1545 1229 85 50 20;
1675 1230 43 41 A
1757 1230 174 49 40931;
1976 1232 56 40 R.
2076 1232 233 45 Pertwee,

361 1286 216 41 London.
652 1284 282 50 (31-21428)

285 1394 238 67 Phelps,
552 1395 259 56 William
840 1396 187 65 Lyon,
1059 1401 173 52 1865-

351 1471 1958 75 Human nature, by William Lyon Phelps … New York,
281 1551 983 70 E. P. Dutton & co., inc. [ ᶜ19 31]
350 1632 603 50 4 p. l., 3-51 p. 17 ½ᶜᵐ .
349 1704 1237 52 “First edition … third printing, July, 1931.”
289 1775 52 52 ©
369 1779 123 48 Aug.
519 1779 70 47 11,
617 1777 142 48 1931;
788 1778 68 42 2c.
884 1780 97 39 and
1009 1778 83 43 aff.
1119 1779 121 49 Aug.
1271 1780 82 47 13;
1383 1780 42 39 A
1451 1779 175 49 40728;
1657 1781 53 40 E.
1739 1781 53 42 P.
1820 1782 190 40 Dutton
2038 1781 37 41 &
2104 1793 53 29 co.,
2216 1782 91 42 inc.

368 1836 284 50 (31-21420)

282 1946 224 66 Pierce,
537 1945 207 57 Calvin
771 1947 65 55 P.

359 2025 153 69 Ryal
550 2023 138 56 Side
724 2023 156 54 from
916 2025 159 68 early
1111 2025 143 68 days
1290 2023 66 55 of
1392 2024 193 56 Salem
1621 2025 224 70 colony,
1878 2025 78 71 by
1993 2024 212 57 Calvin
2240 2026 67 54 P.

287 2102 2023 71 Pierce … Cambridge, Printed at the Riverside press for the
287 2182 249 68 Beverly
564 2181 300 54 historical
894 2181 232 70 society,
1160 2184 154 51 1931.

357 2264 1857 50 xiv p., 1 l., 174 p. plates, ports., 2 fold. maps (incl. front.) 22½ ᶜᵐ.
358 2336 304 48 Concerning
690 2337 81 39 the
801 2337 279 39 settlement
1113 2337 96 40 and
1240 2338 139 46 early
1410 2335 280 50 ownership
1719 2335 54 42 of
1803 2336 83 41 the
1917 2336 147 40 lands
2093 2338 52 38 at
2179 2336 127 48 Ryal

286 2394 112 42 Side
431 2393 160 42 which
624 2404 101 30 was
758 2396 113 46 part
904 2394 51 40 of
988 2394 82 40 the
1103 2396 132 38 town
1268 2393 53 41 of
1355 2393 176 49 Salem,
1566 2394 164 49 Mass.,
1765 2392 129 43 until
1926 2393 130 49 1753,
2091 2393 141 41 when
2265 2394 41 41 it

284 2452 196 41 became
524 2452 220 40 annexed
790 2453 50 38 to
885 2451 222 48 Beverly.
1183 2452 57 38 In
1287 2451 114 41 1857
1448 2451 83 41 the
1576 2452 213 40 western
1832 2449 196 51 portion
2074 2461 103 31 was
277 2461 2009 89 annexed
480 2511 48 39 to
573 2509 238 40 Danvers.

285 2576 52 52 ©
367 2581 119 47 July
516 2581 69 48 17,
615 2579 141 48 1931;
789 2580 67 40 2c.
886 2581 117 47 July
1033 2580 56 40 27;
1150 2579 83 41 aff.
1266 2580 116 48 July
1413 2578 56 42 25;
1529 2579 43 40 A
1600 2578 173 49 39880;
1807 2580 209 46 Beverly
2045 2577 258 41 historical

353 2638 197 48 society,
582 2638 222 49 Beverly,
836 2638 148 40 Mass.
1055 2636 284 51 (31-21508)

283 2746 1328 71 [Pi͡eshkov, Aleks i͡eǐ Maksimovich] 1868-
407 2821 1888 74 … In der steppe, und andere erzählungen. 1.-9. tausend.
273 2904 219 70 Berlin,
526 2903 414 70 Malik-verlag
1087 2907 85 67 [ᶜ1930]

344 2984 1345 51 356, [2] p. 19 ᶜᵐ. [His Gesammelte werke, XVI]
343 3054 235 42 Author’s
607 3056 180 48 pseud.,
819 3055 187 41 Maxim
1036 3056 165 49 Gorki,
1232 3058 53 38 at
1315 3057 125 39 head
1471 3056 53 40 of
1552 3055 124 42 title.

345 3111 1949 50 “Einzige autorisierte ü bersetzung aus dem russischen von Erich
273 3169 256 41 Boehme.”

625 3242 121 39 CONTENTS.—In
782 3242 87 39 der
905 3240 338 49 steppe.—Ein
1281 3241 256 40 seltsames
1571 3240 239 41 mädchen
1855 3242 271 48 (Warenka
272 3241 2004 105 Olessowa)—Der

645 3298 343 48 spassmacher
1038 3296 515 50 (Sasubrina)—Drei
1595 3298 414 48 tage.—Mitleid?
271 3298 2005 105 (Bukojemow)—Ein

619 3354 229 50 begebnis
880 3365 90 30 aus
1003 3355 107 40 dem
1142 3355 140 40 leben
1316 3354 216 42 Makars.

281 3426 1900 52 © Oct. 30, 1930; 1c . Dec. 31; A— Foreign 10982; Malik-verlag a. g.
361 3487 284 50 (31-21865)

273 3582 295 66 Popovici,
597 3582 245 66 Andrei,
873 3587 172 50 1895-

347 3661 124 55 The
523 3661 259 70 political
835 3666 182 50 status
1069 3661 64 53 of
1184 3659 361 68 Bessarabia,
1594 3660 77 70 by
1719 3659 223 54 Andrei
1995 3657 297 72 Popovici,

276 3737 2012 72 PH. D ., with an introduction by James Brown Scott, J. U. D.
277 3818 403 70 Washington,
722 3818 72 53 D.
841 3818 81 69 C.,
965 3818 145 53 Pub.
1153 3817 94 54 for
1289 3818 98 52 the
1431 3816 207 56 School
1681 3816 64 53 of
1789 3815 231 70 foreign
2059 3814 230 71 service,

270 3892 377 69 Georgetown
680 3893 336 70 university,
1048 3893 77 71 by
1157 3892 274 54 Ransdell
1467 3891 126 69 inc.,
1630 3895 151 51 1931.
