2428 4370
1262 4057 138 51 1484

388 482 227 40 Includes
645 480 395 49 bibliographies.

325 538 2008 52 © Aug. 13, 1931; 2c. Sept. 10; aff. Sept. 9; A 42222; Henry Holt & co.,
395 599 90 40 inc.
557 598 281 49 (31-25189)

323 681 229 64 Corley,
581 681 249 55 Donald.

387 758 122 53 The
539 755 252 54 haunted
822 755 188 69 jester,
1040 757 74 70 by
1147 756 228 53 Donald
1409 756 222 70 Corley.
1723 756 138 54 [New
1899 756 180 69 York]
2151 756 69 55 R.
2254 758 79 53 M.

316 835 278 53 McBride
623 839 51 50 &
704 852 297 51 company,
1033 837 151 52 1931.

390 916 1072 51 xi, 306 p. incl. front., illus. pl. 21½ ᶜᵐ .
392 975 146 41 Short
568 974 188 42 stories.

331 1029 52 52 ©
412 1033 128 47 Sept.
566 1033 70 44 18,
662 1031 140 47 1931;
830 1031 67 41 2c.
925 1032 96 39 and
1048 1030 82 41 aff.
1161 1031 128 48 Sept.
1316 1030 82 42 30;
1428 1031 40 39 A
1493 1031 173 45 42716;
1696 1032 58 40 D.
1783 1031 185 49 Corley,
1998 1032 117 40 New
2142 1033 144 40 York.

412 1089 282 49 (31-25222)

327 1170 329 65 Crowther,
685 1170 203 54 James
919 1168 235 57 Gerald.

395 1247 96 53 An
533 1247 218 54 outline
791 1248 65 53 of
897 1248 97 52 the
1034 1247 281 68 universe,
1354 1247 76 70 by
1470 1249 57 54 J.
1568 1248 70 55 G.
1682 1248 326 69 Crowther;
2052 1249 141 53 with
2238 1253 100 50 150

325 1325 384 54 illustrations
747 1327 110 52 and
897 1325 308 69 diagrams.
1282 1326 140 53 New
1458 1326 181 69 York,
1675 1326 191 70 Dodd,
1902 1327 172 53 Mead
2110 1330 46 51 &
324 1346 1989 128 company,
529 1409 150 50 1931.

397 1485 1316 50 xvii, 376 p. front., illus., plates, diagrs. 21½ ᶜᵐ .
397 1544 380 47 Bibliography:
809 1554 43 38 p.
881 1543 117 41 xvii.

332 1597 51 53 ©
414 1602 128 48 Sept.
629 1634 8 16 18,
664 1601 113 41 1931;
832 1601 66 40 2c.
929 1602 127 47 Sept.
1083 1601 56 39 25;
1195 1600 83 41 aff.
1308 1601 127 47 Sept.
1462 1600 60 41 26;
1574 1601 41 39 A
1640 1600 148 41 41906;
1842 1602 156 47 Dodd,
2026 1602 143 40 Mead
2195 1602 37 41 &
2259 1614 82 35 co.,

400 1658 89 42 inc.
563 1659 281 49 (31-25550)

328 1741 327 65 Dalgliesh,
684 1740 183 57 Alice.

395 1816 120 54 The
563 1816 129 56 blue
739 1821 212 65 teapot,
999 1816 199 70 Sandy
1247 1834 132 36 cove
1427 1816 216 68 stories,
1690 1816 75 71 by
1813 1816 164 55 Alice
2025 1816 317 70 Dalgliesh,

324 1894 323 53 illustrated
689 1895 75 68 by
806 1893 327 70 Hildegard
1175 1893 366 56 Woodward.
1618 1894 138 53 New
1801 1894 180 70 York,
2022 1895 123 53 The
381 1897 1906 130 Macmillan

554 1991 298 51 company,
886 1976 152 51 1931.

396 2055 1327 50 5 p. l., 73 p. col. front., illus., col. plates. 22 ᶜᵐ .
396 2113 290 41 Illustrated
718 2112 363 48 lining-papers.

334 2167 51 53 ©
414 2172 129 48 Sept.
567 2171 70 46 29,
663 2169 114 42 1931;
832 2170 67 41 2c.
927 2171 94 38 and
1048 2169 83 41 aff.
1160 2170 127 48 Sept.
1313 2169 60 41 30;
1425 2170 41 39 A
1490 2169 147 41 42724;
1694 2171 283 40 Macmillan
2004 2183 68 30 co.

412 2228 282 49 (31-25419)

329 2295 240 65 Davies,
599 2295 336 55 Frederick.

421 2372 1923 70 “Lines of fire”, by Frederick Davies … [Philadelphia]
388 2455 118 51 ᶜ1 931.
406 2535 84 40 112
528 2547 42 37 p.
633 2535 149 42 front.
812 2535 172 49 (port.)
1052 2535 147 42 23½ᶜᵐ.

404 2593 228 40 Lettered
660 2604 61 29 on
749 2603 140 31 coyer
908 2604 8 29 :
949 2593 172 40 “Lines
1149 2593 52 41 of
1227 2591 132 47 fire”,
1388 2593 60 47 by
1477 2603 62 30 an
1570 2592 107 41 “old
1705 2590 388 50 contemptible”.

405 2650 232 48 Running
665 2650 135 40 title:
833 2650 155 47 Royal
1018 2650 112 40 field
1160 2650 239 48 artillery.

404 2707 76 40 An
520 2710 205 38 account
766 2708 51 39 of
857 2707 81 40 the
979 2707 219 41 author’s
1240 2707 310 48 experiences
1592 2717 54 31 as
1688 2717 29 29 a
1758 2707 212 41 member
2013 2706 53 42 of
2106 2706 81 42 the
2227 2707 116 41 123d

333 2763 208 50 battery,
572 2764 116 41 28th
718 2764 212 48 brigade,
963 2764 152 48 Royal
1149 2765 110 39 field
1291 2764 238 50 artillery,
1560 2764 85 41 5th
1676 2763 226 49 division,
1934 2763 191 42 British
332 2762 1994 109 expeditionary
558 2821 146 47 force,
735 2821 277 43 1914-1917.

336 2875 52 52 ©
419 2880 129 47 Sept.
575 2880 56 39 14,
731 2881 82 46 1931;
842 2881 67 39 2c.
941 2880 128 48 Sept.
1098 2880 82 47 16;
1211 2880 82 41 aff.
1325 2880 127 48 Sept.
1481 2880 83 47 24;
1594 2880 40 39 A
1661 2879 172 48 42610;
1865 2880 51 39 F.
1946 2879 196 48 Davies,
2172 2879 173 40 Elkins

403 2937 146 50 Park,
577 2938 84 40 Pa.
728 2937 281 50 (31-25252)

331 3001 204 66 Davis,
566 3003 255 66 Jerome,
853 3010 173 50 1891-
1239 3007 85 53 ed.

400 3078 1880 75 An introduction to sociology, edited by Jerome Davis …
330 3158 2011 71 and Harry Elmer Barnes … with the collaboration of L. L.
331 3236 2012 72 Bernard … Seba Eldridge … Frank H. Hankins … [and
329 3313 208 67 others]
618 3315 138 52 Rev.
833 3317 235 67 Boston,
1097 3318 139 53 New
1265 3318 163 53 York
1480 3322 120 63 [etc.]
1635 3318 71 54 D.
1738 3317 62 55 C.
1829 3316 197 53 Heath
2054 3315 114 53 and
331 3333 1988 128 company,
533 3397 152 49 1931.

330 3472 1997 109 xxiv, 928 p. front. (6 port.) illus. (maps) diagrs. 23 ᶜᵐ . [Heath social relations series, J.
987 3534 166 47 Davis,
1182 3536 197 47 general
1408 3534 174 50 editor]

407 3588 305 49 “Readings”
749 3592 94 39 and
881 3590 409 50 “Bibliography”
1328 3596 52 37 at
1415 3593 90 40 end
1541 3592 52 41 of
1626 3592 118 39 each
1782 3591 217 46 chapter.

336 3642 52 52 ©
419 3647 127 48 Sept.
575 3648 68 48 18,
672 3646 112 42 1931;
842 3648 66 41 2c.
938 3650 96 39 and
1061 3650 83 41 aff.
1175 3650 127 48 Sept.
1332 3651 60 39 25;
1445 3651 42 38 A
1514 3649 148 41 42580;
1718 3649 57 40 D.
1806 3648 49 41 C.
1886 3648 167 40 Heath
2080 3647 39 40 &
2144 3658 68 29 co.

414 3703 281 48 (31-25155)

330 3768 87 53 De
448 3770 85 53 La
562 3772 186 65 Mare,
778 3772 227 56 Walter
1034 3774 176 65 John,
1243 3777 173 54 1873-

398 3846 120 54 The
546 3848 194 54 Dutch
769 3850 207 68 cheese,
1004 3851 75 69 by
1105 3852 224 53 Walter
1355 3853 88 52 De
1468 3852 85 52 La
1581 3851 182 67 Mare,
1791 3849 142 53 with
1962 3846 382 55 illustrations

326 3922 75 70 by
433 3924 265 73 Dorothy
732 3928 64 56 P.
830 3929 278 70 Lathrop.
1185 3930 140 53 New
1359 3930 183 73 York,
1574 3929 73 55 A.
1679 3929 74 53 A.
1787 3925 227 72 Knopf,
2050 3928 154 51 1931.
