2505 4370
1307 4075 104 51 420

423 498 778 49 17 l. col. illus. 30 ½ × 23 ½ᶜᵐ .
358 567 2019 54 © Aug. 27, 1930; 1c Dec. 9; A— Foreign 10409; Hermann Schaffstein
425 632 182 47 verlag.
678 629 253 49 (31-7439)

355 723 311 67 Condliffe,
700 725 157 54 John
890 725 145 65 Bell,
1071 730 172 50 1891-

350 802 1998 132 … The Pacific area in international relations, by J. B. Condliffe.
555 879 272 70 Chicago,
853 880 311 53 American
1190 880 224 71 library
1441 881 360 68 association,
1830 883 152 51 1931.

421 960 1333 51 43 p. 18 ᶜᵐ . (Reading with a purpose, no. 44)
424 1018 191 41 “Books
651 1020 367 42 recommended
1050 1018 50 41 in
1132 1019 102 41 this
1267 1018 200 42 course”:
1530 1028 44 39 p.
1608 1018 73 45 39.

359 1086 52 53 ©
451 1091 123 40 Mar.
611 1090 70 49 24,
719 1089 143 49 1931;
901 1090 68 43 2c.
1008 1092 122 39 Mar.
1169 1091 84 48 27;
1295 1091 82 40 aff.
1416 1093 123 40 Mar.
1577 1091 83 48 25;
1701 1092 43 39 A
1780 1092 172 48 35476;
1991 1092 161 41 Amer.
2191 1092 187 49 library

428 1158 129 31 assn.
628 1147 283 50 (31-26692)

355 1242 389 55 Connecticut
788 1247 114 52 and
943 1246 264 53 Atlantic
1249 1250 259 64 reporter
1551 1246 203 69 digest,
1796 1247 270 69 covering
2110 1249 77 51 all
2228 1266 152 35 cases

425 1323 1892 71 reported in Connecticut reports and Atlantic reporter …
429 1403 302 69 Compiled
791 1405 113 52 and
963 1403 191 54 edited
1210 1405 77 68 by
1344 1404 100 53 the
1501 1403 344 70 publisher’s
1900 1405 269 53 editorial
2227 1404 150 55 staff,

466 1481 1837 72 v . 10, 11 … St. Paul, Minn., West publishing co. [ ᶜ1931 ]
422 1562 296 42 2 v . 26ᶜᵐ.
805 1652 9 9 CONTENTS.—v.
847 1618 72 42 10.
949 1620 449 41 Courts-Criminal
1428 1622 219 40 law.—v.
1679 1618 72 43 11.
1783 1620 519 50 Crops-Disturbance
2329 1623 51 40 of

354 1678 162 49 public
559 1678 318 49 assemblage.

391 1770 8 8 v.
432 1735 69 51 10,
536 1732 55 53 ©
620 1735 113 43 Feb.
763 1736 70 49 18,
865 1735 142 49 1931;
1040 1736 67 41 2c.
1140 1736 114 49 Apr.
1286 1737 82 46 14;
1404 1735 82 41 aff.
1562 1747 69 38 Apr.
1665 1737 81 47 15;
1781 1748 44 30 v.
1856 1737 70 49 11,
1962 1732 52 53 ©
2048 1737 113 41 Feb.
2194 1738 82 46 18;
2310 1738 68 41 2c.

428 1793 115 49 Apr.
576 1794 54 40 13;
692 1793 83 41 aff.
807 1794 115 48 Apr.
955 1794 56 39 15;
1074 1795 41 38 A
1146 1793 159 48 35827,
1340 1794 148 41 35828;
1549 1795 135 40 West
1717 1795 111 48 pub.
1863 1806 67 29 co.

353 1889 252 63 Craven,
637 1889 278 64 Thomas,
951 1895 172 49 1889-

422 1965 132 54 Men
602 1965 65 54 of
711 1974 107 63 art,
861 1966 75 72 by
981 1967 250 54 Thomas
1279 1966 241 56 Craven.
1602 1967 139 54 New
1788 1967 180 70 York,
2015 1967 198 55 Simon
2260 1968 109 53 and

351 2043 290 70 Schuster,
676 2048 152 50 1931.

424 2129 119 48 xxii,
572 2129 86 40 524
684 2140 58 38 p.,
769 2130 24 38 1
842 2163 8 7 l.
910 2129 167 47 front.,
1104 2130 174 48 plates,
1307 2131 150 47 ports.
1518 2130 148 40 24½ᶜᵐ.

425 2183 1949 51 “Limited … to painting in the western world, beginning with Giotto
351 2243 99 39 and
477 2242 83 41 the
590 2241 273 41 occidental
890 2240 255 50 tradition,
1175 2242 95 40 and
1301 2241 195 48 driving
1525 2252 27 29 a
1583 2241 217 48 straight
1827 2253 170 30 course
2029 2243 214 47 through
351 2253 2005 88 successive

560 2299 365 48 developments
949 2299 142 40 down
1114 2300 50 39 to
1188 2299 98 39 and
1310 2298 251 48 including
1584 2299 82 40 the
1688 2300 150 40 latest
1863 2299 190 41 French
2078 2298 295 43 modernism

351 2357 99 41 and
478 2357 81 40 the
585 2367 108 30 new
718 2356 162 40 mural
904 2358 80 38 art
1010 2356 52 40 of
1086 2356 160 40 North
1275 2354 519 42 America.”—Introd.

424 2413 384 49 “Bibliography
838 2414 97 39 and
966 2410 506 50 acknowledgments”:
1534 2423 45 38 p.
1608 2411 218 43 515-516.

360 2471 52 53 ©
447 2476 124 39 Mar.
603 2473 69 50 30,
706 2473 142 48 1931;
884 2473 67 40 2c.
986 2473 122 39 Mar.
1141 2473 82 46 31;
1263 2471 80 41 aff.
1378 2471 115 48 Apr.
1527 2471 54 48 2;
1616 2471 42 39 A
1691 2471 172 48 35566;
1900 2471 52 42 T.
1989 2471 204 48 Craven,
2229 2470 149 41 Little

429 2533 146 48 Neck,
608 2532 134 48 Long
774 2532 183 45 Island,
990 2531 55 39 N.
1081 2531 53 38 Y.
1206 2528 283 49 (31-26693)

359 2625 276 73 [Crozier,
663 2626 243 68 Joseph]

485 2699 1685 71 … En mission chez l’ennemi. Paris, A. Redier [1930]
424 2785 751 51 2 p. l., [7]-331 p., 2 l. 19ᶜᵐ.
425 2838 1949 52 At head of title: Lieutenant Pierre Desgranges … et lieutenant de
354 2903 234 41 Belleval.

426 2958 416 49 “Avant-propos”
874 2958 170 48 signed:
1103 2958 183 47 Joseph
1315 2956 198 41 Crozier.

357 3010 2017 65 © May 25, 1930; 1c July 18; A— Foreign 8265; Éditions de la Revue
426 3081 264 48 française.
763 3080 253 49 (31-7537)

352 3177 186 64 Dane,
573 3177 230 64 George
835 3176 173 64 Ezra,
1042 3178 83 53 ed.

421 3251 156 55 Once
599 3253 157 52 there
781 3270 117 35 was
922 3252 113 52 and
1061 3270 116 35 was
1200 3256 100 47 not;
1356 3252 142 53 tales
1523 3250 112 52 and
1661 3250 227 68 rhymes
1916 3248 153 53 from
2094 3247 276 69 Majorca,

350 3329 250 70 adapted
642 3329 74 70 by
759 3328 221 69 George
1022 3329 154 52 Ezra
1217 3329 163 52 Dane
1425 3329 112 52 and
1579 3328 261 53 Beatrice
1879 3327 54 55 J.
1978 3327 190 66 Dane;
348 3326 1998 135 illustrated
564 3407 76 70 by

669 3407 160 53 Rhea
858 3407 193 54 Wells.
1118 3407 140 54 New
1289 3406 179 70 York,
1497 3406 211 55 Junior
1737 3405 237 68 literary
2002 3404 184 70 guild,
2218 3407 150 52 1931.

421 3488 104 51 xiii,
556 3490 86 42 269
668 3501 44 38 p.
774 3492 85 41 col.
891 3492 163 47 front.,
1084 3491 141 47 illus.,
1260 3490 171 49 plates.
1491 3490 117 41 21ᶜᵐ.

422 3547 165 42 “First
615 3547 226 42 edition.”

358 3601 52 53 ©
439 3606 111 41 Jan.
576 3605 39 50 2,
643 3604 113 43 1931;
815 3605 67 43 2c.
910 3607 96 39 and
1034 3605 83 42 aff.
1145 3607 123 39 Mar.
1295 3604 83 48 28;
1408 3605 40 40 A
1475 3604 144 42 36242;
1679 3604 53 42 G.
1762 3606 52 39 E.
1843 3603 138 41 Dane
2010 3604 37 40 &
2074 3602 227 41 Beatrice
2329 3603 43 40 J.

431 3663 151 50 Dane,
622 3664 98 41 San
755 3663 277 41 Francisco.
1104 3662 283 50 (31-26711)

351 3757 205 64 Davis,
588 3759 305 64 Franklyn
920 3758 224 63 Pierre,
1174 3761 86 53 ed.

422 3835 1949 73 Davis’ anthology of newspaper verse for 1930 … 12th
350 3912 2023 75 annual edition. Edited by Franklyn Pierre Davis … Enid.
351 3992 152 72 Okl.,
530 3995 198 53 Frank
754 3997 66 52 P.
848 3997 200 69 Davis,
1079 3999 151 51 1931.
