<alto xmlns="http://www.loc.gov/standards/alto/ns-v3#" xmlns:xlink="http://www.w3.org/1999/xlink" xmlns:xsi="http://www.w3.org/2001/XMLSchema-instance" xsi:schemaLocation="http://www.loc.gov/standards/alto/ns-v3# http://www.loc.gov/alto/v3/alto-3-0.xsd"><Description>
<MeasurementUnit>pixel</MeasurementUnit>
<sourceImageInformation>
<fileName>1931_v28_Part001.pdf</fileName>
</sourceImageInformation>
<OCRProcessing ID="IdOcr">
<ocrProcessingStep>
<processingDateTime>2019-04-22</processingDateTime>
<processingSoftware>
<softwareCreator>ABBYY</softwareCreator>
<softwareName>ABBYY Recognition Server</softwareName>
<softwareVersion>4.0</softwareVersion>
</processingSoftware>
</ocrProcessingStep>
</OCRProcessing>
</Description>
<Styles>
<ParagraphStyle ID="StyleId-FFFFFFFF-FFFF-FFFF-FFFF-FFFFFFFFFFFF-" ALIGN="Left" LEFT="0." RIGHT="0." FIRSTLINE="0."/>
<ParagraphStyle ID="StyleId-204B5AEB-67A1-44E2-A013-34B3A0F3E0EA-" ALIGN="Right" LEFT="0." RIGHT="0." FIRSTLINE="0." LINESPACE="8.300000191"/>
<ParagraphStyle ID="StyleId-03245871-796C-4429-B3C7-F9019C8C5B89-" ALIGN="Left" LEFT="0." RIGHT="0." FIRSTLINE="0." LINESPACE="12.19999981"/>
<ParagraphStyle ID="StyleId-BDCA8811-25FF-44DB-8D6F-2072A4ABC070-" ALIGN="Center" LEFT="0." RIGHT="0." FIRSTLINE="0." LINESPACE="12.19999981"/>
<ParagraphStyle ID="StyleId-2C5B7DF0-AF87-455E-B9A8-6FE387CB59BD-" ALIGN="Left" LEFT="0." RIGHT="0." FIRSTLINE="-13." LINESPACE="8.479999542"/>
<ParagraphStyle ID="StyleId-9FB72FA1-55D5-4161-8333-823D5732F4D0-" ALIGN="Block" LEFT="0." RIGHT="0." FIRSTLINE="-14." LINESPACE="10."/>
<ParagraphStyle ID="StyleId-212AEB8C-A829-4BF1-8E45-5BFE386A469C-" ALIGN="Block" LEFT="0." RIGHT="0." FIRSTLINE="-14." LINESPACE="11.35000038"/>
<ParagraphStyle ID="StyleId-4EC79CC1-EA62-49CE-ABB6-D84DDFCF4C7D-" ALIGN="Block" LEFT="0." RIGHT="0." FIRSTLINE="-10." LINESPACE="12.19999981"/>
<ParagraphStyle ID="StyleId-DAF2E8EE-6444-4951-9284-36A6C020C887-" ALIGN="Left" LEFT="0." RIGHT="0." FIRSTLINE="0." LINESPACE="9.399999619"/>
<ParagraphStyle ID="StyleId-25241749-1672-4977-B19F-38F59800D6D8-" ALIGN="Left" LEFT="0." RIGHT="0." FIRSTLINE="0." LINESPACE="11.10000038"/>
<ParagraphStyle ID="StyleId-8C523E19-EDEF-4F23-B010-536E1A1AAE1A-" ALIGN="Left" LEFT="0." RIGHT="0." FIRSTLINE="-13." LINESPACE="12.19999981"/>
<ParagraphStyle ID="StyleId-A1F9DE9E-2625-4D8B-AD7E-F0A0034C2989-" ALIGN="Block" LEFT="0." RIGHT="0." FIRSTLINE="0." LINESPACE="12.19999981"/>
<ParagraphStyle ID="StyleId-5725BB01-2B1C-440F-BAF2-696C4F4DF162-" ALIGN="Block" LEFT="0." RIGHT="0." FIRSTLINE="13." LINESPACE="12.19999981"/>
<ParagraphStyle ID="StyleId-F10A2092-61AA-44FD-99C2-123B3A8051CF-" ALIGN="Left" LEFT="0." RIGHT="0." FIRSTLINE="0." LINESPACE="5.5"/>
<ParagraphStyle ID="StyleId-B3CDC8CC-D2E1-4A23-B67C-CDD40993D1DD-" ALIGN="Left" LEFT="0." RIGHT="0." FIRSTLINE="0." LINESPACE="10."/>
<ParagraphStyle ID="StyleId-871EBF53-D909-4C8F-B368-AC7D897344DD-" ALIGN="Left" LEFT="0." RIGHT="0." FIRSTLINE="0."/>
<ParagraphStyle ID="StyleId-C4129744-680B-4878-B2C4-44BA3742C8D7-" ALIGN="Block" LEFT="0." RIGHT="0." FIRSTLINE="-14." LINESPACE="11.35000038"/>
<ParagraphStyle ID="StyleId-9CE98075-0B04-43D4-88D8-CE3BAB51B419-" ALIGN="Block" LEFT="0." RIGHT="0." FIRSTLINE="-10." LINESPACE="12.19999981"/>
<ParagraphStyle ID="StyleId-B2CFB7B3-DFFA-4E0E-94D6-C2BCE88DA9A9-" ALIGN="Left" LEFT="0." RIGHT="0." FIRSTLINE="0." LINESPACE="12.5"/>
<ParagraphStyle ID="StyleId-8D3352F3-1084-4DDE-A35D-B97102CCE686-" ALIGN="Left" LEFT="0." RIGHT="0." FIRSTLINE="0." LINESPACE="11.60000038"/>
<ParagraphStyle ID="StyleId-4A8DDA0D-166D-4E22-A597-BA51B892602D-" ALIGN="Block" LEFT="0." RIGHT="0." FIRSTLINE="0." LINESPACE="11.21000004"/>
<ParagraphStyle ID="StyleId-90EA4001-AA3C-45A1-AEDC-D1E1169EE5E5-" ALIGN="Block" LEFT="0." RIGHT="0." FIRSTLINE="13." LINESPACE="12.19999981"/>
</Styles>
<Layout>
<Page ID="Page184" PHYSICAL_IMG_NR="184" HEIGHT="4370" WIDTH="2505">
<TopMargin HEIGHT="376" WIDTH="2505" VPOS="0" HPOS="0">
</TopMargin>
<LeftMargin HEIGHT="3742" WIDTH="336" VPOS="376" HPOS="0">
</LeftMargin>
<RightMargin HEIGHT="3742" WIDTH="115" VPOS="376" HPOS="2390">
</RightMargin>
<BottomMargin HEIGHT="252" WIDTH="2505" VPOS="4118" HPOS="0">
</BottomMargin>
<PrintSpace HEIGHT="3742" WIDTH="2054" VPOS="376" HPOS="336">
<TextBlock ID="Page184_Block1" HEIGHT="70" WIDTH="120" VPOS="4048" HPOS="1310" LANG="en-US" STYLEREFS="StyleId-72115BD4-3571-43E7-B06D-DE2BC7982364-">
<TextLine HEIGHT="51" WIDTH="101" VPOS="4057" HPOS="1319">
<String CONTENT="184" HEIGHT="51" WIDTH="101" VPOS="4057" HPOS="1319"/>
</TextLine>
</TextBlock>
<TextBlock ID="Page184_Block2" HEIGHT="3680" WIDTH="2054" VPOS="376" HPOS="336" LANG="en-US" CS="1" STYLEREFS="StyleId-AA103102-9C07-4107-9FDA-85BD2874D621-">
<TextLine HEIGHT="66" WIDTH="760" VPOS="386" HPOS="347" STYLEREFS="StyleId-1EE33022-A0B8-4CBE-8AC1-F3A39B3C2F7C-" LANG="de">
<String CONTENT="Herbert," HEIGHT="65" WIDTH="280" VPOS="387" HPOS="347"/>
<SP HEIGHT="65" WIDTH="30" VPOS="387" HPOS="628"/>
<String CONTENT="Alan" HEIGHT="55" WIDTH="155" VPOS="387" HPOS="659"/>
<SP HEIGHT="53" WIDTH="27" VPOS="387" HPOS="815"/>
<String CONTENT="Patrick." HEIGHT="57" WIDTH="264" VPOS="386" HPOS="843"/>
</TextLine>
<TextLine HEIGHT="71" WIDTH="773" VPOS="465" HPOS="418" STYLEREFS="StyleId-C46F1FC5-86A2-4548-B251-A1A4B4BCF140-">
<String CONTENT="Mr." HEIGHT="54" WIDTH="110" VPOS="466" HPOS="418"/>
<SP HEIGHT="52" WIDTH="29" VPOS="467" HPOS="529"/>
<String CONTENT="Dough&#8217;s" HEIGHT="71" WIDTH="259" VPOS="465" HPOS="559"/>
<SP HEIGHT="53" WIDTH="30" VPOS="467" HPOS="819"/>
<String CONTENT="diary." HEIGHT="71" WIDTH="183" VPOS="465" HPOS="850"/>
<SP HEIGHT="49" WIDTH="78" VPOS="471" HPOS="1034"/>
<String CONTENT="15." HEIGHT="49" WIDTH="78" VPOS="471" HPOS="1113"/>
</TextLine>
<TextLine HEIGHT="54" WIDTH="1026" VPOS="543" HPOS="432" STYLEREFS="StyleId-498AA233-9D55-4E76-A188-373989D16FDF-">
<String CONTENT="(In" HEIGHT="50" WIDTH="85" VPOS="545" HPOS="432"/>
<SP HEIGHT="44" WIDTH="26" VPOS="545" HPOS="518"/>
<String CONTENT="Punch" HEIGHT="45" WIDTH="171" VPOS="544" HPOS="545"/>
<SP HEIGHT="44" WIDTH="29" VPOS="544" HPOS="717"/>
<String CONTENT="magazine," HEIGHT="54" WIDTH="277" VPOS="543" HPOS="747"/>
<SP HEIGHT="54" WIDTH="29" VPOS="543" HPOS="1025"/>
<String CONTENT="Dec." HEIGHT="46" WIDTH="116" VPOS="543" HPOS="1055"/>
<SP HEIGHT="44" WIDTH="31" VPOS="546" HPOS="1172"/>
<String CONTENT="31," HEIGHT="52" WIDTH="73" VPOS="545" HPOS="1204"/>
<SP HEIGHT="53" WIDTH="32" VPOS="544" HPOS="1278"/>
<String CONTENT="1930)" HEIGHT="53" WIDTH="147" VPOS="544" HPOS="1311"/>
</TextLine>
<TextLine HEIGHT="54" WIDTH="2015" VPOS="616" HPOS="353" CS="1">
<String CONTENT="&#169;" HEIGHT="53" WIDTH="53" VPOS="616" HPOS="353"/>
<SP/>
<String CS="1" CONTENT="1c."/>
<SP/>
<String CONTENT="Feb." HEIGHT="42" WIDTH="113" VPOS="619" HPOS="527"/>
<SP HEIGHT="42" WIDTH="22" VPOS="619" HPOS="641"/>
<String CS="1" CONTENT="26," HEIGHT="50" WIDTH="71" VPOS="619" HPOS="664"/>
<SP HEIGHT="49" WIDTH="23" VPOS="620" HPOS="736"/>
<String CS="1" CONTENT="1931;" HEIGHT="41" WIDTH="114" VPOS="619" HPOS="760"/>
<SP HEIGHT="46" WIDTH="26" VPOS="620" HPOS="903"/>
<!-- cceid DE98D548-6E8D-1014-9CF5-AEB3FCA41D69 --><String CONTENT="A" HEIGHT="39" WIDTH="41" VPOS="620" HPOS="930"/>
<SP HEIGHT="39" WIDTH="23" VPOS="620" HPOS="972"/>
<String CONTENT="ad" HEIGHT="39" WIDTH="64" VPOS="620" HPOS="996"/>
<SP HEIGHT="39" WIDTH="22" VPOS="620" HPOS="1061"/>
<String CONTENT="int." HEIGHT="40" WIDTH="86" VPOS="620" HPOS="1084"/>
<SP HEIGHT="40" WIDTH="26" VPOS="620" HPOS="1171"/>
<String CS="1" CONTENT="14779;" HEIGHT="42" WIDTH="149" VPOS="618" HPOS="1198"/>
<SP HEIGHT="38" WIDTH="25" VPOS="630" HPOS="1373"/>
<String CONTENT="pubd." HEIGHT="48" WIDTH="145" VPOS="620" HPOS="1399"/>
<SP HEIGHT="43" WIDTH="24" VPOS="619" HPOS="1545"/>
<String CONTENT="Dec." HEIGHT="43" WIDTH="114" VPOS="619" HPOS="1570"/>
<SP HEIGHT="43" WIDTH="24" VPOS="619" HPOS="1685"/>
<String CONTENT="31," HEIGHT="51" WIDTH="69" VPOS="619" HPOS="1710"/>
<SP HEIGHT="49" WIDTH="26" VPOS="621" HPOS="1780"/>
<String CS="1" CONTENT="1930;" HEIGHT="43" WIDTH="120" VPOS="619" HPOS="1807"/>
<SP HEIGHT="49" WIDTH="28" VPOS="620" HPOS="1951"/>
<String CONTENT="A." HEIGHT="43" WIDTH="56" VPOS="620" HPOS="1980"/>
<SP HEIGHT="42" WIDTH="23" VPOS="621" HPOS="2037"/>
<String CONTENT="P." HEIGHT="42" WIDTH="54" VPOS="621" HPOS="2061"/>
<SP HEIGHT="41" WIDTH="25" VPOS="622" HPOS="2116"/>
<String CONTENT="Herbert," HEIGHT="49" WIDTH="226" VPOS="621" HPOS="2142"/>
</TextLine>
<TextLine HEIGHT="41" WIDTH="214" VPOS="678" HPOS="421">
<String CONTENT="London." HEIGHT="41" WIDTH="214" VPOS="678" HPOS="421"/>
</TextLine>
<TextLine HEIGHT="67" WIDTH="988" VPOS="785" HPOS="349" STYLEREFS="StyleId-C46F1FC5-86A2-4548-B251-A1A4B4BCF140-">
<String CONTENT="Holden," HEIGHT="67" WIDTH="249" VPOS="785" HPOS="349"/>
<SP HEIGHT="65" WIDTH="29" VPOS="787" HPOS="599"/>
<String CONTENT="George" HEIGHT="65" WIDTH="230" VPOS="787" HPOS="629"/>
<SP HEIGHT="52" WIDTH="24" VPOS="788" HPOS="860"/>
<String CONTENT="Parker," HEIGHT="65" WIDTH="247" VPOS="787" HPOS="885"/>
<SP HEIGHT="58" WIDTH="29" VPOS="794" HPOS="1133"/>
<String CONTENT="1869-" HEIGHT="51" WIDTH="174" VPOS="792" HPOS="1163"/>
</TextLine>
<TextLine HEIGHT="149" WIDTH="1998" VPOS="863" HPOS="348" STYLEREFS="StyleId-C46F1FC5-86A2-4548-B251-A1A4B4BCF140-" CS="1">
<String CONTENT="Angling;" HEIGHT="70" WIDTH="294" VPOS="863" HPOS="415"/>
<SP HEIGHT="50" WIDTH="34" VPOS="882" HPOS="710"/>
<String CONTENT="recollections" HEIGHT="58" WIDTH="387" VPOS="863" HPOS="745"/>
<SP HEIGHT="37" WIDTH="31" VPOS="884" HPOS="1133"/>
<String CONTENT="and" HEIGHT="54" WIDTH="114" VPOS="865" HPOS="1165"/>
<SP HEIGHT="69" WIDTH="30" VPOS="865" HPOS="1280"/>
<String CONTENT="practice," HEIGHT="71" WIDTH="267" VPOS="865" HPOS="1311"/>
<SP HEIGHT="71" WIDTH="31" VPOS="865" HPOS="1579"/>
<String CONTENT="by" HEIGHT="72" WIDTH="77" VPOS="865" HPOS="1611"/>
<SP HEIGHT="73" WIDTH="32" VPOS="864" HPOS="1689"/>
<String CONTENT="George" HEIGHT="71" WIDTH="220" VPOS="864" HPOS="1722"/>
<SP HEIGHT="52" WIDTH="29" VPOS="866" HPOS="1943"/>
<String CONTENT="Parker" HEIGHT="55" WIDTH="220" VPOS="864" HPOS="1973"/>
<SP HEIGHT="52" WIDTH="32" VPOS="866" HPOS="2194"/>
<String CONTENT="Holden" HEIGHT="133" WIDTH="1998" VPOS="865" HPOS="348"/>
<SP HEIGHT="35" WIDTH="34" VPOS="962" HPOS="459"/>
<String CS="1" CONTENT="&#8230;"/>
<SP HEIGHT="55" WIDTH="71" VPOS="942" HPOS="552"/>
<String CONTENT="New" HEIGHT="55" WIDTH="140" VPOS="942" HPOS="624"/>
<SP HEIGHT="55" WIDTH="33" VPOS="942" HPOS="765"/>
<String CONTENT="York," HEIGHT="70" WIDTH="179" VPOS="942" HPOS="799"/>
</TextLine>
<TextLine HEIGHT="71" WIDTH="1358" VPOS="942" HPOS="1009" STYLEREFS="StyleId-C46F1FC5-86A2-4548-B251-A1A4B4BCF140-">
<String CONTENT="London," HEIGHT="70" WIDTH="263" VPOS="942" HPOS="1009"/>
<SP HEIGHT="69" WIDTH="29" VPOS="943" HPOS="1273"/>
<String CONTENT="D." HEIGHT="54" WIDTH="70" VPOS="943" HPOS="1303"/>
<SP HEIGHT="54" WIDTH="34" VPOS="943" HPOS="1374"/>
<String CONTENT="Appleton" HEIGHT="69" WIDTH="296" VPOS="943" HPOS="1409"/>
<SP HEIGHT="35" WIDTH="32" VPOS="962" HPOS="1706"/>
<String CONTENT="and" HEIGHT="54" WIDTH="113" VPOS="943" HPOS="1739"/>
<SP HEIGHT="54" WIDTH="30" VPOS="943" HPOS="1853"/>
<String CONTENT="company," HEIGHT="52" WIDTH="297" VPOS="961" HPOS="1884"/>
<SP HEIGHT="65" WIDTH="33" VPOS="946" HPOS="2182"/>
<String CONTENT="1981." HEIGHT="50" WIDTH="151" VPOS="946" HPOS="2216"/>
</TextLine>
<TextLine HEIGHT="51" WIDTH="1509" VPOS="1023" HPOS="420" CS="1">
<String CONTENT="xii" HEIGHT="41" WIDTH="72" VPOS="1023" HPOS="420"/>
<SP HEIGHT="50" WIDTH="21" VPOS="1023" HPOS="493"/>
<String CONTENT="p.," HEIGHT="38" WIDTH="58" VPOS="1035" HPOS="515"/>
<SP HEIGHT="49" WIDTH="23" VPOS="1023" HPOS="574"/>
<String CONTENT="3" HEIGHT="42" WIDTH="27" VPOS="1023" HPOS="598"/>
<SP HEIGHT="42" WIDTH="23" VPOS="1023" HPOS="626"/>
<String CS="1" CONTENT="l.,"/>
<SP HEIGHT="49" WIDTH="21" VPOS="1023" HPOS="697"/>
<String CONTENT="3-186," HEIGHT="50" WIDTH="161" VPOS="1023" HPOS="719"/>
<SP HEIGHT="31" WIDTH="29" VPOS="1043" HPOS="881"/>
<String CONTENT="[1]" HEIGHT="51" WIDTH="54" VPOS="1023" HPOS="911"/>
<SP HEIGHT="40" WIDTH="26" VPOS="1034" HPOS="966"/>
<String CONTENT="p." HEIGHT="39" WIDTH="43" VPOS="1034" HPOS="993"/>
<SP HEIGHT="42" WIDTH="59" VPOS="1023" HPOS="1037"/>
<String CONTENT="front.," HEIGHT="50" WIDTH="168" VPOS="1023" HPOS="1097"/>
<SP HEIGHT="49" WIDTH="23" VPOS="1024" HPOS="1266"/>
<String CONTENT="illus.," HEIGHT="49" WIDTH="145" VPOS="1024" HPOS="1290"/>
<SP HEIGHT="38" WIDTH="23" VPOS="1035" HPOS="1436"/>
<String CONTENT="plates," HEIGHT="48" WIDTH="174" VPOS="1025" HPOS="1460"/>
<SP HEIGHT="38" WIDTH="25" VPOS="1036" HPOS="1635"/>
<String CONTENT="ports." HEIGHT="48" WIDTH="152" VPOS="1026" HPOS="1661"/>
<SP HEIGHT="42" WIDTH="56" VPOS="1025" HPOS="1814"/>
<String CS="1" CONTENT="19&#189;&#7580;&#7504;." HEIGHT="42" WIDTH="58" VPOS="1024" HPOS="1871"/>
</TextLine>
<TextLine HEIGHT="55" WIDTH="2015" VPOS="1092" HPOS="356">
<String CONTENT="&#169;" HEIGHT="53" WIDTH="52" VPOS="1092" HPOS="356"/>
<SP HEIGHT="53" WIDTH="40" VPOS="1092" HPOS="409"/>
<String CONTENT="Feb." HEIGHT="42" WIDTH="112" VPOS="1097" HPOS="450"/>
<SP HEIGHT="41" WIDTH="37" VPOS="1098" HPOS="563"/>
<String CONTENT="13," HEIGHT="50" WIDTH="69" VPOS="1097" HPOS="601"/>
<SP HEIGHT="49" WIDTH="38" VPOS="1098" HPOS="671"/>
<String CONTENT="1931;" HEIGHT="49" WIDTH="143" VPOS="1096" HPOS="710"/>
<SP HEIGHT="48" WIDTH="38" VPOS="1097" HPOS="854"/>
<String CONTENT="2c." HEIGHT="41" WIDTH="68" VPOS="1097" HPOS="893"/>
<SP HEIGHT="41" WIDTH="39" VPOS="1097" HPOS="962"/>
<String CONTENT="Feb." HEIGHT="42" WIDTH="112" VPOS="1097" HPOS="1002"/>
<SP HEIGHT="41" WIDTH="38" VPOS="1098" HPOS="1115"/>
<String CONTENT="16;" HEIGHT="49" WIDTH="83" VPOS="1096" HPOS="1154"/>
<SP HEIGHT="37" WIDTH="41" VPOS="1108" HPOS="1238"/>
<String CONTENT="aff." HEIGHT="43" WIDTH="83" VPOS="1096" HPOS="1280"/>
<SP HEIGHT="42" WIDTH="38" VPOS="1097" HPOS="1364"/>
<String CONTENT="Feb." HEIGHT="42" WIDTH="112" VPOS="1097" HPOS="1403"/>
<SP HEIGHT="41" WIDTH="38" VPOS="1098" HPOS="1516"/>
<String CONTENT="17;" HEIGHT="47" WIDTH="84" VPOS="1098" HPOS="1555"/>
<SP HEIGHT="49" WIDTH="39" VPOS="1096" HPOS="1640"/>
<!-- cceid DE99A660-6E8D-1014-9CF5-AEB3FCA41D69 --><String CONTENT="A" HEIGHT="41" WIDTH="44" VPOS="1096" HPOS="1680"/>
<SP HEIGHT="42" WIDTH="34" VPOS="1096" HPOS="1725"/>
<String CONTENT="34378;" HEIGHT="49" WIDTH="174" VPOS="1096" HPOS="1760"/>
<SP HEIGHT="49" WIDTH="41" VPOS="1096" HPOS="1935"/>
<String LANG="fr" CONTENT="G." HEIGHT="43" WIDTH="55" VPOS="1096" HPOS="1977"/>
<SP HEIGHT="42" WIDTH="38" VPOS="1097" HPOS="2033"/>
<String CONTENT="P." HEIGHT="41" WIDTH="50" VPOS="1097" HPOS="2072"/>
<SP HEIGHT="41" WIDTH="40" VPOS="1097" HPOS="2123"/>
<String CONTENT="Holden," HEIGHT="49" WIDTH="207" VPOS="1096" HPOS="2164"/>
</TextLine>
<TextLine HEIGHT="51" WIDTH="738" VPOS="1153" HPOS="424">
<String CONTENT="Yonkers," HEIGHT="49" WIDTH="235" VPOS="1155" HPOS="424"/>
<SP HEIGHT="48" WIDTH="30" VPOS="1156" HPOS="660"/>
<String LANG="fr" CONTENT="N." HEIGHT="41" WIDTH="58" VPOS="1156" HPOS="691"/>
<SP HEIGHT="41" WIDTH="32" VPOS="1156" HPOS="750"/>
<String CONTENT="Y." HEIGHT="40" WIDTH="55" VPOS="1156" HPOS="783"/>
<SP HEIGHT="49" WIDTH="69" VPOS="1155" HPOS="839"/>
<String CONTENT="(31-4779)" HEIGHT="51" WIDTH="253" VPOS="1153" HPOS="909"/>
</TextLine>
<TextLine HEIGHT="67" WIDTH="1040" VPOS="1264" HPOS="350" STYLEREFS="StyleId-1EE33022-A0B8-4CBE-8AC1-F3A39B3C2F7C-">
<String CONTENT="Hughes," HEIGHT="66" WIDTH="271" VPOS="1265" HPOS="350"/>
<SP HEIGHT="65" WIDTH="27" VPOS="1266" HPOS="622"/>
<String CONTENT="William" HEIGHT="55" WIDTH="259" VPOS="1264" HPOS="650"/>
<SP HEIGHT="54" WIDTH="29" VPOS="1265" HPOS="910"/>
<String CONTENT="Joseph," HEIGHT="65" WIDTH="242" VPOS="1265" HPOS="940"/>
<SP HEIGHT="59" WIDTH="31" VPOS="1271" HPOS="1183"/>
<String CONTENT="1863-" HEIGHT="51" WIDTH="175" VPOS="1270" HPOS="1215"/>
</TextLine>
<TextLine HEIGHT="70" WIDTH="1724" VPOS="1342" HPOS="421" STYLEREFS="StyleId-C46F1FC5-86A2-4548-B251-A1A4B4BCF140-" CS="1">
<String CONTENT="Federal" HEIGHT="53" WIDTH="245" VPOS="1343" HPOS="421"/>
<SP HEIGHT="68" WIDTH="33" VPOS="1343" HPOS="667"/>
<String CONTENT="practice," HEIGHT="68" WIDTH="269" VPOS="1343" HPOS="701"/>
<SP HEIGHT="69" WIDTH="32" VPOS="1342" HPOS="971"/>
<String CONTENT="jurisdiction" HEIGHT="69" WIDTH="372" VPOS="1342" HPOS="1004"/>
<SP HEIGHT="50" WIDTH="34" VPOS="1345" HPOS="1377"/>
<String CONTENT="&amp;" HEIGHT="50" WIDTH="47" VPOS="1345" HPOS="1412"/>
<SP HEIGHT="66" WIDTH="30" VPOS="1345" HPOS="1460"/>
<String CONTENT="procedure," HEIGHT="69" WIDTH="332" VPOS="1343" HPOS="1491"/>
<SP HEIGHT="51" WIDTH="32" VPOS="1361" HPOS="1824"/>
<String CONTENT="civil" HEIGHT="55" WIDTH="136" VPOS="1342" HPOS="1857"/>
<SP HEIGHT="52" WIDTH="35" VPOS="1343" HPOS="1994"/>
<String CONTENT="and" HEIGHT="54" WIDTH="115" VPOS="1342" HPOS="2030"/>
</TextLine>
<TextLine HEIGHT="150" WIDTH="2024" VPOS="1341" HPOS="349" STYLEREFS="StyleId-C46F1FC5-86A2-4548-B251-A1A4B4BCF140-" CS="1">
<String CONTENT="criminal," HEIGHT="147" WIDTH="1996" VPOS="1341" HPOS="349"/>
<SP HEIGHT="49" WIDTH="29" VPOS="1439" HPOS="466"/>
<String CONTENT="with" HEIGHT="53" WIDTH="142" VPOS="1420" HPOS="496"/>
<SP HEIGHT="54" WIDTH="29" VPOS="1419" HPOS="639"/>
<String CONTENT="forms," HEIGHT="70" WIDTH="200" VPOS="1419" HPOS="669"/>
<SP HEIGHT="68" WIDTH="29" VPOS="1421" HPOS="870"/>
<String CONTENT="by" HEIGHT="69" WIDTH="75" VPOS="1421" HPOS="900"/>
<SP HEIGHT="70" WIDTH="26" VPOS="1420" HPOS="976"/>
<String CONTENT="William" HEIGHT="55" WIDTH="266" VPOS="1420" HPOS="1003"/>
<SP HEIGHT="55" WIDTH="29" VPOS="1420" HPOS="1270"/>
<String CONTENT="J." HEIGHT="55" WIDTH="56" VPOS="1420" HPOS="1300"/>
<SP HEIGHT="53" WIDTH="31" VPOS="1421" HPOS="1357"/>
<String CONTENT="Hughes" HEIGHT="69" WIDTH="244" VPOS="1421" HPOS="1389"/>
<SP HEIGHT="35" WIDTH="36" VPOS="1440" HPOS="1634"/>
<String CS="1" CONTENT="&#8230;"/>
<SP HEIGHT="35" WIDTH="35" VPOS="1439" HPOS="1730"/>
<String CONTENT="assisted" HEIGHT="54" WIDTH="240" VPOS="1421" HPOS="1766"/>
<SP HEIGHT="54" WIDTH="28" VPOS="1420" HPOS="2007"/>
<String CONTENT="by" HEIGHT="71" WIDTH="78" VPOS="1420" HPOS="2036"/>
<SP HEIGHT="72" WIDTH="31" VPOS="1419" HPOS="2115"/>
<String CONTENT="George" HEIGHT="70" WIDTH="226" VPOS="1419" HPOS="2147"/>
</TextLine>
<TextLine HEIGHT="71" WIDTH="1916" VPOS="1500" HPOS="355" STYLEREFS="StyleId-C46F1FC5-86A2-4548-B251-A1A4B4BCF140-" CS="1">
<String CONTENT="C." HEIGHT="55" WIDTH="60" VPOS="1500" HPOS="355"/>
<SP HEIGHT="51" WIDTH="33" VPOS="1502" HPOS="416"/>
<String CONTENT="Thorpe" HEIGHT="67" WIDTH="232" VPOS="1502" HPOS="450"/>
<SP HEIGHT="34" WIDTH="33" VPOS="1520" HPOS="683"/>
<String CS="1" CONTENT="&#8230;"/>
<SP HEIGHT="55" WIDTH="81" VPOS="1500" HPOS="774"/>
<String CONTENT="St." HEIGHT="55" WIDTH="82" VPOS="1500" HPOS="856"/>
<SP HEIGHT="51" WIDTH="31" VPOS="1502" HPOS="939"/>
<String CONTENT="Paul," HEIGHT="68" WIDTH="166" VPOS="1501" HPOS="971"/>
<SP HEIGHT="68" WIDTH="28" VPOS="1501" HPOS="1138"/>
<String CONTENT="Minn.," HEIGHT="68" WIDTH="205" VPOS="1501" HPOS="1167"/>
<SP HEIGHT="68" WIDTH="26" VPOS="1501" HPOS="1373"/>
<String CONTENT="West" HEIGHT="54" WIDTH="161" VPOS="1501" HPOS="1400"/>
<SP HEIGHT="62" WIDTH="28" VPOS="1507" HPOS="1562"/>
<String CONTENT="publishing" HEIGHT="71" WIDTH="339" VPOS="1500" HPOS="1591"/>
<SP HEIGHT="51" WIDTH="25" VPOS="1520" HPOS="1931"/>
<String CONTENT="co." HEIGHT="37" WIDTH="80" VPOS="1518" HPOS="1957"/>
<SP HEIGHT="33" WIDTH="37" VPOS="1535" HPOS="2038"/>
<String STYLE="subscript" CONTENT="[" HEIGHT="33" WIDTH="15" VPOS="1535" HPOS="2076"/>
<String STYLE="superscript" CS="1" CONTENT="&#7580;19"/>
<String CONTENT="31" HEIGHT="49" WIDTH="65" VPOS="1504" HPOS="2186"/>
<String STYLE="subscript" CONTENT="]" HEIGHT="34" WIDTH="13" VPOS="1534" HPOS="2258"/>
</TextLine>
<TextLine HEIGHT="51" WIDTH="931" VPOS="1581" HPOS="425" CS="1">
<String CONTENT="4" HEIGHT="38" WIDTH="30" VPOS="1583" HPOS="425"/>
<SP/>
<String CS="1" CONTENT="v." HEIGHT="9" WIDTH="8" VPOS="1614" HPOS="520"/>
<SP HEIGHT="41" WIDTH="57" VPOS="1582" HPOS="529"/>
<String CS="1" CONTENT="fold."/>
<SP HEIGHT="41" WIDTH="30" VPOS="1582" HPOS="709"/>
<String CONTENT="diagr." HEIGHT="48" WIDTH="156" VPOS="1582" HPOS="740"/>
<SP HEIGHT="49" WIDTH="28" VPOS="1581" HPOS="897"/>
<String CONTENT="(in" HEIGHT="49" WIDTH="76" VPOS="1581" HPOS="926"/>
<SP HEIGHT="38" WIDTH="29" VPOS="1593" HPOS="1003"/>
<String CONTENT="pocket)" HEIGHT="50" WIDTH="198" VPOS="1582" HPOS="1033"/>
<SP HEIGHT="51" WIDTH="66" VPOS="1581" HPOS="1232"/>
<String CS="1" CONTENT="23&#189;" HEIGHT="42" WIDTH="57" VPOS="1581" HPOS="1299"/>
<String STYLE="superscript" CS="1" CONTENT="&#7580;&#7504;."/>
</TextLine>
<TextLine HEIGHT="42" WIDTH="1036" VPOS="1638" HPOS="422">
<String CONTENT="Pocket" HEIGHT="41" WIDTH="181" VPOS="1638" HPOS="422"/>
<SP HEIGHT="39" WIDTH="26" VPOS="1640" HPOS="604"/>
<String CONTENT="device" HEIGHT="41" WIDTH="164" VPOS="1638" HPOS="631"/>
<SP HEIGHT="30" WIDTH="28" VPOS="1649" HPOS="796"/>
<String CONTENT="at" HEIGHT="39" WIDTH="53" VPOS="1640" HPOS="825"/>
<SP HEIGHT="39" WIDTH="25" VPOS="1640" HPOS="879"/>
<String CONTENT="end" HEIGHT="39" WIDTH="92" VPOS="1640" HPOS="905"/>
<SP HEIGHT="39" WIDTH="27" VPOS="1640" HPOS="998"/>
<String CONTENT="of" HEIGHT="40" WIDTH="52" VPOS="1639" HPOS="1026"/>
<SP HEIGHT="41" WIDTH="25" VPOS="1639" HPOS="1079"/>
<String CONTENT="each" HEIGHT="40" WIDTH="119" VPOS="1640" HPOS="1105"/>
<SP HEIGHT="38" WIDTH="28" VPOS="1640" HPOS="1225"/>
<String CONTENT="volume." HEIGHT="40" WIDTH="204" VPOS="1639" HPOS="1254"/>
</TextLine>
<TextLine HEIGHT="55" WIDTH="1982" VPOS="1705" HPOS="390" CS="1">
<String CS="1" CONTENT="v." HEIGHT="8" WIDTH="8" VPOS="1742" HPOS="390"/>
<SP HEIGHT="38" WIDTH="25" VPOS="1712" HPOS="399"/>
<String CONTENT="1," HEIGHT="48" WIDTH="41" VPOS="1712" HPOS="425"/>
<SP HEIGHT="55" WIDTH="26" VPOS="1705" HPOS="467"/>
<String CONTENT="&#169;" HEIGHT="54" WIDTH="53" VPOS="1705" HPOS="494"/>
<SP HEIGHT="54" WIDTH="25" VPOS="1705" HPOS="548"/>
<String CONTENT="Jan." HEIGHT="41" WIDTH="111" VPOS="1711" HPOS="574"/>
<SP HEIGHT="44" WIDTH="23" VPOS="1708" HPOS="686"/>
<String CONTENT="24," HEIGHT="51" WIDTH="71" VPOS="1708" HPOS="710"/>
<SP HEIGHT="48" WIDTH="24" VPOS="1711" HPOS="782"/>
<String CONTENT="1931;" HEIGHT="49" WIDTH="143" VPOS="1709" HPOS="807"/>
<SP HEIGHT="37" WIDTH="27" VPOS="1721" HPOS="951"/>
<String CONTENT="v." HEIGHT="29" WIDTH="43" VPOS="1723" HPOS="979"/>
<SP HEIGHT="41" WIDTH="23" VPOS="1711" HPOS="1023"/>
<String CONTENT="2," HEIGHT="48" WIDTH="42" VPOS="1711" HPOS="1047"/>
<SP HEIGHT="54" WIDTH="27" VPOS="1705" HPOS="1090"/>
<String CONTENT="&#169;" HEIGHT="54" WIDTH="53" VPOS="1705" HPOS="1118"/>
<SP HEIGHT="54" WIDTH="27" VPOS="1705" HPOS="1172"/>
<String CONTENT="Jan." HEIGHT="41" WIDTH="111" VPOS="1711" HPOS="1200"/>
<SP HEIGHT="43" WIDTH="24" VPOS="1709" HPOS="1312"/>
<String CONTENT="26;" HEIGHT="50" WIDTH="86" VPOS="1709" HPOS="1337"/>
<SP HEIGHT="38" WIDTH="26" VPOS="1721" HPOS="1424"/>
<String CONTENT="v." HEIGHT="31" WIDTH="43" VPOS="1722" HPOS="1451"/>
<SP HEIGHT="42" WIDTH="25" VPOS="1711" HPOS="1495"/>
<String CONTENT="3," HEIGHT="49" WIDTH="41" VPOS="1711" HPOS="1521"/>
<SP HEIGHT="55" WIDTH="28" VPOS="1705" HPOS="1563"/>
<String CONTENT="&#169;" HEIGHT="54" WIDTH="53" VPOS="1705" HPOS="1592"/>
<SP HEIGHT="54" WIDTH="27" VPOS="1705" HPOS="1646"/>
<String CONTENT="Jan." HEIGHT="40" WIDTH="112" VPOS="1712" HPOS="1674"/>
<SP HEIGHT="43" WIDTH="23" VPOS="1709" HPOS="1787"/>
<String CONTENT="28;" HEIGHT="50" WIDTH="85" VPOS="1709" HPOS="1811"/>
<SP HEIGHT="38" WIDTH="27" VPOS="1721" HPOS="1897"/>
<String CONTENT="v." HEIGHT="30" WIDTH="43" VPOS="1722" HPOS="1925"/>
<SP HEIGHT="40" WIDTH="25" VPOS="1712" HPOS="1969"/>
<String CONTENT="4," HEIGHT="48" WIDTH="41" VPOS="1712" HPOS="1995"/>
<SP HEIGHT="55" WIDTH="29" VPOS="1705" HPOS="2037"/>
<String CONTENT="&#169;" HEIGHT="54" WIDTH="54" VPOS="1705" HPOS="2067"/>
<SP HEIGHT="54" WIDTH="28" VPOS="1705" HPOS="2122"/>
<String CONTENT="Jan." HEIGHT="40" WIDTH="110" VPOS="1712" HPOS="2151"/>
<SP HEIGHT="39" WIDTH="26" VPOS="1712" HPOS="2262"/>
<String CONTENT="19;" HEIGHT="50" WIDTH="83" VPOS="1708" HPOS="2289"/>
</TextLine>
<TextLine HEIGHT="50" WIDTH="1750" VPOS="1767" HPOS="425" CS="1">
<String CONTENT="2c." HEIGHT="40" WIDTH="68" VPOS="1768" HPOS="425"/>
<SP HEIGHT="29" WIDTH="29" VPOS="1780" HPOS="494"/>
<String CONTENT="each" HEIGHT="41" WIDTH="119" VPOS="1768" HPOS="524"/>
<SP HEIGHT="39" WIDTH="28" VPOS="1768" HPOS="644"/>
<String CONTENT="Feb." HEIGHT="42" WIDTH="111" VPOS="1768" HPOS="673"/>
<SP HEIGHT="42" WIDTH="28" VPOS="1768" HPOS="785"/>
<String CONTENT="31;" HEIGHT="48" WIDTH="84" VPOS="1768" HPOS="814"/>
<SP HEIGHT="37" WIDTH="28" VPOS="1779" HPOS="899"/>
<String CONTENT="affs." HEIGHT="42" WIDTH="110" VPOS="1767" HPOS="928"/>
<SP HEIGHT="41" WIDTH="29" VPOS="1768" HPOS="1039"/>
<String CONTENT="Feb." HEIGHT="42" WIDTH="111" VPOS="1768" HPOS="1069"/>
<SP HEIGHT="41" WIDTH="28" VPOS="1769" HPOS="1181"/>
<String CONTENT="12;" HEIGHT="49" WIDTH="85" VPOS="1768" HPOS="1210"/>
<SP HEIGHT="48" WIDTH="30" VPOS="1769" HPOS="1296"/>
<!-- cceid DE9A70F4-6E8D-1014-9CF5-AEB3FCA41D69 --><String CONTENT="A" HEIGHT="39" WIDTH="42" VPOS="1769" HPOS="1327"/>
<SP HEIGHT="40" WIDTH="25" VPOS="1769" HPOS="1370"/>
<String CONTENT="33711-33714;" HEIGHT="49" WIDTH="352" VPOS="1768" HPOS="1396"/>
<SP HEIGHT="48" WIDTH="29" VPOS="1769" HPOS="1749"/>
<String CONTENT="W." HEIGHT="42" WIDTH="73" VPOS="1769" HPOS="1779"/>
<SP HEIGHT="41" WIDTH="30" VPOS="1770" HPOS="1853"/>
<String CONTENT="J." HEIGHT="40" WIDTH="44" VPOS="1770" HPOS="1884"/>
<SP HEIGHT="41" WIDTH="29" VPOS="1769" HPOS="1929"/>
<String CONTENT="Hughes," HEIGHT="49" WIDTH="216" VPOS="1768" HPOS="1959"/>
</TextLine>
<TextLine HEIGHT="108" WIDTH="1931" VPOS="1767" HPOS="427" CS="1">
<String CONTENT="Washington." HEIGHT="107" WIDTH="1931" VPOS="1767" HPOS="427"/>
<SP HEIGHT="49" WIDTH="72" VPOS="1826" HPOS="611"/>
<String CONTENT="(31-4502)" HEIGHT="50" WIDTH="252" VPOS="1825" HPOS="684"/>
</TextLine>
<TextLine HEIGHT="71" WIDTH="1962" VPOS="1937" HPOS="415" STYLEREFS="StyleId-C46F1FC5-86A2-4548-B251-A1A4B4BCF140-" CS="1">
<String CS="1" CONTENT="&#8230;"/>
<SP HEIGHT="53" WIDTH="39" VPOS="1937" HPOS="415"/>
<String CONTENT="Index" HEIGHT="52" WIDTH="185" VPOS="1937" HPOS="455"/>
<SP HEIGHT="46" WIDTH="31" VPOS="1944" HPOS="641"/>
<String CONTENT="to" HEIGHT="48" WIDTH="58" VPOS="1944" HPOS="673"/>
<SP HEIGHT="51" WIDTH="31" VPOS="1941" HPOS="732"/>
<String CONTENT="legal" HEIGHT="68" WIDTH="151" VPOS="1940" HPOS="764"/>
<SP HEIGHT="67" WIDTH="32" VPOS="1940" HPOS="916"/>
<String CONTENT="periodicals." HEIGHT="68" WIDTH="360" VPOS="1939" HPOS="949"/>
<SP HEIGHT="51" WIDTH="75" VPOS="1940" HPOS="1310"/>
<String CONTENT="Published" HEIGHT="54" WIDTH="316" VPOS="1938" HPOS="1386"/>
<SP HEIGHT="53" WIDTH="32" VPOS="1939" HPOS="1703"/>
<String CONTENT="in" HEIGHT="53" WIDTH="61" VPOS="1939" HPOS="1736"/>
<SP HEIGHT="35" WIDTH="33" VPOS="1957" HPOS="1798"/>
<String CONTENT="conjunction" HEIGHT="69" WIDTH="365" VPOS="1938" HPOS="1832"/>
<SP HEIGHT="33" WIDTH="37" VPOS="1957" HPOS="2198"/>
<String CONTENT="with" HEIGHT="53" WIDTH="141" VPOS="1937" HPOS="2236"/>
</TextLine>
<TextLine HEIGHT="70" WIDTH="1952" VPOS="2017" HPOS="425" STYLEREFS="StyleId-C46F1FC5-86A2-4548-B251-A1A4B4BCF140-" CS="1">
<String CONTENT="the" HEIGHT="53" WIDTH="96" VPOS="2017" HPOS="425"/>
<SP HEIGHT="53" WIDTH="25" VPOS="2017" HPOS="522"/>
<String CONTENT="Law" HEIGHT="53" WIDTH="141" VPOS="2017" HPOS="548"/>
<SP HEIGHT="50" WIDTH="25" VPOS="2019" HPOS="690"/>
<String CONTENT="library" HEIGHT="70" WIDTH="221" VPOS="2017" HPOS="716"/>
<SP HEIGHT="70" WIDTH="26" VPOS="2017" HPOS="938"/>
<String CONTENT="journal." HEIGHT="69" WIDTH="246" VPOS="2017" HPOS="965"/>
<SP HEIGHT="52" WIDTH="76" VPOS="2017" HPOS="1212"/>
<String CONTENT="Eldon" HEIGHT="54" WIDTH="194" VPOS="2017" HPOS="1289"/>
<SP HEIGHT="52" WIDTH="27" VPOS="2018" HPOS="1484"/>
<String CONTENT="R." HEIGHT="52" WIDTH="69" VPOS="2018" HPOS="1512"/>
<SP HEIGHT="54" WIDTH="28" VPOS="2017" HPOS="1582"/>
<String CONTENT="James," HEIGHT="69" WIDTH="213" VPOS="2017" HPOS="1611"/>
<SP HEIGHT="49" WIDTH="25" VPOS="2037" HPOS="1825"/>
<String CONTENT="editor" HEIGHT="54" WIDTH="187" VPOS="2018" HPOS="1851"/>
<SP HEIGHT="32" WIDTH="34" VPOS="2037" HPOS="2039"/>
<String CS="1" CONTENT="&#8230;"/>
<SP HEIGHT="34" WIDTH="78" VPOS="2035" HPOS="2131"/>
<String CONTENT="v." HEIGHT="34" WIDTH="52" VPOS="2035" HPOS="2210"/>
<SP HEIGHT="49" WIDTH="27" VPOS="2020" HPOS="2263"/>
<String CONTENT="22," HEIGHT="68" WIDTH="86" VPOS="2018" HPOS="2291"/>
</TextLine>
<TextLine HEIGHT="71" WIDTH="1954" VPOS="2095" HPOS="424" STYLEREFS="StyleId-C46F1FC5-86A2-4548-B251-A1A4B4BCF140-">
<String CONTENT="23," HEIGHT="67" WIDTH="86" VPOS="2098" HPOS="424"/>
<SP HEIGHT="64" WIDTH="51" VPOS="2101" HPOS="511"/>
<String CONTENT="1929," HEIGHT="66" WIDTH="153" VPOS="2099" HPOS="563"/>
<SP HEIGHT="65" WIDTH="50" VPOS="2100" HPOS="717"/>
<String CONTENT="1930." HEIGHT="49" WIDTH="151" VPOS="2099" HPOS="768"/>
<SP HEIGHT="68" WIDTH="87" VPOS="2096" HPOS="920"/>
<String CONTENT="(Cumulative" HEIGHT="69" WIDTH="396" VPOS="2095" HPOS="1008"/>
<SP HEIGHT="35" WIDTH="48" VPOS="2114" HPOS="1405"/>
<String CONTENT="numbers)" HEIGHT="69" WIDTH="296" VPOS="2097" HPOS="1454"/>
<SP HEIGHT="70" WIDTH="84" VPOS="2096" HPOS="1751"/>
<String CONTENT="New" HEIGHT="53" WIDTH="139" VPOS="2096" HPOS="1836"/>
<SP HEIGHT="52" WIDTH="51" VPOS="2096" HPOS="1976"/>
<String CONTENT="York" HEIGHT="52" WIDTH="166" VPOS="2096" HPOS="2028"/>
<SP HEIGHT="53" WIDTH="48" VPOS="2096" HPOS="2195"/>
<String CONTENT="city," HEIGHT="69" WIDTH="134" VPOS="2095" HPOS="2244"/>
</TextLine>
<TextLine HEIGHT="71" WIDTH="1951" VPOS="2173" HPOS="426" STYLEREFS="StyleId-C46F1FC5-86A2-4548-B251-A1A4B4BCF140-">
<String CONTENT="Published" HEIGHT="54" WIDTH="318" VPOS="2174" HPOS="426"/>
<SP HEIGHT="55" WIDTH="34" VPOS="2173" HPOS="745"/>
<String CONTENT="for" HEIGHT="54" WIDTH="93" VPOS="2173" HPOS="780"/>
<SP HEIGHT="48" WIDTH="33" VPOS="2179" HPOS="874"/>
<String CONTENT="the" HEIGHT="52" WIDTH="96" VPOS="2175" HPOS="908"/>
<SP HEIGHT="53" WIDTH="33" VPOS="2174" HPOS="1005"/>
<String CONTENT="American" HEIGHT="53" WIDTH="311" VPOS="2174" HPOS="1039"/>
<SP HEIGHT="34" WIDTH="35" VPOS="2194" HPOS="1351"/>
<String CONTENT="association" HEIGHT="54" WIDTH="341" VPOS="2174" HPOS="1387"/>
<SP HEIGHT="35" WIDTH="32" VPOS="2193" HPOS="1729"/>
<String CONTENT="of" HEIGHT="53" WIDTH="65" VPOS="2175" HPOS="1762"/>
<SP HEIGHT="53" WIDTH="30" VPOS="2175" HPOS="1828"/>
<String CONTENT="law" HEIGHT="51" WIDTH="110" VPOS="2177" HPOS="1859"/>
<SP HEIGHT="50" WIDTH="35" VPOS="2177" HPOS="1970"/>
<String CONTENT="libraries" HEIGHT="55" WIDTH="263" VPOS="2173" HPOS="2006"/>
<SP HEIGHT="53" WIDTH="32" VPOS="2175" HPOS="2270"/>
<String CONTENT="by" HEIGHT="69" WIDTH="74" VPOS="2175" HPOS="2303"/>
</TextLine>
<TextLine HEIGHT="71" WIDTH="1316" VPOS="2253" HPOS="427" STYLEREFS="StyleId-C46F1FC5-86A2-4548-B251-A1A4B4BCF140-" CS="1">
<String CONTENT="The" HEIGHT="55" WIDTH="124" VPOS="2253" HPOS="427"/>
<SP HEIGHT="55" WIDTH="22" VPOS="2253" HPOS="552"/>
<String LANG="fr" CONTENT="H." HEIGHT="52" WIDTH="76" VPOS="2253" HPOS="575"/>
<SP HEIGHT="54" WIDTH="26" VPOS="2253" HPOS="652"/>
<String CONTENT="W." HEIGHT="54" WIDTH="91" VPOS="2253" HPOS="679"/>
<SP HEIGHT="54" WIDTH="24" VPOS="2254" HPOS="771"/>
<String CONTENT="Wilson" HEIGHT="54" WIDTH="226" VPOS="2254" HPOS="796"/>
<SP HEIGHT="34" WIDTH="25" VPOS="2272" HPOS="1023"/>
<String CONTENT="company" HEIGHT="52" WIDTH="284" VPOS="2271" HPOS="1049"/>
<SP HEIGHT="50" WIDTH="32" VPOS="2273" HPOS="1334"/>
<String CS="1" CONTENT="["/>
<String STYLE="superscript" CS="1" CONTENT="&#7580;19"/>
<String CONTENT="29," HEIGHT="69" WIDTH="85" VPOS="2255" HPOS="1475"/>
<SP HEIGHT="67" WIDTH="29" VPOS="2257" HPOS="1561"/>
<String CONTENT="1930]" HEIGHT="65" WIDTH="152" VPOS="2255" HPOS="1591"/>
</TextLine>
<TextLine HEIGHT="42" WIDTH="222" VPOS="2333" HPOS="424" CS="1">
<String CONTENT="2" HEIGHT="39" WIDTH="26" VPOS="2334" HPOS="424"/>
<SP/>
<String CS="1" CONTENT="v"/>
<String LANG="fr" CONTENT="." HEIGHT="8" WIDTH="8" VPOS="2367" HPOS="519"/>
<SP HEIGHT="42" WIDTH="58" VPOS="2333" HPOS="528"/>
<String CS="1" CONTENT="25&#189;&#7580;&#7504;." HEIGHT="41" WIDTH="59" VPOS="2333" HPOS="587"/>
</TextLine>
<TextLine HEIGHT="54" WIDTH="1989" VPOS="2400" HPOS="358" CS="1">
<String LANG="fr" CONTENT="v." HEIGHT="30" WIDTH="42" VPOS="2416" HPOS="358"/>
<SP HEIGHT="42" WIDTH="29" VPOS="2404" HPOS="401"/>
<String CONTENT="22," HEIGHT="49" WIDTH="70" VPOS="2404" HPOS="431"/>
<SP HEIGHT="53" WIDTH="33" VPOS="2400" HPOS="502"/>
<String CONTENT="&#169;" HEIGHT="53" WIDTH="54" VPOS="2400" HPOS="536"/>
<SP HEIGHT="53" WIDTH="26" VPOS="2400" HPOS="591"/>
<String CONTENT="Nov." HEIGHT="41" WIDTH="121" VPOS="2405" HPOS="618"/>
<SP HEIGHT="41" WIDTH="29" VPOS="2405" HPOS="740"/>
<String CONTENT="15," HEIGHT="48" WIDTH="69" VPOS="2405" HPOS="770"/>
<SP HEIGHT="48" WIDTH="29" VPOS="2405" HPOS="840"/>
<String CS="1" CONTENT="1929;" HEIGHT="42" WIDTH="116" VPOS="2403" HPOS="870"/>
<SP HEIGHT="37" WIDTH="29" VPOS="2415" HPOS="1015"/>
<String CONTENT="v." HEIGHT="31" WIDTH="44" VPOS="2416" HPOS="1045"/>
<SP HEIGHT="42" WIDTH="29" VPOS="2405" HPOS="1090"/>
<String CONTENT="23," HEIGHT="48" WIDTH="70" VPOS="2405" HPOS="1120"/>
<SP HEIGHT="53" WIDTH="33" VPOS="2400" HPOS="1191"/>
<String CONTENT="&#169;" HEIGHT="53" WIDTH="53" VPOS="2400" HPOS="1225"/>
<SP HEIGHT="53" WIDTH="31" VPOS="2400" HPOS="1279"/>
<String CONTENT="Dec." HEIGHT="41" WIDTH="112" VPOS="2405" HPOS="1311"/>
<SP HEIGHT="41" WIDTH="30" VPOS="2405" HPOS="1424"/>
<String CONTENT="31," HEIGHT="50" WIDTH="70" VPOS="2404" HPOS="1455"/>
<SP HEIGHT="49" WIDTH="30" VPOS="2405" HPOS="1526"/>
<String CS="1" CONTENT="1930;" HEIGHT="43" WIDTH="118" VPOS="2403" HPOS="1557"/>
<SP HEIGHT="50" WIDTH="31" VPOS="2403" HPOS="1701"/>
<String CONTENT="2c." HEIGHT="43" WIDTH="68" VPOS="2403" HPOS="1733"/>
<SP HEIGHT="31" WIDTH="32" VPOS="2415" HPOS="1802"/>
<String CONTENT="each" HEIGHT="42" WIDTH="120" VPOS="2404" HPOS="1835"/>
<SP HEIGHT="41" WIDTH="29" VPOS="2404" HPOS="1956"/>
<String CONTENT="Jan." HEIGHT="40" WIDTH="111" VPOS="2405" HPOS="1986"/>
<SP HEIGHT="42" WIDTH="30" VPOS="2403" HPOS="2098"/>
<String CONTENT="22," HEIGHT="51" WIDTH="71" VPOS="2403" HPOS="2129"/>
<SP HEIGHT="49" WIDTH="31" VPOS="2405" HPOS="2201"/>
<String CS="1" CONTENT="1931;" HEIGHT="42" WIDTH="114" VPOS="2403" HPOS="2233"/>
</TextLine>
<TextLine HEIGHT="51" WIDTH="1471" VPOS="2461" HPOS="430" CS="1">
<String CONTENT="affs." HEIGHT="43" WIDTH="109" VPOS="2461" HPOS="430"/>
<SP HEIGHT="41" WIDTH="30" VPOS="2463" HPOS="540"/>
<String CONTENT="Jan." HEIGHT="40" WIDTH="111" VPOS="2463" HPOS="571"/>
<SP HEIGHT="42" WIDTH="30" VPOS="2461" HPOS="683"/>
<String CS="1" CONTENT="9;" HEIGHT="41" WIDTH="27" VPOS="2461" HPOS="714"/>
<SP HEIGHT="47" WIDTH="34" VPOS="2463" HPOS="768"/>
<!-- cceid DE9B39D4-6E8D-1014-9CF5-AEB3FCA41D69 --><String CONTENT="A" HEIGHT="39" WIDTH="40" VPOS="2463" HPOS="803"/>
<SP HEIGHT="40" WIDTH="27" VPOS="2463" HPOS="844"/>
<String CONTENT="33311," HEIGHT="49" WIDTH="161" VPOS="2463" HPOS="872"/>
<SP HEIGHT="49" WIDTH="29" VPOS="2463" HPOS="1034"/>
<String CS="1" CONTENT="33312;" HEIGHT="41" WIDTH="145" VPOS="2462" HPOS="1064"/>
<SP HEIGHT="47" WIDTH="33" VPOS="2463" HPOS="1239"/>
<String LANG="fr" CONTENT="H." HEIGHT="42" WIDTH="61" VPOS="2463" HPOS="1273"/>
<SP HEIGHT="42" WIDTH="30" VPOS="2463" HPOS="1335"/>
<String CONTENT="W." HEIGHT="41" WIDTH="73" VPOS="2463" HPOS="1366"/>
<SP HEIGHT="41" WIDTH="31" VPOS="2463" HPOS="1440"/>
<String CONTENT="Wilson" HEIGHT="42" WIDTH="190" VPOS="2462" HPOS="1472"/>
<SP HEIGHT="31" WIDTH="28" VPOS="2473" HPOS="1663"/>
<String CONTENT="co.," HEIGHT="39" WIDTH="83" VPOS="2473" HPOS="1692"/>
<SP HEIGHT="49" WIDTH="31" VPOS="2463" HPOS="1776"/>
<String CONTENT="inc." HEIGHT="41" WIDTH="93" VPOS="2463" HPOS="1808"/>
</TextLine>
<TextLine HEIGHT="65" WIDTH="1611" VPOS="2557" HPOS="357" STYLEREFS="StyleId-1EE33022-A0B8-4CBE-8AC1-F3A39B3C2F7C-" CS="1">
<String LANG="la" CONTENT="Instituto" HEIGHT="54" WIDTH="293" VPOS="2558" HPOS="357"/>
<SP HEIGHT="53" WIDTH="28" VPOS="2559" HPOS="651"/>
<String LANG="fr" CONTENT="de" HEIGHT="52" WIDTH="70" VPOS="2559" HPOS="680"/>
<SP HEIGHT="53" WIDTH="28" VPOS="2558" HPOS="751"/>
<String LANG="en-US" CONTENT="las" HEIGHT="53" WIDTH="91" VPOS="2558" HPOS="780"/>
<SP HEIGHT="52" WIDTH="29" VPOS="2559" HPOS="872"/>
<String LANG="en-US" CS="1" CONTENT="Espa&#241;as" HEIGHT="63" WIDTH="275" VPOS="2559" HPOS="902"/>
<SP HEIGHT="37" WIDTH="28" VPOS="2575" HPOS="1178"/>
<String LANG="fr" CONTENT="en" HEIGHT="37" WIDTH="73" VPOS="2575" HPOS="1207"/>
<SP HEIGHT="52" WIDTH="27" VPOS="2559" HPOS="1281"/>
<String LANG="de" CONTENT="los" HEIGHT="53" WIDTH="89" VPOS="2559" HPOS="1309"/>
<SP HEIGHT="53" WIDTH="29" VPOS="2559" HPOS="1399"/>
<String LANG="de" CONTENT="Estados" HEIGHT="53" WIDTH="262" VPOS="2559" HPOS="1429"/>
<SP HEIGHT="54" WIDTH="28" VPOS="2559" HPOS="1692"/>
<String LANG="de" CONTENT="Unidos." HEIGHT="56" WIDTH="247" VPOS="2557" HPOS="1721"/>
</TextLine>
<TextLine HEIGHT="69" WIDTH="1954" VPOS="2635" HPOS="424" STYLEREFS="StyleId-C46F1FC5-86A2-4548-B251-A1A4B4BCF140-">
<String LANG="en-US" CONTENT="Waldo" HEIGHT="55" WIDTH="212" VPOS="2636" HPOS="424"/>
<SP HEIGHT="54" WIDTH="24" VPOS="2636" HPOS="637"/>
<String LANG="de" CONTENT="Frank" HEIGHT="53" WIDTH="201" VPOS="2635" HPOS="662"/>
<SP HEIGHT="53" WIDTH="22" VPOS="2635" HPOS="864"/>
<String LANG="de" CONTENT="in" HEIGHT="53" WIDTH="62" VPOS="2636" HPOS="887"/>
<SP HEIGHT="54" WIDTH="24" VPOS="2635" HPOS="950"/>
<String LANG="de" CONTENT="America" HEIGHT="54" WIDTH="269" VPOS="2635" HPOS="975"/>
<SP HEIGHT="54" WIDTH="27" VPOS="2635" HPOS="1245"/>
<String LANG="la" CONTENT="Hispana." HEIGHT="69" WIDTH="286" VPOS="2635" HPOS="1273"/>
<SP HEIGHT="54" WIDTH="61" VPOS="2636" HPOS="1560"/>
<String LANG="de" CONTENT="New" HEIGHT="54" WIDTH="141" VPOS="2636" HPOS="1622"/>
<SP HEIGHT="53" WIDTH="25" VPOS="2635" HPOS="1764"/>
<String LANG="de" CONTENT="York," HEIGHT="69" WIDTH="182" VPOS="2635" HPOS="1790"/>
<SP HEIGHT="69" WIDTH="25" VPOS="2635" HPOS="1973"/>
<String LANG="la" CONTENT="Instituto" HEIGHT="53" WIDTH="282" VPOS="2635" HPOS="1999"/>
<SP HEIGHT="52" WIDTH="25" VPOS="2636" HPOS="2282"/>
<String LANG="de" CONTENT="de" HEIGHT="52" WIDTH="70" VPOS="2636" HPOS="2308"/>
</TextLine>
<TextLine HEIGHT="69" WIDTH="1304" VPOS="2713" HPOS="355" STYLEREFS="StyleId-C46F1FC5-86A2-4548-B251-A1A4B4BCF140-" LANG="de" CS="1">
<String CONTENT="las" HEIGHT="53" WIDTH="84" VPOS="2715" HPOS="355"/>
<SP HEIGHT="53" WIDTH="25" VPOS="2715" HPOS="440"/>
<String CONTENT="Espa" HEIGHT="67" WIDTH="158" VPOS="2715" HPOS="466"/>
<String LANG="en-US" CS="1" CONTENT="&#241;"/>
<String CONTENT="as" HEIGHT="35" WIDTH="59" VPOS="2732" HPOS="670"/>
<SP HEIGHT="35" WIDTH="25" VPOS="2732" HPOS="730"/>
<String LANG="fr" CONTENT="en" HEIGHT="34" WIDTH="68" VPOS="2732" HPOS="756"/>
<SP HEIGHT="51" WIDTH="23" VPOS="2715" HPOS="825"/>
<String CONTENT="los" HEIGHT="52" WIDTH="84" VPOS="2715" HPOS="849"/>
<SP HEIGHT="54" WIDTH="24" VPOS="2713" HPOS="934"/>
<String CONTENT="Estados" HEIGHT="56" WIDTH="248" VPOS="2713" HPOS="959"/>
<SP HEIGHT="54" WIDTH="25" VPOS="2715" HPOS="1208"/>
<String CONTENT="Unidos," HEIGHT="69" WIDTH="244" VPOS="2713" HPOS="1234"/>
<SP HEIGHT="65" WIDTH="27" VPOS="2717" HPOS="1479"/>
<String CONTENT="1930." HEIGHT="50" WIDTH="152" VPOS="2717" HPOS="1507"/>
</TextLine>
<TextLine HEIGHT="49" WIDTH="433" VPOS="2797" HPOS="428" STYLEREFS="StyleId-C46F1FC5-86A2-4548-B251-A1A4B4BCF140-" LANG="de" CS="1">
<String CONTENT="xi," HEIGHT="49" WIDTH="65" VPOS="2797" HPOS="428"/>
<SP HEIGHT="48" WIDTH="28" VPOS="2798" HPOS="494"/>
<String CONTENT="249" HEIGHT="41" WIDTH="89" VPOS="2797" HPOS="523"/>
<SP HEIGHT="49" WIDTH="25" VPOS="2797" HPOS="613"/>
<String CONTENT="p." HEIGHT="38" WIDTH="44" VPOS="2808" HPOS="639"/>
<SP HEIGHT="42" WIDTH="58" VPOS="2797" HPOS="684"/>
<String CONTENT="20" HEIGHT="41" WIDTH="60" VPOS="2797" HPOS="743"/>
<String LANG="en-US" CS="1" CONTENT="&#7580;&#7504;"/>
<String CONTENT="." HEIGHT="8" WIDTH="9" VPOS="2830" HPOS="852"/>
</TextLine>
<TextLine HEIGHT="51" WIDTH="1947" VPOS="2854" HPOS="429">
<String LANG="la" CONTENT="Includes" HEIGHT="41" WIDTH="228" VPOS="2856" HPOS="429"/>
<SP HEIGHT="39" WIDTH="48" VPOS="2857" HPOS="658"/>
<String LANG="fr" CONTENT="translations" HEIGHT="42" WIDTH="325" VPOS="2854" HPOS="707"/>
<SP HEIGHT="29" WIDTH="47" VPOS="2866" HPOS="1033"/>
<String LANG="en-US" CONTENT="of" HEIGHT="39" WIDTH="52" VPOS="2856" HPOS="1081"/>
<SP HEIGHT="40" WIDTH="47" VPOS="2856" HPOS="1134"/>
<String LANG="en-US" CONTENT="some" HEIGHT="30" WIDTH="132" VPOS="2866" HPOS="1182"/>
<SP HEIGHT="30" WIDTH="47" VPOS="2866" HPOS="1315"/>
<String LANG="en-US" CONTENT="of" HEIGHT="39" WIDTH="52" VPOS="2856" HPOS="1363"/>
<SP HEIGHT="40" WIDTH="46" VPOS="2856" HPOS="1416"/>
<String LANG="en-US" CONTENT="the" HEIGHT="40" WIDTH="83" VPOS="2856" HPOS="1463"/>
<SP HEIGHT="30" WIDTH="46" VPOS="2866" HPOS="1547"/>
<String LANG="en-US" CONTENT="articles" HEIGHT="41" WIDTH="200" VPOS="2855" HPOS="1594"/>
<SP HEIGHT="30" WIDTH="47" VPOS="2866" HPOS="1795"/>
<String LANG="en-US" CONTENT="relating" HEIGHT="49" WIDTH="213" VPOS="2856" HPOS="1843"/>
<SP HEIGHT="48" WIDTH="46" VPOS="2857" HPOS="2057"/>
<String LANG="en-US" CONTENT="to" HEIGHT="40" WIDTH="50" VPOS="2857" HPOS="2104"/>
<SP HEIGHT="40" WIDTH="47" VPOS="2857" HPOS="2155"/>
<String LANG="en-US" CONTENT="Waldo" HEIGHT="40" WIDTH="173" VPOS="2857" HPOS="2203"/>
</TextLine>
<TextLine HEIGHT="100" WIDTH="2004" VPOS="2912" HPOS="356" CS="1">
<String CONTENT="Frank&#8217;s" HEIGHT="42" WIDTH="207" VPOS="2913" HPOS="358"/>
<SP HEIGHT="38" WIDTH="27" VPOS="2916" HPOS="566"/>
<String CONTENT="trip" HEIGHT="48" WIDTH="100" VPOS="2913" HPOS="594"/>
<SP HEIGHT="45" WIDTH="25" VPOS="2916" HPOS="695"/>
<String CONTENT="to" HEIGHT="37" WIDTH="48" VPOS="2916" HPOS="721"/>
<SP HEIGHT="41" WIDTH="27" VPOS="2912" HPOS="770"/>
<String CONTENT="South" HEIGHT="41" WIDTH="154" VPOS="2912" HPOS="798"/>
<SP HEIGHT="38" WIDTH="28" VPOS="2913" HPOS="953"/>
<String CONTENT="America" HEIGHT="41" WIDTH="223" VPOS="2912" HPOS="982"/>
<SP HEIGHT="30" WIDTH="27" VPOS="2922" HPOS="1206"/>
<String CONTENT="which" HEIGHT="40" WIDTH="161" VPOS="2912" HPOS="1234"/>
<SP HEIGHT="40" WIDTH="27" VPOS="2913" HPOS="1396"/>
<String CONTENT="appeared" HEIGHT="47" WIDTH="244" VPOS="2914" HPOS="1424"/>
<SP HEIGHT="39" WIDTH="26" VPOS="2913" HPOS="1669"/>
<String CONTENT="in" HEIGHT="39" WIDTH="51" VPOS="2913" HPOS="1696"/>
<SP HEIGHT="41" WIDTH="29" VPOS="2912" HPOS="1748"/>
<String CONTENT="South" HEIGHT="41" WIDTH="154" VPOS="2912" HPOS="1778"/>
<SP HEIGHT="39" WIDTH="26" VPOS="2913" HPOS="1933"/>
<String CONTENT="American" HEIGHT="41" WIDTH="262" VPOS="2912" HPOS="1960"/>
<SP HEIGHT="48" WIDTH="22" VPOS="2914" HPOS="2223"/>
<String CS="1" CONTENT="journals;" HEIGHT="98" WIDTH="2004" VPOS="2914" HPOS="356"/>
</TextLine>
<TextLine HEIGHT="48" WIDTH="734" VPOS="2970" HPOS="522">
<String CONTENT="edited" HEIGHT="40" WIDTH="163" VPOS="2971" HPOS="522"/>
<SP HEIGHT="40" WIDTH="25" VPOS="2971" HPOS="686"/>
<String CONTENT="by" HEIGHT="47" WIDTH="62" VPOS="2971" HPOS="712"/>
<SP HEIGHT="47" WIDTH="24" VPOS="2971" HPOS="775"/>
<String CONTENT="M." HEIGHT="40" WIDTH="63" VPOS="2971" HPOS="800"/>
<SP HEIGHT="40" WIDTH="27" VPOS="2971" HPOS="864"/>
<String CONTENT="J." HEIGHT="40" WIDTH="44" VPOS="2971" HPOS="892"/>
<SP HEIGHT="40" WIDTH="26" VPOS="2971" HPOS="937"/>
<String CONTENT="Benardete." HEIGHT="41" WIDTH="292" VPOS="2970" HPOS="964"/>
</TextLine>
<TextLine HEIGHT="53" WIDTH="2015" VPOS="3038" HPOS="364" CS="1">
<String CONTENT="&#169;" HEIGHT="53" WIDTH="52" VPOS="3038" HPOS="364"/>
<SP HEIGHT="53" WIDTH="25" VPOS="3038" HPOS="417"/>
<String CONTENT="Jan." HEIGHT="42" WIDTH="111" VPOS="3043" HPOS="443"/>
<SP HEIGHT="42" WIDTH="22" VPOS="3043" HPOS="555"/>
<String CONTENT="5," HEIGHT="48" WIDTH="39" VPOS="3043" HPOS="578"/>
<SP HEIGHT="48" WIDTH="24" VPOS="3043" HPOS="618"/>
<String CS="1" CONTENT="1931;" HEIGHT="42" WIDTH="114" VPOS="3041" HPOS="643"/>
<SP/>
<String CS="1" CONTENT="1c."/>
<SP/>
<String CONTENT="and" HEIGHT="39" WIDTH="97" VPOS="3042" HPOS="905"/>
<SP HEIGHT="39" WIDTH="23" VPOS="3042" HPOS="1003"/>
<String CONTENT="aff." HEIGHT="42" WIDTH="83" VPOS="3040" HPOS="1027"/>
<SP HEIGHT="41" WIDTH="24" VPOS="3041" HPOS="1111"/>
<String CONTENT="Jan." HEIGHT="41" WIDTH="110" VPOS="3041" HPOS="1136"/>
<SP HEIGHT="41" WIDTH="23" VPOS="3041" HPOS="1247"/>
<String CONTENT="24;" HEIGHT="47" WIDTH="83" VPOS="3041" HPOS="1271"/>
<SP/>
<String CS="1" CONTENT="1c."/>
<SP/>
<String CONTENT="Feb." HEIGHT="42" WIDTH="111" VPOS="3041" HPOS="1477"/>
<SP HEIGHT="42" WIDTH="25" VPOS="3041" HPOS="1589"/>
<String CONTENT="5;" HEIGHT="48" WIDTH="53" VPOS="3041" HPOS="1615"/>
<SP HEIGHT="48" WIDTH="25" VPOS="3041" HPOS="1669"/>
<!-- cceid DE9C184C-6E8D-1014-9CF5-AEB3FCA41D69 --><String CONTENT="A" HEIGHT="40" WIDTH="43" VPOS="3041" HPOS="1695"/>
<SP HEIGHT="40" WIDTH="21" VPOS="3041" HPOS="1739"/>
<String CONTENT="34185;" HEIGHT="48" WIDTH="174" VPOS="3040" HPOS="1761"/>
<SP HEIGHT="46" WIDTH="26" VPOS="3042" HPOS="1936"/>
<String LANG="la" CONTENT="Instituto" HEIGHT="41" WIDTH="239" VPOS="3041" HPOS="1963"/>
<SP HEIGHT="39" WIDTH="25" VPOS="3042" HPOS="2203"/>
<String LANG="de" CONTENT="de" HEIGHT="39" WIDTH="57" VPOS="3042" HPOS="2229"/>
<SP HEIGHT="39" WIDTH="15" VPOS="3042" HPOS="2287"/>
<String CONTENT="las" HEIGHT="40" WIDTH="76" VPOS="3042" HPOS="2303"/>
</TextLine>
<TextLine HEIGHT="51" WIDTH="890" VPOS="3098" HPOS="432">
<String CONTENT="Espanas," HEIGHT="48" WIDTH="238" VPOS="3101" HPOS="432"/>
<SP HEIGHT="49" WIDTH="30" VPOS="3100" HPOS="671"/>
<String CONTENT="New" HEIGHT="39" WIDTH="118" VPOS="3100" HPOS="702"/>
<SP HEIGHT="39" WIDTH="28" VPOS="3100" HPOS="821"/>
<String CONTENT="York." HEIGHT="41" WIDTH="146" VPOS="3098" HPOS="850"/>
<SP HEIGHT="49" WIDTH="70" VPOS="3098" HPOS="997"/>
<String CONTENT="(31-4627)" HEIGHT="49" WIDTH="254" VPOS="3098" HPOS="1068"/>
</TextLine>
<TextLine HEIGHT="67" WIDTH="1301" VPOS="3193" HPOS="359" STYLEREFS="StyleId-1EE33022-A0B8-4CBE-8AC1-F3A39B3C2F7C-">
<String CONTENT="Johnson," HEIGHT="66" WIDTH="286" VPOS="3194" HPOS="359"/>
<SP HEIGHT="64" WIDTH="28" VPOS="3196" HPOS="646"/>
<String CONTENT="Allan" HEIGHT="55" WIDTH="175" VPOS="3193" HPOS="675"/>
<SP HEIGHT="53" WIDTH="32" VPOS="3196" HPOS="851"/>
<String CONTENT="Chester," HEIGHT="63" WIDTH="271" VPOS="3195" HPOS="884"/>
<SP HEIGHT="56" WIDTH="32" VPOS="3202" HPOS="1156"/>
<String CONTENT="1881-" HEIGHT="49" WIDTH="172" VPOS="3200" HPOS="1189"/>
<SP HEIGHT="35" WIDTH="212" VPOS="3212" HPOS="1362"/>
<String CONTENT="ed." HEIGHT="53" WIDTH="85" VPOS="3196" HPOS="1575"/>
</TextLine>
<TextLine HEIGHT="71" WIDTH="1882" VPOS="3270" HPOS="491" STYLEREFS="StyleId-C46F1FC5-86A2-4548-B251-A1A4B4BCF140-" CS="1">
<String CS="1" CONTENT="&#8230;"/>
<SP HEIGHT="56" WIDTH="27" VPOS="3271" HPOS="491"/>
<String CONTENT="Papyri" HEIGHT="70" WIDTH="220" VPOS="3271" HPOS="519"/>
<SP HEIGHT="52" WIDTH="23" VPOS="3271" HPOS="740"/>
<String CONTENT="in" HEIGHT="53" WIDTH="61" VPOS="3271" HPOS="764"/>
<SP HEIGHT="48" WIDTH="25" VPOS="3276" HPOS="826"/>
<String CONTENT="the" HEIGHT="53" WIDTH="96" VPOS="3271" HPOS="852"/>
<SP HEIGHT="52" WIDTH="22" VPOS="3272" HPOS="949"/>
<String CONTENT="Princeton" HEIGHT="55" WIDTH="309" VPOS="3270" HPOS="972"/>
<SP HEIGHT="34" WIDTH="24" VPOS="3290" HPOS="1282"/>
<String CONTENT="university" HEIGHT="71" WIDTH="318" VPOS="3270" HPOS="1307"/>
<SP HEIGHT="51" WIDTH="26" VPOS="3290" HPOS="1626"/>
<String CONTENT="collections," HEIGHT="70" WIDTH="340" VPOS="3271" HPOS="1653"/>
<SP HEIGHT="49" WIDTH="23" VPOS="3292" HPOS="1994"/>
<String CONTENT="edited" HEIGHT="56" WIDTH="192" VPOS="3270" HPOS="2018"/>
<SP HEIGHT="53" WIDTH="24" VPOS="3271" HPOS="2211"/>
<String CONTENT="with" HEIGHT="53" WIDTH="137" VPOS="3270" HPOS="2236"/>
</TextLine>
<TextLine HEIGHT="71" WIDTH="2015" VPOS="3348" HPOS="358" STYLEREFS="StyleId-C46F1FC5-86A2-4548-B251-A1A4B4BCF140-" CS="1">
<String CONTENT="notes" HEIGHT="50" WIDTH="158" VPOS="3353" HPOS="358"/>
<SP HEIGHT="53" WIDTH="22" VPOS="3350" HPOS="517"/>
<String CONTENT="by" HEIGHT="69" WIDTH="77" VPOS="3350" HPOS="540"/>
<SP HEIGHT="70" WIDTH="24" VPOS="3349" HPOS="618"/>
<String CONTENT="Allan" HEIGHT="54" WIDTH="178" VPOS="3349" HPOS="643"/>
<SP HEIGHT="56" WIDTH="28" VPOS="3348" HPOS="822"/>
<String CONTENT="Chester" HEIGHT="56" WIDTH="237" VPOS="3348" HPOS="851"/>
<SP HEIGHT="55" WIDTH="23" VPOS="3349" HPOS="1089"/>
<String CONTENT="Johnson" HEIGHT="55" WIDTH="261" VPOS="3349" HPOS="1113"/>
<SP HEIGHT="37" WIDTH="30" VPOS="3367" HPOS="1375"/>
<String CS="1" CONTENT="&#8230;"/>
<SP HEIGHT="35" WIDTH="32" VPOS="3369" HPOS="1464"/>
<String CONTENT="and" HEIGHT="55" WIDTH="112" VPOS="3348" HPOS="1497"/>
<SP HEIGHT="53" WIDTH="25" VPOS="3348" HPOS="1610"/>
<String CONTENT="by" HEIGHT="68" WIDTH="73" VPOS="3349" HPOS="1636"/>
<SP HEIGHT="68" WIDTH="25" VPOS="3349" HPOS="1710"/>
<String CONTENT="Henry" HEIGHT="69" WIDTH="204" VPOS="3349" HPOS="1736"/>
<SP HEIGHT="68" WIDTH="25" VPOS="3350" HPOS="1941"/>
<String CONTENT="Bartlett" HEIGHT="55" WIDTH="254" VPOS="3349" HPOS="1967"/>
<SP HEIGHT="56" WIDTH="23" VPOS="3348" HPOS="2222"/>
<String CS="1" CONTENT="Van" HEIGHT="35" WIDTH="68" VPOS="3366" HPOS="2305"/>
</TextLine>
<TextLine HEIGHT="70" WIDTH="2017" VPOS="3426" HPOS="356" STYLEREFS="StyleId-C46F1FC5-86A2-4548-B251-A1A4B4BCF140-" CS="1">
<String CONTENT="Hoesen" HEIGHT="55" WIDTH="228" VPOS="3427" HPOS="356"/>
<SP HEIGHT="35" WIDTH="36" VPOS="3446" HPOS="585"/>
<String CS="1" CONTENT="&#8230;"/>
<SP HEIGHT="55" WIDTH="72" VPOS="3427" HPOS="680"/>
<String CONTENT="Baltimore," HEIGHT="70" WIDTH="334" VPOS="3426" HPOS="753"/>
<SP HEIGHT="69" WIDTH="29" VPOS="3427" HPOS="1088"/>
<String CONTENT="The" HEIGHT="54" WIDTH="123" VPOS="3427" HPOS="1118"/>
<SP HEIGHT="55" WIDTH="29" VPOS="3427" HPOS="1242"/>
<String CONTENT="Johns" HEIGHT="55" WIDTH="186" VPOS="3427" HPOS="1272"/>
<SP HEIGHT="55" WIDTH="28" VPOS="3427" HPOS="1459"/>
<String CONTENT="Hopkins" HEIGHT="69" WIDTH="271" VPOS="3426" HPOS="1488"/>
<SP HEIGHT="50" WIDTH="30" VPOS="3445" HPOS="1760"/>
<String CONTENT="press;" HEIGHT="50" WIDTH="183" VPOS="3445" HPOS="1791"/>
<SP HEIGHT="68" WIDTH="31" VPOS="3427" HPOS="1975"/>
<String CONTENT="London," HEIGHT="69" WIDTH="259" VPOS="3426" HPOS="2007"/>
<SP HEIGHT="69" WIDTH="30" VPOS="3426" HPOS="2267"/>
<String CONTENT="H." HEIGHT="53" WIDTH="75" VPOS="3426" HPOS="2298"/>
</TextLine>
<TextLine HEIGHT="73" WIDTH="1249" VPOS="3503" HPOS="357" STYLEREFS="StyleId-C46F1FC5-86A2-4548-B251-A1A4B4BCF140-">
<String CONTENT="Milford," HEIGHT="70" WIDTH="265" VPOS="3504" HPOS="357"/>
<SP HEIGHT="71" WIDTH="26" VPOS="3503" HPOS="623"/>
<String CONTENT="Oxford" HEIGHT="56" WIDTH="228" VPOS="3503" HPOS="650"/>
<SP HEIGHT="52" WIDTH="27" VPOS="3505" HPOS="879"/>
<String CONTENT="university" HEIGHT="72" WIDTH="318" VPOS="3504" HPOS="907"/>
<SP HEIGHT="52" WIDTH="24" VPOS="3524" HPOS="1226"/>
<String CONTENT="press," HEIGHT="52" WIDTH="175" VPOS="3523" HPOS="1251"/>
<SP HEIGHT="67" WIDTH="28" VPOS="3508" HPOS="1427"/>
<String CONTENT="1931." HEIGHT="50" WIDTH="150" VPOS="3507" HPOS="1456"/>
</TextLine>
<TextLine HEIGHT="106" WIDTH="2000" VPOS="3584" HPOS="359" CS="1">
<String CONTENT="xxiii," HEIGHT="50" WIDTH="141" VPOS="3584" HPOS="428"/>
<SP HEIGHT="48" WIDTH="19" VPOS="3586" HPOS="570"/>
<String CONTENT="146" HEIGHT="40" WIDTH="88" VPOS="3586" HPOS="590"/>
<SP HEIGHT="48" WIDTH="18" VPOS="3586" HPOS="679"/>
<String CONTENT="p." HEIGHT="38" WIDTH="42" VPOS="3596" HPOS="698"/>
<SP HEIGHT="41" WIDTH="61" VPOS="3586" HPOS="741"/>
<String CS="1" CONTENT="23&#189;" HEIGHT="41" WIDTH="55" VPOS="3586" HPOS="803"/>
<String STYLE="superscript" CS="1" CONTENT="&#7580;&#7504;."/>
<SP HEIGHT="48" WIDTH="70" VPOS="3587" HPOS="951"/>
<String CONTENT="(The" HEIGHT="48" WIDTH="125" VPOS="3587" HPOS="1022"/>
<SP HEIGHT="40" WIDTH="22" VPOS="3587" HPOS="1148"/>
<String CONTENT="Johns" HEIGHT="40" WIDTH="156" VPOS="3587" HPOS="1171"/>
<SP HEIGHT="41" WIDTH="20" VPOS="3586" HPOS="1328"/>
<String CONTENT="Hopkins" HEIGHT="48" WIDTH="224" VPOS="3586" HPOS="1349"/>
<SP HEIGHT="30" WIDTH="21" VPOS="3596" HPOS="1574"/>
<String CONTENT="university" HEIGHT="48" WIDTH="274" VPOS="3586" HPOS="1596"/>
<SP HEIGHT="37" WIDTH="21" VPOS="3597" HPOS="1871"/>
<String CONTENT="studies" HEIGHT="40" WIDTH="188" VPOS="3587" HPOS="1893"/>
<SP HEIGHT="40" WIDTH="24" VPOS="3587" HPOS="2082"/>
<String CONTENT="in" HEIGHT="40" WIDTH="50" VPOS="3587" HPOS="2107"/>
<SP HEIGHT="30" WIDTH="23" VPOS="3597" HPOS="2158"/>
<String CONTENT="archaeology," HEIGHT="101" WIDTH="2000" VPOS="3588" HPOS="359"/>
<SP HEIGHT="34" WIDTH="26" VPOS="3654" HPOS="514"/>
<String CONTENT="no." HEIGHT="30" WIDTH="76" VPOS="3653" HPOS="541"/>
<SP HEIGHT="41" WIDTH="27" VPOS="3642" HPOS="618"/>
<String CONTENT="30)" HEIGHT="49" WIDTH="81" VPOS="3641" HPOS="646"/>
</TextLine>
<TextLine HEIGHT="49" WIDTH="1943" VPOS="3698" HPOS="432">
<String CONTENT="&#8220;The" HEIGHT="41" WIDTH="130" VPOS="3699" HPOS="432"/>
<SP HEIGHT="39" WIDTH="34" VPOS="3701" HPOS="563"/>
<String CONTENT="documents" HEIGHT="39" WIDTH="284" VPOS="3701" HPOS="598"/>
<SP HEIGHT="40" WIDTH="36" VPOS="3699" HPOS="883"/>
<String CONTENT="in" HEIGHT="40" WIDTH="49" VPOS="3699" HPOS="920"/>
<SP HEIGHT="38" WIDTH="37" VPOS="3702" HPOS="970"/>
<String CONTENT="this" HEIGHT="42" WIDTH="99" VPOS="3698" HPOS="1008"/>
<SP HEIGHT="30" WIDTH="35" VPOS="3710" HPOS="1108"/>
<String CONTENT="volume" HEIGHT="38" WIDTH="194" VPOS="3701" HPOS="1144"/>
<SP HEIGHT="39" WIDTH="36" VPOS="3700" HPOS="1339"/>
<String CONTENT="deal" HEIGHT="39" WIDTH="107" VPOS="3700" HPOS="1376"/>
<SP HEIGHT="40" WIDTH="40" VPOS="3698" HPOS="1484"/>
<String CONTENT="for" HEIGHT="41" WIDTH="79" VPOS="3698" HPOS="1525"/>
<SP HEIGHT="38" WIDTH="36" VPOS="3701" HPOS="1605"/>
<String CONTENT="the" HEIGHT="39" WIDTH="82" VPOS="3700" HPOS="1642"/>
<SP HEIGHT="29" WIDTH="36" VPOS="3710" HPOS="1725"/>
<String CONTENT="most" HEIGHT="37" WIDTH="125" VPOS="3702" HPOS="1762"/>
<SP HEIGHT="45" WIDTH="36" VPOS="3702" HPOS="1888"/>
<String CONTENT="part" HEIGHT="46" WIDTH="113" VPOS="3701" HPOS="1925"/>
<SP HEIGHT="38" WIDTH="34" VPOS="3701" HPOS="2039"/>
<String CONTENT="with" HEIGHT="41" WIDTH="122" VPOS="3698" HPOS="2074"/>
<SP HEIGHT="40" WIDTH="35" VPOS="3700" HPOS="2197"/>
<String CONTENT="taxes" HEIGHT="39" WIDTH="142" VPOS="3701" HPOS="2233"/>
</TextLine>
<TextLine HEIGHT="51" WIDTH="2018" VPOS="3754" HPOS="359">
<String CONTENT="levied" HEIGHT="41" WIDTH="156" VPOS="3756" HPOS="359"/>
<SP HEIGHT="39" WIDTH="27" VPOS="3758" HPOS="516"/>
<String CONTENT="at" HEIGHT="39" WIDTH="52" VPOS="3758" HPOS="544"/>
<SP HEIGHT="41" WIDTH="23" VPOS="3756" HPOS="597"/>
<String CONTENT="Philadelphia" HEIGHT="50" WIDTH="341" VPOS="3755" HPOS="621"/>
<SP HEIGHT="39" WIDTH="27" VPOS="3757" HPOS="963"/>
<String CONTENT="during" HEIGHT="49" WIDTH="179" VPOS="3755" HPOS="991"/>
<SP HEIGHT="46" WIDTH="22" VPOS="3758" HPOS="1171"/>
<String CONTENT="the" HEIGHT="41" WIDTH="83" VPOS="3756" HPOS="1194"/>
<SP HEIGHT="39" WIDTH="22" VPOS="3757" HPOS="1278"/>
<String CONTENT="latter" HEIGHT="39" WIDTH="153" VPOS="3757" HPOS="1301"/>
<SP HEIGHT="38" WIDTH="23" VPOS="3766" HPOS="1455"/>
<String CONTENT="part" HEIGHT="46" WIDTH="112" VPOS="3758" HPOS="1479"/>
<SP HEIGHT="39" WIDTH="25" VPOS="3758" HPOS="1592"/>
<String CONTENT="of" HEIGHT="41" WIDTH="52" VPOS="3756" HPOS="1618"/>
<SP HEIGHT="41" WIDTH="25" VPOS="3756" HPOS="1671"/>
<String CONTENT="the" HEIGHT="41" WIDTH="82" VPOS="3756" HPOS="1697"/>
<SP HEIGHT="29" WIDTH="26" VPOS="3766" HPOS="1780"/>
<String CONTENT="reign" HEIGHT="49" WIDTH="137" VPOS="3756" HPOS="1807"/>
<SP HEIGHT="30" WIDTH="25" VPOS="3767" HPOS="1945"/>
<String CONTENT="of" HEIGHT="41" WIDTH="51" VPOS="3756" HPOS="1971"/>
<SP HEIGHT="40" WIDTH="23" VPOS="3756" HPOS="2023"/>
<String CONTENT="Tiberius.&#8221;&#8212;" HEIGHT="43" WIDTH="330" VPOS="3754" HPOS="2047"/>
</TextLine>
<TextLine HEIGHT="40" WIDTH="185" VPOS="3814" HPOS="360">
<String CONTENT="Introd." HEIGHT="40" WIDTH="185" VPOS="3814" HPOS="360"/>
</TextLine>
<TextLine HEIGHT="50" WIDTH="1044" VPOS="3868" HPOS="432" CS="1">
<String CONTENT="&#8220;Papyrological" HEIGHT="48" WIDTH="400" VPOS="3870" HPOS="432"/>
<SP HEIGHT="48" WIDTH="27" VPOS="3870" HPOS="833"/>
<String CS="1" CONTENT="publications&quot;:" HEIGHT="50" WIDTH="326" VPOS="3868" HPOS="861"/>
<SP HEIGHT="38" WIDTH="30" VPOS="3879" HPOS="1245"/>
<String CONTENT="p." HEIGHT="38" WIDTH="43" VPOS="3879" HPOS="1276"/>
<SP HEIGHT="43" WIDTH="26" VPOS="3868" HPOS="1320"/>
<String CONTENT="ix-x." HEIGHT="41" WIDTH="129" VPOS="3868" HPOS="1347"/>
</TextLine>
<TextLine HEIGHT="54" WIDTH="2009" VPOS="3939" HPOS="365" CS="1">
<String CONTENT="&#169;" HEIGHT="54" WIDTH="53" VPOS="3939" HPOS="365"/>
<SP HEIGHT="54" WIDTH="27" VPOS="3939" HPOS="419"/>
<String CONTENT="Jan." HEIGHT="41" WIDTH="109" VPOS="3944" HPOS="447"/>
<SP HEIGHT="41" WIDTH="26" VPOS="3944" HPOS="557"/>
<String CONTENT="29," HEIGHT="50" WIDTH="69" VPOS="3943" HPOS="584"/>
<SP HEIGHT="48" WIDTH="28" VPOS="3945" HPOS="654"/>
<String CS="1" CONTENT="1931;" HEIGHT="42" WIDTH="111" VPOS="3943" HPOS="683"/>
<SP HEIGHT="48" WIDTH="29" VPOS="3944" HPOS="825"/>
<String CONTENT="2c." HEIGHT="41" WIDTH="67" VPOS="3944" HPOS="855"/>
<SP HEIGHT="41" WIDTH="28" VPOS="3944" HPOS="923"/>
<String CONTENT="Feb." HEIGHT="40" WIDTH="109" VPOS="3944" HPOS="952"/>
<SP HEIGHT="41" WIDTH="28" VPOS="3943" HPOS="1062"/>
<String CS="1" CONTENT="3;" HEIGHT="40" WIDTH="26" VPOS="3943" HPOS="1091"/>
<SP HEIGHT="38" WIDTH="30" VPOS="3953" HPOS="1145"/>
<String CONTENT="aff." HEIGHT="41" WIDTH="84" VPOS="3942" HPOS="1176"/>
<SP HEIGHT="41" WIDTH="28" VPOS="3942" HPOS="1261"/>
<String CONTENT="Feb." HEIGHT="41" WIDTH="111" VPOS="3942" HPOS="1290"/>
<SP HEIGHT="41" WIDTH="27" VPOS="3942" HPOS="1402"/>
<String CS="1" CONTENT="5;" HEIGHT="39" WIDTH="26" VPOS="3942" HPOS="1430"/>
<SP HEIGHT="48" WIDTH="29" VPOS="3942" HPOS="1484"/>
<!-- cceid DE9CE9F2-6E8D-1014-9CF5-AEB3FCA41D69 --><String CONTENT="A" HEIGHT="38" WIDTH="43" VPOS="3942" HPOS="1514"/>
<SP HEIGHT="40" WIDTH="24" VPOS="3941" HPOS="1558"/>
<String CS="1" CONTENT="34169;" HEIGHT="41" WIDTH="145" VPOS="3940" HPOS="1583"/>
<SP HEIGHT="48" WIDTH="30" VPOS="3942" HPOS="1756"/>
<String CONTENT="Johns" HEIGHT="42" WIDTH="156" VPOS="3941" HPOS="1787"/>
<SP HEIGHT="41" WIDTH="26" VPOS="3942" HPOS="1944"/>
<String CONTENT="Hopkins" HEIGHT="50" WIDTH="225" VPOS="3941" HPOS="1971"/>
<SP HEIGHT="37" WIDTH="29" VPOS="3951" HPOS="2197"/>
<String CONTENT="press." HEIGHT="38" WIDTH="147" VPOS="3950" HPOS="2227"/>
</TextLine>
<TextLine HEIGHT="49" WIDTH="251" VPOS="4001" HPOS="443">
<String CONTENT="(31-4726)" HEIGHT="49" WIDTH="251" VPOS="4001" HPOS="443"/>
</TextLine>
</TextBlock>
</PrintSpace>
</Page>
</Layout>
</alto>