2505 4370
1315 3995 133 51 1218

345 348 123 53 The
499 345 164 53 Book
695 348 64 52 of
790 346 364 68 knowledge;
1189 348 98 53 the
1319 345 305 57 children’s
1656 345 434 72 encyclopedia;
414 345 1948 146 editors-in-chief,

414 423 1919 132 Holland Thompson … Arthur Mee … with an introduction
776 501 1585 71 by John H. Finley … New York, The Grolier
415 578 1819 72 society; London, The Educational book company [ᶜ193 1]
423 661 1940 51 20 v. fronts. (v. 1, 3, 8, 13, 16, 18) illus. (part col.) plates (part
347 719 937 49 col., 1 double) ports., maps. 25 ᶜᵐ .
421 792 161 48 Paged
614 791 357 49 continuously.

422 847 235 42 Contains
688 859 145 38 songs
863 847 122 42 with
1013 847 171 43 music.

356 914 2011 55 © July 28, 1931; 2c. each and aff. Aug. 7; A 39919; Grolier society, New York, and Amalgamated Press (1922) ltd., London [©
427 977 238 41 revisions
695 979 96 38 and
821 977 263 50 additions]
1158 977 283 48 (31-21016)

353 1092 294 60 Brunner,
678 1088 377 55 Constantin.

486 1186 73 34 Von
606 1169 108 52 den
762 1166 275 70 pflichten
1085 1169 99 52 der
1232 1167 194 55 Juden
1472 1169 118 52 und
1639 1186 112 34 von
1798 1168 109 53 den
1953 1165 276 70 pflichten
2274 1168 97 52 des

355 1251 228 64 Staates,
636 1265 110 33 von
802 1245 345 55 Constantin
1198 1246 282 52 Brunner.
1559 1245 219 67 Berlin,
1831 1245 68 55 G.
1953 1244 421 69 Kiepenheuer,

357 1328 152 49 1930.

428 1407 24 38 1
519 1437 8 9 v.

362 1473 2012 53 © May 31, 1930; 1c. Sept. 17; A —Foreign 9512; Gustav Kiepenheuer
432 1536 179 48 verlag,
642 1546 106 37 a.-g.

361 1643 330 65 Charteris,
720 1646 154 53 Hon.
905 1645 169 52 Evan
1104 1644 275 65 Edward,
1413 1649 172 49 1864-

435 1726 122 52 The
601 1726 109 53 life
753 1727 113 52 and
910 1727 196 52 letters
1151 1726 64 52 of
1264 1723 95 56 Sir
1406 1725 273 53 Edmund
1725 1724 193 69 Gosse,
1962 1725 75 70 by
2080 1725 98 53 the
2221 1725 154 52 Hon.

361 1802 1783 69 Evan Charteris … London, W. Heinemann ltd. [1931]
435 1883 1682 51 6 p. l., 525 p. front., plates (1 fold.) ports., facsims. 26 ᶜᵐ .
366 1953 2011 53 © 1c. May 26, 1931; A ad int. 15130; pubd. Mar. 30; Evan Charteris.
435 2016 214 40 London.

364 2110 213 67 Chase,
605 2110 157 54 John
792 2110 270 65 Samson,
1094 2115 173 51 1890-

430 2185 270 69 Physical
749 2185 407 69 requirements
1208 2185 94 54 for
1351 2187 356 54 commercial
1756 2185 184 70 flyers,
1987 2185 76 73 by
2111 2186 158 54 John
2317 2186 59 55 S.

359 2263 1727 72 Chase … and Nolie Mumey … Denver, The Clason
355 2264 1997 148 publishing
484 2361 79 37 co.
597 2378 14 34 [
672 2345 100 50 ᶜ1931
778 2378 13 34 ]

432 2425 935 50 31 p. incl. illus., pl., diagr. 16½ ᶜᵐ .
371 2494 53 52 ©
466 2499 116 46 July
622 2498 69 48 18,
732 2496 142 48 1931;
917 2497 68 42 2c.
1027 2498 96 39 and
1164 2496 81 40 aff.
1289 2497 117 47 July
1445 2496 83 48 27;
1571 2497 41 39 A
1653 2497 171 48 39717;
1869 2497 139 41 Nolie
2049 2499 195 46 Mumey
2286 2500 95 39 and

441 2556 129 39 John
603 2556 42 40 S.
679 2555 170 47 Chase,
882 2555 206 39 Denver.
1163 2553 282 49 (31-20804)

368 2650 324 65 Cochrane,
722 2650 205 54 James
956 2649 255 58 Arthur.

361 2725 1995 150 Lavoisier, by J. A. Cochrane … London, Constable & company,
562 2804 123 71 ltd.,
715 2806 151 53 1931.

436 2887 1128 51 xiii, 264 p. front. (port.) plates. 19½ᶜᵐ.
437 2960 349 49 Bibliography:
844 2971 44 38 p.
916 2960 217 41 259-260.

375 3028 2009 54 © 1c. July 17, 1931; A ad int. 15301; pubd. May 21; J. A. Cochrane,
447 3090 68 41 St.
544 3090 184 46 John’s,
757 3090 408 40 Newfoundland.
1236 3089 283 50 (31-20798)

373 3186 365 54 Conference
771 3203 72 36 on
876 3187 104 52 the
1013 3186 307 55 Christian
1353 3186 299 64 approach
1685 3189 61 50 to
1779 3186 103 53 the
1915 3186 177 64 Jews,
2125 3188 262 53 Atlantic

446 3264 137 69 City,
630 3271 149 48 1931.

449 3344 324 54 Christians
823 3346 112 51 and
983 3344 171 68 Jews,
1202 3364 28 34 a
1283 3350 193 62 report
1523 3344 63 53 of
1632 3345 96 52 the
1777 3344 353 54 Conference
2175 3362 73 35 on
2292 3344 96 54 the

377 3421 297 54 Christian
716 3422 290 67 approach
1047 3428 58 47 to
1145 3423 96 53 the
1282 3422 171 68 Jews,
1491 3421 264 54 Atlantic
1797 3421 153 71 City,
1990 3422 139 52 New
2169 3422 218 69 Jersey,

373 3500 2016 68 May 12-15, 1931. New York [etc. ] International committee on
375 3579 95 51 the
506 3578 293 54 Christian
837 3580 288 67 approach
1162 3585 58 46 to
1256 3579 94 53 the
1385 3579 171 68 Jews,
1589 3578 423 55 International
2046 3578 343 69 missionary

374 3657 443 66 council [ ᶜ193 1]
447 3736 64 48 xi,
546 3736 84 40 155
664 3747 41 37 p.
767 3736 146 41 21½ᶜᵐ.

728 3808 1009 50 CONTENTS.—pt. 1. Addresses.—pt. 2. Findings.
381 3872 53 52 ©
468 3879 117 46 July
616 3880 67 42 10.
719 3880 141 47 1931;
895 3881 67 39 2c.
999 3882 95 39 and
1128 3880 82 42 aff.
1245 3881 117 48 July
1397 3882 82 46 15;
1515 3881 41 39 A
1591 3881 171 48 39405;
1801 3881 245 40 Internati.
2096 3879 293 50 missionary

450 3937 201 39 council.
723 3938 281 48 (31-19977)
