2505 4370
1364 4068 99 48 626

384 382 329 64 Beckwith,
748 381 310 54 Brainerd.

463 459 320 71 Galloping
816 460 187 67 down,
1036 459 77 70 by
1149 461 284 53 Brainerd
1474 460 314 54 Beckwith.
1864 462 139 52 New
2041 462 183 69 York,
392 463 1986 144 London,

555 537 753 71 The Century co. [ ᶜ1 931]
461 623 61 46 vi,
557 623 86 40 313
679 633 42 38 p.
784 620 55 42 19½ᶜᵐ.
1047 621 131 50 $2.00

462 680 163 40 “First
661 678 261 50 printing.”

394 747 53 53 ©
482 752 112 47 Apr.
630 751 68 48 17,
733 750 141 48 1931;
910 751 66 41 2c.
1013 752 113 48 May
1160 752 25 40 6;
1250 752 82 40 aff.
1369 753 113 47 May
1516 752 51 47 5;
1605 752 38 40 A
1677 752 172 47 37157;
1889 752 215 42 Century
2139 764 67 31 co.
473 807 282 50 (31-11281)

388 903 281 64 Bennett,
699 903 280 65 Richard,
1013 909 172 50 1899-

464 983 189 68 Puget
686 982 211 67 sound;
935 982 203 53 twelve
1173 982 289 54 woodcuts
1496 982 75 70 by
1607 983 257 54 Richard
1900 984 268 67 Bennett,
2202 983 140 53 with
2380 1003 31 34 a

393 1059 2018 72 foreword by Edith H. Walton … Seattle, University of
391 1138 390 70 Washington
812 1138 149 54 book
992 1144 167 63 store,
1194 1141 153 51 1931.

470 1221 1940 52 [20] p. incl. plates. 26 ᶜᵐ. (University of Washington chapbooks, ed.
392 1280 63 48 by
488 1280 52 41 G.
574 1280 216 48 Hughes,
850 1290 75 31 no.
957 1279 81 48 47)

397 1347 53 52 ©
490 1352 110 39 Jan.
638 1351 68 47 31,
746 1350 141 47 1931;
927 1351 68 39 2c.
1034 1351 114 48 Apr.
1186 1352 83 41 23;
1312 1351 81 40 aff.
1431 1351 114 48 Apr.
1584 1351 83 47 21;
1709 1352 42 39 A
1788 1350 171 49 36749;
2003 1352 155 40 Glenn
2197 1352 214 47 Hughes,

468 1408 198 41 Seattle.
738 1407 281 48 (31-10892)

392 1501 358 66 Blanchard,
779 1502 258 55 William
1065 1503 204 64 Oscar,
1302 1508 171 51 1886-

468 1580 1945 71 Economic geography of Europe, by W. O. Blanchard … and
395 1659 2020 134 S. S. Visher … 1st ed. New York and London, McGraw-Hill
561 1739 150 54 book
744 1757 301 52 company,
1079 1739 128 69 inc.,
1244 1742 151 51 1931.

395 1822 1959 107 ix, 507 p. incl. front., illus., diagrs. maps (1 fold, in pocket) 24 ᶜᵐ. $3.50
471 1937 350 42 “References”
854 1940 51 38 at
935 1939 91 39 end
1058 1938 52 40 of
1140 1939 127 39 most
1297 1938 54 40 of
1381 1937 81 41 the
1493 1938 245 49 chapters.

401 1991 52 53 ©
486 1996 114 48 Apr.
632 1995 68 48 18,
733 1995 113 40 1931;
907 1995 67 40 2c.
1007 1997 95 39 and
1134 1996 82 40 aff.
1248 1996 115 48 Apr.
1396 1995 55 39 22;
1512 1996 41 39 A
1584 1994 145 42 36691;
1791 1995 354 41 McGraw-Hill
2179 1996 122 40 book
2333 2007 67 30 co.,

470 2053 90 41 inc.
633 2052 281 50 (31-10889)

395 2149 209 64 Bland,
636 2151 139 53 Mrs.
805 2149 148 54 Jane
987 2150 242 63 Cooper.

472 2226 239 56 Currier
754 2229 46 50 &
844 2227 148 67 Ives,
1038 2245 31 34 a
1115 2227 235 52 manual
1398 2224 96 55 for
1539 2226 322 68 collectors;
1912 2245 73 34 an
2032 2225 386 71 alphabetical

401 2306 300 69 catalogue
735 2304 65 54 of
835 2306 77 53 all
947 2305 211 53 known
1193 2305 189 69 prints
1416 2305 76 69 by
1530 2304 63 56 C.
1632 2305 254 68 Currier,
1921 2305 71 53 N.
2032 2304 238 56 Currier
2306 2304 113 54 and

403 2383 238 56 Currier
682 2386 48 51 &
772 2384 148 67 Ives,
964 2384 140 53 with
1150 2384 231 53 auction
1425 2383 183 69 prices
1655 2383 153 53 from
1852 2383 146 54 sales
2041 2382 68 54 of
2149 2384 97 53 the
2290 2388 128 64 past

404 2462 161 70 forty
622 2481 164 51 years
845 2463 115 53 and
1018 2468 232 47 current
1308 2463 193 52 values
1560 2461 172 54 taken
1793 2461 154 54 from
2007 2461 413 54 authoritative

397 2559 240 37 sources.
722 2541 281 54 Included
1025 2541 47 54 is
1094 2560 31 34 a
1148 2541 279 69 complete
1448 2540 281 54 classified
1751 2539 273 55 checklist
2046 2540 115 54 and
405 2546 2014 127 twenty-four

580 2619 114 54 full
733 2638 146 51 page
920 2621 184 67 plates
1145 2620 62 52 in
1245 2621 196 52 colour
1481 2620 114 53 and
1634 2619 168 53 black
1843 2619 114 54 and
1998 2619 175 54 white
2213 2619 64 53 of
403 2619 1993 148 important
698 2699 207 69 prints.

1005 2700 108 68 [By]
1177 2699 150 53 Jane
1387 2697 225 70 Cooper
1670 2698 209 53 Bland.
1972 2697 237 56 Garden
2270 2697 154 70 City,

404 2777 1634 69 N. Y., Doubleday, Doran and company, inc. [ ᶜ1 931]
475 2861 1744 49 xxiv, 349 p. col. front., illus. (facsims.) plates (part col.) 30½ ᶜᵐ.
406 2915 53 52 ©
489 2920 113 47 Apr.
630 2920 40 46 3,
701 2918 140 48 1931;
873 2918 69 42 2c.
971 2921 97 38 and
1096 2920 82 39 aff.
1207 2920 114 47 Apr.
1353 2919 81 46 18;
1467 2920 40 38 A
1536 2919 172 47 36790;
1741 2918 300 48 Doubleday,
2073 2918 164 40 Doran
2272 2924 36 40 &
2336 2930 82 29 co..

473 2976 92 41 inc.
636 2976 282 49 (31-10893)

402 3069 202 66 Bloch,
636 3069 259 66 Chajim,
928 3076 172 51 1881-

401 3146 1989 133 … Das jüdische volk in seiner anekdote; ernstes und heiteres von
731 3227 388 70 gottsuchern,
1156 3225 312 71 gelehrten,
1504 3226 319 67 künstlern,
1856 3245 226 49 narren,
2147 3226 271 66 schelmen,

400 3303 465 69 aufschneidern,
890 3304 360 71 schnorrern,
1279 3304 243 68 reichen,
1550 3304 302 69 frommen,
1880 3304 388 58 freidenkern,

400 3308 1990 143 täuflingen,
669 3382 380 54 antisemiten.
1127 3383 218 67 Berlin,
1379 3384 216 69 Yerlag
1631 3383 99 54 für
1764 3384 431 69 kulturpolitik,
2234 3387 149 49 1931.

473 3465 409 49 340 p., 1 l. 19 ᶜᵐ.
477 3523 114 40 “Ich
619 3523 210 41 blättere
855 3522 79 40 in”
954 3534 9 29 :
993 3523 103 40 leaf
1123 3525 51 39 at
1201 3524 109 40 end.

409 3576 2012 53 © Nov. 3, 1930; 1c. Dec. 31; A—Foreign 10818; Verlag für kulturpolitik.
488 3637 281 48 (31-10577)

404 3731 282 66 Boissier,
720 3733 329 64 Raymond,
1084 3739 173 49 1891-

538 3809 1810 69 … Dans Marrakech la rouge. Paris, Omnès & cⁱᵉ, 1930.
477 3890 411 49 300 p., 1 l. 19 ᶜᵐ.
410 3943 2007 59 © Oct. 30, 1930; 1c. Jan. 13, 1931; A—Foreign 10339; Omnès et cie.
488 4006 281 52 (31-10561)
