2428 4370
1248 4064 140 51 2044

366 501 355 49 [75] p. 16½ ᶜᵐ .
350 559 127 41 Text
501 568 61 31 on
589 568 44 39 p.
659 557 27 41 2
714 558 96 41 and
835 558 26 41 3
890 556 51 42 of
968 566 157 32 cover.

288 626 51 53 ©
370 630 103 41 Oct.
500 630 70 47 30,
599 629 113 41 1931;
770 629 66 40 2c.
865 630 114 39 Dec.
1007 628 55 40 12;
1121 628 83 42 aff.
1232 629 111 40 Dec.
1374 629 25 40 8;
1458 628 40 39 A
1525 628 146 40 46355;
1730 629 61 38 M.
1823 628 50 39 F.
1906 628 227 48 Conway,

354 630 1926 105 Portland,
518 688 78 40 Or.
669 686 281 47 (31-35166)

283 781 355 66 Cristofaro,
671 781 190 56 Carlo.

415 857 1882 57 … Trattato del diritto d’autore e d ’inventore: sistema della
284 934 215 56 riserva
536 936 357 55 industriale.
970 936 234 70 Torino,
1242 936 243 55 Fratelli
1524 939 203 68 Bocca,
1764 939 153 52 1931.

355 1017 1945 50 xi, 568 p. 24 ᶜᵐ . (On cover: Nuova collezione di opere giuridiche.
321 1074 147 49 n . 263)
358 1132 122 42 Part
519 1134 24 38 1
585 1134 166 39 issued
790 1130 117 44 1928
946 1132 155 41 under
1140 1132 138 41 title:
1318 1133 231 40 Trattato
1589 1132 127 40 della
1758 1131 242 49 privativa
2045 1143 25 29 o
2114 1132 186 41 riserva

287 1189 309 42 industriale.

293 1257 1930 53 © July 1, 1931; 1c. Aug. 13; A—Foreign 13807; C. Cristofaro, Roma.
373 1318 282 49 (31-35099)

290 1413 240 65 Crump,
559 1414 249 55 Charles
833 1414 248 64 George,
1112 1418 174 51 1862-

288 1490 1991 146 The Red king dreams, 1946-1948, by C. G. Crump … London,
452 1569 186 53 Faber
673 1573 51 50 &
762 1569 202 68 Faber,
999 1569 223 54 limited
1266 1572 173 67 [1931]

358 1648 475 51 382, [1] p. 19½ ᶜᵐ .
297 1721 2012 53 © 1c. Nov. 30, 1931; A ad int. 15780; pubd. Oct. 8; C . G. Crump, London,
378 1782 283 49 (31-35306)

293 1877 458 65 D’Autremont,
782 1876 183 55 Louis
989 1876 166 56 Paul.

365 1954 206 54 Tables
598 1954 65 54 of
688 1955 96 53 the
810 1955 296 53 calendars;
1167 1955 95 53 the
1292 1955 201 67 world,
1520 1954 478 54 thirteen-month
2032 1956 113 53 and
295 1956 1991 130 duodecimal

569 2033 296 54 calendars
900 2033 62 53 in
994 2033 299 53 tabulated
1326 2033 362 69 comparison
1724 2033 142 53 with
1900 2033 96 53 the
2032 2033 277 54 standard

295 2129 65 35 or
400 2110 325 70 Gregorian
766 2111 287 69 calendar,
1094 2111 77 70 by
1212 2111 176 54 Louis
1430 2113 67 52 P.
1541 2110 424 55 d’Autremont.
2051 2111 263 68 [Duluth,

295 2188 1291 71 Printed by Steele-Lounsberry co.] ᶜ1 931.
376 2270 339 51 [20] p. 23 ᶜᵐ .
306 2339 51 53 ©
389 2344 127 48 Sept.
547 2344 69 47 19,
645 2343 112 42 1931;
814 2344 67 42 2c.
914 2345 127 48 Sept.
1070 2345 83 47 23;
1184 2345 83 42 aff.
1296 2345 104 41 Oct.
1429 2345 54 47 5;
1514 2345 40 39 A
1582 2345 146 41 42958;
1787 2345 51 39 L.
1868 2345 52 41 P.
1949 2343 368 50 D’Autremont,

374 2401 205 48 Duluth,
613 2402 151 41 Minn.
835 2402 283 50 (31-35195)

301 2496 150 65 Day,
481 2496 301 58 Bertram.

371 2573 1946 74 Sonnets of a sojourner, by Bertram Day … Hammond, Ind.,
298 2651 88 54 W.
418 2652 69 55 B.
520 2652 232 72 Conkey
782 2672 296 53 company,
1111 2658 152 50 1931.

372 2732 1045 52 5 p. l., 60 p., 1 l. front. (port.) 26 ᶜᵐ .
374 2790 166 42 “First
566 2791 228 42 edition.”

311 2862 51 52 ©
391 2867 118 41 Nov.
537 2867 70 47 24,
636 2867 113 41 1931;
805 2868 67 41 2c.
903 2869 112 40 Dec.
1044 2870 53 38 11;
1156 2868 83 42 aff.
1269 2869 111 40 Dec.
1410 2869 55 39 14;
1523 2869 41 39 A
1590 2869 146 41 46373;
1794 2870 54 40 B.
1877 2870 123 47 Day,
2029 2867 292 49 Hammond,

381 2925 103 39 Ind.
557 2925 281 48 (31-35296)

306 3018 254 65 Denver,
594 3019 118 56 Col.
788 3020 427 65 Presbyterian
1248 3020 279 67 hospital.

379 3098 384 70 Proceedings
794 3100 64 53 of
887 3101 94 53 the
1016 3100 245 55 Clinical
1293 3100 135 55 staff
1457 3100 212 72 society
1699 3102 64 52 of
1791 3101 99 53 the
1918 3099 408 69 Presbyterian

307 3175 254 69 hospital
598 3178 64 52 of
703 3178 284 54 Colorado.
1080 3199 50 32 v.
1174 3184 43 48 1.
1294 3180 247 68 Denver,
1580 3180 141 69 Col.,
1758 3181 123 52 The
1918 3177 409 70 Presbyterian

306 3254 254 68 hospital
590 3256 340 54 association
959 3257 64 54 of
1053 3257 303 68 Colorado,
1386 3261 150 50 1931.

383 3336 860 50 131 p. illus., pl., diagrs. 23 ᶜᵐ .
315 3386 53 53 ©
397 3392 101 41 Oct.
526 3393 26 39 2,
653 3395 54 39 1931;
766 3395 65 41 2c.
862 3394 103 43 Oct.
993 3396 82 46 24;
1106 3395 82 41 aff.
1219 3396 103 42 Oct.
1350 3396 83 47 23;
1465 3397 40 39 A
1532 3396 146 40 44405;
1737 3394 348 50 Presbyterian
2112 3396 214 47 hospital

384 3460 116 30 assn.
545 3451 52 40 of
625 3451 251 42 Colorado.

310 3544 347 66 Donoghue,
690 3546 283 66 Timothy
1007 3549 53 55 J.

380 3621 121 54 The
535 3624 383 53 constructive
952 3625 360 54 commercial
1351 3625 252 70 Spanish
1640 3625 262 68 method;
1940 3644 32 34 a
2009 3623 317 55 condensed

311 3701 357 52 commercial
710 3700 252 70 Spanish
1001 3722 312 51 grammar,
1354 3703 308 71 following
1698 3704 99 53 the
1837 3702 321 70 Donoghue

311 3720 1992 111 constructive
629 3781 232 52 method
906 3780 65 54 of
1014 3782 286 69 language
1346 3782 289 71 teaching,
1682 3783 286 68 arranged
2016 3780 96 54 for
2156 3780 173 69 study

313 3853 137 52 with
497 3873 64 35 or
606 3857 245 54 without
895 3878 32 34 a
973 3860 243 53 teacher.
1299 3861 275 68 Adapted
1623 3860 96 54 for
1766 3861 191 54 school
2004 3860 113 53 and
2164 3859 167 53 home

310 3932 188 68 study,
591 3933 250 71 Spanish
893 3938 447 69 pronunciation
1390 3940 174 75 being
1614 3938 372 74 figuratively
2039 3937 290 55 indicated
