2505 4370
1034 3977 134 55 1287

91 370 293 66 Sylvaine,
413 369 195 54 Hilda.

157 462 120 52 The
310 457 305 57 inevitable
647 459 162 65 hour,
841 457 74 68 by
947 455 181 55 Hilda
1165 455 289 68 Sylvaine.
1530 454 138 53 New
1703 453 178 65 York,
1917 453 166 55 Sears

90 530 1019 78 publishing company, inc. [ ᶜ1 931]
158 616 616 52 4 p. l., 3-309 p. 19½ᶜᵐ.
95 686 52 52 ©
176 690 119 47 Aug.
323 688 68 50 26,
421 688 112 40 1931;
592 688 66 39 2c.
692 687 127 47 Sept.
849 687 19 38 1;
934 684 80 41 aff.
1050 685 125 46 Sept.
1206 684 26 39 3;
1292 683 41 39 A
1360 683 146 40 42117;
1569 682 143 41 Sears
1742 683 109 48 pub.
1883 694 66 28 co.,
1997 682 91 41 inc.

175 745 278 50 (31-22583)

91 870 204 65 Tautz,
325 870 256 52 Herbert
612 869 66 54 E.

162 964 119 51 The
312 961 236 53 modern
579 957 413 55 motor-driven
1023 955 430 69 woodworking
1482 955 173 69 shop;
1686 956 128 50 how
1845 961 57 47 to
1936 955 157 70 plan,

94 1046 229 62 operate
356 1040 113 53 and
504 1043 94 63 get
630 1038 96 53 the
759 1042 147 48 most
939 1040 97 48 out
1070 1035 64 52 of
1166 1036 65 67 it,
1263 1035 75 68 by
1371 1033 249 53 Herbert
1657 1033 65 51 E.
1759 1034 183 51 Tautz
1979 1033 113 53 and

94 1118 182 67 Clyde
308 1117 55 54 J.
398 1114 214 53 Fruits.
684 1113 165 55 With
883 1115 103 51 204
1017 1111 262 69 working
1312 1109 307 70 drawings,
1654 1110 290 69 diagrams
1979 1110 114 53 and

90 1187 1977 153 illustrations. v. 3. Milwaukee, Wis., Woodworkers educational department [ ᶜ1 931]
163 1347 1098 54 2 p. l., 261-384 p. illus., diagrs, 23½ ᶜᵐ .
98 1419 52 52 ©
176 1423 119 48 Aug.
322 1422 69 47 10,
420 1420 140 42 1931;
589 1420 68 41 2c.
684 1420 119 47 Aug.
831 1419 55 39 24;
945 1417 81 43 aff.
1054 1418 119 47 Aug.
1200 1416 82 48 22;
1314 1417 41 38 A
1381 1415 172 49 41280;
1585 1417 144 40 Delta
166 1416 1909 111 manufacturing
271 1490 81 36 co.,
378 1477 305 41 Milwaukee.

92 1587 253 63 Walton,
375 1585 264 55 Francis.

160 1678 56 53 A
254 1695 240 52 woman,
533 1680 84 66 49,
655 1677 76 69 by
772 1675 237 55 Francis
1049 1675 253 55 Walton.
1381 1674 138 54 New
1561 1672 180 70 York,
1782 1674 217 52 Farrar
2040 1675 52 52 &

91 1754 966 70 Rinehart, incorporated [ ᶜ1 931]
161 1834 582 51 5 p. l., 3-272 p. 20 ᶜᵐ .
100 1905 52 52 ©
183 1909 121 47 Aug.
335 1907 70 49 20,
438 1907 141 48 1931;
613 1909 67 39 2c.
712 1908 120 47 Aug.
864 1908 82 42 21;
981 1906 81 42 aff.
1094 1907 119 47 Aug.
1247 1906 84 46 20;
1367 1906 41 39 A
1439 1904 173 49 41128;
1648 1905 50 41 F.
1734 1906 209 44 Walton,
1978 1907 117 39 New

167 1966 146 43 York.
385 1964 279 49 (31-22399)

94 2076 198 62 Ward,
324 2075 246 53 Charles
599 2074 316 53 Henshaw.

166 2167 122 54 The
339 2166 195 69 junior
587 2166 231 68 highway
911 2171 60 47 to
1028 2164 262 69 English.
1367 2165 137 51 Rev.
1559 2164 85 53 ed.
1720 2164 106 52 Bk.
1882 2168 49 48 2.
2007 2166 92 67 By

100 2240 1992 74 C. H. Ward … and H. Y. Moffett … Chicago, Atlanta [etc.]
99 2320 1191 72 Scott, Foresman and company [ ᶜ1 931]
169 2399 841 52 1 p. l., xvi, 334 p. illus. 19 ᶜᵐ .
103 2469 52 52 ©
184 2474 120 47 Aug.
330 2471 70 50 26,
431 2470 112 42 1931;
602 2472 68 40 2c.
701 2474 94 38 and
827 2471 81 39 aff.
939 2469 118 49 Aug.
1090 2472 82 41 28;
1206 2471 40 39 A
1277 2470 171 48 41300;
1485 2470 147 51 Scott,
1665 2472 264 40 Foresman
1962 2473 35 39 &
2028 2483 67 29 co.

97 2582 266 64 Warren,
394 2580 263 65 Charles,
690 2586 168 50 1868-

165 2670 243 56 Jacobin
446 2673 113 52 and
596 2670 193 70 junto;
831 2690 80 47 or,
950 2671 180 67 Early
1168 2671 307 53 American
1514 2672 229 68 politics
1782 2691 59 34 as
1878 2672 215 55 viewed

97 2748 60 53 in
197 2750 97 53 the
332 2748 168 70 diary
540 2749 64 52 of
643 2751 102 51 Dr.
786 2749 311 53 Nathaniel
1138 2749 192 67 Ames,
1372 2752 328 67 1758-1822,
1739 2750 79 69 by
1858 2751 238 55 Charles

97 2825 255 56 Warren.
432 2826 360 69 Cambridge,
830 2826 191 62 Mass.,
1058 2827 275 53 Harvard
1372 2823 319 74 university
1730 2845 174 52 press,
1944 2832 149 50 1931.

170 2908 658 51 4 p. l., [3]-324 p. 22½ ᶜᵐ .
106 2975 52 52 ©
194 2979 119 48 Aug.
350 2979 71 47 11,
456 2978 113 41 1931;
635 2979 68 40 2c.
739 2979 120 48 Aug.
897 2979 55 40 17;
1018 2978 80 41 aff.
1138 2980 120 47 Aug.
1295 2979 59 40 26;
1418 2979 40 39 A
1495 2978 146 42 41274;
1708 2979 255 41 President
2003 2982 96 38 and

173 3035 191 41 fellows
387 3036 52 40 of
464 3036 231 39 Harvard
720 3036 192 48 college,
940 3034 299 51 Cambridge,
1269 3037 147 39 Mass.
1490 3035 281 52 (31-22417)

100 3145 200 64 Webb,
330 3146 221 54 Robert
582 3145 301 56 Franklin.

173 3234 1864 78 Principles and methods in typewriting, by R. F. Webb …
102 3316 139 53 New
269 3314 179 70 York,
474 3316 451 69 Prentice-Hall,
948 3315 128 71 inc.,
1105 3320 150 49 1931.

178 3393 837 51 ix p., 1 l., 221 p. illus. 19½ ᶜᵐ .
174 3451 349 50 Bibliography
541 3463 8 28 :
583 3463 42 37 p.
656 3451 216 42 209-213.

108 3518 52 52 ©
189 3522 118 48 Aug.
339 3522 68 47 14,
439 3521 140 47 1931;
611 3521 68 42 2c.
711 3524 93 38 and
835 3522 81 42 aff.
946 3523 119 48 Aug.
1095 3523 83 46 20;
1211 3523 39 40 A
1282 3523 171 48 40926;
1488 3524 376 49 Prentice-Hall,
1897 3525 88 39 inc.

185 3578 280 49 (31-21835)

103 3686 294 66 Weekley,
428 3689 237 62 Ernest,
697 3694 170 50 1865-

172 3776 233 72 Cruelty
434 3783 59 48 to
521 3778 213 63 words;
764 3798 80 47 or,
872 3777 156 57 First
1059 3780 90 53 aid
1184 3780 96 52 for
1307 3780 94 54 the
1428 3779 327 63 best-seller,
1783 3781 74 67 by
1889 3781 201 53 Ernest

99 3851 1736 77 Weekley … New York, E. P. Dutton & co., inc. [ ᶜ1 931]
