2428 4370
1247 4058 134 56 1478

313 419 103 55 Six
445 419 216 54 o’clock
689 420 131 54 club
849 420 65 54 of
942 421 87 54 St.
1057 421 199 56 Louis.

380 497 185 53 There
593 498 48 52 is
671 497 116 55 this
817 498 173 54 about
1019 499 195 53 letters;
1277 519 32 33 a
1340 499 297 55 collection
1668 501 65 53 of
1765 503 238 53 lectures
2034 503 282 54 delivered

309 574 197 55 before
532 578 96 52 the
654 576 103 57 Six
782 577 212 54 o’clock
1018 578 144 55 club.
1240 578 117 54 “60’”.
1506 579 167 56 Saint
1697 580 192 66 Louis,
1916 582 121 52 The
2062 582 260 69 Gerding

309 653 338 70 publishing
674 674 281 52 company
990 689 13 35 [
1030 659 134 50 ᶜ1931]

384 735 884 51 ix, [1], 272 p., 1 l. illus. 23½ ᶜᵐ .
384 793 163 42 “First
575 794 225 43 edition.”

381 850 62 43 H.
468 851 52 42 L.
548 851 226 50 Gerding,
801 854 249 46 secretary
1078 852 52 40 of
1153 853 84 40 the
1260 852 124 42 club.
1444 854 63 48 cf.
1532 864 44 38 p.
1605 872 58 32 [v]

383 908 101 41 The
513 909 153 41 series
693 912 125 46 note,
853 910 129 40 “The
1014 909 85 42 Six
1129 910 180 40 o’clock
1335 910 255 49 lectures”,
1623 920 208 39 appears
1862 922 60 29 on
1952 911 239 42 half-title
311 924 1995 90 preceding
508 967 120 40 each
654 968 198 39 lecture.

315 1032 52 53 ©
393 1038 119 46 Aug.
540 1038 69 43 21,
637 1037 113 41 1931;
805 1038 67 41 2c.
899 1039 96 39 and
1021 1038 82 41 aff.
1133 1038 128 47 Sept.
1289 1039 82 47 17;
1401 1038 41 40 A
1467 1038 173 49 41690;
1670 1040 213 41 Herbert
1910 1040 160 41 Lewis
2097 1040 225 48 Gerding,

385 1095 75 47 jr.,
493 1095 66 42 St.
588 1096 161 40 Louis.
820 1094 281 49 (31-25159)

312 1190 233 65 Spates,
577 1191 259 53 Thomas
869 1190 288 66 Gardner,
1192 1196 170 50 1890-

380 1267 486 70 Unemployment
897 1269 300 52 insurance
1227 1268 60 53 in
1320 1268 381 57 Switzerland;
1764 1270 97 52 the
1891 1270 194 56 Ghent
2114 1278 208 63 system

309 1345 388 55 nationalized
737 1347 138 54 with
918 1347 364 68 compulsory
1322 1346 270 69 features,
1630 1348 79 70 by
1746 1350 65 52 T.
1852 1348 69 56 G.
1962 1348 206 70 Spates
2208 1351 110 53 and

309 1424 70 56 G.
433 1425 57 56 S.
545 1424 404 55 Rabinovitch.
1025 1426 140 53 New
1220 1424 179 70 York,
1452 1425 323 54 Industrial
1829 1426 272 55 relations
308 1446 1989 125 counselors,

527 1502 421 71 incorporated,
981 1508 150 49 1931.

380 1584 1181 50 xii p., 2 l., 276 p. incl. front. (map) 23½ ᶜᵐ .
382 1642 229 41 Lettered
641 1654 59 30 on
731 1653 141 30 cover
890 1654 9 29 :
996 1675 7 8 III.

383 1699 131 43 “The
550 1700 134 42 third
721 1700 51 41 in
808 1713 27 29 a
876 1700 152 41 series
1064 1712 59 29 on
1161 1700 395 48 unemployment
1591 1700 260 42 insurance
1888 1700 143 50 being
2066 1702 253 49 published

310 1759 60 48 by
406 1758 273 41 Industrial
714 1758 235 41 relations
983 1759 294 46 counselors,
1312 1757 348 43 inc.”—Series
1692 1759 260 41 foreword.

381 1816 135 41 “List
542 1816 53 41 of
622 1816 274 41 references
921 1815 157 41 cited”
1098 1827 8 29 :
1136 1827 43 38 p.
1206 1816 100 41 263.

314 1884 52 53 ©
402 1889 119 48 Aug.
559 1888 68 47 10,
664 1888 113 41 1931;
842 1888 66 40 2c.
946 1891 96 39 and
1078 1888 83 41 aff.
1200 1889 129 47 Sept.
1366 1889 59 40 18;
1487 1888 40 39 A
1562 1888 148 40 42415;
1775 1889 270 41 Industrial
2085 1888 237 42 relations

383 1948 292 46 counselors,
705 1946 91 41 inc.
868 1945 282 49 (31-24914)

310 2039 233 66 Stieler,
574 2040 213 65 Georg,
818 2046 173 50 1884-

441 2118 1880 70 … Leibniz und Malebranche und das theodiceeproblem.
305 2197 360 67 Darmstadt,
697 2197 67 56 O.
794 2197 221 68 Reichl,
1048 2200 152 51 1930.

379 2277 1537 51 viii, 167 p. 25 ᶜᵐ . ( Added t.-p.: Leibniz-archiv … III)
313 2346 1998 53 © Oct. 15, 1930; 1c. Feb. 13, 1931; A —Foreign 11618; Otto Reichl verlag
392 2408 282 50 (31-24610)

311 2503 397 64 Strachstein,
739 2503 328 65 Abraham,
1099 2509 171 50 1881-

306 2578 1993 134 The penalty; must we pay it? By Dr. Abraham Strachstein … New
798 2658 1280 70 York, The Blanchard press, inc. [ ᶜ1 931 ]
378 2742 601 49 136 p. plates. 19 ½ ᶜᵐ .
314 2811 51 53 ©
401 2816 129 48 Sept.
559 2814 70 50 24,
660 2813 114 42 1931;
832 2813 68 42 2c.
932 2815 96 39 and
1059 2813 82 41 aff.
1176 2814 129 48 Sept.
1336 2813 59 41 26;
1453 2813 42 41 A
1522 2813 150 42 41880;
1731 2813 134 42 Good
1896 2813 170 41 health
2096 2813 110 50 pub.
2239 2822 82 35 co.,

385 2874 119 39 New
532 2873 146 40 York.
749 2871 281 50 (31-25197)

310 2968 257 65 Strawn,
597 2967 253 65 Arthur,
884 2972 171 50 1900-

379 3046 123 53 The
537 3046 141 52 road
714 3051 60 48 to
810 3045 292 68 Granada,
1141 3064 31 33 a
1209 3049 159 66 story
1402 3044 65 53 of
1504 3044 313 54 adventure
1852 3041 59 57 in
1946 3045 97 52 the
2080 3044 142 69 days
2257 3042 63 54 of

308 3124 96 53 the
440 3124 257 53 Moorish
737 3142 146 34 wars
921 3124 58 52 in
1021 3122 200 69 Spain,
1258 3123 77 70 by
1371 3122 228 54 Arthur
1638 3122 258 67 Strawn;
1938 3121 382 54 illustrations

308 3202 75 69 by
427 3202 189 54 Helen
661 3204 233 65 Torrey.
972 3201 139 53 New
1158 3200 180 69 York,
1382 3204 249 65 Brewer,
1673 3201 246 54 Warren
1963 3203 46 50 &
2051 3201 270 66 Putnam,

312 3284 149 49 1931.

380 3360 944 51 3 p. l., 278 p. front., illus. 20½ ᶜᵐ .
315 3430 51 52 ©
397 3434 128 48 Sept.
551 3434 71 43 25,
650 3432 113 42 1931;
818 3432 67 40 2c.
914 3434 95 39 and
1037 3432 81 41 aff.
1150 3433 128 47 Sept.
1305 3431 56 42 28;
1417 3431 41 40 A
1485 3430 143 41 42691;
1687 3431 54 41 A.
1772 3431 208 48 Strawn,
2010 3430 311 48 Ledgewood,

385 3491 56 42 N.
473 3492 43 39 J.
588 3490 281 49 (31-25045)

311 3586 414 64 Stuhldreher,
757 3586 201 63 Harry
987 3585 336 64 Augustus.

379 3662 199 54 Knute
626 3662 248 63 Rockne,
922 3681 133 36 man
1101 3661 228 55 builder
1401 3661 95 71 [by]
1550 3662 201 68 Harry
1798 3660 72 54 A.
1924 3659 394 56 Stuhldreher.

307 3737 1451 72 Philadelphia, Macrae Smith company [ ᶜ1 931 ]
380 3821 87 41 335
497 3834 43 38 p.
599 3822 167 49 front.,
794 3824 172 47 plates,
996 3824 151 47 ports.
1206 3821 148 41 21½ᶜᵐ.

383 3878 164 42 “First
573 3878 228 43 edition.”

316 3944 52 54 ©
396 3949 127 49 Sept.
550 3949 70 49 21,
646 3949 113 43 1931;
815 3951 67 42 2c.
912 3951 129 49 Sept.
1067 3950 83 48 23;
1180 3949 83 43 aff.
1292 3949 127 49 Sept.
1447 3948 83 49 24;
1558 3949 41 40 A
1624 3948 146 43 41855;
1828 3949 210 40 Macrae.
2068 3945 158 43 Smith
2254 3956 67 30 co.

395 4006 281 50 (31-25170)
