2428 4370
1020 3988 132 55 1997

97 379 210 66 Dixon,
335 383 138 52 Mrs.
503 379 184 53 Helen
725 379 337 66 (Cadbury)
1101 378 354 57 Alexander.

160 455 70 51 A.
260 453 59 55 C.
348 455 209 64 Dixon,
583 473 32 33 a
641 471 257 34 romance
923 454 64 54 of
1012 455 328 69 preaching,
1365 455 73 67 by
1466 454 183 53 Helen
1677 453 62 55 C.
1766 454 69 51 A.
1865 453 191 54 Dixon;

94 532 138 53 with
277 532 66 52 70
389 530 393 55 illustrations.
862 530 138 55 New
1046 530 179 70 York,
1268 530 257 68 London,
1570 529 65 56 G.
1683 530 65 55 P.
1794 530 266 53 Putnam's

92 626 144 51 sons,
264 612 151 51 1931.

160 688 1173 50 xi, 324 p. front., plates, ports., facsim. 24 ᶜᵐ.
161 745 139 49 Maps
328 757 60 29 on
414 744 360 50 lining-papers.

101 813 51 52 ©
192 817 101 40 Oct.
331 816 69 47 30,
438 815 140 47 1931;
617 815 68 41 2c.
723 816 116 39 Nov.
878 815 53 46 3;
972 814 81 40 aff.
1094 815 111 40 Dec.
1243 815 54 46 4;
1339 815 40 39 A
1416 815 172 47 46202;
1630 816 60 41 H.
1730 816 49 41 C.
1818 815 55 42 A.
1914 816 173 49 Dixon,

167 873 348 48 Birmingham,
545 872 234 47 England.
850 871 279 48 (31-34619)

95 967 262 63 Duncan,
386 965 296 54 Hannibal
713 965 230 63 Gerald,
977 970 168 50 1885-

162 1041 1864 71 Backgrounds for sociology, by Hannibal Gerald Duncan …
91 1121 234 66 Boston,
351 1119 191 68 Mass.,
569 1118 282 53 Marshall
881 1118 173 54 Jones
1086 1136 280 52 company
1512 1122 83 64 [ᶜ1931]

158 1211 79 38 xx,
272 1200 84 41 831
391 1210 42 38 p.
494 1200 127 39 illus.
652 1199 182 49 (maps)
879 1199 178 48 diagrs.
1117 1197 117 43 22ᶜᵐ.

159 1255 247 42 “Selected
435 1254 300 42 references”
765 1256 52 40 at
843 1256 92 39 end
964 1254 53 41 of
1042 1255 119 40 each
1190 1254 214 49 chapter.

99 1324 51 52 ©
177 1329 112 47 Apr.
317 1328 69 46 25,
413 1326 139 42 1931;
582 1327 67 40 2c.
676 1327 112 47 Apr.
817 1326 82 47 28;
928 1325 81 40 aff.
1037 1326 114 48 Apr.
1178 1326 57 40 27;
1292 1326 40 39 A
1359 1326 172 48 36832;
1563 1327 239 40 Marshall
1829 1327 146 40 Jones
2006 1338 81 38 co.,

166 1384 90 41 inc.
327 1383 278 50 (31-10989)

93 1480 218 63 Evans,
339 1480 140 53 Mrs.
509 1478 130 53 Ada
667 1478 54 56 J.

157 1555 176 54 Little
369 1554 262 55 histories
666 1553 58 52 in
762 1571 207 52 poems,
1004 1554 76 69 by
1115 1553 131 54 Ada
1283 1554 56 54 J.
1377 1554 210 54 Evans.
1661 1554 218 69 Dallas,
1917 1552 63 56 C.
2022 1552 61 56 C.

89 1632 601 69 Cockrell co. [ ᶜ19 31]
161 1713 233 49 84 p. 19½ ᶜᵐ.
99 1783 51 53 ©
175 1788 117 40 Nov.
317 1787 69 48 26,
413 1785 112 41 1931;
581 1786 67 41 2c.
674 1786 111 41 Dec.
811 1786 25 39 5;
892 1784 80 41 aff.
1001 1785 110 40 Dec.
1138 1787 27 37 4;
1222 1785 40 39 A
1286 1785 144 41 45337;
1487 1785 55 42 A.
1569 1786 43 40 J.
1641 1787 176 46 Evans,
1847 1785 184 40 Dallas.

175 1843 279 49 (31-34683)

93 1939 160 64 Fine,
283 1937 255 57 Samuel.

160 2013 321 69 Principles
521 2018 112 52 and
670 2014 248 69 practice
956 2013 65 53 of
1055 2015 95 51 the
1185 2014 195 52 dental
1418 2013 286 69 assistant,
1740 2013 77 71 by
1856 2014 230 56 Samuel

92 2090 1992 72 Fine … Worcester, Mass., The Hamilton publishing co.
137 2172 151 65 [ᶜ1931]

160 2249 553 49 xiv, 66 p. illus. 22 ᶜᵐ.
97 2316 52 52 ©
178 2321 110 39 Dec.
317 2320 39 48 2,
386 2318 139 48 1931;
556 2320 66 40 2c.
653 2321 96 38 and
777 2318 80 42 aff.
888 2319 111 42 Dec.
1027 2321 55 45 4;
1114 2319 40 40 A
1182 2319 171 48 46165;
1389 2319 45 41 S.
1464 2319 132 48 Fine,
1629 2319 279 48 Fitchburg,
1940 2320 146 40 Mass.

175 2376 278 49 (31-34603)

93 2467 382 67 Fitzpatrick,
508 2468 300 66 Benedict,
842 2475 170 50 1881-

157 2544 161 53 Frail
351 2545 165 52 Anne
552 2545 236 69 Boleyn,
824 2545 112 53 and
971 2549 101 51 her
1109 2545 212 52 fateful
1357 2545 153 52 loves
1543 2544 141 53 with
1720 2545 202 71 Henry
2073 2587 11 23 VIII,

87 2621 75 68 by
214 2620 276 55 Benedict
540 2621 375 68 Fitzpatrick.
1004 2622 136 53 New
1196 2621 179 68 York,
1426 2622 63 53 L.
1544 2621 352 70 MacVeagh,
1949 2622 135 53 Dial

87 2716 168 52 press,
286 2698 125 70 inc.,
444 2702 149 51 1931.

157 2781 839 48 5 p. l., 318 p. front., ports. 24 ᶜᵐ.
97 2834 52 53 ©
176 2839 117 41 Nov.
321 2839 69 48 28,
418 2837 112 42 1931;
588 2838 66 41 2c.
683 2838 109 41 Dec.
822 2839 25 40 7;
905 2837 81 43 aff.
1017 2838 110 41 Dec.
1157 2838 25 40 5;
1239 2837 42 41 A
1306 2838 146 41 45346;
1510 2838 115 41 Dial
1653 2849 148 39 press,
1831 2838 90 41 inc.

175 2896 278 48 (31-34613)

93 2990 215 64 Frank,
337 2988 206 55 Waldo
570 2988 208 66 David,
810 2994 171 49 1889-

160 3068 266 53 America
447 3068 262 69 hispana,
731 3088 32 33 a
784 3070 247 66 portrait
1055 3070 112 52 and
1190 3088 32 33 a
1246 3072 281 65 prospect,
1548 3069 75 67 by
1642 3069 208 52 Waldo
1875 3066 47 52 F
1927 3067 159 52 rank.

92 3147 138 53 New
258 3146 179 69 York,
463 3147 258 68 London,
749 3146 59 53 C.
841 3144 310 56 Scribner’s
1178 3164 147 50 sons,
1354 3149 150 50 1931.

162 3225 692 49 xviii p., 2 l., 3-388 p. 23½ᶜᵐ.
164 3285 138 46 Maps
334 3294 59 30 on
424 3282 362 48 lining-papers.

441 3340 267 39 CONTENTS.—Prelude;
768 3340 98 38 The
897 3336 344 43 canal.—book
1272 3337 41 42 1.
1344 3339 221 40 Portrait;
1622 3339 100 38 The
1752 3337 173 40 Andes.
1987 3336 100 41 The

92 3406 187 38 pampa.
341 3397 101 38 The
489 3396 188 39 Pacific.
739 3396 99 39 The
886 3396 168 40 forest.
1116 3396 102 39 The
1265 3397 185 39 central
1501 3406 96 31 sea.
1658 3395 249 40 Interlude;
1988 3394 96 41 San

95 3452 182 41 Martin
305 3454 94 38 and
426 3449 401 43 Bolivar.—book
854 3451 39 41 2.
923 3453 229 47 Prospect;
1210 3452 100 40 The
1337 3451 218 40 Atlantic
1582 3453 165 39 world.

1808 3451 102 41 The
95 3452 1974 105 creating
200 3510 51 39 of
276 3509 222 40 America
523 3509 219 47 hispana.
802 3510 42 37 A
869 3511 225 46 personal
1120 3509 338 48 bibliography
1495 3509 65 48 (p.
1588 3508 228 49 373-380)

99 3562 51 52 ©
188 3566 126 47 Sept.
350 3566 68 46 18,
453 3564 139 48 1931;
629 3566 66 40 2c.
731 3566 116 39 each
886 3565 126 48 Sept.
1047 3565 82 47 28;
1168 3565 81 40 aff.
1287 3565 101 41 Oct.
1425 3566 52 42 5;
1515 3565 40 39 A
1589 3565 171 47 43597;
1797 3565 72 39 W.
1907 3564 177 48 Frank,

164 3623 118 40 New
311 3623 143 39 York.
525 3621 278 51 (31-28231)

94 3715 327 65 Gallaudet,
449 3717 156 51 Bern
634 3717 185 63 Budd,
852 3722 170 48 1860-

162 3795 55 51 A
255 3792 347 68 description
641 3794 63 52 of
741 3795 95 51 the
875 3794 196 67 planes
1109 3793 65 52 of
1211 3792 181 53 fascia
1430 3792 64 52 of
1530 3793 97 52 the
1664 3794 212 51 human
1913 3791 169 69 body,

94 3868 139 54 with
276 3869 210 68 special
527 3868 286 55 reference
855 3876 58 47 to
956 3872 96 51 the
1096 3870 180 53 fascia
1319 3869 64 53 of
1422 3870 96 52 the
1562 3868 294 69 abdomen,
1902 3868 180 69 pelvis
