2428 4370
998 4050 133 51 1583

44 422 423 63 Guchteneere,
500 418 186 54 Raoul
720 418 87 54 de.

106 498 318 69 Judgment
468 514 71 34 on
581 494 158 53 birth
784 491 236 68 control,
1062 491 76 68 by
1182 490 68 52 R.
1298 489 67 53 de
1409 486 402 56 Guchteneere.
1894 484 137 52 New

39 576 178 67 York,
244 576 121 51 The
391 571 334 54 Macmillan
755 585 298 53 company,
1082 569 151 51 1931.

108 651 619 54 5 p. l., 9-224 p. 19½ ᶜᵐ .
46 711 50 52 ©
131 714 126 48 Sept.
285 712 69 49 24,
385 710 140 48 1931;
557 710 66 40 2c.
658 709 126 48 Sept.
814 708 83 47 25;
931 707 82 41 aff.
1045 706 101 41 Oct.
1178 705 54 48 2;
1264 706 41 39 A
1335 705 172 47 42856;
1543 702 281 41 Macmillan
1856 712 67 30 co.

123 769 279 50 (31-29166)

45 849 266 65 Halbert,
339 848 278 62 Blanche,
645 849 83 52 ed.

113 926 119 53 The
270 926 183 53 better
491 924 191 52 homes
721 921 229 54 manual
1026 919 303 68 <published
1368 918 59 52 in
1468 916 386 69 co-operation
1896 913 139 55 with

43 993 1930 74 Better homes in America> Edited by Blanche Halbert …
43 1071 1752 78 Chicago, Ill., The University of Chicago press [ ᶜ1 931]
44 1151 1974 113 xxii, 781 p. illus. (incl. plans) diagr. 21½ ᶜᵐ . (Half-title: The University of
331 1214 208 48 Chicago
566 1214 140 41 home
730 1212 267 42 economics
1022 1210 176 48 series)

118 1271 347 42 “References”
498 1274 52 37 at
584 1271 92 41 end
710 1270 52 40 of
792 1270 118 39 each
945 1267 200 49 chapter
1181 1268 169 46 except
1384 1266 82 40 the
1499 1266 111 39 last.

49 1327 50 52 ©
138 1331 128 49 Sept.
300 1330 71 46 22,
406 1328 139 46 1931;
582 1327 68 43 2c.
687 1326 101 41 Oct.
825 1327 82 46 12;
946 1324 81 41 aff.
1066 1324 102 42 Oct.
1205 1323 52 48 9;
1297 1324 40 38 A
1372 1322 172 48 44080;
1584 1323 169 39 Better
1788 1320 165 42 homes
1988 1320 50 40 in

114 1386 237 49 America,
373 1387 106 45 inc.,
504 1383 335 52 Washington.
909 1381 283 50 (31-29482)

49 1466 165 64 Hale,
245 1465 246 56 Charles
517 1463 344 65 Brockway,
891 1465 83 53 ed.

118 1542 270 55 Contrast
415 1542 112 52 and
554 1540 374 67 comparison,
953 1557 32 34 a
1008 1538 148 54 book
1180 1536 64 54 of
1268 1553 204 53 essays,
1498 1536 188 55 edited
1711 1536 76 69 by
1806 1536 236 54 Charles

49 1612 1994 76 Brockway Hale … and James Edward Tobin … New York,
48 1695 447 70 Prentice-Hall,
528 1694 125 70 inc.,
686 1697 149 52 1931.

119 1776 429 52 xi, 476 p. 21 ᶜᵐ .
54 1832 50 52 ©
135 1834 126 51 Sept.
290 1834 40 47 2,
358 1833 111 42 1931;
527 1833 67 42 2c.
625 1832 127 49 Sept.
780 1831 54 41 29;
892 1831 82 42 aff.
1006 1830 127 51 Sept.
1162 1831 59 40 26;
1275 1831 43 39 A
1343 1827 147 44 42799;
1547 1827 375 49 Prentice-Hall,
1954 1828 88 39 inc.

130 1890 281 51 (31-29153)

53 1970 261 67 Hallock,
345 1969 223 54 Gerard
596 1968 316 65 Benjamin
940 1966 182 67 Fleet,
1150 1971 86 52 ed.

123 2047 242 56 Doran’s
395 2046 288 55 ministers
711 2048 230 51 manual;
1003 2066 29 35 a
1064 2048 171 67 study
1266 2048 112 52 and
1409 2046 193 69 pulpit
1630 2046 171 69 guide
1833 2044 93 54 for
1955 2046 94 51 the

57 2126 262 55 calendar
342 2146 137 49 year
503 2127 148 51 1932.
727 2124 97 54 7th
849 2125 209 52 annual
1081 2125 239 51 volume.
1399 2123 299 70 Compiled
1723 2124 113 54 and
1862 2123 189 53 edited

58 2205 74 69 by
159 2204 135 53 Rev.
327 2203 66 55 G.
427 2205 66 50 B.
526 2203 64 52 F.
621 2202 266 67 Hallock,
958 2246 9 9 A.
1054 2242 31 27 M.,
1150 2245 10 9 D.
1229 2244 10 10 D.
1315 2201 139 53 New
1485 2201 180 67 York,
1697 2201 254 55 Richard
1989 2201 61 53 R.

60 2281 204 70 Smith,
290 2283 126 67 inc.,
446 2284 149 50 1931.

121 2360 479 50 xvii, 639 p. 22 ᶜᵐ .
60 2415 50 52 ©
142 2418 101 42 Oct.
273 2418 70 48 12,
373 2417 113 40 1931;
546 2416 67 43 2c.
646 2416 100 41 Oct.
779 2416 53 40 15;
893 2415 82 41 aff.
1009 2414 102 45 Oct.
1143 2416 56 40 16;
1258 2416 43 39 A
1329 2414 144 44 44193;
1536 2416 215 40 Richard
1784 2416 56 42 R.
1875 2415 172 44 Smith,

124 2475 89 41 inc.

59 2554 266 65 Hartley,
359 2555 192 62 Mary.

126 2631 192 55 James
345 2629 417 71 Breckinridge
782 2630 218 54 Waller
1024 2631 114 52 and
1162 2629 337 72 pioneering
1522 2631 60 52 in
1607 2632 95 52 the
1728 2631 328 54 wilderness

60 2708 64 54 of
149 2708 245 69 politics,
419 2708 77 68 by
523 2706 172 72 Mary
722 2707 264 67 Hartley.
1062 2706 272 70 Chicago,
1360 2707 159 55 Priv.
1548 2708 195 68 print.,
1776 2711 148 51 1931.

129 2788 1057 52 9 p. l., 105 p., 1 l. front. (port.) 20 ᶜᵐ .
132 2847 92 42 “Of
251 2847 100 42 this
380 2847 123 40 book
534 2858 88 30 one
651 2847 220 40 hundred
903 2847 95 40 and
1028 2845 114 50 fifty
1171 2846 160 49 copies
1361 2846 126 42 have
1516 2847 118 40 been
1665 2846 194 50 printed
1890 2849 53 39 at
1975 2847 82 41 the

62 2903 235 43 Lakeside
326 2915 149 38 press,
508 2903 55 40 R.
595 2903 55 42 R.
683 2904 267 48 Donnelley
982 2903 37 42 &
1049 2914 112 30 sons
1191 2913 249 39 company,
1474 2902 252 49 Chicago.”
1787 2903 119 42 This
1938 2914 117 38 copy

61 2964 83 38 not
169 2960 275 42 numbered.

134 3016 127 42 “The
288 3019 266 38 treatment
581 3017 51 40 of
660 3028 80 37 my
767 3016 202 47 subject,
999 3015 50 42 in
1079 3026 143 38 scope
1248 3014 268 51 nominally
1547 3017 199 40 touches
1778 3018 82 40 the
1889 3016 88 41 life
2008 3017 51 39 of

64 3074 81 40 the
180 3072 233 50 citizenry
449 3074 267 48 occupying
751 3084 27 29 a
816 3073 97 40 few
950 3082 176 39 square
1162 3072 140 41 miles
1338 3072 52 41 of
1427 3072 251 49 Chicago’s
1717 3073 146 40 lower
1902 3073 155 40 North

64 3128 480 44 side.”—Foreword.

69 3182 50 53 ©
142 3186 119 48 Aug.
286 3186 67 49 19,
378 3185 112 42 1931;
545 3187 68 41 2c.
637 3187 96 40 and
757 3185 79 40 aff.
863 3186 120 48 Aug.
1009 3185 82 49 26;
1118 3186 42 39 A
1183 3186 172 47 41275;
1384 3185 61 43 M.
1473 3187 222 48 Hartley,
1723 3185 223 50 Chicago.

145 3242 277 49 (31-29390)

67 3321 300 67 Hinsdale,
394 3321 250 56 Wilbert
671 3324 85 63 B.,
786 3328 131 49 1851-

68 3395 1966 134 … Archaeological atlas of Michigan [by] Wilbert B. Hinsdale …
362 3477 136 51 Ann
533 3475 209 70 Arbor,
778 3475 337 71 University
1153 3476 64 54 of
1252 3475 298 72 Michigan
1588 3495 175 50 press,
1803 3480 149 50 1931.

137 3553 1923 57 3 p. l., 38. [2] p. illus., maps (1 fold.) diagrs. 61½ ᶜᵐ . (University
69 3620 254 40 museums,
355 3611 283 49 University
669 3613 53 40 of
752 3613 258 47 Michigan.
1071 3613 247 48 Michigan
1349 3614 259 41 handbook
1640 3613 150 42 series.
1837 3624 74 30 no.
1944 3614 52 48 4)

139 3667 210 49 “Editor,
378 3668 195 48 Eugene
605 3668 43 44 S.
679 3667 334 50 McCartney.”

140 3723 128 43 “The
308 3724 245 49 drawings
592 3725 79 41 for
711 3726 82 41 the
832 3736 138 37 maps
1008 3726 125 42 have
1174 3726 118 40 been
1334 3728 238 47 prepared
1612 3726 63 47 by
1717 3726 87 42 Mr.
1850 3726 211 42 Edward

73 3778 41 41 J.
152 3776 490 47 Stevens.”—Introd.

141 3833 260 44 “Sources”
419 3847 8 28 :
460 3846 44 37 p.
537 3837 99 42 1-3.

78 3885 50 53 ©
163 3891 116 51 July
311 3892 69 49 30,
416 3892 140 49 1931;
592 3894 67 41 2c.
699 3894 124 49 Sept.
860 3895 82 48 10;
981 3894 82 43 aff.
1100 3895 103 41 Oct.
1240 3895 81 47 10;
1360 3897 45 42 A
1435 3897 170 46 43212;
1645 3897 210 48 Regents
1892 3898 51 39 of
1980 3898 82 40 the

145 3947 280 52 University
453 3950 51 41 of
530 3950 258 52 Michigan,
817 3952 108 40 Ann
952 3951 169 43 Arbor.
1192 3951 279 50 (31-29284)
