2428 4370
1212 3994 138 52 2080

337 435 292 40 Illustrated
657 433 352 49 lining-papers
1040 434 52 38 in
1122 435 171 40 colors.

269 502 53 52 ©
356 506 127 48 Sept.
514 506 69 48 15,
614 504 114 42 1931;
788 505 67 41 2c.
890 505 130 48 Sept.
1050 503 60 41 29;
1169 504 82 40 aff.
1285 504 101 42 Oct.
1419 506 24 38 1;
1507 505 41 39 A
1577 504 147 42 43024;
1785 506 252 40 Whitman
2069 506 109 48 pub.
2213 517 66 30 co.

346 564 14 49 (CA
446 562 207 43 31-1095
672 562 236 49 Unrev’d)

333 681 116 55 Old
501 682 223 55 friends
771 684 64 52 of
882 700 149 49 ours,
1078 686 159 63 story
1286 685 113 52 and
1449 681 252 69 pictures
1747 682 76 67 by
1871 684 172 51 Peter
2088 682 192 56 Mabie

268 760 1988 68 [pseud.] Racine, Wis., Whitman publishing company [ ᶜ1 931]
341 832 1861 53 [30] p. col. illus. 26 ᶜᵐ. [With Chicken Little. Racine, Wis., 1931]
339 893 291 41 Illustrated
661 895 98 46 t.-p.
789 894 95 39 and
916 892 352 48 lining-papers
1299 892 50 39 in
1378 892 171 40 colors.

269 961 53 52 ©
355 966 118 47 July
501 965 70 48 30,
604 964 114 41 1931;
779 964 66 40 2c.
883 964 128 47 Sept.
1043 962 83 48 29;
1161 963 82 41 aff.
1278 963 103 42 Oct.
1414 963 53 46 1;
1503 963 40 39 A
1574 962 174 46 43025;
1784 961 254 42 Whitman
2069 963 110 47 pub.
2214 974 67 29 co.

349 1023 14 48 (CA
450 1022 206 41 31-1093
675 1022 236 47 Unrev’d)

261 1147 201 65 Work,
490 1145 212 54 Milton
731 1147 243 64 Cooper,
1004 1149 173 51 1864-

333 1225 122 52 The
488 1223 202 54 official
723 1228 209 64 system
965 1223 64 52 of
1061 1227 258 48 contract
1348 1221 207 69 bridge
1584 1221 62 53 in
1678 1240 32 34 a
1741 1221 269 68 nutshell,
2040 1221 77 70 by
263 1221 1996 135 Milton

407 1299 1875 71 C. Work … Philadelphia, Chicago [etc.] The John C.
262 1381 610 68 Winston co. [ ᶜ1 931]
338 1465 276 51 [58] p. 15 ᶜᵐ.
335 1535 127 41 Text
485 1546 62 29 on
573 1534 124 41 back
721 1533 341 49 lining-paper.

271 1604 52 52 ©
354 1609 119 39 Nov.
506 1607 39 47 6,
578 1605 141 48 1931;
753 1605 66 41 2c.
852 1606 113 39 Dec.
997 1606 52 44 5;
1084 1604 83 41 aff.
1200 1605 113 40 Dec.
1345 1605 54 45 3;
1433 1603 244 50 A 45320;
1713 1604 128 41 John
1875 1603 50 42 C.
1957 1603 228 41 Winston
2214 1615 69 30 co.
349 1664 283 50 (31-35688)

266 1775 261 65 Wright,
558 1772 249 68 Quincy,
837 1779 172 50 1890-
1223 1773 86 53 ed.

336 1853 490 68 Unemployment
856 1869 61 36 as
948 1870 32 33 a
1013 1850 487 68 world-problem.
1566 1853 305 55 <Lectures
1902 1868 74 35 on
2004 1850 99 54 the
267 1850 1994 135 Harris

375 1927 1910 71 foundation 1931> Quincy Wright, editor … Chicago, Ill.,
267 2007 1297 71 The University of Chicago press [ ᶜ1 931]
337 2093 67 48 ix,
433 2092 100 49 260,
567 2092 54 50 [1]
651 2102 45 38 p.
757 2090 56 41 19½ᶜᵐ.

619 2156 137 38 CONTENTS.—An
778 2153 244 42 economic
1044 2154 220 48 analysis
1288 2153 52 41 of
1362 2155 408 47 unemployment,
1790 2153 62 49 by
1874 2154 44 40 J.
1939 2155 62 39 M.
2021 2155 266 48 Keynes.—

270 2213 582 48 World-unemployment
904 2213 96 39 and
1050 2211 66 40 its
1167 2211 256 48 problems,
1475 2211 62 48 by
1585 2211 124 40 Karl
268 2210 2000 103 Pribram.—International

460 2269 330 49 co-operation
827 2269 94 40 and
961 2269 408 47 unemployment,
1407 2268 63 48 by
1506 2269 53 39 E.
1595 2267 44 42 J.
1677 2268 202 40 Phelan.

273 2340 53 52 ©
358 2344 118 39 Nov.
510 2343 26 39 3,
584 2341 114 41 1931;
761 2340 66 40 2c.
862 2341 96 39 and
990 2339 83 41 aff.
1108 2340 114 41 Dec.
1255 2339 55 39 12;
1374 2339 41 39 A
1446 2339 146 40 45427;
1657 2339 284 49 University
1974 2339 53 41 of
2060 2338 226 50 Chicago,

344 2401 225 47 Chicago.
641 2398 283 49 (31-28509)

269 2492 261 66 Wright,
559 2492 242 65 Sydney
828 2491 246 66 Fowler,
1105 2493 174 54 1874-

267 2569 1995 150 Crime & co., by S. Fowler Wright … New York, The Macaulay
502 2651 514 66 company [ ᶜ1 931]
338 2733 89 41 319
457 2744 44 38 p.
562 2732 57 41 19½ᶜᵐ.

276 2801 52 53 ©
357 2806 119 39 Nov.
506 2805 69 48 13,
606 2802 142 49 1931;
778 2802 68 41 2c.
875 2803 117 39 Nov.
1022 2802 84 47 28;
1139 2801 83 42 aff.
1254 2803 112 41 Dec.
1396 2803 53 46 3;
1481 2802 42 39 A
1552 2802 173 47 45273;
1759 2803 262 49 Macaulay
2052 2813 68 30 co.
354 2862 283 49 (31-34003)

269 2956 242 66 Wyche,
542 2957 249 55 Charles
818 2955 213 68 David,
1063 2961 173 51 1861-

341 3034 148 70 God,
519 3034 233 70 science,
785 3036 112 53 and
927 3037 96 51 the
1053 3035 185 68 Bible,
1267 3035 77 69 by
1376 3035 239 56 Charles
1645 3035 196 54 David
1871 3037 235 67 Wyche,
2192 3078 12 12 M.
2273 3078 10 9 D.

273 3112 1520 71 Boston, Mass., The Stratford company [ ᶜ1 931]
343 3197 832 48 1 p. l., ix p., 2 l., 284 p. 19ᶜᵐ.
279 3266 52 52 ©
362 3271 120 40 Nov.
511 3269 70 49 25,
613 3269 114 41 1931;
788 3269 66 40 2c.
889 3270 110 40 Dec.
1034 3270 53 38 11;
1149 3268 80 41 aff.
1263 3270 113 40 Dec.
1406 3270 27 38 4;
1496 3269 40 39 A
1566 3269 145 40 46281;
1777 3269 252 41 Stratford
2061 3280 82 36 co.,
347 3268 1924 100 publishers.

610 3326 281 49 (31-35508)

273 3421 187 66 Yake,
488 3421 252 65 Clayton
769 3423 63 54 F.

342 3498 152 53 How
520 3503 60 48 to
605 3499 248 67 succeed,
880 3518 31 33 a
937 3499 149 53 book
1111 3498 64 54 of
1202 3504 475 64 encouragement
1701 3499 114 53 and
1842 3499 338 53 wholesome
272 3498 1991 146 inspiration,

610 3576 1679 70 by Clayton F. Yake … Scottdale, Pa., Mennonite
276 3654 763 69 publishing house [ ᶜ1 931]
346 3736 896 51 xi, [1], 115 p. front., plates. 20 ᶜᵐ.
347 3806 149 41 Prose
523 3809 98 38 and
648 3818 153 32 verse.

283 3870 51 53 ©
370 3876 110 40 Dec.
515 3876 39 49 5,
590 3876 113 42 1931;
765 3878 66 42 2c.
867 3882 95 39 and
997 3880 83 40 aff.
1115 3881 114 42 Dec.
1263 3881 55 40 16;
1382 3882 41 39 A
1455 3882 146 41 46387;
1665 3881 281 41 Mennonite
1979 3881 110 48 pub.
2125 3880 164 40 house.

361 3932 282 49 (31-35700)
