2505 4370
1074 4023 102 51 315

116 388 230 62 Milner,
374 385 213 54 Alfred
614 383 214 54 Milner
854 388 87 49 1st
968 385 275 51 viscount.

186 467 56 53 A
271 467 142 52 view
445 464 64 53 of
538 463 299 55 socialism.

199 546 83 47 (In
311 541 241 45 National
582 540 182 44 review
795 539 276 53 magazine,
1102 538 128 51 Jan.,
1263 535 146 53 1931)

123 605 1982 60 © 1c. Feb. 20, 1931 ; A ad int. 14916; pubd. Dec. 29, 1930; Violet Geor
190 675 111 47 gina
332 673 190 47 Milner,
552 672 212 40 London.

118 767 426 63 Minnigerode,
572 766 227 64 Meade,
832 770 171 49 1887-

189 846 119 52 The
347 843 368 70 magnificent
754 843 261 68 comedy;
1059 858 151 35 some
1251 845 219 62 aspects
1512 837 64 54 of
1616 837 193 69 public
1848 838 111 51 and
121 836 1974 139 private
279 922 103 52 life
416 921 54 53 in

506 920 185 57 Paris,
724 920 149 52 from
906 920 94 52 the
1034 918 106 52 fall
1172 919 64 52 of
1269 917 376 67 Robespierre
1678 920 58 47 to
1767 915 96 52 the
1895 914 226 69 coming

119 1000 63 52 of
226 1004 342 63 Bonaparte,
606 998 160 67 July,
808 995 509 68 1794-November,
1360 997 150 65 1799,
1550 992 74 71 by
1663 992 203 53 Meade
119 992 1974 153 Minnigerode

412 1070 1711 69 … New York, Farrar & Rinehart, incorporated, 1931.
190 1153 1106 52 xviii, 348 p. front., plates, ports. 23 ᶜᵐ .
191 1214 348 48 Bibliography
558 1224 9 29 :
600 1224 41 36 p.
673 1212 218 41 333-337.

126 1280 51 52 ©
206 1285 122 39 Mar.
356 1284 39 46 5,
425 1282 111 41 1931
556 1294 8 35 ;
593 1283 67 40 2c.
689 1284 122 39 Mar.
840 1284 26 38 7
884 1294 9 35 ;
923 1282 81 40 aff.
1034 1282 122 39 Mar.
1185 1280 25 40 6
1228 1291 9 37 ;
1268 1280 42 39 A
1336 1278 144 41 34691
1498 1290 9 37 ;
1540 1280 64 40 M.
1633 1277 348 49 Minnigerode,
2011 1276 118 40 New

194 1341 144 40 York.
409 1339 252 50 (31-6390)

120 1436 282 62 Mitchell,
435 1434 206 53 Edwin
673 1433 332 54 Valentine.

122 1506 1982 150 Concerning beards, by Edwin Valentine Mitchell … Hartford, E.
389 1590 70 53 V.
486 1588 289 66 Mitchell;
801 1588 139 52 New
964 1586 180 68 York,
1168 1586 191 67 Dodd,
1384 1585 171 53 Mead
1578 1587 46 51 &
1648 1602 299 51 company,
1975 1586 150 50 1930.

190 1666 874 52 4 p. l., 84 p. front., illus. 20 ᶜᵐ .
128 1737 2003 52 © Dec. 15, 1930 ; 2c. Mar. 5, 1931 ; aff. Mar. 4 ; A 34622 ; Edwin Valentine
198 1799 232 48 Mitchell,
460 1798 91 40 inc.
622 1797 251 49 (31-6244)

124 1894 236 63 Mower,
391 1893 274 52 Edmund
698 1892 220 64 Curtis,
952 1897 169 49 1869-

191 1966 1937 73 International government, by Edmund C. Mower … Boston,
123 2045 133 54 New
292 2044 163 52 York
508 2050 120 64 [etc.]
668 2046 68 53 D.
774 2043 59 56 C.
868 2045 195 54 Heath
1097 2043 113 53 and
1242 2062 280 54 company
1559 2079 13 35 [
1601 2047 131 49 ᶜ1931
1740 2077 14 36 ]

192 2126 1935 52 xix, [1 ], 712 p., 1 l., 713-736 p. 22½ ᶜᵐ . (Lettered on cover: Political
120 2185 186 41 science
338 2184 173 49 series)

195 2239 302 50 “Readings”
534 2244 51 37 at
618 2242 92 40 end
744 2240 53 41 of
829 2243 124 38 most
989 2241 52 41 of
1073 2242 84 40 the
1192 2241 252 48 chapters;
1481 2240 437 50 “Bibliographical
1960 2242 167 40 note”:

120 2307 43 39 p.
197 2299 216 41 667-671.

130 2365 51 52 ©
213 2369 110 41 Feb.
353 2368 71 49 25,
455 2367 112 41 1931
586 2379 10 36 ;
627 2368 68 41 2c.
727 2369 121 39 Mar.
879 2367 26 39 2
924 2379 8 36 ;
967 2367 81 41 aff.
1080 2367 110 41 Feb.
1221 2367 59 40 28
1296 2378 10 37 ;
1338 2367 43 40 A
1409 2367 148 41 35026
1571 2378 10 38 ;
1615 2369 54 40 E.
1702 2368 50 42 C.
1784 2369 195 47 Mower,
195 2369 1920 105 Burlington,
427 2426 76 40 Vt.
574 2425 250 49 (31-6473)

125 2519 261 63 Mueller,
422 2519 173 55 Clara
624 2518 337 56 Henrietta.

196 2595 1933 70 Geometric concepts, by Clara H. Mueller … New York,
125 2675 56 54 J.
206 2674 191 68 Wiley
423 2677 45 50 &
493 2691 146 50 sons,
665 2674 106 52 inc.
789 2694 11 48 ;
831 2674 258 67 London,
1118 2674 303 67 Chapman
1447 2677 46 51 &
1519 2674 161 69 Hall,
1706 2674 240 66 limited,
1977 2677 150 51 1931.

197 2753 1531 51 2 p. l., iii-xi, 205 p. illus., pl., diagrs. 18½ᶜᵐ. $1.60
132 2821 51 53 ©
222 2825 110 41 Feb,
369 2825 70 49 16,
476 2824 140 49 1931;
656 2825 67 41 2c.
761 2825 109 41 Feb.
909 2825 82 49 20;
1032 2825 81 43 aff.
1151 2827 124 40 Mar.
1312 2825 82 48 14;
1434 2825 43 41 A
1512 2824 171 49 34442;
1725 2825 48 42 C.
1812 2826 62 41 H.
1913 2826 219 41 Mueller.

199 2883 206 41 Detroit.
478 2882 250 50 (31-6252)

129 2977 257 64 Organic
409 2980 294 69 syntheses
717 2998 11 48 ;
759 2998 70 34 an
855 2981 211 51 annual
1090 2979 357 68 publication
1471 2980 64 53 of
1560 2979 369 69 satisfactory
199 2980 1911 130 methods

326 3056 1808 70 for the preparation of organic chemicals … v. XI. New
201 3134 180 64 York,
415 3134 157 54 John
607 3134 190 64 Wiley
830 3136 45 50 &
908 3154 146 44 sons,
1089 3136 105 52 inc.
1214 3154 11 44 ;
1262 3135 259 63 London,
1558 3134 299 64 Chapman
1894 3137 45 50 &
1973 3135 163 55 Hall,

199 3212 241 59 limited,
475 3215 149 49 1931.

200 3291 721 50 vii, 106 p. diagrs. 23½ ᶜᵐ .
133 3359 51 52 ©
227 3364 121 39 Mar.
390 3362 40 48 6,
470 3361 112 41 1931;
653 3362 67 41 2c.
762 3364 121 40 Mar.
925 3362 82 48 10;
1052 3362 81 42 aff.
1175 3364 123 40 Mar.
1340 3362 53 49 9;
1436 3364 43 39 A
1518 3364 172 47 34752;
1736 3363 157 48 Roger
1935 3364 198 47 Adams,

201 3419 213 47 Urbana,
445 3420 75 39 Ill.

129 3514 241 63 Parker,
403 3513 139 55 Jim.

194 3589 147 52 How
370 3594 59 47 to
455 3607 154 49 grow
638 3589 173 53 fruits
839 3590 111 52 and
977 3590 217 54 flowers
1221 3590 61 53 in
1309 3589 321 55 Oklahoma
1659 3590 112 53 and
1800 3590 95 53 the
130 3588 1977 144 Southwest;

330 3686 31 33 a
398 3666 275 68 practical
709 3667 146 52 book
893 3669 228 52 written
1159 3667 60 52 in
1260 3667 94 53 the
1390 3686 167 51 every
1597 3667 112 70 day
1746 3668 283 67 language
2068 3684 32 35 of

126 3742 337 68 Oklahoma,
498 3742 202 70 giving
732 3744 95 53 the
864 3743 375 54 information
1279 3743 264 69 acquired
1581 3744 60 53 in
1677 3745 95 53 the
1810 3744 170 70 study
2016 3749 113 50 and

124 3822 325 66 experience
486 3821 64 51 of
587 3821 159 68 forty
780 3839 162 49 years
980 3841 58 33 as
1078 3843 28 33 a
1145 3839 368 50 nurseryman
1557 3821 112 53 and
1707 3821 147 55 fruit
1892 3839 233 51 grower.

125 3897 90 68 By
254 3896 121 56 Jim
416 3897 231 54 Parker.
726 3898 330 53 Illustrated
1100 3898 139 54 with
1285 3898 220 53 colored
1548 3899 182 68 plates
1771 3897 258 70 showing
2068 3918 61 35 as
