2505 4370
1049 4018 100 53 739

107 391 261 64 Coester,
399 390 212 54 Alfred
640 391 229 64 Lester,
903 391 171 54 1874-

172 468 56 51 A
265 467 278 53 tentative
578 466 408 69 bibliography
1026 465 65 53 of
1128 466 97 53 the
1263 465 395 54 belles-lettres
1697 464 65 55 of
1801 465 302 69 Uruguay,

102 545 75 70 by
215 543 213 54 Alfred
470 543 246 70 Coester,
756 561 98 36 ph.
895 562 48 35 d.
1023 542 364 71 Cambridge,
1427 542 191 69 Mass.,
1657 542 277 54 Harvard
102 542 1976 149 university
345 640 174 50 press,
552 624 151 51 1931.

173 702 100 49 viii,
300 701 57 40 22
385 713 46 37 p.
490 700 147 44 23½ᶜᵐ.

171 770 279 42 Half-title:
483 770 349 49 Bibliography
861 770 53 41 of
942 770 301 49 Uruguayan
1273 770 273 41 literature.

172 826 99 42 One
314 826 53 41 of
407 837 30 30 a
479 826 150 41 series
673 827 54 40 of
765 826 379 49 bibliographies
1188 826 53 42 of
1287 825 210 50 Spanish
1540 825 260 42 American
1842 825 262 44 literature

100 882 257 48 published
402 884 156 39 under
604 883 81 40 the
736 883 223 48 auspices
1004 883 54 40 of
1103 884 81 40 the
1233 882 233 41 Harvard
1515 881 189 42 council
1752 892 62 31 on
1861 882 243 49 Hispano-

99 939 259 41 American
390 939 200 41 studies.

110 1005 52 52 ©
191 1011 114 46 May
334 1011 68 45 14,
433 1009 140 47 1931;
604 1009 68 42 2c.
703 1010 113 47 May
845 1009 83 48 21;
961 1009 82 40 aff.
1074 1011 113 46 May
1216 1009 83 48 18;
1331 1009 43 40 A
1402 1009 171 48 37414;
1606 1008 259 41 President
1893 1011 97 39 and
173 1009 1913 98 fellows

326 1066 54 41 of
414 1067 232 39 Harvard
683 1068 191 46 college,
912 1066 301 48 Cambridge,
1254 1067 147 40 Mass.
1472 1064 280 51 (31-12942)

105 1174 151 64 Cole,
283 1175 223 54 Robert
534 1175 322 65 Danforth,
888 1181 170 50 1889-

167 1250 241 54 Modern
441 1250 225 69 foreign
698 1251 310 70 languages
1041 1253 112 53 and
1183 1251 150 55 their
1363 1251 283 70 teaching,
1674 1250 76 73 by
1781 1250 214 54 Robert
2027 1250 72 54 D.

101 1326 1733 72 Cole … New York, D. Appleton and company [ᶜ1931]
169 1407 138 49 xxiii,
345 1406 86 42 598
464 1418 44 39 p.
568 1410 24 38 1
630 1409 130 41 illus.
820 1409 146 41 19½ᶜᵐ.
1035 1408 302 51 (Half-title:
1369 1409 241 50 Appleton
1646 1409 151 42 series
1833 1410 50 40 in
1921 1410 181 49 special

99 1464 235 49 methods,
364 1466 73 39 ed.
467 1465 60 47 by
558 1465 124 40 Paul
710 1465 242 48 Klapper)

169 1534 41 39 A
242 1534 359 41 consideration
633 1535 53 40 of
713 1535 82 40 the
827 1535 202 47 French,
1063 1534 211 41 German
1307 1535 96 40 and
1436 1534 211 50 Spanish
1676 1537 267 46 languages
1975 1534 127 48 only.

172 1590 146 41 “This
339 1592 194 39 volume
554 1591 222 41 contains
800 1603 26 29 a
852 1591 312 48 compilation
1186 1592 54 40 of
1264 1593 82 39 the
1368 1594 126 38 most
1518 1591 188 49 helpful
1731 1592 137 41 ideas
1892 1592 210 41 selected

99 1647 128 41 from
250 1657 264 32 numerous
534 1658 209 38 sources,
769 1647 291 49 principally
1083 1648 128 39 from
1238 1649 81 40 the
1344 1648 325 48 publications
1692 1649 215 40 fostered
1933 1650 62 47 by
2019 1650 83 40 the

103 1705 215 51 [Modern
355 1704 193 49 foreign
582 1706 255 48 language]
877 1703 383 49 study.”—Pref.

171 1761 235 43 Contains
440 1761 393 49 bibliographies.

107 1832 52 52 ©
187 1837 113 46 May
327 1836 69 48 15,
425 1834 141 48 1931;
594 1834 66 41 2c.
690 1836 97 39 and
815 1834 80 40 aff.
927 1836 112 46 May
1067 1834 81 46 18;
1181 1833 40 40 A
1245 1832 173 48 38219;
1451 1833 56 41 D.
1537 1833 240 49 Appleton
1805 1833 36 41 &
1870 1844 68 30 co.

185 1892 282 49 (31-13000)

103 2001 592 64 Compton-Burnett,
725 2001 128 63 Ivy.

169 2077 135 54 Men
358 2080 113 52 and
526 2077 187 68 wives,
767 2078 76 68 by
895 2079 49 52 I.
1002 2079 284 66 Compton
1342 2079 261 51 Burnett.
1696 2077 258 65 London,
2009 2077 91 54 W.

99 2155 365 55 Heinemann
492 2156 102 53 ltd.
632 2158 171 66 [1931]

171 2236 594 49 3 p. l., 367 p. 19½ᶜᵐ.
107 2304 1996 52 © 1c. May 11, 1931; A ad int. 15059; pubd. Mar. 23; I. Compton Burnett,
175 2365 211 40 London.
457 2363 278 50 (31-13094)

105 2458 384 54 Connecticut
531 2463 113 52 and
684 2460 262 54 Atlantic
985 2465 257 64 reporter
1284 2460 203 69 digest,
1527 2458 269 70 covering
1836 2458 77 53 all
1953 2475 153 37 cases

174 2537 1867 70 reported in Connecticut reports and Atlantic reporter …
176 2615 301 68 Compiled
516 2617 112 53 and
668 2618 188 52 edited
895 2618 75 68 by
1007 2617 96 53 the
1141 2614 339 70 publisher’s
1520 2614 267 55 editorial
1826 2613 150 56 staff,
2050 2632 53 36 v.

176 2693 1647 70 15-17. St. Paul, Minn., West publishing co. [ ᶜ1 931]
172 2775 28 40 3
272 2806 9 8 v.
339 2773 119 42 26ᶜᵐ.

442 2857 113 29 CONTENTS.—v.
586 2844 70 43 15.
683 2845 305 50 Exceptions,
1008 2846 97 40 Bill
1124 2845 386 43 of-Fences.—v.
1530 2843 74 44 16.
1622 2843 487 43 Ferries-Health.—

105 2914 42 28 v.
176 2901 71 42 17.
272 2903 598 48 Highways-Indictment
896 2905 96 39 and
1016 2904 335 41 information.

105 2985 43 30 v.
181 2975 69 48 15,
289 2970 51 52 ©
375 2974 115 48 May
524 2975 69 48 13,
628 2973 141 49 1931;
806 2986 44 29 v.
882 2975 70 48 16,
987 2976 69 46 17,
1095 2971 52 52 ©
1184 2976 114 47 May
1333 2974 83 48 14;
1454 2974 66 40 2c.
1557 2974 119 41 each
1712 2974 127 40 June
1873 2974 82 46 11;
1994 2972 110 42 affs.

174 3031 126 41 June
326 3031 55 40 12;
439 3032 42 39 A
506 3031 347 48 37876-37878;
884 3033 137 39 West
1044 3033 109 47 pub.
1184 3042 67 30 co.

100 3124 249 66 Dakers,
377 3125 259 54 Andrew
661 3125 278 67 Herbert,
971 3128 172 54 1887-

170 3201 121 54 The
324 3202 187 69 tragic
543 3219 194 54 queen,
772 3223 31 33 a
838 3204 171 68 study
1044 3203 64 53 of
1139 3203 173 69 Mary
1345 3220 178 51 queen
1557 3202 64 53 of
1657 3201 179 68 Scots,
1869 3201 78 69 by
102 3200 1974 131 Andrew

279 3278 1822 71 Dakers … with frontispiece and seven other illustrations.
102 3355 254 68 London,
382 3356 367 54 Hutchinson
774 3361 45 50 &
845 3376 98 50 co.,
968 3359 103 52 ltd.
1106 3361 172 64 [1931]

185 3437 87 41 286
298 3448 44 37 p.
372 3438 110 41 incl.
512 3439 148 40 front.
789 3470 9 18 pl.,
828 3442 150 47 ports.
1036 3439 148 42 22½ᶜᵐ.

108 3505 1995 55 © 1c. May 18, 1931; A ad int. 15082; pubd. Mar. 20; A. H. Dakers,
178 3567 144 40 Much
356 3568 242 46 Hadham,
633 3567 387 49 Hertfordshire,
1055 3567 238 50 England.
1363 3566 280 50 (31-13805)

103 3659 209 66 David,
338 3660 210 55 Albert
573 3661 331 66 Augustus,
968 3683 55 50 bp.
1049 3664 64 69 of
1134 3662 328 72 Liverpool,
1485 3663 172 55 1867-

168 3734 1933 74 Marriage and birth control, by the Rt. Rev. A. A. David … &
97 3811 2003 71 the Rt. Rev. M. B. Furse … London, J. Nisbet & co., limited
99 3892 172 67 [1931]
