2505 4370
1296 4048 135 50 1092

353 382 262 65 Bullard,
648 381 247 56 Charles
926 381 270 64 Kenyon.

425 461 403 70 Agricultural
887 461 362 69 cooperative
1307 459 327 69 marketing
1693 460 128 68 law,
1879 457 141 54 with
2078 456 297 68 decisions,

354 535 1997 138 statutes and forms, by C. K. Bullard … Austin, Tex., Gammel’s
540 618 692 69 book store, inc. [ ᶜ1 931]
422 698 717 50 4 p. l., [xi]-xix, 473 p. 24 ᶜᵐ.
426 756 178 39 “Table
632 756 50 39 of
709 754 166 41 cases”
894 766 9 29 :
932 766 44 37 p.
1008 754 198 50 [xi-xix]

361 824 52 52 ©
440 829 113 46 May
578 826 69 49 29,
675 826 113 41 1931;
844 826 68 41 2c.
938 827 127 39 June
1090 827 25 39 8;
1172 825 82 40 aff.
1282 826 116 47 July
1424 826 24 40 6;
1506 826 40 39 A
1571 824 173 48 39269;
1774 824 50 43 C.
1850 825 59 41 K.
1938 825 221 40 Bullard.
2188 824 186 41 Dallas.

440 885 282 48 (31-18503)

355 979 255 65 Bynum,
640 978 235 65 Taylor.

427 1058 332 55 Audacious
798 1058 122 54 fool
963 1059 93 68 [by]
1115 1059 216 69 Taylor
1370 1058 247 69 Bynum.
1694 1057 139 53 New
1874 1056 181 71 York,
2090 1057 91 55 W.
358 1057 1995 132 Morrow
506 1138 52 51 &

590 1155 98 51 co.,
723 1140 150 50 1931.

426 1216 541 50 4 p. l., 3-280 p. 19½ᶜᵐ.
363 1285 52 52 ©
447 1290 117 47 July
594 1288 70 48 16,
696 1288 141 48 1931;
870 1289 68 41 2c.
970 1290 96 38 and
1130 1288 50 41 aff.
1212 1288 116 48 July
1361 1288 82 46 18;
1477 1289 42 38 A
1547 1287 174 49 40416;
1755 1288 53 41 T.
1841 1289 207 48 Bynum,
2081 1288 120 41 New
2232 1289 145 42 York.

441 1346 282 50 (31-18586)

358 1440 439 68 Chamberlain,
827 1441 270 53 Bernard
1126 1441 251 65 Peyton,
1411 1446 172 50 1896-

430 1520 56 53 A
523 1521 232 54 treatise
795 1539 71 35 on
904 1522 96 53 the
1037 1520 240 70 making
1314 1521 65 52 of
1418 1520 289 69 palatable
1745 1521 153 53 table
1937 1520 193 71 wines,
356 1540 1998 113 recommended
625 1605 59 47 to

711 1600 339 69 gentlemen,
1076 1600 308 69 especially
1410 1599 61 52 in
1497 1598 290 71 Virginia,
1815 1599 94 54 for
1935 1598 150 55 their
2111 1618 129 35 own
2265 1618 113 35 use.

357 1676 1998 72 By Bernard Peyton Chamberlain … [Charlottesville, Va.]
357 1756 161 54 Priv.
546 1757 162 68 print.
756 1757 93 54 for
876 1757 96 53 the
1001 1757 224 70 author,
1258 1759 152 51 1931.

428 1836 364 48 97 p., 1 l. 26½ᶜᵐ.
431 1893 149 41 “This
610 1894 126 40 book
767 1893 44 41 is
844 1904 90 30 one
968 1893 52 40 of
1052 1893 116 41 four
1201 1894 226 40 hundred
1459 1893 263 42 numbered
1758 1892 205 50 copies.”
2022 1893 122 43 This
2178 1905 119 39 copy
2333 1895 45 42 is

357 1953 84 38 not
466 1951 280 40 numbered.

364 2018 52 52 ©
448 2022 117 48 July
594 2023 40 47 3,
666 2021 114 40 1931;
841 2021 68 41 2c.
942 2022 95 39 and
1068 2020 82 41 aff.
1184 2021 117 47 July
1334 2021 24 40 6;
1420 2021 40 39 A
1491 2020 145 42 39252;
1700 2022 54 41 B.
1787 2022 51 42 P.
1872 2021 361 50 Chamberlain,
433 2022 1930 106 University,

712 2091 41 29 Va.
826 2080 282 46 (31-18437)

360 2175 261 65 Chicago
651 2175 209 65 bridge
888 2175 53 53 &
970 2176 129 53 iron
1128 2175 215 56 works.

432 2255 280 53 Elevated
742 2254 142 54 tank
914 2255 231 69 designs
1173 2255 312 54 submitted
1515 2256 61 52 in
1604 2276 32 33 a
1667 2255 373 69 competition
2068 2257 313 69 sponsored

360 2333 1618 71 by Chicago bridge & iron works. [Chicago, ᶜ1 931]
428 2413 491 48 4 p. l., 152 pl. 28½ᶜᵐ.
432 2470 148 41 “This
614 2471 125 39 book
770 2471 91 40 has
894 2472 121 39 been
1045 2470 197 50 printed
1274 2470 52 40 in
1359 2481 62 30 an
1454 2470 187 42 edition
1672 2471 53 41 of
1755 2470 171 42 fifteen
1958 2471 226 42 hundred
2216 2473 161 49 copies

358 2528 52 41 of
437 2527 161 41 which
625 2527 102 41 this
755 2527 44 41 is
826 2528 204 40 number
1059 2527 100 42 75.”

432 2583 1944 50 “The Chicago bridge & iron works … appointed … Mr. Albert M.
360 2641 2019 49 Saxe … to prepare this program and to act as adviser in the conduct
358 2700 52 40 of
440 2700 83 40 the
552 2697 675 50 competition.”—Program.

365 2767 53 52 ©
452 2771 117 47 July
601 2772 39 47 7,
673 2770 141 48 1931;
850 2770 68 41 2c.
953 2772 95 38 and
1082 2769 82 41 aff.
1199 2770 118 48 July
1351 2769 81 47 10;
1468 2769 41 40 A
1541 2768 172 48 39363;
1753 2769 211 49 Chicago
1998 2769 173 49 bridge
2201 2775 37 41 &
2270 2770 109 40 iron

434 2829 176 48 works,
646 2828 224 49 Chicago.
946 2827 281 48 (31-18435)

361 2924 278 65 Chicago.
717 2924 279 56 Citizens’
1030 2923 182 65 police
1245 2923 361 56 committee.

436 3001 254 70 Chicago
722 3002 183 68 police
935 3001 305 69 problems,
1271 3001 75 69 by
1377 3001 97 53 the
1508 3000 271 55 Citizens’
1811 3001 185 69 police
2027 3000 350 60 committee;

360 3080 137 54 staff
515 3100 11 33 :
550 3082 185 52 Bruce
762 3080 209 67 Smith,
995 3081 247 52 director;
1299 3081 63 51 L.
1391 3078 57 57 S.
1473 3080 409 68 Timmerman,
1906 3079 274 55 assistant
361 3078 1996 136 director;

359 3156 1994 151 Earle W. Garrett … [and others] Chicago, Ill., The University of
709 3238 664 70 Chicago press [ ᶜ1 931]
432 3319 1589 51 xix, 281 p. illus. (maps, plan) diagrs. (part fold.) pl. 23½ᶜᵐ.
364 3388 52 52 ©
446 3394 121 39 Mar.
597 3393 68 43 10,
696 3392 139 48 1931;
866 3393 66 40 2c.
962 3394 113 47 Apr.
1106 3395 81 45 14;
1218 3393 84 42 aff.
1330 3394 113 48 Apr.
1473 3392 82 49 27;
1587 3393 39 39 A
1655 3393 172 46 35743;
1859 3392 223 41 Leonard
2114 3392 56 41 D.
2200 3391 177 48 White,

435 3450 223 49 Chicago.
734 3450 281 49 (31-18294)

359 3542 197 67 Cram,
588 3544 245 55 Willard
868 3545 227 66 Gliden,
1132 3547 173 55 1875-

430 3623 350 55 Methodism
812 3627 114 52 and
956 3625 279 70 kingdom
1265 3624 311 71 extension,
1605 3626 76 69 by
1712 3625 88 54 W.
1833 3623 71 56 G.
1934 3624 193 57 Cram.
360 3622 1993 147 Nashville,

554 3702 197 69 Tenn.,
794 3702 248 56 General
1084 3703 364 54 commission
1488 3721 74 37 on
1602 3704 417 67 benevolences,
2060 3701 318 54 Methodist

359 3777 314 70 Episcopal
702 3781 230 69 church,
960 3780 203 71 South,
1194 3784 152 51 1930.

424 3854 272 50 155 p. 19 ᶜᵐ.
363 3923 52 52 ©
446 3928 110 41 Jan.
587 3931 38 46 1,
657 3930 140 47 1931;
829 3931 68 42 2c.
929 3933 128 41 June
1084 3933 54 41 4;
1172 3932 82 41 aff.
1288 3933 127 40 June
1445 3933 82 43 24;
1561 3933 40 39 A
1631 3932 174 48 40180;
1840 3933 71 41 W.
1944 3932 53 41 G.
2031 3931 160 45 Cram,
431 3929 1926 99 Nashville.
631 3986 281 52 (31-18415)
