2505 4370
1302 4034 100 51 910

401 458 43 39 A
469 457 273 41 discussion
766 457 52 41 of
842 468 130 30 some
995 458 51 40 of
1069 459 82 40 the
1175 459 212 48 findings
1411 460 52 40 of
1486 461 82 39 the
1594 460 275 41 committee
1894 462 261 48 appointed
2180 464 61 46 by
2267 464 80 40 the

332 515 239 43 Lambeth
603 514 285 41 conference
919 515 53 40 of
1003 515 119 41 1930
1150 518 49 38 to
1233 515 225 42 examine
1490 518 82 39 the
1607 517 253 42 Christian
1895 519 219 40 doctrine
2146 518 51 41 of
2230 520 117 40 God.

331 574 63 51 cf.
426 582 45 40 p.
503 572 71 43 13.

405 630 190 41 “Books
625 630 82 41 for
734 628 205 49 study”:
972 640 43 39 p.
1045 629 70 41 11.

339 695 52 52 ©
426 700 114 47 May
571 697 70 48 25,
674 696 141 49 1931;
851 697 68 41 2c.
952 698 96 39 and
1081 696 82 41 aff.
1198 697 128 41 June
1359 699 52 45 1;
1447 696 42 40 A
1519 697 173 48 37623;
1729 698 292 41 Morehouse
2052 700 111 47 pub.
2197 709 67 32 co.

415 762 283 50 (31-15201)

335 856 200 65 Sutro,
568 855 233 66 Alfred,
838 862 173 50 1863-

402 932 199 54 About
660 952 235 50 women,
953 934 76 69 by
1084 932 216 55 Alfred
1361 932 192 56 Sutro.
1635 933 277 68 [London]
1976 933 376 69 Duckworth,

335 1015 153 50 1931.

402 1094 89 41 288
518 1106 42 37 p.
730 1127 10 10 19ᶜᵐ.

338 1157 2010 53 © 1c. May 9, 1931; A ad int. 15044; pubd. Mar. 12; A Sutro, London.
418 1225 283 50 (31-15424)

334 1320 213 53 Texas.
627 1321 179 53 Court
838 1322 63 68 of
934 1320 265 54 criminal
1230 1320 254 69 appeals.

407 1397 1886 71 The Texas criminal reports; cases argued and adjudged …
336 1477 215 70 during
583 1478 317 68 February,
932 1476 222 71 March,
1184 1475 195 70 April,
1409 1477 157 68 May,
1598 1477 151 54 June
1781 1478 112 53 and
1927 1476 264 72 October,
2220 1495 53 35 a.
2304 1495 50 34 d.

338 1559 153 50 1930.
567 1556 292 67 Reported
883 1556 77 68 by
983 1556 91 53 W.
1102 1555 63 55 C.
1191 1555 190 54 Wear.
1457 1574 51 33 v.
1539 1558 116 50 115.
1733 1555 271 71 Chicago,
2033 1555 323 70 Callaghan

337 1636 113 52 and
478 1652 300 52 company,
808 1636 151 50 1931.

405 1723 154 50 xxvii,
594 1723 87 41 705
712 1734 44 38 p.
818 1722 147 42 23½ᶜᵐ.

341 1783 53 54 ©
424 1789 117 47 July
568 1788 40 48 1,
636 1786 142 49 1931;
807 1787 68 41 2c.
906 1789 95 40 and
1030 1786 83 42 aff.
1142 1787 118 48 July
1289 1787 52 47 6;
1372 1786 42 40 A
1441 1786 172 49 39219;
1645 1789 72 40 W.
1748 1787 50 43 C.
1826 1788 160 49 Wear,
2016 1788 193 48 Austin,
2240 1790 114 39 Tex.

334 1906 329 63 Thornton,
693 1903 240 56 Archie.

405 1983 163 53 Rock
606 1983 219 68 garden
864 1981 233 69 primer,
1135 1982 76 69 by
1250 1981 216 53 Archie
1504 1982 330 68 Thornton;
1879 1982 140 54 with
2061 1983 293 70 diagrams

334 2060 77 70 by
452 2062 96 53 the
589 2061 222 53 author.
888 2061 140 53 New
1069 2060 181 68 York,
1290 2061 70 53 N.
1402 2061 91 67 Y.,
1533 2062 72 52 A.
1645 2063 65 51 T.
1751 2061 87 53 De
1876 2062 85 51 La
2001 2061 164 53 Mare
335 2080 1994 127 company,
537 2138 128 69 inc.,
696 2142 152 50 1931.

408 2219 104 50 viii,
548 2220 98 48 132,
687 2219 85 51 [12]
810 2229 44 38 p.
918 2220 87 41 col.
1040 2219 166 49 front.,
1244 2220 146 48 illus.,
1426 2220 87 41 col.
1549 2221 173 48 plates,
1760 2220 180 48 diagrs.
2000 2219 148 43 19½ᶜᵐ.

408 2277 163 40 Blank
605 2288 147 38 pages
785 2277 80 40 for
900 2276 227 42 “Garden
1158 2279 140 39 notes
1332 2278 95 40 and
1463 2277 343 41 memoranda”
1851 2278 111 50 ([12]
1999 2281 53 38 at
2086 2279 118 48 end)

409 2334 216 42 “Second
656 2334 199 49 edition,
887 2333 234 42 revised.”

341 2396 54 53 ©
426 2401 116 48 May
571 2400 70 48 25,
674 2399 141 48 1931;
848 2400 67 40 2c.
948 2401 128 39 June
1106 2401 53 47 3;
1194 2399 83 43 aff.
1311 2400 126 40 June
1469 2401 53 47 5;
1557 2400 41 40 A
1629 2401 173 48 37718;
1836 2401 56 42 A.
1924 2402 51 39 T.
2011 2402 70 41 De
2115 2403 68 40 La
2217 2403 136 39 Mare

413 2468 82 38 co.,
525 2457 92 40 inc.
685 2457 282 48 (31-15282)

336 2550 332 66 Underhill,
701 2552 250 53 Francis
980 2551 168 66 Lees,
1182 2553 174 55 1878-

337 2629 1996 151 … God in worship, by the Rev. Francis Underhill … Milwaukee, Wis., Morehouse publishing co. [1931]
405 2788 71 47 47,
516 2789 54 49 [1]
607 2798 44 38 p.
715 2788 148 42 21½ᶜᵐ.
935 2789 126 49 (The
1093 2789 240 41 Lambeth
1367 2789 177 49 series)

409 2844 105 42 “An
539 2846 212 49 attempt
773 2847 50 40 to
845 2845 250 42 illustrate
1121 2847 111 40 that
1257 2848 114 47 part
1395 2847 53 41 of
1470 2850 82 38 the
1580 2847 199 49 ‘Report
1804 2847 51 42 of
1880 2850 81 39 the
1987 2847 239 42 Lambeth
335 2858 2002 86 conference’

574 2903 162 42 which
763 2904 136 41 deals
925 2903 121 41 with
1074 2903 254 42 Christian
1356 2904 455 48 worship.”—Pref.

409 2961 192 40 “Books
629 2960 82 41 for
736 2960 175 49 study”:
970 2971 44 38 p.
1044 2960 39 42 8.

344 3024 53 53 ©
429 3030 115 48 May
573 3028 69 48 25,
673 3028 142 48 1931;
847 3028 69 41 2c.
947 3029 96 40 and
1074 3027 83 41 aff.
1189 3028 129 40 June
1347 3028 52 47 1;
1432 3028 41 39 A
1503 3028 171 47 37628;
1711 3028 288 41 Morehouse
2031 3029 108 48 pub.
2174 3040 67 30 co.

423 3093 283 50 (31-15202)

340 3172 294 66 Velleroy,
666 3172 151 65 Guy.

476 3250 1356 72 … A Timmortelle. Paris, Gallimard [1931]
407 3330 774 53 4 p. l., [11]-209 p., 1 l. 19ᶜᵐ.
346 3394 52 52 ©
425 3398 115 49 Apr.
565 3399 41 47 4,
634 3398 141 46 1931;
804 3398 67 41 3c.
921 3398 114 48 May
1063 3398 82 46 15;
1174 3397 313 49 A—Foreign
1513 3397 173 48 12143;
1716 3397 244 42 Librairis
1988 3397 287 42 Gallimard.

425 3461 283 51 (31-15237)

398 3540 295 65 Virnsberg,
725 3540 213 66 Georg,
968 3544 84 53 ed.

471 3638 92 35 Vom
598 3620 282 54 reichtum
917 3622 101 53 der
1053 3622 308 53 deutschen
1397 3622 170 66 seele;
1606 3620 91 54 ein
1731 3621 293 53 hausbuch
2062 3619 298 55 deutscher

342 3698 174 70 lyrik,
562 3700 334 68 gesammelt
942 3700 118 53 und
1105 3699 461 69 herausgegeben
1612 3718 112 34 von
1771 3697 193 72 Georg
2067 3698 289 69 Virnsberg;

342 3775 108 55 mit
481 3777 229 53 bildern
742 3794 111 36 von
886 3776 148 55 Rud.
1072 3778 135 51 Bär.
1283 3776 259 71 Leipzig,
1577 3776 68 56 G.
1681 3776 356 53 Dollheimer
2131 3778 117 64 [1929]

409 3853 630 52 647, [1] p. illus. 21 ᶜᵐ .
350 3907 52 52 ©
430 3911 113 42 Dec.
571 3912 68 48 12,
668 3912 141 49 1928;
840 3914 66 41 3c.
936 3914 110 40 Feb.
1073 3915 69 47 14,
1173 3912 141 49 1930;
1345 3915 40 38 A
1388 3914 267 49 —Foreign
1686 3913 140 48 6463;
1860 3915 156 47 Georg
2044 3912 313 42 Dollheimer.

427 3976 280 51 (31-15221)
