2505 4370
1033 4018 132 50 1389

112 420 304 61 Dunsany,
450 417 252 51 Edward
733 415 155 53 John
919 417 271 50 Moreton
1221 416 165 50 Drax
1414 414 303 64 Plunkett,
1747 416 136 52 18th
1950 431 158 53 baron,

183 497 171 53 1878-

178 573 121 52 The
331 571 184 52 travel
548 571 140 53 tales
723 568 63 54 of
818 571 110 52 Mr.
964 569 216 67 Joseph
1213 569 263 66 Jorkens,
1507 568 75 68 by
1616 571 155 52 Lord
1805 568 296 69 Dunsany.

108 646 1496 69 New York, London, G. P. Putnam’s sons [ ᶜ19 31]
180 729 80 45 vii,
289 728 86 42 304
402 740 32 37 p.
506 728 146 40 19½ᶜᵐ.

115 796 50 52 ©
196 800 127 48 Sept.
349 800 70 46 11,
447 798 140 47 1931;
616 799 68 40 2c.
712 799 95 38 and
835 797 82 40 aff.
947 797 126 48 Sept.
1103 796 82 48 12;
1214 797 44 38 A
1283 797 172 46 41614;
1487 798 211 39 Edward
1728 797 129 39 John
1885 798 222 39 Moreton

181 857 135 38 Drax
346 855 245 48 Plunkett,
622 856 127 39 Lord
778 854 251 47 Dunsany,
1058 854 207 47 Dunree,
1298 853 189 48 County
1515 854 180 47 Meath,
1727 854 209 39 Ireland.

191 912 279 49 (31-23456)

110 1021 245 63 Dutton,
388 1020 207 62 Henry
624 1020 162 63 Post,
820 1024 170 49 1885-

179 1099 321 67 Principles
531 1098 64 52 of
626 1097 394 69 organization
1051 1116 59 34 as
1143 1095 234 69 applied
1409 1101 57 47 to
1496 1096 271 69 business,
1797 1097 75 68 by
1904 1097 203 67 Henry

109 1178 63 50 P.
219 1178 239 50 Dutton.
536 1180 83 48 1st
665 1175 82 52 ed.
824 1174 138 53 New
1008 1174 163 52 York
1216 1176 114 51 and
1373 1174 259 69 London,
1677 1173 431 54 McGraw-Hill

107 1254 147 53 book
284 1272 297 50 company,
612 1253 125 68 inc.,
771 1255 148 50 1931.

216 1329 858 52 x, 315 p. diagrs. 21 ᶜᵐ . $3.00
113 1400 50 52 ©
194 1404 119 47 Aug.
342 1404 71 47 24,
442 1401 113 41 1931;
614 1401 68 42 2c.
716 1402 125 47 Sept.
874 1403 24 37 1;
960 1400 81 42 aff.
1076 1400 128 49 Sept.
1235 1400 29 41 9;
1323 1400 41 39 A
1393 1400 144 41 42203;
1600 1401 350 40 McGraw-Hill
1983 1400 124 39 book

180 1471 80 38 co.,
295 1460 90 39 inc.
457 1458 278 49 (31-23556)

108 1569 177 63 Dyer,
315 1566 225 55 Walter
569 1565 208 65 Alden,
808 1569 170 52 1878-

177 1642 204 71 Sprigs
412 1643 65 52 of
506 1643 274 58 hemlock,
811 1662 31 33 a
872 1643 115 52 tale
1018 1642 64 53 of
1111 1644 97 51 the
1240 1643 185 68 Shays
1456 1642 290 72 rebellion,
1776 1643 76 69 by
1880 1645 223 53 Walter

105 1720 1972 149 A. Dyer … illustrated by Henry C. Pitz. New York & London,
259 1801 736 67 The Century co. [ ᶜ19 31 ]
175 1878 1191 51 xi, 290 p. incl. front., illus. 19½ ᶜᵐ . $2.00
176 1951 160 41 “First
366 1950 260 50 printing.”

113 2018 50 52 ©
193 2023 127 47 Sept.
349 2023 38 48 8,
416 2021 113 41 1931;
588 2021 65 40 2c.
684 2022 96 39 and
808 2020 83 41 aff.
923 2021 127 48 Sept.
1080 2020 82 48 12;
1193 2020 42 40 A
1263 2020 172 48 41579;
1468 2020 214 48 Century
1711 2031 66 30 co.

189 2078 279 50 (31-23472)

110 2186 357 64 Ergebnisse
492 2189 100 52 der
614 2188 372 70 physiologie.
1062 2191 83 49 32.
1168 2188 93 53 bd.
1337 2188 326 53 Bearbeitet
1687 2207 110 33 von
1821 2189 67 51 R.
180 2188 1902 130 Degkwitz.

436 2265 1670 68 F. Ephraim … [u. a. m.] hrsg. von L. Asher … und
178 2343 1480 68 K. Spiro … München, J. F. Bergmann, 1931.
179 2421 1180 52 ix, 1029, [1] p. illus., tables, diagrs. 26 ᶜᵐ .
180 2494 231 41 Contains
445 2493 389 48 bibliographies.

113 2560 1898 53 © June 29, 1931; 1c. Aug. 13; A— Foreign 13436; J. F. Bergmann.
109 2727 121 52 The
266 2727 244 51 Federal
544 2733 270 63 reporter.
894 2727 217 56 Second
1147 2729 185 54 series.
1410 2729 168 53 Cases
1613 2731 215 66 argued
1863 2731 113 52 and
180 2731 1900 128 determined

488 2807 59 52 in
574 2807 96 52 the
700 2806 218 54 Circuit
948 2812 188 49 courts
1162 2807 64 52 of
1256 2808 233 67 appeals
1518 2808 113 53 and
1661 2807 228 54 district
1916 2812 189 49 courts

181 2883 63 52 of
279 2883 94 53 the
410 2884 217 52 United
667 2883 204 69 States,
909 2884 217 53 United
1166 2884 189 54 States
1395 2885 179 54 Court
1610 2886 64 51 of
1710 2890 244 48 customs
1992 2886 112 51 and

180 2965 198 63 patent
415 2963 250 66 appeals,
708 2961 177 54 Court
923 2962 63 52 of
1023 2962 196 53 claims
1259 2963 64 51 of
1360 2964 94 51 the
1491 2962 217 53 United
1747 2961 206 71 States,
1991 2964 113 52 and

183 3037 176 54 Court
403 3039 65 52 of
510 3040 232 66 appeals
787 3038 63 52 of
893 3040 95 52 the
1031 3039 245 53 District
1320 3040 63 51 of
1429 3040 315 69 Columbia,
1789 3041 139 51 with
178 3041 1902 128 key-number

440 3116 375 52 annotations,
891 3136 49 31 v.
968 3119 65 49 48
1070 3117 126 69 (2d)
1232 3117 345 68 May-June,
1605 3122 149 47 1931.
1833 3118 81 54 St.
1939 3120 166 65 Paul,

175 3194 160 53 West
361 3193 335 68 publishing
724 3211 97 51 co.,
852 3196 149 49 1931.

179 3272 931 49 xxiv, 1087 p. front. (map) 26 ᶜᵐ .
113 3338 51 53 ©
189 3343 118 47 Aug.
333 3342 69 49 24,
428 3342 112 40 1931;
593 3342 67 40 2c.
687 3344 94 38 and
807 3342 81 42 aff.
917 3343 126 48 Sept.
1068 3344 56 39 24;
1178 3345 41 37 A
1242 3343 146 42 41819;
1442 3346 135 39 West
1602 3345 107 48 pub.
1738 3356 66 31 co.

110 3451 289 64 Fletcher,
432 3450 202 65 Inglis.

175 3528 121 51 The
330 3524 195 57 White
561 3528 281 67 Leopard,
877 3547 31 33 a
943 3528 115 53 tale
1092 3529 63 52 of
1190 3530 97 53 the
1321 3529 248 54 African
1604 3531 161 68 bush,
1801 3532 75 68 by
1913 3533 184 68 Inglis

107 3603 289 61 Fletcher;
462 3604 323 54 illustrated
848 3606 74 67 by
986 3607 154 51 Kurt
1202 3606 202 54 Wiese.
1497 3608 417 70 Indianapolis,
1978 3611 119 51 The

107 3681 972 69 Bobbs-Merrill company [ ᶜ19 31 ]
175 3760 85 41 304
286 3773 43 37 p.
357 3763 111 42 incl.
496 3762 162 49 front.,
688 3763 143 48 illus.,
859 3764 170 47 plates.
1092 3764 146 41 22½ᶜᵐ.

179 3831 159 41 “First
368 3831 227 41 edition.”

115 3896 50 52 ©
191 3902 118 47 Aug.
337 3902 68 46 25,
434 3902 139 47 1931;
602 3903 66 41 2c.
697 3905 95 38 and
819 3904 80 39 aff.
931 3904 128 49 Sept.
1087 3907 82 45 14;
1198 3906 42 38 A
1265 3905 170 47 42256;
1468 3908 367 40 Bobbs-Merrill
1864 3919 67 30 co.

191 3957 277 52 (31-23470)
