2505 4370
1087 4017 102 52 365

107 413 237 62 Rowan,
378 408 257 55 Richard
668 407 261 63 Wilmer,
966 410 172 50 1894-

176 489 120 52 The
335 485 375 64 Pinkertons;
753 502 32 34 a
826 481 276 55 detective
1143 480 267 69 dynasty,
1450 479 75 68 by
1567 477 254 54 Richard
1863 476 243 55 Wilmer

107 566 233 53 Rowan.
419 564 235 66 Boston,
692 561 196 67 Little,
931 561 230 64 Brown,
1204 557 112 53 and
1359 574 299 51 company,
1703 556 151 51 1931.

174 638 1195 56 6 p. l., 3-350 p. front., plates, ports. 23ᶜᵐ.
115 714 51 52 ©
205 719 121 38 Mar.
363 716 38 47 6,
440 714 140 47 1931;
619 713 68 41 2c.
724 714 96 39 and
858 711 81 42 aff.
978 712 122 39 Mar.
1138 711 81 45 10;
1261 710 41 39 A
1338 708 171 47 35202;
1552 709 55 40 R.
1646 708 72 40 W.
1757 708 198 46 Rowan,
1996 707 115 39 New

182 774 141 41 York.
395 771 250 49 (31-6837)

110 881 249 65 Salgari,
393 879 230 64 Emilio,
659 882 326 51 1862-1911.

242 948 1869 70 … Entre las fieras de la India; version espafiola de A.
112 1030 1396 72 Champs d’Or. Barcelona, B. Bauz á [ ᶜ1930]
180 1115 80 47 vii,
295 1113 176 51 [9]-138
498 1123 57 38 p.,
587 1113 24 38 1
642 1113 28 40 1.
732 1112 127 40 illus.
919 1111 145 40 21½ᶜᵐ.
1136 1109 275 48 (Coleccion
1442 1107 242 48 Audacia)

118 1179 1829 56 © Oct. 20, 1930; 1c. Dec. 8; A—Foreign 9746; Bartolome Bauza.
196 1241 250 50 (31-6629)

113 1351 332 64 Sandburg,
483 1350 152 64 Carl,
674 1350 171 54 1878-

245 1421 1871 73 … Abe Lincoln grows up, with introduction and notes by
115 1500 2001 71 Max J. Herzberg … New York, Chicago, Harcourt, Brace
115 1581 112 53 and
257 1598 299 51 company,
590 1583 149 49 1931.

182 1656 1935 53 3 p. l., iii-xvi, 180 p. front. (port.) illus. (incl. map, facsims.) 19 ½ᶜᵐ .
188 1731 342 40 “Discussions
558 1730 53 40 of
640 1729 109 41 Carl
787 1728 256 49 Sandburg
1069 1730 95 39 and
1196 1728 78 40 his
1304 1727 190 41 work”:
1529 1738 41 37 p.
1603 1727 98 42 180.

123 1799 53 52 ©
207 1803 110 40 Feb.
346 1801 68 48 27,
445 1801 139 47 1931;
617 1801 67 43 2c.
713 1802 96 39 and
839 1801 81 41 aff.
952 1802 122 40 Mar.
1104 1801 82 47 16;
1218 1800 42 40 A
1289 1800 170 46 34852;
1494 1801 262 47 Harcourt,
1789 1801 153 39 Brace
1974 1800 36 40 &
2039 1811 83 37 co.,

191 1859 90 40 inc.
345 1855 68 53 [©
448 1869 105 30 new
585 1861 193 46 matter]
851 1857 250 49 (31-6847)

119 1951 239 65 Schaaf,
391 1951 255 55 William
679 1952 288 64 Leonard,
1004 1957 171 49 1898-

194 2029 402 53 Mathematics
627 2028 92 53 for
748 2028 194 69 junior
971 2028 141 69 high
1142 2028 191 54 school
1364 2028 282 68 teachers;
1681 2047 31 35 a
1744 2027 382 70 professional

123 2104 2003 72 subject matter text, by William L. Schaaf … Richmond,
124 2183 1632 70 Atlanta [etc.] Johnson publishing company [ ᶜ1 931]
194 2267 102 49 xiii,
331 2266 85 41 439
450 2277 43 37 p.
553 2265 142 49 illus.,
731 2267 179 48 diagrs.
1078 2296 8 9 21ᶜᵐ.
1152 2265 276 50 [Johnson’s
1461 2265 260 42 education
1756 2265 166 50 series]

129 2334 51 52 ©
219 2339 122 39 Mar.
377 2337 39 47 2,
455 2336 140 48 1931;
636 2336 66 42 2c.
741 2338 121 40 Mar.
900 2337 52 47 3;
993 2335 81 43 aff.
1114 2338 123 41 Mar.
1273 2338 54 46 4;
1367 2336 41 40 A
1444 2337 172 48 34610;
1657 2338 217 40 Johnson
1912 2337 109 49 pub.
2059 2348 70 30 co.

206 2394 251 49 (31-6971)

125 2488 282 64 Schilder,
443 2488 164 64 Paul,
643 2494 170 49 1886-

127 2564 2000 149 … Brain and personality; studies in the psychological aspects of cerebral neuropathology and the neuropsychiatric
126 2719 1939 71 aspects of the motility of schizophrenics, by Paul Schilder …
127 2797 139 55 New
298 2798 163 54 York
491 2799 112 52 and
632 2798 401 69 Washington,
1063 2799 259 53 Nervous
1353 2799 112 54 and
1496 2800 213 53 mental
1742 2800 214 54 disease
127 2801 1977 144 publishing
370 2893 298 50 company,
699 2879 149 49 1931.

203 2967 42 37 v,
287 2957 87 40 136
410 2967 45 38 p.
528 2957 148 41 23½ᶜᵐ.
758 2957 245 50 (Nervous
1043 2959 93 39 and
1176 2959 183 40 mental
1399 2958 191 41 disease
1627 2961 297 48 monograph
1964 2961 165 48 series,

130 3022 74 31 no.
233 3013 80 48 53)

202 3083 120 40 Part
354 3083 24 39 1
413 3082 211 42 consists
655 3084 51 40 of
737 3084 210 40 lectures
982 3084 244 42 delivered
1261 3085 166 41 before
1463 3087 81 39 the
1578 3087 322 47 Washington
134 3090 1980 97 psychoanalytic

387 3139 323 48 association;
754 3143 65 46 pt.
858 3140 40 48 2,
938 3142 210 40 lectures
1187 3142 245 41 delivered
1471 3143 167 41 before
1679 3145 80 40 the
1799 3145 120 40 staff
1958 3146 51 39 of
2050 3147 82 40 the

134 3194 180 49 Phipps
343 3195 299 48 psychiatric
671 3196 155 48 clinic,
856 3197 155 41 Johns
1040 3198 224 49 Hopkins
1294 3199 227 48 hospital.

205 3251 348 49 Bibliography
582 3255 53 38 at
661 3254 90 40 end
780 3253 52 41 of
860 3254 118 40 each
1007 3256 126 46 part.

140 3317 51 52 ©
217 3323 120 39 Mar.
364 3323 37 47 1,
428 3321 139 48 1931;
594 3323 65 40 2c.
685 3324 94 39 and
805 3324 82 41 aff.
912 3326 122 39 Mar.
1059 3325 81 47 10;
1168 3326 40 39 A
1233 3327 171 46 34750;
1433 3327 219 41 Nervous
1678 3328 37 41 &
1740 3329 181 40 mental
1948 3328 189 43 disease

209 3379 107 47 pub.
345 3389 67 31 co.
484 3379 249 48 (31-6886)

137 3471 287 65 Schmidt,
457 3474 302 55 Gustavus
789 3476 324 65 Adolphus,
1148 3483 171 50 1880-

268 3552 1872 73 … Teaching evening and part-time classes in vocational
141 3630 1936 72 agriculture, by G. A. Schmidt … [and] W. Arthur Ross …
140 3706 1434 75 New York & London. The Century co. [ ᶜ1 931]
215 3786 96 49 xvi,
345 3787 87 40 278
464 3798 43 37 p.
541 3788 109 42 incl.
685 3790 24 39 1
745 3790 141 49 illus.,
923 3792 192 49 diagrs.,
1150 3793 169 41 forms.
1379 3794 146 42 20½ᶜᵐ.
1596 3794 123 48 (The
1756 3795 213 50 Century
144 3808 1976 76 vocational
332 3844 175 47 series)
630 3844 130 49 $2.25

216 3914 246 42 “Selected
495 3917 327 42 references”:
858 3931 43 37 p.
934 3918 217 44 259-262.
