2505 4370
995 4037 135 57 1027

75 396 244 65 Barnes,
346 397 202 62 Harry
577 395 216 64 Eimer,
826 401 170 49 1889-

145 472 264 68 Battling
441 472 93 53 the
569 471 170 53 crime
773 489 183 47 wave;
993 470 284 70 applying
1308 489 157 35 sense
1498 470 111 53 and
1643 470 214 53 science
1887 474 59 48 to
1979 469 92 53 the

74 547 1997 72 repression of crime, by Harry Elmer Barnes … Boston,
72 626 1205 69 Mass., The Stratford company [ ᶜ1 931]
142 710 25 39 3
195 720 42 37 p.
301 741 7 16 l.,
336 710 60 46 vi,
423 710 86 39 245
536 721 43 36 p.
638 709 164 47 front.,
831 720 61 37 pl.
952 709 146 40 19½ᶜᵐ.

145 766 246 41 “Selected
422 764 329 41 references”:
783 776 43 37 p.
855 765 217 40 244-245.

78 819 51 52 ©
167 824 125 39 June
329 823 68 49 10,
436 822 111 40 1931;
674 855 6 7 2c.
718 823 128 39 June
882 822 53 39 12;
1004 822 80 40 aff.
1125 822 125 39 June
1289 822 81 47 16;
1411 822 42 39 A
1489 820 170 44 37959;
1703 821 248 41 Stratford
1991 833 81 35 co.,

144 880 290 47 publishers.
508 879 277 48 (31-15820)

70 974 455 64 Bartholomew,
559 973 252 54 Wallace
847 972 219 64 Edgar,
1103 972 327 55 1877-1920.

142 1051 121 52 The
287 1049 255 54 business
565 1051 179 51 man’s
772 1049 265 68 English,
1062 1048 215 68 spoken
1305 1048 113 52 and
1444 1048 248 67 written,
1717 1048 75 69 by
1816 1049 256 53 Wallace

72 1125 1998 71 Edgar Bartholomew … and Floyd Hurlbut … Rev. ed. New
73 1204 177 67 York,
278 1204 122 52 The
426 1204 334 52 Macmillan
788 1221 298 50 company,
1118 1206 150 49 1931.

175 1315 8 16 x,
207 1284 87 40 357
315 1295 42 36 p.
385 1284 109 40 incl.
520 1284 142 47 illus.,
689 1283 167 41 forms.
918 1282 145 44 19½ᶜᵐ.

138 1340 349 47 Bibliography
511 1343 52 37 at
587 1341 92 39 end
705 1340 52 40 of
783 1350 129 30 some
936 1339 51 41 of
1010 1341 83 39 the
1119 1340 240 47 chapters.

77 1393 51 52 ©
156 1398 126 39 June
305 1398 70 46 30,
402 1397 141 47 1931;
574 1398 65 38 2c.
668 1399 95 38 and
789 1396 81 41 aff.
898 1398 83 39 July
1042 1399 22 37 1;
1124 1398 39 38 A
1189 1398 173 46 40211;
1394 1397 281 41 Macmillan
1704 1408 68 30 co.

152 1454 280 48 (31-16898)

70 1548 268 64 Bentley,
368 1549 203 62 Harry
597 1549 200 52 Howe.

202 1626 1870 71 … Some small houses from French villages, text by Harry
69 1704 2003 72 Howe Bentley … [Chicago, Ill.] Ludowici-Celadon company,
126 1787 116 49 ᶜ1 931.
141 1864 23 38 1
194 1874 44 37 p.
302 1895 8 16 l.,
341 1863 142 41 51-63
515 1874 42 37 p.
619 1864 142 48 illus.,
793 1866 128 46 plan.
981 1864 117 40 28ᶜᵐ.
1172 1864 125 48 (The
1329 1863 239 42 Tuileries
1602 1864 274 47 brochures,
1910 1864 160 42 edited

72 1920 1997 49 by William Dewey Foster … photographs by F. R. Yerbury … v. 3,
70 1987 74 30 no.
171 1979 39 45 4,
239 1978 129 47 July,
396 1977 139 48 1931)

73 2030 51 52 ©
149 2035 116 47 July
287 2036 67 47 17,
379 2033 141 47 1931;
546 2034 66 40 2c.
638 2035 117 47 July
777 2034 82 47 24;
886 2034 82 40 aff.
993 2035 116 47 July
1131 2034 82 48 23;
1240 2035 42 39 A
1304 2033 171 49 39696;
1501 2034 482 42 Ludowici-Celadon
2002 2047 67 28 co.

66 2113 250 65 Borden,
346 2117 139 53 Mrs.
517 2114 217 54 Lucille
772 2113 247 67 (Papin)
1060 2116 169 54 1873-

138 2191 188 55 Silver
373 2197 281 62 trumpets
704 2192 229 68 calling,
981 2191 75 69 by
1105 2189 218 55 Lucille
1374 2193 245 52 Borden.
1695 2194 137 52 New
1886 2193 179 67 York,

66 2269 121 52 The
216 2269 334 52 Macmillan
582 2287 296 51 company,
910 2272 149 51 1931.

138 2350 26 39 5
189 2361 43 37 p.
295 2381 8 17 l.,
334 2350 176 50 [3]-470
535 2361 43 37 p.
639 2350 145 42 19½ᶜᵐ.

73 2402 51 52 ©
154 2408 116 47 July
300 2409 37 42 7,
368 2407 141 43 1931;
539 2408 68 41 2c.
638 2410 93 38 and
762 2408 81 40 aff.
876 2409 115 47 July
1022 2408 52 42 8;
1105 2408 40 39 A
1174 2407 173 48 39276;
1381 2408 283 40 Macmillan
1693 2418 67 32 co.

150 2464 280 50 (31-17130)

66 2544 297 66 Brannon,
398 2546 223 54 Robert
657 2547 78 55 M.

131 2621 176 53 “Fool
337 2622 205 68 proof”
574 2628 253 47 contract
859 2622 201 70 bridge
1102 2622 158 71 (“the
1292 2623 320 68 professor”
1645 2623 130 53 does
1806 2621 90 56 his
1928 2621 137 54 stuff

64 2697 196 72 again)
302 2700 75 69 by
411 2699 214 55 Robert
658 2700 79 53 M.
772 2700 301 67 Brannon;
1110 2699 365 69 partnership
1510 2699 243 69 bidding
1784 2700 281 54 unfolded

63 2776 1975 149 in a succession of 100 illuminating charts … Culbertson approach-forcing
560 2855 1505 70 system … and containing a simplified study of
63 2933 95 52 the
207 2933 137 54 laws
395 2933 63 53 of
509 2939 253 50 contract
810 2934 215 69 bridge.
1114 2934 137 53 New
1306 2934 178 67 York,
1537 2935 274 52 Brannon
1863 2930 200 71 bridge

63 3010 445 69 studios [ ᶜ1 931]
133 3102 67 28 XX
227 3102 56 37 p.,
311 3091 25 39 1
400 3122 8 17 l.,
440 3091 85 41 162
553 3103 44 37 p.
652 3092 130 41 illus.
836 3092 146 41 19½ᶜᵐ.

138 3148 1926 49 “The laws of contract bridge … a simplified study, by Robert M.
65 3204 286 41 Brannon”:
386 3216 44 37 p.
468 3205 247 50 [127]-162.

73 3260 1994 52 © June l. 1931; 2c. and aff. June 2; A 38576; R. M. Brannon, New
140 3323 142 38 York.
353 3320 280 50 (31-16864)

67 3401 360 66 Brinkhaus,
457 3403 164 64 Paul,
655 3407 171 51 1883-

131 3479 119 54 Das
306 3479 263 52 rohrnetz
628 3478 336 54 städtischer
1020 3477 390 55 Wasserwerke
1429 3496 11 46 ;
1499 3476 377 66 berechnung,
1935 3473 127 68 bau,

65 3549 1996 73 betrieb, von H. P. Brinkhaus … mit 196 textabbildungen, 47
64 3633 219 53 zahlen-
336 3634 118 52 und
507 3636 64 49 13
623 3632 309 56 bildtafeln
982 3633 117 53 und
1151 3632 357 54 zahlreichen
1560 3626 477 70 berechnungsbei
63 3710 226 68 spielen.

366 3715 67 61 3.,
470 3710 295 54 neubearb.
807 3710 127 54 aufl.
1008 3710 289 53 München
1332 3709 118 52 und
1488 3706 216 69 Berlin,
1743 3707 68 51 R.
62 3704 1976 153 Oldenbourg,
293 3790 151 51 1930.

136 3866 1449 50 ix, 334 p. incl. illus., tables. 13 fold, pl. on 7 l. 22ᶜᵐ.
75 3923 51 52 ©
160 3928 126 48 Sept.
317 3929 68 42 17,
418 3926 139 49 1930;
619 3939 36 27 1c.
690 3929 109 38 Feb.
831 3927 68 42 26,
932 3926 139 41 1931;
1106 3927 40 38 A
1147 3925 270 47 —Foreign
1449 3922 169 48 12032;
1655 3923 54 39 R.
1745 3922 322 45 Oldenbourg.

152 3984 278 50 (31-16868)
