2428 4370
1275 4043 134 50 1566

319 461 2016 71 Indian crafts, by Lester Griswold … contains more than three
317 539 261 54 hundred
623 539 248 70 projects
914 539 113 54 and
1069 540 135 53 four
1244 539 265 56 hundred
1550 540 396 54 illustrations.
2032 539 302 71 [Colorado

320 618 264 71 Springs,
634 619 123 52 The
808 616 120 55 Out
977 617 159 55 West
1186 617 266 69 printing
1504 618 113 54 and
1668 618 313 70 stationery
2032 635 298 54 company]

372 700 118 52 ᶜ1 931.
389 778 88 42 320
509 791 43 38 p.
613 779 128 40 illus.
800 778 148 41 19½ᶜᵐ.

327 833 52 52 ©
412 838 121 47 Aug·.
564 838 39 46 1,
635 835 142 48 1931;
810 836 67 40 2c.
912 837 98 39 and
1041 835 83 42 aff.
1160 836 128 49 Sept.
1321 836 83 47 21;
1441 836 41 39 A
1512 834 172 48 42853;
1721 837 50 38 L.
1807 836 256 48 Griswold,
2099 836 238 41 Colorado

396 894 216 49 Springs,
641 894 98 41 Col.
811 893 282 48 (31-29048)

326 974 292 65 Gunther,
651 974 263 53 Theresa
947 973 328 66 Charlotte,
1312 980 171 49 1891-

391 1048 424 70 Manipulative
856 1048 414 70 participation
1312 1049 59 54 in
1413 1051 97 53 the
1550 1048 170 72 study
1763 1050 64 52 of
1867 1050 344 69 elementary
322 1052 1988 129 industrial

612 1126 1726 71 arts, by Theresa Charlotte Gunther … New York
320 1205 133 70 city,
487 1204 279 55 Teachers
798 1205 231 68 college,
1065 1203 300 56 Columbia
1402 1205 335 72 university,
1774 1208 152 51 1931.

398 1288 61 43 vi.
513 1288 57 42 58
621 1299 43 38 p.
728 1286 177 50 diagrs.
966 1287 148 41 23½ᶜᵐ.
1186 1289 266 48 (Teachers
1505 1289 191 47 college,
1751 1288 247 43 Columbia
2058 1290 282 47 university.

321 1344 368 42 Contributions
720 1347 49 39 to
801 1344 271 42 education,
1108 1356 75 29 no.
1213 1345 114 47 490)

396 1401 265 42 Published
703 1402 102 39 also
847 1412 55 29 as
941 1401 158 42 thesis
1149 1403 108 48 (PH.
1332 1403 35 48 D.)
1420 1400 250 42 Columbia
1715 1401 283 49 university.

394 1457 376 50 Bibliography:
803 1468 43 39 p.
875 1458 70 42 58.

329 1512 52 52 ©
415 1516 117 49 July
563 1517 68 41 10.
664 1514 140 49 1931;
839 1516 66 40 2c.
937 1516 122 47 Aug.
1090 1514 83 48 20;
1208 1514 83 43 aff.
1323 1515 121 47 Aug.
1476 1515 82 47 18;
1594 1515 41 39 A
1665 1516 172 47 41161;
1874 1515 241 42 Teachers
2148 1517 192 48 college,

398 1573 252 41 Columbia
676 1573 287 48 university.
1035 1571 283 50 (31-29055)

328 1653 220 66 Hader,
582 1654 204 55 Berta.

402 1734 219 70 Tooky,
655 1735 98 52 the
786 1739 157 65 story
979 1734 64 52 of
1079 1752 32 34 a
1146 1735 115 52 seal
1298 1734 128 53 who
1462 1733 195 69 joined
1692 1734 98 53 the
1825 1733 200 71 circus,
2058 1735 75 68 by
2169 1735 176 52 Berta

330 1814 113 52 and
468 1812 199 53 Elmer
689 1812 217 53 Hader.
982 1812 262 69 London,
1266 1812 140 53 New
1428 1812 165 52 York
1621 1817 138 63 [etc.]
1787 1812 347 70 Longmans,
2159 1811 185 55 Green

331 1893 113 53 and
474 1910 99 51 co.,
606 1895 151 49 1931.

400 1968 1100 53 [61] p. col. front., col. illus. 17 × 23½ᶜᵐ.
398 2027 232 41 “Printed
657 2026 48 41 in
735 2028 83 41 the
846 2026 180 42 United
1057 2028 164 41 States
1248 2027 53 42 of
1327 2027 268 42 America.”

397 2085 163 41 “First
779 2084 38 42 édition.”

333 2138 52 53 ©
416 2143 103 41 Oct.
547 2143 38 47 1,
615 2141 142 48 1931;
787 2140 67 42 2c.
885 2141 103 42 Oct.
1017 2141 52 43 8;
1101 2140 82 41 aff.
1215 2141 103 41 Oct.
1347 2142 52 46 7;
1431 2141 42 39 A
1499 2140 173 49 42938;
1704 2142 290 49 Longmans,
2025 2142 156 40 Green
2211 2142 37 40 &
2276 2153 66 29 co.

411 2199 283 49 (31-25973)

330 2279 245 66 Haines,
608 2279 189 53 Donal
829 2278 327 65 Hamilton,
1193 2285 173 49 1886-

401 2358 122 52 The
566 2357 319 68 southpaw,
924 2358 75 68 by
1041 2357 191 53 Donal
1273 2356 307 54 Hamilton
1620 2358 239 67 Haines,
1901 2358 325 54 illustrated
2266 2358 75 69 by

331 2437 124 51 Tod
506 2433 208 57 Gould.
808 2435 139 53 New
997 2433 182 69 York,
1227 2436 217 51 Farrar
1491 2437 52 51 &
1591 2434 301 70 Rinehart,
1942 2436 399 68 incorporated

410 2516 95 50 [ ᶜ1 931]
440 2628 9 14 v,
483 2595 87 40 272
601 2606 43 38 p.
708 2594 164 49 front.,
906 2606 62 37 pl.
1029 2594 118 41 21ᶜᵐ.

406 2652 288 40 Illustrated
726 2654 97 46 t.-p.
854 2653 97 39 and
979 2651 367 49 lining-papers.

337 2705 51 53 ©
424 2709 102 41 Oct.
561 2711 39 47 5,
637 2708 140 49 1931;
813 2709 67 41 2c.
917 2710 102 40 Oct.
1055 2711 53 46 7;
1146 2709 82 42 aff.
1265 2709 102 41 Oct.
1404 2709 83 48 10;
1524 2710 41 39 A
1599 2710 172 47 43146;
1810 2711 57 40 D.
1904 2711 61 41 H.
2002 2709 200 49 Haines,
2237 2711 109 39 Ann

404 2768 170 39 Arbor.
646 2766 282 50 (31-29188)

334 2846 314 64 Hembree,
679 2846 203 54 James
912 2846 208 57 Willis.

405 2922 218 71 Smoky
647 2924 299 53 mountain
974 2942 186 49 songs.
1237 2924 275 54 National
1539 2928 148 67 park
1712 2926 84 53 ed.
1873 2928 90 67 By
1990 2928 195 54 James
335 2927 1985 128 Willis

335 3000 1986 149 Hembree. Knoxville, Tenn., Clarence F. Coleman company [ ᶜ1 931]
405 3161 57 41 70
489 3173 43 38 p.
594 3163 172 46 plates.
825 3161 148 42 23½ᶜᵐ.

340 3214 51 52 ©
419 3219 126 48 Sept.
570 3219 69 47 28,
665 3218 108 42 1931;
831 3220 68 40 2c.
924 3221 96 38 and
1044 3219 81 41 aff.
1154 3220 103 42 Oct.
1281 3221 52 46 1;
1362 3221 41 38 A
1424 3220 173 48 43015;
1625 3221 44 40 J.
1696 3222 71 41 W.
1794 3221 254 48 Hembree,
2073 3220 277 49 Knoxville,

408 3277 148 39 Tenn.
629 3276 280 48 (31-29154)

337 3340 137 64 Hill,
501 3342 208 56 Helen.

410 3422 122 52 The
562 3422 151 53 little
744 3424 106 51 lost
881 3423 303 68 shepherd,
1212 3425 75 68 by
1317 3424 188 53 Helen
1535 3424 130 53 Hill
1696 3427 111 52 and
1840 3424 192 54 Violet
2064 3425 286 52 Maxwell.

341 3499 128 52 New
509 3500 179 55 York.
715 3501 120 53 The
863 3501 337 53 Macmillan
1227 3519 300 52 company,
1557 3506 151 50 1931.

404 3579 1300 50 6 ix l. , 3-163 p. incl. illus.. plates, front. 21ᶜᵐ.
341 3631 52 52 ©
421 3636 103 42 Oct.
549 3637 39 45 6,
616 3636 141 48 1931;
786 3638 65 40 2c.
880 3640 95 38 and
1002 3638 81 39 aff.
1113 3638 102 41 Oct.
1244 3640 52 47 7;
1326 3640 41 39 A
1391 3638 172 50 42893;
1593 3640 283 41 Macmillan
1904 3651 68 32 co.

421 3694 283 48 (31-25968)

341 3760 136 62 Hill,
508 3761 209 64 Henry
747 3762 211 56 Chase.

404 3833 122 56 The
551 3853 123 35 new
700 3836 251 54 Wonder
978 3838 146 53 book
1150 3838 64 53 of
1239 3838 362 71 knowledge;
1631 3841 96 55 the
1752 3842 244 53 marvels
2024 3842 62 53 of
2113 3841 234 55 modern

340 3908 263 74 industry
657 3914 111 53 and
822 3915 314 68 invention,
1188 3916 97 53 the
1337 3917 340 70 interesting
1728 3918 198 54 stories
1979 3919 63 53 of
2093 3937 255 38 common
