2505 4370
1325 4071 100 50 570

340 409 219 65 Lister,
592 409 261 65 Jeremy,
887 412 328 54 1752-1836.

414 491 265 56 Concord
720 489 164 71 fight,
926 490 172 70 being
1140 510 60 34 so
1242 491 169 53 much
1454 490 64 53 of
1561 490 96 54 the
1697 489 293 55 narrative
2033 490 65 54 of
2141 489 220 70 Ensign

341 571 236 70 Jeremy
609 569 191 54 Lister
832 569 64 54 of
928 569 96 54 the
1061 571 131 52 10th
1227 569 282 70 regiment
1542 569 63 54 of
1639 569 124 54 foot
1797 589 61 34 as
1892 569 258 69 pertains
2183 575 59 48 to
2276 569 89 55 his

342 650 241 53 services
619 667 72 34 on
725 650 96 51 the
860 649 131 52 19th
1026 649 64 54 of
1125 647 194 70 April,
1357 650 153 66 1775,
1545 650 112 52 and
1693 656 58 47 to
1787 647 88 54 his
1912 648 361 69 experiences
2307 649 55 51 in

342 729 220 52 Boston
611 728 214 68 during
872 728 96 53 the
1017 728 158 69 early
1223 728 231 52 months
1502 727 64 52 of
1612 729 96 52 the
1755 727 165 69 siege.
2000 727 367 68 Cambridge,

342 807 192 68 Mass.,
560 806 243 53 Printed
830 812 60 48 at
916 807 95 52 the
1039 806 276 53 Harvard
1344 806 318 68 university
1692 826 174 48 press,
1897 809 149 49 1931.

410 884 663 52 3 p. l., 3-55, [1] p. 18 ᶜᵐ .
413 943 149 40 “This
590 942 186 41 edition
806 942 43 41 is
880 942 189 41 limited
1102 945 50 38 to
1181 942 87 40 500
1299 941 205 49 copies.”

418 998 229 49 Running
676 999 110 41 title
803 1010 9 29 :
848 999 162 40 Lister
1041 998 268 42 narrative.

415 1054 1900 51 “The brief narrative of Jeremy Lister [was] written late in 1782 …
342 1112 235 41 Extracts
609 1112 128 39 from
770 1112 78 40 his
877 1110 257 42 narrative
1168 1110 109 42 first
1311 1112 243 48 appeared
1590 1112 50 40 in
1676 1114 81 39 the
1793 1112 197 41 London
2026 1113 252 48 telegraph
2316 1113 47 39 in

341 1168 278 46 December,
654 1167 409 42 1928.”—Introd.

414 1225 160 41 Three
608 1225 171 41 letters
812 1225 198 40 written
1047 1224 60 48 by
1143 1224 163 41 Lister
1341 1224 179 48 during
1553 1225 263 40 1774-1775
1855 1228 47 38 to
1937 1226 79 40 his
2050 1225 183 49 father,
2270 1227 95 39 and

342 1293 92 30 one
467 1283 145 40 letter
640 1282 199 41 written
870 1282 60 46 by
961 1280 516 42 Lieutenant-Colonel
1511 1281 86 41 Val
1633 1281 161 43 Jones,
1829 1293 84 30 are
1945 1282 227 41 included
2203 1283 49 38 in
2284 1282 82 41 the

342 1338 247 48 appendix
630 1339 67 47 (p.
728 1336 207 52 47-[56])

351 1393 56 52 ©
444 1398 122 40 Mar.
603 1396 70 49 24,
712 1396 142 47 1931;
893 1397 68 39 2c.
1001 1396 123 41 Mar.
1162 1396 82 47 27;
1287 1395 82 43 aff.
1407 1396 115 49 Apr.
1562 1396 81 48 16;
1686 1398 41 38 A
1763 1396 172 48 36516;
1977 1398 257 41 President
2273 1398 94 39 and

419 1455 193 40 fellows
653 1453 52 42 of
746 1454 232 40 Harvard
1020 1454 192 49 college,
1258 1453 303 49 Cambridge,
1606 1456 147 40 Mass.
1819 1450 69 55 [©
1931 1453 332 42 introduction
2309 1456 61 47 by

422 1512 189 41 Harold
638 1512 251 49 Murdock]
956 1511 283 50 (31-10068)

346 1607 489 66 Loaring-Clark,
866 1610 140 53 Mrs.
1038 1608 151 65 Ada,
1220 1627 181 52 comp.

415 1686 56 53 A
502 1685 147 54 book
677 1684 64 54 of
773 1684 296 55 devotions
1100 1684 95 54 for
1224 1703 218 37 women
1475 1685 113 55 and
1620 1684 161 71 girls,
1813 1684 282 71 compiled
2129 1685 72 73 by
2237 1685 130 55 Ada

344 1764 257 70 Loaring
626 1763 195 71 Clark,
844 1765 141 53 with
1011 1785 31 34 a
1069 1764 287 53 foreword
1381 1764 74 69 by
1478 1766 96 52 the
1599 1764 95 56 Rt.
1723 1765 136 52 Rev.
1885 1765 250 54 Thomas

347 1764 1996 149 Campbell Darst … Milwaukee, Morehouse publishing co. [ᶜ1931]
415 1923 462 50 xiv, 98 p. 13½ ᶜᵐ .
353 1981 52 53 ©
438 1986 122 39 Mar.
592 1985 69 48 18,
692 1983 141 48 1931;
866 1984 67 40 2c.
966 1985 93 39 and
1092 1983 83 41 aff.
1207 1985 122 38 Mar.
1361 1983 83 47 28;
1478 1983 41 39 A
1549 1983 172 48 35487;
1756 1984 290 40 Morehouse
2077 1985 109 48 pub.
2220 1994 66 30 co.

433 2041 252 51 (31-9790)

349 2139 286 64 Londres,
670 2137 231 56 Albert.

422 2221 123 51 The
577 2220 126 54 Jew
736 2219 104 53 has
872 2235 155 36 come
1060 2217 183 70 home,
1275 2217 76 70 by
1383 2217 203 53 Albert
1623 2217 284 67 Londres;
1946 2219 320 53 translated
2300 2218 73 70 by

351 2298 262 55 William
645 2296 243 69 Staples.
967 2296 140 53 New
1134 2295 182 71 York,
1344 2295 64 54 R.
1440 2295 66 52 R.
1537 2294 209 70 Smith,
1774 2295 126 69 inc.,
1929 2299 151 50 1931.

421 2375 618 51 vi p., 1 l., 251 p. 20 ᶜᵐ .
356 2431 52 53 ©
439 2436 115 48 Apr.
584 2436 56 38 14,
743 2435 53 39 1931;
857 2434 68 42 2c.
957 2435 96 38 and
1084 2434 82 39 aff.
1199 2434 114 47 Apr.
1345 2433 55 40 15;
1461 2435 38 38 A
1530 2433 146 42 36474;
1739 2434 215 40 Richard
1987 2435 54 41 R.
2077 2433 172 50 Smith,
2282 2435 92 40 inc.

436 2492 282 50 (31-10051)

356 2586 427 70 [McCormack,
812 2587 189 64 Perry
1030 2587 179 68 Reed]
1248 2592 173 50 1896-

424 2667 321 71 Vagabond
777 2672 298 64 moments,
1102 2667 75 69 by
1208 2667 170 52 Drift
1407 2667 191 53 Miner
1652 2667 215 68 [pseud.]
1947 2668 430 68 Philadelphia,

353 2746 991 69 Dorrance & company, inc. [ ᶜ1 931]
425 2823 1756 52 104 p. 20 ᶜᵐ . (Half-title: Contemporary poets of Dorrance, 95)
362 2882 50 53 ©
451 2888 122 39 Mar.
610 2886 55 39 16,
772 2886 82 46 1931;
892 2885 67 40 2c.
996 2886 95 38 and
1128 2885 82 40 aff.
1247 2886 114 47 Apr.
1398 2886 81 42 11;
1520 2887 38 37 A
1594 2885 116 42 35698;
1807 2886 251 40 Dorrance
2095 2886 36 40 &
2167 2896 81 38 co.,
2287 2886 89 39 inc.

439 2942 281 51 (31-10069)

355 3038 339 64 McMullen,
726 3038 197 52 Laura
952 3037 256 64 Waples,
1241 3039 84 53 ed.

426 3113 285 70 Building
734 3114 94 53 the
852 3113 181 53 world
1057 3113 212 70 society;
1326 3136 30 33 a
1379 3113 305 54 handbook
1709 3114 64 53 of
1797 3113 404 55 international

353 3113 1996 149 relations,
566 3193 75 71 by
685 3192 193 54 Laura
923 3191 234 69 Waples
1204 3191 335 54 McMullen.
1622 3191 138 54 New
1808 3191 180 70 York,
2032 3190 340 73 Whittlesey

353 3272 190 68 house,
567 3268 431 56 McGraw-Hill
1027 3268 144 54 book
1198 3287 300 51 company,
1524 3269 127 72 inc.,
1679 3273 151 51 1931.

428 3348 712 51 xiv, 434 p. 21 ᶜᵐ . $2.50
431 3408 220 41 Selected
682 3407 229 48 readings
939 3406 128 41 from
1098 3406 200 41 various
1327 3407 205 40 authors.
1604 3408 62 49 cf.
1699 3406 131 44 Pref.

432 3464 163 41 “First
623 3463 230 42 edition.”

431 3522 251 42 “Selected
705 3519 369 50 bibliography”
1099 3523 50 38 at
1178 3521 91 40 end
1296 3519 52 41 of
1373 3521 118 40 each
1518 3521 228 48 chapter;
1778 3522 295 39 “Half-hour
2101 3521 202 48 reading
2327 3521 47 40 in

360 3579 355 42 international
747 3576 263 42 relations”
1030 3588 10 29 :
1073 3587 42 38 p.
1147 3575 220 43 411-420.

367 3636 53 53 ©
454 3642 112 47 Apr.
601 3639 39 47 9,
675 3637 141 42 1931;
852 3637 67 41 2c.
954 3638 95 39 and
1084 3636 82 40 aff.
1200 3637 114 47 Apr.
1352 3637 53 38 14;
1468 3637 41 38 A
1542 3636 171 48 35764;
1753 3635 352 42 McGraw-Hill
2142 3636 121 40 book
2299 3645 80 32 co.,

435 3698 89 40 inc.
598 3695 252 50 (31-9795)

362 3791 288 65 Marquis,
680 3791 262 52 Thomas
968 3789 225 65 Bailey,
1228 3793 173 51 1869-

436 3871 55 51 A
534 3870 239 53 warrior
816 3871 127 52 who
987 3869 207 69 fought
1241 3868 222 69 Custer,
1506 3868 352 68 interpreted
1901 3870 76 68 by
2020 3869 250 52 Thomas
2314 3868 65 51 B.

364 3946 1815 72 Marquis … Minneapolis, The Midwest company, 1931.
