2428 4370
1005 4057 133 47 1519

92 431 298 64 Franklin,
420 431 334 64 Benjamin,
788 434 323 52 1706-1790.

155 509 306 66 Proposals
491 507 248 70 relating
768 513 56 47 to
854 508 95 52 the
979 508 299 52 education
1308 507 64 53 of
1399 508 179 69 youth
1606 508 60 52 in
1694 506 387 69 Pensilvania,

85 586 73 68 by
198 585 306 68 Benjamin
544 585 310 67 Franklin;
898 585 280 54 facsimile
1219 586 240 67 reprint,
1498 586 140 52 with
1678 604 73 34 an
86 585 1971 130 introduction

240 663 75 68 by
347 663 261 54 William
643 663 244 67 Pepper.
960 662 428 68 Philadelphia,
1422 663 337 69 University
1797 662 63 53 of
84 664 1974 144 Pennsylvania

371 757 174 51 press,
574 743 151 49 1931.

155 821 686 48 xvii p., facsim: 32 p. 21 ᶜᵐ.
156 878 132 40 With
314 878 343 47 reproduction
680 877 52 40 of
757 877 208 48 original
990 880 99 45 t.-p.:
1144 877 341 48 Philadelphia:
1541 878 201 40 Printed
1769 878 51 39 in
1846 879 82 40 the
1953 879 128 40 Year

133 966 244 9 M.DCC.XLIX.

155 991 113 40 “500
294 990 262 40 numbered
584 989 158 48 copies
771 990 192 47 printed
991 1000 60 29 on
1080 990 273 39 handmade
1382 999 162 38 paper.
1605 990 118 39 This
1752 989 42 40 is
1823 1000 73 29 no.
1924 990 70 41 70.”

85 1045 1979 107 “Facsimile reprint … issued by the Rosenbach fellowship in bibliography.”— p. [i]
160 1162 210 41 “Census
398 1160 53 40 of
478 1162 172 37 extant
676 1158 158 48 copies
863 1158 52 40 of
943 1159 83 40 the
1053 1158 207 47 original
1290 1157 183 42 edition
1503 1157 52 41 of
1583 1158 259 48 Proposals
1872 1157 209 49 relating

87 1222 49 36 to
162 1218 83 39 the
269 1216 257 41 education
554 1216 51 39 of
632 1216 151 47 youth
809 1216 51 38 in
888 1214 311 41 Pensilvania
1228 1214 143 41 1749”:
1431 1226 41 37 p.
1507 1235 56 30 [v]

160 1273 241 40 “Authors
430 1273 176 46 quoted
634 1272 51 38 in
713 1271 98 42 this
838 1271 178 49 paper”:
1075 1283 43 37 p.
1163 1273 43 48 [4]

92 1326 50 51 ©
181 1330 127 47 Sept.
344 1329 68 47 11,
447 1328 113 41 1931;
625 1328 68 41 2c.
730 1329 127 46 Sept.
893 1330 55 38 17;
1014 1328 82 41 aff.
1136 1329 126 48 Sept.
1300 1329 58 39 24;
1422 1330 42 38 A
1498 1329 145 41 41863;
1711 1330 283 46 University
2030 1330 53 41 of

157 1385 355 48 Pennsylvania
539 1395 150 38 press.
757 1381 68 54 [©
852 1384 346 51 introduction]
1270 1386 281 48 (31-25401)

84 1452 406 51 Freemasons.
570 1452 65 53 U.
672 1454 59 51 S.
804 1452 255 53 Scottish
1092 1451 125 54 rite.
1291 1454 278 65 Supreme
1604 1451 220 55 council
1855 1454 99 68 for
1987 1454 92 51 the

154 1530 288 53 Southern
467 1530 381 68 jurisdiction.

148 1605 120 52 The
316 1604 272 68 Supreme
634 1604 235 69 council,
915 1608 95 49 33°;
1092 1605 229 53 Mother
1366 1603 218 54 council
1629 1604 63 53 of
1735 1605 96 53 the
1878 1604 199 71 world,

80 1682 244 54 Ancient
361 1682 113 53 and
513 1682 263 68 accepted
816 1681 249 56 Scottish
1101 1682 109 54 rite
1247 1682 63 54 of
1349 1682 405 70 freemasonry,
1794 1681 284 56 Southern

79 1760 380 68 jurisdiction,
487 1762 71 53 U.
591 1760 58 54 S.
681 1760 69 52 A.
816 1761 328 69 Louisville,
1174 1761 134 69 Ky.,
1336 1761 121 54 The
1492 1760 292 55 Standard
1816 1759 262 71 printing

80 1857 95 48 co.,
202 1838 415 68 incorporated,
647 1842 148 48 1931.

148 1918 64 47 ix,
244 1920 70 48 [1],
341 1917 116 41 1004
483 1929 43 37 p.
582 1918 130 41 illus.
740 1916 132 49 (incl.
900 1918 175 48 ports.)
1111 1919 118 40 fold.
1258 1930 62 37 pl.
1376 1919 56 39 25½ᶜᵐ.

150 1975 258 40 Foreword
435 1975 167 47 signed:
661 1975 127 40 John
817 1975 59 39 H.
906 1975 199 47 Cowles,
1136 1976 153 46 grand
1316 1977 323 39 commander.

148 2033 225 39 Includes
412 2030 332 49 biographical
781 2030 241 42 material.

151 2087 204 41 “Notes”
384 2088 281 46 containing
689 2086 337 48 bibliography
1054 2089 53 37 at
1134 2088 91 39 end
1253 2087 51 40 of
1331 2089 118 38 each
1478 2089 215 47 chapter.

89 2144 50 52 ©
176 2149 126 47 Sept.
335 2149 39 47 1,
406 2146 141 47 1931;
582 2145 67 41 2c.
684 2147 95 38 and
812 2145 79 39 aff.
930 2145 128 48 Sept.
1091 2145 82 47 25;
1209 2146 42 38 A
1281 2145 171 48 42621;
1493 2147 229 48 Supreme
1757 2147 201 48 council,
1993 2148 80 40 33°

159 2205 193 39 ancient
386 2205 96 39 and
517 2203 226 47 accepted
779 2202 213 41 Scottish
1028 2203 94 39 rite
1156 2202 50 40 of
1241 2201 335 50 freemasonry
1611 2204 79 39 for
1727 2204 81 40 the
1846 2204 231 40 southern

154 2260 311 48 jurisdiction
493 2260 52 40 of
573 2260 83 39 the
683 2260 56 40 U.
771 2260 41 40 S.
844 2260 69 47 A.,
942 2258 336 49 Washington.
1352 2259 281 49 (31-25500)

85 2324 210 67 Fuller,
323 2326 308 62 Raymond
658 2325 164 65 Tifft,
852 2330 170 50 1889-

151 2402 121 54 The
298 2403 269 69 doorway
590 2408 59 46 to
674 2407 219 64 nature,
916 2403 75 67 by
1017 2403 304 69 Raymond
1348 2405 66 53 T.
1441 2404 213 52 Fuller.
1730 2405 86 53 New
1902 2405 173 69 York,

82 2480 995 70 The John Day company [ ᶜ1 931]
148 2560 816 50 3 p. l., [ix]-xii, 284 p., 1 l. 19½ᶜᵐ.
154 2618 186 40 “Books
367 2618 80 39 for
474 2616 407 42 identifications”:
942 2629 45 37 p.
1019 2617 246 50 [281]-284.

88 2671 50 51 ©
172 2676 119 47 Aug.
324 2675 70 48 27,
428 2673 140 49 1931;
604 2675 66 41 2c.
707 2676 94 39 and
834 2675 83 41 aff.
954 2676 128 47 Sept.
1116 2675 84 48 25;
1236 2676 43 38 A
1310 2674 171 48 42645;
1519 2677 56 39 R.
1610 2676 52 41 T.
1697 2676 180 46 Fuller,
1914 2676 162 40 White

154 2732 180 47 Plains,
362 2732 56 40 N.
447 2733 53 39 Y.
571 2731 280 51 (31-25552)

85 2784 208 64 Georg,
327 2786 225 62 Eugen,
586 2790 170 49 1890-

146 2863 120 53 The
315 2862 306 53 adventure
670 2861 64 53 of
780 2862 292 69 mankind,
1117 2863 74 68 by
1241 2862 200 67 Eugen
1492 2861 217 68 Georg;
1760 2862 314 53 translated

81 2940 147 51 from
272 2940 94 53 the
412 2939 246 54 German
704 2940 74 69 by
822 2939 213 52 Robert
1078 2938 324 54 Bek-Gran.
1484 2938 83 53 New
1669 2939 179 67 York,
1893 2938 66 52 E.
2007 2939 64 52 P.

79 3016 953 69 Dutton & company, inc. [ ᶜ1 931]
215 3096 600 49 xx p., 1 l., 23-325 p. 21 ᶜᵐ.
150 3154 162 40 “First
337 3153 227 40 edition.”

89 3209 50 51 ©
173 3213 125 48 Sept.
329 3212 68 48 25,
431 3212 139 47 1931;
602 3212 66 40 2c.
704 3213 126 47 Sept.
861 3211 82 48 25;
978 3212 82 40 aff.
1096 3212 127 47 Sept.
1255 3212 82 46 28;
1372 3213 41 38 A
1442 3212 171 47 42646;
1650 3214 50 38 E.
1736 3213 50 40 P.
1821 3213 188 40 Dutton
2040 3212 37 40 &

154 3279 80 37 co.,
259 3270 92 39 inc.
423 3268 280 48 (31-25608)

86 3322 228 65 Goebel,
342 3322 194 54 Julius
562 3320 265 65 Ludwig,
858 3326 171 50 1892-
1240 3324 86 52 ed.

152 3398 168 55 Cases
344 3400 111 52 and
480 3397 290 54 materials
796 3414 71 37 on
891 3398 98 53 the
1011 3398 397 67 development
1434 3397 64 53 of
1522 3398 150 67 legal
1699 3398 373 65 institutions,

83 3475 1620 70 edited by Julius Goebel, jr. … [New York, ᶜ1931]
152 3534 541 71 1 p. l., iv, 662 p. 27½ᶜᵐ.
156 3613 175 41 “Table
359 3614 51 40 of
439 3612 281 42 materials”:
778 3624 43 37 p.
850 3612 216 41 661-662.

89 3666 50 51 ©
177 3671 126 48 Sept.
335 3672 69 46 14,
439 3670 139 45 1931;
615 3671 68 41 2c.
722 3671 124 48 Sept.
882 3670 83 47 28;
1003 3670 82 41 aff.
1123 3670 128 47 Sept.
1286 3669 83 47 26;
1408 3670 39 37 A
1482 3669 170 45 41930;
1692 3669 41 39 J.
1773 3668 188 46 Goebel,
1996 3669 76 46 jr.,

153 3727 115 38 New
294 3728 142 39 York.
507 3727 280 48 (31-25543)

86 3778 305 65 Goldberg,
419 3780 201 62 Israel,
650 3782 171 52 1887-

156 3856 231 54 Outline
417 3859 62 51 of
507 3858 213 54 Jewish
748 3858 360 68 knowledge;
1138 3857 171 68 being
1338 3876 30 32 a
1396 3856 221 69 history
1646 3857 63 53 of
1735 3856 97 51 the
1860 3856 215 54 Jewish

87 3936 197 66 people
313 3937 107 50 and
452 3954 69 33 an
552 3936 309 69 anthology
890 3936 64 53 of
980 3935 216 54 Jewish
1224 3935 295 52 literature
1550 3934 150 51 from
1730 3936 95 51 the
1851 3934 223 52 earliest
