2428 4370
1003 4042 132 47 1549

86 419 198 63 Davis,
314 420 172 61 Mary
517 416 203 55 Gould.

146 496 120 50 The
296 499 154 46 truce
482 493 63 52 of
575 493 93 51 the
699 492 139 52 wolf
870 491 110 54 and
1013 491 160 52 other
1202 491 141 53 tales
1372 489 64 53 of
1468 488 95 54 old
1592 488 173 68 Italy,
1795 487 74 70 by
1899 486 169 70 Mary

78 572 188 55 Gould
312 571 206 65 Davis;
567 569 322 55 illustrated
931 569 75 69 by
1051 567 114 71 Jay
1211 567 129 54 Van
1386 567 238 54 Everen.
1708 563 137 54 New
1892 562 177 69 York,

75 650 305 65 Harcourt,
408 648 179 52 Brace
617 646 111 54 and
758 665 274 51 company
1068 648 194 67 [ᶜ1931]

146 723 1541 53 5 p. l., 3-125, [1] p. incl. illus. (music) plates, front. 24 ᶜᵐ.
147 786 101 39 The
270 784 107 41 first
400 786 133 45 story
558 784 50 39 in
630 783 100 41 this
753 783 121 40 book
897 783 42 39 is
964 782 155 40 retold
1143 782 127 39 from
1297 782 82 39 the
1405 780 264 41 “Fioretti”
1696 781 50 40 of
1774 782 67 39 St.
1869 778 202 43 Francis

77 842 53 41 of
160 841 169 41 Assisi.
393 839 324 42 “Calandrino
750 840 93 39 and
876 839 82 40 the
991 837 108 50 pig”
1136 838 41 40 is
1207 836 127 41 from
1371 838 81 39 the
1485 836 355 40 “Decameron"
1874 837 50 40 of
77 838 1976 101 Boccaccio.

306 898 102 39 The
437 898 97 39 last
565 896 136 39 three
731 893 174 42 stories
938 904 83 30 are
1051 893 211 47 adapted
1292 893 127 40 from
1454 893 244 47 “Legends
1730 894 51 39 of
1812 892 257 40 Florence”

76 956 60 47 by
162 955 49 41 C.
239 954 53 41 G.
318 954 197 40 Leland.

83 1025 50 51 ©
164 1028 126 47 Sept.
318 1028 68 45 17,
415 1026 139 45 1931;
584 1025 67 41 2c.
680 1025 95 38 and
801 1023 80 40 aff.
915 1022 126 47 Sept.
1070 1022 81 46 24;
1182 1022 40 38 A
1249 1019 170 46 41791;
1451 1022 260 46 Harcourt,
1743 1022 152 39 Brace
1925 1021 35 40 &
1989 1031 81 35 co.,

148 1084 90 40 inc.
308 1082 279 48 (31-28014)

81 1179 233 61 Dewey,
348 1176 174 63 John,
561 1180 169 49 1859-

146 1252 355 68 Philosophy
540 1251 112 52 and
692 1249 369 68 civilization,
1098 1249 76 69 by
1212 1248 156 54 John
1408 1249 228 69 Dewey.
1712 1248 137 53 New
1893 1248 179 68 York,

77 1331 242 66 Minton,
348 1329 180 52 Balch
555 1330 46 50 &
628 1344 297 53 company,
956 1328 152 51 1931.

146 1409 379 48 vii, 334 p. 24½ ᶜᵐ.
83 1475 50 51 ©
164 1479 126 47 Sept.
315 1478 69 47 25,
412 1476 113 41 1931;
581 1476 67 41 2c.
674 1478 96 38 and
795 1475 82 41 aff.
905 1475 101 41 Oct.
1035 1475 27 40 6;
1115 1476 41 38 A
1181 1474 149 41 43089;
1384 1475 43 41 J.
1456 1475 192 47 Dewey,
1675 1475 117 39 New
1819 1475 144 40 York.

157 1534 278 48 (31-28147)

79 1627 285 64 Ditmars,
394 1628 308 62 Raymond
733 1628 132 63 Lee,
898 1629 169 54 1876-

145 1703 243 69 Strange
428 1703 240 55 animals
708 1704 30 51 I
775 1703 142 53 have
955 1703 206 53 known
1222 1703 94 69 [by]
1360 1703 102 53 Dr.
1500 1702 300 71 Raymond
1840 1703 64 53 L.
73 1702 1974 148 Ditmars,

266 1787 243 62 curator,
538 1782 135 52 New
704 1781 160 52 York
890 1780 308 70 zoological
1226 1781 162 69 park.
1450 1781 138 53 New
1619 1781 177 69 York,
1825 1782 246 70 Brewer,

73 1859 239 54 Warren
342 1861 46 50 &
419 1859 265 69 Putnam,
715 1858 105 55 inc.
860 1862 193 66 [ᶜ1931]

145 1939 948 49 6 p. l., 9-375 p. front., plates. 21 ᶜᵐ.
144 1997 287 40 Illustrated
468 1995 363 48 lining-papers.

144 2051 288 42 “Erratum”
469 2052 95 48 slip
597 2053 229 38 mounted
859 2063 59 29 on
952 2052 86 40 4th
1071 2052 187 48 prelim,
1292 2052 114 42 leaf.

82 2123 50 51 ©
159 2127 118 47 Aug.
305 2125 68 48 28,
402 2123 112 41 1931;
571 2124 67 39 2c.
668 2124 127 47 Sept.
822 2124 28 40 8;
906 2123 80 41 aff.
1019 2124 126 48 Sept.
1173 2125 27 37 4;
1257 2124 41 38 A
1324 2124 144 40 41485;
1527 2125 55 41 R.
1612 2125 49 40 L.
1692 2125 234 49 Ditmars,
1955 2127 117 39 New

150 2183 143 39 York.
364 2180 279 49 (31-28016)

79 2275 349 65 Duvernois,
457 2276 204 63 Henri,
692 2276 170 54 1875-

206 2351 1274 69 … Jeanne. [Paris] E. Flammarion [1931]
144 2433 1014 49 282 p., 2 l. 18½ ᶜᵐ. (His Contes, II)
422 2511 60 5 CONTENTS.—
499 2490 260 40 Jeanne.—
776 2489 290 48 L’eunuque.
1082 2513 60 5 —
1160 2490 173 42 Gisèle.
1349 2514 60 6 —
1424 2492 135 40 Aller
1598 2495 48 38 et
1686 2495 179 39 retour.
1881 2517 59 5 —
77 2495 1978 93 Moineau.—Morte
459 2547 46 39 la
534 2546 122 42 bête.

81 2615 1988 51 © June 11, 1931; 1c. June 18; A— Foreign 12403; Ernest Flammarion.
158 2675 277 48 (31-25817)

82 2769 208 63 Eaton,
319 2769 295 53 Jeanette.

142 2845 217 54 Jeanne
400 2844 190 69 d’Arc,
632 2844 93 54 the
766 2845 235 53 warrior
1043 2844 167 71 saint,
1251 2845 74 71 by
1366 2846 259 54 Jeanette
1666 2846 218 67 Eaton;
1930 2845 136 54 with

77 2923 287 69 drawings
390 2923 76 70 by
493 2924 199 53 Harve
721 2922 178 57 Stein.
963 2924 139 53 New
1132 2923 165 54 York
1324 2924 114 53 and
1467 2924 260 69 London,
1756 2924 233 69 Harper
2019 2927 50 51 &

76 3000 270 68 brothers,
378 3004 149 51 1931.

145 3079 835 51 5 p. l., 102 p. front., illus. 17½ ᶜᵐ.
146 3137 162 41 “First
339 3137 226 41 edition.”

84 3206 50 51 ©
160 3211 119 48 Aug.
303 3210 69 44 25.
399 3210 111 41 1931;
568 3211 67 42 2c.
662 3212 118 47 Aug.
806 3211 55 40 26;
918 3211 82 41 aff.
1027 3215 119 43 Aug.
1173 3211 56 41 27;
1285 3212 40 39 A
1351 3211 148 40 42010;
1553 3213 194 48 Harper
1774 3213 37 40 &
1837 3214 125 40 bros.

159 3267 278 49 (31-28052)

82 3360 300 65 Foxcroft,
414 3361 292 65 Joscelyn.

151 3439 213 68 Folly’s
401 3441 225 53 coombe
669 3441 91 68 [by]
819 3441 267 70 Joscelyn
1124 3442 293 52 Foxcroft.
1495 3443 256 68 London,
81 3442 1968 127 Hutchinson
209 3519 45 50 &
283 3536 97 50 co.,
409 3518 102 53 ltd.
549 3522 171 63 [1931]

147 3595 86 40 320
265 3607 43 37 p.
366 3596 57 41 19
425 3599 43 22 ᶜᵐ

84 3648 1967 109 © 1c. Sept. 25, 1931; A ad int. 15507; pubd. Aug. 14; J. Foxcroft, London. (31-29021)
84 3800 143 65 Gag,
258 3804 243 63 Wanda,
535 3811 169 49 1893-

151 3876 224 71 Snippy
409 3880 112 52 and
554 3880 256 70 Snappy,
839 3883 76 67 by
944 3883 227 53 Wanda
1204 3882 146 69 Gàg.
1417 3883 138 52 New
1589 3882 180 58 York,
1804 3883 264 54 Coward-

79 3952 276 70 McCann,
382 3956 126 69 inc.,
539 3961 150 50 1931.
