<alto xmlns="http://www.loc.gov/standards/alto/ns-v3#" xmlns:xlink="http://www.w3.org/1999/xlink" xmlns:xsi="http://www.w3.org/2001/XMLSchema-instance" xsi:schemaLocation="http://www.loc.gov/standards/alto/ns-v3# http://www.loc.gov/alto/v3/alto-3-0.xsd"><Description>
<MeasurementUnit>pixel</MeasurementUnit>
<sourceImageInformation>
<fileName>1931_v28_Part001.pdf</fileName>
</sourceImageInformation>
<OCRProcessing ID="IdOcr">
<ocrProcessingStep>
<processingDateTime>2019-04-22</processingDateTime>
<processingSoftware>
<softwareCreator>ABBYY</softwareCreator>
<softwareName>ABBYY Recognition Server</softwareName>
<softwareVersion>4.0</softwareVersion>
</processingSoftware>
</ocrProcessingStep>
</OCRProcessing>
</Description>
<Styles>
<ParagraphStyle ID="StyleId-FFFFFFFF-FFFF-FFFF-FFFF-FFFFFFFFFFFF-" ALIGN="Left" LEFT="0." RIGHT="0." FIRSTLINE="0."/>
<ParagraphStyle ID="StyleId-204B5AEB-67A1-44E2-A013-34B3A0F3E0EA-" ALIGN="Right" LEFT="0." RIGHT="0." FIRSTLINE="0." LINESPACE="8.300000191"/>
<ParagraphStyle ID="StyleId-03245871-796C-4429-B3C7-F9019C8C5B89-" ALIGN="Left" LEFT="0." RIGHT="0." FIRSTLINE="0." LINESPACE="12.19999981"/>
<ParagraphStyle ID="StyleId-BDCA8811-25FF-44DB-8D6F-2072A4ABC070-" ALIGN="Center" LEFT="0." RIGHT="0." FIRSTLINE="0." LINESPACE="12.19999981"/>
<ParagraphStyle ID="StyleId-2C5B7DF0-AF87-455E-B9A8-6FE387CB59BD-" ALIGN="Left" LEFT="0." RIGHT="0." FIRSTLINE="-13." LINESPACE="8.479999542"/>
<ParagraphStyle ID="StyleId-9FB72FA1-55D5-4161-8333-823D5732F4D0-" ALIGN="Block" LEFT="0." RIGHT="0." FIRSTLINE="-14." LINESPACE="10."/>
<ParagraphStyle ID="StyleId-212AEB8C-A829-4BF1-8E45-5BFE386A469C-" ALIGN="Block" LEFT="0." RIGHT="0." FIRSTLINE="-14." LINESPACE="11.35000038"/>
<ParagraphStyle ID="StyleId-4EC79CC1-EA62-49CE-ABB6-D84DDFCF4C7D-" ALIGN="Block" LEFT="0." RIGHT="0." FIRSTLINE="-10." LINESPACE="12.19999981"/>
<ParagraphStyle ID="StyleId-DAF2E8EE-6444-4951-9284-36A6C020C887-" ALIGN="Left" LEFT="0." RIGHT="0." FIRSTLINE="0." LINESPACE="9.399999619"/>
<ParagraphStyle ID="StyleId-25241749-1672-4977-B19F-38F59800D6D8-" ALIGN="Left" LEFT="0." RIGHT="0." FIRSTLINE="0." LINESPACE="11.10000038"/>
<ParagraphStyle ID="StyleId-8C523E19-EDEF-4F23-B010-536E1A1AAE1A-" ALIGN="Left" LEFT="0." RIGHT="0." FIRSTLINE="-13." LINESPACE="12.19999981"/>
<ParagraphStyle ID="StyleId-A1F9DE9E-2625-4D8B-AD7E-F0A0034C2989-" ALIGN="Block" LEFT="0." RIGHT="0." FIRSTLINE="0." LINESPACE="12.19999981"/>
<ParagraphStyle ID="StyleId-5725BB01-2B1C-440F-BAF2-696C4F4DF162-" ALIGN="Block" LEFT="0." RIGHT="0." FIRSTLINE="13." LINESPACE="12.19999981"/>
<ParagraphStyle ID="StyleId-F10A2092-61AA-44FD-99C2-123B3A8051CF-" ALIGN="Left" LEFT="0." RIGHT="0." FIRSTLINE="0." LINESPACE="5.5"/>
<ParagraphStyle ID="StyleId-B3CDC8CC-D2E1-4A23-B67C-CDD40993D1DD-" ALIGN="Left" LEFT="0." RIGHT="0." FIRSTLINE="0." LINESPACE="10."/>
<ParagraphStyle ID="StyleId-871EBF53-D909-4C8F-B368-AC7D897344DD-" ALIGN="Left" LEFT="0." RIGHT="0." FIRSTLINE="0."/>
<ParagraphStyle ID="StyleId-C4129744-680B-4878-B2C4-44BA3742C8D7-" ALIGN="Block" LEFT="0." RIGHT="0." FIRSTLINE="-14." LINESPACE="11.35000038"/>
<ParagraphStyle ID="StyleId-9CE98075-0B04-43D4-88D8-CE3BAB51B419-" ALIGN="Block" LEFT="0." RIGHT="0." FIRSTLINE="-10." LINESPACE="12.19999981"/>
<ParagraphStyle ID="StyleId-B2CFB7B3-DFFA-4E0E-94D6-C2BCE88DA9A9-" ALIGN="Left" LEFT="0." RIGHT="0." FIRSTLINE="0." LINESPACE="12.5"/>
<ParagraphStyle ID="StyleId-8D3352F3-1084-4DDE-A35D-B97102CCE686-" ALIGN="Left" LEFT="0." RIGHT="0." FIRSTLINE="0." LINESPACE="11.60000038"/>
<ParagraphStyle ID="StyleId-4A8DDA0D-166D-4E22-A597-BA51B892602D-" ALIGN="Block" LEFT="0." RIGHT="0." FIRSTLINE="0." LINESPACE="11.21000004"/>
<ParagraphStyle ID="StyleId-90EA4001-AA3C-45A1-AEDC-D1E1169EE5E5-" ALIGN="Block" LEFT="0." RIGHT="0." FIRSTLINE="13." LINESPACE="12.19999981"/>
</Styles>
<Layout>
<Page ID="Page824" PHYSICAL_IMG_NR="824" HEIGHT="4370" WIDTH="2505">
<TopMargin HEIGHT="362" WIDTH="2505" VPOS="0" HPOS="0">
</TopMargin>
<LeftMargin HEIGHT="3654" WIDTH="288" VPOS="362" HPOS="0">
</LeftMargin>
<RightMargin HEIGHT="3654" WIDTH="169" VPOS="362" HPOS="2336">
</RightMargin>
<BottomMargin HEIGHT="354" WIDTH="2505" VPOS="4016" HPOS="0">
<TextBlock ID="Page824_Block1" HEIGHT="72" WIDTH="122" VPOS="4024" HPOS="1248" LANG="en-US" STYLEREFS="StyleId-947607E8-7F45-4176-8B40-056D40B2CA28-">
<TextLine HEIGHT="51" WIDTH="102" VPOS="4035" HPOS="1259">
<String CONTENT="824" HEIGHT="51" WIDTH="102" VPOS="4035" HPOS="1259"/>
</TextLine>
</TextBlock>
</BottomMargin>
<PrintSpace HEIGHT="3654" WIDTH="2048" VPOS="362" HPOS="288">
<TextBlock ID="Page824_Block2" HEIGHT="3654" WIDTH="2048" VPOS="362" HPOS="288" LANG="en-US" CS="1" STYLEREFS="StyleId-E809A28B-639C-4514-A758-B20504FC4030-">
<TextLine HEIGHT="50" WIDTH="921" VPOS="456" HPOS="373" CS="1">
<String LANG="de" CS="1" CONTENT="&#8220;Literaturnachweis&#8221;:" HEIGHT="42" WIDTH="560" VPOS="456" HPOS="373"/>
<SP HEIGHT="37" WIDTH="31" VPOS="469" HPOS="963"/>
<String LANG="en-US" CONTENT="p." HEIGHT="37" WIDTH="44" VPOS="469" HPOS="995"/>
<SP HEIGHT="41" WIDTH="33" VPOS="457" HPOS="1040"/>
<String LANG="en-US" CONTENT="270-271." HEIGHT="42" WIDTH="220" VPOS="457" HPOS="1074"/>
</TextLine>
<TextLine HEIGHT="111" WIDTH="1999" VPOS="522" HPOS="309" CS="1">
<String CONTENT="&#169;" HEIGHT="53" WIDTH="51" VPOS="522" HPOS="309"/>
<SP HEIGHT="53" WIDTH="29" VPOS="522" HPOS="361"/>
<String CONTENT="Nov." HEIGHT="39" WIDTH="120" VPOS="527" HPOS="391"/>
<SP HEIGHT="38" WIDTH="30" VPOS="528" HPOS="512"/>
<String CONTENT="17," HEIGHT="49" WIDTH="68" VPOS="526" HPOS="543"/>
<SP HEIGHT="47" WIDTH="30" VPOS="528" HPOS="612"/>
<String CONTENT="1930;" HEIGHT="50" WIDTH="142" VPOS="525" HPOS="643"/>
<SP/>
<String CS="1" CONTENT="1c."/>
<SP HEIGHT="41" WIDTH="30" VPOS="527" HPOS="887"/>
<String CONTENT="Jan." HEIGHT="41" WIDTH="110" VPOS="527" HPOS="918"/>
<SP HEIGHT="41" WIDTH="28" VPOS="527" HPOS="1029"/>
<String CONTENT="27." HEIGHT="42" WIDTH="69" VPOS="527" HPOS="1058"/>
<SP HEIGHT="39" WIDTH="30" VPOS="530" HPOS="1128"/>
<String CONTENT="1931;" HEIGHT="50" WIDTH="144" VPOS="527" HPOS="1159"/>
<SP HEIGHT="48" WIDTH="32" VPOS="529" HPOS="1304"/>
<!-- cceid E946E145-6E8D-1014-9CF5-AEB3FCA41D69 --><String CONTENT="A&#8212;Foreign" HEIGHT="50" WIDTH="313" VPOS="528" HPOS="1337"/>
<SP HEIGHT="43" WIDTH="30" VPOS="528" HPOS="1651"/>
<String CONTENT="11348;" HEIGHT="50" WIDTH="172" VPOS="528" HPOS="1682"/>
<SP HEIGHT="49" WIDTH="33" VPOS="529" HPOS="1855"/>
<String CONTENT="H." HEIGHT="43" WIDTH="62" VPOS="529" HPOS="1889"/>
<SP HEIGHT="42" WIDTH="31" VPOS="530" HPOS="1952"/>
<String CONTENT="Haessel" HEIGHT="41" WIDTH="208" VPOS="530" HPOS="1984"/>
<SP HEIGHT="39" WIDTH="29" VPOS="532" HPOS="2193"/>
<String LANG="de" CONTENT="Verlag." HEIGHT="94" WIDTH="1932" VPOS="539" HPOS="376"/>
</TextLine>
<TextLine HEIGHT="49" WIDTH="282" VPOS="584" HPOS="542">
<String CONTENT="(31-13994)" HEIGHT="49" WIDTH="282" VPOS="584" HPOS="542"/>
</TextLine>
<TextLine HEIGHT="67" WIDTH="849" VPOS="693" HPOS="302" STYLEREFS="StyleId-9F4418E0-4DE4-4B16-85C8-54A07880934F-">
<String CONTENT="Kligerman," HEIGHT="67" WIDTH="370" VPOS="693" HPOS="302"/>
<SP HEIGHT="66" WIDTH="27" VPOS="694" HPOS="673"/>
<String CONTENT="Aaron" HEIGHT="53" WIDTH="204" VPOS="694" HPOS="701"/>
<SP HEIGHT="54" WIDTH="26" VPOS="695" HPOS="906"/>
<String CONTENT="Judah." HEIGHT="57" WIDTH="218" VPOS="694" HPOS="933"/>
</TextLine>
<TextLine HEIGHT="72" WIDTH="1952" VPOS="771" HPOS="371" STYLEREFS="StyleId-4352A2F9-159C-45D4-8D18-07854C4B1B9B-">
<String CONTENT="Feasts" HEIGHT="53" WIDTH="201" VPOS="771" HPOS="371"/>
<SP HEIGHT="35" WIDTH="31" VPOS="789" HPOS="573"/>
<String CONTENT="and" HEIGHT="53" WIDTH="115" VPOS="772" HPOS="605"/>
<SP HEIGHT="54" WIDTH="34" VPOS="771" HPOS="721"/>
<String CONTENT="fasts" HEIGHT="54" WIDTH="145" VPOS="771" HPOS="756"/>
<SP HEIGHT="35" WIDTH="33" VPOS="790" HPOS="902"/>
<String CONTENT="of" HEIGHT="53" WIDTH="65" VPOS="772" HPOS="936"/>
<SP HEIGHT="53" WIDTH="29" VPOS="772" HPOS="1002"/>
<String CONTENT="Israel;" HEIGHT="69" WIDTH="213" VPOS="772" HPOS="1032"/>
<SP HEIGHT="49" WIDTH="38" VPOS="792" HPOS="1246"/>
<String CONTENT="an" HEIGHT="34" WIDTH="72" VPOS="793" HPOS="1285"/>
<SP HEIGHT="34" WIDTH="35" VPOS="792" HPOS="1358"/>
<String CONTENT="account" HEIGHT="48" WIDTH="238" VPOS="779" HPOS="1394"/>
<SP HEIGHT="48" WIDTH="32" VPOS="779" HPOS="1633"/>
<String CONTENT="of" HEIGHT="53" WIDTH="65" VPOS="774" HPOS="1666"/>
<SP HEIGHT="52" WIDTH="33" VPOS="774" HPOS="1732"/>
<String CONTENT="religious" HEIGHT="70" WIDTH="274" VPOS="773" HPOS="1766"/>
<SP HEIGHT="36" WIDTH="33" VPOS="792" HPOS="2041"/>
<String CONTENT="customs" HEIGHT="48" WIDTH="248" VPOS="779" HPOS="2075"/>
</TextLine>
<TextLine HEIGHT="73" WIDTH="2022" VPOS="848" HPOS="300" STYLEREFS="StyleId-4352A2F9-159C-45D4-8D18-07854C4B1B9B-">
<String CONTENT="in" HEIGHT="52" WIDTH="60" VPOS="848" HPOS="300"/>
<SP HEIGHT="53" WIDTH="33" VPOS="849" HPOS="361"/>
<String CONTENT="Jewish" HEIGHT="53" WIDTH="220" VPOS="849" HPOS="395"/>
<SP HEIGHT="52" WIDTH="33" VPOS="849" HPOS="616"/>
<String CONTENT="homes" HEIGHT="54" WIDTH="192" VPOS="849" HPOS="650"/>
<SP HEIGHT="34" WIDTH="36" VPOS="869" HPOS="843"/>
<String CONTENT="and" HEIGHT="52" WIDTH="115" VPOS="851" HPOS="880"/>
<SP HEIGHT="52" WIDTH="33" VPOS="851" HPOS="996"/>
<String CONTENT="synagogues" HEIGHT="52" WIDTH="359" VPOS="868" HPOS="1030"/>
<SP HEIGHT="34" WIDTH="35" VPOS="870" HPOS="1390"/>
<String CONTENT="of" HEIGHT="53" WIDTH="65" VPOS="851" HPOS="1426"/>
<SP HEIGHT="53" WIDTH="31" VPOS="851" HPOS="1492"/>
<String CONTENT="to-day," HEIGHT="69" WIDTH="219" VPOS="852" HPOS="1524"/>
<SP HEIGHT="68" WIDTH="32" VPOS="852" HPOS="1744"/>
<String CONTENT="by" HEIGHT="69" WIDTH="75" VPOS="852" HPOS="1777"/>
<SP HEIGHT="69" WIDTH="32" VPOS="852" HPOS="1853"/>
<String CONTENT="Aaron" HEIGHT="52" WIDTH="200" VPOS="852" HPOS="1886"/>
<SP HEIGHT="54" WIDTH="36" VPOS="852" HPOS="2087"/>
<String CONTENT="Judah" HEIGHT="55" WIDTH="198" VPOS="851" HPOS="2124"/>
</TextLine>
<TextLine HEIGHT="74" WIDTH="1961" VPOS="925" HPOS="300" STYLEREFS="StyleId-4352A2F9-159C-45D4-8D18-07854C4B1B9B-" CS="1">
<String CONTENT="Kligerman" HEIGHT="70" WIDTH="346" VPOS="925" HPOS="300"/>
<SP HEIGHT="33" WIDTH="38" VPOS="947" HPOS="647"/>
<String CS="1" CONTENT="&#8230;"/>
<SP HEIGHT="33" WIDTH="39" VPOS="946" HPOS="743"/>
<String CONTENT="with" HEIGHT="52" WIDTH="142" VPOS="928" HPOS="783"/>
<SP HEIGHT="52" WIDTH="32" VPOS="929" HPOS="926"/>
<String CONTENT="an" HEIGHT="34" WIDTH="73" VPOS="947" HPOS="959"/>
<SP HEIGHT="53" WIDTH="31" VPOS="928" HPOS="1033"/>
<String CONTENT="introduction" HEIGHT="54" WIDTH="396" VPOS="928" HPOS="1065"/>
<SP HEIGHT="52" WIDTH="33" VPOS="930" HPOS="1462"/>
<String CONTENT="by" HEIGHT="69" WIDTH="76" VPOS="930" HPOS="1496"/>
<SP HEIGHT="69" WIDTH="31" VPOS="930" HPOS="1573"/>
<String CONTENT="Walter" HEIGHT="53" WIDTH="224" VPOS="930" HPOS="1605"/>
<SP HEIGHT="53" WIDTH="34" VPOS="929" HPOS="1830"/>
<String CONTENT="Lee" HEIGHT="54" WIDTH="110" VPOS="929" HPOS="1865"/>
<SP HEIGHT="53" WIDTH="34" VPOS="930" HPOS="1976"/>
<String CONTENT="Lingle" HEIGHT="69" WIDTH="208" VPOS="930" HPOS="2011"/>
<SP HEIGHT="34" WIDTH="41" VPOS="949" HPOS="2220"/>
<String CS="1" CONTENT="&#8230;"/>
</TextLine>
<TextLine HEIGHT="72" WIDTH="1778" VPOS="1004" HPOS="301" STYLEREFS="StyleId-4352A2F9-159C-45D4-8D18-07854C4B1B9B-">
<String CONTENT="Baltimore," HEIGHT="68" WIDTH="339" VPOS="1004" HPOS="301"/>
<SP HEIGHT="66" WIDTH="31" VPOS="1006" HPOS="641"/>
<String CONTENT="Md.," HEIGHT="67" WIDTH="141" VPOS="1006" HPOS="673"/>
<SP HEIGHT="67" WIDTH="34" VPOS="1006" HPOS="815"/>
<String CONTENT="Emmanuel" HEIGHT="53" WIDTH="343" VPOS="1006" HPOS="850"/>
<SP HEIGHT="51" WIDTH="32" VPOS="1007" HPOS="1194"/>
<String CONTENT="neighborhood" HEIGHT="70" WIDTH="436" VPOS="1006" HPOS="1227"/>
<SP HEIGHT="53" WIDTH="34" VPOS="1008" HPOS="1664"/>
<String CONTENT="house," HEIGHT="68" WIDTH="192" VPOS="1008" HPOS="1699"/>
<SP HEIGHT="65" WIDTH="35" VPOS="1011" HPOS="1892"/>
<String CONTENT="1931." HEIGHT="51" WIDTH="151" VPOS="1010" HPOS="1928"/>
</TextLine>
<TextLine HEIGHT="51" WIDTH="638" VPOS="1084" HPOS="370" CS="1">
<String CONTENT="6" HEIGHT="42" WIDTH="27" VPOS="1084" HPOS="370"/>
<SP HEIGHT="50" WIDTH="27" VPOS="1084" HPOS="398"/>
<String CONTENT="p." HEIGHT="38" WIDTH="45" VPOS="1096" HPOS="426"/>
<SP/>
<String CS="1" CONTENT="l.," HEIGHT="17" WIDTH="8" VPOS="1118" HPOS="540"/>
<SP HEIGHT="50" WIDTH="32" VPOS="1085" HPOS="549"/>
<String CONTENT="15-94" HEIGHT="43" WIDTH="145" VPOS="1084" HPOS="582"/>
<SP HEIGHT="50" WIDTH="28" VPOS="1085" HPOS="728"/>
<String CONTENT="p." HEIGHT="39" WIDTH="43" VPOS="1096" HPOS="757"/>
<SP HEIGHT="41" WIDTH="60" VPOS="1086" HPOS="801"/>
<String CS="1" CONTENT="19&#189;" HEIGHT="42" WIDTH="56" VPOS="1086" HPOS="862"/>
<String STYLE="superscript" CS="1" CONTENT="&#7580;&#7504;"/>
<String CONTENT="." HEIGHT="8" WIDTH="9" VPOS="1120" HPOS="999"/>
</TextLine>
<TextLine HEIGHT="56" WIDTH="1831" VPOS="1153" HPOS="309" CS="1">
<String CONTENT="&#169;" HEIGHT="52" WIDTH="51" VPOS="1153" HPOS="309"/>
<SP HEIGHT="52" WIDTH="29" VPOS="1153" HPOS="361"/>
<String CONTENT="Apr." HEIGHT="48" WIDTH="117" VPOS="1157" HPOS="391"/>
<SP HEIGHT="40" WIDTH="29" VPOS="1158" HPOS="509"/>
<String CONTENT="3," HEIGHT="48" WIDTH="40" VPOS="1158" HPOS="539"/>
<SP HEIGHT="47" WIDTH="29" VPOS="1159" HPOS="580"/>
<String CONTENT="1931;" HEIGHT="49" WIDTH="143" VPOS="1156" HPOS="610"/>
<SP HEIGHT="47" WIDTH="31" VPOS="1158" HPOS="754"/>
<String CONTENT="2c." HEIGHT="41" WIDTH="67" VPOS="1158" HPOS="786"/>
<SP HEIGHT="31" WIDTH="30" VPOS="1168" HPOS="854"/>
<String CONTENT="and" HEIGHT="39" WIDTH="97" VPOS="1160" HPOS="885"/>
<SP/>
<String CS="1" CONTENT="aff."/>
<SP HEIGHT="41" WIDTH="31" VPOS="1160" HPOS="1098"/>
<String CONTENT="May" HEIGHT="48" WIDTH="114" VPOS="1160" HPOS="1130"/>
<SP HEIGHT="48" WIDTH="31" VPOS="1160" HPOS="1245"/>
<String CONTENT="20;" HEIGHT="48" WIDTH="82" VPOS="1159" HPOS="1277"/>
<SP HEIGHT="47" WIDTH="34" VPOS="1160" HPOS="1360"/>
<!-- cceid E9476B75-6E8D-1014-9CF5-AEB3FCA41D69 --><String CONTENT="A" HEIGHT="39" WIDTH="42" VPOS="1160" HPOS="1395"/>
<SP HEIGHT="41" WIDTH="28" VPOS="1160" HPOS="1438"/>
<String CONTENT="38297;" HEIGHT="49" WIDTH="172" VPOS="1159" HPOS="1467"/>
<SP HEIGHT="47" WIDTH="32" VPOS="1161" HPOS="1640"/>
<String CONTENT="A." HEIGHT="42" WIDTH="57" VPOS="1161" HPOS="1673"/>
<SP HEIGHT="42" WIDTH="29" VPOS="1161" HPOS="1731"/>
<String CONTENT="J." HEIGHT="42" WIDTH="45" VPOS="1161" HPOS="1761"/>
<SP HEIGHT="42" WIDTH="31" VPOS="1161" HPOS="1807"/>
<String CONTENT="Kligerman," HEIGHT="49" WIDTH="301" VPOS="1160" HPOS="1839"/>
</TextLine>
<TextLine HEIGHT="102" WIDTH="1934" VPOS="1161" HPOS="374" CS="1">
<String CONTENT="Baltimore." HEIGHT="94" WIDTH="1934" VPOS="1161" HPOS="374"/>
<SP HEIGHT="48" WIDTH="70" VPOS="1215" HPOS="523"/>
<String CONTENT="(31-14204)" HEIGHT="48" WIDTH="281" VPOS="1215" HPOS="594"/>
</TextLine>
<TextLine HEIGHT="67" WIDTH="976" VPOS="1323" HPOS="302" STYLEREFS="StyleId-4352A2F9-159C-45D4-8D18-07854C4B1B9B-">
<String LANG="fr" CONTENT="Krafft," HEIGHT="66" WIDTH="224" VPOS="1323" HPOS="302"/>
<SP HEIGHT="64" WIDTH="33" VPOS="1325" HPOS="527"/>
<String LANG="en-US" CONTENT="Carl" HEIGHT="54" WIDTH="136" VPOS="1325" HPOS="561"/>
<SP HEIGHT="52" WIDTH="30" VPOS="1325" HPOS="698"/>
<String LANG="en-US" CONTENT="Frederick," HEIGHT="66" WIDTH="339" VPOS="1324" HPOS="729"/>
<SP HEIGHT="58" WIDTH="33" VPOS="1332" HPOS="1069"/>
<String LANG="en-US" CONTENT="1892-" HEIGHT="51" WIDTH="175" VPOS="1331" HPOS="1103"/>
</TextLine>
<TextLine HEIGHT="75" WIDTH="1951" VPOS="1400" HPOS="371" STYLEREFS="StyleId-4352A2F9-159C-45D4-8D18-07854C4B1B9B-" CS="1">
<String CONTENT="Can" HEIGHT="55" WIDTH="124" VPOS="1400" HPOS="371"/>
<SP HEIGHT="35" WIDTH="26" VPOS="1420" HPOS="496"/>
<String CONTENT="science" HEIGHT="55" WIDTH="213" VPOS="1400" HPOS="523"/>
<SP HEIGHT="34" WIDTH="25" VPOS="1421" HPOS="737"/>
<String CONTENT="explain" HEIGHT="69" WIDTH="233" VPOS="1402" HPOS="763"/>
<SP HEIGHT="53" WIDTH="25" VPOS="1402" HPOS="997"/>
<String CONTENT="life?" HEIGHT="56" WIDTH="140" VPOS="1402" HPOS="1023"/>
<SP HEIGHT="54" WIDTH="65" VPOS="1404" HPOS="1164"/>
<String CONTENT="By" HEIGHT="71" WIDTH="93" VPOS="1404" HPOS="1230"/>
<SP HEIGHT="71" WIDTH="27" VPOS="1404" HPOS="1324"/>
<String CONTENT="Carl" HEIGHT="55" WIDTH="135" VPOS="1404" HPOS="1352"/>
<SP HEIGHT="52" WIDTH="30" VPOS="1405" HPOS="1488"/>
<String LANG="fr" CONTENT="F." HEIGHT="52" WIDTH="63" VPOS="1405" HPOS="1519"/>
<SP HEIGHT="52" WIDTH="28" VPOS="1405" HPOS="1583"/>
<String LANG="fr" CONTENT="Krafft" HEIGHT="56" WIDTH="201" VPOS="1403" HPOS="1612"/>
<SP HEIGHT="48" WIDTH="31" VPOS="1413" HPOS="1814"/>
<String CS="1" CONTENT="&#8230;"/>
<SP HEIGHT="35" WIDTH="75" VPOS="1440" HPOS="1903"/>
<String CONTENT="[Lancaster," HEIGHT="69" WIDTH="343" VPOS="1406" HPOS="1979"/>
</TextLine>
<TextLine HEIGHT="75" WIDTH="1554" VPOS="1478" HPOS="299" STYLEREFS="StyleId-4352A2F9-159C-45D4-8D18-07854C4B1B9B-" CS="1">
<String CONTENT="Pa.," HEIGHT="69" WIDTH="121" VPOS="1479" HPOS="299"/>
<SP HEIGHT="67" WIDTH="28" VPOS="1481" HPOS="421"/>
<String CONTENT="The" HEIGHT="55" WIDTH="122" VPOS="1480" HPOS="450"/>
<SP HEIGHT="57" WIDTH="30" VPOS="1478" HPOS="573"/>
<String CONTENT="Science" HEIGHT="57" WIDTH="230" VPOS="1478" HPOS="604"/>
<SP HEIGHT="50" WIDTH="28" VPOS="1499" HPOS="835"/>
<String CONTENT="press" HEIGHT="50" WIDTH="158" VPOS="1499" HPOS="864"/>
<SP HEIGHT="50" WIDTH="27" VPOS="1500" HPOS="1023"/>
<String CONTENT="printing" HEIGHT="71" WIDTH="267" VPOS="1480" HPOS="1051"/>
<SP HEIGHT="51" WIDTH="29" VPOS="1500" HPOS="1319"/>
<String CONTENT="company," HEIGHT="53" WIDTH="297" VPOS="1500" HPOS="1349"/>
<SP HEIGHT="63" WIDTH="29" VPOS="1490" HPOS="1647"/>
<String STYLE="superscript" CS="1" CONTENT="&#7580;193"/>
<String CONTENT="1]" HEIGHT="65" WIDTH="46" VPOS="1487" HPOS="1807"/>
</TextLine>
<TextLine HEIGHT="50" WIDTH="762" VPOS="1560" HPOS="372" CS="1">
<String CONTENT="94" HEIGHT="41" WIDTH="57" VPOS="1560" HPOS="372"/>
<SP HEIGHT="48" WIDTH="31" VPOS="1561" HPOS="430"/>
<String CONTENT="p." HEIGHT="38" WIDTH="43" VPOS="1571" HPOS="462"/>
<SP HEIGHT="40" WIDTH="59" VPOS="1561" HPOS="506"/>
<String CONTENT="illus.," HEIGHT="49" WIDTH="145" VPOS="1561" HPOS="566"/>
<SP HEIGHT="47" WIDTH="32" VPOS="1563" HPOS="712"/>
<String CONTENT="diagrs." HEIGHT="48" WIDTH="180" VPOS="1562" HPOS="745"/>
<SP HEIGHT="39" WIDTH="60" VPOS="1564" HPOS="926"/>
<String CS="1" CONTENT="18&#189;&#7580;&#7504;." HEIGHT="42" WIDTH="147" VPOS="1562" HPOS="987"/>
</TextLine>
<TextLine HEIGHT="53" WIDTH="1949" VPOS="1632" HPOS="373">
<String CONTENT="&#8220;A" HEIGHT="39" WIDTH="70" VPOS="1632" HPOS="373"/>
<SP HEIGHT="41" WIDTH="30" VPOS="1632" HPOS="444"/>
<String CONTENT="revision" HEIGHT="41" WIDTH="214" VPOS="1632" HPOS="475"/>
<SP HEIGHT="30" WIDTH="29" VPOS="1643" HPOS="690"/>
<String CONTENT="of" HEIGHT="41" WIDTH="52" VPOS="1632" HPOS="720"/>
<SP HEIGHT="41" WIDTH="26" VPOS="1632" HPOS="773"/>
<String CONTENT="the" HEIGHT="40" WIDTH="82" VPOS="1633" HPOS="800"/>
<SP HEIGHT="29" WIDTH="30" VPOS="1644" HPOS="883"/>
<String CONTENT="author&#8217;s" HEIGHT="41" WIDTH="220" VPOS="1633" HPOS="914"/>
<SP HEIGHT="29" WIDTH="30" VPOS="1645" HPOS="1135"/>
<String CONTENT="earlier" HEIGHT="41" WIDTH="180" VPOS="1633" HPOS="1166"/>
<SP HEIGHT="40" WIDTH="30" VPOS="1635" HPOS="1347"/>
<String CONTENT="book" HEIGHT="40" WIDTH="123" VPOS="1635" HPOS="1378"/>
<SP HEIGHT="39" WIDTH="29" VPOS="1635" HPOS="1502"/>
<String CONTENT="on" HEIGHT="28" WIDTH="59" VPOS="1646" HPOS="1532"/>
<SP HEIGHT="39" WIDTH="34" VPOS="1635" HPOS="1592"/>
<String CONTENT="&#8216;Spirazines&#8217;," HEIGHT="49" WIDTH="324" VPOS="1634" HPOS="1627"/>
<SP HEIGHT="39" WIDTH="30" VPOS="1646" HPOS="1952"/>
<String CONTENT="published" HEIGHT="50" WIDTH="258" VPOS="1635" HPOS="1983"/>
<SP HEIGHT="39" WIDTH="31" VPOS="1638" HPOS="2242"/>
<String CONTENT="in" HEIGHT="39" WIDTH="48" VPOS="1638" HPOS="2274"/>
</TextLine>
<TextLine HEIGHT="43" WIDTH="827" VPOS="1690" HPOS="301">
<String CONTENT="the" HEIGHT="41" WIDTH="82" VPOS="1690" HPOS="301"/>
<SP HEIGHT="41" WIDTH="30" VPOS="1690" HPOS="384"/>
<String CONTENT="fall" HEIGHT="41" WIDTH="93" VPOS="1690" HPOS="415"/>
<SP HEIGHT="40" WIDTH="34" VPOS="1691" HPOS="509"/>
<String CONTENT="of" HEIGHT="41" WIDTH="51" VPOS="1690" HPOS="544"/>
<SP HEIGHT="40" WIDTH="31" VPOS="1690" HPOS="596"/>
<String CONTENT="1930.&#8221;&#8212;Foreword." HEIGHT="43" WIDTH="500" VPOS="1690" HPOS="628"/>
</TextLine>
<TextLine HEIGHT="53" WIDTH="2015" VPOS="1762" HPOS="309" CS="1">
<String CONTENT="&#169;" HEIGHT="52" WIDTH="51" VPOS="1762" HPOS="309"/>
<SP HEIGHT="52" WIDTH="25" VPOS="1762" HPOS="361"/>
<String CONTENT="May" HEIGHT="48" WIDTH="115" VPOS="1766" HPOS="387"/>
<SP HEIGHT="47" WIDTH="23" VPOS="1767" HPOS="503"/>
<String CONTENT="18." HEIGHT="41" WIDTH="69" VPOS="1766" HPOS="527"/>
<SP HEIGHT="40" WIDTH="23" VPOS="1767" HPOS="597"/>
<String CS="1" CONTENT="1931;" HEIGHT="41" WIDTH="114" VPOS="1765" HPOS="621"/>
<SP HEIGHT="47" WIDTH="25" VPOS="1766" HPOS="764"/>
<String CONTENT="2c." HEIGHT="40" WIDTH="68" VPOS="1766" HPOS="790"/>
<SP HEIGHT="30" WIDTH="24" VPOS="1776" HPOS="859"/>
<String CONTENT="and" HEIGHT="39" WIDTH="95" VPOS="1767" HPOS="884"/>
<SP/>
<String CS="1" CONTENT="aff."/>
<SP HEIGHT="39" WIDTH="25" VPOS="1767" HPOS="1088"/>
<String CONTENT="May" HEIGHT="48" WIDTH="114" VPOS="1767" HPOS="1114"/>
<SP HEIGHT="50" WIDTH="24" VPOS="1765" HPOS="1229"/>
<String CS="1" CONTENT="22;" HEIGHT="40" WIDTH="56" VPOS="1765" HPOS="1254"/>
<SP HEIGHT="47" WIDTH="25" VPOS="1766" HPOS="1339"/>
<!-- cceid E947F3D8-6E8D-1014-9CF5-AEB3FCA41D69 --><String CONTENT="A" HEIGHT="39" WIDTH="43" VPOS="1766" HPOS="1365"/>
<SP HEIGHT="40" WIDTH="22" VPOS="1766" HPOS="1409"/>
<String CS="1" CONTENT="38306;" HEIGHT="42" WIDTH="144" VPOS="1765" HPOS="1432"/>
<SP HEIGHT="48" WIDTH="29" VPOS="1765" HPOS="1605"/>
<String CONTENT="C." HEIGHT="42" WIDTH="49" VPOS="1765" HPOS="1635"/>
<SP HEIGHT="40" WIDTH="25" VPOS="1766" HPOS="1685"/>
<String CONTENT="F." HEIGHT="41" WIDTH="53" VPOS="1766" HPOS="1711"/>
<SP HEIGHT="40" WIDTH="25" VPOS="1767" HPOS="1765"/>
<String CONTENT="Kraft," HEIGHT="49" WIDTH="166" VPOS="1766" HPOS="1791"/>
<SP HEIGHT="48" WIDTH="28" VPOS="1767" HPOS="1958"/>
<String CONTENT="Washington." HEIGHT="48" WIDTH="337" VPOS="1765" HPOS="1987"/>
</TextLine>
<TextLine HEIGHT="50" WIDTH="284" VPOS="1823" HPOS="387">
<String CONTENT="(31-14170)" HEIGHT="50" WIDTH="284" VPOS="1823" HPOS="387"/>
</TextLine>
<TextLine HEIGHT="71" WIDTH="1656" VPOS="1932" HPOS="303" STYLEREFS="StyleId-9F4418E0-4DE4-4B16-85C8-54A07880934F-">
<String LANG="de" CONTENT="Lancken-" HEIGHT="53" WIDTH="304" VPOS="1933" HPOS="303"/>
<SP HEIGHT="53" WIDTH="6" VPOS="1934" HPOS="608"/>
<String LANG="de" CONTENT="Wakenitz," HEIGHT="66" WIDTH="327" VPOS="1932" HPOS="615"/>
<SP HEIGHT="65" WIDTH="30" VPOS="1933" HPOS="943"/>
<String LANG="en-US" CONTENT="Oscar," HEIGHT="65" WIDTH="204" VPOS="1933" HPOS="974"/>
<SP HEIGHT="67" WIDTH="27" VPOS="1936" HPOS="1179"/>
<String LANG="en-US" CONTENT="freiherr" HEIGHT="68" WIDTH="255" VPOS="1935" HPOS="1207"/>
<SP HEIGHT="39" WIDTH="25" VPOS="1949" HPOS="1463"/>
<String LANG="de" CONTENT="von" HEIGHT="37" WIDTH="116" VPOS="1949" HPOS="1489"/>
<SP HEIGHT="53" WIDTH="27" VPOS="1933" HPOS="1606"/>
<String LANG="de" CONTENT="der," HEIGHT="63" WIDTH="122" VPOS="1933" HPOS="1634"/>
<SP HEIGHT="57" WIDTH="28" VPOS="1939" HPOS="1757"/>
<String LANG="en-US" CONTENT="1867-" HEIGHT="55" WIDTH="173" VPOS="1934" HPOS="1786"/>
</TextLine>
<TextLine HEIGHT="145" WIDTH="2026" VPOS="2010" HPOS="301" STYLEREFS="StyleId-4352A2F9-159C-45D4-8D18-07854C4B1B9B-" CS="1">
<String LANG="en-US" CS="1" CONTENT="&#8230;"/>
<SP HEIGHT="52" WIDTH="34" VPOS="2010" HPOS="433"/>
<String LANG="de" CONTENT="Meine" HEIGHT="53" WIDTH="192" VPOS="2010" HPOS="468"/>
<SP HEIGHT="52" WIDTH="28" VPOS="2011" HPOS="661"/>
<String LANG="en-US" CONTENT="dreissig" HEIGHT="69" WIDTH="243" VPOS="2010" HPOS="690"/>
<SP HEIGHT="68" WIDTH="29" VPOS="2011" HPOS="934"/>
<String LANG="en-US" CONTENT="dienstjahre," HEIGHT="69" WIDTH="374" VPOS="2010" HPOS="964"/>
<SP HEIGHT="63" WIDTH="32" VPOS="2015" HPOS="1339"/>
<String LANG="en-US" CONTENT="1888-1918," HEIGHT="65" WIDTH="330" VPOS="2013" HPOS="1372"/>
<SP HEIGHT="67" WIDTH="29" VPOS="2011" HPOS="1703"/>
<String LANG="en-US" CONTENT="Postdam&#8212;Paris&#8212;" HEIGHT="53" WIDTH="594" VPOS="2010" HPOS="1733"/>
<String LANG="de" CONTENT="Br&#252;ssel;" HEIGHT="67" WIDTH="262" VPOS="2088" HPOS="301"/>
</TextLine>
<TextLine HEIGHT="71" WIDTH="1723" VPOS="2087" HPOS="602" STYLEREFS="StyleId-4352A2F9-159C-45D4-8D18-07854C4B1B9B-" LANG="de">
<String CONTENT="mit" HEIGHT="52" WIDTH="109" VPOS="2089" HPOS="602"/>
<SP HEIGHT="53" WIDTH="30" VPOS="2088" HPOS="712"/>
<String CONTENT="bildtafeln" HEIGHT="54" WIDTH="313" VPOS="2087" HPOS="743"/>
<SP HEIGHT="33" WIDTH="34" VPOS="2107" HPOS="1057"/>
<String CONTENT="und" HEIGHT="52" WIDTH="118" VPOS="2089" HPOS="1092"/>
<SP HEIGHT="52" WIDTH="35" VPOS="2089" HPOS="1211"/>
<String CONTENT="einem" HEIGHT="52" WIDTH="183" VPOS="2089" HPOS="1247"/>
<SP HEIGHT="52" WIDTH="36" VPOS="2088" HPOS="1431"/>
<String CONTENT="faksimile." HEIGHT="54" WIDTH="308" VPOS="2088" HPOS="1468"/>
<SP HEIGHT="51" WIDTH="75" VPOS="2090" HPOS="1777"/>
<String CONTENT="Berlin," HEIGHT="68" WIDTH="219" VPOS="2089" HPOS="1853"/>
<SP HEIGHT="67" WIDTH="35" VPOS="2090" HPOS="2073"/>
<String CONTENT="Verlag" HEIGHT="69" WIDTH="216" VPOS="2089" HPOS="2109"/>
</TextLine>
<TextLine HEIGHT="69" WIDTH="746" VPOS="2166" HPOS="302" STYLEREFS="StyleId-4352A2F9-159C-45D4-8D18-07854C4B1B9B-" LANG="de">
<String CONTENT="f&#252;r" HEIGHT="53" WIDTH="98" VPOS="2166" HPOS="302"/>
<SP HEIGHT="52" WIDTH="27" VPOS="2166" HPOS="401"/>
<String CONTENT="kulturpolitik," HEIGHT="69" WIDTH="433" VPOS="2166" HPOS="429"/>
<SP HEIGHT="65" WIDTH="31" VPOS="2170" HPOS="863"/>
<String CONTENT="1931." HEIGHT="50" WIDTH="153" VPOS="2170" HPOS="895"/>
</TextLine>
<TextLine HEIGHT="49" WIDTH="977" VPOS="2249" HPOS="372" CS="1">
<String LANG="de" CONTENT="326" HEIGHT="41" WIDTH="89" VPOS="2249" HPOS="372"/>
<SP HEIGHT="49" WIDTH="25" VPOS="2249" HPOS="462"/>
<String LANG="de" CONTENT="p." HEIGHT="37" WIDTH="43" VPOS="2261" HPOS="488"/>
<SP HEIGHT="41" WIDTH="58" VPOS="2249" HPOS="532"/>
<String LANG="en-US" CONTENT="front.," HEIGHT="48" WIDTH="166" VPOS="2249" HPOS="591"/>
<SP HEIGHT="37" WIDTH="27" VPOS="2260" HPOS="758"/>
<String LANG="en-US" CONTENT="ports.," HEIGHT="47" WIDTH="164" VPOS="2250" HPOS="786"/>
<SP HEIGHT="47" WIDTH="26" VPOS="2250" HPOS="951"/>
<String LANG="de" CONTENT="facsim." HEIGHT="40" WIDTH="192" VPOS="2250" HPOS="978"/>
<SP HEIGHT="39" WIDTH="58" VPOS="2251" HPOS="1171"/>
<String LANG="de" CONTENT="23" HEIGHT="40" WIDTH="57" VPOS="2251" HPOS="1230"/>
<String STYLE="superscript" LANG="de" CS="1" CONTENT="&#7580;&#7504;"/>
<String LANG="de" CONTENT="." HEIGHT="8" WIDTH="8" VPOS="2282" HPOS="1341"/>
</TextLine>
<TextLine HEIGHT="53" WIDTH="1787" VPOS="2318" HPOS="309" LANG="de" CS="1">
<String CONTENT="&#169;" HEIGHT="51" WIDTH="51" VPOS="2318" HPOS="309"/>
<SP HEIGHT="51" WIDTH="40" VPOS="2318" HPOS="361"/>
<String CONTENT="Nov." HEIGHT="39" WIDTH="118" VPOS="2323" HPOS="402"/>
<SP HEIGHT="40" WIDTH="42" VPOS="2322" HPOS="521"/>
<String CONTENT="5," HEIGHT="47" WIDTH="38" VPOS="2322" HPOS="564"/>
<SP HEIGHT="46" WIDTH="41" VPOS="2323" HPOS="603"/>
<String CS="1" CONTENT="1930;" HEIGHT="42" WIDTH="114" VPOS="2320" HPOS="645"/>
<SP/>
<String CS="1" CONTENT="1c."/>
<SP HEIGHT="40" WIDTH="41" VPOS="2322" HPOS="898"/>
<String LANG="en-US" CONTENT="Dec." HEIGHT="40" WIDTH="111" VPOS="2322" HPOS="940"/>
<SP HEIGHT="39" WIDTH="40" VPOS="2323" HPOS="1052"/>
<String CS="1" CONTENT="31;" HEIGHT="39" WIDTH="54" VPOS="2322" HPOS="1093"/>
<SP HEIGHT="41" WIDTH="42" VPOS="2322" HPOS="1176"/>
<!-- cceid E94885E2-6E8D-1014-9CF5-AEB3FCA41D69 --><String LANG="en-US" CONTENT="A" HEIGHT="38" WIDTH="42" VPOS="2322" HPOS="1219"/>
<String CONTENT="&#8212;Foreign" HEIGHT="48" WIDTH="270" VPOS="2322" HPOS="1263"/>
<SP HEIGHT="37" WIDTH="40" VPOS="2324" HPOS="1534"/>
<String CS="1" CONTENT="10896;" HEIGHT="42" WIDTH="146" VPOS="2320" HPOS="1575"/>
<SP HEIGHT="47" WIDTH="44" VPOS="2323" HPOS="1747"/>
<String CONTENT="Verlag" HEIGHT="48" WIDTH="181" VPOS="2323" HPOS="1792"/>
<SP HEIGHT="49" WIDTH="35" VPOS="2322" HPOS="1974"/>
<String CONTENT="f&#252;r" HEIGHT="41" WIDTH="86" VPOS="2321" HPOS="2010"/>
</TextLine>
<TextLine HEIGHT="105" WIDTH="1927" VPOS="2322" HPOS="381" LANG="de" CS="1">
<String CONTENT="kulturpolitik." HEIGHT="105" WIDTH="1927" VPOS="2322" HPOS="381"/>
<SP HEIGHT="47" WIDTH="69" VPOS="2380" HPOS="572"/>
<String CONTENT="(31-13806)" HEIGHT="48" WIDTH="282" VPOS="2379" HPOS="642"/>
</TextLine>
<TextLine HEIGHT="67" WIDTH="709" VPOS="2473" HPOS="302" STYLEREFS="StyleId-9F4418E0-4DE4-4B16-85C8-54A07880934F-">
<String CONTENT="Lawrence," HEIGHT="64" WIDTH="338" VPOS="2476" HPOS="302"/>
<SP HEIGHT="65" WIDTH="29" VPOS="2475" HPOS="641"/>
<String CONTENT="Josephine." HEIGHT="66" WIDTH="340" VPOS="2473" HPOS="671"/>
</TextLine>
<TextLine HEIGHT="69" WIDTH="1951" VPOS="2552" HPOS="375" STYLEREFS="StyleId-4352A2F9-159C-45D4-8D18-07854C4B1B9B-" CS="1">
<String CONTENT="Wind&#8217;s" HEIGHT="55" WIDTH="227" VPOS="2553" HPOS="375"/>
<SP HEIGHT="54" WIDTH="38" VPOS="2552" HPOS="603"/>
<String LANG="de" CONTENT="in" HEIGHT="53" WIDTH="60" VPOS="2552" HPOS="642"/>
<SP HEIGHT="47" WIDTH="39" VPOS="2558" HPOS="703"/>
<String CONTENT="the" HEIGHT="52" WIDTH="95" VPOS="2553" HPOS="743"/>
<SP HEIGHT="35" WIDTH="39" VPOS="2570" HPOS="839"/>
<String CONTENT="west," HEIGHT="63" WIDTH="155" VPOS="2557" HPOS="879"/>
<SP HEIGHT="68" WIDTH="35" VPOS="2552" HPOS="1035"/>
<String CONTENT="by" HEIGHT="68" WIDTH="77" VPOS="2552" HPOS="1071"/>
<SP HEIGHT="68" WIDTH="36" VPOS="2552" HPOS="1149"/>
<String CONTENT="Josephine" HEIGHT="69" WIDTH="316" VPOS="2552" HPOS="1186"/>
<SP HEIGHT="53" WIDTH="38" VPOS="2553" HPOS="1503"/>
<String CONTENT="Lawrence" HEIGHT="54" WIDTH="308" VPOS="2553" HPOS="1542"/>
<SP HEIGHT="35" WIDTH="43" VPOS="2572" HPOS="1851"/>
<String CS="1" CONTENT="&#8230;"/>
<SP HEIGHT="52" WIDTH="44" VPOS="2554" HPOS="1953"/>
<String CONTENT="illustrated" HEIGHT="53" WIDTH="328" VPOS="2553" HPOS="1998"/>
</TextLine>
<TextLine HEIGHT="73" WIDTH="2015" VPOS="2629" HPOS="306" STYLEREFS="StyleId-4352A2F9-159C-45D4-8D18-07854C4B1B9B-" CS="1">
<String CONTENT="by" HEIGHT="69" WIDTH="73" VPOS="2633" HPOS="306"/>
<SP HEIGHT="70" WIDTH="23" VPOS="2632" HPOS="380"/>
<String LANG="fr" CONTENT="R." HEIGHT="53" WIDTH="70" VPOS="2632" HPOS="404"/>
<SP HEIGHT="53" WIDTH="22" VPOS="2632" HPOS="475"/>
<String CONTENT="H." HEIGHT="52" WIDTH="77" VPOS="2632" HPOS="498"/>
<SP HEIGHT="51" WIDTH="25" VPOS="2633" HPOS="576"/>
<String CONTENT="Tandy." HEIGHT="69" WIDTH="224" VPOS="2632" HPOS="602"/>
<SP HEIGHT="52" WIDTH="75" VPOS="2631" HPOS="827"/>
<String CONTENT="New" HEIGHT="53" WIDTH="139" VPOS="2631" HPOS="903"/>
<SP HEIGHT="52" WIDTH="24" VPOS="2631" HPOS="1043"/>
<String CONTENT="York," HEIGHT="69" WIDTH="182" VPOS="2630" HPOS="1068"/>
<SP HEIGHT="70" WIDTH="26" VPOS="2629" HPOS="1251"/>
<String CONTENT="Cupples" HEIGHT="71" WIDTH="255" VPOS="2629" HPOS="1278"/>
<SP HEIGHT="52" WIDTH="23" VPOS="2633" HPOS="1534"/>
<String CONTENT="&amp;" HEIGHT="51" WIDTH="47" VPOS="2633" HPOS="1558"/>
<SP HEIGHT="53" WIDTH="21" VPOS="2631" HPOS="1606"/>
<String CONTENT="Leon" HEIGHT="53" WIDTH="156" VPOS="2631" HPOS="1628"/>
<SP HEIGHT="36" WIDTH="24" VPOS="2649" HPOS="1785"/>
<String CONTENT="company" HEIGHT="52" WIDTH="286" VPOS="2649" HPOS="1810"/>
<SP HEIGHT="52" WIDTH="28" VPOS="2649" HPOS="2097"/>
<String STYLE="subscript" CS="1" CONTENT="[&#7580;193"/>
<String CONTENT="1]" HEIGHT="65" WIDTH="47" VPOS="2634" HPOS="2274"/>
</TextLine>
<TextLine HEIGHT="51" WIDTH="1071" VPOS="2713" HPOS="376" STYLEREFS="StyleId-4352A2F9-159C-45D4-8D18-07854C4B1B9B-" CS="1">
<String CONTENT="vi" HEIGHT="39" WIDTH="48" VPOS="2716" HPOS="376"/>
<SP HEIGHT="48" WIDTH="29" VPOS="2716" HPOS="425"/>
<String CONTENT="p.," HEIGHT="38" WIDTH="58" VPOS="2726" HPOS="455"/>
<SP HEIGHT="47" WIDTH="30" VPOS="2715" HPOS="514"/>
<String CONTENT="2" HEIGHT="38" WIDTH="26" VPOS="2715" HPOS="545"/>
<SP/>
<String CS="1" CONTENT="l.," HEIGHT="15" WIDTH="8" VPOS="2747" HPOS="638"/>
<SP HEIGHT="46" WIDTH="28" VPOS="2716" HPOS="647"/>
<String CONTENT="305" HEIGHT="41" WIDTH="87" VPOS="2714" HPOS="676"/>
<SP HEIGHT="47" WIDTH="29" VPOS="2715" HPOS="764"/>
<String CONTENT="p." HEIGHT="37" WIDTH="42" VPOS="2725" HPOS="794"/>
<SP HEIGHT="41" WIDTH="59" VPOS="2714" HPOS="837"/>
<String CONTENT="front.," HEIGHT="48" WIDTH="166" VPOS="2714" HPOS="897"/>
<SP HEIGHT="37" WIDTH="30" VPOS="2725" HPOS="1064"/>
<String CONTENT="plates." HEIGHT="47" WIDTH="173" VPOS="2715" HPOS="1095"/>
<SP HEIGHT="41" WIDTH="59" VPOS="2713" HPOS="1269"/>
<String CONTENT="20" HEIGHT="41" WIDTH="57" VPOS="2713" HPOS="1329"/>
<String STYLE="superscript" CS="1" CONTENT="&#7580;&#7504;"/>
<String CONTENT="." HEIGHT="9" WIDTH="9" VPOS="2747" HPOS="1438"/>
</TextLine>
<TextLine HEIGHT="51" WIDTH="2015" VPOS="2783" HPOS="309" CS="1">
<String CONTENT="&#169;" HEIGHT="51" WIDTH="51" VPOS="2783" HPOS="309"/>
<SP HEIGHT="51" WIDTH="29" VPOS="2783" HPOS="361"/>
<String CONTENT="May" HEIGHT="46" WIDTH="116" VPOS="2788" HPOS="391"/>
<SP HEIGHT="48" WIDTH="26" VPOS="2786" HPOS="508"/>
<String CONTENT="28," HEIGHT="48" WIDTH="70" VPOS="2786" HPOS="535"/>
<SP HEIGHT="48" WIDTH="28" VPOS="2786" HPOS="606"/>
<String CS="1" CONTENT="1931;" HEIGHT="41" WIDTH="111" VPOS="2785" HPOS="635"/>
<SP HEIGHT="40" WIDTH="29" VPOS="2786" HPOS="779"/>
<String CONTENT="2c." HEIGHT="40" WIDTH="67" VPOS="2786" HPOS="809"/>
<SP HEIGHT="40" WIDTH="29" VPOS="2786" HPOS="877"/>
<String CONTENT="June" HEIGHT="40" WIDTH="127" VPOS="2786" HPOS="907"/>
<SP HEIGHT="39" WIDTH="26" VPOS="2787" HPOS="1035"/>
<String CONTENT="4;" HEIGHT="46" WIDTH="54" VPOS="2787" HPOS="1062"/>
<SP/>
<String CS="1" CONTENT="aff."/>
<SP HEIGHT="41" WIDTH="30" VPOS="2786" HPOS="1234"/>
<String CONTENT="June" HEIGHT="41" WIDTH="128" VPOS="2786" HPOS="1265"/>
<SP HEIGHT="41" WIDTH="27" VPOS="2786" HPOS="1394"/>
<String CONTENT="3;" HEIGHT="47" WIDTH="54" VPOS="2786" HPOS="1422"/>
<SP HEIGHT="47" WIDTH="31" VPOS="2786" HPOS="1477"/>
<!-- cceid E949125F-6E8D-1014-9CF5-AEB3FCA41D69 --><String CONTENT="A" HEIGHT="40" WIDTH="42" VPOS="2786" HPOS="1509"/>
<SP HEIGHT="40" WIDTH="26" VPOS="2786" HPOS="1552"/>
<String CS="1" CONTENT="37677;" HEIGHT="41" WIDTH="146" VPOS="2786" HPOS="1579"/>
<SP HEIGHT="48" WIDTH="35" VPOS="2785" HPOS="1753"/>
<String CONTENT="Cupples" HEIGHT="49" WIDTH="208" VPOS="2785" HPOS="1789"/>
<SP HEIGHT="41" WIDTH="28" VPOS="2786" HPOS="1998"/>
<String CONTENT="&amp;" HEIGHT="41" WIDTH="37" VPOS="2786" HPOS="2027"/>
<SP HEIGHT="42" WIDTH="30" VPOS="2785" HPOS="2065"/>
<String CONTENT="Leon" HEIGHT="40" WIDTH="130" VPOS="2785" HPOS="2096"/>
<SP HEIGHT="30" WIDTH="29" VPOS="2796" HPOS="2227"/>
<String CONTENT="co." HEIGHT="30" WIDTH="67" VPOS="2796" HPOS="2257"/>
</TextLine>
<TextLine HEIGHT="49" WIDTH="282" VPOS="2843" HPOS="387">
<String CONTENT="(31-14180)" HEIGHT="49" WIDTH="282" VPOS="2843" HPOS="387"/>
</TextLine>
<TextLine HEIGHT="66" WIDTH="843" VPOS="2940" HPOS="303" STYLEREFS="StyleId-9F4418E0-4DE4-4B16-85C8-54A07880934F-">
<String CONTENT="Lecher," HEIGHT="65" WIDTH="244" VPOS="2940" HPOS="303"/>
<SP HEIGHT="63" WIDTH="31" VPOS="2942" HPOS="548"/>
<String CONTENT="Ernst," HEIGHT="64" WIDTH="204" VPOS="2942" HPOS="580"/>
<SP HEIGHT="59" WIDTH="32" VPOS="2947" HPOS="785"/>
<String CONTENT="1856-1926." HEIGHT="50" WIDTH="328" VPOS="2946" HPOS="818"/>
</TextLine>
<TextLine HEIGHT="71" WIDTH="1949" VPOS="3017" HPOS="374" STYLEREFS="StyleId-4352A2F9-159C-45D4-8D18-07854C4B1B9B-">
<String LANG="en-US" CONTENT="E." HEIGHT="51" WIDTH="67" VPOS="3020" HPOS="374"/>
<SP HEIGHT="51" WIDTH="23" VPOS="3020" HPOS="442"/>
<String LANG="en-US" CONTENT="Lecher&#8217;s" HEIGHT="54" WIDTH="261" VPOS="3018" HPOS="466"/>
<SP HEIGHT="53" WIDTH="21" VPOS="3019" HPOS="728"/>
<String LANG="de" CONTENT="Lehrbuch" HEIGHT="53" WIDTH="303" VPOS="3019" HPOS="750"/>
<SP HEIGHT="53" WIDTH="25" VPOS="3019" HPOS="1054"/>
<String LANG="de" CONTENT="der" HEIGHT="53" WIDTH="99" VPOS="3019" HPOS="1080"/>
<SP HEIGHT="50" WIDTH="22" VPOS="3037" HPOS="1180"/>
<String LANG="en-US" CONTENT="physik" HEIGHT="70" WIDTH="214" VPOS="3018" HPOS="1203"/>
<SP HEIGHT="53" WIDTH="22" VPOS="3018" HPOS="1418"/>
<String LANG="de" CONTENT="f&#252;r" HEIGHT="53" WIDTH="98" VPOS="3018" HPOS="1441"/>
<SP HEIGHT="33" WIDTH="20" VPOS="3038" HPOS="1540"/>
<String LANG="en-US" CONTENT="mediziner," HEIGHT="67" WIDTH="331" VPOS="3018" HPOS="1561"/>
<SP HEIGHT="67" WIDTH="22" VPOS="3018" HPOS="1893"/>
<String LANG="en-US" CONTENT="biologen" HEIGHT="69" WIDTH="267" VPOS="3018" HPOS="1916"/>
<SP HEIGHT="35" WIDTH="22" VPOS="3035" HPOS="2184"/>
<String LANG="de" CONTENT="und" HEIGHT="53" WIDTH="116" VPOS="3017" HPOS="2207"/>
</TextLine>
<TextLine HEIGHT="70" WIDTH="2021" VPOS="3096" HPOS="304" STYLEREFS="StyleId-4352A2F9-159C-45D4-8D18-07854C4B1B9B-" CS="1">
<String CS="1" CONTENT="psychologen." HEIGHT="67" WIDTH="401" VPOS="3098" HPOS="304"/>
<SP HEIGHT="49" WIDTH="75" VPOS="3100" HPOS="706"/>
<String CONTENT="6." HEIGHT="49" WIDTH="47" VPOS="3100" HPOS="782"/>
<SP HEIGHT="34" WIDTH="42" VPOS="3116" HPOS="830"/>
<String CONTENT="aufl.," HEIGHT="68" WIDTH="150" VPOS="3097" HPOS="873"/>
<SP HEIGHT="67" WIDTH="39" VPOS="3098" HPOS="1024"/>
<String CONTENT="bearb." HEIGHT="53" WIDTH="191" VPOS="3097" HPOS="1064"/>
<SP HEIGHT="33" WIDTH="42" VPOS="3117" HPOS="1256"/>
<String CONTENT="von" HEIGHT="35" WIDTH="110" VPOS="3116" HPOS="1299"/>
<SP HEIGHT="53" WIDTH="42" VPOS="3098" HPOS="1410"/>
<String CONTENT="dr." HEIGHT="52" WIDTH="85" VPOS="3098" HPOS="1453"/>
<SP HEIGHT="56" WIDTH="45" VPOS="3096" HPOS="1539"/>
<String CONTENT="Stefan" HEIGHT="56" WIDTH="208" VPOS="3096" HPOS="1585"/>
<SP HEIGHT="52" WIDTH="41" VPOS="3097" HPOS="1794"/>
<String CONTENT="Meyer" HEIGHT="69" WIDTH="199" VPOS="3097" HPOS="1836"/>
<SP HEIGHT="34" WIDTH="39" VPOS="3115" HPOS="2036"/>
<String LANG="de" CONTENT="und" HEIGHT="53" WIDTH="120" VPOS="3096" HPOS="2076"/>
<SP HEIGHT="53" WIDTH="42" VPOS="3096" HPOS="2197"/>
<String CONTENT="dr." HEIGHT="53" WIDTH="85" VPOS="3096" HPOS="2240"/>
</TextLine>
<TextLine HEIGHT="71" WIDTH="2020" VPOS="3174" HPOS="303" STYLEREFS="StyleId-4352A2F9-159C-45D4-8D18-07854C4B1B9B-" CS="1">
<String CONTENT="Egon" HEIGHT="68" WIDTH="167" VPOS="3177" HPOS="303"/>
<SP HEIGHT="57" WIDTH="46" VPOS="3174" HPOS="471"/>
<String CONTENT="Schweidler" HEIGHT="57" WIDTH="350" VPOS="3174" HPOS="518"/>
<SP HEIGHT="33" WIDTH="46" VPOS="3195" HPOS="869"/>
<String CS="1" CONTENT="&#8230;"/>
<SP HEIGHT="33" WIDTH="44" VPOS="3196" HPOS="974"/>
<String LANG="de" CONTENT="mit" HEIGHT="53" WIDTH="110" VPOS="3176" HPOS="1019"/>
<SP HEIGHT="48" WIDTH="40" VPOS="3180" HPOS="1130"/>
<String CONTENT="525" HEIGHT="49" WIDTH="101" VPOS="3179" HPOS="1171"/>
<SP HEIGHT="54" WIDTH="42" VPOS="3174" HPOS="1273"/>
<String CONTENT="figuren" HEIGHT="71" WIDTH="224" VPOS="3174" HPOS="1316"/>
<SP HEIGHT="53" WIDTH="41" VPOS="3176" HPOS="1541"/>
<String CONTENT="im" HEIGHT="52" WIDTH="80" VPOS="3176" HPOS="1583"/>
<SP HEIGHT="48" WIDTH="41" VPOS="3180" HPOS="1664"/>
<String CONTENT="text." HEIGHT="48" WIDTH="138" VPOS="3180" HPOS="1706"/>
<SP HEIGHT="52" WIDTH="73" VPOS="3175" HPOS="1845"/>
<String CONTENT="Leipzig" HEIGHT="68" WIDTH="245" VPOS="3175" HPOS="1919"/>
<SP HEIGHT="50" WIDTH="40" VPOS="3193" HPOS="2165"/>
<String LANG="de" CONTENT="und" HEIGHT="52" WIDTH="117" VPOS="3175" HPOS="2206"/>
</TextLine>
<TextLine HEIGHT="69" WIDTH="914" VPOS="3253" HPOS="303" STYLEREFS="StyleId-4352A2F9-159C-45D4-8D18-07854C4B1B9B-">
<String CONTENT="Berlin," HEIGHT="65" WIDTH="217" VPOS="3255" HPOS="303"/>
<SP HEIGHT="65" WIDTH="31" VPOS="3255" HPOS="521"/>
<String LANG="fr" CONTENT="B." HEIGHT="52" WIDTH="66" VPOS="3255" HPOS="553"/>
<SP HEIGHT="56" WIDTH="31" VPOS="3253" HPOS="620"/>
<String CONTENT="G." HEIGHT="56" WIDTH="68" VPOS="3253" HPOS="652"/>
<SP HEIGHT="52" WIDTH="30" VPOS="3255" HPOS="721"/>
<String CONTENT="Teubner," HEIGHT="68" WIDTH="280" VPOS="3254" HPOS="752"/>
<SP HEIGHT="65" WIDTH="30" VPOS="3257" HPOS="1033"/>
<String CONTENT="1930." HEIGHT="50" WIDTH="153" VPOS="3257" HPOS="1064"/>
</TextLine>
<TextLine HEIGHT="48" WIDTH="876" VPOS="3337" HPOS="371" STYLEREFS="StyleId-4352A2F9-159C-45D4-8D18-07854C4B1B9B-" CS="1">
<String CONTENT="ix." HEIGHT="42" WIDTH="65" VPOS="3337" HPOS="371"/>
<SP HEIGHT="41" WIDTH="27" VPOS="3338" HPOS="437"/>
<String CONTENT="471" HEIGHT="39" WIDTH="86" VPOS="3338" HPOS="465"/>
<SP HEIGHT="47" WIDTH="27" VPOS="3338" HPOS="552"/>
<String CONTENT="p." HEIGHT="37" WIDTH="42" VPOS="3348" HPOS="580"/>
<SP HEIGHT="40" WIDTH="60" VPOS="3337" HPOS="623"/>
<String CONTENT="illus.," HEIGHT="48" WIDTH="144" VPOS="3337" HPOS="684"/>
<SP HEIGHT="47" WIDTH="28" VPOS="3338" HPOS="829"/>
<String CONTENT="diagrs." HEIGHT="48" WIDTH="182" VPOS="3337" HPOS="858"/>
<SP HEIGHT="40" WIDTH="58" VPOS="3337" HPOS="1041"/>
<String CS="1" CONTENT="23&#189;&#7580;&#7504;." HEIGHT="40" WIDTH="147" VPOS="3337" HPOS="1100"/>
</TextLine>
<TextLine HEIGHT="52" WIDTH="2014" VPOS="3404" HPOS="309" CS="1">
<String CONTENT="&#169;" HEIGHT="52" WIDTH="51" VPOS="3404" HPOS="309"/>
<SP HEIGHT="52" WIDTH="31" VPOS="3404" HPOS="361"/>
<String CONTENT="Nov." HEIGHT="40" WIDTH="120" VPOS="3409" HPOS="393"/>
<SP HEIGHT="39" WIDTH="30" VPOS="3410" HPOS="514"/>
<String CONTENT="20," HEIGHT="48" WIDTH="70" VPOS="3408" HPOS="545"/>
<SP HEIGHT="46" WIDTH="31" VPOS="3410" HPOS="616"/>
<String CONTENT="1930;" HEIGHT="47" WIDTH="141" VPOS="3407" HPOS="648"/>
<SP/>
<String CS="1" CONTENT="1c."/>
<SP HEIGHT="42" WIDTH="31" VPOS="3409" HPOS="894"/>
<String CONTENT="Jan." HEIGHT="40" WIDTH="111" VPOS="3409" HPOS="926"/>
<SP HEIGHT="41" WIDTH="30" VPOS="3408" HPOS="1038"/>
<String CONTENT="27," HEIGHT="48" WIDTH="70" VPOS="3408" HPOS="1069"/>
<SP HEIGHT="46" WIDTH="32" VPOS="3410" HPOS="1140"/>
<String CONTENT="1931;" HEIGHT="46" WIDTH="142" VPOS="3408" HPOS="1173"/>
<SP HEIGHT="45" WIDTH="35" VPOS="3409" HPOS="1316"/>
<!-- cceid E9499BCC-6E8D-1014-9CF5-AEB3FCA41D69 --><String CONTENT="A&#8212;Foreign" HEIGHT="48" WIDTH="313" VPOS="3408" HPOS="1352"/>
<SP HEIGHT="39" WIDTH="31" VPOS="3409" HPOS="1666"/>
<String CS="1" CONTENT="11237;" HEIGHT="41" WIDTH="145" VPOS="3407" HPOS="1698"/>
<SP HEIGHT="46" WIDTH="35" VPOS="3408" HPOS="1871"/>
<String LANG="fr" CONTENT="B." HEIGHT="39" WIDTH="54" VPOS="3408" HPOS="1907"/>
<SP HEIGHT="41" WIDTH="35" VPOS="3406" HPOS="1962"/>
<String CONTENT="G." HEIGHT="41" WIDTH="54" VPOS="3406" HPOS="1998"/>
<SP HEIGHT="40" WIDTH="31" VPOS="3407" HPOS="2053"/>
<String CONTENT="Teubner." HEIGHT="40" WIDTH="238" VPOS="3407" HPOS="2085"/>
</TextLine>
<TextLine HEIGHT="50" WIDTH="283" VPOS="3465" HPOS="387">
<String CONTENT="(31-13854)" HEIGHT="50" WIDTH="283" VPOS="3465" HPOS="387"/>
</TextLine>
<TextLine HEIGHT="65" WIDTH="550" VPOS="3561" HPOS="303" STYLEREFS="StyleId-9F4418E0-4DE4-4B16-85C8-54A07880934F-">
<String CONTENT="Lindquist," HEIGHT="65" WIDTH="337" VPOS="3561" HPOS="303"/>
<SP HEIGHT="61" WIDTH="29" VPOS="3564" HPOS="641"/>
<String CONTENT="Ruth." HEIGHT="54" WIDTH="182" VPOS="3562" HPOS="671"/>
</TextLine>
<TextLine HEIGHT="71" WIDTH="1946" VPOS="3637" HPOS="378" STYLEREFS="StyleId-4352A2F9-159C-45D4-8D18-07854C4B1B9B-">
<String CONTENT="The" HEIGHT="54" WIDTH="124" VPOS="3639" HPOS="378"/>
<SP HEIGHT="54" WIDTH="29" VPOS="3639" HPOS="503"/>
<String CONTENT="family" HEIGHT="68" WIDTH="209" VPOS="3639" HPOS="533"/>
<SP HEIGHT="67" WIDTH="29" VPOS="3640" HPOS="743"/>
<String CONTENT="in" HEIGHT="51" WIDTH="59" VPOS="3640" HPOS="773"/>
<SP HEIGHT="46" WIDTH="30" VPOS="3645" HPOS="833"/>
<String CONTENT="the" HEIGHT="52" WIDTH="97" VPOS="3640" HPOS="864"/>
<SP HEIGHT="49" WIDTH="29" VPOS="3658" HPOS="962"/>
<String CONTENT="present" HEIGHT="62" WIDTH="228" VPOS="3645" HPOS="992"/>
<SP HEIGHT="47" WIDTH="29" VPOS="3645" HPOS="1221"/>
<String CONTENT="social" HEIGHT="53" WIDTH="175" VPOS="3639" HPOS="1251"/>
<SP HEIGHT="53" WIDTH="31" VPOS="3639" HPOS="1427"/>
<String CONTENT="order;" HEIGHT="66" WIDTH="196" VPOS="3640" HPOS="1459"/>
<SP HEIGHT="48" WIDTH="34" VPOS="3658" HPOS="1656"/>
<String CONTENT="a" HEIGHT="34" WIDTH="33" VPOS="3658" HPOS="1691"/>
<SP HEIGHT="34" WIDTH="29" VPOS="3658" HPOS="1725"/>
<String CONTENT="study" HEIGHT="70" WIDTH="173" VPOS="3638" HPOS="1755"/>
<SP HEIGHT="52" WIDTH="30" VPOS="3656" HPOS="1929"/>
<String CONTENT="of" HEIGHT="54" WIDTH="66" VPOS="3637" HPOS="1960"/>
<SP HEIGHT="54" WIDTH="28" VPOS="3637" HPOS="2027"/>
<String CONTENT="needs" HEIGHT="53" WIDTH="171" VPOS="3638" HPOS="2056"/>
<SP HEIGHT="36" WIDTH="31" VPOS="3655" HPOS="2228"/>
<String CONTENT="of" HEIGHT="53" WIDTH="64" VPOS="3637" HPOS="2260"/>
</TextLine>
<TextLine HEIGHT="72" WIDTH="2012" VPOS="3714" HPOS="307" STYLEREFS="StyleId-4352A2F9-159C-45D4-8D18-07854C4B1B9B-">
<String CONTENT="American" HEIGHT="53" WIDTH="309" VPOS="3717" HPOS="307"/>
<SP HEIGHT="52" WIDTH="31" VPOS="3717" HPOS="617"/>
<String CONTENT="families," HEIGHT="67" WIDTH="269" VPOS="3717" HPOS="649"/>
<SP HEIGHT="66" WIDTH="28" VPOS="3718" HPOS="919"/>
<String CONTENT="by" HEIGHT="67" WIDTH="72" VPOS="3718" HPOS="948"/>
<SP HEIGHT="67" WIDTH="33" VPOS="3718" HPOS="1021"/>
<String CONTENT="Ruth" HEIGHT="52" WIDTH="160" VPOS="3718" HPOS="1055"/>
<SP HEIGHT="51" WIDTH="28" VPOS="3718" HPOS="1216"/>
<String CONTENT="Lindquist," HEIGHT="68" WIDTH="330" VPOS="3718" HPOS="1245"/>
<SP HEIGHT="38" WIDTH="29" VPOS="3736" HPOS="1576"/>
<String CONTENT="written" HEIGHT="53" WIDTH="233" VPOS="3717" HPOS="1606"/>
<SP HEIGHT="34" WIDTH="30" VPOS="3735" HPOS="1840"/>
<String CONTENT="and" HEIGHT="53" WIDTH="113" VPOS="3716" HPOS="1871"/>
<SP HEIGHT="69" WIDTH="31" VPOS="3716" HPOS="1985"/>
<String CONTENT="published" HEIGHT="71" WIDTH="302" VPOS="3714" HPOS="2017"/>
</TextLine>
<TextLine HEIGHT="149" WIDTH="2013" VPOS="3794" HPOS="309" STYLEREFS="StyleId-4352A2F9-159C-45D4-8D18-07854C4B1B9B-" CS="1">
<String CONTENT="with" HEIGHT="53" WIDTH="141" VPOS="3794" HPOS="309"/>
<SP HEIGHT="53" WIDTH="25" VPOS="3794" HPOS="451"/>
<String CONTENT="the" HEIGHT="53" WIDTH="98" VPOS="3795" HPOS="477"/>
<SP HEIGHT="34" WIDTH="23" VPOS="3814" HPOS="576"/>
<String CONTENT="cooperation" HEIGHT="68" WIDTH="365" VPOS="3796" HPOS="600"/>
<SP HEIGHT="34" WIDTH="28" VPOS="3814" HPOS="966"/>
<String CONTENT="of" HEIGHT="53" WIDTH="64" VPOS="3795" HPOS="995"/>
<SP HEIGHT="54" WIDTH="24" VPOS="3795" HPOS="1060"/>
<String CONTENT="the" HEIGHT="53" WIDTH="95" VPOS="3796" HPOS="1085"/>
<SP HEIGHT="53" WIDTH="26" VPOS="3796" HPOS="1181"/>
<String CONTENT="American" HEIGHT="52" WIDTH="310" VPOS="3796" HPOS="1208"/>
<SP HEIGHT="51" WIDTH="26" VPOS="3797" HPOS="1519"/>
<String CONTENT="home" HEIGHT="51" WIDTH="165" VPOS="3797" HPOS="1546"/>
<SP HEIGHT="34" WIDTH="28" VPOS="3814" HPOS="1712"/>
<String CONTENT="economics" HEIGHT="54" WIDTH="312" VPOS="3794" HPOS="1741"/>
<SP HEIGHT="35" WIDTH="28" VPOS="3812" HPOS="2054"/>
<String CONTENT="association." HEIGHT="131" WIDTH="1988" VPOS="3794" HPOS="309"/>
<SP HEIGHT="56" WIDTH="76" VPOS="3871" HPOS="448"/>
<String CONTENT="Chapel" HEIGHT="72" WIDTH="220" VPOS="3871" HPOS="525"/>
<SP HEIGHT="53" WIDTH="36" VPOS="3874" HPOS="746"/>
<String CONTENT="Hill," HEIGHT="67" WIDTH="148" VPOS="3874" HPOS="783"/>
<SP HEIGHT="66" WIDTH="34" VPOS="3875" HPOS="932"/>
<String CONTENT="The" HEIGHT="52" WIDTH="122" VPOS="3875" HPOS="967"/>
<SP HEIGHT="54" WIDTH="35" VPOS="3875" HPOS="1090"/>
<String CONTENT="University" HEIGHT="69" WIDTH="341" VPOS="3874" HPOS="1126"/>
<SP HEIGHT="51" WIDTH="36" VPOS="3892" HPOS="1468"/>
<String CONTENT="of" HEIGHT="53" WIDTH="64" VPOS="3874" HPOS="1505"/>
<SP HEIGHT="52" WIDTH="35" VPOS="3874" HPOS="1570"/>
<String CONTENT="North" HEIGHT="54" WIDTH="189" VPOS="3873" HPOS="1606"/>
<SP HEIGHT="57" WIDTH="39" VPOS="3871" HPOS="1796"/>
<String CONTENT="Carolina" HEIGHT="57" WIDTH="273" VPOS="3871" HPOS="1836"/>
<SP HEIGHT="50" WIDTH="38" VPOS="3890" HPOS="2110"/>
<String CONTENT="press." HEIGHT="51" WIDTH="173" VPOS="3889" HPOS="2149"/>
</TextLine>
<TextLine HEIGHT="52" WIDTH="152" VPOS="3953" HPOS="308" STYLEREFS="StyleId-4352A2F9-159C-45D4-8D18-07854C4B1B9B-">
<String CONTENT="1931." HEIGHT="52" WIDTH="152" VPOS="3953" HPOS="308"/>
</TextLine>
</TextBlock>
</PrintSpace>
</Page>
</Layout>
</alto>