2428 4370
1225 4038 136 50 1526

282 390 391 70 Richardson,
702 393 205 54 James
934 394 262 65 Monroe,
1229 399 172 50 1894-

349 469 188 56 Man’s
566 470 385 70 wings—how
979 477 59 47 to
1067 471 78 69 fly
1174 471 60 53 in
1260 471 159 53 word
1449 471 114 53 and
1592 471 223 69 picture;
1872 477 124 48 text
2022 472 77 70 by
2126 473 56 54 J.
2211 473 81 53 M.

280 548 391 69 Richardson;
722 548 293 71 drawings
1061 549 77 71 by
1185 550 158 55 John
1390 548 386 57 McCormick.
1853 549 272 72 Chicago,
2173 551 121 54 The

280 627 729 70 Reilly & Lee co. [ ᶜ19 31 ]
353 711 586 48 107 p. illus. 24 × 21 ᶜᵐ.
354 769 290 40 Illustrated
678 767 366 50 lining-papers.

288 836 52 52 ©
365 840 122 48 Aug.
511 839 70 48 20,
605 838 114 43 1931;
773 840 67 41 2c.
865 840 121 51 Aug.
1012 839 58 41 28;
1122 839 83 42 aff.
1230 840 121 48 Aug.
1376 839 57 42 27;
1487 840 43 40 A
1554 840 148 41 42035;
1756 841 161 48 Reilly
1942 841 37 41 &
2002 842 95 42 Lee
2121 853 67 30 co.

366 896 282 49 (31-25555)

285 992 320 66 Robinson,
634 991 157 56 Eliot
817 992 258 66 Harlow,
1106 998 172 51 1884-

352 1072 124 54 The
509 1073 228 53 scarred
768 1071 175 69 hand,
974 1091 31 33 a
1039 1077 159 64 story
1230 1070 65 55 of
1326 1072 245 53 unusual
1605 1071 450 70 complications,
284 1074 1984 130 coincidences

519 1149 1770 70 and consequences, by Eliot H. Robinson … illustrated
283 1228 1785 70 by Harold Cue. Boston, L. C. Page & company [ ᶜ19 31]
359 1310 949 50 5 p. l., 3-371 p. front., plates. 19½ ᶜᵐ.
360 1368 164 43 “First
551 1369 303 47 impression,
886 1368 293 48 September,
1210 1366 158 42 1931.”

290 1436 52 54 ©
375 1441 104 42 Oct.
509 1443 39 46 1,
579 1440 115 42 1931;
754 1440 67 42 2c.
855 1440 102 41 Oct.
990 1440 28 40 5;
1077 1439 82 41 aff.
1192 1440 104 41 Oct.
1328 1439 26 39 2;
1415 1440 41 39 A
1486 1439 146 41 42857;
1694 1441 51 40 L.
1780 1440 49 42 C,
1861 1442 128 47 Page
2021 1441 36 40 &
2089 1450 83 39 co.,
2206 1443 90 38 inc.

372 1499 283 49 (31-25641)

285 1594 284 66 Ruggles,
599 1595 128 54 Edd
757 1593 214 66 Alvah,
1005 1600 172 50 1880-

362 1671 183 58 Small
575 1678 161 49 stone
766 1673 201 54 houses
1000 1671 65 55 of
1094 1672 98 54 the
1224 1670 292 57 Cotswold
1550 1672 247 69 district,
1828 1671 77 71 by
1938 1673 68 53 E.
2040 1672 71 54 A.

288 1673 1990 148 Ruggles;
475 1751 141 55 with
652 1752 188 69 pencil
875 1751 256 55 sketches
1165 1752 76 69 by
1276 1752 205 53 Meade
1516 1751 72 55 A.
1629 1750 264 70 Spencer.
1973 1749 330 69 Cleveland,

289 1832 88 68 O.,
406 1832 55 54 J.
493 1832 77 53 H.
601 1831 236 68 Jansen,
869 1833 153 51 1931.

350 1910 1796 53 6 p. 1., [17]-143 p. front., illus. (part mounted; incl. map) 39 ᶜᵐ.
361 1971 130 41 “The
525 1971 233 42 selection
788 1971 53 41 of
873 1971 332 49 photographs
1239 1971 79 39 for
1354 1970 99 41 this
1487 1970 126 41 book
1645 1981 103 31 was
1783 1970 141 40 made
1958 1970 121 40 with
2115 1980 27 30 a
2180 1971 122 41 view

289 2032 49 38 to
381 2031 82 39 the
505 2029 328 49 adaptability
876 2028 52 41 of
971 2029 84 40 the
1096 2027 246 48 buildings
1385 2028 223 48 pictured
1651 2028 81 41 for
1774 2039 85 29 use
1902 2028 51 40 in
1996 2028 84 42 the
2122 2028 178 41 United

290 2087 313 49 States.”—p.
645 2086 55 51 [9]

291 2155 2010 53 © Aug. 26, 1931; 1c. Sept. 14; 1c. and aff. Sept. 19; A 41746; Joseph H.
359 2216 197 48 Jansen,
591 2216 276 41 Cleveland.
938 2214 283 51 (31-25658)

288 2313 246 64 Savery,
563 2312 351 55 Constance.

351 2387 266 69 Pippin’s
641 2387 189 69 house,
858 2407 72 33 an
957 2388 145 52 East
1127 2387 259 69 Anglian
1413 2394 174 61 story,
1612 2387 77 70 by
1717 2386 317 56 Constance
2064 2390 234 66 Savery,

283 2464 1821 71 illustrated by Chariot Bowman. London, New York [etc.]
279 2544 345 69 Longmans,
661 2543 185 55 Green
884 2546 114 53 and
1035 2562 98 50 co.,
1172 2546 151 52 1931.

353 2627 1242 51 ix p., 1 l., 207 p. incl. front., illus., plates. 19½ᶜᵐ.
355 2684 163 42 “First
548 2684 227 42 edition.”

353 2741 231 42 “Printed
614 2742 51 40 in
691 2741 85 40 the
800 2739 182 43 United
1013 2739 163 43 States
1204 2740 54 40 of
1282 2739 269 42 America.”

291 2810 52 53 ©
374 2814 130 49 Sept.
530 2814 68 48 16,
627 2812 142 49 1931;
796 2811 68 43 2c.
892 2812 104 42 Oct.
1023 2812 53 47 1;
1106 2811 82 41 aff.
1220 2812 128 48 Sept.
1377 2811 83 49 30;
1489 2812 42 40 A
1557 2811 146 43 42768;
1761 2813 288 50 Longmans,
2081 2813 157 42 Green
2267 2815 36 41 &

359 2883 68 30 co.
499 2871 282 49 (31-25418)

287 2966 363 66 Schieffelin,
683 2966 287 57 Barbara.

355 3044 222 53 Mental
608 3047 138 50 tests
778 3046 113 52 and
922 3043 282 71 heredity,
1234 3044 301 70 including
1567 3064 31 33 a
1630 3062 204 51 survey
1865 3044 65 54 of
1962 3045 333 53 non-verbal

285 3129 156 63 tests,
491 3124 76 69 by
620 3121 260 54 Barbara
937 3121 333 57 Schieffelin
1323 3123 114 53 and
1492 3123 221 70 Gladys
1769 3124 63 55 C.
1888 3122 408 69 Schwesinger.

286 3198 1818 66 New York, The Galton publishing company, inc. [ ᶜ19 31]
359 3285 64 46 ix,
451 3283 88 44 298
569 3295 44 38 p.
673 3281 130 44 illus.
861 3283 120 42 24ᶜᵐ.

360 3339 1891 49 “The work was projected by the Eugenics research association in …
289 3396 2012 51 1928 … [Later] it was … turned over to the Carnegie institution of
350 3454 290 48 Washington.”
647 3454 349 41 —Foreword.

358 3511 229 42 Includes
614 3510 395 49 bibliographies.

293 3565 52 52 ©
378 3571 123 39 Mar.
532 3569 71 48 12,
634 3569 142 47 1931;
807 3569 68 40 2c.
910 3569 129 47 Sept.
1072 3568 81 47 10·;
1189 3568 83 42 aff.
1306 3568 128 49 Sept.
1467 3568 84 47 26;
1586 3569 40 38 A
1657 3567 173 48 41929;
1866 3569 180 40 Galton
2076 3569 110 48 pub.
2220 3578 81 38 co.,

361 3626 90 41 inc.
524 3625 281 48 (31-25647)

289 3719 261 66 Schultz,
580 3721 208 54 James
811 3721 264 56 Willard.

361 3799 185 54 Alder
577 3801 172 69 gulch
783 3802 154 69 gold,
969 3803 77 69 by
1076 3802 196 54 James
1303 3802 251 54 Willard
1592 3801 253 70 Schultz,
1878 3800 139 54 with
291 3802 1989 129 illustrations
479 3879 75 69 by

590 3879 181 54 Albin
806 3879 295 72 Henning.
1179 3882 215 51 Boston
1436 3882 111 53 and
1589 3881 138 52 New
1766 3881 180 64 York,
1984 3879 316 70 Houghton

290 3952 204 57 Mifflin
521 3975 299 54 company,
850 3960 152 52 1931.
