2428 4370
1279 4033 133 51 1696

388 454 1946 52 257 p. 23 ᶜᵐ. ( Half-title : Studies in history, economics and public
318 511 2013 51 law. e d. by the Faculty of Ttolitical science of Columbia university, no.
314 574 112 44 344)

390 628 351 49 Bibliography
761 640 8 29 :
803 639 42 38 p.
879 628 218 40 245-250.

323 683 52 52 ©
409 687 128 48 Sept.
567 686 71 47 28,
668 684 114 42 1931;
841 685 67 40 2c.
942 685 103 41 Oct.
1076 686 22 38 1;
1162 685 82 41 aff.
1277 684 103 42 Oct.
1411 684 26 39 2;
1496 685 42 39 A
1566 683 148 42 42776;
1776 684 252 41 Columbia
2062 682 272 48 university

393 754 150 37 press.
616 742 282 49 (31-30950)

323 839 254 62 Gordon,
607 837 256 54 William
894 837 201 64 Hugh.

453 913 1880 72 … Lettering for commercial purposes … written by Wm.
322 991 1988 151 Hugh Gordon. Cincinnati, O., The Signs of the times publishing co. [ ᶜ1 931]
393 1151 869 50 2 p. l., 7-166 p. illus. 22½×30 ᶜᵐ.
393 1211 63 40 At
485 1212 124 39 head
635 1211 53 40 of
715 1211 109 40 title
841 1220 10 30 :
880 1210 101 40 The
1008 1210 196 41 Gordon
1230 1209 137 41 book.

396 1267 229 41 Lettered
664 1278 61 30 on
761 1277 143 30 cover
922 1278 9 28 :
969 1266 312 41 Modernized
1319 1266 223 41 methods
1580 1265 48 40 in
1667 1267 81 39 the
1786 1270 77 36 art
1903 1267 93 39 and
2034 1265 215 50 practice
2287 1266 51 41 of

324 1324 230 49 lettering
582 1324 78 41 for
691 1323 306 42 commercial
1031 1334 248 39 purposes.

395 1381 173 41 “Sixth
598 1381 228 42 edition.”

329 1436 51 52 ©
413 1440 102 42 Oct.
546 1440 56 39 16,
645 1439 112 40 1931;
817 1439 68 40 2c.
916 1440 96 39 and
1044 1438 81 41 aff.
1159 1438 103 41 Oct.
1291 1437 60 41 26;
1406 1438 42 39 A
1476 1437 145 40 44421;
1685 1437 142 48 Signs
1859 1437 52 41 of
1941 1437 86 40 the
2055 1437 146 41 times
395 1438 1927 106 publishing

612 1508 65 29 co.
750 1495 282 48 (31-31095)

327 1591 290 65 Harding,
651 1592 261 52 Thomas
945 1592 237 59 Swann,
1221 1596 168 49 1890-

396 1666 1945 73 The degradation of science, by T. Swann Harding … New
331 1747 1487 68 York, Farrar & Rinehart, incorporated [ ᶜ1 931 ]
424 1829 565 49 x p., 3 l., 3-386 p. 23 ᶜᵐ.
331 1885 51 52 ©
418 1890 101 40 Oct.
554 1890 24 39 8,
627 1887 106 41 1931;
802 1889 68 42 2c.
904 1888 102 41 Oct.
1042 1888 54 39 12;
1160 1888 82 42 aff.
1277 1888 104 41 Oct.
1413 1887 82 49 10;
1532 1889 41 38 A
1604 1887 172 48 44003;
1813 1888 52 38 T.
1903 1887 46 41 S.
1983 1886 240 49 Harding,
2257 1887 85 40 Mt.

402 1946 215 42 Rainier.
650 1948 78 37 Md
816 1946 284 44 (31-30847)

333 2041 330 69 [Harrison,
697 2041 250 52 Fairfax]
1005 2047 171 49 1869-

399 2121 119 51 The
548 2120 205 53 John’s
786 2119 183 53 island
1003 2119 132 53 stud
1178 2117 216 70 (South
1426 2116 303 70 Carolina)
1776 2119 326 52 1750-1788.
330 2117 1987 135 Richmond.

604 2216 67 47 Va.,
700 2197 157 53 Priv.
889 2197 195 69 print.,
1110 2196 116 56 Old
1253 2196 315 53 Dominion
1597 2214 176 51 press,
1800 2199 152 49 1931.

399 2279 87 41 236
512 2289 29 38 p
612 2279 164 42 front.,
805 2279 144 41 illus..
974 2279 173 48 plates,
1177 2278 117 43 fold.
1324 2288 127 38 map.
1511 2277 148 43 23½ᶜᵐ.

406 2330 1263 56 Preface signed : F. H. [i . e. Fairfax Harrison]
404 2393 375 48 Bibliography:
813 2403 41 38 p.
902 2392 236 50 [221]-228.

683 2450 160 39 CONTENTS.—The
880 2448 227 41 Carolina
1151 2448 435 42 Fenwicks.—The
1624 2447 171 41 John’s
1836 2448 158 41 island
2034 2449 127 42 stud,

335 2447 2010 100 1750-1788.—The
653 2505 227 41 Carolina
919 2507 165 44 racing
1116 2506 245 46 calendar,
1393 2504 275 42 1759-1791.

335 2559 2012 53 © Oct. 17, 1931; 2c. and aff. Oct. 21; A 44341; F. Harrison, Bel voir, Va.
417 2622 282 48 (31-30932)

334 2717 255 62 Heacox,
625 2717 233 53 Arthur
892 2718 275 59 Edward,
1205 2719 171 53 1867-

402 2795 236 53 Lessons
664 2795 55 53 in
753 2795 293 68 harmony.
1114 2794 298 69 Complete
1439 2814 109 32 rev.
1580 2793 83 53 ed.
1729 2794 90 70 By
1849 2794 223 51 Arthur
2099 2793 68 52 E.
330 2793 1990 133 Heacox
459 2873 109 53 and

603 2870 1743 71 Friedrich J. Lehmann … Oberlin, O., A. G. Comings
329 2953 378 66 & son [ ᶜ1 931]
406 3030 1271 51 [iii]-ix. 237 p. illus. (music) 22½ ᶜᵐ. $2.25
340 3088 51 51 ©
426 3093 128 46 Sept.
587 3093 53 38 14,
687 3091 105 39 1931;
860 3092 67 40 2c.
963 3093 127 46 Sept.
1122 3092 55 38 24;
1239 3091 82 40 aff.
1354 3091 102 40 Oct.
1489 3091 82 42 16;
1605 3091 39 39 A
1675 3091 145 39 44223;
1885 3093 50 38 A.
1971 3091 53 41 G.
2056 3091 227 46 Comings
2316 3092 35 40 &

406 3160 100 29 son.
578 3148 281 49 (31-30719)

338 3229 202 65 Hicks,
571 3229 156 55 John
758 3230 246 61 Donald,
1040 3236 168 48 1890-

400 3305 121 54 The
553 3305 265 68 Populist
853 3306 178 53 revolt;
1100 3326 25 33 a
1163 3306 220 60 history
1417 3306 63 52 of
1515 3307 94 53 the
1647 3308 279 52 Farmers’
1962 3306 239 54 alliance
2236 3305 109 52 and

357 3383 1991 71 the People’s party [by] John D. Hicks … Minneapolis, The
336 3460 331 71 University
695 3460 63 53 of
785 3460 317 54 Minnesota
1138 3479 155 49 press
1366 3464 130 49 [ᶜ1931]

406 3543 1254 51 xiii. [1], 473 p. front., illus.. ports., diagr. 23 ᶜᵐ.
407 3599 343 50 Bibliography
772 3613 8 28 :
813 3611 41 37 p.
900 3601 235 39 [445]-464.

343 3654 51 53 ©
426 3659 126 48 Sept.
582 3660 54 37 25,
680 3658 107 40 1931;
849 3659 66 39 2c.
946 3659 94 38 and
1070 3658 82 40 aff.
1183 3658 102 41 Oct.
1314 3659 25 39 7;
1397 3659 41 38 A
1464 3658 145 39 44261;
1669 3659 284 41 University
1982 3659 52 39 of
2062 3658 289 47 Minnesota,

412 3716 337 47 Minneapolis.
826 3715 281 45 (31-30954)

343 3794 223 65 Hilton,
596 3797 222 63 James,
854 3802 169 49 1900-

410 3872 137 54 And
592 3892 128 34 now
763 3875 300 69 good-bye.
1106 3894 28 33 a
1180 3874 166 53 novel
1410 3874 75 70 [by]
1552 3878 195 51 James
1790 3875 225 54 Hilton.
2091 3876 259 65 London,

408 3951 636 70 E. Benn, limited [1931]
