2575 4398
1259 4063 67 51 12

298 365 149 53 New
476 366 232 64 Jersey.
784 367 188 73 Laws,
1001 375 261 64 statutes,
1291 377 102 49 etc.

372 448 315 51 1925-1930
721 447 366 70 supplement
1119 455 59 49 to
1212 450 98 54 the
1342 451 286 68 compiled
1661 457 242 52 statutes
1936 455 66 54 of
2034 456 141 52 New
298 454 2015 145 Jersey
431 524 247 71 directly

714 527 472 70 supplementing
1221 527 98 56 the
1355 530 350 55 cumulative
1741 533 366 69 supplement
2143 542 59 47 to
2241 535 96 55 the

298 603 286 70 compiled
631 610 243 50 statutes
922 607 66 52 of
1033 607 142 53 New
1222 607 205 72 Jersey
1475 613 334 70 1911-1924,
1855 614 339 70 containing
2240 616 97 53 the

297 682 141 55 laws
486 683 64 52 of
598 702 33 34 a
674 685 234 69 general
956 688 116 51 and
1119 694 340 62 permanent
1505 694 224 66 nature,
1775 689 144 55 with
1965 694 372 55 annotations

296 762 340 70 construing
661 764 96 53 the
782 764 158 54 laws.
1017 764 187 55 Index
1232 768 112 52 and
1373 767 197 54 tables.
1649 769 268 72 Newark,
1943 771 71 53 N.
2042 772 75 69 J.,
2147 773 187 71 Soney

296 841 47 54 &
372 840 152 72 Sage
550 860 303 55 company,
883 846 151 52 1931.

399 936 417 51 v, 2115 p. 26, ᶜᵐ .
301 989 53 55 ©
380 995 111 41 Jan.
519 995 39 49 6,
585 994 114 42 1931;
754 995 69 44 2c.
850 998 99 39 and
973 997 84 43 aff.
1085 998 112 42 Jan.
1223 1000 27 39 7;
1305 1000 42 39 A
1372 999 147 42 33035;
1579 1000 158 50 Soney
1763 1001 38 43 &
1829 1002 125 50 Sage
1980 1014 68 32 co.

295 1091 275 66 Newton,
600 1092 277 66 Marjory
908 1093 197 57 Conic.

362 1169 125 55 The
529 1167 105 57 isle
678 1169 65 53 of
781 1187 98 55 my
920 1170 244 71 dreams,
1204 1171 242 56 selected
1490 1192 192 50 poems
1723 1174 76 73 by
1840 1175 267 71 Marjory
2153 1176 180 57 Conic

291 1245 1532 80 Newton. Jamestown, N. Y., Zonta club [ ᶜ1 930 ] .
363 1328 647 51 77 p. incl. port. 19½ ᶜᵐ .
365 1386 285 51 “Privately
680 1387 211 51 printed,
922 1389 319 50 Jamestown,
1270 1390 58 42 N.
1359 1391 68 49 Y.,
1458 1391 159 44 1930.”

297 1457 53 55 ©
374 1464 120 41 Nov.
517 1464 41 47 4,
582 1463 116 41 1930;
751 1463 69 43 2c.
844 1463 113 42 Dec.
980 1463 57 42 27;
1092 1464 83 42 aff.
1200 1464 111 43 Jan.
1335 1464 41 50 2,
1401 1464 115 42 1931;
1569 1466 43 40 A
1634 1465 146 43 32515;
1835 1467 171 43 Corrie
2027 1469 56 41 A.
2107 1469 222 48 Newton,

371 1521 317 49 Jamestown,
714 1521 58 41 N.
798 1522 54 42 Y.
925 1522 225 49 (31-854)

292 1616 267 66 Ogburn,
591 1619 141 54 Mrs.
768 1618 293 65 Dorothy.

360 1694 192 55 Death
580 1712 72 36 on
676 1694 100 56 the
798 1694 320 73 mountain,
1145 1696 74 71 by
1246 1696 266 73 Dorothy
1540 1696 260 72 Ogburn.
1866 1699 237 72 Boston,
2129 1699 200 71 Little,

288 1772 233 70 Brown,
551 1773 113 54 and
698 1790 299 54 company,
1031 1777 152 51 1931.

361 1853 657 53 5 p. l., [3]-286 p. 19½ᶜᵐ.
293 1924 53 55 ©
375 1930 112 41 Jan.
514 1931 40 48 2,
583 1929 115 42 1931;
755 1929 68 43 2c.
852 1932 97 39 and
977 1930 83 41 aff.
1090 1931 112 42 Jan.
1231 1932 27 39 7;
1314 1931 43 41 A
1382 1930 150 42 33026;
1588 1932 58 42 D.
1675 1932 214 51 Ogburn,
1918 1934 122 41 New
2066 1934 148 42 York.

372 1986 224 52 (31-981)

291 2083 2036 77 Ohio jurisprudence … a complete statement of the law and
360 2166 253 69 practice
644 2166 66 54 of
742 2167 96 53 the
870 2172 149 49 state
1049 2167 68 53 of
1149 2165 173 72 Ohio,
1354 2167 143 53 with
1534 2167 199 54 forms.
1810 2168 213 54 Editor
2055 2170 63 52 in
2150 2168 177 71 chief,

354 2245 198 55 Willis
595 2246 73 52 A.
714 2245 263 69 Estrich;
1024 2246 331 71 consulting
1397 2247 206 70 editor,
1644 2246 266 57 William
1951 2249 79 51 M.
355 2245 1944 154 McKinney;

523 2325 318 70 managing
868 2326 204 68 editor,
1100 2324 227 72 George
1355 2326 55 55 S.
1440 2325 228 55 Gulick.
1746 2345 50 35 v.
1829 2331 79 49 14.
1950 2328 374 69 Depositions

355 2408 59 48 to
450 2404 202 70 Dying
687 2404 399 54 declarations.
1164 2404 331 70 Rochester,
1532 2405 68 52 N.
1641 2406 91 70 Y.,
1767 2406 123 54 The
1925 2407 272 69 Lawyers

354 2421 1944 135 cooperative
688 2483 341 71 publishing
1066 2502 302 52 company,
1408 2487 152 50 1930.

353 2563 938 54 ix, 1124 p. front. (port.) 24½ ᶜᵐ .
288 2617 53 55 ©
375 2623 113 42 Dec.
521 2624 70 48 23,
626 2623 117 41 1930;
804 2623 69 43 2c.
907 2624 113 43 Dec.
1055 2624 57 40 26;
1176 2624 83 42 aff.
1294 2625 111 41 Jan.
1440 2623 41 49 2,
1515 2623 115 42 1931;
1696 2625 40 39 A
1769 2623 147 43 32638;
1980 2627 234 46 Lawyers

356 2632 1946 102 cooperative
668 2682 79 42 pub.
771 2691 69 33 co.

283 2775 390 68 Oppenheim,
705 2778 258 53 Edward
993 2777 270 66 Phillips,
1296 2783 173 50 1866-

350 2855 99 69 Up
483 2855 96 53 the
613 2854 201 55 ladder
846 2854 65 55 of
940 2854 155 71 gold,
1127 2856 76 72 by
1236 2856 68 53 E.
1340 2854 255 71 Phillips
1628 2854 378 72 Oppenheim.
2081 2856 236 69 Boston,

279 2932 197 70 Little,
504 2933 234 71 Brown,
768 2932 115 56 and
911 2952 301 51 company,
1243 2936 153 52 1931.

349 3014 664 52 4 p. l., [3]-312 p. 19½ ᶜᵐ .
284 3070 2030 59 © Jan. 2, 1931; 2c. and aff. Jan. 8; A 32667; E. P. Oppenheim, R eepham,
351 3134 224 50 Norfolk,
604 3134 241 50 England.
917 3132 228 52 (31-975)

279 3230 247 65 Parker,
557 3231 158 53 John
745 3231 187 64 Scott,
963 3234 84 52 ed.

350 3311 126 53 The
499 3310 370 70 corporation
893 3311 235 52 manual;
1186 3314 291 67 statutory
1504 3311 326 68 provisions
1856 3310 252 69 relating
2133 3316 58 46 to
2218 3309 98 54 the

279 3388 421 71 organization,
752 3388 328 70 regulation
1133 3391 113 52 and
1299 3389 264 53 taxation
1614 3389 64 52 of
1730 3388 274 55 domestic
2055 3389 258 54 business

278 3468 416 69 corporations,
724 3469 115 54 and
869 3474 59 48 to
959 3469 97 52 the
1088 3467 332 66 admission,
1450 3468 326 70 regulation
1809 3470 114 51 and
1955 3467 264 53 taxation
2250 3470 64 51 of

279 3545 231 71 foreign
543 3548 259 53 business
836 3546 417 70 corporations,
1288 3549 59 51 in
1383 3548 96 52 the
1513 3545 218 54 several
1766 3550 193 63 states,
1992 3545 321 55 territories

278 3626 116 55 and
427 3627 259 53 districts
720 3627 64 54 of
817 3627 98 52 the
946 3626 221 54 United
1204 3624 210 69 States,
1447 3627 287 68 arranged
1766 3626 185 53 under
1984 3647 33 33 a
2048 3625 264 54 uniform

277 3703 422 58 classification,
733 3706 97 54 the
862 3704 282 56 Uniform
1179 3703 160 58 stock
1372 3704 257 55 transfer
1662 3711 107 60 act,
1803 3705 140 54 laws

277 3698 2030 145 regulating-investment
655 3784 327 70 companies
1015 3787 113 51 and
1160 3785 97 52 the
1287 3786 117 52 sale
1436 3785 63 53 of
1530 3788 301 66 corporate

1862 3784 188 53 stocks
2083 3785 113 51 and
276 3797 2010 125 securities
543 3866 114 51 and
693 3864 220 54 federal
947 3866 113 51 and
1093 3867 146 50 state
1273 3862 302 55 anti-trust
1608 3864 157 58 laws,
1798 3862 142 53 with
1976 3861 182 54 forms
2193 3861 114 54 and

280 3941 351 57 precedents,
677 3941 191 55 edited
912 3943 36 52 by
1031 3942 158 54 John
1237 3940 55 57 S.
1340 3941 222 54 Parker
1606 3943 113 52 and
1764 3941 56 53 J.
1867 3942 66 52 B.
1980 3941 68 52 R.
2098 3939 210 63 Smith,
