2505 4370
1063 4033 101 50 481

127 412 353 63 Alexander,
512 413 209 52 Franz.

195 489 121 53 The
359 487 282 70 criminal,
684 487 95 52 the
823 485 193 70 judge,
1062 486 113 52 and
1221 485 95 53 the
1361 484 212 69 public,
1620 503 32 35 a
1697 484 426 70 psychological

123 560 1976 135 analysis, by Franz Alexander … and Hugo Staub … translated from
500 638 1624 71 the German by Gregory Zilboorg … New York,
125 720 119 52 The
273 719 334 53 Macmillan
634 734 298 51 company,
964 720 150 49 1931.

264 798 399 50 xx, 238 p. 19 ½ .
130 853 52 51 ©
212 858 121 40 Mar.
363 857 69 48 31,
462 855 139 47 1931;
632 856 68 40 2c.
730 856 95 39 and
855 866 82 30 aff.
966 855 114 48 Apr.
1110 855 52 46 1;
1194 855 40 39 A
1263 854 172 47 36219;
1469 853 278 44 Macmillan
1840 886 7 6 co.,
210 913 250 50 (31-8647)

123 1005 317 55 American
472 1005 479 65 dermatological
980 1004 377 65 association,
1389 1004 110 54 inc.

256 1084 1870 70 … The pre-sessional volume, containing papers to be read at
126 1163 95 54 the
262 1165 211 51 annual
512 1163 250 68 meeting
800 1168 58 49 to
897 1164 67 52 be
1003 1163 133 53 held
1175 1162 151 53 June
1369 1166 81 64 15,
1493 1165 63 49 16
1597 1163 112 52 and
1753 1161 81 70 17,
1874 1165 153 66 1931,
2067 1168 58 46 at

122 1239 1979 148 Toronto, Canada. [Chicago, Ill., The American medical association, ᶜ1 931]
193 1397 1112 50 484 p. illus., col. pl., tables, diagrs. 21½ ᶜᵐ.
195 1456 139 40 Plate
363 1456 195 47 printed
588 1466 58 30 on
678 1456 114 40 both
823 1455 143 41 sides.

128 1507 52 53 ©
212 1513 114 47 May
356 1514 38 47 7,
427 1510 112 43 1931;
601 1512 67 41 2c.
700 1514 95 38 and
827 1512 82 41 aff.
940 1513 113 47 May
1085 1513 53 38 11;
1202 1512 39 39 A
1273 1510 145 42 38059;
1479 1511 159 42 Amer.
1672 1511 204 41 medical
1909 1522 129 30 assn.

123 1666 121 53 The
271 1663 317 55 American
615 1667 109 52 law
751 1665 113 70 list,
892 1664 331 70 containing
1250 1665 95 53 the
1371 1682 193 37 names
1592 1665 64 52 of
1680 1664 445 69 representative

192 1745 274 53 members
511 1743 67 53 of
622 1745 96 51 the
764 1744 102 52 bar
913 1745 254 67 engaged
1214 1743 62 52 in
1322 1744 228 68 general
1600 1745 112 54 and
1759 1744 361 68 corporation

194 1823 248 66 practice
466 1822 58 52 in
548 1822 94 52 the
666 1821 161 54 cities
848 1823 111 52 and
983 1827 181 48 towns
1188 1821 63 52 of
1277 1822 95 52 the
1396 1820 217 55 United
1639 1820 206 71 States,
1871 1821 253 68 Canada,

193 1899 177 53 Great
411 1899 248 68 Britain,
701 1899 233 55 Central
975 1900 110 52 and
1130 1898 178 54 South
1353 1898 283 70 America,
1678 1899 247 68 Europe,
1964 1899 160 66 Asia,

191 1977 224 69 Africa,
477 1981 100 49 etc.
655 1979 148 50 1931.
880 1977 137 52 New
1077 1975 179 70 York,
1315 1977 121 52 The
1493 1975 306 55 American
1860 1977 109 53 law
2027 1977 100 54 list

196 2059 192 64 [ ᶜ1 930 ]
191 2135 278 49 380 p. 18 ᶜᵐ.
128 2190 52 51 ©
209 2193 111 40 Dec.
350 2193 70 47 15,
450 2191 141 47 1930;
622 2191 68 42 2c.
719 2191 113 49 Apr.
863 2190 68 48 25,
962 2189 139 48 1931;
1134 2190 82 42 aff.
1247 2192 114 47 May
1391 2192 53 46 2;
1477 2191 40 40 A
1547 2190 147 43 36906;
1751 2192 117 40 Law
1898 2193 85 41 list
2012 2192 111 49 pub.

194 2260 80 38 co.,
306 2250 117 39 New
451 2249 145 40 York.

125 2344 347 68 [Anderson,
503 2343 145 53 Nels]
706 2348 170 50 1889-

188 2421 121 53 The
339 2420 145 53 milk
514 2421 113 52 and
656 2420 186 68 honey
874 2424 187 62 route;
1096 2438 31 34 a
1159 2419 307 53 handbook
1500 2418 93 55 for
1625 2419 193 69 hobos,
1847 2420 76 70 by
1954 2421 164 53 Dean

121 2497 137 56 Stiff
296 2498 233 67 [pseud.]
601 2496 162 55 With
797 2516 30 33 a
862 2495 460 70 comprehensive
1355 2498 112 52 and
1500 2499 435 68 unexpurgated
118 2499 1978 145 glossary.

328 2575 338 53 Illustrated
694 2574 75 68 by
799 2573 176 54 Ernie
1004 2573 368 54 Bushmiller.
1436 2574 139 53 New
1604 2573 181 69 York,
1813 2575 121 53 The
117 2576 1977 145 Vanguard
329 2669 175 51 press,
534 2654 151 50 1931.

187 2731 1300 49 xiii p., 1 l. , 13-219 p. incl. front., plates. 19 ½ᶜᵐ .
189 2787 348 48 “Introducing
565 2787 81 41 the
678 2786 206 42 author”
915 2787 195 48 signed:
1143 2786 118 42 Nels
1292 2786 266 43 Anderson.

189 2842 168 43 “Some
383 2842 151 43 books
562 2854 62 31 on
650 2844 81 41 the
760 2842 217 50 subject”
996 2854 9 31 :
1035 2854 42 38 p.
1108 2842 218 43 218-219.

126 2898 52 51 ©
211 2903 121 40 Mar.
363 2902 69 48 19,
464 2901 113 41 1931;
639 2900 67 43 2c.
739 2902 121 40 Mar.
891 2901 54 40 25;
1008 2902 82 41 aff.
1122 2902 122 40 Mar.
1276 2901 58 41 26;
1394 2902 41 40 A
1467 2902 146 42 35416;
1673 2904 265 50 Vanguard
1970 2916 150 38 press,

192 2959 90 40 inc.
353 2959 250 48 (31-8644)

120 3038 264 66 Aschoff,
415 3038 266 65 Ludwig,
713 3044 170 50 1866-

187 3117 118 52 Der
337 3116 485 68 appendicitische
854 3115 202 67 anfall,
1087 3116 149 54 seine
1271 3117 271 69 ätiologie
1573 3119 117 52 und
1721 3120 398 69 pathogenese,

118 3193 1999 74 von Ludwig Aschoff … Mit einem kurzen beitrag über die
115 3270 767 70 lymphgefässverhältnisse
924 3289 89 35 am
1055 3271 413 53 menschlichen
1509 3274 457 56 wurmfortzsatz
2005 3296 110 34 von

118 3350 83 52 dr.
254 3348 78 53 H.
387 3348 169 69 Seng.
631 3348 113 53 Mit
797 3351 66 49 36
918 3349 403 69 abbildungen.
1397 3350 199 53 Berlin
1649 3354 118 52 und
1819 3354 185 68 Wien,
2059 3356 58 54 J.
119 3425 299 71 Springer,
450 3427 148 51 1930.

186 3504 1933 56 4 p. l., 125, [1] p. illus. 24 ½ᶜᵐ . ( Added t.-p.: Pathologie und klinik
117 3562 878 47 in einzeldarstellungen … bd. I)
125 3620 1822 107 © Oct. 20, 1930; 1c. Dec. 9; A —Foreign 10507; Julius Springer. (31-7975)
120 3759 377 56 Association
526 3758 62 53 of
618 3756 309 53 Hawaiian
955 3774 183 47 sugar
1169 3757 448 65 technologists.

186 3837 268 53 Methods
484 3834 64 54 of
577 3833 270 54 chemical
876 3835 220 52 control
1128 3832 94 55 for
1253 3853 135 34 cane
1419 3854 172 50 sugar
1624 3836 270 59 factories
1925 3842 64 55 of
2020 3845 97 53 the

117 3913 360 55 Association
523 3910 64 54 of
630 3909 309 54 Hawaiian
987 3928 172 51 sugar
1206 3911 436 70 technologists;
1694 3917 219 59 revised
1965 3924 153 51 1931.
