2505 4370
1069 3972 131 52 1083

103 372 279 55 National
414 369 355 55 association
802 367 64 53 of
895 366 123 53 real
1047 367 194 51 estate
1271 363 234 54 boards.

171 445 1928 84 Real estate advertising … Chicago, National association of
107 538 770 68 real estate boards, ᶜ1 929.
174 621 86 42 264
289 633 44 37 p.
393 620 129 42 illus.
581 618 58 40 25½ᶜᵐ.

176 693 131 40 Each
336 691 202 46 chapter
567 692 87 38 has
683 687 180 49 special
892 687 97 49 t.-p.

177 747 232 43 Contains
437 746 147 41 blank
611 755 145 38 pages
783 744 80 39 for
893 739 438 43 “Memorandum”.

113 816 51 51 ©
196 820 125 39 June
351 817 69 47 25,
451 814 112 42 1929;
621 814 68 41 2c.
720 815 112 48 Apr.
863 816 29 37 4,
935 812 140 47 1931;
1109 812 82 40 aff.
1223 811 115 49 Apr.
1369 811 52 46 3;
1457 811 40 38 A
1528 809 143 41 36306;
1732 809 130 39 Natl.
1894 815 129 33 assn,
2056 806 52 39 of

186 877 100 38 real
320 877 157 37 estate
512 873 189 41 boards.
772 869 280 50 (31-18050)

111 984 142 53 New
284 982 180 53 York.
538 978 419 65 Metropolitan
987 991 271 39 museum
1288 975 64 54 of
1380 977 116 52 art.

240 1051 1520 77 … A guide to the collections. New York, 1931.
180 1135 1008 55 ix, 127, [1] p. illus., fold. plans. 21½ᶜᵐ.
181 1212 62 39 At
277 1212 122 40 head
433 1211 51 38 of
516 1209 134 41 title:
684 1209 101 38 The
819 1206 344 49 Metropolitan
1197 1215 221 30 museum
1451 1204 51 40 of
1534 1206 93 39 art.

182 1268 241 41 “Seventh
456 1265 196 48 edition,
687 1264 204 40 revised.
952 1262 159 48 10,000
1143 1261 161 49 copies
1337 1260 208 49 printed,
1711 1291 10 17 June,
1755 1260 158 41 1931.”

119 1330 1997 60 © June 8, 1931; 2c. and aff. July 1; A 40215; Metropolitan museum of
186 1400 91 42 art,
312 1397 117 38 New
462 1393 144 43 York.
680 1391 279 49 (31-17895)

115 1504 383 65 Oppenheim,
530 1502 253 54 Edward
810 1501 265 65 Phillips,
1108 1504 170 52 1866-

185 1593 220 68 Simple
443 1593 170 52 Peter
654 1590 214 67 Cradd,
906 1590 75 69 by
1023 1591 65 52 E.
1129 1589 255 69 Phillips
1424 1587 378 69 Oppenheim.
1886 1589 230 63 Boston,

115 1671 193 69 Little,
335 1671 230 68 Brown,
592 1669 114 53 and
731 1684 298 53 company,
1059 1670 151 50 1931.

184 1752 556 52 4 p. l., [3]-319 p. 19½ᶜᵐ.
123 1817 1980 115 © July 14, 1931; 2c. and aff. July 15; A 39478; E. P. Oppenheim, Reepham,
343 1881 220 47 Norfolk,
591 1881 233 45 England.
900 1879 279 48 (31-18071)

119 1978 218 65 Poiret,
368 1976 165 55 Paul.

189 2067 161 69 King
380 2066 63 52 of
478 2064 256 70 fashion;
770 2065 95 52 the
900 2062 460 73 autobiography
1393 2063 63 52 of
1491 2064 147 52 Paul
1672 2063 224 68 Poiret;
121 2068 1972 130 translated

307 2145 75 69 by
420 2142 252 70 Stephen
707 2141 208 54 Haden
952 2142 206 68 Guest;
1197 2140 217 54 sixteen
1450 2140 396 54 illustrations.
121 2142 1972 149 Philadelphia
386 2225 46 50 &

464 2221 259 70 London,
757 2221 55 53 J.
850 2220 65 53 B.
952 2215 339 72 Lippincott
1325 2236 296 53 company,
1660 2223 148 50 1931.

190 2301 880 50 331 p. front., plates, ports. 23 ᶜᵐ.
195 2374 160 40 “First
386 2372 227 43 edition.”

130 2442 51 52 ©
217 2446 114 47 Apr.
365 2444 70 48 21,
471 2442 140 49 1931;
649 2445 66 37 2c.
752 2445 95 38 and
883 2443 80 42 aff.
1002 2444 124 39 June
1162 2444 81 47 24;
1283 2443 40 39 A
1359 2443 171 48 39194;
1570 2443 43 43 J.
1651 2445 52 38 B.
1741 2443 278 49 Lippincott
2055 2454 67 29 co.
208 2501 279 50 (31-17893)

127 2598 241 64 Poirier,
401 2596 328 65 Raymond.

190 2687 80 53 Le
324 2684 301 55 teinturier
680 2684 320 70 détaillant,
1055 2703 106 50 par
1216 2684 305 69 Raymond
1577 2685 240 54 Poirier.
1892 2686 236 53 Manuel

124 2764 241 54 traitant
407 2769 128 48 tous
580 2764 78 52 les
700 2767 246 49 travaux
991 2764 68 52 de
1105 2765 55 51 la
1207 2764 380 68 corporation.
1670 2765 203 66 [Paris,
131 2765 1974 132 Imprimerie
331 2842 67 53 E.

430 2840 438 71 Picavet, ᶜ1 931]
195 2923 877 51 1 p. l., [5]-288 p., 3 l. illus. 19½ᶜᵐ.
196 2994 314 49 Advertising
536 2997 179 40 matter
742 2995 329 48 interspersed
1099 2997 95 38 and
1223 2994 225 42 included
1476 2996 49 39 in
1553 2994 190 50 paging.

136 3059 1855 114 © Mar. 25, 1931; 1c. May 1; A—Foreign 11970; R. Poirier, Paris. (31-17874)
134 3220 260 64 Proctor,
427 3219 234 54 Arthur
689 3219 257 57 Marcus.

205 3308 431 72 Safeguarding
689 3311 96 51 the
838 3310 190 54 school
1081 3310 225 55 board’s
1362 3311 276 68 purchase
1693 3312 63 51 of
1811 3311 319 55 architect’s

136 3382 1995 76 working drawings, by Arthur Marcus Proctor … New York
135 3464 132 71 city,
300 3464 278 54 Teachers
611 3467 226 66 college,
873 3466 297 55 Columbia
1203 3467 336 69 university,
1576 3471 146 51 1931.

138 3541 1973 110 viii, 138 p. illus. (plans) 23½ ᶜᵐ. (Teachers college, Columbia university. Contributions
796 3607 49 36 to
879 3603 271 48 education,
1185 3615 75 31 no.
1294 3605 111 45 474)

211 3673 224 40 Includes
467 3684 26 29 a
528 3673 146 41 check
707 3674 82 39 list
824 3674 51 39 of
908 3673 153 48 items,
1096 3674 158 40 which
1287 3674 98 40 will
1420 3686 137 29 serve
1590 3685 54 31 as
1679 3687 58 28 an
1773 3676 77 39 aid
1889 3679 46 36 to
1969 3677 159 38 school

140 3729 174 41 boards
339 3730 96 39 and
465 3739 53 30 as
547 3739 26 30 a
602 3731 143 45 guide
774 3733 48 37 to
851 3730 277 42 architects.

211 3785 376 49 Bibliography:
619 3797 43 37 p.
691 3785 216 43 109-113.

147 3852 51 53 ©
228 3858 113 46 Apr.
371 3859 69 45 17,
473 3856 110 42 1931;
645 3859 66 40 2c.
741 3860 112 45 May
883 3856 26 41 9;
969 3859 81 40 aff.
1082 3861 112 45 May
1227 3861 25 39 7;
1313 3860 39 38 A
1382 3859 143 41 38067;
1586 3860 53 42 A.
1673 3862 62 39 M.
1768 3859 213 49 Proctor,
214 3861 1906 99 Durham,
380 3915 56 39 N.
479 3914 47 41 C.
599 3915 278 47 (31-17878)
