2575 4398
1135 4043 65 48 55

166 375 207 64 Green,
404 374 175 63 Leon,
615 378 169 49 1888-

230 453 190 68 Judge
449 451 114 52 and
587 449 152 70 jury,
764 449 76 69 by
867 449 156 52 Leon
1051 446 202 56 Green.
1329 446 227 53 Kansas
1586 444 153 70 City,
1767 445 135 67 Mo.,
1930 445 230 54 Vernon

160 532 107 51 law
299 529 146 53 book
476 547 98 48 co.,
606 529 151 51 1930.

226 612 61 47 vi,
308 610 89 41 429
416 622 42 37 p.
518 610 147 41 23½ᶜᵐ.

230 670 182 46 Essays
435 678 60 29 on
518 676 136 31 cases
677 666 160 40 which
859 666 143 39 make
1023 675 66 38 up
1111 666 99 38 tort
1231 665 107 38 law.
1401 663 62 48 cf.
1497 662 275 41 Foreword.

165 733 52 52 ©
243 738 118 39 Nov.
387 735 69 49 12,
483 734 142 49 1930;
652 735 68 41 2c.
748 736 95 39 and
871 735 80 40 aff.
981 734 110 41 Jan.
1119 734 69 48 10,
1217 731 140 49 1931;
1386 732 42 39 A
1453 731 173 49 33107;
1656 732 51 41 L.
1737 731 170 49 Green,
1938 730 223 49 Chicago.

242 793 251 50 (31-2155)

165 889 376 65 Greenwood,
571 889 237 64 Ernest,
840 893 171 49 1883-

228 966 212 52 Amber
465 974 59 46 to
553 982 278 50 amperes;
862 964 95 54 the
985 969 156 65 story
1170 963 63 53 of
1258 961 330 70 electricity,
1616 963 74 67 by
1717 961 208 54 Ernest
162 960 1975 137 Greenwood

412 1040 1518 72 … New York, London, Harper & brothers, 1931.
230 1123 51 40 ix
306 1134 58 38 p.,
389 1123 26 39 1
462 1154 23 17 l.,
510 1123 85 41 332
622 1133 43 38 p.
724 1122 166 48 front.,
917 1122 143 48 illus.,
1090 1122 171 48 plates,
1287 1123 150 47 ports.
1496 1121 147 41 24½ᶜᵐ.

232 1180 162 41 “First
419 1179 226 41 edition.”

230 1236 378 48 Bibliography:
636 1246 42 38 p.
705 1235 218 41 319-321.

166 1307 51 51 ©
242 1311 110 40 Jan.
377 1310 68 48 15,
470 1307 140 49 1931;
636 1309 68 40 2c.
730 1309 108 39 Jan.
865 1309 53 39 13;
974 1307 82 41 aff.
1081 1308 110 40 Jan.
1217 1308 82 46 17;
1326 1306 42 39 A
1391 1305 171 49 32843;
1590 1307 197 47 Harper
1810 1306 36 40 &
1870 1306 126 40 bros.

247 1365 249 51 (31-2449)

165 1462 212 65 Hecht,
415 1464 142 63 Ben,
600 1468 170 49 1893-

293 1536 1589 71 … A Jew in love. New York, Covici, Friede [ ᶜ1 931 ]
228 1621 29 38 4
286 1630 43 38 p.
359 1621 45 47 1.,
435 1619 158 48 3-341,
627 1620 55 49 [1]
714 1629 43 38 p.
926 1651 9 9 20ᶜᵐ.

231 1678 64 39 At
320 1678 125 39 head
471 1677 51 39 of
546 1677 136 40 title:
709 1677 74 47 By
811 1676 102 39 Ben
939 1676 175 40 Hecht.

167 1747 51 52 ©
248 1751 110 40 Jan.
386 1750 69 48 26,
485 1748 140 48 1931;
656 1749 66 40 2c.
753 1749 108 39 Jan.
891 1747 82 47 28;
1005 1747 82 41 aff.
1117 1748 110 40 Jan.
1255 1745 84 49 29;
1371 1747 42 39 A
1440 1746 172 49 34055;
1646 1745 176 50 Covici,
1855 1746 187 48 Friede,
2072 1746 92 40 inc.

245 1807 249 49 (31-2673)

165 1901 375 64 Helderman,
572 1901 267 52 Leonard
872 1900 254 55 Clinton.

232 1977 270 54 National
533 1978 111 52 and
675 1981 145 50 state
847 1976 207 68 banks;
1087 1996 31 35 a
1148 1976 172 71 study
1351 1974 62 55 of
1441 1974 149 55 their
1619 1974 234 71 origins,
1882 1974 75 70 by
163 1974 1977 136 Leonard

320 2053 1840 70 C. Helderman … Boston and New York, Houghton
160 2133 204 54 Mifflin
395 2151 294 52 company,
722 2136 151 50 1931.

264 2212 1902 52 x p., 1 l., 178 p. 21ᶜᵐ. (Half-title: Hart, Schaffner & Marx prize
162 2281 180 37 essays,
502 2269 15 49 XLIX)

234 2326 444 49 “Bibliographical
709 2325 170 41 note”:
911 2337 45 38 p.
992 2325 247 51 [167]-174.

168 2399 52 51 ©
251 2403 110 40 Jan.
391 2402 68 48 14,
490 2400 140 45 1931;
662 2398 67 42 2c.
762 2400 110 40 Jan.
903 2399 82 47 15;
1018 2399 82 40 aff.
1133 2399 109 40 Jan.
1274 2399 82 46 14;
1388 2398 44 40 A
1459 2398 172 48 33156;
1666 2399 143 48 Hart,
1845 2397 252 42 Schaffner
2129 2398 37 40 &

236 2459 155 48 Marx,
423 2458 223 48 Chicago.
720 2455 249 51 (31-2264)

167 2552 384 65 Herrington,
578 2550 193 55 Lewis
797 2551 249 66 Marion,
1077 2552 171 55 1857-

238 2631 55 54 A
348 2632 198 53 doctor
601 2630 298 69 diagnoses
955 2629 226 69 Russia,
1237 2629 74 70 by
1366 2630 105 53 Dr.
1527 2629 67 54 L.
1651 2629 80 54 M.
1790 2628 376 69 Herrington.

169 2708 1436 69 McKees Rocks, Pa., L. M. Herrington [ ᶜ1 930]
235 2792 98 49 127,
366 2793 54 48 [1]
453 2803 41 37 p.
555 2792 146 41 18½ᶜᵐ.

170 2859 51 52 ©
250 2863 112 40 Dec.
389 2862 70 48 20,
488 2862 118 40 1930;
658 2862 66 40 2c.
755 2864 97 39 and
880 2862 81 40 aff.
992 2862 109 40 Jan.
1130 2860 69 48 22,
1230 2861 141 48 1931;
1402 2862 44 39 A
1472 2861 171 47 32934;
1675 2861 53 42 L.
1757 2862 63 39 M.
1852 2860 315 48 Herrington.

248 2918 250 50 (31-2429)

167 3013 247 64 Huddle,
444 3012 255 55 William
729 3012 209 64 David,
972 3018 324 49 1861-1928.

233 3088 240 72 History
500 3088 63 53 of
592 3089 94 52 the
714 3088 366 54 descendants
1107 3088 63 53 of
1196 3089 154 54 John
1379 3089 202 53 Hottel
1621 3088 363 72 (immigrant
2012 3088 151 53 from

163 3166 376 54 Switzerland
567 3172 58 47 to
653 3167 292 71 America)
986 3167 112 53 and
1128 3187 71 33 an
1227 3169 290 51 authentic
1544 3167 385 69 genealogical
1958 3166 204 69 family

164 3245 235 67 register
426 3244 63 52 of
517 3251 92 47 ten
635 3245 358 67 generations
1022 3244 150 52 from
1198 3245 97 53 the
1323 3244 123 54 first
1474 3245 63 53 of
1565 3247 96 52 the
1686 3263 165 36 name
1877 3245 59 51 in
165 3246 1974 143 America,

305 3322 151 66 1732,
489 3327 59 47 to
582 3321 94 53 the
711 3329 225 61 present
968 3322 153 70 time,
1160 3326 151 65 1929,
1347 3322 140 54 with
1525 3341 302 34 numerous
1861 3322 152 54 brief
164 3322 1976 145 biographical

501 3399 267 69 sketches,
808 3399 267 53 collected
1115 3400 112 52 and
1266 3400 280 68 compiled
1587 3400 152 54 from
1776 3419 172 51 many
165 3401 1975 142 indisputable

425 3494 245 37 sources:
703 3484 159 46 court
891 3478 112 52 and
1035 3477 208 53 church
1273 3478 240 68 records,
1544 3479 95 53 old
1671 3479 112 52 and
1814 3478 113 55 late
1957 3478 207 69 family

165 3554 1976 144 records and tombstones of the many states in the Union … Begun
311 3631 75 69 by
420 3631 135 55 Rev.
591 3633 88 53 W.
717 3632 69 52 D.
821 3632 251 68 Huddle,
1146 3678 9 8 B.
1223 3675 28 26 S.,
1287 3634 113 51 and
1432 3634 312 71 completed
1782 3634 73 72 by
1887 3634 88 53 his
2012 3634 150 66 wife,

166 3709 1998 72 Lulu May Huddle … Strasburg, Va., Shenandoah publishing
165 3786 184 69 house,
378 3788 125 66 inc.,
537 3791 147 49 1930.

239 3870 79 39 xvi
347 3880 59 38 p.,
436 3872 29 39 2
493 3871 44 47 1.,
574 3870 202 51 [3]-1183
807 3880 43 39 p.
882 3870 109 41 incl.
1024 3871 147 41 front.
1201 3874 133 48 (coat
1364 3872 51 41 of
1445 3874 155 47 arms)
1640 3874 141 47 illus.,
1813 3875 147 47 ports.
2019 3876 145 39 23½ᶜᵐ.

175 3922 51 52 ©
255 3927 108 40 Jan.
392 3927 69 48 20,
490 3926 140 49 1931;
659 3927 67 42 2c.
755 3929 95 38 and
878 3928 82 40 aff.
989 3929 109 39 Jan.
1127 3928 54 39 22;
1240 3929 42 39 A
1308 3927 169 49 32925;
1513 3929 324 41 Shenandoah
1866 3932 109 47 pub.
2004 3932 163 46 house,

243 3983 92 42 inc.
407 3984 249 51 (31-2115)
