2428 4370
1079 4015 134 55 1787

124 394 261 62 Murray.
416 393 156 52 Max.

196 469 162 69 Long
397 486 121 50 way
559 474 58 46 to
654 465 257 68 London,
947 466 34 51 by
1059 465 139 51 Max
1237 464 256 67 Murray.
1569 461 258 65 London,
1868 459 55 54 J.
1966 457 153 69 Cape

151 550 149 64 [1931]

191 626 636 53 2 p. l., 7-282. [1] p. 21 ᶜᵐ.
131 690 1991 58 © 1c. Sept. 2, 1931; A ad int. 15447; pubd. July 6; Jonathan Cape &
200 756 235 40 Harrison
471 755 169 39 Smith,
670 755 104 47 inc.,
804 752 118 42 New
951 752 143 40 York.
1165 750 282 50 (31-32690)

129 849 301 62 Newman,
466 849 250 51 Edward
751 848 252 57 Manuel,
1042 851 167 48 1870-

258 918 1868 75 … Seeing Paris, by E. M. Newman … over 300 illustrations
131 1002 149 52 from
325 1002 246 68 original
621 1001 407 68 photographs.
1104 1000 139 51 New
1291 999 161 51 York
1497 998 112 53 and
1655 998 257 65 London,
1958 994 169 54 Funk

172 1078 845 72 & Wagnalls company, 1931.
198 1157 1838 53 xxii p., 1 l., 387 p. incl. front., illus. fold. map (in pocket) 23½ ᶜᵐ.
138 1218 255 48 (Newman
426 1217 313 46 traveltalks)

199 1273 140 50 Maps
368 1284 59 30 on
460 1274 360 47 lining-papers.

202 1330 160 42 “First
400 1328 610 50 published—September,
1047 1329 156 40 1931.”

136 1398 52 52 ©
216 1403 126 47 Sept.
371 1402 67 46 18,
469 1401 103 38 1931;
637 1404 63 35 2c.
730 1402 91 40 and
851 1411 80 29 aff.
961 1400 102 40 Oct.
1091 1402 26 34 6;
1174 1402 39 35 A
1239 1398 171 47 42956;
1445 1397 136 41 Funk
1609 1402 36 40 &
1674 1396 250 47 Wagnalls
1951 1407 65 29 co.

214 1458 279 49 (31-30622)

133 1553 176 56 Nute,
339 1553 186 52 Grace
551 1552 131 53 Lee.

198 1629 119 52 The
354 1646 298 50 voyageur,
685 1629 71 67 by
790 1626 179 54 Grace
1001 1627 108 54 Lee
1142 1627 178 61 Nute;
1356 1624 377 54 illustrations
1764 1625 72 69 by
1872 1622 134 56 Carl
2041 1622 86 54 W.

134 1706 249 54 Bertsch.
453 1706 134 52 New
626 1705 157 52 York
820 1704 108 55 and
969 1705 251 61 London,
1257 1705 65 51 D.
1363 1702 287 70 Appleton
1689 1703 109 53 and
1835 1717 293 53 company,

135 1787 145 50 1931.

201 1864 86 40 viii
316 1875 57 37 p.,
400 1864 26 38 2
474 1895 21 10 l.,
525 1863 157 42 3-288,
713 1882 10 29 [1]
798 1874 42 36 p.
897 1862 162 48 front.,
1090 1863 125 40 illus.
1272 1863 55 39 22½ᶜᵐ.

205 1920 136 48 Maps
374 1930 59 30 on
467 1920 360 46 lining-papers.

206 1977 222 41 Includes
463 1986 141 37 songs
639 1975 118 40 with
791 1974 166 42 music.

204 2032 205 43 “Notes”
436 2032 282 48 containing
741 2031 364 49 bibliography:
1137 2043 39 36 p.
1205 2031 234 49 265-[281]

142 2103 50 52 ©
220 2106 101 41 Oct.
347 2106 69 46 23,
443 2105 111 40 1931;
611 2105 66 39 2c.
707 2105 100 39 Oct.
834 2104 58 39 26;
946 2102 82 42 aff.
1057 2104 102 40 Oct.
1185 2104 57 38 24;
1296 2105 42 38 A
1363 2104 146 39 43513;
1567 2104 55 38 D.
1653 2105 239 46 Appleton
1920 2105 35 39 &
1981 2114 68 32 co.

218 2162 281 50 (31-31636)

142 2254 380 65 Oppenheim,
552 2255 251 52 Edward
833 2253 264 66 Phillips,
1132 2259 169 49 1866-

204 2330 325 68 Gangsters’
557 2329 183 68 glory,
765 2329 73 69 by
866 2328 68 55 E.
963 2328 250 68 Phillips
1241 2326 374 70 Oppenheim.
1681 2329 232 69 Boston,
1941 2329 193 55 Little,

140 2407 221 59 Brown,
389 2407 112 54 and
529 2425 294 49 company,
854 2409 148 50 1931.

203 2490 559 51 4 p. l. , [3]-239 p. 19½ ᶜᵐ.
146 2557 50 53 ©
227 2560 101 43 Oct.
357 2561 54 39 23,
457 2562 107 39 1931;
626 2561 65 39 2c.
723 2561 94 39 and
847 2558 80 42 aff.
960 2559 102 41 Oct.
1092 2559 59 40 28;
1207 2561 40 37 A
1276 2558 148 42 43626;
1481 2561 50 39 E.
1564 2561 50 39 P.
1647 2561 310 48 Oppenheim,
213 2561 1906 100 Keepham.

368 2617 220 47 Norfolk,
618 2617 234 47 England.
924 2615 280 48 (31-28129)

215 2727 207 47 [Oursler,
459 2714 137 52 Mrs.
635 2711 183 53 Grace
862 2711 334 70 (Perkins)]

142 2787 1974 137 Promiscuous, by Dora Macy [pseud.] … New York, Brentano’s.
372 2872 148 49 1931.

215 2947 665 51 xvi p., 2 l., 3-329 p. 19½ ᶜᵐ.
149 3016 51 51 ©
230 3019 117 43 Nov.
376 3021 40 46 4,
447 3018 109 41 1931;
619 3019 66 40 2c.
716 3021 93 38 and
841 3018 79 41 aff.
953 3020 116 38 Nov.
1102 3020 54 45 6;
1186 3020 42 38 A
1255 3020 114 40 43803;
1460 3020 302 42 Brentano’s,
1795 3020 90 40 inc.

227 3075 279 48 (31-31666)

148 3167 247 65 Palmer,
429 3169 331 64 Frederick,
796 3173 167 52 1873-

213 3245 232 55 Newton
489 3247 67 50 D.
599 3245 217 67 Baker;
858 3246 263 56 America
1160 3253 57 47 at
1256 3266 134 45 war,
1427 3246 165 54 based
1636 3266 69 34 on
1746 3248 94 51 the
1878 3245 257 69 personal

149 3341 200 49 papers
390 3324 62 51 of
492 3324 94 53 the
623 3329 277 66 secretary
941 3325 64 50 of
1043 3344 117 34 war
1198 3327 57 50 in
1298 3325 94 52 the
1431 3324 178 54 world
1649 3343 146 48 war;
1835 3324 88 53 his
145 3342 1970 125 correspondence

492 3401 136 54 with
666 3401 95 54 the
796 3400 298 57 President
1132 3402 108 53 and
1280 3401 315 69 important
1630 3402 218 54 leaders
1884 3408 58 47 at
1978 3401 161 53 home

146 3477 107 52 and
308 3477 238 53 abroad:
601 3478 92 53 the
745 3477 358 56 confidential
1159 3480 347 67 cablegrams
1558 3478 244 55 between
1854 3480 94 53 the
2003 3477 137 56 War

146 3553 352 70 department
541 3554 107 53 and
691 3554 404 68 headquarters
1137 3556 56 52 in
1240 3557 242 53 France:
1526 3557 95 52 the
1660 3558 243 51 minutes
1944 3557 63 52 of
2047 3555 93 54 the

151 3631 132 52 War
315 3630 305 55 industries
691 3632 153 56 board,
877 3633 109 54 and
1022 3634 160 52 other
1214 3633 298 53 first-hand
1551 3635 276 66 material,
1859 3634 72 68 by
146 3633 1966 128 Frederick

326 3706 1743 75 Palmer … New York. Dodd. Mead & company, 1931.
218 3786 1278 52 2 v. fronts., plates. ports., maps, facsims. 23½ ᶜᵐ.
221 3846 348 41 “References”
597 3848 51 38 at
674 3848 91 38 end
792 3848 52 38 of
869 3849 118 39 each
1013 3850 203 39 volume.

156 3899 50 52 ©
235 3902 100 42 Oct.
364 3902 58 41 30,
462 3902 106 41 1931;
632 3904 66 39 2c.
728 3905 115 39 each
872 3904 115 40 Nov.
1018 3906 28 38 7;
1102 3904 80 41 aff.
1212 3906 115 38 Nov.
1357 3906 24 38 6;
1441 3907 39 39 A
1507 3905 172 49 43869;
1713 3908 50 38 F.
1794 3907 205 48 Palmer,
2028 3907 117 41 New

222 3959 143 43 York.
439 3960 280 49 (31-28311)
