2428 4370
1182 4015 137 51 2082

318 429 743 49 2 p. l., 9-270 p. front. 20½ᶜᵐ.
256 484 52 52 ©
339 488 112 40 Dec.
483 487 70 48 18,
584 486 115 41 1931;
758 487 66 40 2c.
856 489 97 38 and
983 486 82 41 aff.
1098 487 113 42 Dec.
1242 487 58 41 23;
1359 488 40 39 A
1429 488 148 41 46547;
1637 489 192 40 Burton
1859 489 111 48 pub.
2001 498 70 31 co.
334 544 224 49 (32-327)

250 640 219 66 Chave,
498 641 222 53 Ernest
748 640 175 57 John.

321 716 379 69 Supervision
737 718 63 53 of
839 718 273 70 religious
1150 719 321 70 education,
1508 721 78 68 by
1624 722 212 51 Ernest
1873 722 158 54 John
2072 722 194 55 Chave

310 795 1815 73 … Chicago, Ill., The University of Chicago press [1931]
389 878 1879 51 xv, 352 p. 20 ᶜᵐ. (Half-title: The University of Chicago publications
251 934 1695 52 in religious education … Handbooks of ethics and religion)
256 991 53 53 ©
342 995 104 41 Oct.
475 996 72 48 27,
579 994 113 42 1931;
754 996 68 40 2c.
854 997 97 39 and
983 995 82 41 aff.
1098 996 112 41 Dec.
1244 996 55 40 12;
1361 997 44 39 A
1433 996 150 41 45428;
1641 996 286 50 University
1959 996 55 43 of
2044 997 225 49 Chicago,

324 1052 226 50 Chicago.
622 1053 223 49 (32-128)

250 1146 259 68 Church,
536 1148 242 56 Samuel
802 1148 265 67 Harden,
1098 1154 174 51 1858-

319 1226 124 54 The
480 1226 234 54 Liberal
753 1232 172 64 party
963 1228 61 55 in
1063 1227 288 68 America,
1387 1226 75 55 its
1500 1227 314 69 principles
1853 1228 114 54 and
2005 1226 75 56 its
251 1229 1992 145 platform,

469 1304 1798 73 by Samuel Harden Church … New York, London,
248 1383 70 56 G.
346 1386 66 53 P.
442 1383 300 55 Putnam’s
772 1403 145 50 sons,
949 1389 152 51 1931.

320 1465 63 50 vi,
412 1466 87 40 124
527 1478 45 38 p.
631 1466 60 41 19½ᶜᵐ.

256 1520 53 53 ©
337 1525 119 40 Nov.
485 1525 41 49 6,
553 1524 114 42 1931;
725 1525 67 42 2c.
821 1526 97 40 and
946 1526 82 41 aff.
1058 1526 112 40 Dec.
1200 1526 25 40 5;
1283 1526 42 39 A
1352 1526 147 41 45334;
1561 1526 45 41 S.
1636 1527 61 41 H.
1728 1526 209 49 Church,
1967 1525 304 50 Pittsburgh.

335 1582 224 49 (32-300)

250 1669 196 70 Clark,
475 1676 140 56 Mrs.
646 1675 220 64 Myrtle
905 1675 278 67 (Bowen)
1223 1679 172 51 1894-

320 1755 176 53 Jones
523 1755 316 67 genealogy;
896 1755 173 68 being
1094 1776 32 34 a
1154 1757 199 52 record
1381 1756 67 52 of
1473 1756 96 52 the
1596 1757 372 52 descendants
1997 1755 64 54 of
2088 1755 183 69 Hugh

249 1835 178 54 Jones
466 1835 65 52 of
573 1833 208 69 Salem,
818 1835 193 66 Mass.,
1052 1832 287 70 emigrant
1377 1835 154 51 from
1571 1833 367 68 Wincanton,
1979 1834 292 68 England,

251 1918 330 64 1635-1931,
623 1914 76 67 by
740 1914 218 68 Mrytle
1010 1913 271 69 (Bowen)
1335 1912 194 55 Clark.
1633 1912 81 56 [St.
1758 1913 354 68 Johnsbury,
2154 1913 117 68 Vt.,

252 1993 790 69 Cowles press, inc., ᶜ1 931]
323 2065 894 53 9 p. l., [25]-219, [5] p. port. 23½ᶜᵐ.
325 2128 227 39 Includes
589 2125 152 40 blank
778 2134 147 39 pages;
992 2123 151 41 blank
1181 2133 150 38 pages
1367 2123 78 40 for
1487 2122 272 42 “Records”
1810 2122 252 50 (203-216);
2141 2123 129 41 form

251 2186 80 40 for
364 2183 247 42 “Owner’s
641 2181 217 50 lineage”
901 2182 66 48 (p.
997 2179 231 49 197-200)

325 2241 297 42 “Reference
654 2239 178 41 books”
853 2251 9 28 :
898 2250 44 38 p.
994 2237 237 51 [187]-195.

256 2295 53 53 ©
338 2300 114 41 Dec.
479 2299 73 47 23,
579 2298 113 40 1931;
752 2297 67 41 2c.
849 2298 96 39 and
975 2296 83 40 aff.
1087 2295 112 41 Dec.
1231 2295 55 41 28;
1345 2295 41 40 A
1414 2295 145 40 46611;
1621 2295 63 42 M.
1714 2295 55 41 B.
1800 2294 164 48 Clark,
1998 2294 68 42 St.
323 2295 1929 110 Johnsbury,

489 2357 76 39 Vt.
638 2354 192 50 (32-16)

250 2435 199 67 Craig,
479 2437 127 53 Asa
634 2434 305 67 Hollister,
972 2437 173 55 1847-
1360 2452 181 53 comp.

314 2513 194 53 Pieces
541 2512 94 54 for
669 2511 158 69 prize
861 2511 278 69 speaking;
1205 2531 31 33 a
1271 2511 298 54 collection
1603 2510 62 52 of
1700 2528 133 36 over
1866 2528 104 35 one
2002 2508 264 56 hundred

244 2612 123 34 new
411 2589 186 70 pieces
641 2589 187 55 which
871 2590 147 54 have
1060 2589 175 55 taken
1278 2590 186 67 prizes
1508 2590 61 52 in
1613 2587 158 70 prize
1815 2586 279 70 speaking
243 2604 1998 134 contests,

243 2664 1998 135 compiled and edited by A. H. Craig … and Binney Gunnison …
567 2743 1136 72 New York, Noble and Noble [ ᶜ1 931 ]
315 2829 382 50 ix, 437 p. 21 ᶜᵐ.
255 2884 53 53 ©
337 2888 102 41 Oct.
468 2889 70 48 31,
566 2887 113 41 1931;
737 2887 67 40 2c.
833 2887 113 39 Dec.
973 2886 58 40 10;
1087 2884 82 41 aff.
1199 2886 111 41 Dec.
1340 2886 54 39 11;
1452 2885 43 40 A
1519 2885 147 40 46445;
1724 2885 152 41 Noble
1905 2886 37 40 &
1968 2884 167 42 Noble.
2199 2880 74 55 [©

321 2956 149 38 pages
495 2945 222 49 419-437]
790 2944 223 50 (32-355)

248 3026 211 66 Crane,
488 3027 178 64 Mary
693 3026 337 65 Magdalen,
1059 3026 186 73 sister,
1276 3030 172 51 1889-

316 3103 264 70 Changes
613 3104 61 53 in
704 3104 96 54 the
833 3104 352 70 respiratory
1217 3102 258 69 quotient
1508 3103 63 54 of
1600 3102 174 54 white
1807 3102 143 54 mice
1983 3101 165 54 when
242 3099 1998 152 injected

459 3182 142 53 with
634 3183 96 52 the
761 3182 167 54 blood
963 3182 64 53 of
1057 3182 225 55 normal
1318 3182 113 54 and
1466 3182 412 69 psychopathic
1911 3178 355 55 individuals

306 3257 1960 75 … by Sister Mary Magdalen Crane … Washington, D. C.,
243 3338 122 54 The
401 3338 265 56 Catholic
700 3338 321 72 university
1057 3338 65 54 of
1158 3339 285 68 America,
1482 3341 150 50 1931.

314 3419 876 50 3 p. l., 38 p. 1 illus., diagr. 23 ᶜᵐ.
312 3475 175 42 Thesis
529 3476 111 48 (PH.
704 3476 332 49 D.)—Catholic
1069 3476 276 50 university
1378 3477 53 42 of
1464 3476 240 42 America.

315 3533 377 50 “Biographical
733 3533 187 43 items.”

253 3589 51 52 ©
330 3594 112 41 Dec.
466 3594 41 49 2,
532 3593 114 42 1931;
699 3592 69 42 2c.
791 3594 114 41 Dec.
930 3594 54 40 11;
1041 3593 83 43 aff.
1149 3594 112 41 Dec.
1288 3594 54 40 12;
1399 3594 40 39 A
1463 3592 146 42 45419;
1666 3593 223 42 Catholic
1914 3592 274 47 university
2216 3591 52 42 of

319 3650 240 42 America.
631 3650 221 50 (32-108)

244 3740 250 66 Daniell,
524 3742 72 55 A.
625 3742 187 56 Scott.

316 3809 213 70 Young
575 3811 268 70 English,
889 3811 96 54 the
1033 3816 160 65 story
1241 3810 66 55 of
1354 3830 32 34 a
1436 3810 192 54 school
1677 3810 129 69 boy,
1852 3808 78 71 by
1978 3807 71 54 A.
2102 3806 158 57 Scott

244 3884 249 61 Danielb
553 3889 264 69 London,
843 3890 57 55 J.
929 3890 160 69 Cape
1120 3892 175 66 [1931]
