2428 4370
1002 3985 131 54 1723

81 364 1993 73 Michigan digest. October, 1931, cumulative pamphlet … with
151 448 149 52 table
325 446 64 53 of
412 452 252 48 statutes.
743 445 81 54 St.
851 446 165 67 Paul,
1040 445 159 52 West
1225 444 335 70 publishing
1584 463 98 48 co.,
1708 446 150 51 1931.

148 527 57 41 68
234 538 43 38 p.
341 527 143 39 25½ᶜᵐ.

84 594 51 52 ©
165 598 101 40 Oct.
295 598 69 45 12,
392 596 113 40 1931;
563 597 67 40 2c.
659 597 117 40 Nov.
804 595 55 40 12;
918 595 82 41 aff.
1030 596 118 39 Nov.
1178 595 54 39 13;
1290 595 41 38 A
1359 593 143 42 43982;
1561 596 137 39 West
1725 594 108 49 pub.
1865 604 66 31 co.

82 705 206 63 Miller,
316 706 304 53 Barnette.

145 778 233 71 Beyond
412 779 94 53 the
543 778 251 54 Sublime
830 783 188 63 porte;
1054 778 97 54 the
1184 777 199 55 Grand
1420 777 240 69 seraglio
1696 778 62 52 of
1793 777 279 66 Stambul,

77 853 1992 71 by Barnette Miller … with an introduction by Halidé Edib.
75 932 133 53 New
244 932 221 67 Haven,
502 931 144 56 Yale
681 932 313 67 university
1030 950 184 49 press;
1251 930 257 69 London,
1542 932 75 54 H.
1654 931 266 68 Milford,
74 930 1973 133 Oxford

236 1009 313 70 university
578 1027 172 50 press,
782 1012 147 49 1931.

144 1090 1526 50 xxv, 281 p. front., plates, port., plans (3 fold.) 24 ᶜᵐ .
146 1146 289 43 “Published
470 1158 58 29 on
561 1148 83 41 the
679 1148 229 48 Kingsley
944 1149 126 37 trust
1105 1146 292 41 association
1433 1146 295 48 publication
1765 1148 119 41 fund
75 1148 1980 96 established

263 1206 60 46 by
357 1203 82 42 the
475 1203 148 40 Scroll
660 1200 94 43 and
789 1205 89 47 key
913 1201 180 51 society
1129 1203 51 41 of
1214 1203 116 42 Yale
1366 1202 326 49 college.”—p.
1743 1203 43 51 [3]

143 1259 345 49 Bibliography:
547 1270 43 37 p.
637 1259 233 50 [263]-272.

83 1327 51 53 ©
160 1332 101 40 Oct.
285 1331 68 48 16,
378 1331 111 40 1931;
543 1331 66 38 2c.
637 1330 101 40 Oct.
763 1329 53 39 21;
873 1328 80 42 aff.
982 1329 100 40 Oct.
1107 1328 82 48 20;
1218 1330 40 38 A
1282 1330 171 47 43438;
1482 1330 121 40 Yale
1627 1329 271 48 university
1923 1340 149 38 press.

160 1387 278 49 (31-31373)

80 1480 279 65 Mitchell,
391 1480 320 63 Jonathan,
747 1486 167 48 1894-

145 1557 178 54 Goose
354 1564 150 60 steps
535 1563 56 45 to
626 1575 162 48 peace.
840 1557 68 68 by
944 1557 293 53 Jonathan
1270 1556 274 53 Mitchell.
1616 1557 230 67 Boston,
1879 1556 193 66 Little,

78 1635 223 58 Brown,
333 1635 109 53 and
477 1652 293 49 company,
804 1638 147 50 1931.

145 1714 415 49 x, 320 p. 21 ᶜᵐ .
147 1772 40 39 A
214 1773 145 47 study
386 1771 52 40 of
465 1772 82 39 the
573 1775 194 44 present
796 1772 151 38 world
976 1781 143 38 peace
1150 1772 227 48 problem,
1407 1772 194 47 dealing
1628 1773 185 47 largely
1845 1773 114 40 with
1994 1774 77 40 the

78 1828 344 41 international
462 1827 308 40 conferences
804 1830 51 37 at
892 1827 318 48 Washington
1244 1827 49 40 in
1329 1828 127 48 1921,
1495 1829 214 40 Locarno
1743 1829 48 40 in
1830 1829 112 40 1925
1976 1832 93 38 and

77 1886 195 40 London
299 1885 49 40 in
379 1884 127 41 1930.

82 1953 51 53 ©
161 1958 99 40 Oct.
287 1957 68 48 23,
382 1957 112 41 1931;
549 1957 67 40 2c.
643 1958 95 40 and
764 1956 80 41 aff.
873 1956 100 40 Oct.
1000 1957 56 39 27;
1111 1956 40 39 A
1176 1955 143 41 43552;
1377 1957 43 40 J.
1448 1957 232 49 Mitchell,
1707 1958 116 39 New
1851 1957 144 42 York.

158 2014 280 49 (31-31316)

79 2107 233 64 Morris,
343 2108 139 52 Earl
511 2107 304 64 Halstead,
849 2112 170 50 1889-

143 2185 118 53 The
288 2184 232 68 Temple
549 2183 64 53 of
637 2184 95 53 the
757 2183 266 53 warriors;
1082 2183 92 52 the
1204 2183 309 54 adventure
1540 2182 63 53 of
1628 2183 303 69 exploring
1958 2185 108 52 and

78 2263 277 67 restoring
383 2281 27 33 a
444 2260 359 68 masterpiece
835 2260 64 53 of
927 2262 191 51 native
1147 2259 301 56 American
1483 2261 372 55 architecture
1886 2263 57 51 in
1977 2263 88 51 the

77 2339 195 54 ruined
297 2339 170 69 Maya
496 2340 112 68 city
637 2339 63 51 of
726 2337 248 55 Chichen
998 2339 144 66 Itzá,
1169 2338 280 65 Yucatan,
1474 2339 73 69 by
1577 2339 135 53 Earl
1741 2339 75 52 H.
1844 2339 224 55 Morris.

76 2416 130 52 New
242 2417 175 64 York,
452 2415 251 70 London,
735 2414 59 55 C.
829 2413 311 56 Scribner’s
1170 2433 144 50 sons,
1349 2419 148 50 1931.

146 2496 68 40 xii
243 2507 57 37 p.,
329 2496 23 39 1
419 2527 8 15 l.,
457 2495 81 39 251
571 2506 41 37 p.
668 2496 87 41 col.
784 2495 163 48 front.,
977 2495 126 41 illus.
1133 2496 160 48 (map)
1332 2497 155 48 plates
1516 2497 50 47 (2
1597 2498 112 47 col.)
1748 2501 163 46 ports.,
1944 2500 124 47 plan.

75 2552 143 41 23½ ᶜᵐ .
145 2609 147 40 Plans
323 2619 60 30 on
413 2607 361 48 lining-papers.

147 2666 130 39 Each
307 2665 189 41 colored
531 2665 130 48 plate
692 2664 339 48 accompanied
1063 2665 59 47 by
1155 2666 152 46 guard
1342 2666 134 41 sheet
1514 2667 115 39 with
1664 2669 291 46 descriptive
76 2671 1975 99 letterpress.

81 2791 51 52 ©
168 2795 101 41 Oct.
302 2794 39 49 9,
377 2793 139 48 1931;
551 2794 67 40 2c.
654 2794 102 40 Oct.
790 2792 54 40 19;
909 2793 81 40 aff.
1027 2793 101 41 Oct.
1164 2794 81 47 14;
1283 2795 41 38 A
1357 2794 170 48 43596;
1568 2796 201 41 Charles
1808 2797 264 41 Scribner’s

148 2862 124 31 sons.
344 2851 278 50 (31-31323)

78 2944 225 63 Muller,
332 2948 138 51 Mrs.
500 2944 146 64 Olga
684 2944 313 65 (Erbsloh)
1035 2951 164 48 1894-

148 3021 168 54 Child
364 3019 65 54 of
472 3022 94 52 the
611 3040 122 48 sun,
777 3039 191 50 poems
1010 3022 75 68 by
1130 3020 150 71 Olga
1328 3021 247 54 Erbsloh
1620 3023 228 53 Muller.
1930 3023 139 52 New

81 3098 173 66 York,
287 3099 335 53 Brentano’s
659 3102 148 49 1931.

145 3178 599 49 4 p. l. , 3-83 p. 19½ᶜᵐ.
149 3235 283 40 Illustrated
470 3237 97 47 t.-p.

82 3288 50 51 ©
164 3292 99 41 Oct.
294 3293 68 47 16,
392 3292 106 40 1931;
563 3295 66 38 2c.
661 3294 101 40 Oct.
791 3294 55 40 19;
904 3294 79 39 aff.
1016 3294 100 40 Oct.
1147 3294 56 40 20;
1263 3296 40 37 A
1331 3296 144 39 43354;
1534 3294 301 49 Brentano’s,
1867 3296 89 40 inc.

159 3349 278 49 (31-31482)

78 3441 143 52 New
246 3443 161 52 York
435 3447 207 50 annual
671 3445 201 67 digest,
898 3446 268 68 covering
1192 3448 77 51 all
1295 3448 265 66 reported
1587 3447 276 54 decisions
1889 3447 64 53 of
1978 3447 93 53 the

147 3522 1862 72 courts of New York. October 1931, cumulative quarterly …
146 3598 138 52 with
310 3600 340 51 cumulative
673 3601 148 52 table
846 3601 63 51 of
932 3620 149 33 cases
1106 3602 271 65 digested.

1456 3600 479 72 Supplementing
1959 3604 108 53 and

148 3676 333 60 continuing
520 3677 138 51 New
696 3678 162 50 York
896 3680 208 49 annual
1146 3678 201 68 digest,
1389 3682 148 49 1930.
1613 3679 307 53 Rochester
1958 3681 110 52 and

149 3752 136 51 New
324 3754 161 50 York
524 3753 132 55 city.
696 3755 117 51 The
852 3754 266 67 Lawyers
1157 3755 356 67 cooperative
1554 3756 335 70 publishing

147 3775 1900 123 company:
362 3831 79 54 St.
471 3832 164 53 Paul.
661 3832 154 52 West
848 3832 332 67 publishing
1208 3850 75 33 co.;
1347 3833 137 52 New

1512 3834 163 52 York
1701 3834 133 69 city.
1864 3834 205 54 Baker.

203 3908 607 67 Voorhis & co. [ ᶜ193 1 ] .
