2428 4370
1272 4087 135 50 1564

338 423 398 66 Coatsworth,
768 423 311 55 Elizabeth
1107 424 170 56 Jane.

408 503 208 53 Knock
659 508 59 48 at
759 504 95 53 the
897 503 157 68 door,
1096 504 77 70 by
1215 504 304 53 Elizabeth
1562 504 382 70 Coatsworth,
1986 503 250 71 pictures
2280 512 69 63 by

338 584 64 51 F.
436 584 75 51 D.
544 582 278 54 Bedford.
899 582 139 53 New
1071 582 181 67 York,
1283 583 122 54 The
1437 582 335 55 Macmillan
1804 601 300 53 company,
2137 587 153 50 1931.

403 662 1262 51 4 p. l., 73, [1] p. col. front., illus. 19 × 21½ᶜᵐ.
406 720 102 41 The
534 719 319 49 frontispiece
879 719 42 40 is
946 719 344 48 accompanied
1317 720 61 48 by
1404 730 26 29 a
1458 720 103 40 leaf
1583 719 122 41 with
1730 720 294 49 descriptive
2049 721 301 48 letterpress.

341 773 51 53 ©
426 778 102 40 Oct.
561 778 40 47 6,
632 776 142 48 1931;
806 776 68 41 2c.
906 777 96 39 and
1036 776 81 43 aff.
1151 777 103 41 Oct.
1286 778 53 46 7;
1374 778 41 38 A
1445 776 173 48 42897;
1653 777 283 40 Macmillan
1969 787 69 32 co.

423 834 282 49 (31-25923)

338 928 233 67 Craine,
605 929 184 54 Edith
819 928 224 66 Janice,
1077 935 172 50 1881-

407 1006 440 70 Conquistador,
875 1006 35 54 by
977 1009 67 52 E.
1073 1008 56 55 J.
1157 1007 237 69 Craine;
1425 1007 324 54 illustrated
1776 1008 74 68 by
1875 1009 204 70 Henry
2108 1009 61 54 C.
2198 1008 147 53 Pitz.

337 1084 1319 71 New York city, Duffield and Green [ ᶜ1 931]
409 1167 51 40 ix
489 1178 59 38 p.,
576 1168 27 40 3
668 1199 9 17 l.,
705 1167 146 42 3-288
878 1178 44 38 p.
983 1168 173 49 plates.
1219 1167 148 41 22½ᶜᵐ.

412 1225 290 40 Illustrated
732 1227 93 46 t.-p,
859 1226 95 39 and
983 1224 366 49 lining-papers.

412 1281 147 42 “This
605 1284 135 46 story
786 1282 194 40 follows
1024 1281 300 48 essentially,
1369 1281 209 42 without
1623 1282 264 48 departure
1931 1282 127 41 from
2104 1282 118 46 fact,
2269 1284 81 39 the

338 1339 298 41 adventures
668 1340 54 40 of
751 1339 157 41 Pedro
940 1337 143 43 Cieza
1116 1339 58 41 de
1207 1338 128 41 Leon
1369 1350 55 29 as
1458 1338 230 41 recorded
1721 1338 48 41 in
1806 1339 77 40 his
1914 1341 187 39 several
2134 1341 216 40 volumes

337 1397 53 40 of
418 1396 277 42 ‘Travels’.”

343 1450 51 53 ©
422 1455 101 40 Oct.
551 1455 41 47 5,
618 1453 142 49 1931;
788 1455 64 40 2c.
883 1454 103 41 Oct.
1013 1454 82 47 12;
1125 1454 82 41 aff.
1236 1455 103 41 Oct.
1367 1455 52 46 8;
1448 1455 41 38 A
1514 1453 173 48 44074;
1718 1454 208 41 Duffield
1953 1455 36 40 &
2017 1456 171 40 Green.

422 1511 283 50 (31-29199)

340 1609 197 63 Cross,
569 1608 185 56 Ruth.

408 1685 1937 72 The big road, by Ruth Cross … London, New York [etc.,
336 1765 347 68 Longmans,
714 1765 186 55 Green
932 1766 114 53 and
1078 1784 97 51 co.,
1207 1769 153 50 1931.

408 1846 27 41 5
459 1858 44 38 p.
566 1879 9 16 l.,
600 1847 87 41 335
711 1858 44 38 p.
815 1846 148 43 19½ᶜᵐ.

412 1902 1711 50 “First édition October 1931. Reprinted twice October 1931.”
411 1961 230 41 “Printed
670 1961 50 41 in
750 1963 80 40 the
858 1962 179 40 United
1068 1962 164 41 States
1261 1961 52 41 of
1340 1960 269 42 America.”

343 2015 51 53 ©
421 2020 102 40 Oct.
549 2020 38 47 7,
614 2019 112 41 1931;
780 2019 67 42 2c.
873 2020 103 41 Oct.
1000 2019 83 47 10;
1110 2019 83 42 aff.
1219 2020 104 40 Oct.
1349 2018 81 48 12;
1458 2019 41 39 A
1522 2019 173 47 44000;
1724 2019 289 48 Longmans,
2041 2019 156 40 Green
2223 2019 36 41 &
2284 2029 67 31 co.

420 2076 284 49 (31-28115)

340 2172 223 66 Curtis,
593 2175 140 54 Mrs.
764 2173 164 54 Alice
967 2173 290 65 (Turner)

337 2249 1990 229 A frontier girl of New York, by Alice Turner Curtis, illustrated by Harold E. Snyder. Philadelphia, The Penn publishing company [ ᶜ1 931]
413 2488 86 40 275
527 2500 44 38 p.
632 2489 163 48 front.,
826 2491 145 46 illus.,
1000 2490 172 49 plates.
1233 2488 146 42 19½ᶜᵐ.

343 2542 52 52 ©
427 2547 102 40 Oct.
560 2548 40 47 3,
631 2546 142 48 1931;
804 2547 68 42 2c.
905 2549 95 39 and
1030 2542 82 45 aff.
1146 2547 101 41 Oct.
1280 2546 82 48 12;
1396 2548 40 38 A
1466 2546 172 47 44100;
1673 2547 131 39 Penn
1836 2547 110 47 pub.
1977 2556 68 31 co.

421 2603 283 51 (31-29187)

340 2686 316 65 Denwood,
686 2686 304 54 Jonathan
1021 2687 79 55 M.

411 2766 201 53 Under
649 2766 96 54 the
783 2767 400 55 Brutchstone.
1222 2768 75 69 by
1334 2767 53 54 J.
1428 2767 80 52 M.
1547 2766 293 53 Denwood
1879 2766 113 53 and
2034 2764 57 56 S.
2130 2763 225 53 Fowler

336 2844 255 71 Wright,
614 2845 139 54 with
777 2866 30 34 a
829 2845 233 70 preface
1082 2846 74 70 by
1178 2845 180 70 Hugh
1380 2845 285 69 Walpole.
1721 2844 138 54 New
1882 2842 182 68 York,
339 2841 2013 150 Coward-McCann,

651 2924 127 69 inc.,
810 2927 150 52 1931.

405 3002 100 45 viii.
538 3004 145 41 3-314
716 3016 44 38 p.
818 3004 60 41 20ᶜᵐ.

407 3059 1711 51 London édition (Hutchinson & co.. ltd.) has title: Red Ike.
344 3113 51 53 ©
424 3119 103 40 Oct.
554 3119 39 46 7,
622 3118 106 40 1931;
791 3119 67 41 2c.
888 3119 101 40 Oct.
1018 3119 52 46 9;
1100 3118 82 41 aff.
1213 3119 103 40 Oct.
1345 3119 52 47 8;
1426 3119 42 39 A
1493 3118 173 48 42951;
1698 3118 43 41 J.
1770 3119 64 40 M.
1863 3118 260 45 Denwood,
414 3117 1939 101 Cocker-mouth,

625 3176 340 48 Cumberland,
994 3177 237 48 England,
1258 3177 96 39 and
1384 3176 192 48 Sydney
1604 3175 190 42 Fowler
1821 3174 208 48 Wright,
2057 3174 214 41 London.

422 3232 281 49 (31-28918)

342 3313 235 65 Eidlitz,
609 3315 288 64 Walther,
932 3321 171 50 1892-

466 3389 1883 72 … Zodiak, translated from the German by Eric Sutton.
339 3471 138 54 New
511 3473 165 52 York
707 3475 112 52 and
850 3474 261 67 London,
1143 3474 235 67 Harper
1410 3475 46 50 &
1487 3473 279 68 brothers,
1802 3475 152 50 1931.

403 3552 30 40 6
459 3562 43 38 p.
569 3584 8 15 l.,
607 3553 87 41 328
723 3565 42 37 p.
824 3553 117 42 20ᶜᵐ.

405 3608 164 43 “First
788 3610 38 41 édition.”

342 3661 52 53 ©
427 3666 128 49 Sept.
582 3668 40 44 3,
652 3666 141 48 1931;
824 3666 66 41 2c.
922 3668 103 40 Oct.
1055 3667 52 45 8;
1139 3666 85 43 aff.
1253 3667 103 41 Oct.
1384 3667 55 46 3;
1469 3667 43 39 A
1538 3665 173 48 43108;
1744 3666 194 48 Harper
1968 3665 37 40 &
2033 3665 124 40 bros.

421 3723 282 50 (31-28917)

341 3804 221 65 Ewers,
591 3807 211 54 Hanns
828 3807 207 63 Heinz,
1067 3808 172 55 1871-

405 3882 284 55 Wonders
725 3883 64 54 of
825 3885 96 53 the
957 3892 100 47 ant
1095 3885 201 66 world,
1330 3885 78 70 by
1444 3886 208 52 Hanns
1685 3884 189 54 Heinz
1912 3884 226 57 Ewers;
2175 3882 171 53 based

332 3976 76 41 on
436 3977 32 38 a
498 3961 343 58 translation
872 3962 153 56 from
1052 3963 97 55 the
1176 3964 253 56 German
1454 3963 77 72 by
1561 3961 229 59 Clifton
1815 3961 206 69 Harby
2049 3962 157 69 Levy
2234 3960 111 54 and
