2505 4370
1068 4036 101 50 369

133 393 244 65 Adams,
409 392 237 56 Orville.

196 472 243 53 Modern
459 471 191 53 Diesel
672 470 202 70 engine
896 471 245 68 practice
1160 489 10 48 ;
1199 471 218 69 theory,
1440 470 274 68 practical
1739 469 399 72 applications,

128 545 313 72 operation,
477 544 407 71 maintenance,
922 543 245 72 repairs;
1210 567 28 33 a
1280 544 454 70 comprehensive
1774 544 228 56 treatise
2043 546 93 53 for

130 621 1941 73 the student and practical engineer … by Orville Adams …
127 700 2006 71 illustrated by over 400 engravings … New York, The Norman
127 779 88 53 W.
241 778 224 71 Henley
491 777 336 70 publishing
851 796 98 53 co.,
974 781 148 50 1931.

198 859 99 48 xxi,
325 858 87 41 656
440 869 43 39 p.
512 858 111 41 incl.
650 858 165 49 front.,
846 858 143 47 illus.,
1020 858 179 48 diagrs.
1261 858 146 40 24½ᶜᵐ.

137 930 51 53 ©
215 936 121 39 Mar.
360 935 70 42 11.
455 933 141 47 1931;
623 933 67 42 2c.
716 935 96 39 and
837 934 82 40 aff.
946 935 121 38 Mar.
1094 933 81 46 14;
1204 932 40 40 A
1270 932 170 47 35273;
1470 933 215 40 Norman
1712 934 72 40 W.
1811 934 187 45 Henley
2026 934 109 47 pub.

204 1004 66 29 co.
341 991 251 49 (31-7107)

130 1086 243 65 Adams,
406 1086 255 55 William
696 1085 272 55 Edward.

197 1162 304 69 Harmony
541 1162 65 52 of
647 1162 158 53 voice
847 1161 276 67 methods,
1165 1160 140 52 with
1352 1160 300 68 appended
1696 1160 296 53 selections
2037 1159 95 54 for

126 1236 2005 72 analysis, by William Edward Adams … Opportunity, Wash.,
126 1316 959 69 The Herald print shop [ ᶜ1 931 ]
194 1395 730 50 2 p. l., 300 p. illus. 20ᶜᵐ.
196 1452 228 42 Lettered
458 1464 61 30 on
556 1464 166 30 cover:
765 1452 142 41 Voice
943 1453 47 39 in
1030 1452 185 48 speech.
1282 1451 187 42 Herald
1509 1451 279 49 publishing
1824 1462 247 38 company.

133 1520 52 52 ©
214 1524 111 41 Feb.
351 1524 71 47 27,
451 1524 111 41 1931;
621 1524 67 41 2c.
716 1525 95 39 and
840 1523 82 43 aff.
951 1525 121 39 Mar.
1101 1524 81 46 11;
1214 1523 39 40 A
1281 1523 171 47 34755;
1484 1524 72 41 W.
1585 1524 54 41 E.
1668 1522 196 49 Adams,
1897 1523 236 48 Spokane.

211 1579 250 50 (31-7009)

129 1675 315 56 American
475 1675 215 66 digest.

198 1755 545 69 Descriptive-word
775 1756 170 53 index
978 1757 111 53 and
1120 1756 152 53 table
1303 1756 63 52 of
1395 1774 149 35 cases
1576 1753 267 67 affirmed,
1872 1755 261 53 reversed

127 1834 1943 68 or modified, covering Current digest, v. 1—5, 1926-4930 …
127 1912 82 55 St.
240 1913 163 67 Paul,
431 1912 200 68 Minn.,
658 1913 158 52 West
844 1912 333 68 publishing
1204 1930 298 51 company,
1536 1915 146 49 1931.

197 1992 84 41 671
318 2003 42 37 p.
421 1993 117 40 26ᶜᵐ.

131 2060 52 52 ©
211 2065 121 41 Mar.
358 2063 70 49 10,
455 2063 139 47 1931;
623 2064 67 40 2c.
716 2064 95 40 and
838 2063 80 41 aff.
948 2064 110 47 Apr.
1088 2064 80 45 18;
1198 2063 39 39 A
1265 2063 170 46 36621;
1468 2063 135 41 West
1629 2063 108 49 pub.
1765 2073 68 31 co.

126 2157 240 65 Angoff,
400 2158 265 56 Charles.

192 2234 55 52 A
293 2234 241 69 literary
579 2233 223 70 history
851 2233 63 53 of
963 2235 93 51 the
1108 2233 304 53 American
1465 2234 199 67 people
1720 2267 12 33 [
1736 2233 93 69 by]
1888 2233 239 55 Charles

123 2313 233 70 Angoff.
434 2333 49 33 v.
517 2318 46 65 1,
591 2317 48 49 2.
714 2314 139 53 New
885 2314 180 68 York,
1092 2314 257 57 London,
1378 2314 70 52 A.
1479 2314 69 52 A.
1581 2313 225 70 Knopf,
1839 2318 148 48 1931.

193 2393 314 43 2 v . 24½ᶜᵐ.
192 2448 414 50 Bibliographical
638 2450 278 41 foot-notes.

129 2503 52 52 ©
215 2509 123 39 Mar.
370 2508 69 46 13,
473 2506 140 48 1931;
648 2507 68 41 2c.
749 2507 117 41 each
900 2508 95 39 and
1030 2507 82 40 aff.
1147 2508 122 40 Mar.
1304 2507 82 47 16;
1422 2507 39 39 A
1495 2507 170 47 34866;
1704 2507 50 41 G.
1788 2507 189 49 Angoff,
2012 2507 117 39 New

197 2565 144 40 York.
412 2563 251 49 (31-7160)

123 2657 476 66 Anker-Larsen,
628 2659 321 64 Johannes,
983 2660 170 54 1874-

190 2732 161 55 With
389 2733 97 53 the
525 2733 136 53 door
702 2752 161 50 open,
906 2751 96 53 my
1042 2733 343 70 experience,
1424 2733 76 72 by
1541 2734 56 54 J.
1641 2733 197 53 Anker
1877 2734 245 68 Larsen;

118 2810 315 54 translated
458 2811 75 69 by
558 2811 200 54 Erwin
784 2811 107 54 and
922 2811 346 56 Pleasaunce
1292 2829 110 36 von
1428 2811 295 70 Gaisberg,
1748 2811 141 55 with
1917 2831 31 35 a
118 2812 1982 130 foreword

311 2888 74 71 by
419 2890 70 54 V.
526 2888 313 56 Grönbech.
911 2889 138 54 New
1085 2889 179 68 York,
1301 2890 121 52 The
1456 2889 333 55 Macmillan
1828 2908 295 51 company,

120 2971 150 50 1931.

188 3050 365 49 112 p. 20 ½ᶜᵐ .
129 3104 52 52 ©
215 3110 121 39 Mar.
368 3108 69 48 10,
471 3107 139 48 1931;
644 3108 68 42 2c.
745 3110 94 38 and
873 3108 82 41 aff.
990 3110 120 38 Mar.
1145 3109 80 46 11;
1262 3108 39 39 A
1334 3108 171 47 34738;
1542 3109 281 40 Macmillan
1858 3120 66 31 co.

207 3165 250 48 (31-7074)

122 3259 247 65 Archer,
399 3260 155 53 John
588 3260 193 63 Clark,
814 3265 162 50 1881-

252 3334 1871 71 … Youth in a believing world; studies in living religions,
118 3410 1978 147 by John Clark Archer. Tuxis in the Christian quest … Philadelphia, The Westminster press, 1931.
190 3570 86 43 176
310 3581 43 38 p.
521 3604 9 9 20ᶜᵐ.
601 3572 362 48 (Westminster
999 3573 357 48 departmental
1390 3575 182 47 graded
1607 3574 275 49 materials)

191 3629 61 40 At
280 3630 125 40 head
431 3629 53 40 of
510 3627 133 42 title:
676 3628 169 42 Senior
873 3628 212 42 elective.

129 3682 51 52 ©
206 3688 119 39 Mar.
351 3686 38 48 6,
415 3685 141 47 1931;
582 3685 66 41 2c.
674 3687 121 40 Mar.
820 3686 53 47 9;
899 3686 82 39 aff.
1006 3687 122 40 Mar.
1154 3687 51 46 7;
1233 3686 41 39 A
1298 3686 171 49 35171;
1498 3687 152 41 Oscar
1675 3688 62 41 M.
1763 3688 174 49 Miller,
196 3688 1910 103 Philadelphia.
475 3742 249 48 (31-7076)

123 3836 267 55 Atlantic
413 3844 257 63 reporter
695 3838 202 69 digest,
921 3838 268 68 covering
1213 3840 78 51 all
1315 3858 150 34 cases
1491 3840 263 67 reported
1779 3840 60 52 in
1863 3840 262 55 Atlantic

192 3915 1931 65 reporter … Compiled and edited by the publisher’s edi-
