2505 4370
1112 4036 103 56 357

133 415 225 66 Colton,
390 413 200 53 Ethan
622 411 320 63 Theodore,
976 410 172 55 1872-

201 493 123 53 The
346 491 62 52 X
432 490 56 52 Y
511 490 42 52 Z
577 488 65 54 of
666 486 388 68 communism,
1077 485 77 68 by
1177 484 199 54 Ethan
1399 483 67 54 T.
1492 482 223 56 Colton.
1792 482 137 52 New
1956 480 181 67 York,

131 572 121 53 The
283 567 336 56 Macmillan
651 583 297 52 company,
984 566 151 52 1931.

203 643 1387 58 3 p. l., xi-xiv p., 2 l., 3-423 p. front., illus. 20½ᶜᵐ.
204 697 1931 57 “An effort factually to make clear … certain main theories expounded
133 766 49 39 in
211 766 113 39 ‘The
349 765 42 38 A
415 764 40 39 B
482 762 35 42 C
544 762 52 41 of
623 758 715 44 communism’.”—Foreword.

140 830 52 55 ©
220 836 122 39 Mar.
370 834 71 48 17,
469 831 113 42 1931;
639 832 69 40 2c.
736 833 96 38 and
861 830 82 41 aff.
972 829 122 41 Mar.
1123 829 59 40 18;
1236 828 43 39 A
1305 826 145 42 34914;
1510 825 283 41 Macmillan
1823 835 67 32 co.

219 889 249 51 (31-6873)

137 982 384 56 Connecticut
590 985 112 53 and
769 981 261 54 Atlantic
1098 984 258 64 reporter
1423 977 200 71 digest.
1699 975 221 69 March,
1990 978 151 49 1931.

207 1052 1936 78 Cumulative pamphlet … St. Paul, Minn., West publishing
207 1142 507 67 company [ ᶜ19 31]
209 1218 490 52 1 p. l., 138 p. 25 ᶜᵐ.
143 1286 53 56 ©
225 1291 122 40 Mar.
377 1290 71 47 30,
477 1288 141 49 1931;
649 1288 69 41 2c.
747 1288 114 48 Apr.
892 1288 81 46 17;
1006 1284 83 44 aff.
1118 1286 114 48 Apr.
1263 1284 83 48 18;
1378 1284 42 40 A
1448 1282 173 49 36575;
1654 1283 136 40 West
1820 1281 110 49 pub.
1962 1291 67 31 co.

141 1402 317 64 Conquest,
490 1398 169 56 Joan.

135 1465 1982 151 The reckoning, by Joan Conquest. New York, The Macaulay company [ ᶜ19 31]
206 1633 366 51 343 p. 19 ½ᶜᵐ .
148 1701 52 56 ©
229 1708 122 40 Mar.
379 1706 70 49 16,
478 1704 113 42 1931;
648 1702 67 43 2c.
744 1704 95 40 and
868 1702 82 42 aff.
980 1702 120 42 Mar.
1130 1702 55 42 18;
1243 1701 42 41 A
1313 1699 145 43 34920;
1518 1701 258 48 Macaulay
1807 1708 67 36 co.

225 1763 250 50 (31-6859)

141 1857 182 54 Court
347 1856 277 56 decisions
646 1858 297 66 reporting
964 1854 238 69 service;
1230 1851 298 72 reporting
1551 1854 95 52 the
1670 1850 276 57 decisions
1969 1852 64 52 of
2058 1852 92 52 the

211 1933 208 70 higher
450 1938 208 65 courts,
690 1932 223 54 federal
945 1931 113 54 and
1091 1935 163 64 state,
1287 1929 332 72 pertaining
1650 1934 61 48 to
1742 1928 242 54 selected
212 1928 1909 154 subjects,

413 2016 150 49 1931.
642 2011 270 69 Chicago,
954 2010 138 54 New
1135 2009 164 52 York
1345 2014 139 63 [etc.]
1532 2009 325 54 Commerce
1899 2007 254 69 clearing

213 2092 189 67 house,
444 2090 125 67 inc.,
608 2089 178 53 Loose
826 2089 118 52 leaf
985 2087 212 54 service
1236 2086 249 54 division
1526 2087 63 52 of
1630 2087 95 52 the
1768 2085 383 70 Corporation

214 2170 675 68 trust company, ᶜ19 31.
216 2247 254 43 12 v . 29½ᶜᵐ.
218 2304 287 42 Loose-leaf.

218 2361 348 48 Autographed
597 2359 129 41 from
759 2357 333 50 type-written
1122 2369 121 38 copy
1276 2369 59 29 on
1369 2369 88 29 one
1491 2357 103 41 side
1628 2357 52 40 of
1711 2357 103 41 leaf
1845 2357 128 49 only.

153 2426 53 55 ©
235 2431 110 41 Jan.
371 2431 174 41 2-Feb.
571 2429 69 50 25,
669 2428 110 41 1931;
840 2429 68 41 2c.
937 2430 96 40 and
1062 2427 83 43 aff.
1174 2429 112 41 Feb.
1315 2428 83 47 28;
1430 2428 40 40 A
1497 2427 172 48 34735;
1702 2426 275 43 Commerce

221 2427 1916 109 clearing
329 2488 165 48 house,
522 2487 91 42 inc.
684 2484 250 51 (31-6999)

152 2581 302 66 Curwood,
486 2580 204 55 James
721 2579 216 66 Oliver,
973 2581 327 55 1878-1927.

218 2654 248 55 Falkner
490 2656 64 51 of
575 2655 95 53 the
692 2654 201 53 inland
918 2672 135 51 seas,
1079 2655 74 68 by
1176 2655 195 54 James
1397 2653 197 56 Oliver
1624 2652 309 70 Curwood;
1963 2654 187 53 edited

151 2734 73 66 by
277 2732 289 54 Dorothea
616 2733 72 52 A.
742 2733 240 68 Bryant.
1071 2730 415 73 Indianapolis,
1539 2732 122 51 The
1714 2730 436 54 Bobbs-Merrill

147 2827 280 56 company
463 2812 195 69 [ᶜ1931]

219 2893 86 43 301
334 2904 44 38 p.
439 2893 145 42 19½ᶜᵐ.

221 2951 164 41 “First
415 2948 228 43 edition.”

225 3005 182 43 “These
442 3003 279 45 narratives
756 3013 83 34 are
876 3004 344 52 substantially
1259 3017 56 29 ns
1349 3007 83 40 the
1467 3009 138 47 great
1644 3006 292 50 story-teller
1974 3008 181 39 related

154 3063 129 41 them
315 3074 28 29 a
372 3065 200 47 quarter
603 3064 52 41 of
683 3074 27 29 a
741 3064 201 46 century
975 3061 407 51 ago.”—Editor’s
1414 3062 208 48 preface.

161 3116 52 55 ©
248 3122 123 40 Mar.
403 3121 42 48 4,
479 3118 140 49 1931;
654 3119 68 42 2c.
759 3121 122 39 Mar.
914 3118 53 48 9;
1005 3118 81 42 aff.
1123 3121 121 39 Mar.
1282 3119 81 48 13;
1401 3121 43 39 A
1476 3119 171 49 34823;
1686 3120 368 42 Bobbs-Merrill
2092 3130 66 30 co.

233 3173 69 55 [©
330 3188 108 30 new
467 3179 106 39 text
601 3177 36 41 &
667 3176 250 50 revisions]
989 3175 251 50 (31-6869)

160 3271 203 65 Defoe,
396 3269 228 66 Daniel,
660 3272 362 55 1661?-1731.

228 3348 123 53 The
397 3347 108 53 life
553 3347 113 54 and
713 3352 231 65 strange
992 3348 327 70 surprising
1366 3348 341 55 adventures
1756 3349 64 53 of
1868 3349 293 54 Robinson

161 3426 211 56 Crusoe
405 3424 64 54 of
502 3425 179 68 York,
713 3426 279 67 mariner;
1025 3426 76 68 by
1132 3426 209 53 Daniel
1375 3425 203 69 Defoe,
1610 3427 140 52 with
1783 3428 95 51 the
159 3427 1976 130 illustrations

349 3503 77 68 by
471 3502 254 54 Edward
770 3503 71 52 A.
883 3502 226 55 Wilson
1151 3504 114 52 and
1310 3504 98 52 the
1452 3503 390 55 introduction
1885 3503 74 71 by
2006 3504 157 53 Ford

160 3580 215 54 Madox
407 3580 173 53 Ford.
656 3580 137 53 New
828 3581 180 65 York,
1041 3581 122 52 The
1195 3582 254 53 Limited
1482 3581 246 53 editions
1761 3580 146 67 club,
1943 3584 152 49 1930.

230 3659 1620 55 xiii, [1] p., 1 l., 382, [1] p., 2 l. col. illus., col. fold. pl. 27½ ᶜᵐ.
232 3719 288 40 Illustrated
550 3720 98 46 t.-p.
678 3718 50 40 in
757 3720 144 40 color.

164 3770 1981 102 “Fifteen hundred copies of this edition … have been printed for members of
164 3825 1982 103 the Limited editions club … by the Grabhorn press of San Francisco … This
574 3885 43 42 is
644 3897 119 37 copy
789 3888 201 39 number
1017 3886 98 50 837,
1143 3888 169 47 signed
1338 3888 60 47 by
1426 3887 133 41 Edw.
1587 3888 54 40 A.
1666 3888 229 39 Wilson.”

236 3943 128 40 “The
391 3945 105 38 text
518 3942 193 50 printed
735 3943 169 40 herein
928 3942 195 43 follows
1148 3945 82 39 the
1256 3943 111 42 first
1390 3942 227 44 edition.”
