2505 4370
1296 4023 101 51 654

331 466 1848 52 © July 1. 1980; 1c. Aug. 8; A—Foreign 8626; M. Simonati, Paris.
409 527 283 50 (31-10910)

325 622 329 65 Singleton,
687 621 241 54 Esther.

392 698 123 52 The
560 697 390 68 Shakespeare
991 697 235 69 garden,
1272 695 72 71 by
1391 696 207 53 Esther
1645 696 327 70 Singleton;
2024 696 315 54 illustrated

324 775 152 54 from
525 774 397 70 photographs
971 776 112 51 and
1134 775 94 54 old
1278 775 162 53 wood
1491 782 136 49 cuts.
1717 776 136 51 New
1911 775 175 66 York,
2142 777 84 53 W.
2286 778 56 50 F.

321 855 125 68 Pay
450 872 116 49 son,
599 858 152 50 1931.

498 937 924 49 xxv, 366 p. front., plates, ports. 24½ ᶜᵐ.
396 995 148 38 “New
577 992 195 49 edition,
806 994 119 39 with
960 992 157 43 added
1150 993 333 42 introduction
1518 996 94 40 and
1648 994 379 50 bibliography.”

395 1050 351 50 Bibliography:
807 1061 41 38 p.
877 1049 218 44 361-366.

676 1108 133 48 CONTENTS.—pt.
835 1106 42 42 1.
901 1108 103 39 The
1029 1107 192 41 Garden
1246 1107 55 40 of
1324 1107 333 50 delight.—pt.
1684 1107 42 40 2.
1750 1109 102 39 The
1876 1108 189 41 flowers
2092 1110 52 39 of
324 1111 2004 100 Shakespeare.—
575 1166 69 49 pt.

678 1164 43 41 3.
754 1164 241 41 Practical
1035 1162 320 50 suggestions.

333 1235 52 52 ©
421 1239 114 48 Apr.
569 1238 39 49 6,
642 1236 141 48 1931;
820 1237 68 41 2c.
922 1237 115 48 Apr.
1072 1237 82 46 13;
1193 1247 82 38 aff,
1312 1238 114 47 May
1462 1236 52 48 5;
1551 1237 41 38 A
1626 1236 171 48 35728;
1837 1236 216 42 William
2092 1238 257 47 Farquliar

400 1298 206 46 Payson,
643 1296 90 39 inc.
805 1294 282 48 (31-26747)

326 1389 227 67 Sisson,
584 1390 203 65 Edgar
816 1390 211 64 Grant,
1060 1391 172 54 1875-

323 1464 1999 133 … One hundred red days; a personal chronicle of the bolshevik
562 1543 338 70 revolution,
942 1542 73 73 by
1054 1544 203 68 Edgar
1297 1542 213 72 Sisson,
1549 1544 210 68 special
1801 1544 442 68 representative
2284 1545 63 52 of

327 1621 302 54 President
677 1621 221 54 Wilson
948 1620 60 53 in
1059 1620 225 54 Russia.
1371 1622 138 52 New
1561 1623 223 66 Haven,
1836 1622 146 52 Yale
2031 1622 316 71 university

325 1718 185 51 press;
549 1700 257 68 London,
842 1700 75 54 H.
956 1698 267 70 Milford,
1262 1698 229 56 Oxford
1526 1700 318 72 university
1882 1719 173 51 press,
2094 1705 148 50 1931.

397 1783 1365 53 xiii p., 2 l., [3]-502 p. plates, ports., facsims. 24½ᶜᵐ.
395 1845 67 39 At
486 1845 126 39 head
638 1843 53 40 of
715 1841 136 42 title:
881 1843 57 40 25
968 1842 269 40 November
1266 1843 174 39 1917-4
1468 1843 169 41 March
1667 1843 128 40 1918.

399 1898 261 42 Facsimile
703 1897 340 50 reproduction
1087 1899 52 39 of
1180 1899 85 40 the
1308 1901 178 47 report,
1532 1899 131 40 “The
1707 1901 493 40 German-Bolshevik

326 1913 2005 92 conspiracy.
596 1958 172 40 Issued
800 1957 61 49 by
894 1957 82 40 the
1008 1954 287 44 Committee
1328 1967 60 30 on
1421 1957 160 47 public
1616 1957 331 48 information,
1981 1959 183 45 George
2199 1960 149 45 Creel,

326 2010 284 42 chairman”
654 2010 69 50 (p.
760 2009 262 51 [459-488])
1064 2011 90 40 has
1189 2011 180 48 special
1407 2014 97 45 t.-p.

335 2083 2016 52 © Apr. 17, 1931; 2c. Apr. 30; aff. Apr. 29; A 36891; Yale univ. press.
412 2143 283 49 (31-26876)

328 2237 218 69 Smith,
577 2238 233 53 Darrell
838 2239 294 53 Hevenor.

460 2313 1889 71 … The United States Shipping board; its history, activities
327 2393 111 54 and
468 2393 415 70 organization,
909 2393 76 71 by
1014 2393 230 53 Darrell
1273 2393 269 55 Hevenor
1572 2391 189 56 Smith
1792 2393 112 53 and
1936 2392 143 54 Paul
2113 2393 67 53 V.
326 2393 1994 134 Betters.
523 2471 400 70 Washington,

953 2472 70 51 D.
1058 2471 81 69 C.,
1169 2472 124 53 The
1322 2471 325 69 Brookings
1676 2471 346 70 institution,
2055 2475 149 49 1931.

398 2552 66 48 xi,
492 2553 87 42 338
604 2564 44 38 p.
709 2552 56 40 22½ᶜᵐ.
926 2551 263 49 (Institute
1215 2552 81 41 for
1322 2556 317 45 government
1667 2554 243 42 research.

1970 2552 194 43 Service
328 2564 2004 97 monographs
539 2610 52 42 of
618 2611 83 41 the
730 2610 181 42 United
942 2610 165 41 States
1135 2611 330 47 government,
1524 2621 75 30 no.
1629 2610 80 48 63)

400 2667 355 49 Bibliography:
809 2677 44 39 p.
879 2666 219 42 308-334.

337 2722 2014 70 © Apr. 24, 1931; 2c. and aff. Apr. 29; A 36843; Brookings institut ion.
414 2798 283 52 (31-11498)

331 2894 307 66 Stocking,
670 2893 248 57 Charles
948 2893 265 64 Francis,
1247 2895 171 53 1873-

330 2969 1995 135 Here, by Charles Francis Stocking … Chicago, The Maestro
454 3069 99 49 co.,
588 3052 151 51 1931.

399 3129 554 52 2 p. l., 69, [1] p. 19½ ᶜᵐ.
403 3188 171 41 “Fifth
609 3186 230 43 edition.”

339 3256 2013 52 © Apr. 16, 1931; 2c. Apr. 24; aff. Apr. 27; A 36771; C. F. Stocking,
408 3317 247 47 Freeport,
692 3316 74 39 Ill.
838 3315 282 46 (31-30518)

333 3411 202 62 Stoke,
564 3409 223 54 Harold
815 3409 246 54 Walter.

405 3488 122 53 The
571 3486 229 71 foreign
842 3486 273 54 relations
1158 3485 65 53 of
1265 3487 96 52 the
1405 3486 216 53 federal
1667 3491 162 61 state,
1870 3487 72 67 by
1987 3487 222 53 Harold
2258 3488 89 52 W.

335 3563 2011 70 Stoke … Baltimore, The Johns Hopkins press; London, H.
333 3641 268 69 Milford,
631 3642 232 56 Oxford
893 3642 320 68 university
1243 3660 174 50 press,
1449 3646 149 49 1931.

408 3722 82 49 vii,
527 3724 86 39 245
651 3735 42 38 p.
754 3724 54 39 21½ᶜᵐ.
973 3723 302 49 (Half-title:
1312 3724 155 39 Johns
1505 3723 224 48 Hopkins
1767 3723 271 47 university
2075 3723 188 40 studies
2304 3724 43 39 in

337 3778 254 42 historical
620 3782 95 39 and
742 3780 218 49 political
987 3780 201 41 science.
1250 3781 155 38 Extra
1435 3781 230 39 volumes,
1726 3791 105 29 new
1858 3790 106 37 ser.,
1991 3790 74 30 no.
2095 3781 79 47 14)

408 3836 351 50 Bibliography:
820 3847 43 39 p.
894 3837 218 41 233-239.

342 3903 52 52 ©
422 3906 114 49 Apr.
562 3908 69 44 24,
659 3909 105 39 1931;
829 3909 68 41 2c.
926 3910 93 39 and
1049 3908 81 41 aff.
1160 3909 114 48 Apr.
1301 3908 82 41 28:
1415 3909 39 39 A
1481 3908 172 41 37012:
1685 3909 154 40 Johns
1870 3909 224 48 Hopkins
2123 3918 147 39 press.

422 3962 280 50 (31-11256)
