2428 4370
1011 4031 136 53 2171

100 463 198 54 stitute
353 463 65 53 of
473 462 244 69 tropical
774 461 291 70 medicine,
1122 462 204 53 within
1382 463 95 54 the
1534 462 222 69 George
1810 461 288 55 Williams

99 541 236 69 Hooper
371 540 344 55 foundation
750 540 93 53 for
875 537 240 56 medical
1149 541 255 54 research
1438 540 65 52 of
1535 541 95 53 the
1663 537 337 73 University
2035 539 64 54 of

101 617 1996 71 California; edited by Alfred C. Reed, M. D. San Francisco,
97 700 57 54 J.
181 700 90 53 W.
303 697 222 69 Stacey,
555 696 416 68 incorporated,
1004 699 151 50 1931.

205 779 373 48 x, 239 p. 18 ᶜᵐ .
170 840 411 41 “Recommended
612 841 146 40 books
788 841 79 39 for
897 838 227 51 parents”:
1186 851 43 37 p.
1262 839 219 42 209-212.

105 896 51 51 ©
190 900 109 41 Jan.
331 901 40 45 3,
403 899 141 47 1931;
578 898 67 43 2c.
680 900 109 39 Dec.
822 900 81 46 17;
939 897 81 41 aff.
1055 898 111 40 Dec.
1201 897 55 40 19;
1320 899 41 38 A
1392 898 170 47 45573;
1600 898 44 40 J.
1679 899 70 39 W.
1787 898 186 47 Stacey,
2008 898 92 41 inc.

180 956 250 47 (32-1625)

97 1050 267 55 Catholic
396 1050 240 54 church.
710 1051 454 53 Poenitentiaria
1196 1049 327 69 apostolica.

233 1124 1864 71 … Collection of prayers and good works to which the Roman
97 1205 237 70 pontiffs
366 1207 143 52 have
541 1207 263 53 attached
835 1206 366 68 indulgences
1233 1205 59 53 in
1325 1205 167 53 favor
1523 1205 65 53 of
1617 1206 79 51 all
1724 1206 96 52 the
1852 1205 249 55 faithful

97 1302 63 35 or
192 1285 64 52 of
289 1285 217 52 certain
537 1302 213 51 groups
785 1284 63 52 of
881 1302 252 51 persons,
1168 1286 133 50 1899
1337 1288 59 48 to
1433 1286 162 63 1928;
1633 1282 317 55 translated
1986 1285 111 53 and

97 1359 1939 72 edited from the official versions by Rev. Richard E. Power …
93 1440 180 52 under
300 1440 294 68 authority
619 1439 153 53 from
796 1440 95 52 the
918 1438 209 56 Sacred
1155 1438 277 69 apostolic
1457 1437 404 70 penitentiary.
1933 1438 163 55 With

93 1535 75 35 an
199 1516 291 69 appendix
523 1516 332 70 containing
886 1517 95 53 the
1013 1516 274 69 ordinary
1320 1515 64 54 of
1415 1517 95 52 the
1542 1535 148 35 mass
1722 1517 114 53 and
1867 1518 230 68 general

99 1593 314 68 devotions,
439 1594 117 52 also
583 1612 31 33 a
642 1593 170 69 guide
839 1592 93 53 for
958 1592 96 53 the
1080 1593 267 53 selection
1373 1592 65 53 of
1465 1610 235 51 prayers
1730 1592 94 53 for
1850 1610 248 36 novenas

97 1671 115 54 and
255 1671 161 54 other
460 1670 301 55 occasions.
835 1670 139 54 New
1020 1669 180 70 York,
1246 1669 328 56 Cincinnati
1645 1674 121 64 [etc.]
1818 1670 282 70 Benziger

95 1749 279 68 brothers,
410 1753 149 50 1931.

166 1831 1451 50 2 p. l., iii-x, 486, xi-lxxxi p. incl. front., illus. 15 ᶜᵐ .
166 1890 64 40 At
255 1890 124 40 head
406 1890 52 39 of
483 1889 134 41 title:
648 1889 184 41 Official
860 1888 207 40 Vatican
1094 1891 198 38 manual
1319 1889 54 41 of
1398 1888 319 48 indulgenced
1745 1899 216 39 prayers.

97 1941 51 53 ©
178 1947 117 39 Nov.
326 1947 67 46 13,
422 1945 106 42 1931;
593 1947 68 41 2c.
689 1947 117 39 Nov.
834 1946 82 46 20;
949 1945 80 40 aff.
1061 1947 116 39 Nov.
1208 1946 82 46 21;
1322 1946 39 39 A
1389 1945 144 41 44909;
1594 1946 235 48 Benziger
1859 1948 126 39 bros.

175 2003 250 48 (32-1658)

92 2096 168 56 Child
290 2097 124 54 life.

164 2173 272 54 Favorite
479 2192 174 51 pages
701 2174 152 53 from
900 2173 174 55 Child
1120 2174 133 68 life;
1304 2193 31 34 a
1382 2175 267 53 selection
1695 2174 65 54 of
1806 2174 96 54 the
1948 2178 147 50 most

95 2253 245 67 popular
370 2252 216 68 stories,
617 2270 191 50 poems
839 2253 112 52 and
984 2252 250 54 features
1265 2252 304 68 published
1600 2252 215 70 during
1844 2252 95 53 the
1971 2251 125 53 first

94 2329 1995 70 ten years of Child life, compiled by Marjorie Barrows … and
86 2409 2006 70 Frances Cavanah … New York, Chicago [etc.] Rand, McNally
92 2488 577 67 & company, ᶜ19 31.
164 2568 905 50 [5]-61 p. illus. (part col.) 25 ᶜᵐ .
161 2627 225 39 Lettered
413 2637 60 29 on
499 2635 140 31 cover:
694 2626 156 40 Tenth
878 2626 230 48 birthday
1136 2626 276 49 anthology,
1440 2625 274 41 1921-1931.

160 2683 125 40 Text
312 2694 62 30 on
403 2682 281 41 illustrated
715 2683 364 48 lining-papers.

161 2739 231 41 Contains
430 2739 168 41 music.

94 2791 51 52 ©
176 2796 101 40 Oct.
307 2796 38 41 8,
373 2795 113 41 1931;
544 2796 67 41 2c.
641 2796 110 41 Dec.
779 2795 53 40 21;
892 2796 82 41 aff.
1003 2796 110 40 Dec.
1144 2796 55 40 18;
1257 2796 41 40 A
1326 2797 144 40 46467;
1530 2797 141 39 Rand
1702 2797 223 46 McNally
1955 2797 37 40 &
2020 2807 69 29 co.

172 2853 249 48 (32-1648)

89 2945 193 66 Clark,
310 2946 259 53 Thomas
595 2944 200 66 Arkle,
824 2951 171 50 1862-

157 3024 121 51 The
321 3022 312 69 fraternity
676 3025 111 52 and
828 3025 96 51 the
965 3023 210 70 college
1241 3024 92 69 [by]
1379 3026 248 52 Thomas
1668 3025 179 53 Arkle
1891 3026 191 55 Clark.

92 3100 310 69 [Menasha,
437 3101 140 54 Wis.]
639 3102 221 68 George
898 3104 189 50 Banta
1124 3100 335 71 publishing
1495 3121 296 51 company,
1832 3107 149 50 1931.

155 3181 945 50 xi, 189 p. incl. front. (port.) 19ᶜᵐ.
156 3240 146 40 “New
328 3238 227 42 edition.”

158 3296 197 49 Essays.

91 3349 51 52 ©
170 3355 115 39 Nov.
314 3354 67 48 16,
410 3353 110 41 1931;
578 3354 66 40 2c.
673 3355 111 38 Dec.
812 3355 52 46 7;
894 3354 81 43 aff.
1003 3355 109 41 Jan.
1139 3356 40 46 2,
1207 3355 140 46 1932;
1378 3355 39 40 A
1444 3355 145 41 46179;
1646 3356 111 41 Geo.
1786 3357 158 40 Banta
1978 3357 107 48 pub.

157 3422 66 28 co.
296 3410 250 49 (32-1636)

86 3501 194 66 Clark,
308 3504 190 53 Zenas
523 3505 181 66 Read,
735 3510 169 50 1901-

154 3579 120 54 The
308 3581 353 68 recognition
697 3582 64 53 of
792 3581 170 54 merit
995 3582 57 53 in
1088 3582 514 68 superintendents’
1637 3590 222 62 reports
1892 3591 58 47 to
1986 3586 94 53 the

86 3656 1994 75 public, by Zenas Read Clark … New York city, Teachers
83 3735 226 70 college,
343 3737 299 55 Columbia
673 3738 333 69 university,
1038 3743 149 49 1931.

84 3816 1978 104 ix p., 1 l., 123 p. illus. (incl. maps) diagrs. 23½ ᶜᵐ . (Teachers college,
236 3873 249 42 Columbia
519 3875 283 47 university.
864 3876 367 42 Contributions
1264 3880 48 38 to
1345 3878 273 48 education,
1650 3888 76 32 no.
1759 3877 112 49 471)

155 3929 1401 55 Issued also as thesis (PH. D.) Columbia university.
