2505 4370
1290 4049 135 50 1216

363 381 174 65 Voss,
566 381 280 68 Richard,
879 389 329 53 1851-1918.

433 460 459 70 Alpentragödie;
954 479 201 37 roman
1185 482 100 35 aus
1315 466 129 52 dem
1471 465 291 70 Engadin,
1791 484 112 36 von
1931 467 258 54 Richard
2216 470 162 54 Voss.

361 538 1702 76 Vollständige ausg. Berlin, T. Knaur nachf. [ᶜ193 0]
432 622 102 50 455,
568 623 56 50 [1]
654 634 45 38 p.
758 623 148 42 19½ᶜᵐ.

368 690 2013 59 © Oct. 16, 1930; 1c. Dec. 18; A —Foreign 10705; Th. Knaur nachf.,
439 754 180 46 verlag.
691 752 282 50 (31-20835)

361 847 225 67 Walsh,
617 849 258 55 William
907 850 267 67 Francis,
1208 852 174 56 1875-

430 926 1949 73 Future estates in New York, by William F. Walsh … New
357 1004 183 69 York,
568 1005 209 69 Baker,
804 1006 250 55 Voorhis
1082 1009 46 50 &
1155 1025 302 51 company,
1487 1010 152 51 1931.

425 1086 536 49 4 p. l., 274 p. 21 ᶜᵐ .
365 1155 53 53 ©
447 1160 121 48 Aug.
596 1161 40 46 3,
667 1159 111 41 1931;
839 1160 68 40 2c.
937 1162 95 39 and
1064 1161 81 40 aff.
1175 1162 122 46 Aug.
1326 1163 28 38 4;
1411 1163 41 38 A
1480 1161 148 42 40639;
1685 1163 73 41 W.
1788 1163 52 40 F.
1872 1164 184 49 Walsh,
2088 1164 120 41 New
2234 1164 146 41 York.

444 1216 283 51 (31-20519)

357 1314 212 65 Wann,
599 1314 204 65 Harry
831 1313 275 58 Vincent.

432 1392 122 53 The
590 1392 283 53 tradition
910 1392 65 53 of
1009 1392 96 54 the
1142 1392 276 54 Homeric
1454 1392 187 55 simile
1676 1394 61 52 in
1773 1393 332 70 eighteenth
2141 1400 239 64 century

360 1471 226 51 French
620 1475 222 65 poetry,
872 1471 77 69 by
978 1470 203 71 Harry
1211 1472 250 54 Vincent
1491 1472 209 54 Wann.
1776 1473 174 52 Terre
1983 1472 214 69 Haute,
2229 1474 151 66 Ind.,

359 1549 252 53 Indiana
638 1554 148 49 state
809 1550 255 54 teachers
1090 1550 217 69 college
1330 1568 177 51 press,
1535 1553 152 51 1931.

430 1632 120 48 xxii,
577 1632 86 41 105
689 1644 44 37 p.
793 1633 118 41 23ᶜᵐ.

429 1689 353 51 Bibliography:
844 1701 44 38 p.
934 1690 73 52 [97]

362 1744 2015 52 © July 28, 1931; 2c. Aug. 3; aff. Aug. 10; A 39971; H. V. Wann, Terre
431 1806 179 41 Haute.
643 1807 104 39 Ind.
820 1805 281 49 (31-20823)

357 1900 202 56 White
612 1901 187 54 house
853 1901 352 54 conference
1258 1918 73 37 on
1385 1900 156 55 child
1593 1901 209 54 health
1854 1901 117 55 and
2024 1901 353 66 protection.

427 1980 1953 73 Sect, I : Medical service. Committee on medical care for
428 2061 275 54 children.

485 2134 1888 70 … Pediatric education; report of the Subcommittee on
349 2213 2024 70 medical education, Borden S. Veeder, chairman … New York,
349 2291 1041 71 London, The Century co. [ ᶜ193 1 ]
421 2372 1557 52 3 p. l. , 3-109 p. incl. illus. (map) forms. 22½ᶜᵐ. $1.00
421 2430 66 42 At
513 2432 126 40 head
668 2431 53 40 of
748 2431 109 41 title:
918 2431 164 41 White
1110 2432 152 40 house
1292 2431 286 41 conference
1609 2442 61 30 on
1700 2431 131 41 child
1860 2432 170 40 health
2060 2432 99 40 and
351 2435 2004 93 protection.

549 2487 194 42 Section
788 2499 62 29 on
895 2488 207 41 medical
1150 2488 201 42 service.
1429 2487 290 43 Committee
1767 2499 62 30 on
1877 2487 207 42 medical
2133 2498 112 32 care
2292 2489 82 41 for

349 2545 234 41 children.

424 2602 294 40 “Presented
759 2603 54 40 at
852 2601 214 49 meeting
1104 2600 55 42 of
1200 2601 195 42 Section
1437 2614 63 29 on
1539 2601 203 42 medical
1788 2601 198 45 service,
2029 2600 341 51 Washington,

349 2658 57 41 D.
435 2657 64 49 C.,
527 2659 253 47 February
805 2658 70 48 20,
902 2659 114 41 1931
1048 2670 43 39 [a
1118 2659 417 48 post-conference
1562 2658 215 49 meeting
1801 2659 113 41 held
1941 2659 62 48 by
2029 2659 84 42 the

345 2657 2007 99 Continuation
513 2717 275 40 committee
818 2716 53 41 of
898 2718 83 39 the
1015 2715 195 42 Section
1240 2727 62 29 on
1332 2715 206 41 medical
1571 2715 232 51 service]”

357 2770 52 53 ©
435 2775 127 39 June
587 2775 68 48 10,
681 2774 112 41 1931;
850 2774 67 42 2c.
943 2776 95 38 and
1064 2775 83 40 aff.
1174 2775 128 40 June
1355 2774 26 40 13;
1438 2775 40 39 A
1502 2774 145 41 37895;
1703 2774 166 42 White
1893 2775 167 41 House
2085 2775 287 40 conference

427 2843 60 29 on
518 2832 130 41 child
680 2832 169 42 health
879 2834 95 39 and
1007 2832 287 49 protection,
1328 2833 105 48 Ray
1466 2833 187 39 Lyman
1684 2832 205 50 Wilbur,
1972 2864 9 8 M.
2047 2865 21 15 D.,
2103 2831 267 42 chairman.

429 2892 337 46 Washington.
838 2890 281 49 (31-20896)

352 2987 202 55 White
607 2988 187 53 house
847 2987 352 54 conference
1253 3003 74 37 on
1382 2986 155 55 child
1586 2985 208 55 health
1846 2987 117 54 and
2017 2985 353 66 protection.

420 3064 1927 135 Sect, II : Public health service and administration. Committee
647 3166 74 35 on
748 3143 447 57 communicable
1225 3145 217 55 disease
1473 3144 235 56 control.

420 3221 465 55 Communicable
919 3221 218 53 disease
1170 3222 251 66 control;
1457 3225 197 64 report
1688 3218 65 53 of
1785 3220 98 53 the
1918 3218 341 56 Committee
2293 3238 71 34 on

345 3299 449 55 communicable
823 3299 217 54 disease
1066 3300 239 67 control,
1331 3298 223 69 George
1580 3299 78 52 H.
1688 3298 278 69 Bigelow,
1989 3315 68 36 m.
2085 3316 70 50 d.,

345 3297 1997 149 chairman,
532 3378 195 54 White
761 3378 173 53 house
969 3376 334 54 conference
1340 3396 72 34 on
1448 3377 156 54 child
1640 3376 198 54 health
1874 3376 115 54 and
2026 3376 337 68 protection.

345 3454 1411 71 New York, London, The Century co. [ᶜ193 1]
486 3533 1448 53 xv, 243 p. incl. 3 illus., tables, diagrs. 23½ ᶜᵐ . $2.25
415 3594 292 41 Illustrated
737 3593 366 49 lining-papers.

419 3650 225 41 “Section
714 3650 232 41 II—Public
974 3650 169 41 health
1175 3650 185 41 service
1391 3651 97 40 and
1519 3648 416 48 administration,
1967 3648 148 49 Hugh
2149 3646 44 45 S.
347 3646 2000 109 Cumming,

568 3706 647 52 M . D., chairman.”—p. [iii]
420 3761 1944 50 “Dr. James Wallace … collected and compiled … the data on which
346 3819 100 41 this
476 3823 163 45 report
666 3821 44 40 is
737 3820 755 48 based.”—Acknowledgments.

356 3872 51 53 ©
438 3878 115 47 July
582 3879 39 47 6,
651 3879 111 40 1931;
823 3879 66 39 2c.
920 3881 96 39 and
1046 3880 81 39 aff.
1158 3879 117 47 July
1305 3879 82 41 16;
1419 3878 41 39 A
1487 3877 172 48 40392;
1692 3877 163 42 White
1884 3878 169 39 House
2081 3876 284 42 conference

425 3944 60 29 on
516 3934 129 41 child
678 3936 167 41 health
876 3938 95 39 and
1003 3936 287 49 protection,
1323 3936 105 47 Ray
1462 3936 185 47 Lyman
1680 3935 203 49 Wilbur,
1966 3965 8 8 M.
2040 3966 21 10 D.,
2097 3933 267 45 chairman,

425 3993 335 50 Washington.
