2505 4370
1046 4009 100 49 161

97 375 315 54 American
445 375 226 64 society
702 375 95 52 for
829 375 146 53 steel
1007 373 286 66 treating.

167 453 1659 69 Transactions … v. 18, July, 1930-December, 1930.
97 451 1975 151 Cleveland, American society for steel treating [ ᶜ1 930 ]
169 610 1213 51 5 p. l., 1262 p. illus., tables, diagrs. 23½ ᶜᵐ .
102 666 51 52 ©
182 671 111 40 Dec.
320 670 69 47 23,
416 669 141 47 1930;
586 668 66 42 2c.
681 671 96 39 and
804 669 80 40 aff.
914 670 111 40 Feb.
1053 670 40 48 5,
1120 667 113 42 1931
1253 679 8 36 ;
1292 669 42 39 A
1359 669 172 47 34384;
1561 668 159 40 Amer.
1749 678 92 31 soc.
1870 668 80 40 for
1978 669 120 39 steel

169 727 225 48 treating.

96 821 218 65 Battle,
342 821 258 54 Herbert
629 822 336 63 Bemerton,
997 826 325 51 1862-1929.

164 899 120 52 The
335 899 196 52 Battle
581 898 175 67 book;
810 917 32 34 a
894 898 313 69 genealogy
1261 896 65 54 of
1375 898 95 53 the
1525 898 194 52 Battle
1772 896 207 69 family
2034 897 58 53 in

94 975 285 69 America,
410 975 141 53 with
587 976 261 67 chapters
884 974 359 69 illustrating
1279 974 215 53 certain
1530 975 204 67 phases
1772 974 64 53 of
1872 975 74 52 its
93 975 1976 146 history,
265 1052 252 67 planned

542 1053 114 52 and
681 1052 59 52 in
766 1057 161 64 great
954 1056 134 63 part
1111 1052 268 53 executed
1407 1052 74 68 by
1508 1051 251 54 Herbert
1786 1053 308 52 Bemerton

95 1129 1999 69 Battle … completed by Lois Yelverton and issued under the
93 1206 2000 70 supervision of William James Battle … Montgomery. Ala.,
94 1284 119 52 The
242 1284 268 68 Paragon
540 1302 174 49 press,
747 1286 151 51 1930.

162 1363 1846 49 1 p. l., vii-xv, 768 p. front. (port.) illus., fold. geneal. tab. 26½ ᶜᵐ .
165 1418 202 42 Sources
398 1420 225 41 included
655 1420 50 40 in
736 1420 256 41 foreword.

101 1473 51 52 ©
183 1478 109 41 Jan.
322 1477 68 47 30,
423 1476 140 48 1931;
596 1476 67 42 2c.
694 1478 94 39 and
821 1477 80 40 aff.
935 1477 111 41 Feb.
1078 1478 83 47 11;
1192 1478 42 39 A
1264 1477 172 48 33661;
1470 1478 218 41 William
1719 1478 165 41 James
1917 1480 179 45 Battle,

165 1534 191 49 Austin,
381 1535 115 40 Tex.
567 1534 250 50 (31-4085)

95 1630 213 63 Beach,
337 1628 191 54 David
558 1628 238 67 Nelson,
830 1635 325 51 1848-1926.

167 1707 189 54 Beach
399 1706 209 70 family
649 1707 424 54 reminiscences
1116 1708 114 53 and
1273 1708 217 68 annals,
1532 1706 76 72 by
1649 1708 195 54 David
1885 1708 209 54 Nelson

99 1786 206 54 Beach.
377 1786 281 68 Meriden,
689 1785 198 68 Conn.,
917 1786 124 53 The
1067 1786 249 54 Journal
1345 1804 176 50 press,
1554 1789 150 50 1931.

162 1868 338 49 244 p. 24 ᶜᵐ .
94 1924 1983 100 “These pages were dictated … during the summer of 1926.”—Foreword.
101 2036 51 52 ©
178 2040 109 40 Jan.
312 2038 68 49 26,
405 2037 114 42 1931
537 2049 9 37 ;
574 2039 66 40 2c.
667 2039 111 40 Feb.
803 2038 27 39 2
847 2049 9 36 ;
884 2038 82 40 aff.
992 2039 110 39 Jan.
1127 2039 55 40 31
1202 2049 8 36 ;
1238 2039 43 39 A
1305 2037 144 42 34142
1466 2049 10 37 ;
1505 2040 141 39 Ellen
1671 2039 222 48 Walkley
1919 2040 176 48 Beach,

169 2096 337 48 Southington,
547 2095 146 41 Conn.
764 2095 250 48 (31-4303)

96 2190 229 65 Bolton,
354 2189 317 55 Frederick
701 2190 216 64 Elmer,
949 2195 171 49 1866-

163 2267 1926 71 Adolescent education, by Frederick Elmer Bolton … New
94 2347 179 67 York,
301 2346 119 54 The
448 2345 335 54 Macmillan
810 2363 296 51 company,
1140 2349 149 50 1931.

232 2426 648 49 xv, 506 p. diagrs. 20½ ᶜᵐ .
167 2484 247 42 “Selected
442 2483 302 41 references”
771 2486 51 38 at
850 2484 92 39 end
968 2483 53 40 of
1045 2483 119 41 each
1191 2484 215 47 chapter.

101 2536 51 52 ©
181 2541 110 40 Feb.
318 2540 69 48 10,
416 2539 113 41 1931
548 2551 8 36 ;
586 2539 67 43 2c.
681 2541 96 39 and
806 2539 80 41 aff.
916 2539 111 42 Feb.
1055 2540 55 39 11
1128 2550 9 37 ;
1168 2540 41 39 A
1235 2540 146 41 33673
1399 2551 9 37 ;
1440 2540 284 41 Macmillan
1750 2552 68 30 co.

177 2596 250 50 (31-4450)

96 2679 228 64 Bolton,
354 2678 288 65 Reginald
672 2678 261 64 Pelham,
965 2684 169 49 1856-

167 2755 57 54 A
255 2774 221 35 woman
508 2756 485 66 misunderstood;
1030 2754 184 69 Anne,
1248 2754 138 54 wife
1418 2755 66 53 of
1515 2755 261 55 William
99 2758 1974 145 Hutchinson,

245 2833 1852 71 by Reginald Pelham Bolton … New York [Printed for
99 2914 96 52 the
221 2913 207 53 author
453 2912 76 70 by
555 2912 95 53 the
680 2912 218 55 Schoen
927 2912 266 69 printing
1219 2929 299 52 company]
1555 2915 150 50 1931.

169 2995 65 49 ix,
266 2996 84 39 137
382 3005 44 38 p.
485 2994 146 42 23½ᶜᵐ.

170 3052 391 48 “Bibliographic
590 3049 339 43 memoranda”
950 3062 8 28 :
991 3062 42 37 p.
1064 3050 218 41 135-137.

102 3105 51 52 ©
185 3110 110 39 Feb.
324 3110 40 47 6,
395 3108 113 41 1931
527 3120 7 35 ;
568 3108 67 41 2c.
666 3110 94 38 and
792 3108 80 40 aff.
906 3108 110 39 Feb.
1048 3108 27 39 7
1091 3118 9 36 ;
1133 3107 41 39 A
1203 3107 146 40 34245
1366 3118 9 36 ;
1409 3108 56 40 R.
1498 3108 50 40 P.
1581 3108 190 48 Bolton,
1803 3109 117 41 New
1952 3110 144 41 York.

179 3165 250 49 (31-4305)

98 3245 293 64 Bragdon,
425 3244 217 55 Claude
673 3245 270 64 Fayette,
977 3249 169 50 1866-

164 3320 1929 70 The eternal poles, by Claude Bragdon. New York, A . A.
98 3399 219 68 Knopf,
350 3402 151 49 1931.

234 3478 712 49 xv, 104 p., 1 l. illus. 21 ᶜᵐ .
167 3536 288 41 Illustrated
489 3535 362 48 lining-papers.

103 3592 51 52 ©
184 3596 110 40 Feb.
323 3597 40 46 6,
392 3594 113 41 1931
524 3605 9 35 ;
564 3594 67 40 2c.
661 3595 95 38 and
786 3593 80 41 aff.
898 3594 108 39 Feb.
1037 3593 26 39 9
1081 3603 8 36 ;
1121 3593 41 38 A
1191 3592 148 40 34266
1354 3603 9 36 ;
1397 3593 49 40 C.
1476 3594 242 47 Bragdon,
1749 3594 117 40 New
1895 3594 145 40 York.

179 3651 251 50 (31-4209)

99 3735 265 62 Browne,
396 3733 236 54 Samuel
662 3731 301 63 Stanhope
993 3729 270 63 Stryker.

172 3810 45 50 A
255 3806 342 71 pragmatist
632 3807 197 70 theory
866 3806 63 52 of
960 3807 160 53 truth
1157 3806 112 53 and
1305 3803 222 72 reality,
1562 3805 74 70 by
1674 3805 233 56 Samuel
1942 3807 57 55 S.
2036 3808 57 55 S.

100 3882 1795 69 Browne … Princeton. Princeton university press, 1930.
