2505 4370
1073 4054 99 52 979

120 409 190 65 Blum,
345 409 277 65 Sanford,
661 410 171 54 1873-

185 485 285 55 Practical
518 485 255 54 dietetics
819 485 92 52 for
957 484 190 54 adults
1195 485 112 53 and
1354 484 255 53 children
1657 484 60 52 in
1762 483 194 53 health
2005 483 112 53 and

116 559 1978 153 disease, by Sanford Blum … 4th rev. and enl. ed. Philadelphia,
297 643 63 51 F.
389 642 70 52 A.
490 640 179 55 Davis
696 658 293 53 company,
1020 643 150 50 1931.

186 721 908 50 xi p., 1 l., 1, 1a-1b, 2-380 p. 24 ᶜᵐ.
126 778 52 53 ©
207 783 112 47 Apr.
348 782 56 40 27,
448 781 109 40 1931;
619 782 67 40 2c.
717 781 126 40 June
872 780 58 39 20;
987 780 82 41 aff.
1101 781 125 38 June
1257 779 55 40 19;
1372 780 41 39 A
1442 778 171 49 38983;
1647 781 50 39 F.
1728 780 55 41 A.
1815 780 153 40 Davis
1998 791 67 28 co.

203 839 280 48 (31-16238)

119 932 207 65 Bollig,
356 932 260 54 Richard
645 932 239 64 Joseph.

250 1007 1864 70 … The German Catholic schools in southern Russia [by]
117 1086 1978 131 Richard J. Bollig … Washington, D. C., The Catholic education
335 1167 364 66 press [ ᶜ1 931]
119 1245 1985 97 31 p. 23 ᶜᵐ. (The Catholic university of America. Educational research
316 1302 824 48 monographs … vol. VI, no. 2)
189 1359 376 48 Bibliography:
600 1370 43 38 p.
675 1359 158 41 30-31.

125 1412 52 53 ©
204 1418 114 47 May
343 1417 69 48 22,
442 1416 107 41 1931;
612 1417 67 40 2c.
707 1418 113 45 May
848 1417 54 38 23;
961 1416 82 42 aff.
1073 1418 125 39 June
1227 1417 83 45 10;
1341 1417 40 39 A
1409 1416 171 47 38752;
1614 1416 221 41 Catholic
1864 1416 260 40 education

194 1485 148 36 press.
413 1474 279 48 (31-16177)

121 1567 246 54 Booth’s
400 1570 287 68 township
722 1576 230 50 manual
990 1570 93 52 for
1116 1570 96 53 the
1245 1574 147 49 state
1426 1569 64 52 of
1525 1568 187 53 North
1748 1568 245 53 Dakota.
2069 1568 56 52 A

191 1647 279 69 complete
501 1647 172 70 guide
708 1647 93 54 for
834 1647 287 70 township
1157 1645 208 56 officers
1400 1647 62 52 in
1492 1646 150 54 their
1676 1646 229 55 various
1940 1646 185 53 duties

192 1727 181 52 under
424 1727 96 52 the
571 1727 138 53 laws
760 1727 64 52 of
875 1727 187 52 North
1114 1726 245 52 Dakota.
1435 1729 122 50 21st
1607 1726 104 69 ed.,
1760 1726 158 70 May,
1972 1729 149 49 1931.

191 1803 1761 71 Minneapolis, Minn., Walter S. Booth & son, inc. [ ᶜ1 931]
191 1885 84 40 353
309 1895 42 38 p.
413 1883 132 41 19½cm

125 1936 52 53 ©
213 1942 116 47 July
363 1941 69 48 10,
468 1939 107 42 1931;
645 1941 68 41 2c.
750 1943 95 38 and
881 1941 82 41 aff.
1024 1943 115 46 July
1175 1942 83 46 13;
1297 1942 41 38 A
1373 1941 171 47 39547;
1584 1942 188 39 Walter
1810 1941 44 41 S.
1893 1942 157 39 Booth
2089 1942 36 40 &

198 2008 99 38 son,
322 1998 91 40 inc.

120 2092 181 65 Bopp,
333 2091 179 68 Léon,
549 2097 171 51 1896-

246 2167 1542 71 … Est-il sage, est-il fou? Paris, Gallimard [1931]
185 2249 703 49 3 p. l., [9]-260 p., 1 l. 19 ᶜᵐ.
125 2305 1914 53 © Apr. 4, 1931; 1c. May 15; A— Foreign 12138; Librairie Gallimard.
203 2367 280 48 (31-16221)

120 2461 228 65 Bough,
378 2462 289 55 Hon-can.

189 2539 121 51 The
345 2540 199 67 Tsung
580 2539 177 54 Chow
791 2539 112 53 bell
940 2539 64 52 of
1038 2539 96 52 the
1170 2540 283 66 Emperor
1489 2540 217 68 Ch’eng
1742 2541 205 67 Wang,
1990 2543 129 49 1109

157 2617 1964 70 B. C., by Hon-can Bough … The history of the early Chow
120 2693 246 68 dynasty
407 2713 60 33 as
506 2694 168 69 given
713 2693 75 70 by
827 2695 96 52 the
962 2695 282 67 Emperor
1286 2696 217 69 Ch’eng
1541 2697 191 66 Wang
1781 2696 337 69 (1115-1079

157 2771 1963 71 B. C.) in the inscriptions of the Tsung Chow bell … New
122 2848 178 69 York,
327 2851 259 67 London,
613 2850 67 55 G.
709 2852 66 53 P.
804 2850 296 53 Putnam’s
1129 2868 146 49 sons,
1307 2855 149 50 1931.

121 2931 1983 103 8 p. l., 133 numb. 1., 1 l. col. front., illus. (incl. ports., maps, facsims.) 28½ᶜᵐ.
193 3043 201 42 Printed
430 3056 60 29 on
526 3044 172 40 double
734 3047 162 38 leaves
931 3045 51 39 in
1019 3044 206 41 Chinese
1263 3046 150 47 style;
1454 3046 108 40 title
1599 3046 47 39 in
1685 3046 205 43 Chinese
124 3048 1981 93 characters
250 3103 53 38 at
329 3102 104 39 fold
464 3100 51 41 of
543 3104 117 38 each
690 3103 115 39 leaf.

195 3156 385 49 “Photographic
617 3158 366 47 reproductions
1020 3158 51 40 of
1106 3158 195 41 ancient
1337 3159 205 40 Chinese
1580 3159 251 40 historical
1869 3162 193 38 records”:

122 3214 145 40 numb.
312 3217 163 38 leaves
505 3214 187 41 93-111.

196 3270 67 40 “A
288 3272 234 46 complete
547 3272 291 47 chronology
863 3272 52 39 of
941 3272 153 40 China
1120 3273 128 38 from
1275 3272 245 48 antiquity
1546 3275 49 38 to
1621 3275 81 38 the
1727 3276 194 44 present
1948 3273 171 40 time—

124 3326 49 39 in
202 3327 203 40 Chinese
436 3329 94 38 and
560 3326 230 49 English”:
849 3328 146 39 numb.
1039 3330 162 38 leaves
1231 3328 218 41 113-127.

130 3380 50 51 ©
213 3386 119 39 Mar.
365 3384 56 41 10,
468 3382 111 42 1931;
642 3384 67 41 2c.
743 3387 93 39 and
871 3384 81 42 aff.
987 3387 113 45 May
1132 3385 55 41 23;
1251 3387 41 38 A
1324 3387 143 39 37463:
1531 3388 222 39 Hon-can
1787 3387 184 44 Bough,
2007 3388 117 39 New

197 3441 143 40 York.
405 3441 278 46 (31-16270)

126 3532 279 67 Bourget,
434 3536 147 53 Jean
609 3536 206 65 Marie,
846 3542 170 50 1889-

251 3610 1872 71 … Gouvernement et commandement; les leçons de la guerre
120 3688 295 54 mondiale.
486 3690 183 68 Paris,
703 3691 201 68 Payot,
939 3694 150 50 1930.

193 3768 1931 53 318 p., 1 l. 23 ᶜᵐ. (Collection de mémoires, études et documents pour
124 3824 154 41 servir
309 3825 29 41 à
367 3825 240 42 l’histoire
639 3828 59 39 de
727 3829 47 38 la
808 3837 171 38 guerre
1012 3828 268 46 mondiale)

194 3882 64 41 At
286 3882 125 41 head
442 3883 53 40 of
523 3883 135 41 title:
691 3884 128 40 J.-M.
850 3885 227 48 Bourget.

135 3936 1706 58 © Oct. 29, 1930; 1c. Jan. 23, 1931; A—Foreign 10619; Payot.
211 3999 279 50 (31-16457)
