2505 4370
1095 3982 102 56 275

143 358 186 63 Child,
361 357 246 55 Charles
637 356 284 62 Gardner,
954 356 171 53 1873-

211 426 1869 74 Sterility and conception, by Charles Gardner Child, jr. …
140 513 139 52 with
310 511 267 70 fifty-one
608 509 396 53 illustrations.
1072 507 137 53 New
1242 506 181 67 York,
1454 505 259 53 London.
1742 505 72 51 D.
1846 503 292 70 Appleton

140 591 112 52 and
283 607 298 50 company,
615 591 149 49 1931.

139 662 1985 110 xii p., 1 l., 238 p. front., diagrs. 25 ᶜᵐ. (Gynecological and obstetrical monographs, vol. I)
211 793 335 42 “Literature”
575 796 52 38 at
653 794 91 40 end
772 793 52 40 of
848 794 125 38 most
1001 792 52 38 of
1078 792 82 39 the
1186 792 241 46 chapters.

147 863 52 51 ©
241 866 111 40 Feb.
393 866 70 46 27,
506 864 110 40 1931;
688 865 67 40 2c.
798 865 93 38 and
934 864 82 39 aff.
1060 864 121 38 Mar.
1222 862 54 46 3;
1319 862 41 38 A
1401 861 172 47 35044;
1617 861 58 41 D.
1718 860 238 48 Appleton
1999 860 36 40 &
2077 871 67 29 co.

217 918 69 55 [©
312 933 106 29 new
443 925 194 45 matter]
711 919 249 50 (31-5961)

142 1018 174 53 Clark
349 1016 351 63 university,
734 1018 329 65 Worcester,
1091 1016 171 53 Mass.

272 1094 1804 65 … Thesis abstracts, 1930. v. 2. Worcester, Mass. 1930.
213 1175 547 51 4 p. l. , 3-146 p. 24½ᶜᵐ.
148 1246 52 51 ©
230 1250 109 39 Jan.
369 1248 57 41 19,
469 1247 112 40 1931;
640 1247 66 40 2c.
738 1249 95 38 and
864 1247 82 39 aff.
976 1248 109 38 Jan.
1115 1246 82 47 22;
1231 1246 40 38 A
1301 1244 145 41 32937;
1508 1244 148 41 Clark
1687 1244 129 40 univ.

143 1343 152 63 Cole,
325 1344 265 51 Norman
622 1343 231 62 Brown,
888 1347 168 49 1886-

210 1420 158 53 First
401 1420 95 53 aid
535 1419 92 53 for
659 1419 156 69 boys,
848 1438 29 33 a
912 1419 232 51 manual
1180 1417 94 52 for
1309 1417 109 69 boy
1454 1422 185 48 scouts
1675 1417 108 53 and
1825 1416 94 52 for
1955 1417 190 52 others

140 1498 306 53 interested
490 1498 59 51 in
594 1502 232 63 prompt
869 1497 132 66 help
1048 1495 92 53 for
1183 1495 95 53 the
1323 1494 227 69 injured
1595 1495 113 52 and
1751 1495 95 52 the
1891 1494 136 66 sick,
2069 1495 75 68 by

140 1572 2003 69 Norman B. Cole … and Clayton H. Ernst … Rev. ed. With
140 1652 267 70 fifty-one
444 1652 291 68 drawings
771 1651 73 70 by
884 1652 156 51 Walt
1079 1650 228 52 Harris.
1381 1651 138 51 New
1560 1650 178 53 York,
1776 1650 257 53 London.
2072 1651 71 50 D.

139 1731 296 68 Appleton
465 1730 112 52 and
608 1747 297 50 company,
939 1732 149 49 1931.

212 1808 779 50 xii p., 1 l., 196 p. illus. 18½ᶜᵐ.
148 1876 52 51 ©
232 1879 108 40 Feb.
369 1880 70 40 27,
470 1877 138 47 1931;
641 1878 66 40 2c.
738 1879 96 39 and
863 1878 82 40 aff.
976 1879 122 39 Mar.
1128 1879 52 45 3;
1213 1877 41 39 A
1283 1877 171 47 35061;
1489 1878 55 39 D.
1575 1878 240 48 Appleton
1846 1878 36 40 &
1912 1889 67 28 co.

225 1935 250 48 (31-5947)

147 2031 1992 62 Corpus nummorum italicorum … Primo tentativo di un
212 2111 260 67 catalogo
506 2112 259 66 generale
800 2111 144 52 delle
977 2116 220 46 monete
1232 2110 278 52 medievali
1570 2130 26 32 e
1632 2111 265 52 moderne
1930 2118 220 44 coniate

214 2188 59 51 in
308 2189 175 53 Italia
520 2208 29 33 o
584 2189 70 52 da
690 2188 236 52 Italiani
965 2188 56 52 in
1061 2188 131 52 altri
1232 2187 169 67 paesi.
1480 2207 48 31 v.
1569 2192 77 48 12.
1725 2190 251 50 Toscana
213 2189 1908 145 (Firenze)

443 2266 199 63 Roma,
673 2265 127 68 Tip.
831 2266 163 53 Ditta
1028 2266 290 52 Ludovico
1351 2266 282 55 Cecchini,
1669 2269 145 49 1930.

216 2346 873 48 2 p. l., 508 p., 1 l., xxxiv p. 33 ½ ᶜᵐ.
149 2413 51 52 ©
235 2417 102 40 Oct.
370 2417 69 47 15,
472 2416 141 47 1930;
678 2428 37 28 1c.
749 2417 109 39 Jan.
892 2417 40 41 3.
966 2416 140 47 1931;
1143 2417 100 39 A—
1247 2417 206 47 Foreign
1488 2416 170 48 10123;
1696 2417 295 40 Alessandro
217 2418 1914 96 Mattioli

355 2474 299 48 Pasqualini,
689 2474 163 41 Rome.

145 2566 278 63 Courths,
451 2568 157 53 Frau
634 2565 250 66 Hedwig
921 2567 290 64 (Mahler)
1251 2571 171 51 1867-

212 2642 264 53 Prinzess
504 2643 159 65 Lolo,
692 2661 195 34 roman
919 2662 108 33 von
1056 2644 77 52 H.
1164 2642 519 56 Courths-Mahler.
1759 2644 241 69 Leipzig
2028 2645 118 52 und

143 2720 829 68 Bern, F. Rothbarth [ ᶜ1 930]
214 2802 100 50 191,
346 2803 55 51 [1]
432 2813 44 39 p.
536 2803 56 40 18ᶜᵐ.

150 2872 2000 51 © Jan. 27, 1930; 1c . Dec. 18; A —Foreign 10274; Friedrich Rothbarth.
227 2933 251 48 (31-6154)

147 3026 369 65 Culbertson,
549 3028 207 62 Carey,
790 3029 169 53 1871-

216 3102 1927 72 Surgery of the female pelvis, by Carey Culbertson … with
144 3180 153 69 sixty
333 3182 381 52 illustrations
752 3182 74 68 by
864 3183 141 51 Tom
1046 3182 175 53 Jones
1262 3183 112 52 and
1414 3183 88 52 W.
1544 3182 62 55 C.
1650 3182 279 69 Shepard.
2008 3186 138 51 New

146 3257 178 66 York,
356 3258 258 67 London,
645 3259 71 51 D.
748 3258 291 68 Appleton
1075 3260 112 52 and
1221 3278 299 51 company,
1555 3264 150 49 1931.

144 3337 1985 103 xii p., 1 l., 388 p. illus. 25ᶜᵐ. (Gynecological and obstetrical monographs. vol. XV )
217 3449 336 41 “Literature”
584 3452 50 38 at
664 3453 92 37 end
785 3450 54 40 of
864 3452 118 39 each
1012 3451 197 41 section.

153 3517 52 51 ©
245 3521 111 40 Feb.
398 3522 69 44 27,
511 3521 138 46 1931;
694 3522 66 39 2c.
802 3523 96 39 and
939 3522 82 41 aff.
1064 3523 121 40 Mar.
1227 3524 53 46 3;
1325 3524 40 39 A
1405 3525 172 48 35056;
1623 3526 56 39 D.
1723 3526 237 47 Appleton
2002 3527 36 39 &
2081 3538 68 29 co.

222 3574 69 53 [©
320 3588 107 29 new
457 3580 193 47 matter]
723 3578 250 48 (31-5956)

148 3672 434 64 Cunningham,
614 3675 247 52 Auburn
892 3676 75 62 S.,
1000 3696 177 49 comp.

212 3747 363 70 Everything
599 3768 107 50 you
736 3757 153 48 want
914 3758 59 47 to
998 3751 164 53 know
1191 3753 172 52 about
1387 3754 93 53 the
1508 3753 334 68 presidents,
1868 3753 279 69 compiled

143 3824 73 70 by
257 3825 242 53 Auburn
540 3826 57 55 S.
637 3826 419 71 Cunningham.
1134 3829 267 69 Chicago,
1444 3831 64 51 A.
1553 3830 60 55 C.
1652 3831 281 69 McClurg
1970 3833 44 52 &
2051 3850 96 37 co.,

147 3904 149 51 1931.
