2505 4370
1071 4004 102 51 201

106 458 132 53 ford
270 457 316 68 university
615 474 184 50 press;
830 455 259 67 London,
1117 453 77 53 H.
1224 451 268 70 Milford,
1522 450 230 56 Oxford
1783 448 316 70 university

106 553 172 50 press,
311 537 149 50 1931.

175 607 1582 56 xiv, 365 p. front., illus. (incl. music) plates, diagrs. 23½ ᶜᵐ.
176 671 347 47 Bibliography:
583 680 44 37 p.
658 668 216 42 352-358.

113 735 1995 54 © Jan. 31, 1931; 2c. Feb. 9; aff. Feb. 13; A 33750; Board of trustees
180 798 52 40 of
258 798 182 39 Leland
471 796 230 40 Stanford
732 796 164 47 junior
925 796 142 46 univ.,
1099 793 238 41 Stanford
1363 791 297 50 University,
1690 791 145 43 Calif.

191 853 250 51 (31-4830)

107 950 211 62 Large,
346 951 137 52 Mrs.
514 948 145 53 Jean
697 947 265 65 (Henry)

177 1025 199 68 Nancy
414 1042 133 51 goes
584 1024 286 67 camping,
908 1022 34 53 by
1019 1023 147 54 Jean
1203 1022 203 69 Henry
1448 1022 214 68 Large;
1709 1020 287 53 foreword
2031 1020 73 68 by

106 1096 1998 73 Mrs. Frederick Edey … New York, London, D. Appleton
107 1180 113 52 and
252 1195 298 51 company,
583 1181 150 50 1931.

174 1255 1006 52 4 p. l., 215, [1] p. front., 1 illus. 19½ ᶜᵐ.
117 1312 52 52 ©
195 1316 111 41 Feb.
330 1315 69 48 20,
427 1314 114 42 1931;
596 1314 67 42 2c.
690 1315 97 40 and
812 1314 82 42 aff.
922 1314 111 41 Feb.
1058 1313 57 40 24;
1169 1314 43 39 A
1234 1312 150 42 33905;
1437 1313 59 43 D.
1522 1314 242 48 Appleton
1789 1312 36 42 &
1850 1323 69 31 co.

192 1371 251 51 (31-5071)

111 1466 286 64 Laurson,
424 1466 193 64 Philip
647 1465 282 64 Gustave,
960 1470 171 50 1885-

179 1543 330 69 Properties
548 1545 112 52 and
698 1542 318 55 mechanics
1054 1545 65 52 of
1155 1543 311 71 materials,
1502 1544 75 68 by
1616 1542 201 69 Philip
1855 1543 255 56 Gustave

110 1620 2001 70 Laurson … and William Junkin Cox … New York, J. Wiley
110 1702 46 52 &
189 1718 146 49 sons,
367 1699 109 54 inc.;
542 1699 258 67 London,
836 1699 301 68 Chapman
1172 1702 45 51 &
1248 1698 161 70 Hall,
1444 1697 241 71 limited,
1721 1701 149 52 1931.

181 1778 1348 52 2 p. l., iii-x, 353 p. illus., diagrs. 24 ᶜᵐ. $3.50
184 1837 321 40 “References
533 1837 80 40 for
637 1837 197 40 further
864 1837 227 48 reading”:
1152 1848 42 37 p.
1221 1837 219 41 317-318.

119 1890 52 52 ©
197 1894 111 40 Feb.
333 1895 68 47 11,
428 1893 112 41 1931;
595 1893 67 43 2c.
687 1895 95 38 and
808 1893 81 42 aff.
917 1894 110 41 Feb.
1053 1894 81 47 16;
1163 1894 40 39 A
1228 1893 144 41 33763;
1428 1894 53 41 P.
1508 1893 54 42 G.
1588 1894 223 40 Laurson
1836 1893 37 41 &
1898 1892 218 42 William

186 1951 44 42 J.
264 1950 111 50 Cox,
409 1951 118 41 New
557 1951 186 41 Haven.
814 1950 250 50 (31-5005)

114 2045 245 64 Linnell,
390 2045 313 56 Gertrude.

182 2121 122 54 The
350 2122 183 53 Black
581 2122 184 55 Ghost
813 2122 65 54 of
925 2124 95 52 the
1069 2123 291 69 highway,
1408 2122 76 70 by
1534 2122 285 55 Gertrude
1867 2121 246 54 Linnell.

113 2199 139 53 New
281 2199 181 69 York,
491 2201 269 68 Toronto,
790 2200 346 69 Longmans,
1166 2199 187 55 Green
1383 2201 113 52 and
1525 2218 99 50 co.,
1656 2202 151 51 1931.

184 2281 470 50 3 p. l., 249 p. 19½ ᶜᵐ.
188 2338 163 41 “First
380 2338 227 42 edition.”

123 2392 52 52 ©
202 2396 110 41 Feb.
340 2396 68 48 18,
436 2394 108 42 1931;
605 2395 67 41 2c.
701 2395 110 41 Feb.
839 2395 82 47 21;
952 2395 81 41 aff.
1062 2395 111 42 Feb.
1199 2394 83 48 20;
1312 2395 43 39 A
1379 2395 172 48 33874;
1581 2395 289 49 Longmans,
1899 2395 158 41 Green
2083 2399 37 42 &

191 2461 67 32 co.
329 2451 250 50 (31-4963)

116 2546 233 65 Lovett,
378 2547 222 53 Robert
629 2546 384 66 Williamson,
1047 2552 326 50 1859-1924.

184 2623 252 54 Lovett’s
464 2623 230 54 Lateral
723 2628 301 50 curvature
1053 2623 64 53 of
1142 2624 95 54 the
1265 2623 160 69 spine
1454 2624 112 54 and
1597 2624 182 52 round
1808 2624 310 56 shoulders.

117 2699 1973 134 5th ed., rev. and edited by Frank R. Ober … and A. H. Brewster … with
525 2783 111 47 two
665 2778 261 52 hundred
958 2778 113 53 and
1101 2797 104 36 one
1234 2777 392 55 illustrations.
1695 2778 425 72 Philadelphia,

118 2855 1115 71 P. Blakiston’s son & co., inc. [ ᶜ19 31 ]
188 2936 557 48 ix, 240 p. illus. 24 ᶜᵐ.
128 2992 50 51 ©
206 2996 109 41 Feb.
341 2997 67 47 11,
435 2996 112 40 1931;
602 2996 67 40 2c.
695 2997 93 38 and
815 2995 83 42 aff.
923 2996 111 41 Feb.
1060 2995 54 39 12;
1169 2997 41 38 A
1234 2995 144 41 34332;
1434 2997 52 40 P.
1513 2995 325 41 Blackiston’s
1865 3006 83 30 son
1977 2996 36 40 &
2039 3006 81 39 co.,

197 3053 89 40 inc.
358 3051 250 52 (31-4936)

122 3146 244 64 Loving,
394 3146 222 65 Pierre,
650 3152 171 51 1893-

190 3221 1775 71 Gardener of evil, a portrait of Baudelaire & his times [by]
121 3300 1938 70 Pierre Loving. [New York] Brewer and Warren inc. [ ᶜ19 31]
191 3382 277 49 400 p. 19½ ᶜᵐ.
193 3440 198 39 London
423 3439 183 40 edition
647 3441 85 46 (H.
762 3439 250 48 Toulmin)
1052 3441 90 39 has
1171 3440 137 41 title:
1340 3440 102 40 The
1473 3442 81 39 cat
1584 3440 52 41 of
1666 3441 200 41 heaven.

131 3491 52 52 ©
218 3496 110 42 Feb.
363 3496 69 48 13,
468 3495 139 48 1931;
644 3496 68 41 2c.
749 3497 110 41 Feb.
894 3497 82 47 18;
1015 3496 81 43 aff.
1133 3497 111 41 Feb.
1280 3497 82 48 16;
1400 3497 42 40 A
1474 3496 173 49 34430;
1685 3497 51 40 P.
1772 3496 197 48 Loving,
2006 3497 118 40 New

197 3553 143 40 York.
411 3552 250 50 (31-4966)

125 3648 243 64 Luther,
399 3649 243 53 Martin.

192 3725 209 53 Works
448 3725 64 52 of
555 3725 220 52 Martin
821 3726 232 51 Luther.
1130 3727 341 51 Translated
1518 3726 142 52 with
1706 3726 419 52 introductions

128 3806 110 51 and
274 3810 173 48 notes,
524 3825 49 32 v.
612 3809 46 48 4.
734 3805 425 68 Philadelphia,
1196 3807 120 57 Pa.,
1353 3805 71 52 A.
1463 3806 55 52 J.
1555 3806 254 52 Holman
1847 3824 280 50 company

129 3880 109 51 and
269 3880 125 53 The
423 3879 188 55 Castle
642 3898 157 50 press
1013 3913 12 34 [ᶜ1931]
