2505 4370
1333 4019 134 52 1094

358 372 246 65 Eppley,
636 370 234 54 Louise.

429 451 241 53 Murder
702 450 61 52 in
796 449 96 55 the
925 448 174 54 cellar
1138 448 109 69 [by]
1287 445 206 56 Louise
1527 445 230 71 Eppley
1792 445 114 54 and
1938 443 251 54 Rebecca
357 442 1994 142 Gayton.

550 528 141 54 New
720 526 182 71 York,
927 527 90 54 W.
1046 525 255 54 Morrow
1329 527 47 52 &
1402 542 301 53 company,
1731 526 152 52 1931.

427 606 899 50 4 p. l., 311 p. illus. (plans) 19½ᶜᵐ.
363 661 2000 56 © July 16, 1931; 2c. and aff. July 18; A 40415; William Morrow & co.,
433 726 92 40 inc.
597 724 282 49 (31-18591)

361 820 118 52 Far
485 818 68 64 is,
584 818 157 54 John
771 818 320 64 Thomson,
1127 820 173 52 1871-

433 891 1947 73 Seeing South America, by John T. Faris … New York,
360 974 256 69 Chicago
661 979 139 61 [etc.]
844 973 269 69 Fleming
1150 973 77 53 H.
1267 972 200 53 Revell
1506 989 283 51 company
1833 974 194 64 [ᶜ1931]

431 1058 86 40 223
546 1067 43 38 p.
649 1056 166 48 front.,
844 1057 173 47 plates,
1045 1055 120 41 fold.
1193 1065 129 39 map.
1382 1054 57 40 22½ᶜᵐ.

367 1110 2017 112 © July 11, 1931; 2c. and aff. July 15; A 39470; Fleming H. Revell co. (31-18160)
365 1267 295 66 Fletcher,
690 1266 223 65 Joseph
944 1264 217 66 Smith,
1195 1271 173 50 1863-

500 1345 1884 70 … The murder at Wrides park, being entry number one in
366 1427 98 54 the
520 1426 300 55 case-book
875 1425 65 53 of
993 1425 229 53 Ronald
1282 1422 391 57 Camberwell.
1751 1422 138 54 New
1949 1422 182 71 York,
2188 1423 69 52 A.
2316 1422 69 53 A.

366 1505 229 69 Knopf,
626 1508 151 50 1931.

434 1582 634 52 4 p. l., 3-251, [1] p. 19½ᶜᵐ.
435 1644 65 40 At
526 1642 127 41 head
676 1640 54 41 of
755 1640 110 42 title
882 1653 8 27 :
922 1643 43 39 J.
996 1641 44 41 S.
1071 1640 238 42 Fletcher.

436 1699 165 42 “First
638 1697 225 44 edition.”

373 1755 53 52 ©
458 1759 130 39 June
614 1757 69 49 26,
715 1756 142 46 1931;
889 1755 68 42 2c.
988 1756 128 39 June
1144 1755 83 41 30:
1263 1754 81 41 aff.
1376 1754 117 49 July
1525 1757 82 45 11;
1641 1755 40 39 A
1711 1753 173 50 39501;
1918 1755 173 40 Alfred
2123 1756 53 39 A.
2209 1755 182 48 Knopf,

443 1816 90 40 inc.
606 1814 283 49 (31-18273)

371 1910 164 64 Fort,
564 1910 157 54 John
748 1910 231 64 Porter,
1013 1914 172 50 1888-

446 1990 129 55 God
611 1990 60 53 in
708 1991 97 52 the
842 1994 173 49 straw
1053 2007 129 51 pen,
1219 2008 31 34 a
1289 1989 168 51 novel
1492 1989 75 69 by
1605 1989 157 53 John
1800 1989 157 52 Fort.
2035 1989 140 52 New
2213 1988 181 68 York,

371 2070 193 67 Dodd,
594 2069 172 53 Mead
798 2069 45 51 &
872 2085 301 52 company,
1205 2069 153 51 1931.

446 2149 478 48 5 p. l., 234 p. 21 ᶜᵐ.
379 2204 53 52 ©
471 2208 117 47 July
623 2207 71 43 24,
732 2206 142 42 1931;
914 2205 67 41 2c.
1020 2206 117 47 July
1175 2205 83 47 28;
1300 2205 82 41 aff.
1423 2205 115 48 July
1576 2205 83 47 29;
1700 2206 41 39 A
1779 2205 172 48 39725;
1993 2207 44 39 J.
2077 2206 133 46 Fort,
448 2205 1928 108 Chattanooga,
704 2265 147 38 Tenn.

924 2263 282 47 (31-27207)

378 2346 379 64 Geoghegan,
789 2345 227 54 Walter
1043 2343 213 55 David.

448 2423 1887 72 Mutuel double event … by Walter David Geoghegan …
376 2501 2017 125 Vancouver, B. C., The Sun publishing company, limited [ ᶜ1 931] Sheet.
383 2639 2014 52 © 1c. Aug. 12, 1931; A ad int. 15385; pubd. June 24; W. D. Geoghegan,
453 2701 300 45 Vancouver,
791 2700 53 38 B.
885 2699 64 46 C.,
988 2698 214 41 Canada.

381 2780 456 64 Goldenweiser,
869 2780 340 53 Alexander
1240 2780 91 65 A.,
1367 2785 172 50 1880-

450 2857 217 55 Robots
699 2877 64 33 or
794 2857 172 70 gods;
1003 2876 72 33 an
1109 2876 161 51 essay
1304 2875 72 35 on
1411 2857 156 54 craft
1599 2858 114 53 and
1747 2858 180 67 mind,
1960 2858 75 69 by
2069 2859 332 52 Alexander

378 2935 1610 70 Golden weiser … New York, A. A. Knopf, 1931.
452 3018 742 50 6 p. l., 3-138, vi p., 1 l. 19½ᶜᵐ.
388 3075 2013 52 © May 22, 1931; 2c. May 23; aff. May 25; A 38405; Alfred A. Knopf,
457 3135 92 41 inc.
620 3134 282 49 (31-18720)

386 3218 254 64 Gordon,
670 3216 192 65 Ralph
891 3218 288 54 Semmes.

452 3292 240 53 Pioneer
724 3292 153 68 daze,
911 3312 26 33 a
972 3294 222 69 history
1228 3311 32 34 a
1293 3296 54 51 la
1382 3299 152 47 carte
1567 3293 113 53 and
1715 3313 30 33 a
1781 3296 54 50 la
1870 3300 249 59 cartoon,
2153 3294 246 54 wherein

388 3393 133 52 may
551 3376 68 53 be
651 3374 184 54 found
867 3392 72 35 an
969 3374 197 53 absent
1198 3379 307 48 treatment
1537 3375 63 53 of
1631 3375 298 54 historical
1961 3376 150 55 facts
390 3393 1990 129 concerning

530 3454 96 52 the
665 3454 157 68 early
864 3454 141 68 days
1045 3453 65 52 of
1152 3452 217 55 Seattle
1409 3454 113 52 and
1563 3454 95 52 the
1697 3454 189 69 Puget
1923 3455 183 54 sound
2145 3460 260 63 country,

390 3531 186 54 which
609 3531 206 54 should
846 3531 165 54 settle
1042 3530 94 53 for
1168 3531 79 52 all
1278 3531 138 53 time
1445 3532 98 52 the
1573 3531 259 68 question
1863 3533 129 51 that
2020 3533 97 53 the
2149 3551 163 35 name
2343 3532 64 53 of

389 3611 97 52 the
514 3608 301 54 mountain
846 3609 48 54 is
926 3608 255 54 Rainier.
1258 3609 122 53 The
1411 3614 150 49 tome
1591 3609 47 54 is
1670 3611 315 67 supported
2015 3610 77 70 by
2124 3616 92 47 art
2248 3610 158 53 work

392 3686 156 53 from
576 3688 97 52 the
702 3686 191 55 studio
922 3686 66 55 of
1014 3688 96 53 the
1140 3687 226 70 author,
1396 3687 196 69 Ralph
1622 3686 256 72 Gordon,
1908 3706 85 36 co-
2000 3687 202 70 adjuta
2207 3690 94 53 ted
2336 3690 70 69 by

393 3764 294 55 Stoddard
722 3764 180 69 King.
979 3764 233 70 Seattle,
1247 3765 275 53 Lowman
1557 3768 46 49 &
1635 3765 277 55 Hanford
1948 3784 99 53 co.,
2083 3770 150 49 1930.

462 3844 84 50 [25]
577 3854 43 38 p.
682 3843 162 50 front.,
876 3845 127 41 illus.
1064 3846 116 40 19ᶜᵐ.

397 3896 53 52 ©
487 3901 111 41 Dec.
634 3902 38 44 5,
709 3901 141 48 1930;
887 3903 68 41 2c.
991 3904 116 45 May
1142 3904 68 47 11,
1247 3902 107 41 1931;
1427 3903 82 41 aff.
1546 3905 113 47 Apr.
1697 3905 82 47 15;
1818 3905 40 39 A
1894 3904 171 48 38096;
2105 3905 228 39 Lowman
2372 3906 34 39 &

467 3958 228 42 Hanford
723 3971 65 30 co.
861 3960 281 50 (31-18278)
