2428 4370
1242 4042 136 50 1932

281 376 308 64 Donnelly,
628 375 221 54 Harold
887 375 182 66 Irvin,
1110 381 172 51 1892-

353 454 1943 71 Measuring certain aspects of faith in God … Harold I .
281 535 308 70 Donnelly.
667 534 429 70 Philadelphia,
1139 535 122 54 The
1301 534 403 55 Westminster
1745 553 174 52 press,
1966 538 149 50 1931.

352 616 87 41 118
464 627 43 38 p.
536 616 111 42 incl.
675 616 155 40 forms.
908 616 181 48 diagrs.
1149 615 119 42 23ᶜᵐ.

351 672 175 42 Thesis
562 672 109 49 (ph.
702 672 424 49 d.)—University
1154 673 52 41 of
1234 673 377 49 Pennsylvania,
1641 673 129 41 1931.

355 730 73 41 On
469 740 142 31 cover:
682 730 286 49 Measuring
1005 729 189 42 certain
1233 733 192 45 aspects
1465 731 52 40 of
1554 731 132 40 faith
1725 731 51 40 in
1817 731 102 41 God
1959 741 53 30 as
2053 731 153 41 found
2246 731 51 40 in

284 786 116 49 boys
427 788 97 40 and
551 787 133 49 girls,
714 787 184 49 fifteen,
928 788 205 48 sixteen,
1162 788 96 40 and
1288 790 259 38 seventeen
1576 798 144 38 years
1748 788 51 41 of
1827 799 103 38 age.
1992 790 168 39 Issued
2192 790 106 39 also

283 846 154 40 under
465 844 101 43 this
594 845 123 42 title.

357 901 148 43 “This
543 903 147 48 study
725 912 103 31 was
865 902 308 41 undertaken
1208 901 258 50 primarily
1502 913 55 30 as
1594 913 27 30 a
1659 902 189 49 project
1882 903 52 40 of
1974 905 79 38 the
285 904 1994 96 Department

455 960 54 40 of
546 959 312 41 educational
897 960 228 40 research
1164 959 53 41 of
1256 960 83 40 the
1377 959 349 48 Presbyterian
1764 960 152 40 board
1956 960 52 40 of
2046 960 251 41 Christian

282 1015 555 43 education.”—Introd.

355 1073 353 50 Bibliography:
764 1085 42 38 p.
834 1074 219 41 114-118.

292 1141 52 53 ©
378 1146 103 43 Oct.
512 1145 41 49 9,
586 1145 114 41 1931;
761 1145 66 41 2c.
862 1145 103 41 Oct.
1000 1146 54 39 14;
1119 1145 83 43 aff.
1235 1146 102 41 Oct.
1372 1147 55 40 13;
1490 1146 41 39 A
1563 1146 146 40 44146;
1773 1146 347 41 Westminster
2150 1156 151 39 press.

370 1203 282 49 (31-30534)

287 1298 270 67 Duffield,
587 1300 259 55 Marcus.

360 1376 166 71 King
557 1377 221 70 Legion
818 1377 110 69 [by]
969 1377 232 54 Marcus
1235 1377 264 54 Duffield.
1575 1378 139 52 New
1754 1377 181 68 York,
1972 1378 55 52 J.
2068 1377 158 68 Cape
2261 1379 46 50 &

287 1456 77 53 H.
405 1454 192 57 Smith
639 1459 172 64 [1931]

394 1538 1427 50 x p., 1 l., 330 p. front., plates, 3 port. on 1 l. 21ᶜᵐ.
364 1596 353 49 Bibliography:
780 1607 43 38 p.
857 1595 219 42 317-319.

295 1662 1931 54 © Nov. 30, 1931; 2c. and aff. Dec. 1; A 45257; M. Duffield, New York.
376 1725 283 50 (31-33771)

291 1820 325 65 Edgerton,
648 1822 140 54 Mrs.
820 1820 164 55 Alice
1023 1821 242 66 (Craig)

365 1899 311 56 Selections
705 1902 112 52 and
844 1901 166 68 plays
1037 1901 93 52 for
1157 1899 298 70 juveniles,
1480 1901 75 69 by
1581 1899 164 53 Alice
1774 1899 178 69 Craig
1980 1898 327 68 Edgerton;

293 1977 336 71 containing
674 1977 297 71 forty-five
1013 1997 210 51 poems,
1267 1982 216 65 twenty
1526 1978 367 68 monologues
1938 1978 113 52 and
2094 1975 217 53 sixteen

293 2055 1780 71 dialogues. [Boston] Walter H. Baker company [ ᶜ193 1]
362 2137 601 49 3 p. l., 5-151 p. 19 ᶜᵐ .
299 2204 52 52 ©
383 2208 128 49 Sept.
539 2209 69 48 12,
638 2208 115 42 1931;
809 2209 69 41 2c.
910 2209 127 48 Sept.
1068 2210 55 40 18;
1182 2209 81 41 aff.
1297 2209 128 48 Sept.
1455 2209 56 40 16;
1568 2208 40 39 A
1635 2208 147 39 42424;
1841 2208 191 40 Walter
2058 2206 61 40 H.
2149 2205 164 41 Baker

367 2276 67 30 co.
506 2266 14 49 (CA
608 2266 175 42 31-984
802 2267 237 49 Unrev’d)

296 2360 213 66 Eisele,
539 2361 251 55 Wilbert
822 2361 229 57 Edwin.

360 2438 122 54 The
511 2439 117 52 real
657 2439 160 54 Wild
846 2438 121 54 Bill
996 2438 249 72 Hickok,
1276 2439 226 55 famous
1530 2447 158 47 scout
1718 2437 111 54 and
1858 2435 210 71 knight
291 2433 1994 137 chivalric

406 2516 65 54 of
497 2517 96 53 the
622 2517 297 69 plains—a
949 2523 127 47 true
1108 2523 156 65 story
1296 2517 65 54 of
1388 2517 231 69 pioneer
1650 2517 106 54 life
1789 2515 61 54 in
1879 2517 97 54 the
2008 2515 96 53 far
2133 2514 176 70 West,

290 2592 2021 74 by Wilbert Edwin Eisele (Boss Lyndon) … Denver, Colo.,
291 2673 89 57 W.
416 2674 77 53 H.
529 2673 216 70 Andre,
780 2677 151 50 1931.

364 2754 1160 50 3 p. l. , 5-364 p. front. (port.) illus. 20 ᶜᵐ .
367 2811 310 45 “Collectors’
708 2811 229 44 edition.”

303 2870 52 53 ©
385 2874 119 41 Nov.
533 2876 41 40 3.
604 2873 115 41 1931;
776 2872 68 43 2c.
872 2873 119 40 Nov.
1022 2872 27 41 9;
1110 2872 81 41 aff.
1223 2873 118 40 Nov.
1374 2872 55 39 24;
1490 2872 41 40 A
1561 2872 145 41 46047:
1768 2873 72 41 W.
1872 2874 52 37 E.
1958 2872 174 43 Eisele,
370 2872 1944 106 Edge-water,

574 2931 99 41 Col.
744 2930 281 50 (31-33761)

299 3025 391 66 Engelhardt,
724 3027 171 65 Fred,
930 3032 172 50 1885-

369 3106 239 53 Method
639 3107 64 52 of
728 3106 268 69 teaching
1022 3107 98 52 the
1147 3105 159 53 First
1332 3124 194 35 course
1555 3106 56 52 in
1644 3106 251 68 algebra,
1922 3103 137 54 with
2090 3103 127 67 key,
2244 3103 74 68 by

293 3179 2028 74 Fred Engelhardt … and Leonard D. Haertter … Philadelphia,
301 3248 1664 83 Chicago [etc.] The John C. Winston company [ ᶜ193 1]
370 3343 677 48 ix. 470 p. diagrs. 19 ᶜᵐ .
306 3396 52 53 ©
389 3402 118 45 Aug.
537 3400 69 43 28.
637 3400 108 42 1931;
811 3401 67 42 2c.
909 3403 95 38 and
1034 3400 82 42 aff.
1149 3401 102 41 Oct.
1280 3402 25 39 3;
1366 3401 38 39 A
1439 3399 141 42 42865;
1640 3400 129 40 John
1800 3399 51 42 C.
1882 3398 224 42 Winston
2138 3409 67 30 co.

384 3458 14 47 (CA
486 3458 178 41 31-992
682 3458 235 49 Unrev’d)

301 3553 315 65 Fairburn,
645 3553 258 56 William
932 3554 385 64 Armstrong.

374 3631 124 54 The
529 3631 412 54 international
974 3632 132 69 goal
1141 3631 65 54 of
1294 3630 192 55 Russian
1522 3630 393 67 communism,
1948 3629 75 69 by
2059 3628 258 54 William

304 3708 350 72 Armstrong
690 3710 307 54 Fairburn.
1073 3710 140 53 New
1250 3709 182 68 York,
1469 3709 218 53 Nation
1724 3727 158 50 press
1920 3707 266 69 printing
2222 3724 99 49 co.,

303 3786 107 53 inc.
446 3791 173 64 [1931]

372 3868 558 52 2 p. l. . 72 p. 21½ᶜᵐ.
307 3920 52 52 ©
389 3926 116 40 Nov.
534 3928 70 41 16.
632 3928 142 47 1931;
802 3929 67 42 2c.
898 3931 96 39 and
1024 3929 81 42 aff.
1134 3930 120 40 Nov.
1283 3927 81 49 19;
1396 3928 40 40 A
1463 3928 173 47 44846;
1732 3960 8 9 W.
1770 3926 53 40 A.
1855 3926 258 43 Fairburn,
2144 3924 175 43 Center

374 3982 179 50 Lovell,
588 3986 90 41 Me.
753 3987 281 48 (31-33766)
