2505 4370
1052 4065 104 59 187

176 497 198 69 Jersey
418 498 109 51 law
571 497 112 51 and
727 493 192 69 equity
963 498 236 62 reports.
1275 490 140 54 Also
1460 491 317 67 important
1819 507 149 35 cases
177 489 1904 140 decided

366 576 60 51 in
454 575 93 52 the
577 574 137 52 New
742 574 200 66 Jersey
972 572 205 53 Courts
1208 569 64 54 of
1300 586 257 36 common
1586 569 154 68 pleas
1769 567 114 54 and
1909 567 75 68 by
2011 565 96 54 the

180 658 340 63 surrogates,
566 669 110 51 any
722 651 243 66 changes
1009 650 59 51 in
1115 651 132 49 1930
1291 648 61 51 in
1394 648 96 51 the
1533 646 150 52 rules
1725 645 64 53 of
1829 645 98 52 the
1967 642 140 53 New

177 730 199 69 Jersey
413 728 274 67 Supreme
719 733 177 61 court,
931 727 136 51 New
1100 726 202 67 Jersey
1335 724 180 54 Court
1546 722 64 53 of
1643 742 183 34 errors
1861 724 113 51 and
177 740 1904 135 appeals,

380 807 139 52 New
549 807 199 67 Jersey
782 804 294 68 Chancery
1109 804 113 52 and
1255 800 372 70 Prerogative
1657 807 203 46 courts.
1939 799 170 52 Cases

179 886 152 52 from
360 885 263 66 January
656 888 99 60 1st,
788 885 150 65 1930,
969 887 58 46 to
1057 882 263 67 January
1353 883 101 64 1st,
1488 882 151 49 1931.
1713 878 290 67 Reported
2033 878 75 66 by

177 964 95 52 the
306 960 338 70 publishers’
678 959 260 52 editorial
978 956 133 55 staff.
1202 976 51 34 v.
1291 961 45 48 8.
1411 956 264 69 Newark,
1709 955 69 52 N.
1812 955 76 69 J.,
1922 953 183 70 Soney

177 1043 45 50 &
253 1039 147 69 Sage
431 1057 97 50 co.,
559 1041 149 49 1931.

176 1120 94 48 xiv,
306 1118 85 41 995
427 1129 42 38 p.
530 1116 54 41 23½ᶜᵐ.

113 1173 51 51 ©
196 1177 110 40 Feb.
337 1176 69 47 14,
439 1174 140 47 1931;
611 1172 68 43 2c.
711 1173 110 40 Feb.
854 1174 82 46 14;
970 1172 82 41 aff.
1086 1172 111 41 Feb.
1228 1171 83 48 16;
1344 1170 44 40 A
1417 1170 171 48 33761;
1626 1170 155 48 Soney
1814 1170 37 40 &
1885 1169 122 47 Sage
2040 1178 68 31 co.

107 1287 209 63 Niven,
348 1284 255 55 William
636 1282 223 56 Dickie.

175 1355 1932 72 The conflicts of the early church, by W. D. Niven … New
108 1439 177 69 York,
314 1440 68 52 R.
414 1439 69 53 R.
517 1437 208 68 Smith,
753 1436 127 68 inc.,
911 1438 151 50 1931.

177 1518 561 52 xi p., 1 l., 181 p. 19½ᶜᵐ.
179 1579 68 39 “A
275 1580 148 38 select
451 1575 365 49 bibliography”:
877 1585 44 38 p.
950 1574 217 40 175-178.

113 1632 51 52 ©
190 1636 110 40 Jan.
323 1635 70 48 31,
419 1632 113 42 1931;
587 1632 67 42 2c.
680 1632 110 41 Feb.
816 1633 26 39 5;
897 1631 82 41 aff.
1007 1631 111 41 Feb.
1142 1632 27 37 4;
1223 1630 44 39 A
1290 1630 147 41 34155;
1491 1629 215 42 Richard
1732 1630 57 41 R.
1817 1628 172 49 Smith,
2017 1629 92 42 inc.

190 1690 251 52 (31-4699)

108 1773 195 53 North
333 1772 253 54 Dakota.
659 1773 185 68 Laws,
870 1776 255 65 statutes,
1154 1777 100 47 etc.

241 1845 1865 71 … North Dakota school law digest and model school code,
106 1923 2000 74 by J. Frederick Weltzin … Grand Forks, University of
105 2003 674 69 North Dakota [ ᶜ19 31]
179 2082 1713 53 1 p. l., vi, 91 p. 22½ᶜᵐ. ([North Dakota. University] School
1918 2082 51 40 of
107 2083 1981 101 education
300 2141 220 41 bulletin,
579 2152 76 29 no.
685 2141 51 47 8)

179 2198 65 41 At
277 2198 124 40 head
437 2198 52 40 of
522 2196 135 42 title:
693 2198 372 46 Departmental
1100 2196 206 40 bulletin
1341 2195 52 41 of
1428 2196 81 39 the
1545 2195 282 48 University
1863 2195 50 41 of
1950 2196 158 40 North

109 2254 208 42 Dakota,
376 2256 94 39 vol.
585 2285 9 17 XIV,
624 2264 76 31 no.
731 2252 39 42 6.
834 2253 291 48 September,
1156 2251 130 42 1930.

115 2307 51 52 ©
201 2312 110 40 Jan.
342 2310 70 49 26,
447 2310 140 48 1931;
623 2310 66 41 2c.
724 2311 97 39 and
854 2309 83 41 aff.
970 2310 111 40 Jan.
1114 2309 83 48 31;
1235 2309 41 39 A
1308 2307 172 49 34140;
1517 2309 46 42 J.
1598 2309 52 42 F.
1684 2307 223 50 Weltzin,
1944 2309 167 41 Grand

181 2368 167 49 Forks,
378 2369 57 41 N.
467 2368 58 40 D.
594 2367 251 48 (31-4448)

109 2447 247 65 Norton,
387 2448 303 52 Laurence
719 2447 238 64 Joseph,
992 2452 170 49 1896-

176 2524 121 54 The
330 2525 327 68 marketing
692 2523 64 54 of
793 2523 152 53 farm
981 2524 300 68 products;
1323 2523 309 68 principles
1671 2524 114 53 and
1822 2523 285 69 problems

110 2601 92 53 for
241 2602 260 53 students
538 2601 64 53 of
640 2601 322 53 vocational
1002 2600 368 69 agriculture,
1408 2599 76 71 by
1524 2601 65 53 L.
1629 2601 55 54 J.
1728 2601 223 53 Norton
1993 2601 114 53 and

108 2677 2000 71 L. L. Scranton … 1st ed. [Danville, Ill., Interstate printing
107 2773 297 51 company]
447 2759 150 49 1931.

175 2835 466 49 4 p. l., 315 p. 23 ᶜᵐ.
179 2892 320 41 “References
526 2895 48 37 to
605 2892 272 41 additional
904 2892 282 41 materials”:
1244 2902 44 38 p.
1318 2891 216 42 313-315.

115 2945 51 52 ©
192 2950 110 41 Jan.
326 2950 68 48 15,
421 2948 140 49 1931;
588 2949 68 42 2c.
682 2950 110 41 Jan.
815 2949 54 41 23;
926 2949 82 42 aff.
1036 2950 111 41 Feb.
1172 2949 53 48 9;
1253 2950 43 39 A
1319 2949 171 49 33607;
1519 2950 51 41 L.
1597 2951 45 41 J.
1667 2950 200 50 Norton,
1896 2951 212 49 Urbana,

184 3007 74 40 Ill.
291 3008 95 39 and
416 3007 51 40 L.
499 3009 52 39 L.
584 3007 250 48 Scranton,
867 3007 171 48 Fargo,
1069 3006 58 42 N.
1159 3006 58 41 D.
1287 3005 251 50 (31-4494)

110 3072 344 54 Oklahoma.
529 3076 182 69 Laws,
740 3081 256 64 statutes,
1025 3082 100 47 etc.

108 3148 1973 145 Oklahoma procedure … A new classification and arrangement,
320 3227 281 68 compiled
646 3228 112 53 and
802 3227 190 54 edited
1036 3227 74 71 by
1153 3227 199 54 Frank
1396 3227 67 56 O.
1509 3228 191 69 Eagin
1746 3228 115 54 and
1907 3226 64 57 C.
2013 3229 92 54 W.

110 3304 1928 73 Van Eaton … Oklahoma City, Harlow publishing co., 1931.
283 3386 324 48 xxx, 487 p. 25½ ᶜᵐ.
453 3453 105 30 CONTENTS.—v.
600 3442 40 41 1.
679 3441 139 48 Civil,
856 3442 281 48 containing
1176 3443 64 40 all
1282 3441 52 42 of
1372 3444 82 40 the
1493 3444 213 40 statutes
1745 3442 270 49 applicable
2053 3444 52 40 to

107 3496 111 39 civil
249 3498 263 46 procedure
547 3499 95 39 and
676 3500 266 39 annotated
975 3501 49 38 to
1058 3499 66 40 all
1156 3497 53 42 of
1240 3500 84 40 the
1357 3498 241 42 decisions
1632 3498 52 42 of
1716 3500 83 41 the
1835 3497 269 42 Oklahoma

111 3550 229 49 Supreme
368 3555 139 39 court
536 3554 49 39 in
617 3554 214 40 volumes
860 3555 25 39 1
915 3557 50 38 to
995 3554 86 40 144
1110 3554 249 49 inclusive,
1391 3556 221 47 together
1642 3554 118 42 with
1791 3554 233 42 citations
2054 3557 51 38 to

107 3608 80 40 the
219 3607 176 42 Pacific
433 3611 229 45 reporter.

115 3660 1880 56 © Feb. 6, 1931; 2c. Feb. 10; aff. Feb. 12; A 34325; Harlow pub. co.
190 3721 250 49 (31-4498)

110 3787 144 53 Onis
281 3805 37 46 y
347 3789 279 65 Sánchez,
659 3790 276 53 Federico
964 3792 88 53 de.

173 3862 324 70 Disciplina
536 3884 37 50 y
610 3866 269 68 rebeldía,
918 3886 105 49 por
1061 3868 273 52 Federico
1374 3868 67 53 de
1481 3867 161 56 Onís.
1715 3872 49 49 4.
1803 3868 85 53 ed.
1963 3868 140 53 New

107 3941 177 70 York,
309 3942 276 54 Instituto
611 3943 68 54 de
704 3944 84 54 las
812 3944 263 69 Españas
1099 3962 66 36 en
1192 3946 86 53 los
1303 3946 247 54 Estados
1576 3946 240 69 Unidos,
1846 3949 150 50 1929.
