<alto xmlns="http://www.loc.gov/standards/alto/ns-v3#" xmlns:xlink="http://www.w3.org/1999/xlink" xmlns:xsi="http://www.w3.org/2001/XMLSchema-instance" xsi:schemaLocation="http://www.loc.gov/standards/alto/ns-v3# http://www.loc.gov/alto/v3/alto-3-0.xsd"><Description>
<MeasurementUnit>pixel</MeasurementUnit>
<sourceImageInformation>
<fileName>1931_v28_Part001.pdf</fileName>
</sourceImageInformation>
<OCRProcessing ID="IdOcr">
<ocrProcessingStep>
<processingDateTime>2019-04-22</processingDateTime>
<processingSoftware>
<softwareCreator>ABBYY</softwareCreator>
<softwareName>ABBYY Recognition Server</softwareName>
<softwareVersion>4.0</softwareVersion>
</processingSoftware>
</ocrProcessingStep>
</OCRProcessing>
</Description>
<Styles>
<ParagraphStyle ID="StyleId-FFFFFFFF-FFFF-FFFF-FFFF-FFFFFFFFFFFF-" ALIGN="Left" LEFT="0." RIGHT="0." FIRSTLINE="0."/>
<ParagraphStyle ID="StyleId-204B5AEB-67A1-44E2-A013-34B3A0F3E0EA-" ALIGN="Right" LEFT="0." RIGHT="0." FIRSTLINE="0." LINESPACE="8.300000191"/>
<ParagraphStyle ID="StyleId-03245871-796C-4429-B3C7-F9019C8C5B89-" ALIGN="Left" LEFT="0." RIGHT="0." FIRSTLINE="0." LINESPACE="12.19999981"/>
<ParagraphStyle ID="StyleId-BDCA8811-25FF-44DB-8D6F-2072A4ABC070-" ALIGN="Center" LEFT="0." RIGHT="0." FIRSTLINE="0." LINESPACE="12.19999981"/>
<ParagraphStyle ID="StyleId-2C5B7DF0-AF87-455E-B9A8-6FE387CB59BD-" ALIGN="Left" LEFT="0." RIGHT="0." FIRSTLINE="-13." LINESPACE="8.479999542"/>
<ParagraphStyle ID="StyleId-9FB72FA1-55D5-4161-8333-823D5732F4D0-" ALIGN="Block" LEFT="0." RIGHT="0." FIRSTLINE="-14." LINESPACE="10."/>
<ParagraphStyle ID="StyleId-212AEB8C-A829-4BF1-8E45-5BFE386A469C-" ALIGN="Block" LEFT="0." RIGHT="0." FIRSTLINE="-14." LINESPACE="11.35000038"/>
<ParagraphStyle ID="StyleId-4EC79CC1-EA62-49CE-ABB6-D84DDFCF4C7D-" ALIGN="Block" LEFT="0." RIGHT="0." FIRSTLINE="-10." LINESPACE="12.19999981"/>
<ParagraphStyle ID="StyleId-DAF2E8EE-6444-4951-9284-36A6C020C887-" ALIGN="Left" LEFT="0." RIGHT="0." FIRSTLINE="0." LINESPACE="9.399999619"/>
<ParagraphStyle ID="StyleId-25241749-1672-4977-B19F-38F59800D6D8-" ALIGN="Left" LEFT="0." RIGHT="0." FIRSTLINE="0." LINESPACE="11.10000038"/>
<ParagraphStyle ID="StyleId-8C523E19-EDEF-4F23-B010-536E1A1AAE1A-" ALIGN="Left" LEFT="0." RIGHT="0." FIRSTLINE="-13." LINESPACE="12.19999981"/>
<ParagraphStyle ID="StyleId-A1F9DE9E-2625-4D8B-AD7E-F0A0034C2989-" ALIGN="Block" LEFT="0." RIGHT="0." FIRSTLINE="0." LINESPACE="12.19999981"/>
<ParagraphStyle ID="StyleId-5725BB01-2B1C-440F-BAF2-696C4F4DF162-" ALIGN="Block" LEFT="0." RIGHT="0." FIRSTLINE="13." LINESPACE="12.19999981"/>
<ParagraphStyle ID="StyleId-F10A2092-61AA-44FD-99C2-123B3A8051CF-" ALIGN="Left" LEFT="0." RIGHT="0." FIRSTLINE="0." LINESPACE="5.5"/>
<ParagraphStyle ID="StyleId-B3CDC8CC-D2E1-4A23-B67C-CDD40993D1DD-" ALIGN="Left" LEFT="0." RIGHT="0." FIRSTLINE="0." LINESPACE="10."/>
<ParagraphStyle ID="StyleId-871EBF53-D909-4C8F-B368-AC7D897344DD-" ALIGN="Left" LEFT="0." RIGHT="0." FIRSTLINE="0."/>
<ParagraphStyle ID="StyleId-C4129744-680B-4878-B2C4-44BA3742C8D7-" ALIGN="Block" LEFT="0." RIGHT="0." FIRSTLINE="-14." LINESPACE="11.35000038"/>
<ParagraphStyle ID="StyleId-9CE98075-0B04-43D4-88D8-CE3BAB51B419-" ALIGN="Block" LEFT="0." RIGHT="0." FIRSTLINE="-10." LINESPACE="12.19999981"/>
<ParagraphStyle ID="StyleId-B2CFB7B3-DFFA-4E0E-94D6-C2BCE88DA9A9-" ALIGN="Left" LEFT="0." RIGHT="0." FIRSTLINE="0." LINESPACE="12.5"/>
<ParagraphStyle ID="StyleId-8D3352F3-1084-4DDE-A35D-B97102CCE686-" ALIGN="Left" LEFT="0." RIGHT="0." FIRSTLINE="0." LINESPACE="11.60000038"/>
<ParagraphStyle ID="StyleId-4A8DDA0D-166D-4E22-A597-BA51B892602D-" ALIGN="Block" LEFT="0." RIGHT="0." FIRSTLINE="0." LINESPACE="11.21000004"/>
<ParagraphStyle ID="StyleId-90EA4001-AA3C-45A1-AEDC-D1E1169EE5E5-" ALIGN="Block" LEFT="0." RIGHT="0." FIRSTLINE="13." LINESPACE="12.19999981"/>
</Styles>
<Layout>
<Page ID="Page1196" PHYSICAL_IMG_NR="1196" HEIGHT="4370" WIDTH="2505">
<TopMargin HEIGHT="372" WIDTH="2505" VPOS="0" HPOS="0">
</TopMargin>
<LeftMargin HEIGHT="3714" WIDTH="258" VPOS="372" HPOS="0">
</LeftMargin>
<RightMargin HEIGHT="3714" WIDTH="191" VPOS="372" HPOS="2314">
</RightMargin>
<BottomMargin HEIGHT="284" WIDTH="2505" VPOS="4086" HPOS="0">
</BottomMargin>
<PrintSpace HEIGHT="3714" WIDTH="2056" VPOS="372" HPOS="258">
<TextBlock ID="Page1196_Block1" HEIGHT="72" WIDTH="160" VPOS="4014" HPOS="1196" LANG="en-US" STYLEREFS="StyleId-44A40611-DC55-4BEA-BFD8-D63F44CE926A-">
<TextLine HEIGHT="51" WIDTH="138" VPOS="4025" HPOS="1207">
<String CONTENT="1196" HEIGHT="51" WIDTH="138" VPOS="4025" HPOS="1207"/>
</TextLine>
</TextBlock>
<TextBlock ID="Page1196_Block2" HEIGHT="3650" WIDTH="2056" VPOS="372" HPOS="258" LANG="en-US" CS="1" STYLEREFS="StyleId-C5E9CF95-85C7-4CB0-AD2E-B35785C61CC3-">
<TextLine HEIGHT="75" WIDTH="1292" VPOS="382" HPOS="288" STYLEREFS="StyleId-779067A4-1BD7-40B5-AA51-C4629A151438-" CS="1">
<String CONTENT="New" HEIGHT="53" WIDTH="148" VPOS="383" HPOS="288"/>
<SP HEIGHT="54" WIDTH="26" VPOS="382" HPOS="437"/>
<String CONTENT="York" HEIGHT="53" WIDTH="164" VPOS="382" HPOS="464"/>
<SP HEIGHT="72" WIDTH="39" VPOS="382" HPOS="629"/>
<String CONTENT="(State)" HEIGHT="71" WIDTH="220" VPOS="385" HPOS="669"/>
<SP HEIGHT="72" WIDTH="81" VPOS="384" HPOS="890"/>
<String CS="1" CONTENT="Laws," HEIGHT="72" WIDTH="186" VPOS="384" HPOS="972"/>
<SP HEIGHT="51" WIDTH="27" VPOS="405" HPOS="1159"/>
<String CONTENT="statutes," HEIGHT="67" WIDTH="259" VPOS="390" HPOS="1187"/>
<SP HEIGHT="51" WIDTH="30" VPOS="406" HPOS="1447"/>
<String CONTENT="etc." HEIGHT="49" WIDTH="102" VPOS="393" HPOS="1478"/>
</TextLine>
<TextLine HEIGHT="75" WIDTH="1945" VPOS="461" HPOS="359" STYLEREFS="StyleId-418C3FE3-105B-465C-92AC-D5C8600EB628-">
<String CONTENT="The" HEIGHT="52" WIDTH="124" VPOS="462" HPOS="359"/>
<SP HEIGHT="53" WIDTH="34" VPOS="461" HPOS="484"/>
<String CONTENT="banking" HEIGHT="70" WIDTH="260" VPOS="461" HPOS="519"/>
<SP HEIGHT="69" WIDTH="34" VPOS="462" HPOS="780"/>
<String CONTENT="law" HEIGHT="53" WIDTH="111" VPOS="462" HPOS="815"/>
<SP HEIGHT="35" WIDTH="38" VPOS="480" HPOS="927"/>
<String CONTENT="of" HEIGHT="52" WIDTH="64" VPOS="462" HPOS="966"/>
<SP HEIGHT="52" WIDTH="36" VPOS="462" HPOS="1031"/>
<String CONTENT="the" HEIGHT="51" WIDTH="95" VPOS="464" HPOS="1068"/>
<SP HEIGHT="34" WIDTH="38" VPOS="481" HPOS="1164"/>
<String CONTENT="state" HEIGHT="48" WIDTH="146" VPOS="468" HPOS="1203"/>
<SP HEIGHT="34" WIDTH="37" VPOS="482" HPOS="1350"/>
<String CONTENT="of" HEIGHT="54" WIDTH="64" VPOS="462" HPOS="1388"/>
<SP HEIGHT="56" WIDTH="34" VPOS="462" HPOS="1453"/>
<String CONTENT="New" HEIGHT="53" WIDTH="140" VPOS="465" HPOS="1488"/>
<SP HEIGHT="53" WIDTH="38" VPOS="466" HPOS="1629"/>
<String CONTENT="York," HEIGHT="68" WIDTH="182" VPOS="465" HPOS="1668"/>
<SP HEIGHT="67" WIDTH="35" VPOS="466" HPOS="1851"/>
<String CONTENT="including" HEIGHT="70" WIDTH="302" VPOS="466" HPOS="1887"/>
<SP HEIGHT="50" WIDTH="35" VPOS="486" HPOS="2190"/>
<String CONTENT="all" HEIGHT="52" WIDTH="78" VPOS="468" HPOS="2226"/>
</TextLine>
<TextLine HEIGHT="75" WIDTH="2017" VPOS="539" HPOS="287" STYLEREFS="StyleId-418C3FE3-105B-465C-92AC-D5C8600EB628-">
<String CONTENT="amendments" HEIGHT="54" WIDTH="394" VPOS="539" HPOS="287"/>
<SP HEIGHT="49" WIDTH="29" VPOS="544" HPOS="682"/>
<String CONTENT="to" HEIGHT="48" WIDTH="58" VPOS="544" HPOS="712"/>
<SP HEIGHT="55" WIDTH="30" VPOS="541" HPOS="771"/>
<String CONTENT="January" HEIGHT="69" WIDTH="267" VPOS="541" HPOS="802"/>
<SP HEIGHT="65" WIDTH="31" VPOS="545" HPOS="1070"/>
<String CONTENT="1," HEIGHT="66" WIDTH="47" VPOS="545" HPOS="1102"/>
<SP HEIGHT="66" WIDTH="33" VPOS="545" HPOS="1150"/>
<String CONTENT="1932," HEIGHT="68" WIDTH="152" VPOS="544" HPOS="1184"/>
<SP HEIGHT="52" WIDTH="31" VPOS="560" HPOS="1337"/>
<String CONTENT="constituting" HEIGHT="73" WIDTH="381" VPOS="541" HPOS="1369"/>
<SP HEIGHT="52" WIDTH="27" VPOS="562" HPOS="1751"/>
<String CONTENT="chapter" HEIGHT="68" WIDTH="238" VPOS="545" HPOS="1779"/>
<SP HEIGHT="50" WIDTH="28" VPOS="549" HPOS="2018"/>
<String CONTENT="2" HEIGHT="50" WIDTH="33" VPOS="549" HPOS="2047"/>
<SP HEIGHT="51" WIDTH="31" VPOS="549" HPOS="2081"/>
<String CONTENT="of" HEIGHT="55" WIDTH="64" VPOS="545" HPOS="2113"/>
<SP HEIGHT="54" WIDTH="29" VPOS="545" HPOS="2178"/>
<String CONTENT="the" HEIGHT="53" WIDTH="96" VPOS="547" HPOS="2208"/>
</TextLine>
<TextLine HEIGHT="147" WIDTH="1994" VPOS="618" HPOS="284" STYLEREFS="StyleId-418C3FE3-105B-465C-92AC-D5C8600EB628-" CS="1">
<String CONTENT="Consolidated" HEIGHT="55" WIDTH="412" VPOS="618" HPOS="287"/>
<SP HEIGHT="52" WIDTH="31" VPOS="620" HPOS="700"/>
<String CONTENT="laws," HEIGHT="67" WIDTH="156" VPOS="620" HPOS="732"/>
<SP HEIGHT="49" WIDTH="31" VPOS="638" HPOS="889"/>
<String CONTENT="chapter" HEIGHT="68" WIDTH="238" VPOS="620" HPOS="921"/>
<SP HEIGHT="48" WIDTH="30" VPOS="625" HPOS="1160"/>
<String CONTENT="369," HEIGHT="67" WIDTH="121" VPOS="624" HPOS="1191"/>
<SP HEIGHT="69" WIDTH="29" VPOS="622" HPOS="1313"/>
<String CONTENT="Laws" HEIGHT="52" WIDTH="168" VPOS="622" HPOS="1343"/>
<SP HEIGHT="35" WIDTH="31" VPOS="639" HPOS="1512"/>
<String CONTENT="of" HEIGHT="52" WIDTH="64" VPOS="621" HPOS="1544"/>
<SP HEIGHT="54" WIDTH="31" VPOS="621" HPOS="1609"/>
<String CONTENT="1914." HEIGHT="50" WIDTH="150" VPOS="626" HPOS="1641"/>
<SP HEIGHT="52" WIDTH="74" VPOS="624" HPOS="1792"/>
<String CONTENT="Rev." HEIGHT="55" WIDTH="138" VPOS="624" HPOS="1867"/>
<SP HEIGHT="36" WIDTH="32" VPOS="643" HPOS="2006"/>
<String CONTENT="ed." HEIGHT="53" WIDTH="86" VPOS="624" HPOS="2039"/>
<SP HEIGHT="53" WIDTH="74" VPOS="625" HPOS="2126"/>
<String CONTENT="Albany," HEIGHT="140" WIDTH="1994" VPOS="625" HPOS="284"/>
</TextLine>
<TextLine HEIGHT="70" WIDTH="1142" VPOS="698" HPOS="478" STYLEREFS="StyleId-418C3FE3-105B-465C-92AC-D5C8600EB628-">
<String LANG="fr" CONTENT="J." HEIGHT="54" WIDTH="55" VPOS="698" HPOS="478"/>
<SP HEIGHT="52" WIDTH="29" VPOS="699" HPOS="534"/>
<String CONTENT="B." HEIGHT="52" WIDTH="66" VPOS="699" HPOS="564"/>
<SP HEIGHT="53" WIDTH="23" VPOS="698" HPOS="631"/>
<String CONTENT="Lyon" HEIGHT="67" WIDTH="164" VPOS="698" HPOS="655"/>
<SP HEIGHT="34" WIDTH="24" VPOS="716" HPOS="820"/>
<String CONTENT="company," HEIGHT="53" WIDTH="299" VPOS="715" HPOS="845"/>
<SP HEIGHT="52" WIDTH="24" VPOS="716" HPOS="1145"/>
<String CONTENT="printers," HEIGHT="69" WIDTH="270" VPOS="698" HPOS="1170"/>
<SP HEIGHT="62" WIDTH="28" VPOS="703" HPOS="1441"/>
<String CONTENT="1931." HEIGHT="50" WIDTH="150" VPOS="703" HPOS="1470"/>
</TextLine>
<TextLine HEIGHT="48" WIDTH="337" VPOS="779" HPOS="356" CS="1">
<String CONTENT="374" HEIGHT="40" WIDTH="89" VPOS="779" HPOS="356"/>
<SP HEIGHT="48" WIDTH="23" VPOS="779" HPOS="446"/>
<String CONTENT="p." HEIGHT="37" WIDTH="45" VPOS="790" HPOS="470"/>
<SP HEIGHT="42" WIDTH="57" VPOS="779" HPOS="516"/>
<String CONTENT="24" HEIGHT="40" WIDTH="58" VPOS="779" HPOS="574"/>
<String STYLE="superscript" CS="1" CONTENT="&#7580;&#7504;"/>
<String CONTENT="." HEIGHT="8" WIDTH="9" VPOS="812" HPOS="684"/>
</TextLine>
<TextLine HEIGHT="54" WIDTH="1755" VPOS="847" HPOS="293" CS="1">
<String CONTENT="&#169;" HEIGHT="52" WIDTH="51" VPOS="847" HPOS="293"/>
<SP HEIGHT="52" WIDTH="27" VPOS="847" HPOS="345"/>
<String CONTENT="July" HEIGHT="46" WIDTH="117" VPOS="852" HPOS="373"/>
<SP HEIGHT="46" WIDTH="27" VPOS="852" HPOS="491"/>
<String CONTENT="15," HEIGHT="47" WIDTH="68" VPOS="850" HPOS="519"/>
<SP/>
<String CS="1" CONTENT="1931;"/>
<SP HEIGHT="41" WIDTH="29" VPOS="850" HPOS="759"/>
<String CONTENT="2c." HEIGHT="40" WIDTH="66" VPOS="850" HPOS="789"/>
<SP HEIGHT="29" WIDTH="28" VPOS="862" HPOS="856"/>
<String CONTENT="and" HEIGHT="39" WIDTH="96" VPOS="852" HPOS="885"/>
<SP HEIGHT="39" WIDTH="28" VPOS="852" HPOS="982"/>
<String CONTENT="aff." HEIGHT="41" WIDTH="82" VPOS="850" HPOS="1011"/>
<SP HEIGHT="39" WIDTH="29" VPOS="852" HPOS="1094"/>
<String CONTENT="July" HEIGHT="47" WIDTH="116" VPOS="852" HPOS="1124"/>
<SP HEIGHT="48" WIDTH="26" VPOS="851" HPOS="1241"/>
<String CONTENT="22;" HEIGHT="48" WIDTH="84" VPOS="851" HPOS="1268"/>
<SP HEIGHT="47" WIDTH="30" VPOS="852" HPOS="1353"/>
<!-- cceid EDAD580B-6E8D-1014-9CF5-AEB3FCA41D69 --><String CONTENT="A" HEIGHT="39" WIDTH="43" VPOS="852" HPOS="1384"/>
<SP HEIGHT="41" WIDTH="23" VPOS="852" HPOS="1428"/>
<String CS="1" CONTENT="39585;" HEIGHT="42" WIDTH="146" VPOS="851" HPOS="1452"/>
<SP HEIGHT="47" WIDTH="30" VPOS="854" HPOS="1626"/>
<String LANG="fr" CONTENT="J." HEIGHT="40" WIDTH="44" VPOS="854" HPOS="1657"/>
<SP HEIGHT="40" WIDTH="28" VPOS="854" HPOS="1702"/>
<String CONTENT="B." HEIGHT="40" WIDTH="55" VPOS="854" HPOS="1731"/>
<SP HEIGHT="40" WIDTH="28" VPOS="854" HPOS="1787"/>
<String CONTENT="Lyon" HEIGHT="47" WIDTH="134" VPOS="854" HPOS="1816"/>
<SP HEIGHT="30" WIDTH="28" VPOS="864" HPOS="1951"/>
<String CONTENT="co." HEIGHT="31" WIDTH="68" VPOS="864" HPOS="1980"/>
</TextLine>
<TextLine HEIGHT="50" WIDTH="283" VPOS="907" HPOS="372">
<String CONTENT="(31-20424)" HEIGHT="50" WIDTH="283" VPOS="907" HPOS="372"/>
</TextLine>
<TextLine HEIGHT="66" WIDTH="867" VPOS="1018" HPOS="283" STYLEREFS="StyleId-0170AFD7-99FF-4AFB-8CC6-74FECF9C0121-">
<String CONTENT="Nottingham," HEIGHT="66" WIDTH="422" VPOS="1018" HPOS="283"/>
<SP HEIGHT="65" WIDTH="30" VPOS="1019" HPOS="706"/>
<String CONTENT="Stratton," HEIGHT="65" WIDTH="298" VPOS="1019" HPOS="737"/>
<SP HEIGHT="44" WIDTH="28" VPOS="1040" HPOS="1036"/>
<String CONTENT="ed." HEIGHT="53" WIDTH="85" VPOS="1022" HPOS="1065"/>
</TextLine>
<TextLine HEIGHT="71" WIDTH="1953" VPOS="1096" HPOS="350" STYLEREFS="StyleId-418C3FE3-105B-465C-92AC-D5C8600EB628-">
<String CONTENT="Wills" HEIGHT="54" WIDTH="173" VPOS="1096" HPOS="350"/>
<SP HEIGHT="34" WIDTH="59" VPOS="1115" HPOS="524"/>
<String CONTENT="and" HEIGHT="52" WIDTH="115" VPOS="1097" HPOS="584"/>
<SP HEIGHT="52" WIDTH="59" VPOS="1097" HPOS="700"/>
<String CONTENT="administrations," HEIGHT="69" WIDTH="518" VPOS="1096" HPOS="760"/>
<SP HEIGHT="69" WIDTH="58" VPOS="1096" HPOS="1279"/>
<String CONTENT="Accomack" HEIGHT="53" WIDTH="322" VPOS="1096" HPOS="1338"/>
<SP HEIGHT="54" WIDTH="59" VPOS="1096" HPOS="1661"/>
<String CONTENT="county," HEIGHT="64" WIDTH="228" VPOS="1103" HPOS="1721"/>
<SP HEIGHT="67" WIDTH="61" VPOS="1098" HPOS="1950"/>
<String CONTENT="Virginia," HEIGHT="70" WIDTH="291" VPOS="1097" HPOS="2012"/>
</TextLine>
<TextLine HEIGHT="72" WIDTH="1957" VPOS="1173" HPOS="282" STYLEREFS="StyleId-418C3FE3-105B-465C-92AC-D5C8600EB628-" CS="1">
<String CONTENT="1663-1800," HEIGHT="64" WIDTH="331" VPOS="1177" HPOS="282"/>
<SP HEIGHT="48" WIDTH="40" VPOS="1193" HPOS="614"/>
<String CONTENT="compiled" HEIGHT="69" WIDTH="286" VPOS="1174" HPOS="655"/>
<SP HEIGHT="52" WIDTH="39" VPOS="1175" HPOS="942"/>
<String CONTENT="and" HEIGHT="52" WIDTH="115" VPOS="1175" HPOS="982"/>
<SP HEIGHT="53" WIDTH="41" VPOS="1175" HPOS="1098"/>
<String CONTENT="edited" HEIGHT="54" WIDTH="192" VPOS="1174" HPOS="1140"/>
<SP HEIGHT="53" WIDTH="39" VPOS="1174" HPOS="1333"/>
<String CONTENT="by" HEIGHT="70" WIDTH="77" VPOS="1174" HPOS="1373"/>
<SP HEIGHT="71" WIDTH="43" VPOS="1173" HPOS="1451"/>
<String CONTENT="Stratton" HEIGHT="57" WIDTH="266" VPOS="1173" HPOS="1495"/>
<SP HEIGHT="53" WIDTH="42" VPOS="1175" HPOS="1762"/>
<String CONTENT="Nottingham" HEIGHT="70" WIDTH="387" VPOS="1175" HPOS="1805"/>
<SP HEIGHT="34" WIDTH="46" VPOS="1195" HPOS="2193"/>
<String CS="1" CONTENT="&#8230;"/>
</TextLine>
<TextLine HEIGHT="70" WIDTH="714" VPOS="1251" HPOS="284" STYLEREFS="StyleId-418C3FE3-105B-465C-92AC-D5C8600EB628-" CS="1">
<String CONTENT="[Onancock," HEIGHT="69" WIDTH="348" VPOS="1251" HPOS="284"/>
<SP HEIGHT="66" WIDTH="30" VPOS="1254" HPOS="633"/>
<String LANG="fr" CONTENT="Va.," HEIGHT="67" WIDTH="125" VPOS="1254" HPOS="664"/>
<SP HEIGHT="63" WIDTH="27" VPOS="1258" HPOS="790"/>
<String STYLE="superscript" CS="1" CONTENT="&#7580;193"/>
<String CONTENT="1]" HEIGHT="65" WIDTH="48" VPOS="1256" HPOS="950"/>
</TextLine>
<TextLine HEIGHT="42" WIDTH="280" VPOS="1333" HPOS="345" CS="1">
<String CONTENT="2" HEIGHT="39" WIDTH="28" VPOS="1335" HPOS="345"/>
<SP HEIGHT="39" WIDTH="29" VPOS="1335" HPOS="374"/>
<String CONTENT="v." HEIGHT="30" WIDTH="43" VPOS="1345" HPOS="404"/>
<SP HEIGHT="42" WIDTH="59" VPOS="1333" HPOS="448"/>
<String CONTENT="28" HEIGHT="42" WIDTH="57" VPOS="1333" HPOS="508"/>
<String STYLE="superscript" CS="1" CONTENT="&#7580;&#7504;"/>
<String CONTENT="." HEIGHT="8" WIDTH="8" VPOS="1366" HPOS="617"/>
</TextLine>
<TextLine HEIGHT="49" WIDTH="553" VPOS="1390" HPOS="348">
<String CONTENT="Paged" HEIGHT="48" WIDTH="165" VPOS="1391" HPOS="348"/>
<SP HEIGHT="39" WIDTH="29" VPOS="1392" HPOS="514"/>
<String CONTENT="continuously." HEIGHT="48" WIDTH="357" VPOS="1390" HPOS="544"/>
</TextLine>
<TextLine HEIGHT="51" WIDTH="1320" VPOS="1447" HPOS="347">
<String CONTENT="Autographic" HEIGHT="49" WIDTH="336" VPOS="1447" HPOS="347"/>
<SP HEIGHT="30" WIDTH="29" VPOS="1458" HPOS="684"/>
<String CONTENT="reproduction" HEIGHT="48" WIDTH="345" VPOS="1448" HPOS="714"/>
<SP HEIGHT="29" WIDTH="27" VPOS="1459" HPOS="1060"/>
<String CONTENT="of" HEIGHT="40" WIDTH="53" VPOS="1448" HPOS="1088"/>
<SP HEIGHT="41" WIDTH="25" VPOS="1448" HPOS="1142"/>
<String CONTENT="type-written" HEIGHT="49" WIDTH="336" VPOS="1447" HPOS="1168"/>
<SP HEIGHT="30" WIDTH="29" VPOS="1459" HPOS="1505"/>
<String CONTENT="copy." HEIGHT="40" WIDTH="132" VPOS="1458" HPOS="1535"/>
</TextLine>
<TextLine HEIGHT="53" WIDTH="2014" VPOS="1516" HPOS="289">
<String CONTENT="&#169;" HEIGHT="52" WIDTH="51" VPOS="1516" HPOS="289"/>
<SP HEIGHT="52" WIDTH="39" VPOS="1516" HPOS="341"/>
<String CONTENT="May" HEIGHT="46" WIDTH="115" VPOS="1522" HPOS="381"/>
<SP HEIGHT="47" WIDTH="36" VPOS="1521" HPOS="497"/>
<String CONTENT="1," HEIGHT="47" WIDTH="40" VPOS="1521" HPOS="534"/>
<SP HEIGHT="46" WIDTH="37" VPOS="1522" HPOS="575"/>
<String CONTENT="1931;" HEIGHT="47" WIDTH="142" VPOS="1519" HPOS="613"/>
<SP HEIGHT="45" WIDTH="39" VPOS="1521" HPOS="756"/>
<String CONTENT="2c." HEIGHT="41" WIDTH="67" VPOS="1521" HPOS="796"/>
<SP HEIGHT="31" WIDTH="39" VPOS="1531" HPOS="864"/>
<String CONTENT="each" HEIGHT="39" WIDTH="119" VPOS="1521" HPOS="904"/>
<SP HEIGHT="38" WIDTH="38" VPOS="1521" HPOS="1024"/>
<String CONTENT="and" HEIGHT="39" WIDTH="94" VPOS="1521" HPOS="1063"/>
<SP HEIGHT="39" WIDTH="40" VPOS="1521" HPOS="1158"/>
<String CONTENT="aff." HEIGHT="41" WIDTH="83" VPOS="1520" HPOS="1199"/>
<SP HEIGHT="41" WIDTH="39" VPOS="1520" HPOS="1283"/>
<String CONTENT="June" HEIGHT="40" WIDTH="126" VPOS="1520" HPOS="1323"/>
<SP HEIGHT="40" WIDTH="38" VPOS="1520" HPOS="1450"/>
<String CONTENT="8;" HEIGHT="48" WIDTH="53" VPOS="1520" HPOS="1489"/>
<SP HEIGHT="47" WIDTH="40" VPOS="1521" HPOS="1543"/>
<!-- cceid EDADC32D-6E8D-1014-9CF5-AEB3FCA41D69 --><String CONTENT="A" HEIGHT="39" WIDTH="41" VPOS="1521" HPOS="1584"/>
<SP HEIGHT="40" WIDTH="37" VPOS="1521" HPOS="1626"/>
<String CONTENT="38629;" HEIGHT="49" WIDTH="172" VPOS="1519" HPOS="1664"/>
<SP HEIGHT="47" WIDTH="43" VPOS="1521" HPOS="1837"/>
<String CONTENT="S." HEIGHT="41" WIDTH="44" VPOS="1521" HPOS="1881"/>
<SP HEIGHT="39" WIDTH="39" VPOS="1522" HPOS="1926"/>
<String CONTENT="Nottingham," HEIGHT="48" WIDTH="337" VPOS="1521" HPOS="1966"/>
</TextLine>
<TextLine HEIGHT="50" WIDTH="747" VPOS="1577" HPOS="357">
<String CONTENT="Onancock," HEIGHT="47" WIDTH="273" VPOS="1578" HPOS="357"/>
<SP HEIGHT="46" WIDTH="31" VPOS="1579" HPOS="631"/>
<String LANG="fr" CONTENT="Va." HEIGHT="39" WIDTH="85" VPOS="1579" HPOS="663"/>
<SP HEIGHT="48" WIDTH="71" VPOS="1578" HPOS="749"/>
<String CONTENT="(31-20518)" HEIGHT="50" WIDTH="283" VPOS="1577" HPOS="821"/>
</TextLine>
<TextLine HEIGHT="67" WIDTH="740" VPOS="1689" HPOS="282" STYLEREFS="StyleId-0170AFD7-99FF-4AFB-8CC6-74FECF9C0121-">
<String CONTENT="O&#8217;Leary," HEIGHT="66" WIDTH="284" VPOS="1690" HPOS="282"/>
<SP HEIGHT="65" WIDTH="29" VPOS="1691" HPOS="567"/>
<String CONTENT="Paul" HEIGHT="55" WIDTH="148" VPOS="1689" HPOS="597"/>
<SP HEIGHT="54" WIDTH="29" VPOS="1689" HPOS="746"/>
<String CONTENT="Martin." HEIGHT="58" WIDTH="246" VPOS="1689" HPOS="776"/>
</TextLine>
<TextLine HEIGHT="72" WIDTH="1950" VPOS="1766" HPOS="350" STYLEREFS="StyleId-418C3FE3-105B-465C-92AC-D5C8600EB628-">
<String CONTENT="Questions" HEIGHT="64" WIDTH="309" VPOS="1767" HPOS="350"/>
<SP HEIGHT="34" WIDTH="35" VPOS="1786" HPOS="660"/>
<String CONTENT="and" HEIGHT="53" WIDTH="114" VPOS="1767" HPOS="696"/>
<SP HEIGHT="68" WIDTH="35" VPOS="1767" HPOS="811"/>
<String CONTENT="problems," HEIGHT="71" WIDTH="305" VPOS="1767" HPOS="847"/>
<SP HEIGHT="52" WIDTH="36" VPOS="1786" HPOS="1153"/>
<String CONTENT="a" HEIGHT="33" WIDTH="31" VPOS="1786" HPOS="1190"/>
<SP HEIGHT="52" WIDTH="34" VPOS="1767" HPOS="1222"/>
<String CONTENT="book" HEIGHT="52" WIDTH="149" VPOS="1767" HPOS="1257"/>
<SP HEIGHT="53" WIDTH="32" VPOS="1767" HPOS="1407"/>
<String CONTENT="of" HEIGHT="54" WIDTH="65" VPOS="1766" HPOS="1440"/>
<SP HEIGHT="69" WIDTH="32" VPOS="1766" HPOS="1506"/>
<String CONTENT="questions" HEIGHT="69" WIDTH="289" VPOS="1766" HPOS="1539"/>
<SP HEIGHT="34" WIDTH="33" VPOS="1786" HPOS="1829"/>
<String CONTENT="and" HEIGHT="52" WIDTH="114" VPOS="1768" HPOS="1863"/>
<SP HEIGHT="68" WIDTH="34" VPOS="1768" HPOS="1978"/>
<String CONTENT="problems" HEIGHT="69" WIDTH="287" VPOS="1767" HPOS="2013"/>
</TextLine>
<TextLine HEIGHT="70" WIDTH="2022" VPOS="1845" HPOS="277" STYLEREFS="StyleId-418C3FE3-105B-465C-92AC-D5C8600EB628-">
<String CONTENT="to" HEIGHT="48" WIDTH="57" VPOS="1851" HPOS="277"/>
<SP HEIGHT="54" WIDTH="30" VPOS="1845" HPOS="335"/>
<String CONTENT="be" HEIGHT="53" WIDTH="68" VPOS="1845" HPOS="366"/>
<SP HEIGHT="34" WIDTH="28" VPOS="1864" HPOS="435"/>
<String CONTENT="used" HEIGHT="53" WIDTH="139" VPOS="1846" HPOS="464"/>
<SP HEIGHT="52" WIDTH="30" VPOS="1846" HPOS="604"/>
<String CONTENT="in" HEIGHT="52" WIDTH="61" VPOS="1846" HPOS="635"/>
<SP HEIGHT="34" WIDTH="28" VPOS="1864" HPOS="697"/>
<String CONTENT="connection" HEIGHT="53" WIDTH="334" VPOS="1845" HPOS="726"/>
<SP HEIGHT="33" WIDTH="31" VPOS="1864" HPOS="1061"/>
<String CONTENT="with" HEIGHT="53" WIDTH="143" VPOS="1845" HPOS="1093"/>
<SP HEIGHT="53" WIDTH="31" VPOS="1845" HPOS="1237"/>
<String CONTENT="college" HEIGHT="68" WIDTH="214" VPOS="1845" HPOS="1269"/>
<SP HEIGHT="34" WIDTH="29" VPOS="1864" HPOS="1484"/>
<String CONTENT="courses" HEIGHT="35" WIDTH="222" VPOS="1863" HPOS="1514"/>
<SP HEIGHT="53" WIDTH="30" VPOS="1845" HPOS="1737"/>
<String CONTENT="in" HEIGHT="52" WIDTH="60" VPOS="1845" HPOS="1768"/>
<SP HEIGHT="34" WIDTH="30" VPOS="1864" HPOS="1829"/>
<String CONTENT="economics," HEIGHT="69" WIDTH="332" VPOS="1845" HPOS="1860"/>
<SP HEIGHT="67" WIDTH="30" VPOS="1847" HPOS="2193"/>
<String CONTENT="by" HEIGHT="68" WIDTH="75" VPOS="1847" HPOS="2224"/>
</TextLine>
<TextLine HEIGHT="73" WIDTH="2023" VPOS="1921" HPOS="276" STYLEREFS="StyleId-418C3FE3-105B-465C-92AC-D5C8600EB628-" CS="1">
<String CONTENT="Paul" HEIGHT="52" WIDTH="150" VPOS="1926" HPOS="276"/>
<SP HEIGHT="52" WIDTH="32" VPOS="1925" HPOS="427"/>
<String CONTENT="M." HEIGHT="53" WIDTH="79" VPOS="1925" HPOS="460"/>
<SP HEIGHT="55" WIDTH="36" VPOS="1924" HPOS="540"/>
<String CONTENT="O&#8217;Leary" HEIGHT="69" WIDTH="263" VPOS="1924" HPOS="577"/>
<SP HEIGHT="50" WIDTH="36" VPOS="1943" HPOS="841"/>
<String CS="1" CONTENT="&#8230;"/>
<SP HEIGHT="33" WIDTH="38" VPOS="1943" HPOS="934"/>
<String CONTENT="and" HEIGHT="54" WIDTH="115" VPOS="1923" HPOS="973"/>
<SP HEIGHT="56" WIDTH="34" VPOS="1922" HPOS="1089"/>
<String CONTENT="Sumner" HEIGHT="56" WIDTH="246" VPOS="1922" HPOS="1124"/>
<SP HEIGHT="52" WIDTH="30" VPOS="1924" HPOS="1371"/>
<String CONTENT="H." HEIGHT="52" WIDTH="78" VPOS="1924" HPOS="1402"/>
<SP HEIGHT="57" WIDTH="35" VPOS="1921" HPOS="1481"/>
<String CONTENT="Slichter" HEIGHT="57" WIDTH="251" VPOS="1921" HPOS="1517"/>
<SP HEIGHT="34" WIDTH="37" VPOS="1942" HPOS="1769"/>
<String CS="1" CONTENT="&#8230;"/>
<SP HEIGHT="53" WIDTH="78" VPOS="1924" HPOS="1863"/>
<String CONTENT="New" HEIGHT="53" WIDTH="140" VPOS="1924" HPOS="1942"/>
<SP HEIGHT="53" WIDTH="34" VPOS="1925" HPOS="2083"/>
<String CONTENT="York," HEIGHT="69" WIDTH="181" VPOS="1925" HPOS="2118"/>
</TextLine>
<TextLine HEIGHT="68" WIDTH="935" VPOS="2003" HPOS="275" STYLEREFS="StyleId-418C3FE3-105B-465C-92AC-D5C8600EB628-" CS="1">
<String CONTENT="H." HEIGHT="52" WIDTH="78" VPOS="2005" HPOS="275"/>
<SP HEIGHT="54" WIDTH="24" VPOS="2003" HPOS="354"/>
<String CONTENT="Holt" HEIGHT="54" WIDTH="150" VPOS="2003" HPOS="379"/>
<SP HEIGHT="49" WIDTH="24" VPOS="2008" HPOS="530"/>
<String CONTENT="and" HEIGHT="52" WIDTH="115" VPOS="2004" HPOS="555"/>
<SP HEIGHT="52" WIDTH="25" VPOS="2004" HPOS="671"/>
<String CONTENT="company" HEIGHT="52" WIDTH="284" VPOS="2019" HPOS="697"/>
<SP HEIGHT="50" WIDTH="32" VPOS="2021" HPOS="982"/>
<String STYLE="subscript" CS="1" CONTENT="[&#7580;193"/>
<String CONTENT="1]" HEIGHT="65" WIDTH="47" VPOS="2004" HPOS="1163"/>
</TextLine>
<TextLine HEIGHT="49" WIDTH="434" VPOS="2086" HPOS="347" STYLEREFS="StyleId-418C3FE3-105B-465C-92AC-D5C8600EB628-" CS="1">
<String CONTENT="vi," HEIGHT="48" WIDTH="62" VPOS="2087" HPOS="347"/>
<SP HEIGHT="49" WIDTH="32" VPOS="2086" HPOS="410"/>
<String CONTENT="69" HEIGHT="41" WIDTH="56" VPOS="2086" HPOS="443"/>
<SP HEIGHT="47" WIDTH="28" VPOS="2087" HPOS="500"/>
<String CONTENT="p." HEIGHT="37" WIDTH="44" VPOS="2097" HPOS="529"/>
<SP HEIGHT="41" WIDTH="57" VPOS="2086" HPOS="574"/>
<String CS="1" CONTENT="23&#189;&#7580;&#7504;." HEIGHT="40" WIDTH="149" VPOS="2086" HPOS="632"/>
</TextLine>
<TextLine HEIGHT="50" WIDTH="1949" VPOS="2142" HPOS="349">
<String CONTENT="&#8220;Arranged" HEIGHT="48" WIDTH="284" VPOS="2144" HPOS="349"/>
<SP HEIGHT="40" WIDTH="35" VPOS="2143" HPOS="634"/>
<String CONTENT="in" HEIGHT="39" WIDTH="51" VPOS="2143" HPOS="670"/>
<SP HEIGHT="29" WIDTH="35" VPOS="2153" HPOS="722"/>
<String CONTENT="accordance" HEIGHT="40" WIDTH="297" VPOS="2143" HPOS="758"/>
<SP HEIGHT="29" WIDTH="36" VPOS="2153" HPOS="1056"/>
<String CONTENT="with" HEIGHT="40" WIDTH="122" VPOS="2142" HPOS="1093"/>
<SP HEIGHT="40" WIDTH="37" VPOS="2142" HPOS="1216"/>
<String CONTENT="the" HEIGHT="40" WIDTH="81" VPOS="2142" HPOS="1254"/>
<SP HEIGHT="38" WIDTH="37" VPOS="2144" HPOS="1336"/>
<String CONTENT="treatment" HEIGHT="39" WIDTH="265" VPOS="2143" HPOS="1374"/>
<SP HEIGHT="38" WIDTH="36" VPOS="2144" HPOS="1640"/>
<String CONTENT="of" HEIGHT="40" WIDTH="53" VPOS="2142" HPOS="1677"/>
<SP HEIGHT="41" WIDTH="35" VPOS="2142" HPOS="1731"/>
<String CONTENT="the" HEIGHT="40" WIDTH="81" VPOS="2143" HPOS="1767"/>
<SP HEIGHT="30" WIDTH="37" VPOS="2153" HPOS="1849"/>
<String CONTENT="subject" HEIGHT="48" WIDTH="189" VPOS="2143" HPOS="1887"/>
<SP HEIGHT="38" WIDTH="38" VPOS="2145" HPOS="2077"/>
<String CONTENT="matter" HEIGHT="39" WIDTH="182" VPOS="2146" HPOS="2116"/>
</TextLine>
<TextLine HEIGHT="51" WIDTH="1573" VPOS="2198" HPOS="275">
<String CONTENT="covered" HEIGHT="40" WIDTH="204" VPOS="2203" HPOS="275"/>
<SP HEIGHT="40" WIDTH="29" VPOS="2201" HPOS="480"/>
<String CONTENT="by" HEIGHT="48" WIDTH="61" VPOS="2201" HPOS="510"/>
<SP HEIGHT="49" WIDTH="31" VPOS="2200" HPOS="572"/>
<String CONTENT="Slichter&#8217;s" HEIGHT="42" WIDTH="252" VPOS="2199" HPOS="604"/>
<SP HEIGHT="41" WIDTH="29" VPOS="2199" HPOS="857"/>
<String CONTENT="&#8216;Modern" HEIGHT="40" WIDTH="216" VPOS="2199" HPOS="887"/>
<SP HEIGHT="29" WIDTH="29" VPOS="2209" HPOS="1104"/>
<String CONTENT="economic" HEIGHT="41" WIDTH="245" VPOS="2198" HPOS="1134"/>
<SP HEIGHT="30" WIDTH="28" VPOS="2209" HPOS="1380"/>
<String CONTENT="society&#8217;.&#8221;&#8212;Pref." HEIGHT="49" WIDTH="439" VPOS="2198" HPOS="1409"/>
</TextLine>
<TextLine HEIGHT="53" WIDTH="2014" VPOS="2270" HPOS="284" CS="1">
<String CONTENT="&#169;" HEIGHT="52" WIDTH="51" VPOS="2271" HPOS="284"/>
<SP HEIGHT="52" WIDTH="32" VPOS="2271" HPOS="336"/>
<String CONTENT="July" HEIGHT="45" WIDTH="118" VPOS="2276" HPOS="369"/>
<SP HEIGHT="46" WIDTH="30" VPOS="2275" HPOS="488"/>
<String CONTENT="13," HEIGHT="43" WIDTH="68" VPOS="2273" HPOS="519"/>
<SP/>
<String CS="1" CONTENT="1931;"/>
<SP HEIGHT="41" WIDTH="33" VPOS="2272" HPOS="764"/>
<String CONTENT="2c." HEIGHT="40" WIDTH="67" VPOS="2272" HPOS="798"/>
<SP HEIGHT="40" WIDTH="32" VPOS="2271" HPOS="866"/>
<String CONTENT="Aug." HEIGHT="49" WIDTH="121" VPOS="2271" HPOS="899"/>
<SP HEIGHT="40" WIDTH="32" VPOS="2271" HPOS="1021"/>
<String CONTENT="5;" HEIGHT="46" WIDTH="53" VPOS="2271" HPOS="1054"/>
<SP HEIGHT="36" WIDTH="34" VPOS="2281" HPOS="1108"/>
<String CONTENT="aff." HEIGHT="41" WIDTH="83" VPOS="2270" HPOS="1143"/>
<SP HEIGHT="40" WIDTH="32" VPOS="2271" HPOS="1227"/>
<String CONTENT="Aug." HEIGHT="47" WIDTH="121" VPOS="2271" HPOS="1260"/>
<SP HEIGHT="40" WIDTH="30" VPOS="2272" HPOS="1382"/>
<String CONTENT="4;" HEIGHT="46" WIDTH="55" VPOS="2272" HPOS="1413"/>
<SP HEIGHT="47" WIDTH="34" VPOS="2271" HPOS="1469"/>
<!-- cceid EDAE2BB3-6E8D-1014-9CF5-AEB3FCA41D69 --><String CONTENT="A" HEIGHT="39" WIDTH="42" VPOS="2271" HPOS="1504"/>
<SP HEIGHT="39" WIDTH="29" VPOS="2271" HPOS="1547"/>
<String CS="1" CONTENT="40665;" HEIGHT="41" WIDTH="147" VPOS="2270" HPOS="1577"/>
<SP HEIGHT="47" WIDTH="35" VPOS="2272" HPOS="1751"/>
<String CONTENT="Henry" HEIGHT="48" WIDTH="169" VPOS="2272" HPOS="1787"/>
<SP HEIGHT="48" WIDTH="33" VPOS="2272" HPOS="1957"/>
<String CONTENT="Holt" HEIGHT="40" WIDTH="123" VPOS="2272" HPOS="1991"/>
<SP HEIGHT="40" WIDTH="30" VPOS="2272" HPOS="2115"/>
<String CONTENT="&amp;" HEIGHT="40" WIDTH="36" VPOS="2272" HPOS="2146"/>
<SP HEIGHT="41" WIDTH="32" VPOS="2272" HPOS="2183"/>
<String CONTENT="co.," HEIGHT="34" WIDTH="82" VPOS="2283" HPOS="2216"/>
</TextLine>
<TextLine HEIGHT="50" WIDTH="447" VPOS="2330" HPOS="350">
<String CONTENT="inc." HEIGHT="40" WIDTH="93" VPOS="2332" HPOS="350"/>
<SP HEIGHT="48" WIDTH="70" VPOS="2332" HPOS="444"/>
<String CONTENT="(31-20742)" HEIGHT="50" WIDTH="282" VPOS="2330" HPOS="515"/>
</TextLine>
<TextLine HEIGHT="68" WIDTH="985" VPOS="2438" HPOS="278" STYLEREFS="StyleId-0170AFD7-99FF-4AFB-8CC6-74FECF9C0121-" CS="1">
<String CONTENT="Orlov," HEIGHT="65" WIDTH="196" VPOS="2441" HPOS="278"/>
<SP HEIGHT="64" WIDTH="30" VPOS="2442" HPOS="475"/>
<String CS="1" CONTENT="Vladim&#239;r" HEIGHT="55" WIDTH="294" VPOS="2440" HPOS="506"/>
<SP HEIGHT="55" WIDTH="29" VPOS="2440" HPOS="801"/>
<String CONTENT="Grigor'evich." HEIGHT="66" WIDTH="432" VPOS="2438" HPOS="831"/>
</TextLine>
<TextLine HEIGHT="74" WIDTH="1712" VPOS="2517" HPOS="346" STYLEREFS="StyleId-418C3FE3-105B-465C-92AC-D5C8600EB628-" LANG="de" CS="1">
<String CONTENT="M&#246;rder," HEIGHT="69" WIDTH="254" VPOS="2522" HPOS="346"/>
<SP HEIGHT="69" WIDTH="47" VPOS="2522" HPOS="601"/>
<String CS="1" CONTENT="f&#228;lscher," HEIGHT="69" WIDTH="267" VPOS="2520" HPOS="649"/>
<SP HEIGHT="50" WIDTH="44" VPOS="2539" HPOS="917"/>
<String CS="1" CONTENT="provokateure." HEIGHT="52" WIDTH="393" VPOS="2519" HPOS="1004"/>
<SP HEIGHT="53" WIDTH="74" VPOS="2517" HPOS="1398"/>
<String CONTENT="Lebensk&#228;mpfe" HEIGHT="69" WIDTH="460" VPOS="2517" HPOS="1473"/>
<SP HEIGHT="52" WIDTH="44" VPOS="2518" HPOS="1934"/>
<String CONTENT="im" HEIGHT="54" WIDTH="79" VPOS="2518" HPOS="1979"/>
</TextLine>
<TextLine HEIGHT="131" WIDTH="2019" VPOS="2523" HPOS="276" STYLEREFS="StyleId-418C3FE3-105B-465C-92AC-D5C8600EB628-" LANG="de" CS="1">
<String CONTENT="unterirdischen" HEIGHT="131" WIDTH="1996" VPOS="2523" HPOS="276"/>
<SP HEIGHT="52" WIDTH="26" VPOS="2601" HPOS="565"/>
<String CONTENT="Russland" HEIGHT="53" WIDTH="291" VPOS="2600" HPOS="592"/>
<SP HEIGHT="52" WIDTH="26" VPOS="2600" HPOS="884"/>
<String CONTENT="von" HEIGHT="34" WIDTH="111" VPOS="2617" HPOS="911"/>
<SP HEIGHT="52" WIDTH="23" VPOS="2599" HPOS="1023"/>
<String CONTENT="Wladimir" HEIGHT="54" WIDTH="314" VPOS="2597" HPOS="1047"/>
<SP HEIGHT="54" WIDTH="27" VPOS="2596" HPOS="1362"/>
<String CONTENT="Orloif." HEIGHT="55" WIDTH="204" VPOS="2595" HPOS="1390"/>
<SP HEIGHT="51" WIDTH="75" VPOS="2597" HPOS="1595"/>
<String CONTENT="Aus" HEIGHT="54" WIDTH="122" VPOS="2597" HPOS="1671"/>
<SP HEIGHT="52" WIDTH="26" VPOS="2599" HPOS="1794"/>
<String CONTENT="dem" HEIGHT="51" WIDTH="128" VPOS="2599" HPOS="1821"/>
<SP HEIGHT="34" WIDTH="25" VPOS="2616" HPOS="1950"/>
<String CONTENT="russischen" HEIGHT="54" WIDTH="319" VPOS="2597" HPOS="1976"/>
</TextLine>
<TextLine HEIGHT="57" WIDTH="1540" VPOS="2675" HPOS="277" STYLEREFS="StyleId-418C3FE3-105B-465C-92AC-D5C8600EB628-" LANG="de" CS="1">
<String CONTENT="&#252;bersetzt" HEIGHT="52" WIDTH="284" VPOS="2680" HPOS="277"/>
<SP HEIGHT="46" WIDTH="29" VPOS="2686" HPOS="562"/>
<String CONTENT="und" HEIGHT="52" WIDTH="118" VPOS="2680" HPOS="592"/>
<SP HEIGHT="54" WIDTH="32" VPOS="2678" HPOS="711"/>
<String CONTENT="frei" HEIGHT="52" WIDTH="112" VPOS="2678" HPOS="744"/>
<SP HEIGHT="52" WIDTH="30" VPOS="2678" HPOS="857"/>
<String CONTENT="bearbeitet" HEIGHT="54" WIDTH="313" VPOS="2676" HPOS="888"/>
<SP HEIGHT="47" WIDTH="32" VPOS="2681" HPOS="1202"/>
<String CONTENT="von" HEIGHT="34" WIDTH="112" VPOS="2694" HPOS="1235"/>
<SP HEIGHT="53" WIDTH="33" VPOS="2675" HPOS="1348"/>
<String CONTENT="Heinz" HEIGHT="52" WIDTH="187" VPOS="2675" HPOS="1382"/>
<SP HEIGHT="55" WIDTH="37" VPOS="2675" HPOS="1570"/>
<String CONTENT="Stratz." HEIGHT="55" WIDTH="209" VPOS="2675" HPOS="1608"/>
</TextLine>
<TextLine HEIGHT="151" WIDTH="1996" VPOS="2675" HPOS="275" STYLEREFS="StyleId-418C3FE3-105B-465C-92AC-D5C8600EB628-" LANG="de" CS="1">
<String CONTENT="Berlin," HEIGHT="68" WIDTH="219" VPOS="2675" HPOS="1895"/>
<SP HEIGHT="66" WIDTH="32" VPOS="2677" HPOS="2115"/>
<String CONTENT="Br&#252;ckenverlag," HEIGHT="149" WIDTH="1996" VPOS="2677" HPOS="275"/>
<SP HEIGHT="51" WIDTH="26" VPOS="2775" HPOS="637"/>
<String CONTENT="g." HEIGHT="51" WIDTH="52" VPOS="2775" HPOS="664"/>
<SP HEIGHT="33" WIDTH="29" VPOS="2775" HPOS="717"/>
<String CONTENT="m." HEIGHT="34" WIDTH="72" VPOS="2775" HPOS="747"/>
<SP HEIGHT="52" WIDTH="26" VPOS="2757" HPOS="820"/>
<String CONTENT="b." HEIGHT="52" WIDTH="51" VPOS="2757" HPOS="847"/>
<SP HEIGHT="52" WIDTH="30" VPOS="2755" HPOS="899"/>
<String CONTENT="h.," HEIGHT="67" WIDTH="74" VPOS="2755" HPOS="930"/>
<SP HEIGHT="63" WIDTH="31" VPOS="2759" HPOS="1005"/>
<String CONTENT="1929." HEIGHT="51" WIDTH="149" VPOS="2757" HPOS="1037"/>
</TextLine>
<TextLine HEIGHT="41" WIDTH="96" VPOS="2840" HPOS="345" STYLEREFS="StyleId-3F13A455-196C-4F6C-A9AF-215522B06749-" LANG="de">
<String CONTENT="1" HEIGHT="40" WIDTH="24" VPOS="2840" HPOS="345"/>
<SP HEIGHT="40" WIDTH="27" VPOS="2840" HPOS="370"/>
<String CONTENT="v." HEIGHT="29" WIDTH="43" VPOS="2852" HPOS="398"/>
</TextLine>
<TextLine HEIGHT="54" WIDTH="2013" VPOS="2905" HPOS="280" LANG="de" CS="1">
<String CONTENT="&#169;" HEIGHT="52" WIDTH="51" VPOS="2907" HPOS="280"/>
<SP HEIGHT="52" WIDTH="36" VPOS="2907" HPOS="332"/>
<String CONTENT="Nov." HEIGHT="41" WIDTH="119" VPOS="2911" HPOS="369"/>
<SP HEIGHT="42" WIDTH="35" VPOS="2910" HPOS="489"/>
<String CONTENT="22," HEIGHT="44" WIDTH="68" VPOS="2910" HPOS="525"/>
<SP HEIGHT="43" WIDTH="36" VPOS="2911" HPOS="594"/>
<String CS="1" CONTENT="1929;" HEIGHT="40" WIDTH="114" VPOS="2909" HPOS="631"/>
<SP/>
<String CS="1" CONTENT="1c."/>
<SP HEIGHT="39" WIDTH="37" VPOS="2910" HPOS="877"/>
<String CONTENT="Jan." HEIGHT="39" WIDTH="109" VPOS="2910" HPOS="915"/>
<SP HEIGHT="38" WIDTH="36" VPOS="2909" HPOS="1025"/>
<String CONTENT="27," HEIGHT="47" WIDTH="70" VPOS="2909" HPOS="1062"/>
<SP HEIGHT="47" WIDTH="35" VPOS="2909" HPOS="1133"/>
<String CONTENT="1930;" HEIGHT="48" WIDTH="143" VPOS="2906" HPOS="1169"/>
<SP HEIGHT="47" WIDTH="37" VPOS="2907" HPOS="1313"/>
<!-- cceid EDAE91F4-6E8D-1014-9CF5-AEB3FCA41D69 --><String LANG="en-US" CONTENT="A" HEIGHT="39" WIDTH="41" VPOS="2907" HPOS="1351"/>
<String CONTENT="&#8212;Foreign" HEIGHT="50" WIDTH="271" VPOS="2905" HPOS="1393"/>
<SP HEIGHT="40" WIDTH="36" VPOS="2906" HPOS="1665"/>
<String CONTENT="6271;" HEIGHT="47" WIDTH="141" VPOS="2906" HPOS="1702"/>
<SP HEIGHT="47" WIDTH="38" VPOS="2906" HPOS="1844"/>
<String CONTENT="Br&#252;ckenverlag," HEIGHT="49" WIDTH="410" VPOS="2905" HPOS="1883"/>
</TextLine>
<TextLine HEIGHT="49" WIDTH="273" VPOS="2967" HPOS="351" LANG="de">
<String CONTENT="g." HEIGHT="38" WIDTH="42" VPOS="2978" HPOS="351"/>
<SP HEIGHT="29" WIDTH="27" VPOS="2980" HPOS="394"/>
<String CONTENT="m." HEIGHT="30" WIDTH="60" VPOS="2980" HPOS="422"/>
<SP HEIGHT="41" WIDTH="25" VPOS="2969" HPOS="483"/>
<String CONTENT="b." HEIGHT="39" WIDTH="41" VPOS="2969" HPOS="509"/>
<SP HEIGHT="41" WIDTH="27" VPOS="2967" HPOS="551"/>
<String CONTENT="h." HEIGHT="39" WIDTH="45" VPOS="2967" HPOS="579"/>
</TextLine>
<TextLine HEIGHT="67" WIDTH="693" VPOS="3061" HPOS="272" STYLEREFS="StyleId-0170AFD7-99FF-4AFB-8CC6-74FECF9C0121-">
<String LANG="de" CONTENT="Pack," HEIGHT="65" WIDTH="178" VPOS="3063" HPOS="272"/>
<SP HEIGHT="64" WIDTH="27" VPOS="3064" HPOS="451"/>
<String LANG="de" CONTENT="Ruth" HEIGHT="53" WIDTH="166" VPOS="3063" HPOS="479"/>
<SP HEIGHT="52" WIDTH="26" VPOS="3063" HPOS="646"/>
<String LANG="en-US" CONTENT="Harding." HEIGHT="65" WIDTH="292" VPOS="3061" HPOS="673"/>
</TextLine>
<TextLine HEIGHT="76" WIDTH="1951" VPOS="3133" HPOS="338" STYLEREFS="StyleId-418C3FE3-105B-465C-92AC-D5C8600EB628-">
<String CONTENT="Blankety-blank," HEIGHT="70" WIDTH="510" VPOS="3139" HPOS="338"/>
<SP HEIGHT="50" WIDTH="44" VPOS="3157" HPOS="849"/>
<String CONTENT="entertainment" HEIGHT="53" WIDTH="441" VPOS="3138" HPOS="894"/>
<SP HEIGHT="53" WIDTH="44" VPOS="3136" HPOS="1336"/>
<String CONTENT="for" HEIGHT="54" WIDTH="94" VPOS="3136" HPOS="1381"/>
<SP HEIGHT="49" WIDTH="44" VPOS="3140" HPOS="1476"/>
<String CONTENT="the" HEIGHT="53" WIDTH="95" VPOS="3136" HPOS="1521"/>
<SP HEIGHT="34" WIDTH="44" VPOS="3155" HPOS="1617"/>
<String CONTENT="unsophisticated," HEIGHT="71" WIDTH="506" VPOS="3133" HPOS="1662"/>
<SP HEIGHT="69" WIDTH="44" VPOS="3133" HPOS="2169"/>
<String CONTENT="by" HEIGHT="69" WIDTH="75" VPOS="3133" HPOS="2214"/>
</TextLine>
<TextLine HEIGHT="73" WIDTH="2019" VPOS="3214" HPOS="267" STYLEREFS="StyleId-418C3FE3-105B-465C-92AC-D5C8600EB628-">
<String CONTENT="Ruth" HEIGHT="52" WIDTH="162" VPOS="3219" HPOS="267"/>
<SP HEIGHT="52" WIDTH="33" VPOS="3219" HPOS="430"/>
<String CONTENT="Harding" HEIGHT="68" WIDTH="277" VPOS="3219" HPOS="464"/>
<SP HEIGHT="69" WIDTH="31" VPOS="3218" HPOS="742"/>
<String CONTENT="Pack." HEIGHT="54" WIDTH="171" VPOS="3217" HPOS="774"/>
<SP HEIGHT="55" WIDTH="70" VPOS="3216" HPOS="946"/>
<String CONTENT="New" HEIGHT="54" WIDTH="138" VPOS="3216" HPOS="1017"/>
<SP HEIGHT="54" WIDTH="34" VPOS="3216" HPOS="1156"/>
<String CONTENT="York," HEIGHT="71" WIDTH="181" VPOS="3215" HPOS="1191"/>
<SP HEIGHT="71" WIDTH="31" VPOS="3215" HPOS="1373"/>
<String CONTENT="Minton," HEIGHT="70" WIDTH="247" VPOS="3215" HPOS="1405"/>
<SP HEIGHT="70" WIDTH="35" VPOS="3215" HPOS="1653"/>
<String CONTENT="Balch" HEIGHT="54" WIDTH="184" VPOS="3214" HPOS="1689"/>
<SP HEIGHT="52" WIDTH="33" VPOS="3214" HPOS="1874"/>
<String CONTENT="&amp;" HEIGHT="51" WIDTH="46" VPOS="3215" HPOS="1908"/>
<SP HEIGHT="51" WIDTH="34" VPOS="3215" HPOS="1955"/>
<String CONTENT="company," HEIGHT="52" WIDTH="296" VPOS="3230" HPOS="1990"/>
</TextLine>
<TextLine HEIGHT="50" WIDTH="150" VPOS="3300" HPOS="269" STYLEREFS="StyleId-418C3FE3-105B-465C-92AC-D5C8600EB628-">
<String CONTENT="1931." HEIGHT="50" WIDTH="150" VPOS="3300" HPOS="269"/>
</TextLine>
<TextLine HEIGHT="49" WIDTH="309" VPOS="3377" HPOS="338" CS="1">
<String CONTENT="49" HEIGHT="41" WIDTH="59" VPOS="3377" HPOS="338"/>
<SP HEIGHT="49" WIDTH="29" VPOS="3377" HPOS="398"/>
<String CONTENT="p." HEIGHT="37" WIDTH="43" VPOS="3389" HPOS="428"/>
<SP HEIGHT="39" WIDTH="57" VPOS="3378" HPOS="472"/>
<String CONTENT="21" HEIGHT="40" WIDTH="56" VPOS="3377" HPOS="530"/>
<String STYLE="superscript" CS="1" CONTENT="&#7580;&#7504;"/>
<String CONTENT="." HEIGHT="9" WIDTH="9" VPOS="3409" HPOS="638"/>
</TextLine>
<TextLine HEIGHT="53" WIDTH="1795" VPOS="3446" HPOS="279" CS="1">
<String CONTENT="&#169;" HEIGHT="51" WIDTH="50" VPOS="3448" HPOS="279"/>
<SP HEIGHT="51" WIDTH="29" VPOS="3448" HPOS="330"/>
<String CONTENT="July" HEIGHT="47" WIDTH="117" VPOS="3452" HPOS="360"/>
<SP HEIGHT="46" WIDTH="26" VPOS="3453" HPOS="478"/>
<String CONTENT="24," HEIGHT="46" WIDTH="69" VPOS="3453" HPOS="505"/>
<SP HEIGHT="46" WIDTH="27" VPOS="3453" HPOS="575"/>
<String CS="1" CONTENT="1931;" HEIGHT="40" WIDTH="110" VPOS="3451" HPOS="603"/>
<SP HEIGHT="41" WIDTH="29" VPOS="3452" HPOS="745"/>
<String CONTENT="2c." HEIGHT="38" WIDTH="66" VPOS="3452" HPOS="775"/>
<SP HEIGHT="39" WIDTH="28" VPOS="3451" HPOS="842"/>
<String CONTENT="July" HEIGHT="46" WIDTH="116" VPOS="3450" HPOS="871"/>
<SP HEIGHT="46" WIDTH="26" VPOS="3450" HPOS="988"/>
<String CS="1" CONTENT="31;" HEIGHT="40" WIDTH="54" VPOS="3450" HPOS="1015"/>
<SP HEIGHT="36" WIDTH="30" VPOS="3459" HPOS="1099"/>
<String CONTENT="aff." HEIGHT="40" WIDTH="82" VPOS="3448" HPOS="1130"/>
<SP HEIGHT="39" WIDTH="28" VPOS="3449" HPOS="1213"/>
<String CONTENT="Aug." HEIGHT="47" WIDTH="122" VPOS="3449" HPOS="1242"/>
<SP HEIGHT="40" WIDTH="26" VPOS="3449" HPOS="1365"/>
<String CONTENT="4;" HEIGHT="40" WIDTH="54" VPOS="3449" HPOS="1392"/>
<SP HEIGHT="41" WIDTH="30" VPOS="3448" HPOS="1447"/>
<!-- cceid EDAEF6A3-6E8D-1014-9CF5-AEB3FCA41D69 --><String CONTENT="A" HEIGHT="39" WIDTH="42" VPOS="3448" HPOS="1478"/>
<SP HEIGHT="39" WIDTH="24" VPOS="3448" HPOS="1521"/>
<String CONTENT="40620;" HEIGHT="48" WIDTH="173" VPOS="3446" HPOS="1546"/>
<SP HEIGHT="46" WIDTH="31" VPOS="3448" HPOS="1720"/>
<String LANG="fr" CONTENT="R." HEIGHT="39" WIDTH="55" VPOS="3448" HPOS="1752"/>
<SP HEIGHT="39" WIDTH="30" VPOS="3448" HPOS="1808"/>
<String CONTENT="H." HEIGHT="39" WIDTH="60" VPOS="3448" HPOS="1839"/>
<SP HEIGHT="40" WIDTH="30" VPOS="3447" HPOS="1900"/>
<String CONTENT="Pack," HEIGHT="48" WIDTH="143" VPOS="3446" HPOS="1931"/>
</TextLine>
<TextLine HEIGHT="112" WIDTH="1924" VPOS="3445" HPOS="346" CS="1">
<String CONTENT="Minneapolis." HEIGHT="112" WIDTH="1924" VPOS="3445" HPOS="346"/>
<SP HEIGHT="47" WIDTH="71" VPOS="3510" HPOS="517"/>
<String CONTENT="(31-20537)" HEIGHT="49" WIDTH="282" VPOS="3508" HPOS="589"/>
</TextLine>
<TextLine HEIGHT="65" WIDTH="518" VPOS="3604" HPOS="271" STYLEREFS="StyleId-0170AFD7-99FF-4AFB-8CC6-74FECF9C0121-">
<String CONTENT="Palmer," HEIGHT="64" WIDTH="255" VPOS="3605" HPOS="271"/>
<SP HEIGHT="65" WIDTH="29" VPOS="3604" HPOS="527"/>
<String CONTENT="Stuart." HEIGHT="55" WIDTH="232" VPOS="3604" HPOS="557"/>
</TextLine>
<TextLine HEIGHT="76" WIDTH="1944" VPOS="3673" HPOS="337" STYLEREFS="StyleId-418C3FE3-105B-465C-92AC-D5C8600EB628-" CS="1">
<String CONTENT="The" HEIGHT="54" WIDTH="123" VPOS="3681" HPOS="337"/>
<SP HEIGHT="50" WIDTH="26" VPOS="3699" HPOS="461"/>
<String CONTENT="penguin" HEIGHT="67" WIDTH="254" VPOS="3682" HPOS="488"/>
<SP HEIGHT="50" WIDTH="27" VPOS="3699" HPOS="743"/>
<String CONTENT="pool" HEIGHT="68" WIDTH="131" VPOS="3681" HPOS="771"/>
<SP HEIGHT="53" WIDTH="25" VPOS="3681" HPOS="903"/>
<String CONTENT="murder," HEIGHT="68" WIDTH="248" VPOS="3680" HPOS="929"/>
<SP HEIGHT="70" WIDTH="28" VPOS="3678" HPOS="1178"/>
<String CONTENT="by" HEIGHT="71" WIDTH="76" VPOS="3678" HPOS="1207"/>
<SP HEIGHT="72" WIDTH="28" VPOS="3677" HPOS="1284"/>
<String CONTENT="Stuart" HEIGHT="56" WIDTH="202" VPOS="3677" HPOS="1313"/>
<SP HEIGHT="53" WIDTH="27" VPOS="3677" HPOS="1516"/>
<String CONTENT="Palmer" HEIGHT="55" WIDTH="230" VPOS="3675" HPOS="1544"/>
<SP HEIGHT="36" WIDTH="31" VPOS="3695" HPOS="1775"/>
<String CS="1" CONTENT="&#8230;"/>
<SP HEIGHT="57" WIDTH="67" VPOS="3674" HPOS="1865"/>
<String CONTENT="New" HEIGHT="55" WIDTH="139" VPOS="3674" HPOS="1933"/>
<SP HEIGHT="56" WIDTH="28" VPOS="3673" HPOS="2073"/>
<String CONTENT="York," HEIGHT="69" WIDTH="179" VPOS="3673" HPOS="2102"/>
</TextLine>
<TextLine HEIGHT="68" WIDTH="544" VPOS="3759" HPOS="268" STYLEREFS="StyleId-418C3FE3-105B-465C-92AC-D5C8600EB628-">
<String CONTENT="Brentano&#8217;s," HEIGHT="68" WIDTH="354" VPOS="3759" HPOS="268"/>
<SP HEIGHT="65" WIDTH="36" VPOS="3762" HPOS="623"/>
<String CONTENT="1931." HEIGHT="51" WIDTH="152" VPOS="3761" HPOS="660"/>
</TextLine>
<TextLine HEIGHT="49" WIDTH="584" VPOS="3838" HPOS="371" CS="1">
<String CS="1" CONTENT="x"/>
<SP HEIGHT="37" WIDTH="27" VPOS="3849" HPOS="371"/>
<String LANG="fr" CONTENT="p.," HEIGHT="37" WIDTH="59" VPOS="3849" HPOS="399"/>
<SP HEIGHT="44" WIDTH="28" VPOS="3842" HPOS="459"/>
<String CONTENT="1" HEIGHT="37" WIDTH="23" VPOS="3842" HPOS="488"/>
<SP/>
<String CS="1" CONTENT="l.," HEIGHT="16" WIDTH="9" VPOS="3871" HPOS="580"/>
<SP HEIGHT="47" WIDTH="29" VPOS="3840" HPOS="590"/>
<String CONTENT="304" HEIGHT="42" WIDTH="87" VPOS="3838" HPOS="620"/>
<SP HEIGHT="47" WIDTH="27" VPOS="3840" HPOS="708"/>
<String CONTENT="p." HEIGHT="37" WIDTH="44" VPOS="3850" HPOS="736"/>
<SP HEIGHT="40" WIDTH="55" VPOS="3839" HPOS="781"/>
<String CONTENT="20" HEIGHT="41" WIDTH="59" VPOS="3838" HPOS="837"/>
<String STYLE="superscript" CS="1" CONTENT="&#7580;&#7504;"/>
<String CONTENT="." HEIGHT="10" WIDTH="9" VPOS="3869" HPOS="946"/>
</TextLine>
<TextLine HEIGHT="52" WIDTH="1808" VPOS="3909" HPOS="277" CS="1">
<String CONTENT="&#169;" HEIGHT="52" WIDTH="51" VPOS="3909" HPOS="277"/>
<SP HEIGHT="52" WIDTH="32" VPOS="3909" HPOS="329"/>
<String CONTENT="Aug." HEIGHT="45" WIDTH="119" VPOS="3914" HPOS="362"/>
<SP HEIGHT="38" WIDTH="32" VPOS="3915" HPOS="482"/>
<String CONTENT="7," HEIGHT="46" WIDTH="38" VPOS="3915" HPOS="515"/>
<SP HEIGHT="47" WIDTH="32" VPOS="3914" HPOS="554"/>
<String CS="1" CONTENT="1931;" HEIGHT="39" WIDTH="107" VPOS="3914" HPOS="587"/>
<SP HEIGHT="47" WIDTH="32" VPOS="3914" HPOS="728"/>
<String CONTENT="2c." HEIGHT="41" WIDTH="68" VPOS="3914" HPOS="761"/>
<SP HEIGHT="31" WIDTH="32" VPOS="3924" HPOS="830"/>
<String CONTENT="and" HEIGHT="38" WIDTH="93" VPOS="3915" HPOS="863"/>
<SP HEIGHT="38" WIDTH="33" VPOS="3915" HPOS="957"/>
<String CONTENT="aff." HEIGHT="41" WIDTH="82" VPOS="3912" HPOS="991"/>
<SP HEIGHT="39" WIDTH="30" VPOS="3913" HPOS="1074"/>
<String CONTENT="Aug." HEIGHT="47" WIDTH="120" VPOS="3913" HPOS="1105"/>
<SP HEIGHT="37" WIDTH="32" VPOS="3913" HPOS="1226"/>
<String CONTENT="10;" HEIGHT="46" WIDTH="83" VPOS="3910" HPOS="1259"/>
<SP HEIGHT="45" WIDTH="32" VPOS="3911" HPOS="1343"/>
<!-- cceid EDAF6112-6E8D-1014-9CF5-AEB3FCA41D69 --><String CONTENT="A" HEIGHT="39" WIDTH="42" VPOS="3911" HPOS="1376"/>
<SP HEIGHT="40" WIDTH="29" VPOS="3911" HPOS="1419"/>
<String CONTENT="39974;" HEIGHT="48" WIDTH="171" VPOS="3910" HPOS="1449"/>
<SP HEIGHT="47" WIDTH="35" VPOS="3911" HPOS="1621"/>
<String CONTENT="Brentano's," HEIGHT="48" WIDTH="305" VPOS="3909" HPOS="1657"/>
<SP HEIGHT="48" WIDTH="31" VPOS="3909" HPOS="1963"/>
<String CONTENT="inc." HEIGHT="40" WIDTH="90" VPOS="3909" HPOS="1995"/>
</TextLine>
<TextLine HEIGHT="49" WIDTH="281" VPOS="3970" HPOS="355">
<String CONTENT="(31-20656)" HEIGHT="49" WIDTH="281" VPOS="3970" HPOS="355"/>
</TextLine>
</TextBlock>
</PrintSpace>
</Page>
</Layout>
</alto>