2505 4370
1094 4059 100 51 133

137 421 136 63 Fry,
307 421 326 62 Margaret.

200 495 104 70 My
329 513 163 35 name
519 494 47 55 is
593 495 172 68 John,
794 515 27 33 a
854 495 144 52 book
1024 494 92 53 for
1144 495 136 69 boys
1306 493 204 53 named
1537 495 174 67 John,
1737 494 73 69 by
1837 492 294 69 Margaret

134 575 132 68 Fry,
294 574 288 67 drawings
610 573 75 70 by
713 572 224 55 Lenard
970 573 248 51 Holmes.
1291 571 266 70 Chicago,
1585 572 247 53 Thomas
1863 569 56 56 S.
135 569 1975 135 Rockwell

282 669 296 51 company,
605 653 149 49 1930.

202 731 56 40 63
283 741 43 38 p.
354 730 110 40 incl.
494 729 164 48 front.,
688 730 128 40 illus.
877 728 57 41 20½ᶜᵐ.

140 788 51 51 ©
223 791 121 48 Aug.
376 791 69 47 13,
478 788 141 48 1930;
654 789 67 41 2c.
754 789 110 40 Jan.
896 788 71 49 23,
1000 788 140 46 1931;
1177 788 83 41 aff.
1295 788 112 41 Dec.
1441 788 82 47 17;
1560 788 40 39 A
1632 787 172 48 33386;
1841 788 210 39 Thomas
2090 788 44 39 S.

207 848 245 40 Rockwell
479 857 67 30 co.
616 844 250 51 (31-2829)

134 941 212 63 Fuller,
381 940 248 55 Charles
656 940 252 64 Arthur,
943 944 170 50 1880-

201 1016 319 69 Designing
548 1015 235 69 heating
811 1016 113 52 and
953 1015 344 69 ventilating
1324 1020 234 66 systems;
1621 1036 31 33 a
1685 1014 275 69 practical
135 1019 1976 130 treatise

274 1112 72 35 on
386 1094 97 53 the
522 1093 196 68 design
760 1093 62 52 of
860 1093 236 68 heating
1138 1093 111 52 and
1292 1092 344 69 ventilating
1675 1091 325 70 equipment
2041 1091 95 53 for

134 1170 289 70 buildings
463 1171 63 52 of
565 1172 76 51 all
680 1169 170 55 kinds
890 1171 170 54 based
1099 1188 154 50 upon
1293 1171 95 51 the
1426 1169 367 69 engineering
1833 1171 150 52 rules
2023 1170 111 52 and

134 1249 276 53 formulae
443 1248 59 52 in
537 1267 165 50 every
735 1248 111 70 day
879 1266 110 35 use.
1059 1248 270 68 Adapted
1367 1247 92 52 for
1494 1266 95 34 use
1621 1267 60 35 as
1713 1268 31 33 a
1778 1252 120 48 text
1931 1247 58 52 in
134 1247 1976 148 colleges

319 1326 114 55 and
472 1326 216 53 schools
728 1328 113 52 and
880 1346 60 35 as
980 1346 30 33 a
1051 1325 285 53 reference
1373 1325 147 53 book
1559 1325 92 53 for
1690 1325 292 68 engineers
2023 1325 112 52 and

134 1402 1996 71 architects, by Charles A. Fuller … 3d ed., rev. and enl. New
137 1481 174 70 York,
341 1480 288 55 Scientific
658 1481 145 52 book
834 1479 377 70 corporation,
1243 1483 151 50 1931.

202 1560 1241 50 2 p. l. , 3-244 (i. e. 268) p. illus., diagrs. 22½ ᶜᵐ.
204 1619 154 40 Extra
388 1618 265 40 numbered
682 1628 147 37 pages
860 1618 228 39 inserted.

142 1674 51 54 ©
232 1679 110 42 Jan.
378 1677 70 50 24,
487 1676 139 45 1931;
667 1677 67 41 2c.
774 1677 109 40 Jan.
921 1675 82 49 26;
1044 1675 82 42 aff.
1166 1676 109 41 Jan.
1313 1676 84 47 31;
1438 1676 42 40 A
1517 1675 171 49 34095;
1733 1676 246 42 Scientific
2015 1676 124 41 book

208 1736 322 49 corporation.
601 1735 250 49 (31-3571)

137 1832 209 63 Green,
380 1831 189 54 Anne.

205 1907 1926 69 Reader, I married him, by Anne Green … New York, E. P.
135 1988 223 51 Dutton
384 1989 46 50 &
455 2003 96 47 co.,
579 1985 125 68 inc.,
733 1988 150 49 1931.

206 2065 563 50 2 p. l., 13-288 p. 20 ᶜᵐ.
209 2123 328 40 “Fourteenth
566 2122 230 48 printing,
828 2122 264 47 February,
1121 2118 159 44 1931.”

143 2177 1997 51 © Feb. 14, 1931; 2c. Feb. 18; aff. Feb. 17; A 34414; E. P. Dutton & co.,
209 2237 90 41 inc.
370 2235 280 50 (31-26359)

140 2332 260 63 Haycox,
433 2331 235 53 Ernest.

203 2405 371 69 Whispering
604 2423 191 52 range,
826 2405 73 71 by
931 2405 208 55 Ernest
1170 2407 256 67 Haycox.
1497 2406 229 54 Garden
1760 2406 151 69 City,
1942 2407 67 54 N.
2048 2407 88 66 Y.,

139 2482 1339 72 Doubleday, Doran & company, inc. [ ᶜ1 930]
204 2565 286 49 320 p. 20 ᶜᵐ.
208 2621 162 43 “First
404 2621 225 42 edition.”

145 2675 51 51 ©
225 2679 110 42 Jan.
361 2679 70 48 30,
459 2678 140 48 1931;
628 2677 67 43 2c.
723 2681 96 38 and
846 2677 82 43 aff.
957 2679 110 41 Feb.
1097 2680 52 46 5;
1179 2680 41 38 A
1246 2680 146 40 34175;
1450 2681 54 40 E.
1532 2681 218 49 Haycox,
1780 2682 249 48 Portland,
2060 2683 81 41 Or.

222 2735 251 50 (31-3406)

142 2829 221 66 Henry,
393 2831 227 64 George
650 2831 243 64 Adams,
925 2836 171 50 1853-

208 2908 119 51 The
355 2908 236 67 probate
620 2907 109 53 law
760 2911 113 52 and
902 2910 248 65 practice
1182 2908 62 53 of
1272 2910 96 51 the
1396 2915 143 48 state
1569 2909 62 54 of
1663 2909 246 54 Indiana;
1972 2910 171 70 being

141 3005 30 33 a
195 2986 271 67 complete
490 2985 113 54 and
628 2985 322 70 systematic
973 2989 226 52 treatise
1224 3005 72 34 on
1319 2988 95 51 the
1436 2989 137 52 laws
1598 2987 63 53 of
1683 2989 95 52 the
1804 2995 143 47 state
143 2989 1974 141 relating

276 3068 58 47 to
371 3063 94 52 the
507 3062 477 69 administration,
1023 3062 387 69 distribution,
1451 3065 113 53 and
1603 3066 316 53 settlement
1962 3066 62 52 of
141 3085 1977 123 estates,

323 3144 202 50 testate
553 3140 112 53 and
691 3139 280 71 intestate,
997 3141 258 68 together
1283 3140 138 53 with
1451 3142 93 52 the
1573 3160 215 50 powers
1817 3143 112 54 and
1959 3142 184 55 duties

141 3216 60 52 of
231 3222 305 61 executors,
568 3216 473 70 administrators,
1072 3217 329 70 guardians,
1433 3219 112 52 and
1577 3218 462 69 commissioners,
2067 3220 76 70 by

142 3292 217 70 George
393 3295 70 51 A.
499 3295 217 67 Henry.
784 3295 100 52 4th
921 3295 103 69 ed.,
1060 3295 335 69 completely
1431 3295 217 53 revised
1684 3316 60 35 as
1779 3304 58 47 to
1871 3302 120 49 text
2029 3297 111 54 and

143 3370 1996 73 forms, by Mahlon E. Bash … Indianapolis, The Bobbs-Merrill
143 3451 481 66 company [ ᶜ1 931]
213 3527 216 41 2 v . 26 ᶜᵐ.
214 3584 161 48 Paged
403 3583 354 48 continuously.

151 3640 51 51 ©
231 3644 110 40 Jan.
368 3644 71 48 15,
467 3642 140 48 1931;
637 3642 68 43 2c.
734 3644 119 39 each
881 3644 109 39 Jan.
1019 3642 81 48 25;
1133 3643 82 41 aff.
1246 3644 110 40 Jan.
1386 3643 82 48 26;
1500 3644 42 39 A
1570 3644 170 47 34031;
1773 3643 369 42 Bobbs-Merrill

218 3710 66 31 co.
354 3699 249 50 (31-3198)

149 3779 283 63 Hopkins,
463 3779 229 66 Alfred,
724 3782 169 53 1870-

213 3855 1928 72 Prisons and prison building, by Alfred Hopkins … New
149 3933 1685 74 York, Architectural book publishing co., inc. [ ᶜ1 930]
