2575 4398
1309 4060 68 51 26

399 460 249 69 thought
680 460 64 53 of
773 460 97 53 the
900 466 232 63 present
1160 461 154 52 time.
1394 460 217 55 Edited
1640 463 75 68 by
1748 462 428 70 distinguished
401 465 1944 143 biographers,

695 540 242 53 selected
974 539 156 53 from
1164 540 136 52 each
1336 544 174 63 state;
1549 541 224 54 revised
1810 543 114 52 and
1960 543 299 68 approved
2294 545 74 68 by

400 618 97 53 the
534 625 149 46 most
720 618 249 53 eminent
1008 618 333 69 historians,
1379 615 255 59 scholars
1672 623 113 51 and
1823 626 308 48 statesmen
2171 623 65 52 of
2273 624 96 53 the

400 698 131 69 day.
611 697 248 55 Current
893 700 110 50 vol.
1038 698 72 51 A.
1188 698 142 52 New
1365 699 182 69 York,
1582 699 196 55 James
1812 701 64 51 T.
1910 700 199 55 White
2140 703 45 50 &
400 720 1944 127 company,
608 779 150 51 1930.

402 858 957 50 1 p. l., 552 p. plates, ports. 27 ᶜᵐ .
401 917 290 42 Loose-leaf.

332 984 2034 55 © Dec. 29, 1930; 2c. Dec. 31; aff. Jan. 10, 1931; A 33180; James T. White
405 1051 38 41 &
469 1057 68 31 co.

326 1157 287 53 National
643 1157 283 54 research
956 1156 247 55 council.

399 1251 431 54 International
888 1251 226 53 critical
1170 1252 182 53 tables
1409 1251 65 53 of
1530 1251 318 55 numerical
1905 1253 155 67 data,
2116 1253 252 71 physics,

328 1331 312 69 chemistry
666 1333 114 51 and
806 1331 361 70 technology.
1245 1332 299 67 Prepared
1566 1333 184 52 under
1774 1332 97 53 the
1897 1332 259 69 auspices
2182 1331 66 54 of
2271 1333 98 53 the

326 1409 432 55 International
801 1411 259 54 research
1103 1410 225 55 council
1371 1412 114 53 and
1527 1411 97 54 the
1666 1411 279 54 National
1987 1412 274 70 academy
2304 1412 63 55 of

328 1492 261 56 sciences,
618 1492 77 68 by
723 1491 96 52 the
850 1490 279 54 National
1158 1491 260 53 research
1450 1492 224 52 council
1703 1491 65 54 of
1797 1492 96 53 the
1922 1491 220 54 United
2175 1492 192 55 States

327 1569 2016 134 of America. Editor-in-chief, Edward W. Washburn … associate
498 1649 1870 70 editors, Clarence J. West … N. Ernest Dorsey … assistant
328 1727 2038 72 editor, Martha D. Ring … v. 7. 1st ed. New York and
326 1808 262 61 London,
619 1807 435 55 McGraw-Hill
1085 1808 150 53 book
1266 1827 301 51 company,
1599 1810 127 67 inc.,
1761 1811 150 50 1930.

398 1890 66 49 ix,
498 1889 72 51 [2],
603 1890 86 40 507
719 1901 44 38 p.
826 1890 171 48 tables,
1029 1889 184 49 diagrs.
1274 1889 148 42 28½ᶜᵐ.

332 1958 2032 54 © Jan. 5, 1931; 2c. and aff. Jan. 19; A 33250; Natl. academy of sciences,
399 2021 341 49 Washington.

327 2133 150 53 New
516 2135 215 64 Jersey
771 2137 114 53 and
925 2135 266 54 Atlantic
1233 2139 260 65 reporter
1535 2134 206 70 digest,
1780 2133 273 71 covering
2093 2135 76 53 all
2214 2153 151 35 cases

396 2212 270 68 reported
698 2212 60 52 in
792 2211 141 54 New
965 2212 205 69 Jersey
1203 2218 226 62 reports
1462 2211 115 54 and
1609 2211 266 53 Atlantic
1908 2216 278 64 reporter,
2221 2209 142 54 with

395 2297 233 47 current
655 2290 351 54 cumulative
1034 2290 207 69 pocket
1267 2290 215 54 service
1507 2289 252 71 keeping
1785 2290 118 54 this
1931 2290 188 69 digest
2147 2290 217 68 always

397 2377 57 47 to
502 2370 151 68 date,
699 2370 287 68 compiled
1033 2370 116 53 and
1195 2369 193 53 edited
1435 2369 77 69 by
1558 2369 98 53 the
1703 2368 346 70 publisher’s
2093 2367 270 55 editorial

396 2451 138 55 staff.
626 2472 49 33 v.
714 2457 43 48 1.
799 2451 556 69 Descriptive-word
1387 2451 189 53 index.
1657 2449 84 56 St.
1772 2451 169 69 Paul,
1969 2450 205 69 Minn.,
2203 2451 160 53 West

398 2531 688 71 publishing co. [ ᶜ1 930]
396 2612 480 51 ix, 1632 p. 26 ᶜᵐ .
398 2686 231 39 Lettered
656 2695 60 30 on
745 2695 171 31 cover:
946 2683 117 43 1790
1090 2686 49 39 to
1167 2685 130 40 date.

400 2743 137 48 “Key
564 2743 206 40 number
797 2743 199 47 system.”

331 2812 52 52 ©
410 2817 112 38 Dec.
550 2816 69 47 17,
647 2813 142 48 1930;
818 2814 68 41 2c.
913 2815 96 38 and
1036 2813 82 41 aff.
1146 2813 111 41 Jan.
1284 2811 70 50 10,
1381 2811 142 48 1931;
1552 2812 44 39 A
1619 2810 174 49 33092;
1823 2812 139 40 West
1986 2812 110 48 pub.
2124 2822 68 30 co.

415 2873 255 50 (31-1365)

390 2980 1957 71 … The New York supplement, with key-number annotations.
400 3057 1962 74 v. 243. Permanent ed. … July 22-September 9, 1930. St.
399 3144 167 68 Paul,
593 3142 159 55 West
784 3141 340 69 publishing
1154 3160 98 49 co.,
1283 3142 150 52 1930.

400 3223 675 49 Various pagings. 23½ ᶜᵐ .
333 3291 1940 54 © Dec. 10, 1930; 2c. and aff. Jan. 10, 1931; A 33081; West pub. co.
327 3464 295 64 Northey,
652 3463 135 54 Neil
814 3465 248 63 Wayne.

401 3558 116 55 Old
557 3560 331 51 homestead
929 3559 143 52 tales.
1165 3577 51 33 v.
1258 3560 46 48 3.
1346 3555 351 69 Paddletail,
1738 3556 96 53 the
1872 3556 206 51 beaver
2118 3554 114 52 and
2272 3552 90 53 his

328 3638 328 68 neighbors,
694 3638 77 70 by
812 3637 132 53 Neil
982 3637 225 69 Wayne
1247 3635 278 67 Northey.
1601 3633 343 54 Illustrated
1984 3634 76 68 by
2097 3631 265 55 William

327 3717 209 55 Wilke.
613 3717 309 53 Mountain
965 3715 182 59 View,
1193 3714 206 60 Calif.;
1447 3712 245 61 Omaha,
1735 3712 170 53 Nebr.
1958 3717 139 62 [etc.]
2146 3707 215 56 Pacific

329 3794 1148 71 press publishing association, [ ᶜ1 931]
401 3874 815 52 182 p. illus., col. plates. 20 ᶜᵐ.
335 3942 2021 54 © Jan. 1, 1931; 2c. and aff. Jan. 7; A 32704; Pacific press pub. assn.
