2505 4370
1058 4003 132 49 1283

207 446 360 49 146 p. 21 ½ ᶜᵐ .
141 512 52 52 ©
218 518 125 38 June
365 516 69 47 30,
460 514 112 41 1931;
627 516 67 40 2c.
719 517 95 37 and
840 514 83 41 aff.
948 515 115 46 July
1089 514 58 39 10;
1198 514 41 38 A
1264 512 143 42 39361;
1464 514 164 40 James
1655 514 62 41 H.
1745 513 235 48 Oliphant
2004 513 36 40 &
2065 523 70 30 co.

215 569 68 54 [©
310 574 232 47 complete
571 573 224 48 revision]

138 668 250 63 Oregon.
463 668 183 67 Laws,
674 673 255 63 statutes,
958 674 100 47 etc.

209 746 202 52 Tables
451 745 64 53 of
552 744 386 68 comparative
977 743 255 54 sections.
1307 743 285 53 Addenda
1632 749 58 47 to
1731 742 230 69 Oregon
1998 744 139 51 laws

137 824 403 67 supplements.
617 821 116 55 San
790 822 322 68 Francisco,
1168 822 122 53 The
1348 820 584 70 Bancroft-Whitney
138 839 1975 130 company,
340 903 149 49 1931.

208 979 843 49 cover-title, 2 p. l., 116 p. 25 ᶜᵐ .
142 1032 52 52 ©
218 1037 115 47 July
355 1035 71 48 25,
450 1034 111 42 1931;
615 1036 68 41 2c.
707 1036 119 47 Aug.
849 1036 25 39 3;
929 1035 82 41 aff.
1036 1036 120 48 Aug.
1180 1034 55 41 29;
1291 1036 40 38 A
1353 1034 147 42 42087;
1553 1034 489 49 Bancroft-Whitney
2067 1045 68 30 co.

137 1144 1444 67 Pardo Baz á n, Emilia, condesa de, 1852-1921.
203 1220 1804 69 Los mejores cuentos de la condesa Emilia Pardo Baz á n,
136 1222 1995 145 edited by Willis Knapp Jones … illustrations by Alberto Cugat.
135 1374 1992 69 Garden City. N. Y., Doubleday, Doran & company, inc. [ ᶜ1 931 ]
205 1456 946 49 xviii p., 1 l., 208 p. plates. 19½ᶜᵐ.
207 1512 162 42 “First
394 1513 198 40 edition.”

476 1592 68 16 CONTENTS.—
548 1569 68 40 La
646 1571 112 46 gota
791 1570 58 39 de
881 1579 249 37 sangre.—
1132 1568 224 41 Belcebù.
1357 1591 60 5 —
1418 1569 73 39 En
1524 1570 74 39 las
1628 1578 250 31 cavernas.

141 1622 52 52 ©
218 1627 119 47 Aug.
361 1627 70 46 14,
458 1626 110 40 1931;
624 1626 67 40 2c.
718 1627 95 38 and
839 1626 81 39 aff.
947 1627 118 45 Aug.
1091 1625 54 39 24;
1202 1626 41 38 A
1268 1625 144 41 41187;
1468 1625 299 49 Doubleday,
1796 1626 166 39 Doran
1990 1626 36 39 &
2052 1634 69 32 co.,

208 1682 91 42 inc.
372 1681 279 51 (31-22459)

137 1777 170 64 Peck,
338 1778 171 52 Anne
538 1777 342 56 Merriman.

206 1853 1927 71 Young Germany, by Anne Merriman Peck … New York,
133 1931 67 53 R.
229 1932 78 52 M.
334 1932 277 52 McBride
637 1935 45 50 &
708 1951 296 49 company,
1032 1935 151 50 1931.

206 2011 1364 49 7 p. l., 3-195 p. incl. front., illus. plates. 21½ᶜᵐ.
208 2069 288 40 Illustrated
524 2069 362 49 lining-papers.

209 2125 162 41 “First
397 2126 270 50 published,
694 2127 204 48 August,
929 2125 157 43 1931.”

141 2179 52 52 ©
222 2184 121 48 Aug.
371 2185 40 47 7,
442 2183 112 41 1931;
614 2184 65 40 2c.
711 2186 96 39 and
837 2184 83 42 aff.
949 2186 119 46 Aug.
1098 2183 56 41 27;
1214 2185 41 38 A
1281 2183 149 41 42006;
1487 2184 55 41 A.
1575 2185 63 40 M.
1669 2184 139 47 Peck,
1841 2184 117 40 New
1989 2184 146 40 York.

219 2240 278 49 (31-22572)

135 2335 453 63 Pennsylvania.
667 2337 220 53 Courts.

206 2414 121 52 The
357 2413 226 54 district
614 2417 111 51 and
756 2420 209 63 county
996 2421 239 63 reports,
1267 2414 332 69 containing
1629 2433 150 35 cases
1809 2413 234 54 decided
2075 2411 61 54 in

139 2491 1935 68 all the judicial districts of the state of Pennsylvania. v. 14 …
137 2569 424 68 Philadelphia,
592 2570 256 53 Howard
875 2571 91 52 W.
997 2571 174 68 Page,
1204 2573 151 50 1931.

272 2649 369 47 xv, 886 p. 23 ᶜᵐ .
141 2701 52 52 ©
217 2706 120 48 Aug.
362 2705 71 49 24,
458 2704 112 42 1931;
627 2707 68 41 2c.
721 2707 95 39 and
842 2706 82 41 aff.
951 2707 120 47 Aug.
1096 2706 60 41 28;
1208 2707 42 38 A
1276 2706 148 40 41456;
1477 2707 216 39 Howard
1720 2706 72 40 W.
1820 2705 142 48 Page.

134 2815 454 64 Pennsylvania.
662 2817 182 55 Laws,
878 2824 255 63 statutes,
1165 2824 101 48 etc.

207 2894 54 51 A
289 2895 182 68 digest
499 2896 63 50 of
588 2896 93 51 the
707 2896 257 67 banking
987 2897 137 52 laws
1152 2896 63 51 of
1240 2896 96 53 the
1363 2896 467 52 commonwealth
1859 2897 63 51 of

136 2896 1975 145 Pennsylvania.
489 2972 297 67 Compiled
823 2974 180 51 under
1038 2973 358 67 supervision
1430 2974 63 53 of
1526 2975 170 50 Peter
1731 2972 67 55 G.
1839 2973 297 68 Cameron,

137 3049 1972 130 secretary of banking, by Harold Cooper Roberts … in collaboration
135 3127 1975 145 with E. Jack Sitgreaves … [Harrisburg, Pa., The Telegraph press] 1930.
209 3284 617 50 lxxiii, [2], 368 p. 24 ᶜᵐ .
140 3337 52 52 ©
220 3342 128 47 Sept.
372 3340 70 48 20,
469 3340 140 46 1930;
636 3342 66 40 2c.
729 3343 121 40 Mar.
877 3343 39 45 6,
943 3341 105 41 1931;
1111 3342 82 41 aff.
1220 3344 122 38 Mar.
1371 3343 52 46 5;
1453 3343 40 38 A
1518 3342 171 47 34712;
1720 3343 411 40 Commonwealth

207 3398 52 40 of
286 3398 372 48 Pennsylvania,
688 3398 315 46 Harrisburg.
1033 3400 82 39 Pa.
1186 3399 281 50 (30-27648)

157 3493 242 63 [Pepper,
433 3493 225 64 George
687 3494 307 68 Wharton]

134 3572 1973 128 The quarterly digest of Pennsylvania decisions … supplement
319 3655 57 45 to
410 3650 225 66 Pepper
669 3651 111 51 and
813 3650 200 52 Lewis’
1046 3651 185 67 digest
1265 3651 65 51 of
1362 3650 275 53 decisions
1669 3650 332 68 containing
2033 3651 96 51 the

136 3745 88 32 most
317 3732 184 47 recent
540 3727 274 52 decisions
852 3728 64 51 of
953 3728 76 51 all
1065 3728 94 52 the
1195 3732 187 49 courts
1420 3728 64 51 of
1519 3727 202 68 justice
1756 3727 61 52 in
134 3727 1970 129 Pennsylvania.

358 3804 280 57 reported,
676 3802 297 70 including
1010 3806 94 52 the
1143 3804 277 67 Supreme
1457 3806 112 51 and
1611 3804 273 67 Superior
1922 3810 206 65 courts,

136 3880 205 53 Courts
372 3882 64 50 of
468 3900 255 33 common
756 3883 173 65 pleas,
959 3882 95 53 the
1087 3882 227 53 district
1345 3887 239 63 reports,
1617 3880 335 57 workmen’s
1981 3902 144 34 com-
