2505 4370
1056 4017 133 48 1165

149 389 448 54 Southwestern
628 391 286 61 reporter.
999 388 102 64 (2d
1133 388 146 63 ser.)

215 467 295 52 Arkansas
538 466 276 54 decisions
841 468 264 66 reported
1135 466 59 54 in
1227 466 424 55 Southwestern
1680 473 269 63 reporter.

150 466 1972 133 Second
296 545 184 54 series,
556 546 136 52 vols.
728 547 65 49 32
836 544 127 69 (2d)
1007 549 58 48 to
1097 547 66 50 36
1206 544 128 71 (2d)
1377 545 325 67 December,
1738 548 133 50 1930
1902 551 58 47 to
1992 545 157 71 May,

150 621 1889 71 1931. Annotated … St. Paul, West publishing co., 1931.
218 709 570 49 Various pagings. 26 ᶜᵐ.
151 784 51 52 ©
229 788 115 47 July
370 788 39 47 8,
436 786 113 41 1931;
604 787 67 41 2c.
698 786 119 48 Aug.
843 787 55 39 15;
955 786 83 41 aff.
1064 787 120 47 Aug.
1210 788 56 38 17;
1322 787 41 38 A
1389 787 171 48 40800;
1591 789 137 40 West
1753 789 107 47 pub.
1889 799 67 29 co.

145 905 197 61 Steen,
376 901 386 65 Marguerite.

212 980 185 53 When
430 979 95 53 the
558 979 153 53 wind
742 979 194 65 blows,
965 978 73 67 by
1070 978 355 69 Marguerite
1459 978 185 55 Steen.
1724 980 231 53 London
2000 985 137 63 [etc.]

144 1057 215 55 Cassell
387 1058 112 51 and
527 1074 296 49 company,
853 1055 102 53 ltd.
991 1058 170 65 [1931]

215 1135 973 51 2 p. l., 343, [1] p. front. (map) 19½ ᶜᵐ.
149 1212 1995 53 © 1c. July 18, 1931; A ad int. 15305; pubd. May 21; M. Steen, Paddocks,
218 1272 192 40 Granve
439 1283 113 29 over
583 1272 168 42 Sands,
783 1282 69 29 nr.
882 1270 309 42 Lancashire.
1223 1272 238 45 England.
1531 1270 281 50 (31-19911)

147 1382 371 64 Strindberg,
548 1381 258 64 August.

219 1471 81 52 Er
334 1472 116 51 und
484 1470 96 65 sie,
613 1488 107 34 von
755 1470 225 67 August
1017 1469 359 68 Strindberg.
1452 1458 361 79 Übertragen
1847 1487 109 36 von
1993 1470 156 53 Emil

147 1545 294 68 Schering.
516 1544 304 61 München,
849 1544 68 54 G.
945 1545 228 60 Müller,
1203 1547 150 50 1930.

216 1635 25 39 1
305 1666 9 9 v.

148 1707 1996 53 © Jan. 1, 1930; 1c. Apr. 22; A —Foreign 7695; Georg Müller verlag, a.-g.
143 1826 380 64 Sutherland,
554 1825 168 65 Joan,
754 1831 170 49 1890-

212 1901 315 68 Cross-fire,
564 1902 75 68 by
675 1902 153 54 Joan
867 1901 366 55 Sutherland.
1309 1902 242 52 London
1612 1909 119 59 [etc.]
1776 1901 215 55 Cassell
2030 1902 114 53 and

140 1998 296 51 company,
463 1979 103 53 ltd.
600 1983 173 63 [1931]

211 2062 100 48 253,
341 2081 11 31 [1]
424 2073 44 37 p.
527 2061 57 41 19½ᶜᵐ.

146 2138 1997 52 © 1c. July 25, 1931; A ad int. 15328; pubd. May 28; Joan Sutherland
216 2207 155 46 Kelly,
408 2206 212 39 London.
694 2204 279 46 (31-20147)

141 2313 209 52 Texas.
427 2314 182 65 Laws,
638 2319 238 48 statutes
883 2358 11 13 ,
923 2321 100 46 etc.

213 2391 277 53 Vernon’s
520 2393 308 51 annotated
862 2391 152 54 Code
1045 2391 64 53 of
1140 2390 263 53 criminal
1436 2392 309 66 procedure
1777 2391 63 52 of
1871 2391 95 53 the
1999 2396 145 48 state

142 2468 63 53 of
245 2471 199 50 Texas.
524 2472 132 49 1931
700 2467 343 54 cumulative
1086 2470 210 50 annual
1339 2468 203 68 pocket
1582 2474 132 62 part
1757 2468 93 53 for
1891 2470 252 52 volumes

145 2545 1781 70 1-3 … Kansas City, Vernon law book company [ ᶜ19 31]
212 2633 215 43 3 v. 25 ᶜᵐ.
212 2712 153 40 These
391 2711 274 48 pamphlets
694 2722 82 28 are
805 2714 47 37 to
881 2712 55 40 be
963 2711 136 40 fitted
1129 2712 102 39 into
1261 2712 80 40 the
1369 2712 147 40 backs
1546 2711 52 40 of
1625 2711 84 41 the
1734 2712 215 40 volumes
1979 2711 52 41 of
2058 2711 81 41 the

143 2777 72 38 set
244 2777 47 38 to
319 2774 159 41 which
505 2774 114 48 they
645 2774 186 48 belong.

144 2847 51 54 ©
227 2853 115 48 July
371 2852 72 48 29,
474 2852 112 40 1931;
646 2852 65 40 2c.
744 2852 117 40 each
893 2852 118 47 Aug.
1044 2853 56 38 15;
1158 2851 82 41 aff.
1274 2853 119 47 Aug.
1426 2854 55 38 17;
1542 2852 40 40 A
1612 2852 144 41 40783;
1819 2853 193 40 Vernon
2045 2852 94 40 law

213 2916 124 40 book
365 2926 67 29 co.

209 3009 279 54 Vernon’s
531 3011 306 51 annotated
880 3009 244 54 Revised
1164 3009 135 53 civil
1343 3011 110 51 and
1495 3009 262 53 criminal
1799 3013 237 49 statutes
2076 3006 64 55 of

140 3088 95 53 the
273 3093 142 48 state
455 3086 64 54 of
554 3088 199 50 Texas.
832 3090 130 49 1931
1002 3087 343 52 cumulative
1386 3089 209 50 annual
1635 3086 202 68 pocket
1875 3091 134 63 part
2045 3086 94 52 for

139 3164 2000 68 general index and tables … Kansas City, Vernon law book
140 3245 511 66 company [ ᶜ19 31]
207 3330 56 41 54
291 3341 42 38 p.
394 3330 117 40 25ᶜᵐ.

209 3407 117 40 This
357 3407 246 48 pamphlet
634 3406 44 41 is
709 3410 46 37 to
787 3408 55 39 be
873 3407 136 40 fitted
1043 3408 101 40 into
1177 3407 84 41 the
1290 3407 123 40 back
1444 3407 53 41 of
1527 3408 81 39 the
1641 3408 189 40 volume
1863 3407 53 41 of
1946 3407 83 41 the
2061 3408 73 39 set

139 3473 47 37 to
215 3469 158 41 which
399 3470 41 40 it
467 3470 208 48 belongs.

140 3542 51 53 ©
222 3547 115 47 July
367 3546 69 48 29,
468 3546 112 41 1931;
640 3546 67 42 2c.
739 3548 119 45 Aug.
887 3548 57 38 15;
1003 3547 82 40 aff.
1117 3548 119 47 Aug.
1268 3548 55 39 17;
1385 3547 40 38 A
1453 3546 145 41 40780;
1659 3546 193 41 Vernon
1883 3548 96 38 law
2010 3545 123 40 book

208 3619 68 33 co.

206 3704 276 55 Vernon’s
529 3707 305 51 annotated
881 3705 242 54 Revised
1169 3704 134 54 civil
1349 3708 238 49 statutes
1633 3704 63 53 of
1740 3703 96 52 the
1880 3706 145 49 state
2068 3701 64 53 of

137 3784 197 51 Texas.
413 3786 132 49 1931
591 3782 342 53 cumulative
976 3784 209 50 annual
1230 3781 203 68 pocket
1476 3786 134 63 part
1652 3780 93 52 for
1788 3783 160 64 parts
1992 3782 48 63 1,
2081 3782 53 65 2,

138 3857 1994 71 Constitution, articles 1-17 … Kansas City, Vernon law book
134 3941 505 66 company [ ᶜ19 31]
