2505 4370
1056 3994 133 51 1115

77 385 296 66 Lynskey,
405 378 308 58 Elizabeth
744 378 79 54 M.

218 437 1858 90 … The beginnings of our nation, by Elizabeth M. Lynskey
150 515 1927 81 … and Gwendoline Clabault Sauer … New York, Chicago,
91 606 1130 73 Charles E. Merrill company [ ᶜ1 931]
159 674 1918 71 vii, [1], 279 p. col. front., illus., maps. 19 ᶜᵐ. (The city history
142 751 121 48 series)

163 804 296 51 “Suggested
489 800 253 49 readings”
768 802 52 38 at
844 799 92 41 end
962 798 53 40 of
1040 805 128 32 some
1194 794 53 41 of
1273 794 81 41 the
1381 791 239 48 chapters.

87 874 53 53 ©
170 877 113 49 Apr.
313 877 68 45 14,
413 873 107 40 1931;
585 871 68 43 2c.
684 872 95 39 and
810 869 82 41 aff.
924 869 130 39 June
1080 867 82 47 24;
1197 866 41 39 A
1268 863 172 49 39523;
1475 862 204 42 Charles
1710 863 52 37 E.
1796 860 188 40 Merrill
2016 870 66 29 co.

168 931 279 52 (31-18832)

226 1009 1797 81 … The making of our nation, by Elizabeth M. Lynskey …
97 1089 1795 80 New York, Chicago, Charles E. Merrill company [ ᶜ1 931]
93 1167 1975 119 vii, [1], 280 p. col. front., illus., col. pl., maps. 19 ᶜᵐ. (The city history series)
169 1292 295 50 “Suggested
498 1289 252 50 readings”
779 1291 53 38 at
859 1288 92 41 end
981 1288 52 39 of
1062 1295 130 32 some
1220 1285 54 41 of
1300 1285 82 41 the
1412 1284 240 47 chapters.

96 1361 51 53 ©
177 1365 114 48 Apr.
322 1365 68 45 14,
422 1361 112 42 1931;
595 1360 67 42 2c.
693 1362 94 38 and
819 1359 82 42 aff.
931 1359 127 39 June
1086 1358 83 46 24;
1203 1357 40 39 A
1274 1355 173 48 39524;
1482 1354 202 42 Charles
1717 1355 52 39 E.
1803 1351 188 42 Merrill
2024 1359 68 32 co.

178 1418 281 50 (31-18833)

89 1514 271 62 Madden,
389 1514 140 53 Mrs.
559 1511 213 53 Maude
809 1507 390 68 (Whitmore)
1239 1507 172 55 1867-

160 1591 208 54 Where
421 1591 113 66 day
579 1588 197 53 dawns
833 1585 446 71 (Hi-no-mo-to)
1341 1603 30 33 a
1419 1585 284 66 Japanese
1752 1581 218 69 reader,
2017 1581 77 69 by

91 1658 1997 79 Maude Whitmore Madden … New York, Chicago [etc.]
93 1746 265 69 Fleming
384 1745 78 54 H.
491 1744 199 53 Revell
716 1760 279 52 company
1032 1744 191 66 [ᶜ1931]

165 1825 698 52 160 p. front., plates. 19½ ᶜᵐ.
104 1894 51 53 ©
187 1899 114 47 May
332 1898 69 47 16,
433 1897 112 40 1931;
607 1896 67 43 2c.
707 1898 94 38 and
834 1895 81 42 aff.
948 1897 80 37 May
1092 1894 58 41 27;
1208 1895 40 38 A
1279 1893 143 42 38453;
1487 1892 222 49 Fleming
1739 1892 60 38 H.
1833 1890 166 41 Revell
2034 1896 67 35 co.

183 1953 278 50 (31-18840)

98 2047 252 67 Marvin,
379 2046 244 66 Dwight
655 2045 305 67 Edwards,
991 2051 172 51 1851-

232 2124 232 69 Knowing
501 2123 147 68 God,
685 2143 31 34 a
755 2122 296 55 collection
1089 2122 65 54 of
1191 2121 273 70 religious
1502 2138 209 51 poems,
1749 2120 75 69 by
1864 2118 238 69 Dwight

104 2202 281 55 Edwards
419 2200 250 56 Marvin.
744 2201 140 54 New
919 2201 180 65 York,
1134 2200 234 67 Trinity
1403 2218 175 50 press,
1613 2201 151 50 1931.

173 2283 570 53 7 p. l. , 168, [5] p. 20 ᶜᵐ.
111 2337 51 53 ©
198 2342 126 39 June
358 2340 69 49 20,
464 2340 111 41 1931;
641 2339 67 43 2c.
744 2341 130 39 June
904 2338 56 41 25;
1025 2339 80 40 aff.
1143 2339 127 40 June
1304 2338 56 41 24;
1426 2339 44 39 A
1501 2336 144 43 40092;
1712 2337 58 41 D.
1808 2336 51 40 E.
1899 2333 209 47 Marvin,

183 2397 220 49 Summit,
443 2398 55 40 N.
539 2398 42 40 J.
653 2395 279 52 (31-19110)

106 2488 333 70 Matimore,
468 2490 241 55 Patrick
739 2490 224 67 Henry,
995 2495 170 52 1891-

176 2560 1870 81 Heroes of God’s church, by Reverend P. Henry Matimore …
108 2643 324 56 illustrated
470 2645 75 68 by
586 2642 166 57 Carle
789 2644 213 54 Michel
1041 2645 177 69 Boog.
1296 2644 138 53 New
1474 2642 180 70 York,
1691 2643 120 53 The
108 2641 1975 134 Macmillan

230 2738 300 53 company,
557 2724 151 51 1931.

182 2795 1928 64 xii p., 1 l., 286 p. col. front., illus. 19½ ᶜᵐ. (Half-title: The Madonna
112 2860 176 50 series)

120 2914 51 53 ©
238 2929 92 28 June
361 2917 69 48 30,
465 2918 110 40 1931;
639 2918 65 41 2c.
738 2919 96 38 and
867 2917 80 41 aff.
983 2918 116 48 July
1132 2918 51 43 1;
1218 2918 41 39 A
1290 2917 172 49 40212;
1499 2918 283 41 Macmillan
1816 2927 65 31 co.

198 2972 281 51 (31-19210)

115 3067 343 68 Michelson,
487 3068 284 57 Herman.

186 3142 209 70 Money
446 3162 150 52 man,
647 3161 30 35 a
728 3145 167 51 novel
944 3143 64 54 of
1059 3163 31 34 a
1140 3145 154 52 bank
1343 3144 149 55 built
1541 3164 72 34 on
1660 3145 331 69 quicksand,
2042 3145 75 71 by

116 3213 1979 85 Herman Michelson. New York, The Vanguard press [ ᶜ1 931]
189 3301 521 51 4 p. l. , 3-282 p. 19½ᶜᵐ.
127 3355 51 53 ©
212 3360 116 47 July
361 3359 69 48 16,
463 3359 111 40 1931;
637 3358 67 44 2c.
737 3360 115 48 July
885 3358 55 42 24;
1004 3360 81 41 aff.
1120 3361 116 48 July
1270 3361 55 39 22;
1389 3362 40 39 A
1463 3361 143 42 39643;
1671 3362 265 49 Vanguard
1969 3372 151 40 press,

197 3415 90 40 inc.
359 3414 278 49 (31-19093)

125 3506 622 71 Müller-Sturmheim,
781 3510 172 57 Emil.

195 3583 284 69 America,
508 3603 82 36 we
618 3587 140 54 need
788 3604 130 52 you,
946 3588 75 68 by
1053 3589 67 52 E.
1152 3587 624 72 Müller-Sturmheim;
1813 3591 309 54 translated

130 3660 150 54 from
314 3662 96 54 the
444 3661 247 56 German
726 3665 76 68 by
838 3662 301 58 Elizabeth
1172 3666 337 69 Houghton.
1586 3668 215 53 Boston
1837 3668 112 54 and
1987 3668 138 53 New

133 3739 175 68 York,
334 3739 321 71 Houghton
683 3742 204 53 Mifflin
915 3759 297 53 company,
1244 3746 150 51 1931.

201 3817 799 58 xix, [1] p., 1 l., 141, [1] p. 21 ᶜᵐ.
135 3871 51 54 ©
222 3878 115 47 July
370 3879 69 48 15,
474 3878 140 49 1931;
651 3879 66 42 2c.
753 3882 94 38 and
884 3881 81 42 aff.
1001 3883 115 47 July
1151 3882 81 46 20;
1273 3883 40 38 A
1348 3881 169 49 39577;
1556 3882 263 50 Houghton
1857 3883 166 41 Mifflin
2059 3892 68 32 co.

215 3933 281 51 (31-19113)
