2505 4370
1096 4008 101 54 807

151 376 226 71 [Grant,
409 376 252 68 Gordon]
696 376 170 55 1875-

211 449 1924 77 The story of the ship … [Springfield, Mass.] McLoughlin
142 528 643 72 brothers, inc. [ ᶜ193 1]
213 608 1453 54 2 p. l. , 3-49 p. incl. col. front., illus. (part col.) 33½ᶜᵐ.
214 667 289 40 Illustrated
535 666 362 50 lining-papers.

214 723 336 41 Illustrations
573 724 60 47 by
659 723 191 42 Gordon
875 724 167 48 Grant,
1067 723 121 41 with
1212 723 293 50 descriptive
1529 726 118 39 text.

153 793 52 54 ©
231 798 110 42 Jan.
364 798 40 46 2,
432 796 112 42 1931;
598 797 68 42 2c.
692 797 114 49 May
831 798 25 38 1;
912 796 82 41 aff.
1022 798 113 47 May
1161 796 55 40 21;
1272 798 42 39 A
1337 796 171 49 38440;
1539 796 316 50 McLoughlin
1884 799 138 47 bros.,
2051 798 92 40 inc.

229 853 280 51 (31-13939)

152 947 261 69 [Greene,
446 949 201 63 Harry
677 948 217 69 Noyes]
931 951 84 53 ed.

278 1024 1867 73 … Uniform laws, annotated. v. 2-A. Commentaries on
147 1104 349 54 conditional
528 1106 157 52 sales.
763 1104 391 70 Supplement,
1192 1106 151 52 1930.
1419 1104 278 55 Contains
1730 1105 78 53 all
1841 1124 122 35 new

148 1102 1973 137 decisions
327 1188 57 48 to
415 1183 152 54 June
600 1187 46 65 1,
680 1184 146 51 1930.
910 1182 358 71 [Northport,
1299 1182 70 54 N.
1401 1182 90 68 Y.]
1527 1182 257 57 Edward
1814 1184 331 68 Thompson

146 1276 280 53 company
472 1263 171 64 [1931]

215 1339 316 50 31 p. 23 ᶜᵐ .
217 1396 296 44 Cover-title.

218 1453 119 41 This
359 1454 249 48 pamphlet
629 1452 43 41 is
697 1455 48 39 to
770 1455 57 39 be
848 1453 139 41 fitted
1012 1453 101 41 into
1139 1453 82 41 the
1245 1453 172 50 pocket
1442 1455 52 40 at
1519 1454 83 40 the
1624 1455 122 41 back
1771 1454 51 42 of
1848 1456 80 41 the
1954 1457 191 40 volume

148 1511 52 40 of
229 1511 82 41 the
341 1513 73 38 set
445 1514 51 37 to
525 1510 158 40 which
714 1509 41 42 it
784 1511 209 48 belongs.

152 1577 51 52 ©
229 1581 114 48 Apr.
368 1580 70 50 23,
465 1580 112 41 1931;
633 1579 68 43 2c.
729 1580 127 42 June
878 1580 57 40 10;
990 1580 82 42 aff.
1099 1581 127 40 June
1251 1580 55 43 13;
1363 1581 41 40 A
1428 1580 143 43 37941;
1631 1583 211 42 Edward
1869 1583 274 48 Thompson

220 1649 66 30 co.

277 1733 1867 75 … Uniform laws, annotated. v. 3-6 … Supplement, 1930.
150 1812 275 57 Contains
470 1812 319 55 additional
834 1812 303 69 adoptions
1180 1814 114 54 and
1339 1815 387 54 amendments
1769 1814 60 55 in
1871 1816 98 53 the
2010 1835 136 51 year

151 1893 152 66 1930,
339 1892 115 52 and
490 1891 79 51 all
603 1908 124 35 new
762 1889 278 55 decisions
1073 1896 59 48 to
1168 1890 154 56 June
1359 1897 48 64 1,
1447 1894 149 50 1930.
1678 1893 359 72 [Northport,
2073 1895 72 53 N.

148 1967 1271 72 Y.] Edward Thompson company, ᶜ193 1.
213 2048 292 41 4 v. 23 ᶜᵐ .
219 2107 156 40 These
403 2105 275 49 pamphlets
707 2114 84 31 are
820 2107 47 37 to
898 2106 59 40 be
984 2105 139 40 fitted
1154 2105 103 42 into
1289 2107 83 39 the
1401 2107 196 48 pockets
1630 2110 52 39 at
1714 2108 82 42 the
1827 2109 121 40 back
1979 2110 52 40 of
2064 2111 82 39 the

150 2163 214 41 volumes
402 2163 53 39 of
492 2163 82 40 the
611 2163 75 39 set
723 2165 48 38 to
811 2161 158 41 which
1008 2162 114 48 they
1160 2163 186 48 belong.

151 2228 51 53 ©
227 2234 113 47 Apr.
363 2232 69 49 23,
456 2231 112 41 1931;
619 2231 68 41 2c.
709 2231 119 42 each
852 2232 126 40 June
1000 2232 56 40 10;
1108 2232 107 42 affs.
1239 2233 127 41 June
1389 2234 55 40 13;
1496 2235 42 39 A
1559 2233 321 44 37942-37945;
1934 2237 212 40 Edward

219 2290 274 48 Thompson
523 2299 66 31 co.

279 2383 1866 76 … Uniform laws, annotated, v. 7. Uniform partnership
148 2467 104 54 act.
331 2462 391 69 Supplement,
770 2465 148 49 1930.
995 2460 277 58 Contains
1317 2464 320 55 additional
1684 2465 303 71 adoptions
2032 2470 114 52 and

150 2540 387 55 amendments
566 2540 61 52 in
655 2539 95 54 the
777 2559 136 49 year
944 2543 151 66 1930,
1124 2542 114 52 and
1269 2542 78 52 all
1372 2561 123 35 new
1525 2543 277 57 decisions
1829 2549 58 49 to
1915 2545 153 55 June
2099 2552 47 65 1,

150 2620 149 52 1930.
380 2617 357 69 [Northport,
770 2617 69 52 N.
872 2617 91 67 Y.]
1002 2617 255 56 Edward
1288 2620 330 68 Thompson
1649 2639 282 55 company
1968 2627 173 65 [1931]

217 2697 338 49 31 p. 23 ᶜᵐ .
218 2754 295 43 Cover-title.

221 2812 118 41 This
361 2811 248 49 pamphlet
632 2810 45 41 is
700 2814 47 39 to
771 2811 57 40 be
852 2811 137 41 fitted
1013 2811 102 42 into
1140 2812 84 41 the
1246 2812 172 51 pocket
1443 2816 51 40 at
1520 2815 84 41 the

1626 2816 123 41 back
1773 2817 51 41 of
1850 2818 81 41 the
1955 2819 189 41 volume

151 2869 52 41 of
242 2870 82 41 the
364 2872 76 38 set
478 2872 48 37 to
569 2868 158 41 which
767 2869 43 41 it
848 2869 208 48 belongs.

153 2923 53 52 ©
231 2927 114 48 Apr.
371 2926 70 48 23,
467 2924 114 42 1931;
634 2924 69 42 2c.
728 2924 127 42 June
879 2925 57 40 10;
989 2925 84 41 aff.
1099 2926 129 41 June
1252 2926 60 42 20;
1362 2929 43 38 A
1430 2928 146 42 40033;
1631 2931 213 41 Edward
1871 2932 275 49 Thompson

224 2994 66 32 co.

149 3074 242 65 Greene,
422 3075 148 65 Kell,
606 3080 171 52 1892-

213 3152 121 52 The
365 3151 127 69 golf
521 3151 181 68 swing
729 3151 63 54 of
820 3152 200 71 Bobby
1050 3154 189 69 Jones,
1270 3174 72 35 an
1372 3156 248 70 analysis
1651 3157 63 53 of
1743 3157 89 55 his
1862 3159 176 69 drive,
2067 3160 76 71 by

145 3226 1571 76 Kell Greene … Chicago, The Dixon press, 1931.
218 3308 1337 53 5 p. l. , 15-76 p., 2 l. front. (2 port.) illus. 18 ᶜᵐ .
157 3362 51 54 ©
239 3369 113 47 May
381 3368 70 48 22,
483 3368 111 41 1931;
654 3367 68 42 2c.
753 3370 114 47 May
897 3370 56 40 27;
1012 3370 84 40 aff.
1127 3371 113 48 May
1269 3370 57 42 25;
1386 3372 42 39 A
1457 3373 145 41 38470;
1663 3373 160 43 Dixon
1855 3387 148 38 press.

233 3424 281 50 (31-14158)

153 3515 314 68 Grotjahn,
498 3518 229 65 Alfred,
762 3525 171 51 1869-

218 3598 177 62 Ärzte
431 3608 83 53 als
547 3608 319 68 patienten;
904 3609 318 69 subjektive
1254 3612 619 71 krankengeschichten
1907 3617 59 53 in
150 3616 1974 119 ärztlichen

367 3679 1712 79 selbstschilderungen, von prof. dr. med. A. Grotjahn …
151 3754 253 70 Leipzig,
434 3756 68 55 G.
533 3757 250 69 Thieme,
815 3764 147 49 1929.

221 3835 620 52 viii, 274 p., 1 l. 23½ᶜᵐ.
159 3887 1931 66 © Sept. 10, 1929; 1c. Feb. 13, 1931; A—Foreign 11501; Georg Thieme.
239 3948 279 51 (31-13334)
