2505 4370
1350 4043 134 50 1002

391 384 200 54 North
619 384 255 54 Dakota.
950 387 167 53 Laws
1124 432 10 24 ,
1161 392 259 65 statutes,
1447 392 102 48 etc.

463 465 167 54 Laws
663 465 203 68 passed
900 471 57 47 at
987 465 97 52 the
1114 465 451 69 twenty-second
1595 463 212 54 session
1837 464 64 54 of
1932 465 96 52 the
2057 463 351 70 Legislative

396 543 282 71 assembly
706 543 64 54 of
797 543 96 53 the
920 546 146 52 state
1095 543 63 54 of
1185 543 188 54 North
1400 541 250 71 Dakota,
1673 542 189 70 begun
1891 543 112 54 and
2031 542 135 55 held
2196 548 59 48 at
394 542 1989 149 Bismarck,

646 622 97 53 the
780 622 215 67 capital
1035 622 65 51 of
1137 620 125 55 said
1300 626 162 64 state,
1502 640 72 35 on
1612 622 283 68 Tuesday,
1934 621 266 70 January
2236 621 173 69 sixth,

397 703 153 65 1931,
587 701 113 52 and
737 699 345 68 concluding
1114 699 240 70 Friday,
1391 700 203 53 March
1631 698 173 71 sixth,
1841 702 150 50 1931.
2075 699 336 68 [Bismarck,

394 777 1048 68 N. D.] Bismarck tribune [ ᶜ1 931 ]
534 858 416 49 xv, 636 p. 23½ ᶜᵐ .
401 926 52 52 ©
492 930 116 48 July
645 929 69 48 20,
752 928 114 41 1931;
934 929 68 40 2c.
1041 928 116 49 July
1195 928 55 41 23;
1320 928 82 41 aff.
1442 929 116 47 July
1595 928 55 39 22;
1719 929 42 39 A
1797 927 146 42 39647;
2011 929 186 40 Robert
2234 930 175 47 Byrne,

470 990 249 45 secretary
747 986 51 40 of
824 988 143 46 state,
997 986 52 39 of
1077 985 85 41 the
1188 989 133 37 state
1346 986 53 40 of
1427 986 57 41 N.
1514 986 72 46 D.,
1617 985 271 50 Bismarck,
1919 986 56 40 N.
2007 986 56 41 D.

395 1078 253 68 Owsley,
683 1080 201 53 Frank
915 1080 338 65 Lawrence,
1287 1085 172 50 1890-

465 1158 164 69 King
671 1158 212 56 Cotton
925 1158 357 68 diplomacy;
1329 1155 230 71 foreign
1600 1157 272 54 relations
1915 1158 64 53 of
2019 1158 98 53 the
395 1158 1988 132 Confederate

395 1236 1987 148 States of America, by Frank Lawrence Owsley … Chicago,
588 1312 1470 73 Ill., The University of Chicago press [ ᶜ1 931 ]
466 1396 435 49 xi, 617 p. 23 ᶜᵐ .
468 1453 352 49 Bibliography
838 1464 10 30 :
879 1464 44 38 p.
954 1452 220 43 579-591.

402 1521 53 52 ©
488 1524 129 41 June
645 1523 39 49 9,
716 1523 142 49 1931;
891 1525 68 41 2c.
991 1526 95 38 and
1119 1524 81 40 aff.
1234 1524 128 41 June
1393 1525 83 43 25;
1511 1525 39 38 A
1579 1523 173 49 39096;
1788 1524 285 49 University
2105 1524 52 41 of
2189 1523 226 49 Chicago.

473 1582 224 49 Chicago.
770 1581 282 49 (31-16342)

394 1676 181 66 Page,
610 1676 210 68 Leigh,
860 1682 173 55 1884-

467 1755 324 68 Principles
824 1754 66 53 of
924 1754 345 70 electricity;
1308 1774 72 34 an
1415 1755 400 53 intermediate
1848 1759 121 49 text
2003 1755 62 53 in
2102 1754 313 71 electricity

396 1833 2020 70 and magnetism, by Leigh Page … and Norman Ilsley Adams,
395 1911 1879 71 jr. … New York, D. Van Nostrand company, inc., 1931.
469 1994 1843 51 xii, 620 p. illus., diagrs. 22½ ᶜᵐ . (Half-title: University physics
398 2007 2003 94 series)

406 2122 53 52 ©
491 2126 126 40 June
645 2126 41 46 4,
718 2124 141 47 1931;
893 2124 65 40 2c.
994 2125 125 40 June
1151 2124 82 46 25;
1270 2124 82 41 aff.
1386 2124 128 41 June
1542 2123 84 47 26;
1660 2124 42 40 A
1732 2124 172 48 40118;
1940 2125 57 41 D.
2029 2125 108 41 Van
2169 2125 250 40 Nostrand

475 2193 82 38 co.,
585 2183 92 40 inc.
748 2182 283 49 (31-16576)

399 2276 178 67 Park,
609 2276 248 56 Charles
883 2276 267 65 Francis,
1183 2282 173 50 1869-

469 2355 56 52 A
576 2355 223 69 history
851 2353 66 53 of
964 2356 97 51 the
1111 2353 219 54 Lowell
1380 2353 265 55 institute
1696 2355 209 67 school,
1960 2357 329 66 1903-1928,
2342 2354 75 71 by

401 2431 2017 71 Charles F. Park … Cambridge, Mass., Harvard university
399 2529 178 52 press,
611 2513 152 50 1931.

470 2590 1748 52 8 p. l., [3]-192 p. front., plates, ports., facsims., diagrs. 21ᶜᵐ.
409 2659 55 53 ©
500 2665 115 47 May
651 2663 69 48 20,
760 2663 141 47 1931;
941 2664 67 40 2c.
1048 2665 115 46 May
1199 2663 84 47 25;
1325 2664 82 41 aff.
1447 2664 127 40 June
1612 2663 82 49 12;
1736 2665 41 39 A
1814 2663 172 49 38790;
2027 2665 258 40 President
2325 2667 95 38 and

477 2721 192 40 fellows
697 2721 52 40 of
776 2721 233 40 Harvard
1038 2722 191 47 college,
1260 2721 303 49 Cambridge,
1594 2721 147 42 Mass.
1810 2722 284 50 (31-16250)

404 2815 220 66 Pavey,
656 2816 66 56 L.
752 2816 73 56 A.

475 2894 110 53 Mr.
628 2895 160 68 Line,
828 2894 77 69 by
943 2896 64 51 L.
1049 2895 72 54 A.
1163 2896 212 68 Pavey.
1451 2896 141 53 New
1632 2897 181 68 York,
1853 2898 71 53 D.
1966 2896 298 69 Appleton
2305 2897 111 52 and

404 2991 299 50 company,
736 2976 150 50 1931.

478 3030 790 74 viii p., 1 l., 301, [1] p. 19½ ᶜᵐ .
412 3122 53 52 ©
499 3126 127 40 June
656 3125 69 49 26,
758 3125 114 42 1931;
934 3126 67 41 2c.
1034 3128 95 39 and
1163 3127 82 41 aff.
1279 3128 128 40 June
1437 3126 55 41 29;
1555 3128 40 39 A
1626 3127 147 41 40162;
1835 3128 58 42 D.
1926 3128 241 49 Appleton
2201 3128 36 40 &
2269 3139 68 30 co.

492 3184 282 49 (31-16338)

405 3276 321 67 Peckham,
756 3280 133 63 Ray
917 3280 216 64 Morse,
1169 3281 172 54 1876-

478 3353 1881 74 Squints and heterophorias … by Ray Morse-Peckham …
410 3436 328 69 Rochester,
767 3436 68 53 N.
867 3436 70 53 Y.
976 3436 260 67 [Printed
1267 3438 76 70 by
1373 3436 62 56 C.
1466 3436 69 56 G.
1565 3438 242 70 Lyman,
1836 3439 125 66 inc.]
1999 3442 152 49 1931.

482 3516 581 49 368 p. diagrs. 24 ᶜᵐ .
479 3572 227 41 Includes
736 3573 137 40 ruled
902 3572 124 41 lines
1055 3573 80 40 for
1164 3572 222 44 “Notes”.

480 3627 293 43 “Collateral
805 3628 231 49 reading”;
1095 3639 43 32 v.
1167 3629 39 48 1,
1235 3639 45 38 p.
1309 3629 218 44 358-359.

416 3682 53 52 ©
503 3687 123 41 Mar.
660 3687 68 47 24,
763 3685 111 41 1931;
940 3687 65 40 2c.
1043 3688 113 47 May
1189 3688 83 46 27;
1307 3687 84 42 aff.
1425 3689 115 47 May
1572 3686 82 49 29;
1692 3689 41 38 A
1764 3688 172 48 38566;
1974 3688 56 42 R.
2067 3690 62 38 M.
2167 3688 255 43 Peckham.

487 3743 278 41 Rochester.
800 3744 55 39 N.
890 3745 52 38 Y.
1015 3744 281 48 (31-16351)

412 3838 228 65 Pedler,
669 3839 329 64 Margaret.

484 3915 256 56 Kindled
778 3917 180 54 flame.
1059 3922 30 49 [3
1126 3918 378 54 instalments.
1581 3918 361 69 Conclusion]
