2428 4370
1005 3967 134 54 1725

73 344 251 65 Simson,
356 343 255 55 William
643 345 325 63 Raymond,
1005 346 170 53 1872-
1386 347 84 52 ed.

145 423 268 53 Bender’s
459 423 384 53 consolidated
890 426 285 65 statutory
1217 422 189 70 index,
1453 421 295 69 covering:
1792 423 275 66 complete

75 506 285 62 statutory
399 505 207 63 system
647 500 64 51 of
749 500 228 68 general
1017 499 353 68 application
1409 500 60 52 in
1508 501 94 51 the
1643 503 145 50 state
1826 498 64 53 of
1929 499 138 53 New

79 579 176 57 York,
296 578 405 55 Consolidated
739 579 154 66 laws,
930 579 229 67 general
1196 577 383 69 independent
1617 581 255 64 statutes,

76 597 1969 126 practice acts. Criminal code, rules, etc. … by William R. Simson …
119 731 1950 70 v. 2-4 … Albany, N. Y., and New York, N. Y., Matthew
74 812 224 51 Bender
325 812 44 50 &
395 828 296 50 company,
718 808 416 68 incorporated,
1166 812 149 49 1931.

141 890 219 41 3 V. 26 ᶜᵐ.
148 946 132 40 First
311 946 181 40 edition
525 945 255 49 published
811 944 115 41 1927
956 946 154 38 under
1142 945 134 40 title:
1312 945 230 40 Bender’s
1576 946 145 39 index
1755 949 48 37 to
1838 946 81 40 the
1952 947 117 39 New

74 1002 847 42 York Consolidated laws … etc.
486 1067 44 31 CONTENTS.—v.
572 1057 41 40 2.
654 1056 411 48 Diary-Juvenile
1106 1057 424 47 delinquents.—v.
1573 1055 42 42 3.
1656 1058 234 47 Kayutah
76 1058 1994 104 lake-Quorum.—v.

440 1112 42 41 4.
515 1114 432 47 Rabbits-Zoning.

80 1180 50 52 ©
157 1186 117 39 Nov.
300 1185 69 47 11,
395 1184 112 40 1931;
562 1184 66 40 2c.
656 1184 118 40 each
799 1186 94 38 and
920 1183 82 40 aff.
1029 1185 117 38 Nov.
1174 1183 81 48 12;
1284 1184 41 38 A
1350 1183 145 40 44748;
1553 1184 238 40 Matthew
1817 1184 188 40 Bender
2033 1185 36 40 &

144 1252 80 35 co.,
255 1241 91 41 inc.

77 1334 314 64 Snedeker,
419 1336 137 52 Mrs.
587 1333 266 56 Caroline
883 1334 144 52 Dale
1065 1333 252 66 (Parke)
1357 1338 168 49 1871-

148 1412 122 52 The
299 1416 150 47 town
484 1411 63 52 of
578 1411 94 53 the
708 1410 250 67 fearless,
990 1411 73 68 by
1099 1410 265 54 Caroline
1398 1410 144 53 Dale
1580 1408 313 56 Snedeker:
1931 1410 137 53 with

79 1488 264 68 pictorial
375 1489 358 67 supplement
765 1488 111 53 and
910 1488 378 53 illustrations
1320 1488 74 69 by

1426 1488 285 69 Manning
1742 1488 67 53 de
1841 1489 70 53 Y.
1945 1490 125 51 Lee.

78 1566 232 55 Garden
340 1565 151 68 City,
521 1566 68 53 N.
623 1567 90 65 Y.,
743 1566 354 68 Doubleday,
1128 1566 197 52 Doran
1357 1569 43 48 &
1432 1584 297 50 company,
1762 1566 125 58 inc.,
1921 1570 146 49 1931.

145 1648 95 47 xiv,
269 1648 98 42 351.
401 1648 53 49 [6]
485 1659 43 36 p.
582 1649 88 40 col.
697 1648 164 47 front.,
889 1648 143 49 iilus.,
1062 1650 171 46 plates,
1263 1652 149 45 ports.
1470 1648 145 40 21½ᶜᵐ.

147 1704 288 42 Illustrated
475 1704 359 50 lining-papers.

145 1761 162 41 “First
339 1761 226 41 edition.”

145 1817 374 49 Bibliography:
573 1818 41 50 [6]
647 1829 44 37 p.
727 1821 52 38 at
811 1820 105 40 end.

81 1883 1972 59 © Oct. 15, 1931; 2c. and aff. Oct. 30; A 43713; C . D. Snedeker, North
148 1948 209 45 ampton,
387 1947 144 38 Mass.
604 1945 277 49 (31-31203)

78 2038 295 54 Southern
401 2042 287 61 reporter.

147 2118 352 69 Temporary
537 2118 285 55 Southern
854 2126 257 61 reporter
1144 2120 186 70 digest
1363 2123 64 51 of
1459 2124 251 51 volumes
1745 2127 98 49 131
1878 2128 57 49 to
1974 2128 98 49 135

81 2194 282 55 Southern
388 2201 272 64 reporter,
684 2197 76 70 by
783 2198 95 51 the
902 2197 266 54 editorial
1192 2197 135 55 staff
1350 2200 64 52 of
1437 2201 96 53 the
1556 2200 306 54 American
1888 2202 188 69 digest

76 2273 1497 72 system … St. Paul, West publishing co., 1931.
143 2352 338 48 322 p. 25 ᶜᵐ .
83 2418 50 52 ©
163 2423 101 40 Oct.
293 2424 67 47 14,
390 2423 112 41 1931;
559 2425 67 41 2c.
656 2425 95 39 and
779 2424 80 40 aff.
889 2426 119 40 Nov.
1038 2426 55 38 12;
1152 2426 81 40 aff.
1264 2427 117 40 Nov.
1412 2428 53 39 13;
1526 2428 42 39 A
1594 2427 147 42 43984;
1799 2430 134 40 West
1963 2430 109 48 pub.

149 2490 67 31 co.

85 2571 375 69 [Southwold,
490 2573 279 69 Stephen]
805 2577 169 53 1887-

145 2649 133 54 Life
307 2652 112 51 and
447 2652 252 52 Andrew
730 2652 224 68 Otway,
981 2654 74 67 by
1086 2654 129 53 Neil
1246 2654 126 53 Bell
1432 2656 173 67 pseud…
1814 2659 256 55 London.

75 2728 70 53 Y.
175 2728 289 66 Gollancz,
493 2729 121 57 ltd.,
645 2733 147 51 1931.

145 2808 333 50 495 p. 20 ᶜᵐ .
83 2862 1988 60 © 1c. Oct. 23, 1931; A ad int. 15594; pubd. Aug. 31; S. Southwold,
150 2923 311 48 Georgeham,
493 2925 155 40 North
680 2926 179 47 Devon,
892 2927 235 47 England.
1198 2928 281 50 (31-31529)

79 3016 300 65 Stedman,
410 3018 256 53 Thomas
697 3020 283 64 Lathrop,
1014 3027 169 48 1853-

144 3092 121 54 The
307 3094 210 53 nurse’s
560 3093 239 54 medical
841 3096 236 69 lexicon,
1122 3096 92 52 for
1257 3098 93 54 the
1396 3117 93 35 use
1533 3098 63 55 of
1638 3100 278 66 graduate
1960 3102 109 51 and

74 3168 227 55 student
335 3187 211 41 nurses,
580 3172 62 51 of
676 3171 341 68 premedical
1053 3174 111 51 and
1200 3174 192 55 dental
1424 3175 273 67 students,
1734 3178 111 53 and
1880 3177 63 53 of
1977 3179 93 54 the

74 3246 1997 76 general public, by Thomas Lathrop Stedman … New York,
77 3320 82 53 W.
189 3323 183 53 Wood
401 3324 110 52 and
541 3342 292 53 company,
864 3329 149 50 1931.

142 3405 562 49 4 p. l. , 629 p. 20½ ᶜᵐ .
85 3456 50 52 ©
161 3462 100 41 Oct.
285 3462 68 48 24,
379 3462 112 41 1931;
545 3464 66 39 2c.
637 3465 94 39 and
757 3464 78 40 aff.
864 3465 102 40 Oct.
990 3465 56 40 27;
1099 3466 41 38 A
1163 3467 144 40 43523;
1363 3468 216 39 William
1605 3470 150 40 Wood
1782 3471 36 40 &
1842 3482 66 29 co.

161 3517 277 48 (31-31431)

82 3610 208 64 Steele,
318 3612 104 53 Joel
472 3613 280 64 Dorman,
783 3620 322 51 1836-1886.

145 3686 261 56 Barnes’s
430 3689 184 52 school
642 3689 217 67 history
883 3691 64 53 of
971 3693 94 52 the
1090 3692 213 55 United
1332 3693 205 68 States,
1563 3695 73 69 by
1662 3695 127 54 Joel
1814 3696 254 55 Dorman

79 3761 1987 67 Steele … and Esther Baker Steele … Rev. and enl. New
81 3839 1728 81 York, Cincinnati [etc.] American book company [ ᶜ193 1]
