2505 4370
1219 4034 103 49 382

313 455 173 54 Funk
518 458 51 51 &
603 456 306 70 Wagnalls
940 475 124 35 new
1101 456 297 56 Standard
1431 457 326 71 dictionary
1793 457 64 55 of
1888 459 97 53 the
2020 458 246 70 English

313 534 1935 149 language by Frank H. Vizetelly … New York and London,
473 613 173 54 Funk
671 616 46 52 &
740 614 305 69 Wagnalls
1070 632 304 52 company,
1403 618 151 51 1931.

314 696 1170 51 2 p. l., iii-xxvi, 1309 p. illus., diagrs. 24 ᶜᵐ.
251 751 49 53 ©
337 756 113 41 Feb.
484 756 71 49 23,
590 755 143 48 1931;
768 755 69 42 2c.
872 757 97 39 and
1005 756 82 40 aff.
1124 757 123 39 Mar.
1285 756 25 40 6;
1376 757 41 38 A
1452 756 172 48 34643;
1664 757 143 40 Funk
1842 757 38 41 &
1914 758 255 47 Wagnalls
2206 768 67 32 co.

321 809 69 54 [©
420 814 199 48 general
650 813 228 50 revision]
953 813 252 48 (31-6737)

244 893 207 55 Public
474 897 244 53 utilities
746 902 243 64 reports,
1014 896 338 69 containing
1377 897 279 54 decisions
1683 896 65 54 of
1772 899 96 52 the
1892 898 207 53 Public

312 916 1940 113 service
443 976 392 54 commissions
883 976 114 53 and
1044 975 65 54 of
1155 979 146 50 state
1348 977 113 52 and
1511 974 223 55 federal
1780 981 205 48 courts.
2065 977 207 52 1980E.

314 1054 208 71 Henry
549 1054 61 55 C.
640 1054 204 69 Spurr,
869 1054 202 53 editor.
1149 1054 329 70 Rochester,
1502 1055 68 51 N.
1599 1055 69 52 Y.
1696 1055 205 54 Public
1925 1053 244 56 utilities
315 1074 1937 128 reports
509 1134 107 52 inc.
655 1167 13 34 [
695 1136 134 50 ᶜ1931]

315 1213 463 50 xxix, 571 p. 25 ᶜᵐ.
249 1267 53 53 ©
332 1271 113 43 Feb.
473 1271 71 50 26,
574 1272 113 40 1931;
746 1271 69 42 2c.
845 1273 96 39 and
971 1271 83 42 aff.
1085 1273 123 40 Mar.
1237 1272 57 40 27;
1353 1273 40 38 A
1422 1272 145 41 35473;
1628 1272 171 41 Public
1829 1272 211 41 utilities
2070 1275 205 45 reports,

319 1329 93 42 inc.

243 1410 260 66 Purnell,
534 1411 201 55 Idella.

314 1487 182 54 Little
530 1487 215 69 Yusuf,
775 1488 98 53 the
905 1493 160 65 story
1097 1489 67 52 of
1196 1507 32 35 a
1264 1488 211 71 Syrian
1510 1489 130 70 boy,
1672 1489 76 69 by
1781 1488 189 54 Idella
2002 1488 240 54 Purnell:

244 1566 331 55 illustrated
609 1566 76 70 by
719 1567 197 55 James
951 1567 65 54 L.
1051 1566 333 72 McCreery.
1461 1568 140 53 New
1637 1567 182 70 York,
1854 1568 123 53 The
245 1567 2006 132 Macmillan
369 1662 303 53 company,
700 1648 135 51 1931.

319 1730 1694 49 7 p. l., 121 p. incl. front., illus., plates, double col. pl. 22½ ᶜᵐ.
251 1785 53 52 ©
340 1790 124 40 Mar.
499 1788 70 45 10,
606 1787 141 43 1931;
785 1788 67 40 2c.
890 1790 96 38 and
1022 1789 82 41 aff.
1142 1790 124 39 Mar.
1302 1790 82 46 11;
1422 1789 42 39 A
1499 1788 173 48 34739;
1712 1789 284 40 Macmillan
2033 1800 69 30 co.

330 1845 254 51 (31-6490)

245 1911 1194 74 Rav ī ndran ā tha Th ā kura, Sir, 1861-
380 1990 1896 70 … The religion of man … New York, The Macmillan
247 2086 302 53 company,
581 2071 153 51 1931.

317 2151 1778 50 244 p. front. (port.) 20½ᶜᵐ. (The Hibbert lectures for 1930)
320 2211 64 39 At
408 2211 127 39 head
560 2210 53 40 of
637 2209 109 41 title:
801 2209 381 41 Rabindranath
1207 2209 205 49 Tagore.

322 2267 290 41 “Delivered
653 2266 50 40 in
744 2267 205 48 Oxford,
990 2268 53 40 at
1084 2267 315 40 Manchester
1438 2267 194 48 college,
1672 2266 181 50 during
1891 2267 83 41 the
2013 2268 173 40 month
2225 2266 54 42 of

250 2326 114 47 May
391 2323 358 44 1930.”—Pref.

253 2379 53 53 ©
336 2384 112 40 Feb.
477 2382 70 42 24.
576 2381 114 42 1931;
750 2382 69 41 2c.
849 2383 95 39 and
975 2381 82 42 aff.
1088 2382 112 41 Feb.
1229 2381 57 40 25;
1346 2382 41 38 A
1415 2382 145 40 34515;
1621 2381 285 40 Macmillan
1937 2392 68 29 co.

333 2440 254 50 (31-6500)

250 2508 332 64 Raymond,
613 2507 273 55 Eleanor.

321 2584 183 69 Early
545 2583 275 55 domestic
862 2584 380 54 architecture
1284 2583 65 53 of
1389 2583 449 68 Pennsylvania,
1880 2582 399 70 photographs

248 2663 115 54 and
401 2663 300 53 measured
740 2661 295 71 drawings
1072 2661 77 70 by
1188 2662 252 53 Eleanor
1482 2662 322 69 Raymond,
1843 2680 52 35 a.
1934 2680 36 34 i.
2010 2680 83 45 a.;
2136 2661 142 53 with

250 2759 75 36 an
361 2740 398 55 introduction
794 2741 77 69 by
910 2741 69 53 R.
1020 2741 310 69 Brognard
1369 2740 164 56 Okie.
1611 2740 140 54 New
1789 2739 181 73 York,
2007 2741 92 54 W.
249 2740 2004 135 Helburn
426 2819 128 72 inc.,
586 2823 153 51 1931.

323 2904 963 48 11 l. front., 158 pl. on 80 l. 33ᶜᵐ.
325 2963 131 39 “The
497 2961 186 41 edition
726 2961 52 40 of
818 2960 101 42 this
960 2961 123 40 book
1126 2961 41 39 is
1209 2960 191 41 limited
1443 2963 48 38 to
1531 2962 167 39 eleven
1742 2961 222 40 hundred
2007 2962 177 48 copies,
2227 2962 53 40 of

252 3019 161 41 which
442 3019 101 41 this
569 3019 44 41 is
639 3019 205 39 number
870 3018 130 41 103.”

258 3073 53 53 ©
345 3078 113 41 Feb.
492 3077 69 48 27,
597 3075 114 42 1931;
774 3077 69 40 2c.
878 3077 96 39 and
1009 3075 82 41 aff.
1126 3077 123 40 Mar.
1285 3076 26 38 2;
1375 3076 41 38 A
1450 3075 145 41 34576;
1660 3075 219 41 William
1915 3076 237 43 Helburn,
2189 3076 90 39 inc.

336 3134 254 50 (31-6729)

278 3201 280 65 [Regnier,
599 3203 170 52 Mme.
810 3200 191 53 Marie
1042 3199 217 54 Louise
1302 3199 353 56 Antoinette
1706 3201 100 64 (de
1848 3199 291 64 Herédia)
2190 3200 86 66 de,

328 3280 175 55 1875-

386 3352 1887 71 … Les rêves de Rikiki; dessins de Tigre. Paris, Plon [1930]
324 3436 1233 52 2 p. l., 66 p.,1 1. illus., col. plates. 22 ½ × 27 ½ ᶜᵐ.
325 3496 234 41 Author’s
582 3495 181 49 pseud.,
794 3495 188 41 Gérard
1010 3493 293 47 d’Houville,
1333 3497 52 38 at
1413 3496 124 40 head
1567 3495 53 41 of
1646 3494 121 43 title.

261 3551 2019 52 © Nov. 17, 1930; 1c. Jan. 13, 1931; A—Foreign 10356: Librairie Plon.
338 3612 255 49 (31-6400)

258 3675 311 66 Richman,
601 3676 207 65 Irving
839 3674 275 64 Berdine,
1150 3681 172 50 1861-

328 3752 118 52 low
453 3771 71 52 ay
564 3759 60 47 to
665 3753 174 66 Iowa,
880 3752 96 55 the
1016 3752 221 69 genesis
1279 3751 65 53 of
1383 3771 31 34 a
1455 3770 135 35 corn
1633 3751 114 54 and
1787 3752 167 56 Bible
258 3770 1996 125 commonwealth,
531 3830 73 70 by
655 3829 207 70 Irving
910 3828 249 55 Berdine
1208 3828 299 54 Richman.
1598 3830 153 53 Iowa
1804 3830 154 70 City,
2006 3830 104 68 la.,
2157 3830 121 53 The

257 3906 162 56 State
447 3907 293 54 historical
768 3907 213 72 society
1010 3907 66 53 of
1104 3909 175 69 Iowa,
1313 3910 151 54 1931.
