<alto xmlns="http://www.loc.gov/standards/alto/ns-v3#" xmlns:xlink="http://www.w3.org/1999/xlink" xmlns:xsi="http://www.w3.org/2001/XMLSchema-instance" xsi:schemaLocation="http://www.loc.gov/standards/alto/ns-v3# http://www.loc.gov/alto/v3/alto-3-0.xsd"><Description>
<MeasurementUnit>pixel</MeasurementUnit>
<sourceImageInformation>
<fileName>1931_v28_Part001.pdf</fileName>
</sourceImageInformation>
<OCRProcessing ID="IdOcr">
<ocrProcessingStep>
<processingDateTime>2019-04-22</processingDateTime>
<processingSoftware>
<softwareCreator>ABBYY</softwareCreator>
<softwareName>ABBYY Recognition Server</softwareName>
<softwareVersion>4.0</softwareVersion>
</processingSoftware>
</ocrProcessingStep>
</OCRProcessing>
</Description>
<Styles>
<ParagraphStyle ID="StyleId-FFFFFFFF-FFFF-FFFF-FFFF-FFFFFFFFFFFF-" ALIGN="Left" LEFT="0." RIGHT="0." FIRSTLINE="0."/>
<ParagraphStyle ID="StyleId-204B5AEB-67A1-44E2-A013-34B3A0F3E0EA-" ALIGN="Right" LEFT="0." RIGHT="0." FIRSTLINE="0." LINESPACE="8.300000191"/>
<ParagraphStyle ID="StyleId-03245871-796C-4429-B3C7-F9019C8C5B89-" ALIGN="Left" LEFT="0." RIGHT="0." FIRSTLINE="0." LINESPACE="12.19999981"/>
<ParagraphStyle ID="StyleId-BDCA8811-25FF-44DB-8D6F-2072A4ABC070-" ALIGN="Center" LEFT="0." RIGHT="0." FIRSTLINE="0." LINESPACE="12.19999981"/>
<ParagraphStyle ID="StyleId-2C5B7DF0-AF87-455E-B9A8-6FE387CB59BD-" ALIGN="Left" LEFT="0." RIGHT="0." FIRSTLINE="-13." LINESPACE="8.479999542"/>
<ParagraphStyle ID="StyleId-9FB72FA1-55D5-4161-8333-823D5732F4D0-" ALIGN="Block" LEFT="0." RIGHT="0." FIRSTLINE="-14." LINESPACE="10."/>
<ParagraphStyle ID="StyleId-212AEB8C-A829-4BF1-8E45-5BFE386A469C-" ALIGN="Block" LEFT="0." RIGHT="0." FIRSTLINE="-14." LINESPACE="11.35000038"/>
<ParagraphStyle ID="StyleId-4EC79CC1-EA62-49CE-ABB6-D84DDFCF4C7D-" ALIGN="Block" LEFT="0." RIGHT="0." FIRSTLINE="-10." LINESPACE="12.19999981"/>
<ParagraphStyle ID="StyleId-DAF2E8EE-6444-4951-9284-36A6C020C887-" ALIGN="Left" LEFT="0." RIGHT="0." FIRSTLINE="0." LINESPACE="9.399999619"/>
<ParagraphStyle ID="StyleId-25241749-1672-4977-B19F-38F59800D6D8-" ALIGN="Left" LEFT="0." RIGHT="0." FIRSTLINE="0." LINESPACE="11.10000038"/>
<ParagraphStyle ID="StyleId-8C523E19-EDEF-4F23-B010-536E1A1AAE1A-" ALIGN="Left" LEFT="0." RIGHT="0." FIRSTLINE="-13." LINESPACE="12.19999981"/>
<ParagraphStyle ID="StyleId-A1F9DE9E-2625-4D8B-AD7E-F0A0034C2989-" ALIGN="Block" LEFT="0." RIGHT="0." FIRSTLINE="0." LINESPACE="12.19999981"/>
<ParagraphStyle ID="StyleId-5725BB01-2B1C-440F-BAF2-696C4F4DF162-" ALIGN="Block" LEFT="0." RIGHT="0." FIRSTLINE="13." LINESPACE="12.19999981"/>
<ParagraphStyle ID="StyleId-F10A2092-61AA-44FD-99C2-123B3A8051CF-" ALIGN="Left" LEFT="0." RIGHT="0." FIRSTLINE="0." LINESPACE="5.5"/>
<ParagraphStyle ID="StyleId-B3CDC8CC-D2E1-4A23-B67C-CDD40993D1DD-" ALIGN="Left" LEFT="0." RIGHT="0." FIRSTLINE="0." LINESPACE="10."/>
<ParagraphStyle ID="StyleId-871EBF53-D909-4C8F-B368-AC7D897344DD-" ALIGN="Left" LEFT="0." RIGHT="0." FIRSTLINE="0."/>
<ParagraphStyle ID="StyleId-C4129744-680B-4878-B2C4-44BA3742C8D7-" ALIGN="Block" LEFT="0." RIGHT="0." FIRSTLINE="-14." LINESPACE="11.35000038"/>
<ParagraphStyle ID="StyleId-9CE98075-0B04-43D4-88D8-CE3BAB51B419-" ALIGN="Block" LEFT="0." RIGHT="0." FIRSTLINE="-10." LINESPACE="12.19999981"/>
<ParagraphStyle ID="StyleId-B2CFB7B3-DFFA-4E0E-94D6-C2BCE88DA9A9-" ALIGN="Left" LEFT="0." RIGHT="0." FIRSTLINE="0." LINESPACE="12.5"/>
<ParagraphStyle ID="StyleId-8D3352F3-1084-4DDE-A35D-B97102CCE686-" ALIGN="Left" LEFT="0." RIGHT="0." FIRSTLINE="0." LINESPACE="11.60000038"/>
<ParagraphStyle ID="StyleId-4A8DDA0D-166D-4E22-A597-BA51B892602D-" ALIGN="Block" LEFT="0." RIGHT="0." FIRSTLINE="0." LINESPACE="11.21000004"/>
<ParagraphStyle ID="StyleId-90EA4001-AA3C-45A1-AEDC-D1E1169EE5E5-" ALIGN="Block" LEFT="0." RIGHT="0." FIRSTLINE="13." LINESPACE="12.19999981"/>
</Styles>
<Layout>
<Page ID="Page1666" PHYSICAL_IMG_NR="1666" HEIGHT="4370" WIDTH="2428">
<TopMargin HEIGHT="390" WIDTH="2428" VPOS="0" HPOS="0">
</TopMargin>
<LeftMargin HEIGHT="3857" WIDTH="300" VPOS="390" HPOS="0">
</LeftMargin>
<RightMargin HEIGHT="3857" WIDTH="66" VPOS="390" HPOS="2362">
</RightMargin>
<BottomMargin HEIGHT="123" WIDTH="2428" VPOS="4247" HPOS="0">
</BottomMargin>
<PrintSpace HEIGHT="3857" WIDTH="2062" VPOS="390" HPOS="300">
<TextBlock ID="Page1666_Block1" HEIGHT="207" WIDTH="540" VPOS="4040" HPOS="1125" LANG="en-US" STYLEREFS="StyleId-9574822A-64CD-44B3-9046-34CE4C069B44-">
<TextLine HEIGHT="55" WIDTH="135" VPOS="4062" HPOS="1277">
<String CONTENT="1666" HEIGHT="55" WIDTH="135" VPOS="4062" HPOS="1277"/>
</TextLine>
</TextBlock>
<TextBlock ID="Page1666_Block2" HEIGHT="3677" WIDTH="2062" VPOS="390" HPOS="300" LANG="en-US" CS="1" STYLEREFS="StyleId-78D1031B-8E75-457D-867C-D166C2F4685C-">
<TextLine HEIGHT="65" WIDTH="957" VPOS="400" HPOS="311" STYLEREFS="StyleId-E49FF14A-C274-4370-A8BB-9E5E7954BB60-">
<String CONTENT="Bierce," HEIGHT="65" WIDTH="226" VPOS="400" HPOS="311"/>
<SP HEIGHT="64" WIDTH="32" VPOS="401" HPOS="538"/>
<String CONTENT="Ambrose," HEIGHT="64" WIDTH="313" VPOS="400" HPOS="571"/>
<SP HEIGHT="58" WIDTH="35" VPOS="406" HPOS="885"/>
<String CONTENT="1842-1914?" HEIGHT="55" WIDTH="347" VPOS="400" HPOS="921"/>
</TextLine>
<TextLine HEIGHT="72" WIDTH="1945" VPOS="477" HPOS="385" STYLEREFS="StyleId-8A0F567B-E2D0-448E-8954-5A2AFE613ACD-">
<String CONTENT="Battlefields" HEIGHT="54" WIDTH="363" VPOS="479" HPOS="385"/>
<SP HEIGHT="34" WIDTH="29" VPOS="499" HPOS="749"/>
<String CONTENT="and" HEIGHT="53" WIDTH="113" VPOS="481" HPOS="779"/>
<SP HEIGHT="68" WIDTH="29" VPOS="481" HPOS="893"/>
<String CONTENT="ghosts," HEIGHT="70" WIDTH="215" VPOS="479" HPOS="923"/>
<SP HEIGHT="68" WIDTH="26" VPOS="480" HPOS="1139"/>
<String CONTENT="by" HEIGHT="69" WIDTH="76" VPOS="480" HPOS="1166"/>
<SP HEIGHT="70" WIDTH="27" VPOS="479" HPOS="1243"/>
<String CONTENT="Ambrose" HEIGHT="53" WIDTH="281" VPOS="479" HPOS="1271"/>
<SP HEIGHT="53" WIDTH="28" VPOS="479" HPOS="1553"/>
<String CONTENT="Bierce;" HEIGHT="68" WIDTH="228" VPOS="478" HPOS="1582"/>
<SP HEIGHT="49" WIDTH="31" VPOS="497" HPOS="1811"/>
<String CONTENT="after" HEIGHT="55" WIDTH="154" VPOS="477" HPOS="1843"/>
<SP HEIGHT="54" WIDTH="31" VPOS="478" HPOS="1998"/>
<String CONTENT="forty-odd" HEIGHT="69" WIDTH="300" VPOS="478" HPOS="2030"/>
</TextLine>
<TextLine HEIGHT="73" WIDTH="2018" VPOS="556" HPOS="315" STYLEREFS="StyleId-8A0F567B-E2D0-448E-8954-5A2AFE613ACD-">
<String CONTENT="years" HEIGHT="51" WIDTH="163" VPOS="578" HPOS="315"/>
<SP HEIGHT="49" WIDTH="25" VPOS="564" HPOS="479"/>
<String CONTENT="there" HEIGHT="54" WIDTH="160" VPOS="559" HPOS="505"/>
<SP HEIGHT="34" WIDTH="25" VPOS="579" HPOS="666"/>
<String CONTENT="are" HEIGHT="35" WIDTH="96" VPOS="578" HPOS="692"/>
<SP HEIGHT="34" WIDTH="21" VPOS="578" HPOS="789"/>
<String CONTENT="neither" HEIGHT="56" WIDTH="225" VPOS="557" HPOS="811"/>
<SP HEIGHT="35" WIDTH="26" VPOS="577" HPOS="1037"/>
<String CONTENT="enemies" HEIGHT="54" WIDTH="242" VPOS="558" HPOS="1064"/>
<SP HEIGHT="35" WIDTH="24" VPOS="577" HPOS="1307"/>
<String CONTENT="nor" HEIGHT="35" WIDTH="105" VPOS="576" HPOS="1332"/>
<SP HEIGHT="34" WIDTH="27" VPOS="577" HPOS="1438"/>
<String CONTENT="victories," HEIGHT="68" WIDTH="284" VPOS="556" HPOS="1466"/>
<SP HEIGHT="67" WIDTH="24" VPOS="557" HPOS="1751"/>
<String CONTENT="but" HEIGHT="55" WIDTH="103" VPOS="557" HPOS="1776"/>
<SP HEIGHT="49" WIDTH="28" VPOS="563" HPOS="1880"/>
<String CONTENT="only" HEIGHT="72" WIDTH="135" VPOS="556" HPOS="1909"/>
<SP HEIGHT="52" WIDTH="24" VPOS="576" HPOS="2045"/>
<String CONTENT="gracious" HEIGHT="70" WIDTH="263" VPOS="557" HPOS="2070"/>
</TextLine>
<TextLine HEIGHT="73" WIDTH="1956" VPOS="635" HPOS="316" STYLEREFS="StyleId-8A0F567B-E2D0-448E-8954-5A2AFE613ACD-" CS="1">
<String CONTENT="mountains" HEIGHT="55" WIDTH="329" VPOS="637" HPOS="316"/>
<SP HEIGHT="53" WIDTH="29" VPOS="639" HPOS="646"/>
<String CONTENT="&amp;" HEIGHT="51" WIDTH="51" VPOS="639" HPOS="676"/>
<SP HEIGHT="52" WIDTH="31" VPOS="639" HPOS="728"/>
<String CONTENT="sleepy" HEIGHT="70" WIDTH="193" VPOS="638" HPOS="760"/>
<SP HEIGHT="52" WIDTH="28" VPOS="656" HPOS="954"/>
<String CONTENT="valleys" HEIGHT="69" WIDTH="218" VPOS="638" HPOS="983"/>
<SP HEIGHT="35" WIDTH="28" VPOS="656" HPOS="1202"/>
<String CONTENT="all" HEIGHT="52" WIDTH="78" VPOS="638" HPOS="1231"/>
<SP HEIGHT="52" WIDTH="29" VPOS="638" HPOS="1310"/>
<String CONTENT="aflame" HEIGHT="55" WIDTH="203" VPOS="635" HPOS="1340"/>
<SP HEIGHT="34" WIDTH="28" VPOS="655" HPOS="1544"/>
<String CONTENT="with" HEIGHT="54" WIDTH="142" VPOS="635" HPOS="1573"/>
<SP HEIGHT="53" WIDTH="30" VPOS="637" HPOS="1716"/>
<String CONTENT="autumn" HEIGHT="49" WIDTH="239" VPOS="641" HPOS="1747"/>
<SP HEIGHT="53" WIDTH="31" VPOS="636" HPOS="1987"/>
<String CONTENT="foliage" HEIGHT="70" WIDTH="217" VPOS="635" HPOS="2019"/>
<SP HEIGHT="34" WIDTH="35" VPOS="655" HPOS="2237"/>
<String CS="1" CONTENT="&#8230;"/>
</TextLine>
<TextLine HEIGHT="73" WIDTH="2015" VPOS="714" HPOS="317" STYLEREFS="StyleId-8A0F567B-E2D0-448E-8954-5A2AFE613ACD-" CS="1">
<String CONTENT="hazy" HEIGHT="70" WIDTH="148" VPOS="717" HPOS="317"/>
<SP HEIGHT="70" WIDTH="24" VPOS="717" HPOS="466"/>
<String CONTENT="&amp;" HEIGHT="51" WIDTH="51" VPOS="717" HPOS="491"/>
<SP HEIGHT="53" WIDTH="27" VPOS="717" HPOS="543"/>
<String CONTENT="dim" HEIGHT="54" WIDTH="121" VPOS="716" HPOS="571"/>
<SP HEIGHT="35" WIDTH="27" VPOS="735" HPOS="693"/>
<String CONTENT="as" HEIGHT="34" WIDTH="61" VPOS="737" HPOS="721"/>
<SP HEIGHT="35" WIDTH="24" VPOS="736" HPOS="783"/>
<String CONTENT="old" HEIGHT="54" WIDTH="96" VPOS="716" HPOS="808"/>
<SP HEIGHT="53" WIDTH="26" VPOS="717" HPOS="905"/>
<String CONTENT="memories." HEIGHT="54" WIDTH="313" VPOS="715" HPOS="932"/>
<SP HEIGHT="34" WIDTH="72" VPOS="749" HPOS="1246"/>
<String CS="1" CONTENT="[Palo" HEIGHT="54" WIDTH="146" VPOS="716" HPOS="1336"/>
<SP HEIGHT="56" WIDTH="24" VPOS="714" HPOS="1483"/>
<String CONTENT="Alto," HEIGHT="70" WIDTH="160" VPOS="714" HPOS="1508"/>
<SP HEIGHT="70" WIDTH="28" VPOS="714" HPOS="1669"/>
<String CONTENT="Calif.]" HEIGHT="68" WIDTH="196" VPOS="714" HPOS="1698"/>
<SP HEIGHT="68" WIDTH="31" VPOS="714" HPOS="1895"/>
<String CONTENT="The" HEIGHT="54" WIDTH="124" VPOS="714" HPOS="1927"/>
<SP HEIGHT="54" WIDTH="27" VPOS="714" HPOS="2052"/>
<String CONTENT="Harvest" HEIGHT="53" WIDTH="252" VPOS="714" HPOS="2080"/>
</TextLine>
<TextLine HEIGHT="66" WIDTH="356" VPOS="799" HPOS="317" STYLEREFS="StyleId-8A0F567B-E2D0-448E-8954-5A2AFE613ACD-">
<String CONTENT="press," HEIGHT="50" WIDTH="175" VPOS="815" HPOS="317"/>
<SP HEIGHT="65" WIDTH="28" VPOS="800" HPOS="493"/>
<String CONTENT="1931." HEIGHT="50" WIDTH="151" VPOS="799" HPOS="522"/>
</TextLine>
<TextLine HEIGHT="53" WIDTH="1289" VPOS="872" HPOS="387" CS="1">
<String LANG="en-US" CONTENT="5" HEIGHT="41" WIDTH="27" VPOS="875" HPOS="387"/>
<SP/>
<String LANG="fr" CONTENT="p." HEIGHT="38" WIDTH="45" VPOS="886" HPOS="444"/>
<SP HEIGHT="42" WIDTH="28" VPOS="876" HPOS="490"/>
<String LANG="en-US" CS="1" CONTENT="l.,"/>
<SP HEIGHT="47" WIDTH="29" VPOS="876" HPOS="565"/>
<String LANG="en-US" CONTENT="3-16," HEIGHT="50" WIDTH="130" VPOS="873" HPOS="595"/>
<SP HEIGHT="51" WIDTH="33" VPOS="874" HPOS="726"/>
<String LANG="en-US" CS="1" CONTENT="[1"/>
<String LANG="fr" CONTENT="]" HEIGHT="31" WIDTH="11" VPOS="894" HPOS="805"/>
<SP HEIGHT="39" WIDTH="29" VPOS="886" HPOS="817"/>
<String LANG="fr" CS="1" CONTENT="p.,"/>
<SP/>
<String LANG="fr" CS="1" CONTENT="1"/>
<SP/>
<String LANG="fr" CS="1" CONTENT="l."/>
<SP HEIGHT="42" WIDTH="29" VPOS="874" HPOS="1025"/>
<String LANG="en-US" CONTENT="incl." HEIGHT="42" WIDTH="112" VPOS="874" HPOS="1055"/>
<SP HEIGHT="42" WIDTH="27" VPOS="874" HPOS="1168"/>
<String LANG="en-US" CS="1" CONTENT="front." HEIGHT="41" WIDTH="138" VPOS="874" HPOS="1196"/>
<SP HEIGHT="48" WIDTH="26" VPOS="872" HPOS="1349"/>
<String LANG="en-US" CONTENT="(port.)" HEIGHT="51" WIDTH="175" VPOS="872" HPOS="1376"/>
<SP HEIGHT="48" WIDTH="67" VPOS="873" HPOS="1552"/>
<String LANG="en-US" CONTENT="24" HEIGHT="40" WIDTH="56" VPOS="873" HPOS="1620"/>
<String STYLE="superscript" LANG="en-US" CS="1" CONTENT="&#7580;&#7504;."/>
</TextLine>
<TextLine HEIGHT="50" WIDTH="1891" VPOS="930" HPOS="392" CS="1">
<String CONTENT="&#8220;One" HEIGHT="42" WIDTH="132" VPOS="932" HPOS="392"/>
<SP HEIGHT="40" WIDTH="33" VPOS="934" HPOS="525"/>
<String CONTENT="hundred" HEIGHT="40" WIDTH="223" VPOS="933" HPOS="559"/>
<SP HEIGHT="40" WIDTH="36" VPOS="933" HPOS="783"/>
<String CONTENT="and" HEIGHT="40" WIDTH="96" VPOS="933" HPOS="820"/>
<SP HEIGHT="41" WIDTH="34" VPOS="932" HPOS="917"/>
<String CONTENT="fifteen" HEIGHT="41" WIDTH="170" VPOS="931" HPOS="952"/>
<SP HEIGHT="30" WIDTH="34" VPOS="942" HPOS="1123"/>
<String CONTENT="copies" HEIGHT="48" WIDTH="162" VPOS="931" HPOS="1158"/>
<SP HEIGHT="30" WIDTH="32" VPOS="942" HPOS="1321"/>
<String CONTENT="of" HEIGHT="40" WIDTH="52" VPOS="932" HPOS="1354"/>
<SP HEIGHT="40" WIDTH="33" VPOS="932" HPOS="1407"/>
<String CONTENT="this" HEIGHT="42" WIDTH="100" VPOS="930" HPOS="1441"/>
<SP HEIGHT="41" WIDTH="33" VPOS="931" HPOS="1542"/>
<String CONTENT="book" HEIGHT="40" WIDTH="125" VPOS="931" HPOS="1576"/>
<SP HEIGHT="40" WIDTH="32" VPOS="931" HPOS="1702"/>
<String CONTENT="have" HEIGHT="40" WIDTH="124" VPOS="931" HPOS="1735"/>
<SP HEIGHT="40" WIDTH="35" VPOS="931" HPOS="1860"/>
<String CONTENT="been" HEIGHT="40" WIDTH="118" VPOS="931" HPOS="1896"/>
<SP HEIGHT="39" WIDTH="33" VPOS="941" HPOS="2015"/>
<String CONTENT="printed" HEIGHT="50" WIDTH="195" VPOS="930" HPOS="2049"/>
<SP HEIGHT="40" WIDTH="38" VPOS="931" HPOS="2245"/>
<String CS="1" CONTENT="&#8230;"/>
</TextLine>
<TextLine HEIGHT="50" WIDTH="2014" VPOS="987" HPOS="317">
<String CONTENT="Of" HEIGHT="41" WIDTH="66" VPOS="990" HPOS="317"/>
<SP HEIGHT="40" WIDTH="24" VPOS="991" HPOS="384"/>
<String CONTENT="this" HEIGHT="42" WIDTH="100" VPOS="990" HPOS="409"/>
<SP HEIGHT="31" WIDTH="25" VPOS="1001" HPOS="510"/>
<String CONTENT="number," HEIGHT="45" WIDTH="220" VPOS="990" HPOS="536"/>
<SP HEIGHT="34" WIDTH="26" VPOS="1001" HPOS="757"/>
<String CONTENT="one" HEIGHT="29" WIDTH="89" VPOS="1001" HPOS="784"/>
<SP HEIGHT="40" WIDTH="25" VPOS="990" HPOS="874"/>
<String CONTENT="hundred" HEIGHT="40" WIDTH="224" VPOS="989" HPOS="900"/>
<SP HEIGHT="39" WIDTH="26" VPOS="990" HPOS="1125"/>
<String CONTENT="copies" HEIGHT="50" WIDTH="162" VPOS="987" HPOS="1152"/>
<SP HEIGHT="30" WIDTH="25" VPOS="999" HPOS="1315"/>
<String CONTENT="only" HEIGHT="48" WIDTH="113" VPOS="989" HPOS="1341"/>
<SP HEIGHT="37" WIDTH="26" VPOS="1000" HPOS="1455"/>
<String CONTENT="are" HEIGHT="30" WIDTH="85" VPOS="999" HPOS="1482"/>
<SP HEIGHT="40" WIDTH="26" VPOS="988" HPOS="1568"/>
<String CONTENT="for" HEIGHT="40" WIDTH="79" VPOS="988" HPOS="1595"/>
<SP HEIGHT="30" WIDTH="26" VPOS="999" HPOS="1675"/>
<String CONTENT="sale." HEIGHT="40" WIDTH="115" VPOS="989" HPOS="1702"/>
<SP HEIGHT="40" WIDTH="63" VPOS="989" HPOS="1818"/>
<String CONTENT="This" HEIGHT="42" WIDTH="119" VPOS="987" HPOS="1882"/>
<SP HEIGHT="41" WIDTH="25" VPOS="988" HPOS="2002"/>
<String CONTENT="is" HEIGHT="40" WIDTH="42" VPOS="988" HPOS="2028"/>
<SP HEIGHT="29" WIDTH="26" VPOS="999" HPOS="2071"/>
<String CONTENT="no." HEIGHT="33" WIDTH="76" VPOS="998" HPOS="2098"/>
<SP HEIGHT="41" WIDTH="28" VPOS="990" HPOS="2175"/>
<String CONTENT="115.&#8221;" HEIGHT="42" WIDTH="127" VPOS="987" HPOS="2204"/>
</TextLine>
<TextLine HEIGHT="44" WIDTH="1945" VPOS="1045" HPOS="388">
<String CONTENT="Written" HEIGHT="41" WIDTH="215" VPOS="1047" HPOS="388"/>
<SP HEIGHT="39" WIDTH="23" VPOS="1048" HPOS="604"/>
<String CONTENT="for" HEIGHT="39" WIDTH="80" VPOS="1048" HPOS="628"/>
<SP HEIGHT="39" WIDTH="26" VPOS="1049" HPOS="709"/>
<String CONTENT="the" HEIGHT="40" WIDTH="81" VPOS="1048" HPOS="736"/>
<SP HEIGHT="40" WIDTH="26" VPOS="1047" HPOS="818"/>
<String CONTENT="24th" HEIGHT="40" WIDTH="113" VPOS="1047" HPOS="845"/>
<SP HEIGHT="40" WIDTH="25" VPOS="1047" HPOS="959"/>
<String CONTENT="annual" HEIGHT="40" WIDTH="186" VPOS="1047" HPOS="985"/>
<SP HEIGHT="39" WIDTH="27" VPOS="1047" HPOS="1172"/>
<String CONTENT="reunion" HEIGHT="41" WIDTH="204" VPOS="1045" HPOS="1200"/>
<SP HEIGHT="29" WIDTH="23" VPOS="1057" HPOS="1405"/>
<String CONTENT="of" HEIGHT="41" WIDTH="53" VPOS="1045" HPOS="1429"/>
<SP HEIGHT="42" WIDTH="27" VPOS="1045" HPOS="1483"/>
<String CONTENT="the" HEIGHT="41" WIDTH="82" VPOS="1046" HPOS="1511"/>
<SP HEIGHT="40" WIDTH="25" VPOS="1046" HPOS="1594"/>
<String CONTENT="Ninth" HEIGHT="41" WIDTH="154" VPOS="1045" HPOS="1620"/>
<SP HEIGHT="39" WIDTH="25" VPOS="1047" HPOS="1775"/>
<String CONTENT="Indiana" HEIGHT="40" WIDTH="209" VPOS="1046" HPOS="1801"/>
<SP HEIGHT="30" WIDTH="29" VPOS="1056" HPOS="2011"/>
<String CONTENT="volunteers," HEIGHT="43" WIDTH="292" VPOS="1046" HPOS="2041"/>
</TextLine>
<TextLine HEIGHT="51" WIDTH="975" VPOS="1103" HPOS="317">
<String CONTENT="October," HEIGHT="50" WIDTH="221" VPOS="1104" HPOS="317"/>
<SP HEIGHT="48" WIDTH="27" VPOS="1106" HPOS="539"/>
<String CONTENT="1904." HEIGHT="43" WIDTH="130" VPOS="1104" HPOS="567"/>
<SP HEIGHT="31" WIDTH="58" VPOS="1116" HPOS="698"/>
<String CONTENT="cf." HEIGHT="48" WIDTH="61" VPOS="1106" HPOS="757"/>
<SP HEIGHT="42" WIDTH="28" VPOS="1104" HPOS="819"/>
<String CONTENT="5th" HEIGHT="41" WIDTH="84" VPOS="1104" HPOS="848"/>
<SP HEIGHT="48" WIDTH="26" VPOS="1105" HPOS="933"/>
<String CONTENT="prelim," HEIGHT="49" WIDTH="188" VPOS="1104" HPOS="960"/>
<SP HEIGHT="41" WIDTH="27" VPOS="1105" HPOS="1149"/>
<String CONTENT="leaf." HEIGHT="42" WIDTH="115" VPOS="1103" HPOS="1177"/>
</TextLine>
<TextLine HEIGHT="52" WIDTH="2013" VPOS="1173" HPOS="323" CS="1">
<String CONTENT="&#169;" HEIGHT="52" WIDTH="51" VPOS="1173" HPOS="323"/>
<SP HEIGHT="52" WIDTH="30" VPOS="1173" HPOS="375"/>
<String CONTENT="July" HEIGHT="48" WIDTH="117" VPOS="1177" HPOS="406"/>
<SP HEIGHT="46" WIDTH="28" VPOS="1179" HPOS="524"/>
<String CS="1" CONTENT="18." HEIGHT="11" WIDTH="7" VPOS="1211" HPOS="615"/>
<SP HEIGHT="44" WIDTH="29" VPOS="1178" HPOS="623"/>
<String CONTENT="1931;" HEIGHT="47" WIDTH="141" VPOS="1176" HPOS="653"/>
<SP HEIGHT="47" WIDTH="30" VPOS="1176" HPOS="795"/>
<String CONTENT="2c." HEIGHT="42" WIDTH="68" VPOS="1176" HPOS="826"/>
<SP HEIGHT="42" WIDTH="30" VPOS="1176" HPOS="895"/>
<String CONTENT="July" HEIGHT="48" WIDTH="116" VPOS="1176" HPOS="926"/>
<SP HEIGHT="48" WIDTH="30" VPOS="1176" HPOS="1043"/>
<String CONTENT="24;" HEIGHT="47" WIDTH="83" VPOS="1176" HPOS="1074"/>
<SP HEIGHT="37" WIDTH="33" VPOS="1186" HPOS="1158"/>
<String CONTENT="aff." HEIGHT="42" WIDTH="82" VPOS="1175" HPOS="1192"/>
<SP HEIGHT="42" WIDTH="32" VPOS="1175" HPOS="1275"/>
<String CONTENT="Oct." HEIGHT="40" WIDTH="101" VPOS="1175" HPOS="1308"/>
<SP HEIGHT="39" WIDTH="32" VPOS="1177" HPOS="1410"/>
<String CONTENT="19;" HEIGHT="50" WIDTH="82" VPOS="1173" HPOS="1443"/>
<SP HEIGHT="47" WIDTH="33" VPOS="1176" HPOS="1526"/>
<!-- cceid F1583A35-6E8D-1014-9CF5-AEB3FCA41D69 --><String CONTENT="A" HEIGHT="38" WIDTH="41" VPOS="1176" HPOS="1560"/>
<SP HEIGHT="38" WIDTH="28" VPOS="1176" HPOS="1602"/>
<String CS="1" CONTENT="43351;" HEIGHT="40" WIDTH="144" VPOS="1175" HPOS="1631"/>
<SP HEIGHT="40" WIDTH="32" VPOS="1175" HPOS="1805"/>
<String CONTENT="Helen" HEIGHT="41" WIDTH="157" VPOS="1174" HPOS="1838"/>
<SP HEIGHT="39" WIDTH="29" VPOS="1175" HPOS="1996"/>
<String CONTENT="Bierce," HEIGHT="49" WIDTH="184" VPOS="1174" HPOS="2026"/>
<SP HEIGHT="49" WIDTH="31" VPOS="1174" HPOS="2211"/>
<String CONTENT="Los" HEIGHT="41" WIDTH="93" VPOS="1174" HPOS="2243"/>
</TextLine>
<TextLine HEIGHT="50" WIDTH="577" VPOS="1233" HPOS="389">
<String CONTENT="Angeles." HEIGHT="47" WIDTH="222" VPOS="1236" HPOS="389"/>
<SP HEIGHT="48" WIDTH="71" VPOS="1235" HPOS="612"/>
<String CONTENT="(31-30545)" HEIGHT="50" WIDTH="282" VPOS="1233" HPOS="684"/>
</TextLine>
<TextLine HEIGHT="66" WIDTH="1011" VPOS="1329" HPOS="320" STYLEREFS="StyleId-8A0F567B-E2D0-448E-8954-5A2AFE613ACD-">
<String LANG="fr" CONTENT="Brailsford," HEIGHT="66" WIDTH="356" VPOS="1329" HPOS="320"/>
<SP HEIGHT="65" WIDTH="34" VPOS="1330" HPOS="677"/>
<String LANG="en-US" CONTENT="Henry" HEIGHT="64" WIDTH="209" VPOS="1330" HPOS="712"/>
<SP HEIGHT="65" WIDTH="28" VPOS="1329" HPOS="922"/>
<String LANG="en-US" CONTENT="Noel," HEIGHT="65" WIDTH="168" VPOS="1329" HPOS="951"/>
<SP HEIGHT="59" WIDTH="37" VPOS="1335" HPOS="1120"/>
<String LANG="en-US" CONTENT="1873-" HEIGHT="54" WIDTH="173" VPOS="1331" HPOS="1158"/>
</TextLine>
<TextLine HEIGHT="151" WIDTH="2000" VPOS="1403" HPOS="313" STYLEREFS="StyleId-8A0F567B-E2D0-448E-8954-5A2AFE613ACD-" CS="1">
<String LANG="en-US" CONTENT="Rebel" HEIGHT="54" WIDTH="173" VPOS="1403" HPOS="385"/>
<SP HEIGHT="52" WIDTH="35" VPOS="1405" HPOS="559"/>
<String LANG="en-US" CONTENT="India," HEIGHT="68" WIDTH="190" VPOS="1404" HPOS="595"/>
<SP HEIGHT="67" WIDTH="31" VPOS="1405" HPOS="786"/>
<String LANG="en-US" CONTENT="by" HEIGHT="70" WIDTH="75" VPOS="1405" HPOS="818"/>
<SP HEIGHT="69" WIDTH="32" VPOS="1406" HPOS="894"/>
<String LANG="en-US" CONTENT="PI." HEIGHT="55" WIDTH="77" VPOS="1406" HPOS="927"/>
<SP HEIGHT="56" WIDTH="34" VPOS="1405" HPOS="1005"/>
<String LANG="fr" CONTENT="N." HEIGHT="54" WIDTH="69" VPOS="1405" HPOS="1040"/>
<SP HEIGHT="54" WIDTH="36" VPOS="1405" HPOS="1110"/>
<String LANG="fr" CONTENT="Brailsford." HEIGHT="54" WIDTH="347" VPOS="1403" HPOS="1147"/>
<SP HEIGHT="53" WIDTH="71" VPOS="1404" HPOS="1495"/>
<String LANG="en-US" CONTENT="New" HEIGHT="54" WIDTH="138" VPOS="1404" HPOS="1567"/>
<SP HEIGHT="54" WIDTH="37" VPOS="1404" HPOS="1706"/>
<String LANG="en-US" CONTENT="York," HEIGHT="70" WIDTH="180" VPOS="1404" HPOS="1744"/>
<SP HEIGHT="70" WIDTH="33" VPOS="1404" HPOS="1925"/>
<String LANG="en-US" CONTENT="New" HEIGHT="54" WIDTH="138" VPOS="1404" HPOS="1959"/>
<SP HEIGHT="34" WIDTH="34" VPOS="1424" HPOS="2098"/>
<String LANG="en-US" CONTENT="republic," HEIGHT="151" WIDTH="2000" VPOS="1403" HPOS="313"/>
</TextLine>
<TextLine HEIGHT="66" WIDTH="306" VPOS="1486" HPOS="431" STYLEREFS="StyleId-8A0F567B-E2D0-448E-8954-5A2AFE613ACD-">
<String CONTENT="inc.," HEIGHT="66" WIDTH="129" VPOS="1486" HPOS="431"/>
<SP HEIGHT="65" WIDTH="24" VPOS="1487" HPOS="561"/>
<String CONTENT="1931." HEIGHT="51" WIDTH="151" VPOS="1487" HPOS="586"/>
</TextLine>
<TextLine HEIGHT="50" WIDTH="851" VPOS="1566" HPOS="384" CS="1">
<String CONTENT="4" HEIGHT="40" WIDTH="29" VPOS="1566" HPOS="384"/>
<SP HEIGHT="50" WIDTH="21" VPOS="1566" HPOS="414"/>
<String LANG="fr" CONTENT="p." HEIGHT="38" WIDTH="44" VPOS="1578" HPOS="436"/>
<SP HEIGHT="41" WIDTH="24" VPOS="1568" HPOS="481"/>
<String CS="1" CONTENT="l.,"/>
<SP HEIGHT="38" WIDTH="23" VPOS="1578" HPOS="552"/>
<String CONTENT="xi-xii" HEIGHT="40" WIDTH="156" VPOS="1567" HPOS="576"/>
<SP HEIGHT="49" WIDTH="23" VPOS="1567" HPOS="733"/>
<String LANG="fr" CONTENT="p.," HEIGHT="38" WIDTH="58" VPOS="1578" HPOS="757"/>
<SP HEIGHT="46" WIDTH="23" VPOS="1568" HPOS="816"/>
<String CONTENT="1" HEIGHT="39" WIDTH="25" VPOS="1568" HPOS="840"/>
<SP HEIGHT="40" WIDTH="26" VPOS="1567" HPOS="866"/>
<String CS="1" CONTENT="l.,"/>
<SP HEIGHT="46" WIDTH="24" VPOS="1568" HPOS="937"/>
<String CONTENT="262" HEIGHT="41" WIDTH="87" VPOS="1567" HPOS="962"/>
<SP HEIGHT="46" WIDTH="25" VPOS="1568" HPOS="1050"/>
<String CONTENT="p." HEIGHT="38" WIDTH="42" VPOS="1576" HPOS="1076"/>
<SP HEIGHT="43" WIDTH="57" VPOS="1566" HPOS="1119"/>
<String CS="1" CONTENT="18&#189;" HEIGHT="41" WIDTH="58" VPOS="1566" HPOS="1177"/>
<String STYLE="superscript" CS="1" CONTENT="&#7580;&#7504;."/>
</TextLine>
<TextLine HEIGHT="53" WIDTH="1842" VPOS="1634" HPOS="325" CS="1">
<String CONTENT="&#169;" HEIGHT="53" WIDTH="52" VPOS="1634" HPOS="325"/>
<SP HEIGHT="53" WIDTH="29" VPOS="1634" HPOS="378"/>
<String CONTENT="Oct." HEIGHT="42" WIDTH="103" VPOS="1638" HPOS="408"/>
<SP HEIGHT="39" WIDTH="28" VPOS="1640" HPOS="512"/>
<String CONTENT="19," HEIGHT="49" WIDTH="69" VPOS="1637" HPOS="541"/>
<SP HEIGHT="47" WIDTH="26" VPOS="1639" HPOS="611"/>
<String CS="1" CONTENT="1931;" HEIGHT="42" WIDTH="115" VPOS="1638" HPOS="638"/>
<SP HEIGHT="49" WIDTH="26" VPOS="1638" HPOS="782"/>
<String CONTENT="2c." HEIGHT="41" WIDTH="68" VPOS="1638" HPOS="809"/>
<SP HEIGHT="29" WIDTH="28" VPOS="1650" HPOS="878"/>
<String CONTENT="and" HEIGHT="39" WIDTH="96" VPOS="1640" HPOS="907"/>
<SP HEIGHT="39" WIDTH="27" VPOS="1640" HPOS="1004"/>
<String CONTENT="aff." HEIGHT="43" WIDTH="84" VPOS="1638" HPOS="1032"/>
<SP HEIGHT="43" WIDTH="27" VPOS="1638" HPOS="1117"/>
<String CONTENT="Oct." HEIGHT="42" WIDTH="104" VPOS="1638" HPOS="1145"/>
<SP HEIGHT="42" WIDTH="26" VPOS="1638" HPOS="1250"/>
<String CS="1" CONTENT="20;" HEIGHT="40" WIDTH="61" VPOS="1638" HPOS="1277"/>
<SP HEIGHT="48" WIDTH="30" VPOS="1638" HPOS="1362"/>
<!-- cceid F15873A7-6E8D-1014-9CF5-AEB3FCA41D69 --><String CONTENT="A" HEIGHT="39" WIDTH="38" VPOS="1638" HPOS="1393"/>
<SP HEIGHT="40" WIDTH="28" VPOS="1638" HPOS="1432"/>
<String CS="1" CONTENT="43357;" HEIGHT="40" WIDTH="149" VPOS="1639" HPOS="1461"/>
<SP HEIGHT="47" WIDTH="30" VPOS="1639" HPOS="1635"/>
<String CONTENT="New" HEIGHT="39" WIDTH="119" VPOS="1639" HPOS="1666"/>
<SP HEIGHT="29" WIDTH="27" VPOS="1649" HPOS="1786"/>
<String CONTENT="republic," HEIGHT="49" WIDTH="230" VPOS="1638" HPOS="1814"/>
<SP HEIGHT="49" WIDTH="29" VPOS="1638" HPOS="2045"/>
<String CONTENT="inc." HEIGHT="41" WIDTH="92" VPOS="1638" HPOS="2075"/>
</TextLine>
<TextLine HEIGHT="51" WIDTH="283" VPOS="1696" HPOS="404">
<String CONTENT="(31-30745)" HEIGHT="51" WIDTH="283" VPOS="1696" HPOS="404"/>
</TextLine>
<TextLine HEIGHT="72" WIDTH="1192" VPOS="1791" HPOS="328" STYLEREFS="StyleId-8A0F567B-E2D0-448E-8954-5A2AFE613ACD-">
<String CONTENT="[Brown," HEIGHT="72" WIDTH="253" VPOS="1791" HPOS="328"/>
<SP HEIGHT="63" WIDTH="28" VPOS="1795" HPOS="582"/>
<String CONTENT="Mrs." HEIGHT="54" WIDTH="142" VPOS="1795" HPOS="611"/>
<SP HEIGHT="56" WIDTH="29" VPOS="1793" HPOS="754"/>
<String CONTENT="Zenith" HEIGHT="55" WIDTH="214" VPOS="1792" HPOS="784"/>
<SP HEIGHT="64" WIDTH="39" VPOS="1794" HPOS="999"/>
<String CONTENT="(Jones)]" HEIGHT="69" WIDTH="268" VPOS="1793" HPOS="1039"/>
<SP HEIGHT="63" WIDTH="40" VPOS="1799" HPOS="1308"/>
<String CONTENT="1898-" HEIGHT="49" WIDTH="171" VPOS="1799" HPOS="1349"/>
</TextLine>
<TextLine HEIGHT="72" WIDTH="1886" VPOS="1868" HPOS="454" STYLEREFS="StyleId-8A0F567B-E2D0-448E-8954-5A2AFE613ACD-" CS="1">
<String CS="1" CONTENT="&#8230;"/>
<SP HEIGHT="54" WIDTH="31" VPOS="1871" HPOS="454"/>
<String CONTENT="The" HEIGHT="55" WIDTH="125" VPOS="1870" HPOS="486"/>
<SP HEIGHT="36" WIDTH="26" VPOS="1889" HPOS="612"/>
<String CONTENT="sound" HEIGHT="53" WIDTH="182" VPOS="1871" HPOS="639"/>
<SP HEIGHT="53" WIDTH="30" VPOS="1871" HPOS="822"/>
<String CONTENT="of" HEIGHT="54" WIDTH="65" VPOS="1870" HPOS="853"/>
<SP HEIGHT="54" WIDTH="26" VPOS="1870" HPOS="919"/>
<String CONTENT="footsteps" HEIGHT="70" WIDTH="280" VPOS="1870" HPOS="946"/>
<SP HEIGHT="35" WIDTH="35" VPOS="1893" HPOS="1227"/>
<String CS="1" CONTENT="&#8230;"/>
<SP HEIGHT="56" WIDTH="71" VPOS="1870" HPOS="1321"/>
<String CONTENT="Garden" HEIGHT="55" WIDTH="231" VPOS="1870" HPOS="1393"/>
<SP HEIGHT="56" WIDTH="33" VPOS="1870" HPOS="1625"/>
<String CONTENT="City," HEIGHT="70" WIDTH="153" VPOS="1870" HPOS="1659"/>
<SP HEIGHT="68" WIDTH="30" VPOS="1870" HPOS="1813"/>
<String LANG="fr" CONTENT="N." HEIGHT="52" WIDTH="69" VPOS="1870" HPOS="1844"/>
<SP HEIGHT="53" WIDTH="31" VPOS="1869" HPOS="1914"/>
<String CONTENT="Y.," HEIGHT="71" WIDTH="92" VPOS="1869" HPOS="1946"/>
<SP HEIGHT="71" WIDTH="28" VPOS="1869" HPOS="2039"/>
<String CONTENT="Pub." HEIGHT="53" WIDTH="142" VPOS="1869" HPOS="2068"/>
<SP HEIGHT="54" WIDTH="33" VPOS="1868" HPOS="2211"/>
<String CONTENT="for" HEIGHT="54" WIDTH="95" VPOS="1868" HPOS="2245"/>
</TextLine>
<TextLine HEIGHT="74" WIDTH="2016" VPOS="1946" HPOS="321" STYLEREFS="StyleId-8A0F567B-E2D0-448E-8954-5A2AFE613ACD-">
<String CONTENT="the" HEIGHT="53" WIDTH="96" VPOS="1949" HPOS="321"/>
<SP HEIGHT="56" WIDTH="38" VPOS="1948" HPOS="418"/>
<String CONTENT="Crime" HEIGHT="56" WIDTH="193" VPOS="1948" HPOS="457"/>
<SP HEIGHT="35" WIDTH="39" VPOS="1967" HPOS="651"/>
<String CONTENT="club," HEIGHT="71" WIDTH="147" VPOS="1948" HPOS="691"/>
<SP HEIGHT="70" WIDTH="37" VPOS="1949" HPOS="839"/>
<String CONTENT="inc.," HEIGHT="71" WIDTH="127" VPOS="1949" HPOS="877"/>
<SP HEIGHT="71" WIDTH="40" VPOS="1949" HPOS="1005"/>
<String CONTENT="by" HEIGHT="71" WIDTH="74" VPOS="1949" HPOS="1046"/>
<SP HEIGHT="71" WIDTH="41" VPOS="1949" HPOS="1121"/>
<String CONTENT="Doubleday," HEIGHT="70" WIDTH="358" VPOS="1949" HPOS="1163"/>
<SP HEIGHT="70" WIDTH="43" VPOS="1949" HPOS="1522"/>
<String CONTENT="Doran" HEIGHT="53" WIDTH="198" VPOS="1949" HPOS="1566"/>
<SP HEIGHT="51" WIDTH="38" VPOS="1950" HPOS="1765"/>
<String CONTENT="&amp;" HEIGHT="51" WIDTH="47" VPOS="1950" HPOS="1804"/>
<SP HEIGHT="52" WIDTH="38" VPOS="1950" HPOS="1852"/>
<String CONTENT="company," HEIGHT="51" WIDTH="297" VPOS="1966" HPOS="1891"/>
<SP HEIGHT="70" WIDTH="40" VPOS="1946" HPOS="2189"/>
<String CONTENT="inc." HEIGHT="56" WIDTH="107" VPOS="1946" HPOS="2230"/>
</TextLine>
<TextLine HEIGHT="68" WIDTH="196" VPOS="2030" HPOS="325" STYLEREFS="StyleId-8A0F567B-E2D0-448E-8954-5A2AFE613ACD-" CS="1">
<String CONTENT="[" HEIGHT="36" WIDTH="13" VPOS="2062" HPOS="325"/>
<String STYLE="superscript" CS="1" CONTENT="&#7580;19"/>
<String CONTENT="31]" HEIGHT="66" WIDTH="85" VPOS="2030" HPOS="436"/>
</TextLine>
<TextLine HEIGHT="51" WIDTH="1004" VPOS="2107" HPOS="391" CS="1">
<String CONTENT="3" HEIGHT="40" WIDTH="26" VPOS="2109" HPOS="391"/>
<SP/>
<String LANG="fr" CONTENT="p." HEIGHT="38" WIDTH="44" VPOS="2120" HPOS="446"/>
<SP HEIGHT="40" WIDTH="25" VPOS="2109" HPOS="491"/>
<String CS="1" CONTENT="l.,"/>
<SP HEIGHT="48" WIDTH="27" VPOS="2109" HPOS="563"/>
<String CONTENT="309" HEIGHT="42" WIDTH="88" VPOS="2107" HPOS="591"/>
<SP HEIGHT="50" WIDTH="25" VPOS="2107" HPOS="680"/>
<String CONTENT="p." HEIGHT="38" WIDTH="44" VPOS="2119" HPOS="706"/>
<SP HEIGHT="41" WIDTH="53" VPOS="2108" HPOS="751"/>
<String CONTENT="illus." HEIGHT="41" WIDTH="130" VPOS="2108" HPOS="805"/>
<SP HEIGHT="48" WIDTH="27" VPOS="2107" HPOS="936"/>
<String CONTENT="(incl." HEIGHT="48" WIDTH="136" VPOS="2107" HPOS="964"/>
<SP HEIGHT="38" WIDTH="29" VPOS="2119" HPOS="1101"/>
<String CONTENT="plan)" HEIGHT="49" WIDTH="140" VPOS="2108" HPOS="1131"/>
<SP HEIGHT="48" WIDTH="65" VPOS="2108" HPOS="1272"/>
<String CONTENT="20" HEIGHT="41" WIDTH="57" VPOS="2108" HPOS="1338"/>
<String STYLE="superscript" CS="1" CONTENT="&#7580;&#7504;."/>
</TextLine>
<TextLine HEIGHT="49" WIDTH="1278" VPOS="2165" HPOS="392">
<String CONTENT="Author&#8217;s" HEIGHT="42" WIDTH="234" VPOS="2165" HPOS="392"/>
<SP HEIGHT="38" WIDTH="25" VPOS="2176" HPOS="627"/>
<String CONTENT="pseud.," HEIGHT="48" WIDTH="181" VPOS="2166" HPOS="653"/>
<SP HEIGHT="48" WIDTH="28" VPOS="2166" HPOS="835"/>
<String CONTENT="Leslie" HEIGHT="42" WIDTH="161" VPOS="2165" HPOS="864"/>
<SP HEIGHT="40" WIDTH="27" VPOS="2166" HPOS="1026"/>
<String CONTENT="Ford," HEIGHT="47" WIDTH="143" VPOS="2166" HPOS="1054"/>
<SP HEIGHT="36" WIDTH="28" VPOS="2177" HPOS="1198"/>
<String CONTENT="at" HEIGHT="38" WIDTH="52" VPOS="2168" HPOS="1227"/>
<SP HEIGHT="39" WIDTH="27" VPOS="2167" HPOS="1280"/>
<String CONTENT="head" HEIGHT="40" WIDTH="127" VPOS="2167" HPOS="1308"/>
<SP HEIGHT="41" WIDTH="28" VPOS="2167" HPOS="1436"/>
<String CONTENT="of" HEIGHT="42" WIDTH="54" VPOS="2166" HPOS="1465"/>
<SP HEIGHT="42" WIDTH="26" VPOS="2166" HPOS="1520"/>
<String CONTENT="title." HEIGHT="42" WIDTH="123" VPOS="2166" HPOS="1547"/>
</TextLine>
<TextLine HEIGHT="42" WIDTH="420" VPOS="2222" HPOS="394">
<String CONTENT="&#8220;First" HEIGHT="41" WIDTH="166" VPOS="2223" HPOS="394"/>
<SP HEIGHT="39" WIDTH="23" VPOS="2225" HPOS="561"/>
<String CONTENT="edition.&#8221;" HEIGHT="42" WIDTH="229" VPOS="2222" HPOS="585"/>
</TextLine>
<TextLine HEIGHT="50" WIDTH="1948" VPOS="2279" HPOS="393" CS="1">
<String CONTENT="London" HEIGHT="41" WIDTH="202" VPOS="2281" HPOS="393"/>
<SP HEIGHT="29" WIDTH="28" VPOS="2292" HPOS="596"/>
<String CONTENT="edition" HEIGHT="42" WIDTH="184" VPOS="2280" HPOS="625"/>
<SP HEIGHT="48" WIDTH="41" VPOS="2281" HPOS="810"/>
<String CONTENT="(V." HEIGHT="49" WIDTH="78" VPOS="2280" HPOS="852"/>
<SP HEIGHT="42" WIDTH="30" VPOS="2280" HPOS="931"/>
<String CONTENT="Gollancz," HEIGHT="48" WIDTH="244" VPOS="2280" HPOS="962"/>
<SP HEIGHT="48" WIDTH="30" VPOS="2280" HPOS="1207"/>
<String CONTENT="ltd.)" HEIGHT="48" WIDTH="114" VPOS="2279" HPOS="1238"/>
<SP HEIGHT="48" WIDTH="38" VPOS="2279" HPOS="1353"/>
<String CONTENT="has" HEIGHT="40" WIDTH="91" VPOS="2281" HPOS="1392"/>
<SP HEIGHT="39" WIDTH="29" VPOS="2282" HPOS="1484"/>
<String CS="1" CONTENT="title;" HEIGHT="42" WIDTH="109" VPOS="2279" HPOS="1514"/>
<SP HEIGHT="39" WIDTH="30" VPOS="2280" HPOS="1652"/>
<String CONTENT="Footsteps" HEIGHT="49" WIDTH="259" VPOS="2280" HPOS="1683"/>
<SP HEIGHT="30" WIDTH="29" VPOS="2291" HPOS="1943"/>
<String CONTENT="on" HEIGHT="29" WIDTH="61" VPOS="2292" HPOS="1973"/>
<SP HEIGHT="39" WIDTH="29" VPOS="2283" HPOS="2035"/>
<String CONTENT="the" HEIGHT="40" WIDTH="82" VPOS="2282" HPOS="2065"/>
<SP HEIGHT="30" WIDTH="29" VPOS="2292" HPOS="2148"/>
<String CONTENT="stairs." HEIGHT="43" WIDTH="163" VPOS="2279" HPOS="2178"/>
</TextLine>
<TextLine HEIGHT="53" WIDTH="2013" VPOS="2351" HPOS="331">
<String CONTENT="&#169;" HEIGHT="53" WIDTH="52" VPOS="2351" HPOS="331"/>
<SP HEIGHT="53" WIDTH="34" VPOS="2351" HPOS="384"/>
<String CONTENT="Sent." HEIGHT="41" WIDTH="128" VPOS="2355" HPOS="419"/>
<SP HEIGHT="40" WIDTH="31" VPOS="2355" HPOS="548"/>
<String CONTENT="17," HEIGHT="48" WIDTH="70" VPOS="2355" HPOS="580"/>
<SP HEIGHT="48" WIDTH="31" VPOS="2355" HPOS="651"/>
<String CONTENT="1931;" HEIGHT="47" WIDTH="142" VPOS="2354" HPOS="683"/>
<SP HEIGHT="47" WIDTH="32" VPOS="2354" HPOS="826"/>
<String CONTENT="2c." HEIGHT="40" WIDTH="67" VPOS="2354" HPOS="859"/>
<SP HEIGHT="29" WIDTH="33" VPOS="2365" HPOS="927"/>
<String CONTENT="and" HEIGHT="39" WIDTH="96" VPOS="2355" HPOS="961"/>
<SP HEIGHT="39" WIDTH="32" VPOS="2355" HPOS="1058"/>
<String CONTENT="aff." HEIGHT="41" WIDTH="82" VPOS="2353" HPOS="1091"/>
<SP HEIGHT="41" WIDTH="35" VPOS="2353" HPOS="1174"/>
<String CONTENT="Sept." HEIGHT="49" WIDTH="128" VPOS="2353" HPOS="1210"/>
<SP HEIGHT="42" WIDTH="32" VPOS="2352" HPOS="1339"/>
<String CONTENT="25;" HEIGHT="48" WIDTH="83" VPOS="2352" HPOS="1372"/>
<SP HEIGHT="46" WIDTH="34" VPOS="2354" HPOS="1456"/>
<!-- cceid F158AEFB-6E8D-1014-9CF5-AEB3FCA41D69 --><String CONTENT="A" HEIGHT="38" WIDTH="42" VPOS="2354" HPOS="1491"/>
<SP HEIGHT="39" WIDTH="29" VPOS="2354" HPOS="1534"/>
<String CONTENT="42970;" HEIGHT="48" WIDTH="173" VPOS="2353" HPOS="1564"/>
<SP HEIGHT="47" WIDTH="34" VPOS="2354" HPOS="1738"/>
<String CONTENT="Doubleday," HEIGHT="48" WIDTH="301" VPOS="2354" HPOS="1773"/>
<SP HEIGHT="48" WIDTH="32" VPOS="2354" HPOS="2075"/>
<String CONTENT="Doran" HEIGHT="40" WIDTH="168" VPOS="2354" HPOS="2108"/>
<SP HEIGHT="41" WIDTH="30" VPOS="2353" HPOS="2277"/>
<String CONTENT="&amp;" HEIGHT="40" WIDTH="36" VPOS="2353" HPOS="2308"/>
</TextLine>
<TextLine HEIGHT="50" WIDTH="558" VPOS="2411" HPOS="399">
<String CONTENT="co.," HEIGHT="38" WIDTH="82" VPOS="2423" HPOS="399"/>
<SP HEIGHT="48" WIDTH="28" VPOS="2413" HPOS="482"/>
<String CONTENT="inc." HEIGHT="40" WIDTH="92" VPOS="2413" HPOS="511"/>
<SP HEIGHT="48" WIDTH="70" VPOS="2412" HPOS="604"/>
<String CONTENT="(31-30510)" HEIGHT="49" WIDTH="282" VPOS="2411" HPOS="675"/>
</TextLine>
<TextLine HEIGHT="65" WIDTH="365" VPOS="2508" HPOS="329" STYLEREFS="StyleId-E49FF14A-C274-4370-A8BB-9E5E7954BB60-">
<String CONTENT="Colter," HEIGHT="64" WIDTH="218" VPOS="2509" HPOS="329"/>
<SP HEIGHT="64" WIDTH="34" VPOS="2509" HPOS="548"/>
<String CONTENT="Eli." HEIGHT="55" WIDTH="111" VPOS="2508" HPOS="583"/>
</TextLine>
<TextLine HEIGHT="75" WIDTH="1949" VPOS="2581" HPOS="395" STYLEREFS="StyleId-8A0F567B-E2D0-448E-8954-5A2AFE613ACD-" CS="1">
<String CONTENT="Bad" HEIGHT="54" WIDTH="131" VPOS="2585" HPOS="395"/>
<SP HEIGHT="53" WIDTH="28" VPOS="2585" HPOS="527"/>
<String CONTENT="man&#8217;s" HEIGHT="53" WIDTH="180" VPOS="2585" HPOS="556"/>
<SP HEIGHT="49" WIDTH="31" VPOS="2589" HPOS="737"/>
<String CONTENT="trail," HEIGHT="71" WIDTH="155" VPOS="2584" HPOS="769"/>
<SP HEIGHT="71" WIDTH="32" VPOS="2584" HPOS="925"/>
<String CONTENT="by" HEIGHT="72" WIDTH="75" VPOS="2584" HPOS="958"/>
<SP HEIGHT="71" WIDTH="32" VPOS="2585" HPOS="1034"/>
<String CONTENT="Eli" HEIGHT="53" WIDTH="97" VPOS="2585" HPOS="1067"/>
<SP HEIGHT="56" WIDTH="36" VPOS="2584" HPOS="1165"/>
<String CONTENT="Colter" HEIGHT="56" WIDTH="194" VPOS="2584" HPOS="1202"/>
<SP HEIGHT="36" WIDTH="36" VPOS="2603" HPOS="1397"/>
<String CS="1" CONTENT="&#8230;"/>
<SP HEIGHT="55" WIDTH="76" VPOS="2583" HPOS="1491"/>
<String CONTENT="New" HEIGHT="53" WIDTH="139" VPOS="2583" HPOS="1568"/>
<SP HEIGHT="52" WIDTH="36" VPOS="2584" HPOS="1708"/>
<String CONTENT="York," HEIGHT="68" WIDTH="180" VPOS="2584" HPOS="1745"/>
<SP HEIGHT="68" WIDTH="35" VPOS="2584" HPOS="1926"/>
<String CONTENT="A." HEIGHT="54" WIDTH="69" VPOS="2584" HPOS="1962"/>
<SP HEIGHT="54" WIDTH="35" VPOS="2584" HPOS="2032"/>
<String CONTENT="H." HEIGHT="52" WIDTH="76" VPOS="2584" HPOS="2068"/>
<SP HEIGHT="53" WIDTH="34" VPOS="2583" HPOS="2145"/>
<String CONTENT="King" HEIGHT="73" WIDTH="164" VPOS="2581" HPOS="2180"/>
</TextLine>
<TextLine HEIGHT="68" WIDTH="196" VPOS="2666" HPOS="330" STYLEREFS="StyleId-8A0F567B-E2D0-448E-8954-5A2AFE613ACD-" CS="1">
<String CONTENT="[" HEIGHT="35" WIDTH="13" VPOS="2699" HPOS="330"/>
<String STYLE="superscript" CS="1" CONTENT="&#7580;19"/>
<String CONTENT="31]" HEIGHT="67" WIDTH="85" VPOS="2666" HPOS="441"/>
</TextLine>
<TextLine HEIGHT="51" WIDTH="288" VPOS="2743" HPOS="396" CS="1">
<String CONTENT="271" HEIGHT="42" WIDTH="86" VPOS="2744" HPOS="396"/>
<SP HEIGHT="50" WIDTH="33" VPOS="2744" HPOS="483"/>
<String CONTENT="p." HEIGHT="39" WIDTH="43" VPOS="2755" HPOS="517"/>
<SP HEIGHT="42" WIDTH="64" VPOS="2744" HPOS="561"/>
<String CS="1" CONTENT="19&#189;" HEIGHT="42" WIDTH="58" VPOS="2743" HPOS="626"/>
<String STYLE="superscript" CS="1" CONTENT="&#7580;&#7504;."/>
</TextLine>
<TextLine HEIGHT="54" WIDTH="2010" VPOS="2815" HPOS="335">
<String CONTENT="&#169;" HEIGHT="54" WIDTH="52" VPOS="2815" HPOS="335"/>
<SP HEIGHT="54" WIDTH="27" VPOS="2815" HPOS="388"/>
<String CONTENT="Sept." HEIGHT="49" WIDTH="128" VPOS="2819" HPOS="416"/>
<SP HEIGHT="40" WIDTH="24" VPOS="2819" HPOS="545"/>
<String CONTENT="20," HEIGHT="49" WIDTH="71" VPOS="2818" HPOS="570"/>
<SP HEIGHT="49" WIDTH="23" VPOS="2818" HPOS="642"/>
<String CONTENT="1931;" HEIGHT="50" WIDTH="141" VPOS="2817" HPOS="666"/>
<SP HEIGHT="50" WIDTH="25" VPOS="2817" HPOS="808"/>
<String CONTENT="2c." HEIGHT="43" WIDTH="69" VPOS="2817" HPOS="834"/>
<SP HEIGHT="43" WIDTH="25" VPOS="2817" HPOS="904"/>
<String CONTENT="Oct." HEIGHT="44" WIDTH="103" VPOS="2817" HPOS="930"/>
<SP HEIGHT="44" WIDTH="25" VPOS="2817" HPOS="1034"/>
<String CONTENT="23;" HEIGHT="49" WIDTH="82" VPOS="2817" HPOS="1060"/>
<SP HEIGHT="37" WIDTH="28" VPOS="2829" HPOS="1143"/>
<String CONTENT="aff." HEIGHT="42" WIDTH="82" VPOS="2817" HPOS="1172"/>
<SP HEIGHT="42" WIDTH="27" VPOS="2817" HPOS="1255"/>
<String CONTENT="Oct." HEIGHT="42" WIDTH="103" VPOS="2817" HPOS="1283"/>
<SP HEIGHT="42" WIDTH="24" VPOS="2817" HPOS="1387"/>
<String CONTENT="21;" HEIGHT="48" WIDTH="84" VPOS="2817" HPOS="1412"/>
<SP HEIGHT="48" WIDTH="27" VPOS="2817" HPOS="1497"/>
<!-- cceid F158E96D-6E8D-1014-9CF5-AEB3FCA41D69 --><String CONTENT="A" HEIGHT="41" WIDTH="41" VPOS="2817" HPOS="1525"/>
<SP HEIGHT="41" WIDTH="22" VPOS="2817" HPOS="1567"/>
<String CONTENT="44380;" HEIGHT="49" WIDTH="174" VPOS="2817" HPOS="1590"/>
<SP HEIGHT="49" WIDTH="27" VPOS="2817" HPOS="1765"/>
<String CONTENT="Alfred" HEIGHT="43" WIDTH="174" VPOS="2817" HPOS="1793"/>
<SP HEIGHT="41" WIDTH="25" VPOS="2819" HPOS="1968"/>
<String CONTENT="H." HEIGHT="41" WIDTH="61" VPOS="2819" HPOS="1994"/>
<SP HEIGHT="41" WIDTH="25" VPOS="2819" HPOS="2056"/>
<String CONTENT="King," HEIGHT="49" WIDTH="144" VPOS="2818" HPOS="2082"/>
<SP HEIGHT="49" WIDTH="27" VPOS="2818" HPOS="2227"/>
<String CONTENT="inc." HEIGHT="41" WIDTH="90" VPOS="2818" HPOS="2255"/>
</TextLine>
<TextLine HEIGHT="49" WIDTH="283" VPOS="2877" HPOS="414">
<String CONTENT="(31-30500)" HEIGHT="49" WIDTH="283" VPOS="2877" HPOS="414"/>
</TextLine>
<TextLine HEIGHT="66" WIDTH="748" VPOS="2972" HPOS="334" STYLEREFS="StyleId-E49FF14A-C274-4370-A8BB-9E5E7954BB60-">
<String CONTENT="Cooper," HEIGHT="65" WIDTH="243" VPOS="2973" HPOS="334"/>
<SP HEIGHT="64" WIDTH="28" VPOS="2974" HPOS="578"/>
<String CONTENT="Lettice" HEIGHT="56" WIDTH="231" VPOS="2972" HPOS="607"/>
<SP HEIGHT="54" WIDTH="26" VPOS="2974" HPOS="839"/>
<String CONTENT="Ulpha." HEIGHT="65" WIDTH="216" VPOS="2973" HPOS="866"/>
</TextLine>
<TextLine HEIGHT="134" WIDTH="1992" VPOS="3049" HPOS="333" STYLEREFS="StyleId-8A0F567B-E2D0-448E-8954-5A2AFE613ACD-" CS="1">
<String CONTENT="Private" HEIGHT="54" WIDTH="241" VPOS="3050" HPOS="403"/>
<SP HEIGHT="34" WIDTH="20" VPOS="3070" HPOS="645"/>
<String CONTENT="enterprise," HEIGHT="69" WIDTH="332" VPOS="3051" HPOS="666"/>
<SP HEIGHT="68" WIDTH="21" VPOS="3050" HPOS="999"/>
<String CONTENT="by" HEIGHT="70" WIDTH="76" VPOS="3050" HPOS="1021"/>
<SP HEIGHT="70" WIDTH="20" VPOS="3050" HPOS="1098"/>
<String CONTENT="Lettice" HEIGHT="55" WIDTH="221" VPOS="3050" HPOS="1119"/>
<SP HEIGHT="55" WIDTH="20" VPOS="3051" HPOS="1341"/>
<String CONTENT="Ulpha" HEIGHT="69" WIDTH="201" VPOS="3051" HPOS="1362"/>
<SP HEIGHT="56" WIDTH="23" VPOS="3050" HPOS="1564"/>
<String CONTENT="Cooper." HEIGHT="70" WIDTH="240" VPOS="3050" HPOS="1588"/>
<SP HEIGHT="53" WIDTH="73" VPOS="3050" HPOS="1829"/>
<String CONTENT="London," HEIGHT="65" WIDTH="261" VPOS="3050" HPOS="1903"/>
<SP HEIGHT="66" WIDTH="21" VPOS="3049" HPOS="2165"/>
<String CONTENT="Hodder" HEIGHT="134" WIDTH="1992" VPOS="3049" HPOS="333"/>
</TextLine>
<TextLine HEIGHT="71" WIDTH="956" VPOS="3128" HPOS="463" STYLEREFS="StyleId-8A0F567B-E2D0-448E-8954-5A2AFE613ACD-">
<String CONTENT="and" HEIGHT="53" WIDTH="115" VPOS="3130" HPOS="463"/>
<SP HEIGHT="57" WIDTH="29" VPOS="3128" HPOS="579"/>
<String CONTENT="Stoughton," HEIGHT="71" WIDTH="347" VPOS="3128" HPOS="609"/>
<SP HEIGHT="68" WIDTH="27" VPOS="3130" HPOS="957"/>
<String CONTENT="limited" HEIGHT="54" WIDTH="224" VPOS="3129" HPOS="985"/>
<SP HEIGHT="68" WIDTH="34" VPOS="3130" HPOS="1210"/>
<String CONTENT="[1931]" HEIGHT="65" WIDTH="174" VPOS="3133" HPOS="1245"/>
</TextLine>
<TextLine HEIGHT="50" WIDTH="278" VPOS="3212" HPOS="399" CS="1">
<String CONTENT="320" HEIGHT="41" WIDTH="89" VPOS="3213" HPOS="399"/>
<SP HEIGHT="49" WIDTH="26" VPOS="3213" HPOS="489"/>
<String CONTENT="p." HEIGHT="38" WIDTH="44" VPOS="3224" HPOS="516"/>
<SP HEIGHT="40" WIDTH="59" VPOS="3214" HPOS="561"/>
<String CONTENT="19" HEIGHT="41" WIDTH="56" VPOS="3212" HPOS="621"/>
<String STYLE="superscript" CS="1" CONTENT="&#7580;&#7504;."/>
</TextLine>
<TextLine HEIGHT="111" WIDTH="1994" VPOS="3266" HPOS="338" CS="1">
<String CONTENT="&#169;" HEIGHT="53" WIDTH="52" VPOS="3266" HPOS="338"/>
<SP/>
<String CS="1" CONTENT="1c."/>
<SP/>
<String CONTENT="Oct." HEIGHT="40" WIDTH="102" VPOS="3271" HPOS="515"/>
<SP HEIGHT="39" WIDTH="27" VPOS="3271" HPOS="618"/>
<String CONTENT="14." HEIGHT="42" WIDTH="70" VPOS="3271" HPOS="646"/>
<SP HEIGHT="42" WIDTH="27" VPOS="3271" HPOS="717"/>
<String CS="1" CONTENT="1931;" HEIGHT="43" WIDTH="113" VPOS="3268" HPOS="745"/>
<SP HEIGHT="47" WIDTH="28" VPOS="3271" HPOS="888"/>
<!-- cceid F15922AE-6E8D-1014-9CF5-AEB3FCA41D69 --><String CONTENT="A" HEIGHT="39" WIDTH="41" VPOS="3271" HPOS="917"/>
<SP HEIGHT="40" WIDTH="26" VPOS="3271" HPOS="959"/>
<String CONTENT="ad" HEIGHT="39" WIDTH="62" VPOS="3272" HPOS="986"/>
<SP HEIGHT="40" WIDTH="26" VPOS="3271" HPOS="1049"/>
<String CONTENT="int." HEIGHT="41" WIDTH="87" VPOS="3271" HPOS="1076"/>
<SP HEIGHT="40" WIDTH="28" VPOS="3272" HPOS="1164"/>
<String CS="1" CONTENT="15550;" HEIGHT="41" WIDTH="149" VPOS="3270" HPOS="1193"/>
<SP HEIGHT="38" WIDTH="29" VPOS="3281" HPOS="1366"/>
<String CONTENT="pubd." HEIGHT="47" WIDTH="144" VPOS="3272" HPOS="1396"/>
<SP HEIGHT="39" WIDTH="28" VPOS="3272" HPOS="1541"/>
<String CONTENT="Aug." HEIGHT="48" WIDTH="120" VPOS="3272" HPOS="1570"/>
<SP HEIGHT="41" WIDTH="28" VPOS="3270" HPOS="1691"/>
<String CS="1" CONTENT="20;" HEIGHT="41" WIDTH="58" VPOS="3270" HPOS="1720"/>
<SP HEIGHT="48" WIDTH="30" VPOS="3270" HPOS="1804"/>
<String CONTENT="L." HEIGHT="40" WIDTH="50" VPOS="3270" HPOS="1835"/>
<SP HEIGHT="40" WIDTH="30" VPOS="3271" HPOS="1886"/>
<String CONTENT="U." HEIGHT="41" WIDTH="57" VPOS="3271" HPOS="1917"/>
<SP HEIGHT="42" WIDTH="28" VPOS="3270" HPOS="1975"/>
<String CONTENT="Cooper," HEIGHT="49" WIDTH="197" VPOS="3270" HPOS="2004"/>
<SP HEIGHT="48" WIDTH="27" VPOS="3270" HPOS="2202"/>
<String CONTENT="London." HEIGHT="99" WIDTH="1925" VPOS="3270" HPOS="407"/>
<SP HEIGHT="48" WIDTH="70" VPOS="3328" HPOS="516"/>
<String CONTENT="(31-31334)" HEIGHT="49" WIDTH="282" VPOS="3328" HPOS="587"/>
</TextLine>
<TextLine HEIGHT="67" WIDTH="840" VPOS="3422" HPOS="335" STYLEREFS="StyleId-E49FF14A-C274-4370-A8BB-9E5E7954BB60-" CS="1">
<String CS="1" CONTENT="Dumond," HEIGHT="64" WIDTH="294" VPOS="3423" HPOS="335"/>
<SP HEIGHT="64" WIDTH="31" VPOS="3423" HPOS="630"/>
<String CONTENT="Dwight" HEIGHT="67" WIDTH="245" VPOS="3422" HPOS="662"/>
<SP HEIGHT="54" WIDTH="31" VPOS="3424" HPOS="908"/>
<String CONTENT="Lowell." HEIGHT="58" WIDTH="235" VPOS="3424" HPOS="940"/>
</TextLine>
<TextLine HEIGHT="134" WIDTH="1985" VPOS="3502" HPOS="339" STYLEREFS="StyleId-8A0F567B-E2D0-448E-8954-5A2AFE613ACD-" CS="1">
<String CONTENT="The" HEIGHT="55" WIDTH="124" VPOS="3502" HPOS="407"/>
<SP HEIGHT="34" WIDTH="30" VPOS="3523" HPOS="532"/>
<String CONTENT="secession" HEIGHT="54" WIDTH="274" VPOS="3504" HPOS="563"/>
<SP HEIGHT="35" WIDTH="31" VPOS="3523" HPOS="838"/>
<String CONTENT="movement," HEIGHT="65" WIDTH="339" VPOS="3510" HPOS="870"/>
<SP HEIGHT="66" WIDTH="34" VPOS="3509" HPOS="1210"/>
<String CONTENT="1860-1861," HEIGHT="67" WIDTH="329" VPOS="3508" HPOS="1245"/>
<SP HEIGHT="69" WIDTH="29" VPOS="3506" HPOS="1575"/>
<String CONTENT="by" HEIGHT="69" WIDTH="76" VPOS="3506" HPOS="1605"/>
<SP HEIGHT="70" WIDTH="29" VPOS="3505" HPOS="1682"/>
<String CONTENT="Dwight" HEIGHT="70" WIDTH="242" VPOS="3504" HPOS="1712"/>
<SP HEIGHT="53" WIDTH="29" VPOS="3504" HPOS="1955"/>
<String CONTENT="Lowell" HEIGHT="54" WIDTH="216" VPOS="3503" HPOS="1985"/>
<SP HEIGHT="52" WIDTH="29" VPOS="3504" HPOS="2202"/>
<String CONTENT="Dumond" HEIGHT="132" WIDTH="1985" VPOS="3504" HPOS="339"/>
<SP HEIGHT="53" WIDTH="39" VPOS="3583" HPOS="513"/>
<String CS="1" CONTENT="&#8230;"/>
<SP HEIGHT="53" WIDTH="75" VPOS="3582" HPOS="611"/>
<String CONTENT="New" HEIGHT="54" WIDTH="139" VPOS="3582" HPOS="687"/>
</TextLine>
<TextLine HEIGHT="70" WIDTH="1241" VPOS="3582" HPOS="864" STYLEREFS="StyleId-8A0F567B-E2D0-448E-8954-5A2AFE613ACD-">
<String CONTENT="York," HEIGHT="69" WIDTH="181" VPOS="3582" HPOS="864"/>
<SP HEIGHT="67" WIDTH="35" VPOS="3584" HPOS="1046"/>
<String CONTENT="The" HEIGHT="54" WIDTH="123" VPOS="3584" HPOS="1082"/>
<SP HEIGHT="54" WIDTH="34" VPOS="3584" HPOS="1206"/>
<String CONTENT="Macmillan" HEIGHT="54" WIDTH="338" VPOS="3583" HPOS="1241"/>
<SP HEIGHT="37" WIDTH="36" VPOS="3600" HPOS="1580"/>
<String CONTENT="company," HEIGHT="52" WIDTH="299" VPOS="3600" HPOS="1617"/>
<SP HEIGHT="65" WIDTH="38" VPOS="3587" HPOS="1917"/>
<String CONTENT="1931." HEIGHT="50" WIDTH="149" VPOS="3586" HPOS="1956"/>
</TextLine>
<TextLine HEIGHT="52" WIDTH="649" VPOS="3660" HPOS="407" CS="1">
<String LANG="en-US" CONTENT="vi" HEIGHT="41" WIDTH="48" VPOS="3660" HPOS="407"/>
<SP HEIGHT="51" WIDTH="24" VPOS="3660" HPOS="456"/>
<String LANG="en-US" CONTENT="p.," HEIGHT="39" WIDTH="58" VPOS="3672" HPOS="481"/>
<SP HEIGHT="48" WIDTH="23" VPOS="3662" HPOS="540"/>
<String LANG="en-US" CONTENT="2" HEIGHT="40" WIDTH="28" VPOS="3662" HPOS="564"/>
<SP HEIGHT="40" WIDTH="24" VPOS="3662" HPOS="593"/>
<String LANG="en-US" CS="1" CONTENT="l.,"/>
<SP HEIGHT="47" WIDTH="24" VPOS="3662" HPOS="665"/>
<String LANG="en-US" CONTENT="294" HEIGHT="42" WIDTH="87" VPOS="3661" HPOS="690"/>
<SP HEIGHT="49" WIDTH="25" VPOS="3663" HPOS="778"/>
<String LANG="fr" CONTENT="p." HEIGHT="39" WIDTH="43" VPOS="3673" HPOS="804"/>
<SP HEIGHT="41" WIDTH="57" VPOS="3663" HPOS="848"/>
<String LANG="fr" CONTENT="20" HEIGHT="43" WIDTH="59" VPOS="3662" HPOS="906"/>
<String LANG="en-US" CS="1" CONTENT="&#189;"/>
<String STYLE="superscript" LANG="en-US" CS="1" CONTENT="&#7580;&#7504;"/>
<String LANG="fr" CONTENT="." HEIGHT="10" WIDTH="10" VPOS="3695" HPOS="1046"/>
</TextLine>
<TextLine HEIGHT="52" WIDTH="1942" VPOS="3717" HPOS="409">
<String CONTENT="&#8220;This" HEIGHT="42" WIDTH="148" VPOS="3717" HPOS="409"/>
<SP HEIGHT="30" WIDTH="27" VPOS="3729" HPOS="558"/>
<String CONTENT="monograph" HEIGHT="46" WIDTH="299" VPOS="3722" HPOS="586"/>
<SP HEIGHT="39" WIDTH="29" VPOS="3722" HPOS="886"/>
<String CONTENT="was" HEIGHT="30" WIDTH="103" VPOS="3731" HPOS="916"/>
<SP HEIGHT="30" WIDTH="28" VPOS="3731" HPOS="1020"/>
<String CONTENT="submitted" HEIGHT="42" WIDTH="267" VPOS="3720" HPOS="1049"/>
<SP HEIGHT="40" WIDTH="31" VPOS="3721" HPOS="1317"/>
<String CONTENT="originally" HEIGHT="49" WIDTH="262" VPOS="3720" HPOS="1349"/>
<SP HEIGHT="45" WIDTH="29" VPOS="3724" HPOS="1612"/>
<String CONTENT="to" HEIGHT="38" WIDTH="50" VPOS="3724" HPOS="1642"/>
<SP HEIGHT="39" WIDTH="27" VPOS="3722" HPOS="1693"/>
<String CONTENT="the" HEIGHT="40" WIDTH="83" VPOS="3721" HPOS="1721"/>
<SP HEIGHT="40" WIDTH="28" VPOS="3721" HPOS="1805"/>
<String CONTENT="Board" HEIGHT="41" WIDTH="165" VPOS="3720" HPOS="1834"/>
<SP HEIGHT="40" WIDTH="29" VPOS="3720" HPOS="2000"/>
<String CONTENT="of" HEIGHT="41" WIDTH="53" VPOS="3719" HPOS="2030"/>
<SP HEIGHT="49" WIDTH="27" VPOS="3719" HPOS="2084"/>
<String CONTENT="graduate" HEIGHT="48" WIDTH="239" VPOS="3720" HPOS="2112"/>
</TextLine>
<TextLine HEIGHT="54" WIDTH="1985" VPOS="3773" HPOS="336" CS="1">
<String CONTENT="studies" HEIGHT="43" WIDTH="189" VPOS="3773" HPOS="336"/>
<SP HEIGHT="40" WIDTH="43" VPOS="3776" HPOS="526"/>
<String CONTENT="in" HEIGHT="41" WIDTH="51" VPOS="3776" HPOS="570"/>
<SP HEIGHT="39" WIDTH="45" VPOS="3778" HPOS="622"/>
<String CONTENT="the" HEIGHT="41" WIDTH="83" VPOS="3777" HPOS="668"/>
<SP HEIGHT="41" WIDTH="43" VPOS="3777" HPOS="752"/>
<String CONTENT="University" HEIGHT="50" WIDTH="285" VPOS="3776" HPOS="796"/>
<SP HEIGHT="37" WIDTH="44" VPOS="3789" HPOS="1082"/>
<String CONTENT="of" HEIGHT="41" WIDTH="52" VPOS="3778" HPOS="1127"/>
<SP HEIGHT="40" WIDTH="44" VPOS="3778" HPOS="1180"/>
<String CONTENT="Michigan" HEIGHT="49" WIDTH="250" VPOS="3777" HPOS="1225"/>
<SP HEIGHT="40" WIDTH="43" VPOS="3778" HPOS="1476"/>
<String CONTENT="in" HEIGHT="40" WIDTH="51" VPOS="3778" HPOS="1520"/>
<SP HEIGHT="39" WIDTH="42" VPOS="3788" HPOS="1572"/>
<String CONTENT="partial" HEIGHT="50" WIDTH="184" VPOS="3777" HPOS="1615"/>
<SP HEIGHT="40" WIDTH="42" VPOS="3777" HPOS="1800"/>
<String CONTENT="fulfillment" HEIGHT="41" WIDTH="286" VPOS="3777" HPOS="1843"/>
<SP HEIGHT="39" WIDTH="43" VPOS="3778" HPOS="2130"/>
<String CONTENT="of" HEIGHT="41" WIDTH="52" VPOS="3776" HPOS="2174"/>
<SP HEIGHT="41" WIDTH="41" VPOS="3776" HPOS="2227"/>
<String CS="1" CONTENT="the" HEIGHT="41" WIDTH="52" VPOS="3776" HPOS="2269"/>
</TextLine>
<TextLine HEIGHT="54" WIDTH="1705" VPOS="3830" HPOS="338">
<String CONTENT="requirements" HEIGHT="48" WIDTH="355" VPOS="3830" HPOS="338"/>
<SP HEIGHT="40" WIDTH="26" VPOS="3834" HPOS="694"/>
<String CONTENT="for" HEIGHT="40" WIDTH="79" VPOS="3834" HPOS="721"/>
<SP HEIGHT="39" WIDTH="28" VPOS="3836" HPOS="801"/>
<String CONTENT="the" HEIGHT="41" WIDTH="83" VPOS="3835" HPOS="830"/>
<SP HEIGHT="40" WIDTH="29" VPOS="3835" HPOS="914"/>
<String CONTENT="degree" HEIGHT="48" WIDTH="174" VPOS="3835" HPOS="944"/>
<SP HEIGHT="30" WIDTH="29" VPOS="3846" HPOS="1119"/>
<String CONTENT="of" HEIGHT="41" WIDTH="53" VPOS="3834" HPOS="1149"/>
<SP HEIGHT="42" WIDTH="29" VPOS="3834" HPOS="1203"/>
<String CONTENT="doctor" HEIGHT="40" WIDTH="168" VPOS="3836" HPOS="1233"/>
<SP HEIGHT="30" WIDTH="28" VPOS="3846" HPOS="1402"/>
<String CONTENT="of" HEIGHT="42" WIDTH="53" VPOS="3834" HPOS="1431"/>
<SP HEIGHT="50" WIDTH="29" VPOS="3834" HPOS="1485"/>
<String CONTENT="philosophy.&#8221;&#8212;Pref." HEIGHT="50" WIDTH="528" VPOS="3834" HPOS="1515"/>
</TextLine>
<TextLine HEIGHT="53" WIDTH="1456" VPOS="3887" HPOS="407" CS="1">
<String CS="1" CONTENT="Bibliography;" HEIGHT="52" WIDTH="353" VPOS="3887" HPOS="407"/>
<SP HEIGHT="38" WIDTH="28" VPOS="3902" HPOS="789"/>
<String CONTENT="p." HEIGHT="38" WIDTH="44" VPOS="3902" HPOS="818"/>
<SP HEIGHT="41" WIDTH="24" VPOS="3892" HPOS="863"/>
<String CS="1" CONTENT="273-286;" HEIGHT="45" WIDTH="207" VPOS="3889" HPOS="888"/>
<SP HEIGHT="45" WIDTH="29" VPOS="3892" HPOS="1122"/>
<String CONTENT="bibliographical" HEIGHT="49" WIDTH="404" VPOS="3891" HPOS="1152"/>
<SP HEIGHT="42" WIDTH="26" VPOS="3891" HPOS="1557"/>
<String CONTENT="foot-notes." HEIGHT="42" WIDTH="279" VPOS="3891" HPOS="1584"/>
</TextLine>
<TextLine HEIGHT="58" WIDTH="1711" VPOS="3940" HPOS="341" CS="1">
<String CONTENT="&#169;" HEIGHT="58" WIDTH="53" VPOS="3940" HPOS="341"/>
<SP HEIGHT="58" WIDTH="27" VPOS="3940" HPOS="395"/>
<String CONTENT="Oct." HEIGHT="42" WIDTH="102" VPOS="3945" HPOS="423"/>
<SP HEIGHT="41" WIDTH="25" VPOS="3946" HPOS="526"/>
<String CONTENT="20," HEIGHT="49" WIDTH="71" VPOS="3946" HPOS="552"/>
<SP HEIGHT="46" WIDTH="24" VPOS="3949" HPOS="624"/>
<String CS="1" CONTENT="1931;" HEIGHT="45" WIDTH="115" VPOS="3946" HPOS="649"/>
<SP HEIGHT="49" WIDTH="27" VPOS="3948" HPOS="792"/>
<String CONTENT="2c." HEIGHT="46" WIDTH="68" VPOS="3948" HPOS="820"/>
<SP HEIGHT="35" WIDTH="27" VPOS="3959" HPOS="889"/>
<String CONTENT="and" HEIGHT="44" WIDTH="97" VPOS="3951" HPOS="917"/>
<SP HEIGHT="44" WIDTH="26" VPOS="3951" HPOS="1015"/>
<String CONTENT="aff." HEIGHT="46" WIDTH="82" VPOS="3949" HPOS="1042"/>
<SP HEIGHT="46" WIDTH="28" VPOS="3949" HPOS="1125"/>
<String CONTENT="Oct." HEIGHT="44" WIDTH="102" VPOS="3949" HPOS="1154"/>
<SP HEIGHT="40" WIDTH="27" VPOS="3949" HPOS="1257"/>
<String CS="1" CONTENT="21;" HEIGHT="40" WIDTH="54" VPOS="3949" HPOS="1285"/>
<SP HEIGHT="48" WIDTH="28" VPOS="3950" HPOS="1369"/>
<!-- cceid F15959DB-6E8D-1014-9CF5-AEB3FCA41D69 --><String CONTENT="A" HEIGHT="41" WIDTH="42" VPOS="3950" HPOS="1398"/>
<SP HEIGHT="41" WIDTH="24" VPOS="3950" HPOS="1441"/>
<String CS="1" CONTENT="44299;" HEIGHT="43" WIDTH="147" VPOS="3948" HPOS="1466"/>
<SP HEIGHT="47" WIDTH="31" VPOS="3951" HPOS="1640"/>
<String CONTENT="Macmillan" HEIGHT="44" WIDTH="283" VPOS="3948" HPOS="1672"/>
<SP HEIGHT="31" WIDTH="26" VPOS="3960" HPOS="1956"/>
<String CONTENT="co." HEIGHT="32" WIDTH="69" VPOS="3959" HPOS="1983"/>
</TextLine>
<TextLine HEIGHT="54" WIDTH="282" VPOS="4002" HPOS="420">
<String CONTENT="(31-30548)" HEIGHT="54" WIDTH="282" VPOS="4002" HPOS="420"/>
</TextLine>
</TextBlock>
</PrintSpace>
</Page>
</Layout>
</alto>