2428 4370
1212 4086 135 50 1648

353 499 245 47 Enlarged
645 499 182 40 edition
872 499 51 40 of
965 500 40 38 A
1048 510 169 30 course
1260 499 51 40 of
1353 502 186 38 lessons
1583 501 94 39 and
1722 500 242 40 exercises
2007 501 47 39 in
2096 505 192 43 general

280 555 279 50 chemistry,
585 557 61 48 by
675 558 51 40 E.
753 557 50 41 P.
833 558 199 45 Schoch,
1061 557 129 41 1914.

352 614 391 41 “International
778 617 179 40 atomic
992 615 219 48 weights,
1249 615 142 40 1931”
1428 627 61 29 on
1524 616 365 49 lining-papers.

284 682 52 53 ©
366 687 127 48 Sept.
523 687 69 47 10,
620 686 113 41 1931;
789 688 67 40 2c.
884 689 97 38 and
1009 687 81 40 aff.
1121 688 101 40 Oct.
1253 687 55 40 19;
1365 688 41 39 A
1432 688 144 39 44241;
1636 689 52 39 E.
1717 688 50 40 P.
1800 688 185 40 Schoch
2014 689 95 39 and
2138 689 70 39 W.
2239 689 52 40 A.

352 744 210 47 Felsing,
595 745 193 46 Austin,
821 745 115 40 Tex.
1011 745 282 47 (31-30322)

279 839 325 65 Semenow,
640 840 222 53 Robert
896 840 277 55 William.

347 916 121 54 The
493 916 430 70 Pennsylvania
950 919 109 51 law
1087 917 65 52 of
1177 919 118 51 real
1323 924 175 47 estate
1524 916 332 70 brokerage,
1883 918 267 53 landlord
2180 918 109 52 and

276 1001 227 61 tenant;
541 1014 33 33 a
606 995 196 69 handy
837 997 348 68 elementary
1218 996 148 53 book
1401 995 95 53 for
1528 995 224 68 broker,
1787 1013 206 49 owner,
2029 996 113 53 and

275 1001 2017 135 student, by Robert W. Semenow … New York, Prentice-Hall,
275 1151 130 68 inc.,
441 1155 152 50 1931.

346 1235 588 49 xiv p., 1 l., 272 p. 23½ ᶜᵐ.
283 1302 51 53 ©
364 1307 127 48 Sept.
519 1308 68 48 18,
615 1306 112 42 1931;
784 1307 66 40 2c.
881 1308 127 48 Sept.
1034 1307 55 41 30;
1147 1307 81 42 aff.
1259 1308 127 47 Sept.
1415 1307 55 40 26;
1529 1308 39 37 A
1593 1307 147 40 42797;
1797 1307 376 47 Prentice-Hall,
2202 1308 90 39 inc.

365 1364 283 49 (31-30320)

277 1458 308 65 Skillman,
615 1461 202 63 Harry
844 1461 236 62 Bowne,
1115 1463 172 52 1874-

346 1540 135 49 1931
518 1536 379 69 Supplement
929 1544 59 46 to
1020 1538 131 53 Van
1186 1536 876 69 Epps-Akin-Stevens-Gillen
2098 1537 193 53 index-

274 1616 234 69 digests,
538 1615 259 55 Michie’s
829 1617 188 68 digest
1048 1615 65 53 of
1144 1615 278 54 decisions
1455 1615 64 53 of
1549 1616 95 52 the
1679 1614 276 69 Supreme
1986 1622 161 46 court
2179 1616 108 52 and

275 1693 182 56 Court
485 1694 65 54 of
578 1696 234 68 appeals
841 1694 65 54 of
935 1694 251 70 Georgia
1215 1695 114 53 and
1356 1698 59 50 to
1445 1695 96 53 the
1570 1693 250 71 Georgia
1848 1695 134 53 code;
273 1694 1994 148 embracing

417 1773 251 70 Georgia
713 1773 278 69 Supreme
1032 1779 163 48 court
1236 1778 242 64 reports,
1518 1774 253 52 volumes
1816 1776 260 65 163-170,
272 1774 1996 147 Georgia

406 1854 236 66 appeals
679 1857 242 63 reports,
956 1853 254 52 volumes
1247 1855 84 63 23,
1370 1855 190 64 36-41,
1597 1852 114 53 and
1748 1852 392 54 amendments
2178 1852 109 53 and

273 1931 293 53 additions
597 1931 165 52 made
793 1930 76 70 by
902 1930 96 54 the
1032 1930 248 55 General
1313 1929 282 69 assembly
1629 1936 58 47 at
1720 1930 95 53 the
1850 1931 440 69 extraordinary

272 2009 213 53 session
519 2008 65 54 of
618 2012 150 50 1931.
845 2010 92 68 By
968 2008 201 70 Harry
1202 2010 67 51 B.
1308 2008 303 55 Skillman.
1688 2008 259 68 Atlanta,
1984 2009 120 55 The
273 2010 1995 131 Harrison
457 2105 299 51 company,
787 2090 150 50 1931.

344 2171 417 48 xii, 1041 p. 26½ ᶜᵐ.
347 2228 220 42 Sections
612 2227 249 46 including
904 2227 315 48 Supplement
1264 2228 48 39 to
1357 2225 204 48 Georgia
1609 2227 129 45 code,
1782 2228 96 38 and
1924 2227 202 49 Georgia
2174 2229 116 39 code

273 2286 147 40 index
451 2286 120 40 each
603 2285 234 48 preceded
868 2285 63 47 by
958 2284 239 40 half-title
1228 2285 83 39 not
1341 2283 226 41 included
1598 2284 48 39 in
1678 2284 81 40 the
1791 2284 191 48 paging.

281 2339 52 53 ©
365 2344 102 42 Oct.
499 2344 68 47 15,
598 2342 141 48 1931;
773 2343 65 39 2c.
870 2343 95 38 and
996 2341 82 40 aff.
1112 2341 101 40 Oct.
1247 2342 54 38 17;
1361 2341 41 38 A
1432 2340 145 41 43310;
1638 2341 244 40 Harrison
1940 2353 40 28 co.

361 2400 283 49 (31-30308)

273 2496 322 63 Slocombe,
632 2496 247 64 George.

347 2573 1780 71 The white plumed Henry, king of France, by George
275 2573 1990 148 Slocombe … New York, Cosmopolitan book corporation, 1931.
376 2733 1082 50 x p., 2 l., 3-378 p. front., pl., ports. 24½ ᶜᵐ.
345 2793 165 40 “First
538 2791 229 42 edition.”

278 2847 53 53 ©
361 2852 102 41 Oct.
491 2851 41 47 9,
560 2849 113 42 1931;
732 2849 65 41 2c.
828 2851 95 38 and
952 2848 81 43 aff.
1064 2848 101 41 Oct.
1196 2847 55 40 12;
1310 2848 40 39 A
1377 2846 144 41 44201;
1584 2847 52 41 G.
1669 2847 261 46 Slocombe,
1961 2845 156 42 Paris.

357 2908 282 50 (31-30270)

274 3002 217 64 Smith,
520 3005 204 63 Harry
752 3003 216 63 Bache,
1003 3008 170 49 1860-

274 3078 1990 143 First nights and first editions, by Harry B. Smith … Boston,
419 3162 196 57 Little,
646 3163 230 67 Brown,
907 3162 109 52 and
1049 3178 298 50 company,
1382 3162 146 50 1931.

341 3239 1283 54 3 p. l., [v]-x, 325 p. front., ports., facsims. 23 ᶜᵐ.
343 3297 374 50 “Autographed
743 3296 226 44 edition.”

343 3355 143 40 “Two
514 3357 220 39 hundred
765 3356 92 39 and
890 3354 130 49 sixty
1048 3354 160 48 copies
1236 3354 52 40 of
1315 3353 100 39 this
1443 3352 332 48 autographed
1805 3350 181 41 edition
2020 3352 121 38 have
2170 3351 113 38 been

270 3412 206 47 printed,
505 3414 92 39 and
629 3412 235 41 inscribed
895 3413 59 45 by
983 3413 81 38 the
1091 3412 190 42 author,
1310 3410 53 39 of
1390 3410 154 39 which
1574 3412 93 38 two
1699 3409 216 40 hundred
1945 3408 92 39 and
2071 3408 105 47 fifty
2205 3421 22 25 are

271 3468 79 39 for
373 3470 115 40 sale.
546 3468 118 41 This
691 3469 43 40 is
758 3479 117 37 copy
904 3466 293 49 copyright."

279 3524 52 53 ©
359 3529 100 40 Oct.
487 3528 40 43 2,
553 3527 112 40 1931;
721 3526 67 40 2c.
814 3527 95 38 and
936 3524 82 42 aff.
1046 3525 101 40 Oct.
1174 3525 25 38 3;
1255 3524 40 39 A
1320 3523 145 41 42873;
1521 3524 59 39 H.
1610 3524 53 40 B.
1693 3522 171 41 Smith.
1893 3522 115 39 New
2037 3520 141 41 York.

358 3571 282 61 (31-30250)

275 3678 198 66 Swift,
512 3680 202 63 Edgar
750 3679 222 62 James,
1014 3683 169 50 1860-

345 3751 1938 75 The jungle of the mind, by Edgar James Swift … New
275 3833 180 66 York,
482 3835 260 68 London,
771 3835 61 55 C.
864 3832 315 58 Scribner’s
1208 3850 145 35 sons.
1386 3835 149 50 1931.

346 3915 553 50 ix p., 1 l., 340 p. 21 ᶜᵐ.
280 3968 52 54 ©
366 3972 126 49 Sept.
523 3973 69 43 25.
624 3973 106 42 1931;
796 3972 65 43 2c.
895 3972 102 43 Oct.
1029 3972 53 41 10;
1144 3972 82 41 aff.
1258 3972 103 41 Oct.
1393 3973 55 38 12;
1508 3971 39 40 A
1577 3970 145 41 44007;
1785 3969 202 41 Charles
2022 3966 223 42 Scribner's

348 4040 125 31 sons.
549 4031 280 48 (31-30331)
