2575 4398
1331 4102 67 52 38

415 486 1956 53 xii p., 1 l., 675, liv p. front., illus., plates, ports., maps (part double)
341 544 148 40 20½ᶜᵐ.
607 542 133 50 $2.00

417 602 137 41 “List
577 602 53 41 of
652 603 149 40 books
825 605 49 38 to
901 601 157 42 which
1087 601 275 42 references
1385 612 85 31 are
1492 602 170 43 made”:
1718 614 43 38 p.
1788 603 340 41 xxxiii-xxxv.
344 604 2020 96 “References”
543 661 53 40 at
624 661 92 39 end
745 659 51 40 of
823 662 127 38 most
977 659 53 40 of
1056 659 83 42 the
1166 658 244 49 chapters.

351 713 52 53 ©
431 718 113 41 Jan.
570 719 41 45 3,
639 716 142 49 1931;
811 717 68 41 2c.
908 718 97 39 and
1033 716 84 42 aff.
1146 717 111 40 Jan.
1287 716 52 49 8;
1370 716 42 40 A
1437 716 175 50 32656;
1644 716 218 51 Century
1891 728 69 33 co.

430 775 255 50 (31-1786)

347 872 303 64 Frankau,
681 871 250 57 Gilbert.

422 951 222 56 Secrets
674 953 65 54 of
767 952 208 54 maitre
1007 953 230 53 d’hotel.
1315 954 154 52 How
1499 951 306 73 “Swiping
1836 953 199 56 Susie”
2067 954 321 54 celebrated

346 1051 125 34 new
499 1050 153 53 year.

430 1111 84 50 (In
546 1110 206 45 London
785 1111 280 53 magazine,
1100 1111 131 53 Dec.,
1268 1111 147 52 1930)

352 1168 52 53 ©
465 1185 38 29 1c.
533 1173 112 41 Jan.
675 1172 70 50 10,
776 1172 141 48 1931;
951 1173 43 39 A
1022 1174 63 39 ad
1114 1173 88 41 int.
1233 1173 173 47 14677;
1439 1173 144 49 pubd.
1614 1173 121 43 Nov.
1766 1174 70 48 14,
1869 1172 143 51 1930;
2048 1173 54 42 G.
2134 1173 251 51 Frankau,

419 1231 216 41 London.

350 1327 253 65 French,
633 1326 211 54 Edwin
874 1327 253 54 Malcom
1159 1326 213 67 Chase,
1405 1331 173 52 1870-

421 1406 246 57 Senator
697 1408 160 70 Vest,
887 1406 309 71 champion
1224 1407 65 54 of
1315 1408 97 53 the
1442 1407 132 71 dog,
1602 1406 76 71 by
1708 1407 212 55 Edwin
1948 1408 81 56 M.
2061 1407 62 58 C.
2155 1407 226 54 French

410 1485 1734 72 … Boston, Mass., Meador publishing company [ᶜ1930]
419 1568 56 41 64
503 1580 44 39 p.
611 1568 27 41 2
668 1571 125 48 port.
823 1569 136 49 (incl.
987 1568 179 49 front.)
1236 1569 149 42 21½ᶜᵐ.

694 1628 210 47 CONTENTS.—Busy
944 1626 89 43 life
1074 1627 52 41 of
1171 1627 209 41 Senator
1421 1628 300 40 Vest.—The
1763 1631 135 44 story
1941 1627 51 41 of
2034 1627 120 41 “Old
2196 1627 185 40 Drum”

348 1685 99 40 and
489 1685 83 40 the
613 1684 200 41 famous
855 1684 190 49 speech.
1109 1684 210 42 Senator
1360 1685 120 41 Vest
1523 1685 97 40 and
1664 1686 84 40 the
1789 1686 328 40 Yellowstone
2158 1685 223 40 national

347 1741 138 48 park.

352 1795 52 53 ©
443 1800 114 41 Dec.
595 1800 70 49 20,
704 1799 143 48 1930;
887 1800 68 41 2c.
995 1800 110 41 Jan.
1145 1800 39 49 5,
1223 1799 142 49 1931;
1407 1799 84 43 aff.
1530 1800 111 41 Jan.
1680 1801 54 47 7;
1775 1801 42 40 A
1854 1799 174 49 33005;
2070 1800 216 41 Edward
2325 1800 61 41 K.

420 1859 215 46 Meador,
674 1859 200 40 Boston.
947 1857 255 50 (31-2004)

352 1954 158 65 Geis,
549 1955 295 65 Rudolph.

417 2032 328 70 Principles
786 2034 65 52 of
892 2033 268 55 Catholic
1198 2054 97 34 sex
1334 2033 293 71 morality,
1666 2034 77 70 by
1783 2034 104 53 Dr.
1929 2033 278 69 Rudolph
2249 2030 136 57 Geis

409 2111 1972 71 … translated and edited by Charles Bruehl, PD. D.; with a
347 2191 2039 73 preface by Dominic Pruemmer … New York, J. F. Wagner,
346 2270 1021 70 inc.; London, B. Herder [ ᶜ1 930]
418 2354 101 50 xix,
552 2355 86 41 105
669 2366 45 38 p.
775 2354 149 42 17½ᶜᵐ.

420 2412 384 49 Bibliography:
833 2423 44 38 p.
904 2410 223 45 104-105.

353 2468 52 53 ©
435 2471 103 42 Oct.
566 2471 70 49 18,
665 2470 142 46 1930;
838 2470 67 41 2c.
935 2471 99 39 and
1060 2469 83 43 aff.
1173 2471 110 40 Jan.
1314 2470 69 49 10,
1413 2469 115 42 1931;
1587 2470 42 40 A
1655 2469 174 50 32730;
1861 2470 183 49 Joseph
2074 2470 53 42 F.
2156 2471 228 49 Wagner,

420 2530 94 41 inc.
585 2528 256 51 (31-1805)

351 2626 206 66 Golub,
591 2627 183 54 Jacob
807 2628 75 64 S.,
919 2632 174 50 1895-

417 2704 1964 71 Israel in Canaan, by Jacob S. Golub … Cincinnati, Dept,
347 2784 66 53 of
452 2802 333 51 synagogue
828 2784 114 53 and
984 2784 195 53 school
1219 2784 298 53 extension
1560 2783 64 53 of
1666 2784 96 53 the
1805 2783 199 55 Union
2049 2782 65 55 of
347 2782 2010 134 American

484 2862 250 54 Hebrew
768 2861 463 71 congregations,
1266 2864 152 51 1930.

418 2944 134 48 xxvi,
592 2944 88 41 356
719 2954 42 39 p.
800 2945 110 40 incl.
952 2943 175 42 double
1166 2944 168 47 front.,
1376 2944 145 49 illus.,
1563 2954 153 39 maps,
1760 2944 183 49 diagrs.
2123 2975 8 8 21ᶜᵐ.
2207 2943 175 51 [Union

347 3002 185 47 graded
564 3001 165 45 series,
759 3003 72 39 ed.
861 3001 64 47 by
953 3001 54 40 E.
1040 3000 248 43 Gamoran]

419 3057 316 42 “Additional
766 3058 258 47 readings”
1055 3060 51 39 at
1134 3059 93 40 end
1255 3057 54 41 of
1337 3057 118 41 each
1487 3057 201 42 section.

355 3112 52 54 ©
447 3116 103 43 Oct.
587 3117 40 50 3,
667 3116 142 49 1930;
850 3117 67 41 2c.
957 3117 113 41 Dec.
1107 3117 83 42 31;
1232 3116 82 42 aff.
1354 3116 120 42 Nov.
1513 3114 83 50 19;
1637 3116 42 40 A
1715 3114 174 51 31921;
1932 3116 164 42 Union
2133 3116 52 41 of
2223 3116 160 42 Amer.

423 3176 212 40 Hebrew
671 3175 388 49 congregations.
1131 3173 254 51 (31-1839)

354 3271 257 65 Gordon,
644 3271 232 54 Buford
911 3270 306 56 Franklin.

348 3347 2032 150 Pastor and people, dealing with problems of church administration, by Buford Franklin Gordon … Akron, O., Pub.
350 3504 95 54 for
474 3505 96 53 the
599 3505 211 54 author
838 3505 76 70 by
946 3506 97 53 the
1075 3505 281 70 Superior
1386 3505 268 70 printing
1685 3507 46 51 &
1761 3505 165 54 litho.
1960 3524 100 50 co.,
2091 3507 154 52 1930.

417 3586 566 48 3 p. l., 173 p. 20½ᶜᵐ.
356 3641 52 52 ©
449 3646 112 40 Dec.
600 3645 71 47 20,
711 3645 142 46 1930;
896 3645 68 41 2c.
1005 3647 97 39 and
1142 3645 82 42 aff.
1266 3646 110 40 Jan.
1417 3648 40 47 7,
1498 3645 143 49 1931;
1684 3647 42 39 A
1764 3645 174 49 32604;
1981 3646 55 42 B.
2078 3646 51 41 F.
2172 3645 209 47 Gordon,

422 3704 182 49 Akron,
641 3703 137 43 Ohio.
851 3703 254 51 (31-1834)

356 3785 255 65 Gordon,
645 3787 176 64 John,
859 3789 172 54 1872-

422 3862 374 56 Confessions
828 3864 65 54 of
926 3863 201 71 Sandy
1158 3864 343 67 McWhiffle,
1533 3865 228 54 famous
1795 3865 285 57 inventor,
2113 3864 75 69 by
2222 3863 157 55 John

350 3940 2030 71 Gordon … illustrated with penknife cuts … Port Clyde, Me.,
349 4019 121 53 The
504 4018 238 56 Gordon
777 4040 176 49 press,
988 4023 151 50 1931.
