2428 4370
981 4030 131 48 1645

59 409 171 60 Grey,
268 407 170 61 Zane,
478 411 167 48 1872-

126 484 164 52 Tales
331 482 64 53 of
437 481 271 52 Tahitian
753 487 218 62 waters,
1013 479 74 68 by
1129 480 147 51 Zane
1320 478 181 68 Grey;
1547 476 297 70 profusely

59 477 1962 138 illustrated
274 560 134 51 with
439 558 393 69 photographs
861 556 169 54 taken
1059 557 74 68 by
1160 557 95 52 the
1286 557 220 52 author.
1572 556 137 52 New
1742 554 160 54 York
1932 555 110 53 and

61 639 249 64 London,
340 637 230 67 Harper
598 638 51 50 &
679 635 274 66 brothers,
984 637 149 49 1931.

126 720 57 39 vi.
210 717 85 41 303
323 728 41 37 p.
428 716 160 46 front.,
617 716 171 48 plates,
818 719 147 44 ports.
1024 714 55 39 27½ᶜᵐ.

130 775 112 39 Part
283 774 52 39 of
378 774 79 40 the
498 773 156 47 plates
698 770 340 49 accompanied
1081 771 60 47 by
1183 772 155 46 guard
1384 771 161 40 sheets
1590 770 118 40 with
1754 770 291 47 descriptive

59 832 290 45 letterpress.

129 886 277 39 Illustrated
441 884 355 47 lining-papers.

125 942 160 39 “First
319 940 227 41 edition.”

61 996 49 51 ©
143 1000 100 39 Oct.
277 999 66 43 15,
376 999 110 38 1931;
548 999 66 38 2c.
647 997 102 39 Oct.
782 997 56 39 16;
896 997 82 40 aff.
1011 996 100 41 Oct.
1145 998 81 45 17;
1259 997 43 38 A
1330 996 171 47 43332;
1537 998 45 38 Z.
1618 996 140 48 Grey.
1791 997 256 46 Altadena,

128 1056 141 39 Calif.
342 1054 277 48 (31-30287)

58 1135 209 65 Hecht,
299 1134 201 55 Edith.

126 1210 171 53 Life’s
323 1212 206 51 bazaar
555 1211 108 52 and
694 1211 159 53 other
882 1228 205 49 poems,
1113 1209 73 70 by
1215 1210 182 52 Edith
1425 1210 203 53 Hecht.
1700 1208 135 69 [San
53 1210 1968 145 Francisco,
241 1289 235 52 Printed
512 1289 70 68 by
617 1288 117 51 Ben

773 1287 684 68 Franklin press, ᶜ19 31]
122 1348 642 68 3 p. l., 5-163 p. 19½ᶜᵐ.
62 1424 1986 51 © Oct. 9, 19 31; 2c. and aff. Oct. 17; A 44232; E. Hecht, San Francisco.
138 1485 277 43 (31-36348)

58 1568 247 61 Herzog,
342 1566 245 53 Charles
622 1566 65 52 G.

56 1639 1965 149 … Channels of redemption; the sacraments, their institution, nature and effect; a textbook for colleges and
56 1720 1965 146 universities, by Charles G. Herzog … New York, Cincinnati [etc.]
56 1875 276 68 Benziger
357 1874 276 57 brothers,
664 1879 146 49 1931.

125 1955 83 47 xii,
236 1956 87 40 246
349 1967 41 37 p.
455 1956 116 40 20ᶜᵐ.
639 1956 125 47 (The
793 1957 138 38 truth
958 1956 52 39 of
1039 1954 324 48 Christianity
1395 1955 174 39 series)

62 2009 50 51 ©
141 2013 127 48 Sept.
296 2014 67 42 15,
393 2012 111 41 1931;
561 2014 67 40 2c.
659 2013 126 47 Sept.
813 2013 53 39 21;
926 2012 81 41 aff.
1038 2012 101 41 Oct.
1170 2012 58 40 10;
1282 2013 41 38 A
1350 2012 143 40 43193;
1553 2011 234 49 Benziger
1815 2013 124 40 bros.

138 2070 278 46 (31-30332)

57 2150 427 53 International
508 2153 195 52 clinics;
759 2171 29 33 a
813 2153 292 67 quarterly
1127 2152 66 52 of
1214 2151 324 53 illustrated
1562 2151 226 53 clinical
1812 2153 238 53 lectures

127 2229 1924 70 and especially prepared original articles … edited by Henry
211 2307 1777 69 W Cattell … with the collaboration of Chas. H. Mayo …
150 2387 110 51 [and
305 2386 188 51 others]
591 2405 49 32 v.
688 2389 46 47 3.
809 2384 333 68 Forty-first
1186 2385 186 65 series,
1420 2389 148 48 1931.
1645 2385 406 67 Philadelphia

127 2465 110 51 and
262 2463 256 59 London,
543 2463 56 53 J.
626 2464 65 50 B.
719 2462 335 68 Lippincott
1078 2479 297 52 company,
1402 2465 149 51 1931.

129 2542 1606 49 viii, 326 p. front. (port.) illus., plates, tables, diagrs. 23 ᶜᵐ.
131 2600 118 39 Part
277 2601 51 37 of
357 2601 156 46 plates
543 2611 85 29 are
654 2599 191 48 printed
876 2612 59 28 on
965 2599 115 41 both
1110 2599 140 41 sides.

63 2651 50 53 ©
143 2658 124 46 Sept.
298 2657 68 41 10.
394 2655 108 41 1931;
563 2656 67 40 2c.
658 2658 95 38 and
782 2656 80 41 aff.
892 2657 102 40 Oct.
1022 2656 57 41 27;
1136 2657 42 39 A
1203 2655 143 41 43549;
1406 2657 42 39 J.
1479 2657 54 40 B.
1563 2657 277 47 Lippincott
1870 2668 66 30 co.

59 2735 176 64 Koht,
267 2737 290 62 Halvdan,
593 2739 168 54 1873-

126 2812 1921 72 The life of Ibsen [by] Halvdan Koht … New York, The
58 2891 1964 144 American-Scandinavian foundation, W. W. Norton & company, inc. [ ᶜ19 31]
126 3048 1004 49 2 v. fronts., illus., plates, ports. 22 ᶜᵐ.
128 3104 127 41 “The
302 3106 200 47 English
549 3106 190 40 version
786 3106 41 41 is
875 3107 80 40 the
1001 3107 134 39 work
1181 3106 53 41 of
1280 3106 133 41 Ruth
1460 3106 136 40 Lima
1645 3106 258 40 McMahon
1950 3110 93 38 and

60 3160 168 40 Hanna
263 3163 181 46 Astrup
477 3162 530 41 Larsen.”—Editorial
1042 3165 123 38 note.

129 3217 159 41 “First
319 3218 226 42 edition.”

65 3269 50 51 ©
142 3274 100 42 Oct.
269 3276 38 39 8,
336 3276 110 39 1931;
503 3276 66 40 2c.
595 3277 117 39 each
742 3276 99 40 Oct.
870 3279 54 37 17;
981 3277 80 39 aff.
1092 3277 101 39 Oct.
1222 3277 55 38 16;
1334 3278 40 37 A
1399 3276 144 40 43299;
1600 3279 70 38 W.
1700 3279 72 39 W.
1800 3278 185 39 Norton
2014 3278 30 40 &

130 3342 80 32 co.
242 3332 74 39 inc
401 3332 277 47 (31-30347)

62 3410 219 60 Mason,
317 3412 253 53 William
606 3412 144 63 Pitt,
789 3419 169 48 1853-

137 3490 397 53 Examination
562 3492 62 51 of
653 3497 189 49 water,
868 3492 266 53 chemical
1166 3494 109 51 and
1304 3493 477 64 bacteriological,
1806 3494 74 66 by
67 3491 1956 126 William

240 3568 1746 70 P. Mason … 6th ed., rev., by Arthur M. Buswell …
59 3639 131 54 New
228 3641 176 57 York,
439 3643 53 53 J.
529 3643 186 70 Wiley
750 3645 43 50 &
828 3662 144 50 sons,
1008 3644 135 58 inc.;
1180 3644 255 57 London,
1471 3643 295 68 Chapman
1806 3645 45 50 &
1887 3644 158 66 Hall,

65 3720 233 55 limited.
329 3726 147 48 1931.

126 3797 63 41 ix.
217 3798 84 39 224
327 3810 41 36 p.
426 3800 113 39 illus.,
597 3811 134 36 maps
759 3801 49 43 (2
835 3801 143 44 fold.)
1015 3802 177 44 diagrs.
1250 3803 144 38 23½ᶜᵐ.
1504 3802 129 46 $3.00

67 3852 49 51 ©
149 3857 99 41 Oct.
279 3858 38 40 9.
349 3859 110 38 1931;
521 3859 66 42 2c.
619 3860 100 39 Oct.
753 3861 52 38 14;
867 3860 81 40 aff.
982 3860 101 40 Oct.
1116 3860 53 38 12;
1230 3861 40 38 A
1301 3860 144 41 43286;
1506 3862 186 38 Arthur
1725 3862 61 39 M.
1820 3862 227 42 Buswell,

207 3915 136 39 Urbana.
443 3946 6 7 Ill.
481 3918 92 37 and
605 3916 213 39 William
849 3918 49 39 P.
930 3917 183 42 Mason.
1144 3918 140 42 Troy,
1316 3918 53 38 N.
1403 3918 52 38 Y.

142 3970 276 50 (31-30130)
