2505 4370
1289 4065 64 49 888

401 487 592 51 6 p. l., [15]-173 p. 19½ᶜᵐ.
335 541 52 53 ©
413 546 115 48 May
553 546 69 49 15,
647 544 114 43 1931;
817 546 68 41 2c.
911 547 114 48 May
1052 545 55 42 19;
1163 546 83 42 aff.
1273 548 114 48 May
1413 546 58 42 20;
1525 547 41 40 A
1591 546 144 42 38252;
1793 548 50 41 P.
1872 547 44 42 J.
1944 546 260 49 Labarthe,
2233 547 117 40 New

403 604 146 42 York.
613 604 283 50 (31-15109)

329 699 280 66 Lautère,
638 703 172 53 Mme.
840 701 322 56 Adrienne.

460 779 1893 72 … Simone Ablond, roman. Paris, La Nouvelle société
327 858 278 54 d’édition
640 863 174 64 [1931]

397 936 682 51 3 p. l. , [9]-253, [1] p. 19 ᶜᵐ.
335 993 1998 112 © Feb. 3, 1931; 1c. Feb. 27; A— Foreign 11433; Nouvelle société d’édition. (31-15008)
328 1150 317 66 Levinson,
676 1152 230 54 Horace
939 1151 266 58 Clifford.

399 1228 124 53 The
548 1228 112 53 law
687 1228 66 53 of
777 1229 354 69 gravitation
1162 1228 60 53 in
1249 1228 318 69 relativity,
1593 1228 75 69 by
1695 1229 229 52 Horace
1954 1227 62 55 C.
2046 1228 306 68 Levinson,

327 1322 99 37 PH.
487 1349 9 10 D.
531 1307 115 52 and
679 1306 212 54 Ernest
924 1306 345 54 Bloomfield
1301 1306 230 68 Zeisler,
1653 1349 10 9 PH.
1723 1350 10 10 D.
1810 1307 73 52 2d
1917 1307 85 53 ed.
2080 1306 273 70 Chicago,

327 1384 116 69 Ill.,
468 1384 123 54 The
618 1384 340 71 University
985 1385 65 52 of
1077 1384 255 71 Chicago
1360 1403 159 51 press
1572 1388 154 65 [1931]

399 1468 761 51 4 p. l., [7]-126 p., 1 l. 25 ᶜᵐ .
336 1522 1998 111 © May 12, 1931; 2c. June 9; aff. June 8; A 38646; University of Chicago, Chicago.
856 1584 282 49 (31-15184)

329 1666 380 67 Macfadden,
738 1667 264 53 Bernarr
1031 1665 330 67 Adolphus,
1393 1670 171 52 1868-
1780 1667 84 55 ed.

398 1745 124 53 The
562 1745 405 69 encyclopedia
1007 1744 66 54 of
1111 1745 198 53 health
1353 1746 114 52 and
1509 1744 263 70 physical
1813 1745 240 68 culture,
2096 1746 256 52 Bernarr

328 1822 373 68 Macfadden,
756 1822 490 68 editor-in-chief;
1304 1841 31 34 a
1392 1822 468 69 comprehensive
1913 1822 175 70 guide
2142 1827 59 49 to
2254 1824 98 52 the

327 1919 213 50 proper
582 1920 128 34 care
752 1901 113 53 and
910 1901 279 68 complete
1232 1900 401 69 development
1676 1900 66 53 of
1783 1901 97 53 the
1921 1902 218 52 human
2180 1901 172 70 body,

328 1979 142 53 with
506 1979 251 53 detailed
794 1977 310 55 directions
1144 1978 95 53 for
1274 1979 97 53 the
1408 1978 339 68 prevention
1788 1980 114 52 and
1939 1984 310 49 treatment
2287 1978 65 55 of

327 2056 235 68 disease,
610 2054 303 72 including
960 2055 277 55 scientific
1287 2056 263 54 methods
1601 2056 95 53 for
1743 2056 270 71 building
2063 2057 289 71 dynamic,

327 2134 290 69 powerful
647 2135 197 53 health
875 2135 115 52 and
1021 2133 295 71 attaining
1346 2153 31 34 a
1409 2134 407 69 symmetrical,
1846 2134 290 55 beautiful
2166 2136 183 71 body;

327 2213 288 68 arranged
641 2211 95 53 for
762 2212 177 69 ready
966 2212 243 69 reading;
1269 2212 282 54 classified
1580 2212 95 54 for
1704 2212 328 55 immediate
2061 2214 291 54 reference

388 2289 1670 71 … New York, Macfadden book company, inc., 1931.
332 2373 2019 99 8 v. front. (v. 1) illus., plates (part col.; 1 superimposed) ports., diagrs. 26 ᶜᵐ.
399 2488 163 48 Paged
594 2487 357 48 continuously.

401 2545 273 47 “Designed
711 2547 50 38 to
795 2545 113 40 take
946 2545 83 40 the
1064 2544 138 48 place
1237 2544 55 40 of
1324 2545 137 40 what
1495 2545 164 40 would
1693 2544 261 42 otherwise
1991 2545 57 41 be
2088 2546 83 41 the
2209 2545 143 43 ninth

326 2601 187 41 edition
542 2601 53 41 of
619 2602 82 40 the
729 2601 358 47 Encyclopedia
1115 2601 53 40 of
1191 2600 224 48 physical
1444 2600 204 42 culture.
1708 2602 97 41 Not
1831 2612 29 30 a
1889 2601 111 48 line,
2030 2603 239 47 however,
2299 2603 54 41 of

331 2659 80 39 the
444 2658 209 48 original
686 2658 343 48 encyclopedia
1061 2656 826 49 remains.”—Acknowledgments,
1920 2669 43 32 v.
1997 2659 40 41 1.

336 2712 2017 52 © June 3, 1931; 2c. each June 9; aff. June 5; A 38892; B. Macfadden,
405 2775 118 39 New
547 2775 146 39 York.
767 2769 52 53 [©
844 2785 107 29 new
974 2774 243 49 material]
1285 2773 283 51 (31-15697)

330 2856 382 65 McNamara,
743 2855 278 66 William,
1054 2862 172 50 1895-

466 2935 1888 71 … The Catholic church on the northern Indiana frontier,
335 3014 1993 149 1789-1844 … by Reverend William McNamara, C. S. C. Washington,
586 3094 71 52 D.
690 3093 82 67 C.,
802 3094 122 52 The
955 3093 264 54 Catholic
1248 3092 321 71 university
1599 3094 65 52 of
1690 3092 287 69 America,
2009 3095 150 51 1931.

402 3171 1948 50 vii, 84 p., 1 l. 23 ᶜᵐ. (The Catholic university of America. Studies
331 3230 48 39 in
408 3229 259 42 American
695 3229 182 40 church
903 3228 205 48 history,
1169 3229 93 41 vol.
1374 3228 15 49 XII)

399 3286 175 41 Thesis
612 3286 108 47 (PH.
781 3284 331 49 D.)—Catholic
1141 3284 278 49 university
1446 3284 54 42 of
1525 3284 240 49 America,
1796 3284 131 43 1931.

401 3342 129 41 Vita.

402 3398 376 48 Bibliography:
810 3408 42 39 p.
884 3397 159 43 82-84.

338 3452 52 52 ©
425 3458 113 46 May
569 3456 68 47 28,
670 3456 140 47 3931;
845 3457 67 40 2c.
946 3458 94 38 and
1074 3457 82 40 aff.
1190 3458 114 45 May
1337 3455 81 48 29;
1456 3457 39 38 A
1527 3456 171 47 38539;
1736 3456 223 41 Catholic
1992 3455 273 48 university
2299 3456 51 39 of

405 3514 240 41 America.
712 3513 281 48 (31-15098)

331 3596 236 64 Magne,
603 3596 165 53 Félix
803 3595 70 56 Y.

464 3671 1883 70 … La reine Aliénor, duchesse d’Aquitaine, par Félix V.
332 3752 1372 69 Magne. [Paris] Firmin-Didot et c ⁱᵉ , 1931.
401 3833 1728 49 2 p. l., 207 p. front., plates. 20 ᶜᵐ. (Histoires de France)
405 3890 396 48 “Bibliographie
830 3890 288 41 sommaire”
1138 3902 8 29 :
1176 3903 44 37 p.
1251 3891 115 49 [203]

338 3942 1905 112 © Feb. 24, 1931; 1c. Apr. 17; A— Foreign 11683; Firmin-Didot & cie. (31-15110)
