2428 4370
1253 4044 142 52 2124

373 456 70 40 “A
481 455 164 49 sequel
684 458 49 38 to
773 456 82 40 the
892 455 107 41 first
1040 455 277 41 committee
1356 459 177 46 report,
1576 456 392 49 ‘Contraception:
2038 468 28 30 a
2106 457 207 43 medical

298 513 179 40 review
505 513 53 41 of
586 513 86 41 the
699 512 268 48 situation’,
998 512 161 41 which
1189 514 245 47 appeared
1464 514 50 39 in
1545 512 354 42 1924.”—Pref.

369 569 380 50 Bibliography:
783 581 42 38 p.
859 569 218 43 226-234.

303 624 52 53 ©
386 629 113 40 Dec.
528 628 69 48 16,
626 627 114 42 1931;
798 627 67 42 2c.
896 629 96 39 and
1022 628 82 41 aff.
1134 628 112 41 Dec.
1277 627 56 42 23;
1392 629 41 38 A
1460 627 145 42 46529;
1665 628 245 41 Williams
1940 629 37 41 &
2006 629 211 42 Wilkins
2247 642 67 30 co.

381 684 224 50 (32-952)

298 765 234 66 Eaglin,
560 766 190 56 Jesse.

366 843 123 53 The
526 842 99 56 CC
661 842 292 70 cough-fin
988 843 187 53 brand
1212 842 321 71 cigarettes,
1567 843 77 70 by
1680 843 161 55 Jesse
1875 843 232 70 Eaglin.
296 843 1996 147 Cincinnati,

566 920 1110 70 O., Raisbeck & co., printers [ ᶜ1 931]
368 1003 719 49 196 p. 1 illus. (map) 19½ ᶜᵐ.
306 1058 52 53 ©
391 1063 102 40 Oct.
525 1062 70 48 22,
657 1061 84 41 1931;
802 1061 67 42 2c.
903 1061 103 42 Oct.
1037 1061 56 40 24;
1155 1061 82 41 aff.
1272 1061 101 41 Oct.
1407 1062 56 39 23;
1526 1062 39 39 A
1596 1062 173 48 44403;
1804 1062 213 41 Thomas
2050 1062 44 41 J.
2129 1063 188 47 Eaglin,

376 1119 294 41 Cincinnati.
742 1118 222 50 (32-634)

302 1199 215 66 Gager,
547 1199 249 56 Charles
821 1201 231 64 Stuart,
1084 1201 173 55 1872-

370 1277 122 54 The
518 1278 167 68 plant
710 1277 210 68 world;
949 1278 168 67 plant
1141 1276 108 55 life
1275 1276 65 54 of
1365 1295 104 35 our
1495 1277 182 69 earth,
1701 1278 76 69 by
1805 1276 63 56 C.
1898 1277 202 56 Stuart
2127 1278 194 70 Gager

361 1355 1861 70 … New York, The University society, incorporated [ ᶜ1 931]
300 1438 2003 107 v p., 1 l., 136 p. illus., diagr. 23 ᶜᵐ. (The University series; highlights
477 1496 53 40 of
556 1497 201 39 modern
782 1495 298 49 knowledge.
1140 1496 220 48 Botany)

374 1552 348 50 “Suggestions
748 1552 79 40 for
851 1552 200 41 further
1078 1551 231 49 reading”:
1367 1563 43 37 p.
1438 1552 219 41 123-124.

309 1608 51 52 ©
387 1612 102 40 Oct.
515 1612 70 47 28,
611 1610 114 41 1931;
781 1611 66 40 2c.
875 1611 97 40 and
998 1609 82 41 aff.
1108 1609 104 41 Oct.
1237 1610 55 39 31;
1348 1609 42 39 A
1414 1610 147 39 44557;
1618 1609 284 49 University
1929 1620 109 39 soc.,
2064 1610 92 41 inc.

389 1669 223 50 (32-646)

303 1749 257 65 Goodell,
594 1749 249 56 Charles
872 1750 81 53 Le
984 1750 147 65 Roy,
1166 1754 175 50 1854-

372 1828 248 68 Prayers
659 1827 65 53 of
765 1826 257 55 Sabbath
1062 1825 262 70 reveries,
1365 1826 300 68 presented
1704 1831 59 49 to
1801 1826 268 55 America
2111 1827 73 71 by
2225 1827 96 53 the

301 1906 275 55 National
612 1905 406 69 broadcasting
1055 1922 280 52 company
1376 1905 113 53 and
1530 1904 311 53 associated
1881 1904 163 55 radio
2083 1905 239 54 stations

304 1981 2019 72 from coast to coast [by] Charles L. Goodell … New York, The
304 2062 873 69 Knickerbocker press [ ᶜ1 931]
372 2141 546 53 4 p. l. , 3-84 p. 19 ½ᶜᵐ.
313 2202 51 52 ©
394 2206 112 40 Dec.
533 2205 40 45 8,
601 2203 114 41 1931;
772 2201 66 40 2c.
868 2203 96 39 and
992 2201 82 41 aff.
1102 2201 113 41 Dec.
1244 2200 56 40 22;
1358 2200 41 40 A
1424 2199 147 43 45589;
1631 2201 46 42 C.
1708 2202 50 39 L.
1791 2202 213 49 Goodell,
2033 2203 119 41 New
2180 2203 146 41 York.

392 2262 224 48 (32-875)

311 2344 209 63 Green,
549 2341 259 53 Howard
838 2339 291 65 Whipple.

376 2419 353 68 Population
759 2417 456 54 characteristics
1242 2417 76 69 by
1345 2435 198 35 census
1570 2422 197 63 tracts,
1797 2417 331 70 Cleveland,
2158 2418 170 70 Ohio,

312 2494 2014 73 1930, by Howard Whipple Green … Cleveland, O., The Plain
309 2573 1084 71 dealer publishing company [ ᶜ1 931]
379 2656 905 51 ix, 236 p. incl. maps, diagrs. 30 ᶜᵐ.
381 2717 123 39 “Not
539 2716 112 46 only
689 2714 263 41 Cleveland
984 2713 87 40 but
1104 2713 84 40 the
1220 2713 114 40 four
1366 2713 186 48 largest
1586 2713 232 48 adjacent
1850 2713 155 50 cities,
2040 2715 288 49 Lakewood,

311 2773 262 43 Cleveland
608 2771 223 48 Heights,
867 2772 121 38 East
1022 2770 263 41 Cleveland
1321 2770 96 40 and
1453 2770 189 41 Shaker
1677 2770 223 50 Heights,
1936 2771 126 41 have
2094 2772 120 41 been
311 2783 2000 97 analyzed
506 2830 64 48 by
595 2839 174 31 census
795 2826 397 43 tracts.”—Pref.

379 2889 177 40 Tables
592 2886 115 40 1-10
753 2885 66 49 (p.
856 2884 199 47 73-214)
1100 2894 128 30 were
1262 2884 239 48 prepared
1536 2884 61 48 by
1631 2885 84 40 the
1749 2885 56 41 U.
1844 2884 46 42 S.
1925 2886 199 40 Bureau
2157 2886 56 41 of
2245 2887 85 41 the

311 2956 172 31 census
513 2947 52 38 at
595 2944 83 40 the
706 2943 196 47 request
931 2942 97 39 and
1057 2942 54 40 at
1139 2942 85 39 the
1250 2951 211 38 expense
1490 2941 51 41 of
1570 2942 82 39 the
1682 2941 143 40 Plain
1854 2942 167 40 dealer
2047 2942 281 50 publishing

313 3012 233 39 company.
623 3001 63 47 cf.
714 3010 44 38 p.
786 2999 70 41 72.

317 3057 51 52 ©
396 3062 111 38 Dec.
533 3060 69 43 21,
628 3057 114 41 1931;
797 3057 66 40 2c.
890 3056 112 40 Dec.
1027 3055 57 39 24;
1140 3054 81 41 aff.
1248 3055 113 39 Dec.
1386 3054 57 41 28;
1498 3056 42 37 A
1562 3054 147 41 46617;
1765 3055 144 40 Plain
1933 3056 166 40 dealer
2124 3056 111 49 pub.
2262 3065 66 32 co.

396 3117 225 49 (32-636)

313 3197 392 64 Harrington,
735 3197 203 62 Harry
967 3192 306 66 Franklin,
1306 3198 172 50 1882-

383 3276 315 67 Pathways
749 3279 58 48 to
859 3270 179 71 print,
1086 3272 75 69 by
1209 3273 202 68 Harry
1459 3270 284 55 Franklin
1797 3270 367 71 Harrington
2214 3273 113 52 and

314 3357 305 51 Lawrence
663 3351 238 55 Martin.
978 3351 140 52 New
1166 3351 182 69 York,
1393 3352 71 52 D.
1511 3351 131 53 Van
1689 3351 293 54 Nostrand
2030 3367 299 53 company,

316 3432 104 54 inc.,
471 3435 150 52 1931.

385 3513 419 49 viii, 443 p. 24 ᶜᵐ.
386 3570 411 42 “Recommended
832 3569 231 46 reading”:
1128 3580 43 37 p.
1207 3567 250 51 [429]-438.

321 3626 51 52 ©
397 3631 118 39 Nov.
540 3631 68 41 12,
634 3629 114 41 1931;
800 3628 67 41 2c.
894 3629 112 40 Dec.
1030 3627 55 41 30;
1140 3626 81 41 aff.
1248 3627 111 39 Dec.
1385 3627 54 40 31;
1496 3626 39 39 A
1559 3625 146 41 45732;
1761 3626 56 40 D.
1844 3626 104 40 Van
1974 3625 248 40 Nostrand
2249 3635 82 34 co.,

391 3687 89 41 inc.
553 3687 223 49 (32-681)

316 3767 304 64 Hollister,
649 3770 139 53 Mrs.
816 3769 174 62 Mary
1027 3764 363 68 (Brewster)

383 3844 165 70 Lady
587 3845 220 53 Fourth
849 3843 303 69 Daughter
1194 3842 64 55 of
1298 3841 205 66 China,
1543 3841 197 54 sharer
1779 3840 64 55 of
1882 3839 123 58 life,
2043 3839 75 70 by
2156 3839 171 70 Mary

315 3918 2013 74 Brewster Hollister; cover design by I. Lai Cho … Cambridge,
