2428 4370
1023 3981 135 51 2029

104 381 213 65 Fuller,
344 381 154 54 John
526 381 313 54 Frederick
871 381 262 65 Charles,
1164 383 171 54 1878-

103 457 1967 148 India in revolt, by Major-General J. F. C. Fuller … London, Eyre and Spottiswoode, 1931.
169 616 86 40 272
285 628 43 37 p.
387 616 146 41 22½ᶜᵐ.

109 684 1987 52 © 1c. Nov. 21, 1931; A ad int. 15720; pubd. Sept. 25 ; J. F. C. Füller,
176 745 347 47 Farnborougli
552 745 142 47 Park,
723 746 174 47 Hants,
927 745 236 47 England.
1234 744 280 50 (31-35004)

103 853 264 64 Galland,
397 853 219 64 Joseph
647 852 353 56 Stanislaus.

230 928 1862 71 … Nineteenth century French verse, by Joseph S. Galland
160 1006 1931 71 … and Roger Cros … New York & London, The Century co.
101 1088 193 66 [ ᶜ 1931]
166 1164 84 49 xii,
279 1164 86 41 349
392 1175 43 37 p.
491 1164 145 41 19½ᶜᵐ.
705 1164 123 47 (The
861 1164 214 47 Century
1105 1164 199 40 modern
1334 1165 239 48 language
1604 1166 164 49 series,
1798 1166 59 43 K.
98 1167 1979 103 McKenzie,
211 1220 182 49 editor)
513 1219 129 50 $1.60

169 1288 1004 51 “Ouvrages à consulter” : p. 345-349.
105 1360 51 53 ©
184 1365 112 39 Dec.
324 1365 39 47 8,
391 1363 140 48 1931;
561 1364 66 39 2c.
657 1365 95 38 and
781 1362 81 42 aff.
889 1363 113 41 Dec.
1030 1363 81 46 12;
1144 1363 41 38 A
1210 1362 171 48 45412;
1414 1362 218 49 Century
1658 1373 66 30 co.
1805 1359 55 52 [©
1886 1363 210 49 preface,

172 1424 151 45 notes,
353 1420 369 47 introductions,
753 1420 319 47 descriptions
1103 1421 96 38 and
1228 1420 66 40 all
1324 1421 322 47 explanatory
1674 1422 180 39 matter
1883 1422 61 46 by
1974 1421 45 40 J.
2052 1420 44 40 S.

173 1478 208 40 Galland
413 1479 96 40 and
541 1477 158 48 Roger
732 1476 116 41 Cros]
936 1476 278 49 (31-35017)

100 1573 233 54 Garden
360 1572 130 54 club
517 1572 63 53 of
607 1570 293 57 America.

165 1649 257 54 Gardens
456 1649 63 52 of
553 1649 196 69 colony
786 1649 110 52 and
934 1654 171 62 state;
1139 1649 245 68 gardens
1418 1649 111 52 and
1562 1649 307 69 gardeners
1902 1648 62 52 of
1998 1650 94 53 the

95 1726 1996 148 American colonies and of the republic before 1840 … Compiled and edited for the Garden club of America by Alice G. B.
93 1883 335 70 Lockwood,
472 1883 310 66 chairman,
826 1881 225 68 Special
1094 1880 381 70 publications
1519 1883 330 53 committee.
1955 1882 136 53 [New

97 1959 178 69 York]
314 1960 141 52 Pub.
494 1960 92 51 for
621 1960 95 52 the
752 1958 230 55 Garden
1016 1959 129 53 club
1177 1959 63 53 of
1274 1959 263 54 America
1572 1961 74 70 by
1682 1960 61 55 C.
1782 1959 311 55 Scribner’s

95 2059 148 50 sons,
279 2043 150 51 1931.

170 2122 25 38 1
227 2133 43 27 v.
329 2120 162 49 front.,
524 2120 128 41 illus.
682 2120 130 48 (incl.
846 2122 162 46 ports.,
1042 2130 150 38 maps,
1226 2121 154 47 plans,
1413 2120 242 49 facsims.)
1723 2122 145 40 37½ᶜᵐ.

167 2189 178 47 “Early
373 2189 181 47 garden
583 2187 285 41 literature”
888 2199 9 28 :
930 2200 56 38 [V.
1016 2189 41 49 1]
1089 2199 41 37 p.
1160 2188 111 49 5-7;
1302 2188 378 49 Bibliography:
1727 2201 42 31 [v.
1800 2192 41 48 1]
1871 2202 42 37 p.
1948 2191 145 50 [443]-

91 2245 101 41 450.

103 2315 51 52 ©
189 2320 117 39 Nov.
340 2319 68 47 27,
443 2317 140 48 1931;
618 2318 68 40 2c.
721 2319 109 40 Dec.
864 2319 53 41 3;
954 2318 81 40 aff.
1071 2319 110 39 Dec.
1218 2319 52 46 1;
1307 2319 41 38 A
1380 2318 172 48 45271;
1591 2318 201 41 Charles
1830 2319 265 40 Scribner’s

170 2385 125 31 sons.
366 2374 280 50 (31-34940)

99 2470 231 64 Geiger,
359 2469 231 64 Moritz,
623 2475 169 49 1880-

164 2547 110 53 Die
321 2547 383 53 Wirklichkeit
749 2549 99 51 der
894 2546 468 54 Wissenschaften
1407 2548 119 52 und
1575 2547 91 53 die
1711 2549 380 67 metaphysik,

99 2641 108 37 von
236 2623 210 54 Moritz
478 2622 224 71 Geiger.
778 2627 184 66 Bonn,
992 2626 66 54 F.
1094 2625 212 68 Cohen,
1340 2627 149 52 1930.

166 2705 570 50 viii, 183, [1] p. 23 ᶜᵐ .
102 2773 1824 52 © Jan. 1, 1930; 1c. Nov. 17; A —Foreign 10190 ; Friedrich Cohen.
157 2833 301 51 .(31-34728)

97 2929 251 64 Gerriet,
379 2928 198 56 Louis.

227 3005 1862 69 … Le puits de la Core, roman. Paris, Denoel et Steele, 1931.
163 3086 770 51 3 p. l., [11]-252 p., 1 l. 19 ᶜᵐ .
165 3157 64 40 At
253 3157 125 40 head
405 3157 53 40 of
480 3157 136 41 title:
645 3157 147 41 Louis
818 3160 48 39 et
891 3158 133 40 René
1050 3156 205 42 Gerriet.

103 3224 1846 52 © May 6, 1931; 1c. July 31; A—Foreign 13284; Denoel & Steele.
181 3285 277 48 (31-34906)

97 3377 177 66 Gray,
299 3378 256 55 William
582 3381 184 63 Scott,
795 3386 171 49 1885-
1177 3382 84 52 ed.

224 3453 1865 70 … Recent trends in American college education, edited by
92 3529 1997 73 William S. Gray … Chicago, Ill., The University of Chicago
91 3624 155 50 press
282 3611 172 65 [1931]

164 3689 63 47 ix,
270 3688 85 41 253
398 3700 42 37 p.
511 3690 114 40 23ᶜᵐ.
708 3690 340 48 (Proceedings
1088 3692 54 39 of
1181 3692 81 40 the
1306 3692 234 40 Institute
1580 3693 77 38 for
1699 3691 391 43 administrative

95 3742 182 43 officers
302 3746 52 39 of
379 3745 171 47 higher
575 3746 315 39 institutions.
946 3746 128 41 1931.
1132 3747 87 39 vol.
1318 3750 13 45 III)

430 3815 141 48 CONTENTS.—pt.
606 3823 32 32 I.
673 3814 404 49 Reorganization
1110 3816 51 40 of
1194 3818 80 41 the
1307 3816 163 47 junior
1503 3818 324 48 college.—pt.
1861 3825 53 32 II.
97 3819 1977 98 Reorganization

413 3871 50 38 of
501 3871 80 40 the
623 3872 157 40 senior
817 3872 325 48 college.—pt.
1182 3879 75 32 III.
1296 3873 400 47 Comprehensive
1736 3874 357 41 examinations

95 3928 94 39 and
217 3929 134 39 tests.
