2505 4370
1072 4032 98 52 537

114 407 1198 73 Jo ã o III , hing of Portugal , 1502-1557.
183 501 222 52 Letters
434 499 63 53 of
523 499 155 54 John
706 515 88 49 m,
821 497 141 68 king
990 495 64 54 of
1081 496 299 68 Portugal,
1411 495 308 55 1521-1557;
1781 495 96 53 the
113 496 1975 151 Portuguese

324 583 121 47 text
489 577 187 53 edited
724 576 140 51 with
911 593 71 34 an
1028 574 392 53 introduction
1466 574 75 68 by
1587 575 55 53 J.
1691 575 71 51 D.
1811 574 78 52 M.
1938 574 174 52 Ford.

115 654 363 68 Cambridge,
509 654 189 64 Mass.,
728 652 274 52 Harvard
1035 651 318 68 university
1384 669 174 50 press,
1594 653 150 50 1931.

285 730 984 51 xxx, 408 p. front. (port.) facsims. 25 ᶜᵐ.
180 804 100 40 The
308 806 95 37 two
432 802 270 48 portfolios,
732 801 276 48 embracing
1035 800 86 42 372
1151 802 172 39 letters
1351 801 54 40 of
1431 800 131 48 King
1590 801 142 47 John,
1762 812 82 30 are
1873 801 129 41 from
2030 802 82 41 the

113 860 149 39 Palha
297 858 252 41 collection
583 858 156 39 which
771 858 42 39 is
844 868 107 30 now
985 858 48 39 in
1066 858 81 39 the
1181 857 231 40 Harvard
1446 856 274 49 university
1750 857 198 49 library.
2012 857 102 41 The

113 915 230 48 majority
371 915 53 40 of
449 916 81 39 the
560 914 169 41 letters
757 924 82 30 are
868 914 263 40 addressed
1161 915 49 38 to
1238 913 124 40 Dorn
1392 913 211 41 Antonio
1634 914 58 41 de
1720 912 193 50 Ataide,
1943 912 171 43 John’s

112 971 274 40 chancellor
412 970 53 41 of
492 972 81 39 the
601 971 270 46 exchequer;
927 970 340 47 twenty-three
1297 968 53 41 of
1375 970 131 40 them
1536 971 132 40 treat
1693 969 54 42 of
1773 969 83 43 the
1886 968 148 43 affair
2061 970 54 41 of

114 1026 123 41 Jean
267 1027 144 47 Ango.
472 1027 61 46 cf.
565 1026 182 41 Introd.

122 1093 51 52 ©
202 1100 119 38 Mar.
349 1098 70 47 27,
448 1097 111 40 1931;
617 1097 67 41 2c.
712 1099 95 38 and
836 1097 80 42 aff.
946 1099 111 47 Apr.
1087 1098 24 38 6;
1169 1098 39 38 A
1236 1097 143 41 36361;
1440 1098 256 40 President
1725 1099 94 38 and
1848 1098 190 40 fellows
2068 1098 51 40 of

191 1156 229 39 Harvard
448 1156 189 47 college,
667 1154 300 48 Cambridge,
995 1156 146 39 Mass.
1213 1154 250 49 (31-9310)

114 1280 283 63 Johnson,
427 1278 254 55 William
711 1279 67 54 E.

183 1366 1931 70 Astronomy made easy, by William E. Johnson … New
113 1443 1768 65 York, Chicago [etc.] Rand, McNally & company [ ᶜ1 931]
183 1527 752 50 119 p. illus , diagrs. 19 ᶜᵐ .
185 1598 74 41 On
284 1608 166 31 cover:
483 1599 94 39 For
606 1608 83 31 use
717 1599 116 40 with
865 1600 138 39 Rand
1031 1600 223 46 McNally
1285 1600 216 40 celestial
1530 1602 136 46 globe
1692 1602 95 39 and
1816 1604 105 39 star
1950 1604 166 40 finder.

185 1654 346 49 Bibliography
549 1667 8 28 :
590 1665 41 38 p.
665 1655 214 41 117-119.

123 1725 52 52 ©
205 1731 121 38 Mar.
355 1731 70 47 14,
455 1728 139 48 1931;
626 1729 66 40 2c.
724 1731 121 38 Mar.
875 1730 81 46 19;
990 1729 80 39 aff.
1102 1731 120 39 Mar.
1254 1731 81 46 18;
1367 1731 41 38 A
1437 1730 171 49 34962;
1643 1733 154 48 Rand,
1830 1733 190 40 McNally
2085 1736 37 38 &

190 1798 66 31 co.
327 1786 251 48 (31-9357)

116 1908 196 62 Jones,
341 1907 258 55 Thomas
628 1909 253 63 Samuel,
914 1914 170 50 1882-

187 2001 120 51 The
352 2000 240 52 unicorn
637 2001 111 51 and
794 2001 162 52 other
1000 2005 245 63 sonnets,
1290 2001 34 53 by
1411 2003 248 53 Thomas
1706 2003 58 55 S.
1812 2003 192 68 Jones,
2049 2005 71 68 jr.

117 2079 299 65 Portland,
443 2078 130 66 Me.,
598 2077 122 54 The
743 2078 231 53 Mosher
999 2096 175 51 press,
1203 2082 149 50 1931.

189 2157 403 51 [19] p., l 1. 15 ᶜᵐ.
190 2227 160 40 “Four
382 2228 223 40 hundred
642 2229 96 39 and
774 2227 112 48 fifty
922 2228 160 48 copies
1118 2229 53 39 of
1206 2229 100 41 this
1345 2229 125 41 book
1503 2232 124 40 have
1665 2231 119 41 been
1821 2232 195 49 printed
2055 2243 64 31 on

117 2283 103 41 Van
250 2283 177 41 Gelder
452 2283 192 48 paper.”
707 2283 175 48 Signed
912 2284 60 48 by
1003 2285 190 41 author.

125 2350 53 52 ©
212 2355 122 40 Mar.
368 2354 70 48 25,
474 2353 140 49 1931;
650 2354 67 41 2c.
752 2357 96 38 and
884 2355 80 40 aff.
1000 2357 113 47 Apr.
1148 2358 52 43 3;
1238 2358 42 37 A
1313 2356 170 50 36297;
1522 2359 53 41 T.
1614 2359 44 41 S.
1696 2360 160 49 Jones,
1893 2362 74 47 jr.,
2005 2361 118 40 New

192 2412 142 40 York.
406 2411 251 49 (31-9441)

117 2532 246 64 Keyser,
396 2533 246 55 Cassius
667 2535 275 63 Jackson,
975 2542 170 49 1862-

187 2626 347 53 Humanism
576 2627 112 52 and
728 2627 229 68 science,
997 2628 76 69 by
1112 2628 230 55 Cassius
1382 2631 250 54 Jackson
1674 2633 234 67 Keyser.
1987 2633 133 53 New

120 2704 178 66 York,
326 2703 301 55 Columbia
653 2704 317 70 university
998 2725 175 49 press,
1203 2710 150 50 1931.

186 2784 647 48 xxii, 243 p., 1 l. 21½ᶜᵐ.
127 2852 51 52 ©
207 2858 114 47 Apr.
350 2857 39 49 1,
419 2856 112 41 1931;
590 2856 67 42 2c.
685 2859 114 47 Apr.
829 2860 26 39 7;
913 2859 81 41 aff.
1024 2861 99 47 Apr.
1166 2860 25 40 3;
1253 2862 39 38 A
1321 2860 144 42 36393;
1527 2863 247 40 Columbia
1810 2865 130 40 univ.
1971 2876 150 37 press.
203 2912 250 50 (31-9431)

121 3031 244 66 Keyser,
397 3022 276 65 Édouard
703 3036 86 63 de,
822 3042 171 49 1883-

250 3120 1865 76 … Le grand péril de la France missionaire; préface du
117 3197 283 53 maréchal
427 3198 273 68 Lyautey.
764 3199 183 71 Paris,
975 3201 260 56 Éditions
1264 3203 55 54 J.
1348 3204 333 53 Tallandier
1714 3209 172 66 [1930]

189 3276 470 49 222 p., 1 l. 19 ᶜᵐ .
127 3346 1994 111 © Dec. 4, 1930; 1c. Jan. 23, 1931; A— Foreign 10596; Jules Tallandier. (31-8941)
120 3518 251 62 Künkel,
404 3518 181 55 Fritz.

188 3607 191 52 Vitale
409 3607 279 53 dialektik;
747 3610 368 54 theoretische
1144 3614 357 68 grundlagen
1534 3616 98 54 der
120 3615 1974 137 individualpsychologischen

534 3686 505 72 charakterkunde,
1067 3709 106 33 von
1201 3691 159 52 Fritz
1385 3692 245 54 Künkel.
1690 3692 113 56 Mit
1828 3697 28 47 5
1882 3692 234 70 figuren.

119 3761 254 69 Leipzig,
406 3762 58 55 S.
495 3762 217 71 Flirzel,
743 3768 148 49 1929.

193 3840 1074 53 2 p. l., [vii]-viii, 134 p. diagrs. 23 ½ᶜᵐ .
131 3909 1717 112 © Oct. 29, 1929; 1c. Apr. 2, 1930; A— Foreign 7681; S. Hirzel. (31-9187)
