2505 4370
1277 4043 108 52 414

325 388 303 54 Southern
659 392 291 61 reporter.

462 469 1893 76 … Digest of decisions of the Supreme courts of Alabama,
326 546 334 71 Louisiana,
689 548 259 72 Florida,
978 550 373 72 Mississippi,
1381 553 114 54 and
1525 552 209 55 Courts
1764 553 65 54 of
1858 554 236 69 appeals
2125 554 66 53 of
325 554 2005 126 Alabama

544 630 114 51 and
706 627 331 70 Louisiana,
1086 631 269 68 reported
1405 630 59 53 in
1512 632 97 53 the
1659 631 288 56 Southern
1995 638 260 63 reporter
2303 654 50 33 v.

328 709 259 50 116-130.
662 707 166 54 With
854 708 182 55 tables
1062 710 65 53 of
1152 714 243 49 statutes
1424 712 302 53 construed
1755 713 113 52 and
1898 731 151 35 cases
2077 712 276 69 digested.

328 784 216 55 Edited
582 785 77 70 by
695 787 98 52 the
831 787 269 53 editorial
1139 786 136 56 staff
1315 788 65 52 of
1416 788 97 54 the
1550 788 309 56 American
1899 790 189 70 digest
2126 795 227 66 system.

328 864 83 55 St.
441 864 166 69 Paul,
635 865 162 54 West
822 865 339 70 publishing
1190 884 98 52 co.,
1320 869 150 50 1931.

397 944 64 49 iv,
500 945 115 41 1355
653 956 42 38 p.
757 945 118 42 26ᶜᵐ.

332 1011 52 53 ©
416 1016 112 41 Feb.
560 1017 70 49 16,
662 1016 114 42 1931;
837 1018 68 41 2c.
937 1018 114 49 Apr.
1083 1020 56 39 13;
1200 1018 84 41 aff.
1316 1020 115 47 Apr.
1464 1019 55 41 15;
1580 1019 43 40 A
1652 1019 149 42 35838;
1860 1021 137 41 West
2028 1021 112 49 pub.
2173 1032 67 30 co.

324 1168 192 55 South
543 1177 241 49 western
810 1178 275 63 reporter.
1165 1172 222 55 Second
1413 1173 185 54 series.
1678 1173 170 55 Cases
1876 1174 218 69 argued
2122 1177 113 52 and
394 1178 1935 126 determined

706 1250 60 53 in
795 1251 96 53 the
923 1250 278 69 Supreme
1229 1256 192 50 courts
1449 1253 66 53 of
1541 1251 316 71 Arkansas,
1884 1252 294 70 Missouri,
393 1255 1935 143 Tennessee,
655 1331 114 52 and
821 1329 214 67 Texas;
1094 1330 209 55 Courts
1355 1331 65 52 of
1473 1331 235 68 appeals
1761 1332 65 52 of
1876 1330 311 71 Kentucky
2238 1334 115 53 and

393 1407 276 55 Missouri;
732 1408 212 55 Courts
968 1408 65 53 of
1059 1409 137 54 civil
1225 1410 115 54 and
1369 1409 266 54 criminal
1664 1410 236 68 appeals
1930 1411 114 53 and
393 1411 1934 129 Commission
571 1487 67 52 of
688 1488 237 67 appeals
976 1488 65 53 of
1090 1489 205 67 Texas,
1347 1487 141 54 with
1539 1487 377 70 key-number
1968 1490 381 53 annotations.

394 1585 52 33 v.
473 1569 67 49 32
576 1566 129 70 (2d)
777 1565 312 55 December
1116 1571 49 64 9,
1195 1566 441 71 1930-January
1664 1570 83 66 13,
1775 1570 151 50 1931.
2002 1568 351 54 Permanent

393 1645 86 53 ed.
558 1644 84 56 St.
671 1645 168 56 Paul.
866 1645 162 54 West
1057 1646 340 70 publishing
1425 1664 99 51 co.,
1556 1649 152 50 1931.

468 1759 7 16 xx,
518 1726 118 41 1210
678 1738 42 38 p.
782 1727 118 42 26ᶜᵐ.

328 1793 53 53 ©
413 1797 113 42 Feb.
556 1797 69 50 19,
657 1797 114 41 1931;
833 1798 68 42 2c.
933 1798 113 49 Apr.
1079 1800 55 39 13;
1196 1798 83 42 aff.
1313 1799 115 48 Apr.
1460 1799 55 40 15;
1577 1798 40 40 A
1648 1796 146 44 35837;
1856 1799 138 41 West
2024 1799 112 49 pub.
2169 1810 67 29 co.

321 1909 343 65 Stapledon,
692 1908 259 56 William
981 1908 157 57 Olaf.

387 1985 143 54 Last
562 1985 114 54 and
710 1984 126 54 first
868 2003 157 49 men;
1064 2007 32 33 a
1129 1990 159 68 story
1320 1984 65 54 of
1416 1985 96 53 the
1546 2004 137 35 near
1716 1985 114 54 and
1865 1985 97 55 far
1995 1985 198 55 future
2231 1985 111 71 [by]

317 2062 88 56 W.
440 2063 145 55 Olaf
614 2063 334 69 Stapledon.
1016 2063 139 56 New
1190 2063 183 72 York,
1403 2063 57 56 J.
1493 2062 157 71 Cape
1681 2062 112 56 and
1825 2064 77 52 H.
1938 2062 192 57 Smith
2167 2066 175 68 [1931]

387 2145 101 49 xvi,
513 2144 86 42 371
622 2155 45 39 p.
728 2144 118 42 20ᶜᵐ.

327 2216 52 53 ©
421 2221 123 40 Mar.
585 2220 71 49 23,
696 2219 144 48 1931;
880 2219 69 41 2c.
991 2220 97 40 and
1129 2219 82 41 aff.
1255 2220 125 41 Mar.
1420 2219 83 47 25;
1547 2219 40 39 A
1628 2218 173 48 36110;
1846 2219 254 41 Jonathan
2142 2219 129 48 Gape
2313 2219 36 41 &

397 2278 249 40 Harrison
678 2277 173 50 Smith,
882 2277 92 41 inc.
1047 2276 255 50 (31-7688)

320 2389 318 65 Stoddard,
668 2389 148 53 Paul
844 2388 298 55 Wakelee.

394 2468 173 71 Sixty
600 2487 166 51 years;
833 2487 31 35 a
898 2467 224 70 history
1156 2467 65 53 of
1253 2467 99 53 the
1388 2465 401 57 Summerfield
1822 2466 322 55 Methodist
321 2465 2002 152 Episcopal

322 2544 2001 152 church of New Haven, Connecticut [by] Paul W. Stoddard, M . A.
744 2626 141 53 New
915 2625 227 69 Haven,
1177 2624 199 69 Conn.,
1406 2623 159 53 Priv.
1598 2623 197 70 print.,
1828 2627 152 49 1931.

388 2706 88 41 113
500 2715 42 39 p.
569 2705 110 43 incl.
709 2705 165 48 front.,
902 2704 145 48 illus.,
1074 2706 151 46 ports.
1287 2702 148 43 23½ᶜᵐ.

327 2774 52 53 ©
411 2779 124 40 Mar.
567 2777 70 49 14,
668 2776 141 48 1931;
844 2776 67 42 2c.
944 2777 96 39 and
1073 2775 82 42 aff.
1188 2777 124 39 Mar.
1345 2776 83 47 18;
1463 2775 42 40 A
1535 2775 173 48 35318;
1743 2775 50 41 P.
1828 2775 72 41 W.
1936 2774 259 50 Stoddard,
2230 2775 118 40 New

394 2836 190 41 Haven.
656 2834 253 50 (31-7746)

318 2945 203 66 Stone,
551 2946 238 54 Walton
818 2945 222 64 Edgar,
1072 2950 173 50 1866-

385 3022 237 55 Walton
655 3022 192 69 Stone,
882 3043 32 33 a
944 3022 268 71 Bunyan,
1244 3022 212 69 Boone,
1490 3020 284 71 Crockett,
1810 3042 32 33 a
1873 3020 294 54 Robinson
321 3019 1998 155 Crusoe,
468 3106 76 69 by

578 3104 90 54 W.
707 3104 68 53 E.
817 3104 190 55 Stone.
1091 3104 157 66 [New
1288 3102 181 70 York,
1504 3102 244 54 Printed
1784 3103 77 70 by
1897 3101 54 55 J.
1992 3101 54 55 J.
2085 3099 181 55 Little
2302 3103 45 50 &

319 3184 132 54 Ives
481 3201 300 51 company]
819 3186 152 50 1931.

393 3263 710 49 1 v . front. (port.) 21ᶜᵐ.
392 3335 231 40 Lettered
651 3346 60 29 on
738 3344 142 31 cover:
936 3334 262 49 Trapping,
1226 3333 224 50 hunting,
1479 3333 241 48 shooting.

327 3403 52 53 ©
405 3408 124 41 Mar.
554 3406 69 49 10,
648 3405 115 42 1931;
817 3406 67 41 2c.
911 3407 96 39 and
1032 3405 81 42 aff.
1140 3407 124 39 Mar.
1290 3406 54 40 13;
1401 3405 40 40 A
1465 3404 172 48 34806;
1665 3405 73 41 W.
1765 3406 53 41 E.
1845 3404 161 49 Stone,
2033 3405 150 47 Apex,
2211 3404 56 41 N.
2294 3403 48 41 C.

406 3464 254 49 (31-7539)

319 3572 367 66 Stringfield,
720 3573 238 64 Lamar,
994 3573 172 54 1897-

316 3645 1999 134 … America and her music, by Lamar Stringfield; an outline for
601 3724 180 55 music
819 3725 175 70 clubs,
1032 3725 142 53 with
1214 3724 288 54 foreword
1537 3723 77 72 by
1652 3725 148 52 Paul
1838 3724 201 55 Green.
2119 3723 219 69 Chapel

317 3802 148 71 Hill,
501 3804 69 52 N.
611 3803 81 69 C.,
727 3803 339 72 University
1103 3802 63 54 of
1201 3803 190 53 North
1429 3802 272 56 Carolina
1735 3818 156 53 press
1974 3805 154 66 [ᶜ1931]

391 3888 57 39 74
492 3898 44 37 p.
595 3888 148 40 22½ᶜᵐ.
815 3887 200 50 ([North
1060 3887 247 41 Carolina.
1383 3886 298 48 University.
1756 3886 284 48 University
2085 3886 254 41 extension

321 3943 226 51 division]
610 3945 285 52 University
923 3944 52 41 of
1001 3945 158 40 North
1187 3943 232 42 Carolina
1447 3944 256 42 extension
1732 3944 221 49 bulletin,
1981 3945 93 40 vol.
2141 3976 6 9 x,
2179 3954 74 29 no.
2280 3942 51 50 7)
