2428 4370
1022 4037 135 51 2043

88 411 274 65 Carhart,
391 412 305 62 Margaret
725 409 284 64 Sprague,
1042 408 169 54 1877-

156 488 401 68 Experiments
601 487 60 51 in
703 484 306 54 corrective
1052 483 264 71 English,
1360 484 73 65 by
1477 483 296 68 Margaret
1820 481 257 69 Sprague

84 559 1991 153 Carhart … and Selena Pope Ingram … New York, Prentice-Hall, inc., 1931.
152 722 459 50 vi, 183 p. 26½ ᶜᵐ .
92 778 51 52 ©
175 782 126 48 Sept.
330 781 26 40 9,
456 782 82 45 1931;
568 780 66 41 2c.
666 781 125 47 Sept.
820 779 82 47 29;
933 779 80 41 aff.
1047 779 126 48 Sept.
1202 778 82 47 26;
1316 779 41 38 A
1384 777 171 48 42796;
1588 776 375 49 Prentice-Hall,
1991 777 91 41 inc.

170 838 278 49 (31-35183)

87 931 433 64 Chamberlain,
553 932 333 63 Lawrence,
920 931 171 54 1878-

154 1008 354 53 Investment
545 1008 113 52 and
694 1007 381 68 speculation;
1115 1006 212 53 studies
1365 1004 64 54 of
1465 1005 236 52 modern
1736 1010 346 47 movements

85 1086 112 52 and
232 1085 154 54 basic
421 1084 328 69 principles,
784 1085 74 68 by
892 1085 303 52 Lawrence
1234 1082 405 55 Chamberlain
1675 1083 113 52 and
1822 1081 255 55 William

84 1161 1732 70 Wren Hay. New York, H. Holt and company [ ᶜ1 931]
154 1244 705 49 xiii, 322 p. diagrs. 22 ᶜᵐ .
92 1298 51 52 ©
175 1303 112 40 Dec.
318 1303 40 46 4,
391 1301 141 47 1931;
565 1301 67 41 2c.
664 1302 112 41 Dec.
807 1300 82 47 12;
924 1301 82 40 aff.
1040 1301 111 39 Dec.
1183 1301 82 45 11;
1300 1301 40 38 A
1373 1300 144 40 46290;
1581 1300 168 47 Henry
1781 1299 121 40 Holt
1931 1300 38 40 &
2001 1310 66 30 co.,

159 1359 89 41 inc.
320 1358 280 49 (31-35177)

86 1438 395 66 Chamberlin,
513 1438 315 54 Frederick
860 1437 294 65 Carleton,
1188 1439 171 53 1870-

155 1516 121 52 The
314 1515 226 68 private
576 1515 291 53 character
904 1514 65 53 of
1005 1515 204 68 Henry
1248 1516 96 51 the
1382 1514 242 69 Eighth,
1660 1514 76 69 by
1774 1513 310 53 Frederick

86 1592 1573 68 Chamberlin … New York, I. Washburn, 1931.
156 1674 1646 50 9 p., 1 l., 11-390 p. front., pl., ports., map, facsims. 23 ᶜᵐ .
93 1730 51 52 ©
182 1735 116 39 Nov.
335 1734 68 47 27,
441 1733 112 40 1931;
620 1733 67 40 2c.
723 1733 111 40 Dec.
871 1733 54 38 15;
992 1732 81 41 aff.
1112 1733 111 39 Dec.
1260 1732 82 47 10;
1383 1733 39 39 A
1458 1732 145 40 46407;
1671 1734 51 38 F.
1761 1731 323 44 Chamberlin,

162 1792 210 39 London.
442 1790 280 48 (31-35288)

89 1870 168 55 Child
293 1871 182 63 study
507 1869 358 55 association
898 1870 64 53 of
996 1869 294 65 America,
1325 1869 112 55 inc.

157 1946 206 69 Books,
395 1967 31 33 a
460 1947 238 53 selected
730 1947 96 53 list
859 1947 92 53 for
985 1953 231 62 parents
1250 1948 112 52 and
1394 1948 269 66 teachers,
1696 1948 239 52 selected
1970 1948 107 51 and

86 2023 279 68 compiled
390 2025 74 69 by
488 2027 96 52 the
612 2026 257 52 Parents’
894 2023 405 70 bibliography
1326 2025 335 53 committee.
1737 2027 138 51 New
1905 2025 159 53 York,

87 2101 1587 71 N. Y., Child study association of America, ᶜ1 931.
160 2183 57 41 86
245 2195 44 37 p.
349 2183 145 41 19½ᶜᵐ.

162 2240 125 42 Enid
316 2241 365 49 Oppenheimer,
712 2241 265 41 chairman.

160 2296 253 42 Classified
444 2299 96 39 and
575 2300 266 39 annotated
873 2299 120 39 with
1025 2299 178 39 author
1234 2300 97 39 and
1364 2299 108 40 title
1505 2299 214 40 indexes.

163 2354 129 42 “The
335 2355 132 40 sixth
508 2355 184 41 edition
734 2356 52 40 of
825 2357 81 39 the
950 2356 233 40 ‘Selected
1223 2356 85 40 list
1349 2356 51 40 of
1440 2356 148 40 books
1628 2356 79 39 for
1748 2358 199 46 parents
1987 2357 94 38 and

90 2396 1583 65 teachers’ of which the first was published in 1914.”—p. [2]
95 2465 51 52 ©
177 2470 117 40 Nov.
325 2471 68 47 15,
425 2470 140 47 1931;
597 2470 68 42 2c.
695 2471 117 40 Nov.
842 2470 81 47 20;
958 2471 82 41 aff.
1072 2471 112 41 Dec.
1216 2471 81 47 12;
1330 2471 40 39 A
1400 2471 172 47 45482;
1608 2471 142 41 Child
1782 2472 145 45 study
1960 2481 112 29 assn.

163 2527 52 39 of
238 2527 238 40 America.
547 2527 278 48 (31-35431)

89 2606 285 64 Cochran,
403 2606 252 54 Michael
685 2607 319 56 Hermond.

159 2681 290 69 Germany
497 2688 100 48 not
645 2683 187 69 guilty
881 2684 61 51 in
994 2687 136 49 1914
1188 2683 358 70 (examining
1594 2703 31 33 a
1673 2684 169 52 much
1891 2683 193 68 prized

88 2759 1999 71 book) by M. H. Cochran … with a foreword by Harry Elmer
89 2837 1891 72 Barnes … Boston, Mass., The Stratford company [ ᶜ1 931 ]
158 2920 736 50 2 p. l., xi, [2], 233 p. 19½ ᶜᵐ .
159 2977 42 40 A
227 2977 205 48 critique
459 2977 52 40 of
537 2978 100 39 The
665 2978 189 48 coming
880 2978 51 40 of
958 2980 82 38 the
1068 2988 113 37 war,
1211 2979 127 47 1914,
1366 2980 61 46 by
1455 2980 299 39 Bernadotte
1782 2980 53 39 E.
1866 2979 221 41 Schmitt.

98 3031 51 52 ©
180 3035 109 40 Dec.
321 3034 38 47 5,
389 3033 112 41 1931;
561 3034 66 41 2c.
658 3035 111 40 Dec.
800 3036 26 39 7;
884 3034 80 41 aff.
997 3035 111 42 Dec.
1140 3036 54 38 12;
1253 3036 42 39 A
1322 3035 145 40 45409;
1530 3036 251 41 Stratford
1812 3045 82 37 co.,
1927 3036 161 48 pubrs.

175 3090 279 49 (31-35289)

91 3172 273 64 Conway,
393 3173 276 55 Eustace.

161 3248 1925 71 The choice of books, by Eustace Conway … Yellow
94 3324 262 72 Springs,
389 3326 86 69 O.,
508 3326 157 55 Priv.
701 3327 157 68 print.
912 3328 93 53 for
1039 3329 96 52 the
1168 3330 205 51 author
1407 3335 58 46 at
1500 3331 95 50 the
1629 3330 251 52 Antioch
1914 3348 173 49 press,

94 3407 149 50 1931.

162 3484 503 49 2 p. l., 15 p. 18ᶜᵐ.
99 3538 51 52 ©
185 3543 111 40 Dec.
329 3543 68 43 10,
430 3543 141 46 1931;
605 3544 67 40 2c.
707 3545 109 41 Dec.
851 3545 80 46 16;
967 3545 82 41 aff.
1083 3546 111 39 Dec.
1228 3546 81 46 15;
1347 3548 39 37 A
1417 3545 144 40 45498;
1627 3548 51 39 E.
1715 3547 223 38 Conway.
1974 3546 117 39 New

167 3600 142 39 York.
381 3599 279 48 (31-35430)

95 3680 274 64 Conway,
395 3681 219 63 Myrtle
643 3681 221 65 Feltus,
892 3683 170 53 “Mrs.
1092 3683 260 64 Stephen
1383 3684 312 63 Conway.”

163 3756 122 53 The
323 3774 146 50 open
507 3757 148 53 book
692 3757 65 53 of
794 3764 255 47 contract
1085 3760 219 66 bridge,
1342 3760 172 53 based
1555 3778 153 49 upon
1751 3760 335 54 Culbertson

91 3834 2000 72 standard system [by] Mrs. Stephen Conway … [Portland, Or.,
93 3910 1261 71 Press of Lane-Miles Standish co., ᶜ1 931]
