2505 4370
1242 3984 137 52 1080

299 329 214 64 Heras,
543 326 280 57 Antonio.

369 406 193 52 Horas
601 406 244 66 vividas,
883 405 297 54 selections
1219 406 154 54 from
1410 406 96 53 the
1546 425 156 35 verse
1739 408 113 52 and
1891 426 164 50 prose
2094 408 64 52 of
298 410 1988 126 Antonio

487 485 218 66 Heras;
739 483 209 56 edited,
982 483 136 54 with
1156 483 410 70 introduction,
1597 491 177 59 notes,
1806 489 109 51 and
1954 486 362 69 vocabulary,

299 561 72 69 by
416 561 59 57 S.
517 563 64 52 L.
625 561 239 54 Millard
911 563 330 68 Rosenberg
1285 564 112 53 and
1442 564 220 53 Homer
1703 563 167 54 Price
1914 564 189 54 Earle.
299 566 1988 143 Chicago,
493 639 113 70 Ill.,

643 641 1318 70 The University of Chicago press [ ᶜ1 931]
300 722 2019 106 xii, 136, [1] p. front. (port.) 20 ᶜᵐ. (Half-title: The University of Chicago junior college
953 779 163 41 series.
1186 780 237 49 Spanish)

371 836 446 49 “Bibliographical
847 836 141 41 note”
1007 848 9 29 :
1047 848 44 38 p.
1123 837 115 50 [137]

306 891 52 52 ©
390 896 113 47 Apr.
535 894 69 48 21,
636 894 141 43 1931;
811 895 66 40 2c.
911 896 114 47 May
1055 895 52 42 9;
1143 895 81 40 aff.
1258 896 128 40 June
1415 896 83 47 10;
1532 897 43 38 A
1604 897 172 47 38071;
1812 896 286 48 University
2131 898 51 38 of
377 896 1927 104 Chicago,
554 952 224 48 Chicago.

861 952 282 49 (31-17889)

300 1047 294 65 Hertzler,
623 1048 236 54 Arthur
891 1049 308 65 Emanuel,
1232 1051 174 54 1870-

428 1125 1891 72 … Surgical pathology of the skin, fascia, muscles, tendons,
295 1204 2001 133 blood and lymph vessels, by Arthur E. Hertzler … 260 illustrations.
297 1282 1997 149 Philadelphia, Montreal [etc.] J. B. Lippincott company [ ᶜ1 931]
296 1442 2006 107 xvi, 301 p. illus. 25 ᶜᵐ. (Hertzler’s monographs on surgical pathology)
369 1556 340 43 “Literature”
739 1559 52 39 at
819 1558 91 40 end
940 1556 52 41 of
1019 1556 120 41 each
1166 1557 220 48 chapter.

307 1615 52 52 ©
397 1621 129 38 June
560 1617 69 49 22,
667 1618 143 45 1931;
849 1617 67 41 2c.
954 1617 129 40 June
1118 1616 55 40 30;
1241 1616 84 41 aff.
1362 1617 116 47 July
1514 1617 53 46 1;
1607 1617 42 41 A
1683 1617 172 47 40210;
1896 1618 54 41 A.
1988 1619 52 40 E.
2080 1618 241 43 Hertzler.
378 1677 258 46 Halstead,
670 1676 125 39 Kan.
869 1674 283 49 (31-18013)

301 1774 288 64 Hodnett,
619 1772 276 56 Edward.

369 1851 174 53 Plain
581 1850 276 69 English;
900 1850 288 67 examples
1227 1849 65 52 of
1332 1850 286 68 everyday
1658 1849 253 66 writing,
1948 1850 34 52 by
2063 1850 250 53 Edward

299 1928 2017 68 Hodnett … and Minnie S. Keyes … New York, The Ronald
299 2010 696 65 press company [ ᶜ1 931 ]
371 2090 105 46 xiii,
506 2089 86 41 209
621 2100 43 37 p.
728 2089 57 40 20½ᶜᵐ.

307 2144 52 52 ©
393 2149 115 46 May
539 2146 68 43 29,
640 2147 112 40 1931;
815 2148 65 39 2c.
915 2148 96 38 and
1044 2145 82 42 aff.
1159 2148 129 38 June
1317 2146 53 44 2;
1406 2147 40 38 A
1477 2145 173 47 38580;
1687 2147 191 40 Ronald
1911 2156 137 38 press
2082 2157 68 30 co.
386 2204 284 48 (31-18190)

308 2286 206 69 [Hunt,
544 2284 173 71 Cecil]
753 2290 171 51 1902-
1140 2302 181 53 comp.

369 2363 319 53 Honoured
718 2362 309 54 sir—from
1060 2362 273 69 Babujee.
1409 2363 262 67 London,
1700 2363 66 52 P.
1796 2362 178 52 Allan
2007 2364 51 50 &
2091 2380 98 48 co.,
2218 2361 104 55 ltd.

305 2445 175 65 [1931]

372 2525 89 41 115
485 2536 42 38 p.
589 2525 118 40 22ᶜᵐ.

372 2583 208 48 Largely
611 2592 26 29 a
668 2581 253 40 collection
949 2580 52 41 of
1028 2582 173 39 letters
1231 2580 199 40 written
1460 2580 60 47 by
1549 2579 193 41 natives
1770 2580 52 40 of
1851 2579 142 41 India
2024 2580 95 40 and
2151 2579 169 41 Africa

300 2642 97 38 and
428 2639 238 48 compiled
696 2639 61 47 by
787 2638 128 41 Cecil
947 2638 153 39 Hunt.

309 2694 1995 109 © 1c. May 27, 1931; A ad int. 15135; pubd. Mar. 31; H. C. Hunt, Enfield, Middlesex,
848 2754 236 45 England.
1158 2751 283 49 (31-18709)

303 2836 188 65 Hunt,
520 2835 294 56 Rockwell
845 2833 245 68 Dennis,
1121 2839 174 52 1868-

372 2914 161 55 Calif
536 2913 122 54 orni
668 2933 48 48 a,
758 2934 28 33 a
829 2912 152 56 little
1019 2913 224 70 history
1285 2912 64 54 of
1388 2932 32 35 a
1459 2910 100 71 big
1601 2916 161 66 state,
1800 2910 76 71 by
1914 2909 292 55 Rockwell
2245 2909 72 55 D.

298 2989 2021 72 Hunt … Boston, New York [etc.] D. C. Heath and company
378 3075 120 65 [ ᶜ1 931]
369 3152 103 48 viii,
502 3151 87 41 148
617 3162 43 38 p.
718 3149 164 49 front.,
915 3150 130 41 illus.
1103 3149 146 42 19½ᶜᵐ.

370 3210 142 47 Maps
546 3218 61 31 on
639 3206 367 50 lining-papers.

309 3265 52 52 ©
395 3270 129 40 June
555 3269 69 46 16,
660 3267 108 41 1931;
836 3268 66 39 2c.
939 3267 115 46 July
1088 3268 25 37 1;
1177 3266 82 40 aff.
1296 3267 127 38 June
1455 3265 82 46 30;
1576 3266 39 38 A
1648 3264 172 49 39311;
1857 3267 54 40 R.
1948 3266 56 42 D.
2040 3266 153 40 Hunt.
2230 3266 93 39 Los

377 3327 221 48 Angeles.
670 3324 283 49 (31-17740)

302 3407 200 63 Jones,
533 3406 220 63 Easley
779 3405 283 64 Stephen.

370 3482 290 55 Practical
697 3481 246 70 English
981 3482 395 68 composition.
1457 3481 226 68 Special
1721 3482 84 53 ed.
1883 3483 90 68 By
2011 3482 211 68 Easley
2261 3481 56 56 S.

301 3563 192 53 Jones.
570 3562 139 52 New
739 3562 180 58 York,
947 3562 121 52 The
1098 3561 258 68 Century
1383 3578 80 35 co.
1499 3563 192 65 [ᶜ1931]

373 3643 97 47 xiv,
501 3643 85 41 528
614 3654 42 37 p.
720 3643 57 39 22½ᶜᵐ.
986 3641 131 50 $2.00

376 3700 127 40 Text
530 3711 59 29 on
619 3700 367 48 lining-papers.

377 3757 268 39 “Identical
685 3757 118 40 with
844 3757 83 40 the
963 3758 197 46 regular
1199 3756 184 40 edition
1422 3758 170 45 except
1629 3756 110 40 that
1776 3766 89 29 one
1903 3755 220 40 hundred
306 3754 1995 98 perforated
475 3823 146 37 pages
653 3814 53 39 of
734 3813 216 41 exercise

980 3813 227 40 material
1240 3824 86 29 are
1356 3812 248 41 omitted.”

310 3865 2007 52 © June 5, 1931; 2c. J une 26; aff. July 2; A 40279; E. S. Jones, Santa
378 3926 235 44 Barbara,
652 3929 144 41 Calif.
869 3928 280 48 (31-18189)
