2505 4370
1308 4031 106 57 704

362 375 177 67 Snell,
571 377 130 64 Roy
730 376 247 67 Judson,
1013 378 172 56 1878-

492 451 1889 77 … The Gray shadow, by Roy J. Snell. Chicago, The Reilly &
357 530 111 55 Lee
500 549 78 36 co.
620 534 195 68 [ᶜ1931]

429 613 1540 54 3 p. l. , 11-281 p. 19½ ᶜᵐ . [His Mystery stories for boys]
367 669 53 53 ©
449 674 113 47 Apr.
590 672 70 50 29,
688 672 113 42 1931;
860 674 68 42 2c.
958 675 113 47 May
1101 676 52 39 11;
1214 675 83 41 aff.
1327 676 114 48 May
1470 676 55 39 14;
1583 677 41 39 A
1650 677 147 41 37287;
1856 677 161 50 Reilly
2047 679 36 40 &
2111 678 93 41 Lee
2233 690 68 31 co.

445 730 283 49 (31-12247)

360 796 273 65 Stevens,
658 797 265 54 Thomas
948 798 201 65 Wood,
1180 804 173 49 1880-

427 873 216 69 Magna
678 878 175 66 carta,
888 894 31 33 a
955 881 251 62 pageant
1239 875 218 69 drama,
1491 877 76 71 by
1602 877 250 54 Thomas
1888 877 185 54 Wood
2110 876 265 70 Stevens;

356 956 57 48 to
451 952 188 53 which
672 952 144 54 have
850 953 138 52 been
1024 953 187 54 added
1248 954 400 70 introductory
1685 961 161 48 notes
1883 974 73 35 on
1988 956 96 53 the
2123 955 255 54 occasion

357 1029 95 54 for
492 1030 75 53 its
608 1030 389 70 preparation,
1041 1031 117 54 also
1202 1052 32 34 a
1277 1032 287 54 foreword
1605 1033 76 72 by
1722 1033 216 54 Roscoe
1977 1034 225 68 Pound,
2246 1035 132 69 and,

355 1107 59 52 in
444 1108 368 69 appendixes,
843 1110 96 54 the
970 1109 248 69 English
1249 1116 122 47 text
1402 1110 64 54 of
1491 1112 96 52 the
1615 1118 162 63 great
1809 1112 242 70 charter,
2082 1113 114 52 and

355 1113 1997 126 various
480 1192 307 49 comments
811 1206 72 34 on
904 1187 75 54 its
1000 1186 300 55 literature
1324 1188 112 53 and
1460 1189 422 70 reproduction,
1909 1191 114 53 and
2049 1191 98 52 the
2169 1196 119 47 cast
2314 1194 64 50 of

354 1264 231 70 players
622 1270 60 49 at
718 1264 76 57 its
833 1264 249 70 original
1119 1266 399 69 performance
1557 1273 59 48 at
1653 1268 97 53 the
1787 1267 488 56 semi-centennial
2314 1274 63 49 of

354 1343 96 52 the
485 1342 308 55 American
827 1344 105 52 bar
969 1344 339 54 association
1344 1344 63 53 in
1444 1344 145 73 July
1625 1345 184 52 Aᵒ·Dᵒᵐ
1924 1364 50 34 m
2363 1388 10 12 DCCCCXXVIII.

355 1419 270 72 Chicago,
657 1422 122 53 The
809 1421 310 54 American
1150 1423 105 54 bar
1286 1421 357 72 association,
1676 1426 152 51 1930.

426 1500 788 51 80 p., 1 l. front., pl. 23 ᶜᵐ .
426 1558 265 42 Facsimile
726 1570 60 29 on
824 1559 367 49 lining-papers.

427 1616 131 42 ‘One
583 1617 246 40 thousand
858 1617 161 48 copies
1046 1616 195 50 printed
1267 1618 50 40 in
1345 1618 132 49 July,
1502 1618 131 50 1930,
1659 1620 156 39 under
1839 1620 81 40 the
1949 1620 239 41 direction
2216 1621 51 41 of
2295 1622 81 39 the

353 1674 121 41 Yale
502 1673 274 49 university
804 1673 183 50 press.”

362 1731 52 53 ©
452 1735 120 49 Aug.
607 1734 70 49 20,
715 1734 118 42 1930;
896 1735 68 41 2c.
1001 1735 121 49 Aug.
1159 1736 55 40 23;
1283 1735 82 40 aff.
1404 1735 104 41 Oct.
1545 1736 52 40 21;
1668 1735 40 41 A
1745 1735 147 42 36398;
1960 1737 167 40 James
2167 1736 208 41 Grafton

430 1793 198 49 Rogers,
662 1795 199 45 trustee,
894 1793 227 47 Boulder,
1155 1793 100 40 Col.
1327 1792 282 49 (31-12993)

355 1859 221 65 Street,
606 1857 201 55 Julian
838 1858 290 66 Leonard,
1163 1859 173 55 1879-

485 1935 1890 70 … Where Paris dines, with information about restaurants of
351 2014 80 54 all
458 2013 188 69 kinds,
674 2014 179 70 costly
878 2015 115 53 and
1021 2015 195 67 cheap,
1243 2013 279 70 dignified
1549 2014 113 53 and
1688 2032 130 52 gay,
1845 2014 208 53 known
2080 2013 116 55 and
2223 2013 152 54 little

351 2091 236 54 known:
632 2093 114 54 and
788 2093 127 53 how
958 2099 59 47 to
1060 2091 171 71 enjoy
1272 2093 172 68 them,
1487 2093 76 69 by
1605 2091 204 55 Julian
1851 2091 218 68 Street;
2114 2093 260 68 together

351 2169 142 54 with
520 2190 33 34 a
580 2169 314 55 discussion
922 2169 64 55 of
1014 2170 224 53 French
1265 2171 176 53 wines
1470 2171 114 52 and
1615 2190 32 34 a
1674 2170 153 55 table
1855 2170 63 54 of
1946 2169 262 69 vintages
2236 2171 76 68 by
2341 2191 31 33 a

351 2248 424 70 distinguished
800 2253 271 50 amateur.
1135 2247 228 56 Garden
1395 2248 153 70 City,
1574 2248 69 55 N.
1673 2248 90 70 Y.,
1789 2247 358 72 Doubleday,
2174 2249 200 53 Doran

348 2328 45 51 &
428 2345 297 52 company,
761 2327 128 71 inc.,
925 2330 153 50 1931.

422 2408 159 41 xxviii
608 2419 60 38 p.,
698 2409 25 39 1
789 2439 10 17 l.,
826 2408 86 41 322
940 2418 45 38 p.
1012 2408 112 41 incl.
1153 2407 167 50 front.,
1349 2408 130 42 illus.
1608 2439 9 18 pl.,
1647 2408 97 42 tab.
1805 2408 147 41 19½ᶜᵐ.

421 2465 67 42 At
512 2467 126 40 head
664 2465 53 42 of
741 2465 108 41 title:
905 2465 227 49 Airways
1156 2464 201 42 edition.
1412 2464 189 41 Fourth
1625 2464 634 43 edition—revised—1931.

359 2523 51 52 ©
442 2527 114 48 May
584 2527 39 47 1,
652 2525 114 41 1931;
824 2525 67 41 2c.
920 2526 97 40 and
1046 2524 83 43 aff.
1159 2525 116 51 May
1303 2525 56 39 14;
1416 2524 42 40 A
1485 2523 146 42 38179;
1690 2523 43 43 J.
1766 2523 176 50 Street,
1971 2525 118 40 New
2118 2524 145 40 York.

438 2583 282 50 (31-12755)

353 2648 332 66 Weersing,
717 2647 318 55 Frederick
1066 2648 72 66 J.,
1172 2653 174 51 1889-
1559 2665 181 52 comp.

421 2725 336 55 Annotated
799 2727 174 52 index
1015 2725 66 54 of
1120 2727 186 52 theses
1348 2726 115 52 and
1506 2724 399 54 dissertations
1947 2724 62 53 in
2052 2723 319 68 education,

352 2802 2019 73 compiled by Frederick J. Weersing … and Benjamin R.
349 2881 2022 72 Haynes … [Los Angeles] Alpha epsilon chapter of Phi delta
348 2962 215 62 kappa,
604 2961 342 63 University
987 2961 65 53 of
1094 2961 292 56 Southern
1427 2959 346 65 California,
1816 2959 209 56 School
2065 2959 66 54 of
349 2961 1997 150 education,
521 3044 153 50 1931.

422 3123 595 50 3 p. l. , 9-91 p. 22½ᶜᵐ.
425 3182 257 40 “Includes
711 3181 67 39 all
807 3180 163 40 theses
1000 3179 230 48 accepted
1261 3179 61 48 by
1351 3179 82 40 the
1466 3178 173 41 School
1670 3177 53 40 of
1750 3176 260 42 education
2045 3176 67 51 [of
2142 3178 82 41 the

351 3177 2000 109 University
565 3238 52 41 of
649 3238 244 41 Southern
922 3235 292 50 California]
1245 3246 65 37 up
1339 3237 51 38 to
1418 3234 264 41 December
1711 3234 72 49 31,
1812 3233 500 42 1930.”—Foreword.

423 3296 255 47 Arranged
707 3292 382 50 alphabetically
1114 3293 62 47 by
1205 3292 194 46 author,
1428 3290 121 41 with
1577 3290 190 49 subject
1796 3290 161 41 index.

357 3350 51 52 ©
448 3354 111 40 Feb.
594 3351 69 50 22,
701 3351 112 41 1931;
880 3351 68 40 2c.
985 3351 123 39 Mar.
1144 3351 26 39 3;
1236 3348 84 43 aff.
1357 3350 123 39 Mar.
1518 3349 56 39 14;
1640 3348 42 40 A
1717 3347 146 42 34850;
1930 3348 52 41 F.
2020 3348 45 41 J.
2103 3346 265 50 Weersing,

427 3411 93 40 Los
556 3410 221 48 Angeles.
849 3406 282 51 (31-12495)

352 3475 259 66 Wetjen,
643 3474 211 55 Albert
885 3473 280 65 Richard,
1199 3478 175 50 1900-

422 3552 288 54 Fiddlers’
762 3551 217 68 Green;
1038 3569 81 50 or,
1172 3550 125 53 The
1350 3553 233 65 strange
1637 3548 315 54 adventure
2004 3546 66 55 of
2123 3547 245 70 Tommy

352 3630 206 68 Lawn;
596 3648 32 35 a
663 3629 115 54 tale
813 3628 65 54 of
912 3629 98 53 the
1044 3633 164 65 great
1242 3626 197 55 divide
1474 3625 66 55 of
1574 3628 97 52 the
1707 3625 306 55 sailormen
2048 3624 78 71 by
2160 3624 208 55 Albert

350 3707 256 54 Richard
633 3706 260 69 Wetjen;
924 3706 143 54 with
1094 3704 384 55 illustrations
1505 3704 76 70 by
1609 3703 337 55 Ferdinand

1973 3702 213 55 Huszti
351 3702 1993 135 Horvath.
576 3785 237 68 Boston,
846 3784 197 68 Little,
1077 3785 232 65 Brown,
1346 3783 113 52 and
1495 3800 301 52 company,
1833 3783 152 51 1931.

487 3862 1356 52 xx p., 2 l., 3-261 p. incl. illus., plates, front. 20ᶜᵐ.
357 3918 52 53 ©
439 3924 113 46 May
579 3923 69 48 11,
676 3923 142 48 1931;
847 3922 68 43 2c.
944 3924 96 40 and
1067 3923 83 41 aff.
1180 3924 115 47 May
1324 3923 81 46 14;
1436 3922 41 39 A
1504 3920 171 49 37308;
1707 3922 55 41 A.
1791 3922 55 40 R.
1877 3920 208 48 Wetjen,
2117 3920 250 48 Portland,

426 3978 78 43 Or.
576 3978 282 52 (31-12456)
