2505 4370
1318 4050 100 51 854

354 390 213 65 Gauss,
598 391 221 66 Harry,
852 399 171 49 1888-

422 465 247 55 Clinical
711 467 284 68 dietetics;
1044 488 31 34 a
1115 470 272 55 textbook
1432 470 94 52 for
1566 471 346 68 physicians,
1954 471 257 54 students
2255 472 113 52 and

350 543 2016 78 dietitians, by Harry Gauss … assisted by E. V. Gauss … St.
350 622 191 71 Louis,
568 623 122 53 The
719 623 61 56 C.
809 626 71 54 V.
907 624 206 71 Mosby
1143 643 297 53 company,
1471 629 152 53 1931.

421 705 758 51 490 p. illus., diagrs. 25 ᶜᵐ .
424 774 350 45 “References”
804 780 53 39 at
884 778 92 41 end
1002 780 54 40 of
1081 781 118 39 each
1227 780 214 48 chapter.

360 845 51 52 ©
449 850 113 47 May
597 850 54 39 11,
701 848 112 43 1931;
879 850 67 42 2c.
981 852 114 47 May
1130 852 56 39 14;
1250 851 84 42 aff.
1370 854 113 46 May
1519 854 54 39 13;
1638 853 42 39 A
1712 853 146 42 38202;
1924 854 49 41 C.
2008 855 52 40 V.
2098 856 170 47 Mosby
2303 865 68 32 co.

438 907 283 48 (31-14844)

354 1031 293 67 Gemmill,
675 1033 149 54 Paul
853 1033 289 67 Fleming.

421 1109 94 52 An
547 1109 310 56 economics
887 1110 257 69 question
1174 1111 176 69 book;
1383 1112 286 69 questions
1703 1114 112 54 and
1848 1113 285 70 problems
2164 1113 93 52 for
346 1115 2001 141 introductory

703 1188 210 70 college
937 1208 220 35 courses
1178 1190 59 53 in
1262 1191 283 53 economic
1567 1192 330 68 principles,
1920 1192 72 68 by
2017 1191 147 53 Paul
351 1192 1998 142 Fleming

495 1265 271 55 Gemmill
808 1271 114 52 and
967 1268 317 69 associates,
1327 1269 380 69 Department
1749 1269 64 54 of
1858 1268 329 72 economics,
354 1269 1995 146 University

607 1345 63 53 of
711 1346 440 69 Pennsylvania.
1228 1347 139 53 New
1408 1347 163 53 York
1611 1348 113 53 and
1761 1346 258 71 London,
2056 1348 234 69 Harper
2327 1349 47 51 &

351 1422 278 70 brothers,
661 1426 150 51 1931.

458 1504 890 51 x p., 1 l., 109 p. diagrs. 22½ ᶜᵐ .
429 1575 146 40 “This
602 1576 226 48 question
854 1577 123 40 book
1002 1576 42 41 is
1069 1577 84 41 the
1179 1577 137 41 work
1341 1577 52 41 of
1417 1577 77 41 six
1521 1578 237 40 members
1787 1578 52 40 of
1865 1578 81 41 the
1974 1580 324 47 Department
2324 1579 51 39 of

353 1632 285 49 economics,
668 1632 286 49 University
981 1634 53 40 of
1059 1634 364 48 Pennsylvania:
1483 1635 158 48 Ralph
1675 1635 60 41 H.
1763 1636 243 47 Blodgett,
2036 1635 255 47 Raymond
2322 1634 52 44 T.

353 1690 250 49 Bowman,
636 1691 123 41 Paul
791 1690 51 42 F.
876 1690 240 51 Gemmill,
1150 1691 49 42 C.
1234 1690 149 44 Louis
1414 1691 202 50 Knight,
1651 1692 241 49 Maynard
1926 1692 49 42 C.
2007 1693 237 48 Krueger,
2279 1694 94 40 and

354 1748 219 41 William
600 1749 57 41 N.
688 1748 485 43 Loucks.”—Introd.

428 1806 164 41 “First
627 1806 229 41 edition.”

362 1877 51 52 ©
447 1882 114 47 May
591 1880 39 49 6,
661 1879 142 48 1931;
834 1879 67 42 2c.
933 1881 114 47 May
1079 1880 24 40 5;
1164 1879 81 41 aff.
1280 1880 113 47 May
1425 1879 52 47 8;
1511 1880 41 38 A
1582 1878 145 42 38005;
1788 1879 195 49 Harper
2015 1881 36 41 &
2080 1879 127 41 bros.

441 1937 282 50 (31-14942)

360 2049 275 64 Gerland,
668 2047 287 55 Heinrich
987 2047 68 55 B.

432 2128 312 69 Englische
788 2127 483 69 rechtsprobleme
1312 2127 120 53 und
1478 2125 94 54 die
1613 2126 267 53 deutsche
362 2124 1993 151 zivilprozessreform,

572 2200 1809 75 von dr. Heinrich B. Gerland … Berlin, J. Springer,
361 2288 151 51 1930.

430 2369 26 38 3
493 2379 42 36 p.
608 2398 8 16 l.,
653 2366 55 39 32
746 2375 42 38 p.
850 2365 147 40 24½ᶜᵐ.

364 2433 1815 53 © Mar. 20, 1930; 1c. July 2; A—Foreign 8706; Julius Springer.
359 2560 242 67 Gibson,
632 2561 132 54 Van
795 2559 374 65 Rensselaer,
1203 2564 172 51 1889-

426 2638 121 51 The
583 2635 262 55 Master’s
882 2642 177 48 secret
1094 2635 63 53 of
1192 2654 222 50 power;
1451 2634 172 69 being
1659 2635 236 55 modern
1932 2634 216 54 studies
2184 2634 59 51 in
2280 2636 96 53 the

355 2722 175 46 secret
563 2713 310 69 principles
905 2713 349 69 underlying
1281 2714 96 53 the
1408 2712 211 70 Gospel
1649 2713 260 54 miracles
1942 2712 63 53 of
2035 2712 251 69 healing,
2316 2713 59 53 in

354 2792 96 52 the
477 2792 149 70 light
653 2793 62 52 of
742 2791 290 55 advanced
1060 2791 274 53 scientific
1361 2791 113 53 and
1500 2790 423 71 psychological
1951 2791 266 69 thought,
358 2809 1993 131 supplemented

711 2873 141 53 with
889 2870 269 57 exercises
1194 2872 114 53 and
1347 2869 367 56 affirmations
1750 2870 93 52 for
1878 2869 276 69 practical
360 2870 1990 137 application.

645 2950 1734 73 By the Rev. Van Rensselaer Gibson … v. 1. [New
363 3030 1320 71 York, J. J. Little & Ives company, ᶜ19 31]
433 3114 88 39 viii
552 3125 57 36 p.,
639 3113 25 38 2
731 3145 8 15 l.,
771 3113 58 39 76
858 3123 42 37 p.
961 3112 147 40 23½ᶜᵐ.

428 3183 238 41 “Limited
703 3182 227 41 edition.”

473 3238 1901 50 Vol. I “is intended to serve as a sequel … to … ‘The faith that
358 3295 2002 106 overcomes the world’ … These studies [vol. I] originally appeared serially
360 3352 1999 106 in ‘Applied religion’ … The title of the articles was ‘Along healing
468 3410 258 48 pathways
751 3409 120 42 with
899 3411 80 40 the
1009 3409 192 45 Christ,’
1233 3420 53 29 or
1313 3411 82 38 the
1425 3410 314 49 ‘Psychology
1767 3410 52 39 of
1845 3410 157 40 Jesus’
2033 3410 343 42 miracles’.”—

360 3468 87 41 vol.
480 3478 32 37 I,
543 3468 144 47 Pref.,
719 3478 42 38 p.
796 3466 99 41 viii.

368 3536 51 51 ©
448 3541 112 45 May
584 3542 25 36 2,
652 3539 105 39 1931;
817 3540 67 40 2c.
912 3539 113 47 May
1048 3539 27 38 4;
1130 3538 83 40 aff.
1240 3539 114 47 May
1380 3538 52 46 8;
1461 3538 40 39 A
1527 3538 144 41 37504;
1728 3539 106 39 Van
1862 3539 291 40 Rensselaer
2181 3537 195 47 Gibson,

436 3597 230 40 Yonkers.
751 3629 7 8 N.
793 3597 51 38 Y.
918 3590 280 52 (31-14721)

362 3719 195 65 Gillet,
595 3719 198 66 Louis,
834 3721 172 55 1876-

493 3798 1314 69 … Shakespeare. Paris, B. Grasset [ 1930]
438 3880 755 49 2 p. l., [7]-348 p., 2 l. 19 ᶜᵐ .
437 3948 119 43 “Les
590 3952 161 46 leçons
785 3951 81 49 qui
902 3952 279 48 composent
1213 3961 53 32 ce
1301 3951 193 41 volume
1528 3952 110 40 sont
1673 3962 64 30 un
1772 3962 141 30 cours
1948 3949 222 51 professé
2203 3950 172 41 l’hiver
