2505 4370
1285 4060 102 50 458

313 395 275 66 McNeer,
619 396 143 64 May
791 395 227 66 Yonge.

381 471 210 71 Tinka,
618 471 204 57 Minka
853 472 114 55 and
994 471 208 72 Linka,
1227 479 125 49 text
1377 474 73 72 by
1478 474 138 71 May
1648 474 246 54 McNeer;
1953 474 381 56 illustrations

311 549 76 72 by
415 548 297 58 Charlotte
739 549 262 56 Lederer.
1065 551 137 55 New
1232 551 181 71 York,
1440 552 70 53 A.
1540 552 71 54 A.
1641 552 225 73 Knopf,
1896 555 151 52 1931.

383 631 26 40 1
440 642 43 38 p.
548 662 9 18 l.,
584 631 71 49 30,
688 631 55 51 [1]
775 643 43 38 p.
878 633 89 41 col.
994 632 166 50 front.,
1191 634 87 41 col.
1309 633 130 42 illus.
1500 634 149 43 22½ᶜᵐ.

322 687 52 54 ©
405 693 124 40 Mar.
559 692 71 49 27,
660 691 114 42 1931;
834 692 69 43 2c.
934 694 127 41 Mar.
1087 692 57 42 30;
1202 693 84 41 aff.
1317 694 123 41 Mar.
1471 693 60 42 28;
1587 694 44 40 A
1660 694 147 41 35514;
1867 694 174 41 Alfred
2071 696 56 41 A.
2159 694 181 51 Knopf,

390 750 92 41 inc.
555 749 253 51 (31-8216)

314 844 231 67 Mason,
573 847 141 53 Mrs.
741 845 165 54 Ruth
934 845 281 56 Putnam.

381 920 248 56 Woman
661 920 179 57 walks
872 921 163 55 alone
1071 922 111 70 [by]
1219 921 162 56 Ruth
1413 922 251 54 Putnam
1696 922 219 53 Mason.
1983 922 138 55 New
2157 922 181 73 York,

311 998 65 54 L.
406 999 356 72 MacVeagh,
789 1000 122 53 The
942 999 137 55 Dial
1109 1018 187 51 press;
1327 1000 273 69 Toronto,
1630 1002 345 70 Longmans,
2007 1000 186 55 Green
2224 1001 114 54 and

312 1096 99 54 co.,
440 1080 152 52 1931.

381 1159 30 40 4
439 1170 45 38 p.
544 1190 11 17 l.,
581 1158 89 42 315
695 1170 43 38 p.
800 1158 149 44 19½ᶜᵐ.

324 1216 53 53 ©
408 1221 125 40 Mar.
562 1220 70 49 26,
663 1218 142 49 1931;
837 1220 68 41 2c.
936 1221 98 39 and
1138 1252 7 8 aff.
1178 1221 123 38 Mar.
1333 1219 83 48 30;
1449 1220 41 39 A
1520 1219 173 49 36198;
1726 1220 116 41 Dial
1871 1231 151 38 press,
2054 1220 91 41 inc.

401 1276 255 51 (31-8209)

315 1372 287 66 Maurois,
630 1373 223 65 André,
887 1379 170 50 1885-

383 1451 123 53 The
529 1450 250 70 weigher
802 1450 64 54 of
887 1451 170 69 souls,
1079 1451 76 69 by
1179 1451 203 54 André
1402 1451 259 53 Maurois;
1717 1451 318 54 translated
2057 1453 76 69 by
313 1451 2003 132 Hamish

445 1528 187 55 Miles.
711 1529 139 54 New
897 1528 182 71 York,
1120 1528 261 72 London,
1423 1529 71 55 D.
1541 1528 294 70 Appleton
1884 1529 113 54 and
2041 1547 297 51 company,

315 1610 153 51 1931.

385 1688 27 43 3
440 1699 44 39 p.
549 1720 9 18 l.,
585 1687 161 50 3-192,
778 1688 57 51 [1]
863 1699 43 39 p.
967 1687 148 43 19½ᶜᵐ.

325 1745 52 54 ©
405 1752 126 41 Mar.
555 1749 71 51 27,
654 1748 115 43 1931;
825 1749 67 42 2c.
921 1751 97 39 and
1044 1749 82 41 aff.
1157 1750 123 40 Mar.
1309 1750 47 40 31;
1422 1749 39 39 A
1488 1748 147 42 35529;
1693 1749 57 42 D.
1780 1749 240 49 Appleton
2049 1749 37 41 &
2114 1760 68 31 co.

403 1807 254 51 (31-8219)

317 1901 292 67 Mirbeau,
645 1902 242 66 Octave,
926 1903 330 55 1850-1917.

451 1977 1890 72 … Celestine, being the diary of a chambermaid. New York,
314 2058 88 55 W.
434 2059 169 68 Faro,
626 2057 128 71 inc.,
783 2060 152 51 1930.

387 2139 26 40 5
444 2150 44 38 p.
552 2171 9 17 l.,
590 2139 147 42 7-317
766 2150 45 38 p.
870 2140 148 39 24½ᶜᵐ.
1082 2139 220 50 [Modern
1331 2143 224 43 amatory
1584 2139 214 41 classics,
1861 2150 74 30 no.
1965 2140 42 49 2]

386 2197 68 41 At
484 2197 128 42 head
641 2196 53 42 of
723 2196 138 42 title:
894 2197 74 48 By
1000 2196 185 42 Octave
1217 2195 237 42 Mirbeau.

389 2255 328 41 “Translated
742 2254 62 48 by
832 2253 128 41 Alan
988 2252 199 42 Durst.”

327 2312 52 54 ©
407 2317 120 41 Nov.
555 2316 39 48 5,
622 2314 118 42 1930;
794 2314 67 42 2c.
890 2314 114 42 Dec.
1030 2312 85 49 22;
1145 2312 84 42 aff.
1259 2313 123 41 Mar.
1410 2311 70 50 27,
1510 2310 142 50 1931;
1682 2313 41 39 A
1751 2311 173 49 36157;
1955 2311 219 42 William
2204 2311 142 49 Faro,

395 2374 121 41 New
548 2373 145 41 York.
766 2370 254 51 (31-8215)

319 2469 197 66 Münz,
545 2467 310 66 Sigmund,
888 2472 172 51 1859-

390 2549 181 53 Fürst
603 2547 225 67 Bülow,
863 2545 101 55 der
997 2550 359 48 Staatsmann
1392 2544 118 53 und
1546 2543 249 68 mensch,
1830 2542 519 70 aufzeichnungen,

319 2627 425 69 erinnerungen
779 2625 120 53 und
938 2627 405 66 erwägungen,
1380 2641 110 35 von
1533 2621 283 71 Sigmund
1856 2621 195 54 Münz.
2129 2622 220 66 Berlin,

319 2706 221 69 Verlag
568 2703 103 55 für
696 2702 435 70 kulturpolitik,
1162 2705 153 51 1930.

390 2786 632 52 2 p. l., 316, [1] p. 22 ᶜᵐ .
392 2844 312 43 “Literatur”:
766 2856 43 38 p.
839 2843 220 43 305-308.

330 2898 2000 112 © Sept. 29, 1930; 1c. Dec. 9; A —Foreign 10436; Verlag für kulturpolitik.
660 2959 253 50 (31-7672)

322 3057 223 63 Myers,
578 3054 340 54 Alexander
951 3053 157 55 John
1139 3052 279 65 William,
1455 3053 171 55 1877-

391 3133 124 53 The
545 3137 244 64 country
820 3131 214 54 church
1066 3149 61 35 as
1161 3130 47 53 it
1240 3130 78 67 is;
1354 3149 31 34 a
1418 3148 124 35 case
1574 3129 174 69 study
1781 3128 65 54 of
1878 3129 159 53 rural
2071 3129 273 53 churches

322 3206 1960 73 and leaders, by A. J. Wm. Myers … and Edwin E. Sundt …
322 3285 2001 71 New York, Chicago [etc.] Fleming H. Revell company [ ᶜ19 30]
391 3368 88 42 189
508 3378 42 39 p.
613 3367 146 41 19½ᶜᵐ.

393 3426 71 40 “A
491 3425 131 41 brief
647 3424 370 48 bibliography”:
1074 3434 45 38 p.
1148 3423 98 43 185.

331 3479 52 54 ©
410 3484 114 42 Dec.
550 3483 69 48 20,
646 3482 117 42 1930;
816 3483 68 41 2c.
912 3484 97 39 and
1033 3482 83 41 aff.
1144 3483 123 40 Mar.
1295 3483 70 48 17,
1392 3480 115 43 1931;
1564 3483 41 39 A
1630 3481 147 42 36104;
1835 3482 51 41 F.
1914 3483 62 40 H.
2004 3482 169 41 Revell
2201 3492 68 31 co.

411 3540 253 50 (31-8068)

326 3622 284 54 National
667 3622 338 54 federation
1063 3621 64 53 of
1183 3621 400 54 settlements.
1665 3622 482 69 Unemployment
395 3639 1929 117 committee.

399 3778 143 55 Case
574 3779 216 54 studies
822 3778 65 53 of
918 3778 488 69 unemployment,
1438 3778 283 68 compiled
1753 3779 77 68 by
1862 3779 96 52 the
327 3778 1994 131 Unemployment

533 3856 321 53 committee
904 3856 64 53 of
1016 3857 96 52 the
1162 3855 276 55 National
1491 3856 324 54 federation
1863 3854 65 54 of
1976 3856 368 68 settlements,

329 3933 2014 71 with an introduction by Helen Hall … and a foreword by
