2575 4398
1147 4057 67 51 41

165 369 285 65 Kearton,
481 369 248 64 Cherry,
762 369 172 55 1871-

231 443 1942 73 The island of penguins, by Cherry Kearton … with ninety
162 524 395 70 photographs
587 523 112 53 and
729 543 31 34 a
789 541 148 50 map.
1006 522 258 71 London,
1293 522 139 53 New
1464 522 162 53 York
1681 528 120 63 [etc.]
1836 522 343 68 Longmans,

162 602 184 55 Green
375 602 114 54 and
516 620 97 50 co.,
642 604 149 50 1930.

233 682 136 49 xviii,
394 682 189 48 19-222,
626 682 27 39 [2]
696 692 41 38 p.
799 682 165 47 front.,
991 682 128 40 illus.
1150 681 161 49 (map)
1346 683 173 47 plates.
1689 714 7 8 23ᶜᵐ.

233 740 40 40 A
296 739 298 49 description
619 739 53 40 of
692 739 83 40 the
798 738 238 49 penguins
1061 749 60 29 on
1144 749 28 30 a
1196 739 142 41 small
1363 738 160 41 island
1548 749 119 30 near
1693 738 278 48 Capetown,
1996 739 184 41 Africa.

169 811 52 53 ©
312 846 8 9 1c.
353 815 111 40 Jan.
497 815 39 48 7,
570 812 107 41 1931;
746 813 42 39 A
821 814 61 38 ad
915 813 86 40 int.
1036 810 172 49 14659;
1243 811 145 49 pubd.
1422 812 119 40 Nov.
1575 812 70 50 13,
1680 810 144 50 1930;
1861 811 50 43 C.
1945 812 235 47 Kearton,

237 873 212 41 London.
521 871 253 49 (31-2448)

167 967 280 64 Kilduffe,
477 967 223 53 Robert
729 966 308 64 Anthony,
1070 971 172 49 1884-

233 1045 122 53 The
393 1044 228 54 clinical
657 1043 446 68 interpretation
1139 1043 65 53 of
1238 1043 169 53 blood
1449 1043 437 68 examinations,
1920 1043 77 68 by
164 1042 1993 134 Robert

164 1120 1995 150 A. Kilduffe … illustrated with 60 engravings. Philadelphia,
347 1201 116 53 Lea
490 1204 46 50 &
561 1200 264 70 Febiger,
853 1203 151 50 1931.

234 1284 97 48 xvi,
366 1285 63 49 [17
429 1285 7 11 ,
438 1283 134 51 ]-629
601 1294 44 38 p.
706 1283 145 49 illus.,
881 1283 182 49 diagrs.
1122 1284 148 41 24½ᶜᵐ.

237 1341 418 49 Bibliographical
684 1341 280 41 foot-notes.

171 1412 52 53 ©
266 1416 111 41 Jan.
419 1413 40 50 8,
503 1413 140 48 1931;
688 1413 68 41 2c.
799 1413 97 40 and
938 1412 83 42 aff.
1064 1412 110 41 Jan.
1218 1412 82 48 14;
1346 1412 42 40 A
1429 1411 173 50 33147;
1647 1412 99 42 Lea
1789 1412 37 43 &
1868 1412 218 51 Febiger.

248 1472 253 50 (31-1967)

167 1567 182 66 Lusk,
383 1568 219 64 Frank,
637 1572 174 50 1863-

231 1644 157 53 Lusk
412 1643 403 55 standardized
841 1644 288 52 universal
1153 1643 366 68 super-speed
1544 1643 335 69 shorthand,
1904 1643 279 54 “swiftest

163 1729 208 64 system
410 1722 65 53 of
511 1721 238 69 writing
786 1721 209 53 known
1034 1729 58 46 to
1135 1720 264 70 science”,
1439 1722 75 71 by
1554 1722 199 52 Frank
1793 1721 171 56 Lusk.
2043 1722 137 53 New

165 1802 162 53 York
357 1800 133 70 city,
521 1801 68 53 N.
628 1800 69 56 Y.
738 1803 174 67 [1931]

235 1885 86 41 128
354 1895 43 38 p.
457 1884 148 41 20½ᶜᵐ.

238 1942 263 41 Published
539 1942 115 41 1915
695 1943 153 39 under
887 1940 135 42 title:
1066 1943 131 38 Lusk
1238 1942 347 41 standardized
1624 1942 250 42 universal
1915 1945 179 47 system
2135 1943 52 41 of

166 2000 282 43 shorthand.

173 2056 52 52 ©
256 2059 110 41 Jan.
394 2057 40 50 2,
464 2057 141 48 1931;
638 2057 68 41 2c.
737 2057 98 40 and
863 2056 83 41 aff.
978 2057 110 40 Jan.
1119 2056 83 48 15;
1234 2057 42 39 A
1304 2055 174 50 32804;
1512 2056 53 44 F.
1595 2057 147 49 Lusk,
1773 2058 121 42 New
1923 2058 146 42 York.

251 2115 253 51 (31-1781)

170 2210 295 66 McBride,
501 2212 176 63 Mary
710 2211 329 63 Margaret.

235 2287 121 55 The
395 2292 157 65 story
589 2286 64 53 of
691 2286 242 69 Dwight
969 2288 87 54 W.
1096 2287 270 68 Morrow,
1407 2287 76 70 by
1521 2290 170 68 Mary
1729 2289 297 69 Margaret
166 2289 1995 131 McBride.

426 2364 1361 72 New York, Farrar & Rinehart, inc. [ ᶜ1 930]
238 2448 60 51 vi,
332 2450 86 41 183
447 2461 44 38 p.
551 2449 148 42 front.
730 2449 172 49 (port.)
1000 2449 146 41 19½ᶜᵐ.

177 2504 52 52 ©
274 2508 129 48 Sept.
445 2507 69 50 12,
557 2505 141 49 1930;
743 2505 68 42 2c.
854 2507 110 41 Jan.
1007 2506 69 49 15,
1119 2505 141 49 1931;
1305 2505 85 43 aff.
1432 2507 112 42 Jan.
1587 2507 84 49 13;
1714 2507 44 41 A
1797 2506 174 51 32819;
2016 2509 63 40 M.
2124 2509 63 40 M.

242 2565 242 50 McBride,
515 2566 118 40 New
663 2565 146 41 York.
880 2564 253 50 (31-1785)

176 2661 301 71 [McNeile,
505 2663 267 51 Herman
802 2661 180 68 Cyril]

242 2743 123 52 The
392 2741 273 70 creaking
691 2743 158 67 door,
875 2742 77 69 by
979 2740 226 70 Sapper
1259 2742 212 67 [pseud.]

256 2821 84 48 (In
369 2819 186 44 Strand
584 2819 277 52 magazine,
892 2819 132 52 Dec.,
1054 2818 148 53 1930)

178 2876 52 52 ©
303 2891 37 30 1c.
384 2880 111 41 Jan.
537 2879 69 50 20,
650 2881 17 38 3
680 2879 112 48 931;
837 2880 42 39 A
921 2881 62 39 ad
1026 2880 87 41 int.
1158 2878 172 50 14699;
1375 2880 146 49 pubd.
1564 2880 120 42 Nov.
1727 2881 70 49 25,
1842 2879 142 50 1930;
2032 2881 61 40 H.
2139 2880 50 41 C.

245 2937 229 49 McNeile,
505 2937 228 49 Territet,
766 2937 339 42 Switzerland.

173 3033 341 64 Magruder,
558 3034 200 52 Frank
802 3033 247 66 Abbott,
1097 3040 171 49 1882-

240 3110 311 54 American
587 3116 402 64 government;
1033 3130 31 35 a
1103 3111 424 55 consideration
1565 3111 65 55 of
1665 3112 95 54 the
1800 3112 287 69 problems
2126 3109 64 55 of

172 3188 348 70 democracy.
599 3190 137 53 Rev.
779 3191 105 71 ed.,
926 3193 152 51 1931.
1153 3192 166 54 With
1359 3210 74 34 an
1473 3191 325 54 additional
1837 3191 238 68 chapter
2116 3208 73 35 on

174 3266 2015 72 foreign relations. By Frank Abbott Magruder … Boston,
173 3345 1307 71 New York [etc.] Allyn and Bacon [ ᶜ1 931]
245 3429 62 48 vi,
339 3429 98 49 538,
470 3429 55 41 52
556 3441 42 37 p.
659 3430 165 47 front.,
856 3430 144 47 illus.,
1030 3431 173 47 plates,
1236 3441 152 37 maps.
1449 3430 147 42 19½ᶜᵐ.

246 3486 350 49 Bibliography
623 3489 52 38 at
700 3488 92 39 end
817 3487 52 40 of
893 3487 120 40 each
1038 3488 216 48 chapter.

179 3540 52 52 ©
262 3545 111 41 Dec.
403 3545 70 47 26,
503 3543 141 43 1930;
676 3544 68 40 2c.
776 3546 96 38 and
902 3544 82 42 aff.
1015 3545 111 40 Jan.
1156 3543 40 50 9,
1227 3543 142 49 1931;
1402 3544 42 40 A
1474 3544 172 49 33060;
1680 3545 148 49 Allyn
1856 3546 38 41 &
1925 3547 180 41 Bacon.

261 3601 254 50 (31-1808)

175 3696 197 55 Maine
401 3701 113 53 and
539 3700 264 54 Atlantic
829 3704 258 65 reporter
1115 3701 203 69 digest,
1345 3701 269 69 covering
1642 3701 78 54 all
1746 3720 151 36 cases
1924 3700 269 71 reported

247 3779 1940 70 in Maine reports and Atlantic reporter … Compiled and
248 3857 1940 69 edited by the publisher’s editorial staff, v. 5. 6 … St.
246 3935 1293 70 Paul, Minn., West publishing co. [ ᶜ1 930]
