2428 4370
988 3949 136 57 1727

75 347 192 61 Wells,
299 347 181 52 Rhea.

139 423 95 51 Ali
274 423 92 51 the
405 422 191 65 camel,
631 429 118 46 text
788 423 110 51 and
938 421 287 69 drawings
1260 422 73 68 by
1370 422 153 54 Rhea
1565 421 191 52 Wells.
1831 419 225 55 Garden

71 499 150 69 City,
249 499 68 51 N.
348 499 88 67 Y.,
464 499 350 68 Doubleday,
843 499 193 52 Doran
1065 502 51 50 &
1145 516 96 40 co.,
1270 497 124 60 inc.,
1424 502 148 50 1931.

137 579 1653 50 4 p. l. , 136 p. incl. illus., plates, col. front., col. plates. 20 ᶜᵐ .
140 651 287 39 Illustrated
455 649 348 49 lining-papers
832 650 49 39 in
910 650 168 40 colors.

140 707 161 40 “First
329 706 224 41 edition.”

140 763 203 40 “Junior
369 760 189 43 books.”

77 833 51 52 ©
155 837 102 40 Oct.
284 836 67 43 15,
381 834 111 41 1931;
548 834 66 42 2c.
643 836 95 39 and
767 835 78 38 aff.
877 834 101 40 Oct.
1007 835 54 39 17;
1118 834 41 39 A
1186 834 144 40 43704;
1388 835 54 38 R.
1472 836 163 47 Wells,
1665 836 117 39 New
1810 836 144 41 York.

156 892 278 49 (31-31455)

71 1003 182 61 West,
281 1000 189 56 Willis
498 1002 225 62 Mason,
755 1004 168 51 1857-

202 1075 1861 71 … The modern world from Charlemagne to the present time,
74 1156 134 52 with
241 1174 30 33 a
304 1155 375 67 preliminary
710 1172 204 51 survey
947 1153 64 52 of
1041 1153 224 54 ancient
1298 1171 280 52 progress.
1648 1156 137 52 Rev.
1820 1156 84 53 ed.
1973 1158 90 68 By

70 1232 1990 70 Willis Mason West … Boston, New York [etc.] Allyn and
75 1312 414 65 Bacon [ ᶜ193 1]
140 1389 1914 52 1 p. l. , v-xviii p., 1 l., 733, 43 p. col. front., illus., plates (part col.)
69 1447 1977 105 maps (part double) 19½ ᶜᵐ . (Allyn and Bacon’s series of school histories)
139 1573 347 48 Bibliography:
541 1584 44 37 p.
615 1573 84 40 1-5
727 1576 52 38 at
803 1574 92 39 end;
955 1573 124 39 “For
1108 1574 196 40 further
1335 1573 226 48 reading”
1592 1577 51 38 at
1672 1576 91 39 end
1792 1575 53 40 of
1874 1578 111 45 part
2012 1577 51 39 of

70 1631 79 39 the
180 1631 239 47 chapters.

75 1698 51 53 ©
154 1703 125 40 June
304 1702 69 49 22,
401 1701 112 42 1931;
570 1702 66 41 2c.
665 1702 100 41 Oct.
792 1702 82 48 26;
905 1702 80 41 aff.
1016 1702 100 41 Oct.
1145 1702 55 41 23;
1257 1702 41 40 A
1324 1703 171 48 44444;
1526 1704 275 41 Minnesota
1830 1704 111 41 loan
1968 1705 97 41 and

146 1762 130 38 trust
301 1769 82 39 co.,
411 1763 241 43 executor,
681 1760 334 48 Minneapolis.
1088 1760 279 48 (31-31477)

74 1868 256 64 Weston,
362 1867 218 65 Sidney
611 1868 242 64 Adams,
888 1870 171 54 1877-
1271 1871 85 52 ed.

141 1944 264 55 Sermons
434 1948 32 51 I
494 1947 142 51 have
666 1946 277 67 preached
972 1953 58 45 to
1058 1963 193 52 young
1278 1946 217 69 people,
1525 1947 187 54 edited
1741 1947 76 71 by
1848 1948 215 70 Sidney

71 2024 1887 70 A. Weston … Boston, Chicago, The Pilgrim press [ᶜ1931]
137 2104 607 50 4 p. l. . 3-170 p. 20½ᶜᵐ.
74 2173 51 52 ©
151 2177 102 40 Oct.
277 2177 69 47 21,
370 2175 112 42 1931;
534 2176 71 42 2c.
630 2176 101 40 Oct.
757 2175 80 48 28;
865 2176 82 41 aff.
974 2176 100 40 Oct.
1101 2176 81 48 27;
1211 2177 41 38 A
1275 2177 172 47 43554;
1478 2177 45 41 S.
1549 2178 53 38 A.
1628 2178 211 47 Weston,
1866 2178 198 42 Boston.

151 2232 279 51 (31-31475)

72 2341 290 65 Wiggam,
389 2341 209 53 Albert
624 2342 271 64 Edward,
926 2344 169 52 1871-

135 2416 175 68 Sorry
348 2417 100 53 but
485 2416 192 71 you’re
716 2433 195 51 wrong
949 2418 170 52 about
1160 2417 60 67 it,
1261 2417 71 71 by
1371 2418 201 56 Albert
1610 2417 254 55 Edward
62 2419 1977 144 Wiggam,

241 2493 1815 73 D. sc. Indianapolis, The Bobbs-Merrill company [ ᶜ193 1 ]
134 2577 27 40 8
185 2589 44 37 p.
289 2609 9 17 l.,
325 2578 173 40 15-330
523 2589 42 36 p.
687 2609 8 15 pl.,
724 2577 175 48 diagrs.
955 2577 144 41 22½ᶜᵐ.

136 2646 1926 56 “Confined … largely to wrong popular beliefs about psychology and
65 2704 289 48 biology.”—P
399 2704 86 42 ref.

135 2761 161 42 “First
329 2761 223 41 edition.”

72 2829 51 53 ©
148 2833 102 42 Oct.
272 2832 69 50 21,
366 2831 112 43 1931;
530 2832 66 41 2c.
621 2832 100 41 Oct.
746 2832 55 41 29;
854 2832 81 41 aff.
962 2832 101 42 Oct.
1087 2832 59 41 30;
1195 2833 41 40 A
1259 2833 144 41 43635;
1457 2834 53 39 A.
1531 2835 51 39 E.
1603 2834 234 49 Wiggam,
1858 2835 206 48 Vernon,

141 2893 103 39 Ind.
315 2891 277 48 (31-31217)

73 3001 193 63 Wood,
296 3003 136 51 Mrs.
462 2999 182 53 Edith
681 2999 258 64 (Elmer)
981 3002 166 52 1871-

141 3079 209 52 Recent
382 3078 194 52 trends
608 3078 59 51 in
699 3077 304 52 American
1034 3077 263 68 housing,
1328 3076 73 69 by
1437 3077 180 54 Edith
1654 3079 194 51 Elmer
1882 3078 175 53 Wood

131 3155 1439 68 … New York, The Macmillan company, 1931.
137 3237 48 40 ix
214 3249 42 36 p.,
301 3240 21 36 1
389 3270 8 12 l.,
427 3238 83 40 317
540 3248 41 37 p.
644 3237 159 45 front.,
834 3237 171 47 plates,
1037 3238 126 47 plan.
1224 3237 144 40 20½ᶜᵐ.

144 3309 169 47 Sequel
350 3312 47 36 to
434 3308 79 40 the
548 3308 217 41 author's
800 3308 128 40 “The
964 3309 206 48 housing
1204 3309 52 39 of
1292 3310 80 39 the
1410 3310 240 41 unskilled
1690 3320 133 39 wage
1858 3311 199 41 earner”

66 3363 250 49 published
346 3364 49 40 in
424 3363 127 42 1919.
611 3365 61 47 cf.
706 3366 181 39 Introd.

138 3420 346 49 Bibliography:
558 3432 39 37 p.
641 3420 214 43 299-306.

71 3486 1711 55 © Oct. 27, 1931; 2c. and aff. Oct. 28; A 43564; Macmillan co.
146 3546 278 51 (31-31204)

68 3639 313 64 Wormser,
411 3642 166 53 Isaac
605 3642 278 64 Maurice,
916 3648 167 49 1887-

134 3716 1857 73 Frankenstein, incorporated, by I. Maurice Wormser …
63 3791 136 55 New
231 3795 161 52 York
423 3796 111 53 and
567 3797 255 54 London,
854 3796 340 72 Whittlesey
1226 3799 189 65 house,
1446 3799 429 55 McGraw-Hill
1907 3802 146 54 book

63 3887 292 52 company,
381 3872 124 69 inc.,
537 3876 146 49 1931.
