2505 4370
1017 4006 97 48 631

78 386 237 62 Howey,
345 384 242 54 Martha
616 383 257 57 Melissa.

149 461 56 54 A
247 461 159 54 short
450 461 170 69 guide
664 466 58 47 to
765 460 96 52 the
905 466 90 47 art
1039 458 65 55 of
1148 460 248 68 Europe,
1441 460 74 69 by
1560 460 233 54 Martha
1840 460 234 66 Howey.

82 540 215 53 Boston
322 539 113 54 and
460 539 138 54 New
625 538 178 67 York,
827 537 320 70 Houghton
1171 537 206 54 Mifflin
1402 556 299 52 company,
1729 540 148 51 1931.

147 621 1109 50 xii p., 2 l., [3]-161 p. front., plates. 17 ᶜᵐ.
82 688 1994 52 © Apr. 22, 1931; 2c. Apr. 24; aff. Apr. 23; A 35980; M. M. Howey, Ross,
148 749 144 41 Calif.
363 748 278 49 (31-10894)

75 843 234 63 Huddy,
338 843 325 63 Xenophon
692 843 235 54 Pearce.

145 922 421 69 Encyclopedia
604 922 63 52 of
704 921 341 53 automobile
1083 923 125 51 law.
1284 921 120 53 The
1440 922 108 52 law
1586 921 64 52 of
1687 919 389 71 automobiles,

74 998 2001 70 by Xenophon P. Huddy … 9th ed., revised, rearranged and
74 1079 264 67 enlarged
376 1079 75 67 by
485 1078 94 52 the
614 1076 337 68 publisher’s
987 1076 264 53 editorial
1287 1075 150 54 staff,
1512 1095 51 34 v.
1600 1078 150 50 9-10.
1825 1076 251 70 Albany,

132 1198 8 9 N.
175 1156 91 59 Y.,
296 1156 277 51 Matthew
606 1156 225 51 Bender
862 1156 45 50 &
937 1172 296 44 company,
1266 1155 418 61 incorporated,
1720 1157 150 50 1931.

141 1235 282 48 439 p. 25 ᶜᵐ.
79 1302 51 51 ©
162 1308 111 39 May
301 1305 69 49 25,
400 1305 140 47 1931;
572 1304 67 42 2c.
670 1315 23 29 and
795 1304 46 40 aff
908 1306 110 46 May
1049 1303 83 49 26;
1163 1305 40 38 A
1233 1304 170 48 37541;
1439 1304 236 41 Matthew
1706 1305 189 39 Bender
1926 1305 35 40 &
1992 1314 82 37 co.,
144 1363 89 40 inc.

74 1457 207 63 Hyatt,
316 1456 183 53 Aeola
530 1456 83 63 L.,
648 1475 178 50 comp.

139 1531 181 51 Index
355 1537 58 46 to
446 1530 299 53 children’s
780 1531 179 68 plays,
995 1530 279 68 compiled
1307 1531 73 67 by
1414 1530 178 53 Aeola
1627 1531 62 52 L.
1727 1531 200 68 Hyatt.
1999 1531 72 51 3d

68 1608 102 65 ed.,
205 1626 111 35 rev.
353 1607 112 53 and
502 1607 104 55 enl.
681 1607 185 54 Based
901 1626 70 33 on
1009 1607 173 68 Plays
1218 1607 91 53 for
1347 1608 273 64 children,
1656 1626 69 33 an
1765 1608 305 52 annotated

70 1684 186 67 index,
291 1685 73 68 by
403 1685 161 54 Alice
603 1686 45 54 I.
690 1685 314 55 Hazeltine.
1082 1684 267 71 Chicago,
1388 1686 303 53 American
1729 1687 141 54 librar
1900 1704 47 52 y

64 1704 1983 128 association,
389 1768 150 49 1931.

143 1846 369 50 ix, 214 p. 24 ᶜᵐ.
143 1905 160 40 Books
347 1905 149 40 about
539 1906 138 46 plays
723 1905 93 39 and
864 1905 111 48 play
1021 1905 301 49 production,
1369 1908 218 46 puppets,
1635 1906 284 49 costuming,
1967 1906 103 40 folk

74 1963 175 40 dances
281 1963 94 39 and
408 1961 193 49 singing
631 1972 163 38 games
812 1972 9 29 :
856 1973 41 37 p.
931 1960 98 43 1-9.

77 2028 1995 110 © Apr. 22, 1931; 2c. Apr. 27; aff. Apr. 24; A 36787; Amer. library assn. (31-11265)
70 2183 225 66 Jillson,
323 2184 243 54 Willard
594 2186 212 62 Rouse,
840 2188 169 50 1890-

143 2261 120 53 The
309 2261 321 53 Kentuckie
676 2266 267 64 country;
995 2279 71 35 an
1112 2261 296 53 historical
1456 2262 321 69 exposition
1823 2262 66 54 of
1935 2262 136 54 land

75 2340 234 52 interest
351 2340 60 51 in
458 2338 306 69 Kentucky
808 2339 161 68 prior
1012 2344 59 48 to
1119 2339 153 69 1790,
1317 2340 239 68 coupled
1602 2339 140 54 with
1791 2338 281 55 facsimile

77 2417 430 68 reproductions
533 2416 63 53 of
620 2417 96 52 the
741 2417 240 52 London
1010 2416 134 54 1786
1168 2415 280 55 brochure
1472 2416 66 54 of
1561 2416 331 55 Alexander
76 2417 1973 146 Fitzroy,

236 2495 112 52 and
390 2494 96 53 the
528 2494 380 54 “Whatman”
951 2494 215 53 edition
1208 2493 67 54 of
1316 2494 158 54 John
1515 2494 247 54 Filson’s
1803 2512 153 51 map,
1997 2494 76 71 by

74 2572 1998 55 Willard Rouse Jillson … with critical comment on Filson’s
77 2648 1997 71 map, by Lawrence Martin … Washington, D. C., H. L. &
74 2728 54 53 J.
162 2729 68 51 B.
262 2727 312 67 McQueen,
606 2727 127 68 inc.,
766 2729 150 52 1931.

142 2809 576 50 63 p. incl. front. 21 ᶜᵐ.
144 2868 175 40 “First,
336 2867 196 40 edition.
596 2867 207 40 Limited
838 2869 47 38 to
918 2865 86 42 350
1036 2866 201 48 copies.’'

144 2924 179 41 Folded
363 2934 114 37 map
526 2924 50 47 (a
615 2924 243 39 facsimile
898 2924 52 40 of
991 2924 146 40 “This
1178 2933 112 39 map
1331 2924 51 40 of
1423 2924 267 48 Kentucke,
1732 2924 169 40 drawn
1942 2924 127 40 from

72 2980 1996 49 actual observations … By … John Filson … Philad ᵃ Engrav'd by
75 3039 165 47 Henry
270 3038 57 41 D.
358 3039 203 46 Pursell,
593 3042 36 40 &
657 3038 191 48 printed
881 3039 59 46 by
970 3038 53 41 T.
1054 3038 148 48 Rook,
1232 3037 79 41 for
1343 3037 81 41 the
1455 3037 181 41 author
1664 3036 169 50 1784”)
1874 3037 100 41 laid
2006 3038 64 40 in.

142 3095 133 40 With
306 3095 244 40 facsimile
581 3094 339 48 reproduction
953 3095 50 39 of
1037 3095 128 40 “The
1196 3094 265 49 discovery,
1495 3094 251 49 purchase,
1781 3096 96 40 and
75 3095 1978 97 settlement
233 3152 50 40 of
313 3152 80 40 the

424 3150 1646 50 country of Kentuckie, in North America … By Alexander
77 3209 208 47 Fitzroy.
345 3209 225 40 London:
602 3209 199 39 Printed
833 3209 60 47 by
923 3209 61 41 H.
1016 3208 228 48 Goldney,
1630 3207 37 42 M.DCC.LXXXVI.”
1710 3208 67 49 (p.
1807 3208 170 48 31-43)

75 3274 51 52 ©
155 3280 109 40 Feb.
293 3279 67 47 19,
388 3278 113 41 1931;
557 3279 67 40 2c.
653 3281 94 37 and
775 3290 26 29 aff.
886 3280 112 47 May
1026 3280 25 39 8;
1108 3279 42 39 A
1175 3278 144 41 38022;
1378 3280 72 41 W.
1479 3279 56 40 R.
1564 3279 191 48 Jillson,
1785 3278 283 49 Frankfort,
143 3337 90 46 Ky.
304 3337 278 47 (31-11719)

70 3431 195 64 Jones,
296 3431 153 54 Cecil
478 3430 247 65 Knight,
755 3434 82 52 ed.

141 3509 210 54 Trozos
387 3508 306 70 escogidos,
729 3530 30 33 a
798 3509 214 69 reader,
1049 3510 188 53 edited
1276 3509 140 52 with
1454 3509 406 69 introduction,
1893 3513 176 63 notes,

71 3585 1998 72 exercises, and vocabulary by Cecil Knight Jones … Ángel
73 3663 1994 71 Cabrillo y Vázquez … and Henry Grattan Doyle … New
71 3742 178 69 York,
279 3742 449 68 Prentice-Hall,
759 3743 124 68 inc.,
916 3746 148 49 1931.

173 3822 499 48 x, 225 p. illus. 19 ᶜᵐ.
77 3889 51 52 ©
165 3894 108 41 Feb.
309 3895 40 45 5,
385 3892 140 47 1931;
563 3893 66 40 2c.
668 3895 119 40 Mar.
824 3892 52 44 9;
916 3893 81 42 aff.
1035 3894 113 47 Apr.
1183 3893 52 47 2;
1276 3893 39 39 A
1352 3892 170 48 36287;
1562 3892 373 46 Prentice-Hall,
1974 3892 90 39 inc.
152 3949 278 50 (31-10901)
