2505 4370
1272 3982 136 51 1240

405 426 84 48 vii,
518 425 87 41 274
634 436 43 38 p.
738 424 147 41 19½ᶜᵐ.

338 493 52 52 ©
416 498 123 47 Aug.
566 497 70 47 14,
663 495 113 43 1931;
834 497 68 41 2c.
931 499 95 39 and
1055 497 83 41 aff.
1165 498 123 48 Aug.
1316 497 82 49 15;
1429 498 41 39 A
1497 497 173 49 40768;
1703 498 54 42 G.
1785 498 239 50 Hopkins,
2053 498 216 46 Lopdon.

416 553 284 52 (31-21179)

333 663 393 66 Huddleston,
758 665 211 65 Sisley,
1006 671 172 50 1883-

404 745 161 53 Back
599 751 59 47 to
692 745 460 68 Montparnasse,
1188 745 275 70 glimpses
1498 744 64 55 of
1598 746 327 69 Broadway
1959 745 61 54 in
2055 744 298 68 Bohemia,

333 823 74 69 by
458 822 186 71 Sisley
690 823 387 53 Huddleston.
1151 823 165 54 With
1364 828 64 48 35
1477 824 383 52 illustrations
1905 825 75 68 by
2025 823 201 53 Frank
2270 822 80 53 M.

332 902 356 68 Armington
718 903 113 52 and
862 901 205 54 others.
1145 901 413 69 Philadelphia
1591 903 114 52 and
1735 902 261 67 London,
2024 902 57 54 J.
2114 902 69 51 B.
333 900 1994 148 Lippincott

586 997 300 51 company,
917 983 151 49 1931.

404 1061 89 40 313
519 1071 42 38 p.
623 1059 166 49 front.,
819 1062 172 46 plates,
1021 1062 151 47 ports.
1232 1060 57 40 22½ᶜᵐ.

405 1119 292 40 Illustrated
729 1119 99 46 t.-p.
861 1119 96 39 and
988 1118 368 49 lining-papers.

338 1185 52 52 ©
418 1190 115 47 May
558 1189 41 48 5,
624 1187 114 42 1931;
793 1189 67 40 2c.
888 1190 96 39 and
1011 1188 83 42 aff.
1121 1189 128 40 June
1275 1189 56 40 25;
1387 1189 41 39 A
1453 1189 173 48 39086;
1656 1190 43 40 J.
1728 1190 56 41 B.
1811 1189 284 49 Lippincott
2119 1198 69 32 co.

418 1245 283 48 (31-26985)

332 1358 253 64 Jarrett,
612 1358 176 63 Mary
814 1357 327 57 Cromwell.

402 1435 123 53 The
557 1454 127 35 care
718 1435 64 53 of
814 1436 97 52 the
943 1436 232 55 chronic
1208 1433 122 56 sick
1362 1436 60 53 in
1455 1435 228 68 private
1716 1436 193 52 homes
1946 1435 95 53 for
2072 1436 98 53 the
2205 1435 143 69 aged

332 1513 60 54 in
424 1514 114 52 and
570 1532 137 34 near
738 1515 140 53 New
910 1514 165 53 York
1104 1514 146 69 city;
1286 1532 31 33 a
1349 1513 214 53 section
1595 1512 64 54 of
1689 1532 31 34 a
1752 1513 173 70 study
1957 1512 65 53 of
2053 1513 298 68 provision

333 1590 96 53 for
457 1592 96 52 the
584 1610 127 34 care
744 1591 64 53 of
836 1592 97 52 the
966 1590 355 72 chronically
1352 1591 67 53 ill
1448 1591 61 52 in
1540 1592 140 53 New
1711 1591 165 54 York
1905 1591 135 69 city,
2069 1590 78 69 by
2178 1592 171 68 Mary

332 1668 2018 70 C. Jarrett … [New York] Welfare council of New York city,
332 1751 152 50 1931.

471 1861 9 17 xv,
522 1830 55 40 67
616 1842 44 37 p.
721 1828 182 50 diagrs.
962 1829 118 41 23ᶜᵐ.
1151 1829 185 49 (Study
1378 1829 26 40 5
1446 1829 52 41 of
1538 1830 82 40 the
1661 1829 247 40 Research
1948 1828 186 40 bureau
2175 1828 54 40 of
2268 1829 82 39 the

333 1887 217 40 Welfare
583 1885 214 49 council)

402 1944 102 42 “W.
534 1944 51 42 C.
613 1943 101 42 31.”

407 2000 217 42 “Official
648 2001 86 40 list
760 2000 53 41 of
838 2000 193 49 private
1056 2001 167 40 homes
1248 2000 81 40 for
1355 2001 83 40 the
1463 1999 151 49 aged”:
1671 2010 44 38 p.
1741 1999 159 41 66-67.

339 2068 52 52 ©
432 2073 116 47 July
586 2073 70 47 18,
694 2071 143 49 1931;
877 2073 67 39 2c.
984 2073 98 39 and
1120 2072 83 41 aff.
1243 2072 117 48 July
1398 2072 83 46 23;
1524 2072 42 39 A
1601 2071 174 49 40474;
1818 2071 218 43 Welfare
2074 2069 190 43 council
2303 2070 52 40 of

406 2131 120 39 New
556 2131 131 39 York
718 2131 113 47 city.
906 2129 282 49 (31-21220)

332 2242 219 63 Keene,
586 2241 274 64 Carolyn.

336 2316 1996 134 … The secret of Red Gate farm, by Carolyn Keene … illustrated
564 2397 75 69 by
677 2397 227 53 Russell
940 2397 78 52 H.
1057 2397 226 68 Tandy.
1359 2396 141 54 New
1539 2395 183 70 York,
1760 2395 236 56 Grosset
2033 2397 48 51 &
2118 2395 238 68 Dunlap

343 2479 176 68 [ᶜ1931]

405 2555 1941 53 iv, 208 p. front., plates. 19 ½ᶜᵐ . (Her Nancy Drew mystery stories)
339 2627 52 53 ©
421 2632 122 47 Aug.
572 2630 70 49 12,
670 2629 113 42 1931;
843 2629 66 41 2c.
941 2631 96 39 and
1065 2630 83 41 aff.
1177 2631 124 47 Aug.
1331 2631 55 39 14;
1445 2631 42 39 A
1513 2629 147 41 41004;
1722 2630 204 40 Grosset
1953 2629 36 40 &
2018 2628 213 49 Dunlap,
2262 2628 92 40 inc.

422 2687 283 50 (31-21182)

333 2784 233 67 Kenny,
594 2783 273 65 Michael,
899 2789 172 50 1863-

403 2862 265 57 Catholic
693 2863 220 54 culture
938 2863 60 52 in
1028 2863 277 53 Alabama;
1368 2868 305 64 centenary
1699 2868 120 47 story
1885 2861 63 53 of
1975 2860 221 69 Spring
2220 2860 130 54 Hill

332 2939 2018 72 college, 1830-1930, by Michael Kenny … preface by Dr. James
331 3018 1630 69 J. Walsh … New York, The America press, 1931.
407 3100 1165 49 8 p. l., 400 p. front., plates, ports. 23½ᶜᵐ.
404 3158 292 39 Illustrated
727 3157 352 49 lining-papers

404 3214 353 49 Bibliography:
815 3226 43 37 p.
908 3214 236 50 [394]-396.

341 3268 52 52 ©
431 3273 120 47 Aug.
587 3273 42 46 4,
668 3272 113 41 1931;
848 3273 68 41 2c.
955 3273 120 48 Aug.
1114 3273 55 40 12;
1238 3272 83 41 aff.
1359 3273 122 48 Aug.
1520 3273 54 39 11;
1642 3273 44 39 A
1722 3271 148 42 40740;
1937 3270 225 41 America
2202 3279 151 39 press.

420 3329 280 49 (31-21293)

334 3425 266 65 Kimber,
631 3425 194 54 Diana
855 3425 265 57 Clifford.

401 3502 299 53 Textbook
744 3502 65 52 of
854 3507 271 65 anatomy
1171 3503 115 52 and
1331 3502 364 69 physiology,
1741 3502 76 68 by
1863 3499 192 54 Diana
2104 3498 247 56 Clifford

332 3578 2018 71 Kimber … and Carolyn F. Gray … 8th ed., completely rev.
331 3658 114 52 and
475 3658 309 53 rewritten.
860 3658 140 53 New
1029 3658 182 67 York,
1240 3659 124 52 The
1390 3658 339 53 Macmillan
1760 3675 300 51 company,
2093 3659 150 50 1931.

404 3740 1394 50 viii p., 1 l., 629 p. illus. (part col.) diagrs. 22½ᶜᵐ.
404 3796 352 50 Bibliography:
816 3809 43 37 p.
889 3798 218 41 583-586.

341 3862 52 53 ©
426 3868 119 48 Aug.
579 3869 69 47 11,
682 3869 140 47 1931;
857 3869 67 41 2c.
959 3870 95 39 and
1088 3869 81 40 aff.
1204 3870 118 46 Aug.
1358 3869 81 47 12;
1476 3869 40 40 A
1549 3868 173 49 39980;
1760 3868 282 41 Macmillan
2077 3878 69 31 co.

420 3924 280 49 (31-21240)
