2505 4370
1084 3991 133 51 1183

128 355 120 52 The
285 350 274 55 Winston
598 348 307 70 simplified
945 347 336 69 dictionary.
1355 345 409 55 Intermediate
1806 346 84 53 ed.
1962 344 164 55 With

198 445 167 50 every
413 427 158 53 word
618 426 220 53 defined
886 443 58 33 so
994 424 128 51 that
1169 423 74 52 its
1290 441 97 34 use
1434 424 112 52 and
1592 422 268 67 meaning
1907 440 103 33 can
2055 421 69 52 be

197 499 1924 75 easily understood; edited by William Dodge Lewis … and
196 576 1925 74 Edgar A. Singer … Philadelphia, Chicago [etc.] The John
198 661 61 54 C.
286 658 270 56 Winston
582 674 279 51 company
1002 658 83 64 [ᶜ1931]

268 734 1132 55 xx, 940 p. col. front., illus., col. plates. 20 ᶜᵐ.
137 807 51 52 ©
221 812 113 46 May
364 810 70 47 27,
467 809 111 40 1931;
640 808 66 40 2c.
739 808 115 47 July
885 806 56 40 29;
1003 807 82 41 aff.
1118 807 115 47 July
1266 806 83 47 28;
1383 806 42 39 A
1455 805 144 42 39747;
1662 806 125 40 John
1824 806 49 41 C.
1906 804 225 42 Winston

207 877 67 30 co.
341 863 67 54 [©
437 876 106 31 new
567 867 192 47 matter]
833 863 279 49 (31-20176)

128 959 325 55 Winston’s
488 960 343 54 cumulative
864 958 297 54 loose-leaf
1193 958 402 68 encyclopedia
1631 959 111 52 and
1777 958 351 67 dictionary;

199 1055 31 34 a
259 1035 460 69 comprehensive
746 1034 286 53 reference
1060 1034 186 68 work;
1279 1034 471 67 editor-in-chief,
1781 1035 248 52 Thomas
2059 1036 68 52 E.

200 1109 1930 73 Finegan … illustrated with photographs, maps, drawings
202 1193 113 51 and
366 1190 154 53 color
569 1190 210 67 plates;
833 1188 300 69 including
1181 1206 166 34 seven
1397 1189 153 52 color
1600 1189 182 67 plates
1833 1189 151 52 from
2033 1191 97 51 the

200 1270 56 53 J.
290 1269 63 51 L.
391 1268 69 54 G.
496 1266 193 53 Ferris
722 1266 295 53 collection
1050 1264 64 53 of
1146 1265 308 53 American
1489 1264 294 54 historical
1818 1267 311 68 paintings.

200 1345 426 68 Philadelphia,
657 1342 251 71 Chicago
1070 1378 12 33 [etc.]
1120 1345 122 51 The
1271 1344 156 55 John
1462 1345 60 54 C.
1553 1343 267 55 Winston
1851 1362 278 51 company

207 1456 13 34 [
247 1426 133 50 ᶜ1931
386 1456 12 35 ]

203 1504 56 39 12
318 1536 8 8 v.
387 1504 87 40 col.
502 1503 189 48 fronts.,
717 1502 130 42 illus.
875 1502 133 48 (incl.
1034 1501 178 48 music)
1246 1503 159 47 plates
1434 1502 135 47 (part
1595 1503 114 45 col.;
1737 1504 24 37 1
1789 1502 143 46 fold.)
1968 1505 163 45 ports.,

133 1570 138 39 maps
298 1561 137 48 (part
462 1559 145 48 fold.)
677 1559 56 39 22½ᶜᵐ.

206 1629 308 49 Descriptive
541 1630 285 47 letterpress
853 1640 60 29 on
941 1639 139 30 verso
1109 1629 52 40 of
1188 1639 132 30 some
1348 1629 51 40 of
1428 1628 82 41 the
1539 1630 171 47 plates.

484 1711 106 30 CONTENTS.—v.
624 1697 133 45 1-10.
791 1699 494 51 Encyclopedia.—[v.
1317 1698 166 51 11-12]
1518 1700 302 49 Dictionary.

141 1768 51 52 ©
220 1771 110 41 Feb.
357 1773 69 45 17,
453 1770 112 42 1931;
620 1770 68 42 2c.
714 1772 119 39 each
858 1772 118 47 Aug.
1004 1774 24 37 1;
1087 1771 107 41 affs.
1222 1772 118 48 July
1366 1773 54 39 31;
1477 1773 43 38 A
1544 1771 159 49 39813,
1730 1772 144 41 39814;
1933 1773 127 39 John
2090 1774 48 40 C.

210 1828 223 41 Winston
460 1839 67 30 co.
592 1824 67 54 [©
686 1829 238 40 revisions
952 1830 95 39 and
1075 1829 263 49 additions]
1411 1828 280 49 (31-20179)

135 1922 271 66 Wismer,
437 1921 190 54 David
659 1922 219 66 Cassel,
911 1924 170 55 1857-

205 2009 139 53 New
373 2009 163 52 York
562 2010 342 68 descriptive
931 2010 98 52 list
1055 2009 64 53 of
1146 2010 246 53 obsolete
1419 2029 179 50 paper
1624 2030 220 50 money,
1870 2012 76 69 by
1972 2013 70 52 D.
2075 2013 62 54 C.

136 2086 2003 74 Wismer … Federalsburg, Md., The J. W. Stowell printing
137 2181 298 52 company,
466 2167 151 49 1931.

208 2245 791 51 3 p. l., 196, [18] p. illus. 24 ᶜᵐ.
212 2316 290 40 “Published
543 2316 128 40 from
710 2316 137 48 April
887 2317 115 41 1929
1039 2319 49 39 to
1128 2319 114 47 May
1281 2318 111 41 1931
1431 2319 237 41 inclusive
1707 2321 50 40 in
1797 2322 116 40 ‘The
139 2323 1985 91 Numismatist’.”—Pref.

148 2440 51 52 ©
234 2445 127 39 June
393 2444 70 48 16,
497 2443 140 47 1931;
674 2443 67 41 2c.
777 2444 128 40 June
938 2444 81 48 18;
1056 2444 80 40 aff.
1173 2445 128 40 June
1335 2446 82 47 23;
1456 2447 40 39 A
1531 2446 171 49 39038;
1741 2449 56 38 D.
1836 2450 48 41 C.
1921 2450 220 49 Wismer,

215 2501 230 48 Hatfield,
477 2501 83 40 Pa.
630 2500 279 48 (31-19652)

147 2593 458 72 [Wollschläger,
635 2594 230 70 Alfred]
903 2600 170 51 1901-

271 2684 1871 70 … Der unvollkommene abenteurer; ein lebenslauf in zwölf
139 2761 1190 73 episoden. Berlin, Universitas [ᶜ19 30]
212 2843 99 48 222,
346 2842 54 51 [1]
436 2855 42 37 p.
540 2842 55 41 19½ᶜᵐ.

210 2911 233 43 Author’s
471 2913 180 49 pseud.,
683 2913 55 41 A.
770 2914 54 41 E.
856 2914 210 49 Johann,
1098 2917 65 40 at·
1180 2916 127 42 head
1338 2919 52 40 of
1422 2918 123 44 title.

151 2982 1995 58 © Nov. 14, 1930; 1c. Dec. 31; A—Foreign 10981; Universitas deutsche
220 3043 616 48 verlags-aktiengesellschaff.
1003 3045 280 50 (31-20335)

150 3135 229 65 Young,
409 3137 181 63 Hugh
618 3138 320 65 Hampton,
969 3139 169 55 1870-

275 3213 1683 76 … Urological Roentgenology; a Eoentgen atlas of the
147 3226 1974 132 genitourinary
478 3296 149 47 tract
659 3290 139 53 with
830 3310 122 35 case
982 3292 264 56 histories
1281 3298 47 50 &
1359 3314 73 35 an
1464 3298 216 54 outline
1713 3299 66 55 of
1810 3304 243 69 urology
2085 3305 60 52 in

149 3366 1997 83 its relations to Roentgenology, by Hugh H. Young … and
149 3443 1994 84 Charles A. Waters … assisted by Mary A. Goldthwaite;
149 3519 378 54 illustrations
554 3521 76 69 by
656 3522 262 54 William
945 3525 67 53 P.
1042 3526 276 54 Didusch.
1382 3529 73 54 2d
1483 3530 104 69 ed.,
1616 3550 114 35 rev.
1797 3534 139 53 New
1966 3536 181 68 York,

148 3597 64 52 P.
246 3598 66 52 B.
344 3596 246 69 Hoeber,
621 3598 127 72 inc.,
781 3603 150 51 1931.

217 3676 1838 63 xlix, 564 p. incl. col. front., illus., plates (part col.) diagrs. 27½ ᶜᵐ.
160 3733 1893 67 (Added t.-p.: Annals of Roentgenology … ed. by J. T. Case … v. 7)
220 3800 140 41 Brief
387 3802 152 41 series
566 3803 109 41 title
704 3806 52 39 at
785 3805 125 41 head
940 3807 53 40 of
1019 3809 100 48 t.-p.

161 3867 51 52 ©
243 3872 127 41 June
398 3874 70 48 15,
499 3873 139 48 1931;
670 3874 66 41 2c.
770 3877 125 39 June
925 3879 80 46 17;
1040 3878 82 43 aff.
1155 3880 127 41 June
1312 3882 81 48 27;
1428 3885 41 38 A
1498 3885 171 49 38872;
1704 3889 121 40 Paul
1858 3891 52 40 B.
1945 3893 192 39 Hoeber

228 3927 91 42 inc.
389 3930 280 50 (31-15613)
