2428 4370
1265 4003 135 55 1690

311 367 305 65 Bechdolt,
644 367 155 55 John
829 369 241 63 Ernest,
1102 373 174 50 1884-

381 462 218 69 Jungle
622 461 319 69 diamonds,
964 461 75 69 by
1060 460 150 54 Jack
1233 459 297 54 Bechdolt.
1606 459 140 53 New
1769 458 181 68 York,
312 456 1994 138 Cosmopolitan

439 540 148 55 book
615 538 384 71 corporation,
1032 542 151 51 1931.

419 619 1587 51 x, 254 p. incl. front. 19 ᶜᵐ. (His Barrow brothers series)
317 689 51 52 ©
405 693 102 41 Oct.
541 692 70 48 23,
645 691 115 42 1931;
822 692 69 42 2c.
927 692 103 41 Oct.
1063 692 57 41 27;
1184 692 82 40 aff.
1303 692 103 41 Oct.
1439 692 60 39 24;
1560 692 43 40 A
1634 692 149 41 43588;
1845 692 44 41 J.
1925 691 250 47 Bechdolt,
2211 691 118 40 New

385 751 143 39 York.
605 748 282 51 (31-31122)

314 890 245 65 Becker,
593 890 243 64 Robert,
873 894 172 51 1890-

381 976 1948 74 Memo-go fishing, by Bob Becker … Indianapolis, The
314 1058 963 71 Bobbs-Merrill company [ ᶜ1 931]
383 1139 87 42 349
500 1150 43 38 p.
602 1139 166 49 front.,
800 1140 175 48 plates.
1034 1140 27 39 24ᶜᵐ.

386 1210 164 41 “First
578 1209 229 42 edition.”

319 1281 53 53 ©
403 1285 100 41 Oct.
535 1287 38 46 7,
603 1285 143 48 1931;
775 1285 67 40 2c.
873 1287 96 38 and
999 1284 81 41 aff.
1113 1284 103 42 Oct.
1246 1284 56 40 10;
1361 1285 42 38 A
1430 1284 172 47 43167;
1636 1284 372 41 Bobbs-Merrill
2039 1293 68 32 co.
400 1342 282 51 (31-30717)

320 1482 219 65 Bemis,
571 1483 238 55 Samuel
840 1482 208 66 Flagg,
1081 1489 171 49 1891-

388 1574 123 54 The
550 1574 648 69 Hussey-Cumberland
1241 1572 233 56 mission
1518 1576 112 53 and
1672 1574 308 54 American
318 1574 1988 133 independence;

518 1670 70 34 an
627 1671 161 53 essay
822 1652 58 53 in
916 1654 98 54 the
1051 1652 330 71 diplomacy
1417 1652 66 54 of
1517 1654 96 52 the
1650 1653 304 53 American
1994 1652 340 67 revolution,

316 1729 2016 73 by Samuel Flagg Bemis … Cover maps designed, from data
321 1809 1952 72 furnished by the author, by Colonel Lawrence Martin …
320 1886 328 70 Princeton,
683 1889 311 53 Princeton
1029 1887 320 71 university
1385 1905 174 53 press,
1600 1892 148 51 1931.

391 1970 588 50 vii p., 1 l. , 195 p. 23 ᶜᵐ.
394 2042 140 47 Maps
563 2053 59 29 on
650 2041 366 50 lining-papers.

393 2098 23 17 “…
511 2098 149 48 Spain
695 2101 198 39 entered
930 2101 82 39 the
1047 2110 103 29 war
1183 2099 52 41 of
1268 2099 257 41 American
1561 2099 361 48 independence
1954 2099 49 40 in
2038 2099 115 41 1779
2186 2110 55 29 as
2275 2110 60 29 an

320 2156 101 48 ally
450 2156 52 40 of
531 2156 187 41 France
751 2157 86 40 but
866 2161 85 37 not
983 2157 52 40 of
1065 2159 82 39 the
1179 2157 180 41 United
1396 2157 177 41 Stales.
1654 2156 189 48 During
1871 2157 82 40 the
1986 2156 178 41 earlier
2194 2167 143 37 years

322 2214 53 40 of
412 2214 109 40 that
558 2224 103 30 war
697 2215 84 40 the
815 2213 212 49 Spanish
1062 2217 316 45 government
1413 2214 95 40 had
1544 2213 166 48 joined
1748 2214 188 40 France
1971 2214 49 39 in
2054 2212 283 48 furnishing

322 2271 2015 49 secret aid in money and military supplies to the … American colonies.
322 2327 2015 50 This was not because of any sympathy for the republican cause … but
372 2385 1965 50 … [she] did want the strife … to continue … that both English colonies
323 2443 2012 49 and mother-country should be weakened … Then … Spain might push
324 2500 85 40 her
436 2512 107 30 own
572 2501 232 41 interests
890 2500 24 19 …”:
973 2512 43 38 p.
1050 2502 54 49 [1]

327 2568 52 53 ©
419 2573 102 41 Oct.
559 2574 70 46 15,
668 2572 113 42 1931;
846 2573 68 41 2c.
953 2575 96 39 and
1088 2573 82 41 aff.
1210 2573 103 43 Oct.
1351 2572 57 40 24;
1475 2574 42 38 A
1552 2571 150 43 43496;
1767 2573 260 40 Princeton
2066 2571 274 49 university

397 2641 153 37 press.
621 2631 281 48 (31-31003)

323 2754 322 65 Bercovici,
677 2757 262 65 Konrad,
1006 2764 139 49 1882-

390 2846 348 56 Manhattan
777 2847 320 72 side-show,
1136 2849 75 72 by
1251 2848 243 55 Konrad
1533 2847 324 68 Bercovici;
1901 2846 323 56 illustrated
2264 2846 74 70 by

322 2924 254 55 Norman
627 2926 342 55 Borchardt.
1054 2926 137 55 New
1244 2927 179 70 York,
1472 2927 257 70 London,
1779 2927 123 55 The
1954 2926 255 71 Century
2258 2943 78 35 co.

325 3007 197 66 [ ᶜ1 931 ]
392 3085 1214 51 4 p. l., 3-354 p. front., illus. 23 ᶜᵐ. $4.00
394 3155 164 42 “First
588 3155 263 50 printing.”

330 3226 51 52 ©
412 3230 101 41 Oct.
542 3230 71 47 20,
642 3230 113 41 1931;
813 3231 67 40 2c.
911 3232 96 40 and
1036 3231 82 42 aff.
1149 3231 103 41 Oct.
1282 3230 56 41 24;
1396 3231 43 40 A
1464 3232 147 41 43466;
1671 3232 216 48 Century
1915 3242 66 29 co.
406 3286 283 49 (31-30924)

325 3412 184 54 Bible.
590 3415 65 54 O.
689 3418 62 51 T.
827 3416 263 68 English.
1167 3416 331 55 Selections.
1575 3419 153 51 1931.

393 3503 117 56 Old
565 3506 329 54 Testament
947 3509 340 60 narratives,
1338 3508 242 54 selected
1633 3508 114 53 and
1801 3506 190 54 edited
2043 3506 78 69 by
2170 3505 173 69 Mary

323 3580 2013 76 Dawson … and Roy L. French … Boston, New York [etc.]
323 3659 1042 75 D. C. Heath and company [ ᶜ1 931]
466 3743 1576 53 xx, 291 p. illus. (incl. maps) 17 ᶜᵐ. (Golden key series)
396 3814 379 51 Bibliography;
813 3829 43 38 p.
890 3818 100 41 283.

329 3880 52 51 ©
411 3885 128 48 Sept.
566 3888 69 45 17,
662 3888 114 42 1931;
831 3888 68 43 2c.
929 3889 127 50 Sept.
1085 3890 55 41 23;
1198 3889 82 42 aff.
1312 3890 128 48 Sept.
1468 3888 60 43 22;
1583 3889 40 41 A
1650 3890 149 41 41778;
1854 3890 58 41 D.
1940 3889 50 42 C.
2019 3889 165 42 Heath
2212 3889 37 42 &
2275 3898 66 31 co.

410 3942 282 42 (31-30900)
