2505 4370
1052 3955 133 51 1231

109 366 299 66 Sonquist,
439 365 190 55 David
660 365 367 54 Emmanuel.

185 459 121 51 The
336 457 262 52 interests
631 455 65 54 of
726 473 194 51 young
948 474 128 34 men;
1140 456 95 52 the
1270 455 296 69 discovery
1598 455 114 53 and
1745 454 270 69 meaning
2044 454 65 51 of

115 535 260 54 interests
413 534 62 53 in
511 551 273 52 program
819 533 284 70 building,
1138 532 76 70 by
1251 533 195 54 David
1485 533 68 53 E.
1595 531 289 71 Sonquist,
2010 576 9 10 PH.
2098 576 9 10 D.

115 614 138 53 New
283 611 181 69 York,
491 612 363 53 Association
883 629 175 50 press,
1088 613 151 51 1931.

213 692 1670 50 x p., 1 l., 177 p. incl. diagrs., forms, in maps on 2 l. 23½ᶜᵐ.
181 750 206 47 Largely
419 759 27 29 a
478 748 293 49 description
806 750 95 38 and
934 748 217 47 analysis
1183 748 51 41 of
1268 758 61 30 an
1363 748 301 47 experiment
1697 749 266 40 conducted
1995 748 50 40 in
2078 760 26 28 a

110 807 124 40 local
275 806 172 47 Young
485 804 149 41 men’s
678 804 250 41 Christian
970 804 296 40 association
1309 806 49 38 to
1400 804 267 40 determine
1710 806 82 39 the
1832 807 125 38 most
108 806 1982 105 adequate
285 862 222 40 methods

539 861 51 40 of
621 860 305 48 discovering
954 860 244 48 interests,
1230 860 122 40 with
1384 861 226 47 chapters
1642 872 60 29 on
1735 860 230 48 religious
111 861 1978 99 education
297 919 97 39 and
421 917 279 48 counseling
724 917 198 40 written
947 916 256 49 primarily
1226 916 81 41 for
1332 917 172 48 Young
1527 916 149 40 men’s
1703 916 251 41 Christian
111 927 1979 90 associations.

182 1030 349 49 Bibliography:
585 1040 44 37 p.
655 1028 217 42 167-169.

118 1098 52 52 ©
202 1102 126 39 June
356 1102 69 47 26,
457 1100 107 40 1931;
630 1099 67 42 2c.
730 1101 95 38 and
857 1099 80 40 aff.
972 1100 126 39 June
1128 1099 55 40 27;
1245 1099 41 39 A
1317 1098 143 41 39127;
1524 1099 208 40 General
1763 1099 151 40 board
1945 1099 51 40 of
2029 1100 82 39 the

189 1160 171 46 Young
380 1158 149 40 men’s
555 1157 250 41 Christian
829 1156 334 42 associations.
1190 1157 117 39 New
1332 1157 142 38 York.
1547 1155 279 49 (31-19963)

113 1282 192 64 Spyri,
334 1284 157 52 Frau
518 1280 275 55 Johanna
826 1280 323 66 (Heusser)
1188 1281 325 54 1827-1901.

181 1374 197 66 Heidi,
412 1375 77 68 by
522 1374 268 54 Johanna
830 1372 203 69 Spyri;
1075 1374 247 67 adapted
1363 1374 93 51 for
1496 1373 407 69 Story-teller’s
1938 1374 175 53 house

113 1452 75 69 by
226 1452 181 52 Edith
444 1452 179 65 Heal;
662 1451 289 68 drawings
987 1452 73 68 by
1100 1451 255 53 Richard
1396 1451 55 54 S.
1492 1451 271 68 Rodgers.
1842 1450 272 70 Chicago,

115 1531 64 52 T.
213 1531 56 54 S.
300 1529 287 54 Rockwell
617 1547 297 50 company,
945 1531 149 50 1931.

186 1610 56 41 64
269 1621 42 37 p.
343 1610 109 39 incl.
482 1609 162 47 front.,
675 1609 128 40 illus.
863 1608 146 41 20½ᶜᵐ.

120 1675 51 53 ©
199 1680 126 41 June
350 1678 39 49 9,
418 1678 112 42 1931;
587 1679 66 40 2c.
681 1679 126 40 June
833 1678 53 41 13;
944 1677 82 42 aff.
1055 1678 117 48 Aug.
1199 1679 25 40 3;
1284 1678 40 40 A
1350 1678 143 42 38841;
1552 1680 210 40 Thomas
1795 1679 43 42 S.
1868 1680 244 41 Rockwell

187 1748 67 30 co.
325 1737 278 48 (31-15417)

115 1861 229 63 Stopes,
375 1859 187 53 Marie
596 1859 305 55 Charlotte
935 1858 386 67 Carmichael,
1357 1865 170 51 1880-

184 1948 441 69 Contraception
671 1948 182 71 (birth
891 1949 242 71 control)
1179 1949 74 56 its
1288 1950 220 70 theory,
1543 1949 219 72 history
1801 1951 110 53 and
110 1970 1976 111 practice;
277 2047 31 33 a

337 2027 231 51 manual
598 2027 93 52 for
718 2027 96 54 the
839 2025 239 55 medical
1108 2027 113 54 and
1251 2028 150 68 legal
1428 2027 366 72 professions,
1823 2030 74 69 by
1926 2029 184 53 Marie

112 2103 1977 148 Carmichael Stopes … New and enl. ed. With an introduction by
359 2181 1751 76 the late Prof. Sir William Bayliss … and introductory
112 2257 1999 75 notes by Sir James Barr … Dr. C. Rolleston, and Dr. Jane
112 2337 370 54 Hawthorne.
549 2337 259 68 London,
840 2336 67 57 G.
939 2337 65 54 P.
1037 2338 297 55 Putnam’s
1366 2358 145 51 sons,
1544 2342 150 53 1931.

183 2417 1490 52 xxvii, 487 p. illus., X pl. (incl. facsim.) diagr. 22½ᶜᵐ.
185 2487 180 40 “Third
394 2486 199 49 edition,
624 2487 132 50 July,
784 2486 159 43 1931.”

185 2542 415 50 Bibliographical
629 2543 279 43 foot-notes.

124 2611 1974 111 © 1c. July 20, 1931; A ad int. 15336; pubd. July 9; M. C. Stopes, Hindhead, England. (31-20789)
127 2795 234 68 [Street,
395 2795 153 56 Cecil
577 2796 155 55 John
764 2796 263 73 Charles]
1064 2804 172 52 1884-

195 2887 122 52 The
359 2888 259 69 hanging
662 2906 221 35 woman
932 2889 92 70 [by
1028 2923 13 34 ]
1091 2892 157 53 John
1294 2893 201 54 Rhode
1562 2896 181 67 [pseud]
1862 2898 259 61 London,

125 2964 143 53 Pub.
307 2963 93 54 for
437 2966 96 52 the
570 2965 193 55 Crime
796 2967 147 68 club,
978 2969 124 67 ltd.,
1136 2969 77 69 by
1246 2970 91 54 W.
1377 2971 218 55 Collins
1633 2992 129 35 sons
1798 2976 47 51 &
1880 2994 98 48 co.,
2016 2977 102 52 ltd.

131 3045 171 65 [1931]

194 3123 100 50 249,
325 3126 57 48 [1]
411 3136 45 37 p.
515 3124 117 43 19ᶜᵐ.

128 3190 1990 63 © 1c. July 6, 1931; A ad int. 15357; pubd. June 1; C. J. C. Street, North
195 3252 271 47 Brewham,
496 3264 70 30 nr.
596 3255 142 46 Bath,
772 3255 254 50 Somerset,
1056 3258 236 47 England.
1363 3260 279 49 (31-21188)

121 3374 231 66 Taylor,
383 3376 232 54 Phoebe
645 3377 268 58 Atwood.

191 3465 121 53 The
338 3464 157 69 Cape
522 3464 119 55 Cod
666 3474 271 64 mystery,
960 3470 76 69 by
1062 3471 228 55 Phoebe
1314 3473 248 55 Atwood
1588 3476 229 69 Taylor.
121 3479 1971 131 Indianapolis,

351 3544 122 51 The
502 3544 442 55 Bobbs-Merrill
972 3565 279 47 company
1329 3553 97 50 [ᶜ1931]

192 3624 278 48 320 p. 19 ½ᶜᵐ.
195 3695 287 40 Illustrated
512 3695 364 50 lining-papers.

195 3750 162 42 “First
387 3751 226 42 edition.”

131 3816 51 52 ©
209 3820 115 49 July
351 3822 70 47 16,
449 3822 141 48 1931;
618 3823 67 41 2c.
714 3825 114 47 July
855 3826 83 46 22;
968 3827 80 39 aff.
1079 3829 118 47 Aug.
1226 3829 83 48 21;
1341 3831 41 38 A
1409 3831 143 42 39829;
1611 3834 50 40 P.
1692 3837 52 39 A.
1774 3836 191 48 Tavlor,
1998 3840 120 40 East

198 3878 195 47 Boston,
422 3881 144 39 Mass.
638 3881 276 48 (31-20075)
