2428 4370
1186 4066 141 51 2246

235 394 347 66 McDonald,
613 394 144 55 Milo
785 395 267 66 Francis,
1084 414 164 48 comp
1254 440 11 10 .

240 470 1999 135 Brief readings in philosophy, compiled by Milo F. McDonald …
640 549 319 71 Brooklyn,
986 549 71 55 N.
1091 549 92 69 Y.,
1217 546 296 59 Standard
1543 555 123 49 text
1698 567 158 52 press
1894 583 14 35 [
1936 551 133 52 ᶜ1931
2075 583 14 36 ]

311 622 1292 53 364, [4] p. incl. front. double pl., ports. 23½ᶜᵐ.
311 680 267 42 “Sources”
608 683 98 38 and
734 680 352 42 “References”
1116 683 53 38 at
1196 682 93 39 end
1318 682 53 39 of
1398 683 119 38 each
1546 682 127 47 part.

249 736 51 52 ©
340 741 113 39 Dec.
490 740 41 48 2,
570 740 114 41 1931;
752 740 67 41 2c.
857 741 100 40 and
992 739 82 40 aff.
1114 739 112 41 Dec.
1263 739 57 42 28;
1387 741 41 38 A
1464 740 147 40 46588;
1683 740 248 41 Standard
1970 742 109 39 text
2113 750 151 38 press,

317 799 42 39 J.
400 798 47 40 C.
486 798 151 48 Myer,
672 807 148 40 prop.,
858 798 263 46 Brooklyn.
1193 796 253 50 (32-3726)

237 902 341 65 Marschall,
606 903 190 55 Josef.

315 978 109 54 Die
486 980 355 54 vermählten
904 977 410 70 junggesellen,
1376 980 90 53 ein
1530 978 317 54 fröhlicher
1910 997 197 36 roman
2171 997 95 34 um

242 1057 238 68 Haydn,
515 1076 111 35 von
664 1056 167 55 Josef
866 1055 330 56 Marschall.
1271 1056 260 69 Leipzig,
1566 1057 64 52 L.
1670 1056 407 69 Staackmann,
2116 1059 150 50 1931.

311 1128 101 50 225,
449 1129 56 50 [1]
540 1138 45 39 p.
677 1127 88 42 19ᶜᵐ.

249 1186 2002 109 © Sept. 24, 1931; 1c. Nov. 30; A—Foreign 14615; L. Staackmann v erlag, g. m. b. h. (32-4352)
237 1349 503 56 Massachusetts.
819 1351 247 55 General
1095 1359 181 57 courts
1307 1354 152 51 1930.

312 1428 124 53 The
460 1426 249 57 General
732 1433 165 49 court
918 1425 65 56 of
1005 1426 468 70 Massachusetts,
1501 1428 314 53 1630-1930;
1870 1433 399 65 tercentenary

240 1506 293 69 exercises,
590 1505 512 70 commemorating
1157 1506 74 53 its
1291 1504 437 56 establishment
1783 1505 161 56 three
2000 1506 267 55 hundred

241 1604 166 51 years
455 1603 127 52 ago,
629 1585 115 54 and
790 1590 59 49 to
895 1589 134 49 note
1074 1584 98 53 the
1218 1602 268 51 progress
1534 1583 66 56 of
1647 1585 97 53 the
1792 1586 474 53 commonwealth

242 1665 183 54 under
457 1664 136 54 nine
623 1664 364 70 generations
1020 1662 66 55 of
1116 1661 339 57 lawmakers
1487 1662 135 56 held
1654 1668 60 50 at
1746 1664 100 55 the
1880 1662 162 59 State
2075 1664 193 70 house,

242 1745 238 68 Boston,
511 1743 467 68 Massachusetts,
1014 1748 60 48 at
1108 1762 31 34 a
1176 1741 213 70 special
1425 1742 214 54 session
1673 1743 63 54 in
1768 1743 99 55 the
1900 1744 268 54 chamber
2203 1742 66 56 of

243 1823 97 53 the
372 1823 199 53 House
607 1821 65 55 of
705 1821 496 69 representatives,
1237 1821 278 70 Monday,
1551 1820 249 57 October
1836 1827 236 66 twenty,
242 1823 2001 132 nineteen
398 1900 206 70 thirty,

633 1901 194 52 eleven
857 1898 229 55 o’clock.
1159 1900 257 68 [Boston,
1444 1900 242 69 Wright
1714 1903 47 51 &
1789 1901 221 69 Potter,
243 1901 1998 133 legislative
392 1979 272 70 printers,
721 1981 153 65 ᶜ1931]

311 2052 99 50 123,
444 2055 56 50 [1]
530 2064 43 38 p.
634 2053 165 48 front.,
828 2052 175 50 plates,
1033 2053 151 47 ports.
1245 2051 120 42 26ᶜᵐ.

317 2108 1950 50 “Copyright … by Frederic W. Cook, secretary of the commonwealth
243 2168 53 40 of
328 2166 437 42 Massachusetts.”

316 2225 227 40 Includes
582 2225 259 39 addresses
880 2223 52 41 of
971 2224 124 39 Hon.
1137 2222 192 49 Gaspar
1367 2222 244 42 Griswold
1651 2223 179 49 Bacon,
1872 2224 127 42 Hon.
2039 2224 229 42 Leverett

246 2281 306 47 Saltonstall,
601 2280 251 42 Governor
896 2280 168 41 Frank
1112 2279 197 42 Gilman
1354 2280 142 42 Allen
1544 2282 96 39 and
1689 2292 63 29 an
1800 2280 195 43 oration
2041 2281 54 41 of
2141 2281 125 44 Hon.

243 2340 190 40 Arthur
459 2338 226 41 Prentice
714 2339 152 47 Rugg.

317 2394 1951 50 “Chronology, 1630-1930, compiled by Frank E. Bridgman … and
243 2452 407 49 Representative
681 2452 184 48 George
894 2452 51 41 P.
974 2451 286 41 Anderson”:
1318 2461 45 39 p.
1398 2450 221 52 [56]-106.

252 2508 52 52 ©
333 2513 110 39 Dec.
470 2511 70 48 10,
567 2511 113 41 1931;
737 2511 65 40 2c.
831 2512 96 39 and
954 2510 82 42 aff.
1066 2511 112 39 Dec.
1205 2511 56 38 14;
1317 2511 41 39 A
1384 2511 145 40 45481;
1589 2511 231 41 Frederic
1845 2512 72 40 W.
1948 2511 144 49 Cook,
320 2520 1933 97 secretary

462 2569 52 40 of
543 2569 82 40 the
656 2569 404 40 commonwealth
1092 2569 51 39 of
1175 2568 405 47 Massachusetts,
1613 2569 200 42 Boston.
331 2626 253 48 (32-4520)

240 2728 301 67 Mérimée,
572 2729 275 66 Prosper,
880 2731 329 55 1803-1870.

314 2807 225 54 Lettres
573 2807 69 54 de
673 2806 273 55 Mérimée
980 2806 31 54 à
1046 2806 55 54 la
1137 2805 225 57 famille
1395 2807 306 54 Delessert.
1772 2805 407 56 Introduction
2214 2811 57 50 et

240 2892 158 49 notes
422 2904 107 51 par
551 2885 259 55 Maurice
832 2886 321 54 Parturier.
1212 2883 248 57 Préface
1482 2875 249 65 d’Émile
1754 2885 268 54 Henriot.
2083 2885 188 69 Paris,

244 2965 150 53 Plon
429 2968 176 65 [1931]

316 3036 981 50 3 p. l., liii, 235 p., 2 l. front. 19 ᶜᵐ .
254 3093 1843 52 © Oct. 10, 1931; 1c. Dec. 14; A— Foreign 14764; Librairie Plon.
332 3155 253 49 (32-4672)

241 3257 179 67 Mille,
449 3257 224 66 Pierre,
707 3262 173 52 1864-

378 3334 1892 69 … Au Maroc. Chez les fils de l’ombre et du soleil. Paris,
247 3413 826 69 Firmin-Didot et c ⁱᵉ [1931]
318 3487 639 50 2 p. l., 207, [1] p. 19 ᶜᵐ .
255 3541 2014 53 © June 11, 1931; 1c. July 31; A— Foreign 13274; Firmin-Didot & cie.
333 3602 254 49 (32-4653)

245 3706 282 53 National
559 3707 237 55 electric
826 3707 156 66 light
1014 3708 379 55 association.

320 3782 183 68 Relay
547 3783 308 54 handbook
902 3784 114 53 and
1060 3784 383 70 supplement,
1489 3784 286 69 prepared
1821 3783 76 70 by
1942 3784 98 53 the
2086 3784 183 69 Relay

249 3858 447 71 subcommittee,
748 3862 310 54 Electrical
1109 3868 318 63 apparatus
1480 3862 341 68 committee,
1873 3861 397 70 Engineering

251 3937 258 54 national
548 3940 233 69 section,
817 3940 278 55 National
1133 3941 227 55 electric
1399 3940 152 71 light
1590 3940 361 70 association,
1992 3940 137 54 with
2172 3940 97 55 the
