2428 4370
1215 4007 132 52 1710

347 432 380 50 Bibliography:
760 444 40 38 p.
831 433 220 42 411-445.

283 489 1792 54 © Oct. 22, 1931; 2c. and aff. Oct. 24; A 43477; I. M. Kolthoff,
351 496 1924 103 Minneapolis
533 551 96 40 and
651 551 56 39 N.
731 550 190 41 Howell
946 551 230 48 Furman,
1201 551 274 49 Princeton,
1500 552 58 42 N.
1583 552 44 41 J.
1698 551 282 50 (31-31129)

279 646 183 64 Kroll,
492 646 205 64 Harry
725 645 311 56 Harrison.

345 723 123 52 The
502 723 167 54 cabin
702 724 62 53 in
797 723 98 54 the
929 729 210 64 cotton,
1173 724 76 69 by
1285 724 198 70 Harry
1519 722 284 54 Harrison
1842 723 189 68 Kroll,
275 724 1989 130 decorations

453 800 74 71 by
556 801 97 52 the
682 801 220 54 author.
970 801 138 54 New
1141 801 179 69 York,
1351 803 68 53 R.
1448 802 166 68 Long
1642 805 51 51 &
1724 802 68 51 R.
1823 801 68 54 R.
1925 801 208 69 Smith,
2166 802 125 59 inc.,

277 882 151 50 1931.

343 959 860 50 4 p. l. , 288, [1] p. illus. 20½ᶜᵐ.
347 1017 290 40 Illustrated
674 1018 100 46 t.-p.

282 1073 52 52 ©
365 1077 103 41 Oct.
495 1076 69 48 26,
594 1075 115 42 1931;
767 1075 66 42 2c.
864 1076 97 40 and
989 1075 83 41 aff.
1103 1076 103 41 Oct.
1236 1075 57 42 28;
1350 1076 42 39 A
1419 1075 146 42 43594;
1625 1077 107 48 Ray
1762 1077 134 48 Long
1925 1082 37 41 &
1991 1077 217 42 Richard
2238 1078 55 39 R.

353 1134 171 48 Smith,
555 1134 90 40 inc.
718 1132 281 49 (31-31127)

278 1228 134 63 Lee,
442 1226 232 66 Albert,
708 1233 166 50 1868-

347 1305 289 54 Portraits
675 1304 61 54 in
777 1310 249 63 pottery,
1069 1305 141 52 with
1252 1323 151 35 some
1446 1311 236 46 account
1727 1304 64 54 of
1835 1305 259 67 pleasant
274 1324 1992 113 occasions
467 1383 256 54 incident

760 1389 59 48 to
857 1383 151 54 their
1046 1388 177 64 quest,
1263 1383 75 69 by
1377 1383 206 54 Albert
1622 1384 126 53 Lee.
1827 1384 235 69 Boston,
2100 1383 193 68 Mass.,

275 1460 996 72 The Stratford company [ ᶜ193 1 ]
345 1542 1290 51 2 p. l ., viii p., 1 l., 272 p. front., plates. 24½ ᶜᵐ .
347 1600 351 48 Bibliography:
755 1610 42 38 p.
826 1599 219 41 261-262.

279 1654 53 53 ©
364 1659 104 41 Oct.
497 1658 71 48 20,
599 1658 115 41 1931;
774 1658 68 43 2c.
875 1659 102 41 Oct.
1010 1658 55 40 22;
1127 1658 83 41 aff.
1244 1659 103 41 Oct.
1378 1658 57 41 28;
1496 1660 42 39 A
1567 1659 151 42 43628;
1778 1660 254 41 Stratford
2065 1670 81 39 co.,
349 1661 1926 96 publishers.
613 1715 282 51 (31-31349)

275 1810 341 55 Louisiana.
695 1812 207 54 Courts
933 1814 65 69 of
1024 1813 224 69 appeal.

346 1890 1949 69 Reports … v. 16. Cases argued and determined in the
277 1970 208 54 Courts
519 1970 64 52 of
617 1971 207 67 appeal
858 1969 64 53 of
954 1971 98 51 the
1083 1974 146 50 state
1261 1970 64 53 of
1356 1969 311 54 Louisiana
1702 1975 60 48 at
1791 1970 99 54 the

1920 1974 150 50 term
277 1969 1994 149 beginning
460 2047 124 55 first
624 2049 258 68 Monday
926 2047 65 54 of
1034 2047 265 69 October,
1344 2051 152 49 1930.
1573 2047 182 55 Court
1796 2049 65 52 of
1903 2049 225 69 appeal,
2170 2047 127 55 first

274 2127 221 70 circuit,
544 2128 191 52 Baton
782 2127 217 69 Rouge,
1046 2128 205 52 second
1298 2126 221 70 circuit,
1569 2126 369 70 Shreveport,
1984 2126 202 70 parish
2230 2126 65 54 of

277 2204 2019 72 Orleans, New Orleans … Edited by J. B. Herold … under
277 2285 96 52 the
418 2284 281 53 direction
745 2283 64 53 of
851 2284 98 53 the
992 2283 204 71 judges
1243 2284 65 52 of
1350 2284 97 53 the
1494 2283 206 55 Courts
1746 2284 65 54 of
1855 2285 224 68 appeal.
2155 2283 140 53 New

274 2361 261 68 Orleans,
561 2362 230 53 Hauser
818 2361 267 70 printing
1112 2381 99 51 co.,
1240 2366 152 50 1931.

346 2443 506 50 xxxi, 746 p. 23 ᶜᵐ .
279 2496 52 52 ©
360 2500 103 42 Oct.
490 2501 70 47 31,
588 2499 113 42 1931;
758 2500 68 42 2c.
854 2501 97 39 and
978 2499 81 41 aff.
1089 2501 117 40 Nov.
1235 2500 28 40 9;
1318 2500 42 39 A
1385 2498 145 42 43911;

1588 2501 199 39 Hauser
1811 2500 222 48 printing
2059 2510 67 30 co.

277 2609 235 65 Merrel,
542 2612 138 52 Mrs.
716 2609 343 56 Concordia.

403 2684 1885 71 … Consequences. Garden City, N. Y., Doubleday, Doran &
268 2781 298 52 company,
595 2765 126 69 inc.,
754 2766 150 51 1931.

340 2846 526 51 3 p. l. , 301 p. 20 ᶜᵐ .
341 2904 63 42 At
430 2906 126 40 head
581 2905 54 39 of
657 2905 137 41 title:
822 2903 268 44 Concordia
1120 2904 192 42 Merrel.

342 2960 163 43 “First
536 2960 230 43 edition.”

343 3018 195 40 London
576 3016 180 42 edition
802 3017 223 47 (Hodder
1060 3018 95 39 and
1195 3016 294 45 Stoughton)
1535 3017 90 38 has
1659 3018 137 40 title:
1833 3015 101 42 The
1968 3018 129 39 cads’
2134 3020 151 45 party.

279 3073 52 52 ©
358 3076 101 41 Oct.
484 3075 71 48 22,
580 3074 116 41 1931;
749 3074 66 41 2c.
842 3076 97 39 and
964 3073 84 42 aff.
1074 3073 101 41 Oct.
1202 3073 56 41 28;
1314 3074 39 38 A
1378 3073 146 41 43712;
1581 3073 264 41 Concordia
1878 3076 179 39 Merrel
2083 3075 203 47 Morton,

349 3132 253 41 Thornton
637 3132 177 47 Heath,
854 3131 195 47 Surrey,
1086 3131 239 47 England.
1396 3129 281 49 (31-31231)

277 3225 201 66 Neale,
506 3225 254 65 Russell,
789 3230 174 50 1906-

341 3304 124 54 The
494 3308 157 65 story
681 3303 64 52 of
773 3322 27 34 a
834 3308 241 64 country
1105 3302 160 68 place
1317 3302 74 68 [by]
1446 3301 224 53 Russell
1701 3300 187 56 Neale.
1957 3300 137 53 New
2127 3299 157 54 York

272 3384 110 53 and
410 3381 260 67 London,
697 3381 232 68 Harper
958 3384 51 51 &
1040 3380 276 69 brothers,
1349 3382 150 52 1931.

341 3460 563 51 4 p. l. , 284 p. 19½ᶜᵐ.
345 3520 164 40 “First
543 3518 228 41 edition.”

281 3575 52 52 ©
370 3580 102 41 Oct.
507 3578 69 49 28,
611 3578 115 40 1931;
789 3577 66 41 2c.
892 3576 102 41 Oct.
1030 3577 56 40 27;
1151 3576 82 40 aff.
1271 3576 103 42 Oct.
1408 3576 60 41 30;
1530 3576 42 39 A
1604 3576 145 41 43665;
1816 3576 55 39 R.
1908 3576 163 47 Neale,
2108 3576 182 39 Homer

350 3636 124 48 City,
504 3636 83 39 Pa.
659 3633 280 49 (31-31123)

279 3728 215 61 Oliver,
525 3730 154 53 John
712 3729 331 59 Rathbone,
1081 3733 167 51 1872-

349 3805 213 56 Article
593 3806 343 70 thirty-two,
969 3826 28 34 a
1034 3806 180 58 novel,
1243 3806 36 52 by
1348 3806 152 52 John
1534 3805 301 54 Rathbone
1867 3802 214 55 Oliver.
2148 3801 136 53 New

277 3882 1207 69 York. The Macmillan company, 1931.
