2428 4370
1012 4036 133 51 1995

106 414 268 66 Cassilly,
404 415 246 55 Francis
676 415 284 66 Bernard,
991 420 171 50 1860-

169 502 281 72 Religion,
497 501 255 56 doctrine
795 503 112 53 and
953 504 265 69 practice,
1264 504 93 52 for
1404 520 94 36 use
1542 505 58 51 in
1648 501 260 56 Catholic
1951 500 138 69 high

97 574 1968 157 schools, by Francis B. Cassilly … 9th and rev. ed. … Chicago,
278 657 112 68 Ill.,
417 658 214 70 Loyola
658 657 315 70 university
999 674 173 51 press,
1204 661 150 50 1931.

235 737 992 53 xv, 480 p. incl. front., plates, ports. 20½ ᶜᵐ.
105 806 52 52 ©
194 810 126 48 Sept.
353 811 39 47 1,
427 809 139 47 1931;
601 809 67 43 2c.
704 810 98 40 Oct.
839 809 53 47 6;
928 808 82 43 aff.
1043 810 118 40 Nov.
1195 808 53 48 9;
1284 809 40 39 A
1356 809 145 41 45315;
1565 810 178 47 Loyola
1849 808 60 39 univ.
1945 818 150 40 press.

182 866 278 50 (31-34622)

100 986 285 66 Casualty
408 992 298 53 insurance
733 993 154 64 laws,
912 996 158 48 taxes
1098 992 112 52 and
1241 990 133 69 fees,
1401 989 333 70 containing
1761 1009 32 34 a
1821 989 186 69 digest
2033 989 63 53 of

169 1067 96 54 the
291 1072 285 65 statutory
605 1067 404 68 requirements
1038 1069 59 52 in
1127 1069 96 52 the
1251 1068 217 53 United
1501 1067 186 55 States
1718 1067 113 55 and
1862 1067 235 54 Canada

167 1145 248 69 relating
439 1150 57 49 to
521 1147 271 67 casualty,
819 1151 191 63 surety
1037 1147 111 53 and
1177 1144 425 55 miscellaneous
1628 1144 297 55 insurance

167 1158 1904 136 companies
394 1224 112 52 and
539 1227 214 64 agents,
784 1223 140 52 with
955 1240 172 51 many
1158 1222 325 69 quotations
1517 1222 152 52 from
1699 1223 95 52 the
1826 1227 266 55 statutes;

168 1299 118 55 also
319 1320 31 34 a
383 1298 369 71 compilation
787 1300 62 53 of
883 1303 208 65 county
1126 1301 112 52 and
1272 1298 314 69 municipal
1621 1304 162 49 taxes
1814 1301 112 53 and
1962 1301 131 51 fees.

168 1372 1926 75 1931-1932 ed., revised to September 1, 1931 … New York,
167 1452 250 71 Chicago
452 1459 135 62 [etc.]
623 1456 121 51 The
776 1454 297 69 Spectator
1104 1472 296 51 company,
1432 1458 149 48 1931.

166 1533 273 50 530 p. 24 ᶜᵐ.
101 1600 51 53 ©
183 1604 109 41 Dec.
324 1605 39 46 5,
394 1603 113 42 1931;
567 1604 66 42 2c.
665 1605 112 41 Dec.
807 1605 58 40 10;
922 1604 81 41 aff.
1034 1605 111 40 Dec.
1178 1605 54 39 11;
1293 1605 41 39 A
1364 1603 144 43 45404;
1572 1606 254 48 Spectator
1858 1616 66 29 co.

95 1726 298 67 Cheyney,
423 1729 209 65 Ralph,
665 1735 170 49 1896-

163 1818 319 54 Dreamers’
512 1820 190 67 house,
729 1820 75 68 by
833 1820 193 69 Ralph
1057 1820 269 69 Cheyney
1356 1820 111 53 and
1499 1819 178 54 Lucia
1707 1821 207 66 Trent;
1949 1820 135 52 with

93 1914 71 34 an
192 1895 388 54 introduction
608 1896 76 70 by
711 1897 184 54 Glenn
927 1897 178 54 Ward
1136 1897 308 54 Dresbach.
1510 1895 271 71 Chicago,
1811 1898 68 52 R.
92 1893 1973 138 Packard

224 1976 45 50 &
295 1992 297 51 company,
623 1977 152 50 1931.

159 2052 619 52 4 p. l., 7-58 p., 1 l. 23½ᶜᵐ.
162 2123 184 44 Poems.

162 2179 165 42 “First
356 2180 229 42 edition.”

97 2247 52 52 ©
176 2251 116 41 Nov.
321 2253 71 47 25,
419 2252 114 41 1931;
589 2253 65 42 2c.
683 2254 95 40 and
806 2254 82 41 aff.
918 2255 111 42 Dec.
1058 2256 24 40 7;
1140 2255 40 39 A
1207 2255 144 41 46177;
1411 2255 182 41 Robert
1621 2257 223 40 Packard
1873 2258 36 38 &
1938 2267 67 30 co.

174 2306 279 52 (31-34681)

92 2417 178 64 Cody,
301 2418 339 55 Alexander
666 2420 54 56 J.

159 2506 223 55 Vessels
407 2507 65 53 of
495 2507 266 71 election;
789 2527 250 38 sermons
1066 2529 72 35 on
1164 2512 96 52 the
1285 2510 349 71 priesthood,
1658 2513 75 69 by
1757 2513 330 55 Alexander

90 2582 1995 78 J. Cody … [San Francisco] Press of Gilmartin company,
91 2663 149 51 1931.

157 2740 248 49 60 p. 20½ ᶜᵐ.
95 2807 51 52 ©
181 2811 118 44 Nov.
333 2812 39 44 2.
408 2812 114 43 1931;
585 2814 66 44 2c.
687 2816 115 41 Nov.
839 2816 83 48 27;
959 2816 82 44 aff.
1076 2818 118 41 Nov.
1230 2818 83 49 24;
1351 2818 40 41 A
1425 2818 173 49 46045;
1634 2820 53 41 A.
1725 2820 42 41 J.
1806 2819 145 50 Cody,
1991 2821 96 41 San

161 2869 273 43 Francisco.
506 2872 279 50 (31-34423)

90 2977 281 66 Colligan,
403 2980 242 66 Eugene
676 2982 72 56 A.

150 3065 1933 82 A nation’s progress, by Eugene A. Colligan … and Maxwell
85 3141 1724 83 F. Littwin … New York, W. H. Sadlier, inc. [ ᶜ19 31]
155 3223 60 46 vi,
253 3226 97 46 280,
388 3229 152 39 xxxiv
575 3240 43 38 p.
684 3232 87 40 col.
807 3231 162 50 front.,
1009 3232 140 49 illus.,
1188 3235 85 40 col.
1310 3239 138 45 port.,
1488 3247 148 38 maps.
1702 3238 56 41 19½ᶜᵐ.

155 3294 293 44 “Reference
476 3298 253 49 readings”
761 3304 51 39 at
842 3304 91 39 end
964 3304 52 40 of
1044 3315 143 39 every
1218 3306 201 49 chapter
1446 3308 87 40 but
1564 3318 101 31 one.

90 3361 54 52 ©
172 3366 118 41 Nov.
320 3369 41 47 1,
389 3368 142 48 1931;
561 3369 67 43 2c.
659 3373 98 38 and
785 3372 81 41 aff.
897 3374 113 41 Dec.
1037 3374 28 41 9;
1124 3376 42 38 A
1193 3376 173 47 46229;
1398 3377 123 41 Wm.
1551 3379 61 38 H.
1646 3378 204 43 Sadlier,
1881 3380 91 40 inc.

168 3421 279 53 (31-34609)

85 3530 208 65 Crane,
318 3531 256 56 William
601 3536 132 64 lier,
763 3543 324 55 1866-1924,
1115 3544 83 52 ed.

154 3606 264 71 Reading
454 3608 92 55 for
581 3613 411 70 appreciation,
1027 3636 75 34 an
1136 3617 390 56 introduction
1561 3627 59 47 to
1657 3622 296 53 literature
1989 3620 94 53 for

82 3681 193 67 junior
298 3685 140 68 high
462 3689 236 68 schools,
719 3690 73 70 by
814 3691 261 56 William
1101 3695 118 53 Her
1246 3696 185 55 Crane
1456 3698 112 53 and
1592 3698 261 54 William
1881 3699 202 69 Henry

82 3760 275 54 Wheeler.
422 3762 271 72 Chicago,
717 3768 112 67 Ill.,
854 3769 266 55 Wheeler
1143 3772 339 71 publishing
1507 3793 299 51 company,
1837 3779 150 50 1931.

151 3839 462 51 384 p. illus. 20 ᶜᵐ.
89 3906 52 52 ©
166 3910 113 50 Apr.
306 3914 69 47 14,
402 3914 113 41 1931;
571 3915 65 44 2c.
665 3922 95 38 and
787 3921 79 43 aff.
897 3922 101 41 Oct.
1027 3925 56 39 17;
1138 3925 41 40 A
1204 3927 143 41 43318;
1405 3927 70 41 W.
1505 3929 61 43 H,
1595 3929 236 48 Wheeler,
1861 3930 223 49 Chicago.

166 3966 278 53 (31-34667)
