2505 4370
1279 4050 103 50 480

324 481 82 40 ton
449 479 172 41 herald
662 479 228 47 traveler,
935 479 344 49 Philadelphia
1325 479 171 42 Public
1539 481 178 49 ledger,
1761 481 180 41 United
1987 481 168 43 States
2199 483 147 48 daily,

327 537 213 49 Chicago
570 536 210 50 tribune,
810 537 195 42 Detroit
1035 537 106 41 free
1172 548 138 39 press
1338 539 96 40 and
1468 538 311 41 Automotive
1812 541 133 47 daily
1976 540 370 43 news.”—Prof.

331 607 52 52 ©
418 610 115 49 Apr.
567 608 40 53 9,
642 608 115 42 1930;
820 609 68 42 2c.
924 611 123 39 Mar.
1081 609 70 49 10,
1186 609 142 48 1931;
1367 610 82 41 aff.
1486 611 122 41 Mar.
1644 612 83 46 13;
1765 611 40 40 A
1839 610 173 49 35280;
2050 612 131 41 True
2217 614 134 47 story

398 668 269 48 magazine.
739 667 253 49 (31-8103)

324 762 251 64 Tyrrell,
605 762 229 64 George
860 762 246 65 Walter,
1138 767 174 50 1883-

394 839 1953 73 Volcanoes, by G. W. Tyrrell … London, T. Buttenvorth,
322 920 105 53 ltd.
464 922 173 66 [1931]

396 1000 1954 51 252 p. illus. 17½ ᶜᵐ. (Half-title: The Home university library of
324 1059 201 40 modern
554 1058 298 48 knowledge,
917 1068 88 39 [no.
1035 1056 130 51 152])

394 1116 381 48 Bibliography:
809 1126 44 38 p.
882 1114 223 42 245-248.

330 1185 2021 52 © 1c. Mar. 24, 1931; A ad int. 14878; pubd. Mar. 12; Henry Holt & co.,
397 1246 108 48 inc.,
539 1246 119 40 New
692 1245 146 39 York.
910 1243 253 50 (31-9535)

323 1341 225 66 Walsh,
578 1340 190 54 Marie
796 1340 65 55 T.

392 1418 158 54 “The
587 1417 239 55 mission
862 1416 64 55 of
963 1417 96 54 the
1098 1416 247 70 passes”,
1386 1415 182 57 Santa
1607 1417 163 69 Inès;
1813 1436 74 35 an
1927 1418 266 55 intimate
320 1419 2000 132 historical
551 1496 175 70 study

751 1495 253 70 relating
1026 1500 60 49 to
1112 1495 95 54 the
1235 1494 293 71 founding
1555 1497 113 52 and
1696 1495 340 70 subsequent
2066 1497 282 54 existence

320 1574 65 55 of
414 1575 117 54 this
564 1574 189 70 lovely
787 1574 98 53 old
917 1574 256 68 mission,
1205 1574 78 69 by
1316 1574 188 53 Marie
1537 1575 66 52 T.
1638 1574 220 54 Walsh.
1929 1575 113 54 Los
2077 1574 270 71 Angeles,

321 1653 144 70 Cal.,
498 1654 123 52 The
654 1652 433 53 Times-mirror
1120 1670 178 52 press,
1335 1655 151 50 1930.

391 1735 87 40 122
506 1745 43 39 p.
610 1735 173 48 plates,
812 1736 167 48 ports.,
1008 1735 130 48 plan,
1169 1734 219 41 facsims.
1418 1735 14 48 (incl.
1583 1734 179 48 music)
1831 1733 150 44 20½ᶜᵐ.

394 1792 96 40 “Of
521 1793 101 41 this
654 1792 123 41 book
811 1793 137 40 there
983 1793 124 39 have
1142 1791 120 41 been
1297 1791 196 49 printed
1557 1790 101 49 1,000
1691 1792 162 48 copies
1887 1790 53 42 of
1974 1792 160 40 which
2170 1792 101 42 this
2305 1793 43 41 is

319 1859 77 33 no.
430 1848 131 41 142.”

327 1904 52 52 ©
415 1909 123 39 Mar.
573 1907 71 48 20,
679 1906 108 41 1931;
857 1908 67 40 2c.
960 1908 96 39 and
1092 1906 82 41 aff.
1211 1907 121 40 Mar.
1369 1907 56 40 27;
1490 1906 40 40 A
1563 1906 146 41 36145;
1775 1907 181 49 Joseph
1993 1907 227 48 Fenelon,
2256 1907 95 40 Los

395 1966 223 48 Angeles.
690 1964 252 49 (31-8390)

322 2061 200 65 Ward,
553 2060 271 66 Wilbert,
857 2066 172 50 1888-

322 2136 1999 134 Bank credits and acceptances, by Wilbert Ward … a revision of
685 2215 311 54 American
1051 2215 362 54 commercial
1467 2215 227 53 credits.
1786 2215 141 53 New
1983 2214 183 68 York,
2221 2217 123 52 The

319 2294 968 70 Ronald press company [ ᶜ1 931]
388 2373 954 52 xii, 283 p. incl. diagrs., forms. 20½ ᶜᵐ.
325 2430 52 52 ©
410 2435 125 41 Mar.
565 2433 71 49 24,
667 2433 114 41 1931;
842 2433 68 42 2c.
943 2435 123 40 Mar.
1098 2434 59 40 28;
1215 2433 83 41 aff.
1331 2434 125 41 Mar.
1487 2433 56 41 27;
1605 2434 39 39 A
1676 2433 149 41 35480;
1885 2433 191 41 Ronald
2108 2443 137 39 press
2278 2444 68 32 co.

413 2487 643 54 [ © revision] (31-8506)
318 2587 298 65 Wensley,
650 2586 321 54 Frederick
1001 2585 232 65 Porter,
1270 2591 171 50 1865-

387 2662 295 53 Detective
727 2663 169 67 days;
945 2662 98 53 the
1089 2662 199 54 record
1337 2661 64 53 of
1450 2661 299 71 forty-two
1796 2662 180 68 years’
2023 2661 211 54 service
2282 2662 59 52 in

315 2741 94 53 the
457 2740 283 56 Criminal
785 2739 410 70 investigation
1239 2739 379 69 department,
1663 2741 74 68 by
1784 2740 311 54 Frederick
2140 2741 203 52 Porter

315 2818 2003 134 Wensley … with an introduction by George Dilnot; eight halftone
484 2898 198 68 plates.
756 2897 242 54 London
1060 2903 120 64 [etc.]
1227 2897 216 55 Cassell
1481 2900 45 50 &
1565 2916 298 50 company,
1901 2898 104 54 ltd.
2053 2902 175 67 [1931]

457 2981 1031 53 xv, 301, [1] p. front., plates, ports. 22 ᶜᵐ.
325 3033 2017 114 © 1c. Apr. 3, 1931; A ad int. 14909; pubd. Feb. 5; F. P. Wensley, London. (31-9718)
319 3192 395 67 Wentworth,
746 3192 283 56 Patricia.

391 3269 277 71 Beggar’s
721 3269 191 54 choice
968 3270 51 67 [by]
1135 3268 258 54 Patricia
1444 3269 379 54 Wentworth.
1911 3269 431 69 Philadelphia,

319 3349 261 68 London,
608 3349 57 54 J.
697 3349 65 52 B.
792 3347 341 69 Lippincott
1161 3366 300 52 company,
1493 3351 150 49 1931.

389 3432 88 41 312
506 3442 43 38 p.
640 3431 27 42 19½ᶜᵐ.

326 3487 52 52 ©
410 3491 112 40 Jan.
553 3490 69 46 14,
654 3489 113 40 3931;
828 3491 68 37 2c.
928 3490 95 38 and
1056 3488 82 40 aff.
1171 3488 115 48 Apr.
1318 3489 54 46 3;
1406 3488 39 39 A
1477 3488 172 48 36252;
1684 3489 44 41 J.
1761 3489 56 40 B.
1849 3488 279 50 Lippincott
2161 3502 68 27 co.
404 3546 253 50 (31-8412)

321 3641 185 66 West,
538 3642 257 52 Edward
826 3639 310 57 Sackville.

393 3717 1944 71 Simpson, a life: by Edward Sackville West … London,
319 3798 89 54 W.
439 3796 366 55 Heinemann
831 3797 104 55 ltd.
973 3801 172 64 [1931]

391 3878 27 40 5
448 3889 43 38 p.
558 3910 9 17 l.,
598 3879 146 41 3-384
775 3890 41 37 p.
879 3878 58 41 19½ᶜᵐ.

325 3932 2013 53 © 1c. Apr. 1, 1931; A ad int. 14903; pubd. Feb. 2; F. S. West, London.
403 3993 253 51 (31-9619)
