2505 4370
1277 4053 102 50 436

319 475 2024 71 by T. D. Crawford, reporter … v. 6. Supplement. St.
320 555 195 71 Louis,
543 555 135 70 Mo.,
707 554 251 55 Thomas
986 556 111 53 law
1126 554 150 55 book
1303 573 299 52 company,
1636 558 151 50 1931.

394 636 602 50 2 p. l., 1585 p. 26 ᶜᵐ .
327 704 52 53 ©
410 709 116 48 Apr.
557 708 70 49 15,
657 707 115 41 1931;
832 708 69 41 2c.
932 709 97 39 and
1059 707 81 41 aff.
1173 708 114 49 Apr.
1319 707 58 41 20;
1436 708 42 39 A
1507 707 145 42 36654;
1713 708 52 41 T.
1798 708 58 40 D.
1889 708 273 48 Crawford,
2196 708 149 41 Little

396 765 149 50 Rock,
575 766 116 41 Ark.

322 860 256 65 Crozier,
609 860 243 65 Joseph.

454 937 1891 70 … In the enemy’s country; translated from the French by
320 1016 234 55 Forrest
581 1015 240 55 Wilson.
885 1015 140 56 New
1058 1015 180 70 York,
1269 1016 71 52 A.
1373 1016 70 53 A.
1475 1015 226 72 Knopf,
1732 1018 152 50 1931.

460 1098 1215 50 xv p., 3 l., 3-235 p., 1 l. front. (port.) 21½ ᶜᵐ .
393 1157 65 41 At
490 1158 126 39 head
648 1156 53 41 of
732 1156 136 41 title:
905 1156 183 48 Joseph
1121 1156 198 41 Crozier
1360 1155 320 50 (Lieutenant
1713 1155 169 41 Pierre
1914 1158 310 47 Desgranges
2321 1157 14 48 …)

396 1214 148 41 “This
587 1214 124 41 book
751 1214 91 40 has
884 1214 120 40 been
1045 1213 201 41 written
1288 1214 63 47 by
1393 1213 296 41 Lieutenant
1730 1214 169 40 Pierre
1940 1214 311 49 Desgranges
2293 1214 50 40 in

323 1270 355 43 collaboration
706 1270 121 41 with
855 1270 296 41 Lieutenant
1178 1270 223 48 Marquis
1429 1272 59 39 de
1514 1270 262 42 Belleval.”

329 1340 53 53 ©
414 1346 125 39 Mar.
569 1343 69 50 13,
671 1342 114 42 1931;
846 1344 69 40 2c.
948 1344 96 40 and
1076 1342 82 41 aff.
1192 1344 123 39 Mar.
1348 1342 56 41 16;
1465 1342 41 40 A
1537 1342 147 42 34867;
1745 1342 173 42 Alfred
1950 1343 56 42 A.
2040 1342 182 49 Knopf,
2255 1342 92 42 inc.

408 1401 255 50 (31-7536)

322 1497 354 64 Daughters
703 1496 65 54 of
797 1496 104 53 the
934 1495 359 56 Cincinnati.

392 1572 1889 70 Truths and traditions of the Daughters of the Cincinnati …
321 1654 142 54 New
503 1652 181 71 York,
723 1652 159 55 Priv.
924 1651 197 72 print.,
1161 1653 124 53 The
1324 1651 467 54 Knickerbocker
1830 1671 176 52 press,
2047 1656 153 50 1931.

323 1735 2003 106 2 p. l. , iii-viii, 104 p. front., illus., plates, ports., facsims. (part double) 24½ᶜᵐ.
395 1850 264 41 Foreword
691 1850 170 49 signed
889 1850 63 48 by
981 1849 136 41 Julia
1150 1849 155 41 Finch
1336 1849 204 49 Gilbert,
1571 1849 251 49 president
1852 1849 52 42 of
1935 1851 83 40 the
2052 1850 207 48 Society.

396 1907 352 49 Autographed
774 1907 62 49 by
862 1907 84 41 the
974 1906 246 49 compiler.

329 1975 52 53 ©
409 1979 114 42 Feb.
550 1980 69 48 14,
647 1978 115 42 1931;
817 1978 67 42 2c.
913 1980 96 39 and
1036 1979 81 40 aff.
1147 1979 111 40 Feb.
1289 1979 55 40 17;
1400 1978 41 40 A
1467 1978 145 41 34382;
1669 1978 44 42 J.
1742 1979 52 42 F.
1824 1979 203 49 Gilbert,
2054 1979 119 42 New
2201 1979 145 41 York.

407 2036 255 50 (31-7843)

321 2132 149 64 Dell,
499 2132 179 53 Ethel
704 2133 160 63 May.

393 2213 123 52 The
542 2213 218 53 eternal
789 2213 161 52 loser.
1034 2211 366 68 [Instalment
1429 2214 49 65 3]

406 2292 84 48 (In
521 2290 88 52 My
640 2289 147 44 home
817 2289 280 53 magazine,
1130 2290 135 52 May,
1301 2289 145 51 1931)

330 2361 2015 54 © 1c. Apr. 28, 1931; A ad int. 35007; pubd. Apr. 10; Ethel Mary Savage,
397 2423 321 47 Winchester,
753 2423 238 48 England.

322 2516 217 66 Diesel,
572 2519 228 64 Eugen,
834 2523 171 50 1889-

397 2595 296 70 Germany
723 2597 115 52 and
869 2595 98 54 the
998 2595 300 68 Germans,
1330 2596 76 69 by
1439 2596 203 70 Eugen
1675 2595 212 69 Diesel,
1918 2596 322 54 translated
2272 2593 76 71 by

324 2673 2023 71 W. D. Robson-Scott. New York, The Macmillan company,
324 2757 154 51 1931.

397 2836 854 52 ix, 306 p. illus. (maps) 22 ᶜᵐ .
329 2906 1815 53 © Mar. 24, 1931; 2c. and aff. Mar. 25; A 36090; Macmillan co.
407 2967 254 50 (31-7944)

322 3064 205 65 Doyle,
555 3064 150 54 Jean
732 3063 233 66 Leckie,
994 3065 152 71 lady.

395 3142 190 71 Spirit
612 3163 281 50 messages
925 3144 153 53 from
1104 3164 98 50 my
1231 3145 281 68 husband,
1541 3145 75 68 by
1644 3144 167 70 Lady
1842 3144 199 54 Conan
2070 3144 203 69 Doyle.

405 3223 84 48 (In
520 3221 203 44 London
757 3222 205 51 Sunday
994 3221 245 53 dispatch,
1274 3221 113 45 Jan.
1422 3223 71 50 18,
1529 3222 145 50 1931)

329 3292 2014 53 © 1c. Mar. 17, 1931; A ad int. 14841; pubd. Jan. 18; J. L. Doyle,
398 3354 351 49 Windlesham,
784 3354 375 49 Crowborough,
1196 3353 195 50 Sussex,
1426 3355 238 48 England.

321 3448 239 67 Finger,
593 3449 247 55 Charles
869 3450 241 65 Joseph,
1144 3451 174 55 1871-

390 3528 339 54 Adventure
755 3529 184 53 under
964 3528 276 70 sapphire
1268 3528 165 71 skies,
1460 3529 75 67 by
1565 3528 239 57 Charles
1832 3530 55 54 J.
1919 3528 247 69 Finger;
2197 3527 136 54 with

319 3605 257 55 sketches
621 3606 167 53 made
833 3625 66 36 en
945 3612 162 48 route
1150 3607 77 70 by
1272 3607 187 54 Helen
1506 3606 233 70 Finger.
1833 3608 139 52 New
2021 3607 181 65 York,
2245 3607 90 54 W.

318 3684 255 54 Morrow
600 3688 46 50 &
675 3702 298 53 company,
1005 3689 152 50 1931.

393 3765 1281 51 viii p., 2 l., 3-293 p. illus. (incl. maps) 19 ᶜᵐ .
392 3821 75 41 An
501 3826 206 38 account
742 3824 52 41 of
828 3825 84 40 the
946 3824 220 41 author’s
1200 3824 298 40 automobile
1533 3823 99 50 trip
1665 3824 127 39 from
1830 3824 82 40 the
1948 3823 187 41 Ozarks
2171 3825 49 38 to
2254 3824 84 40 the

317 3876 167 43 Grand
516 3890 201 37 canyon,
749 3881 97 40 and
876 3880 127 41 from
1036 3881 234 40 southern
1302 3878 239 43 Colorado
1573 3882 50 38 to
1655 3880 82 40 the
1769 3879 108 49 gulf
1907 3879 53 41 of
1990 3878 203 43 Mexico.

327 3932 52 53 ©
411 3936 112 41 Jan.
554 3936 69 49 19,
656 3937 141 47 1931;
831 3937 67 42 2c.
932 3940 94 39 and
1059 3938 82 41 aff.
1175 3939 122 40 Mar.
1331 3938 82 47 21;
1448 3938 41 39 A
1520 3937 172 48 35338;
1729 3937 48 42 C.
1813 3938 43 40 J.
1891 3938 191 48 Finger,

393 3937 1930 106 Fayetteville,
552 3996 115 40 Ark.
739 3996 253 49 (31-7840)
