2428 4370
1283 4069 133 51 1650

331 414 319 67 Campbell,
683 415 234 52 Morton
952 412 265 67 Carlisle,
1251 414 170 55 1876-

325 489 1990 150 Cases on suretyship, by Morton Carlisle Campbell … Cambridge, The editor, 1931.
400 653 409 49 viii, 534 p. 24 ᶜᵐ.
401 709 240 41 “Articles
679 709 212 48 relating
927 710 50 39 to
1014 708 310 49 suretyship”;
1392 720 43 37 p.
1473 708 205 42 vii-viii.

337 764 51 52 ©
421 769 120 45 Aug.
574 767 68 47 18,
676 767 112 40 1931;
850 766 66 41 2c.
951 768 96 38 and
1079 766 82 41 aff.
1195 766 103 41 Oct.
1332 764 54 41 19;
1448 767 41 38 A
1521 765 145 40 44242;
1731 767 63 39 M.
1827 766 48 40 C.
1911 766 262 47 Campbell,

405 766 1919 107 Cambridge.
621 826 147 39 Mass.
839 822 282 49 (31-30313)

331 904 261 65 Chenoy,
623 904 178 56 Léon.

461 979 1772 71 … Ut majeur. Paris, Librairie Valois; [etc., etc., 1931]
400 1061 1820 51 2 p. l., [9]-356 p., 1 l. 18½ᶜᵐ. (On cover; Collection “Les Belges'')
339 1118 1985 101 © Mar. 14, 1931; 1c. July 16; A—Foreign 12459; Société française d’édition
539 1182 47 38 et
615 1181 57 38 de
699 1178 235 47 librairie,
964 1178 155 39 Paris.
1191 1176 283 51 (31-29700)

335 1261 341 54 Commerce
711 1259 264 65 clearing
1008 1259 205 56 house.

405 1336 204 56 Stocks
637 1339 113 52 and
776 1337 182 54 bonds
986 1337 110 52 law
1124 1336 212 54 service
1376 1335 290 70 (Cowan’s
1693 1337 240 52 Manual
1963 1336 66 54 of
2055 1337 288 53 securities

334 1412 2012 72 laws) … Chicago, New York [etc.] Commerce clearing house,
336 1492 1982 149 inc., Loose-leaf service division of the Corporation trust company, ᶜ19 30.
401 1652 219 43 2 v. 25 ᶜᵐ.
405 1711 287 41 Loose-leaf.

341 1766 51 52 ©
424 1770 120 48 Aug.
576 1771 38 39 1.
647 1769 277 49 1930-Sept.
957 1771 70 47 14,
1058 1768 113 43 1931;
1234 1770 66 39 2c.
1332 1770 118 41 each
1483 1769 104 42 Oct.
1619 1770 54 39 12;
1736 1771 82 40 aff.
1853 1771 102 41 Oct.
1988 1771 54 39 14;
2102 1772 41 38 A
2174 1769 144 43 43223;

408 1828 276 41 Commerce
712 1827 216 49 clearing
953 1828 164 48 house,
1146 1827 88 41 inc.
1312 1827 281 48 (31-30492)

339 1908 2010 71 The cyclopedia of medicine; George Morris Piersol … editor-
406 1985 1942 70 in-chief and Edward L. Bortz … assistant editor … amply
408 2067 327 55 illustrated
776 2066 139 53 with
955 2071 123 49 cuts
1118 2069 114 52 and
1271 2067 289 69 full-page
1598 2067 168 54 black
1805 2069 113 52 and
1957 2067 153 54 color
2151 2068 197 68 plates,

413 2144 1640 71 v. 1, 2. Philadelphia, F. A. Davis company [ ᶜ19 31 ]
409 2226 1127 49 2 v. illus., plates (part col.) diagrs. 27 ᶜᵐ.
406 2282 135 41 With
580 2282 423 42 editor-in-chief’s
1042 2283 292 48 autograph.

409 2339 205 41 Charles
653 2339 53 41 E.
746 2341 56 39 de
840 2339 64 42 M.
946 2338 193 48 Sajous,
1178 2339 211 41 founder
1425 2340 98 40 and
1562 2339 109 41 first
1708 2339 161 41 editor
1908 2340 53 39 of
2000 2340 81 40 the
2122 2339 228 47 Analytic

339 2396 277 48 cyclopedia
643 2396 54 40 of
718 2395 236 50 practical
980 2396 251 47 medicine,
1260 2407 60 30 on
1348 2396 160 41 which
1534 2397 82 40 the
1645 2395 293 42 foundation
1966 2396 54 40 of
2046 2397 82 40 the
2154 2399 195 45 present

339 2454 131 40 work
501 2454 41 40 is
572 2453 115 41 laid.
750 2455 60 46 cf.
841 2453 132 41 Pref.

408 2509 228 42 Includes
668 2509 394 49 bibliographies.

345 2564 51 52 ©
435 2569 128 49 Sept.
596 2569 69 43 29,
701 2567 140 48 1931;
878 2569 67 41 2c.
980 2568 119 40 each
1134 2568 101 41 Oct.
1270 2570 51 45 7;
1360 2568 109 42 affs.
1505 2569 102 40 Oct.
1644 2569 26 40 8;
1733 2570 41 38 A
1806 2569 159 48 43122,
2000 2569 171 47 43123;
2210 2571 52 38 F.
2297 2570 52 37 A.

415 2626 153 40 Davis
604 2637 66 29 co.
743 2625 281 50 (31-30296)

341 2705 344 66 Dickinson,
722 2707 223 53 Robert
982 2706 213 65 Latou,
1236 2711 171 50 1861-

340 2782 1987 149 … A thousand marriages; a medical study of sex adjustment,
544 2862 76 70 by
651 2862 213 54 Robert
900 2863 187 52 Latou
1122 2861 319 55 Dickinson
1477 2863 114 53 and
1627 2864 152 51 Lura
1818 2864 207 66 Beam;
2066 2862 284 54 foreword

340 2941 74 69 by
441 2940 301 54 Havelock
773 2941 163 53 Ellis.
1005 2941 337 69 Baltimore,
1371 2941 122 54 The
1523 2941 292 55 Williams
1845 2943 47 52 &
1920 2941 253 54 Wilkins
342 2960 1984 127 company,
545 3022 148 50 1931.

513 3132 9 15 xxv,
562 3100 86 41 482
686 3110 42 38 p.
790 3100 142 45 illus.,
975 3101 180 48 diagrs.
1216 3101 147 41 23½ᶜᵐ.
1435 3100 231 49 (Medical
1710 3103 191 46 aspects
1940 3100 55 41 of
2036 3101 179 40 human
343 3101 1993 101 fertility;
529 3158 151 40 series
711 3157 159 41 issued

895 3157 63 48 by
982 3158 83 41 the
1092 3156 234 43 National
1353 3158 276 41 committee
1656 3169 61 30 on
1744 3157 240 42 maternal
2016 3157 182 42 health,
2227 3159 116 46 inc.)

348 3211 51 52 ©
430 3216 102 40 Oct.
564 3217 68 45 13,
664 3216 110 40 1931;
835 3217 67 40 2c.
936 3218 93 38 and
1062 3216 83 42 aff.
1177 3216 103 41 Oct.
1312 3217 55 39 16;
1427 3216 41 39 A
1497 3216 172 47 44218;
1703 3217 244 40 Williams
1979 3217 36 40 &
2046 3216 209 41 Wilkins
2287 3226 66 31 co.

428 3273 282 45 (31-30490)

344 3354 281 65 Douglas,
661 3355 217 54 Claude
913 3355 221 57 Cicero.

409 3430 457 55 Overstatement
896 3433 58 52 in
985 3432 95 53 the
1109 3432 136 53 New
1276 3432 344 67 Testament,
1650 3432 72 69 by
1756 3430 217 57 Claude
2003 3431 61 56 C.
2097 3432 256 67 Douglas

399 3507 1354 74 … New York, H. Holt and company [ ᶜ19 31 ]
410 3601 111 38 xxv,
549 3593 85 40 252
661 3602 44 38 p.
765 3592 145 42 19½ᶜᵐ.

350 3644 51 52 ©
429 3649 102 41 Oct.
558 3649 40 46 6,
624 3648 113 41 1931;
793 3649 67 41 2c.
888 3650 101 40 Oct.
1017 3650 54 39 10;
1128 3649 82 41 aff.
1239 3650 101 40 Oct.
1369 3650 55 40 12;
1481 3652 40 37 A
1546 3649 143 41 44051;
1749 3651 168 47 Henry
1945 3651 118 40 Holt
2091 3650 36 40 &
2154 3660 82 36 co.,
2264 3649 88 39 inc.

428 3705 280 48 (31-30410)

347 3785 265 66 Duncan,
647 3789 273 64 Rudolph
956 3790 65 55 L.

413 3861 186 56 Radio
642 3864 337 72 telegraphy
1023 3867 113 53 and
1179 3866 335 69 telephony;
1561 3887 28 34 a
1635 3868 275 67 complete
1952 3865 267 56 textbook
2261 3865 92 53 for

341 3939 1950 76 students of wireless communication, by Rudolph L. Duncan …
