2505 4370
1021 3968 135 56 1171

186 426 716 49 2 p. l., ix-x, 11-288 p. 19½ ᶜᵐ.
123 493 1987 54 © 1c. July 29, 1931; A ad int. 15343; pubd. June 4; C. Brooks, Chiswick,
190 555 234 47 England.
496 554 279 50 (31-20848)

117 648 322 65 Chapman,
471 650 206 63 Henry
705 648 214 66 Smith,
952 650 171 55 1871-

188 743 120 52 The
349 747 157 64 story
548 743 62 52 of
651 760 102 35 our
793 744 156 67 early
990 745 301 64 ancestors,
1330 743 75 68 by
1444 743 204 69 Henry
1690 742 188 55 Smith

116 743 1995 146 Chapman … under the editorship of James Sullivan … Boston,
115 898 137 51 New
281 897 162 52 York
477 902 136 62 [ete.]
648 896 317 68 Houghton
993 895 203 53 Mifflin
1225 915 281 52 company
1540 900 191 64 [ᶜ1931]

185 976 1341 49 viii p., 1 l., 244 p. front., illus. (incl. maps) 19½ᶜᵐ.
186 1048 389 48 Bibliographies
602 1050 51 37 at
681 1049 90 39 end
799 1048 50 40 of
876 1049 124 39 most
1028 1048 51 40 of
1106 1048 82 40 the
1216 1049 240 47 chapters.

118 1114 50 52 ©
203 1119 115 47 July
351 1119 70 46 17,
455 1117 139 48 1931;
628 1118 65 40 2c.
730 1119 115 46 July
878 1118 82 45 27;
997 1119 82 40 aff.
1114 1120 115 46 July
1262 1118 82 47 25;
1381 1119 42 38 A
1455 1118 171 48 40519;
1664 1120 60 38 H.
1763 1119 44 40 S.
1845 1120 263 48 Chapman,

185 1175 314 48 Winchester,
530 1176 145 40 Mass.
756 1171 50 52 [©
834 1187 105 29 new
966 1175 241 49 material]
1284 1175 279 51 (31-20212)

112 1269 219 66 Childs,
361 1270 199 53 Frank
590 1269 152 66 Hall,
775 1276 170 49 1859-

176 1361 207 54 Where
420 1361 113 51 and
568 1361 128 51 how
729 1367 59 46 to
823 1359 119 53 find
977 1361 95 51 the
1107 1361 138 66 law;
1285 1379 31 33 a
1352 1360 172 69 guide
1556 1365 60 48 to
1648 1361 96 51 the
1779 1378 97 35 use
1912 1360 64 53 of
2009 1361 96 53 the

106 1436 1873 71 law library, by Frank Hall Childs … Chicago, La Salle
107 1457 1973 111 extension
353 1514 335 70 university,
719 1518 150 49 1931.

177 1597 713 49 vi, 119 p. fold. form. 20 ᶜᵐ.
114 1666 50 53 ©
198 1671 116 48 July
344 1671 40 47 3,
418 1669 139 48 1931;
592 1669 65 39 2c.
692 1670 115 47 July
839 1669 82 47 30;
956 1668 81 41 aff.
1072 1669 114 48 July
1219 1668 83 48 29;
1336 1669 41 39 A
1409 1668 170 49 39776;
1616 1669 204 42 LaSalle
1853 1670 254 41 extension

182 1728 129 41 univ.
381 1727 279 49 (31-20313)

113 1823 306 68 [Clemens,
450 1821 238 55 Samuel
716 1821 373 69 Langhorne]
1128 1826 326 50 1835-1910.

175 1900 120 51 The
330 1899 339 52 adventures
703 1897 65 53 of
801 1899 143 50 Tom
981 1896 259 69 Sawyer;
1281 1917 31 33 a
1348 1899 276 67 complete
1658 1899 216 53 edition
1908 1899 65 53 of
2006 1902 96 53 the

105 1976 223 53 famous
366 1980 176 64 story,
579 1975 326 52 illustrated
940 1975 77 68 by
1056 1974 249 54 Corinne
1343 1975 210 69 Ringel
1590 1976 220 70 Bailey.
1883 1977 221 69 Akron,

105 2051 1850 72 O., New York, The Saalfield publishing company [ ᶜ19 31]
175 2134 1755 52 5 p. l., 15-312, [1] p. front., illus. 19 ᶜᵐ. [Every child’s library]
112 2204 50 52 ©
191 2208 118 47 Aug.
337 2208 38 43 1,
403 2205 141 43 1931;
573 2207 67 40 2c.
667 2206 118 48 Aug.
814 2206 52 47 8;
896 2205 80 40 aff.
1005 2205 120 48 Aug.
1153 2208 25 38 7;
1233 2206 44 39 A
1302 2205 170 49 39929;
1507 2206 229 42 Saalfield
1764 2208 108 48 pub.
1902 2220 67 29 co.
2050 2206 51 52 [©

178 2265 343 48 illustrations]
598 2263 278 49 (31-20404)

106 2359 237 65 Corliss,
376 2359 223 54 Aliéné.

170 2435 202 68 Marry
412 2434 93 52 for
544 2433 142 68 love,
725 2434 76 68 by
839 2433 203 53 Aliéné
1085 2433 231 54 Corliss.
1391 2433 139 54 New
1572 2434 179 72 York,
1791 2436 217 52 Farrar
2047 2438 52 51 &

100 2511 942 68 Rinehart incorporated [ ᶜ19 31]
170 2594 477 49 3 p. l., 3-291 p. 19½ᶜᵐ.
110 2663 50 52 ©
187 2667 118 47 Aug.
334 2667 39 47 6,
399 2666 113 40 1931;
568 2667 67 38 2c.
662 2665 118 46 Aug.
808 2665 25 39 6;
890 2664 81 40 aff.
1000 2664 117 48 Aug.
1147 2665 26 39 7;
1228 2664 44 39 A
1295 2664 171 48 39898;
1496 2664 54 42 A.
1579 2665 195 50 Corliss,
1807 2665 67 43 St.
1902 2667 198 49 Albans,

177 2725 74 39 Vt.
326 2723 280 48 (31-20745)

105 2819 250 65 Courau,
384 2817 241 55 Robert.

173 2898 80 51 Le
293 2904 208 61 patron
540 2903 52 45 et
632 2916 100 34 son
774 2895 227 68 équipe;
1045 2896 365 68 psychologie
1450 2897 77 52 du
1567 2898 140 51 haut
103 2898 1971 129 commandement

307 2976 95 52 des
454 2974 356 67 enterprises,
860 2992 105 49 par
1016 2973 212 53 Robert
1283 2973 241 54 Courau.
1600 2974 184 69 Paris,
1836 2971 264 57 Éditions

103 3052 533 69 Berger-Levrault,
671 3053 148 51 1930.

175 3133 25 39 1
260 3166 8 8 v.

104 3198 1991 60 © June 15, 1930; 1c. Aug. 29; A— Foreign 8818; Éditions Berger-
174 3266 245 39 Levrault.

102 3358 194 65 Craig,
329 3359 253 53 Edward
610 3358 303 65 Marshall,
946 3361 327 68 1867-1918,
1302 3360 83 52 ed.

171 3438 321 69 Highways
524 3439 111 51 and
667 3438 232 68 byways
932 3438 62 51 of
1023 3436 393 69 Appalachia;
1453 3457 30 33 a
1515 3438 172 69 study
1717 3438 64 52 of
1812 3438 96 52 the
1939 3436 159 53 work

103 3516 64 51 of
194 3517 95 51 the
321 3515 195 69 Synod
547 3514 63 52 of
638 3515 362 67 Appalachia
1030 3515 64 52 of
1119 3516 95 52 the
1243 3515 406 69 Presbyterian
1677 3515 210 52 church
1915 3515 58 52 in
2000 3514 95 53 the

101 3592 1969 131 United States … compiled and edited by Rev. Edward Marshall
285 3668 1690 71 Craig … [Kingsport, Tenn., Kingsport press] 1927.
163 3746 1779 50 3 p. 1. ix-x, 183 p. illus. (incl. ports.) fold. mounted map. 20 ᶜᵐ.
106 3816 50 52 ©
192 3820 112 47 Apr.
341 3821 67 45 14,
443 3819 114 40 1927;
620 3820 66 39 2c.
723 3820 126 39 June
883 3820 51 42 8;
973 3819 81 41 aff.
1091 3820 127 39 June
1251 3820 55 39 17;
1371 3819 42 40 A
1445 3818 170 48 39148;
1657 3818 160 48 Synod
1853 3818 51 40 of
173 3819 1900 105 Appalachia,
379 3876 198 47 Bristol,
608 3877 147 40 Tenn.
830 3875 278 48 (31-20218)
