2505 4370
1017 4031 104 54 367

82 402 297 55 Southern
404 407 255 64 reporter
683 401 200 70 digest.
964 404 132 50 1930
1121 400 346 54 cumulative
1491 401 211 53 annual
1727 400 203 69 pocket
1955 405 133 64 part

152 477 1910 154 … v . 29, 30 … St. Paul, Minn., West publishing company [ ᶜ1 931]
154 640 26 40 5
218 652 42 29 v.
323 640 116 40 25ᶜᵐ.

156 697 153 40 These
345 696 272 48 pamphlets
655 706 82 29 are
776 697 47 37 to
860 696 56 39 be
953 694 137 41 fitted
1128 694 102 41 into
1269 694 83 41 the
1388 693 147 42 backs
1572 693 54 42 of
1662 695 83 40 the
1780 695 216 40 volumes
2035 695 51 40 of

85 755 80 39 the
195 757 73 37 set
298 756 48 38 to
377 752 156 40 which
566 752 113 47 they
710 752 184 47 belong.

87 807 53 52 ©
171 811 110 41 Feb.
311 811 69 48 21,
412 808 140 47 1931;
585 808 67 40 2c.
684 809 117 40 each
832 809 114 47 Apr.
978 809 80 45 13;
1093 807 108 41 affs.
1232 808 115 47 Apr.
1379 806 83 48 15;
1495 807 43 39 A
1567 806 349 47 35805-35809;
1951 808 135 41 West

154 868 108 47 pub.
302 878 67 29 co.

81 957 188 54 South
319 965 238 48 western
608 967 270 60 reporter.
959 958 217 55 Second
1225 958 186 53 series.
1488 958 169 54 Cases
1709 960 214 67 argued
1974 959 112 52 and

153 1038 350 53 determined
546 1038 60 52 in
648 1038 96 52 the
789 1037 273 68 Supreme
1105 1042 188 48 courts
1336 1036 63 52 of
1441 1035 313 70 Arkansas,
1797 1036 291 67 Missouri,

153 1118 328 66 Tennessee,
516 1117 112 51 and
665 1115 210 66 Texas;
918 1115 206 54 Courts
1161 1114 63 52 of
1261 1115 233 67 appeals
1532 1114 63 52 of
1630 1113 307 70 Kentucky
1974 1114 112 52 and

153 1194 300 66 Missouri;
500 1193 206 54 Courts
748 1194 63 51 of
853 1192 133 54 civil
1030 1194 111 51 and
1183 1192 264 53 criminal
1488 1192 234 68 appeals
1765 1193 113 52 and
152 1191 1912 134 Commission
421 1271 63 52 of
518 1272 233 67 appeals
787 1272 64 52 of
886 1272 201 67 Texas,
1122 1270 139 52 with
1297 1270 372 69 key-number
1705 1269 380 54 annotations,

154 1368 49 32 v.
241 1353 64 48 33
355 1348 128 69 (2d)
531 1348 262 69 January
829 1348 401 70 20-February
1273 1351 79 64 10,
1393 1351 149 48 1931.
1617 1348 346 53 Permanent
2000 1349 86 52 ed.

155 1426 81 55 St.
267 1427 166 68 Paul,
460 1427 159 53 West
648 1426 335 69 publishing
1010 1445 97 48 co.,
1140 1429 149 49 1931.

152 1507 115 47 xvii,
302 1506 116 41 1207
451 1518 43 37 p.
554 1506 116 42 26ᶜᵐ.

87 1560 53 52 ©
166 1564 121 41 Mar.
313 1562 69 50 21,
408 1562 142 48 1931;
578 1562 68 42 2c.
672 1563 113 48 Apr.
812 1564 82 46 17;
923 1563 81 40 aff.
1032 1563 114 48 Apr.
1172 1562 82 47 18;
1283 1562 41 40 A
1350 1562 171 47 36587;
1553 1563 134 41 West
1715 1562 108 49 pub.
1851 1573 68 31 co.

82 1672 312 66 Stoddard,
425 1671 302 55 Theodore
757 1671 281 66 Lothrop,
1074 1676 168 51 1883-

147 1750 217 53 Master
385 1749 65 54 of
472 1749 364 68 Manhattan,
859 1750 93 52 the
975 1748 106 54 life
1102 1748 64 54 of
1190 1749 254 53 Richard
1471 1748 233 68 Croker,
1726 1748 75 70 by
1825 1750 257 68 Lothrop

82 1825 2002 70 Stoddard … New York, Toronto, Longmans, Green and co.,
82 1905 150 51 1931.

149 1983 80 47 vii,
258 1983 86 40 279
375 1993 44 38 p.
478 1983 172 48 plates,
682 1987 150 45 ports,
860 1983 132 50 (incl.
1025 1983 175 49 front.)
1379 2018 8 8 22ᶜᵐ.

151 2039 162 41 “First
344 2038 228 42 edition.”

150 2094 376 49 Bibliography:
560 2104 42 39 p.
634 2094 218 42 271-276.

87 2148 51 52 ©
167 2153 124 40 Mar.
320 2153 67 48 11,
419 2151 140 49 1931;
590 2153 68 40 2c.
689 2154 121 40 Mar.
840 2153 81 47 14;
954 2153 82 40 aff.
1068 2154 121 40 Mar.
1220 2154 83 46 13;
1336 2153 40 40 A
1404 2154 172 47 34840;
1611 2155 286 49 Longmans,
1931 2156 155 39 Green

191 2208 422 49 & co. (31-6849)
80 2289 304 65 Strickler,
415 2291 201 63 Harry
645 2290 210 65 Miller,
888 2310 178 51 comp.

149 2366 188 52 Tenth
383 2367 191 69 legion
619 2367 270 53 tithables
948 2367 428 70 (Rockingham
1423 2367 276 69 division)
80 2369 1979 126 Rockingham

259 2448 227 64 county,
531 2443 271 69 Virginia
848 2444 271 54 tithables
1166 2444 96 53 for
1310 2444 162 69 1792;
1524 2464 31 34 a
1603 2446 98 53 list
1747 2445 64 54 of
1860 2447 78 52 all
1988 2448 93 51 the

81 2519 170 53 white
285 2521 175 52 males
496 2521 174 53 above
709 2524 65 49 16
807 2539 163 51 years
1005 2520 65 54 of
1106 2540 101 51 age
1245 2522 62 52 in
1342 2523 97 52 the
1474 2528 210 64 county
1721 2524 113 52 and
1873 2524 77 52 all
1987 2525 94 52 the

79 2597 181 53 slaves
287 2597 175 53 above
492 2600 63 49 12
582 2598 61 52 in
669 2598 95 53 the
794 2604 210 63 county
1030 2599 60 52 in
1120 2598 152 55 1792.
1338 2599 300 69 Compiled
1668 2600 75 68 by
1772 2601 199 69 Harry
2001 2602 79 52 M.

81 2671 1398 73 Strickler … Luray, Va., The author, 1930.
147 2754 55 39 77
234 2763 42 38 p.
337 2755 230 40 mounted
598 2754 117 42 fold.
745 2765 124 38 map.
928 2754 148 44 25½ᶜᵐ.

86 2807 51 53 ©
165 2812 119 42 Nov.
311 2811 68 50 20,
409 2811 140 48 1930;
580 2811 66 43 2c.
675 2812 95 41 and
799 2813 82 43 aff.
909 2813 118 42 Nov.
1056 2813 80 49 22;
1168 2814 41 40 A
1236 2814 172 49 30751;
1440 2815 62 43 H.
1532 2816 62 42 M.
1627 2815 248 51 Strickler,
1907 2817 176 49 Luray.

153 2869 85 41 Va.
309 2868 251 49 (31-6852)

79 2948 268 65 Swayne,
378 2952 139 53 Mrs.
553 2949 301 56 Christine
894 2950 382 66 (Siebeneck)
1319 2954 171 53 1874-

154 3024 1928 76 Green life; a country book, by Christine Swayne … New
83 3103 179 68 York,
288 3104 260 67 London,
576 3103 68 56 G.
674 3105 64 52 P.
768 3106 298 53 Putnam’s
1092 3124 148 50 sons,
1270 3110 152 50 1931.

151 3186 573 48 3 p. l., 314 p. 21½ᶜᵐ.
156 3242 162 41 “First
346 3242 226 43 edition.”

86 3296 51 52 ©
171 3300 111 40 Feb.
314 3299 69 48 27,
419 3299 140 48 1931;
593 3299 68 43 2c.
695 3303 122 39 Mar.
848 3303 54 46 4;
938 3302 82 42 aff.
1056 3304 119 39 Mar.
1211 3304 25 39 5;
1300 3304 40 39 A
1373 3304 171 47 35133;
1583 3305 49 42 C.
1669 3305 217 48 Swayne,
152 3305 1910 99 Philadelphia.
431 3357 248 48 (31-6972)

79 3436 286 64 Thorson,
399 3437 145 53 Ivan
579 3437 72 56 A.

148 3512 315 54 Essentials
506 3515 63 53 of
612 3515 325 56 California
979 3518 116 52 real
1138 3522 194 63 estate,
1372 3519 128 68 law,
1543 3520 327 69 principles,
78 3540 1971 119 practice;

248 3591 1763 73 a guide for owners and brokers, by Ivan A. Thorson …
75 3667 1650 76 Los Angeles, Calif., Realty research bureau [ ᶜ1 929 ]
147 3748 664 50 1 p. l., [5]-256 p. 20½ᶜᵐ.
148 3804 290 41 “Published
474 3805 290 50 September,
796 3807 141 49 1929;
973 3808 260 50 reprinted,
1270 3810 218 49 October,
1520 3812 156 40 1929.”

147 3859 375 50 Bibliography:
554 3873 43 37 p.
632 3862 247 51 [229]-231.

81 3912 51 52 ©
160 3915 126 50 Sept.
313 3917 68 49 15,
406 3917 141 49 1929;
575 3918 66 42 2c.
668 3919 110 42 Feb.
802 3920 69 49 24,
898 3920 139 49 1931;
1066 3922 40 39 A
1131 3923 172 47 34841;
1332 3925 37 40 I.
1396 3924 54 43 A.
1477 3925 232 49 Thorson,
1737 3926 91 41 Los
1856 3927 217 48 Angeles.

157 3972 250 53 (31-6997)
