2505 4370
1064 3975 104 55 287

118 347 271 64 Taussig,
423 345 314 54 Frederick
769 345 239 64 Joseph,
1042 346 170 53 1872-

187 417 1930 73 Diseases of the vulva, by Frederick Joseph Taussig … with
117 521 103 34 one
251 501 259 52 hundred
544 501 111 51 and
687 501 190 51 eleven
909 497 397 54 illustrations.
1376 497 137 51 New
1547 496 179 66 York,
1756 496 258 66 London,
2046 496 71 52 D.

119 580 287 67 Appleton
445 578 112 52 and
590 595 299 51 company,
924 580 150 49 1931.

187 653 1933 53 xiii, 254 p. col. front., illus. 25 ᶜᵐ. (Gynecological and obstetrical
119 716 334 46 monographs,
567 746 9 8 vol.
714 715 13 46 XIII)

186 770 336 41 “Literature”
549 772 52 38 at
627 771 89 39 end
747 770 52 39 of
826 770 126 39 most
978 768 52 41 of
1055 769 82 40 the
1165 768 242 47 chapters.

125 825 51 52 ©
220 830 108 38 Feb.
371 829 57 39 27,
484 827 139 46 1931;
666 828 67 39 2c.
775 828 94 38 and
912 826 81 40 aff.
1038 826 119 39 Mar.
1200 826 54 46 3;
1298 824 41 39 A
1380 824 171 47 35054;
1596 824 58 42 D.
1696 824 239 49 Appleton
1978 824 36 41 &
2055 834 68 31 co.

195 882 68 53 [©
298 896 103 29 new
436 886 193 47 matter]
702 882 249 49 (31-5958)

117 981 259 63 Thieme,
406 979 223 64 Ulrich,
660 981 82 53 ed.

187 1059 386 68 Allgemeines
609 1057 229 53 lexikon
876 1060 97 50 der
1010 1057 304 52 bildenden
1352 1056 257 52 künstler
1648 1075 108 33 von
1795 1057 99 51 der
1933 1056 191 52 antike

119 1134 2004 71 bis zur gegen wart … hrsg. von Hans Vollmer. 24. bd.
120 1213 479 54 Mandere-Möhl.
676 1212 255 69 Leipzig.
967 1213 64 51 E.
1066 1212 68 52 A.
1172 1212 296 54 Seemann.
1504 1215 148 48 1930.

192 1294 475 49 2 p, l., 608 p. 27 ᶜᵐ.
125 1348 53 52 ©
220 1352 128 48 Sept.
386 1351 70 42 25,
495 1350 116 41 1930;
707 1362 36 29 1c.
784 1352 111 39 Dec.
935 1350 29 40 9;
1031 1350 38 38 A
1071 1348 269 49 —Foreign
1381 1347 144 41 10405;
1595 1349 53 40 E.
1688 1348 55 41 A.
1786 1347 251 42 Seemann.

122 1463 218 62 Upson,
369 1461 255 55 William
656 1461 258 62 Hazlett,
950 1466 123 49 1891-

191 1539 393 52 Earthworms
632 1538 56 52 in
741 1538 258 67 Europe;
1050 1537 328 53 Alexander
1428 1537 165 52 Botts
1642 1535 191 54 makes
1884 1536 96 53 the
2026 1536 96 54 old

123 1613 1998 70 world tractor-conscious, by William Hazlett Upson … New
123 1693 176 68 York,
330 1694 215 52 Farrar
576 1695 45 50 &
651 1691 299 68 Rinehart,
982 1691 419 68 incorporated,
1436 1694 148 50 1931.

187 1773 478 49 4 p. l.. 3-300 p. 19½ ᶜᵐ.
127 1828 51 52 ©
208 1833 120 40 Mar.
356 1832 25 39 5,
423 1831 112 41 1931;
592 1832 65 39 2c.
687 1832 121 39 Mar.
836 1832 25 40 7;
917 1831 82 40 aff.
1028 1832 119 38 Mar.
1178 1830 51 46 6;
1261 1831 38 38 A
1326 1829 172 48 34690;
1528 1831 71 40 W.
1628 1831 61 39 H.
1718 1831 179 48 Upson,
196 1830 1913 107 Middlebury,

363 1889 76 40 Vt.
510 1887 250 49 (31-6075)

120 1984 257 64 Vachell,
410 1985 228 52 Horace
670 1984 318 63 Annesley.

190 2063 79 52 At
304 2064 93 51 the
432 2063 126 67 sign
591 2063 63 53 of
687 2062 92 52 the
815 2063 145 67 grid.
1038 2063 106 51 Mr.
1182 2062 235 52 Luker’s
1451 2061 467 68 thank-offering.

226 2144 59 38 (In
318 2139 231 44 Windsor
584 2139 276 52 magazine,
895 2140 130 50 Feb.,
1063 2139 143 50 1931)

127 2195 1999 53 © 1c. Mar. 24, 1931; A ad int. 14875; pubd. Jan. 26; H. A. Vachell,
195 2257 143 48 Bath,
367 2257 236 48 England.

126 2335 205 69 [Volpi,
363 2336 210 69 Maria]
612 2342 170 50 1895-

251 2413 1868 69 … Mary-Mariù-Maria, romanzo. Milano, Sonzogno [1930]
190 2496 276 49 383 p. 18½ ᶜᵐ.
191 2551 232 42 Author’s
448 2554 181 47 pseud.,
655 2554 156 46 Mura,
838 2555 51 38 at
915 2554 123 40 head
1065 2554 51 39 of
1141 2553 124 41 title.

127 2607 1940 51 © Aug. 30, 1930; 1c. Dec. 31; A—Foreign 10066; M. Volpi, Milan.
206 2666 250 50 (31-6159)

126 2747 214 67 [Ward,
370 2747 233 54 Arthur
632 2747 298 67 Sarsfield]
967 2754 167 48 1883-

189 2824 1871 71 Daughter of Fu Manchu [by] Sax Rohmer [pseud.] …
120 2901 231 56 Garden
381 2902 154 70 City,
567 2903 69 53 N.
669 2904 90 66 Y.,
789 2904 358 68 Doubleday,
1176 2904 199 52 Doran
1407 2906 43 50 &
1481 2921 298 50 company,
1812 2903 124 66 inc.,
1972 2907 147 49 1931.

187 2982 576 52 4 p. l., [3]-316 p. 20ᶜᵐ.
190 3039 161 40 “First
381 3040 199 39 edition.”

129 3092 50 52 ©
211 3098 121 40 Mar.
361 3097 39 45 6,
430 3096 140 46 1931;
602 3097 67 41 2c.
699 3099 94 38 and
824 3098 81 40 aff.
938 3099 120 39 Mar.
1088 3096 27 41 9;
1174 3098 39 39 A
1242 3098 173 46 34687;
1447 3098 300 48 Doubleday,
1778 3098 166 41 Doran
1976 3100 36 41 &
2042 3110 82 36 co.,

194 3152 91 42 inc.
356 3153 251 49 (31-6074)

122 3232 288 65 Webster,
444 3234 190 63 Noah,
671 3238 323 53 1758-1843.

251 3310 1868 71 … Webster’s practical dictionary, self pronouncing, based
121 3404 151 49 upon
313 3387 95 52 the
450 3388 247 68 original
742 3389 342 53 foundation
1128 3391 116 54 laid
1289 3390 73 67 by
1406 3391 159 51 Noah
1611 3390 276 67 Webster,
2001 3432 9 8 LL.
2094 3432 28 10 D..

119 3464 110 52 and
275 3465 162 52 other
477 3467 169 52 noted
690 3468 486 67 lexicographers;
1223 3468 184 67 newly
1450 3468 279 67 compiled
1774 3468 113 52 and
1931 3473 187 62 up-to-

119 3541 130 53 date
291 3542 57 51 in
388 3544 341 53 accordance
770 3544 138 53 with
948 3546 95 52 the
1084 3546 167 52 latest
1289 3545 276 53 decisions
1605 3545 65 53 of
1708 3546 96 52 the
1846 3545 272 54 foremost

120 3620 241 67 English
407 3622 114 52 and
564 3622 306 52 American
913 3622 357 67 authorities,
1315 3623 137 52 with
1498 3623 285 53 extensive
1829 3623 289 53 additions

118 3702 56 46 to
205 3696 97 53 the
328 3699 229 66 general
588 3699 361 69 vocabulary,
979 3700 300 69 including
1308 3701 95 52 the
1432 3706 206 47 newest
1672 3701 183 54 words
1888 3700 58 53 in
118 3720 1975 106 popular

272 3792 95 35 use
398 3776 113 52 and
542 3776 333 70 containing
905 3796 30 33 a
966 3778 184 68 newly
1180 3778 279 67 compiled
1495 3778 289 67 appendix
1815 3778 182 53 which
117 3779 1973 126 includes

342 3870 174 52 many
554 3871 170 51 pages
764 3854 64 53 of
865 3854 188 53 useful
1093 3854 146 54 facts
1280 3855 109 53 and
1429 3855 395 68 information,
1864 3857 92 52 the
1995 3875 115 35 new
