2505 4370
1274 4069 100 56 972

322 412 2025 70 New copy; a book of stories and sketches selected … from the
395 489 391 70 unpublished
823 490 161 53 work
1020 490 65 52 of
1121 491 260 53 students
1419 491 63 52 in
1517 490 100 54 the
1653 507 223 37 courses
1913 491 62 53 in
2012 489 241 71 writing
2289 495 60 48 at

391 569 1927 151 Columbia university … 1931. New York, Columbia university press, 1931.
395 728 545 51 xiii, 227 p., 1 l. 19½ᶜᵐ.
326 797 53 53 ©
414 803 117 47 Apr.
567 801 70 49 20,
674 800 114 42 1931;
855 801 67 41 2c.
960 802 116 48 Apr.
1111 801 58 41 30;
1234 801 84 41 aff.
1356 802 114 49 Apr.
1507 801 57 40 22;
1631 802 42 39 A
1707 801 145 41 36877;
1921 801 255 41 Columbia
2213 802 131 41 univ.

394 870 152 39 press.
618 859 283 49 (31-11624)

319 955 150 54 New
498 954 183 54 York.
756 953 426 66 Metropolitan
1212 969 276 39 museum
1517 953 65 54 of
1612 956 116 53 art.

450 1030 1890 67 … Loan exhibition of ceramic art of the Near East, New
318 1107 1821 72 York, May 12 to June 28, MCMXXXI. [New York, ᶜ1 931]
387 1190 153 51 xxvii,
570 1191 72 50 45,
680 1192 55 51 [1]
768 1203 59 38 p.,
860 1194 29 39 2
941 1224 9 8 l.
1009 1192 173 47 plates.
1242 1191 59 41 22ᶜᵐ.

385 1264 67 40 At
478 1262 127 43 head
630 1264 53 41 of
707 1263 110 42 title:
874 1264 101 40 The
1003 1263 350 49 Metropolitan
1384 1274 218 31 museum
1631 1264 53 40 of
1711 1267 92 38 art.

387 1320 97 41 “Of
510 1320 101 41 this
638 1321 256 48 catalogue
919 1320 132 48 1,000
1079 1320 160 49 copies
1269 1332 127 31 were
1423 1320 210 49 printed,
1663 1322 129 48 May,
1822 1320 159 42 1931.”

387 1375 133 43 “The
545 1374 271 44 exhibition
845 1376 102 43 will
976 1377 169 41 enable
1172 1378 227 41 students
1426 1379 96 39 and
1550 1379 82 40 the
1660 1378 193 48 general
1883 1377 161 49 public
2072 1381 50 38 to
2151 1380 191 40 become

348 1432 1993 53 p etter acquainted with the ceramic art of Persia, Syria, Mesopotamia,
312 1488 120 42 Asia
454 1488 175 50 Minor,
654 1493 96 39 and
773 1491 158 50 Egypt
953 1490 178 50 during
1150 1493 86 39 the
1261 1491 199 40 Islamic
1483 1491 181 49 period,
1688 1493 97 39 and
1810 1491 120 42 with
1953 1493 189 40 several
2164 1492 177 42 earlier

316 1549 224 46 examples
606 1548 306 49 illustrating
950 1549 83 40 the
1069 1550 140 46 types
1248 1548 129 40 from
1417 1548 159 41 which
1617 1548 375 41 Mohammedan
2029 1552 197 48 pottery
315 1550 2009 103 developed.”—Introd.,
858 1604 168 49 signed
1056 1604 222 41 Maurice
1313 1605 45 41 S.
1393 1604 225 42 Dimand.

323 1672 53 54 ©
401 1678 116 48 May
539 1677 71 49 11,
635 1675 114 43 1931;
804 1676 67 42 2c.
898 1676 128 41 June
1048 1676 28 40 4;
1131 1675 83 42 aff.
1240 1676 129 41 June
1393 1678 25 40 3;
1475 1676 42 40 A
1542 1676 146 42 37661;
1744 1677 352 50 Metropolitan
2122 1687 222 31 museum

391 1736 53 40 of
471 1740 93 45 art,
592 1737 119 40 New
737 1736 147 40 York.
958 1734 283 49 (31-15392)

315 1832 335 66 Pierhome,
680 1831 208 57 Henri.

455 1908 1892 84 … La vie des bandits Bellacoscia. Paris, Les Éditions de
317 1999 443 70 France, ᶜ1 931.
386 2075 611 51 2 p. l. , 257 p., 1 l. 19 ᶜᵐ.
386 2133 288 43 Cover-title:
738 2133 71 41 La
842 2133 79 41 vie
956 2135 65 39 du
1056 2133 173 41 bandit
1263 2133 318 41 Bellacoscia.

322 2205 2018 53 © Mar. 27, 1931; 1c. May 1; A—Foreign 11974; Henri Pierangeli, Bastia
401 2268 198 49 (Corse)
642 2267 202 40 France.
915 2265 283 48 (31-15002)

316 2361 242 66 Planck,
586 2362 142 53 Max
755 2360 148 54 Karl
930 2361 188 53 Ernst
1145 2357 270 67 Ludwig,
1445 2363 172 51 1858-

382 2439 123 53 The
543 2437 263 56 universe
844 2438 62 53 in
943 2437 96 53 the
1077 2435 153 71 light
1269 2435 64 56 of
1371 2436 236 52 modern
1647 2433 248 72 physics,
1933 2431 76 72 by
2050 2433 105 54 Dr.
2196 2432 140 54 Max

313 2509 2021 75 Planck … translated by W. H. Johnston, B. A. London, G.
312 2595 175 54 Allen
513 2597 46 51 &
588 2595 234 67 Unwin,
850 2593 103 53 ltd.
993 2595 175 69 [1931]

385 2674 709 53 2 p. l. , [7]-110 p., 1 l. 19 ᶜᵐ.
386 2734 133 40 “The
550 2734 199 48 present
784 2732 137 41 work
954 2732 41 42 is
1030 2743 29 29 a
1093 2731 300 41 translation
1429 2731 52 41 of
1513 2734 98 37 two
1645 2730 164 49 books,
1845 2731 115 40 ‘Das
1996 2729 220 41 weltbild
2252 2730 87 40 der

313 2802 160 31 neuen
508 2790 192 50 physik’
738 2792 97 39 and
874 2788 388 49 ‘Physikalische
1297 2788 369 48 gesetzlichkeit
1703 2787 67 40 im
1808 2787 150 41 lichte
1996 2797 207 31 neuerer
314 2787 2005 112 forschung’,

564 2847 259 51 published
856 2847 64 50 by
955 2846 110 42 Joh.
1098 2845 57 44 A.
1190 2846 160 41 Barth
1384 2845 50 41 in
1470 2843 209 50 Leipzig.
1745 2845 103 40 The
1882 2847 96 39 two
2015 2843 161 43 works
2211 2845 126 40 have

313 2910 121 40 been
462 2918 92 31 run
579 2907 107 40 into
709 2917 104 37 one,
840 2905 84 42 the
952 2905 176 40 second
1153 2903 117 41 here
1297 2901 330 50 commencing
1654 2912 60 31 on
1743 2912 43 39 p.
1816 2902 96 43 58.”

387 2965 165 42 “First
579 2963 260 51 published
866 2962 51 41 in
946 2961 206 49 English
1182 2959 159 43 1931.”

321 3025 2017 65 © 1c. June 15, 1931; A ad int. 15204; pubd. June 2; W. W. Norton &
390 3109 83 37 co.,
580 3128 24 18 inc.,
628 3098 120 39 New
769 3096 147 40 York.
988 3090 282 52 (31-16393)

315 3193 188 66 Pless,
542 3194 176 63 Mary
753 3190 265 55 Theresa
1057 3188 194 55 Olivia
1297 3182 604 71 (Cornwallis-West)
1944 3183 225 72 fürstin
2202 3195 135 49 von,

391 3273 174 55 1873-

382 3348 177 52 From
592 3364 97 54 my
722 3345 226 68 private
980 3342 185 69 diary,
1199 3342 75 71 by
1308 3340 199 71 Daisy,
1539 3341 252 68 princess
1823 3336 65 57 of
1920 3337 190 66 Pless;
2144 3334 187 54 edited

311 3425 143 52 with
487 3442 73 35 an
591 3421 391 55 introduction
1015 3420 112 55 and
1157 3427 160 47 notes
1346 3419 76 71 by
1453 3417 194 69 Major
1680 3417 290 54 Desmond
2005 3414 326 68 Chapman-

311 3502 259 67 Huston;
627 3501 143 54 with
820 3500 317 68 thirty-one
1187 3497 395 54 illustrations.
1671 3493 257 69 London,
1980 3493 58 55 J.
2089 3492 244 69 Murray

317 3584 174 66 [1931]

488 3659 922 52 xxv, 346 p. front., plates, ports. 22½ ᶜᵐ.
385 3720 165 41 “First
579 3719 225 43 edition.”

384 3777 259 40 American
684 3775 182 42 edition
917 3776 142 48 (New
1099 3774 145 47 York,
1287 3774 51 38 E.
1381 3774 48 39 P.
1473 3772 189 40 Dutton
1700 3771 35 40 &
1777 3780 82 33 co.,
1900 3769 115 49 inc.)
2064 3769 90 40 has
2193 3768 135 41 title:

315 3832 169 41 Better
513 3834 92 41 left
634 3833 188 41 unsaid.

323 3895 2010 116 © 1c. May 18, 1931; A ad int. 15201; pubd. Apr. 16; M. T. O. Cornwallis-West, p rinzessin von Pless, La Napoule, Cannes, A. M. France.
401 4021 283 49 (31-16381)
