2505 4370
1279 4039 99 50 528

395 467 617 41 “Literaturverzeichnis”:
1076 481 42 37 p.
1152 470 220 42 128-137.

330 538 1708 55 © Aug. 1, 1930; 1c. Sept. 17; A— Foreign 9497; C . Heinrich.
407 600 253 49 (31-8626)

323 694 1389 66 Vernadskï ĭ , Georgï ĭ Vladim ï rovich, 1887-
398 772 1948 71 Lenin, red dictator, by George Vernadsky … translated from
325 852 99 52 the
466 851 250 54 Russian
759 852 75 69 by
878 852 272 53 Malcolm
1194 852 232 55 Waters
1468 852 199 55 Davis.
1743 854 141 54 New
1928 854 229 58 Haven,
2203 855 145 54 Yale

327 931 322 69 university
672 948 159 51 press;
886 931 260 68 London,
1170 931 77 54 H.
1274 930 270 69 Milford,
1569 931 232 56 Oxford
1826 932 322 70 university
2174 952 176 49 press,

326 1013 152 50 1931.

394 1092 1150 50 3 p. l., 351 p. front., plates, ports. 21 ᶜᵐ .
398 1150 207 41 “Notes”:
668 1161 44 37 p.
747 1150 251 50 [331]-335.

327 1218 52 52 ©
414 1223 114 47 Apr.
564 1224 25 38 3,
699 1223 54 39 1931;
819 1222 67 41 2c.
922 1223 114 47 Apr.
1072 1224 54 37 11;
1192 1222 83 40 aff.
1311 1223 115 48 Apr.
1463 1222 55 41 10;
1583 1222 41 40 A
1658 1221 146 42 35692;
1870 1223 121 40 Yale
2028 1224 131 39 univ.
2195 1234 150 37 press.

407 1278 253 50 (31-9023)

320 1375 287 63 Voltaire,
637 1375 284 68 François
948 1375 189 53 Marie
1165 1376 230 55 Arouet
1424 1376 88 62 de,
1544 1378 327 53 1694-1778.

453 1453 1890 69 … Voltaire and the enlightenment; selections from Voltaire
316 1532 189 68 newly
537 1532 338 67 translated,
908 1532 140 52 with
1082 1549 72 35 an
1186 1532 413 68 introduction,
1629 1533 75 69 by
1738 1532 258 53 Norman
2026 1534 65 51 L.
2125 1534 219 69 Torrey

461 1610 140 53 New
631 1610 182 68 York,
839 1611 65 50 F.
936 1609 57 56 S.
1023 1610 200 54 Crofts
1250 1613 47 49 &
1323 1628 99 50 co.,
1451 1613 151 51 1931.

388 1695 26 40 3
440 1704 45 40 p.
547 1727 8 16 l.,
584 1694 55 41 97
665 1704 43 39 p.
799 1694 116 40 19½ᶜᵐ.
988 1694 333 49 (Landmarks
1348 1694 49 40 in
1424 1694 204 50 history,
1655 1695 160 42 edited
1844 1696 61 48 by
1932 1697 56 40 B.
2015 1697 54 40 E.
2099 1696 234 50 Schmitt)

324 1763 52 52 ©
410 1768 125 39 Mar.
568 1767 69 48 30,
670 1766 114 42 1931;
846 1767 67 42 2c.
947 1767 114 48 Apr.
1094 1767 25 40 3;
1184 1767 82 41 aff.
1300 1768 114 48 Apr.
1448 1766 26 40 2;
1537 1768 41 39 A
1610 1768 145 41 35581;
1820 1768 51 40 F.
1910 1768 44 42 S.
1991 1768 167 42 Crofts
2193 1771 36 39 &
2262 1783 66 26 co.,

393 1825 91 40 inc.
557 1824 252 49 (31-9120)

321 1920 239 65 Vonier,
592 1921 251 54 Anscar.

323 1997 1999 134 Death and judgement, by Dom Anscar Vonier … introduction
483 2076 1863 71 by the Rt, Rev. Edwin V. O’Hara … New York, The
320 2157 339 52 Macmillan
692 2174 301 51 company,
1027 2159 151 51 1931.

393 2238 1949 50 vii p., 1 l., 85 p. 17½ ᶜᵐ . (Half-title: The treasury of the faith
319 2297 152 40 series:
532 2297 83 49 31)

323 2366 52 52 ©
409 2371 123 40 Mar.
563 2371 70 46 31,
665 2368 115 42 1931;
841 2369 67 41 2c.
942 2370 97 40 and
1071 2369 81 42 aff.
1184 2369 116 48 Apr.
1332 2370 25 38 1;
1420 2369 40 39 A
1492 2369 148 41 36216;
1701 2369 284 41 Macmillan
2018 2380 67 31 co.

401 2426 255 51 (31-9019)

317 2521 277 64 Warden,
629 2522 134 54 Carl
798 2522 174 64 John,
1008 2528 173 49 1890-

386 2599 241 53 Animal
658 2599 373 68 motivation;
1068 2599 416 69 experimental
1517 2599 216 53 studies
1768 2617 72 35 on
1874 2599 95 53 the
2003 2599 195 53 albino
2231 2603 110 63 rat,

317 2676 2023 70 by C. J. Warden … with the collaboration of T. N. Jenkins,
315 2755 233 53 Marion
582 2755 264 68 Jenkins,
932 2799 9 9 L.
976 2756 77 52 H.
1088 2756 267 67 Warner,
1388 2756 68 52 E.
1492 2756 64 52 L.
1593 2754 309 54 Hamilton
1961 2755 113 53 [and]
2133 2755 78 53 H.
2247 2755 90 54 W.

316 2833 223 54 Nissen.
611 2833 140 54 New
785 2833 182 69 York,
1004 2832 303 57 Columbia
1342 2833 321 70 university
1700 2852 174 50 press,
1910 2834 152 52 1931.

387 2915 1287 49 xii, 502 p., 1 l. incl. illus., tables, diagrs. 23 ᶜᵐ .
389 2972 277 47 “Prepared
697 2973 156 40 under
881 2971 83 42 the
995 2973 225 47 auspices
1249 2971 55 41 of
1332 2971 254 42 Columbia
1618 2972 274 47 university
1925 2970 199 42 Council
2158 2971 81 40 for
315 2982 2006 87 research

515 3028 50 40 in
593 3029 82 41 the
705 3028 150 41 social
885 3028 257 42 sciences.”

386 3085 228 41 Includes
644 3085 399 48 bibliographies.

323 3153 52 52 ©
400 3158 124 40 Mar.
547 3158 55 39 31,
642 3157 113 40 1931;
809 3158 66 40 2c.
903 3159 77 38 Mar.
1049 3158 55 39 31;
1159 3157 82 42 aff.
1268 3158 112 47 Apr.
1405 3159 27 39 3;
1486 3157 39 39 A
1550 3156 172 41 36310;
1753 3156 253 42 Columbia
2031 3156 117 41 univ.
2191 3166 148 38 press.

401 3214 253 49 (31-9132)

318 3308 264 64 Wissler,
611 3308 209 55 Willis.

391 3384 189 71 Study
612 3385 64 53 of
709 3392 230 46 content
972 3387 111 51 and
1119 3392 403 63 arrangement
1553 3386 65 53 of
1650 3386 260 68 employe
329 3386 2003 146 magazines—(plant

554 3464 236 69 organs)
832 3464 75 69 by
936 3465 193 53 Willis
1160 3464 256 54 Wissler.
1496 3465 328 70 Columbus,
1855 3466 122 51 The
2008 3465 153 53 Ohio
2193 3470 144 47 slate

320 3541 319 70 university
671 3560 176 50 press,
880 3546 150 49 1930.

319 3625 1997 106 v, 77 p. diagrs. 25½ ᶜᵐ . (On cover: [Ohio stale university, Columbus]
484 3684 197 39 Bureau
711 3683 52 39 of
790 3682 223 41 business
1043 3684 226 40 research
1301 3684 340 48 monographs,
1699 3695 78 29 no.
1800 3683 83 48 15)

392 3739 123 41 Ohio
544 3742 129 38 state
703 3739 273 49 university
1004 3740 201 41 studies.

392 3797 260 48 “Employe
694 3797 280 48 magazines
1016 3797 257 48 published
1316 3797 51 39 in
1408 3797 81 40 the
1534 3796 179 41 United
1755 3796 165 41 States
1965 3796 231 49 [Canada,
2240 3798 96 40 and

320 3852 243 50 Hawaii]”:
622 3864 43 37 p.
694 3854 159 41 57-77.

325 3921 52 52 ©
413 3925 110 40 Jan.
558 3924 68 48 12,
662 3924 140 48 1931;
839 3924 66 41 2c.
942 3926 121 40 Mar.
1099 3929 25 36 6;
1189 3925 82 40 aff.
1308 3925 120 40 Mar.
1464 3925 81 47 23;
1584 3925 41 38 A
1657 3924 172 48 36080;
1870 3924 121 41 Ohio
2027 3927 130 38 state
2193 3923 144 46 univ.,

394 3981 275 47 Columbus,
697 3982 136 42 Ohio.
906 3982 250 46 (31-9115)
