2428 4370
1227 4055 136 51 1936

270 394 243 65 Larkin,
545 396 327 65 Margaret,
907 400 172 51 1899-
1294 412 180 53 comp.

340 473 252 68 Singing
639 473 259 68 cowboy;
948 493 31 34 a
1027 471 147 54 book
1220 472 66 53 of
1332 478 238 47 western
1619 489 186 51 songs,
1852 470 268 55 collected
2169 470 114 55 and

267 550 190 57 edited
490 550 75 71 by
598 550 296 70 Margaret
925 550 250 68 Larkin;
1210 551 284 69 arranged
1529 550 94 53 for
1654 550 97 55 the
1785 549 173 70 piano
1990 549 76 72 by
2097 548 185 55 Helen

267 629 197 54 Black.
533 629 139 56 New
707 628 179 71 York,
915 629 71 52 A.
1017 629 71 53 A.
1122 627 227 71 Knopf,
1381 632 152 51 1931.

338 709 1147 50 3 p. l. , v-xvii, [2], 196 p., 1 l. illus. 26 ᶜᵐ .
342 768 165 41 “First
541 766 230 43 edition.”

342 824 293 49 “Glossary”:
698 835 44 38 p.
774 822 219 43 179-193.

278 895 52 52 ©
357 899 102 41 Oct.
485 899 69 42 23,
581 895 113 44 1931;
750 897 67 41 2c.
846 897 102 41 Oct.
974 897 82 47 28;
1087 895 82 42 aff.
1198 896 103 41 Oct.
1327 896 84 49 27;
1440 897 41 40 A
1506 896 172 49 44660;
1707 897 173 42 Alfred
1907 898 54 40 A.
1988 898 181 49 Knopf,
2197 898 91 42 inc.

357 954 282 52 (31-33749)

272 1065 205 66 Levin,
506 1066 221 63 Harry.

345 1144 122 53 The
513 1143 218 53 broken
779 1143 226 53 column;
1086 1161 31 34 a
1166 1142 174 69 study
1388 1142 63 53 in
1497 1143 283 53 romantic
1828 1143 341 58 Hellenism,
2218 1142 73 69 by

275 1221 202 70 Harry
517 1221 200 53 Levin.
794 1219 369 71 Cambridge,
1201 1220 194 68 Mass.,
1436 1220 278 54 Harvard
1754 1220 323 70 university
2118 1239 176 50 press,

275 1303 151 50 1931.

347 1383 69 49 75,
444 1384 56 49 [1]
527 1393 42 38 p.
630 1381 118 41 20½ᶜᵐ.
818 1382 303 49 (Half-title:
1145 1382 233 41 Harvard
1404 1382 399 48 undergraduate
1827 1391 183 39 essays,
2036 1380 257 51 published

276 1441 50 39 in
355 1440 81 41 the
463 1450 117 38 year
608 1438 114 42 1931
752 1438 128 41 from
908 1450 26 29 a
964 1438 96 49 gift
1089 1439 60 49 by
1177 1439 216 41 Herbert
1417 1439 202 41 Nathan
1650 1439 201 49 Straus)

352 1496 266 42 “Bowdoin
647 1496 134 50 prize
812 1495 187 49 essay.”

281 1564 52 52 ©
364 1568 118 40 Nov.
514 1569 41 47 3,
587 1566 141 48 1931;
761 1567 67 41 2c.
858 1567 121 42 Nov.
1009 1567 56 40 16;
1126 1566 83 43 aff.
1241 1567 119 40 Nov.
1392 1567 83 47 11;
1509 1567 42 39 A
1581 1567 145 40 45023;
1790 1566 257 42 President

2079 1568 98 39 and
347 1567 1929 99 fellows
496 1626 52 40 of
574 1626 232 40 Harvard
834 1625 194 48 college,
1059 1624 304 49 Cambridge,
1393 1626 148 39 Mass.
1614 1624 281 49 (31-33881)

276 1735 182 65 Levy,
488 1734 238 54 Rosalie
754 1734 208 66 Marie,
994 1755 180 51 comp.

342 1811 188 54 Heart
553 1809 150 56 talks
728 1812 140 54 with
894 1811 182 54 Jesus.
1138 1811 226 53 Fourth
1388 1811 184 54 series.
1636 1810 302 69 Compiled
1961 1811 76 69 by
2063 1810 230 56 Rosalie

271 1888 188 54 Marie
495 1888 173 69 Levy.
742 1888 137 54 New
919 1887 181 71 York,
1136 1888 71 56 N.
1245 1888 93 71 Y.,
1373 1887 230 55 Rosalie
1637 1890 80 53 M.
1755 1889 158 70 Levy
1994 1892 153 66 [ᶜ1931]

344 1969 734 52 6 p. l. , 180 p. illus. 13½ ᶜᵐ .
345 2028 150 41 Prose
520 2029 99 40 and
645 2038 149 32 verse.

345 2083 316 50 Advertising
689 2085 179 40 matter:
927 2093 43 38 p.
1002 2083 218 42 176-180.

284 2153 51 53 ©
363 2158 120 40 Nov.
509 2156 70 49 20,
609 2154 113 42 1931;
781 2155 67 42 2c.
876 2155 118 40 Nov.
1022 2154 54 41 23;
1137 2154 82 41 aff.
1249 2154 118 42 Nov.
1396 2154 57 40 24;
1511 2154 41 40 A
1578 2154 144 42 44943;
1785 2157 53 38 R.
1868 2157 62 39 M.
1960 2157 145 48 Levy.

363 2214 282 50 (31-33875)

278 2308 268 64 Lindley,
577 2308 222 53 Ernest
827 2306 244 66 Kidder,
1103 2312 172 50 1899-

350 2385 285 53 Franklin
672 2385 73 53 D.
784 2385 331 67 Roosevelt;
1156 2402 32 35 a
1225 2403 192 35 career
1451 2385 61 53 in
1549 2385 359 69 progressive
1946 2386 352 70 democracy,

278 2462 1995 150 by Ernest K. Lindley. Indianapolis, The Bobbs-Merrill company [ ᶜ193 1 ]
350 2623 758 51 379 p. front. (port.) 23 ᶜᵐ .
353 2682 164 42 “First
554 2680 229 44 edition.”

287 2750 52 52 ©
365 2754 118 40 Nov.
511 2753 70 48 18,
607 2750 114 43 1931;
776 2751 69 43 2c.
868 2752 121 41 Nov.
1014 2750 56 41 21;
1127 2750 82 42 aff.
1236 2752 119 40 Nov.
1383 2750 54 42 23;
1494 2752 43 40 A
1562 2751 150 42 462.19;
1766 2754 52 39 E.
1848 2754 59 41 K.
1935 2754 218 48 Lindley,
2181 2754 119 40 New

359 2811 145 41 York.
576 2809 282 51 (31-28457)

281 2906 252 66 Loucks,
561 2905 257 56 William
847 2905 243 65 Negele.

353 2984 121 53 The
517 2983 389 54 stabilization
949 2982 65 53 of
1055 2983 388 69 employment
1485 2983 61 53 in
1588 2982 413 71 Philadelphia
2045 2984 252 70 through

281 3062 95 53 the
414 3063 342 68 long-range
795 3061 287 69 planning
1118 3059 65 55 of
1218 3060 320 70 municipal
1574 3062 422 68 improvement
2032 3062 269 70 projects,

282 3138 1992 150 by William N. Loucks … Philadelphia, University of Pennsylvania press, 1931.
355 3300 99 48 xix,
484 3299 84 41 341
597 3309 45 38 p.
701 3299 156 41 tables
897 3300 136 49 (part
1060 3299 144 50 fold.)
1244 3299 182 48 diagrs.
1481 3299 150 43 23½ᶜᵐ.
1697 3300 302 50 (Half-title:
2027 3301 272 42 Industrial

287 3358 226 40 research
549 3358 323 46 department.
938 3356 240 41 Wharton
1215 3356 166 41 school
1415 3356 55 41 of
1506 3356 189 43 finance
1734 3358 96 40 and

1869 3366 280 40 commerce,
285 3357 1999 104 University
505 3414 54 40 of
592 3413 376 48 Pennsylvania.
1033 3413 248 42 Research
1317 3413 204 42 studies,
1585 3415 89 50 xv)

355 3470 352 49 Bibliography:
766 3481 42 38 p.
840 3469 219 45 335-336.

291 3539 52 52 ©
373 3544 119 41 Nov.
521 3543 69 49 20,
622 3542 141 49 1931;
794 3543 69 42 2c.
893 3545 97 39 and
1019 3543 84 42 aff.
1132 3544 119 40 Nov.
1281 3544 83 47 30;
1397 3544 42 39 A
1467 3544 174 49 46034;
1674 3544 286 49 University
1991 3544 54 42 of

361 3546 1921 94 Pennsylvania
539 3611 152 38 press.
763 3600 282 49 (31-28512)

287 3693 383 66 McCracken,
701 3696 227 65 Duane,
961 3701 172 50 1894-

357 3770 193 55 Strike
585 3772 350 68 injunctions
971 3775 60 53 in
1067 3775 96 52 the
1197 3792 122 35 new
1356 3774 203 70 South,
1593 3776 76 69 by
1704 3775 203 56 Duane
1943 3773 355 56 McCracken

347 3848 1952 74 … with a foreword by Maurice T. Van Hecke … Chapel Hill,
285 3925 122 53 The
439 3926 340 73 University
812 3929 63 53 of
907 3929 186 53 North
1128 3928 270 57 Carolina
1432 3948 175 53 press,
1643 3933 150 52 1931.
