2505 4370
1279 4050 102 52 490

405 484 148 43 “This
592 487 167 47 report
796 485 42 42 is
875 488 116 47 part
1027 486 53 41 of
1118 497 27 30 a
1186 486 322 43 dissertation
1545 489 259 48 presented
1843 488 81 43 for
1963 490 84 41 the
2085 491 173 48 degree
2298 492 52 40 of

331 544 172 41 doctor
532 543 53 41 of
614 543 290 50 philosophy
935 544 51 41 in
1017 544 121 41 Yale
1169 543 276 52 university
1479 543 177 54 [1929]”

401 601 381 42 “References”:
816 613 44 38 p.
891 601 220 44 419-427.

334 654 52 53 ©
415 660 112 40 Jan.
556 659 39 49 8,
625 658 142 49 1931;
798 659 68 43 2c.
895 660 111 43 Jan.
1033 659 54 50 9;
1119 660 84 41 aff.
1232 662 112 42 Jan.
1372 662 82 47 13;
1486 663 43 39 A
1555 661 173 50 32878;
1761 662 150 42 Clark
1940 663 132 43 univ.

413 716 255 49 (31-8673)

326 798 305 65 McNeely,
662 798 223 65 Sylvia.

395 876 153 69 Diry
582 875 66 54 of
685 875 203 71 Sylvia
922 877 296 70 McNeely.
1296 878 139 54 New
1472 879 182 68 York,
1690 879 274 70 Toronto,
1999 882 347 67 Longmans,

323 952 191 56 Green
543 955 114 53 and
687 973 99 52 co.,
817 958 151 51 1931.

395 1035 1294 52 3 p. l., 121 p. front. (port.) illus., facsim. 19½ᶜᵐ.
395 1091 166 44 “First
594 1091 229 44 edition.”

333 1146 52 53 ©
411 1151 125 41 Mar.
561 1150 68 49 18,
654 1150 115 42 1931;
822 1150 68 43 2c.
918 1152 123 42 Mar.
1065 1150 55 41 21;
1177 1151 83 42 aff.
1288 1153 122 41 Mar.
1435 1152 84 49 20;
1546 1153 41 40 A
1611 1151 174 51 34994;
1813 1154 290 48 Longmans,
2132 1154 155 41 Green
2315 1155 35 41 &

400 1218 69 31 co.
540 1207 254 50 (31-8541)
2137 1208 120 46 3142

323 1289 247 66 Martin,
600 1290 210 65 Henry
836 1290 191 53 Marie
1056 1290 378 66 Radegonde,
1469 1296 173 49 1852-

396 1371 85 52 La
517 1371 347 69 grammaire
903 1372 96 52 des
1036 1372 202 69 styles;
1278 1371 299 54 collection
1613 1372 69 53 de
1719 1372 184 67 precis
1940 1391 96 34 sur
2072 1372 280 54 l’histoire

325 1449 2020 72 de l’art publiée sous la direction de Henry Martin … [v. 15]
322 1527 1845 71 L’art byzantin. Paris, Librairie d’art R. Ducher [ ᶜ1 931]
399 1609 548 51 63, [1] p. illus. 22 ᶜᵐ.
331 1662 1924 55 © Mar. 5, 1931; 1c. Apr. 17; A— Foreign 11659; R. Ducher. 3143
323 1747 272 56 Michie’s
630 1751 189 69 digest
850 1751 65 54 of
949 1750 272 70 Virginia
1257 1752 113 52 and
1401 1751 162 54 West
1598 1749 271 70 Virginia
1904 1756 243 65 reports,
2180 1751 170 69 being

395 1849 32 34 a
463 1831 278 67 complete
774 1830 404 69 encyclopedia
1214 1831 115 52 and
1365 1829 188 69 digest
1587 1829 65 53 of
1686 1830 79 52 all
1797 1830 96 53 the
1927 1829 272 69 Virginia
2235 1830 115 53 and

393 1909 163 53 West
594 1907 272 70 Virginia
905 1927 124 35 case
1065 1910 111 51 law
1215 1926 81 50 up
1334 1913 59 48 to
1434 1909 113 53 and
1585 1907 302 70 including
1923 1909 110 52 vol.
2075 1912 100 49 151
393 1907 1931 149 Virginia
580 1993 224 63 reports

830 1988 113 53 and
971 1989 109 51 vol.
1110 1989 97 51 105
1233 1987 161 53 West
1419 1985 274 70 Virginia
1720 1990 238 65 reports.
2034 1987 143 54 Also
395 1987 1929 132 Federal
549 2084 152 35 cases
736 2066 235 53 decided
1007 2071 282 63 pursuant
1324 2070 58 47 to
1415 2066 95 52 the
1544 2067 110 50 law
1689 2065 64 53 of
1787 2064 270 70 Virginia
2093 2085 64 34 or
2189 2067 160 53 West

394 2143 274 71 Virginia
715 2163 79 49 up
840 2149 60 47 to
948 2145 114 53 and
1108 2143 303 69 including
1457 2145 110 51 vol.
1615 2143 118 53 22F
1791 2143 128 70 (2d)
2005 2144 203 53 Under
2253 2145 96 52 the

398 2222 268 55 editorial
722 2221 360 70 supervision
1137 2222 65 54 of
1255 2221 72 54 A.
1381 2222 256 55 Hewson
1687 2222 232 70 Michie,
1975 2221 238 55 assisted
2266 2222 76 70 by

396 2302 210 53 Beirne
649 2302 296 68 Stedman,
985 2301 71 52 A.
1098 2301 67 53 R.
1208 2301 222 53 Yellott
1472 2302 112 52 and
1625 2301 201 69 Harry
1869 2299 350 70 Casparian;
393 2301 1929 133 indexed
602 2382 76 68 by
705 2381 251 53 Thomas

982 2380 263 55 Johnson
1273 2379 229 54 Michie.
1579 2398 53 34 v.
1662 2383 28 49 9
1737 2379 187 67 [Stare
1951 2379 397 55 decisis-Writ

394 2460 66 53 of
497 2459 178 54 riediti
758 2458 485 59 Charlottesville,
1280 2458 127 62 Va.,
1445 2457 123 54 The
1604 2457 215 55 Michie
1856 2475 301 45 company,
2195 2461 152 51 1931.

399 2491 576 100 2 p. l. 1413 p. 26-.
330 2593 52 53 ©
411 2599 116 48 May
554 2598 39 49 8,
622 2596 115 42 1931;
795 2597 68 42 2c.
891 2599 97 39 and
1016 2596 83 41 aff.
1129 2597 113 48 May
1272 2598 54 38 11;
1385 2597 41 39 A
1453 2596 148 42 38046;
1659 2596 177 42 Michie
1866 2607 69 32 co.

322 2663 396 67 Möllendorff,
747 2663 277 57 Wilhelm
1053 2679 133 49 von,
1216 2665 85 54 ed.

392 2744 332 53 Handbuch
780 2745 101 52 der
932 2743 533 68 mikroskopischen
1521 2742 286 54 anatomie
1861 2744 97 52 des
2013 2742 302 54 ménschen;

322 2825 191 53 bearb.
564 2841 112 36 von
725 2822 70 53 A.
850 2820 393 72 Benninghoiï
1317 2841 52 34 [u.
1421 2841 66 48 a.]
1542 2822 154 69 hrsg.
1748 2839 111 35 von
1908 2819 277 56 Wilhelm
2235 2839 110 36 von

321 2900 2001 151 Möllendorff … 2. bd. Die gewebe. 2. t. Stützgewebe, knochengewebe,
751 2978 1568 71 skeletsystem ,.. Bearb. von H. Petersen [u. a.]
322 3062 220 56 Berlin,
571 3061 56 53 J.
660 3058 301 70 Springer,
993 3061 150 50 1930.

395 3138 1012 53 vii, 699, [1] p. illus. (part col.) 26 ᶜᵐ.
397 3197 236 43 Contains
667 3196 396 49 bibliographies.

329 3251 1842 54 © July 30, 1930; 1c. Oct. 14; A— Foreign 11817; Julius Springer.
320 3321 235 64 Moody,
587 3320 257 55 William
875 3319 278 64 Vaughn,
1190 3323 326 50 1869-1910.

454 3392 1885 71 … Selected poems of William Vaughn Moody, edited by
319 3471 2017 70 Robert Morss Lovett … Boston, New York [etc.] Houghton
316 3551 753 71 Mifflin company [ ᶜ1 931]
391 3633 1743 51 xcii, 243 p. front. (port.) 18½ᶜᵐ. (Riverside college classics)
330 3689 52 52 ©
421 3694 123 43 Mar.
580 3693 69 49 30,
687 3691 111 42 1931;
867 3692 67 40 2c.
973 3693 95 38 and
1106 3691 83 42 aff.
1226 3692 102 47 Apr
1378 3691 27 39 2;
1471 3691 41 40 A
1549 3690 145 42 35572;
1760 3692 268 49 Houghton
2065 3691 169 41 Mifflin
2274 3702 69 30 co.

408 3749 253 50 (31-8586)
2128 3746 119 43 3146

322 3814 266 64 Nathan,
620 3816 243 63 Robert,
896 3820 173 51 1894-

392 3893 122 53 The
553 3894 219 67 orchid,
808 3894 75 68 by
921 3894 217 52 Robert
1172 3892 254 54 Nathan.
1498 3891 423 70 Indianapolis,
1958 3892 123 53 The
320 3891 2013 133 Bobbs-Merrill

577 3972 513 70 company [ ᶜ1 931]
