2505 4370
1001 4025 133 50 1253

84 404 227 64 Fisher,
338 404 209 52 Arista
574 403 271 54 Edward.

153 482 291 68 Marriage
475 481 59 53 in
565 482 146 68 blue,
741 482 74 68 by
846 481 71 52 A.
950 481 66 52 E.
1049 481 218 52 Fisher.
1344 481 138 52 New
1515 481 180 67 York,

80 479 1973 134 Cosmopolitan
207 559 147 54 book
381 558 381 70 corporation,
793 561 149 51 1931.

158 638 1039 51 ix p., 2 l., 3-333 p. illus. (music) 19½ᶜᵐ.
155 697 160 40 “First
344 696 227 41 edition.”

85 764 52 52 ©
174 769 119 48 Aug.
333 768 68 47 14,
440 766 140 48 1931;
620 766 66 41 2c.
725 767 120 48 Aug.
884 767 83 47 17;
1008 765 83 40 aff.
1127 766 120 48 Aug.
1288 766 83 47 15;
1411 766 41 39 A
1489 766 171 43 40771;
1702 766 54 41 A.
1797 768 51 38 E.
1891 766 187 48 Fisher,

157 825 219 48 Slippery
406 825 147 46 Rock,
583 824 83 40 Pa.
737 823 278 48 (31-21314)

81 918 366 64 FitzGerald,
475 920 138 53 Mrs.
643 918 169 53 Irene
849 917 179 66 (Hill)
1064 920 85 53 ed.

150 998 176 53 Prose
358 999 113 51 and
503 1001 201 65 poetry
738 995 95 54 for
864 995 180 69 précis
1079 995 253 69 writing,
1364 996 238 53 selected
1637 996 113 53 and
1782 995 190 54 edited
2003 996 73 68 by

77 1070 1934 68 Irene Hill FitzGerald … and Robert Hugh Mahoney …
79 1151 400 69 Washington,
505 1152 70 52 D.
604 1151 81 68 C.,
710 1151 122 53 The
857 1150 262 56 Catholic
1144 1150 301 54 education
1469 1168 174 51 press,
1672 1153 151 50 1931.

143 1228 103 48 xiii,
281 1228 85 41 184
398 1239 44 38 p.
502 1228 146 41 19½ᶜᵐ.

84 1298 52 52 ©
162 1302 122 48 Aug.
310 1302 40 47 4,
379 1300 115 41 1931;
551 1300 67 42 2c.
647 1302 95 39 and
772 1312 24 29 a
803 1300 49 39 ff.
882 1301 120 48 Aug.
1031 1300 28 41 6;
1114 1300 42 40 A
1183 1300 148 41 40647;
1389 1300 223 41 Catholic
1639 1300 258 41 education
1926 1310 149 39 press.

161 1358 280 49 (31-21565)

78 1453 273 64 Forman,
380 1451 246 65 Ronald,
657 1458 171 49 1903-

148 1528 163 55 Time
348 1536 117 61 out,
500 1529 76 69 by
614 1530 227 61 Ronald
877 1530 266 52 Forman.
1219 1529 142 54 New
1395 1528 181 69 York,
1613 1529 123 53 The
1771 1529 305 68 Macaulay

78 1624 279 52 company
388 1610 195 65 [ᶜ1931]

147 1683 617 56 5 p. l., 9-315 p. 19½ᶜᵐ.
83 1756 1823 53 © Aug. 7, 1931; 2c. Aug. 19; aff. Aug. 15; A 41107; Macaulay co.
160 1817 280 48 (31-21536)

76 1910 420 68 Frankfurter,
525 1911 183 66 Felix,
740 1917 171 50 1882-
1121 1912 84 56 ed.

143 1986 169 55 Cases
343 1988 113 52 and
487 1987 163 53 other
679 1988 336 53 authorities
1046 2007 73 34 on
1150 1987 222 55 federal
1400 1987 369 68 jurisdiction
1798 1988 111 52 and
73 2005 1974 130 procedure,

329 2064 1681 70 edited by Felix Frankfurter and Wilber G. Katz …
74 2140 268 70 Chicago,
374 2141 320 70 Callaghan
723 2143 114 57 and
862 2160 298 51 company,
1189 2145 151 50 1931.

142 2224 1686 50 xix, 769 p. front. (map) 26 ᶜᵐ. (National casebook series)
143 2280 349 49 Bibliography;
551 2291 43 37 p.
624 2281 216 41 742-751.

81 2348 52 52 ©
164 2352 120 48 Aug.
315 2352 71 48 11,
418 2350 113 42 1931;
593 2352 68 42 2c.
693 2352 119 48 Aug.
847 2353 53 39 13;
964 2351 82 41 aff.
1078 2353 118 47 Aug.
1232 2353 56 38 14;
1350 2352 42 40 A
1423 2352 148 41 41006;
1633 2352 269 48 Callaghan
1936 2353 36 40 &
2005 2363 67 31 co.

158 2408 280 49 (31-21530)

75 2502 336 64 Freeport’s
442 2506 238 53 Lincoln;
745 2505 270 55 exercises
1046 2506 301 52 attendant
1376 2524 154 50 upon
1560 2507 95 52 the
1686 2504 296 70 unveiling
2011 2504 62 52 of

147 2601 31 33 a
206 2588 185 48 statue
420 2584 63 52 of
509 2583 297 53 Abraham
834 2583 268 67 Lincoln;
1134 2583 295 68 Freeport,
1457 2583 245 69 Illinois,
1732 2582 229 69 August
1989 2586 83 67 27,

147 2663 151 65 1929,
330 2661 95 52 the
458 2659 382 71 seventy-first
872 2661 371 69 anniversary
1277 2662 64 52 of
1371 2662 96 52 the
1499 2661 278 68 Freeport
1807 2661 263 52 Lincoln-

143 2738 255 68 Douglas
436 2739 215 52 debate.
729 2738 350 69 Containing
1115 2740 291 53 addresses
1442 2739 286 53 delivered
1763 2744 60 48 at
145 2738 1904 147 unveiling,

297 2815 98 55 list
432 2816 64 53 of
533 2815 243 55 exhibits
814 2816 318 70 displayed,
1171 2822 236 47 account
1445 2817 65 52 of
1545 2817 527 69 Lincoln-Douglas

145 2894 216 66 debate,
419 2900 99 46 etc.
597 2893 199 56 Statue
853 2895 271 68 designed
1183 2896 113 52 and
1353 2897 266 51 executed
1676 2895 75 69 by
1809 2896 262 51 Leonard

146 2971 282 68 Crunelle,
475 2972 111 52 and
633 2974 296 65 presented
977 2976 57 49 to
1082 2973 201 66 people
1331 2972 63 52 of
1444 2972 355 68 Stephenson
1845 2979 226 62 county,

144 3049 1927 72 Illinois, by William Thomas Rawleigh … Freeport, Ill.,
142 3127 89 54 W.
260 3128 63 51 T.
354 3126 316 69 Rawleigh,
699 3128 150 51 1930.

147 3205 1861 51 5 p. l., viii, 291 p., 1 l., xi, [8] p. incl. illus., plates, ports, port. 24 ᶜᵐ.
146 3264 226 40 Lettered
401 3274 59 29 on
487 3273 143 30 cover;
688 3263 336 48 Seventy-first
1051 3264 321 48 anniversary
1400 3265 196 40 edition.

147 3320 203 41 Preface
377 3320 167 47 signed;
602 3321 42 40 J.
672 3321 55 40 R.
756 3320 224 48 Jackson,
1009 3320 261 49 president,
1299 3321 437 49 Lincoln-Douglas
1765 3323 194 46 society.

79 3388 52 52 ©
162 3392 111 41 Dec.
302 3391 70 44 29.
403 3390 117 42 1930;
575 3391 68 42 2c.
674 3392 95 40 and
800 3392 82 41 aff.
912 3392 119 47 Aug.
1063 3392 68 49 13,
1163 3392 115 40 1931;
1338 3392 41 39 A
1407 3392 145 41 40734;
1613 3393 71 40 W.
1717 3393 51 38 T.
1802 3392 265 48 Rawleigh.

156 3447 280 51 (31-21359)

73 3542 333 65 Friedman,
440 3544 151 52 Rose
625 3543 358 55 Lovenhart.

204 3620 1864 70 … Spanish, book two, by Rose Lovenhart Friedman … Doris
74 3698 1969 147 King Arjona … and Esther Pérez Carvajal … Chicago, Atlanta [etc.] Scott, Foresman and company [ ᶜ19 31 ]
146 3855 1921 50 xxxi, 544 p. front., illus., maps. 23 ᶜᵐ. (Language, literature, and
74 3905 1944 57 life; a modern foreign language program, Philip Schuyler Allen …
75 3969 238 50 directing
340 3970 184 49 editor)
