2505 4370
1302 4039 136 50 1234

334 371 320 64 Bertrand,
686 372 166 54 Ivan.

473 446 1887 72 … Techniques histologiques de neuropathologie. Préface
339 526 1734 71 du professeur G. Guillain. Paris, Masson et c ⁱᵉ , 1930.
408 612 63 48 vi,
504 612 100 47 375,
642 613 54 48 [1]
730 622 43 37 p.
834 611 86 48 23½
923 614 45 21 ᶜᵐ
974 645 8 8 .

342 665 2017 53 © Oct. 25, 1930; 1c. July 21, 1931; A— Foreign 12599; Masson & cie.
422 725 283 50 (31-21500)

361 821 201 66 [Beyle,
594 821 189 54 Marie
814 820 207 71 Henri]
1058 822 332 55 1783-1842.

474 900 1553 71 … Pensées, filosofia nova. Paris, Le Divan, 1931.
406 979 1199 50 2 v. 16 ᶜᵐ . (On cover: Le livre du Divan)
406 1037 234 42 Author’s
675 1038 182 48 pseud.,
896 1037 253 49 Stendhal,
1184 1040 52 39 at
1271 1038 127 40 head
1434 1039 53 40 of
1521 1038 124 41 title.

408 1094 131 49 2,225
578 1096 266 39 numbered
884 1094 175 49 copies.
1130 1094 161 49 “2,200
1330 1094 324 49 exemplaires
1694 1094 280 42 numérotés
2012 1097 59 39 de
2112 1097 25 38 1
2178 1096 28 40 à
2244 1095 116 41 2200

337 1150 775 51 sur vergé Lafuma. N° 44.”
411 1210 73 42 On
510 1220 142 31 cover:
706 1210 379 40 Établissement
1108 1210 67 39 du
1200 1210 136 40 texte
1359 1211 47 39 et
1430 1208 199 50 préface
1653 1221 93 37 par
1767 1210 156 40 Henri
1951 1209 296 44 Martineau.

347 1266 2018 53 © Apr. 15, 1931; 1c. each May 15; A— Foreign 12128; Librairie Le
418 1329 161 40 divan.
655 1326 282 51 (31-21568)

343 1424 297 66 Bindloss,
670 1422 244 68 Harold,
949 1427 172 52 1866-

420 1503 125 54 The
582 1503 209 53 border
832 1502 156 68 trail,
1027 1501 76 69 by
1144 1501 231 54 Harold
1417 1500 288 54 Bindloss.
1781 1500 141 55 New
1966 1500 183 69 York,
350 1500 1994 136 Frederick
534 1582 72 52 A.

641 1580 204 57 Stokes
876 1598 301 52 company,
1210 1582 155 51 1931.

420 1662 651 52 vi p., 1 l., 312 p. 19 ½ᶜᵐ .
422 1724 201 40 London
670 1723 184 41 edition
914 1722 190 50 (Ward,
1154 1721 130 41 Lock
1332 1721 37 41 &
1416 1731 83 37 co.,
1549 1720 215 49 limited)
1822 1721 94 41 has
1963 1720 138 42 title:
2154 1721 214 42 Carter’s

350 1781 234 49 triumph.

352 1835 53 53 ©
432 1840 122 48 Aug.
580 1839 69 47 13,
678 1837 114 41 1931;
849 1837 68 42 2c.
945 1838 96 40 and
1070 1836 82 42 aff.
1181 1837 123 49 Aug.
1332 1837 56 40 15;
1446 1837 42 39 A
1514 1836 145 41 40773;
1719 1836 265 41 Frederick
2010 1837 55 41 A.
2098 1836 173 42 Stokes
2300 1848 69 31 co.

433 1896 282 49 (31-21187)

348 1992 203 65 Black,
583 1993 293 64 Dorothy.

421 2073 155 55 Love
603 2078 237 49 matters
867 2077 162 49 most.
1112 2072 367 68 [Instalment
1507 2075 49 64 3]

432 2151 87 49 (In,
545 2151 160 43 Home
734 2156 143 38 notes
908 2150 278 52 magazine,
1218 2150 131 44 June
1378 2152 71 50 27,
1483 2150 145 51 1931)

355 2207 2017 53 © 1c. Aug. 19, 1931; A ad int. 15435; pubd. June 22; Dorothy Black
426 2269 271 49 MacLeish,
730 2270 232 48 Pitcaple,
994 2268 402 49 Aberdeenshire,
1430 2269 239 48 England.

350 2351 243 65 Biegen,
624 2351 306 55 Theodore
963 2351 327 66 Christian,
1323 2357 173 51 1891-

415 2427 329 55 Minnesota
779 2427 241 69 history,
1056 2446 31 35 a
1126 2427 174 72 study
1336 2427 233 71 outline,
1605 2427 75 73 by
1716 2426 296 56 Theodore
2051 2426 63 57 C.
2152 2427 218 69 Biegen

409 2505 1860 73 … Minneapolis, The University of Minnesota press, 1931.
485 2589 564 49 xv p., 1 l., 60 p. 22½ᶜᵐ.
421 2647 227 41 Includes
672 2646 391 48 bibliographies.

359 2700 53 53 ©
439 2705 120 48 Aug.
588 2705 40 47 6,
654 2702 115 43 1931;
826 2703 68 43 2c.
922 2705 96 39 and
1046 2703 82 42 aff.
1156 2704 120 48 Aug.
1305 2704 56 41 17;
1418 2705 42 39 A
1484 2703 145 42 41032;
1688 2704 285 49 University
2002 2705 51 39 of
2081 2703 292 49 Minnesota,

429 2762 339 48 Minneapolis.
840 2761 282 49 (31-21361)

353 2843 167 67 Blok,
553 2844 339 55 Aleksandr
923 2843 533 67 Aleksandrovich,
1491 2850 329 52 1880-1921.

425 2924 123 52 The
583 2924 221 69 twelve,
840 2923 76 70 by
952 2924 333 53 Alexander
1322 2924 178 67 Blok;
1540 2924 319 53 translated
1899 2924 154 53 from
2091 2924 98 53 the
354 2925 1992 130 Russian

524 3002 76 68 by
646 3001 242 53 Babette
934 3002 255 53 Deutsch
1237 3003 113 52 and
1399 3002 263 53 Avrahm
1708 3001 443 68 Yarmolinskv;
353 3001 1993 148 lithographs

602 3080 77 69 by
713 3080 223 69 George
971 3080 226 53 Biddle.
1275 3080 141 53 New
1449 3079 181 69 York,
1662 3080 90 54 W.
1787 3080 68 53 E.
1890 3080 225 69 Rudge,
2150 3077 149 56 1931.

430 3160 85 51 [32]
546 3172 42 37 p.
649 3161 165 48 front.,
846 3162 144 46 illus.,
1020 3162 173 48 plates.
1254 3162 118 40 31ᶜᵐ.

433 3218 1938 48 “This … edition … consists of 650 copies, 100 of which are numbered
357 3276 97 39 and
492 3276 125 39 have
653 3287 55 29 as
747 3276 332 41 illustrations
1117 3278 83 37 the
1236 3276 212 48 original
1483 3276 309 49 lithographs
1828 3276 63 47 by
1930 3275 186 48 George
2156 3273 216 42 Biddle,”

355 3332 120 41 This
503 3344 120 37 copy
650 3335 85 38 not
761 3334 279 40 numbered.

428 3390 160 41 Poem.

430 3446 70 41 “A
530 3446 191 42 revised
753 3447 195 40 version
982 3448 52 40 of
1063 3458 27 30 a
1122 3447 300 41 translation
1453 3446 262 50 originally
1747 3446 257 49 published
2035 3446 50 39 in
2118 3447 84 39 the
357 3446 2000 97 Freeman
504 3504 51 40 in

587 3503 129 48 1920,
750 3505 348 48 subsequently
1130 3504 251 49 reprinted
1415 3505 278 48 separately
1727 3514 55 30 as
1814 3515 89 29 one
1935 3504 53 40 of
2024 3504 80 39 the
2137 3503 236 40 Freeman

357 3561 523 49 pamphlets.”—Note,
910 3572 44 38 p.
986 3562 86 49 [31]

364 3614 52 52 ©
458 3620 114 46 May
611 3619 69 47 11,
722 3618 105 41 1931;
905 3619 68 42 2c.
1013 3620 115 47 May
1167 3620 56 39 11;
1294 3618 83 42 aff.
1417 3618 117 49 July
1573 3619 25 40 1;
1668 3618 41 41 A
1747 3618 146 41 40742;
1965 3618 184 47 George
2189 3616 188 48 Biddle,

435 3675 504 48 Croton-on-Hudson,
971 3678 55 39 N.
1058 3677 55 40 Y.
1184 3675 285 52 (31-21086)

360 3756 180 64 Bobo,
569 3758 230 53 Walter
827 3759 358 65 Thompson,
1220 3760 175 56 1876-

428 3832 253 70 Helpful
710 3834 382 55 information
1126 3836 94 53 for
1251 3835 187 72 goitre
1467 3836 265 54 sufferers;
1795 3836 336 69 containing
359 3833 1991 130 important
533 3914 360 68 suggestions
942 3916 113 52 and
1104 3915 269 70 hygienic
1422 3916 233 68 “helps”
1704 3915 60 52 in
1812 3915 96 53 the
1954 3917 309 49 treatment
2308 3910 66 55 of
