2505 4370
1303 4038 137 51 1034

345 369 258 66 Hooker,
635 368 312 55 Elizabeth
977 370 284 66 Robbins,
1296 373 170 54 1872-

413 447 1950 74 Hinterlands of the church, by Elizabeth R. Hooker … New
346 524 1725 73 York, Institute of social and religious research [ ᶜ1 931 ]
416 606 98 47 xvi,
542 606 88 41 314
657 618 44 37 p.
733 608 109 41 incl.
872 608 166 48 front.,
1067 618 152 39 maps,
1251 610 181 47 diagrs.
1491 610 146 40 22½ᶜᵐ.

354 662 52 53 ©
440 668 127 39 June
597 668 39 46 6,
669 666 141 48 1931;
843 669 66 39 2c.
945 670 94 38 and
1070 668 81 40 aff.
1185 669 128 40 June
1345 668 82 47 10;
1464 670 39 38 A
1533 669 172 48 38673;
1740 669 237 40 Institute
2009 670 51 39 of
2094 668 150 41 social
2275 670 94 39 and

422 724 232 49 religious
687 726 239 39 research.
1003 726 281 47 (31-16852)

347 790 256 65 Hooker,
632 790 281 66 Richard,
943 798 135 50 1553
1107 812 66 36 or
1198 796 226 52 4-1600.

414 867 279 54 Hooker’s
730 867 424 56 Ecclesiastical
1194 869 204 69 polity,
1433 870 148 53 book
1621 890 127 48 viii,
1785 870 140 53 with
1966 889 71 34 an
345 870 1997 130 introduction
496 946 75 70 by
600 946 305 69 Raymond
936 947 199 54 Aaron
1165 948 194 53 Houk.
1426 948 138 54 New
1598 948 179 69 York,
1811 948 300 55 Columbia
344 947 2001 147 university
495 1042 174 51 press,
708 1028 152 50 1931.

415 1105 1955 52 xii, 346 p., 1 l. diagr. 21ᶜᵐ. (Half-title: Columbia university studies
346 1162 52 40 in
429 1163 205 48 English
665 1164 96 39 and
793 1163 333 49 comparative
1159 1164 289 49 literature)

418 1219 102 41 The
557 1222 108 39 text
698 1220 43 41 is
777 1222 149 39 based
963 1232 62 29 on
1062 1222 84 40 the
1181 1222 203 40 editor’s
1421 1221 272 49 transcript
1729 1222 52 41 of
1819 1223 82 40 the
1937 1221 319 48 manuscript,
2294 1231 74 31 no.

347 1276 50 43 C.
422 1278 41 41 3.
489 1278 70 49 11,
585 1278 52 40 in
660 1279 83 41 the
766 1277 189 48 library
979 1278 54 41 of
1055 1277 195 50 Trinity
1277 1279 195 48 college,
1497 1278 185 41 Dublin
1707 1278 289 50 university.

418 1336 268 41 Published
715 1336 104 40 also
850 1345 54 31 as
934 1334 156 42 thesis
1129 1334 110 50 (PH.
1299 1334 37 50 D.)
1375 1335 255 43 Columbia
1661 1333 290 51 university.

690 1395 143 48 CONTENTS.—pt.
864 1402 35 33 I.
930 1392 74 40 An
1041 1392 335 41 introduction
1411 1395 47 38 to
1493 1394 82 39 the
1608 1394 320 48 posthumous
1961 1393 151 41 books
2146 1393 51 42 of
346 1393 2006 98 Richard
463 1449 240 42 Hooker's
729 1449 368 41 Ecclesiastical
1123 1448 306 52 polity.—pt.
1453 1458 53 33 ii.
1533 1451 102 40 The
1660 1453 105 38 text
1791 1450 52 41 of
1868 1452 82 39 the
1975 1450 169 49 eighth
2171 1450 124 40 book
2321 1451 50 40 of

348 1507 219 42 Richard
603 1506 240 42 Hooker’s
878 1506 368 41 Ecclesiastical
1283 1506 167 49 polity.

357 1564 52 53 ©
437 1570 115 47 May
578 1568 69 46 15,
676 1566 142 47 1931;
847 1566 66 41 2c.
943 1568 114 46 May
1083 1568 82 45 14;
1197 1566 82 41 aff.
1309 1567 130 41 June
1461 1564 53 49 9;
1547 1567 41 38 A
1613 1565 173 49 38222;
1818 1564 254 43 Columbia
2101 1563 273 49 university

424 1636 151 38 press.
641 1621 72 54 [©
743 1624 333 41 introduction
1109 1625 95 39 and
1235 1624 260 48 foreword,
1530 1623 290 49 appendices
1853 1624 97 40 and
1981 1623 163 49 index]

437 1682 282 52 (31-16854)

349 1750 244 54 Illinois.
668 1751 312 69 Appellate
1012 1756 204 49 courts.

426 1827 1949 72 Reports of cases determined … with a directory of the
353 1910 292 68 judiciary
679 1909 65 52 of
774 1909 97 53 the
903 1912 146 50 state
1081 1908 289 53 corrected
1402 1911 59 50 to
1494 1907 153 54 June
1681 1911 47 65 1,
1761 1910 153 66 1931,
1949 1906 113 53 and
2097 1906 278 54 abstracts

354 1988 67 52 of
450 2006 151 35 cases
633 1986 336 70 designated
998 1986 75 69 by
1104 1986 98 53 the
1229 1991 191 48 courts
1451 2004 60 35 as
1539 1989 102 49 not
1669 1989 59 48 to
1757 1985 70 55 be
1854 1985 270 69 reported
2154 1985 60 52 in
2244 1984 128 53 full.

355 2062 2022 73 V. 259, a. D. 1931 … Reported by Basil Jones. Chicago,
356 2145 324 69 Callaghan
709 2146 46 50 &
783 2161 299 51 company,
1115 2145 152 50 1931.

428 2225 174 48 xxxiii,
632 2224 85 41 702
747 2235 43 37 p.
850 2223 117 40 23ᶜᵐ.

359 2279 1736 52 © July 29, 1931; 2c. and aff. Aug. 1; A 40588; Callaghan & co.
354 2348 353 65 Jørgensen,
735 2348 324 64 Johannes,
1092 2352 174 50 1866-

491 2426 1887 71 … Fra det ukendte Frankrig; det heilige Paris, Breiz-Izel,
354 2508 244 54 litersere
626 2506 359 68 miniaturer,
1006 2505 379 69 nattergalen.
1453 2503 379 70 København,
1855 2503 347 71 Gyldendal,
2226 2507 151 53 1930.

430 2590 99 46 171,
560 2587 55 51 [2]
644 2599 41 37 p.
752 2587 130 40 illus.
912 2586 134 48 (incl.
1076 2586 136 48 map)
1250 2588 174 46 plates,
1455 2589 122 46 port.
1638 2587 147 41 21½ᶜᵐ.
1836 2621 6 6 .

436 2646 363 39 “Nærværende
831 2644 150 39 skrift
1014 2655 54 28 er
1096 2655 71 29 nr.
1200 2643 26 39 2
1261 2644 53 39 af
1347 2645 60 39 de
1437 2645 146 46 bøger
1615 2643 83 49 jeg
1726 2644 81 39 for
1837 2644 141 47 nogle
2011 2655 91 29 aar
2134 2643 137 41 siden
2304 2645 73 39 be-

357 2704 190 40 budede
575 2712 75 29 om
681 2703 81 39 det
791 2701 213 40 ukendte
1034 2700 260 47 Frankrig.
1354 2703 61 38 Et
1443 2702 228 47 følgende
1697 2701 119 40 bind
1844 2701 66 40 vil
1943 2701 238 41 behandle
2213 2701 164 48 Dijon.

359 2758 1390 51 Autun, V è z é lay, Ars.” —Note on verso of half-title.
434 2817 206 42 “Noter”
661 2829 8 29 :
700 2828 41 38 p.
775 2815 249 52 [169]-171.

363 2872 52 52 ©
441 2877 112 48 Apr.
580 2875 69 41 12.
674 2873 141 45 1930;
873 2884 36 30 1c.
938 2874 116 47 July
1079 2873 82 47 21;
1191 2872 312 49 A—-Foreign
1531 2873 141 47 8235;
1702 2873 364 48 Gyldendalske
2090 2873 287 48 boghandel.

433 2933 214 40 Nordisk
673 2933 177 47 forlag.
923 2930 281 48 (30-29330)

357 2999 239 65 Kelsch,
629 2998 270 55 Gustavo
927 2998 70 53 de
1028 2996 255 56 Vianna.

491 3074 1879 71 … Canon Tiburtius de composition, harmonie et rythme;
358 3154 64 53 of
449 3154 395 68 composition,
872 3155 282 67 harmony
1182 3154 110 52 and
1324 3154 252 67 rhythm.
1652 3155 127 51 Den
1807 3154 190 69 Haag,
2025 3154 71 55 N.
2127 3174 49 34 v.
357 3154 2017 132 Zuid-Hollandsche

778 3230 240 55 boek-en
1044 3232 349 68 handelsdr.,
1423 3234 150 51 1931.

430 3314 100 49 481,
562 3314 84 50 [11]
677 3326 43 37 p.
748 3313 112 41 incl.
887 3314 173 48 plates.
1120 3313 149 41 32½ᶜᵐ.

435 3371 190 40 French
663 3372 95 39 and
795 3370 233 48 English;
1068 3370 206 48 English
1311 3370 297 41 translation
1645 3371 61 46 by
1744 3370 120 41 Miss
1905 3371 139 47 Mary
2083 3371 201 39 Barber.

367 3425 53 52 ©
450 3430 123 40 Mar.
604 3429 68 47 13,
702 3427 142 43 1931;
906 3438 37 30 1c.
974 3429 114 47 Apr.
1120 3429 82 44 14;
1236 3427 313 47 A—Foreign
1580 3427 170 48 12191;
1786 3428 51 41 G.
1871 3430 58 39 de
1959 3428 191 40 Vianna
2185 3427 192 43 Kelsch.

441 3486 159 48 Quito,
630 3487 238 39 Ecuador.
940 3485 282 48 (31-16874)

361 3550 271 65 Kerrick,
662 3551 293 53 Harrison
986 3552 328 55 Summers.

428 3627 122 52 The
576 3626 117 69 flag
719 3626 64 53 of
809 3629 97 52 the
934 3626 219 56 United
1182 3627 206 68 States,
1416 3646 143 52 your
1587 3628 115 68 flag
1730 3629 113 52 and
1870 3629 167 65 mine,
2065 3628 74 70 by
357 3629 1992 126 Harrison

485 3704 1890 70 Summers Kerrick … Wisconsin ed. Chicago, The White
356 3783 403 68 house [ ᶜ1 931]
431 3864 87 39 170
543 3875 41 37 p.
646 3865 83 40 col.
758 3864 162 48 front.,
948 3865 126 41 illus.
1104 3865 135 49 (part
1265 3867 101 43 col.,
1394 3866 107 40 incl.
1529 3867 239 48 facsims.)
1805 3868 178 48 diagrs.
2044 3868 116 41 26ᶜᵐ.

370 3916 53 52 ©
453 3921 113 47 May
594 3922 69 47 10,
692 3921 140 48 1931;
864 3923 66 40 2c.
962 3926 98 39 and
1087 3923 82 41 aff.
1200 3924 129 40 June
1355 3924 82 46 30;
1469 3925 39 38 A
1536 3923 172 49 39174;
1741 3926 61 41 H.
1836 3925 45 41 S.
1910 3925 221 43 Kerrick.
2165 3925 213 43 Minonk,

511 4011 8 9 Ill.
591 3977 281 53 (31-16923)
