2505 4370
1242 4054 103 51 326

291 494 140 50 guer
460 475 317 53 formation
803 481 59 48 to
888 476 95 53 the
1010 477 231 68 general
1270 477 243 69 geology
1539 477 65 52 of
1628 477 319 70 Mongolia,
1975 479 70 68 by
2078 478 239 54 Charles

292 554 1995 133 P. Berkey … and Frederick K. Morris … with 72 illustrations
488 632 1827 70 in the text and 35 plates at end of volume … New
293 710 182 70 York,
511 712 121 53 The
666 711 311 54 American
1011 730 258 34 museum
1305 712 65 53 of
1404 713 233 52 natural
1671 713 241 73 history,
1950 717 151 50 1931.

363 794 1919 53 xliii, 665 p. illus., XXXV pl. on 18 l., maps (1 fold.) tables (1 fold.)
292 852 182 48 diagrs.
535 852 147 40 28½ᶜᵐ.
754 851 226 49 (Central
1020 852 189 40 Asiatic
1246 852 310 48 expeditions
1593 853 52 41 of
1682 854 81 40 the
1797 855 260 40 American
2097 867 218 29 museum

291 910 53 39 of
378 910 204 40 natural
616 909 204 48 history.
882 910 212 39 Natural
1130 909 193 48 history
1357 910 52 40 of
1446 909 201 41 Central
1682 910 133 41 Asia.
1876 913 92 39 vol.
2067 913 13 47 IV)

362 967 66 40 At
453 968 126 39 head
606 968 53 39 of
686 967 107 40 title
813 978 8 29 :
851 966 202 41 Central
1080 966 191 41 Asiatic
1297 966 323 50 expeditions,
1649 968 106 48 Roy
1783 968 254 49 Chapman
2064 970 253 49 Andrews,

291 1025 182 41 leader.

365 1081 167 42 “First
556 1080 231 42 edition.”

363 1138 382 49 Bibliography:
777 1148 44 38 p.
850 1136 220 42 559-590.

297 1208 52 53 ©
385 1212 112 41 Feb.
530 1211 71 49 27,
635 1209 114 42 1931;
813 1208 68 42 2c.
916 1210 123 40 Mar.
1072 1210 26 37 4;
1164 1208 82 41 aff.
1284 1210 122 40 Mar.
1441 1210 25 38 5;
1531 1210 42 38 A
1605 1208 145 42 35136;
1816 1210 146 41 Amer.
2012 1220 220 32 museum
2269 1212 51 39 of

362 1271 203 39 natural
599 1268 205 48 history.
877 1266 252 50 (31-6577)

293 1365 285 64 Graham,
609 1366 225 52 Evarts
861 1364 91 64 A.,
982 1367 84 52 ed.

291 1444 2002 149 … General surgery, edited by Evarts A. Graham … Chicago,
478 1522 1065 69 The Year book publishers [ ᶜ1 931]
365 1602 1954 51 848 p. illus., diagrs. 19 ᶜᵐ . (The practical medicine series … Series
289 1662 141 47 1930)

297 1717 51 52 ©
382 1721 124 41 Mar.
536 1722 41 47 4,
610 1719 114 42 1931;
786 1721 66 39 2c.
886 1721 96 39 and
1016 1720 83 39 aff.
1133 1721 123 39 Mar.
1289 1720 56 39 25;
1408 1721 41 38 A
1480 1719 145 41 36062;
1688 1721 132 39 Year
1849 1721 124 40 book
2006 1721 163 49 pubrs.

355 1873 1964 69 … Les grandes endémies tropicales; études de pathogénie et de
362 1953 401 69 prophylaxie.
843 1952 103 55 Six
978 1953 362 53 conférences
1374 1953 171 53 faites
1576 1971 70 35 au
1677 1953 184 68 grand
1895 1953 424 68 amphithéâtre

365 2033 68 52 de
465 2033 56 51 la
554 2031 238 53 Faculté
824 2033 68 52 de
923 2031 288 53 médecine
1242 2032 70 52 de
1344 2031 168 52 Paris
1556 2031 58 70 (7
1647 2032 149 52 avril
1829 2051 71 33 au
1931 2036 30 47 2
1993 2033 116 51 mai
2145 2035 161 66 1930)

363 2129 107 50 par
502 2129 132 34 mm.
666 2111 79 53 les
776 2109 286 54 médecins
1093 2111 75 51 du
1202 2128 166 50 corps
1399 2111 70 51 de
1498 2110 161 51 santé
1691 2111 260 52 colonial.
2028 2111 79 51 M.
360 2112 1933 131 Blanchard.

632 2190 66 51 F.
729 2188 315 55 Cazanove.
1121 2188 66 52 F.
1214 2188 388 53 Heckenroth.
1680 2189 79 51 M.
1788 2189 199 69 Leger.
2064 2188 68 53 G.
361 2189 1931 131 Martin.
542 2269 78 52 M.

668 2268 231 53 Vaucel.
988 2267 340 64 (Deuxième
1375 2267 203 62 année)
1665 2267 185 60 Paris,
1893 2267 177 69 Yigot
2121 2267 198 58 frères,

365 2350 150 50 1931.

361 2427 680 49 2 p. l., 105, [1] p. 24 ᶜᵐ .
362 2486 66 40 At
467 2486 124 40 head
632 2485 52 40 of
724 2485 109 40 title
852 2495 8 29 :
904 2485 211 39 Institut
1152 2483 256 48 d’hygiène
1448 2487 58 37 de
1546 2486 47 38 la
1636 2483 204 41 Faculté
1881 2486 57 38 de
1980 2483 237 40 médicine
2259 2486 56 37 de

286 2542 157 41 Paris,
472 2541 281 47 Inspection
779 2540 225 48 générale
1032 2541 65 39 du
1127 2538 193 42 Service
1347 2541 57 39 de
1432 2540 141 40 santé
1599 2551 61 29 au
1692 2540 254 40 Ministère
1974 2542 84 38 des
2086 2540 224 40 colonies.

294 2595 1933 53 © Oct. 28, 1930; 1c. Jan. 23, 1931; A— Foreign 10675; Vigot frères.
294 2709 296 69 [Hannay,
622 2710 205 53 James
858 2709 199 67 Owen]
1096 2713 174 51 1865-

359 2789 123 52 The
508 2788 179 69 hymn
714 2792 136 48 tune
876 2793 273 64 mystery,
1176 2787 75 69 by
1278 2786 224 70 George
1531 2788 68 52 A.
1631 2786 403 70 Birmingham
2092 2788 192 69 [pseud.
2297 2822 7 33 ]

289 2865 1607 70 Indianapolis, The Bobbs-Merrill company [ ᶜ1 931]
358 2947 657 50 3 p. l., 11-305 p. 19 ½ ᶜᵐ .
360 3006 164 41 “First
553 3005 230 42 edition.”

293 3058 52 53 ©
382 3064 123 40 Mar.
540 3065 40 41 4,
616 3062 141 44 1931;
795 3063 66 41 2c.
898 3064 122 40 Mar.
1056 3062 53 48 9;
1148 3063 82 40 aff.
1270 3064 121 39 Mar.
1427 3064 82 42 13;
1547 3064 40 38 A
1623 3063 172 43 34824;
1836 3063 371 39 Bobbs-Merrill
2244 3075 65 28 co.

372 3120 252 48 (31-6596)

287 3215 279 52 Harvard
596 3214 355 64 university.
1027 3217 264 67 Library.
1371 3218 245 51 Theatre
1646 3216 312 54 collectior.

361 3293 317 70 Catalogue
710 3295 63 51 of
803 3295 283 52 dramatic
1117 3295 279 67 portraits
1428 3296 60 52 in
1517 3296 94 51 the
1642 3295 247 52 Theatre
1921 3294 296 54 collection
2251 3295 62 51 of

289 3372 2019 69 the Harvard college library, by Lillian Arvilla Hall … [v. 2.
287 3451 166 66 F-K]
536 3451 366 68 Cambridge,
931 3451 190 56 Mass.,
1147 3451 276 53 Harvard
1452 3451 320 69 university
1798 3470 176 49 press,
2004 3454 152 50 1931.

357 3504 680 77 4 p. l., [3]-427 p. 25½ ᶜᵐ .
291 3585 51 52 ©
376 3591 123 40 Mar.
531 3589 68 48 12,
631 3588 141 47 1931;
806 3588 67 42 2c.
905 3590 98 39 and
1032 3588 83 41 aff.
1150 3590 122 39 Mar.
1305 3589 81 43 20;
1422 3591 38 37 A
1493 3589 171 48 35345;
1699 3589 256 40 President
1990 3591 94 39 and
2118 3589 190 38 fellows

359 3647 52 40 of
439 3648 231 39 Harvard
699 3648 192 47 college,
922 3646 302 49 Cambridge,
1256 3648 146 38 Mass.

287 3739 236 66 Hawes,
550 3741 156 53 John
734 3741 345 64 Bromham,
1111 3740 172 55 1877-

352 3816 181 54 Talks
575 3835 72 34 on
690 3816 372 56 tuberculosis
1105 3816 139 56 with
1295 3815 249 70 patients
1588 3817 111 54 and
1749 3816 151 55 their
1946 3816 240 61 friends,
2230 3816 75 67 by

282 3893 2023 70 John B. Hawes, 2nd … Boston and New York, Houghton
281 3969 206 56 Mifflin
516 3991 299 54 company,
847 3975 152 53 1931.
