2428 4370
988 3978 132 48 1823

42 371 231 62 Taylor,
303 369 153 54 John
488 370 207 62 Carey.

173 441 1859 71 … The reliability of quarterly marks in the seventh grade
43 522 63 54 of
129 523 192 67 junior
346 523 139 68 high
511 521 207 66 school,
745 520 258 69 together
1029 520 140 53 with
1194 520 94 53 the
1318 519 163 54 value
1509 519 65 54 of
1598 519 215 56 certain
43 519 1964 134 standard

196 607 136 46 tests
383 602 58 50 in
495 599 325 68 predicting
868 598 171 66 them,
1092 597 73 69 by
1216 598 56 53 J.
1326 596 185 70 Carey
1563 598 232 68 Taylor,
1919 640 11 11 ED.
2022 640 10 10 D.

46 678 328 67 Baltimore,
401 678 119 51 The
545 676 184 54 Johns
754 675 269 68 Hopkins
1049 693 176 50 press,
1255 677 150 51 1931.

148 791 8 16 x,
191 758 56 39 54
280 768 44 37 p.
384 758 178 46 diagrs.
622 756 146 40 24½ᶜᵐ.
838 756 123 47 (The
998 755 154 40 Johns
1189 756 223 47 Hopkins
1451 755 269 47 university
1759 757 187 39 studies
1984 756 48 41 in

41 814 270 46 education,
343 825 73 28 no.
452 814 80 48 17)

112 883 346 48 Bibliography
476 893 9 30 :
516 893 43 37 p.
589 882 156 40 51-52.

51 952 50 51 ©
131 956 101 40 Oct.
259 955 50 39 21,
358 955 108 39 1931;
525 957 67 38 2c.
621 955 94 39 and
744 954 79 39 aff.
856 954 101 39 Oct.
985 953 57 40 27;
1100 954 38 38 A
1167 954 171 45 43518;
1369 954 153 38 Johns
1553 954 221 47 Hopkins
1805 965 146 37 press.

127 1012 276 49 (31-32125)

43 1122 128 52 Van
199 1122 276 62 Derveer,
502 1121 195 52 Lettie
727 1121 60 53 C.

113 1198 120 52 The
282 1196 458 55 Christmastime
787 1197 146 52 book;
1011 1196 346 54 recitations,
1407 1195 289 67 exercises,
1745 1197 293 68 dialogues

45 1275 112 52 and
206 1275 182 68 plays,
436 1274 75 69 by
558 1274 185 53 Lettie
796 1274 61 54 C.
909 1275 129 53 Van
1088 1275 266 51 Derveer.
1442 1273 426 69 Philadelphia,
1918 1275 120 52 The

46 1351 1062 69 Penn publishing company [ ᶜ1 931 ]
113 1432 275 48 146 p. 17½ ᶜᵐ.
52 1500 51 52 ©
132 1504 100 40 Oct.
259 1506 48 38 31,
357 1472 144 72 1931;
526 1505 65 40 2c.
619 1506 93 38 and
742 1505 79 38 aff.
851 1506 118 40 Nov.
996 1506 53 40 6;
1081 1506 36 37 A
1146 1506 143 39 43849;
1349 1506 128 38 Penn
1508 1505 106 48 pub.
1646 1518 65 28 co.
129 1561 278 47 (31-32194)

47 1669 258 65 Walden,
333 1669 234 55 Arthur
589 1670 338 56 Treadwell.

115 1747 258 70 Leading
414 1766 31 34 a
486 1748 156 68 dog’s
683 1747 122 67 life,
848 1748 70 68 by
959 1747 226 54 Arthur
1226 1749 318 53 Treadwell
1585 1749 272 67 Walden;
1903 1749 134 53 with

48 1823 376 55 illustrations
450 1825 75 69 by
552 1825 72 53 A.
653 1826 65 52 L.
747 1825 226 69 Ripley.
1038 1827 216 52 Boston
1282 1826 111 53 and
1425 1826 137 53 New
1595 1827 177 66 York,
48 1827 1967 129 Houghton

170 1901 203 54 Mifflin
401 1920 297 50 company,
728 1905 150 50 1931.

117 1984 1157 49 5 p. l., 278, [2] p. front., illus., plates. 21 ᶜᵐ.
53 2052 51 52 ©
132 2056 101 40 Oct.
258 2056 69 47 28,
353 2056 107 40 1931;
520 2055 67 40 2c.
613 2056 102 40 Oct.
742 2057 53 39 31;
852 2055 81 41 aff.
961 2056 101 40 Oct.
1089 2056 56 40 30;
1201 2057 40 38 A
1266 2057 144 40 44536;
1467 2059 53 39 A.
1547 2059 52 38 T.
1627 2059 218 46 Walden,
123 2061 1902 93 Wonalancet.

330 2113 56 41 N.
421 2113 61 40 H.
555 2112 277 48 (31-32080)

51 2221 260 64 Walden,
339 2221 149 54 Jane
514 2222 288 53 Brevoort.

117 2295 179 69 Igloo,
327 2295 74 71 by
434 2297 144 53 Jane
612 2297 277 57 Brevoort
920 2298 258 68 Walden,
1211 2300 140 54 with
1386 2317 31 35 a
1451 2300 279 53 foreword
1768 2301 73 72 by
47 2301 1971 124 Richard
180 2373 66 53 E.

47 2373 1969 146 Byrd … drawings by Diana Thorne. New York, London, G. P.
389 2451 293 56 Putnam’s
708 2469 143 51 sons,
878 2455 149 49 1931.

152 2562 10 16 x,
190 2532 84 41 211
299 2544 44 38 p.
404 2532 160 48 front.,
595 2533 125 41 illus.
774 2533 56 41 22½ᶜᵐ.

57 2600 51 52 ©
136 2605 102 41 Oct.
265 2604 67 49 23,
361 2604 112 40 1931;
530 2605 66 40 2c.
625 2605 103 41 Oct.
754 2606 54 39 28;
865 2606 80 38 aff.
974 2607 117 40 Nov.
1120 2609 25 37 6;
1203 2608 40 38 A
1270 2608 143 39 43902;
1505 2610 123 39 Jane
1658 2611 236 40 Brevoort
128 2612 1901 90 Warden

246 2662 223 47 Murphy,
499 2663 353 46 Mamaroneck,
884 2663 54 39 N.
970 2663 52 39 Y.
1094 2664 279 48 (31-32106)

53 2769 220 65 Wallis,
302 2769 305 64 Reginald.

117 2843 1926 79 The new man, by Capf. Reginald Wallis … foreword by Dr.
53 2920 1965 79 Lewis Sperry Chafer. New York, Loizeaux brothers [ ᶜ1 931]
118 3004 242 49 93 p. 19 ᶜᵐ.
61 3072 50 51 ©
144 3077 128 47 Sept.
300 3078 68 46 18,
398 3076 110 41 1931;
570 3079 65 38 2c.
667 3078 101 40 Oct.
799 3081 21 36 1;
882 3079 81 40 aff.
995 3079 101 40 Oct.
1129 3081 53 38 10;
1243 3083 40 36 A
1311 3082 172 46 43732;
1516 3083 243 40 Loizeaux
1786 3084 125 41 bros.

138 3133 277 47 (31-32021)

55 3236 193 66 Wells,
278 3238 275 55 Frederic
581 3241 256 64 DeWitt,
871 3244 170 53 1874-

122 3314 258 54 Random
415 3334 171 51 verse,
616 3316 73 70 by
721 3318 266 54 Frederic
1017 3318 236 57 DeWitt
1285 3321 190 52 Wells.
1545 3322 134 53 New
1716 3322 159 52 York
1928 3324 120 52 [The

55 3389 284 56 Cornwall
374 3411 172 50 press,
579 3393 126 70 inc.]
748 3399 149 51 1931.

126 3470 588 53 5 p. l., 3-47, [1] p. 18 ᶜᵐ.
63 3539 51 52 ©
145 3544 101 42 Oct.
271 3545 71 43 28,
370 3545 111 41 1931;
539 3547 68 41 2c.
635 3549 117 39 Nov.
781 3552 24 34 2;
863 3550 81 39 aff.
975 3551 117 40 Nov.
1120 3552 25 38 3;
1200 3553 46 38 A
1272 3553 145 39 44572;
1476 3554 161 41 Laura
1668 3555 43 39 J.
1742 3556 163 46 Wells,
1935 3556 116 39 New

131 3602 142 39 York.
344 3603 277 47 (31-32136)

61 3695 321 65 Westphal,
413 3698 252 55 Edward
693 3700 63 55 P.

124 3769 274 70 Through
437 3773 95 52 the
572 3773 164 53 Bible
776 3775 70 53 day
927 3776 72 69 by
1039 3778 140 69 day;
1221 3797 29 32 a
1292 3779 238 69 reading
1569 3799 64 36 or
1671 3782 170 70 study
1878 3784 171 68 guide

59 3845 90 54 for
177 3849 157 53 those
362 3851 144 66 who,
534 3849 178 53 either
742 3871 58 36 as
829 3852 350 56 individuals
1210 3872 62 35 or
1302 3874 60 35 as
1392 3857 271 56 members
1693 3860 63 52 of
1786 3878 31 34 a
1849 3878 200 53 group,
