2575 4398
1297 4056 67 51 60

380 463 1228 52 423, [1] p. double pl. , tables, diagrs. 23½ᶜᵐ.
311 530 52 53 ©
393 535 113 41 Dec.
534 534 70 49 22,
634 534 115 41 1930;
807 535 67 41 2c.
906 536 110 41 Jan.
1047 535 68 49 10,
1147 534 141 49 1931;
1321 535 83 42 aff.
1436 536 110 41 Jan.
1577 535 54 49 9;
1664 537 41 39 A
1733 536 172 49 32760;
1939 537 116 40 Natl.
378 537 1928 97 tuberculosis
523 602 128 31 assn.

311 687 240 65 Nelson,
581 689 257 53 Edward
867 688 277 66 William,
1177 694 171 50 1855-

376 763 160 56 Wild
565 764 242 56 animals
835 765 64 53 of
923 765 189 53 North
1137 764 297 70 America;
1463 766 264 55 intimate
1755 766 214 55 studies
1998 766 63 54 of
2087 766 101 71 big
2215 767 110 54 and

307 842 1959 74 little creatures of the mammal kingdom, by E. W. Nelson …
307 920 140 55 with
471 921 383 56 illustrations
880 922 151 54 from
1060 922 297 72 paintings
1379 923 76 72 by
1481 923 175 55 Louis
1682 924 242 70 Agassiz
1949 925 238 54 Fuertes
2216 924 108 52 and

307 999 290 70 drawings
631 1001 63 52 of
726 1000 190 55 tracks
951 1001 74 71 by
1059 1001 210 55 Ernest
1300 1002 330 68 Thompson
1666 1001 189 56 Seton.
1926 1002 402 68 Washington,

308 1078 69 54 D.
408 1077 82 70 C.,
520 1078 121 54 The
671 1078 274 55 National
974 1079 350 70 geographic
1353 1079 228 72 society,
1615 1083 149 51 1930.

376 1158 1410 52 4 p. 1., 254 p, illus. (part col.) fold. col. pl. 25½ᶜᵐ.
381 1215 253 49 “Revised,
663 1227 109 30 new
798 1215 228 43 edition.”

378 1273 264 41 Foreword
671 1273 196 49 signed:
903 1273 190 43 Gilbert
1121 1274 289 48 Grosvenor,
1443 1275 249 49 president
1723 1278 94 39 and
1849 1276 171 41 editor.

380 1331 131 40 “The
535 1330 161 42 editor
722 1331 245 41 combines
992 1331 84 41 the
1100 1333 107 39 text
1233 1332 95 40 and
1356 1331 332 42 illustrations
1716 1333 51 41 of
1794 1335 95 39 two
1918 1334 156 40 entire
2102 1334 229 42 numbers

308 1388 53 41 of
384 1389 84 40 the
491 1387 235 42 National
752 1387 293 51 geographic
1070 1388 254 49 magazine
1355 1388 297 51 [November,
1683 1389 116 41 1916
1827 1391 94 40 and
1955 1393 126 48 May,
2109 1389 222 52 3918]”—

309 1446 277 41 Foreword.

315 1503 52 53 ©
399 1508 114 41 Dec.
545 1506 69 49 12,
647 1505 143 49 1930;
823 1506 67 41 2c.
924 1506 95 40 and
1053 1504 82 43 aff.
1169 1506 111 41 Jan.
1312 1504 69 51 20,
1415 1505 143 48 1931;
1594 1506 40 39 A
1665 1505 174 48 32899;
1873 1507 118 40 Natl.
2039 1508 291 48 geographic

368 1565 198 48 society.
631 1560 68 54 [©
730 1566 197 47 general
956 1564 227 48 revision,
1214 1574 107 30 new
1350 1565 109 39 text
1485 1564 99 40 and
1612 1564 347 51 illustrations]

396 1621 253 51 (31-2452)

314 1719 265 54 Nevada.
655 1721 186 68 Laws,
871 1725 260 64 statutes,
1162 1725 102 47 etc.

385 1797 238 54 Nevada
648 1796 285 69 compiled
957 1795 158 68 laws,
1142 1798 152 65 1929,
1318 1795 338 70 containing
1680 1797 80 51 all
1785 1801 240 49 statutes
2051 1795 65 54 of
2140 1815 32 34 a
315 1814 1992 115 general

463 1881 206 48 nature
700 1875 234 53 enacted
965 1874 76 69 by
1072 1874 98 54 the
1199 1874 364 70 Legislature
1594 1872 65 55 of
1690 1874 96 53 the
1819 1880 147 47 state
1997 1873 65 54 of
2093 1874 235 54 Nevada

318 1954 152 55 from
508 1957 132 52 1861
678 1960 58 47 to
775 1956 153 66 1929,
963 1952 295 70 inclusive,
1294 1952 265 71 together
1593 1952 141 54 with
1773 1953 367 54 annotations
2179 1952 152 53 from

316 2034 96 54 the
453 2034 279 54 decisions
773 2032 66 55 of
877 2033 98 54 the
1017 2031 278 70 Supreme
1336 2038 164 48 court
1539 2031 66 55 of
1645 2032 238 54 Nevada
1926 2032 303 54 contained
2272 2033 58 52 in

317 2114 252 52 volumes
611 2117 27 49 1
679 2118 59 47 to
779 2115 84 64 51,
901 2111 296 69 inclusive,
1236 2110 66 54 of
1340 2111 97 53 the
1477 2111 238 53 Nevada
1757 2116 224 63 reports
2023 2111 115 53 and
2179 2109 153 54 from

317 2192 79 53 all
438 2191 281 54 decisions
763 2190 65 54 of
869 2190 98 54 the
1010 2196 190 48 courts
1244 2188 66 56 of
1352 2190 97 54 the
1493 2189 221 56 United
1762 2188 189 56 States
1997 2189 336 70 construing

318 2271 236 54 Nevada
594 2275 258 49 statutes.
928 2268 142 55 Also
1112 2288 31 34 a
1184 2268 190 70 digest
1412 2267 66 55 of
1517 2267 239 55 Nevada
1797 2273 242 63 reports,
2080 2268 253 53 volumes

313 2348 2017 71 33-51 … V. vi. Index-digest. Compiled and annotated by
314 2431 195 54 Curtis
547 2430 171 70 Hilly
723 2448 74 34 er.
876 2428 118 56 San
1031 2428 326 68 Francisco,
1393 2428 413 54 Bender-Moss
1843 2445 299 51 company,
2182 2429 150 50 1930.

0 0 0 0 2 p. l., 3557-3721 p., 1 l., 534 p. 26ᶜᵐ.
320 2565 52 54 ©
396 2569 113 42 Dec.
533 2568 69 50 11,
627 2567 141 49 1930;
825 2579 36 30 1c.
888 2568 96 41 and
1009 2566 82 44 aff.
1117 2567 111 41 Dec.
1284 2566 54 49 16;
1394 2578 37 31 1c.
1458 2566 110 42 Jan.
1594 2565 69 51 12,
1689 2564 143 50 1931;
1858 2566 42 40 A
1924 2564 172 50 32776;
2125 2566 209 40 Bender-

387 2628 133 41 Moss
548 2638 68 30 co.
687 2625 283 50 (30-34267)

316 2722 263 65 Nichols,
610 2725 138 52 Mrs.
780 2721 312 54 Elizabeth
1133 2720 286 66 (Berger)

390 2800 238 69 Aesop’s
660 2799 184 54 fables
875 2798 298 69 rehashed,
1201 2799 77 69 by
1309 2797 306 54 Elizabeth
1646 2799 219 69 Berger
1896 2798 252 54 Nichols.
2226 2798 110 53 Los

322 2876 1764 73 Angeles, Calif. [Kellaway-Ide company printers, ᶜ1 930]
388 2960 654 51 9 p. l ., 15-300 p. 23½ᶜᵐ.
387 3021 57 39 In
473 3029 152 31 verse.

322 3073 52 52 ©
402 3078 113 40 Dec.
542 3077 69 48 31,
640 3075 142 49 1930;
811 3075 67 42 2c.
907 3076 110 40 Jan.
1046 3076 69 48 21,
1145 3074 142 48 1931;
1317 3074 83 42 aff.
1429 3075 110 40 Jan.
1569 3073 82 50 19;
1681 3074 41 40 A
1750 3073 173 49 32935;
1955 3076 52 39 E.
2037 3075 54 40 B.
2121 3074 212 49 Nichols,

390 3135 94 41 Los
510 3134 222 50 Angeles.
804 3133 251 50 (31-2434)

319 3233 220 63 Noyes,
568 3230 289 65 Reginald
885 3230 203 55 Webb.

386 3308 55 53 A
483 3307 413 70 bibliography
939 3308 64 52 of
1048 3307 196 53 Maine
1289 3307 272 68 imprints
1608 3312 58 47 to
1715 3309 153 65 1820,
1912 3306 77 70 by
2035 3306 69 53 R.
2150 3306 183 54 Webb

318 3384 2013 66 Noyes … Stonington, Me., Printed by Mrs. and Mr. R. W.
318 3465 206 69 Noyes,
558 3465 151 52 1930.

388 3546 64 47 ix,
477 3544 55 40 22
559 3555 58 38 p.,
646 3545 25 39 1
719 3576 23 15 l.,
774 3543 130 52 [132],
931 3544 103 40 xvii
1060 3554 43 38 p.
1164 3543 117 41 24ᶜᵐ.

390 3602 268 47 “Accepted
695 3601 63 40 ‘in
791 3601 184 49 partial
1010 3601 285 41 fulfillment
1330 3601 54 40 of
1417 3602 81 40 the
1537 3602 354 47 requirements
1925 3601 80 40 for
2039 3602 83 40 the
2159 3602 173 47 degree

318 3656 2009 53 of master of science’ … [from the School of library service, Columbia
319 3715 288 52 university]
641 3716 49 40 in
722 3714 498 45 1929.”—Foreword.

391 3772 67 40 “A
484 3772 85 41 list
596 3772 52 41 of
674 3772 166 41 aids”:
866 3782 44 38 p.
938 3772 39 41 6.

657 3862 7 7 CONTENTS.
683 3853 62 5 —
760 3829 219 41 Preface.
995 3853 61 4 —
1074 3829 340 41 Introduction:
1491 3829 226 49 Printing
1762 3829 49 40 in
1858 3829 164 41 Maine
2066 3831 171 45 towns,
2283 3829 48 40 in

318 3886 143 39 order
495 3884 53 40 of
581 3885 719 42 establishment.—Reference
1336 3885 86 41 list
1458 3886 53 39 of
1546 3886 228 47 printers,
1813 3885 517 48 etc.—Bibliography.

327 3938 52 53 ©
412 3942 103 42 Oct.
546 3942 39 49 6,
616 3942 141 47 1930;
791 3943 67 42 2c.
890 3944 96 39 and
1017 3943 82 42 aff.
1131 3944 109 40 Jan.
1274 3942 68 50 19,
1374 3942 141 49 1931;
1550 3944 41 39 A
1621 3942 172 50 33244;
1829 3944 55 42 R.
1917 3944 70 41 W.
2021 3944 171 46 Noyes,
2227 3943 108 39 Ann

394 3999 171 43 Arbor.
636 4000 281 49 (30-26805)
