2428 4370
1220 4105 139 51 2020

281 446 235 64 Smyth,
548 444 264 67 Clifford,
844 452 173 50 1866-

350 535 206 55 Daniel
615 536 278 69 Webster,
949 538 336 69 spokesman
1344 539 94 56 for
1494 541 96 55 the
1646 540 214 69 Union,
1916 540 74 70 by
2051 540 246 57 Clifford

278 614 1991 148 Smyth … New York and London, Funk & Wagnalls company, 1931.
350 773 85 42 175
463 785 43 38 p.
565 773 147 42 18½ᶜᵐ.
780 776 115 49 (His
925 776 230 41 Builders
1182 778 53 40 of
1260 779 239 46 America,
1530 791 41 30 v.
1601 779 80 49 18)

287 842 52 53 ©
365 848 121 41 Nov.
513 847 69 48 16,
610 847 143 48 1931;
782 847 66 41 2c.
876 849 96 39 and
1000 847 83 41 aff.
1112 848 111 41 Dec.
1252 849 54 47 4;
1336 849 41 39 A
1402 849 174 48 46164;
1608 850 143 40 Funk
1777 850 37 41 &
1841 851 253 48 Wagnalls
2123 860 66 32 co.

365 904 194 49 (32-24)

357 1015 309 54 Francisco
709 1015 241 53 Pizarro
995 1017 113 52 and
1153 1017 97 52 the
1294 1023 268 62 conquest
1607 1016 66 53 of
1716 1018 170 53 Peru,
1931 1018 75 69 by
2054 1016 246 57 Clifford

285 1093 1991 149 Smyth … New York and London, Funk & Wagnalls company, 1931.
358 1256 87 41 173
473 1267 43 38 p.
581 1257 146 40 18½ᶜᵐ.
798 1255 117 50 (His
945 1256 230 41 Builders
1202 1257 54 41 of
1284 1256 240 50 America,
1553 1268 42 30 y.
1626 1258 53 49 3)

287 1323 52 53 ©
366 1329 119 40 Nov.
512 1328 69 48 16,
610 1326 142 49 1931;
781 1327 65 41 2c.
875 1329 96 39 and
1000 1327 82 42 aff.
1110 1328 113 43 Dec.
1251 1330 54 46 4;
1334 1328 42 39 A
1402 1328 174 48 46164;
1607 1328 142 40 Funk
1777 1328 37 41 &
1840 1328 254 49 Wagnalls
2121 1338 70 30 co.

365 1385 282 49 (31-35716)

357 1494 224 71 George
625 1494 407 70 Washington,
1078 1495 98 53 the
1220 1501 160 63 story
1427 1494 66 54 of
1538 1495 96 53 the
1680 1494 127 56 first
1852 1495 328 68 American,
2226 1496 75 69 by

287 1573 2015 71 Clifford Smyth … New York and London, Funk & Wagnalls
283 1671 300 53 company,
619 1655 153 52 1931.

355 1736 87 41 192
471 1748 41 38 p.
575 1737 147 41 18½ᶜᵐ.
793 1737 116 47 (His
942 1737 229 40 Builders
1204 1737 51 40 of
1285 1737 239 48 America,
1556 1748 45 30 v.
1630 1737 82 48 10)

286 1804 52 53 ©
366 1810 117 40 Nov.
512 1810 70 47 16,
609 1807 142 49 1931;
781 1809 65 40 2c.
875 1810 96 39 and
1000 1808 83 42 aff.
1112 1809 111 40 Dec.
1252 1809 54 46 4;
1335 1808 41 40 A
1402 1808 174 48 46164;
1608 1808 142 40 Funk
1778 1808 36 41 &
1841 1808 253 48 Wagnalls
2122 1818 69 31 co.

365 1866 282 49 (31-35723)

348 1974 219 54 Grover
600 1973 329 70 Cleveland,
958 1975 127 54 who
1116 1980 107 62 put
1251 1973 389 69 independent
1669 1973 274 70 thinking
1972 1976 122 52 into
2124 1983 172 63 party

279 2050 2017 72 politics, by Clifford Smyth … New York and London, Funk
277 2133 44 49 &
353 2129 302 70 Wagnalls
688 2147 298 52 company,
1023 2132 151 51 1931.

350 2212 84 42 171
461 2223 43 38 p.
560 2212 147 43 18½ᶜᵐ.
773 2211 115 51 (His
915 2211 229 41 Builders
1171 2212 52 40 of
1246 2211 239 48 America,
1513 2223 43 29 v.
1581 2212 82 49 22)

287 2282 52 53 ©
367 2287 119 39 Nov.
513 2287 69 46 16,
609 2284 143 48 1931;
781 2284 66 42 2c.
876 2285 97 39 and
1000 2283 82 40 aff.
1111 2284 113 39 Dec.
1251 2284 54 46 4;
1336 2284 41 38 A
1404 2283 173 48 46164;
1608 2284 142 40 Funk
1778 2284 38 41 &
1841 2285 253 48 Wagnalls
2123 2296 66 30 co.

365 2343 194 50 (32-28)

356 2454 206 69 Henry
597 2453 248 53 Hudson
881 2454 114 52 and
1032 2452 97 53 the
1165 2452 194 53 Dutch
1401 2451 291 70 founding
1728 2451 66 54 of
1831 2453 137 53 New
2008 2451 182 69 York,
2225 2451 74 71 by

283 2530 1994 151 Clifford Smyth … New York and London, Funk and Wagnalls company, 1931.
359 2695 88 41 176
473 2707 43 37 p.
578 2695 146 40 18½ᶜᵐ.
796 2693 116 49 (His
942 2693 231 41 Builders
1202 2692 53 42 of
1283 2692 240 49 America,
1553 2703 44 32 v.
1626 2693 51 47 5)

288 2763 52 53 ©
366 2768 120 40 Nov.
513 2767 70 48 16,
610 2765 142 49 1931;
781 2766 66 42 2c.
876 2767 97 39 and
1001 2765 83 42 aff.
1113 2765 110 40 Dec.
1251 2766 54 46 4;
1335 2765 41 39 A
1403 2765 173 47 46164;
1608 2764 142 40 Funk
1777 2765 37 40 &
1841 2765 256 47 Wagnalls
2122 2775 68 31 co.

366 2824 283 52 (31-35718)

356 2936 322 53 Hernando
716 2934 203 55 Cortez
958 2934 115 53 and
1112 2932 131 54 “the
1281 2938 252 65 greatest
1570 2933 317 52 adventure
1925 2932 60 53 in
2024 2930 278 70 history”,

284 3010 1993 151 by Clifford Smyth … New York and London, Funk & Wagnalls company, 1931.
355 3177 87 40 176
469 3188 43 37 p.
574 3176 144 40 18½ᶜᵐ.
792 3174 116 49 (His
939 3174 229 40 Builders
1198 3174 52 40 of
1278 3173 240 49 America,
1547 3184 43 31 v.
1621 3172 52 49 2)

288 3244 52 53 ©
367 3249 117 40 Nov.
513 3248 69 49 16,
609 3246 142 48 1931;
781 3246 65 41 2c.
876 3247 96 39 and
1000 3245 82 42 aff.
1112 3246 110 40 Dec.
1250 3247 55 46 4;
1335 3245 42 39 A
1403 3244 174 48 46164;
1607 3244 142 39 Funk
1777 3243 39 41 &
1840 3243 256 48 Wagnalls
2122 3252 67 30 co.

365 3305 283 49 (31-35715)

347 3410 157 54 John
535 3411 238 67 Adams,
801 3411 98 54 the
928 3428 134 37 man
1093 3410 128 53 who
1252 3428 115 36 was
1400 3407 182 56 called
1614 3407 251 54 “Father
1897 3406 62 53 of
1990 3405 305 53 American

278 3483 1992 152 independence”, by Clifford Smyth … New York and London,
443 3566 169 52 Funk
642 3568 46 50 &
719 3565 299 69 Wagnalls
1050 3581 298 51 company,
1381 3566 151 50 1931.

349 3650 86 40 175
461 3658 44 39 p.
561 3648 147 41 18½ᶜᵐ.
773 3649 116 48 (His
915 3647 230 41 Builders
1170 3648 52 39 of
1245 3645 238 47 America,
1512 3658 42 29 v.
1582 3645 80 49 13)

289 3716 51 52 ©
368 3721 118 40 Nov.
514 3722 69 47 16,
610 3720 140 47 1931;
781 3720 65 40 2c.
876 3721 97 41 and
1001 3719 82 42 aff.
1111 3720 111 38 Dec.
1250 3720 55 47 4;
1334 3718 43 40 A
1401 3718 174 46 46164;
1607 3716 142 41 Funk
1776 3716 37 41 &
1840 3716 252 49 Wagnalls
2121 3725 67 30 co.

367 3777 193 50 (32-19)

350 3868 156 55 John
551 3868 300 70 Marshall,
896 3869 192 53 father
1133 3868 64 53 of
1240 3870 97 52 the
1382 3869 277 67 Supreme
1705 3872 178 61 court,
1926 3865 75 68 by
2049 3862 245 57 Clifford

281 3942 1988 150 Smyth … New York and London, Funk & Wagnalls company, 1931.
