2428 4370
1032 4006 138 55 2167

93 461 630 70 buchgenossenschaft,
749 463 138 52 New
915 459 175 54 York.
1168 461 135 49 New
1334 459 177 65 York,
1540 458 119 52 The
1689 455 398 69 Co-operative

96 560 172 52 press,
297 544 149 51 1931.

165 623 86 40 206
280 634 42 37 p.
386 624 171 45 plates,
589 623 147 46 ports.
796 621 145 40 20½ᶜᵐ.

101 677 52 52 ©
185 681 128 48 Sept.
341 680 68 48 10,
440 679 140 47 1931;
612 679 67 40 2c.
710 679 94 39 and
835 677 81 41 aff.
947 678 118 38 Nov.
1095 676 56 40 27;
1211 676 38 39 A
1279 674 171 47 44996;
1484 674 52 41 O.
1571 674 198 46 Sattler,
1801 674 116 39 New
1948 673 144 40 York.

177 737 249 47 (32-1438)

120 800 184 66 [Scott,
336 802 306 63 Margaret
677 800 355 69 Mackenzie]
1073 804 170 49 1888-

161 870 1929 74 The last spring, by Beatrice Nairn [pseud .] … London,
92 954 183 52 Faber
303 956 45 50 &
377 953 200 70 Faber,
605 952 220 54 limited
881 955 152 65 [1931]

162 1037 85 41 318
279 1046 43 38 p.
383 1036 143 41 19½ᶜᵐ.

102 1086 1993 55 © 1c. Oct. 28, 1931; A ad int. 15755; pubd. Aug. 27; Margaret Mackenzie
171 1150 146 44 Scott,
348 1151 262 46 Budapest.
682 1147 249 49 (32-1274)

97 1214 237 66 Seager,
361 1216 206 63 Henry
594 1215 245 63 Rogers,
870 1216 324 52 1870-1930.

163 1291 188 54 Labor
405 1290 110 53 and
569 1289 161 54 other
782 1290 279 52 economic
1113 1308 114 35 essays
1367 1288 72 69 by
1492 1288 202 69 Henry
1745 1290 66 51 R.
1868 1287 225 68 Seager,

94 1367 186 53 edited
309 1367 73 69 by
413 1367 233 54 Charles
735 1410 9 10 A.
776 1365 225 69 Gulick,
1028 1365 89 68 jr..
1149 1365 138 53 with
1319 1384 69 34 an
1420 1363 384 54 introduction
1835 1364 74 71 by
94 1366 1975 148 Wesley

220 1443 60 56 C.
317 1442 275 55 Mitchell.
666 1443 135 54 New
839 1442 162 54 York
1035 1442 111 52 and
1182 1441 256 67 London,
1474 1442 232 65 Harper
1741 1443 44 49 &
1820 1440 274 55 brothers.

94 1524 149 51 1931.

165 1600 1080 52 xxi p., 1 l., 432 p. front. (port.) 22 ½ ᶜᵐ .
167 1659 163 42 “First
364 1660 223 40 edition.”

169 1716 373 49 “Bibliography
570 1715 53 40 of
649 1716 60 40 H.
738 1717 53 39 R.
823 1713 203 49 Seager”:
1087 1725 41 38 p.
1155 1714 217 41 406-421.

105 1769 51 53 ©
185 1775 111 39 Dec.
324 1775 68 45 18,
450 1772 110 47 1931;
592 1774 65 38 2c.
688 1773 108 39 Dec.
826 1771 82 47 19;
939 1771 81 41 aff.
1051 1772 110 39 Dec.
1192 1772 50 38 21;
1305 1772 39 38 A
1373 1772 143 40 45580;
1576 1773 191 47 Harper
1799 1777 38 40 &
1863 1772 123 39 bros.

182 1830 249 49 (32-1610)

96 1905 229 53 Shelled
369 1906 408 53 invertebrates
815 1906 63 52 of
915 1907 96 52 the
1052 1911 126 60 past
1217 1907 108 51 and
1370 1911 243 60 present,
1654 1906 135 53 with
1834 1907 262 64 chapters

165 2004 72 34 on
267 1984 312 67 geological
610 1984 236 66 history,
876 1984 73 65 by
982 1984 125 66 Ray
1142 1983 56 55 S.
1232 1984 245 63 Bassler,
1509 1983 237 56 Charles
1778 1985 64 50 E.
1877 1984 219 65 Resser,

163 2061 1909 133 Waldo L. Schmitt, Paul Bartsch … [New York, Smithsonian
390 2140 328 54 institution
747 2141 184 59 series,
961 2141 125 65 inc.]
1125 2144 146 49 1931.

174 2213 26 40 8
225 2224 41 37 p.
331 2243 8 16 l.,
365 2213 86 39 365
476 2223 41 37 p.
579 2214 85 38 col.
690 2213 164 46 front.,
881 2213 142 46 illus.,
1050 2211 86 41 108
1163 2213 61 47 pl.
1255 2212 131 48 (incl.
1416 2213 149 47 port.;
1596 2214 110 45 part
1735 2211 111 47 col.)
1884 2222 60 30 on
1973 2212 54 40 69
2077 2243 23 16 l.,

102 2268 1555 48 fold. tab. 24½ ᶜᵐ . (Smithsonian scientific series, v. 10)
175 2326 99 40 One
301 2327 189 39 colored
515 2327 132 46 plate
674 2325 340 48 accompanied
1041 2326 61 46 by
1128 2329 155 44 guard
1310 2327 136 39 sheet
1474 2325 118 40 with
1621 2323 291 50 descriptive
99 2325 2002 106 letter-press.

172 2439 226 40 Lettered
426 2450 59 29 on
515 2448 140 30 cover:
714 2439 206 40 Patrons
951 2438 197 41 edition.

176 2496 245 40 “Selected
448 2495 364 48 bibliography”
845 2498 51 38 at
925 2496 91 39 end
1046 2494 52 42 of
1127 2495 117 41 each
1275 2498 123 46 part.

513 2549 73 42 CONTENTS.—Pt.
636 2583 9 8 I.
675 2552 269 47 Geological
974 2551 189 48 history
1190 2552 50 40 of
1265 2553 158 39 North
1450 2552 236 47 America,
1715 2553 58 47 by
1803 2552 53 40 R.

1888 2552 44 41 S.
103 2552 1981 95 Bassler
209 2609 95 40 and
341 2609 47 40 C.
426 2610 52 38 E.
514 2609 188 39 Resser.
706 2609 129 48 —pt.
916 2639 9 9 II.
963 2608 337 48 Crustaceans,
1338 2610 61 46 by
1436 2610 69 39 W.
1545 2609 48 38 L.
1636 2609 354 48 Schmitt.—pt.
2091 2637 9 10 III.

102 2664 249 48 Mollusks,
383 2664 60 48 by
475 2666 49 38 P.
558 2666 223 39 Bartsch.

109 2717 51 51 ©
190 2721 110 40 Dec.
330 2723 68 40 17,
429 2721 111 40 1931;
600 2722 66 40 2c.
698 2723 109 38 Dec.
839 2721 55 39 24;
954 2721 81 41 aff.
1067 2722 112 41 Dec.
1209 2721 55 41 23;
1325 2723 40 37 A
1394 2722 145 40 45649;
1603 2721 334 41 Smithsonian

177 2720 1906 97 institution
360 2778 162 41 series,
550 2779 88 39 inc.
711 2778 249 48 (32-1446)

103 2841 228 66 Stopes,
363 2843 188 55 Marie
583 2844 306 55 Charlotte
923 2843 385 67 Carmichael,
1344 2849 171 51 1880-

178 2920 308 71 Enduring
512 2922 229 67 passion;
800 2921 228 53 further
1053 2941 124 34 new
1205 2922 415 54 contributions
1646 2928 58 47 to
1732 2923 98 52 the
1855 2921 246 54 solution

109 2998 64 53 of
205 3017 96 35 sex
335 2998 333 68 difficulties,
701 3000 171 68 being
903 3000 96 52 the
1034 3000 394 52 continuation
1462 2999 65 54 of
1559 3000 258 53 Married
1852 3000 141 66 love,
2029 3000 74 67 by

106 3076 1994 69 Marie Carmichael Stopes … with a preface by Morris L.
110 3155 191 52 Ernst.
378 3154 139 53 New
545 3154 179 68 York,
751 3155 257 68 London,
1035 3155 68 55 G.
1132 3156 65 52 P.
1227 3156 298 53 Putnam’s
1550 3174 148 49 sons,
1728 3158 148 51 1931.

175 3237 762 48 3 p. l., v-xxi, 181 p. 19½ ᶜᵐ .
179 3294 216 40 “Fourth
425 3293 227 41 edition.”

177 3350 350 48 Bibliography:
588 3362 42 37 p.
665 3350 215 42 179-181.

111 3402 51 52 ©
194 3408 110 41 Dec.
335 3406 67 48 10,
433 3407 106 40 1931;
604 3407 66 41 2c.
702 3409 96 39 and
827 3408 81 41 aff.
940 3409 110 39 Dec.
1083 3408 80 47 12;
1196 3408 41 39 A
1266 3408 171 45 45591;
1473 3410 62 40 M.
1568 3408 48 42 G.
1651 3408 183 48 Stopes,
177 3407 1926 103 Heather-bank,

350 3463 273 43 Hindhead,
655 3464 192 48 Surrey,
877 3466 236 47 England.
1184 3464 250 49 (32-1457)

105 3526 223 67 Swope,
357 3530 244 64 Gerard,
632 3531 169 54 1872-

169 3603 122 55 The
318 3607 201 65 Swope
545 3606 153 67 plan,
725 3605 218 70 details,
971 3606 312 69 criticisms,
1311 3608 247 68 analysis;
1616 3608 135 67 plan
1777 3607 74 70 by
1879 3606 220 56 Gerard

103 3679 1997 73 Swope … book edited by J. George Frederick … New York,
101 3757 120 54 The
255 3758 265 55 Business
553 3759 217 54 bourse.
806 3763 148 50 1931.

172 3839 492 50 221 p., 1 l. 19½ ᶜᵐ .
175 3893 341 50 “Comparison
542 3896 138 41 chart
708 3898 51 40 of
784 3899 130 43 eight
940 3897 267 42 ‘Economic
1233 3898 326 43 stabilization
1590 3900 151 48 plans’
1761 3901 23 14 ”

1815 3903 93 40 and
103 3900 1980 91 “Business
243 3951 243 43 evolution
516 3953 168 41 chart”
718 3953 97 42 laid
847 3954 64 41 in.
