2505 4370
1302 4067 101 52 608

422 491 291 41 Re-written
748 491 129 41 from
912 492 183 41 diaries
1130 494 96 39 and
1263 494 196 40 records
1494 493 52 41 of
1581 493 209 49 Captain
1827 495 166 41 James
2031 496 49 40 C.
349 496 2019 101 Critchell-Bullock,

609 549 108 41 who
756 549 345 50 accompanied
1143 551 89 42 Mr.
1274 551 203 49 Hornby
1516 562 60 31 on
1616 551 77 42 his
1731 552 107 41 first
1877 553 281 48 expedition
2199 556 48 39 to
2287 556 81 40 the

347 606 172 42 North,
582 607 62 48 cf.
673 607 233 41 Author’s
937 610 128 40 note.

353 674 52 53 ©
431 678 117 48 Apr.
605 710 9 16 8,
643 678 113 40 1931;
814 678 68 41 2c.
908 679 116 48 Apr.
1052 680 56 39 10;
1166 680 81 42 aff.
1276 681 116 47 Apr.
1419 679 26 41 9;
1503 681 40 38 A
1570 680 145 41 35685;
1775 682 252 48 Margaret
2055 683 38 41 I.
2122 683 248 48 Waldron,

422 736 206 40 Denver.
701 736 282 48 (31-10486)

346 828 299 67 Warthin,
674 828 222 57 Aldred
927 832 187 63 Scott,
1147 837 174 50 1866-

411 906 123 53 The
570 906 303 70 physician
910 907 63 54 of
1007 909 97 53 the
1141 908 178 54 dance
1354 909 62 53 of
1453 909 200 68 death;
1695 931 31 33 a
1763 907 294 56 historical
2095 909 172 71 study
2304 911 64 52 of

340 984 97 53 the
466 984 292 55 evolution
794 986 63 53 of
889 987 96 53 the
1019 987 177 54 dance
1230 987 65 53 of
1329 988 171 53 death
1532 988 233 69 mythus
1797 989 60 52 in
1893 992 108 64 art,
2036 989 75 69 by
2145 988 223 54 Aldred

343 1062 2023 75 Scott Warthin … with 92 illustrations. New York, P. B.
341 1141 246 70 Hoeber,
615 1140 127 70 inc.,
771 1146 152 50 1931.

414 1222 968 51 xvi, 142 p. incl. front., illus. 29 ᶜᵐ .
416 1279 132 42 “One
572 1281 245 40 thousand
840 1280 160 49 copies
1025 1282 52 40 of
1099 1282 100 41 this
1224 1282 124 41 book
1371 1285 124 38 have
1518 1284 119 39 been
1660 1284 209 48 printed,
1893 1285 52 40 of
1969 1284 161 42 which
2156 1286 81 40 the
2260 1285 107 43 first

343 1348 89 30 one
460 1337 224 41 hundred
714 1348 83 30 are
826 1338 170 48 signed
1026 1339 60 48 by
1116 1340 81 39 the
1228 1341 181 39 author
1438 1340 97 40 and
1565 1350 84 30 are
1679 1340 234 49 specially
1943 1343 176 39 bound.
2177 1343 119 40 This
2325 1341 42 44 is

342 1404 121 39 copy
491 1395 205 40 number
721 1393 160 43 1000.”

415 1452 300 49 “Reprinted
755 1453 120 40 with
914 1452 251 42 additions
1204 1453 97 40 and
1339 1452 298 43 corrections
1674 1454 128 40 from
1841 1456 188 41 Annals
2068 1457 52 40 of
2160 1457 205 41 medical

342 1508 1908 54 history (n. s., vol. II, nos. 4, 5, 6, 1930, and vol. III , nos. 1, 2, 1931).”
414 1568 195 40 “Dance
641 1568 52 40 of
723 1568 148 40 death
901 1566 369 50 bibliography”:
1333 1577 42 38 p.
1406 1567 217 44 128-136.

349 1638 53 54 ©
431 1644 114 47 Apr.
573 1642 40 48 9,
640 1640 114 42 1931;
812 1641 67 42 2c.
907 1642 114 48 Apr.
1050 1641 57 40 10;
1164 1641 81 42 aff.
1276 1642 115 48 Apr.
1419 1642 54 39 11;
1532 1642 40 39 A
1599 1640 145 43 35702;
1803 1642 123 41 Paul
1956 1642 53 40 B.
2041 1642 207 49 Hoeber,
2277 1643 92 41 inc.

428 1700 282 50 (31-10338)

344 1795 220 65 White,
592 1796 146 53 Paul
769 1796 250 65 Dudley,
1052 1800 172 51 1886-

410 1871 1956 73 Heart disease, by Paul Dudley White … New York, The
337 1950 337 55 Macmillan
708 1969 296 51 company,
1039 1954 151 50 1931.

413 2031 1953 53 xix p., 2 l., 3-931 p. illus., fold, tables, diagrs. 24½ ᶜᵐ . (Half-title:
343 2089 285 42 Macmillan
659 2088 207 42 medical
896 2088 353 49 monographs)

413 2147 383 48 Bibliography:
826 2157 44 38 p.
920 2146 236 50 [687]-877.

349 2218 52 53 ©
433 2222 114 48 Apr.
578 2221 54 39 21,
679 2221 114 40 1931;
853 2220 67 42 2c.
952 2221 96 39 and
1079 2219 83 42 aff.
1192 2219 115 49 Apr.
1338 2219 56 40 22;
1456 2219 38 40 A
1524 2220 137 40 36681;
1733 2218 283 43 Macmillan
2047 2231 70 30 co.

427 2279 283 49 (31-10343)

344 2373 211 64 Wolfe,
585 2375 317 64 Humbert,
935 2379 172 51 1885-

409 2451 183 70 Early
623 2469 208 50 poems,
860 2450 75 72 by
965 2448 289 57 Humbert
1282 2450 206 53 Wolfe.
1555 2450 136 52 New
1725 2449 179 70 York,
1937 2449 65 56 A.
2036 2449 70 53 A.
2140 2449 224 70 Knopf,

340 2532 151 52 1931.

481 2613 521 51 xx, 147, [1] p. 19½ ᶜᵐ .
349 2667 52 53 ©
432 2672 125 42 Mar.
586 2671 70 48 27,
687 2670 113 41 1931;
861 2669 67 43 2c.
960 2671 123 41 Mar.
1113 2670 83 48 30;
1230 2670 82 41 aff.
1345 2671 123 41 Mar.
1499 2670 82 47 28;
1615 2670 41 40 A
1686 2669 172 43 35509;
1893 2669 172 42 Alfred
2099 2670 53 40 A.
2184 2668 180 50 Knopf,

415 2728 92 43 inc.
580 2728 253 49 (31-8584)

342 2824 306 56 Woman’s
674 2824 266 54 national
972 2823 364 65 Republican
1367 2822 131 55 club
1528 2823 63 53 of
1622 2823 277 64 Chicago.

411 2899 440 70 Distinguished
903 2900 290 55 hostesses.
1284 2900 271 69 Chicago,
1606 2900 290 54 Woman’s
1949 2898 255 54 national
338 2901 2003 146 Republican

643 2978 747 71 club of Chicago [ ᶜ19 31 ]
410 3064 28 41 3
470 3074 43 38 p.
583 3094 9 18 l.,
624 3063 100 49 158,
761 3063 85 51 [24]
880 3073 43 38 p.
984 3062 147 42 23½ᶜᵐ.

411 3120 132 42 Cook
572 3120 135 41 book.

348 3174 52 53 ©
436 3179 111 41 Feb.
580 3180 39 46 1,
653 3177 141 47 1931;
829 3177 68 41 2c.
932 3178 111 40 Feb.
1076 3177 82 46 26;
1195 3177 84 41 aff.
1314 3177 110 41 Feb.
1459 3177 83 46 25;
1579 3177 39 40 A
1651 3177 172 46 34509;
1861 3176 247 42 Woman’s
2143 3170 218 48 national

418 3236 300 49 Republican
753 3236 109 40 club
894 3236 53 40 of
981 3234 224 49 Chicago.
1279 3233 251 49 (31-6854)

342 3329 260 67 Wright,
632 3330 200 53 Frank
860 3330 205 65 Lloyd,
1098 3335 172 50 1869-

481 3406 1886 72 … Modern architecture; being the Kahn lectures for 1930,
345 3488 77 70 by
460 3486 201 55 Frank
695 3487 189 69 Lloyd
923 3487 253 69 Wright.
1253 3486 316 54 Published
1611 3485 95 54 for
1743 3486 96 53 the
1879 3486 386 68 Department
2302 3484 65 53 of

346 3571 94 49 art
493 3566 115 53 and
663 3565 380 70 archaeology
1097 3564 65 55 of
1216 3564 311 53 Princeton
1582 3564 338 69 university.
2019 3563 347 67 [Princeton,

346 3645 72 53 N.
450 3645 76 67 J.]
565 3644 310 53 Princeton
908 3643 322 69 university
1264 3660 177 51 press,
1476 3645 151 51 1931.

347 3723 1999 110 7 p. l., 3-114, [1] p. front. (port.) plates. 27½ ᶜᵐ . (Princeton monographs
559 3784 50 40 in
640 3786 80 39 art
751 3785 96 40 and
877 3784 349 49 archaeology)

420 3841 231 42 “Modern
681 3843 225 46 concepts
936 3841 291 48 concerning
1257 3850 62 31 an
1351 3840 198 49 organic
1580 3839 342 48 architecture,
1953 3838 129 41 from
2116 3838 81 41 the
2230 3837 131 40 work

345 3897 54 42 of
428 3898 167 40 Frank
623 3899 152 47 Lloyd
805 3898 223 49 Wright”
1058 3909 60 30 on
1148 3897 364 49 lining-papers.

350 3952 52 54 ©
435 3956 114 48 Apr.
582 3957 37 46 1,
652 3955 141 48 1931;
828 3957 67 41 2c.
928 3956 96 41 and
1056 3955 84 41 aff.
1171 3955 114 49 Apr.
1319 3954 53 48 8;
1405 3955 40 39 A
1476 3954 171 47 36392;
1683 3952 261 43 Princeton
1976 3952 117 42 univ
2126 3960 150 41 press.

430 4013 282 50 (31-26857)
