2505 4370
1054 4039 67 53 81

106 396 317 55 American
462 399 362 69 bankruptcy
862 404 237 62 reports.
1175 399 140 52 New
1353 399 186 69 series,
1576 399 148 54 cited
1761 399 130 53 Am.
1932 401 66 51 B.
2040 400 66 53 R.

188 477 95 67 (N.
318 476 86 70 S.)
447 476 298 69 reporting
776 477 96 52 the
903 476 363 71 bankruptcy
1298 477 276 54 decisions
1606 479 113 52 and
1752 477 263 69 opinions
2048 479 61 52 in

175 555 96 53 the
298 554 218 54 United
546 553 187 56 States
763 554 65 53 of
853 554 97 53 the
979 555 220 53 federal
1227 558 206 65 courts,
1462 560 145 49 state
1635 559 188 51 courts
1851 557 114 52 and
175 555 1908 132 referees

356 633 62 52 in
450 632 375 69 bankruptcy.
903 632 213 53 Edited
1148 633 76 68 by
1258 632 152 54 Fred
1444 632 67 54 E.
1548 633 311 52 Rosbrook.
1934 654 50 32 v.
2025 639 80 48 16.

174 710 249 69 Albany,
460 710 68 51 N.
567 711 92 68 Y.,
693 710 277 52 Matthew
1008 711 225 51 Bender
1272 712 46 49 &
1355 729 298 50 company,
1689 710 418 69 incorporated,

176 791 150 49 1931.

243 866 377 50 xv, 805 p. 24 ᶜᵐ .
109 934 52 53 ©
190 939 110 40 Jan.
327 938 69 48 23,
426 937 140 48 1931;
596 936 69 43 2c.
693 937 110 41 Jan.
831 936 83 47 26;
946 936 82 43 aff.
1056 938 111 39 Jan.
1195 937 84 48 24;
1309 937 42 40 A
1379 936 171 50 32989;
1582 938 237 42 Matthew
1847 940 193 40 Bender
2068 940 38 42 &

179 1007 81 37 co.,
298 995 91 40 inc.

102 1089 317 55 American
451 1089 279 54 institute
763 1090 64 52 of
858 1088 282 54 chemical
1174 1088 330 65 engineers.

171 1168 1935 67 Transactions … v. 24, 1930 … New York, D. Van Nostrand
100 1266 297 50 company,
426 1246 126 67 inc.,
584 1248 149 51 1930.

174 1325 1410 51 iii, 251 p. illus. tables, diagrs. (part fold.) 23½ ᶜᵐ .
107 1394 1978 102 © Nov. 22, 1930; 2c. Dec. 15; aff. Jan. 20, 1931; A 33302; Amer. institute
309 1454 54 41 of
394 1454 233 41 chemical
660 1454 265 49 engineers,
960 1453 356 49 Philadelphia.

100 1548 316 54 American
446 1549 128 52 iron
603 1549 116 53 and
748 1548 148 54 steel
927 1547 296 57 institute.

171 1628 1740 69 Year book … 1930. May meeting, New York; October
99 1636 1980 140 meeting,
244 1706 138 55 New
413 1705 178 54 York.
666 1706 139 53 New
836 1705 179 70 York,
1043 1705 308 55 American
1379 1706 127 53 iron
1535 1708 112 53 and
1677 1709 135 53 steel
1841 1707 264 55 institute

105 1789 192 64 [ᶜ1931]

172 1863 1382 51 565 p. illus., plates, facsim., tables, diagrs. 24 ᶜᵐ .
105 1932 52 53 ©
196 1937 110 40 Jan.
343 1936 69 47 15,
452 1934 141 48 1931;
632 1934 67 41 2c.
739 1935 96 40 and
874 1945 82 30 aff.
996 1935 109 40 Jan.
1143 1933 84 47 20;
1268 1934 42 40 A
1346 1933 173 50 32893;
1559 1934 259 42 American
1857 1935 107 42 iron
2004 1939 96 39 and

171 1994 120 40 steel
327 1992 242 42 institute.

101 2086 315 55 American
447 2086 227 64 society
699 2086 65 53 of
789 2086 314 63 landscape
1133 2084 344 56 architects.

228 2161 1871 73 … Illustrations of work of members. New York city, The
97 2240 192 53 House
314 2241 64 52 of
401 2240 56 55 J.
484 2241 76 52 H.
588 2239 200 69 Twiss,
816 2242 149 50 1931.

169 2319 1162 52 [14] p. front., 135 pl. (incl. plans) 32½ᶜᵐ.
169 2390 356 50 “Membership
551 2391 99 48 list,
679 2391 264 39 December
972 2389 144 41 1930”:
1175 2401 43 38 p.
1251 2390 144 50 [5-10]

103 2460 1997 56 © Jan. 17, 1931; 2c. and aff. Jan. 21; A 32928; House of J. Hayden
171 2522 169 42 Twiss.
411 2521 251 49 (31-2921)

96 2616 473 65 Ashton-Wolfe,
600 2616 219 63 Harry.

166 2698 122 52 The
315 2696 122 54 clue
466 2696 65 54 of
558 2696 97 52 the
684 2693 312 69 elephant’s
1028 2693 137 53 foot.

179 2775 85 48 (In
292 2772 263 45 Pearson’s
587 2771 275 53 magazine,
894 2770 127 52 Jan.,
1053 2768 146 53 1931)

101 2843 1995 56 © 1c. Feb. 17, 1931; A ad int. 14756; pubd. Jan. 1; Christy & Moore, ltd.,
171 2907 211 40 London.

96 3001 242 64 Bagley,
365 2998 257 56 William
651 2997 311 65 Chandler,
992 2998 171 55 1874-

164 3076 343 68 Education,
528 3076 190 69 crime,
743 3075 112 53 and
879 3074 173 53 social
1075 3092 283 51 progress,
1379 3073 77 70 by
1477 3072 262 55 William
1766 3074 62 55 C.
1856 3076 235 69 Bagley.

94 3153 1371 69 New York, The Macmillan company, 1931.
232 3232 642 50 xv, 150 p. diagrs. 19½ ᶜᵐ .
166 3287 1925 51 “The papers assembled … have been prepared during the past few
95 3357 153 38 years,
287 3348 126 39 most
449 3346 52 40 of
535 3346 131 40 them
702 3355 54 30 as
793 3343 356 42 contributions
1184 3345 49 38 to
1271 3343 83 41 the
1390 3354 252 38 programs
1679 3344 54 41 of
1766 3345 323 48 professional

94 3401 470 49 meetings.”—Pref.

101 3469 52 53 ©
182 3474 109 40 Jan.
319 3472 69 49 27,
416 3470 115 42 1931;
587 3470 67 42 2c.
682 3471 108 40 Jan.
821 3469 57 42 28;
934 3469 82 41 aff.
1046 3470 110 40 Jan.
1183 3468 56 41 23;
1298 3469 42 40 A
1367 3468 146 43 33398;
1569 3472 72 40 W.
1672 3471 50 42 C.
1751 3472 196 49 Bagley,
1978 3474 119 39 New

168 3531 144 40 York.
382 3528 250 49 (31-3071)

95 3626 247 63 Bennet,
373 3624 222 53 Robert
628 3623 200 63 Ames,
864 3622 171 55 1870-

165 3699 1926 74 The roped wolf, by Robert Ames Bennett … New York,
95 3781 67 54 G.
192 3781 77 52 H.
299 3781 180 65 Watt,
511 3782 150 50 1931.

168 3862 48 40 vi
244 3871 57 39 p.,
329 3862 27 38 1
421 3892 8 16 l.,
457 3859 144 42 9-283
630 3870 43 38 p.
732 3858 147 41 19½ᶜᵐ.

102 3928 51 52 ©
181 3932 110 41 Jan.
317 3930 39 48 6,
384 3929 113 42 1931;
554 3928 68 42 2c.
650 3929 110 39 Feb.
788 3928 53 46 2;
871 3927 83 41 aff.
982 3928 110 41 Jan.
1119 3927 51 40 31;
1232 3927 41 40 A
1299 3927 145 40 34115;
1505 3928 52 41 G.
1587 3929 218 41 Howard
1831 3930 149 41 Watt.

177 3986 250 52 (31-3097)
