<alto xmlns="http://www.loc.gov/standards/alto/ns-v3#" xmlns:xlink="http://www.w3.org/1999/xlink" xmlns:xsi="http://www.w3.org/2001/XMLSchema-instance" xsi:schemaLocation="http://www.loc.gov/standards/alto/ns-v3# http://www.loc.gov/alto/v3/alto-3-0.xsd"><Description>
<MeasurementUnit>pixel</MeasurementUnit>
<sourceImageInformation>
<fileName>1931_v28_Part001.pdf</fileName>
</sourceImageInformation>
<OCRProcessing ID="IdOcr">
<ocrProcessingStep>
<processingDateTime>2019-04-22</processingDateTime>
<processingSoftware>
<softwareCreator>ABBYY</softwareCreator>
<softwareName>ABBYY Recognition Server</softwareName>
<softwareVersion>4.0</softwareVersion>
</processingSoftware>
</ocrProcessingStep>
</OCRProcessing>
</Description>
<Styles>
<ParagraphStyle ID="StyleId-FFFFFFFF-FFFF-FFFF-FFFF-FFFFFFFFFFFF-" ALIGN="Left" LEFT="0." RIGHT="0." FIRSTLINE="0."/>
<ParagraphStyle ID="StyleId-204B5AEB-67A1-44E2-A013-34B3A0F3E0EA-" ALIGN="Right" LEFT="0." RIGHT="0." FIRSTLINE="0." LINESPACE="8.300000191"/>
<ParagraphStyle ID="StyleId-03245871-796C-4429-B3C7-F9019C8C5B89-" ALIGN="Left" LEFT="0." RIGHT="0." FIRSTLINE="0." LINESPACE="12.19999981"/>
<ParagraphStyle ID="StyleId-BDCA8811-25FF-44DB-8D6F-2072A4ABC070-" ALIGN="Center" LEFT="0." RIGHT="0." FIRSTLINE="0." LINESPACE="12.19999981"/>
<ParagraphStyle ID="StyleId-2C5B7DF0-AF87-455E-B9A8-6FE387CB59BD-" ALIGN="Left" LEFT="0." RIGHT="0." FIRSTLINE="-13." LINESPACE="8.479999542"/>
<ParagraphStyle ID="StyleId-9FB72FA1-55D5-4161-8333-823D5732F4D0-" ALIGN="Block" LEFT="0." RIGHT="0." FIRSTLINE="-14." LINESPACE="10."/>
<ParagraphStyle ID="StyleId-212AEB8C-A829-4BF1-8E45-5BFE386A469C-" ALIGN="Block" LEFT="0." RIGHT="0." FIRSTLINE="-14." LINESPACE="11.35000038"/>
<ParagraphStyle ID="StyleId-4EC79CC1-EA62-49CE-ABB6-D84DDFCF4C7D-" ALIGN="Block" LEFT="0." RIGHT="0." FIRSTLINE="-10." LINESPACE="12.19999981"/>
<ParagraphStyle ID="StyleId-DAF2E8EE-6444-4951-9284-36A6C020C887-" ALIGN="Left" LEFT="0." RIGHT="0." FIRSTLINE="0." LINESPACE="9.399999619"/>
<ParagraphStyle ID="StyleId-25241749-1672-4977-B19F-38F59800D6D8-" ALIGN="Left" LEFT="0." RIGHT="0." FIRSTLINE="0." LINESPACE="11.10000038"/>
<ParagraphStyle ID="StyleId-8C523E19-EDEF-4F23-B010-536E1A1AAE1A-" ALIGN="Left" LEFT="0." RIGHT="0." FIRSTLINE="-13." LINESPACE="12.19999981"/>
<ParagraphStyle ID="StyleId-A1F9DE9E-2625-4D8B-AD7E-F0A0034C2989-" ALIGN="Block" LEFT="0." RIGHT="0." FIRSTLINE="0." LINESPACE="12.19999981"/>
<ParagraphStyle ID="StyleId-5725BB01-2B1C-440F-BAF2-696C4F4DF162-" ALIGN="Block" LEFT="0." RIGHT="0." FIRSTLINE="13." LINESPACE="12.19999981"/>
<ParagraphStyle ID="StyleId-F10A2092-61AA-44FD-99C2-123B3A8051CF-" ALIGN="Left" LEFT="0." RIGHT="0." FIRSTLINE="0." LINESPACE="5.5"/>
<ParagraphStyle ID="StyleId-B3CDC8CC-D2E1-4A23-B67C-CDD40993D1DD-" ALIGN="Left" LEFT="0." RIGHT="0." FIRSTLINE="0." LINESPACE="10."/>
<ParagraphStyle ID="StyleId-871EBF53-D909-4C8F-B368-AC7D897344DD-" ALIGN="Left" LEFT="0." RIGHT="0." FIRSTLINE="0."/>
<ParagraphStyle ID="StyleId-C4129744-680B-4878-B2C4-44BA3742C8D7-" ALIGN="Block" LEFT="0." RIGHT="0." FIRSTLINE="-14." LINESPACE="11.35000038"/>
<ParagraphStyle ID="StyleId-9CE98075-0B04-43D4-88D8-CE3BAB51B419-" ALIGN="Block" LEFT="0." RIGHT="0." FIRSTLINE="-10." LINESPACE="12.19999981"/>
<ParagraphStyle ID="StyleId-B2CFB7B3-DFFA-4E0E-94D6-C2BCE88DA9A9-" ALIGN="Left" LEFT="0." RIGHT="0." FIRSTLINE="0." LINESPACE="12.5"/>
<ParagraphStyle ID="StyleId-8D3352F3-1084-4DDE-A35D-B97102CCE686-" ALIGN="Left" LEFT="0." RIGHT="0." FIRSTLINE="0." LINESPACE="11.60000038"/>
<ParagraphStyle ID="StyleId-4A8DDA0D-166D-4E22-A597-BA51B892602D-" ALIGN="Block" LEFT="0." RIGHT="0." FIRSTLINE="0." LINESPACE="11.21000004"/>
<ParagraphStyle ID="StyleId-90EA4001-AA3C-45A1-AEDC-D1E1169EE5E5-" ALIGN="Block" LEFT="0." RIGHT="0." FIRSTLINE="13." LINESPACE="12.19999981"/>
</Styles>
<Layout>
<Page ID="Page163" PHYSICAL_IMG_NR="163" HEIGHT="4370" WIDTH="2505">
<TopMargin HEIGHT="364" WIDTH="2505" VPOS="0" HPOS="0">
</TopMargin>
<LeftMargin HEIGHT="3590" WIDTH="80" VPOS="364" HPOS="0">
</LeftMargin>
<RightMargin HEIGHT="3590" WIDTH="385" VPOS="364" HPOS="2120">
</RightMargin>
<BottomMargin HEIGHT="416" WIDTH="2505" VPOS="3954" HPOS="0">
<TextBlock ID="Page163_Block1" HEIGHT="135" WIDTH="368" VPOS="3972" HPOS="958" LANG="en-US" STYLEREFS="StyleId-34493EEA-3218-40F3-86B7-D5C96181946F-">
<TextLine HEIGHT="50" WIDTH="99" VPOS="3995" HPOS="1040">
<String CONTENT="163" HEIGHT="50" WIDTH="99" VPOS="3995" HPOS="1040"/>
</TextLine>
</TextBlock>
</BottomMargin>
<PrintSpace HEIGHT="3590" WIDTH="2040" VPOS="364" HPOS="80">
<TextBlock ID="Page163_Block2" HEIGHT="3590" WIDTH="2040" VPOS="364" HPOS="80" LANG="en-US" CS="1" STYLEREFS="StyleId-2F0F8BA6-8BF0-44D0-93B6-65F875A9596A-">
<TextLine HEIGHT="71" WIDTH="2002" VPOS="455" HPOS="107" STYLEREFS="StyleId-DB664E83-C1F4-4759-8DE7-0848BDE207F4-">
<String CONTENT="University" HEIGHT="70" WIDTH="339" VPOS="456" HPOS="107"/>
<SP HEIGHT="51" WIDTH="25" VPOS="475" HPOS="447"/>
<String CONTENT="of" HEIGHT="51" WIDTH="66" VPOS="457" HPOS="473"/>
<SP HEIGHT="54" WIDTH="26" VPOS="456" HPOS="540"/>
<String CONTENT="Chicago" HEIGHT="69" WIDTH="250" VPOS="455" HPOS="567"/>
<SP HEIGHT="54" WIDTH="32" VPOS="455" HPOS="818"/>
<String CONTENT="for" HEIGHT="53" WIDTH="94" VPOS="455" HPOS="851"/>
<SP HEIGHT="48" WIDTH="25" VPOS="460" HPOS="946"/>
<String CONTENT="the" HEIGHT="53" WIDTH="98" VPOS="455" HPOS="972"/>
<SP HEIGHT="51" WIDTH="27" VPOS="457" HPOS="1071"/>
<String CONTENT="degree" HEIGHT="66" WIDTH="203" VPOS="457" HPOS="1099"/>
<SP HEIGHT="35" WIDTH="27" VPOS="472" HPOS="1303"/>
<String CONTENT="of" HEIGHT="52" WIDTH="63" VPOS="455" HPOS="1331"/>
<SP HEIGHT="53" WIDTH="29" VPOS="455" HPOS="1395"/>
<String CONTENT="doctor" HEIGHT="52" WIDTH="196" VPOS="456" HPOS="1425"/>
<SP HEIGHT="33" WIDTH="28" VPOS="475" HPOS="1622"/>
<String CONTENT="of" HEIGHT="53" WIDTH="64" VPOS="455" HPOS="1651"/>
<SP HEIGHT="67" WIDTH="28" VPOS="455" HPOS="1716"/>
<String CONTENT="philosophy," HEIGHT="67" WIDTH="364" VPOS="455" HPOS="1745"/>
</TextLine>
<TextLine HEIGHT="72" WIDTH="2001" VPOS="531" HPOS="109" STYLEREFS="StyleId-DB664E83-C1F4-4759-8DE7-0848BDE207F4-">
<String CONTENT="September" HEIGHT="70" WIDTH="330" VPOS="533" HPOS="109"/>
<SP HEIGHT="49" WIDTH="35" VPOS="538" HPOS="440"/>
<String CONTENT="1928-June" HEIGHT="55" WIDTH="322" VPOS="534" HPOS="476"/>
<SP HEIGHT="50" WIDTH="38" VPOS="537" HPOS="799"/>
<String CONTENT="1929." HEIGHT="50" WIDTH="146" VPOS="536" HPOS="838"/>
<SP HEIGHT="54" WIDTH="77" VPOS="532" HPOS="985"/>
<String CONTENT="Chicago," HEIGHT="71" WIDTH="270" VPOS="532" HPOS="1063"/>
<SP HEIGHT="68" WIDTH="33" VPOS="533" HPOS="1334"/>
<String CONTENT="Ill.," HEIGHT="69" WIDTH="114" VPOS="532" HPOS="1368"/>
<SP HEIGHT="67" WIDTH="34" VPOS="534" HPOS="1483"/>
<String CONTENT="The" HEIGHT="54" WIDTH="123" VPOS="533" HPOS="1518"/>
<SP HEIGHT="54" WIDTH="30" VPOS="533" HPOS="1642"/>
<String CONTENT="University" HEIGHT="70" WIDTH="337" VPOS="531" HPOS="1673"/>
<SP HEIGHT="50" WIDTH="34" VPOS="551" HPOS="2011"/>
<String CONTENT="of" HEIGHT="52" WIDTH="64" VPOS="533" HPOS="2046"/>
</TextLine>
<TextLine HEIGHT="69" WIDTH="667" VPOS="612" HPOS="108" STYLEREFS="StyleId-DB664E83-C1F4-4759-8DE7-0848BDE207F4-" CS="1">
<String CONTENT="Chicago" HEIGHT="69" WIDTH="250" VPOS="612" HPOS="108"/>
<SP HEIGHT="50" WIDTH="30" VPOS="631" HPOS="359"/>
<String CONTENT="press" HEIGHT="49" WIDTH="156" VPOS="632" HPOS="390"/>
<SP HEIGHT="47" WIDTH="36" VPOS="632" HPOS="547"/>
<String CONTENT="[" HEIGHT="33" WIDTH="12" VPOS="646" HPOS="584"/>
<String STYLE="superscript" CS="1" CONTENT="&#7580;1"/>
<String CONTENT="931]" HEIGHT="65" WIDTH="117" VPOS="614" HPOS="658"/>
</TextLine>
<TextLine HEIGHT="50" WIDTH="912" VPOS="691" HPOS="175" CS="1">
<String CONTENT="xi," HEIGHT="49" WIDTH="64" VPOS="692" HPOS="175"/>
<SP HEIGHT="48" WIDTH="31" VPOS="693" HPOS="240"/>
<String CONTENT="484" HEIGHT="41" WIDTH="88" VPOS="692" HPOS="272"/>
<SP HEIGHT="48" WIDTH="30" VPOS="693" HPOS="361"/>
<String CONTENT="p." HEIGHT="38" WIDTH="43" VPOS="703" HPOS="392"/>
<SP HEIGHT="39" WIDTH="60" VPOS="693" HPOS="436"/>
<String CONTENT="tables," HEIGHT="47" WIDTH="168" VPOS="693" HPOS="497"/>
<SP HEIGHT="47" WIDTH="33" VPOS="693" HPOS="666"/>
<String CONTENT="diagrs." HEIGHT="49" WIDTH="180" VPOS="691" HPOS="700"/>
<SP HEIGHT="40" WIDTH="58" VPOS="691" HPOS="881"/>
<String CS="1" CONTENT="23&#189;" HEIGHT="41" WIDTH="58" VPOS="691" HPOS="940"/>
<String STYLE="superscript" CS="1" CONTENT="&#7580;&#7504;"/>
<String CONTENT="." HEIGHT="8" WIDTH="8" VPOS="722" HPOS="1079"/>
</TextLine>
<TextLine HEIGHT="52" WIDTH="1997" VPOS="745" HPOS="109">
<String CONTENT="&#169;" HEIGHT="52" WIDTH="52" VPOS="745" HPOS="109"/>
<SP HEIGHT="52" WIDTH="29" VPOS="745" HPOS="162"/>
<String CONTENT="Jan." HEIGHT="40" WIDTH="109" VPOS="750" HPOS="192"/>
<SP HEIGHT="40" WIDTH="29" VPOS="749" HPOS="302"/>
<String CONTENT="27," HEIGHT="47" WIDTH="69" VPOS="749" HPOS="332"/>
<SP HEIGHT="47" WIDTH="31" VPOS="749" HPOS="402"/>
<String CONTENT="1931;" HEIGHT="47" WIDTH="140" VPOS="748" HPOS="434"/>
<SP HEIGHT="46" WIDTH="30" VPOS="749" HPOS="575"/>
<String CONTENT="2c." HEIGHT="40" WIDTH="68" VPOS="749" HPOS="606"/>
<SP HEIGHT="30" WIDTH="30" VPOS="759" HPOS="675"/>
<String CONTENT="and" HEIGHT="39" WIDTH="97" VPOS="750" HPOS="706"/>
<SP HEIGHT="38" WIDTH="27" VPOS="750" HPOS="804"/>
<String CONTENT="aff." HEIGHT="40" WIDTH="82" VPOS="748" HPOS="832"/>
<SP HEIGHT="40" WIDTH="31" VPOS="748" HPOS="915"/>
<String CONTENT="Feb." HEIGHT="41" WIDTH="110" VPOS="748" HPOS="947"/>
<SP HEIGHT="40" WIDTH="30" VPOS="748" HPOS="1058"/>
<String CONTENT="19;" HEIGHT="48" WIDTH="81" VPOS="747" HPOS="1089"/>
<SP HEIGHT="47" WIDTH="33" VPOS="748" HPOS="1171"/>
<!-- cceid DE2B9C64-6E8D-1014-9CF5-AEB3FCA41D69 --><String CONTENT="A" HEIGHT="39" WIDTH="41" VPOS="748" HPOS="1205"/>
<SP HEIGHT="40" WIDTH="29" VPOS="748" HPOS="1247"/>
<String CONTENT="33838;" HEIGHT="48" WIDTH="172" VPOS="747" HPOS="1277"/>
<SP HEIGHT="47" WIDTH="33" VPOS="748" HPOS="1450"/>
<String CONTENT="University" HEIGHT="47" WIDTH="282" VPOS="746" HPOS="1484"/>
<SP HEIGHT="35" WIDTH="31" VPOS="758" HPOS="1767"/>
<String CONTENT="of" HEIGHT="39" WIDTH="52" VPOS="748" HPOS="1799"/>
<SP HEIGHT="40" WIDTH="31" VPOS="747" HPOS="1852"/>
<String CONTENT="Chicago," HEIGHT="49" WIDTH="222" VPOS="746" HPOS="1884"/>
</TextLine>
<TextLine HEIGHT="50" WIDTH="223" VPOS="805" HPOS="176">
<String CONTENT="Chicago." HEIGHT="50" WIDTH="223" VPOS="805" HPOS="176"/>
</TextLine>
<TextLine HEIGHT="71" WIDTH="2005" VPOS="898" HPOS="102" STYLEREFS="StyleId-DB664E83-C1F4-4759-8DE7-0848BDE207F4-" CS="1">
<String CONTENT="A" HEIGHT="51" WIDTH="56" VPOS="902" HPOS="102"/>
<SP HEIGHT="53" WIDTH="25" VPOS="901" HPOS="159"/>
<String CONTENT="Christmas" HEIGHT="55" WIDTH="339" VPOS="899" HPOS="185"/>
<SP HEIGHT="38" WIDTH="22" VPOS="916" HPOS="525"/>
<String CONTENT="chime" HEIGHT="52" WIDTH="183" VPOS="902" HPOS="548"/>
<SP HEIGHT="34" WIDTH="23" VPOS="920" HPOS="732"/>
<String CONTENT="of" HEIGHT="51" WIDTH="63" VPOS="902" HPOS="756"/>
<SP HEIGHT="51" WIDTH="24" VPOS="902" HPOS="820"/>
<String CONTENT="mission" HEIGHT="53" WIDTH="234" VPOS="901" HPOS="845"/>
<SP HEIGHT="52" WIDTH="22" VPOS="902" HPOS="1080"/>
<String CONTENT="bells" HEIGHT="53" WIDTH="141" VPOS="901" HPOS="1103"/>
<SP HEIGHT="34" WIDTH="31" VPOS="919" HPOS="1245"/>
<String CS="1" CONTENT="&#8230;"/>
<SP HEIGHT="55" WIDTH="80" VPOS="900" HPOS="1334"/>
<String CONTENT="San" HEIGHT="55" WIDTH="117" VPOS="900" HPOS="1415"/>
<SP HEIGHT="52" WIDTH="26" VPOS="900" HPOS="1533"/>
<String CONTENT="Francisco," HEIGHT="70" WIDTH="323" VPOS="899" HPOS="1560"/>
<SP HEIGHT="69" WIDTH="27" VPOS="900" HPOS="1884"/>
<String CONTENT="Calif.," HEIGHT="71" WIDTH="195" VPOS="898" HPOS="1912"/>
</TextLine>
<TextLine HEIGHT="51" WIDTH="150" VPOS="978" HPOS="172" STYLEREFS="StyleId-DB664E83-C1F4-4759-8DE7-0848BDE207F4-">
<String CONTENT="1930." HEIGHT="51" WIDTH="150" VPOS="978" HPOS="172"/>
</TextLine>
<TextLine HEIGHT="52" WIDTH="541" VPOS="1054" HPOS="172" CS="1">
<String CONTENT="5" HEIGHT="41" WIDTH="27" VPOS="1054" HPOS="172"/>
<SP/>
<String CONTENT="p." HEIGHT="39" WIDTH="45" VPOS="1066" HPOS="227"/>
<SP/>
<String CS="1" CONTENT="l.,"/>
<SP/>
<String CS="1" CONTENT="[22]" HEIGHT="51" WIDTH="72" VPOS="1055" HPOS="390"/>
<SP HEIGHT="40" WIDTH="30" VPOS="1066" HPOS="463"/>
<String CONTENT="p." HEIGHT="39" WIDTH="45" VPOS="1066" HPOS="494"/>
<SP HEIGHT="42" WIDTH="55" VPOS="1056" HPOS="540"/>
<String CONTENT="16" HEIGHT="41" WIDTH="59" VPOS="1056" HPOS="596"/>
<String STYLE="superscript" CS="1" CONTENT="&#7580;&#7504;"/>
<String CONTENT="." HEIGHT="10" WIDTH="10" VPOS="1087" HPOS="703"/>
</TextLine>
<TextLine HEIGHT="49" WIDTH="987" VPOS="1112" HPOS="170">
<String CONTENT="Prefatory" HEIGHT="49" WIDTH="264" VPOS="1112" HPOS="170"/>
<SP HEIGHT="38" WIDTH="24" VPOS="1123" HPOS="435"/>
<String CONTENT="note" HEIGHT="39" WIDTH="113" VPOS="1114" HPOS="460"/>
<SP HEIGHT="30" WIDTH="24" VPOS="1123" HPOS="574"/>
<String CONTENT="signed" HEIGHT="49" WIDTH="167" VPOS="1112" HPOS="599"/>
<SP HEIGHT="40" WIDTH="16" VPOS="1113" HPOS="767"/>
<String CONTENT=":" HEIGHT="30" WIDTH="10" VPOS="1123" HPOS="784"/>
<SP HEIGHT="40" WIDTH="30" VPOS="1113" HPOS="795"/>
<String CONTENT="A." HEIGHT="40" WIDTH="53" VPOS="1113" HPOS="826"/>
<SP HEIGHT="40" WIDTH="27" VPOS="1113" HPOS="880"/>
<String CONTENT="Andrews." HEIGHT="41" WIDTH="249" VPOS="1112" HPOS="908"/>
</TextLine>
<TextLine HEIGHT="50" WIDTH="547" VPOS="1168" HPOS="171">
<String CONTENT="&#8220;Privately" HEIGHT="48" WIDTH="281" VPOS="1169" HPOS="171"/>
<SP HEIGHT="38" WIDTH="27" VPOS="1180" HPOS="453"/>
<String CONTENT="printed.&#8221;" HEIGHT="50" WIDTH="237" VPOS="1168" HPOS="481"/>
</TextLine>
<TextLine HEIGHT="54" WIDTH="1999" VPOS="1225" HPOS="107">
<String CONTENT="&#169;" HEIGHT="53" WIDTH="51" VPOS="1226" HPOS="107"/>
<SP HEIGHT="53" WIDTH="26" VPOS="1226" HPOS="159"/>
<String CONTENT="Dec." HEIGHT="41" WIDTH="112" VPOS="1230" HPOS="186"/>
<SP HEIGHT="41" WIDTH="26" VPOS="1230" HPOS="299"/>
<String CONTENT="6," HEIGHT="47" WIDTH="39" VPOS="1230" HPOS="326"/>
<SP HEIGHT="47" WIDTH="26" VPOS="1230" HPOS="366"/>
<String CONTENT="1930" HEIGHT="42" WIDTH="118" VPOS="1228" HPOS="393"/>
<SP HEIGHT="48" WIDTH="13" VPOS="1228" HPOS="512"/>
<String CONTENT=";" HEIGHT="36" WIDTH="8" VPOS="1240" HPOS="526"/>
<SP HEIGHT="48" WIDTH="28" VPOS="1228" HPOS="535"/>
<String CONTENT="2c." HEIGHT="41" WIDTH="67" VPOS="1228" HPOS="564"/>
<SP HEIGHT="41" WIDTH="27" VPOS="1228" HPOS="632"/>
<String CONTENT="Jan." HEIGHT="41" WIDTH="110" VPOS="1228" HPOS="660"/>
<SP HEIGHT="40" WIDTH="26" VPOS="1229" HPOS="771"/>
<String CONTENT="10," HEIGHT="49" WIDTH="69" VPOS="1227" HPOS="798"/>
<SP HEIGHT="48" WIDTH="27" VPOS="1228" HPOS="868"/>
<String CONTENT="1931" HEIGHT="42" WIDTH="113" VPOS="1226" HPOS="896"/>
<SP HEIGHT="46" WIDTH="18" VPOS="1228" HPOS="1010"/>
<String CONTENT=";" HEIGHT="36" WIDTH="8" VPOS="1238" HPOS="1029"/>
<SP HEIGHT="36" WIDTH="30" VPOS="1238" HPOS="1038"/>
<String CONTENT="aff." HEIGHT="41" WIDTH="82" VPOS="1226" HPOS="1069"/>
<SP HEIGHT="40" WIDTH="28" VPOS="1227" HPOS="1152"/>
<String CONTENT="Jan." HEIGHT="40" WIDTH="111" VPOS="1227" HPOS="1181"/>
<SP HEIGHT="41" WIDTH="26" VPOS="1226" HPOS="1293"/>
<String CONTENT="27" HEIGHT="41" WIDTH="57" VPOS="1226" HPOS="1320"/>
<SP HEIGHT="46" WIDTH="16" VPOS="1228" HPOS="1378"/>
<String CONTENT=";" HEIGHT="37" WIDTH="8" VPOS="1237" HPOS="1395"/>
<SP HEIGHT="47" WIDTH="29" VPOS="1227" HPOS="1404"/>
<!-- cceid DE2C62F8-6E8D-1014-9CF5-AEB3FCA41D69 --><String CONTENT="A" HEIGHT="39" WIDTH="44" VPOS="1227" HPOS="1434"/>
<SP HEIGHT="41" WIDTH="24" VPOS="1226" HPOS="1479"/>
<String CONTENT="34032;" HEIGHT="48" WIDTH="171" VPOS="1225" HPOS="1504"/>
<SP HEIGHT="46" WIDTH="30" VPOS="1227" HPOS="1676"/>
<String CONTENT="Alice" HEIGHT="41" WIDTH="134" VPOS="1226" HPOS="1707"/>
<SP HEIGHT="38" WIDTH="26" VPOS="1229" HPOS="1842"/>
<String CONTENT="Lorraine" HEIGHT="41" WIDTH="237" VPOS="1226" HPOS="1869"/>
</TextLine>
<TextLine HEIGHT="52" WIDTH="1133" VPOS="1283" HPOS="171" CS="1">
<String CONTENT="Andrews," HEIGHT="48" WIDTH="249" VPOS="1287" HPOS="171"/>
<SP HEIGHT="49" WIDTH="28" VPOS="1286" HPOS="421"/>
<String CONTENT="San" HEIGHT="41" WIDTH="96" VPOS="1286" HPOS="450"/>
<SP HEIGHT="38" WIDTH="23" VPOS="1287" HPOS="547"/>
<String CONTENT="Anselmo," HEIGHT="46" WIDTH="239" VPOS="1287" HPOS="571"/>
<SP HEIGHT="48" WIDTH="27" VPOS="1285" HPOS="811"/>
<String CONTENT="Calif." HEIGHT="41" WIDTH="144" VPOS="1284" HPOS="839"/>
<SP HEIGHT="48" WIDTH="69" VPOS="1284" HPOS="984"/>
<String CS="1" CONTENT="(31-4425)" HEIGHT="49" WIDTH="250" VPOS="1283" HPOS="1054"/>
</TextLine>
<TextLine HEIGHT="67" WIDTH="757" VPOS="1379" HPOS="102" STYLEREFS="StyleId-DB664E83-C1F4-4759-8DE7-0848BDE207F4-">
<String CONTENT="Cicero," HEIGHT="65" WIDTH="219" VPOS="1381" HPOS="102"/>
<SP HEIGHT="64" WIDTH="26" VPOS="1382" HPOS="322"/>
<String CONTENT="Marcus" HEIGHT="52" WIDTH="239" VPOS="1382" HPOS="349"/>
<SP HEIGHT="52" WIDTH="26" VPOS="1381" HPOS="589"/>
<String CONTENT="Tullius." HEIGHT="56" WIDTH="243" VPOS="1379" HPOS="616"/>
</TextLine>
<TextLine HEIGHT="70" WIDTH="1930" VPOS="1454" HPOS="170" STYLEREFS="StyleId-DB664E83-C1F4-4759-8DE7-0848BDE207F4-">
<String CONTENT="Selected" HEIGHT="56" WIDTH="256" VPOS="1456" HPOS="170"/>
<SP HEIGHT="53" WIDTH="28" VPOS="1458" HPOS="427"/>
<String CONTENT="letters" HEIGHT="52" WIDTH="194" VPOS="1458" HPOS="456"/>
<SP HEIGHT="34" WIDTH="29" VPOS="1476" HPOS="651"/>
<String CONTENT="of" HEIGHT="54" WIDTH="65" VPOS="1456" HPOS="681"/>
<SP HEIGHT="55" WIDTH="28" VPOS="1456" HPOS="747"/>
<String CONTENT="Cicero," HEIGHT="67" WIDTH="216" VPOS="1456" HPOS="776"/>
<SP HEIGHT="49" WIDTH="30" VPOS="1474" HPOS="993"/>
<String CONTENT="edited" HEIGHT="54" WIDTH="188" VPOS="1455" HPOS="1024"/>
<SP HEIGHT="53" WIDTH="30" VPOS="1455" HPOS="1213"/>
<String CONTENT="by" HEIGHT="69" WIDTH="76" VPOS="1455" HPOS="1244"/>
<SP HEIGHT="69" WIDTH="27" VPOS="1455" HPOS="1321"/>
<String CONTENT="Hubert" HEIGHT="53" WIDTH="230" VPOS="1454" HPOS="1349"/>
<SP HEIGHT="52" WIDTH="31" VPOS="1455" HPOS="1580"/>
<String CONTENT="McNeill" HEIGHT="53" WIDTH="252" VPOS="1454" HPOS="1612"/>
<SP HEIGHT="52" WIDTH="29" VPOS="1455" HPOS="1865"/>
<String CONTENT="Poteat" HEIGHT="52" WIDTH="205" VPOS="1455" HPOS="1895"/>
</TextLine>
<TextLine HEIGHT="149" WIDTH="1977" VPOS="1532" HPOS="97" STYLEREFS="StyleId-DB664E83-C1F4-4759-8DE7-0848BDE207F4-" CS="1">
<String CS="1" CONTENT="&#8230;"/>
<SP HEIGHT="52" WIDTH="82" VPOS="1535" HPOS="160"/>
<String CONTENT="Rev." HEIGHT="53" WIDTH="137" VPOS="1535" HPOS="243"/>
<SP HEIGHT="51" WIDTH="80" VPOS="1536" HPOS="381"/>
<String CONTENT="Boston," HEIGHT="67" WIDTH="235" VPOS="1536" HPOS="462"/>
<SP HEIGHT="69" WIDTH="40" VPOS="1534" HPOS="698"/>
<String CONTENT="New" HEIGHT="53" WIDTH="138" VPOS="1534" HPOS="739"/>
<SP HEIGHT="52" WIDTH="45" VPOS="1534" HPOS="878"/>
<String CONTENT="York" HEIGHT="52" WIDTH="163" VPOS="1533" HPOS="924"/>
<SP HEIGHT="66" WIDTH="47" VPOS="1533" HPOS="1088"/>
<String CONTENT="[etc.]" HEIGHT="62" WIDTH="139" VPOS="1538" HPOS="1136"/>
<SP HEIGHT="67" WIDTH="47" VPOS="1533" HPOS="1276"/>
<String CONTENT="D." HEIGHT="52" WIDTH="72" VPOS="1533" HPOS="1324"/>
<SP HEIGHT="55" WIDTH="45" VPOS="1532" HPOS="1397"/>
<String CONTENT="C." HEIGHT="55" WIDTH="63" VPOS="1532" HPOS="1443"/>
<SP HEIGHT="52" WIDTH="45" VPOS="1532" HPOS="1507"/>
<String CONTENT="Heath" HEIGHT="53" WIDTH="196" VPOS="1532" HPOS="1553"/>
<SP HEIGHT="52" WIDTH="42" VPOS="1532" HPOS="1750"/>
<String CONTENT="and" HEIGHT="52" WIDTH="113" VPOS="1533" HPOS="1793"/>
<SP HEIGHT="52" WIDTH="45" VPOS="1533" HPOS="1907"/>
<String CONTENT="company" HEIGHT="131" WIDTH="1977" VPOS="1550" HPOS="97"/>
<SP HEIGHT="51" WIDTH="34" VPOS="1630" HPOS="252"/>
<String CONTENT="[" HEIGHT="34" WIDTH="14" VPOS="1645" HPOS="287"/>
<String STYLE="superscript" CS="1" CONTENT="&#7580;1"/>
<String CONTENT="931]" HEIGHT="65" WIDTH="121" VPOS="1614" HPOS="361"/>
</TextLine>
<TextLine HEIGHT="51" WIDTH="651" VPOS="1691" HPOS="166" CS="1">
<String CONTENT="xiv" HEIGHT="40" WIDTH="84" VPOS="1692" HPOS="166"/>
<SP HEIGHT="39" WIDTH="23" VPOS="1703" HPOS="251"/>
<String LANG="fr" CONTENT="p.," HEIGHT="39" WIDTH="57" VPOS="1703" HPOS="275"/>
<SP HEIGHT="48" WIDTH="27" VPOS="1693" HPOS="333"/>
<String CONTENT="1" HEIGHT="39" WIDTH="24" VPOS="1693" HPOS="361"/>
<SP/>
<String CS="1" CONTENT="l.,"/>
<SP/>
<String CONTENT="276" HEIGHT="43" WIDTH="87" VPOS="1691" HPOS="485"/>
<SP HEIGHT="49" WIDTH="25" VPOS="1691" HPOS="573"/>
<String CONTENT="p." HEIGHT="38" WIDTH="41" VPOS="1702" HPOS="599"/>
<SP HEIGHT="41" WIDTH="59" VPOS="1692" HPOS="641"/>
<String CONTENT="19" HEIGHT="42" WIDTH="57" VPOS="1691" HPOS="701"/>
<String STYLE="superscript" CS="1" CONTENT="&#7580;&#7504;"/>
<String CONTENT="." HEIGHT="10" WIDTH="10" VPOS="1726" HPOS="807"/>
</TextLine>
<TextLine HEIGHT="52" WIDTH="1887" VPOS="1746" HPOS="103">
<String CONTENT="&#169;" HEIGHT="52" WIDTH="51" VPOS="1746" HPOS="103"/>
<SP HEIGHT="52" WIDTH="27" VPOS="1746" HPOS="155"/>
<String CONTENT="Jan." HEIGHT="40" WIDTH="109" VPOS="1751" HPOS="183"/>
<SP HEIGHT="40" WIDTH="24" VPOS="1751" HPOS="293"/>
<String CONTENT="26," HEIGHT="47" WIDTH="69" VPOS="1751" HPOS="318"/>
<SP HEIGHT="47" WIDTH="26" VPOS="1751" HPOS="388"/>
<String CONTENT="1931" HEIGHT="41" WIDTH="112" VPOS="1750" HPOS="415"/>
<SP HEIGHT="45" WIDTH="18" VPOS="1751" HPOS="528"/>
<String CONTENT=";" HEIGHT="36" WIDTH="8" VPOS="1760" HPOS="547"/>
<SP HEIGHT="46" WIDTH="28" VPOS="1750" HPOS="556"/>
<String CONTENT="2c." HEIGHT="41" WIDTH="67" VPOS="1750" HPOS="585"/>
<SP HEIGHT="40" WIDTH="28" VPOS="1751" HPOS="653"/>
<String CONTENT="Feb." HEIGHT="40" WIDTH="108" VPOS="1751" HPOS="682"/>
<SP HEIGHT="41" WIDTH="26" VPOS="1750" HPOS="791"/>
<String CONTENT="5" HEIGHT="40" WIDTH="28" VPOS="1750" HPOS="818"/>
<SP HEIGHT="47" WIDTH="14" VPOS="1750" HPOS="847"/>
<String CONTENT=";" HEIGHT="37" WIDTH="8" VPOS="1760" HPOS="862"/>
<SP HEIGHT="37" WIDTH="29" VPOS="1760" HPOS="871"/>
<String CONTENT="aff." HEIGHT="41" WIDTH="82" VPOS="1749" HPOS="901"/>
<SP HEIGHT="38" WIDTH="27" VPOS="1751" HPOS="984"/>
<String CONTENT="Feb." HEIGHT="40" WIDTH="109" VPOS="1750" HPOS="1012"/>
<SP HEIGHT="39" WIDTH="25" VPOS="1750" HPOS="1122"/>
<String CONTENT="4" HEIGHT="38" WIDTH="29" VPOS="1750" HPOS="1148"/>
<SP HEIGHT="45" WIDTH="14" VPOS="1750" HPOS="1178"/>
<String CONTENT=";" HEIGHT="36" WIDTH="8" VPOS="1759" HPOS="1193"/>
<SP HEIGHT="46" WIDTH="29" VPOS="1749" HPOS="1202"/>
<!-- cceid DE2D2E1F-6E8D-1014-9CF5-AEB3FCA41D69 --><String CONTENT="A" HEIGHT="40" WIDTH="40" VPOS="1749" HPOS="1232"/>
<SP HEIGHT="41" WIDTH="25" VPOS="1749" HPOS="1273"/>
<String CONTENT="33550" HEIGHT="41" WIDTH="145" VPOS="1749" HPOS="1299"/>
<SP HEIGHT="45" WIDTH="16" VPOS="1749" HPOS="1445"/>
<String CONTENT=";" HEIGHT="35" WIDTH="8" VPOS="1759" HPOS="1462"/>
<SP HEIGHT="45" WIDTH="31" VPOS="1749" HPOS="1471"/>
<String CONTENT="D." HEIGHT="40" WIDTH="55" VPOS="1749" HPOS="1503"/>
<SP HEIGHT="40" WIDTH="29" VPOS="1749" HPOS="1559"/>
<String CONTENT="C." HEIGHT="40" WIDTH="49" VPOS="1749" HPOS="1589"/>
<SP HEIGHT="40" WIDTH="28" VPOS="1749" HPOS="1639"/>
<String CONTENT="Heath" HEIGHT="42" WIDTH="162" VPOS="1748" HPOS="1668"/>
<SP HEIGHT="42" WIDTH="27" VPOS="1748" HPOS="1831"/>
<String CONTENT="&amp;" HEIGHT="41" WIDTH="37" VPOS="1749" HPOS="1859"/>
<SP HEIGHT="41" WIDTH="23" VPOS="1749" HPOS="1897"/>
<String CONTENT="co." HEIGHT="31" WIDTH="69" VPOS="1760" HPOS="1921"/>
</TextLine>
<TextLine HEIGHT="50" WIDTH="253" VPOS="1806" HPOS="180">
<String CONTENT="(31-4199)" HEIGHT="50" WIDTH="253" VPOS="1806" HPOS="180"/>
</TextLine>
<TextLine HEIGHT="67" WIDTH="638" VPOS="1902" HPOS="99" STYLEREFS="StyleId-DB664E83-C1F4-4759-8DE7-0848BDE207F4-">
<String LANG="en-US" CONTENT="Clayton," HEIGHT="66" WIDTH="268" VPOS="1903" HPOS="99"/>
<SP HEIGHT="66" WIDTH="27" VPOS="1903" HPOS="368"/>
<String LANG="de" CONTENT="Petronilla." HEIGHT="56" WIDTH="341" VPOS="1902" HPOS="396"/>
</TextLine>
<TextLine HEIGHT="72" WIDTH="1934" VPOS="1976" HPOS="164" STYLEREFS="StyleId-DB664E83-C1F4-4759-8DE7-0848BDE207F4-">
<String CONTENT="Dancing" HEIGHT="70" WIDTH="265" VPOS="1976" HPOS="164"/>
<SP HEIGHT="68" WIDTH="30" VPOS="1978" HPOS="430"/>
<String CONTENT="desire," HEIGHT="66" WIDTH="196" VPOS="1977" HPOS="461"/>
<SP HEIGHT="66" WIDTH="29" VPOS="1977" HPOS="658"/>
<String CONTENT="by" HEIGHT="71" WIDTH="75" VPOS="1977" HPOS="688"/>
<SP HEIGHT="70" WIDTH="31" VPOS="1978" HPOS="764"/>
<String LANG="de" CONTENT="Petronilla" HEIGHT="54" WIDTH="315" VPOS="1976" HPOS="796"/>
<SP HEIGHT="55" WIDTH="33" VPOS="1977" HPOS="1112"/>
<String CONTENT="Clayton." HEIGHT="70" WIDTH="260" VPOS="1976" HPOS="1146"/>
<SP HEIGHT="55" WIDTH="70" VPOS="1977" HPOS="1407"/>
<String CONTENT="Cleveland," HEIGHT="67" WIDTH="325" VPOS="1977" HPOS="1478"/>
<SP HEIGHT="67" WIDTH="35" VPOS="1977" HPOS="1804"/>
<String CONTENT="O.," HEIGHT="69" WIDTH="86" VPOS="1977" HPOS="1840"/>
<SP HEIGHT="69" WIDTH="34" VPOS="1977" HPOS="1927"/>
<String CONTENT="New" HEIGHT="53" WIDTH="136" VPOS="1977" HPOS="1962"/>
</TextLine>
<TextLine HEIGHT="72" WIDTH="1560" VPOS="2054" HPOS="95" STYLEREFS="StyleId-DB664E83-C1F4-4759-8DE7-0848BDE207F4-" CS="1">
<String CONTENT="York," HEIGHT="71" WIDTH="177" VPOS="2054" HPOS="95"/>
<SP HEIGHT="70" WIDTH="33" VPOS="2055" HPOS="273"/>
<String LANG="fr" CONTENT="N." HEIGHT="54" WIDTH="68" VPOS="2055" HPOS="307"/>
<SP HEIGHT="54" WIDTH="37" VPOS="2055" HPOS="376"/>
<String CONTENT="Y.," HEIGHT="68" WIDTH="88" VPOS="2055" HPOS="414"/>
<SP HEIGHT="68" WIDTH="38" VPOS="2055" HPOS="503"/>
<String CONTENT="International" HEIGHT="54" WIDTH="415" VPOS="2054" HPOS="542"/>
<SP HEIGHT="53" WIDTH="37" VPOS="2054" HPOS="958"/>
<String CONTENT="fiction" HEIGHT="54" WIDTH="192" VPOS="2054" HPOS="996"/>
<SP HEIGHT="51" WIDTH="34" VPOS="2055" HPOS="1189"/>
<String CONTENT="library" HEIGHT="72" WIDTH="219" VPOS="2054" HPOS="1224"/>
<SP HEIGHT="49" WIDTH="38" VPOS="2077" HPOS="1444"/>
<String STYLE="subscript" CONTENT="[" HEIGHT="34" WIDTH="13" VPOS="2090" HPOS="1483"/>
<String STYLE="superscript" CS="1" CONTENT="&#7580;1"/>
<String CS="1" CONTENT="931]" HEIGHT="49" WIDTH="98" VPOS="2058" HPOS="1557"/>
</TextLine>
<TextLine HEIGHT="50" WIDTH="627" VPOS="2136" HPOS="163" CS="1">
<String LANG="en-US" CONTENT="2" HEIGHT="40" WIDTH="28" VPOS="2139" HPOS="163"/>
<SP HEIGHT="47" WIDTH="25" VPOS="2139" HPOS="192"/>
<String LANG="fr" CONTENT="p." HEIGHT="39" WIDTH="44" VPOS="2147" HPOS="218"/>
<SP/>
<String LANG="fr" CS="1" CONTENT="l.,"/>
<SP/>
<String LANG="en-US" CONTENT="9-275" HEIGHT="43" WIDTH="147" VPOS="2137" HPOS="366"/>
<SP HEIGHT="48" WIDTH="27" VPOS="2138" HPOS="514"/>
<String LANG="en-US" CONTENT="p." HEIGHT="39" WIDTH="43" VPOS="2147" HPOS="542"/>
<SP HEIGHT="43" WIDTH="58" VPOS="2136" HPOS="586"/>
<String LANG="en-US" CS="1" CONTENT="19&#189;" HEIGHT="42" WIDTH="57" VPOS="2136" HPOS="645"/>
<String STYLE="superscript" LANG="en-US" CS="1" CONTENT="&#7580;&#7504;"/>
<String LANG="en-US" CONTENT="." HEIGHT="8" WIDTH="9" VPOS="2171" HPOS="781"/>
</TextLine>
<TextLine HEIGHT="53" WIDTH="1997" VPOS="2191" HPOS="101">
<String CONTENT="&#169;" HEIGHT="52" WIDTH="51" VPOS="2191" HPOS="101"/>
<SP HEIGHT="52" WIDTH="32" VPOS="2191" HPOS="153"/>
<String CONTENT="Feb." HEIGHT="41" WIDTH="111" VPOS="2195" HPOS="186"/>
<SP HEIGHT="41" WIDTH="30" VPOS="2195" HPOS="298"/>
<String CONTENT="12," HEIGHT="48" WIDTH="68" VPOS="2195" HPOS="329"/>
<SP HEIGHT="48" WIDTH="33" VPOS="2195" HPOS="398"/>
<String CONTENT="1931" HEIGHT="42" WIDTH="114" VPOS="2194" HPOS="432"/>
<SP HEIGHT="47" WIDTH="16" VPOS="2195" HPOS="547"/>
<String CONTENT=";" HEIGHT="37" WIDTH="9" VPOS="2205" HPOS="564"/>
<SP HEIGHT="47" WIDTH="34" VPOS="2195" HPOS="574"/>
<String CONTENT="2c." HEIGHT="40" WIDTH="65" VPOS="2195" HPOS="609"/>
<SP HEIGHT="29" WIDTH="34" VPOS="2207" HPOS="675"/>
<String CONTENT="and" HEIGHT="40" WIDTH="95" VPOS="2196" HPOS="710"/>
<SP HEIGHT="39" WIDTH="32" VPOS="2196" HPOS="806"/>
<String CONTENT="aff." HEIGHT="41" WIDTH="82" VPOS="2194" HPOS="839"/>
<SP HEIGHT="40" WIDTH="33" VPOS="2195" HPOS="922"/>
<String CONTENT="Feb." HEIGHT="39" WIDTH="111" VPOS="2195" HPOS="956"/>
<SP HEIGHT="39" WIDTH="31" VPOS="2195" HPOS="1068"/>
<String CONTENT="16" HEIGHT="40" WIDTH="57" VPOS="2195" HPOS="1100"/>
<SP HEIGHT="47" WIDTH="15" VPOS="2195" HPOS="1158"/>
<String CONTENT=";" HEIGHT="37" WIDTH="9" VPOS="2205" HPOS="1174"/>
<SP HEIGHT="47" WIDTH="34" VPOS="2195" HPOS="1184"/>
<!-- cceid DE2DFF4D-6E8D-1014-9CF5-AEB3FCA41D69 --><String CONTENT="A" HEIGHT="39" WIDTH="42" VPOS="2195" HPOS="1219"/>
<SP HEIGHT="39" WIDTH="30" VPOS="2195" HPOS="1262"/>
<String CONTENT="33767" HEIGHT="41" WIDTH="146" VPOS="2195" HPOS="1293"/>
<SP HEIGHT="46" WIDTH="15" VPOS="2196" HPOS="1440"/>
<String CONTENT=";" HEIGHT="36" WIDTH="8" VPOS="2206" HPOS="1456"/>
<SP HEIGHT="46" WIDTH="36" VPOS="2196" HPOS="1465"/>
<String CONTENT="World" HEIGHT="40" WIDTH="167" VPOS="2196" HPOS="1502"/>
<SP HEIGHT="40" WIDTH="33" VPOS="2196" HPOS="1670"/>
<String CONTENT="syndicate" HEIGHT="48" WIDTH="250" VPOS="2195" HPOS="1704"/>
<SP HEIGHT="37" WIDTH="34" VPOS="2207" HPOS="1955"/>
<String CONTENT="pub." HEIGHT="47" WIDTH="108" VPOS="2197" HPOS="1990"/>
</TextLine>
<TextLine HEIGHT="49" WIDTH="388" VPOS="2252" HPOS="167">
<String CONTENT="co." HEIGHT="31" WIDTH="68" VPOS="2263" HPOS="167"/>
<SP HEIGHT="49" WIDTH="67" VPOS="2252" HPOS="236"/>
<String CONTENT="(31-4176)" HEIGHT="49" WIDTH="251" VPOS="2252" HPOS="304"/>
</TextLine>
<TextLine HEIGHT="72" WIDTH="1636" VPOS="2346" HPOS="98" STYLEREFS="StyleId-DB664E83-C1F4-4759-8DE7-0848BDE207F4-">
<String CONTENT="Conference" HEIGHT="54" WIDTH="361" VPOS="2346" HPOS="98"/>
<SP HEIGHT="36" WIDTH="31" VPOS="2363" HPOS="460"/>
<String CONTENT="of" HEIGHT="52" WIDTH="64" VPOS="2347" HPOS="492"/>
<SP HEIGHT="53" WIDTH="26" VPOS="2346" HPOS="557"/>
<String CONTENT="liberal" HEIGHT="54" WIDTH="206" VPOS="2346" HPOS="584"/>
<SP HEIGHT="53" WIDTH="29" VPOS="2347" HPOS="791"/>
<String CONTENT="arts" HEIGHT="49" WIDTH="132" VPOS="2351" HPOS="821"/>
<SP HEIGHT="37" WIDTH="27" VPOS="2363" HPOS="954"/>
<String CONTENT="colleges," HEIGHT="66" WIDTH="269" VPOS="2346" HPOS="982"/>
<SP HEIGHT="64" WIDTH="32" VPOS="2348" HPOS="1252"/>
<String CONTENT="Chicago," HEIGHT="70" WIDTH="268" VPOS="2348" HPOS="1285"/>
<SP HEIGHT="64" WIDTH="32" VPOS="2354" HPOS="1554"/>
<String CONTENT="1930." HEIGHT="49" WIDTH="147" VPOS="2353" HPOS="1587"/>
</TextLine>
<TextLine HEIGHT="71" WIDTH="1929" VPOS="2423" HPOS="163" STYLEREFS="StyleId-DB664E83-C1F4-4759-8DE7-0848BDE207F4-">
<String CONTENT="The" HEIGHT="52" WIDTH="122" VPOS="2425" HPOS="163"/>
<SP HEIGHT="52" WIDTH="41" VPOS="2426" HPOS="286"/>
<String CONTENT="Liberal" HEIGHT="55" WIDTH="232" VPOS="2423" HPOS="328"/>
<SP HEIGHT="51" WIDTH="43" VPOS="2426" HPOS="561"/>
<String CONTENT="arts" HEIGHT="49" WIDTH="117" VPOS="2429" HPOS="605"/>
<SP HEIGHT="34" WIDTH="42" VPOS="2444" HPOS="723"/>
<String CONTENT="college" HEIGHT="68" WIDTH="211" VPOS="2424" HPOS="766"/>
<SP HEIGHT="35" WIDTH="41" VPOS="2443" HPOS="978"/>
<String CONTENT="movement," HEIGHT="62" WIDTH="338" VPOS="2429" HPOS="1020"/>
<SP HEIGHT="48" WIDTH="43" VPOS="2443" HPOS="1359"/>
<String CONTENT="edited" HEIGHT="54" WIDTH="189" VPOS="2425" HPOS="1403"/>
<SP HEIGHT="53" WIDTH="41" VPOS="2426" HPOS="1593"/>
<String CONTENT="by" HEIGHT="68" WIDTH="75" VPOS="2426" HPOS="1635"/>
<SP HEIGHT="68" WIDTH="43" VPOS="2426" HPOS="1711"/>
<String CONTENT="Archie" HEIGHT="54" WIDTH="212" VPOS="2425" HPOS="1755"/>
<SP HEIGHT="53" WIDTH="42" VPOS="2427" HPOS="1968"/>
<String CONTENT="M." HEIGHT="53" WIDTH="81" VPOS="2427" HPOS="2011"/>
</TextLine>
<TextLine HEIGHT="71" WIDTH="2001" VPOS="2501" HPOS="93" STYLEREFS="StyleId-DB664E83-C1F4-4759-8DE7-0848BDE207F4-">
<String CONTENT="Palmer" HEIGHT="54" WIDTH="229" VPOS="2501" HPOS="93"/>
<SP HEIGHT="48" WIDTH="14" VPOS="2522" HPOS="323"/>
<String CONTENT=";" HEIGHT="48" WIDTH="12" VPOS="2522" HPOS="338"/>
<SP HEIGHT="50" WIDTH="32" VPOS="2520" HPOS="351"/>
<String CONTENT="proceedings" HEIGHT="68" WIDTH="370" VPOS="2502" HPOS="384"/>
<SP HEIGHT="34" WIDTH="27" VPOS="2521" HPOS="755"/>
<String CONTENT="of" HEIGHT="54" WIDTH="64" VPOS="2501" HPOS="783"/>
<SP HEIGHT="54" WIDTH="25" VPOS="2501" HPOS="848"/>
<String CONTENT="the" HEIGHT="52" WIDTH="96" VPOS="2503" HPOS="874"/>
<SP HEIGHT="55" WIDTH="28" VPOS="2503" HPOS="971"/>
<String CONTENT="Conference" HEIGHT="56" WIDTH="351" VPOS="2502" HPOS="1000"/>
<SP HEIGHT="34" WIDTH="26" VPOS="2521" HPOS="1352"/>
<String CONTENT="of" HEIGHT="52" WIDTH="65" VPOS="2502" HPOS="1379"/>
<SP HEIGHT="52" WIDTH="27" VPOS="2502" HPOS="1445"/>
<String CONTENT="liberal" HEIGHT="55" WIDTH="202" VPOS="2501" HPOS="1473"/>
<SP HEIGHT="53" WIDTH="28" VPOS="2503" HPOS="1676"/>
<String CONTENT="arts" HEIGHT="47" WIDTH="118" VPOS="2509" HPOS="1705"/>
<SP HEIGHT="34" WIDTH="29" VPOS="2522" HPOS="1824"/>
<String CONTENT="colleges" HEIGHT="69" WIDTH="240" VPOS="2503" HPOS="1854"/>
</TextLine>
<TextLine HEIGHT="73" WIDTH="1998" VPOS="2578" HPOS="93" STYLEREFS="StyleId-DB664E83-C1F4-4759-8DE7-0848BDE207F4-" CS="1">
<String CONTENT="held" HEIGHT="54" WIDTH="132" VPOS="2578" HPOS="93"/>
<SP HEIGHT="53" WIDTH="30" VPOS="2579" HPOS="226"/>
<String CONTENT="in" HEIGHT="55" WIDTH="61" VPOS="2579" HPOS="257"/>
<SP HEIGHT="55" WIDTH="30" VPOS="2580" HPOS="319"/>
<String CONTENT="Chicago," HEIGHT="70" WIDTH="271" VPOS="2578" HPOS="350"/>
<SP HEIGHT="65" WIDTH="29" VPOS="2581" HPOS="622"/>
<String CONTENT="March" HEIGHT="52" WIDTH="203" VPOS="2581" HPOS="652"/>
<SP HEIGHT="53" WIDTH="32" VPOS="2581" HPOS="856"/>
<String CONTENT="18-20," HEIGHT="62" WIDTH="186" VPOS="2583" HPOS="889"/>
<SP HEIGHT="60" WIDTH="32" VPOS="2585" HPOS="1076"/>
<String CONTENT="1930." HEIGHT="50" WIDTH="151" VPOS="2583" HPOS="1109"/>
<SP HEIGHT="33" WIDTH="80" VPOS="2614" HPOS="1261"/>
<String CS="1" CONTENT="[New" HEIGHT="53" WIDTH="139" VPOS="2580" HPOS="1359"/>
<SP HEIGHT="51" WIDTH="31" VPOS="2583" HPOS="1499"/>
<String CONTENT="York," HEIGHT="70" WIDTH="180" VPOS="2581" HPOS="1531"/>
<SP HEIGHT="68" WIDTH="31" VPOS="2583" HPOS="1712"/>
<String CONTENT="Printed" HEIGHT="55" WIDTH="242" VPOS="2581" HPOS="1744"/>
<SP HEIGHT="54" WIDTH="28" VPOS="2582" HPOS="1987"/>
<String CONTENT="by" HEIGHT="68" WIDTH="75" VPOS="2582" HPOS="2016"/>
</TextLine>
<TextLine HEIGHT="69" WIDTH="1168" VPOS="2657" HPOS="92" STYLEREFS="StyleId-DB664E83-C1F4-4759-8DE7-0848BDE207F4-" CS="1">
<String LANG="fr" CONTENT="J." HEIGHT="54" WIDTH="54" VPOS="2657" HPOS="92"/>
<SP HEIGHT="54" WIDTH="27" VPOS="2658" HPOS="147"/>
<String CONTENT="J." HEIGHT="54" WIDTH="56" VPOS="2658" HPOS="175"/>
<SP HEIGHT="52" WIDTH="25" VPOS="2658" HPOS="232"/>
<String CONTENT="Little" HEIGHT="53" WIDTH="180" VPOS="2657" HPOS="258"/>
<SP HEIGHT="35" WIDTH="24" VPOS="2675" HPOS="439"/>
<String CONTENT="and" HEIGHT="53" WIDTH="112" VPOS="2658" HPOS="464"/>
<SP HEIGHT="53" WIDTH="25" VPOS="2658" HPOS="577"/>
<String CONTENT="Ives" HEIGHT="52" WIDTH="129" VPOS="2659" HPOS="603"/>
<SP HEIGHT="35" WIDTH="26" VPOS="2676" HPOS="733"/>
<String CONTENT="company," HEIGHT="51" WIDTH="297" VPOS="2675" HPOS="760"/>
<SP HEIGHT="63" WIDTH="26" VPOS="2663" HPOS="1058"/>
<String STYLE="superscript" CS="1" CONTENT="&#7580;1"/>
<String CONTENT="930]" HEIGHT="65" WIDTH="119" VPOS="2661" HPOS="1141"/>
</TextLine>
<TextLine HEIGHT="49" WIDTH="613" VPOS="2738" HPOS="163" CS="1">
<String LANG="en-US" CONTENT="3" HEIGHT="40" WIDTH="27" VPOS="2738" HPOS="163"/>
<SP HEIGHT="49" WIDTH="25" VPOS="2738" HPOS="191"/>
<String LANG="fr" CONTENT="p." HEIGHT="39" WIDTH="44" VPOS="2748" HPOS="217"/>
<SP/>
<String LANG="fr" CS="1" CONTENT="l.,"/>
<SP/>
<String LANG="en-US" CONTENT="3-187" HEIGHT="40" WIDTH="145" VPOS="2739" HPOS="358"/>
<SP HEIGHT="47" WIDTH="23" VPOS="2740" HPOS="504"/>
<String LANG="en-US" CONTENT="p." HEIGHT="38" WIDTH="44" VPOS="2749" HPOS="528"/>
<SP HEIGHT="40" WIDTH="57" VPOS="2739" HPOS="573"/>
<String LANG="en-US" CS="1" CONTENT="19&#189;" HEIGHT="41" WIDTH="57" VPOS="2738" HPOS="631"/>
<String STYLE="superscript" LANG="en-US" CS="1" CONTENT="&#7580;&#7504;"/>
<String LANG="en-US" CONTENT="." HEIGHT="9" WIDTH="8" VPOS="2771" HPOS="768"/>
</TextLine>
<TextLine HEIGHT="56" WIDTH="1996" VPOS="2789" HPOS="99">
<String CONTENT="&#169;" HEIGHT="53" WIDTH="51" VPOS="2789" HPOS="99"/>
<SP HEIGHT="53" WIDTH="35" VPOS="2789" HPOS="151"/>
<String CONTENT="May" HEIGHT="47" WIDTH="114" VPOS="2795" HPOS="187"/>
<SP HEIGHT="47" WIDTH="32" VPOS="2795" HPOS="302"/>
<String CONTENT="26," HEIGHT="48" WIDTH="68" VPOS="2795" HPOS="335"/>
<SP HEIGHT="48" WIDTH="37" VPOS="2795" HPOS="404"/>
<String CONTENT="1930;" HEIGHT="48" WIDTH="140" VPOS="2794" HPOS="442"/>
<SP HEIGHT="46" WIDTH="36" VPOS="2796" HPOS="583"/>
<String CONTENT="2c." HEIGHT="40" WIDTH="67" VPOS="2796" HPOS="620"/>
<SP HEIGHT="30" WIDTH="35" VPOS="2806" HPOS="688"/>
<String CONTENT="and" HEIGHT="39" WIDTH="96" VPOS="2797" HPOS="724"/>
<SP HEIGHT="39" WIDTH="34" VPOS="2797" HPOS="821"/>
<String CONTENT="aff." HEIGHT="41" WIDTH="82" VPOS="2795" HPOS="856"/>
<SP HEIGHT="40" WIDTH="34" VPOS="2796" HPOS="939"/>
<String CONTENT="Feb." HEIGHT="40" WIDTH="111" VPOS="2796" HPOS="974"/>
<SP HEIGHT="40" WIDTH="35" VPOS="2796" HPOS="1086"/>
<String CONTENT="11," HEIGHT="48" WIDTH="68" VPOS="2796" HPOS="1122"/>
<SP HEIGHT="48" WIDTH="36" VPOS="2796" HPOS="1191"/>
<String CONTENT="1931;" HEIGHT="48" WIDTH="141" VPOS="2794" HPOS="1228"/>
<SP HEIGHT="46" WIDTH="37" VPOS="2796" HPOS="1370"/>
<!-- cceid DE2ECD1B-6E8D-1014-9CF5-AEB3FCA41D69 --><String CONTENT="A" HEIGHT="39" WIDTH="41" VPOS="2796" HPOS="1408"/>
<SP HEIGHT="40" WIDTH="34" VPOS="2796" HPOS="1450"/>
<String CONTENT="33676;" HEIGHT="47" WIDTH="170" VPOS="2795" HPOS="1485"/>
<SP HEIGHT="46" WIDTH="37" VPOS="2796" HPOS="1656"/>
<String CONTENT="A." HEIGHT="42" WIDTH="54" VPOS="2796" HPOS="1694"/>
<SP HEIGHT="41" WIDTH="38" VPOS="2797" HPOS="1749"/>
<String CONTENT="M." HEIGHT="39" WIDTH="62" VPOS="2797" HPOS="1788"/>
<SP HEIGHT="39" WIDTH="36" VPOS="2797" HPOS="1851"/>
<String CONTENT="Palmer," HEIGHT="48" WIDTH="207" VPOS="2797" HPOS="1888"/>
</TextLine>
<TextLine HEIGHT="49" WIDTH="609" VPOS="2853" HPOS="167">
<String CONTENT="New" HEIGHT="40" WIDTH="117" VPOS="2853" HPOS="167"/>
<SP HEIGHT="39" WIDTH="24" VPOS="2854" HPOS="285"/>
<String CONTENT="York." HEIGHT="39" WIDTH="144" VPOS="2854" HPOS="310"/>
<SP HEIGHT="48" WIDTH="71" VPOS="2853" HPOS="455"/>
<String CONTENT="(31-4449)" HEIGHT="49" WIDTH="249" VPOS="2853" HPOS="527"/>
</TextLine>
<TextLine HEIGHT="67" WIDTH="1129" VPOS="2946" HPOS="96" STYLEREFS="StyleId-DB664E83-C1F4-4759-8DE7-0848BDE207F4-">
<String CONTENT="Constantin-Weyer," HEIGHT="67" WIDTH="612" VPOS="2946" HPOS="96"/>
<SP HEIGHT="64" WIDTH="31" VPOS="2949" HPOS="709"/>
<String CONTENT="Maurice," HEIGHT="65" WIDTH="280" VPOS="2947" HPOS="741"/>
<SP HEIGHT="57" WIDTH="31" VPOS="2955" HPOS="1022"/>
<String CONTENT="1881-" HEIGHT="49" WIDTH="171" VPOS="2954" HPOS="1054"/>
</TextLine>
<TextLine HEIGHT="73" WIDTH="1934" VPOS="3021" HPOS="159" STYLEREFS="StyleId-DB664E83-C1F4-4759-8DE7-0848BDE207F4-" CS="1">
<String CONTENT="Towards" HEIGHT="54" WIDTH="274" VPOS="3021" HPOS="159"/>
<SP HEIGHT="47" WIDTH="33" VPOS="3029" HPOS="434"/>
<String CONTENT="the" HEIGHT="52" WIDTH="97" VPOS="3025" HPOS="468"/>
<SP HEIGHT="52" WIDTH="32" VPOS="3024" HPOS="566"/>
<String CONTENT="West," HEIGHT="68" WIDTH="174" VPOS="3024" HPOS="599"/>
<SP HEIGHT="70" WIDTH="33" VPOS="3022" HPOS="774"/>
<String CONTENT="by" HEIGHT="72" WIDTH="75" VPOS="3022" HPOS="808"/>
<SP HEIGHT="69" WIDTH="33" VPOS="3025" HPOS="884"/>
<String CONTENT="Maurice" HEIGHT="56" WIDTH="257" VPOS="3022" HPOS="918"/>
<SP HEIGHT="56" WIDTH="35" VPOS="3023" HPOS="1176"/>
<String CONTENT="Constantin-Weyer" HEIGHT="70" WIDTH="571" VPOS="3023" HPOS="1212"/>
<SP HEIGHT="38" WIDTH="40" VPOS="3043" HPOS="1784"/>
<String CS="1" CONTENT="&#8230;"/>
<SP HEIGHT="55" WIDTH="74" VPOS="3025" HPOS="1881"/>
<String CONTENT="New" HEIGHT="54" WIDTH="137" VPOS="3025" HPOS="1956"/>
</TextLine>
<TextLine HEIGHT="75" WIDTH="1180" VPOS="3097" HPOS="94" STYLEREFS="StyleId-DB664E83-C1F4-4759-8DE7-0848BDE207F4-" CS="1">
<String CONTENT="York," HEIGHT="66" WIDTH="173" VPOS="3097" HPOS="94"/>
<SP HEIGHT="64" WIDTH="30" VPOS="3099" HPOS="268"/>
<String CONTENT="The" HEIGHT="53" WIDTH="124" VPOS="3099" HPOS="299"/>
<SP HEIGHT="52" WIDTH="26" VPOS="3100" HPOS="424"/>
<String CONTENT="Macaulay" HEIGHT="72" WIDTH="306" VPOS="3100" HPOS="451"/>
<SP HEIGHT="53" WIDTH="28" VPOS="3119" HPOS="758"/>
<String CONTENT="company" HEIGHT="53" WIDTH="276" VPOS="3118" HPOS="787"/>
<SP HEIGHT="49" WIDTH="37" VPOS="3122" HPOS="1064"/>
<String CS="1" CONTENT="["/>
<String STYLE="superscript" CS="1" CONTENT="&#7580;1"/>
<String CS="1" CONTENT="931]" HEIGHT="49" WIDTH="98" VPOS="3104" HPOS="1176"/>
</TextLine>
<TextLine HEIGHT="50" WIDTH="623" VPOS="3182" HPOS="161" STYLEREFS="StyleId-DB664E83-C1F4-4759-8DE7-0848BDE207F4-" CS="1">
<String LANG="en-US" CONTENT="3" HEIGHT="41" WIDTH="27" VPOS="3182" HPOS="161"/>
<SP HEIGHT="48" WIDTH="28" VPOS="3182" HPOS="189"/>
<String LANG="fr" CONTENT="p." HEIGHT="38" WIDTH="41" VPOS="3192" HPOS="218"/>
<SP/>
<String LANG="fr" CS="1" CONTENT="l.,"/>
<SP/>
<String LANG="en-US" CONTENT="9-253" HEIGHT="42" WIDTH="144" VPOS="3183" HPOS="362"/>
<SP HEIGHT="48" WIDTH="27" VPOS="3184" HPOS="507"/>
<String LANG="en-US" CONTENT="p." HEIGHT="38" WIDTH="43" VPOS="3194" HPOS="535"/>
<SP HEIGHT="40" WIDTH="58" VPOS="3184" HPOS="579"/>
<String LANG="en-US" CS="1" CONTENT="19&#189;&#7580;&#7504;." HEIGHT="41" WIDTH="146" VPOS="3184" HPOS="638"/>
</TextLine>
<TextLine HEIGHT="57" WIDTH="1798" VPOS="3234" HPOS="99" CS="1">
<String CONTENT="&#169;" HEIGHT="53" WIDTH="51" VPOS="3234" HPOS="99"/>
<SP HEIGHT="53" WIDTH="30" VPOS="3234" HPOS="151"/>
<String CONTENT="Jan." HEIGHT="42" WIDTH="109" VPOS="3239" HPOS="182"/>
<SP HEIGHT="42" WIDTH="27" VPOS="3239" HPOS="292"/>
<String CONTENT="22," HEIGHT="47" WIDTH="69" VPOS="3239" HPOS="320"/>
<SP HEIGHT="46" WIDTH="29" VPOS="3240" HPOS="390"/>
<String CS="1" CONTENT="1931;" HEIGHT="41" WIDTH="113" VPOS="3239" HPOS="420"/>
<SP HEIGHT="40" WIDTH="29" VPOS="3240" HPOS="562"/>
<String CONTENT="2c." HEIGHT="41" WIDTH="68" VPOS="3240" HPOS="592"/>
<SP HEIGHT="40" WIDTH="29" VPOS="3241" HPOS="661"/>
<String CONTENT="Feb." HEIGHT="40" WIDTH="111" VPOS="3241" HPOS="691"/>
<SP HEIGHT="40" WIDTH="29" VPOS="3241" HPOS="803"/>
<String CS="1" CONTENT="6;" HEIGHT="40" WIDTH="28" VPOS="3241" HPOS="833"/>
<SP HEIGHT="30" WIDTH="34" VPOS="3252" HPOS="884"/>
<String CONTENT="aff." HEIGHT="41" WIDTH="82" VPOS="3240" HPOS="919"/>
<SP HEIGHT="40" WIDTH="29" VPOS="3241" HPOS="1002"/>
<String CONTENT="Feb." HEIGHT="40" WIDTH="109" VPOS="3241" HPOS="1032"/>
<SP HEIGHT="39" WIDTH="31" VPOS="3242" HPOS="1142"/>
<String CONTENT="7;" HEIGHT="46" WIDTH="52" VPOS="3242" HPOS="1174"/>
<SP HEIGHT="46" WIDTH="34" VPOS="3242" HPOS="1227"/>
<!-- cceid DE2F94CB-6E8D-1014-9CF5-AEB3FCA41D69 --><String CONTENT="A" HEIGHT="38" WIDTH="39" VPOS="3242" HPOS="1262"/>
<SP HEIGHT="40" WIDTH="29" VPOS="3241" HPOS="1302"/>
<String CONTENT="34249;" HEIGHT="48" WIDTH="171" VPOS="3241" HPOS="1332"/>
<SP HEIGHT="45" WIDTH="34" VPOS="3244" HPOS="1504"/>
<String CONTENT="Macaulay" HEIGHT="47" WIDTH="259" VPOS="3244" HPOS="1539"/>
<SP HEIGHT="37" WIDTH="28" VPOS="3254" HPOS="1799"/>
<String CONTENT="co." HEIGHT="29" WIDTH="69" VPOS="3255" HPOS="1828"/>
</TextLine>
<TextLine HEIGHT="49" WIDTH="248" VPOS="3295" HPOS="175" CS="1">
<String CS="1" CONTENT="(31-4181)" HEIGHT="49" WIDTH="248" VPOS="3295" HPOS="175"/>
</TextLine>
<TextLine HEIGHT="64" WIDTH="973" VPOS="3391" HPOS="95" STYLEREFS="StyleId-DB664E83-C1F4-4759-8DE7-0848BDE207F4-">
<String CONTENT="Costello," HEIGHT="64" WIDTH="270" VPOS="3391" HPOS="95"/>
<SP HEIGHT="61" WIDTH="26" VPOS="3394" HPOS="366"/>
<String CONTENT="Sister" HEIGHT="53" WIDTH="185" VPOS="3394" HPOS="393"/>
<SP HEIGHT="52" WIDTH="24" VPOS="3394" HPOS="579"/>
<String CONTENT="Mary" HEIGHT="61" WIDTH="173" VPOS="3394" HPOS="604"/>
<SP HEIGHT="62" WIDTH="27" VPOS="3393" HPOS="778"/>
<String CONTENT="Loretto." HEIGHT="54" WIDTH="262" VPOS="3393" HPOS="806"/>
</TextLine>
<TextLine HEIGHT="74" WIDTH="1931" VPOS="3467" HPOS="160" STYLEREFS="StyleId-DB664E83-C1F4-4759-8DE7-0848BDE207F4-">
<String CONTENT="The" HEIGHT="53" WIDTH="121" VPOS="3467" HPOS="160"/>
<SP HEIGHT="55" WIDTH="46" VPOS="3467" HPOS="282"/>
<String CONTENT="Sisters" HEIGHT="55" WIDTH="209" VPOS="3467" HPOS="329"/>
<SP HEIGHT="34" WIDTH="42" VPOS="3487" HPOS="539"/>
<String CONTENT="of" HEIGHT="52" WIDTH="65" VPOS="3469" HPOS="582"/>
<SP HEIGHT="52" WIDTH="42" VPOS="3469" HPOS="648"/>
<String CONTENT="mercy" HEIGHT="50" WIDTH="190" VPOS="3488" HPOS="691"/>
<SP HEIGHT="50" WIDTH="43" VPOS="3488" HPOS="882"/>
<String CONTENT="of" HEIGHT="53" WIDTH="64" VPOS="3469" HPOS="926"/>
<SP HEIGHT="52" WIDTH="41" VPOS="3469" HPOS="991"/>
<String CONTENT="Maryland," HEIGHT="68" WIDTH="331" VPOS="3470" HPOS="1033"/>
<SP HEIGHT="63" WIDTH="45" VPOS="3474" HPOS="1365"/>
<String CONTENT="1855-1930," HEIGHT="65" WIDTH="327" VPOS="3474" HPOS="1411"/>
<SP HEIGHT="68" WIDTH="44" VPOS="3471" HPOS="1739"/>
<String CONTENT="by" HEIGHT="70" WIDTH="76" VPOS="3471" HPOS="1784"/>
<SP HEIGHT="70" WIDTH="47" VPOS="3471" HPOS="1861"/>
<String CONTENT="Sister" HEIGHT="56" WIDTH="182" VPOS="3471" HPOS="1909"/>
</TextLine>
<TextLine HEIGHT="75" WIDTH="2000" VPOS="3542" HPOS="91" STYLEREFS="StyleId-DB664E83-C1F4-4759-8DE7-0848BDE207F4-" CS="1">
<String CONTENT="Mary" HEIGHT="70" WIDTH="169" VPOS="3542" HPOS="91"/>
<SP HEIGHT="67" WIDTH="31" VPOS="3545" HPOS="261"/>
<String CONTENT="Loretto" HEIGHT="54" WIDTH="234" VPOS="3545" HPOS="293"/>
<SP HEIGHT="54" WIDTH="37" VPOS="3545" HPOS="528"/>
<String CONTENT="Costello" HEIGHT="54" WIDTH="247" VPOS="3545" HPOS="566"/>
<SP HEIGHT="34" WIDTH="39" VPOS="3565" HPOS="814"/>
<String CS="1" CONTENT="&#8230;"/>
<SP HEIGHT="32" WIDTH="40" VPOS="3566" HPOS="911"/>
<String CONTENT="with" HEIGHT="52" WIDTH="141" VPOS="3547" HPOS="952"/>
<SP HEIGHT="52" WIDTH="33" VPOS="3547" HPOS="1094"/>
<String CONTENT="an" HEIGHT="33" WIDTH="73" VPOS="3566" HPOS="1128"/>
<SP HEIGHT="52" WIDTH="32" VPOS="3547" HPOS="1202"/>
<String CONTENT="introduction" HEIGHT="54" WIDTH="391" VPOS="3547" HPOS="1235"/>
<SP HEIGHT="53" WIDTH="34" VPOS="3548" HPOS="1627"/>
<String CONTENT="by" HEIGHT="69" WIDTH="77" VPOS="3548" HPOS="1662"/>
<SP HEIGHT="64" WIDTH="34" VPOS="3553" HPOS="1740"/>
<String CONTENT="the" HEIGHT="53" WIDTH="95" VPOS="3549" HPOS="1775"/>
<SP HEIGHT="52" WIDTH="35" VPOS="3550" HPOS="1871"/>
<String CONTENT="Right" HEIGHT="68" WIDTH="184" VPOS="3549" HPOS="1907"/>
</TextLine>
<TextLine HEIGHT="74" WIDTH="1999" VPOS="3619" HPOS="91" STYLEREFS="StyleId-DB664E83-C1F4-4759-8DE7-0848BDE207F4-" CS="1">
<String CONTENT="Reverend" HEIGHT="55" WIDTH="293" VPOS="3619" HPOS="91"/>
<SP HEIGHT="52" WIDTH="30" VPOS="3622" HPOS="385"/>
<String CONTENT="Thomas" HEIGHT="55" WIDTH="249" VPOS="3622" HPOS="416"/>
<SP HEIGHT="53" WIDTH="28" VPOS="3624" HPOS="666"/>
<String CONTENT="J." HEIGHT="53" WIDTH="56" VPOS="3624" HPOS="695"/>
<SP HEIGHT="56" WIDTH="32" VPOS="3623" HPOS="752"/>
<String CONTENT="Shahan" HEIGHT="56" WIDTH="235" VPOS="3623" HPOS="785"/>
<SP HEIGHT="33" WIDTH="32" VPOS="3643" HPOS="1021"/>
<String CS="1" CONTENT="&#8230;"/>
<SP HEIGHT="55" WIDTH="72" VPOS="3624" HPOS="1111"/>
<String CONTENT="St." HEIGHT="55" WIDTH="85" VPOS="3624" HPOS="1184"/>
<SP HEIGHT="52" WIDTH="26" VPOS="3625" HPOS="1270"/>
<String CONTENT="Louis," HEIGHT="68" WIDTH="194" VPOS="3625" HPOS="1297"/>
<SP HEIGHT="67" WIDTH="26" VPOS="3626" HPOS="1492"/>
<String CONTENT="Mo.," HEIGHT="67" WIDTH="136" VPOS="3626" HPOS="1519"/>
<SP HEIGHT="49" WIDTH="30" VPOS="3644" HPOS="1656"/>
<String CONTENT="and" HEIGHT="52" WIDTH="113" VPOS="3627" HPOS="1687"/>
<SP HEIGHT="53" WIDTH="28" VPOS="3626" HPOS="1801"/>
<String CONTENT="London," HEIGHT="67" WIDTH="260" VPOS="3626" HPOS="1830"/>
</TextLine>
<TextLine HEIGHT="74" WIDTH="805" VPOS="3696" HPOS="91" STYLEREFS="StyleId-DB664E83-C1F4-4759-8DE7-0848BDE207F4-">
<String CONTENT="B." HEIGHT="53" WIDTH="66" VPOS="3696" HPOS="91"/>
<SP HEIGHT="53" WIDTH="28" VPOS="3697" HPOS="158"/>
<String CONTENT="Herder" HEIGHT="54" WIDTH="227" VPOS="3697" HPOS="187"/>
<SP HEIGHT="54" WIDTH="26" VPOS="3698" HPOS="415"/>
<String CONTENT="book" HEIGHT="54" WIDTH="147" VPOS="3698" HPOS="442"/>
<SP HEIGHT="53" WIDTH="26" VPOS="3699" HPOS="590"/>
<String CONTENT="co.," HEIGHT="52" WIDTH="96" VPOS="3718" HPOS="617"/>
<SP HEIGHT="65" WIDTH="31" VPOS="3705" HPOS="714"/>
<String CONTENT="1931." HEIGHT="50" WIDTH="150" VPOS="3704" HPOS="746"/>
</TextLine>
<TextLine HEIGHT="52" WIDTH="1094" VPOS="3777" HPOS="159" CS="1">
<String CONTENT="xvi," HEIGHT="48" WIDTH="96" VPOS="3777" HPOS="159"/>
<SP HEIGHT="48" WIDTH="27" VPOS="3777" HPOS="256"/>
<String CONTENT="249" HEIGHT="41" WIDTH="87" VPOS="3777" HPOS="284"/>
<SP HEIGHT="50" WIDTH="25" VPOS="3777" HPOS="372"/>
<String CONTENT="p." HEIGHT="38" WIDTH="44" VPOS="3789" HPOS="398"/>
<SP HEIGHT="39" WIDTH="58" VPOS="3779" HPOS="443"/>
<String CONTENT="front.," HEIGHT="43" WIDTH="162" VPOS="3779" HPOS="502"/>
<SP HEIGHT="39" WIDTH="30" VPOS="3790" HPOS="665"/>
<String CONTENT="plates," HEIGHT="47" WIDTH="171" VPOS="3782" HPOS="696"/>
<SP HEIGHT="38" WIDTH="29" VPOS="3791" HPOS="868"/>
<String CONTENT="ports." HEIGHT="45" WIDTH="148" VPOS="3784" HPOS="898"/>
<SP HEIGHT="41" WIDTH="59" VPOS="3782" HPOS="1047"/>
<String CS="1" CONTENT="23&#189;" HEIGHT="41" WIDTH="56" VPOS="3782" HPOS="1107"/>
<String STYLE="superscript" CS="1" CONTENT="&#7580;&#7504;"/>
<String CONTENT="." HEIGHT="7" WIDTH="9" VPOS="3816" HPOS="1244"/>
</TextLine>
<TextLine HEIGHT="61" WIDTH="1995" VPOS="3829" HPOS="98">
<String CONTENT="&#169;" HEIGHT="52" WIDTH="52" VPOS="3829" HPOS="98"/>
<SP HEIGHT="52" WIDTH="35" VPOS="3829" HPOS="151"/>
<String CONTENT="Jan." HEIGHT="42" WIDTH="109" VPOS="3834" HPOS="187"/>
<SP HEIGHT="41" WIDTH="35" VPOS="3835" HPOS="297"/>
<String CONTENT="28," HEIGHT="48" WIDTH="68" VPOS="3835" HPOS="333"/>
<SP HEIGHT="46" WIDTH="38" VPOS="3837" HPOS="402"/>
<String CONTENT="1931;" HEIGHT="48" WIDTH="139" VPOS="3835" HPOS="441"/>
<SP HEIGHT="46" WIDTH="37" VPOS="3837" HPOS="581"/>
<String CONTENT="2c." HEIGHT="40" WIDTH="67" VPOS="3837" HPOS="619"/>
<SP HEIGHT="29" WIDTH="36" VPOS="3849" HPOS="687"/>
<String CONTENT="and" HEIGHT="38" WIDTH="93" VPOS="3840" HPOS="724"/>
<SP HEIGHT="38" WIDTH="37" VPOS="3840" HPOS="818"/>
<String CONTENT="aff." HEIGHT="40" WIDTH="82" VPOS="3839" HPOS="856"/>
<SP HEIGHT="40" WIDTH="36" VPOS="3840" HPOS="939"/>
<String CONTENT="Jan." HEIGHT="40" WIDTH="110" VPOS="3840" HPOS="976"/>
<SP HEIGHT="40" WIDTH="35" VPOS="3840" HPOS="1087"/>
<String CONTENT="31;" HEIGHT="46" WIDTH="82" VPOS="3840" HPOS="1123"/>
<SP HEIGHT="45" WIDTH="39" VPOS="3841" HPOS="1206"/>
<!-- cceid DE30622D-6E8D-1014-9CF5-AEB3FCA41D69 --><String CONTENT="A" HEIGHT="39" WIDTH="42" VPOS="3841" HPOS="1246"/>
<SP HEIGHT="40" WIDTH="31" VPOS="3841" HPOS="1289"/>
<String CONTENT="33511;" HEIGHT="48" WIDTH="172" VPOS="3840" HPOS="1321"/>
<SP HEIGHT="47" WIDTH="42" VPOS="3841" HPOS="1494"/>
<String CONTENT="Sisters" HEIGHT="42" WIDTH="179" VPOS="3841" HPOS="1537"/>
<SP HEIGHT="29" WIDTH="36" VPOS="3852" HPOS="1717"/>
<String CONTENT="of" HEIGHT="40" WIDTH="53" VPOS="3841" HPOS="1754"/>
<SP HEIGHT="40" WIDTH="33" VPOS="3841" HPOS="1808"/>
<String CONTENT="mercy" HEIGHT="39" WIDTH="161" VPOS="3851" HPOS="1842"/>
<SP HEIGHT="37" WIDTH="34" VPOS="3853" HPOS="2004"/>
<String CONTENT="of" HEIGHT="41" WIDTH="54" VPOS="3842" HPOS="2039"/>
</TextLine>
<TextLine HEIGHT="53" WIDTH="902" VPOS="3892" HPOS="166">
<String CONTENT="Maryland," HEIGHT="49" WIDTH="272" VPOS="3892" HPOS="166"/>
<SP HEIGHT="47" WIDTH="27" VPOS="3894" HPOS="439"/>
<String CONTENT="Baltimore." HEIGHT="42" WIDTH="281" VPOS="3894" HPOS="467"/>
<SP HEIGHT="45" WIDTH="69" VPOS="3897" HPOS="749"/>
<String CONTENT="(31-4087)" HEIGHT="49" WIDTH="249" VPOS="3896" HPOS="819"/>
</TextLine>
</TextBlock>
</PrintSpace>
</Page>
</Layout>
</alto>