2428 4370
1223 4004 138 58 2076

275 362 286 65 Johnsen,
589 361 160 55 Julia
777 360 214 66 Emily,
1022 380 180 48 comp.

411 437 1884 69 … Capitalism on trial, compiled by Julia E. Johnsen. New
276 517 181 70 York,
484 516 123 55 The
634 517 77 52 H.
739 517 90 55 W.
858 517 226 54 Wilson
1111 534 300 51 company,
1442 521 154 51 1931.

352 590 1442 51 210 p. 20 ᶜᵐ. (The reference shelf, vol. VII , no. 10)
351 648 353 50 Bibliography
723 659 9 29 :
765 658 44 38 p.
843 646 190 51 [29]-49.

283 703 52 52 ©
367 707 115 41 Dec.
512 705 70 49 10,
613 704 112 42 1931;
788 705 66 41 2c.
888 705 112 40 Dec.
1033 705 82 46 18;
1149 704 83 42 aff.
1264 705 112 41 Dec.
1409 706 82 47 17;
1526 706 41 39 A
1596 704 174 48 45566;
1806 705 62 41 H.
1901 705 73 42 W.
2006 705 190 41 Wilson
2226 714 68 32 co.

361 762 283 50 (31-28560)

277 829 180 65 Kent,
488 829 184 56 Nora.

347 905 268 54 Annabel
717 905 246 68 Verinder,
1005 904 76 70 by
1124 904 159 54 Nora
1327 905 174 54 Kent.
1584 904 262 69 London,
1890 904 245 54 Hodder
2180 906 113 52 and

279 983 348 71 Stoughton,
655 982 242 69 limited,
929 985 154 51 1931.

345 1066 101 49 351,
479 1067 57 49 [1]
566 1075 44 38 p.
672 1064 57 42 19½ᶜᵐ.

286 1121 2010 52 © 1c. Dec. 1, 1931; A ad int. 15774; pubd. Oct. 15; N. Kent, Lewes,
354 1181 195 49 Sussex,
581 1182 237 46 England.
890 1179 225 51 (32-781)

277 1247 180 66 King,
486 1246 217 59 Julius.

348 1326 123 53 The
507 1324 217 54 Indian
758 1329 236 65 nugget,
1028 1325 76 69 by
1144 1323 196 56 Julius
1377 1324 194 69 King;
1611 1323 388 54 illustrations
2033 1323 77 71 by
2145 1323 151 54 Paul

278 1403 180 54 Ickes.
519 1403 141 54 New
685 1402 181 70 York,
889 1403 91 54 W.
1004 1403 57 54 J.
1086 1401 202 70 Black,
1312 1402 109 54 inc.
1453 1405 196 65 [ᶜ1931]

350 1482 966 51 viii p., 1 l. , 221 p. front., illus. 22½ᶜᵐ.
286 1539 52 52 ©
362 1544 119 41 Nov.
505 1543 70 48 10,
599 1542 114 41 1931;
767 1543 68 41 2c.
859 1543 112 41 Dec.
994 1545 27 37 4;
1076 1542 82 42 aff.
1184 1543 113 40 Dec.
1320 1543 27 40 3;
1400 1543 42 39 A
1464 1542 146 41 45296;
1665 1543 43 40 J.
1734 1542 145 48 King,
1905 1542 118 41 New
2047 1542 145 42 York.

363 1600 283 50 (31-34145)

278 1665 256 64 Leonov,
563 1666 223 56 Leonid
815 1664 456 68 Maksimovich,
1304 1671 172 51 1899-

347 1741 121 70 Sot,
503 1742 74 70 by
612 1743 218 52 Leonid
866 1744 256 66 Leonov;
1159 1744 144 55 with
1338 1764 33 34 a
1408 1743 285 54 foreword
1731 1743 73 72 by
1840 1742 221 56 Maxim
2099 1742 196 71 Gorky

298 1820 195 70 [pseud.]
582 1819 242 55 London
851 1823 46 50 &
924 1821 139 53 New
1095 1820 180 69 York,
1304 1821 251 55 Putnam
1589 1824 175 67 [1931]

348 1903 468 51 ix, 387, [1] p. 19 ᶜᵐ.
349 1960 323 42 “Translated
699 1962 125 38 from
854 1961 82 40 the
964 1960 212 40 Russian
1207 1961 59 47 by
1296 1961 113 40 Ivor
1440 1961 232 47 Montagu
1702 1957 46 45 &
1779 1961 163 48 Sergei
1971 1960 326 43 Nolbandov.”

285 2014 2007 54 © 1c. Nov. 28, 1931; A ad int. 15813; pubd. Nov. 16; Kniga (England)
355 2076 100 49 ltd.,
488 2077 213 39 London.
773 2075 222 52 (32-671)

280 2140 205 69 Lloyd,
516 2141 157 55 John
704 2141 235 55 Arthur
969 2141 279 67 Thomas,
1282 2143 173 54 1870-

351 2220 1947 70 The murder of Edgar Allan Poe, by J. A. T. Lloyd … with
282 2303 64 50 12
380 2297 292 55 half-tone
706 2298 399 54 illustrations.
1181 2300 262 67 London,
1480 2299 57 56 S.
1576 2299 150 54 Paul
1760 2302 47 51 &
1840 2316 99 51 co.,
1974 2299 104 54 ltd.
2140 2302 153 66 [1931]

351 2380 1223 50 288 p. incl. front. (port.) plates, ports. 24 ᶜᵐ.
355 2439 131 40 “The
519 2438 332 41 illustrations
884 2440 50 38 in
968 2439 100 40 this
1099 2439 192 40 volume
1325 2449 86 30 are
1445 2439 299 48 reproduced
1776 2438 129 41 from
1942 2439 178 48 ‘Edgar
2153 2438 147 41 Allan

283 2495 243 42 Poe—the
558 2495 142 48 man’,
736 2497 59 47 by
831 2497 141 47 Mary
1008 2497 53 40 E.
1095 2496 209 48 Phillips
1349 2496 127 49 (The
1508 2497 129 40 John
1673 2496 50 42 C.
1760 2496 225 41 Winston
2018 2506 83 38 co.,
281 2495 2000 106 Philadelphia)”—Publishers’
937 2558 128 38 note.

289 2608 2011 53 © 1c. Dec. 23, 1931; A ad int. 15881; pubd. Oct. 30; J. A. T. Lloyd, Hove,
360 2669 194 48 Sussex,
586 2670 237 47 England.
896 2669 224 50 (32-540)

282 2720 200 68 Logie,
513 2723 143 54 Iona
683 2724 310 63 Margaret
1024 2723 354 65 Robertson,
1410 2727 172 51 1900-
1795 2725 85 54 ed.

351 2797 235 57 Careers
621 2797 62 54 in
719 2800 95 55 the
849 2798 265 69 making;
1153 2799 270 69 readings
1456 2798 61 53 in
1552 2806 191 49 recent
1778 2796 343 73 biography,
2156 2798 143 54 with

278 2875 1957 75 studies in vocational guidance, edited by Iona M. R. Logie …
279 2952 137 57 New
447 2953 163 54 York
640 2955 113 54 and
782 2954 258 65 London,
1070 2956 234 67 Harper
1332 2956 46 51 &
1405 2954 277 68 brothers,
1713 2957 151 53 1931.

350 3036 118 50 xvii,
497 3038 86 41 393
613 3048 43 38 p.
717 3039 162 47 front.,
912 3040 148 47 ports.
1119 3039 55 40 19½ᶜᵐ.

352 3094 163 42 “First
551 3094 225 41 edition.”

351 3148 70 41 “A
448 3150 251 41 collection
728 3151 52 40 of
805 3149 330 48 biographical
1166 3152 219 39 extracts
1412 3151 211 47 relating
1650 3151 81 41 the
1761 3152 137 49 early
1926 3149 230 49 training,
2185 3149 113 43 both

281 3205 309 42 educational
625 3209 97 39 and
760 3206 286 48 vocational,
1086 3208 94 40 and
1219 3208 82 40 the
1338 3207 107 40 first
1477 3208 135 47 steps
1646 3208 189 40 toward
1872 3216 226 40 progress
2132 3206 48 41 in
2218 3207 83 41 the

281 3260 122 44 lives
433 3264 53 40 of
516 3264 184 49 twenty
732 3263 286 40 Americans
1049 3263 53 41 of
1133 3272 87 31 our
1253 3262 496 48 century.”—Introd.

352 3315 188 46 “Three
573 3320 220 41 hundred
828 3317 311 50 biographies
1173 3320 54 40 of
1259 3318 203 44 marked
1495 3318 275 43 vocational
1807 3318 232 43 interest”
2057 3331 11 31 :
2106 3328 43 40 p.
279 3319 1992 97 375-393.

291 3429 52 52 ©
373 3434 112 40 Dec.
515 3434 69 48 18,
613 3432 113 41 1931;
785 3432 68 41 2c.
882 3433 112 40 Dec.
1024 3431 55 41 19;
1138 3431 82 41 aff.
1249 3432 112 40 Dec.
1390 3430 82 49 21;
1504 3432 42 39 A
1572 3433 174 48 45577;
1777 3433 199 49 Harper
2001 3438 39 41 &
2064 3433 127 40 bros.

371 3490 282 49 (31-28532)

283 3553 324 66 Masefield,
639 3554 174 54 John.

355 3630 257 54 Adamas
661 3632 112 52 and
823 3630 144 67 Eva,
1012 3631 75 68 by
1135 3630 157 53 John
1341 3628 314 55 Masefield.
1754 3630 386 67 [Brattleboro,
2186 3629 117 68 Vt.,

286 3707 68 53 E.
383 3709 64 52 L.
477 3709 279 52 Hildreth
787 3712 42 49 &
861 3725 298 51 company,
1192 3711 151 64 1931]

362 3782 250 50 [4] p. 18 ᶜᵐ.
358 3839 159 40 Poem.

294 3891 52 52 ©
372 3895 112 41 Feb.
510 3894 69 45 19,
604 3894 114 43 1931;
773 3895 67 42 2c.
866 3897 96 39 and
989 3896 83 40 aff.
1099 3895 113 42 Feb.
1237 3894 54 41 21;
1348 3896 42 39 A
1415 3896 172 46 34477;
1618 3896 43 39 J.
1690 3894 264 49 Masefield,
1984 3893 171 42 Boar’s
2181 3893 120 48 Hill,

364 3950 201 46 Oxford,
596 3953 236 43 England.
