2505 4370
1105 4043 69 54 95

216 489 118 41 This
364 489 249 48 pamphlet
643 488 41 40 is
716 490 48 38 to
796 489 55 39 be
882 488 139 40 fitted
1052 487 102 40 into
1186 486 85 42 the
1299 486 125 41 back
1454 486 54 41 of
1537 485 85 42 the
1650 487 193 40 volume
1873 484 54 42 of
1957 485 81 41 the
2072 488 74 39 set

146 549 48 39 to
223 546 159 42 which
410 546 41 41 it
480 546 208 48 belongs.

150 614 53 51 ©
237 618 111 39 Dec.
383 616 70 48 20,
490 615 113 41 1930;
668 616 66 40 2c.
772 615 96 40 and
904 614 82 42 aff.
1023 615 110 40 Jan.
1169 614 68 48 10,
1275 612 113 43 1931;
1455 613 42 41 A
1531 613 149 42 33110;
1742 614 137 41 West
1913 613 111 49 pub.
2061 623 83 38 co.,

219 674 68 42 St.
317 674 137 47 Paul,
487 673 36 40 &
552 674 211 39 Edward
795 673 274 46 Thompson
1101 681 81 38 co.,
1214 671 286 48 Northport,
1531 670 52 42 L.
1616 671 53 49 I.,
1701 670 57 43 N.
1790 671 55 42 Y.

142 768 223 65 Urban,
398 767 227 53 Abram
657 766 297 54 Linwood.

212 846 56 52 A
295 844 212 69 temple
535 842 66 55 of
628 844 94 53 the
754 842 171 69 spirit;
988 862 30 33 a
1049 842 265 69 mystical
1345 844 290 67 approach
1666 848 59 47 to
1756 843 296 70 meanings
2083 843 59 54 in

142 923 96 52 the
263 922 182 54 world
473 921 65 54 of
561 927 220 62 nature,
809 922 113 53 and
946 921 96 52 the
1069 920 182 54 world
1279 920 64 53 of
1369 939 149 34 man.
1600 922 126 68 [By],
1759 920 221 53 Abram
142 921 1977 132 Linwood

337 998 1320 69 Urban … Boston, R. G. Badger [ᶜ1930]
212 1080 245 49 91 p. 20 ᶜᵐ.
150 1134 1997 52 © Jan. 6 , 1931; 2c. Jan. 19; aff. Jan. 16; A 32853; Richard G. Badger.
230 1194 251 49 (31-3087)

142 1289 258 64 Vachell,
434 1290 229 52 Horace
694 1287 319 65 Annesley.

213 1368 82 53 At
320 1368 95 53 the
440 1369 129 68 sign
595 1368 63 52 of
682 1368 95 53 the
802 1367 146 69 grid.
1024 1367 193 53 Adam
1241 1367 271 68 Paraday
1538 1368 128 52 tells
1693 1387 30 33 a
1752 1374 172 62 story.

307 1443 910 54 (In Windsor magazine, Dec., 1930)
150 1501 1997 52 © 1c. Jan. 21, 1931; A ad int. 14702; pubd. Nov. 25, 1930; H. A. Vachell.
216 1562 143 49 Bath,
396 1563 239 48 England.

145 1655 254 66 Walker,
432 1656 203 56 Carrie
664 1657 71 56 D.

212 1733 1934 68 Treasured memories [by] Carrie D. Walker … [Encinitas,
144 1810 1342 69 Calif., Print, by the Coast dispatch, ᶜ19 30]
210 1891 1419 51 3 p. l., 104, [1] p. front., illus. (incl. ports.) 18½ᶜᵐ.
211 1948 183 42 Poems.

151 2001 51 52 ©
229 2005 113 41 Dec.
366 2005 71 48 25,
464 2003 118 43 1930;
634 2005 67 40 2c.
729 2006 95 39 and
850 2004 83 42 aff.
961 2005 110 41 Jan.
1097 2003 41 50 9,
1166 2002 115 43 1931;
1338 2004 42 41 A
1405 2004 148 43 33054;
1609 2005 49 42 O.
1688 2006 57 41 D.
1773 2007 213 48 Walker,
2015 2007 137 49 Long

216 2062 174 49 Beach,
465 2062 106 40 Calif.
641 2061 251 49 (31-2289)

147 2155 272 65 Wallace,
450 2157 219 64 Edgar,
701 2158 170 54 1875-

274 2232 1872 72 … White Face … Garden City, N. Y., Pub. for the Crime
142 2309 1746 72 club, inc., by Doubleday, Doran & company, inc. [ ᶜ19 31 ]
212 2390 462 49 3 p. l., 320 p. 19½ᶜᵐ.
214 2447 163 41 “First
401 2447 230 41 edition.”

151 2503 1997 54 © Dec. 29, 1930; 2c. and aff. Jan. 24, 1931; A 33342; E. Wallace, London.
227 2563 252 50 (31-2441)

144 2657 221 67 Walsh,
398 2657 282 57 Maurice.

215 2736 153 56 Over
402 2738 97 52 the
532 2738 221 53 border.

312 2813 908 54 (In Chamber’s journal, Dec., 1930)
149 2870 2000 55 © 1c. Jan. 26, 1931; A ad int. 14715; pubd. Nov. 29, 1930; M. Walsh.
220 2932 299 49 Edinburgh.

147 3025 240 66 Walter,
422 3027 325 55 Hermann.

212 3100 1875 74 Moses Mendelssohn, critic and philosopher, by H. Walter …
145 3178 136 53 New
312 3179 179 70 York,
523 3180 180 53 Bloch
733 3180 335 70 publishing
1096 3200 97 49 co.,
1226 3184 151 50 1930.

214 3258 82 49 vii,
324 3257 87 42 220
441 3270 43 38 p.
542 3259 165 49 front.,
736 3261 77 47 pl.,
842 3261 148 48 ports.
1051 3261 57 41 19½ᶜᵐ.

215 3315 376 49 Bibliography:
622 3327 43 38 p.
696 3316 216 42 213-217.

153 3371 51 52 ©
228 3376 110 41 Jan.
362 3376 70 48 14,
456 3374 114 42 1931;
623 3375 67 42 2c.
716 3375 109 42 Jan.
849 3375 55 41 23;
960 3375 81 41 aff.
1068 3376 109 41 Jan.
1201 3375 58 40 22;
1313 3376 42 39 A
1377 3375 145 41 32949;
1576 3376 62 42 H.
1663 3377 200 48 Walter,
1891 3376 256 48 Montreal,

221 3432 213 41 Canada.
504 3431 251 50 (31-2569)

147 3527 188 64 Wees,
363 3528 261 52 Frances
650 3527 252 62 Shelley.

213 3603 121 54 The
387 3604 252 53 Maestro
691 3604 277 68 murders,
1019 3604 75 69 by
1147 3605 248 52 Frances
1450 3604 228 69 Shelley
1730 3606 180 53 Wees.
2003 3606 138 52 New

145 3680 179 64 York,
350 3682 122 53 The
497 3682 259 62 Mystery
781 3681 214 63 league,
1021 3680 126 64 inc.,
1174 3685 151 50 1931.

217 3760 87 41 286
332 3773 44 38 p.
436 3761 57 41 19½ᶜᵐ.

216 3816 161 42 “First
408 3818 228 41 edition.”

217 3872 193 50 Sample
437 3884 147 38 pages
611 3874 54 41 of
692 3874 217 41 Turmoil
938 3877 53 39 at
1020 3876 170 43 Brede,
1219 3876 62 47 by
1315 3875 175 42 Seldon
1520 3877 152 39 Truss:
1731 3887 42 37 p.
1808 3877 247 49 [273]-286.

151 3925 51 52 ©
239 3931 109 41 Jan.
384 3931 70 48 17,
489 3930 112 42 1931;
666 3931 67 42 2c.
771 3934 95 39 and
902 3931 82 42 aff.
1021 3932 110 41 Jan.
1167 3931 55 40 22;
1289 3932 41 40 A
1365 3932 147 41 32929;
1576 3934 218 48 Mystery
1829 3936 184 47 league,
2051 3934 92 41 inc.

229 3986 251 52 (31-2168)
