2505 4370
1209 4025 104 50 266

276 377 358 55 Minnesota.
711 378 373 66 University.
1161 383 276 55 Institute
1469 386 65 66 of
1564 386 158 54 child
1751 385 252 71 welfare.

347 455 176 55 Child
568 474 127 35 care
741 457 114 53 and
903 457 278 70 training,
1226 459 78 68 by
1352 460 231 53 Marion
1630 462 63 52 L.
1743 463 239 69 Faegre,
2029 464 269 55 assistant

276 533 294 69 professor
609 533 65 53 of
713 535 263 68 parental
1021 536 323 69 education,
1385 539 112 53 and
1539 539 156 55 John
1741 540 66 54 E.
1851 540 324 71 Anderson,
275 543 2000 137 director,

520 613 278 54 Institute
844 614 64 53 of
952 615 155 54 child
1153 615 256 69 welfare,
1457 618 340 71 University
1844 620 64 53 of
1954 620 343 56 Minnesota.

273 691 72 52 3d
375 691 106 68 ed.,
509 709 113 35 rev.
699 691 411 70 Minneapolis,
1139 694 124 54 The
1290 695 345 71 University
1667 697 65 53 of
1763 698 326 55 Minnesota
2125 718 175 51 press,

275 769 152 53 1930.

339 849 1622 56 2 p. l., iii-vii, 275 p. front., iilus., plates, diagrs. 21ᶜᵐ.
341 920 191 41 “Books
580 922 198 48 dealing
820 922 122 41 with
991 924 81 40 the
1119 924 339 50 development
1505 927 96 40 and
1649 926 220 49 training
1915 928 53 41 of
2014 929 278 44 children”:

268 987 41 38 p.
343 976 235 50 252-266;
617 978 219 42 Selected
870 980 111 41 lists
1013 980 54 40 of
1102 982 205 47 reading
1339 981 79 41 for
1453 982 248 42 children:
1738 995 42 37 p.
1816 984 218 42 225-230.

277 1045 52 52 ©
364 1050 104 41 Oct.
502 1050 39 48 6,
575 1050 142 48 1930;
752 1051 68 42 2c.
855 1052 103 40 Oct.
991 1052 83 47 24;
1112 1053 83 41 aff.
1230 1054 104 40 Oct.
1368 1054 83 48 31;
1487 1055 42 38 A
1561 1055 144 42 34533;
1772 1057 286 49 University
2094 1058 51 41 of
343 1059 1939 98 Minnesota,
571 1109 339 49 Minneapolis.
984 1110 253 51 (31-5658)

269 1219 286 66 Mitchell,
584 1220 165 54 Ruth
781 1220 292 56 Comfort.

338 1298 202 55 Water
600 1298 93 69 [by]
739 1299 159 53 Ruth
941 1299 267 56 Comfort
1250 1299 279 55 Mitchell.
1608 1303 136 51 New
1793 1305 158 52 York
1991 1305 112 53 and
267 1308 1998 140 London,

427 1378 72 52 D.
529 1378 299 67 Appleton
856 1378 112 52 and
997 1396 301 51 company,
1329 1382 149 50 1931.

337 1458 681 52 4 p. l., 324, [1] p. 19½ᶜᵐ.
273 1526 52 53 ©
357 1531 112 42 Feb.
498 1531 70 43 27,
599 1531 141 47 1931;
772 1530 68 43 2c.
871 1533 98 38 and
998 1531 84 42 aff.
1112 1533 124 40 Mar.
1267 1532 53 48 3;
1353 1532 40 39 A
1424 1532 172 49 35060;
1630 1534 58 41 D.
1719 1534 242 50 Appleton
1991 1536 37 41 &
2059 1547 68 30 co.

351 1588 253 50 (31-5711)

265 1701 286 53 National
581 1700 206 65 safety
817 1701 244 55 council.

398 1782 1891 71 … Transactions of the National safety council [1930]
265 1861 2031 73 Nineteenth annual safety congress, v. 1-3 … Pittsburgh,
267 1939 2027 72 September 29-October 3, 1930 … [Terre Haute, Ind., Bennett
263 2037 96 35 cor
363 1999 78 89 pi
472 2022 152 64 1931]

336 2100 27 40 3
397 2111 43 30 v.
502 2100 144 48 illus.,
683 2100 170 49 tables,
888 2099 183 49 diagrs.
1240 2133 8 8 23ᶜᵐ.

269 2168 52 53 ©
350 2173 111 41 Jan.
487 2172 70 49 23,
586 2171 141 48 1931;
755 2172 69 40 2c.
851 2172 122 40 each
998 2173 96 39 and
1123 2171 109 41 affs.
1261 2171 112 41 Feb.
1400 2170 83 48 21;
1513 2171 43 39 A
1582 2171 352 48 34474-34476;
1964 2173 134 41 Natl,
2126 2173 164 49 safety

337 2230 202 49 council,
582 2229 225 49 Chicago.

260 2326 266 63 Nichols,
555 2324 215 66 Philip.

331 2405 290 54 Taxation
648 2405 59 53 in
737 2404 465 68 Massachusetts,
1228 2405 77 68 by
1333 2404 201 68 Philip
1565 2404 250 53 Nichols.
1896 2408 132 50 1931
260 2404 2004 134 supplement
451 2491 60 46 to
547 2485 205 52 second
801 2484 192 69 (1922)
1040 2482 219 54 edition
1297 2483 336 68 containing
1671 2483 326 67 legislation
2034 2485 252 67 through

264 2566 152 66 1930,
449 2564 94 52 the
577 2563 280 53 decisions
888 2563 64 51 of
983 2562 96 52 the
1114 2561 278 68 Supreme
1425 2567 159 46 court
1619 2563 63 51 of
1713 2563 95 51 the
1844 2562 217 54 United
2100 2561 187 55 States

260 2641 276 70 affecting
569 2641 262 52 taxation
866 2641 76 70 by
977 2641 96 52 the
1107 2645 190 48 states,
1334 2641 95 51 the
1465 2640 278 53 decisions
1779 2641 64 51 of
1877 2641 95 52 the
2010 2640 276 69 Supreme

258 2721 243 69 judicial
552 2726 160 48 court
763 2718 64 54 of
874 2719 449 53 Massachusetts
1375 2717 274 69 affecting
1697 2719 279 56 taxation,
2026 2721 113 52 and
2191 2720 95 53 the

259 2799 225 71 rulings
522 2797 64 56 of
624 2799 96 53 the
758 2797 426 55 commissioner
1221 2798 65 53 of
1323 2797 394 69 corporations
1756 2799 113 53 and
1908 2797 281 61 taxation,
2226 2803 60 50 to

258 2880 265 69 January
576 2885 45 54 1,
672 2882 148 49 1931.
900 2879 235 53 Boston.
1183 2877 193 59 Mass.,
1424 2878 120 51 The
1594 2876 303 54 Financial
1947 2878 339 69 publishing

258 2961 513 66 company [ ᶜ1 931]
329 3017 565 71 1 p. l., 1681 p. 23ᶜᵐ.
263 3108 52 52 ©
347 3112 113 40 Feb.
490 3110 40 49 9,
561 3109 142 47 1931;
736 3109 68 41 2c.
836 3110 111 39 Feb.
980 3108 81 42 16:
1096 3108 82 41 aff.
1211 3108 112 40 Feb.
1356 3108 81 46 14;
1473 3107 40 39 A
1543 3106 172 48 34367;
1751 3106 51 42 P.
1835 3106 212 44 Nichols,
2081 3108 199 40 Boston.

254 3235 227 65 Nyrop,
510 3233 346 65 Kristoffer,
889 3238 172 50 1858-

315 3316 364 54 Grammaire
699 3313 316 68 historique
1038 3313 67 52 de
1129 3314 49 50 la
1206 3314 207 65 langue
1438 3310 198 54 franca
1649 3310 73 53 iso
1756 3312 270 64 (honoree
2049 3310 76 52 du
2150 3312 130 66 prix

254 3387 1999 153 Diez et du prix Saintour) par Kr. Nyrop. t. 6 … Copenhague,
495 3468 1565 74 Gyldendalske boghandel, Nordisk forlag [ ᶜ1 930]
326 3554 101 46 viii,
460 3553 88 41 448
579 3563 43 38 p.
683 3552 116 40 24ᶜᵐ.

260 3617 2002 111 © Oct. 15, 1930; 1c. Jan. 3, 1931; A—Foreign 10083; Gyldendalske boghandel, Nordisk forlag.
255 3792 352 61 O’Gorman,
636 3793 160 62 May.

324 3869 223 66 Poems,
588 3868 75 69 by
706 3868 138 69 May
889 3866 347 56 O’Gorman.
1321 3864 180 56 Sioux
1545 3865 177 66 Falls,
1769 3862 57 56 S.
1871 3863 92 66 D.,
2010 3860 261 56 Convent

252 3946 160 70 guild
448 3946 199 69 board,
684 3948 151 52 1930.
