2505 4370
1224 4091 106 53 398

265 426 493 64 Schmalhausen,
789 426 237 54 Samuel
1059 426 230 65 Daniel,
1325 432 173 50 1890-
1712 429 85 53 ed.

335 502 224 54 Behold
616 501 308 54 America!
1022 502 214 54 Edited
1295 503 75 71 by
1431 502 233 56 Samuel
1703 505 70 51 D.
1819 503 467 56 Schmalhausen.

264 581 1662 70 New York, Farrar & Rinehart, incorporated [ ᶜ1 931]
336 664 483 49 xii, 755 p. 24 ½ᶜᵐ .
338 736 102 50 “[A]
472 736 301 48 symposium
804 736 110 41 that
945 737 139 40 seeks
1117 739 48 38 to
1195 737 150 48 probe
1375 738 83 39 the
1490 738 197 48 malady
1717 739 156 40 called
1905 739 260 40 American
263 742 2006 99 civilization.”—Prefatory.

271 862 52 53 ©
353 867 123 41 Mar.
503 865 68 49 19,
598 865 115 42 1931;
769 866 68 42 2c.
865 867 96 39 and
989 865 82 42 aff.
1100 866 123 42 Mar.
1251 865 82 48 20;
1365 866 41 39 A
1431 864 149 43 34967;
1636 867 185 41 Farrar
1850 868 37 40 &
1914 868 256 48 Rinehart,
2200 868 90 43 inc.

350 922 254 51 (31-7191)

264 1018 189 66 Scott,
484 1018 260 55 Richard
779 1019 156 54 John
971 1020 205 64 Ernst,
1214 1024 172 50 1863-
1601 1021 85 54 ed.

333 1095 1892 72 Pocket cyclopedia of nursing, edited by R. J. E. Scott …
263 1175 71 53 3d
367 1175 105 68 ed.,
503 1175 343 69 completely
878 1194 114 34 rev.
1026 1175 114 52 and
1174 1179 163 49 reset.
1406 1174 140 53 New
1580 1174 181 71 York,
1795 1176 123 54 The
1949 1176 337 55 Macmillan

261 1271 303 51 company,
599 1256 152 50 1931.

368 1367 9 16 x,
408 1333 87 41 723
526 1344 44 38 p.
632 1334 144 46 illus.,
810 1333 179 49 diagrs.
1052 1333 147 42 16½ᶜᵐ.

271 1401 52 53 ©
357 1407 124 40 Mar.
514 1407 68 46 17,
616 1405 141 48 1931;
793 1407 66 40 2c.
895 1408 96 39 and
1025 1406 83 42 aff.
1142 1408 124 41 Mar.
1299 1407 83 47 18;
1419 1407 40 40 A
1492 1406 172 49 34913;
1702 1407 283 42 Macmillan
2020 1420 69 30 co.

349 1463 252 49 (31-7391)

264 1559 229 65 Shultz,
523 1562 141 54 Mrs.
699 1559 225 65 Gladys
961 1560 275 65 (Denny)

330 1635 1955 74 The mental health of the child … [by] Gladys Denny Shultz.
260 1715 114 54 Des
403 1714 240 70 Moines,
713 1735 67 50 Ia.,
809 1716 198 53 Better
1037 1716 195 54 homes
1263 1719 112 53 and
1407 1717 263 69 gardens,
1704 1721 151 50 1930.

333 1796 1954 52 2 p. l., 7-64 p. illus. 21½ᶜᵐ. (Better homes and gardens. Child
260 1854 148 48 study
438 1864 174 31 course
636 1864 75 31 no.
741 1854 51 48 2)

332 1925 356 49 Bibliography:
746 1937 43 37 p.
818 1925 99 42 8-9.

270 1997 52 53 ©
351 2001 113 41 Dec.
492 2000 70 49 26,
590 1999 142 48 1930;
762 2001 67 40 2c.
859 2001 93 39 and
983 2000 82 41 aff.
1096 2001 122 40 Mar.
1249 1999 68 48 16,
1348 1998 141 48 1931;
1520 1999 41 40 A
1589 1998 172 49 34907;
1795 2000 243 40 Meredith
2067 2000 110 48 pub.
2208 2009 81 38 co.,

341 2059 99 40 Des
464 2059 202 40 Moines.
739 2058 251 48 (31-7352)

262 2152 220 68 Smith,
514 2154 359 65 Alexander,
910 2159 329 50 1865-1922.

330 2227 1893 74 Smith’s introductory college chemistry by James Kendall …
260 2306 1530 72 New York and London, The Century co. [ ᶜ1931]
333 2392 85 48 xii,
451 2393 87 41 555
571 2403 42 37 p.
677 2391 141 49 illus.,
852 2392 172 49 plates,
1058 2394 26 39 2
1114 2394 110 47 port.
1270 2391 101 50 (incl.
1436 2392 173 48 front.)
1653 2392 179 47 diagrs.
1893 2391 146 40 20½ᶜᵐ.
2158 2389 130 50 $3.25

261 2462 2007 108 “This volume … contains the essentials of Smith’s College chemistry.”—Pref.
331 2577 180 43 Tables
544 2589 60 31 on
639 2577 364 49 lining-papers.

332 2635 103 40 The
458 2635 159 48 plates
642 2644 86 32 are
753 2634 193 49 printed
974 2645 58 30 on
1059 2635 116 41 both
1203 2634 142 41 sides.

271 2705 52 52 ©
353 2710 123 40 Mar.
504 2710 39 47 7,
572 2707 114 41 1931;
743 2708 67 41 2c.
840 2709 95 38 and
963 2707 82 41 aff.
1076 2707 123 41 Mar.
1228 2706 56 40 10;
1343 2707 39 39 A
1410 2705 147 42 35185;
1615 2705 216 50 Century
1861 2717 67 30 co.
1994 2701 69 55 [©
2093 2707 194 47 general

338 2766 229 50 revision]
642 2764 251 50 (31-7223)

265 2862 218 65 Smith,
515 2864 250 51 Everett
798 2863 86 54 St.
917 2861 177 56 Clair.

332 2937 130 55 Bits
510 2937 64 54 of
621 2955 331 51 evergreen;
1003 2936 135 72 fifty
1188 2937 167 52 select
1400 2935 345 67 broadcasts,
1791 2935 74 71 by
1915 2935 238 53 Everett
2200 2936 84 55 St.

259 3012 2003 153 Clair Smith … Cincinnati, O., The Standard publishing company [ᶜ1931]
331 3179 90 42 240
447 3190 44 38 p.
552 3179 117 40 20ᶜᵐ.

335 3233 1948 49 “The … essays … appeared first on the editorial page of the Miami
261 3291 323 51 herald.”—p.
615 3292 70 41 10.

272 3362 52 53 ©
353 3367 123 39 Mar.
504 3365 69 48 10,
601 3364 113 41 1931;
772 3364 66 41 2c.
867 3364 95 40 and
990 3363 82 41 aff.
1102 3365 121 39 Mar.
1254 3363 82 47 16;
1367 3362 40 41 A
1433 3362 173 48 34910;
1639 3362 247 42 Standard
1916 3363 109 49 pub.
2054 3373 69 30 co.

350 3423 254 50 (31-7424)

265 3518 217 65 Smith,
511 3517 258 55 William
799 3517 348 54 Townsend.

333 3595 58 52 A
423 3596 279 67 complete
735 3593 172 54 index
943 3598 58 49 to
1037 3593 94 53 the
1164 3611 196 35 names
1395 3592 64 53 of
1494 3610 252 51 persons,
1781 3593 189 68 places
2007 3591 112 53 and
263 3590 1997 150 subjects

438 3672 328 53 mentioned
801 3672 60 52 in
894 3671 249 53 Littell’s
1177 3671 141 52 laws
1352 3668 65 55 of
1451 3670 337 69 Kentucky;
1826 3689 32 33 a
1894 3668 385 71 genealogical

264 3746 1997 150 and historical guide, prepared by W. T. Smith … Lexington, Ky., The Bradford club press,
1417 3827 152 52 1931.

338 3907 64 47 ix,
433 3907 85 41 213
547 3918 43 38 p.
650 3907 148 43 21½ᶜᵐ.

275 3974 52 54 ©
352 3979 123 41 Mar.
503 3978 38 45 5,
569 3978 106 41 1931;
737 3979 67 42 2c.
832 3981 121 39 Mar.
981 3979 52 49 9;
1063 3979 82 42 aff.
1173 3980 123 40 Mar.
1324 3978 81 48 12;
1435 3978 40 40 A
1501 3977 173 49 35234;
1703 3978 72 43 W.
1802 3978 53 43 T.
1885 3977 171 49 Smith,
343 3977 1929 101 Lexington,
471 4037 92 40 Ky.
634 4036 228 42 (31-7497)
