2505 4370
1046 4014 135 50 1185

125 379 187 65 Allen,
342 378 199 54 Frank
571 380 284 62 Emmett,
886 383 172 50 1884-

193 452 1930 71 The Acts of the apostles, by Frank E. Allen … foreword
121 530 2003 73 by Leander S. Keyser … Boston, The Christopher publishing
121 612 403 67 house [ ᶜ19 31]
294 692 494 50 xxx p., 1 l., 828 p. 20½ᶜᵐ.
129 762 51 52 ©
208 767 115 46 July
348 765 68 47 23,
446 764 114 41 1931;
616 763 66 41 2c.
711 765 95 38 and
834 762 83 41 aff.
945 763 116 46 July
1088 761 55 40 25;
1201 762 42 39 A
1269 762 144 39 40503;
1474 762 319 49 Christopher
1819 763 109 48 pub.
1960 765 163 40 house.

206 821 280 50 (31-20405)

120 948 264 63 Alleyne,
421 947 286 54 Cameron
743 944 404 65 Chesterfield,
1216 965 57 50 bp.

188 1020 1869 71 Gold coast at a glance, by Cameron Chesterfield Alleyne …
118 1101 139 53 with
290 1119 72 34 an
395 1099 390 54 introduction
816 1100 77 67 by
924 1099 221 68 Bishop
1177 1099 169 53 Paris
1379 1099 226 52 Arthur
1638 1100 271 53 Wallace.
1981 1100 140 53 New

118 1178 179 62 York,
323 1178 123 53 The
470 1178 169 52 Hunt
665 1177 264 63 printing
954 1194 280 46 company
1268 1180 172 60 [1931]

184 1257 563 50 6 p. l., 11-143 p. 18 ᶜᵐ.
187 1328 270 49 “Specially
485 1330 211 46 adapted
728 1331 48 38 to
810 1328 227 40 missions
1067 1329 146 45 study
1244 1327 364 42 classes.”—1st
1639 1328 188 48 prelim,
1861 1330 114 41 leaf.

127 1397 51 52 ©
213 1402 115 47 July
360 1401 70 47 28,
464 1399 141 48 1931;
641 1401 68 40 2c.
743 1402 95 38 and
872 1400 83 41 aff.
990 1401 115 46 July
1138 1400 83 46 30;
1259 1401 42 38 A
1333 1399 172 48 40549;
1544 1400 48 41 C.
1630 1401 49 40 C.
1714 1401 214 47 Alleyne,
1964 1402 158 40 North

193 1460 212 40 Pelham.
435 1460 55 38 N.
520 1460 53 38 Y.
644 1458 279 48 (31-20513)

119 1583 262 67 Ambler,
409 1584 177 63 Mary
611 1583 68 55 B.

183 1660 139 52 Man
352 1659 113 54 and
492 1657 89 55 his
611 1657 198 72 riches,
836 1658 76 72 by
940 1660 172 69 Mary
1141 1658 67 54 B.
1239 1657 254 72 Ambler,
1525 1657 288 71 drawings
1842 1658 74 71 by
114 1659 1979 131 Richard
243 1739 55 54 S.

326 1737 271 67 Rodgers.
675 1735 268 69 Chicago,
968 1736 246 52 Thomas
1240 1738 57 54 S.
1327 1736 287 52 Rockwell
1642 1755 295 52 company,
1965 1742 150 50 1931.

185 1821 87 39 112
296 1832 42 37 p.
369 1818 108 43 incl.
506 1820 161 46 front.,
696 1819 141 47 illus.,
862 1819 172 48 plates.
1094 1819 58 39 20½ᶜᵐ.

186 1892 100 39 The
313 1893 135 47 story
473 1891 51 39 of
550 1887 279 43 economics.

125 1959 51 52 ©
206 1964 116 46 July
349 1964 69 47 14,
445 1962 139 47 1931;
614 1962 68 40 2c.
710 1962 120 47 Aug.
858 1962 52 46 3;
942 1961 82 40 aff.
1052 1961 120 47 Aug.
1202 1963 52 45 1;
1285 1961 43 39 A
1353 1960 172 50 40590;
1557 1963 211 41 Thomas
1799 1964 43 41 S.
1875 1965 245 40 Rockwell

192 2030 66 31 co.
330 2019 280 50 (31-20631)

120 2131 327 65 Armandy,
478 2129 220 57 André.

120 2206 1977 148 … Le chateau de la fée Morgane; roman. Paris, A. Lemerre, 1931.
193 2367 561 50 4 p. l., 247, [1] p. 19 ᶜᵐ.
125 2435 1995 53 © May 15, 1931; 1c. July 16; A— Foreign 12454; Librairie Alphonse
192 2497 237 40 Lemerre.
500 2491 279 53 (31-20354)

117 2607 305 65 Aykroyd,
452 2606 307 55 Woodruff
786 2607 74 55 K.

181 2681 209 54 Travel
422 2681 250 55 sketches
703 2684 60 51 in
793 2683 96 51 the
920 2681 94 53 old
1047 2682 197 68 world,
1276 2682 74 69 by
1380 2682 302 55 Woodruff
1711 2684 73 53 K.
1819 2684 293 69 Aykroyd.

114 2758 267 70 Chicago,
412 2760 247 53 Thomas
691 2758 56 54 S.
781 2758 287 53 Rockwell
1100 2778 295 50 company,
1429 2764 149 48 1931.

184 2841 55 42 61
263 2843 162 42 numb.
450 2842 30 42 1.
540 2841 126 41 illus.
727 2840 54 41 31½ᶜᵐ.

186 2912 200 42 Printed
412 2922 59 29 on
498 2923 88 31 one
612 2914 102 40 side
741 2913 51 39 of
817 2914 101 39 leaf
942 2924 60 29 on
1030 2913 216 48 opposite
1271 2924 161 38 pages.

124 2981 51 52 ©
204 2986 125 39 June
354 2985 71 47 27,
453 2984 113 40 1931;
622 2984 66 39 2c.
716 2984 120 46 Aug.
863 2983 25 39 3;
946 2984 79 39 aff.
1056 2985 119 46 Aug.
1204 2985 25 38 1;
1287 2985 41 38 A
1353 2984 146 42 40607;
1556 2986 211 41 Thomas
1798 2987 44 41 S.
1872 2988 244 41 Rockwell

191 3053 68 30 co.
330 3042 279 48 (31-20635)

119 3153 211 64 Ayres,
359 3152 175 63 Ruby
560 3150 268 56 Mildred.

189 3231 307 68 Changing
527 3231 187 67 pilots.
796 3230 360 66 [Instalment
1186 3234 49 62 4]

201 3309 85 47 (In.
311 3306 208 44 Modern
549 3306 252 52 marriage
832 3307 274 51 magazine,
1138 3306 132 52 July,
1305 3308 142 50 1931)

125 3379 1990 55 © 1c. Aug. 21, 1931; A ad int. 15410; pubd. June 26; R. M. A. Pocoek,
195 3440 300 47 Weybridge,
528 3439 192 48 Surrey,
750 3439 232 47 England.

118 3549 284 65 Baldwin,
433 3548 254 54 William
719 3549 271 64 Edward,
1023 3553 171 50 1883-
1406 3550 84 52 ed.

112 3624 1974 131 … New York banking law, annotated; containing all amendments
319 3707 57 47 to
403 3702 278 69 January,
711 3705 151 64 1932,
888 3702 139 53 with
1055 3701 361 54 annotations
1443 3703 148 52 from
1625 3704 272 55 decisions
1925 3705 63 52 of
2015 3707 96 52 the

115 3787 186 48 courts
333 3780 111 52 and
477 3778 220 69 rulings
731 3779 62 53 of
826 3779 96 53 the
955 3784 259 64 attorney
1247 3781 247 66 general,
1528 3780 187 53 edited
1747 3782 74 69 by
1852 3782 258 56 William

115 3856 1997 76 Edward Baldwin … New York, The Banks law publishing
114 3953 292 51 company,
442 3937 150 49 1931.
