2428 4370
1270 4083 138 52 1852

329 422 279 64 Putnam,
638 421 193 54 David
862 421 253 66 Binney,
1149 428 169 50 1913-

432 498 1850 71 David sails the viking trail, by David Binney Putnam …
329 578 139 53 with
504 577 348 70 thirty-nine
888 578 384 54 illustrations
1309 578 155 53 from
1500 578 416 70 photographs.
1987 579 139 53 New
2166 578 179 68 York,

328 657 248 68 Brewer,
603 656 245 55 Warren
877 658 46 51 &
950 656 272 68 Putnam,
1252 659 152 51 1931.

398 738 1387 50 3 p. l., v-viii, 155 p. front., plates, ports. 20 ᶜᵐ .
333 807 2011 53 © Nov. 6, 1931; 2c. and aff. Nov. 9; A 43887; D. B. Putnam, New York.
414 868 282 49 (31-32429)

327 979 331 65 Raymond,
686 980 234 64 Wayte,
952 999 181 50 comp.

397 1057 122 56 The
552 1056 220 57 United
804 1055 191 57 States
1027 1074 211 51 copper
1269 1056 183 69 coins;
1489 1076 71 34 an
1593 1057 327 54 illustrated
1951 1058 299 69 catalogue
2279 1058 66 53 of

328 1136 77 53 all
444 1135 97 53 the
576 1141 167 64 types
779 1135 114 53 and
930 1133 291 70 principal
1256 1134 269 54 varieties
1561 1134 65 53 of
1660 1135 95 52 the
1791 1153 213 51 copper
2039 1141 155 48 cents
2229 1138 113 53 and

326 1215 131 53 half
491 1220 172 57 cents,
702 1214 131 54 1793
871 1221 59 46 to
965 1217 153 60 1857,
1152 1217 58 49 to
1246 1212 189 55 which
1467 1213 104 53 has
1603 1213 141 53 been
1777 1213 188 54 added
1999 1232 31 35 a
2066 1214 278 69 complete

328 1290 352 69 description
723 1292 64 52 of
829 1292 97 53 the
967 1288 445 71 copper-nickel,
1454 1290 208 54 bronze
1705 1292 114 53 and
1860 1290 187 55 nickel
2089 1291 157 54 coins
2284 1298 60 47 to

328 1370 147 52 date.
571 1367 302 70 Compiled
918 1370 112 53 and
1074 1368 304 70 published
1421 1369 76 68 by
1539 1369 209 69 Wayte
1790 1369 322 70 Raymond.
2206 1370 138 54 New

329 1447 180 69 York,
537 1451 150 51 1931.

397 1529 500 50 21 p. illus. 23 ᶜᵐ .
400 1599 166 42 “First
592 1599 228 43 edition.”

335 1668 52 54 ©
415 1674 120 40 Nov.
563 1673 40 44 5,
633 1672 142 49 1931;
806 1673 67 42 2c.
903 1674 96 40 and
1029 1671 82 44 aff.
1140 1672 121 42 Nov.
1291 1673 25 40 7;
1375 1672 43 41 A
1444 1672 173 49 44676;
1650 1673 71 41 W.
1754 1673 269 50 Raymond,
2053 1674 118 40 New
2201 1673 146 42 York.

413 1730 282 49 (31-32447)

327 1855 273 67 Roerich,
630 1853 239 55 Nikolai
898 1853 566 67 Konstantinovich,
1497 1856 172 55 1874-

397 1931 1948 72 Realm of light, by Nicholas Roerich … New York, Roerich
327 2029 257 37 museum
610 2029 177 51 press,
819 2014 151 51 1931.

401 2092 86 42 xiv
519 2104 59 39 p.,
614 2095 26 39 1
709 2125 9 17 l.,
752 2093 85 41 333
874 2105 43 37 p.
952 2093 111 41 incl.
1098 2094 233 40 mounted
1364 2094 87 40 col.
1486 2093 149 40 front.
1699 2093 118 42 20ᶜᵐ.
1894 2093 301 49 (Half-title:
2228 2094 118 40 New

329 2162 83 31 era
442 2151 203 49 library,
706 2161 90 31 ser.
883 2149 306 49 IX—“Sayings
1216 2150 54 41 of
1296 2150 258 49 eternity”,
1582 2151 126 41 book
1787 2152 14 47 II)

402 2221 160 43 Series
590 2221 110 43 title
725 2223 51 40 in
801 2225 113 46 part
941 2233 61 31 on
1033 2226 97 44 t.-p.

400 2283 42 40 A
473 2279 255 43 collection
758 2280 53 41 of
837 2279 261 41 addresses
1128 2280 97 40 and
1255 2279 225 49 writings
1510 2290 60 30 on
1601 2279 204 42 culture.

402 2339 132 40 “The
576 2338 136 41 sixth
752 2338 192 40 volume
986 2336 53 42 of
1080 2339 84 38 the
1203 2337 259 40 American
1505 2336 185 42 edition
1730 2337 53 41 of
1821 2337 233 42 Nicholas
2096 2337 249 42 Roerich’s

330 2393 567 43 works.”—Publisher’s
925 2396 128 40 note.

335 2464 2010 53 © Oct. 9, 1931; 2c. and aff. Oct. 16; A 44178; Roerich museum press.
413 2525 281 50 (31-32443)

328 2620 343 65 Rosenfeld,
699 2620 238 55 Samuel
965 2620 294 64 Solomon,
1290 2625 172 49 1893-

398 2696 372 70 Gynecology
797 2697 115 53 and
939 2697 205 68 urology
1212 2695 97 54 for
1334 2714 216 50 nurses,
1574 2696 77 69 by
1682 2695 231 56 Samuel
1944 2695 57 57 S.
2031 2695 315 55 Rosenfeld

390 2774 1403 70 … New York, W. Wood and company, 1931.
398 2858 739 53 vii, [1], 230 p. illus. 20 ᶜᵐ .
336 2923 1895 58 © Oct. 9, 1931; 2c. land aff. Oct. 27; A 44573; William Wood & co.
414 2989 282 49 (31-32438)

329 3086 140 64 Roz,
499 3084 249 66 Firmin,
781 3089 173 51 1866-

461 3160 1882 71 … L’évolution des idées et des mœurs américaines. Paris,
330 3243 66 53 E.
426 3240 415 68 Flammarion,
870 3243 151 51 1931.

401 3320 1661 53 281, [1] p. 18 ½ ᶜᵐ . (Bibliothèque de philosophie scientifique)
336 3390 2009 53 © Apr. 30, 1931; 1c. May 14; A— Foreign 12849; Ernest Flammarion.
416 3450 282 52 (31-32799)

330 3547 185 63 Ruck,
544 3548 204 54 Berta.

401 3624 122 53 The
548 3625 98 67 lap
673 3622 66 55 of
763 3624 228 69 luxury,
1017 3624 75 68 by
1120 3624 176 53 Berta
1323 3622 180 54 Ruck.
1580 3622 140 56 New
1747 3622 183 69 York,
1957 3621 191 70 Dodd,
2173 3621 169 54 Mead

331 3704 51 50 &
410 3719 302 52 company,
742 3704 150 51 1932.

402 3784 683 49 viii p., 1 l., 298 p. 19½ ᶜᵐ .
404 3855 264 41 Published
696 3855 128 41 1931.

340 3921 51 52 ©
419 3927 117 42 Nov.
564 3927 67 41 14,
658 3926 140 46 1931;
828 3925 67 42 2c.
922 3927 117 39 Nov.
1069 3926 82 47 18;
1181 3925 82 41 aff.
1292 3926 118 39 Nov.
1438 3925 55 40 19;
1553 3926 39 39 A
1618 3925 172 47 44859;
1821 3926 149 39 Berta
2001 3924 139 41 Ruck
2168 3924 178 47 Oliver,

413 3983 234 42 Windsor.
686 3984 166 47 Berks,
891 3985 234 46 England.
1198 3983 281 50 (31-32636)
