2428 4370
1009 4035 125 50 1521

144 505 62 40 At
233 505 123 39 bead
383 504 52 40 of
461 503 107 41 title;
629 501 51 41 G.
712 504 43 38 J.
787 500 222 49 Heering.

84 554 1990 57 © May 27, 1930; 1c. June 10, 1931; A— Foreign 12884; Leopold Klotz
151 620 177 45 verlag.
401 616 281 48 (31-25275)

82 700 213 64 Heyse,
325 697 145 53 Paul
497 696 232 54 Johann
759 694 248 65 Ludwig
1032 709 131 49 von,
1196 698 326 50 1830-1914.

144 772 430 66 L’Arrabbiata,
622 789 109 34 von
781 770 144 53 Paul
975 770 216 66 Heyse;
1242 768 188 56 edited
1480 768 93 51 for
1618 769 190 52 school
1854 785 96 35 use
1997 766 74 69 by

76 843 1996 75 Sophia H. Patterson … illustrated by Barbara Alexander.
78 927 128 52 New
243 926 175 65 York,
450 925 324 55 Cincinnati
832 931 98 46 [etc.]
988 923 304 53 American
1322 922 145 53 book
1498 939 276 50 company
1920 924 60 49 [ᶜ1931]

144 1004 1124 53 1 p. l., v-xvi, 145 p. col. front., illus. 16½ ᶜᵐ.
84 1064 50 51 ©
164 1068 127 46 Sept.
317 1067 69 45 21,
413 1065 111 40 1931;
581 1064 66 40 2c.
675 1064 96 39 and
796 1063 82 40 aff.
908 1062 126 48 Sept.
1060 1062 55 40 23;
1172 1062 42 39 A
1237 1061 145 40 42555;
1439 1061 258 40 American
1725 1061 123 39 book
1875 1070 66 30 co.
2006 1056 68 53 [©

152 1123 208 47 preface,
393 1120 342 47 introduction,
767 1119 252 47 exercises,
1052 1119 150 47 notes,
1236 1117 310 50 vocabulary]

159 1178 278 48 (31-25531)

78 1258 204 64 Hollis,
315 1257 406 64 Christopher,
754 1262 169 49 1902-

148 1334 164 53 Saint
354 1335 284 59 lanatius,
678 1333 75 61 by
795 1332 378 62 Christopher
1212 1331 211 53 Hollis.
1500 1330 260 64 London,
1804 1330 185 55 Sheed
2031 1331 46 50 &

74 1413 199 66 Ward,
304 1414 150 50 1931.

146 1491 365 49 ix, 287 p. 20 ᶜᵐ.
84 1546 1975 101 © 1c. Aug. 26, 1931; A ad int. 15450; pubd. June 25; C. Hollis, Stonyhurst
321 1606 202 48 College,
548 1617 72 30 nr.
645 1606 292 48 Blackburn,
965 1606 235 46 England.
1272 1604 280 49 (31-25991)

82 1688 169 63 Holy,
280 1688 257 54 Thomas
566 1686 312 57 Celestine.

146 1765 152 52 Lists
330 1764 64 53 of
427 1764 264 53 essential
723 1768 313 64 apparatus
1071 1762 96 54 for
1198 1782 96 34 use
1327 1762 59 53 in
1422 1763 363 68 high-school
1818 1763 259 68 sciences,

78 1839 1998 72 by T. C. Holy … and D. H. Sutton … Columbus, O., The
77 1918 892 69 Ohio state university [ ᶜ19 31 ]
146 1998 1929 52 vii p., 1 l., 32 p. 24 ᶜᵐ. (Half-title: [Ohio state university] Bureau
76 2056 51 40 of
151 2056 310 41 educational
485 2056 238 40 research.
781 2056 338 48 Monographs,
1174 2066 76 31 no.
1280 2055 79 49 12)

146 2112 71 40 On
246 2123 140 29 cover;
444 2112 122 41 Ohio
596 2115 128 39 state
754 2111 271 48 university
1052 2112 200 41 studies.

146 2168 234 42 “Sources
409 2169 53 40 of
492 2169 146 41 data”;
699 2179 45 37 p.
776 2168 97 42 6-7.

86 2224 50 51 ©
168 2228 126 47 Sept.
321 2226 69 49 19,
418 2227 112 40 1931;
586 2227 66 40 2c.
685 2228 125 47 Sept.
838 2226 55 40 25;
950 2226 81 40 aff.
1064 2227 126 47 Sept.
1220 2228 57 38 24;
1333 2227 43 39 A

1400 2227 145 40 41868;
1604 2228 197 39 Bureau
1830 2228 51 39 of
153 2227 1908 96 educational
337 2284 238 47 research,
607 2284 121 40 Ohio
760 2285 127 39 state
918 2283 286 49 university,
1239 2283 274 50 Columbus,
1548 2284 53 40 O.

163 2340 278 48 (31-25633)

81 2420 274 66 Howard,
384 2422 223 64 Henry,
639 2427 169 49 1859-

149 2497 1864 71 The defeat of fear, and other studies, by Henry Howard …
81 2574 139 54 New
249 2576 179 66 York,
460 2574 251 69 Chicago
767 2582 98 47 [etc.]
922 2575 267 71 Fleming
1218 2577 79 55 H.
1330 2578 82 52 Re
1419 2576 110 52 veil
1561 2594 279 52 company
1878 2609 12 35 [
1919 2579 132 50 ᶜ1931]

149 2654 86 43 217
263 2667 42 38 p.
366 2655 56 42 19½ᶜᵐ.

430 2713 1648 48 CONTENTS. — The defeat of fear.—Things to think on.— Passiontide
82 2770 94 39 and
204 2771 291 38 Easter—A
521 2771 213 46 problem
761 2771 50 39 of
837 2770 530 48 location.—Carrying
1393 2771 320 47 on.—Things
1742 2771 101 39 that
1879 2770 198 40 remain.

88 2823 50 52 ©
171 2828 124 48 Sept.
326 2827 67 49 19,
424 2826 112 43 1931;
594 2828 68 42 2c.
691 2829 95 40 and
814 2828 83 42 aff.
929 2828 126 49 Sept.
1084 2828 57 41 26;
1199 2829 42 40 A
1266 2828 146 41 41923;
1473 2829 221 48 Fleming
1722 2829 61 41 H.
1815 2829 166 39 Revell
2010 2837 67 32 co.

168 2885 278 49 (31-25651)

85 2950 394 66 Huntington,
507 2951 186 65 Tuley
721 2952 262 68 Francis,
1016 2954 171 54 1873-

147 3026 327 68 Jacqueline
506 3028 63 51 of
598 3029 155 70 Very
784 3028 167 68 Near,
983 3028 184 55 which
1198 3029 47 54 is
1274 3028 102 54 her
1404 3027 146 53 book
1581 3027 112 52 and
1724 3027 141 69 path
1894 3035 58 47 to
1982 3028 94 52 the

79 3102 136 69 edge
248 3103 64 55 of
345 3103 94 52 the
472 3104 270 54 earthless
776 3123 151 35 acres
962 3106 113 53 and
1108 3110 57 48 to
1200 3106 95 52 the
1328 3105 133 54 wall
1494 3112 59 46 at
1586 3105 95 54 the
1715 3104 202 54 wind’s
1951 3105 126 66 end,

81 3179 1994 74 written and imprinted by Tuley Francis Huntington … Palo
81 3256 152 70 Alto,
271 3257 192 70 Calif.,
500 3258 83 55 At
617 3260 95 53 the
749 3259 193 52 House
980 3258 63 54 of
1079 3260 389 69 Huntington,
1509 3263 148 48 1931.

149 3340 465 49 6 p. l., 176 p. 24 ᶜᵐ.
152 3395 127 41 “The
302 3398 121 39 book
450 3397 89 40 has
563 3398 116 40 been
707 3396 191 50 printed
923 3399 61 48 by
1010 3399 131 40 hand
1166 3409 60 29 on
1252 3400 238 45 Tuscany,
1516 3408 60 29 an
1606 3398 173 48 all-rag
1805 3399 147 40 white
1981 3399 96 39 laid

82 3450 141 48 plate,
255 3463 27 29 a
313 3452 273 41 handmade
614 3463 148 38 paper
791 3453 125 40 from
948 3454 255 42 Fabriano,
1239 3454 140 47 Italy.
1442 3454 64 40 Of
1538 3453 97 41 this
1668 3452 179 43 edition
1882 3457 196 45 twenty-

82 3515 140 32 seven
253 3509 157 46 copies
442 3510 123 41 have
595 3510 118 40 been
745 3509 205 49 printed,
982 3511 117 40 each
1132 3520 117 39 copy
1282 3512 260 39 numbered
1576 3511 95 39 and
1705 3510 164 48 signed
1905 3512 57 45 by
1999 3510 80 41 the

81 3562 189 49 author,
306 3567 95 39 and
437 3565 80 40 the
554 3568 112 45 type
700 3567 88 38 has
825 3567 115 39 been
980 3564 305 42 distributed.
1352 3566 117 40 This
1508 3567 40 37 is
1585 3567 120 39 book
1741 3566 202 41 number
1977 3566 99 40 26.”

150 3620 56 38 In
238 3620 120 41 slide
387 3631 122 31 case.

91 3672 50 51 ©
172 3677 126 48 Sept.
324 3678 69 46 11,
418 3677 140 47 1931;
586 3677 66 40 2c.
683 3678 127 47 Sept.
838 3678 81 46 17;
948 3677 81 41 aff.
1060 3678 127 47 Sept.
1215 3678 80 46 16;
1326 3679 41 38 A
1392 3678 145 40 42430;
1593 3679 52 40 T.
1675 3679 50 40 F.
1754 3678 322 45 Huntington,

158 3734 115 40 Palo
301 3734 125 46 Alto,
455 3734 141 41 Calif.
669 3734 278 49 (31-25520)

87 3798 242 66 Kandel,
358 3800 187 55 Aben.

151 3873 178 52 Rabbi
361 3875 207 67 Burns,
595 3894 27 33 a
652 3878 163 51 novel
863 3876 35 52 [by]
991 3876 159 52 Aben
1179 3875 246 54 Kandel.
1487 3876 136 52 New
1656 3875 179 68 York,
1864 3874 214 69 Covici,

80 3949 219 71 Friede,
334 3954 149 53 1931.
