2428 4370
1234 4044 140 50 2144

410 459 890 49 xv p., 1 l., 284 p. front., illus. 19 ᶜᵐ.
343 517 163 39 Blank
530 526 148 38 pages
705 516 80 40 for
812 516 377 41 “Memoranda”
1226 515 255 49 (281-284)

345 574 164 41 “First
541 573 230 42 edition.”

345 631 238 42 Contains
608 630 397 49 bibliographies.

283 700 52 52 ©
370 704 112 42 Dec.
579 734 9 17 18,
621 701 114 42 1931;
799 702 67 41 2c.
902 702 111 40 Dec.
1050 700 56 42 19;
1170 702 82 41 aff.
1288 701 113 44 Dec.
1433 702 58 40 21;
1557 703 41 39 A
1630 703 150 41 45578;
1843 705 62 38 M.
1942 704 56 40 R.
2034 704 110 48 Jay,
2179 706 119 40 New

350 761 144 40 York.
568 760 252 50 (32-1358)

280 851 322 71 [Jouvenel,
629 856 171 52 Mme.
830 852 294 55 Gabrielle
1154 854 284 55 Claudine
1473 854 293 66 (Colette)
1801 856 70 52 de]
1925 860 171 52 1873-

410 930 1886 72 … Recaptured, by Colette [pseud.] London, V. Gollancz,
277 1011 121 69 ltd.,
429 1014 151 52 1931.

347 1092 279 49 287 p. 19 ᶜᵐ.
350 1150 65 41 At
446 1152 126 39 head
606 1151 53 40 of
689 1148 136 42 title:
859 1150 296 41 Translated
1187 1151 61 48 by
1280 1150 140 41 Viola
1455 1150 188 41 Gerard
1676 1151 199 44 Garvin.

285 1216 51 53 ©
364 1223 67 39 3c.
459 1222 113 41 Dec.
600 1222 39 48 5,
669 1221 140 48 1931;
839 1221 40 40 A
907 1223 62 40 ad
997 1222 86 40 int.
1113 1220 172 50 15898;
1313 1222 147 48 pubd.
1489 1222 103 41 Oct.
1622 1221 81 49 12;
1736 1222 300 49 Doubleday,
2066 1223 167 39 Doran
2263 1224 38 41 &

356 1290 82 36 co.,
464 1279 106 48 inc.,
597 1279 195 40 Garden
819 1279 125 49 City,
970 1280 57 39 N.
1053 1280 53 40 Y.
1178 1278 254 51 (32-1082)

281 1372 283 67 Kabisch,
595 1374 206 56 Ernst.

350 1452 112 53 Die
496 1450 205 56 führer
733 1452 97 54 des
862 1452 398 69 reichsheeres,
1294 1455 133 50 1921
1464 1452 119 53 und
1620 1455 132 50 1931;
1821 1472 103 35 zur
1955 1453 350 70 erinnerung

281 1549 71 34 an
394 1531 92 54 die
530 1533 64 50 10
598 1530 229 70 jährige
920 1530 305 55 wiederkehr
1265 1532 101 53 der
1407 1531 638 70 reichsheergründung
2083 1551 132 35 vom
2258 1537 45 47 1.

279 1609 212 69 januar
533 1612 153 65 1921,
729 1610 461 70 herausgegeben
1234 1628 112 35 von
1389 1611 502 68 generalleutnant
1932 1629 50 35 a.
2026 1611 54 53 d.
2126 1611 180 53 Ernst

281 1687 1930 72 Kabisch. Mit 800 porträts. Stuttgart, Dieck & co. [ ᶜ1 931]
350 1772 791 50 52 p. illus. (ports.) 26 × 32½ᶜᵐ.
353 1829 73 41 On
447 1841 142 29 cover:
651 1830 122 41 Eine
794 1831 309 41 bilderreihe.

290 1882 1737 55 © June 19, 1931; 1c. Aug. 13; A —Foreign 13457; Dieck & co.
369 1945 252 48 (32-1433)

284 2037 258 67 Kinnan,
571 2040 198 66 Peter,
801 2041 329 55 1751-1836.

355 2116 189 56 Order
590 2117 150 54 book
783 2117 140 69 kept
967 2118 77 70 by
1091 2119 172 53 Peter
1308 2117 259 69 Kinnan,
1615 2117 143 70 July
1804 2117 409 69 7-September
2256 2121 51 65 4,

287 2195 2020 71 1776; with an introduction by M. E. Kinnan … Princeton,
285 2274 68 54 N.
383 2274 75 69 J.,
487 2274 159 53 Priv.
676 2273 176 70 print,
882 2279 59 49 at
968 2275 98 54 the
1092 2275 313 53 Princeton
1432 2274 323 70 university
1782 2293 176 51 press,
1989 2278 152 52 1931.

393 2357 859 50 x, 98, [1] p. front., facsims. 22 ᶜᵐ.
359 2413 1950 49 “Peter Kinnan … enlisted in the New Jersey militia at the outbreak
287 2471 2021 43 of the war … The Order book furnishes internal evidence that he was
288 2530 49 40 in
372 2529 210 41 General
614 2528 209 41 Heard’s
857 2528 202 49 brigade
1092 2529 96 39 and
1222 2528 51 40 in
1307 2528 198 41 Colonel
1539 2528 237 48 Ephraim
1810 2528 226 41 Martin’s
2072 2528 238 49 regiment

340 2585 1968 49 … Only the first volume of the Order book has come down to us.
287 2641 1971 49 There is a tradition in the family that there existed eight volumes …
289 2703 111 38 that
425 2701 78 40 six
529 2701 53 39 of
608 2701 138 40 these
771 2701 218 39 volumes
1016 2709 128 30 were
1170 2699 187 40 burned
1384 2698 96 41 and
1508 2699 112 40 that
1646 2709 88 30 one
1762 2699 191 40 volume
1980 2709 102 31 was
2109 2698 202 42 lost.”—

288 2760 188 39 Introd.

297 2813 52 53 ©
376 2816 102 43 Oct.
505 2816 69 42 15,
601 2814 84 42 1931;
771 2815 64 40 2c.
863 2815 97 41 and
986 2813 83 42 aff.
1096 2813 103 42 Oct.
1225 2813 84 49 24;
1336 2812 43 41 A
1403 2811 146 43 43495;
1608 2813 61 40 M.
1698 2813 53 42 E.
1778 2812 216 49 Kinnan,
2020 2813 119 40 New
2165 2811 146 44 York.

375 2873 253 49 (32-1269)

290 2965 238 67 Krieck,
559 2968 206 65 Ernst,
797 2971 173 51 1882-

421 3040 1887 74 … Erziehungsphilosophie, von Ernst Krieck. München und
294 3122 214 68 Berlin,
543 3124 67 52 R.
649 3121 390 72 Oldenbourg,
1077 3126 153 50 1930.

360 3203 619 49 cover-title, 123 p. 25 ᶜᵐ.
362 3262 64 40 At
453 3262 127 40 head
608 3262 53 39 of
689 3261 108 41 title:
855 3261 277 40 Handbuch
1162 3261 86 40 der
1277 3260 319 49 philosophie.

365 3318 432 48 “Sonderausgabe
826 3329 89 30 aus
944 3318 107 39 dem
1082 3318 276 39 Handbuch
1389 3318 87 39 der
1504 3317 349 48 philosophie.”

301 3374 1794 53 © Apr. 10, 1930; 1c. Apr. 16; A —Foreign 12676; R. Oldenbourg.
378 3436 252 47 (32-1535)

295 3527 321 67 Lamandé,
646 3529 222 66 André,
901 3534 172 51 1886-

427 3605 1889 84 … L’Espagne écartelée. Paris, Éditions des portiques
372 3695 120 66 [ ᶜ1 931 ]
365 3772 706 51 3 p. l., [9]-250 p., 2 l. 19 ᶜᵐ.
644 3829 347 41 CONTENTS.—D’Hernani
1018 3829 29 41 à
1074 3828 601 43 Madrid.—Séville.—La
1702 3831 137 46 leçon
1863 3830 58 40 de
1948 3828 364 43 Cordoue.—Le

295 3889 157 38 secret
486 3888 63 39 du
587 3886 227 42 Gréco.—
816 3886 124 41 Viva
975 3888 48 39 la
1060 3882 402 53 republica!—La
1501 3887 127 40 fuite
1664 3888 62 38 du
1765 3886 248 41 roi.—Des
2050 3886 161 47 fleurs,
2247 3887 63 40 du

295 3951 134 41 sang,
463 3944 63 40 du
559 3944 239 42 feu.—Où
827 3954 62 31 va
921 3942 292 50 l’Espagne?
