2505 4370
1256 4054 106 54 244

290 367 379 65 Cheminant,
697 366 224 56 Pierre.

422 447 1894 57 … Précis d’introduction à la lecture et à l’étude des Saintes
336 526 1980 71 Écritures … Tableaux synchroniques et synoptiques. Paris.
287 604 69 53 A.
389 604 155 68 Blot,
576 606 151 50 1930.

354 685 70 49 30,
461 685 56 50 [2]
547 695 42 38 p.
652 684 147 42 19½ᶜᵐ.

293 739 51 52 ©
377 742 130 50 Sept.
536 742 69 48 23,
635 741 115 42 1930;
838 755 36 28 1c.
905 744 118 39 each
1054 744 111 40 Dec.
1196 743 82 46 19;
1310 742 313 51 A—Foreign
1652 742 141 49 9977;
1827 744 166 41 Andre
2021 744 128 42 Blot.

374 800 255 50 (31-6065)

289 896 179 65 Cobb,
499 895 163 54 Irvin
693 896 417 64 Shrewsbury,
1143 897 173 54 1876-

358 973 326 54 Incredible
728 974 163 52 truth
959 973 93 70 [by]
1101 973 165 54 Irvin
1316 973 57 55 S.
1420 972 175 57 Cobb.
1673 974 140 53 New
1858 974 181 68 York,
291 974 1999 146 Cosmopolitan

543 1052 150 53 book
722 1051 385 69 corporation,
1140 1054 152 51 1931.

392 1135 606 49 x p., 1 l., 362 p. 19½ᶜᵐ.
363 1192 1949 49 “In compiling the material for this volume … I have tried to find
289 1251 217 50 graphic,
538 1250 134 41 vivid
701 1251 96 39 and
826 1250 230 48 vigorous
1084 1249 322 48 first-person,
1436 1252 356 46 present-tense
1823 1252 176 39 annals
2029 1251 53 40 of
2112 1251 205 42 historic

289 1311 171 40 events
494 1309 49 39 in
578 1319 89 30 our
701 1318 107 30 own
842 1309 207 46 country
1082 1308 94 39 and
1212 1307 49 39 in
1297 1307 83 40 the
1413 1307 135 40 older
1582 1307 249 41 countries
1865 1318 55 30 as
1955 1311 139 43 well;
2131 1308 48 41 in
2216 1309 100 41 this

289 1366 287 49 generation
608 1366 97 39 and
735 1365 49 40 in
817 1365 83 40 the
929 1363 314 49 generations
1274 1364 168 40 before
1474 1362 444 45 us.”—Foreword.

295 1421 51 52 ©
380 1425 113 39 Feb.
524 1423 69 41 21,
627 1422 142 48 1931;
802 1422 69 40 2c.
903 1422 96 40 and
1032 1421 83 42 aff.
1147 1421 113 40 Feb.
1291 1421 84 46 24;
1410 1421 40 39 A
1481 1419 173 49 33943;
1690 1422 39 40 I.
1764 1421 45 42 S.
1843 1421 144 50 Cobb,
2020 1422 120 41 New
2171 1422 147 41 York.

373 1480 256 51 (31-5649)

291 1576 232 65 Collier,
552 1575 259 56 William
842 1574 212 65 Miller,
1086 1576 172 53 1867-

361 1653 275 56 Gilbert’s
675 1653 216 55 Collier
928 1670 72 35 on
1036 1651 398 71 bankruptcy;
1472 1670 30 34 a
1540 1651 233 54 treatise
1809 1670 72 35 on
1920 1652 97 54 the
2053 1653 112 52 law
2202 1652 111 54 and

295 1733 246 69 practice
576 1733 58 52 in
667 1731 366 69 bankruptcy
1069 1731 182 53 under
1285 1731 95 53 the
1415 1730 258 53 national
1711 1730 382 71 Bankruptcy
2129 1737 89 48 act
2254 1730 64 56 of

296 1815 133 49 1898
462 1830 59 34 as
552 1810 277 53 amended
863 1816 59 46 to
954 1810 266 68 January
1255 1812 46 64 1,
1336 1812 164 64 1931;
1535 1808 249 55 General
1816 1809 196 55 orders
2047 1810 59 54 in
295 1810 1998 148 bankruptcy

529 1906 60 36 as
617 1887 276 54 amended
923 1893 58 47 to
1008 1887 160 66 date;
1199 1886 203 54 official
1434 1885 181 55 forms
1645 1887 251 69 adopted
1923 1887 77 70 by
2027 1888 98 54 the
2154 1889 72 55 U.
2258 1887 56 57 S.

293 1963 1963 73 Supreme court; supplementary forms by Frank B. Gilbert …
291 2043 2026 72 2d ed., by Ralph E. Rogers … Two volumes in one. Albany.
294 2124 67 52 N.
394 2124 92 66 Y.,
513 2123 80 52 M.
623 2123 228 53 Bender
878 2124 44 50 &
952 2139 302 50 company,
1284 2120 424 71 incorporated,
1741 2123 152 52 1931.

362 2205 123 45 xliii,
521 2204 116 40 1712
667 2213 44 39 p.
772 2202 117 42 26ᶜᵐ.

364 2261 258 40 “Includes
668 2261 81 40 the
795 2259 201 41 decided
1043 2259 309 48 bankruptcy
1398 2269 138 31 cases
1582 2260 50 40 to
1679 2259 272 42 November
2027 2293 10 17 1,
2085 2259 131 51 1930,
2262 2272 56 31 as

296 2319 225 47 reported
576 2319 49 39 to
676 2317 98 39 and
830 2315 250 49 including
1134 2316 55 40 16
1243 2315 258 41 American
1557 2314 307 50 bankruptcy
1919 2320 192 45 reports
2176 2318 142 47 (New

293 2374 201 47 series),
522 2383 121 39 page
671 2372 324 42 448”—Pref.
1026 2375 49 37 to
1103 2372 57 40 2d
1191 2373 72 40 ed.

300 2428 51 52 ©
383 2433 112 39 Feb.
525 2431 70 48 20,
627 2430 141 47 1931;
800 2431 67 41 2c.
899 2431 96 39 and
1026 2429 82 41 aff.
1140 2430 111 40 Feb.
1283 2429 82 48 21;
1399 2430 42 39 A
1468 2429 173 49 35014;
1676 2430 241 42 Matthew
1946 2432 192 41 Bender
2170 2433 38 41 &
2237 2443 82 32 co.,

368 2490 91 41 inc.
534 2489 253 49 (31-5668)

296 2585 390 53 Connecticut
729 2588 112 51 and
884 2585 264 53 Atlantic
1191 2591 259 62 reporter
1492 2585 205 68 digest,
1738 2586 269 69 covering
2050 2588 79 51 all
2170 2605 152 36 cases

367 2667 267 67 reported
669 2666 59 51 in
764 2664 371 55 Connecticut
1171 2670 223 61 reports
1429 2666 113 51 and
1576 2663 264 55 Atlantic
1872 2670 277 63 reporter,
2182 2666 138 52 with

366 2741 1955 70 current cumulative pocket service … Compiled and edited
365 2819 1958 75 by the publisher's editorial staff, v. 7-9 … St. Paul, Minn.,
364 2902 872 69 West publishing co. [ ᶜ1 931 ]
365 2982 310 43 3 v . 26½ᶜᵐ.
642 3071 8 7 CONTENTS.
666 3064 62 4 —
744 3052 43 28 v.
828 3039 40 42 7.
910 3038 716 43 Cemeteries-Constitutional
1663 3039 111 42 law.
1789 3062 64 7 —
1865 3049 46 31 v.
1950 3037 43 43 8.
2034 3040 288 49 Contempt-

301 3099 315 40 Coroners.—
618 3109 44 28 v.
692 3096 42 41 9.
765 3096 534 49 Corporations-Court
1329 3096 391 42 commissioners.

328 3187 7 8 v.
366 3155 40 47 7,
442 3152 51 51 ©
526 3154 110 40 Jan.
666 3154 69 41 29.
768 3153 141 42 1931;
943 3153 67 40 2c.
1040 3154 111 40 Feb.
1184 3155 82 40 11;
1301 3153 81 40 aff.
1416 3154 110 40 Feb.
1560 3153 83 41 12:
1678 3163 42 30 v.
1753 3152 39 43 S,
1823 3152 41 48 9,
1901 3151 51 50 ©
1987 3153 109 40 Jan.
2131 3154 82 42 30:
2249 3156 67 39 2c.

370 3213 120 40 each
519 3214 95 38 and
644 3212 108 40 affs.
782 3212 112 41 Feb.
923 3211 82 48 12;
1037 3212 42 39 A
1104 3211 352 47 33715-33717;
1487 3211 139 41 West
1652 3210 111 49 pub.
1792 3220 69 32 co.
1951 3209 276 44 1559-1561

300 3307 280 65 Courths,
609 3310 160 53 Frau
796 3306 253 66 Hedwig
1085 3306 293 65 (Mahler)
1419 3308 170 54 1867-

367 3386 160 53 Dora
586 3385 182 54 Linds
828 3383 334 71 geheimnis,
1221 3401 198 35 roman
1484 3402 108 35 von
1654 3383 76 52 H.
1794 3382 523 56 Courths-Mahler.

296 3464 244 69 Leipzig
568 3465 119 52 und
721 3464 173 66 Bern,
926 3463 65 52 F.
1025 3461 331 54 Rothbarth
1395 3460 211 68 [1930?]

368 3548 87 40 318
484 3558 43 38 p.
589 3547 146 41 18½ᶜᵐ.

303 3602 51 52 ©
389 3607 115 45 May
536 3605 69 47 16,
637 3603 142 47 1930;
844 3614 37 30 1c.
917 3603 112 40 Dec.
1062 3602 82 46 18;
1180 3600 315 49 A—Foreign
1528 3599 172 49 10780;
1737 3601 255 41 Friedrich
2027 3602 294 42 Rothbarth.

381 3662 254 48 (31-6156)

299 3745 89 51 Da
421 3744 198 64 Costa,
648 3743 156 53 John
836 3740 329 66 Chalmers,
1199 3745 172 50 1863-

367 3818 311 57 Selections
714 3819 152 53 from
904 3818 97 55 the
1037 3835 208 51 papers
1284 3816 112 55 and
1432 3817 262 68 speeches
1730 3816 64 54 of
1831 3818 156 54 John
2024 3817 297 55 Chalmers

295 3893 1998 157 Da Costa … Philadelphia and London, W. B. Saunders company, 1931.
