2575 4398
1252 4058 70 52 20

275 460 2033 53 © 1c. Dec. 31, 1930; A ad int. 14640; pubd. Nov. 3; G. D. H. Cole and
342 523 254 47 Margaret
623 522 164 40 Isabel
815 521 127 49 Cole,
972 520 204 47 Oxford,
1206 520 241 49 England.
1518 518 256 51 (31-1391)

272 602 286 65 Collman,
588 601 251 57 Charles
867 602 233 65 Albert,
1132 606 174 51 1868-

402 680 1899 70 … Our mysterious panics, 1830-1930; a story of events and
271 760 97 54 the
403 780 130 35 men
571 759 289 56 involved.
936 761 141 54 New
1116 760 183 68 York,
1334 762 92 53 W.
1465 760 256 53 Morrow
1758 763 46 51 &
1838 778 101 49 co.,
1977 763 151 50 1931.

341 843 103 50 viii,
476 843 89 42 310
596 854 42 39 p.
701 843 148 42 19½ᶜᵐ.

276 897 53 53 ©
359 902 111 42 Jan.
497 903 41 48 2,
567 902 144 48 1931;
741 901 69 43 2c.
837 904 98 39 and
964 901 84 43 aff.
1077 903 111 40 Jan.
1218 903 54 48 5;
1302 902 43 40 A
1371 900 147 43 31928;
1579 901 51 42 C.
1658 901 56 43 A.
1745 901 237 47 Collman,
2012 901 119 40 New
2160 901 149 41 York.

353 959 255 50 (31-1475)

274 1041 391 55 Connecticut
709 1045 116 53 and
866 1044 265 54 Atlantic
1172 1049 261 64 reporter
1474 1045 207 68 digest,
1723 1043 271 70 covering
2037 1043 78 52 all
2157 1060 154 36 cases

340 1121 271 67 reported
645 1121 60 52 in
739 1119 379 56 Connecticut
1151 1126 226 64 reports
1410 1121 114 53 and
1557 1119 266 54 Atlantic
1855 1124 279 64 reporter,
2165 1117 144 54 with

341 1205 232 48 current
602 1199 351 54 cumulative
979 1199 206 69 pocket
1213 1200 215 54 service
1453 1199 251 70 keeping
1729 1199 118 53 this
1876 1198 190 70 digest
2093 1198 217 68 always

342 1282 58 49 to
448 1279 151 70 date,
646 1277 286 69 compiled
981 1279 115 53 and
1142 1278 193 54 edited
1382 1278 76 69 by
1503 1278 97 53 the
1647 1277 344 70 publisher’s
2038 1277 271 54 editorial

343 1358 154 56 staff.
572 1379 52 34 V.
697 1403 9 9 1.
747 1359 557 69 Descriptive-word
1334 1359 190 54 index.
1605 1359 82 55 St.
1720 1361 169 68 Paul,
1917 1360 205 66 Minn.,
2151 1360 165 54 West

343 1440 680 70 publishing co. [ ᶜ1 930 ]
346 1521 467 51 ix, 1632 p. 26 ᶜᵐ .
344 1580 232 40 Lettered
603 1591 62 30 on
693 1591 144 30 cover
855 1590 9 29 :
893 1580 117 40 1764
1038 1582 49 39 to
1115 1580 130 41 date.

345 1637 137 48 “Key
512 1639 207 39 number
748 1637 229 49 system.”

277 1692 53 53 ©
360 1696 114 41 Dec.
503 1696 70 48 18,
604 1694 144 49 1930;
779 1695 67 40 2c.
879 1696 96 39 and
1007 1694 82 42 aff.
1121 1695 111 40 Jan.
1263 1694 71 49 10,
1365 1692 109 42 1931;
1541 1694 42 40 A
1611 1693 174 49 33098;
1818 1694 137 41 West
1986 1695 110 48 pub.
2129 1705 69 30 co.

359 1752 255 51 (31-1361)

278 1835 215 65 Crabb,
523 1836 257 54 Edward
811 1837 220 64 Drane,
1064 1841 173 50 1890-

343 1912 327 70 Principles
704 1913 66 53 of
802 1913 328 54 functional
1165 1920 273 64 anatomy
1472 1914 64 53 of
1568 1914 97 53 the
1699 1913 210 56 rabbit,
1941 1914 76 69 by
2052 1913 255 54 Edward

271 1991 2040 71 Drane Crabb … with thirty-three illustrations. Philadelphia,
272 2072 1150 72 P. Blakiston’s son & co., inc. [ ᶜ1 931]
347 2156 623 49 ix, 137 p. illus. 22 ᶜᵐ .
347 2213 356 49 Bibliography
730 2213 228 41 included
986 2213 50 39 in
1065 2213 214 49 preface.

279 2268 51 53 ©
364 2273 109 40 Jan.
505 2271 41 49 2,
579 2271 142 43 1931;
755 2271 67 41 2c.
857 2273 96 39 and
985 2271 83 41 aff.
1101 2272 111 40 Jan.
1245 2271 54 47 3;
1333 2271 41 39 A
1405 2270 173 48 33011;
1614 2271 52 42 P.
1699 2270 305 42 Blakiston’s
2036 2282 88 30 son
2157 2271 37 41 &
2226 2282 83 38 co.,

350 2330 91 41 inc.
514 2329 255 50 (31-1541)

277 2412 343 65 Danielson,
652 2413 262 53 Frances
942 2412 187 56 Weld.

346 2490 172 55 Bible
559 2496 159 65 story
761 2490 166 69 book,
970 2491 76 69 by
1090 2492 251 52 Frances
1385 2490 170 56 Weld
1598 2491 337 68 Danielson,
1978 2491 330 54 illustrated

272 2569 78 74 by
397 2570 277 55 Florence
724 2568 168 71 Liley
943 2572 230 69 Young.
1269 2571 238 68 Boston,
1559 2570 275 72 Chicago,
1883 2570 122 55 The
2054 2569 253 72 Pilgrim

274 2668 160 51 press
467 2653 175 66 [1930]

347 2731 1647 52 5 p. l., 187, [1] p. incl. col. front., illus., col. plates. 25½ ᶜᵐ .
349 2789 149 42 “New
523 2792 97 39 and
647 2790 234 49 enlarged
909 2789 232 42 edition.”

279 2842 53 53 ©
373 2848 113 40 Dec.
525 2847 59 41 16,
636 2845 142 49 1930;
820 2848 68 40 2c.
930 2849 97 39 and
1067 2847 83 41 aff.
1191 2848 111 40 Jan.
1342 2847 41 48 2,
1423 2845 143 49 1931;
1609 2846 42 40 A
1690 2845 175 50 31971;
1910 2846 45 42 S.
1996 2846 54 41 A.
2092 2847 217 49 Weston,

346 2905 200 41 Boston.
616 2901 69 55 [©
717 2905 350 50 illustrations]
1141 2904 255 51 (31-1609)

276 2985 311 54 Delaware
624 2990 114 52 and
774 2989 266 54 Atlantic
1077 2994 261 65 reporter
1373 2990 208 69 digest,
1616 2989 272 70 covering
1924 2991 80 52 all
2040 3008 152 35 cases

343 3007 1944 125 reported
581 3064 60 53 in
671 3065 304 54 Delaware
1005 3071 225 63 reports
1261 3065 114 54 and
1407 3066 265 53 Atlantic
1703 3070 277 64 reporter,
2010 3065 141 52 with

344 3082 1941 115 current
512 3142 351 56 cumulative
905 3143 206 70 pocket
1153 3144 214 55 service
1409 3144 251 71 keeping
1701 3144 116 54 this
1862 3144 188 70 digest
2093 3144 217 70 always

343 3227 61 49 to
451 3222 150 55 date,
647 3222 286 69 compiled
982 3224 115 53 and
1144 3223 191 54 edited
1381 3223 77 69 by
1503 3223 96 53 the
1648 3223 342 68 publisher’s
2039 3223 269 53 editorial

344 3303 152 55 staff.
574 3324 50 32 V.
695 3345 9 10 1.
747 3305 556 68 Descriptive-word
1333 3304 190 53 index.
1603 3303 82 56 St.
1719 3305 167 70 Paul,
1914 3302 206 72 Minn.,
2149 3305 161 54 West

345 3383 341 70 publishing
715 3402 79 34 co.
851 3386 154 64 [1930]

347 3463 474 50 ix, 1632 p. 26 ᶜᵐ .
345 3521 231 41 Lettered
603 3532 61 30 on
690 3533 144 29 cover;
890 3521 116 41 1814
1034 3524 49 39 to
1109 3523 128 41 date.

347 3578 137 48 “Key
513 3580 207 39 number
750 3581 182 46 system”

280 3631 53 53 ©
364 3636 114 41 Dec.
509 3637 70 48 17,
610 3635 144 49 1930;
787 3636 67 41 2c.
888 3638 95 39 and
1017 3637 82 41 aff.
1132 3638 111 40 Jan.
1275 3636 70 48 10,
1378 3636 143 48 1931;
1555 3636 42 40 A
1627 3636 175 48 33089;
1835 3639 140 39 West
2003 3638 111 48 pub.
2148 3648 69 30 co.

358 3693 254 52 (31-1362)

276 3773 322 66 Dingman,
634 3776 251 55 Charles
916 3777 268 65 Francis,
1223 3783 170 50 1885-

344 3851 1957 76 Estimating building costs, by Charles F. Dingman … 2d
272 3930 86 59 ed.
433 3931 142 57 New
609 3934 166 54 York
833 3938 121 67 [etc.]
994 3934 437 56 McGraw-Hill
1465 3935 149 53 book
1649 3954 301 51 company,
1988 3935 121 55 inc.,
2148 3938 151 51 1931.
