2505 4370
1051 4058 101 51 211

118 412 259 63 Cannan,
408 411 248 63 Joanna,
691 415 170 49 1898-

181 485 163 69 High
376 485 150 53 table
562 484 92 69 [by]
705 485 226 54 Joanna
966 483 251 55 Cannan.
1288 482 256 68 London,
1575 482 67 53 E.
1676 483 163 52 Benn
1873 480 238 66 limited,

113 567 150 52 1931.

183 646 572 52 V, 7-255, [1] p. 19 ᶜᵐ .
118 713 1976 108 © 1c. Feb. 17, 1931; A ad int. 14755; pubd. Jan. 16; J. Pullein-Thompson,
317 774 210 40 London.
598 773 250 48 (31-5756)

115 869 324 63 Chapman,
467 867 250 54 Michael
744 867 276 54 Andrew.

180 943 345 69 Peregrinus
562 961 130 51 goes
730 943 230 69 abroad,
995 943 75 68 by
1105 942 96 53 the
1238 942 297 53 Reverend
1571 941 250 53 Michael
1857 940 253 53 Andrew

113 1018 1997 71 Chapman … New York and Cincinnati, Frederick Pustet co.
121 1097 163 72 (inc.)
326 1102 151 49 1931.

181 1192 45 37 x,
263 1181 86 40 278
383 1192 44 37 p.
487 1181 128 39 illus.
676 1180 144 39 19½ᶜᵐ.

117 1248 52 52 ©
194 1252 112 41 Feb.
330 1253 68 47 11,
426 1251 112 40 1931;
592 1250 66 41 2c.
685 1251 93 39 and
805 1250 83 40 aff.
913 1250 109 40 Feb.
1050 1250 57 39 16;
1159 1250 40 38 A
1224 1249 148 40 34408;
1425 1249 263 41 Frederick
1714 1250 171 40 Pustet
1911 1261 81 30 co.,
2020 1252 91 37 inc.

195 1308 250 49 (31-5131)

113 1402 409 64 Charpentier,
553 1401 174 55 John.

180 1478 1864 70 Rousseau, the child of nature, by John Charpentier …
111 1557 138 53 New
294 1557 179 69 York,
516 1558 64 53 L.
624 1557 353 68 MacVeagh,
1022 1557 122 52 The
1187 1554 138 55 Dial
1371 1573 183 51 press;
1604 1558 270 66 Toronto,
109 1559 1973 144 Longmans,
313 1634 187 56 Green
528 1638 46 50 &
602 1652 296 50 company,
930 1637 149 50 1931.

178 1717 586 49 4 p. l. , 3-303 p. 24 ᶜᵐ .
114 1783 52 52 ©
198 1788 109 40 Jan.
337 1787 69 47 23,
440 1786 139 48 1931;
613 1787 66 41 2c.
713 1788 94 39 and
840 1787 81 40 aff.
957 1787 109 41 Feb.
1098 1786 53 47 9;
1187 1787 38 39 A
1258 1787 171 46 33646;
1467 1787 110 41 Dial
1612 1797 148 38 press,
1793 1787 91 41 inc.

191 1843 250 49 (31-41094)

110 1935 253 67 Clemen,
395 1939 134 54 Carl
560 1937 322 65 Christian,
950 1945 137 49 1860-
1300 1940 85 52 ed.

182 2016 295 70 Religions
515 2015 66 53 of
616 2016 98 53 the
750 2017 198 66 world,
986 2016 153 53 their
1174 2021 203 48 nature
1417 2017 113 52 and
1569 2016 151 53 their
1759 2016 239 68 history,
2037 2015 74 68 by

111 2092 1972 148 Professor Carl Clemen … in collaboration with Franz Babinger,
111 2171 1975 131 Leo Baeck, Heinrich Hackmann … [and others] translated
296 2250 76 68 by
404 2249 97 53 the
535 2250 137 52 Rev.
707 2250 71 52 A.
876 2292 10 10 K.
922 2249 220 68 Dallas,
1231 2292 10 10 M.
1320 2291 30 26 A.,
1386 2249 138 53 with
1560 2267 104 36 one
1698 2249 262 53 hundred
1997 2251 110 51 and

110 2326 320 70 thirty-five
499 2327 396 53 illustrations.
988 2327 139 53 New
1199 2327 182 68 York,
1454 2326 271 70 Chicago,
1797 2326 310 60 Harcourt,

111 2406 861 68 Brace and company [ᶜ193 1]
177 2487 96 47 xiv,
301 2486 85 41 482
415 2497 45 38 p.
519 2487 129 41 illus.
676 2487 133 48 (incl.
839 2488 175 48 ports.)
1080 2487 118 42 24ᶜᵐ.

177 2544 163 40 “First
373 2543 227 42 edition.”

180 2600 349 49 Bibliography
557 2604 53 38 at
635 2603 94 39 end
756 2602 53 40 of
836 2602 118 41 each
981 2602 215 48 chapter.

113 2666 52 52 ©
196 2671 107 40 Jan.
335 2670 69 49 22,
435 2671 140 41 1931;
608 2672 66 40 2c.
706 2674 93 38 and
832 2672 80 40 aff.
946 2673 110 39 Feb.
1087 2673 55 40 18;
1203 2673 41 38 A
1273 2671 145 41 33804;
1479 2672 261 47 Harcourt,
1774 2673 155 39 Brace
1959 2673 36 39 &
2026 2682 82 36 co.,

178 2728 89 40 inc.
339 2728 251 50 (31-5199)

109 2822 339 68 Cockeram,
474 2824 225 65 Henry,
727 2827 56 63 ft.
813 2830 148 50 1650.

173 2900 121 53 The
327 2901 246 69 English
606 2902 337 53 dictionarie
977 2903 64 52 of
1076 2904 151 65 1623,
1259 2903 75 68 by
1366 2903 204 68 Henry
1605 2901 328 68 Cockeram,
1966 2900 137 54 with

106 2994 31 35 a
171 2977 303 71 prefatory
506 2985 133 48 note
672 2981 76 68 by
785 2980 304 69 Chauncey
1126 2981 285 52 Brewster
1447 2978 232 55 Tinker.
1751 2980 139 53 New
1925 2978 182 68 York,

107 3057 372 70 Huntington
508 3078 173 49 press.
716 3063 145 50 1930.

177 3138 1174 51 xxi, 196, [1] p., 1 l. double facsim. 18½ᶜᵐ.
178 3195 1927 50 “Printed at the printing house of William Edwin Rudge … Of t his
109 3251 180 40 edition
315 3251 84 41 999
425 3253 158 47 copies
608 3264 127 29 were
760 3253 236 49 printed.”

178 3307 133 42 First
347 3309 252 47 published
638 3310 114 39 1623
791 3311 153 39 under
981 3310 109 40 title;
1160 3310 130 40 “The
1328 3310 201 48 English
1569 3308 289 42 dictionarie:
1923 3320 68 35 or,
2031 3310 73 38 An

107 3364 292 48 interpreter
426 3366 51 39 of
503 3366 121 39 hard
655 3366 201 46 English
884 3368 173 39 words.

113 3417 52 52 ©
245 3434 71 29 Nov.
351 3422 40 41 9.
428 3422 139 41 1930;
605 3423 66 40 2c.
708 3424 109 40 Jan.
852 3422 40 44 9,
929 3422 140 47 1931;
1108 3423 82 41 aff.
1228 3424 123 39 Mar.
1387 3422 81 42 12:
1509 3423 40 40 A
1585 3424 170 45 33743;
1796 3422 309 47 Huntington

181 3490 147 37 press,
363 3479 91 41 inc.
517 3476 69 53 [©
621 3481 252 48 prefatory
907 3484 125 45 note]
1106 3480 250 47 (31-3939)

111 3573 211 64 Colter,
353 3573 110 55 Eli.

175 3648 120 54 The
329 3650 339 54 adventures
702 3650 64 53 of
797 3651 222 53 Hawke
1053 3651 234 65 Travis;
1325 3651 254 68 episodes
1613 3651 58 52 in
1705 3650 96 53 the
1836 3648 104 55 life
1975 3649 64 52 of
2071 3667 32 33 a

107 3742 267 48 gunman,
423 3727 75 63 by
549 3727 95 53 Eli
696 3728 209 54 Colter.
980 3729 139 51 New
1170 3729 181 61 York,
1401 3730 121 52 The
1572 3726 334 55 Macmillan
106 3745 1972 126 company,
305 3808 151 49 1931.

175 3886 556 48 4 p. l., 220 p. 19½ ᶜᵐ .
115 3937 52 53 ©
199 3943 108 40 Feb.
339 3945 68 40 24.
441 3943 111 40 1931;
614 3944 66 40 2c.
714 3945 94 38 and
842 3944 80 40 aff.
956 3945 109 39 Feb.
1098 3945 83 40 25:
1217 3945 42 39 A
1290 3944 170 49 34516;
1496 3944 281 42 Macmillan
1811 3956 66 30 co.

190 3999 249 49 (31-5125)
