2428 4370
1238 3965 137 52 2022

367 409 84 40 172
480 421 44 37 p.
586 409 146 40 18½ᶜᵐ.
803 407 116 50 (His
948 408 229 41 Builders
1206 409 54 41 of
1287 409 240 49 America,
1558 421 43 31 v.
1630 409 81 48 21)

299 477 52 52 ©
377 481 121 41 Nov.
525 480 69 48 16,
621 479 142 48 1931;
792 480 67 40 2c.
888 481 96 39 and
1010 479 83 41 aff
1122 480 112 42 Dec.
1263 481 54 46 4;
1348 481 42 39 A
1414 481 174 47 46164;
1620 481 143 40 Funk
1790 481 37 40 &
1853 481 254 48 Wagnalls
2136 492 67 30 co.

378 537 193 51 (32-27)

367 632 265 56 William
662 634 181 67 Penn,
874 632 234 65 Quaker
1140 632 250 54 courtier
1420 633 115 54 and
1568 631 251 55 founder
1849 632 66 55 of
1946 633 263 68 colonies,
2237 633 78 69 by

300 710 2015 71 Clifford Smyth … New York and London, Funk & Wagnalls
296 808 301 52 Company,
632 794 152 49 1931.

369 874 86 40 175
484 884 44 38 p.
588 873 148 41 18½ᶜᵐ.
810 872 116 49 (His
957 873 230 40 Builders
1218 873 53 40 of
1298 873 241 48 America,
1569 884 43 30 v.
1644 873 52 48 7)

299 942 53 52 ©
378 946 120 41 Nov.
525 946 70 47 16,
622 944 142 48 1931;
793 946 67 41 2c.
889 948 97 39 and
1013 946 82 41 aff.
1125 946 112 41 Dec.
1264 948 54 46 4;
1347 946 44 40 A
1416 946 174 47 46164;
1622 946 143 40 Funk
1791 950 39 40 &
1854 945 255 49 Wagnalls
2136 955 68 30 co.

378 1003 283 49 (31-35720)

361 1095 305 55 Woodrow
707 1095 241 69 Wilson,
988 1096 128 53 who
1158 1103 187 48 strove
1386 1102 58 48 to
1486 1095 165 55 make
1692 1096 95 53 the
1827 1094 185 57 world
2053 1095 123 56 safe
2218 1096 93 54 for

291 1172 2019 70 democracy, by Clifford Smyth … New York and London,
291 1250 170 53 Funk
496 1253 44 50 &
575 1250 301 69 Wagnalls
912 1268 299 52 company,
1250 1254 152 49 1931.

362 1332 86 42 192
475 1343 43 39 p.
580 1332 145 42 18½ᶜᵐ.
795 1332 116 51 (His
940 1333 231 41 Builders
1197 1334 52 39 of
1275 1333 239 43 America,
1546 1345 41 28 v.
1617 1334 80 49 24)

300 1402 52 53 ©
380 1407 118 39 Nov.
526 1406 70 47 16,
623 1405 142 47 1931;
794 1405 68 42 2c.
890 1406 99 40 and
1013 1404 83 43 aff.
1125 1405 112 40 Dec.
1264 1405 55 47 4;
1349 1404 44 40 A
1416 1404 174 48 46164;
1623 1405 142 40 Funk
1792 1406 37 40 &
1855 1407 255 47 Wagnalls
2137 1417 68 31 co.

379 1463 194 50 (32-30)

294 1565 402 68 Sokol'nikov,
730 1564 216 66 Grigorïǐ
1112 1563 330 68 I͡Akovlevich,
1477 1572 173 50 1888-

371 1641 199 57 Soviet
607 1642 193 70 policy
838 1641 61 53 in
938 1641 197 70 public
1172 1641 239 68 finance,
1453 1641 331 68 1917-1928,
1822 1642 75 69 by
1938 1642 263 71 Gregory
2242 1642 73 53 Y.

300 1721 357 57 Sokolnikov
687 1724 51 51 &
770 1721 330 67 associates;
1133 1721 322 53 translated
1484 1721 77 69 by
1593 1721 184 53 Elena
1809 1720 286 69 Varneck,
2126 1722 188 54 edited

297 1801 76 70 by
407 1801 247 53 Lincoln
687 1799 372 55 Hutchinson
1095 1802 51 51 &
1186 1798 138 56 Carl
1363 1797 64 57 C.
1465 1800 203 54 Plehn.
1747 1798 286 57 Stanford
297 1799 1998 150 University,

471 1877 198 71 Calif.,
709 1878 287 56 Stanford
1035 1879 322 69 university
1398 1897 188 50 press;
1629 1879 261 67 London,
1929 1879 77 54 H.
2048 1879 269 68 Milford,

298 1958 233 56 Oxford
563 1958 323 70 university
918 1976 176 51 press,
1131 1961 153 50 1931.

367 2042 96 47 xiv,
498 2042 89 40 470
619 2053 43 38 p.
723 2040 117 43 23ᶜᵐ.

371 2099 293 41 “Published
693 2100 154 40 under
877 2099 82 41 the
987 2099 225 49 auspices
1241 2098 54 42 of
1323 2099 81 41 the
1434 2099 290 42 Committee
1753 2109 58 30 on
1845 2099 213 41 Russian
2091 2101 224 41 research

296 2158 53 40 of
378 2158 83 41 the
491 2158 196 40 Hoover
717 2168 103 30 war
852 2155 230 51 library.”

301 2225 52 53 ©
384 2229 102 41 Oct.
514 2229 40 47 2,
585 2229 140 47 1931;
755 2228 66 42 2c.
853 2229 102 41 Oct.
985 2228 82 47 12;
1099 2228 82 40 aff.
1212 2229 118 40 Nov.
1360 2227 82 47 23;
1476 2228 39 40 A
1542 2228 173 47 44942;
1748 2230 164 39 Board
1942 2229 51 40 of
2022 2231 213 39 trustees
2266 2230 50 40 of

369 2287 185 40 Leland
588 2286 236 41 Stanford
854 2286 166 48 junior
1052 2285 145 48 uuiv.,
1233 2284 236 42 Stanford
1501 2285 300 49 University,
1834 2286 144 40 Calif.

380 2343 283 50 (31-34796)

293 2440 297 64 Stamper,
622 2438 241 65 Joseph.

434 2515 1883 70 … Less than the dust, the memoirs of a tramp. London,
297 2595 371 54 Hutchinson
700 2598 51 51 &
786 2614 99 49 co.,
917 2595 104 54 ltd.
1063 2598 174 65 [1931]

371 2680 86 41 287
493 2690 42 38 p.
597 2679 151 41 front.
778 2680 173 48 (port.)
1020 2678 146 41 19½ᶜᵐ.

301 2747 2015 53 © 1c. Oct. 24, 1931; A ad int. 15595; pubd. Sept. 4; Hutchinson & co.
379 2808 327 51 (publishers)
748 2810 87 39 ltd.
907 2807 283 51 (31-34799)

296 2902 198 69 Stiles,
526 2904 161 54 Kent
719 2905 67 56 B.

368 2981 1948 72 Geography and stamps, by Kent B. Stiles … New York
298 3064 112 52 and
448 3062 262 67 London,
747 3061 348 71 Whittlesey
1131 3062 193 68 house,
1361 3060 434 55 McGraw-Hill
1832 3060 149 54 book
2018 3078 301 51 company,

297 3140 128 68 inc.,
457 3143 152 50 1931.

368 3222 65 47 xi,
467 3221 88 42 330
585 3232 44 38 p.
690 3221 129 41 illus.
880 3221 116 39 24ᶜᵐ.
1115 3218 132 52 $3.00

370 3279 165 40 “First
567 3278 227 41 edition.”

303 3345 51 52 ©
385 3350 112 40 Dec.
527 3350 69 47 13,
627 3348 142 48 1931;
799 3348 68 41 2c.
899 3349 111 40 Dec.
1042 3348 82 48 16;
1158 3348 82 42 aff.
1272 3349 112 40 Dec.
1414 3349 82 46 14;
1530 3348 40 39 A
1600 3348 173 45 45523;
1809 3346 352 42 McGraw-Hill
2193 3347 122 41 book

372 3416 80 38 co.,
485 3406 91 41 inc.
648 3406 282 48 (31-28605)

297 3500 279 64 Strange,
604 3501 166 54 Nora
793 3500 73 56 K.

365 3576 125 53 Her
521 3577 269 69 serenity,
821 3577 77 70 by
929 3578 157 52 Nora
1119 3578 74 52 K.
1232 3576 263 71 Strange.
1570 3576 262 68 London,
1868 3575 57 56 S.
1958 3577 150 52 Paul
2140 3576 47 51 &
2217 3592 99 51 co.,

299 3653 99 54 ltd.
441 3658 175 65 [1931]

367 3738 26 39 3
422 3747 43 38 p.
529 3770 9 16 l.,
565 3738 177 42 11-288
768 3749 44 39 p.
872 3738 148 43 19½ᶜᵐ.

305 3803 2010 56 © 1c. Nov. 27, 1931; A ad int. 35747; pubd. Sept. 29; Nora Kathleen
374 3866 178 49 Begbie
582 3868 213 49 Stanley,
826 3868 271 49 Worthing,
1132 3868 194 47 Sussex,
1357 3869 239 48 England.
1668 3867 282 50 (31-34698)
