2505 4370
1140 4005 104 52 423

175 372 220 53 Health
432 371 310 53 education
777 369 364 64 conference,
1174 367 276 73 Sayville,
1482 370 72 53 N.
1652 410 30 27 Y.,
1717 372 151 50 1930.

246 451 322 68 Principles
600 451 112 51 and
744 449 275 68 practices
1049 449 60 52 in
1140 449 196 52 health
1367 448 318 68 education,
1717 448 153 52 from
1900 448 96 52 the
2025 445 155 54 sixth

176 530 194 53 health
410 529 300 54 education
747 527 330 54 conference
1116 527 284 68 arranged
1435 527 34 52 by
1547 526 95 53 the
1679 525 307 54 American
2025 525 152 54 child

176 608 194 52 health
418 606 336 54 association
799 607 113 52 and
955 606 134 52 held
1134 612 58 46 at
1239 604 273 69 Sayville,
1557 604 165 69 Long
1764 604 219 68 Island,
2028 604 152 54 June

180 690 186 64 16-21,
406 688 147 49 1930.
630 685 139 51 New
806 684 163 52 York
1005 683 134 71 city,
1174 682 308 53 American
1519 682 155 53 child
1710 682 196 53 health
177 681 1979 152 association,
348 766 151 49 1931.

250 841 794 51 3 p. l. , 485 p. front. 23½ᶜᵐ.
184 896 51 52 ©
261 901 112 47 Apr.
401 899 40 49 8,
466 898 114 41 1931;
634 898 67 40 2c.
726 898 114 48 Apr.
866 898 56 40 10;
976 898 82 41 aff.
1083 898 114 48 Apr.
1223 896 27 41 9;
1305 898 41 39 A
1371 896 148 42 35680;
1571 897 259 41 American
1857 897 129 40 child
2012 897 169 40 health

251 968 128 29 assn.

177 1049 172 61 Hess,
381 1050 258 53 Herbert
669 1048 274 64 William,
978 1054 171 50 1880-

246 1126 407 68 Advertising;
701 1125 75 53 its
822 1125 327 68 economics,
1195 1125 347 69 philosophy
1589 1125 113 52 and
1746 1125 315 68 technique,
2104 1124 77 69 by

178 1202 2002 69 Herbert W. Hess … 92 illustrations and 5 plates in color.
178 1280 1978 69 Philadelphia, London [etc. ] J. B. Lippincott company [ᶜ193 1]
249 1344 1594 73 xiii p., 1 l., 516 p. illus., plates (part col.) diagrs. 22 ᶜᵐ .
252 1420 294 41 “Collateral
579 1420 254 48 readings”
865 1423 52 37 at
948 1421 91 39 end
1074 1421 51 39 of
1155 1423 128 37 most
1315 1420 52 39 of
1397 1421 83 39 the
1510 1422 242 46 chapters.

185 1474 51 52 ©
268 1478 109 41 Jan.
407 1478 71 48 23,
509 1477 114 41 1931;
683 1477 66 41 2c.
782 1479 95 38 and
908 1478 83 40 aff.
1022 1478 113 47 Apr.
1166 1478 26 40 8:
1253 1478 42 38 A
1325 1477 143 41 36367;
1531 1478 44 42 J.
1607 1478 55 41 B.
1695 1477 278 49 Lippincott
2005 1487 66 31 co.

248 1534 281 50 (31-26725)

179 1629 160 66 Holt,
371 1630 225 63 Henry.

178 1704 1982 132 The midnight mail, a mystery novel, by Henry Holt … London
343 1789 120 63 [etc.]
499 1782 65 55 G.
599 1783 67 54 G.
698 1784 234 67 Harrap
962 1785 45 50 &
1040 1802 76 35 co.
1150 1782 104 54 ltd.
1311 1787 133 49 [1931]

249 1863 472 50 283, [1] p. 19½ ᶜᵐ .
188 1920 1998 54 © 1c. Mar. 16, 1931; A ad int. 14840; pubd. Jan. 23; H. Holt, Hythe,
254 1982 143 46 Kent,
438 1981 235 47 England.
745 1980 248 48 (31-7635)

183 2075 183 64 Horn,
398 2073 324 66 Holloway,
756 2080 170 49 1886-

248 2149 1934 72 The murder at Linpara, by Holloway Horn … London [etc.]
179 2228 87 53 W.
298 2226 218 56 Collins
542 2245 128 37 sons
695 2229 45 51 &
767 2245 77 35 co.
872 2227 102 53 ltd.
1029 2231 153 66 [1931]

250 2306 336 49 254 p. 19 ᶜᵐ .
191 2364 1997 53 © 1c. Mar. 4, 1931; A ad int. 14788; pubd. Feb. 16; H. Horn, Hillsbrook,
258 2425 434 47 Berkhampstead,
726 2425 234 47 England.
1032 2423 252 51 (31-7642)

183 2518 276 62 Howard,
488 2518 155 53 John
672 2518 243 63 Tasker,
946 2523 169 50 1890-

255 2595 123 53 Our
401 2595 309 52 American
736 2595 179 52 music;
971 2595 159 53 three
1147 2595 264 53 hundred
1428 2613 164 51 years
1610 2593 64 55 of

1691 2595 63 68 it,
1771 2595 75 69 by
1863 2595 158 55 John
182 2596 1982 127 Tasker
312 2671 272 54 Howard.
654 2671 137 53 New
826 2670 176 69 York,
1032 2672 248 53 Thomas

1314 2673 69 51 Y.
1419 2672 243 55 Crowell
1693 2690 277 53 company
2007 2676 174 67 [1931]

254 2751 1924 52 2 p. l. , vii-xxiii. 713 p. front., plates, ports., facsims. (incl. music)
184 2806 146 41 24½ᶜᵐ.

257 2864 68 40 “A
358 2865 87 40 list
478 2866 52 39 of
565 2865 255 48 published
857 2866 269 40 orchestral
1162 2867 97 39 and
1293 2867 229 39 chamber
1555 2868 154 39 music
1745 2868 345 47 compositions
2127 2869 60 48 by

186 2922 257 40 American
475 2920 300 49 composers”:
835 2930 43 39 p.
907 2920 217 42 625-640.

257 2978 350 48 Bibliography:
663 2989 43 37 p.
734 2976 216 43 644-669.

195 3034 51 52 ©
282 3040 121 38 Mar.
441 3038 68 48 12,
545 3037 140 48 1931;
722 3037 67 40 2c.
823 3039 96 38 and
954 3036 81 41 aff.
1072 3038 123 39 Mar.
1230 3037 82 47 25;
1351 3038 42 39 A
1425 3036 172 49 36069;
1635 3038 44 41 J.
1714 3038 53 41 T.
1804 3038 229 49 Howard,
2073 3038 120 40 Glen

263 3094 166 50 Ridge,
460 3096 56 39 N.
548 3095 41 39 J.
656 3090 67 54 [©
754 3095 209 50 preface,
994 3104 105 30 new
1131 3094 226 41 material
1390 3096 96 38 and
1516 3094 254 51 revisions]

274 3152 280 48 (31-26698)

189 3244 241 55 Illinois.
504 3246 308 69 Appellate
843 3252 203 49 courts.

192 3322 1977 144 Reports of cases determined … with a directory of the judiciary
384 3398 64 51 of
482 3398 95 51 the
610 3401 144 49 state
788 3399 285 52 corrected
1105 3404 58 46 to
1199 3398 224 53 January
1500 3402 46 65 1,
1583 3402 151 65 1931,
1770 3400 112 52 and
1917 3398 277 52 abstracts

193 3470 64 53 of
287 3490 151 35 cases
469 3473 332 68 designated
831 3474 75 67 by
934 3474 96 52 the
1060 3477 186 48 courts
1280 3491 59 36 as
1367 3480 102 46 not
1493 3479 60 46 to
1581 3475 66 52 be
1677 3475 266 67 reported
1972 3474 61 52 in
2063 3474 129 52 full.

233 3588 9 10 v.
283 3550 115 50 258.
475 3565 51 33 a.
563 3566 48 33 d.
652 3551 148 48 1931.
876 3548 139 53 Last
1054 3547 165 70 filing
1257 3550 159 51 date:
1454 3548 158 55 First
1650 3549 243 69 district,
1930 3550 155 69 July.
2114 3552 81 65 10,

196 3625 159 63 1930;
391 3624 203 51 second
626 3622 243 68 district,
905 3623 329 68 September
1266 3628 84 55 24,
1384 3627 161 63 1930;
1580 3625 157 53 third
1770 3624 243 56 district,
2044 3625 152 55 June

194 3700 84 64 21,
321 3700 160 53 1930;
526 3698 198 52 fourth
765 3698 243 67 district,
1047 3699 151 53 June
1237 3702 85 65 25,
1365 3703 148 49 1930.
1589 3701 290 66 Reported
1918 3701 76 70 by
2034 3701 161 54 Basil

193 3770 189 55 Jones.
461 3772 267 68 Chicago,
760 3773 321 69 Callaghan
1111 3776 45 49 &
1185 3792 297 50 company,
1515 3779 149 48 1931.

367 3849 418 49 xxv, 649 p. 22½ ᶜᵐ .
201 3902 51 52 ©
276 3907 114 48 Apr.
412 3906 70 47 24,
506 3906 112 41 1931;
672 3907 67 42 2c.
764 3910 94 38 and
883 3908 82 42 aff.
989 3909 112 48 Apr.
1126 3909 57 40 27;
1236 3909 41 39 A
1301 3909 144 42 36797;
1500 3910 269 49 Callaghan
1794 3916 36 40 &
1853 3923 67 30 co.
