2505 4370
1090 4008 100 48 233

111 459 319 54 Katharine
472 457 227 53 Terrill.
781 456 137 52 New
964 454 179 65 York,
1187 453 122 52 The
1356 449 338 56 Committee
1740 467 71 35 on
1857 448 241 53 cultural

110 531 1139 70 relations with Latin America [ᶜ193 1]
178 616 447 50 ix. 334 p. 21½ ᶜᵐ .
117 676 1993 61 © Feb. 20, 1931; 2c. and aff. Feb. 24; A 33887; Committee on cultural
183 745 233 41 relations
452 743 117 40 with
603 743 145 40 Latin
782 740 237 42 America.
1089 738 251 49 (31-5320)

114 840 212 62 Hyma,
358 837 227 64 Albert,
620 841 170 49 1893-

180 904 1928 78 The youth of Erasmus, by Albert Hyma … Ann Arbor.
118 989 327 72 University
476 988 63 53 of
568 987 296 69 Michigan
896 1003 173 51 press,
1102 989 148 49 1930.

181 1066 1923 54 xi, 350 p. front. (port.) plates, 2 maps (1 fold.) facsims. (2 double)
113 1122 1999 56 23½ ᶜᵐ . (Half-title: University of Michigan publications. History and
115 1185 212 49 political
355 1183 196 49 science,
582 1183 90 42 vol.
700 1185 55 45 x)

183 1240 326 50 Appendices:
590 1271 8 8 A.
645 1240 150 40 Seven
837 1248 160 39 poems
1039 1238 58 47 by
1140 1238 234 38 Erasmus
1414 1238 94 39 and
1552 1236 212 40 William
1808 1237 213 40 Herman
2065 1236 52 40 of

115 1298 193 41 Gouda:
339 1308 42 38 p.
409 1296 318 41 221-237.—B.
756 1296 101 39 The
887 1294 160 40 “Book
1079 1292 191 49 against
1302 1298 79 36 the
1409 1293 329 41 barbarians”.
1781 1294 146 46 (Text
1956 1293 51 38 of
2036 1294 80 39 the

117 1353 296 50 manuscript
449 1354 50 39 in
534 1353 81 40 the
650 1352 97 48 city
784 1351 181 49 library
1004 1351 50 38 of
1088 1350 165 40 Gouda
1292 1352 95 38 and
1427 1352 100 39 text
1565 1350 52 39 of
1650 1348 83 42 the
1769 1350 113 39 1540
1919 1350 194 41 edition,

115 1409 159 42 edited
301 1412 60 47 by
390 1411 183 39 Beatus
605 1409 284 46 Rhenanus):
959 1416 40 37 p.
1030 1406 215 41 230-331.

185 1465 345 51 Bibliography:
588 1476 42 37 p.
664 1464 215 41 333-336.

124 1517 1995 56 © Jan. 20, 1931; 2c. Feb. 12; aff. Feb. 18; A 33809; Graduate school,
191 1582 96 40 Univ.
361 1581 53 41 of
442 1579 260 47 Michigan,
731 1580 109 37 Ann
869 1577 171 41 Arbor.
1109 1576 253 48 (31-5335)

121 1675 272 65 Jackson,
425 1674 300 65 Algernon
754 1671 317 66 Brashear,
1103 1674 170 52 1878-

189 1755 122 53 Jim
343 1752 113 54 and
489 1753 109 51 Mr.
637 1751 198 67 Eddy;
874 1772 28 33 a
939 1748 171 54 Dixie
1144 1749 355 67 monologue,
1533 1748 76 71 by
1644 1749 296 68 Algernon

121 1751 1974 145 Brashear Jackson … Washington, D. C., The Associated
125 1828 1970 147 publishers, inc. [ᶜ193 0]
191 1986 467 49 vii, 199 p. 19½ ᶜᵐ .
129 2039 1994 56 © Jan. 10, 1931; 2c. Jan. 12; aff. Feb. 24; A 33931; A. B. Jackson,
198 2101 335 49 Washington.
606 2100 251 48 (31-5317)

126 2198 237 62 Jordan,
394 2194 355 55 Donaldson.

194 2273 231 68 Europe
460 2272 112 52 and
607 2272 94 52 the
735 2269 307 55 American
1079 2271 135 52 civil
1304 2290 80 47 war,
1418 2269 75 70 by
1529 2270 336 55 Donaldson
1901 2272 222 54 Jordan

187 2346 1936 75 … [and] Edwin J. Pratt … with an introduction by Samuel
131 2427 153 54 Eliot
310 2426 272 55 Morison.
646 2427 217 52 Boston
889 2425 112 54 and
1028 2426 138 52 New
1195 2425 181 68 York,
1401 2424 319 71 Houghton
1747 2425 204 54 Mifflin
131 2445 1971 128 company,
331 2507 151 51 1931.

196 2582 1090 53 xii, [1], 299, [1] p. front., plates. 23½ ᶜᵐ .
198 2636 1930 54 “Chapters I to VII are the work of Mr. Jordan; chapters VIII to XI of
130 2693 1638 52 Mr. Pratt; and chapter XII is their joint conclusion.”—Prof.
198 2751 350 49 Bibliography:
604 2761 44 38 p.
671 2751 233 50 [269-290]

138 2801 1995 61 © Feb. 18, 1931; 2c. Feb. 24; aff. Feb. 21; A 33884; Houghton Mifflin
205 2878 65 29 co.
341 2866 250 50 (31-5313)

136 2961 224 63 Keeler,
391 2962 178 63 Clyde
600 2962 218 64 Edgar,
850 2967 171 51 1900-

203 3039 118 51 The
356 3038 329 70 laboratory
719 3055 218 49 mouse;
974 3038 74 54 its
1084 3039 207 68 origin,
1325 3038 279 70 heredity,
1639 3040 112 52 and
1787 3040 236 64 culture,
2057 3040 36 52 by

137 3111 1995 77 Clyde E. Keeler … Cambridge, Harvard university press.
143 3196 143 49 1931.

206 3275 100 49 viii,
334 3274 54 42 81
414 3285 45 38 p.
485 3274 110 41 incl.
623 3275 142 48 illus.,
792 3275 172 48 plates.
1024 3276 55 40 23½
1111 3278 45 21 crn
1160 3308 10 9 .

207 3331 349 50 Bibliography:
612 3342 43 37 p.
685 3332 190 49 [71]-81.

145 3382 1993 58 © Jan. 27, 1931; 2c. Jan. 30; aff. Feb. 18; A 34412; President & fellows
212 3447 50 39 of
290 3447 231 40 Harvard
551 3447 191 47 college,
773 3445 301 49 Cambridge,
1104 3448 147 39 Mass.
1323 3446 250 49 (31-5377)

142 3540 352 66 Kemechey,
524 3542 65 53 L.

269 3613 1868 73 … “Il duce”; das leben und das werk Benito Mussolinis; aus
141 3693 122 52 dem
297 3694 372 67 ungarischen
706 3693 335 67 übertragen
1079 3714 106 33 von
1220 3694 185 55 Mirza
1441 3714 106 34 von
1587 3694 340 69 Schüching.

139 3696 1976 136 Berlin,
266 3769 216 71 Verlag
510 3771 97 54 für
632 3769 425 71 kulturpolitik,
1086 3775 149 49 1930.

211 3847 760 53 384 p. front., plates. 23 ᶜᵐ .
213 3907 64 41 At
302 3907 127 41 head
454 3907 53 40 of
531 3907 111 40 title:
696 3908 53 40 L.
774 3917 92 30 von
898 3907 285 49 Kemechey.
