2428 4370
1255 4045 131 49 1642

388 465 1248 51 432 p. incl. front., illus., coats of arms. 24 ᶜᵐ .
391 539 149 40 “This
572 538 186 41 edition
791 538 43 41 is
867 537 188 42 limited
1089 539 50 40 to
1174 536 115 42 1000
1321 537 161 49 copies
1516 537 54 41 of
1603 537 158 40 which
1797 537 100 42 this
1932 537 43 42 is
2007 548 74 33 no.
2117 537 100 43 23.”

391 596 119 41 Part
544 597 24 38 1
603 597 52 40 of
685 596 101 40 this
819 596 189 40 volume
1042 595 224 40 contains
1299 596 83 40 the
1417 595 329 48 genealogical
1784 595 151 41 series
1969 606 60 29 on
2067 596 260 41 Louisiana

317 652 219 42 families
570 653 199 40 written
804 653 61 47 by
898 651 205 42 Charles
1136 652 180 41 Patton
1351 651 215 48 Dimitry
1604 652 50 40 in
1690 651 128 47 1892,
1856 653 96 40 and
1990 652 257 48 published
2283 654 49 39 in

318 710 186 46 weekly
546 709 333 42 installments
920 709 49 40 in
1012 708 82 42 the
1136 708 79 41 old
1259 708 117 41 New
1420 708 206 42 Orleans
1668 708 457 43 Times-Democrat.
2199 710 132 40 Each

319 766 169 42 sketch
514 766 90 41 has
628 766 120 41 been
775 765 341 48 scrupulously
1140 765 178 48 edited,
1344 767 247 39 corrected
1619 767 97 39 and
1745 765 260 48 amplified,
2062 767 61 47 cf.
2154 766 179 41 Avant-

316 833 191 38 propos.

327 891 51 53 ©
410 895 104 42 Oct.
545 896 69 48 14,
646 894 113 42 1931;
819 894 66 41 2c.
918 894 102 41 Oct.
1053 893 56 41 19;
1169 894 82 41 aff.
1284 894 104 41 Oct.
1420 895 54 39 17;
1536 895 41 38 A
1607 895 145 40 43352;
1814 894 181 49 Joseph
2030 896 45 41 S.
2108 896 70 40 W.
396 896 1922 104 Harmanson,

641 954 119 39 New
787 952 217 41 Orleans.
1078 951 281 49 (31-30285)

321 1048 175 65 Auld,
530 1047 256 55 William
822 1048 177 56 Muir.

394 1127 322 56 Christmas
755 1128 327 69 traditions,
1121 1129 75 69 by
1234 1127 262 55 William
1533 1127 160 54 Muir
1730 1129 173 52 Auld.

1982 1128 135 53 New
2161 1129 176 68 York,

321 1208 121 52 The
475 1207 337 53 Macmillan
842 1225 300 51 company,
1177 1209 152 51 1931.

393 1286 86 41 179
505 1297 42 38 p.
577 1287 110 42 incl.
717 1286 149 42 front.
925 1286 58 41 19½ᶜᵐ.

327 1355 52 53 ©
409 1360 102 41 Oct.
539 1359 40 49 6,
606 1358 114 42 1931;
777 1358 67 43 2c.
873 1360 96 40 and
997 1358 82 40 aff.
1110 1359 103 41 Oct.
1242 1360 25 39 7;
1324 1359 41 39 A
1392 1358 145 41 42889;
1596 1359 284 41 Macmillan
1907 1370 67 30 co.

405 1416 282 49 (31-30237)

320 1512 322 65 Berglund,
679 1512 328 65 Abraham,
1047 1517 171 51 1875-

394 1590 1944 70 Ocean transportation, by Abraham Berglund … New
323 1669 1686 71 York, London [etc.] Longmans, Green and co., 1931.
320 1753 1999 106 x p., 1 l., 432 p. maps (2 fold.) diagrs. 22½ᶜᵐ. (Longmans economics series)
393 1868 164 41 “First
588 1868 226 41 edition.”

396 1925 352 49 Bibliography
777 1929 49 37 at
855 1928 92 39 end
976 1927 53 41 of
1056 1928 119 40 each
1204 1927 201 48 chapter
1433 1931 171 45 except
1635 1927 83 41 the
1745 1927 123 41 first.

326 1990 52 53 ©
406 1996 127 48 Sept.
560 1996 69 49 16,
654 1996 113 41 1931;
820 1997 67 41 2c.
915 1997 103 42 Oct.
1042 1998 29 40 8;
1123 1997 82 41 aff.
1233 1998 103 41 Oct.
1362 1999 26 39 7;
1441 1998 42 39 A
1507 1997 146 41 42937;
1709 1998 289 48 Longmans,
2026 1997 156 41 Green
2207 1997 38 41 &
2269 2007 67 31 co.

404 2053 282 49 (33-30221)

322 2148 243 66 Brontë,
601 2149 198 65 Emily
830 2150 168 66 Jane,
1037 2157 329 49 1818-1848.

386 2226 350 70 Wuthering
757 2228 245 70 heights,
1024 2229 76 59 by
1124 2229 197 70 Emily
1345 2229 215 54 Brontë;
1619 2228 321 55 illustrated
1971 2229 135 53 with
2133 2227 201 54 twelve

317 2305 2012 63 wood engravings by Clare Leighton. New York, Random
315 2382 190 70 house,
537 2387 150 49 1931.

388 2464 118 48 xvii,
537 2464 101 49 325,
672 2465 55 50 [1]
758 2476 42 38 p.
858 2466 167 48 front.,
1057 2468 172 48 plates.
1289 2467 59 40 26½ᶜᵐ.

391 2522 163 42 “First
585 2523 143 41 trade
758 2523 228 41 edition.”

327 2591 51 53 ©
410 2596 127 49 Sept.
569 2597 68 48 10,
667 2596 114 42 1931;
838 2598 67 40 2c.
938 2597 102 41 Oct.
1072 2598 25 40 8;
1156 2598 83 41 aff.
1272 2597 102 41 Oct.
1405 2599 57 40 17;
1521 2598 41 39 A
1590 2599 146 40 44257;
1797 2599 222 40 Random
2049 2599 165 46 house,
2245 2599 90 39 inc.

414 2649 52 53 [©
494 2655 345 49 illustrations]
913 2655 282 48 (31-30345)

320 2748 189 65 Budd,
541 2749 279 54 Kenneth
854 2750 248 66 George,
1137 2756 171 50 1904-

392 2828 55 54 A
494 2828 236 53 modern
781 2827 375 72 pilgrimage;
1206 2830 96 53 the
1349 2834 160 66 story
1556 2829 64 55 of
1666 2830 231 57 Donald
1946 2831 267 69 Hankey,
2258 2830 74 69 by

319 2905 75 56 K.
427 2905 70 56 G.
531 2907 188 53 Budd.
796 2908 140 52 New
972 2908 180 69 York,
1186 2909 61 56 C.
1283 2908 315 57 Scribner’s
1630 2927 146 51 sons,
1811 2913 151 50 1931.

394 2987 373 50 ix, 149 p. 19½ ᶜᵐ.
392 3044 199 41 London
627 3046 183 41 edition
856 3046 235 48 (Student
1129 3047 253 42 Christian
1416 3052 273 36 movement
1728 3048 160 48 press)
1932 3048 90 39 has
2057 3048 110 40 title;
2232 3049 100 38 The

321 3106 134 43 story
484 3103 53 40 of
565 3104 191 40 Donald
786 3104 222 48 Hankey.

325 3168 52 53 ©
414 3174 100 41 Oct.
551 3176 39 42 2,
625 3174 113 42 1931;
803 3176 66 41 2c.
906 3176 102 41 Oct.
1045 3176 57 40 10;
1165 3176 81 42 aff.
1283 3176 102 41 Oct.
1422 3176 54 41 12;
1541 3178 41 37 A
1616 3175 145 42 43202;
1828 3176 203 41 Charles
2069 3175 266 42 Scribner’s

394 3243 126 29 sons.
592 3233 281 49 (31-30337)

320 3325 347 56 California.
744 3330 183 62 Laws,
960 3337 258 61 statutes,
1252 3339 100 47 etc.

387 3402 121 55 The
560 3403 155 56 Code
763 3405 64 53 of
874 3406 134 53 civil
1062 3408 310 67 procedure
1421 3406 65 54 of
1534 3407 95 54 the
1679 3412 145 48 state
1872 3405 66 54 of
1988 3404 345 67 California,

316 3482 250 67 adopted
593 3482 203 55 March
825 3488 82 62 11,
936 3486 152 63 1872,
1115 3486 141 52 with
1282 3487 391 52 amendments
1701 3503 78 50 up
1805 3490 60 48 to
1892 3484 114 53 and
2033 3484 300 68 including

316 3558 160 55 those
530 3560 65 53 of
647 3562 96 52 the
798 3561 355 71 forty-ninth
1210 3564 211 54 session
1477 3562 66 55 of
1594 3564 96 53 the
1744 3562 378 71 Legislature,
2180 3565 150 50 1931.

315 3636 2015 75 Edited by James H. Deering … San Francisco, Bancroft-
313 3715 277 70 Whitney
618 3736 299 51 company,
949 3722 150 50 1931.

455 3799 344 50 xv, 1576 p. 23½ ᶜᵐ.
389 3854 227 43 Lettered
646 3867 61 30 on
736 3868 141 31 cover;
936 3858 129 41 Code
1093 3859 52 40 of
1174 3859 112 40 civil
1315 3860 267 48 procedure
1612 3860 95 40 and
1740 3860 208 39 Probate
1979 3860 129 40 code.

321 3921 53 52 ©
405 3926 100 41 Oct.
535 3929 39 40 5.
605 3927 141 49 1931;
777 3930 66 42 2c.
873 3932 95 40 and
998 3930 81 40 aff.
1111 3930 101 41 Oct.
1244 3931 81 43 12;
1358 3932 41 39 A
1428 3931 172 47 44103;
1632 3930 491 47 Bancroft-Whitney
2153 3940 67 29 co.

400 3983 281 53 (31-30312)
