<alto xmlns="http://www.loc.gov/standards/alto/ns-v3#" xmlns:xlink="http://www.w3.org/1999/xlink" xmlns:xsi="http://www.w3.org/2001/XMLSchema-instance" xsi:schemaLocation="http://www.loc.gov/standards/alto/ns-v3# http://www.loc.gov/alto/v3/alto-3-0.xsd"><Description>
<MeasurementUnit>pixel</MeasurementUnit>
<sourceImageInformation>
<fileName>1931_v28_Part001.pdf</fileName>
</sourceImageInformation>
<OCRProcessing ID="IdOcr">
<ocrProcessingStep>
<processingDateTime>2019-04-22</processingDateTime>
<processingSoftware>
<softwareCreator>ABBYY</softwareCreator>
<softwareName>ABBYY Recognition Server</softwareName>
<softwareVersion>4.0</softwareVersion>
</processingSoftware>
</ocrProcessingStep>
</OCRProcessing>
</Description>
<Styles>
<ParagraphStyle ID="StyleId-FFFFFFFF-FFFF-FFFF-FFFF-FFFFFFFFFFFF-" ALIGN="Left" LEFT="0." RIGHT="0." FIRSTLINE="0."/>
<ParagraphStyle ID="StyleId-204B5AEB-67A1-44E2-A013-34B3A0F3E0EA-" ALIGN="Right" LEFT="0." RIGHT="0." FIRSTLINE="0." LINESPACE="8.300000191"/>
<ParagraphStyle ID="StyleId-03245871-796C-4429-B3C7-F9019C8C5B89-" ALIGN="Left" LEFT="0." RIGHT="0." FIRSTLINE="0." LINESPACE="12.19999981"/>
<ParagraphStyle ID="StyleId-BDCA8811-25FF-44DB-8D6F-2072A4ABC070-" ALIGN="Center" LEFT="0." RIGHT="0." FIRSTLINE="0." LINESPACE="12.19999981"/>
<ParagraphStyle ID="StyleId-2C5B7DF0-AF87-455E-B9A8-6FE387CB59BD-" ALIGN="Left" LEFT="0." RIGHT="0." FIRSTLINE="-13." LINESPACE="8.479999542"/>
<ParagraphStyle ID="StyleId-9FB72FA1-55D5-4161-8333-823D5732F4D0-" ALIGN="Block" LEFT="0." RIGHT="0." FIRSTLINE="-14." LINESPACE="10."/>
<ParagraphStyle ID="StyleId-212AEB8C-A829-4BF1-8E45-5BFE386A469C-" ALIGN="Block" LEFT="0." RIGHT="0." FIRSTLINE="-14." LINESPACE="11.35000038"/>
<ParagraphStyle ID="StyleId-4EC79CC1-EA62-49CE-ABB6-D84DDFCF4C7D-" ALIGN="Block" LEFT="0." RIGHT="0." FIRSTLINE="-10." LINESPACE="12.19999981"/>
<ParagraphStyle ID="StyleId-DAF2E8EE-6444-4951-9284-36A6C020C887-" ALIGN="Left" LEFT="0." RIGHT="0." FIRSTLINE="0." LINESPACE="9.399999619"/>
<ParagraphStyle ID="StyleId-25241749-1672-4977-B19F-38F59800D6D8-" ALIGN="Left" LEFT="0." RIGHT="0." FIRSTLINE="0." LINESPACE="11.10000038"/>
<ParagraphStyle ID="StyleId-8C523E19-EDEF-4F23-B010-536E1A1AAE1A-" ALIGN="Left" LEFT="0." RIGHT="0." FIRSTLINE="-13." LINESPACE="12.19999981"/>
<ParagraphStyle ID="StyleId-A1F9DE9E-2625-4D8B-AD7E-F0A0034C2989-" ALIGN="Block" LEFT="0." RIGHT="0." FIRSTLINE="0." LINESPACE="12.19999981"/>
<ParagraphStyle ID="StyleId-5725BB01-2B1C-440F-BAF2-696C4F4DF162-" ALIGN="Block" LEFT="0." RIGHT="0." FIRSTLINE="13." LINESPACE="12.19999981"/>
<ParagraphStyle ID="StyleId-F10A2092-61AA-44FD-99C2-123B3A8051CF-" ALIGN="Left" LEFT="0." RIGHT="0." FIRSTLINE="0." LINESPACE="5.5"/>
<ParagraphStyle ID="StyleId-B3CDC8CC-D2E1-4A23-B67C-CDD40993D1DD-" ALIGN="Left" LEFT="0." RIGHT="0." FIRSTLINE="0." LINESPACE="10."/>
<ParagraphStyle ID="StyleId-871EBF53-D909-4C8F-B368-AC7D897344DD-" ALIGN="Left" LEFT="0." RIGHT="0." FIRSTLINE="0."/>
<ParagraphStyle ID="StyleId-C4129744-680B-4878-B2C4-44BA3742C8D7-" ALIGN="Block" LEFT="0." RIGHT="0." FIRSTLINE="-14." LINESPACE="11.35000038"/>
<ParagraphStyle ID="StyleId-9CE98075-0B04-43D4-88D8-CE3BAB51B419-" ALIGN="Block" LEFT="0." RIGHT="0." FIRSTLINE="-10." LINESPACE="12.19999981"/>
<ParagraphStyle ID="StyleId-B2CFB7B3-DFFA-4E0E-94D6-C2BCE88DA9A9-" ALIGN="Left" LEFT="0." RIGHT="0." FIRSTLINE="0." LINESPACE="12.5"/>
<ParagraphStyle ID="StyleId-8D3352F3-1084-4DDE-A35D-B97102CCE686-" ALIGN="Left" LEFT="0." RIGHT="0." FIRSTLINE="0." LINESPACE="11.60000038"/>
<ParagraphStyle ID="StyleId-4A8DDA0D-166D-4E22-A597-BA51B892602D-" ALIGN="Block" LEFT="0." RIGHT="0." FIRSTLINE="0." LINESPACE="11.21000004"/>
<ParagraphStyle ID="StyleId-90EA4001-AA3C-45A1-AEDC-D1E1169EE5E5-" ALIGN="Block" LEFT="0." RIGHT="0." FIRSTLINE="13." LINESPACE="12.19999981"/>
</Styles>
<Layout>
<Page ID="Page1465" PHYSICAL_IMG_NR="1465" HEIGHT="4370" WIDTH="2428">
<TopMargin HEIGHT="420" WIDTH="2428" VPOS="0" HPOS="0">
</TopMargin>
<LeftMargin HEIGHT="3602" WIDTH="114" VPOS="420" HPOS="0">
</LeftMargin>
<RightMargin HEIGHT="3602" WIDTH="296" VPOS="420" HPOS="2132">
</RightMargin>
<BottomMargin HEIGHT="348" WIDTH="2428" VPOS="4022" HPOS="0">
<TextBlock ID="Page1465_Block1" HEIGHT="191" WIDTH="448" VPOS="4058" HPOS="952" LANG="en-US" STYLEREFS="StyleId-1571DC16-CAF7-4012-9DFE-1D8FE3286119-">
<TextLine HEIGHT="51" WIDTH="134" VPOS="4061" HPOS="1054">
<String CONTENT="1465" HEIGHT="51" WIDTH="134" VPOS="4061" HPOS="1054"/>
</TextLine>
</TextBlock>
</BottomMargin>
<PrintSpace HEIGHT="3602" WIDTH="2018" VPOS="420" HPOS="114">
<TextBlock ID="Page1465_Block2" HEIGHT="3602" WIDTH="2018" VPOS="420" HPOS="114" LANG="en-US" CS="1" STYLEREFS="StyleId-94A43991-701B-4B96-80CA-E70C54B27230-">
<TextLine HEIGHT="66" WIDTH="774" VPOS="430" HPOS="128" STYLEREFS="StyleId-39A47C67-97A2-4832-9A8C-E46B4184C923-">
<String CONTENT="Abercrombie," HEIGHT="64" WIDTH="436" VPOS="432" HPOS="128"/>
<SP HEIGHT="64" WIDTH="29" VPOS="432" HPOS="565"/>
<String CONTENT="Towne" HEIGHT="52" WIDTH="211" VPOS="432" HPOS="595"/>
<SP HEIGHT="53" WIDTH="25" VPOS="430" HPOS="807"/>
<String CONTENT="R." HEIGHT="55" WIDTH="69" VPOS="430" HPOS="833"/>
</TextLine>
<TextLine HEIGHT="77" WIDTH="1924" VPOS="502" HPOS="193" STYLEREFS="StyleId-2CCA4E3E-B927-46E4-BD5D-9265D1DB878C-">
<String CONTENT="Applied" HEIGHT="70" WIDTH="255" VPOS="509" HPOS="193"/>
<SP HEIGHT="52" WIDTH="33" VPOS="509" HPOS="449"/>
<String CONTENT="architectural" HEIGHT="54" WIDTH="401" VPOS="506" HPOS="483"/>
<SP HEIGHT="52" WIDTH="33" VPOS="506" HPOS="885"/>
<String CONTENT="drawing," HEIGHT="69" WIDTH="279" VPOS="504" HPOS="919"/>
<SP HEIGHT="69" WIDTH="33" VPOS="504" HPOS="1199"/>
<String CONTENT="by" HEIGHT="70" WIDTH="75" VPOS="504" HPOS="1233"/>
<SP HEIGHT="70" WIDTH="35" VPOS="504" HPOS="1309"/>
<String CONTENT="Towne" HEIGHT="52" WIDTH="208" VPOS="504" HPOS="1345"/>
<SP HEIGHT="52" WIDTH="35" VPOS="504" HPOS="1554"/>
<String CONTENT="R." HEIGHT="52" WIDTH="70" VPOS="504" HPOS="1590"/>
<SP HEIGHT="53" WIDTH="35" VPOS="503" HPOS="1661"/>
<String CONTENT="Abercrombie." HEIGHT="54" WIDTH="420" VPOS="502" HPOS="1697"/>
</TextLine>
<TextLine HEIGHT="72" WIDTH="1992" VPOS="580" HPOS="125" STYLEREFS="StyleId-2CCA4E3E-B927-46E4-BD5D-9265D1DB878C-" CS="1">
<String CONTENT="New" HEIGHT="52" WIDTH="138" VPOS="589" HPOS="125"/>
<SP HEIGHT="52" WIDTH="35" VPOS="588" HPOS="264"/>
<String CONTENT="York," HEIGHT="65" WIDTH="179" VPOS="587" HPOS="300"/>
<SP HEIGHT="66" WIDTH="34" VPOS="586" HPOS="480"/>
<String CONTENT="Milwaukee" HEIGHT="53" WIDTH="338" VPOS="584" HPOS="515"/>
<SP HEIGHT="47" WIDTH="44" VPOS="603" HPOS="854"/>
<String CS="1" CONTENT="[etc.]" HEIGHT="62" WIDTH="119" VPOS="588" HPOS="917"/>
<SP HEIGHT="66" WIDTH="42" VPOS="584" HPOS="1037"/>
<String CONTENT="The" HEIGHT="53" WIDTH="120" VPOS="582" HPOS="1080"/>
<SP HEIGHT="52" WIDTH="39" VPOS="583" HPOS="1201"/>
<String CONTENT="Bruce" HEIGHT="52" WIDTH="182" VPOS="583" HPOS="1241"/>
<SP HEIGHT="49" WIDTH="39" VPOS="601" HPOS="1424"/>
<String CONTENT="publishing" HEIGHT="70" WIDTH="336" VPOS="580" HPOS="1464"/>
<SP HEIGHT="51" WIDTH="36" VPOS="599" HPOS="1801"/>
<String CONTENT="company" HEIGHT="50" WIDTH="279" VPOS="599" HPOS="1838"/>
</TextLine>
<TextLine HEIGHT="34" WIDTH="11" VPOS="697" HPOS="308" STYLEREFS="StyleId-321234D3-970E-43D8-A301-C07F339F8239-" CS="1">
<String CS="1" CONTENT="[&#7580;1931]" HEIGHT="34" WIDTH="11" VPOS="697" HPOS="308"/>
</TextLine>
<TextLine HEIGHT="54" WIDTH="1162" VPOS="738" HPOS="195" CS="1">
<String CONTENT="viii," HEIGHT="47" WIDTH="98" VPOS="745" HPOS="195"/>
<SP HEIGHT="47" WIDTH="25" VPOS="745" HPOS="294"/>
<String CONTENT="156" HEIGHT="40" WIDTH="86" VPOS="744" HPOS="320"/>
<SP HEIGHT="47" WIDTH="23" VPOS="744" HPOS="407"/>
<String CONTENT="p." HEIGHT="37" WIDTH="43" VPOS="754" HPOS="431"/>
<SP HEIGHT="41" WIDTH="26" VPOS="743" HPOS="475"/>
<String CONTENT="incl." HEIGHT="40" WIDTH="109" VPOS="743" HPOS="502"/>
<SP HEIGHT="41" WIDTH="25" VPOS="742" HPOS="612"/>
<String CONTENT="front.," HEIGHT="48" WIDTH="163" VPOS="742" HPOS="638"/>
<SP HEIGHT="49" WIDTH="25" VPOS="741" HPOS="802"/>
<String CONTENT="illus.," HEIGHT="47" WIDTH="144" VPOS="741" HPOS="828"/>
<SP HEIGHT="38" WIDTH="24" VPOS="750" HPOS="973"/>
<String CONTENT="plans." HEIGHT="48" WIDTH="153" VPOS="740" HPOS="998"/>
<SP HEIGHT="41" WIDTH="58" VPOS="739" HPOS="1152"/>
<String CS="1" CONTENT="26&#189;&#7580;&#7504;." HEIGHT="43" WIDTH="146" VPOS="738" HPOS="1211"/>
</TextLine>
<TextLine HEIGHT="53" WIDTH="1789" VPOS="798" HPOS="132" CS="1">
<String CONTENT="&#169;" HEIGHT="52" WIDTH="51" VPOS="799" HPOS="132"/>
<SP HEIGHT="52" WIDTH="28" VPOS="799" HPOS="184"/>
<String CONTENT="Aug." HEIGHT="46" WIDTH="119" VPOS="804" HPOS="213"/>
<SP HEIGHT="40" WIDTH="29" VPOS="802" HPOS="333"/>
<String CONTENT="27," HEIGHT="45" WIDTH="69" VPOS="802" HPOS="363"/>
<SP HEIGHT="45" WIDTH="29" VPOS="802" HPOS="433"/>
<String CONTENT="1931;" HEIGHT="41" WIDTH="139" VPOS="802" HPOS="463"/>
<SP HEIGHT="42" WIDTH="32" VPOS="801" HPOS="603"/>
<String CONTENT="2c." HEIGHT="40" WIDTH="66" VPOS="801" HPOS="636"/>
<SP HEIGHT="30" WIDTH="30" VPOS="811" HPOS="703"/>
<String CONTENT="and" HEIGHT="38" WIDTH="95" VPOS="802" HPOS="734"/>
<SP HEIGHT="38" WIDTH="29" VPOS="802" HPOS="830"/>
<String CONTENT="aff." HEIGHT="39" WIDTH="81" VPOS="799" HPOS="860"/>
<SP HEIGHT="40" WIDTH="33" VPOS="799" HPOS="942"/>
<String CONTENT="Sept." HEIGHT="48" WIDTH="127" VPOS="799" HPOS="976"/>
<SP HEIGHT="40" WIDTH="30" VPOS="800" HPOS="1104"/>
<String CS="1" CONTENT="17;" HEIGHT="39" WIDTH="55" VPOS="800" HPOS="1135"/>
<SP HEIGHT="46" WIDTH="33" VPOS="799" HPOS="1217"/>
<!-- cceid F0054E80-6E8D-1014-9CF5-AEB3FCA41D69 --><String CONTENT="A" HEIGHT="39" WIDTH="40" VPOS="799" HPOS="1251"/>
<SP HEIGHT="39" WIDTH="28" VPOS="799" HPOS="1292"/>
<String CS="1" CONTENT="42399;" HEIGHT="41" WIDTH="142" VPOS="798" HPOS="1321"/>
<SP HEIGHT="39" WIDTH="34" VPOS="800" HPOS="1491"/>
<String CONTENT="Bruce" HEIGHT="38" WIDTH="157" VPOS="800" HPOS="1526"/>
<SP HEIGHT="38" WIDTH="29" VPOS="808" HPOS="1684"/>
<String CONTENT="pub." HEIGHT="47" WIDTH="107" VPOS="799" HPOS="1714"/>
<SP HEIGHT="30" WIDTH="32" VPOS="809" HPOS="1822"/>
<String CONTENT="co." HEIGHT="31" WIDTH="66" VPOS="808" HPOS="1855"/>
</TextLine>
<TextLine HEIGHT="49" WIDTH="279" VPOS="858" HPOS="208">
<String CONTENT="(31-24905)" HEIGHT="49" WIDTH="279" VPOS="858" HPOS="208"/>
</TextLine>
<TextLine HEIGHT="66" WIDTH="1316" VPOS="936" HPOS="129" STYLEREFS="StyleId-39A47C67-97A2-4832-9A8C-E46B4184C923-">
<String CONTENT="Academy" HEIGHT="62" WIDTH="300" VPOS="940" HPOS="129"/>
<SP HEIGHT="47" WIDTH="23" VPOS="955" HPOS="430"/>
<String CONTENT="of" HEIGHT="53" WIDTH="64" VPOS="938" HPOS="454"/>
<SP HEIGHT="63" WIDTH="25" VPOS="938" HPOS="519"/>
<String CONTENT="political" HEIGHT="65" WIDTH="255" VPOS="936" HPOS="545"/>
<SP HEIGHT="53" WIDTH="24" VPOS="937" HPOS="801"/>
<String CONTENT="science," HEIGHT="64" WIDTH="245" VPOS="937" HPOS="826"/>
<SP HEIGHT="63" WIDTH="25" VPOS="938" HPOS="1072"/>
<String CONTENT="New" HEIGHT="52" WIDTH="139" VPOS="938" HPOS="1098"/>
<SP HEIGHT="52" WIDTH="29" VPOS="937" HPOS="1238"/>
<String CONTENT="York." HEIGHT="54" WIDTH="177" VPOS="937" HPOS="1268"/>
</TextLine>
<TextLine HEIGHT="70" WIDTH="1860" VPOS="1012" HPOS="255" STYLEREFS="StyleId-2CCA4E3E-B927-46E4-BD5D-9265D1DB878C-" CS="1">
<String CS="1" CONTENT="&#8230;"/>
<SP HEIGHT="53" WIDTH="32" VPOS="1016" HPOS="255"/>
<String CONTENT="Depression" HEIGHT="68" WIDTH="344" VPOS="1013" HPOS="288"/>
<SP HEIGHT="33" WIDTH="28" VPOS="1032" HPOS="633"/>
<String CONTENT="and" HEIGHT="52" WIDTH="113" VPOS="1017" HPOS="662"/>
<SP HEIGHT="52" WIDTH="30" VPOS="1017" HPOS="776"/>
<String CONTENT="revival;" HEIGHT="66" WIDTH="243" VPOS="1013" HPOS="807"/>
<SP HEIGHT="47" WIDTH="34" VPOS="1032" HPOS="1051"/>
<String CONTENT="a" HEIGHT="34" WIDTH="28" VPOS="1032" HPOS="1086"/>
<SP HEIGHT="34" WIDTH="33" VPOS="1032" HPOS="1115"/>
<String CONTENT="series" HEIGHT="52" WIDTH="169" VPOS="1014" HPOS="1149"/>
<SP HEIGHT="34" WIDTH="30" VPOS="1033" HPOS="1319"/>
<String CONTENT="of" HEIGHT="55" WIDTH="64" VPOS="1012" HPOS="1350"/>
<SP HEIGHT="53" WIDTH="28" VPOS="1012" HPOS="1415"/>
<String CONTENT="addresses" HEIGHT="52" WIDTH="291" VPOS="1014" HPOS="1444"/>
<SP HEIGHT="33" WIDTH="29" VPOS="1032" HPOS="1736"/>
<String CONTENT="and" HEIGHT="53" WIDTH="112" VPOS="1014" HPOS="1766"/>
<SP HEIGHT="67" WIDTH="30" VPOS="1014" HPOS="1879"/>
<String CONTENT="papers" HEIGHT="50" WIDTH="205" VPOS="1032" HPOS="1910"/>
</TextLine>
<TextLine HEIGHT="136" WIDTH="1966" VPOS="1088" HPOS="125" STYLEREFS="StyleId-2CCA4E3E-B927-46E4-BD5D-9265D1DB878C-" CS="1">
<String CONTENT="presented" HEIGHT="65" WIDTH="296" VPOS="1094" HPOS="125"/>
<SP HEIGHT="51" WIDTH="34" VPOS="1094" HPOS="422"/>
<String CONTENT="at" HEIGHT="45" WIDTH="57" VPOS="1099" HPOS="457"/>
<SP HEIGHT="46" WIDTH="33" VPOS="1098" HPOS="515"/>
<String CONTENT="the" HEIGHT="52" WIDTH="95" VPOS="1092" HPOS="549"/>
<SP HEIGHT="34" WIDTH="31" VPOS="1111" HPOS="645"/>
<String CONTENT="semi-annual" HEIGHT="55" WIDTH="375" VPOS="1090" HPOS="677"/>
<SP HEIGHT="51" WIDTH="34" VPOS="1091" HPOS="1053"/>
<String CONTENT="meeting" HEIGHT="71" WIDTH="248" VPOS="1088" HPOS="1088"/>
<SP HEIGHT="50" WIDTH="31" VPOS="1109" HPOS="1337"/>
<String CONTENT="of" HEIGHT="54" WIDTH="64" VPOS="1089" HPOS="1369"/>
<SP HEIGHT="54" WIDTH="29" VPOS="1089" HPOS="1434"/>
<String CONTENT="the" HEIGHT="52" WIDTH="95" VPOS="1091" HPOS="1464"/>
<SP HEIGHT="36" WIDTH="15" VPOS="1109" HPOS="1560"/>
<String CONTENT="." HEIGHT="4" WIDTH="5" VPOS="1141" HPOS="1576"/>
<SP HEIGHT="53" WIDTH="12" VPOS="1092" HPOS="1582"/>
<String CONTENT="Academy" HEIGHT="69" WIDTH="291" VPOS="1091" HPOS="1595"/>
<SP HEIGHT="52" WIDTH="32" VPOS="1108" HPOS="1887"/>
<String CONTENT="of" HEIGHT="53" WIDTH="64" VPOS="1090" HPOS="1920"/>
<SP HEIGHT="69" WIDTH="32" VPOS="1090" HPOS="1985"/>
<String CONTENT="political" HEIGHT="115" WIDTH="1966" VPOS="1109" HPOS="125"/>
</TextLine>
<TextLine HEIGHT="69" WIDTH="1782" VPOS="1168" HPOS="333" STYLEREFS="StyleId-2CCA4E3E-B927-46E4-BD5D-9265D1DB878C-">
<String CONTENT="science," HEIGHT="56" WIDTH="227" VPOS="1170" HPOS="333"/>
<SP HEIGHT="55" WIDTH="27" VPOS="1171" HPOS="561"/>
<String CONTENT="April" HEIGHT="68" WIDTH="172" VPOS="1168" HPOS="589"/>
<SP HEIGHT="51" WIDTH="25" VPOS="1170" HPOS="762"/>
<String CONTENT="24," HEIGHT="62" WIDTH="83" VPOS="1172" HPOS="788"/>
<SP HEIGHT="60" WIDTH="30" VPOS="1174" HPOS="872"/>
<String CONTENT="1931," HEIGHT="65" WIDTH="149" VPOS="1172" HPOS="903"/>
<SP HEIGHT="49" WIDTH="27" VPOS="1188" HPOS="1053"/>
<String CONTENT="edited" HEIGHT="53" WIDTH="184" VPOS="1168" HPOS="1081"/>
<SP HEIGHT="52" WIDTH="32" VPOS="1169" HPOS="1266"/>
<String CONTENT="by" HEIGHT="67" WIDTH="75" VPOS="1169" HPOS="1299"/>
<SP HEIGHT="65" WIDTH="26" VPOS="1171" HPOS="1375"/>
<String CONTENT="Parker" HEIGHT="52" WIDTH="218" VPOS="1169" HPOS="1402"/>
<SP HEIGHT="50" WIDTH="27" VPOS="1171" HPOS="1621"/>
<String CONTENT="Thomas" HEIGHT="53" WIDTH="248" VPOS="1168" HPOS="1649"/>
<SP HEIGHT="51" WIDTH="27" VPOS="1169" HPOS="1898"/>
<String CONTENT="Moon." HEIGHT="51" WIDTH="189" VPOS="1169" HPOS="1926"/>
</TextLine>
<TextLine HEIGHT="149" WIDTH="1966" VPOS="1244" HPOS="124" STYLEREFS="StyleId-2CCA4E3E-B927-46E4-BD5D-9265D1DB878C-" CS="1">
<String CONTENT="[New" HEIGHT="69" WIDTH="157" VPOS="1247" HPOS="129"/>
<SP HEIGHT="52" WIDTH="30" VPOS="1249" HPOS="287"/>
<String CONTENT="York]" HEIGHT="66" WIDTH="178" VPOS="1249" HPOS="318"/>
<SP HEIGHT="65" WIDTH="38" VPOS="1250" HPOS="497"/>
<String CONTENT="The" HEIGHT="52" WIDTH="120" VPOS="1248" HPOS="536"/>
<SP HEIGHT="51" WIDTH="29" VPOS="1248" HPOS="657"/>
<String CONTENT="Academy" HEIGHT="70" WIDTH="292" VPOS="1246" HPOS="687"/>
<SP HEIGHT="52" WIDTH="31" VPOS="1264" HPOS="980"/>
<String CONTENT="of" HEIGHT="52" WIDTH="63" VPOS="1245" HPOS="1012"/>
<SP HEIGHT="68" WIDTH="32" VPOS="1245" HPOS="1076"/>
<String CONTENT="political" HEIGHT="69" WIDTH="257" VPOS="1244" HPOS="1109"/>
<SP HEIGHT="51" WIDTH="30" VPOS="1246" HPOS="1367"/>
<String CONTENT="science," HEIGHT="68" WIDTH="229" VPOS="1244" HPOS="1398"/>
<SP HEIGHT="66" WIDTH="31" VPOS="1246" HPOS="1628"/>
<String CONTENT="Columbia" HEIGHT="56" WIDTH="299" VPOS="1245" HPOS="1660"/>
<SP HEIGHT="34" WIDTH="33" VPOS="1264" HPOS="1960"/>
<String CONTENT="university," HEIGHT="147" WIDTH="1966" VPOS="1246" HPOS="124"/>
<SP HEIGHT="57" WIDTH="30" VPOS="1332" HPOS="354"/>
<String CONTENT="1931." HEIGHT="49" WIDTH="148" VPOS="1329" HPOS="385"/>
</TextLine>
<TextLine HEIGHT="51" WIDTH="1919" VPOS="1403" HPOS="198" CS="1">
<String CONTENT="xi," HEIGHT="50" WIDTH="65" VPOS="1404" HPOS="198"/>
<SP HEIGHT="47" WIDTH="34" VPOS="1407" HPOS="264"/>
<String CONTENT="129" HEIGHT="40" WIDTH="84" VPOS="1406" HPOS="299"/>
<SP HEIGHT="48" WIDTH="30" VPOS="1406" HPOS="384"/>
<String CONTENT="p." HEIGHT="37" WIDTH="44" VPOS="1417" HPOS="415"/>
<SP HEIGHT="40" WIDTH="58" VPOS="1405" HPOS="460"/>
<String CONTENT="diagrs." HEIGHT="48" WIDTH="178" VPOS="1404" HPOS="519"/>
<SP HEIGHT="39" WIDTH="59" VPOS="1405" HPOS="698"/>
<String CONTENT="22" HEIGHT="39" WIDTH="54" VPOS="1404" HPOS="758"/>
<String STYLE="superscript" CS="1" CONTENT="&#7580;&#7504;"/>
<String CONTENT="." HEIGHT="9" WIDTH="9" VPOS="1436" HPOS="864"/>
<SP HEIGHT="49" WIDTH="67" VPOS="1403" HPOS="874"/>
<String CONTENT="(Its" HEIGHT="49" WIDTH="98" VPOS="1403" HPOS="942"/>
<SP HEIGHT="39" WIDTH="33" VPOS="1405" HPOS="1041"/>
<String CONTENT="Proceedings" HEIGHT="47" WIDTH="319" VPOS="1403" HPOS="1075"/>
<SP HEIGHT="29" WIDTH="37" VPOS="1414" HPOS="1395"/>
<String CS="1" CONTENT="&#8230;"/>
<SP HEIGHT="28" WIDTH="61" VPOS="1415" HPOS="1479"/>
<String CONTENT="vol." HEIGHT="41" WIDTH="91" VPOS="1404" HPOS="1541"/>
<SP HEIGHT="31" WIDTH="31" VPOS="1414" HPOS="1633"/>
<String CS="1" CONTENT="XVI," HEIGHT="17" WIDTH="9" VPOS="1434" HPOS="1751"/>
<SP HEIGHT="37" WIDTH="31" VPOS="1414" HPOS="1761"/>
<String CONTENT="no." HEIGHT="29" WIDTH="76" VPOS="1414" HPOS="1793"/>
<SP HEIGHT="39" WIDTH="30" VPOS="1404" HPOS="1870"/>
<String CONTENT="3," HEIGHT="46" WIDTH="40" VPOS="1404" HPOS="1901"/>
<SP HEIGHT="46" WIDTH="35" VPOS="1404" HPOS="1942"/>
<String CONTENT="June," HEIGHT="46" WIDTH="139" VPOS="1404" HPOS="1978"/>
</TextLine>
<TextLine HEIGHT="46" WIDTH="138" VPOS="1463" HPOS="126">
<String CONTENT="1931)" HEIGHT="46" WIDTH="138" VPOS="1463" HPOS="126"/>
</TextLine>
<TextLine HEIGHT="100" WIDTH="1971" VPOS="1517" HPOS="131" CS="1">
<String CONTENT="&#169;" HEIGHT="52" WIDTH="51" VPOS="1517" HPOS="131"/>
<SP HEIGHT="52" WIDTH="23" VPOS="1517" HPOS="183"/>
<String CONTENT="June" HEIGHT="39" WIDTH="127" VPOS="1522" HPOS="207"/>
<SP HEIGHT="39" WIDTH="21" VPOS="1521" HPOS="335"/>
<String CONTENT="16," HEIGHT="48" WIDTH="68" VPOS="1520" HPOS="357"/>
<SP HEIGHT="47" WIDTH="24" VPOS="1521" HPOS="426"/>
<String CS="1" CONTENT="1931;" HEIGHT="41" WIDTH="113" VPOS="1518" HPOS="451"/>
<SP HEIGHT="42" WIDTH="24" VPOS="1518" HPOS="592"/>
<String CONTENT="2c." HEIGHT="41" WIDTH="67" VPOS="1518" HPOS="617"/>
<SP HEIGHT="41" WIDTH="28" VPOS="1518" HPOS="685"/>
<String CONTENT="Sept.." HEIGHT="48" WIDTH="126" VPOS="1518" HPOS="714"/>
<SP HEIGHT="40" WIDTH="24" VPOS="1519" HPOS="841"/>
<String CONTENT="16;" HEIGHT="46" WIDTH="81" VPOS="1518" HPOS="866"/>
<SP HEIGHT="36" WIDTH="26" VPOS="1528" HPOS="948"/>
<String CS="1" CONTENT="aff." HEIGHT="30" WIDTH="82" VPOS="1528" HPOS="975"/>
<SP HEIGHT="40" WIDTH="27" VPOS="1518" HPOS="1058"/>
<String CONTENT="Sept." HEIGHT="47" WIDTH="128" VPOS="1518" HPOS="1086"/>
<SP HEIGHT="41" WIDTH="24" VPOS="1518" HPOS="1215"/>
<String CONTENT="15;" HEIGHT="46" WIDTH="81" VPOS="1518" HPOS="1240"/>
<SP HEIGHT="46" WIDTH="27" VPOS="1518" HPOS="1322"/>
<!-- cceid F0059BEB-6E8D-1014-9CF5-AEB3FCA41D69 --><String CONTENT="A" HEIGHT="38" WIDTH="40" VPOS="1518" HPOS="1350"/>
<SP HEIGHT="38" WIDTH="24" VPOS="1518" HPOS="1391"/>
<String CONTENT="41673;" HEIGHT="46" WIDTH="170" VPOS="1518" HPOS="1416"/>
<SP HEIGHT="46" WIDTH="27" VPOS="1518" HPOS="1587"/>
<String CONTENT="Academy" HEIGHT="47" WIDTH="244" VPOS="1518" HPOS="1615"/>
<SP HEIGHT="36" WIDTH="25" VPOS="1529" HPOS="1860"/>
<String CONTENT="of" HEIGHT="39" WIDTH="51" VPOS="1518" HPOS="1886"/>
<SP HEIGHT="48" WIDTH="24" VPOS="1518" HPOS="1938"/>
<String CONTENT="political" HEIGHT="100" WIDTH="1905" VPOS="1517" HPOS="197"/>
</TextLine>
<TextLine HEIGHT="50" WIDTH="863" VPOS="1574" HPOS="298">
<String CONTENT="science," HEIGHT="48" WIDTH="197" VPOS="1576" HPOS="298"/>
<SP HEIGHT="47" WIDTH="25" VPOS="1577" HPOS="496"/>
<String CONTENT="New" HEIGHT="38" WIDTH="117" VPOS="1577" HPOS="522"/>
<SP HEIGHT="38" WIDTH="24" VPOS="1577" HPOS="640"/>
<String CONTENT="York." HEIGHT="39" WIDTH="144" VPOS="1576" HPOS="665"/>
<SP HEIGHT="49" WIDTH="71" VPOS="1574" HPOS="810"/>
<String CONTENT="(31-24927)" HEIGHT="49" WIDTH="279" VPOS="1574" HPOS="882"/>
</TextLine>
<TextLine HEIGHT="66" WIDTH="763" VPOS="1657" HPOS="128" STYLEREFS="StyleId-39A47C67-97A2-4832-9A8C-E46B4184C923-">
<String CONTENT="Ackerson," HEIGHT="66" WIDTH="321" VPOS="1657" HPOS="128"/>
<SP HEIGHT="65" WIDTH="26" VPOS="1658" HPOS="450"/>
<String CONTENT="Luton," HEIGHT="65" WIDTH="213" VPOS="1658" HPOS="477"/>
<SP HEIGHT="60" WIDTH="30" VPOS="1663" HPOS="691"/>
<String CONTENT="1892-" HEIGHT="51" WIDTH="169" VPOS="1662" HPOS="722"/>
</TextLine>
<TextLine HEIGHT="70" WIDTH="1917" VPOS="1734" HPOS="196" STYLEREFS="StyleId-2CCA4E3E-B927-46E4-BD5D-9265D1DB878C-">
<String CONTENT="Children&#8217;s" HEIGHT="55" WIDTH="321" VPOS="1735" HPOS="196"/>
<SP HEIGHT="53" WIDTH="22" VPOS="1735" HPOS="518"/>
<String CONTENT="behavior" HEIGHT="54" WIDTH="271" VPOS="1734" HPOS="541"/>
<SP HEIGHT="50" WIDTH="24" VPOS="1753" HPOS="813"/>
<String CONTENT="problems;" HEIGHT="68" WIDTH="310" VPOS="1735" HPOS="838"/>
<SP HEIGHT="45" WIDTH="28" VPOS="1754" HPOS="1149"/>
<String CONTENT="a" HEIGHT="33" WIDTH="32" VPOS="1754" HPOS="1178"/>
<SP HEIGHT="34" WIDTH="25" VPOS="1754" HPOS="1211"/>
<String CONTENT="statistical" HEIGHT="54" WIDTH="304" VPOS="1734" HPOS="1237"/>
<SP HEIGHT="52" WIDTH="26" VPOS="1735" HPOS="1542"/>
<String CONTENT="study" HEIGHT="69" WIDTH="170" VPOS="1735" HPOS="1569"/>
<SP HEIGHT="69" WIDTH="24" VPOS="1735" HPOS="1740"/>
<String CONTENT="based" HEIGHT="53" WIDTH="167" VPOS="1735" HPOS="1765"/>
<SP HEIGHT="52" WIDTH="29" VPOS="1737" HPOS="1933"/>
<String CONTENT="upon" HEIGHT="49" WIDTH="150" VPOS="1755" HPOS="1963"/>
</TextLine>
<TextLine HEIGHT="73" WIDTH="1990" VPOS="1810" HPOS="127" STYLEREFS="StyleId-2CCA4E3E-B927-46E4-BD5D-9265D1DB878C-">
<String CONTENT="5000" HEIGHT="51" WIDTH="135" VPOS="1815" HPOS="127"/>
<SP HEIGHT="48" WIDTH="29" VPOS="1818" HPOS="263"/>
<String CONTENT="children" HEIGHT="54" WIDTH="257" VPOS="1812" HPOS="293"/>
<SP HEIGHT="35" WIDTH="31" VPOS="1832" HPOS="551"/>
<String CONTENT="examined" HEIGHT="56" WIDTH="295" VPOS="1812" HPOS="583"/>
<SP HEIGHT="52" WIDTH="32" VPOS="1816" HPOS="879"/>
<String CONTENT="consecutively" HEIGHT="73" WIDTH="415" VPOS="1810" HPOS="912"/>
<SP HEIGHT="51" WIDTH="33" VPOS="1832" HPOS="1328"/>
<String CONTENT="at" HEIGHT="45" WIDTH="58" VPOS="1819" HPOS="1362"/>
<SP HEIGHT="46" WIDTH="32" VPOS="1818" HPOS="1421"/>
<String CONTENT="the" HEIGHT="50" WIDTH="93" VPOS="1814" HPOS="1454"/>
<SP HEIGHT="50" WIDTH="33" VPOS="1814" HPOS="1548"/>
<String CONTENT="Illinois" HEIGHT="54" WIDTH="227" VPOS="1812" HPOS="1582"/>
<SP HEIGHT="51" WIDTH="35" VPOS="1815" HPOS="1810"/>
<String CONTENT="Institute" HEIGHT="52" WIDTH="271" VPOS="1814" HPOS="1846"/>
</TextLine>
<TextLine HEIGHT="69" WIDTH="1991" VPOS="1891" HPOS="130" STYLEREFS="StyleId-2CCA4E3E-B927-46E4-BD5D-9265D1DB878C-" CS="1">
<String CONTENT="for" HEIGHT="53" WIDTH="92" VPOS="1892" HPOS="130"/>
<SP HEIGHT="68" WIDTH="39" VPOS="1892" HPOS="223"/>
<String CONTENT="juvenile" HEIGHT="68" WIDTH="248" VPOS="1892" HPOS="263"/>
<SP HEIGHT="36" WIDTH="40" VPOS="1911" HPOS="512"/>
<String CONTENT="research" HEIGHT="51" WIDTH="254" VPOS="1893" HPOS="553"/>
<SP HEIGHT="66" WIDTH="46" VPOS="1893" HPOS="808"/>
<String CS="1" CONTENT="[by]" HEIGHT="67" WIDTH="92" VPOS="1893" HPOS="870"/>
<SP HEIGHT="67" WIDTH="45" VPOS="1892" HPOS="963"/>
<String CONTENT="Luton" HEIGHT="51" WIDTH="189" VPOS="1892" HPOS="1009"/>
<SP HEIGHT="52" WIDTH="40" VPOS="1891" HPOS="1199"/>
<String CONTENT="Ackerson" HEIGHT="53" WIDTH="292" VPOS="1891" HPOS="1240"/>
<SP HEIGHT="32" WIDTH="45" VPOS="1912" HPOS="1533"/>
<String CS="1" CONTENT="&#8230;"/>
<SP HEIGHT="48" WIDTH="82" VPOS="1895" HPOS="1635"/>
<String CONTENT="1." HEIGHT="48" WIDTH="44" VPOS="1895" HPOS="1718"/>
<SP HEIGHT="50" WIDTH="40" VPOS="1893" HPOS="1763"/>
<String CONTENT="Incidence," HEIGHT="52" WIDTH="317" VPOS="1893" HPOS="1804"/>
</TextLine>
<TextLine HEIGHT="70" WIDTH="1995" VPOS="1968" HPOS="127" STYLEREFS="StyleId-2CCA4E3E-B927-46E4-BD5D-9265D1DB878C-">
<String CONTENT="genetic" HEIGHT="67" WIDTH="219" VPOS="1971" HPOS="127"/>
<SP HEIGHT="34" WIDTH="29" VPOS="1989" HPOS="347"/>
<String CONTENT="and" HEIGHT="52" WIDTH="111" VPOS="1971" HPOS="377"/>
<SP HEIGHT="52" WIDTH="26" VPOS="1971" HPOS="489"/>
<String CONTENT="intellectual" HEIGHT="52" WIDTH="348" VPOS="1970" HPOS="516"/>
<SP HEIGHT="51" WIDTH="29" VPOS="1970" HPOS="865"/>
<String CONTENT="factors." HEIGHT="52" WIDTH="228" VPOS="1970" HPOS="895"/>
<SP HEIGHT="54" WIDTH="68" VPOS="1969" HPOS="1124"/>
<String CONTENT="Chicago," HEIGHT="70" WIDTH="269" VPOS="1968" HPOS="1193"/>
<SP HEIGHT="67" WIDTH="28" VPOS="1970" HPOS="1463"/>
<String CONTENT="Ill.," HEIGHT="69" WIDTH="113" VPOS="1969" HPOS="1492"/>
<SP HEIGHT="67" WIDTH="29" VPOS="1971" HPOS="1606"/>
<String CONTENT="The" HEIGHT="51" WIDTH="120" VPOS="1970" HPOS="1636"/>
<SP HEIGHT="53" WIDTH="28" VPOS="1970" HPOS="1757"/>
<String CONTENT="University" HEIGHT="68" WIDTH="336" VPOS="1970" HPOS="1786"/>
</TextLine>
<TextLine HEIGHT="68" WIDTH="725" VPOS="2048" HPOS="127" STYLEREFS="StyleId-2CCA4E3E-B927-46E4-BD5D-9265D1DB878C-">
<String CONTENT="of" HEIGHT="52" WIDTH="63" VPOS="2048" HPOS="127"/>
<SP HEIGHT="54" WIDTH="26" VPOS="2048" HPOS="191"/>
<String CONTENT="Chicago" HEIGHT="68" WIDTH="249" VPOS="2048" HPOS="218"/>
<SP HEIGHT="49" WIDTH="25" VPOS="2067" HPOS="468"/>
<String CONTENT="press" HEIGHT="49" WIDTH="156" VPOS="2067" HPOS="494"/>
<SP HEIGHT="46" WIDTH="31" VPOS="2068" HPOS="651"/>
<String CONTENT="[1931]" HEIGHT="63" WIDTH="169" VPOS="2051" HPOS="683"/>
</TextLine>
<TextLine HEIGHT="50" WIDTH="1922" VPOS="2126" HPOS="198" CS="1">
<String CONTENT="xxi," HEIGHT="47" WIDTH="97" VPOS="2129" HPOS="198"/>
<SP HEIGHT="48" WIDTH="47" VPOS="2128" HPOS="296"/>
<String CONTENT="268" HEIGHT="40" WIDTH="88" VPOS="2128" HPOS="344"/>
<SP HEIGHT="47" WIDTH="43" VPOS="2129" HPOS="433"/>
<String CONTENT="p." HEIGHT="37" WIDTH="41" VPOS="2139" HPOS="477"/>
<SP HEIGHT="38" WIDTH="63" VPOS="2130" HPOS="519"/>
<String CONTENT="tables," HEIGHT="42" WIDTH="165" VPOS="2129" HPOS="583"/>
<SP HEIGHT="42" WIDTH="48" VPOS="2129" HPOS="749"/>
<String CONTENT="diagrs." HEIGHT="49" WIDTH="176" VPOS="2127" HPOS="798"/>
<SP HEIGHT="40" WIDTH="59" VPOS="2126" HPOS="975"/>
<String CS="1" CONTENT="23&#189;" HEIGHT="41" WIDTH="54" VPOS="2126" HPOS="1035"/>
<String STYLE="superscript" CS="1" CONTENT="&#7580;&#7504;"/>
<String CONTENT="." HEIGHT="8" WIDTH="7" VPOS="2158" HPOS="1172"/>
<SP HEIGHT="49" WIDTH="74" VPOS="2127" HPOS="1180"/>
<String CONTENT="(Half-title:" HEIGHT="49" WIDTH="299" VPOS="2127" HPOS="1255"/>
<SP HEIGHT="38" WIDTH="46" VPOS="2130" HPOS="1555"/>
<String CONTENT="Behavior" HEIGHT="40" WIDTH="244" VPOS="2129" HPOS="1602"/>
<SP HEIGHT="28" WIDTH="48" VPOS="2140" HPOS="1847"/>
<String CONTENT="research" HEIGHT="40" WIDTH="224" VPOS="2130" HPOS="1896"/>
</TextLine>
<TextLine HEIGHT="49" WIDTH="548" VPOS="2185" HPOS="126">
<String CONTENT="fund." HEIGHT="39" WIDTH="133" VPOS="2185" HPOS="126"/>
<SP HEIGHT="38" WIDTH="64" VPOS="2186" HPOS="260"/>
<String CONTENT="Monographs)" HEIGHT="49" WIDTH="349" VPOS="2185" HPOS="325"/>
</TextLine>
<TextLine HEIGHT="48" WIDTH="1286" VPOS="2241" HPOS="201" CS="1">
<String CS="1" CONTENT="&#8220;Editor&#8217;s" HEIGHT="40" WIDTH="238" VPOS="2241" HPOS="201"/>
<SP HEIGHT="37" WIDTH="27" VPOS="2251" HPOS="440"/>
<String CONTENT="preface&#8221;" HEIGHT="47" WIDTH="222" VPOS="2241" HPOS="468"/>
<SP HEIGHT="40" WIDTH="31" VPOS="2241" HPOS="691"/>
<String CONTENT="signed" HEIGHT="48" WIDTH="167" VPOS="2241" HPOS="723"/>
<SP HEIGHT="39" WIDTH="16" VPOS="2242" HPOS="891"/>
<String CONTENT=":" HEIGHT="28" WIDTH="8" VPOS="2252" HPOS="908"/>
<SP HEIGHT="38" WIDTH="33" VPOS="2242" HPOS="917"/>
<String CONTENT="Ernest" HEIGHT="39" WIDTH="175" VPOS="2242" HPOS="951"/>
<SP HEIGHT="39" WIDTH="29" VPOS="2242" HPOS="1127"/>
<String CONTENT="W." HEIGHT="39" WIDTH="71" VPOS="2242" HPOS="1157"/>
<SP HEIGHT="38" WIDTH="31" VPOS="2243" HPOS="1229"/>
<String CONTENT="Burgess." HEIGHT="46" WIDTH="226" VPOS="2243" HPOS="1261"/>
</TextLine>
<TextLine HEIGHT="54" WIDTH="1988" VPOS="2294" HPOS="132" CS="1">
<String CONTENT="&#169;" HEIGHT="52" WIDTH="51" VPOS="2294" HPOS="132"/>
<SP HEIGHT="52" WIDTH="22" VPOS="2294" HPOS="184"/>
<String CONTENT="July" HEIGHT="47" WIDTH="115" VPOS="2298" HPOS="207"/>
<SP HEIGHT="45" WIDTH="21" VPOS="2300" HPOS="323"/>
<String CONTENT="7," HEIGHT="45" WIDTH="39" VPOS="2300" HPOS="345"/>
<SP HEIGHT="46" WIDTH="22" VPOS="2299" HPOS="385"/>
<String CS="1" CONTENT="1931;" HEIGHT="41" WIDTH="112" VPOS="2297" HPOS="408"/>
<SP HEIGHT="48" WIDTH="23" VPOS="2297" HPOS="548"/>
<String CONTENT="2c." HEIGHT="41" WIDTH="67" VPOS="2297" HPOS="572"/>
<SP HEIGHT="39" WIDTH="22" VPOS="2298" HPOS="640"/>
<String CONTENT="Aug." HEIGHT="47" WIDTH="120" VPOS="2298" HPOS="663"/>
<SP HEIGHT="41" WIDTH="20" VPOS="2298" HPOS="784"/>
<String CS="1" CONTENT="28;" HEIGHT="40" WIDTH="56" VPOS="2298" HPOS="805"/>
<SP HEIGHT="36" WIDTH="25" VPOS="2308" HPOS="889"/>
<String CONTENT="aff." HEIGHT="39" WIDTH="79" VPOS="2297" HPOS="915"/>
<SP HEIGHT="40" WIDTH="28" VPOS="2298" HPOS="995"/>
<String CONTENT="Sept." HEIGHT="47" WIDTH="127" VPOS="2298" HPOS="1024"/>
<SP HEIGHT="41" WIDTH="22" VPOS="2298" HPOS="1152"/>
<String CS="1" CONTENT="8;" HEIGHT="40" WIDTH="25" VPOS="2298" HPOS="1175"/>
<SP HEIGHT="46" WIDTH="25" VPOS="2299" HPOS="1228"/>
<!-- cceid F005ED89-6E8D-1014-9CF5-AEB3FCA41D69 --><String CONTENT="A" HEIGHT="38" WIDTH="41" VPOS="2299" HPOS="1254"/>
<SP HEIGHT="39" WIDTH="20" VPOS="2299" HPOS="1296"/>
<String CS="1" CONTENT="42216;" HEIGHT="40" WIDTH="144" VPOS="2298" HPOS="1317"/>
<SP HEIGHT="47" WIDTH="26" VPOS="2299" HPOS="1489"/>
<String CONTENT="University" HEIGHT="47" WIDTH="282" VPOS="2299" HPOS="1516"/>
<SP HEIGHT="36" WIDTH="22" VPOS="2310" HPOS="1799"/>
<String CONTENT="of" HEIGHT="40" WIDTH="51" VPOS="2299" HPOS="1822"/>
<SP HEIGHT="40" WIDTH="22" VPOS="2299" HPOS="1874"/>
<String CONTENT="Chicago," HEIGHT="49" WIDTH="223" VPOS="2299" HPOS="1897"/>
</TextLine>
<TextLine HEIGHT="48" WIDTH="569" VPOS="2354" HPOS="201">
<String CONTENT="Chicago." HEIGHT="48" WIDTH="220" VPOS="2354" HPOS="201"/>
<SP HEIGHT="47" WIDTH="69" VPOS="2355" HPOS="422"/>
<String CONTENT="(31-24919)" HEIGHT="48" WIDTH="278" VPOS="2354" HPOS="492"/>
</TextLine>
<TextLine HEIGHT="64" WIDTH="618" VPOS="2420" HPOS="130" STYLEREFS="StyleId-39A47C67-97A2-4832-9A8C-E46B4184C923-">
<String CONTENT="Adams," HEIGHT="64" WIDTH="241" VPOS="2420" HPOS="130"/>
<SP HEIGHT="63" WIDTH="27" VPOS="2421" HPOS="372"/>
<String CONTENT="Eustace" HEIGHT="53" WIDTH="256" VPOS="2421" HPOS="400"/>
<SP HEIGHT="53" WIDTH="25" VPOS="2421" HPOS="657"/>
<String CONTENT="L." HEIGHT="54" WIDTH="65" VPOS="2421" HPOS="683"/>
</TextLine>
<TextLine HEIGHT="72" WIDTH="1918" VPOS="2496" HPOS="197" STYLEREFS="StyleId-2CCA4E3E-B927-46E4-BD5D-9265D1DB878C-">
<String CONTENT="The" HEIGHT="53" WIDTH="119" VPOS="2497" HPOS="197"/>
<SP HEIGHT="35" WIDTH="39" VPOS="2515" HPOS="317"/>
<String CONTENT="adventures" HEIGHT="53" WIDTH="337" VPOS="2497" HPOS="357"/>
<SP HEIGHT="35" WIDTH="38" VPOS="2515" HPOS="695"/>
<String CONTENT="of" HEIGHT="52" WIDTH="62" VPOS="2496" HPOS="734"/>
<SP HEIGHT="53" WIDTH="36" VPOS="2496" HPOS="797"/>
<String CONTENT="the" HEIGHT="53" WIDTH="95" VPOS="2498" HPOS="834"/>
<SP HEIGHT="52" WIDTH="34" VPOS="2499" HPOS="930"/>
<String CONTENT="boy" HEIGHT="68" WIDTH="112" VPOS="2499" HPOS="965"/>
<SP HEIGHT="50" WIDTH="36" VPOS="2517" HPOS="1078"/>
<String CONTENT="gliders," HEIGHT="69" WIDTH="230" VPOS="2498" HPOS="1115"/>
<SP HEIGHT="65" WIDTH="36" VPOS="2499" HPOS="1346"/>
<String CONTENT="by" HEIGHT="69" WIDTH="77" VPOS="2499" HPOS="1383"/>
<SP HEIGHT="68" WIDTH="35" VPOS="2500" HPOS="1461"/>
<String CONTENT="Eustace" HEIGHT="52" WIDTH="244" VPOS="2500" HPOS="1497"/>
<SP HEIGHT="50" WIDTH="35" VPOS="2502" HPOS="1742"/>
<String CONTENT="L." HEIGHT="51" WIDTH="63" VPOS="2502" HPOS="1778"/>
<SP HEIGHT="52" WIDTH="39" VPOS="2501" HPOS="1842"/>
<String CONTENT="Adams." HEIGHT="53" WIDTH="233" VPOS="2501" HPOS="1882"/>
</TextLine>
<TextLine HEIGHT="71" WIDTH="1620" VPOS="2573" HPOS="127" STYLEREFS="StyleId-2CCA4E3E-B927-46E4-BD5D-9265D1DB878C-" CS="1">
<String CONTENT="New" HEIGHT="53" WIDTH="138" VPOS="2574" HPOS="127"/>
<SP HEIGHT="52" WIDTH="32" VPOS="2575" HPOS="266"/>
<String CONTENT="York." HEIGHT="56" WIDTH="178" VPOS="2573" HPOS="299"/>
<SP HEIGHT="52" WIDTH="31" VPOS="2577" HPOS="478"/>
<String CS="1" CONTENT="Brewer," HEIGHT="66" WIDTH="245" VPOS="2577" HPOS="510"/>
<SP HEIGHT="67" WIDTH="30" VPOS="2576" HPOS="756"/>
<String CONTENT="Warren" HEIGHT="53" WIDTH="240" VPOS="2576" HPOS="787"/>
<SP HEIGHT="49" WIDTH="33" VPOS="2579" HPOS="1028"/>
<String CONTENT="&amp;" HEIGHT="49" WIDTH="44" VPOS="2579" HPOS="1062"/>
<SP HEIGHT="51" WIDTH="31" VPOS="2577" HPOS="1107"/>
<String CONTENT="Putnam," HEIGHT="66" WIDTH="268" VPOS="2577" HPOS="1139"/>
<SP HEIGHT="67" WIDTH="32" VPOS="2576" HPOS="1408"/>
<String CONTENT="inc.," HEIGHT="68" WIDTH="123" VPOS="2576" HPOS="1441"/>
<SP HEIGHT="62" WIDTH="33" VPOS="2582" HPOS="1565"/>
<String CONTENT="1931." HEIGHT="51" WIDTH="148" VPOS="2580" HPOS="1599"/>
</TextLine>
<TextLine HEIGHT="48" WIDTH="357" VPOS="2655" HPOS="198" CS="1">
<String CONTENT="223" HEIGHT="40" WIDTH="84" VPOS="2655" HPOS="198"/>
<SP HEIGHT="48" WIDTH="24" VPOS="2655" HPOS="283"/>
<String CONTENT="p." HEIGHT="38" WIDTH="42" VPOS="2665" HPOS="308"/>
<SP HEIGHT="39" WIDTH="57" VPOS="2655" HPOS="351"/>
<String CS="1" CONTENT="20&#189;" HEIGHT="38" WIDTH="27" VPOS="2655" HPOS="409"/>
<String STYLE="superscript" CS="1" CONTENT="&#7580;&#7504;"/>
<String CONTENT="." HEIGHT="8" WIDTH="8" VPOS="2687" HPOS="547"/>
</TextLine>
<TextLine HEIGHT="108" WIDTH="1970" VPOS="2707" HPOS="135" CS="1">
<String CONTENT="&#169;" HEIGHT="52" WIDTH="51" VPOS="2707" HPOS="135"/>
<SP HEIGHT="52" WIDTH="27" VPOS="2707" HPOS="187"/>
<String CONTENT="Sent." HEIGHT="41" WIDTH="126" VPOS="2711" HPOS="215"/>
<SP HEIGHT="39" WIDTH="24" VPOS="2713" HPOS="342"/>
<String CONTENT="4," HEIGHT="46" WIDTH="40" VPOS="2713" HPOS="367"/>
<SP HEIGHT="46" WIDTH="25" VPOS="2713" HPOS="408"/>
<String CS="1" CONTENT="1931;" HEIGHT="40" WIDTH="111" VPOS="2712" HPOS="434"/>
<SP HEIGHT="41" WIDTH="27" VPOS="2713" HPOS="573"/>
<String CONTENT="2c." HEIGHT="39" WIDTH="66" VPOS="2713" HPOS="601"/>
<SP HEIGHT="40" WIDTH="30" VPOS="2713" HPOS="668"/>
<String CONTENT="Sept." HEIGHT="47" WIDTH="124" VPOS="2713" HPOS="699"/>
<SP HEIGHT="38" WIDTH="25" VPOS="2714" HPOS="824"/>
<String CS="1" CONTENT="28;" HEIGHT="40" WIDTH="56" VPOS="2713" HPOS="850"/>
<SP HEIGHT="31" WIDTH="28" VPOS="2724" HPOS="933"/>
<String CONTENT="aff." HEIGHT="40" WIDTH="81" VPOS="2713" HPOS="962"/>
<SP HEIGHT="40" WIDTH="29" VPOS="2713" HPOS="1044"/>
<String CONTENT="Sept." HEIGHT="48" WIDTH="126" VPOS="2713" HPOS="1074"/>
<SP HEIGHT="41" WIDTH="26" VPOS="2712" HPOS="1201"/>
<String CS="1" CONTENT="9;" HEIGHT="40" WIDTH="27" VPOS="2712" HPOS="1228"/>
<SP HEIGHT="46" WIDTH="27" VPOS="2714" HPOS="1282"/>
<!-- cceid F0063ABC-6E8D-1014-9CF5-AEB3FCA41D69 --><String CONTENT="A" HEIGHT="38" WIDTH="42" VPOS="2714" HPOS="1310"/>
<SP HEIGHT="39" WIDTH="22" VPOS="2714" HPOS="1353"/>
<String CS="1" CONTENT="41967;" HEIGHT="41" WIDTH="145" VPOS="2713" HPOS="1376"/>
<SP HEIGHT="46" WIDTH="29" VPOS="2716" HPOS="1548"/>
<String LANG="fr" CONTENT="E." HEIGHT="40" WIDTH="52" VPOS="2716" HPOS="1578"/>
<SP HEIGHT="41" WIDTH="30" VPOS="2715" HPOS="1631"/>
<String CONTENT="L." HEIGHT="39" WIDTH="46" VPOS="2715" HPOS="1662"/>
<SP HEIGHT="38" WIDTH="28" VPOS="2716" HPOS="1709"/>
<String CONTENT="Adams," HEIGHT="47" WIDTH="195" VPOS="2716" HPOS="1738"/>
<SP HEIGHT="47" WIDTH="29" VPOS="2716" HPOS="1934"/>
<String CONTENT="Clearwater," HEIGHT="99" WIDTH="1903" VPOS="2716" HPOS="202"/>
</TextLine>
<TextLine HEIGHT="47" WIDTH="448" VPOS="2769" HPOS="400">
<String CONTENT="Fla." HEIGHT="38" WIDTH="100" VPOS="2769" HPOS="400"/>
<SP HEIGHT="47" WIDTH="69" VPOS="2769" HPOS="501"/>
<String CONTENT="(31-25048)" HEIGHT="47" WIDTH="277" VPOS="2769" HPOS="571"/>
</TextLine>
<TextLine HEIGHT="68" WIDTH="905" VPOS="2832" HPOS="133" STYLEREFS="StyleId-39A47C67-97A2-4832-9A8C-E46B4184C923-">
<String CONTENT="Allen," HEIGHT="66" WIDTH="185" VPOS="2832" HPOS="133"/>
<SP HEIGHT="63" WIDTH="29" VPOS="2835" HPOS="319"/>
<String CONTENT="Calvin" HEIGHT="56" WIDTH="203" VPOS="2833" HPOS="349"/>
<SP HEIGHT="51" WIDTH="26" VPOS="2836" HPOS="553"/>
<String CONTENT="Francis," HEIGHT="65" WIDTH="260" VPOS="2835" HPOS="580"/>
<SP HEIGHT="58" WIDTH="30" VPOS="2842" HPOS="841"/>
<String CONTENT="1851-" HEIGHT="51" WIDTH="166" VPOS="2841" HPOS="872"/>
</TextLine>
<TextLine HEIGHT="76" WIDTH="1922" VPOS="2911" HPOS="198" STYLEREFS="StyleId-2CCA4E3E-B927-46E4-BD5D-9265D1DB878C-">
<String CONTENT="Field" HEIGHT="54" WIDTH="166" VPOS="2911" HPOS="198"/>
<SP HEIGHT="53" WIDTH="31" VPOS="2912" HPOS="365"/>
<String CONTENT="and" HEIGHT="52" WIDTH="111" VPOS="2912" HPOS="397"/>
<SP HEIGHT="52" WIDTH="33" VPOS="2912" HPOS="509"/>
<String CONTENT="office" HEIGHT="54" WIDTH="146" VPOS="2911" HPOS="543"/>
<SP HEIGHT="46" WIDTH="32" VPOS="2919" HPOS="690"/>
<String CONTENT="tables," HEIGHT="69" WIDTH="195" VPOS="2912" HPOS="723"/>
<SP HEIGHT="48" WIDTH="33" VPOS="2933" HPOS="919"/>
<String CONTENT="specially" HEIGHT="70" WIDTH="273" VPOS="2913" HPOS="953"/>
<SP HEIGHT="51" WIDTH="32" VPOS="2932" HPOS="1227"/>
<String CONTENT="applicable" HEIGHT="69" WIDTH="320" VPOS="2913" HPOS="1260"/>
<SP HEIGHT="47" WIDTH="35" VPOS="2922" HPOS="1581"/>
<String CONTENT="to" HEIGHT="47" WIDTH="59" VPOS="2922" HPOS="1617"/>
<SP HEIGHT="35" WIDTH="33" VPOS="2934" HPOS="1677"/>
<String CONTENT="railroads," HEIGHT="69" WIDTH="298" VPOS="2916" HPOS="1711"/>
<SP HEIGHT="67" WIDTH="33" VPOS="2918" HPOS="2010"/>
<String CONTENT="by" HEIGHT="69" WIDTH="76" VPOS="2918" HPOS="2044"/>
</TextLine>
<TextLine HEIGHT="71" WIDTH="1989" VPOS="2988" HPOS="130" STYLEREFS="StyleId-2CCA4E3E-B927-46E4-BD5D-9265D1DB878C-" CS="1">
<String CONTENT="C." HEIGHT="54" WIDTH="62" VPOS="2988" HPOS="130"/>
<SP HEIGHT="51" WIDTH="42" VPOS="2989" HPOS="193"/>
<String CONTENT="Frank" HEIGHT="51" WIDTH="196" VPOS="2989" HPOS="236"/>
<SP HEIGHT="51" WIDTH="40" VPOS="2989" HPOS="433"/>
<String CONTENT="Allen" HEIGHT="53" WIDTH="170" VPOS="2989" HPOS="474"/>
<SP HEIGHT="32" WIDTH="45" VPOS="3009" HPOS="645"/>
<String CS="1" CONTENT="&#8230;"/>
<SP HEIGHT="48" WIDTH="79" VPOS="2994" HPOS="748"/>
<String CONTENT="4th" HEIGHT="52" WIDTH="99" VPOS="2991" HPOS="828"/>
<SP HEIGHT="53" WIDTH="43" VPOS="2991" HPOS="928"/>
<String CONTENT="ed.," HEIGHT="68" WIDTH="103" VPOS="2991" HPOS="972"/>
<SP HEIGHT="49" WIDTH="42" VPOS="3010" HPOS="1076"/>
<String CONTENT="rev." HEIGHT="35" WIDTH="113" VPOS="3009" HPOS="1119"/>
<SP HEIGHT="53" WIDTH="79" VPOS="2992" HPOS="1233"/>
<String CONTENT="New" HEIGHT="53" WIDTH="139" VPOS="2992" HPOS="1313"/>
<SP HEIGHT="53" WIDTH="43" VPOS="2993" HPOS="1453"/>
<String CONTENT="York" HEIGHT="53" WIDTH="164" VPOS="2993" HPOS="1497"/>
<SP HEIGHT="54" WIDTH="39" VPOS="2993" HPOS="1662"/>
<String CONTENT="and" HEIGHT="53" WIDTH="114" VPOS="2994" HPOS="1702"/>
<SP HEIGHT="53" WIDTH="42" VPOS="2994" HPOS="1817"/>
<String CONTENT="London." HEIGHT="55" WIDTH="259" VPOS="2995" HPOS="1860"/>
</TextLine>
<TextLine HEIGHT="72" WIDTH="1260" VPOS="3065" HPOS="128" STYLEREFS="StyleId-2CCA4E3E-B927-46E4-BD5D-9265D1DB878C-">
<String CONTENT="McGraw-Hill" HEIGHT="54" WIDTH="426" VPOS="3065" HPOS="128"/>
<SP HEIGHT="52" WIDTH="26" VPOS="3067" HPOS="555"/>
<String CONTENT="book" HEIGHT="52" WIDTH="147" VPOS="3067" HPOS="582"/>
<SP HEIGHT="53" WIDTH="26" VPOS="3067" HPOS="730"/>
<String CONTENT="company," HEIGHT="51" WIDTH="294" VPOS="3086" HPOS="757"/>
<SP HEIGHT="68" WIDTH="28" VPOS="3068" HPOS="1052"/>
<String CONTENT="inc.," HEIGHT="69" WIDTH="126" VPOS="3068" HPOS="1081"/>
<SP HEIGHT="65" WIDTH="28" VPOS="3072" HPOS="1208"/>
<String CONTENT="1931." HEIGHT="51" WIDTH="151" VPOS="3072" HPOS="1237"/>
</TextLine>
<TextLine HEIGHT="50" WIDTH="1004" VPOS="3146" HPOS="197" STYLEREFS="StyleId-2CCA4E3E-B927-46E4-BD5D-9265D1DB878C-" CS="1">
<String CONTENT="vi," HEIGHT="46" WIDTH="60" VPOS="3146" HPOS="197"/>
<SP HEIGHT="46" WIDTH="26" VPOS="3146" HPOS="258"/>
<String CONTENT="290" HEIGHT="40" WIDTH="86" VPOS="3146" HPOS="285"/>
<SP HEIGHT="49" WIDTH="38" VPOS="3146" HPOS="372"/>
<String CONTENT="(i." HEIGHT="49" WIDTH="51" VPOS="3146" HPOS="411"/>
<SP HEIGHT="29" WIDTH="30" VPOS="3159" HPOS="463"/>
<String CONTENT="e." HEIGHT="29" WIDTH="37" VPOS="3159" HPOS="494"/>
<SP HEIGHT="42" WIDTH="28" VPOS="3146" HPOS="532"/>
<String CONTENT="306)" HEIGHT="49" WIDTH="108" VPOS="3146" HPOS="561"/>
<SP HEIGHT="46" WIDTH="38" VPOS="3149" HPOS="670"/>
<String CONTENT="p." HEIGHT="37" WIDTH="42" VPOS="3158" HPOS="709"/>
<SP HEIGHT="39" WIDTH="58" VPOS="3149" HPOS="752"/>
<String CS="1" CONTENT="17&#189;" HEIGHT="40" WIDTH="55" VPOS="3148" HPOS="811"/>
<String STYLE="superscript" CS="1" CONTENT="&#7580;&#7504;"/>
<String CONTENT="." HEIGHT="7" WIDTH="7" VPOS="3180" HPOS="948"/>
<SP HEIGHT="50" WIDTH="115" VPOS="3146" HPOS="956"/>
<String CONTENT="$2.50" HEIGHT="50" WIDTH="129" VPOS="3146" HPOS="1072"/>
</TextLine>
<TextLine HEIGHT="50" WIDTH="865" VPOS="3202" HPOS="198" STYLEREFS="StyleId-2CCA4E3E-B927-46E4-BD5D-9265D1DB878C-">
<String CONTENT="Includes" HEIGHT="41" WIDTH="224" VPOS="3202" HPOS="198"/>
<SP HEIGHT="29" WIDTH="25" VPOS="3214" HPOS="423"/>
<String CONTENT="extra" HEIGHT="37" WIDTH="140" VPOS="3206" HPOS="449"/>
<SP HEIGHT="29" WIDTH="26" VPOS="3214" HPOS="590"/>
<String CONTENT="numbered" HEIGHT="41" WIDTH="258" VPOS="3204" HPOS="617"/>
<SP HEIGHT="46" WIDTH="28" VPOS="3206" HPOS="876"/>
<String CONTENT="pages." HEIGHT="38" WIDTH="158" VPOS="3214" HPOS="905"/>
</TextLine>
<TextLine HEIGHT="62" WIDTH="1982" VPOS="3255" HPOS="136">
<String CONTENT="&#169;" HEIGHT="52" WIDTH="51" VPOS="3255" HPOS="136"/>
<SP HEIGHT="52" WIDTH="26" VPOS="3255" HPOS="188"/>
<String CONTENT="July" HEIGHT="47" WIDTH="115" VPOS="3261" HPOS="215"/>
<SP HEIGHT="47" WIDTH="23" VPOS="3261" HPOS="331"/>
<String CONTENT="17," HEIGHT="46" WIDTH="69" VPOS="3261" HPOS="355"/>
<SP HEIGHT="45" WIDTH="25" VPOS="3262" HPOS="425"/>
<String CONTENT="1931;" HEIGHT="47" WIDTH="139" VPOS="3260" HPOS="451"/>
<SP HEIGHT="46" WIDTH="26" VPOS="3261" HPOS="591"/>
<String CONTENT="2c." HEIGHT="40" WIDTH="65" VPOS="3261" HPOS="618"/>
<SP HEIGHT="29" WIDTH="27" VPOS="3273" HPOS="684"/>
<String CONTENT="and" HEIGHT="38" WIDTH="94" VPOS="3264" HPOS="712"/>
<SP HEIGHT="38" WIDTH="26" VPOS="3264" HPOS="807"/>
<String CONTENT="aff." HEIGHT="40" WIDTH="81" VPOS="3263" HPOS="834"/>
<SP HEIGHT="40" WIDTH="28" VPOS="3263" HPOS="916"/>
<String CONTENT="Sept." HEIGHT="48" WIDTH="125" VPOS="3263" HPOS="945"/>
<SP HEIGHT="38" WIDTH="27" VPOS="3264" HPOS="1071"/>
<String CONTENT="22;" HEIGHT="44" WIDTH="82" VPOS="3263" HPOS="1099"/>
<SP HEIGHT="43" WIDTH="28" VPOS="3264" HPOS="1182"/>
<!-- cceid F006892A-6E8D-1014-9CF5-AEB3FCA41D69 --><String CONTENT="A" HEIGHT="39" WIDTH="39" VPOS="3264" HPOS="1211"/>
<SP HEIGHT="39" WIDTH="25" VPOS="3264" HPOS="1251"/>
<String CONTENT="41748;" HEIGHT="47" WIDTH="170" VPOS="3265" HPOS="1277"/>
<SP HEIGHT="46" WIDTH="31" VPOS="3266" HPOS="1448"/>
<String CONTENT="C." HEIGHT="41" WIDTH="47" VPOS="3266" HPOS="1480"/>
<SP HEIGHT="40" WIDTH="28" VPOS="3267" HPOS="1528"/>
<String CONTENT="F." HEIGHT="38" WIDTH="50" VPOS="3267" HPOS="1557"/>
<SP HEIGHT="38" WIDTH="27" VPOS="3268" HPOS="1608"/>
<String CONTENT="Allen," HEIGHT="48" WIDTH="153" VPOS="3268" HPOS="1636"/>
<SP HEIGHT="47" WIDTH="28" VPOS="3269" HPOS="1790"/>
<String CONTENT="Cambridge," HEIGHT="48" WIDTH="299" VPOS="3269" HPOS="1819"/>
</TextLine>
<TextLine HEIGHT="48" WIDTH="492" VPOS="3317" HPOS="207">
<String CONTENT="Mass." HEIGHT="38" WIDTH="145" VPOS="3318" HPOS="207"/>
<SP HEIGHT="47" WIDTH="69" VPOS="3317" HPOS="353"/>
<String CONTENT="(31-24908)" HEIGHT="48" WIDTH="276" VPOS="3317" HPOS="423"/>
</TextLine>
<TextLine HEIGHT="67" WIDTH="1524" VPOS="3381" HPOS="133" STYLEREFS="StyleId-39A47C67-97A2-4832-9A8C-E46B4184C923-">
<String CONTENT="Association" HEIGHT="54" WIDTH="372" VPOS="3381" HPOS="133"/>
<SP HEIGHT="36" WIDTH="26" VPOS="3399" HPOS="506"/>
<String CONTENT="of" HEIGHT="51" WIDTH="63" VPOS="3384" HPOS="533"/>
<SP HEIGHT="52" WIDTH="25" VPOS="3384" HPOS="597"/>
<String CONTENT="community" HEIGHT="64" WIDTH="364" VPOS="3384" HPOS="623"/>
<SP HEIGHT="47" WIDTH="24" VPOS="3401" HPOS="988"/>
<String CONTENT="chests" HEIGHT="54" WIDTH="201" VPOS="3385" HPOS="1013"/>
<SP HEIGHT="37" WIDTH="24" VPOS="3402" HPOS="1215"/>
<String CONTENT="and" HEIGHT="52" WIDTH="114" VPOS="3387" HPOS="1240"/>
<SP HEIGHT="53" WIDTH="27" VPOS="3387" HPOS="1355"/>
<String CONTENT="councils." HEIGHT="56" WIDTH="274" VPOS="3388" HPOS="1383"/>
</TextLine>
<TextLine HEIGHT="79" WIDTH="1913" VPOS="3458" HPOS="200" STYLEREFS="StyleId-2CCA4E3E-B927-46E4-BD5D-9265D1DB878C-">
<String CONTENT="Budgets" HEIGHT="68" WIDTH="256" VPOS="3458" HPOS="200"/>
<SP HEIGHT="54" WIDTH="23" VPOS="3458" HPOS="457"/>
<String CONTENT="in" HEIGHT="53" WIDTH="60" VPOS="3458" HPOS="481"/>
<SP HEIGHT="34" WIDTH="26" VPOS="3477" HPOS="542"/>
<String CONTENT="a" HEIGHT="33" WIDTH="30" VPOS="3478" HPOS="569"/>
<SP HEIGHT="35" WIDTH="24" VPOS="3478" HPOS="600"/>
<String CONTENT="community" HEIGHT="69" WIDTH="348" VPOS="3460" HPOS="625"/>
<SP HEIGHT="50" WIDTH="24" VPOS="3479" HPOS="974"/>
<String CONTENT="chest;" HEIGHT="63" WIDTH="181" VPOS="3461" HPOS="999"/>
<SP HEIGHT="42" WIDTH="26" VPOS="3482" HPOS="1181"/>
<String CONTENT="methods" HEIGHT="53" WIDTH="258" VPOS="3464" HPOS="1208"/>
<SP HEIGHT="33" WIDTH="25" VPOS="3484" HPOS="1467"/>
<String CONTENT="of" HEIGHT="52" WIDTH="64" VPOS="3465" HPOS="1493"/>
<SP HEIGHT="52" WIDTH="26" VPOS="3465" HPOS="1558"/>
<String CONTENT="organization" HEIGHT="69" WIDTH="393" VPOS="3468" HPOS="1585"/>
<SP HEIGHT="34" WIDTH="26" VPOS="3490" HPOS="1979"/>
<String CONTENT="and" HEIGHT="50" WIDTH="107" VPOS="3476" HPOS="2006"/>
</TextLine>
<TextLine HEIGHT="78" WIDTH="1983" VPOS="3535" HPOS="131" STYLEREFS="StyleId-2CCA4E3E-B927-46E4-BD5D-9265D1DB878C-" CS="1">
<String CONTENT="procedure," HEIGHT="67" WIDTH="323" VPOS="3535" HPOS="131"/>
<SP HEIGHT="38" WIDTH="26" VPOS="3556" HPOS="455"/>
<String CONTENT="with" HEIGHT="52" WIDTH="140" VPOS="3537" HPOS="482"/>
<SP HEIGHT="51" WIDTH="25" VPOS="3538" HPOS="623"/>
<String CONTENT="suggested" HEIGHT="64" WIDTH="298" VPOS="3539" HPOS="649"/>
<SP HEIGHT="52" WIDTH="29" VPOS="3538" HPOS="948"/>
<String CONTENT="forms" HEIGHT="53" WIDTH="181" VPOS="3538" HPOS="978"/>
<SP HEIGHT="53" WIDTH="28" VPOS="3538" HPOS="1160"/>
<String CONTENT="for" HEIGHT="54" WIDTH="93" VPOS="3538" HPOS="1189"/>
<SP HEIGHT="51" WIDTH="27" VPOS="3540" HPOS="1283"/>
<String CONTENT="local" HEIGHT="53" WIDTH="145" VPOS="3540" HPOS="1311"/>
<SP HEIGHT="52" WIDTH="27" VPOS="3542" HPOS="1457"/>
<String CS="1" CONTENT="use;" HEIGHT="34" WIDTH="95" VPOS="3561" HPOS="1485"/>
<SP HEIGHT="40" WIDTH="31" VPOS="3563" HPOS="1608"/>
<String CONTENT="a" HEIGHT="33" WIDTH="31" VPOS="3563" HPOS="1640"/>
<SP HEIGHT="34" WIDTH="27" VPOS="3563" HPOS="1672"/>
<String CONTENT="chapter" HEIGHT="68" WIDTH="235" VPOS="3545" HPOS="1700"/>
<SP HEIGHT="52" WIDTH="30" VPOS="3547" HPOS="1936"/>
<String CONTENT="from" HEIGHT="55" WIDTH="147" VPOS="3547" HPOS="1967"/>
</TextLine>
<TextLine HEIGHT="83" WIDTH="1987" VPOS="3612" HPOS="131" STYLEREFS="StyleId-2CCA4E3E-B927-46E4-BD5D-9265D1DB878C-">
<String CONTENT="a" HEIGHT="33" WIDTH="31" VPOS="3633" HPOS="131"/>
<SP HEIGHT="51" WIDTH="31" VPOS="3615" HPOS="163"/>
<String CONTENT="forthcoming" HEIGHT="71" WIDTH="388" VPOS="3612" HPOS="195"/>
<SP HEIGHT="68" WIDTH="28" VPOS="3615" HPOS="584"/>
<String CONTENT="handbook" HEIGHT="53" WIDTH="300" VPOS="3614" HPOS="613"/>
<SP HEIGHT="52" WIDTH="31" VPOS="3615" HPOS="914"/>
<String CONTENT="on" HEIGHT="33" WIDTH="72" VPOS="3634" HPOS="946"/>
<SP HEIGHT="46" WIDTH="30" VPOS="3621" HPOS="1019"/>
<String CONTENT="the" HEIGHT="53" WIDTH="95" VPOS="3616" HPOS="1050"/>
<SP HEIGHT="35" WIDTH="31" VPOS="3634" HPOS="1146"/>
<String CONTENT="administration" HEIGHT="55" WIDTH="464" VPOS="3617" HPOS="1178"/>
<SP HEIGHT="35" WIDTH="30" VPOS="3638" HPOS="1643"/>
<String CONTENT="of" HEIGHT="53" WIDTH="64" VPOS="3620" HPOS="1674"/>
<SP HEIGHT="56" WIDTH="30" VPOS="3620" HPOS="1739"/>
<String CONTENT="community" HEIGHT="70" WIDTH="348" VPOS="3625" HPOS="1770"/>
</TextLine>
<TextLine HEIGHT="84" WIDTH="1989" VPOS="3690" HPOS="129" STYLEREFS="StyleId-2CCA4E3E-B927-46E4-BD5D-9265D1DB878C-">
<String CONTENT="chests" HEIGHT="54" WIDTH="181" VPOS="3690" HPOS="129"/>
<SP HEIGHT="35" WIDTH="44" VPOS="3709" HPOS="311"/>
<String CONTENT="and" HEIGHT="52" WIDTH="111" VPOS="3693" HPOS="356"/>
<SP HEIGHT="52" WIDTH="43" VPOS="3693" HPOS="468"/>
<String CONTENT="councils." HEIGHT="54" WIDTH="261" VPOS="3690" HPOS="512"/>
<SP HEIGHT="52" WIDTH="73" VPOS="3692" HPOS="774"/>
<String CONTENT="New" HEIGHT="52" WIDTH="138" VPOS="3692" HPOS="848"/>
<SP HEIGHT="51" WIDTH="45" VPOS="3694" HPOS="987"/>
<String CONTENT="York," HEIGHT="68" WIDTH="178" VPOS="3694" HPOS="1033"/>
<SP HEIGHT="68" WIDTH="42" VPOS="3694" HPOS="1212"/>
<String CONTENT="Association" HEIGHT="55" WIDTH="361" VPOS="3694" HPOS="1255"/>
<SP HEIGHT="34" WIDTH="42" VPOS="3716" HPOS="1617"/>
<String CONTENT="of" HEIGHT="52" WIDTH="65" VPOS="3698" HPOS="1660"/>
<SP HEIGHT="54" WIDTH="42" VPOS="3698" HPOS="1726"/>
<String CONTENT="community" HEIGHT="71" WIDTH="349" VPOS="3703" HPOS="1769"/>
</TextLine>
<TextLine HEIGHT="66" WIDTH="787" VPOS="3768" HPOS="130" STYLEREFS="StyleId-2CCA4E3E-B927-46E4-BD5D-9265D1DB878C-">
<String CONTENT="chests" HEIGHT="53" WIDTH="180" VPOS="3768" HPOS="130"/>
<SP HEIGHT="36" WIDTH="25" VPOS="3785" HPOS="311"/>
<String CONTENT="and" HEIGHT="52" WIDTH="111" VPOS="3768" HPOS="337"/>
<SP HEIGHT="52" WIDTH="28" VPOS="3768" HPOS="449"/>
<String CONTENT="councils," HEIGHT="66" WIDTH="263" VPOS="3768" HPOS="478"/>
<SP HEIGHT="61" WIDTH="28" VPOS="3773" HPOS="742"/>
<String CONTENT="1931." HEIGHT="49" WIDTH="146" VPOS="3772" HPOS="771"/>
</TextLine>
<TextLine HEIGHT="49" WIDTH="994" VPOS="3848" HPOS="202" CS="1">
<String CONTENT="44" HEIGHT="39" WIDTH="57" VPOS="3848" HPOS="202"/>
<SP HEIGHT="48" WIDTH="26" VPOS="3849" HPOS="260"/>
<String CONTENT="p." HEIGHT="38" WIDTH="43" VPOS="3859" HPOS="287"/>
<SP/>
<String CS="1" CONTENT="fold."/>
<SP/>
<String CONTENT="forms" HEIGHT="41" WIDTH="154" VPOS="3848" HPOS="534"/>
<SP HEIGHT="48" WIDTH="27" VPOS="3848" HPOS="689"/>
<String CONTENT="(in" HEIGHT="48" WIDTH="71" VPOS="3848" HPOS="717"/>
<SP HEIGHT="38" WIDTH="27" VPOS="3858" HPOS="789"/>
<String CONTENT="pocket)" HEIGHT="47" WIDTH="195" VPOS="3849" HPOS="817"/>
<SP HEIGHT="46" WIDTH="66" VPOS="3850" HPOS="1013"/>
<String CONTENT="23" HEIGHT="41" WIDTH="54" VPOS="3850" HPOS="1080"/>
<String STYLE="superscript" CS="1" CONTENT="&#7580;&#7504;"/>
<String CONTENT="." HEIGHT="9" WIDTH="9" VPOS="3882" HPOS="1187"/>
</TextLine>
<TextLine HEIGHT="110" WIDTH="1962" VPOS="3900" HPOS="139" CS="1">
<String CONTENT="&#169;" HEIGHT="53" WIDTH="53" VPOS="3900" HPOS="139"/>
<SP HEIGHT="53" WIDTH="31" VPOS="3900" HPOS="193"/>
<String CONTENT="Aug." HEIGHT="47" WIDTH="117" VPOS="3906" HPOS="225"/>
<SP HEIGHT="39" WIDTH="35" VPOS="3906" HPOS="343"/>
<String CONTENT="15," HEIGHT="46" WIDTH="68" VPOS="3906" HPOS="379"/>
<SP HEIGHT="46" WIDTH="34" VPOS="3906" HPOS="448"/>
<String CONTENT="1931;" HEIGHT="47" WIDTH="139" VPOS="3904" HPOS="483"/>
<SP HEIGHT="46" WIDTH="34" VPOS="3905" HPOS="623"/>
<String CONTENT="2c." HEIGHT="41" WIDTH="68" VPOS="3905" HPOS="658"/>
<SP HEIGHT="30" WIDTH="33" VPOS="3916" HPOS="727"/>
<String CONTENT="and" HEIGHT="38" WIDTH="93" VPOS="3907" HPOS="761"/>
<SP HEIGHT="38" WIDTH="35" VPOS="3907" HPOS="855"/>
<String CONTENT="aff." HEIGHT="39" WIDTH="80" VPOS="3905" HPOS="891"/>
<SP HEIGHT="39" WIDTH="34" VPOS="3906" HPOS="972"/>
<String CONTENT="Aug." HEIGHT="48" WIDTH="119" VPOS="3906" HPOS="1007"/>
<SP HEIGHT="40" WIDTH="35" VPOS="3907" HPOS="1127"/>
<String CONTENT="27;" HEIGHT="47" WIDTH="82" VPOS="3907" HPOS="1163"/>
<SP HEIGHT="45" WIDTH="37" VPOS="3909" HPOS="1246"/>
<!-- cceid F006D73D-6E8D-1014-9CF5-AEB3FCA41D69 --><String CONTENT="A" HEIGHT="39" WIDTH="42" VPOS="3909" HPOS="1284"/>
<SP HEIGHT="39" WIDTH="30" VPOS="3909" HPOS="1327"/>
<String CONTENT="41294;" HEIGHT="49" WIDTH="171" VPOS="3909" HPOS="1358"/>
<SP HEIGHT="45" WIDTH="37" VPOS="3913" HPOS="1530"/>
<String CONTENT="Association" HEIGHT="43" WIDTH="307" VPOS="3913" HPOS="1568"/>
<SP HEIGHT="31" WIDTH="34" VPOS="3927" HPOS="1876"/>
<String CONTENT="of" HEIGHT="40" WIDTH="52" VPOS="3918" HPOS="1911"/>
<SP HEIGHT="41" WIDTH="34" VPOS="3918" HPOS="1964"/>
<String CONTENT="community" HEIGHT="81" WIDTH="1894" VPOS="3929" HPOS="207"/>
</TextLine>
<TextLine HEIGHT="52" WIDTH="879" VPOS="3961" HPOS="420">
<String CONTENT="chests" HEIGHT="41" WIDTH="159" VPOS="3962" HPOS="420"/>
<SP HEIGHT="30" WIDTH="24" VPOS="3972" HPOS="580"/>
<String CONTENT="and" HEIGHT="39" WIDTH="94" VPOS="3965" HPOS="605"/>
<SP HEIGHT="39" WIDTH="24" VPOS="3965" HPOS="700"/>
<String CONTENT="councils." HEIGHT="42" WIDTH="225" VPOS="3961" HPOS="725"/>
<SP HEIGHT="48" WIDTH="68" VPOS="3963" HPOS="951"/>
<String CONTENT="(31-24921)" HEIGHT="51" WIDTH="279" VPOS="3962" HPOS="1020"/>
</TextLine>
</TextBlock>
</PrintSpace>
</Page>
</Layout>
</alto>