2428 4370
1238 4035 135 55 1570

306 403 228 64 Mason,
567 401 253 67 Arthur,
854 404 173 55 1876-

377 482 177 53 From
577 484 98 52 the
697 483 147 52 horn
867 483 64 52 of
954 483 97 53 the
1073 501 188 49 moon,
1282 484 76 69 by
1382 483 227 53 Arthur
1633 482 234 68 Mason;
1893 482 327 56 illustrated
2244 485 76 69 by

306 560 217 55 Robert
563 561 259 53 Lawson.
899 560 236 56 Garden
1177 561 154 71 City,
1374 561 71 54 N.
1490 562 91 70 Y.,
1622 561 360 71 Doubleday,
2025 561 198 54 Doran
2268 563 50 51 &

305 659 298 51 company,
633 640 128 62 inc.,
792 643 152 50 1931.

371 719 29 41 6
424 731 44 38 p.
531 752 9 17 l.,
569 720 145 41 3-259
742 730 43 39 p.
815 718 108 43 incl.
952 720 143 48 illus.,
1124 720 171 49 plates,
1357 720 149 42 front.
1565 720 149 42 23½ᶜᵐ.

372 790 290 42 Illustrated
693 791 98 48 t.-p.
825 792 95 39 and
949 788 366 51 lining-papers.

373 847 163 42 “First
756 846 38 42 édition.”

642 903 174 41 CONTENTS.—The
846 902 195 50 moving
1070 903 53 41 of
1151 904 84 40 the
1264 903 332 48 bog.—Willie
1626 904 82 39 the
1738 904 386 48 wagger.—Pigs
2156 906 46 39 in
2239 906 79 40 the

299 961 166 41 castle.

307 1028 53 53 ©
386 1033 121 48 Aug.
533 1031 70 49 22,
631 1031 143 48 1931;
801 1030 68 42 2c.
898 1033 97 39 and
1022 1030 83 41 aff.
1134 1031 102 40 Oct.
1265 1032 54 46 7;
1348 1031 43 39 A
1415 1029 173 48 42980;
1619 1030 55 42 A.
1703 1032 185 46 Mason,
1918 1032 117 39 New
2063 1032 145 41 York.

385 1087 281 52 (31-28915)

304 1185 229 64 Mason,
566 1183 321 65 Josephine
920 1182 265 66 Dwight.

374 1261 1946 71 A practical reader for adults … Bk. l. By Josephine
306 1338 2014 73 Dwight Mason … and Gertrude E. O’Brien … Teacher’s ed.
306 1418 1869 72 Boston, New York [etc.] D. C. Heath and company [ ᶜ1 931 ]
369 1501 117 48 xvii,
518 1501 85 42 155
634 1512 44 38 p.
739 1500 115 41 19ᶜᵐ.

306 1568 53 53 ©
390 1574 127 47 Sept.
548 1572 70 48 15,
647 1571 141 48 1931;
819 1573 69 41 2c.
918 1573 127 47 Sept.
1077 1572 55 40 23;
1193 1571 83 41 aff.
1308 1571 129 48 Sept.
1466 1570 84 49 22;
1582 1572 42 38 A
1650 1572 173 46 41777;
1857 1572 42 41 J.
1931 1572 57 40 D.
2020 1572 170 39 Mason
2220 1573 97 39 and

375 1630 244 41 Gertrude
649 1632 52 39 E.
735 1629 221 48 O’Brien,
989 1629 307 49 Springfield,
1327 1630 147 39 Mass.
1550 1628 282 51 (31-29000)

302 1726 268 64 Medary,
601 1725 308 65 Marjorie.

378 1804 233 71 Orange
659 1805 222 70 winter,
929 1826 31 33 a
1007 1811 159 64 story
1213 1805 65 53 of
1323 1804 240 55 Florida
1609 1804 63 54 in
1719 1807 152 68 1880,
1915 1806 77 69 by
2038 1805 280 69 Marjorie.

302 1885 272 69 Medary;
617 1885 327 53 illustrated
982 1885 77 69 by
1096 1884 229 54 Harold
1367 1883 205 56 Sichel.
1649 1884 141 53 New
1829 1884 180 69 York,
2047 1886 274 56 Toronto.

304 1964 348 69 Longmans,
679 1962 188 55 Green
894 1963 113 53 and
1033 1980 99 52 co.,
1161 1965 152 51 1931.

368 2044 52 40 xi
445 2054 58 38 p.,
532 2045 25 38 1
622 2075 8 13 l.,
656 2043 87 41 285
769 2054 43 38 p.
840 2041 109 41 incl.
977 2043 162 47 front.,
1170 2043 144 47 illus.,
1342 2042 172 48 plates.
1574 2041 148 43 20½ᶜᵐ.

369 2114 165 42 “First
753 2114 38 42 edition.”

306 2183 53 53 ©
394 2187 103 41 Oct.
533 2188 39 46 1,
608 2185 142 48 1931;
785 2185 68 41 2c.
889 2185 102 40 Oct.
1028 2185 54 47 8;
1120 2183 82 41 aff.
1239 2184 102 40 Oct.
1379 2185 52 47 7;
1470 2184 44 40 A
1544 2183 173 49 42984;
1756 2182 64 44 M.
1856 2185 53 41 P.
1945 2186 218 47 Medary,
2199 2186 118 40 New

374 2244 145 40 York.
591 2242 281 50 (31-25972)

304 2337 211 66 Miller,
546 2338 219 55 Claude
794 2337 233 67 Harris,
1060 2338 173 55 1875-

376 2418 55 52 An
508 2418 159 69 early
703 2416 310 55 American
1048 2419 165 51 home
1252 2419 113 52 and
1403 2419 98 51 the
1538 2418 109 52 fun
1683 2437 82 34 we
1800 2419 116 53 had
1953 2417 269 71 building
2257 2418 64 73 it,

303 2498 76 68 by
438 2497 220 55 Claude
716 2496 77 52 H.
853 2495 226 67 Miller;
1142 2495 140 53 with
1344 2498 65 50 60
1466 2495 399 54 illustrations.
1941 2497 139 52 New
2140 2496 179 68 York,

303 2577 250 52 Thomas
581 2576 71 52 Y.
683 2575 246 54 Crowell
955 2592 282 50 company
1312 2577 152 64 [ᶜ1931]

373 2656 50 40 ix
455 2668 58 37 p.,
547 2658 25 38 1
641 2687 8 16 l.,
682 2655 175 41 13-238
888 2666 44 38 p.
991 2655 166 48 front.,
1192 2655 128 40 illus.
1352 2654 133 48 (incl.
1520 2655 166 50 plans)
1728 2656 171 48 plates.
1961 2657 147 40 24½ᶜᵐ.

306 2724 52 53 ©
384 2729 120 47 Aug.
531 2729 70 47 11,
627 2726 142 47 1931;
795 2725 70 43 2c.
890 2726 120 48 Aug.
1038 2727 82 46 14;
1150 2725 82 42 aff.
1259 2726 120 48 Aug.
1408 2726 53 40 13;
1519 2726 41 39 A
1585 2725 173 48 40745;
1788 2726 211 41 Thomas
2028 2727 55 41 Y.
2110 2725 205 41 Crowell

373 2797 67 29 co.
513 2784 281 49 (31-28222)

303 2882 281 65 Mowery,
614 2880 257 56 William
903 2881 221 63 Byron.

304 2958 1991 151 Singer of the wilderness, by William Byron Mowery. Garden City, N. Y., Doubleday, Doran & company, inc. [ ᶜ1 931]
367 3120 87 41 352
486 3130 44 38 p.
589 3119 117 41 20ᶜᵐ.

370 3189 165 43 “First
753 3190 38 40 edition.”

305 3258 53 53 ©
386 3263 129 48 Sept.
539 3261 71 42 24.
636 3261 141 47 1931;
804 3261 68 42 2c.
898 3261 97 39 and
1020 3259 82 41 aff.
1132 3261 127 48 Sept.
1285 3260 84 46 28;
1397 3259 41 39 A
1461 3258 173 48 42974;
1662 3260 72 40 W.
1761 3260 55 40 B.
1844 3260 227 47 Mowery,
2098 3259 215 47 Urbana,

377 3320 75 39 Ill.
525 3317 280 50 (31-28914)

302 3413 211 64 Nagel,
546 3412 266 65 Charles,
847 3418 172 50 1849-

377 3489 1938 73 Charles Nagel, speeches and writings, 1900-1928 … edited
303 3567 2013 74 by Otto Heller … New York, London, G. P. Putnam’s sons,
306 3654 151 49 1931.

367 3731 27 38 2
464 3760 9 9 v.
534 3728 173 41 fronts,
738 3728 196 48 (ports.)
1005 3729 116 40 21ᶜᵐ.

370 3798 133 41 Each
531 3797 316 50 frontispiece
875 3798 341 48 accompanied
1246 3798 61 48 by
1337 3800 154 47 guard
1522 3799 135 40 sheet
1685 3797 119 42 with
1833 3796 292 49 descriptive
2151 3797 159 40 letter-

298 3863 148 39 press.

307 3922 52 52 ©
392 3926 121 47 Aug.
544 3927 71 47 28,
646 3926 141 47 1931;
821 3927 68 40 2c.
922 3926 119 41 each
1075 3926 102 41 Oct.
1210 3926 53 47 6;
1299 3925 81 40 aff.
1416 3925 104 42 Oct.
1554 3925 82 47 15;
1673 3926 39 38 A
1744 3925 172 41 43088:
1955 3925 49 40 C.
2038 3925 167 45 Nagel,
2244 3923 65 42 St.

374 3982 160 43 Louis.
609 3982 280 51 (31-25979)
