2505 4370
1253 4003 135 50 1242

320 352 279 68 Lindsey,
631 356 275 64 Edward,
938 357 172 55 1872-

389 432 123 52 The
547 433 427 53 International
1012 439 180 63 court,
1225 435 77 69 by
1338 435 256 55 Edward
1630 435 270 70 Lindsey.
1975 437 141 53 New
2152 437 181 68 York,

318 510 251 54 Thomas
597 511 71 54 Y.
698 511 246 55 Crowell
974 530 283 52 company
1332 516 133 50 [ᶜ1931]

388 591 100 50 xix,
517 592 88 42 347
635 605 43 37 p.
738 592 150 43 22½ᶜᵐ.

325 659 51 53 ©
406 663 122 48 Aug.
559 664 40 47 6,
629 662 113 43 1931;
803 664 67 42 2c.
900 667 97 39 and
1027 665 83 42 aff.
1140 666 122 48 Aug.
1294 667 25 40 8;
1380 666 42 40 A
1449 666 147 42 40689;
1655 668 54 41 E.
1741 667 226 48 Lindsey,
1999 667 221 48 Warren,
2253 668 84 41 Pa.

406 720 283 49 (31-21228)

317 845 249 66 Linnell,
598 845 315 57 Gertrude.

387 923 229 54 Behind
647 925 97 52 the
774 924 395 69 battlements;
1204 930 123 48 text
1358 925 76 70 by
1467 926 288 55 Gertrude
1787 925 258 70 Linnell;
2084 927 249 68 pictures

314 1001 76 70 by
416 1002 222 53 Helene
666 1004 220 55 Carter.
962 1003 140 54 New
1130 1004 182 68 York,
1341 1005 123 53 The
1489 1004 338 55 Macmillan
1853 1022 300 52 company,
2181 1008 151 51 1931.

387 1084 1143 51 5 p. l., 172 p. front. (map) illus. 19½ᶜᵐ.
387 1143 294 40 Illustrated
709 1142 366 49 lining-papers.

386 1199 382 49 Bibliography:
798 1210 44 38 p.
870 1199 220 42 171-172.

732 1256 713 50 CONTENTS.—Carcassonne.—Avignon.—
1446 1257 138 41 Mont
1624 1256 354 45 Saint-Michel.

322 1324 51 53 ©
401 1329 120 48 Aug.
547 1329 41 48 4,
615 1329 113 41 1931;
785 1330 68 41 2c.
880 1331 97 39 and
1003 1329 81 41 aff.
1111 1330 122 49 Aug.
1262 1330 26 41 5;
1343 1331 44 39 A
1410 1329 147 42 39866;
1613 1330 286 41 Macmillan
1924 1340 69 31 co.
400 1386 283 50 (31-21012)

315 1511 206 66 Lloyd,
549 1512 203 65 Hugh.

454 1589 1883 72 … The smugglers’ secret, by Hugh Lloyd … illustrated by
320 1669 142 53 Bert
494 1667 158 71 Saig.
728 1669 140 54 New
899 1668 182 69 York,
1112 1667 235 57 Grosset
1379 1670 47 52 &
1455 1668 241 70 Dunlap
1775 1670 153 66 [ᶜ1931]

389 1752 62 48 vi,
481 1751 86 41 249
597 1763 42 37 p.
699 1753 166 49 front.,
895 1753 173 47 plates.
1132 1750 148 42 19½ᶜᵐ.
1351 1752 117 49 (His
1497 1753 101 39 Hal
1627 1753 138 40 Keen
1793 1754 219 47 mystery
2042 1751 202 50 stories)

320 1819 53 54 ©
402 1824 123 49 Aug.
552 1823 70 49 12,
652 1822 113 42 1931;
825 1824 66 41 2c.
922 1825 96 39 and
1048 1823 82 42 aff.
1161 1824 121 49 Aug.
1312 1825 55 39 14;
1428 1824 42 40 A
1496 1823 146 42 41003;
1703 1824 203 41 Grosset
1933 1824 37 41 &
1999 1823 212 49 Dunlap,
2243 1823 91 41 inc.

399 1881 284 49 (31-21183)

313 1990 387 66 Longfellow,
729 1990 210 65 Henry
963 1991 401 65 Wadsworth,
1395 1992 330 55 1807-1882.

379 2066 124 56 The
550 2067 128 68 leap
728 2067 64 54 of
840 2067 274 53 Boushan
1161 2068 142 68 Beg,
1350 2067 75 73 by
1475 2068 205 72 Henry
1726 2066 369 56 Wadsworth
309 2066 2000 147 Longfellow;

571 2164 31 34 a
641 2147 276 67 complete
954 2145 283 54 facsimile
1271 2145 190 55 edited
1500 2147 142 54 with
1681 2165 73 35 an
1789 2144 393 56 introduction
2218 2143 113 54 and

307 2229 159 47 notes
498 2223 75 69 by
608 2223 227 53 Arthur
869 2222 252 70 Christy.
1197 2223 139 55 New
1373 2223 181 67 York,
1585 2225 90 55 W.
1710 2223 70 55 E.
1816 2221 223 70 Budge,
2075 2224 152 52 1931.

379 2304 1021 54 9 p. l., 5-37, [1] p. incl. facsim. 26ᶜᵐ.
413 2377 1397 49 “Five hundred copies of this edition … were made.”
382 2434 104 42 The
532 2433 242 43 facsimile
821 2435 52 41 of
918 2435 83 41 the
1046 2434 315 48 manuscript,
1408 2435 234 49 probably
1688 2435 82 41 the
1815 2435 108 41 first
1969 2435 138 41 draft
2153 2434 52 41 of
2250 2434 82 42 the

311 2490 2022 51 poem, consists of title and 15 numbered slips (7 ½× 11 ½ᶜᵐ ) Slips 2-15
310 2557 83 32 are
423 2550 118 39 each
570 2548 227 41 followed
828 2550 62 48 by
918 2549 82 40 the
1029 2548 379 49 corresponding
1437 2550 105 39 text
1572 2559 53 30 as
1657 2549 110 41 first
1792 2547 193 49 printed
2016 2547 49 40 in
2095 2549 238 39 Keramos

309 2607 95 39 and
430 2605 142 41 other
593 2613 165 41 poems
781 2604 50 40 in
858 2603 129 43 1878.
1048 2605 203 41 Printed
1277 2616 61 29 on
1363 2606 183 48 rectos;
1575 2614 169 31 versos
1763 2605 163 41 blank.

319 2673 53 53 ©
411 2679 116 47 May
562 2677 70 49 20,
671 2676 142 48 1931;
853 2677 68 41 2c.
960 2678 115 47 May
1110 2676 84 48 26;
1235 2675 83 43 aff.
1359 2678 118 47 July
1514 2677 54 47 1;
1608 2676 42 40 A
1685 2676 175 48 40741;
1900 2675 219 43 William
2159 2676 174 40 Edwin

387 2735 185 48 Budge.
636 2730 69 54 [©
738 2734 229 42 editorial
999 2735 180 39 matter
1211 2734 37 41 &
1281 2734 344 47 reproduction
1656 2733 54 42 of
1739 2733 261 50 facsimile]
397 2792 283 50 (31-21195)

313 2903 257 64 Looney,
597 2902 257 56 William
883 2904 108 63 W.,
1023 2908 171 50 1891-

379 2980 125 53 The
538 2985 271 63 anatomy
843 2979 64 53 of
939 2980 98 52 the
1069 2979 169 53 brain
1271 2980 115 52 and
1419 2978 192 69 spinal
1646 2978 155 68 cord,
1833 2978 76 69 by
1941 2978 264 55 William
2238 2977 91 55 W.

309 3055 2016 72 Looney … with 151 illustrations by Lewis Waters. [Dallas]
309 3136 383 68 Department
721 3135 65 53 of
814 3141 289 64 anatomy,
1131 3136 220 69 Baylor
1378 3135 339 68 university,
1748 3137 152 51 1931.

380 3218 102 48 viii,
511 3219 89 41 316
626 3229 43 38 p.
730 3218 144 49 illus.,
904 3218 182 49 diagrs.
1145 3219 150 40 24½ᶜᵐ.

318 3287 52 52 ©
397 3292 118 47 July
539 3291 69 49 31,
635 3289 113 42 1931;
805 3290 68 42 2c.
900 3292 95 39 and
1021 3289 83 43 aff.
1129 3290 120 48 Aug.
1277 3291 26 40 3;
1360 3290 41 39 A
1425 3288 173 49 39854;
1627 3290 73 41 W.
1728 3290 72 41 W.
1827 3292 207 45 Looney,
2062 3289 187 39 Dallas.

395 3348 284 51 (31-21239)

312 3460 222 65 Maass,
565 3458 163 56 Otto.

378 3535 98 53 An
508 3534 393 54 introduction
933 3540 59 47 to
1025 3535 97 53 the
1153 3534 314 69 principles
1501 3533 65 54 of
1599 3532 262 71 physical
1893 3532 328 69 chemistry,
2251 3532 77 69 by

310 3611 2018 70 O. Maass … and E. W. B. Steacie … New York, J. Wiley &
308 3708 148 50 sons,
484 3691 107 53 inc.;
652 3692 261 70 London,
941 3689 304 70 Chapman
1273 3694 46 50 &
1345 3690 162 68 Hall,
1533 3689 244 69 limited,
1806 3691 151 50 1931.

381 3772 82 45 vii,
490 3774 88 40 269
604 3784 44 38 p.
708 3774 145 48 illus.,
882 3773 181 49 diagrs.
1122 3774 119 40 24ᶜᵐ.

319 3840 52 52 ©
407 3845 117 47 July
558 3846 70 48 22,
665 3846 113 41 1931;
843 3846 67 41 2c.
948 3847 95 39 and
1080 3845 82 41 aff.
1199 3846 120 48 Aug.
1356 3846 53 46 5;
1448 3845 42 40 A
1524 3844 172 48 39895;
1737 3844 53 41 O.
1826 3845 166 39 Maass
2029 3844 97 39 and
2165 3844 162 47 Edgar

391 3902 71 41 W.
494 3903 54 40 R.
582 3903 202 47 Steacie,
815 3904 258 48 Montreal,
1106 3902 218 42 Canada.
1393 3901 282 50 (31-21242)
