2428 4370
1210 4007 137 54 2078

281 352 230 66 Porter,
542 353 280 53 Kenneth
854 353 294 65 Wiggins.

346 427 157 53 John
535 428 180 53 Jacob
748 428 193 70 Astor,
972 430 256 53 business
1261 449 149 48 man,
1443 432 75 72 by
1552 433 269 53 Kenneth
1854 433 269 69 Wiggins
275 435 1995 123 Porter

455 504 1703 77 … Cambridge, Mass., Harvard university press, 1931.
345 588 1953 55 2 v. fronts., plates, ports., facsim. 22 ᶜᵐ. (Half-title: Harvard studies
279 643 47 40 in
354 644 222 43 business
603 646 205 48 history,
896 648 15 48 I)

346 714 163 51 Paged
540 714 355 50 continuously.

350 770 442 51 “Bibliographical
821 772 142 43 note”
982 786 9 29 :
1023 786 41 29 v.
1095 774 40 47 2,
1166 785 42 38 p.
1242 775 309 51 [1299]-1305.

287 840 52 52 ©
369 845 112 40 Dec.
508 846 69 47 15,
606 844 142 48 1931;
778 845 67 42 2c.
873 846 120 41 each
1020 846 111 40 Dec.
1160 847 82 46 18;
1274 847 82 42 aff.
1386 848 112 40 Dec.
1527 847 84 48 29;
1642 849 41 39 A
1710 848 173 49 45685;
1916 849 260 43 President
2202 851 97 41 and

354 902 193 41 fellows
571 902 54 41 of
648 903 231 40 Harvard
906 905 194 46 college,
1128 903 303 51 Cambridge,
1460 906 146 40 Mass.
1680 906 282 48 (31-28561)

277 1023 356 65 Remarque,
664 1023 181 54 Erich
873 1024 212 55 Maria.

349 1100 122 54 The
494 1102 140 52 road
658 1100 161 67 back,
841 1101 318 54 translated
1187 1103 152 51 from
1364 1103 96 52 the
1484 1101 252 55 German
1761 1104 76 67 by
1858 1103 70 53 A.
1950 1104 90 54 W.
2062 1105 234 54 Wheen.

278 1180 259 66 London,
566 1178 69 56 G.
663 1181 66 51 P.
758 1179 298 55 Putnam’s
1085 1199 146 48 sons,
1263 1184 150 49 1931.

348 1253 89 42 320
464 1264 43 38 p.
569 1253 116 40 19ᶜᵐ.

284 1305 2012 118 © 1c. May 6, 1931; A ad int. 15036; pubd. Apr. 30; E. M. Remarque. Berlin.
276 1492 392 63 Richardson,
698 1491 282 56 Maurice.

342 1568 56 50 A
423 1572 199 64 strong
644 1585 133 36 man
800 1567 231 70 needed,
1054 1567 74 68 by
1153 1568 260 52 Maurice
1437 1566 376 56 Richardson.
1878 1567 239 54 London
2168 1576 119 61 [etc.]

274 1644 87 55 W.
395 1644 219 55 Collins
644 1663 128 38 sons
800 1646 45 51 &
875 1662 97 51 co.,
1001 1643 104 55 ltd.
1162 1647 154 68 [1931]

344 1728 86 41 252
457 1740 43 39 p.
561 1729 56 40 19½ᶜᵐ.

284 1798 2010 53 © 1c. Dec. 2, 1931; A ad int. 15770; pubd. Oct. 5; M. L. Richardson,
351 1860 214 39 London.
637 1858 223 50 (32-672)

278 1967 240 56 Science
557 1975 60 48 at
654 1970 96 52 the
788 1987 151 35 cross
978 1969 198 66 roads;
1216 1987 209 49 papers
1465 1969 299 67 presented
1803 1975 58 47 to
1898 1969 97 53 the
345 1968 1924 132 International

555 2063 264 51 congress
846 2043 65 54 of
938 2044 96 53 the
1061 2043 225 69 history
1314 2043 64 53 of
1406 2043 215 53 science
1650 2044 114 53 and
1790 2043 345 71 technology
2161 2044 134 54 held

344 2125 63 52 in
444 2124 244 53 London
727 2122 154 54 from
919 2122 154 54 June
1111 2121 134 54 20th
1284 2128 59 47 to
1381 2122 145 69 July
1562 2122 123 68 3rd,
1724 2125 135 50 1931
1898 2122 76 70 by
2010 2123 98 54 the
343 2123 1927 149 delegates
535 2201 65 54 of

630 2202 98 53 the
758 2202 72 54 U.
865 2200 58 56 S.
959 2200 58 56 S.
1050 2201 69 53 R.
1195 2201 261 67 London,
1488 2180 218 90 Kniga,
1736 2201 124 68 ltd.,
1894 2204 153 51 1931.

348 2287 115 49 [233]
498 2297 43 37 p.
602 2286 118 40 22ᶜᵐ.

346 2359 134 40 Each
506 2368 151 39 paper
683 2357 280 48 separately
988 2357 170 47 paged.

347 2416 179 41 “Short
564 2413 436 42 communications
1041 2424 60 29 on
1141 2413 82 40 the
1264 2413 326 47 unpublished
1630 2412 225 49 writings
1893 2412 54 42 of
1986 2413 122 40 Karl
2150 2415 143 40 Marx

274 2473 198 48 dealing
497 2473 121 39 with
648 2470 357 48 mathematics,
1037 2471 81 39 the
1146 2471 199 39 natural
1376 2469 226 48 sciences,
1632 2471 302 48 technology,
1963 2471 96 39 and
2088 2471 83 41 the
274 2470 2001 109 history

415 2530 54 41 of
499 2531 136 40 these
667 2528 231 48 subjects.
960 2528 73 47 By
1065 2529 52 38 E.
1150 2526 231 42 Colman”
1401 2537 9 29 :
1443 2538 44 37 p.
1521 2525 233 51 [229-233]

283 2597 2004 55 © 1c. July 16, 1931; A ad int. 15778; pubd. July 9; Kniga (England)
347 2662 89 39 ltd.
507 2658 224 51 (32-644)

274 2769 177 66 Seitz,
485 2769 183 55 Jacob
702 2768 265 65 Charles,
1003 2769 173 54 1878-

345 2848 56 53 A
434 2854 214 64 system
679 2847 113 53 and
828 2845 345 70 accounting
1208 2844 95 55 for
1338 2864 31 35 a
1403 2843 107 56 life
1544 2844 301 55 insurance
1880 2862 301 52 company,
2214 2843 79 71 by

275 2921 2017 72 J. Charles Seitz … a practical guide to the systematization of
275 3006 95 52 the
409 3005 229 53 records
678 3004 113 53 and
830 3006 267 50 accounts
1140 3002 63 53 of
1245 3021 31 34 a
1316 3000 106 55 life
1463 3001 302 53 insurance
1806 3019 301 52 company,
2148 3000 143 54 with

274 3101 306 35 numerous
614 3081 384 54 illustrations
1035 3079 63 55 of
1136 3079 201 72 forms,
1373 3080 183 66 cards,
1595 3086 101 47 etc.
1769 3080 73 53 2d
1880 3080 105 68 ed.,
2022 3098 115 35 rev.
2176 3079 114 54 and

275 3162 107 53 enl.
443 3161 141 53 New
612 3160 182 68 York,
819 3160 71 53 N.
921 3160 92 68 Y.,
1041 3159 256 68 Chicago
1350 3164 120 62 [etc.]
1504 3158 123 53 The
1659 3157 303 69 Spectator
1990 3175 301 52 company,

277 3242 151 50 1931.

342 3316 1058 53 xi, 190 p. forms (part fold.) 33×24 ᶜᵐ.
282 3389 51 53 ©
363 3395 118 39 Nov.
512 3394 69 41 27.
613 3392 113 41 1931;
786 3392 67 42 2c.
884 3393 118 39 Nov.
1034 3393 56 40 30;
1152 3391 81 41 aff.
1265 3392 112 40 Dec.
1408 3393 55 39 31;
1523 3392 41 39 A
1592 3391 150 40 46100;
1801 3391 257 49 Spectator
2088 3400 68 32 co.
2220 3385 73 56 [©

348 3462 106 29 new
480 3452 195 48 matter]
749 3449 281 49 (31-34198)

279 3544 250 70 [Skrine,
557 3546 175 64 Mary
759 3545 199 68 Lesta]
996 3550 172 49 1904-

340 3617 1943 74 Mad Puppetstown, by M. J. Farrell [pseud.] … London
293 3703 120 63 [etc.]
445 3698 88 53 W.
565 3698 219 55 Collins
811 3717 128 36 sons
967 3700 46 50 &
1040 3716 97 47 co.,
1164 3698 103 55 ltd.
1324 3701 153 66 [1931]

342 3778 272 49 288 p. 19 ᶜᵐ.
282 3847 2006 54 © 1c. Nov. 7, 1931; A ad int. 15662; pubd. Sept. 7; Molly Skrine, Ferns,
351 3909 190 45 County
567 3910 248 44 Wexford.
845 3911 211 39 Ireland.
1128 3910 223 44 (32-667)
