2575 4398
1213 4037 31 49 5

302 443 869 50 xii p., 1 l., 206 p. illus. 22½ ᶜᵐ .
305 502 163 40 “First
497 500 229 42 edition.”

235 570 52 52 ©
312 574 113 41 Dec.
449 572 70 49 30,
544 572 118 41 1930
677 583 9 36 ;
713 571 67 42 2c.
806 572 97 39 and
927 570 82 42 aff.
1036 572 111 40 Jan.
1171 571 41 48 2,
1237 569 115 42 1931
1370 580 10 37 ;
1407 570 44 40 A
1472 569 150 42 31865
1637 580 9 37 ;
1674 570 198 49 Harper
1896 570 38 41 &
1957 570 127 42 bros.

314 630 252 49 (31-1087)

232 724 282 65 Duckett,
546 724 256 53 Eleanor
829 723 262 65 Shipley.

298 800 174 54 Latin
498 799 223 57 writers
749 799 64 54 of
837 800 98 55 the
961 799 138 53 fifth
1126 804 254 66 century,
1406 800 75 71 by
1509 799 250 54 Eleanor
1789 798 242 72 Shipley
228 798 2001 137 Duckett

413 877 1836 73 … with an introduction by Eric Milner-White … New
230 957 1151 71 York, H. Holt and company [ ᶜ1 930]
298 1037 977 49 xviii p., 2 l., 3-271 p. front. 21 ᶜᵐ .
298 1094 337 49 Frontispiece
662 1093 346 49 accompanied
1034 1095 62 47 by
1123 1096 157 47 guard
1309 1096 138 39 sheet
1475 1094 122 41 with
1624 1094 296 49 descriptive
1948 1095 301 47 letterpress.

299 1153 190 41 “Select
511 1151 369 49 bibliography”
901 1163 8 28 :
939 1162 43 38 p.
1007 1150 204 41 255-263
1230 1163 9 35 ;
1269 1151 238 41 “General
1536 1151 369 48 bibliography”
1926 1163 8 28 :
1961 1161 43 37 p.
2030 1149 219 43 264-265.

233 1223 52 52 ©
315 1227 113 41 Dec.
458 1226 69 48 22,
559 1225 141 48 1930;
733 1226 67 40 2c.
833 1227 96 38 and
960 1224 83 42 aff.
1074 1226 112 40 Jan.
1215 1225 41 48 3,
1288 1223 142 49 1931;
1465 1224 42 40 A
1534 1223 146 42 32522
1699 1235 9 36 ;
1742 1224 171 49 Henry
1944 1224 122 41 Holt
2096 1228 38 41 &
2163 1233 84 38 co.,

298 1284 91 41 inc.
462 1283 252 49 (31-1113)

229 1378 302 67 Fishbein,
562 1378 238 67 Morris,
835 1383 170 52 1889-
1221 1381 84 52 ed.

296 1457 222 53 Health
551 1458 114 52 and
698 1457 134 67 life;
870 1456 415 54 consultations
1319 1456 143 53 with
1495 1455 252 54 eminent
1780 1456 244 69 doctors,
2058 1454 189 54 edited

226 1533 2001 151 by Morris Fishbein … Chicago, Manning publishing company, 1931.
297 1698 468 41 8 v. illus. 21 ᶜᵐ .
298 1756 130 40 Vols.
456 1755 87 39 2-4
571 1756 97 39 and
697 1754 87 41 6-7
811 1753 258 49 published
1097 1754 62 47 by
1188 1754 82 40 the
1299 1753 161 49 Reilly
1491 1753 38 41 &
1557 1754 94 40 Lee
1681 1763 251 39 company,
1964 1753 227 49 Chicago.

238 1823 45 53 ©
308 1828 110 40 Jan.
443 1829 39 46 1,
507 1827 115 40 1931
641 1837 7 31 ;
676 1827 67 40 2c.
769 1826 119 40 each
912 1826 112 40 Dec.
1050 1824 68 50 29,
1146 1824 114 41 1930
1279 1836 8 36 ;
1316 1824 110 42 affs.
1451 1826 112 41 Jan.
1589 1825 39 50 5,
1655 1824 115 42 1931
1788 1836 9 38 ;
1825 1826 43 39 A
1891 1823 329 43 31909-31916
2235 1835 9 38 ;

296 1885 238 47 Manning
560 1885 110 48 pub.
701 1894 67 31 co.
840 1882 223 51 (31-939)

228 1978 288 67 Fleming,
547 1979 259 54 Andrew
833 1980 278 65 Magnus,
1143 1983 173 51 1868-

296 2056 1951 72 The gold diggers, by A. M. Fleming … Boston, Mass.,
223 2135 1153 70 Meador publishing company [ ᶜ1 930]
292 2217 338 49 256 p. 21 ᶜᵐ .
230 2286 52 52 ©
322 2290 113 41 Dec.
474 2291 40 47 1,
554 2288 118 42 1930
687 2301 8 36 ;
736 2289 68 41 2c.
844 2291 112 39 Jan.
996 2289 39 47 6,
1075 2288 142 48 1931;
1261 2288 81 41 aff.
1385 2290 112 40 Jan.
1537 2290 54 47 7;
1633 2289 44 39 A
1714 2288 172 48 33003;
1930 2291 215 40 Edward
2185 2290 61 40 K.

297 2349 214 48 Meador,
545 2349 197 39 Boston.
818 2347 223 49 (31-773)

226 2442 265 65 Francis,
521 2443 117 63 Jay
667 2442 312 66 Gottwals,
1012 2444 172 54 1870-

294 2519 407 71 Genealogical
741 2520 228 53 records
1011 2519 66 53 of
1117 2520 98 53 the
1255 2520 192 70 Royer
1492 2519 210 71 family
1746 2520 60 53 in
1847 2520 289 69 America,
2180 2539 66 35 or

222 2616 156 35 more
416 2598 307 69 especially
761 2599 160 53 those
961 2598 65 54 of
1066 2598 303 55 Sebastian
1408 2598 239 71 Royer’s
1688 2598 228 71 family,
1955 2600 173 53 based
2170 2618 73 35 on

223 2675 1957 72 original records of Michael Zug. By Rev. J. G. Francis …
222 2752 1127 71 Lebanon, Pa., J. G. Francis [ ᶜ1 928]
290 2833 1953 53 3 p. l., [v]-xlv, [2], 654 p. front., plates, ports., facsims., col. coats of
219 2890 353 41 arms. 25½ ᶜᵐ .
293 2946 160 41 Blank
498 2948 163 39 leaves
703 2947 80 41 for
827 2948 315 41 “Additional
1188 2948 224 41 records”
1470 2949 50 50 (4
1567 2951 218 40 inserted
1828 2949 219 42 between
2091 2960 149 40 pages

223 3002 115 51 [640]
370 3004 98 40 and
515 3002 128 51 [641])

228 3072 52 52 ©
308 3077 117 47 July
450 3077 40 47 1,
518 3076 119 40 1928
651 3087 9 36 ;
689 3076 68 41 2c.
785 3078 98 38 and
910 3076 80 41 aff.
1020 3078 110 40 Jan.
1158 3078 41 49 3,
1228 3076 115 42 1931
1359 3088 10 37 ;
1399 3077 44 40 A
1468 3076 146 43 32527
1631 3088 10 38 ;
1672 3080 44 39 J.
1747 3078 54 42 G.
1829 3079 206 41 Francis.

307 3132 222 51 (31-496)

227 3227 264 67 Garstin,
524 3229 260 66 Crosbie,
818 3231 171 55 1887-

295 3305 185 55 China
518 3325 138 48 seas,
692 3326 31 34 a
756 3309 166 51 novel
957 3307 66 54 of
1055 3309 98 53 the
1188 3309 160 68 East,
1384 3308 76 70 by
1497 3308 236 56 Crosbie
1769 3310 258 55 Garstin.
2100 3311 141 54 New

226 3383 178 68 York,
432 3385 313 53 Frederick
769 3385 71 53 A.
871 3385 204 55 Stokes
1103 3405 301 51 company,
1434 3390 153 50 1931.

291 3464 624 49 5 p. l., 3-300 p. 19½ ᶜᵐ .
228 3518 52 52 ©
313 3523 110 40 Jan.
456 3523 38 47 8,
527 3522 142 48 1931;
702 3524 67 40 2c.
803 3525 96 39 and
932 3524 83 42 aff.
1048 3526 111 39 Jan.
1191 3525 83 48 10;
1308 3525 42 40 A
1381 3526 173 48 32737;
1591 3527 264 41 Frederick
1887 3529 41 38 A
1965 3528 172 41 Stokes
2171 3539 68 31 co.

305 3579 252 50 (31-1201)

226 3671 266 68 Gautier,
525 3675 341 65 Théophile,
902 3680 327 55 1811-1872.

356 3752 1622 71 … Mademoiselle de Maupin; translation revised and
222 3760 1991 122 amended
320 3829 74 70 by
424 3830 195 53 Alvah
650 3830 62 55 C.
744 3832 221 67 Bessie;
999 3833 142 53 with
1171 3852 70 34 an
1274 3834 394 54 introduction
1699 3836 76 69 by
1807 3835 134 71 Guy
1974 3837 233 54 Endore;

221 3905 383 56 illustrations
635 3908 76 70 by
748 3908 184 56 Steele
969 3909 240 71 Savage.
1281 3912 139 53 New
1456 3913 182 71 York,
1674 3913 64 56 C.
1773 3914 274 70 Kendall,
2084 3918 151 51 1930.
