2428 4370
1228 4055 140 52 2102

350 466 744 50 62 p. front. (port.) 16 ᶜᵐ .
351 525 165 41 “First
541 523 230 43 edition.”

289 582 52 53 ©
372 587 113 39 Dec.
517 586 40 47 5,
588 584 114 42 1931;
764 585 68 41 2c.
865 586 95 38 and
1068 619 8 7 aff.
1108 584 112 41 Dec.
1253 585 27 40 8;
1340 585 42 39 A
1411 585 146 40 45365;
1620 586 54 38 B.
1708 584 49 41 G.
1792 584 276 49 Frederick,
2102 586 198 41 Kansas

358 644 124 48 City,
513 644 94 40 Mo.
678 641 222 50 (32-115)

283 723 237 66 Geekie,
551 722 249 57 Charles
823 722 266 56 Willard.

348 800 58 53 A
431 805 158 66 story
614 800 113 54 and
754 820 31 34 a
809 800 224 71 history
1058 800 64 53 of
1148 800 208 71 family
1381 801 114 54 and
1524 801 154 52 farm
1702 800 124 70 life,
1850 800 61 53 in
1937 799 158 70 eight
2120 806 178 63 parts,

278 879 76 70 by
383 878 60 56 C.
474 878 252 54 Willard
756 877 222 55 Geekie.
1058 877 328 72 Cleveland,
1416 876 88 72 O.,
1534 881 257 50 1929-31.

350 959 70 48 87,
453 959 56 50 [8]
538 970 44 38 p.
636 958 149 42 19½ᶜᵐ.

351 1017 162 40 Blank
542 1026 146 39 pages
720 1016 80 40 for
830 1014 298 41 “Remarks”
1170 1015 50 48 (7
1251 1019 52 38 at
1333 1016 117 48 end)

290 1073 52 53 ©
380 1077 129 48 Sept.
545 1076 69 48 12,
649 1074 113 42 1931;
828 1075 68 40 2c.
934 1075 129 48 Sept.
1098 1074 54 40 21;
1292 1107 8 7 aff.
1340 1076 130 48 Sept.
1505 1075 55 39 22;
1626 1076 41 39 A
1700 1077 145 40 41771;
1913 1076 48 42 C.
1999 1077 71 40 W.
2108 1077 193 45 Geekie,

359 1134 276 42 Cleveland.
708 1132 221 50 (32-465)

284 1225 211 66 Geller,
527 1226 67 54 G.
624 1225 55 56 J.

349 1291 186 52 Sarah
565 1290 350 69 Bernhardt,
944 1308 106 51 par
1081 1290 154 55 G.-J.
1267 1289 207 55 Geller.
1544 1290 184 69 Paris,
1759 1290 325 55 Gallimard
2121 1295 174 67 [1931]

351 1373 1951 52 254 p., 1 l. incl. front. (port.) port., fold, facsim. 19 ᶜᵐ . (On cover:
281 1431 93 40 Les
400 1430 390 49 contemporains
818 1440 89 31 vus
936 1432 58 39 de
1020 1430 137 49 près)

289 1485 1932 53 © July 31, 1931; 1c. Nov. 9; A— Foreign 14179; Librairie Gallimard.
369 1546 224 49 (32-360)

286 1628 178 66 Giles,
495 1629 288 54 Norman.

359 1703 1947 72 The whips of time, by Norman Giles … London, Collins
291 1789 175 65 [1931]

355 1868 342 50 283 p. 19 ᶜᵐ .
291 1923 2011 53 © 1c. Dec. 9, 1931; A ad int. 15815; pubd. Oct. 12; Norman, McKeown,
359 1985 312 48 Klipheuval,
699 1983 126 49 Cape
850 1984 251 47 Province,
1128 1983 155 41 South
1306 1983 186 40 Africa.
1564 1983 225 49 (32-586)

288 2066 216 65 Gooch,
533 2065 225 54 Robert
787 2065 179 55 Kent.

356 2141 1948 72 Regionalism in France, by R. K. Gooch … New York, The
287 2221 258 70 Century
570 2239 80 35 co.
679 2221 94 53 for
796 2221 97 53 the
918 2221 278 53 Institute
1223 2220 95 54 for
1345 2221 259 53 research
1630 2221 61 52 in
1718 2220 97 54 the
1841 2219 176 55 social
2043 2220 261 69 sciences,

285 2300 343 69 University
654 2299 66 54 of
747 2299 291 69 Virginia,
1069 2302 152 50 1931.

356 2381 72 40 xii
453 2392 60 38 p.,
541 2381 26 39 2
631 2412 9 18 l.,
669 2379 147 43 3-129
844 2391 42 38 p.
946 2380 147 41 23½ᶜᵐ.
1156 2380 114 51 [The
1302 2379 287 49 University
1618 2381 54 40 of
1701 2379 225 50 Virginia
1956 2379 238 43 Institute
2224 2380 81 43 for

287 2439 226 40 research
545 2438 51 40 in
626 2439 82 40 the
740 2438 151 40 social
923 2438 226 40 sciences.
1214 2438 236 40 Institute
1482 2437 301 49 monograph
1816 2447 75 31 no.
1924 2436 72 51 12]
2114 2435 131 51 $1.75

358 2494 1710 49 “Bibliographical note”: p. XI-XII; bibliographical foot-notes.
293 2550 52 53 ©
378 2555 111 40 Dec.
522 2555 41 48 8,
595 2553 112 41 1931;
772 2554 67 40 2c.
873 2555 95 39 and
1078 2585 8 8 aff.
1119 2554 113 41 Dec.
1263 2554 57 39 12;
1382 2555 40 37 A
1454 2554 145 40 45411;
1662 2553 287 49 University
1982 2553 53 40 of
2068 2553 236 50 Virginia,

363 2612 238 40 Institute
627 2612 80 39 for
733 2611 226 41 research
990 2613 47 38 in
1069 2611 82 41 the
1180 2611 150 40 social
1361 2611 226 41 sciences.
1659 2611 223 49 (32-418)

288 2692 323 65 Goodman,
640 2692 206 54 James
871 2691 268 55 Francis.

357 2767 245 55 Lincoln
631 2775 59 48 at
718 2770 191 69 heart;
941 2789 81 47 or,
1050 2769 113 54 His
1192 2771 183 52 moral
1405 2771 114 52 and
1549 2768 274 72 religious
1851 2769 124 69 life,
2002 2771 78 68 by
2108 2771 195 55 James

287 2845 2011 74 Francis Goodman. [Albion, Mich., The Art craft press, ᶜ19 31]
359 2931 57 40 65
445 2942 43 37 p.
549 2931 130 41 illus.
707 2930 254 48 (mounted
992 2931 151 49 port.)
1212 2931 147 42 20½ᶜᵐ.

362 2988 292 41 Dedication
683 2988 169 49 signed
879 2990 61 48 by
967 2990 83 40 the
1076 2990 193 40 author.

295 3042 52 53 ©
379 3048 111 40 Dec.
521 3047 70 48 25,
622 3047 114 41 1931;
796 3046 68 43 2c.
896 3050 97 38 and
1098 3080 8 7 aff.
1139 3048 112 40 Dec.
1282 3047 57 41 28;
1399 3048 43 39 A
1470 3047 147 41 46602;
1679 3047 43 40 J.
1756 3047 51 41 F.
1842 3047 264 46 Goodman,
364 3046 1925 107 Stockbridge,

573 3105 145 40 Mich.
789 3105 222 50 (32-311)

290 3168 1946 71 Gregorius, Ab ū al-Faraj, called Bar-Hebraeus, 1226-1286.
418 3246 1885 72 … Barhebraeus’ scholia on the Old Testament … edited by
287 3322 1955 72 Martin Sprengling … and William Creighton Graham …
288 3400 2019 73 Pt. 1. Genesis - II Samuel. Chicago, Ill., The University of
287 3478 253 69 Chicago
572 3498 157 50 press
768 3484 173 66 [1931]

362 3563 1945 52 xvi, 393 p. facsims. 30½ × 24 ᶜᵐ . (The University of Chicago Oriental
293 3620 228 41 institute
551 3622 340 47 publications,
922 3622 92 41 vol.
1147 3654 8 8 XIII.

357 3676 1950 52 A facsimile reproduction of the Syriac manuscript, “Au ṣ ar rāzē”,
289 3730 273 45 “Florence.
630 3734 250 41 Medicean
919 3735 79 41 lib.
1037 3733 129 44 230”,
1205 3734 166 49 copied
1408 3736 61 48 by
1505 3736 127 40 John
1670 3736 53 41 of
1760 3736 137 41 Sarw
1933 3736 48 39 in
2018 3734 129 49 1278,
2185 3734 121 44 with

290 3789 137 39 notes
461 3790 95 39 and
592 3790 243 49 collation,
871 3792 96 39 and
1001 3802 27 29 a
1065 3792 234 47 complete
1336 3792 203 47 English
1574 3792 308 41 translation,
1946 3791 61 49 cf.
2045 3791 261 48 Prefatory

288 3846 123 38 note.

362 3896 361 54 “Manuscripts
749 3905 114 38 used
892 3903 78 40 for
996 3902 99 41 this
1122 3902 211 42 edition”:
1390 3905 66 45 pt.
1507 3935 8 15 I,
1543 3912 42 39 p.
1613 3903 64 40 xi.

361 3953 204 44 “Works
593 3958 155 41 cited”:
809 3961 66 47 pt.
928 3991 8 16 I,
964 3969 43 39 p.
1038 3958 206 42 xii-xiii.
