2505 4370
1347 4055 100 49 996

392 388 284 65 Dennett,
707 391 141 53 Mrs.
880 390 174 63 Mary
1094 389 238 66 (Ware)
1372 390 173 56 1872-

458 480 122 51 The
611 497 95 35 sex
739 477 302 56 education
1073 479 63 52 of
1171 479 276 70 children,
1481 502 32 33 a
1544 479 145 55 book
1724 481 93 53 for
1851 485 248 65 parents,
2130 481 76 69 by
2238 480 170 69 Mary

387 557 1879 72 Ware Dennett … New York, The Vanguard press, 1931.
459 652 639 50 vii, 195 p. illus. 19 ᶜᵐ .
463 723 69 40 “A
560 723 100 41 few
687 724 124 47 good
838 723 179 41 books”
1036 735 9 29 :
1078 735 43 38 p.
1152 724 221 43 188-195.

399 794 52 52 ©
483 798 128 40 June
641 798 69 48 18,
741 797 142 47 1931;
916 799 67 40 2c.
1016 798 127 40 June
1173 799 85 47 22;
1292 799 81 40 aff.
1408 799 126 40 June
1566 799 56 40 20;
1683 799 42 39 A
1755 798 172 49 38992;
1963 799 266 49 Vanguard
2263 809 150 38 press,

467 856 93 40 inc.
632 855 282 49 (31-16469)

392 966 315 65 Drawbell,
737 966 206 54 James
971 966 376 64 Wedgwood.

465 1057 165 56 Good
662 1059 153 53 time.
898 1059 365 67 [Instalment
1291 1062 50 64 2]

479 1153 84 47 (In
590 1151 127 42 Miss
747 1150 205 43 modern
983 1150 279 52 magazine,
1294 1150 143 50 June,
1470 1151 146 50 1931)

399 1222 2014 52 © 1c. July 17, 1931; A ad int. 15303; pubd. May 21; J. W. Drawbell.
469 1284 215 40 London.

393 1394 167 65 Ellis,
596 1394 281 53 Kenneth
912 1394 81 53 M.

462 1486 243 52 Dolores
740 1484 230 69 Divine,
1007 1485 189 70 guilty
1232 1503 65 34 or
1331 1484 301 53 innocent?
1713 1488 91 66 By
1840 1486 271 54 Kenneth
2146 1487 80 52 M.
2263 1487 148 54 Ellis

455 1562 1268 70 … New York, Grosset & Dunlap [ ᶜ1 931]
464 1660 586 49 4 p. l., 240 p. 19½ ᶜᵐ .
400 1728 52 53 ©
481 1733 127 40 June
634 1732 70 48 25,
732 1732 114 40 1931;
904 1731 67 42 2c.
999 1734 96 38 and
1122 1732 82 41 aff.
1234 1733 129 40 June
1389 1733 56 40 27;
1502 1733 42 39 A
1570 1732 146 41 39134;
1774 1734 58 40 K.
1863 1734 63 40 M.
1956 1733 137 48 Ellis,
2124 1734 117 40 New
2269 1735 145 40 York.

479 1790 282 49 (31-16337)

394 1883 279 67 Farnam,
701 1886 212 63 Henry
938 1885 278 65 Walcott,
1250 1891 173 50 1853-

461 1974 1947 73 Shakespeare’s economics, by Henry W. Farnam … New
389 2054 225 70 Haven,
661 2054 146 54 Yale
848 2053 320 72 university
1212 2073 186 51 press;
1443 2055 259 69 London,
1745 2055 77 53 H.
1869 2054 268 69 Milford,
2182 2053 227 55 Oxford

390 2131 317 73 university
737 2151 175 52 press,
944 2136 151 51 1931.

531 2227 1050 49 xv, 187 p. front., plates, facsims. 21 ᶜᵐ .
464 2298 219 41 “Partial
714 2299 86 40 list
832 2298 52 42 of
912 2299 152 41 books
1095 2298 283 42 consulted”
1397 2309 10 30 :
1441 2308 44 38 p.
1519 2298 218 42 163-171.

399 2367 52 53 ©
481 2372 128 41 June
638 2371 69 50 12,
737 2372 142 47 1931;
912 2371 67 42 2c.
1010 2373 128 39 June
1167 2372 83 47 20;
1284 2371 82 42 aff.
1396 2372 128 40 June
1554 2372 82 48 18;
1669 2372 42 39 A
1740 2371 173 48 40038;
1948 2372 120 41 Yale
2100 2371 129 41 univ.
2262 2381 150 38 press.

480 2429 282 49 (31-16226)

395 2523 251 67 French,
677 2525 224 54 Robert
931 2524 250 67 Dudley,
1214 2530 173 51 1888-

462 2617 58 52 A
548 2617 175 68 guide
755 2622 58 48 to
846 2617 97 53 the
974 2617 301 53 memorial
1304 2617 357 69 quadrangle
1695 2622 59 47 at
1788 2615 147 54 Yale
1967 2615 339 69 university,
2337 2615 76 68 by

391 2695 218 53 Robert
648 2697 231 68 Dudley
917 2697 242 51 French.
1236 2696 141 52 New
1414 2696 227 67 Haven,
1680 2695 147 53 Yale
1863 2693 322 71 university
2224 2712 186 52 press;

390 2773 261 69 London,
681 2774 78 53 H.
790 2774 270 72 Milford,
1090 2773 232 56 Oxford
1353 2774 321 69 university
1706 2792 175 50 press,
1913 2776 152 50 1931.

464 2872 516 48 75 p. front. 20 ᶜᵐ .
464 2943 122 39 Plan
611 2954 60 28 on
697 2954 42 37 p.
782 2944 41 49 [3]
852 2944 51 39 of
929 2955 156 30 cover.

466 3001 130 40 “The
627 3004 223 37 contents
882 3001 51 40 of
964 3001 99 40 this
1093 3002 124 39 book
1248 3003 125 38 have
1404 3002 119 39 been
1555 3001 248 48 reprinted
1834 3000 144 49 from,
2011 3001 116 40 ‘The
2158 3000 252 41 memorial

391 3058 304 48 quadrangle
713 3069 8 29 :
759 3068 27 29 a
820 3058 126 40 book
978 3058 149 41 about
1162 3058 149 48 Yale’,
1347 3060 61 47 by
1443 3059 184 40 Robert
1661 3059 193 47 Dudley
1889 3057 341 49 French.”—p.
2269 3058 54 48 [2]

399 3126 52 52 ©
485 3131 127 40 June
645 3131 68 46 12,
748 3129 111 41 1931;
924 3131 67 40 2c.
1025 3131 128 39 June
1184 3130 59 40 20;
1306 3130 82 40 aff.
1423 3131 128 39 June
1583 3131 56 40 18;
1701 3130 42 39 A
1775 3130 146 41 40037;
1985 3129 124 41 Yale
2141 3127 271 47 university

470 3198 148 37 press.
692 3188 281 47 (31-16563)

393 3282 175 65 Frey,
597 3281 322 66 Wolfgang
947 3283 282 65 Norbert,
1261 3288 173 50 1903-

389 3372 1994 131 … The act of religious profession; a brief historical synopsis
513 3450 1833 72 and commentary … by the Rev. Wolfgang N. Frey …
389 3529 404 70 Washington,
824 3530 71 53 D.
931 3529 79 69 C.,
1043 3531 122 52 The
1197 3530 264 55 Catholic
1491 3529 321 69 university
1842 3530 64 52 of
1936 3529 287 68 America,
2257 3531 151 50 1931.

462 3625 1945 50 viii, 174 p., 1 l. 23 ᶜᵐ . (The Catholic university of America. Canon
391 3682 95 41 law
514 3683 202 48 studies,
744 3694 76 30 no.
846 3683 81 48 63)

461 3754 173 41 Thesis
664 3756 64 47 (J.
793 3786 8 8 C.
869 3754 329 49 D.)—Catholic
1232 3755 275 49 university
1543 3756 51 41 of
1627 3756 239 47 America,
1902 3755 129 41 1931.

462 3810 375 50 “Biographical
864 3812 158 41 note.”

462 3868 352 49 Bibliography
832 3879 8 29 :
872 3880 42 37 p.
947 3868 218 41 159-162.

397 3933 53 52 ©
474 3939 127 40 June
624 3942 37 44 1,
686 3940 84 41 1931;
853 3941 65 40 2c.
945 3942 95 39 and
1065 3940 82 41 aff.
1172 3942 128 39 June
1325 3942 54 39 17;
1433 3942 40 38 A
1495 3941 145 41 38927;
1696 3940 221 41 Catholic
1941 3939 130 42 univ.
2098 3940 50 40 of
2172 3936 236 43 America.

474 3997 281 50 (31-16277)
