2505 4370
1324 4070 102 51 560

366 497 1931 53 © Mar. 20, 1931; 2c. and aff. Mar. 30; A 36196; W. B. Saunders co.
446 557 251 50 (31-9524)

359 669 335 63 Trombert,
730 669 248 65 George.

490 744 1884 73 … L’énigme vivante, roman. [Paris] E. Flammarion [ 1930]
432 829 413 48 250 p., 1 l. 18 ᶜᵐ.
434 901 71 40 On
535 911 143 30 cover
696 911 8 29 :
737 900 265 41 Collection
1033 899 246 48 “Mystère
1309 899 195 50 police”.

365 968 1962 54 © Jan. 15, 1931; 1c. Jan. 28; A—Foreign 10764; Ernest Flammarion.
446 1029 252 51 (31-9212)

365 1142 92 68 [U.
484 1142 58 54 S.
616 1142 192 53 Naval
833 1143 291 69 academy,
1150 1140 345 69 Annapolis]
1576 1142 170 68 Dept,
1779 1143 63 68 of
1869 1142 371 70 engineering
2270 1144 113 53 and

431 1221 375 54 aeronautics.

430 1298 648 53 Internal-combustion
1117 1297 262 70 engines;
1423 1297 151 52 their
1615 1296 313 70 principles
1969 1298 113 53 and
358 1298 1997 132 application
517 1383 59 46 to

614 1374 365 71 automobile,
1016 1374 262 71 aircraft,
1317 1376 114 52 and
1468 1374 220 54 marine
1726 1393 293 51 purposes,
2056 1376 76 70 by
2170 1376 208 54 officers

357 1454 66 53 of
454 1456 96 52 the
584 1454 384 68 Department
1001 1453 64 54 of
1098 1452 374 71 engineering
1506 1454 114 53 and
1655 1454 372 53 aeronautics.
359 1455 1995 149 Annapolis,
481 1534 140 67 Md.,

655 1534 122 51 The
811 1530 217 57 United
1065 1532 191 56 States
1290 1532 171 52 naval
1497 1531 281 68 institute,
1815 1536 151 51 1931.

464 1613 1011 52 v, [308] p. illus., fold. pl., diagrs. 24½ ᶜᵐ.
434 1687 133 41 Each
597 1687 204 48 chapter
828 1686 154 49 paged
1013 1686 295 49 separately.

430 1745 229 41 Lettered
691 1755 60 29 on
783 1755 141 29 cover
943 1754 9 29 :
986 1743 209 41 Revised
1227 1743 201 41 edition.

432 1801 194 41 Earlier
653 1801 210 41 editions
892 1811 84 30 are
1004 1801 61 48 by
1095 1801 218 40 Wallace
1342 1800 51 40 L.
1423 1799 139 41 Lind.

366 1871 2017 52 © Feb. 4, 1931; 2c. Apr. 7; aff. Apr. 6 ; A 35669 U. S. naval institute.
439 1928 68 54 [©
542 1931 254 50 revisions]
870 1929 251 49 (31-9530)

362 2040 220 64 Walsh,
615 2040 259 56 William
908 2039 288 65 Shepard,
1235 2045 173 49 1854-
1623 2058 180 51 comp.

430 2121 124 52 The
584 2118 415 54 international
1032 2117 405 69 encyclopedia
1471 2116 64 55 of
1566 2136 165 50 prose
1764 2119 113 52 and
1911 2118 247 68 poetical
359 2124 2002 128 quotations
554 2197 153 54 from

747 2198 96 52 the
883 2197 300 53 literature
1224 2195 66 54 of
1329 2197 96 52 the
1466 2197 200 67 world,
1709 2196 229 53 ancient
1977 2198 113 52 and
2131 2197 254 68 modern,

358 2278 199 52 classic
599 2277 114 52 and
756 2276 267 68 popular,
1067 2275 302 69 including
1410 2276 328 67 quotations
1784 2274 152 54 from
1980 2276 97 52 the
2121 2276 265 69 writings

359 2356 114 54 and
507 2355 262 69 speeches
802 2353 65 54 of
901 2360 192 47 recent
1122 2353 310 54 American
1468 2354 114 52 and
1618 2353 229 70 foreign
1882 2360 178 62 poets,
2094 2355 292 66 novelists,

359 2433 354 67 dramatists,
757 2438 324 62 statesmen,
1124 2432 403 69 philosophers
1572 2433 114 52 and
1731 2432 249 53 eminent
2025 2450 361 52 personages,

357 2510 2028 71 by William S. Walsh … New ed. Philadelphia, Chicago
365 2588 1405 70 [etc.] The John C. Winston company [ ᶜ1 931]
432 2642 886 79 2 p. l., iii-xli p., 1 l., 1029 p. 21½ ᶜᵐ.
368 2741 52 52 ©
453 2745 110 40 Feb.
593 2746 70 46 24,
693 2744 141 43 1931;
864 2744 68 41 2c.
962 2745 95 39 and
1087 2743 84 41 aff.
1200 2744 116 48 Apr.
1346 2743 82 47 10;
1461 2743 41 39 A
1530 2742 171 47 35722;
1736 2742 129 41 John
1897 2743 48 41 C.
1976 2742 227 40 Winston
2234 2753 67 31 co.
446 2801 253 51 (31-9517)

361 2912 327 66 Wickardt,
721 2912 260 65 August,
1014 2918 173 49 1868-

431 2989 120 54 Das
589 2988 384 55 fachrechnen
1011 2989 99 53 für
1146 2990 91 52 die
1274 2987 723 70 webwaren-fabrikation,
359 2988 2000 134 gemeinverständlich

702 3068 314 53 bearbeitet
1070 3086 111 35 von
1236 3068 71 51 A.
1363 3067 306 54 Wickardt
1722 3067 119 52 und
1894 3067 73 52 A.
2022 3067 359 53 Haarmann.

359 3149 48 49 2.
442 3147 130 53 aufl.;
636 3147 107 52 mit
775 3149 68 49 22
873 3147 59 52 in
967 3147 108 52 den
1108 3151 122 48 text
1262 3145 352 70 gedruckten
1649 3146 404 69 abbildungen.
2125 3146 258 70 Leipzig,

360 3226 66 53 T.
455 3225 252 54 Martins
734 3224 387 70 textilverlag,
1152 3228 151 50 1930.

433 3308 467 49 107 p. illus. 21 ᶜᵐ.
368 3377 2015 52 © Sept. 10, 1930; 1c. Dec. 18; A —Foreign 10708; Theodor Martins
440 3438 326 48 textilverlag.
839 3435 251 50 (31-9397)

362 3532 483 65 Winter-Hjelm,
874 3532 266 65 Thorolf,
1175 3534 172 54 1873-

361 3608 1997 148 … Kapitalrente og ägerrente. Oslo, Arbeidcrncs aktictrykkeri, 1930.
435 3772 276 48 136 p. 24 ᶜᵐ.
436 3842 63 40 At
525 3843 123 39 head
678 3842 51 40 of
756 3842 133 41 title;
920 3842 205 41 Thorolf
1152 3842 192 41 Winter
1370 3842 180 48 Hjelm.

371 3908 53 53 ©
457 3912 102 43 Oct.
591 3914 68 48 16,
692 3912 141 49 1930;
868 3914 67 40 1c.
968 3915 109 40 Jan.
1111 3914 67 47 15,
1212 3912 141 47 1931;
1388 3913 40 39 A
1431 3913 268 48 —Foreign
1733 3914 170 43 10566;
1939 3913 206 41 Thorolf
440 3912 1943 109 Winter-Hjelm,

658 3970 126 50 Oslo,
820 3972 228 49 Norway.
1119 3970 252 50 (31-9248)
