2505 4370
1271 4024 103 51 912

324 379 234 64 Woods,
591 378 200 53 Frank
822 379 325 66 Theodore,
1182 384 74 67 bp
1263 426 10 10 .
1306 385 64 68 of
1403 383 371 71 Winchester,
1808 385 172 55 1874-

458 459 1885 75 … The faith and witness of the church in this generation, by
321 536 1998 150 Frank Theodore Woods … Milwaukee, Wis., Morehouse publishing co. [ ᶜ1 931]
389 694 61 41 48
479 704 42 38 p.
580 694 148 42 21½ᶜᵐ.
800 697 125 48 (The
955 697 240 41 Lambeth
1226 699 178 47 series)

393 751 251 49 “Attempt
679 754 49 38 to
766 752 242 49 interpret
1044 754 83 40 the
1164 756 190 47 agenda
1393 757 96 38 and
1526 757 83 40 the
1644 756 211 49 findings
1892 757 52 41 of
1981 759 83 40 the
2102 758 235 41 Lambeth

319 808 541 49 conference.”—Pref.,
900 810 169 48 signed:
1136 812 254 41 Theodore
1429 812 212 42 Winton.

392 866 192 41 “Books
621 866 82 41 for
737 866 204 49 study”:
981 878 44 38 p.
1063 866 130 43 9-10.

326 930 1901 57 © May 25, 1931; 2c and aff. June 1; A 37625; Morehouse pub. co.
403 998 284 50 (31-15200)

319 1062 289 67 Worsley,
639 1064 201 53 Frank
870 1064 255 66 Arthur,
1160 1066 172 55 1872-

386 1139 373 69 Endurance;
804 1159 73 36 an
918 1140 125 69 epic
1082 1141 64 54 of
1185 1143 165 67 polar
1391 1142 329 69 adventure,
1757 1143 77 71 by
1873 1143 198 54 Frank
2112 1144 225 53 Arthur

316 1218 1387 71 Worsley … London, P. Allan & co., 1931.
387 1299 86 48 xii,
506 1299 89 41 316
624 1310 44 38 p.
727 1299 166 50 front.,
927 1302 172 47 plates,
1132 1304 153 46 ports.
1344 1302 119 42 23ᶜᵐ.

389 1358 118 47 Map
536 1368 61 30 on
628 1357 138 41 front
798 1357 340 48 lining-paper.

387 1415 78 39 An
489 1417 207 38 account
722 1414 53 41 of
800 1415 83 40 the
907 1415 135 40 work
1067 1415 53 40 of
1148 1414 78 41 Sir
1253 1416 180 40 Ernest
1461 1416 296 40 Shackleton
1781 1418 96 39 and
1901 1417 78 41 his
2003 1428 125 30 men.

323 1479 2015 53 © 1c. May 20, 1931; A ad int. 15103; pubd. Mar 20; Jonathan Cape &
391 1548 246 40 Harrison
678 1547 171 47 Smith,
889 1546 107 49 inc.,
1034 1546 119 41 New
1191 1547 147 40 York.
1409 1547 284 48 (31-15325)

317 1614 194 64 Wust,
542 1613 197 67 Peter,
774 1618 173 50 1884-

450 1691 1882 71 … Crisis in the West, by Peter Wust, translated, with an
316 1769 395 54 introduction
744 1776 59 47 to
837 1772 98 51 the
968 1771 352 69 philosophy
1353 1770 64 53 of
1450 1773 171 52 Peter
1653 1773 188 67 Wust,
1875 1772 76 68 by
1986 1772 65 52 E.
2089 1772 49 54 I.
2173 1773 159 54 Wat-

314 1846 118 55 kin.
508 1849 260 68 London,
802 1849 186 55 Sheed
1018 1853 46 50 &
1094 1850 202 68 Ward,
1331 1853 150 50 1931.

387 1931 26 40 3
447 1941 43 38 p.
556 1962 9 17 l.,
599 1930 207 49 ix-xliii,
838 1930 69 49 66,
943 1931 56 50 [1]
1031 1942 44 38 p.
1244 1963 10 9 19ᶜᵐ.
1324 1930 209 50 (Essays
1564 1931 51 39 in
1649 1932 169 39 order:
1852 1942 76 30 no.
1960 1930 52 47 2)

320 1991 2014 54 © 1c. May 2, 1931; A ad int. 15024; pubd. Mar. 26; Macmillan co., New
390 2053 147 41 York.
609 2053 282 48 (31-15436)

313 2105 147 56 Yale
497 2106 357 66 university.
928 2107 266 72 Library.

383 2183 58 53 A
476 2184 299 69 catalogue
809 2184 66 54 of
909 2185 96 53 the
1041 2184 272 54 Altschul
1349 2184 299 54 collection
1684 2183 65 55 of
1786 2184 224 69 George
2044 2184 289 54 Meredith

313 2262 62 54 in
408 2262 99 53 the
541 2261 147 55 Yale
719 2263 323 69 university
1076 2263 241 69 library,
1352 2263 284 68 compiled
1671 2263 77 69 by
1783 2263 219 53 Bertha
2040 2262 294 70 Coolidge,

313 2339 142 54 with
499 2359 74 34 an
615 2340 395 54 introduction
1052 2341 77 69 by
1173 2340 309 70 Chauncey
1526 2342 287 52 Brewster
1857 2341 233 53 Tinker.
312 2341 1997 145 [Boston]

467 2418 160 54 Priv.
659 2418 177 69 print.
893 2419 71 53 [D.
998 2420 68 52 B.
1096 2419 254 68 Updike,
1381 2420 123 52 The
1532 2419 402 69 Merrymount
1965 2438 177 50 press]
2181 2423 152 49 1931.

383 2501 737 51 xvii, 195, [1] p., 1 l. 27½ᶜᵐ.
385 2559 95 41 “Of
512 2559 100 41 this
646 2560 269 47 catalogue,
950 2559 93 41 five
1077 2560 224 40 hundred
1333 2559 161 49 copies
1527 2560 125 40 have
1684 2560 120 40 been
1835 2559 239 49 printed.”

385 2615 409 49 “Bibliography:
825 2626 28 30 a
881 2616 140 40 short
1048 2616 87 41 list
1162 2616 52 41 of
1242 2616 251 41 reference
1519 2617 150 39 books
1695 2617 96 39 and
1820 2616 199 41 articles
2046 2615 53 41 in
313 2616 2002 98 periodicals

448 2675 118 38 used
597 2673 50 40 in
680 2673 263 49 compiling
973 2673 83 40 the
1087 2671 314 51 catalogue”:
1435 2684 45 38 p.
1515 2673 250 50 [167]-180.

317 2735 2012 53 © May 6, 1931; 2c. and aff. June 3; A 37660; Frank Altschul, New
386 2804 147 40 York.
604 2801 282 51 (31-14499)

314 2856 281 65 Yardley,
624 2857 260 53 Herbert
912 2856 252 64 Osborn,
1196 2861 172 50 1889-

379 2930 1887 72 The American black chamber, by Herbert O. Yardley …
310 3010 1594 72 Indianapolis, The Bobbs-Merrill company [ ᶜ1 931 3
380 3092 88 42 375
491 3103 45 38 p.
587 3092 165 48 front.,
777 3092 144 47 illus.,
945 3093 173 47 plates,
1143 3094 165 46 ports.,
1336 3092 218 41 facsims.
1614 3092 147 41 22½ᶜᵐ.

381 3151 103 40 The
508 3150 192 47 history
722 3151 97 39 and
843 3150 136 40 work
1001 3149 53 41 of
1076 3150 83 40 the
1185 3148 388 49 Cryptographic
1596 3150 200 45 bureau,
1823 3149 225 48 officially
2072 3150 178 40 known
2274 3160 54 30 as

311 3208 186 41 section
525 3219 77 29 no.
633 3207 26 41 8
688 3207 53 41 of
769 3208 83 39 the
884 3206 225 49 Military
1138 3206 312 48 intelligence
1478 3205 211 42 division
1729 3206 75 48 (M
1835 3205 108 47 1-8)

383 3264 166 42 “First
585 3262 229 43 edition.”

317 3329 52 53 ©
397 3333 129 41 June
551 3334 39 47 1,
617 3331 142 48 1931;
788 3330 68 41 2c.
884 3332 95 39 and
1006 3330 83 42 aff.
1117 3330 127 40 June
1270 3331 54 46 4;
1354 3330 42 39 A
1421 3329 172 47 37720;
1624 3330 60 40 H.
1715 3329 52 41 O.
1797 3330 226 47 Yardley,
385 3326 1928 120 Worthington,

531 3398 105 39 Ind.
708 3395 282 49 (31-14831)

314 3448 215 66 Zweig,
559 3448 244 65 Arnold,
836 3449 172 54 1887-

382 3529 402 69 Regenbogen,
814 3527 386 68 erzählungen
1228 3544 113 35 von
1369 3524 228 55 Arnold
1627 3522 207 70 Zweig.
1910 3520 219 71 Berlin,
2160 3521 69 55 G.
2250 3520 80 53 M.

316 3607 236 70 Spaeth,
588 3610 151 50 1925.

380 3685 89 41 442
495 3696 57 38 p.,
581 3684 28 41 2
635 3686 29 41 l.
754 3684 88 42 19ᶜᵐ.

384 3742 175 41 “Erste
588 3742 75 41 bis
690 3740 167 42 fünfte
886 3739 236 50 auflage.”

654 3830 8 9 CONTENTS.
678 3821 61 6 —
753 3797 157 42 Einen
952 3798 91 40 hut
1087 3796 199 41 kaufen.
1303 3820 59 5 —
1378 3796 92 41 Die
1512 3795 196 41 tauben.
1725 3818 60 5 —
1799 3794 93 41 Die
1936 3803 208 38 wespen.
2158 3814 62 7 —
2233 3790 93 41 Ein

310 3853 424 47 opfer.—Helbret
762 3853 387 47 Friedebringer.
1154 3852 188 41 —Pont
1371 3854 98 39 und
1498 3851 154 42 Anna.

320 3906 1992 112 © Dec. 3. 1925; 1c. Mar. 9, 1926: A—Foreign 11142: J. M. Spaeth. Verlag. (31-15229)
