2428 4370
1272 4083 134 49 1500

395 484 291 40 Illustrated
717 484 97 48 t.-p.
847 484 97 40 and
974 482 367 50 lining-papers.

332 554 52 53 ©
418 559 119 48 Aug.
570 559 40 48 1,
643 556 113 43 1931;
818 557 68 40 2c.
920 557 95 41 and
1050 556 83 43 aff.
1165 558 122 48 Aug.
1321 558 55 39 14;
1438 558 40 39 A
1510 557 145 41 41022;
1721 558 56 41 R.
1810 557 54 42 G.
1898 557 186 49 Carter,
2120 558 219 43 Newton,

402 618 149 39 Mass.
622 614 282 50 (31-20921)

331 714 164 63 Cate,
524 709 165 56 Alice
718 712 68 54 E.

396 789 187 53 Those
621 788 100 54 “P.
764 786 159 71 S.’s”,
960 788 74 70 by
1074 787 164 54 Alice
1278 789 67 52 E.
1388 786 158 56 Cate.
1622 790 237 66 Boston,
1896 789 69 52 R.
2004 788 70 55 G.
2112 788 232 71 Badger

407 870 101 49 [ ᶜ1 931]
399 948 278 50 182 p. 19½ ᶜᵐ.
336 1018 52 52 ©
418 1023 121 47 Aug.
569 1023 40 46 4,
641 1021 113 40 1931;
814 1021 68 42 2c.
913 1021 102 40 Oct.
1046 1022 19 37 1;
1133 1019 81 43 aff.
1250 1021 128 47 Sept.
1409 1019 56 41 29;
1526 1021 40 38 A
1596 1019 146 42 43006;
1804 1021 215 40 Richard
2054 1022 52 39 G.
2140 1022 207 48 Badger.

417 1079 283 48 (31-25265)

331 1174 277 65 Chicago.
689 1176 371 69 Ordinances,
1093 1182 101 48 etc.

397 1252 247 53 Revised
681 1252 253 69 Chicago
969 1253 137 52 code
1140 1250 65 55 of
1240 1254 153 60 1931,
1428 1251 337 69 containing
1798 1252 110 55 the
1928 1252 231 69 general
327 1251 1994 132 ordinances

567 1330 64 53 of
665 1331 96 52 the
794 1331 119 69 city
947 1330 65 54 of
1047 1330 256 69 Chicago
1337 1331 61 51 in
1434 1329 158 54 force
1626 1330 139 69 May
1801 1329 86 69 27,
1924 1333 154 65 1931,
2114 1331 114 52 and
329 1349 1993 129 repealing

595 1410 79 52 all
707 1408 217 53 former
955 1410 232 69 general
1222 1408 336 54 ordinances
1593 1408 142 53 with
1769 1408 217 54 certain
2020 1408 327 69 exceptions

329 1487 222 52 therein
581 1488 189 52 noted.
838 1488 216 53 Passed
1083 1489 75 68 by
1190 1487 96 54 the
1320 1485 136 71 City
1487 1487 223 53 council
1741 1486 65 55 of
1836 1487 97 54 the
1965 1486 117 71 city
2113 1485 65 56 of
328 1487 1993 147 Chicago

500 1566 140 69 May
672 1566 85 67 27,
792 1569 150 49 1931.
1012 1565 265 69 Revised,
1308 1565 284 69 compiled
1628 1566 110 53 and
1774 1564 190 54 edited
1997 1565 76 70 by
2106 1564 241 55 Francis

330 1643 2017 72 X. Busch … and Leon Hornstein … assisted by John H.
328 1723 2021 71 Lewson and Ruth C. Nelson … Published by authority of
329 1802 95 52 the
458 1801 138 70 City
625 1803 222 52 council
878 1802 62 53 in
971 1803 148 52 book
1153 1802 172 68 form,
1357 1802 153 55 June
1540 1805 85 65 25,
1661 1805 151 51 1931.
1884 1801 254 71 Chicago
2176 1803 170 67 [Fred

329 1880 811 70 Klein co., printers, ᶜ1 931]
401 1961 990 50 xvi, 1675 p. fold. maps, diagrs. 26 ᶜᵐ.
403 2033 329 41 “Authorized
758 2034 213 40 editions
997 2035 96 39 and
1120 2033 329 49 publications
1476 2035 53 40 of
1554 2035 84 41 the
1666 2034 290 42 ordinances
1984 2035 53 41 of
2061 2036 84 40 the
2171 2034 98 49 city
2297 2035 53 41 of

329 2088 241 50 Chicago”:
635 2101 43 38 p.
712 2091 164 40 vi-vii.

339 2159 52 52 ©
422 2164 130 39 June
578 2163 70 48 25,
680 2163 139 48 1931;
852 2163 67 41 2c.
954 2164 128 48 Sept.
1113 2164 84 47 25;
1231 2164 83 41 aff.
1348 2164 128 48 Sept.
1506 2165 83 46 24;
1623 2164 41 39 A
1693 2165 172 47 41867;
1900 2164 110 50 City
2041 2165 52 41 of
2125 2165 224 49 Chicago.

418 2219 282 49 (31-25023)

337 2315 222 65 Cutler,
589 2315 205 55 Bessie
822 2317 309 64 Ingersoll.

399 2391 1949 74 Pediatric nursing, by Bessie Cutler … and Elizabeth Pierce
392 2470 1952 72 … and M. Corinne Bancroft … 2d ed., completely rev. and
327 2551 160 50 reset.
559 2549 139 52 New
734 2549 179 70 York,
948 2549 122 53 The
1103 2550 334 54 Macmillan
1476 2568 300 50 company,
1814 2553 150 51 1931.

468 2633 1209 49 xx p., 1 l., 403 p. incl. front., illus., diagrs. 22 ᶜᵐ.
402 2702 134 43 First
565 2703 182 43 edition
774 2705 62 49 by
862 2703 169 41 Bessie
1058 2705 237 48 Ingersoll
1326 2705 167 41 Cutler
1520 2705 125 48 only.

403 2759 299 51 “Suggested
732 2761 256 47 readings”
1023 2764 50 38 at
1104 2763 89 39 end
1226 2762 53 40 of
1309 2761 201 48 chapter
1604 2795 9 8 III.

341 2829 52 53 ©
422 2834 121 48 Aug.
572 2833 69 49 25,
672 2832 140 49 1931;
842 2833 66 41 2c.
939 2834 96 40 and
1065 2832 81 41 aff.
1177 2833 121 48 Aug.
1327 2832 83 49 26;
1443 2834 41 40 A
1512 2833 172 49 41221;
1719 2833 281 42 Macmillan
2032 2845 68 32 co.

422 2891 282 49 (31-25017)

335 2987 355 65 Dashwood,
718 2987 166 65 Jane,
914 2991 196 67 pseud.

406 3065 121 54 The
568 3067 201 52 month
810 3066 64 53 of
914 3068 159 67 May,
1111 3066 74 68 by
1228 3067 149 54 Jane
1416 3066 358 58 Dashwood;
1818 3065 141 55 with
2000 3064 348 55 illustrative

334 3142 230 69 designs
593 3145 77 68 by
702 3144 169 53 Miles
900 3143 291 55 Hadfield.
1269 3145 259 70 London,
1560 3146 56 54 J.
1649 3145 245 69 Murray
1930 3148 173 65 [1931]

406 3225 464 49 255 p. illus. 19½ ᶜᵐ.
411 3297 161 41 “First
602 3297 228 41 edition.”

341 3350 2006 54 © 1c. Sept. 9, 1931; A ad int. 15456; pubd. July 15; O. Heseltine,
410 3412 232 49 Dorking,
678 3413 237 48 England.
987 3412 282 49 (31-25781)

336 3506 256 66 Daudet,
623 3507 321 66 Alphonse,
976 3508 329 56 1840-1897.

471 3586 1878 72 … Lettres de mon moulin, par Alphonse Daudet, selected
338 3665 1949 70 and edited by Lewis Reynolds … and Edwin Morgan …
330 3737 2011 74 Garden City, N. Y., Doubleday, Doran & company, inc. [ ᶜ1 931]
402 3820 1936 54 ix, 155 p. front. (port.) plates. 18 ᶜᵐ. (Collection Doubleday-Doran)
408 3893 162 42 “First
606 3895 227 41 edition.”

341 3959 52 53 ©
420 3965 116 49 July
562 3966 68 44 17,
658 3966 107 42 1931;
827 3967 68 43 2c.
922 3968 95 40 and
1044 3967 83 42 aff.
1154 3967 115 49 July
1296 3967 59 41 28;
1409 3968 39 40 A
1475 3966 171 49 39735;
1677 3967 300 49 Doubleday,
2007 3966 166 42 Doran
2202 3967 36 41 &
2264 3977 84 37 co.,

407 4021 89 43 inc.
569 4023 281 50 (31-19898)
