2505 4370
1103 4029 102 55 667

199 478 1068 56 256 p. 19 ᶜᵐ. (Christianisme … [37])
480 562 59 5 CONTENTS.—
542 538 63 41 Le
640 536 209 51 mystère
885 534 360 44 chrétien.—La
1285 536 164 47 Pâque
1485 534 280 49 juive.—La
1806 536 161 48 Pâque
134 529 1985 112 chrétienne.

135 645 1998 69 © Nov. 27, 1930; 1c. Jan. 23, 1931; A— Foreign 10626; Éditions Rieder.
215 716 279 50 (31-10782)

134 809 316 65 Parkman,
480 808 263 63 Francis,
776 812 324 51 1823-1893.

210 889 121 52 The
355 887 229 68 Oregon
609 885 153 69 trail,
784 885 76 68 by
883 884 240 54 Francis
1148 884 321 68 Parkman;
1498 884 141 53 with
1664 890 158 50 notes
1847 885 74 69 by
1948 885 191 52 Mabel

140 959 1939 78 Dodge Holmes … and an introduction by Howard R. Driggs …
143 1042 136 54 with
321 1042 282 53 exclusive
642 1039 380 55 illustrations
1064 1041 200 53 drawn
1307 1040 93 53 for
1440 1040 97 53 the
1579 1038 231 72 Oregon
1852 1039 136 54 trail
141 1055 1975 121 memorial

397 1119 337 54 association
790 1119 73 68 by
918 1119 259 54 William
1232 1118 77 53 H.
1366 1118 267 53 Jackson.
1709 1117 429 70 Philadelphia,

141 1196 251 70 Chicago
557 1228 12 35 [etc.]
608 1197 123 53 The
763 1197 155 53 John
955 1195 61 55 C.
1051 1196 268 55 Winston
1354 1213 279 52 company
1785 1199 84 64 [ᶜ1931]

208 1276 1221 54 xi, 388 p. col. front., plates (part col.) 24 ᶜᵐ.
214 1338 138 46 Maps
389 1347 62 29 on
490 1335 363 49 lining-papers.

142 1387 53 54 ©
230 1394 114 48 Apr.
380 1393 71 49 24,
488 1392 141 47 1931;
667 1392 67 42 2c.
771 1394 95 39 and
903 1392 81 40 aff.
1024 1393 112 46 May
1174 1391 54 48 8;
1266 1393 42 39 A
1343 1392 173 48 38030;
1556 1392 128 41 John
1723 1390 50 44 C.
1810 1391 223 44 Winston
2072 1402 69 33 co.

212 1446 69 55 [©
321 1451 257 46 foreword,
619 1449 331 41 illustrations
988 1451 96 38 and
1125 1451 154 48 notes]
1351 1450 282 49 (31-11718)

139 1545 305 64 Pomeroy,
476 1543 243 65 Dwight
749 1544 165 55 Abel.

209 1617 1934 75 Business law, by Dwight A. Pomeroy … Cincinnati, O.,
141 1696 1351 74 South-western publishing company [ ᶜ19 31 ]
209 1781 588 50 xiii, 722 p. illus. 22 ᶜᵐ.
146 1833 52 54 ©
233 1841 121 38 Mar.
388 1841 40 45 1,
462 1838 141 48 1931;
639 1837 67 41 2c.
741 1840 96 39 and
870 1838 82 40 aff.
989 1840 112 46 May
1134 1840 55 46 4;
1226 1838 41 41 A
1299 1838 172 49 36922;
1511 1839 383 42 South-western
1931 1840 109 48 pub.
2075 1849 68 30 co,

222 1895 280 50 (31-11604)

144 1989 217 54 Punch,
438 2011 49 33 v.
521 1994 116 67 180,
663 2009 88 35 no.
778 1994 155 66 4683,
961 1991 144 69 Apr.
1136 1995 46 66 8,
1213 1994 153 51 1931.

147 2067 1997 58 © 1c. June 3, 1931; A ad int. 15151; pubd. Apr. 8; Herbert Pleather,
214 2130 213 40 London.

143 2222 186 64 Riley,
358 2221 256 55 William
643 2223 142 54 Bell.

214 2301 123 53 The
369 2301 167 54 Bible
569 2301 64 53 of
667 2301 95 53 the
796 2303 288 67 expositor
1118 2304 112 53 and
1266 2305 95 53 the
1396 2304 331 69 evangelist.
1802 2305 116 55 Old
145 2304 1979 130 Testament.

388 2398 53 33 v.
474 2381 79 50 12.
595 2378 366 56 Ecclesiastes
991 2382 112 51 and
1134 2382 95 51 the
1260 2380 157 70 Song
1445 2382 64 54 of
1537 2381 289 73 Solomon,
1855 2385 74 69 by
1957 2385 91 55 W.
2080 2387 68 52 B,

145 2454 1663 77 Riley … Cleveland, O., Union gospel press [ ᶜ19 31 ]
214 2538 85 39 254
333 2549 43 37 p.
436 2536 55 40 19½ᶜᵐ.

151 2589 51 54 ©
232 2596 113 46 May
372 2594 69 48 15,
471 2594 113 40 1931;
643 2593 67 42 2c.
738 2594 94 41 and
863 2594 81 42 aff.
975 2597 113 47 May
1116 2596 58 40 25;
1231 2596 41 41 A
1299 2597 145 42 38388;
1504 2599 157 41 Union
1694 2600 162 50 gospel
1886 2611 151 38 press.

146 2673 272 65 Roberts,
447 2674 145 63 Roy,
621 2676 195 68 pseud.

277 2751 1869 78 … Det levende portrett; kriminalroman. Oslo, Gyldendal,
151 2830 146 52 1930.

219 2909 272 49 236 p. 21½ ᶜᵐ.
220 2966 206 48 “Fjerde
459 2965 185 42 tusen.”

152 3017 1981 113 © Oct. 24, 1930; 1c. Dec. 19; A—Foreign 9914; Gyldendal, Norsk forlag.
383 3080 280 49 (31-10958)

152 3155 215 66 Ruling
395 3175 134 37 case
556 3159 129 53 law.
771 3162 298 71 (Indexes)

221 3235 295 68 Complete
558 3237 67 52 R.
672 3236 62 56 C.
777 3237 65 54 L.
884 3238 200 69 index;
1129 3246 210 49 master
1382 3243 172 52 index
1596 3243 65 54 of
1702 3245 98 54 the
1840 3252 208 47 matter
2094 3246 58 53 in

153 3314 63 52 R.
249 3312 60 55 C.
340 3313 84 67 L.,
451 3315 136 52 vols.
619 3319 28 47 1
676 3320 60 49 to
762 3318 84 65 28,
874 3316 68 52 R.
972 3316 62 55 C.
1062 3317 64 53 L.
1155 3318 348 55 Permanent
1531 3324 377 67 supplement,
1939 3327 29 49 8
1996 3325 158 66 vols.,

151 3390 112 53 and
301 3392 67 51 R.
408 3390 63 55 C.
508 3392 65 53 L.
611 3390 377 71 Supplement
1024 3398 135 49 1930
1195 3397 114 52 and
1346 3399 161 67 later,
1543 3399 74 69 by
1654 3400 215 69 Joseph
1909 3402 74 51 H.
2024 3402 129 52 Hill

151 3467 2003 156 and the publishers’ editorial staff … Northport, N. Y., Edward Thompson company; San Francisco, Cal., Bancroft -
153 3622 273 69 Whitney
452 3642 277 52 company;
919 3670 11 25 [etc.,
955 3634 120 61 etc.]
1109 3631 151 52 1931.

207 3705 27 39 2
258 3716 43 28 v.
361 3705 146 40 25½ᶜᵐ.

223 3761 160 48 Paged
412 3762 354 50 continuously.

226 3816 92 40 “As
343 3828 106 29 new
472 3820 179 38 matter
678 3828 204 40 appears
908 3820 50 40 in
984 3822 81 39 the
1089 3823 171 48 pocket
1286 3826 135 45 parts
1448 3828 82 37 not
1556 3826 199 40 covered
1784 3827 59 48 by
1871 3827 96 41 this
1995 3828 158 48 index,

157 3872 35 39 it
231 3874 97 39 will
367 3875 57 38 be
460 3874 206 40 indexed
704 3876 363 50 appropriately
1105 3880 95 39 and
1239 3879 170 49 pocket
1449 3883 330 47 supplements
1816 3884 220 48 supplied
2075 3884 79 42 for

157 3928 233 42 insertion
415 3930 49 40 in
492 3931 99 40 this
617 3931 524 44 index.”—Foreword.
