2505 4370
1072 4029 101 49 433

131 387 375 55 Association
537 387 64 53 of
630 385 420 66 practitioners
1079 384 206 54 before
1315 384 103 54 the

1449 385 327 53 Interstate
1806 399 324 39 commerce

200 465 395 56 commission.

198 546 220 69 Report
445 544 65 53 of
538 545 96 54 the
663 542 126 55 first
818 542 211 54 annual
1058 540 251 71 meeting
1338 541 64 54 of
1431 540 362 55 Association
1824 540 65 56 of

129 540 1977 137 practitioners
376 623 196 53 before
606 624 97 52 the
738 621 312 53 Interstate
1083 638 306 35 commerce

126 618 1981 152 commission … October 30/31,1930. [Baltimore, The Lord
1407 697 719 70 Baltimore press, ᶜ193 1]
201 778 1048 52 337 p. front., fold. pl., ports. 23½ ᶜᵐ .
135 836 51 52 ©
226 839 111 40 Feb.
376 838 68 49 10,
484 837 114 41 1931;
665 836 67 41 2c.
772 836 110 40 Feb.
920 836 58 41 28;
1044 834 81 41 aff.
1165 835 112 40 Feb.
1316 835 57 40 27;
1440 834 42 41 A
1518 834 146 42 34554;
1733 834 306 42 Association
2080 836 53 39 of

201 895 345 49 practitioners
571 895 165 40 before
761 894 80 40 the
866 894 267 39 Interstate
1157 902 263 31 commerce
1446 890 322 50 commission,
1795 892 336 47 Washington.

211 951 250 50 (31-7874)

126 1044 398 65 Augustinus,
554 1042 297 67 Aurelius,
881 1043 189 68 Saint,
1135 1061 56 50 bp.
1222 1042 66 69 of
1313 1041 221 69 Hippo.

197 1125 122 52 The
356 1121 369 56 Confessions
762 1122 64 52 of
866 1121 83 55 St.
988 1119 352 70 Augustine;
1379 1120 175 54 books
1614 1153 37 6 I-IX
1767 1119 350 72 (selections)

126 1201 141 54 with
303 1198 411 68 introduction,
750 1204 177 63 notes,
965 1199 112 52 and
1115 1198 347 69 vocabulary
1498 1198 76 69 by
1611 1198 195 54 James
1843 1199 284 53 Marshall

129 1275 1583 71 Campbell … and Martin R. P. McGuire … New
1741 1276 179 69 York,
125 1278 1977 145 Prentice-Hall,
452 1354 126 69 inc.,
610 1358 150 50 1931.

232 1435 375 50 x, 267 p. 19 ᶜᵐ .
199 1493 70 39 “A
296 1492 209 41 selected
533 1491 364 50 bibliography”:
956 1503 44 37 p.
1028 1490 158 42 55-61.

133 1545 51 52 ©
215 1549 111 41 Feb.
354 1549 69 48 25,
454 1548 114 42 1931;
625 1549 68 40 2c.
723 1550 95 39 and
846 1548 81 41 aff.
959 1550 121 39 Mar.
1110 1549 57 39 17;
1224 1548 43 39 A
1294 1547 146 43 35298;
1499 1548 376 50 Prentice-Hall,
1905 1549 93 40 inc.
2077 1546 52 52 [©

199 1606 345 49 introduction,
573 1608 151 46 notes,
751 1606 308 49 vocabulary]
1132 1604 252 51 (31-7943)

127 1701 220 65 Banks,
375 1701 165 56 Bert.

195 1779 218 69 Handy
446 1779 148 53 book
627 1778 94 53 for
752 1778 299 68 rivermen,
1082 1779 75 67 by
1190 1780 142 52 Bert
1366 1777 211 55 Banks.
1659 1779 345 70 [Gallipolis,
2039 1780 89 69 O.,

124 1855 1121 71 Downtain printing company, ᶜ193 0]
197 1937 305 49 81 p. 19 ᶜᵐ .
133 1990 51 52 ©
222 1995 119 48 Aug.
378 1995 68 48 15,
484 1993 140 43 1930:
663 1994 66 40 2c.
768 1995 111 40 Dec.
915 1994 83 47 31;
1037 1994 83 40 aff.
1159 1996 122 38 Mar.
1319 1996 39 47 7,
1397 1993 140 48 1931;
1579 1994 39 41 A
1655 1994 171 48 34893;
1867 1996 264 42 Downtain

199 2051 219 49 printing
448 2061 67 31 co.
584 2051 226 49 (31-7931)

125 2131 245 66 Barnes,
402 2133 206 54 James
637 2132 310 68 Strachey,
981 2138 163 50 1890-

124 2208 2002 148 Fascism, by Major J. S. Barnes … London, T. Butterworth,
355 2286 226 55 limited
613 2291 173 64 [1931]

196 2369 1931 54 2 p. l. , [7]-251, [1] p. 17 ᶜᵐ . (Half-title: The Home university library
127 2427 52 40 of
204 2428 198 39 modern
429 2412 282 63 knowledge.
788 2438 88 38 [no.
903 2427 127 50 150])

198 2484 188 40 “Books
414 2483 393 41 recommended”:
864 2495 45 37 p.
933 2483 218 42 246-249.

133 2538 1997 54 © 1c. Mar. 24, 1931; A ad int. 14879; pubd. Mar. 12; Henry Holt & co.,
200 2598 106 50 inc.,
329 2599 120 40 New
470 2598 145 40 York.
685 2596 250 50 (31-9247)

125 2679 280 65 Bartlett,
435 2678 257 63 Vernon,
725 2684 171 49 1894-

194 2757 122 52 The
357 2755 359 53 world—our
755 2754 334 70 neighbour,
1129 2756 76 69 by
1245 2757 234 54 Vernon
1523 2757 267 55 Bartlett.
1868 2759 260 70 London,

126 2835 67 53 E.
221 2833 282 54 Mathews
527 2835 55 51 &
608 2833 242 69 Marrot,
880 2836 150 51 1931.

195 2914 517 51 ix, 11-240 p. 19 ᶜᵐ .
133 2971 1994 58 © 1c. Mar. 25, 1931; A ad int. 14880; pubd. Jan. 29; Y. Bartlett,
201 3031 206 48 Geneva,
438 3029 332 42 Switzerland.
843 3029 249 50 (31-9113)

126 3112 280 63 Beeding,
436 3110 263 64 Francis,
726 3114 193 66 pseud.

195 3188 1935 76 Death walks in Eastrepps, by F rancis Beeding … London,
125 3267 240 52 Hodder
394 3267 113 52 and
538 3264 326 71 Stoughton
891 3266 241 67 limited,
1164 3269 150 50 1931.

194 3347 504 49 vii, 9-318 p. 19 ᶜᵐ .
193 3405 149 40 Plans
366 3415 64 30 on
453 3403 363 50 lining-papers.

134 3457 1992 53 © 1c. Apr. 4, 1931; A ad int. 14910; pubd. Feb. 19; John Palmer and
200 3518 61 41 H.
303 3517 68 42 St.
412 3517 183 48 George
637 3517 257 49 Saunders,
936 3517 204 48 Geneva,
1184 3518 336 42 Switzerland.
1593 3520 227 50 (31-9383
1831 3522 13 48 )

127 3596 444 65 Bermingham,
603 3597 206 55 Cedric
837 3597 277 65 Osmond,
1148 3603 172 50 1902-

195 3674 162 55 Stars
382 3674 64 53 of
470 3674 95 55 the
590 3692 204 50 screen,
820 3676 134 50 1931;
1010 3694 33 35 a
1068 3673 222 54 volume
1316 3676 64 52 of
1401 3675 364 71 biographies
1792 3679 64 54 of

123 3686 1976 136 contemporary
368 3758 185 48 actors
588 3751 112 52 and
737 3755 265 51 actresses
1036 3752 254 68 engaged
1324 3752 61 53 in
1419 3754 317 71 photoplay
1770 3757 355 71 throughout

123 3831 95 55 the
253 3829 200 70 world,
488 3827 279 69 compiled
805 3828 112 52 and
953 3827 188 56 edited
1176 3827 77 72 by
1291 3828 203 56 Cedric
1533 3830 253 57 Osmond

123 3835 1979 125 Bermingham.
334 3906 257 70 London,
617 3906 79 52 H.
721 3905 214 69 Joseph
987 3908 152 66 [1930]
