<alto xmlns="http://www.loc.gov/standards/alto/ns-v3#" xmlns:xlink="http://www.w3.org/1999/xlink" xmlns:xsi="http://www.w3.org/2001/XMLSchema-instance" xsi:schemaLocation="http://www.loc.gov/standards/alto/ns-v3# http://www.loc.gov/alto/v3/alto-3-0.xsd"><Description>
<MeasurementUnit>pixel</MeasurementUnit>
<sourceImageInformation>
<fileName>1931_v28_Part001.pdf</fileName>
</sourceImageInformation>
<OCRProcessing ID="IdOcr">
<ocrProcessingStep>
<processingDateTime>2019-04-22</processingDateTime>
<processingSoftware>
<softwareCreator>ABBYY</softwareCreator>
<softwareName>ABBYY Recognition Server</softwareName>
<softwareVersion>4.0</softwareVersion>
</processingSoftware>
</ocrProcessingStep>
</OCRProcessing>
</Description>
<Styles>
<ParagraphStyle ID="StyleId-FFFFFFFF-FFFF-FFFF-FFFF-FFFFFFFFFFFF-" ALIGN="Left" LEFT="0." RIGHT="0." FIRSTLINE="0."/>
<ParagraphStyle ID="StyleId-204B5AEB-67A1-44E2-A013-34B3A0F3E0EA-" ALIGN="Right" LEFT="0." RIGHT="0." FIRSTLINE="0." LINESPACE="8.300000191"/>
<ParagraphStyle ID="StyleId-03245871-796C-4429-B3C7-F9019C8C5B89-" ALIGN="Left" LEFT="0." RIGHT="0." FIRSTLINE="0." LINESPACE="12.19999981"/>
<ParagraphStyle ID="StyleId-BDCA8811-25FF-44DB-8D6F-2072A4ABC070-" ALIGN="Center" LEFT="0." RIGHT="0." FIRSTLINE="0." LINESPACE="12.19999981"/>
<ParagraphStyle ID="StyleId-2C5B7DF0-AF87-455E-B9A8-6FE387CB59BD-" ALIGN="Left" LEFT="0." RIGHT="0." FIRSTLINE="-13." LINESPACE="8.479999542"/>
<ParagraphStyle ID="StyleId-9FB72FA1-55D5-4161-8333-823D5732F4D0-" ALIGN="Block" LEFT="0." RIGHT="0." FIRSTLINE="-14." LINESPACE="10."/>
<ParagraphStyle ID="StyleId-212AEB8C-A829-4BF1-8E45-5BFE386A469C-" ALIGN="Block" LEFT="0." RIGHT="0." FIRSTLINE="-14." LINESPACE="11.35000038"/>
<ParagraphStyle ID="StyleId-4EC79CC1-EA62-49CE-ABB6-D84DDFCF4C7D-" ALIGN="Block" LEFT="0." RIGHT="0." FIRSTLINE="-10." LINESPACE="12.19999981"/>
<ParagraphStyle ID="StyleId-DAF2E8EE-6444-4951-9284-36A6C020C887-" ALIGN="Left" LEFT="0." RIGHT="0." FIRSTLINE="0." LINESPACE="9.399999619"/>
<ParagraphStyle ID="StyleId-25241749-1672-4977-B19F-38F59800D6D8-" ALIGN="Left" LEFT="0." RIGHT="0." FIRSTLINE="0." LINESPACE="11.10000038"/>
<ParagraphStyle ID="StyleId-8C523E19-EDEF-4F23-B010-536E1A1AAE1A-" ALIGN="Left" LEFT="0." RIGHT="0." FIRSTLINE="-13." LINESPACE="12.19999981"/>
<ParagraphStyle ID="StyleId-A1F9DE9E-2625-4D8B-AD7E-F0A0034C2989-" ALIGN="Block" LEFT="0." RIGHT="0." FIRSTLINE="0." LINESPACE="12.19999981"/>
<ParagraphStyle ID="StyleId-5725BB01-2B1C-440F-BAF2-696C4F4DF162-" ALIGN="Block" LEFT="0." RIGHT="0." FIRSTLINE="13." LINESPACE="12.19999981"/>
<ParagraphStyle ID="StyleId-F10A2092-61AA-44FD-99C2-123B3A8051CF-" ALIGN="Left" LEFT="0." RIGHT="0." FIRSTLINE="0." LINESPACE="5.5"/>
<ParagraphStyle ID="StyleId-B3CDC8CC-D2E1-4A23-B67C-CDD40993D1DD-" ALIGN="Left" LEFT="0." RIGHT="0." FIRSTLINE="0." LINESPACE="10."/>
<ParagraphStyle ID="StyleId-871EBF53-D909-4C8F-B368-AC7D897344DD-" ALIGN="Left" LEFT="0." RIGHT="0." FIRSTLINE="0."/>
<ParagraphStyle ID="StyleId-C4129744-680B-4878-B2C4-44BA3742C8D7-" ALIGN="Block" LEFT="0." RIGHT="0." FIRSTLINE="-14." LINESPACE="11.35000038"/>
<ParagraphStyle ID="StyleId-9CE98075-0B04-43D4-88D8-CE3BAB51B419-" ALIGN="Block" LEFT="0." RIGHT="0." FIRSTLINE="-10." LINESPACE="12.19999981"/>
<ParagraphStyle ID="StyleId-B2CFB7B3-DFFA-4E0E-94D6-C2BCE88DA9A9-" ALIGN="Left" LEFT="0." RIGHT="0." FIRSTLINE="0." LINESPACE="12.5"/>
<ParagraphStyle ID="StyleId-8D3352F3-1084-4DDE-A35D-B97102CCE686-" ALIGN="Left" LEFT="0." RIGHT="0." FIRSTLINE="0." LINESPACE="11.60000038"/>
<ParagraphStyle ID="StyleId-4A8DDA0D-166D-4E22-A597-BA51B892602D-" ALIGN="Block" LEFT="0." RIGHT="0." FIRSTLINE="0." LINESPACE="11.21000004"/>
<ParagraphStyle ID="StyleId-90EA4001-AA3C-45A1-AEDC-D1E1169EE5E5-" ALIGN="Block" LEFT="0." RIGHT="0." FIRSTLINE="13." LINESPACE="12.19999981"/>
</Styles>
<Layout>
<Page ID="Page2141" PHYSICAL_IMG_NR="2141" HEIGHT="4370" WIDTH="2428">
<TopMargin HEIGHT="392" WIDTH="2428" VPOS="0" HPOS="0">
</TopMargin>
<LeftMargin HEIGHT="3712" WIDTH="82" VPOS="392" HPOS="0">
</LeftMargin>
<RightMargin HEIGHT="3712" WIDTH="310" VPOS="392" HPOS="2118">
</RightMargin>
<BottomMargin HEIGHT="266" WIDTH="2428" VPOS="4104" HPOS="0">
</BottomMargin>
<PrintSpace HEIGHT="3712" WIDTH="2036" VPOS="392" HPOS="82">
<TextBlock ID="Page2141_Block1" HEIGHT="90" WIDTH="277" VPOS="4014" HPOS="979" LANG="en-US" STYLEREFS="StyleId-46185347-A3AE-4D40-9510-7CDCC07BB86E-">
<TextLine HEIGHT="50" WIDTH="136" VPOS="4019" HPOS="1037">
<String CONTENT="2141" HEIGHT="50" WIDTH="136" VPOS="4019" HPOS="1037"/>
</TextLine>
</TextBlock>
<TextBlock ID="Page2141_Block2" HEIGHT="3590" WIDTH="2036" VPOS="392" HPOS="82" CS="1" STYLEREFS="StyleId-46185347-A3AE-4D40-9510-7CDCC07BB86E-">
<TextLine HEIGHT="66" WIDTH="645" VPOS="403" HPOS="92" LANG="fr">
<String CONTENT="Cordens," HEIGHT="62" WIDTH="277" VPOS="407" HPOS="92"/>
<SP HEIGHT="63" WIDTH="27" VPOS="406" HPOS="370"/>
<String CONTENT="F." HEIGHT="52" WIDTH="62" VPOS="406" HPOS="398"/>
<SP HEIGHT="54" WIDTH="27" VPOS="404" HPOS="461"/>
<String CONTENT="J." HEIGHT="55" WIDTH="52" VPOS="404" HPOS="489"/>
<SP HEIGHT="56" WIDTH="27" VPOS="403" HPOS="542"/>
<String CONTENT="A." HEIGHT="56" WIDTH="72" VPOS="403" HPOS="570"/>
<SP HEIGHT="55" WIDTH="29" VPOS="404" HPOS="643"/>
<String CONTENT="L." HEIGHT="54" WIDTH="64" VPOS="404" HPOS="673"/>
</TextLine>
<TextLine HEIGHT="74" WIDTH="1926" VPOS="465" HPOS="162" LANG="fr">
<String CONTENT="De" HEIGHT="52" WIDTH="85" VPOS="473" HPOS="162"/>
<SP HEIGHT="34" WIDTH="46" VPOS="491" HPOS="248"/>
<String CONTENT="slapende" HEIGHT="69" WIDTH="265" VPOS="470" HPOS="295"/>
<SP HEIGHT="52" WIDTH="46" VPOS="471" HPOS="561"/>
<String CONTENT="Boeddha," HEIGHT="70" WIDTH="292" VPOS="469" HPOS="608"/>
<SP HEIGHT="69" WIDTH="44" VPOS="470" HPOS="901"/>
<String LANG="en-US" CONTENT="door" HEIGHT="52" WIDTH="136" VPOS="470" HPOS="946"/>
<SP HEIGHT="51" WIDTH="49" VPOS="469" HPOS="1083"/>
<String CONTENT="F." HEIGHT="51" WIDTH="63" VPOS="469" HPOS="1133"/>
<SP HEIGHT="53" WIDTH="47" VPOS="469" HPOS="1197"/>
<String CONTENT="J." HEIGHT="53" WIDTH="54" VPOS="469" HPOS="1245"/>
<SP HEIGHT="54" WIDTH="48" VPOS="468" HPOS="1300"/>
<String CONTENT="A." HEIGHT="53" WIDTH="70" VPOS="468" HPOS="1349"/>
<SP HEIGHT="52" WIDTH="44" VPOS="469" HPOS="1420"/>
<String CONTENT="L." HEIGHT="51" WIDTH="65" VPOS="469" HPOS="1465"/>
<SP HEIGHT="56" WIDTH="48" VPOS="466" HPOS="1531"/>
<String CONTENT="Cordens." HEIGHT="56" WIDTH="265" VPOS="466" HPOS="1580"/>
<SP HEIGHT="53" WIDTH="82" VPOS="465" HPOS="1846"/>
<String CONTENT="Luxe" HEIGHT="53" WIDTH="159" VPOS="465" HPOS="1929"/>
</TextLine>
<TextLine HEIGHT="71" WIDTH="1690" VPOS="545" HPOS="94" LANG="fr">
<String CONTENT="roman-serie." HEIGHT="54" WIDTH="377" VPOS="550" HPOS="94"/>
<SP HEIGHT="53" WIDTH="63" VPOS="548" HPOS="472"/>
<String LANG="en-US" CONTENT="Tilburg," HEIGHT="69" WIDTH="260" VPOS="547" HPOS="536"/>
<SP HEIGHT="69" WIDTH="25" VPOS="546" HPOS="797"/>
<String CONTENT="Nederlandsche" HEIGHT="57" WIDTH="456" VPOS="545" HPOS="823"/>
<SP HEIGHT="52" WIDTH="27" VPOS="546" HPOS="1280"/>
<String CONTENT="boekhuis" HEIGHT="54" WIDTH="271" VPOS="545" HPOS="1308"/>
<SP HEIGHT="50" WIDTH="32" VPOS="564" HPOS="1580"/>
<String CONTENT="[1929]" HEIGHT="67" WIDTH="171" VPOS="547" HPOS="1613"/>
</TextLine>
<TextLine HEIGHT="51" WIDTH="285" VPOS="628" HPOS="161" STYLEREFS="StyleId-A76F1809-FC3D-42F9-868C-CB572C0855D4-" LANG="fr" CS="1">
<String CONTENT="382" HEIGHT="41" WIDTH="88" VPOS="630" HPOS="161"/>
<SP HEIGHT="49" WIDTH="29" VPOS="630" HPOS="250"/>
<String CONTENT="p." HEIGHT="39" WIDTH="45" VPOS="640" HPOS="280"/>
<SP HEIGHT="42" WIDTH="62" VPOS="629" HPOS="326"/>
<String CONTENT="22" HEIGHT="41" WIDTH="57" VPOS="628" HPOS="389"/>
<String STYLE="superscript" CS="1" CONTENT="&#7580;&#7504;."/>
</TextLine>
<TextLine HEIGHT="55" WIDTH="1990" VPOS="697" HPOS="103" STYLEREFS="StyleId-A76F1809-FC3D-42F9-868C-CB572C0855D4-" CS="1">
<String LANG="fr" CONTENT="&#169;" HEIGHT="52" WIDTH="52" VPOS="700" HPOS="103"/>
<SP HEIGHT="52" WIDTH="35" VPOS="700" HPOS="156"/>
<String LANG="en-US" CONTENT="July" HEIGHT="47" WIDTH="117" VPOS="704" HPOS="192"/>
<SP HEIGHT="48" WIDTH="30" VPOS="703" HPOS="310"/>
<String LANG="fr" CONTENT="16," HEIGHT="47" WIDTH="69" VPOS="702" HPOS="341"/>
<SP HEIGHT="47" WIDTH="34" VPOS="702" HPOS="411"/>
<String LANG="fr" CONTENT="1930;" HEIGHT="48" WIDTH="140" VPOS="700" HPOS="446"/>
<SP/>
<String LANG="fr" CS="1" CONTENT="1c."/>
<SP HEIGHT="40" WIDTH="35" VPOS="700" HPOS="693"/>
<String LANG="fr" CONTENT="Dec." HEIGHT="40" WIDTH="112" VPOS="700" HPOS="729"/>
<SP HEIGHT="40" WIDTH="34" VPOS="700" HPOS="842"/>
<String LANG="fr" CONTENT="11;" HEIGHT="46" WIDTH="82" VPOS="700" HPOS="877"/>
<SP HEIGHT="48" WIDTH="37" VPOS="698" HPOS="960"/>
<!-- cceid F30C22E1-6E8D-1014-9CF5-AEB3FCA41D69 --><String LANG="fr" CONTENT="A&#8212;" HEIGHT="39" WIDTH="101" VPOS="698" HPOS="998"/>
<String LANG="en-US" CONTENT="Foreign" HEIGHT="49" WIDTH="211" VPOS="698" HPOS="1099"/>
<SP HEIGHT="37" WIDTH="34" VPOS="700" HPOS="1311"/>
<String LANG="fr" CONTENT="14721;" HEIGHT="47" WIDTH="171" VPOS="698" HPOS="1346"/>
<SP HEIGHT="46" WIDTH="38" VPOS="699" HPOS="1518"/>
<String LANG="fr" CONTENT="John" HEIGHT="41" WIDTH="128" VPOS="698" HPOS="1557"/>
<SP HEIGHT="38" WIDTH="38" VPOS="699" HPOS="1686"/>
<String LANG="de" CONTENT="Felix" HEIGHT="40" WIDTH="137" VPOS="697" HPOS="1725"/>
<SP HEIGHT="39" WIDTH="36" VPOS="698" HPOS="1863"/>
<String LANG="fr" CONTENT="Lampe," HEIGHT="48" WIDTH="193" VPOS="698" HPOS="1900"/>
</TextLine>
<TextLine HEIGHT="52" WIDTH="906" VPOS="754" HPOS="172" STYLEREFS="StyleId-A76F1809-FC3D-42F9-868C-CB572C0855D4-">
<String LANG="fr" CONTENT="Grand" HEIGHT="41" WIDTH="164" VPOS="760" HPOS="172"/>
<SP HEIGHT="40" WIDTH="38" VPOS="759" HPOS="337"/>
<String LANG="en-US" CONTENT="Rapids," HEIGHT="48" WIDTH="198" VPOS="758" HPOS="376"/>
<SP HEIGHT="46" WIDTH="39" VPOS="758" HPOS="575"/>
<String LANG="de" CONTENT="Mich." HEIGHT="41" WIDTH="142" VPOS="756" HPOS="615"/>
<SP HEIGHT="48" WIDTH="69" VPOS="756" HPOS="758"/>
<String LANG="fr" CONTENT="(32-1289)" HEIGHT="51" WIDTH="250" VPOS="754" HPOS="828"/>
</TextLine>
<TextLine HEIGHT="66" WIDTH="966" VPOS="850" HPOS="96" LANG="fr" CS="1">
<String CONTENT="Dant" HEIGHT="52" WIDTH="159" VPOS="852" HPOS="96"/>
<String LANG="en-US" CS="1" CONTENT="&#237;"/>
<String CONTENT="n" HEIGHT="35" WIDTH="38" VPOS="870" HPOS="281"/>
<SP HEIGHT="54" WIDTH="30" VPOS="853" HPOS="320"/>
<String CONTENT="Cereceda," HEIGHT="64" WIDTH="307" VPOS="852" HPOS="351"/>
<SP HEIGHT="66" WIDTH="26" VPOS="850" HPOS="659"/>
<String CONTENT="Juan," HEIGHT="65" WIDTH="174" VPOS="850" HPOS="686"/>
<SP HEIGHT="58" WIDTH="30" VPOS="857" HPOS="861"/>
<String CONTENT="1881-" HEIGHT="50" WIDTH="170" VPOS="855" HPOS="892"/>
</TextLine>
<TextLine HEIGHT="136" WIDTH="1968" VPOS="925" HPOS="97" LANG="fr" CS="1">
<String CS="1" CONTENT="&#8230;"/>
<SP HEIGHT="53" WIDTH="31" VPOS="931" HPOS="226"/>
<String LANG="la" CONTENT="Historia" HEIGHT="56" WIDTH="264" VPOS="927" HPOS="258"/>
<SP HEIGHT="52" WIDTH="25" VPOS="929" HPOS="523"/>
<String CONTENT="de" HEIGHT="53" WIDTH="69" VPOS="929" HPOS="549"/>
<SP HEIGHT="53" WIDTH="26" VPOS="929" HPOS="619"/>
<String CONTENT="la" HEIGHT="51" WIDTH="56" VPOS="929" HPOS="646"/>
<SP HEIGHT="46" WIDTH="24" VPOS="934" HPOS="703"/>
<String CONTENT="tierra," HEIGHT="68" WIDTH="193" VPOS="927" HPOS="728"/>
<SP HEIGHT="49" WIDTH="26" VPOS="946" HPOS="922"/>
<String CONTENT="por" HEIGHT="51" WIDTH="105" VPOS="944" HPOS="949"/>
<SP HEIGHT="53" WIDTH="26" VPOS="928" HPOS="1055"/>
<String CONTENT="Juan" HEIGHT="53" WIDTH="155" VPOS="928" HPOS="1082"/>
<SP HEIGHT="51" WIDTH="27" VPOS="928" HPOS="1238"/>
<String CONTENT="Dant" HEIGHT="51" WIDTH="160" VPOS="928" HPOS="1266"/>
<String LANG="en-US" CS="1" CONTENT="&#237;"/>
<String CONTENT="n" HEIGHT="33" WIDTH="35" VPOS="942" HPOS="1453"/>
<SP HEIGHT="55" WIDTH="31" VPOS="926" HPOS="1489"/>
<String CONTENT="Cereceda" HEIGHT="55" WIDTH="277" VPOS="926" HPOS="1521"/>
<SP HEIGHT="35" WIDTH="33" VPOS="945" HPOS="1799"/>
<String CS="1" CONTENT="&#8230;"/>
<SP HEIGHT="55" WIDTH="77" VPOS="925" HPOS="1889"/>
<String CONTENT="Madrid" HEIGHT="136" WIDTH="1968" VPOS="925" HPOS="97"/>
</TextLine>
<TextLine HEIGHT="70" WIDTH="951" VPOS="1006" HPOS="259" LANG="fr">
<String CONTENT="[etc.]" HEIGHT="62" WIDTH="137" VPOS="1014" HPOS="259"/>
<SP HEIGHT="67" WIDTH="31" VPOS="1008" HPOS="397"/>
<String CONTENT="Espasa-Calpe," HEIGHT="68" WIDTH="444" VPOS="1006" HPOS="429"/>
<SP HEIGHT="47" WIDTH="24" VPOS="1024" HPOS="874"/>
<String CONTENT="s." HEIGHT="34" WIDTH="40" VPOS="1024" HPOS="899"/>
<SP HEIGHT="34" WIDTH="26" VPOS="1024" HPOS="940"/>
<String CONTENT="a.," HEIGHT="49" WIDTH="67" VPOS="1024" HPOS="967"/>
<SP HEIGHT="63" WIDTH="25" VPOS="1010" HPOS="1035"/>
<String CONTENT="1931." HEIGHT="50" WIDTH="149" VPOS="1008" HPOS="1061"/>
</TextLine>
<TextLine HEIGHT="53" WIDTH="1917" VPOS="1085" HPOS="166" STYLEREFS="StyleId-A76F1809-FC3D-42F9-868C-CB572C0855D4-" LANG="fr" CS="1">
<String CONTENT="3" HEIGHT="40" WIDTH="28" VPOS="1090" HPOS="166"/>
<SP HEIGHT="46" WIDTH="26" VPOS="1090" HPOS="195"/>
<String CS="1" CONTENT="p."/>
<SP/>
<String CS="1" CONTENT="l.," HEIGHT="15" WIDTH="9" VPOS="1121" HPOS="328"/>
<SP HEIGHT="29" WIDTH="32" VPOS="1109" HPOS="338"/>
<String CONTENT="[9]-94" HEIGHT="51" WIDTH="146" VPOS="1087" HPOS="371"/>
<SP HEIGHT="47" WIDTH="25" VPOS="1089" HPOS="518"/>
<String CS="1" CONTENT="p." HEIGHT="37" WIDTH="29" VPOS="1099" HPOS="544"/>
<SP HEIGHT="40" WIDTH="61" VPOS="1087" HPOS="588"/>
<String CONTENT="illus.," HEIGHT="48" WIDTH="138" VPOS="1087" HPOS="650"/>
<SP HEIGHT="47" WIDTH="28" VPOS="1088" HPOS="789"/>
<String CONTENT="4" HEIGHT="38" WIDTH="27" VPOS="1088" HPOS="818"/>
<SP HEIGHT="47" WIDTH="26" VPOS="1088" HPOS="846"/>
<String CONTENT="pl." HEIGHT="48" WIDTH="62" VPOS="1087" HPOS="873"/>
<SP HEIGHT="30" WIDTH="26" VPOS="1097" HPOS="936"/>
<String CONTENT="on" HEIGHT="29" WIDTH="61" VPOS="1097" HPOS="963"/>
<SP HEIGHT="39" WIDTH="25" VPOS="1086" HPOS="1025"/>
<String CONTENT="2" HEIGHT="39" WIDTH="26" VPOS="1086" HPOS="1051"/>
<SP HEIGHT="39" WIDTH="28" VPOS="1086" HPOS="1078"/>
<String CS="1" CONTENT="l." HEIGHT="9" WIDTH="9" VPOS="1116" HPOS="1129"/>
<SP HEIGHT="40" WIDTH="57" VPOS="1085" HPOS="1139"/>
<String CONTENT="21" HEIGHT="39" WIDTH="55" VPOS="1085" HPOS="1197"/>
<String STYLE="superscript" CS="1" CONTENT="&#7580;&#7504;."/>
<SP HEIGHT="48" WIDTH="67" VPOS="1085" HPOS="1315"/>
<String LANG="la" CONTENT="(Libros" HEIGHT="48" WIDTH="196" VPOS="1085" HPOS="1383"/>
<SP HEIGHT="39" WIDTH="26" VPOS="1086" HPOS="1580"/>
<String CONTENT="de" HEIGHT="38" WIDTH="58" VPOS="1086" HPOS="1607"/>
<SP HEIGHT="38" WIDTH="27" VPOS="1086" HPOS="1666"/>
<String CONTENT="la" HEIGHT="37" WIDTH="46" VPOS="1086" HPOS="1694"/>
<SP HEIGHT="28" WIDTH="28" VPOS="1095" HPOS="1741"/>
<String CS="1" CONTENT="naturaleza)" HEIGHT="47" WIDTH="313" VPOS="1085" HPOS="1770"/>
</TextLine>
<TextLine HEIGHT="54" WIDTH="1906" VPOS="1155" HPOS="103" STYLEREFS="StyleId-A76F1809-FC3D-42F9-868C-CB572C0855D4-" CS="1">
<String LANG="fr" CONTENT="&#169;" HEIGHT="52" WIDTH="52" VPOS="1157" HPOS="103"/>
<SP HEIGHT="52" WIDTH="27" VPOS="1157" HPOS="156"/>
<String LANG="de" CONTENT="Jan." HEIGHT="40" WIDTH="111" VPOS="1161" HPOS="184"/>
<SP HEIGHT="38" WIDTH="27" VPOS="1161" HPOS="296"/>
<String LANG="fr" CONTENT="10," HEIGHT="48" WIDTH="69" VPOS="1159" HPOS="324"/>
<SP HEIGHT="46" WIDTH="28" VPOS="1161" HPOS="394"/>
<String LANG="fr" CONTENT="1931;" HEIGHT="48" WIDTH="141" VPOS="1158" HPOS="423"/>
<SP/>
<String LANG="fr" CS="1" CONTENT="1c."/>
<SP HEIGHT="40" WIDTH="29" VPOS="1159" HPOS="662"/>
<String LANG="en-US" CONTENT="July" HEIGHT="48" WIDTH="114" VPOS="1158" HPOS="692"/>
<SP HEIGHT="49" WIDTH="27" VPOS="1157" HPOS="807"/>
<String LANG="fr" CONTENT="22;" HEIGHT="48" WIDTH="83" VPOS="1157" HPOS="835"/>
<SP HEIGHT="47" WIDTH="30" VPOS="1158" HPOS="919"/>
<!-- cceid F30C3053-6E8D-1014-9CF5-AEB3FCA41D69 --><String LANG="fr" CONTENT="A&#8212;" HEIGHT="39" WIDTH="102" VPOS="1158" HPOS="950"/>
<String LANG="en-US" CONTENT="Foreign" HEIGHT="48" WIDTH="207" VPOS="1156" HPOS="1054"/>
<SP HEIGHT="38" WIDTH="29" VPOS="1158" HPOS="1262"/>
<String LANG="fr" CONTENT="14260;" HEIGHT="48" WIDTH="170" VPOS="1155" HPOS="1292"/>
<SP HEIGHT="46" WIDTH="32" VPOS="1157" HPOS="1463"/>
<String LANG="fr" CONTENT="Espasa-Calpe," HEIGHT="49" WIDTH="370" VPOS="1155" HPOS="1496"/>
<SP HEIGHT="38" WIDTH="32" VPOS="1166" HPOS="1867"/>
<String LANG="fr" CONTENT="s." HEIGHT="29" WIDTH="33" VPOS="1166" HPOS="1900"/>
<SP HEIGHT="30" WIDTH="32" VPOS="1165" HPOS="1934"/>
<String LANG="fr" CONTENT="a." HEIGHT="30" WIDTH="42" VPOS="1165" HPOS="1967"/>
</TextLine>
<TextLine HEIGHT="49" WIDTH="249" VPOS="1216" HPOS="183" STYLEREFS="StyleId-A76F1809-FC3D-42F9-868C-CB572C0855D4-" LANG="fr">
<String CONTENT="(32-1449)" HEIGHT="49" WIDTH="249" VPOS="1216" HPOS="183"/>
</TextLine>
<TextLine HEIGHT="67" WIDTH="831" VPOS="1308" HPOS="98">
<String LANG="de" CONTENT="Deller," HEIGHT="65" WIDTH="213" VPOS="1310" HPOS="98"/>
<SP HEIGHT="65" WIDTH="28" VPOS="1310" HPOS="312"/>
<String LANG="fr" CONTENT="Anthony" HEIGHT="63" WIDTH="288" VPOS="1310" HPOS="341"/>
<SP HEIGHT="63" WIDTH="26" VPOS="1310" HPOS="630"/>
<String LANG="fr" CONTENT="William." HEIGHT="56" WIDTH="272" VPOS="1308" HPOS="657"/>
</TextLine>
<TextLine HEIGHT="72" WIDTH="1927" VPOS="1382" HPOS="167" LANG="en-US">
<String CONTENT="Principles" HEIGHT="69" WIDTH="321" VPOS="1385" HPOS="167"/>
<SP HEIGHT="35" WIDTH="28" VPOS="1404" HPOS="489"/>
<String CONTENT="of" HEIGHT="53" WIDTH="64" VPOS="1385" HPOS="518"/>
<SP HEIGHT="68" WIDTH="28" VPOS="1385" HPOS="583"/>
<String LANG="fr" CONTENT="patent" HEIGHT="62" WIDTH="198" VPOS="1391" HPOS="612"/>
<SP HEIGHT="54" WIDTH="27" VPOS="1385" HPOS="811"/>
<String CONTENT="law" HEIGHT="53" WIDTH="110" VPOS="1385" HPOS="839"/>
<SP HEIGHT="55" WIDTH="31" VPOS="1383" HPOS="950"/>
<String CONTENT="for" HEIGHT="54" WIDTH="93" VPOS="1383" HPOS="982"/>
<SP HEIGHT="47" WIDTH="27" VPOS="1390" HPOS="1076"/>
<String CONTENT="the" HEIGHT="53" WIDTH="96" VPOS="1384" HPOS="1104"/>
<SP HEIGHT="37" WIDTH="28" VPOS="1402" HPOS="1201"/>
<String CONTENT="chemical" HEIGHT="57" WIDTH="272" VPOS="1382" HPOS="1230"/>
<SP HEIGHT="52" WIDTH="28" VPOS="1383" HPOS="1503"/>
<String CONTENT="and" HEIGHT="52" WIDTH="114" VPOS="1386" HPOS="1532"/>
<SP HEIGHT="52" WIDTH="26" VPOS="1386" HPOS="1647"/>
<String CONTENT="metallurgical" HEIGHT="69" WIDTH="420" VPOS="1382" HPOS="1674"/>
</TextLine>
<TextLine HEIGHT="72" WIDTH="1996" VPOS="1460" HPOS="98" LANG="en-US" CS="1">
<String CONTENT="industries," HEIGHT="70" WIDTH="326" VPOS="1462" HPOS="98"/>
<SP HEIGHT="67" WIDTH="37" VPOS="1465" HPOS="425"/>
<String CONTENT="by" HEIGHT="67" WIDTH="76" VPOS="1465" HPOS="463"/>
<SP HEIGHT="67" WIDTH="36" VPOS="1465" HPOS="540"/>
<String CONTENT="Anthony" HEIGHT="68" WIDTH="279" VPOS="1464" HPOS="577"/>
<SP HEIGHT="68" WIDTH="36" VPOS="1464" HPOS="857"/>
<String CONTENT="William" HEIGHT="56" WIDTH="262" VPOS="1461" HPOS="894"/>
<SP HEIGHT="51" WIDTH="37" VPOS="1464" HPOS="1157"/>
<String LANG="de" CONTENT="Deller" HEIGHT="54" WIDTH="195" VPOS="1461" HPOS="1195"/>
<SP HEIGHT="34" WIDTH="44" VPOS="1481" HPOS="1391"/>
<String CS="1" CONTENT="&#8230;"/>
<SP HEIGHT="53" WIDTH="79" VPOS="1461" HPOS="1493"/>
<String CONTENT="New" HEIGHT="53" WIDTH="138" VPOS="1461" HPOS="1573"/>
<SP HEIGHT="52" WIDTH="40" VPOS="1462" HPOS="1712"/>
<String CONTENT="York," HEIGHT="69" WIDTH="181" VPOS="1460" HPOS="1753"/>
<SP HEIGHT="67" WIDTH="36" VPOS="1462" HPOS="1935"/>
<String CONTENT="The" HEIGHT="52" WIDTH="122" VPOS="1461" HPOS="1972"/>
</TextLine>
<TextLine HEIGHT="71" WIDTH="1196" VPOS="1539" HPOS="99" LANG="en-US">
<String CONTENT="Chemical" HEIGHT="56" WIDTH="290" VPOS="1541" HPOS="99"/>
<SP HEIGHT="52" WIDTH="26" VPOS="1542" HPOS="390"/>
<String CONTENT="catalog" HEIGHT="69" WIDTH="225" VPOS="1541" HPOS="417"/>
<SP HEIGHT="51" WIDTH="23" VPOS="1559" HPOS="643"/>
<String CONTENT="company," HEIGHT="51" WIDTH="296" VPOS="1557" HPOS="667"/>
<SP HEIGHT="68" WIDTH="24" VPOS="1539" HPOS="964"/>
<String CONTENT="inc.," HEIGHT="69" WIDTH="126" VPOS="1539" HPOS="989"/>
<SP HEIGHT="64" WIDTH="27" VPOS="1544" HPOS="1116"/>
<String CONTENT="1931." HEIGHT="51" WIDTH="151" VPOS="1542" HPOS="1144"/>
</TextLine>
<TextLine HEIGHT="53" WIDTH="1141" VPOS="1619" HPOS="168" STYLEREFS="StyleId-A76F1809-FC3D-42F9-868C-CB572C0855D4-" LANG="en-US" CS="1">
<String CONTENT="3" HEIGHT="40" WIDTH="28" VPOS="1624" HPOS="168"/>
<SP/>
<String CS="1" CONTENT="p."/>
<SP/>
<String CS="1" CONTENT="l.," HEIGHT="18" WIDTH="9" VPOS="1654" HPOS="332"/>
<SP HEIGHT="48" WIDTH="27" VPOS="1624" HPOS="342"/>
<String CS="1" CONTENT="3-483" HEIGHT="40" WIDTH="143" VPOS="1623" HPOS="370"/>
<SP HEIGHT="46" WIDTH="28" VPOS="1624" HPOS="514"/>
<String CONTENT="p." HEIGHT="37" WIDTH="44" VPOS="1633" HPOS="543"/>
<SP HEIGHT="41" WIDTH="57" VPOS="1621" HPOS="588"/>
<String CONTENT="front.," HEIGHT="49" WIDTH="163" VPOS="1621" HPOS="646"/>
<SP HEIGHT="49" WIDTH="27" VPOS="1621" HPOS="810"/>
<String CONTENT="illus.," HEIGHT="48" WIDTH="142" VPOS="1621" HPOS="838"/>
<SP HEIGHT="47" WIDTH="30" VPOS="1622" HPOS="981"/>
<String CONTENT="diagrs." HEIGHT="49" WIDTH="180" VPOS="1620" HPOS="1012"/>
<SP HEIGHT="42" WIDTH="59" VPOS="1619" HPOS="1193"/>
<String CS="1" CONTENT="23&#189;&#7580;&#7504;." HEIGHT="42" WIDTH="56" VPOS="1619" HPOS="1253"/>
</TextLine>
<TextLine HEIGHT="50" WIDTH="1017" VPOS="1692" HPOS="172" STYLEREFS="StyleId-A76F1809-FC3D-42F9-868C-CB572C0855D4-" LANG="en-US">
<String CONTENT="Bibliography" HEIGHT="50" WIDTH="350" VPOS="1692" HPOS="172"/>
<SP HEIGHT="38" WIDTH="27" VPOS="1703" HPOS="523"/>
<String CONTENT="at" HEIGHT="39" WIDTH="52" VPOS="1695" HPOS="551"/>
<SP HEIGHT="39" WIDTH="26" VPOS="1695" HPOS="604"/>
<String CONTENT="end" HEIGHT="41" WIDTH="91" VPOS="1693" HPOS="631"/>
<SP HEIGHT="41" WIDTH="27" VPOS="1693" HPOS="723"/>
<String CONTENT="of" HEIGHT="41" WIDTH="52" VPOS="1693" HPOS="751"/>
<SP HEIGHT="41" WIDTH="22" VPOS="1693" HPOS="804"/>
<String CONTENT="each" HEIGHT="42" WIDTH="119" VPOS="1692" HPOS="827"/>
<SP HEIGHT="41" WIDTH="26" VPOS="1692" HPOS="947"/>
<String CONTENT="chapter." HEIGHT="48" WIDTH="215" VPOS="1693" HPOS="974"/>
</TextLine>
<TextLine HEIGHT="51" WIDTH="1012" VPOS="1749" HPOS="171" STYLEREFS="StyleId-A76F1809-FC3D-42F9-868C-CB572C0855D4-" LANG="en-US" CS="1">
<String CONTENT="&#8220;General" HEIGHT="41" WIDTH="235" VPOS="1751" HPOS="171"/>
<SP HEIGHT="39" WIDTH="29" VPOS="1752" HPOS="407"/>
<String CS="1" CONTENT="bibliography&#8221;:" HEIGHT="49" WIDTH="364" VPOS="1750" HPOS="437"/>
<SP HEIGHT="38" WIDTH="30" VPOS="1761" HPOS="829"/>
<String CONTENT="p." HEIGHT="37" WIDTH="43" VPOS="1762" HPOS="860"/>
<SP HEIGHT="30" WIDTH="29" VPOS="1770" HPOS="904"/>
<String CONTENT="[451]-461." HEIGHT="51" WIDTH="249" VPOS="1749" HPOS="934"/>
</TextLine>
<TextLine HEIGHT="52" WIDTH="1991" VPOS="1819" HPOS="106" STYLEREFS="StyleId-A76F1809-FC3D-42F9-868C-CB572C0855D4-" LANG="en-US" CS="1">
<String CONTENT="&#169;" HEIGHT="52" WIDTH="52" VPOS="1819" HPOS="106"/>
<SP HEIGHT="52" WIDTH="23" VPOS="1819" HPOS="159"/>
<String CONTENT="Dec." HEIGHT="41" WIDTH="111" VPOS="1823" HPOS="183"/>
<SP HEIGHT="42" WIDTH="21" VPOS="1822" HPOS="295"/>
<String CONTENT="21," HEIGHT="49" WIDTH="70" VPOS="1822" HPOS="317"/>
<SP HEIGHT="48" WIDTH="21" VPOS="1823" HPOS="388"/>
<String CS="1" CONTENT="1931;" HEIGHT="41" WIDTH="112" VPOS="1821" HPOS="410"/>
<SP HEIGHT="47" WIDTH="23" VPOS="1822" HPOS="551"/>
<String CONTENT="2c." HEIGHT="41" WIDTH="68" VPOS="1822" HPOS="575"/>
<SP HEIGHT="38" WIDTH="22" VPOS="1823" HPOS="644"/>
<String CONTENT="Dec." HEIGHT="39" WIDTH="112" VPOS="1823" HPOS="667"/>
<SP HEIGHT="40" WIDTH="20" VPOS="1822" HPOS="780"/>
<String CS="1" CONTENT="24;" HEIGHT="40" WIDTH="56" VPOS="1822" HPOS="801"/>
<SP HEIGHT="37" WIDTH="26" VPOS="1832" HPOS="885"/>
<String CONTENT="aff." HEIGHT="42" WIDTH="82" VPOS="1822" HPOS="912"/>
<SP HEIGHT="42" WIDTH="23" VPOS="1822" HPOS="995"/>
<String CONTENT="Dec." HEIGHT="42" WIDTH="111" VPOS="1822" HPOS="1019"/>
<SP HEIGHT="43" WIDTH="22" VPOS="1821" HPOS="1131"/>
<String CS="1" CONTENT="23;" HEIGHT="41" WIDTH="57" VPOS="1821" HPOS="1154"/>
<SP HEIGHT="47" WIDTH="25" VPOS="1822" HPOS="1238"/>
<!-- cceid F30C3BE2-6E8D-1014-9CF5-AEB3FCA41D69 --><String CONTENT="A" HEIGHT="38" WIDTH="41" VPOS="1822" HPOS="1264"/>
<SP HEIGHT="38" WIDTH="21" VPOS="1822" HPOS="1306"/>
<String CS="1" CONTENT="46557;" HEIGHT="40" WIDTH="143" VPOS="1821" HPOS="1328"/>
<SP HEIGHT="48" WIDTH="28" VPOS="1820" HPOS="1500"/>
<String CONTENT="Chemical" HEIGHT="41" WIDTH="244" VPOS="1820" HPOS="1529"/>
<SP HEIGHT="40" WIDTH="24" VPOS="1821" HPOS="1774"/>
<String CONTENT="catalog" HEIGHT="47" WIDTH="193" VPOS="1820" HPOS="1799"/>
<SP HEIGHT="38" WIDTH="22" VPOS="1829" HPOS="1993"/>
<String CONTENT="co.," HEIGHT="38" WIDTH="81" VPOS="1828" HPOS="2016"/>
</TextLine>
<TextLine HEIGHT="49" WIDTH="410" VPOS="1879" HPOS="175" STYLEREFS="StyleId-A76F1809-FC3D-42F9-868C-CB572C0855D4-" LANG="en-US">
<String CONTENT="inc." HEIGHT="41" WIDTH="89" VPOS="1879" HPOS="175"/>
<SP HEIGHT="48" WIDTH="69" VPOS="1880" HPOS="265"/>
<String CONTENT="(32-1357)" HEIGHT="48" WIDTH="250" VPOS="1880" HPOS="335"/>
</TextLine>
<TextLine HEIGHT="67" WIDTH="650" VPOS="1970" HPOS="101" LANG="en-US">
<String CONTENT="Downes," HEIGHT="65" WIDTH="268" VPOS="1972" HPOS="101"/>
<SP HEIGHT="65" WIDTH="27" VPOS="1972" HPOS="370"/>
<String CONTENT="Olin," HEIGHT="67" WIDTH="151" VPOS="1970" HPOS="398"/>
<SP HEIGHT="59" WIDTH="28" VPOS="1978" HPOS="550"/>
<String CONTENT="1886-" HEIGHT="50" WIDTH="172" VPOS="1977" HPOS="579"/>
</TextLine>
<TextLine HEIGHT="148" WIDTH="1973" VPOS="2046" HPOS="100" LANG="en-US" CS="1">
<String CONTENT="Symphonic" HEIGHT="70" WIDTH="351" VPOS="2046" HPOS="167"/>
<SP HEIGHT="53" WIDTH="20" VPOS="2047" HPOS="519"/>
<String CONTENT="broadcasts," HEIGHT="67" WIDTH="343" VPOS="2047" HPOS="540"/>
<SP HEIGHT="66" WIDTH="20" VPOS="2048" HPOS="884"/>
<String CONTENT="by" HEIGHT="68" WIDTH="74" VPOS="2048" HPOS="905"/>
<SP HEIGHT="69" WIDTH="24" VPOS="2047" HPOS="980"/>
<String CONTENT="Olin" HEIGHT="53" WIDTH="136" VPOS="2047" HPOS="1005"/>
<SP HEIGHT="53" WIDTH="23" VPOS="2047" HPOS="1142"/>
<String CONTENT="Downes." HEIGHT="52" WIDTH="255" VPOS="2047" HPOS="1166"/>
<SP HEIGHT="51" WIDTH="62" VPOS="2047" HPOS="1422"/>
<String CONTENT="New" HEIGHT="54" WIDTH="137" VPOS="2047" HPOS="1485"/>
<SP HEIGHT="55" WIDTH="25" VPOS="2046" HPOS="1623"/>
<String CONTENT="York," HEIGHT="69" WIDTH="180" VPOS="2046" HPOS="1649"/>
<SP HEIGHT="69" WIDTH="22" VPOS="2046" HPOS="1830"/>
<String CONTENT="L." HEIGHT="52" WIDTH="63" VPOS="2046" HPOS="1853"/>
<SP HEIGHT="51" WIDTH="24" VPOS="2048" HPOS="1917"/>
<String CONTENT="MacVeagh," HEIGHT="146" WIDTH="1973" VPOS="2048" HPOS="100"/>
</TextLine>
<TextLine HEIGHT="69" WIDTH="1738" VPOS="2123" HPOS="359" LANG="en-US" CS="1">
<String CONTENT="Dial" HEIGHT="54" WIDTH="136" VPOS="2123" HPOS="359"/>
<SP HEIGHT="69" WIDTH="41" VPOS="2123" HPOS="496"/>
<String CONTENT="press" HEIGHT="51" WIDTH="157" VPOS="2141" HPOS="538"/>
<SP HEIGHT="53" WIDTH="40" VPOS="2124" HPOS="696"/>
<String CS="1" CONTENT="inc.;" HEIGHT="54" WIDTH="104" VPOS="2124" HPOS="737"/>
<SP HEIGHT="66" WIDTH="43" VPOS="2126" HPOS="874"/>
<String CONTENT="Toronto," HEIGHT="66" WIDTH="270" VPOS="2126" HPOS="918"/>
<SP HEIGHT="67" WIDTH="39" VPOS="2125" HPOS="1189"/>
<String CONTENT="Longmans," HEIGHT="67" WIDTH="343" VPOS="2125" HPOS="1229"/>
<SP HEIGHT="68" WIDTH="43" VPOS="2123" HPOS="1573"/>
<String CONTENT="Green" HEIGHT="54" WIDTH="183" VPOS="2123" HPOS="1617"/>
<SP HEIGHT="35" WIDTH="43" VPOS="2141" HPOS="1801"/>
<String CONTENT="and" HEIGHT="51" WIDTH="111" VPOS="2125" HPOS="1845"/>
<SP HEIGHT="51" WIDTH="42" VPOS="2125" HPOS="1957"/>
<String CONTENT="co.," HEIGHT="51" WIDTH="97" VPOS="2140" HPOS="2000"/>
</TextLine>
<TextLine HEIGHT="50" WIDTH="148" VPOS="2205" HPOS="99" LANG="en-US">
<String CONTENT="1931." HEIGHT="50" WIDTH="148" VPOS="2205" HPOS="99"/>
</TextLine>
<TextLine HEIGHT="50" WIDTH="400" VPOS="2283" HPOS="167" STYLEREFS="StyleId-A76F1809-FC3D-42F9-868C-CB572C0855D4-" LANG="en-US" CS="1">
<String CONTENT="xvi," HEIGHT="49" WIDTH="97" VPOS="2284" HPOS="167"/>
<SP HEIGHT="50" WIDTH="27" VPOS="2283" HPOS="265"/>
<String CONTENT="330" HEIGHT="41" WIDTH="86" VPOS="2283" HPOS="293"/>
<SP HEIGHT="48" WIDTH="27" VPOS="2284" HPOS="380"/>
<String CONTENT="p." HEIGHT="39" WIDTH="44" VPOS="2293" HPOS="408"/>
<SP HEIGHT="40" WIDTH="57" VPOS="2284" HPOS="453"/>
<String CS="1" CONTENT="19&#189;&#7580;&#7504;." HEIGHT="41" WIDTH="56" VPOS="2283" HPOS="511"/>
</TextLine>
<TextLine HEIGHT="49" WIDTH="1931" VPOS="2351" HPOS="171" STYLEREFS="StyleId-A76F1809-FC3D-42F9-868C-CB572C0855D4-" LANG="en-US">
<String CONTENT="&#8220;Re-written" HEIGHT="42" WIDTH="313" VPOS="2351" HPOS="171"/>
<SP HEIGHT="29" WIDTH="39" VPOS="2364" HPOS="485"/>
<String CONTENT="versions" HEIGHT="42" WIDTH="217" VPOS="2351" HPOS="525"/>
<SP HEIGHT="29" WIDTH="37" VPOS="2364" HPOS="743"/>
<String CONTENT="of" HEIGHT="40" WIDTH="50" VPOS="2353" HPOS="781"/>
<SP HEIGHT="39" WIDTH="38" VPOS="2353" HPOS="832"/>
<String CONTENT="radio" HEIGHT="40" WIDTH="136" VPOS="2353" HPOS="871"/>
<SP HEIGHT="38" WIDTH="37" VPOS="2356" HPOS="1008"/>
<String CONTENT="talks" HEIGHT="41" WIDTH="131" VPOS="2353" HPOS="1046"/>
<SP HEIGHT="31" WIDTH="35" VPOS="2362" HPOS="1178"/>
<String CONTENT="about" HEIGHT="41" WIDTH="147" VPOS="2353" HPOS="1214"/>
<SP HEIGHT="41" WIDTH="40" VPOS="2353" HPOS="1362"/>
<String CONTENT="Sunday" HEIGHT="47" WIDTH="194" VPOS="2353" HPOS="1403"/>
<SP HEIGHT="37" WIDTH="38" VPOS="2363" HPOS="1598"/>
<String CONTENT="programs" HEIGHT="38" WIDTH="252" VPOS="2362" HPOS="1637"/>
<SP HEIGHT="30" WIDTH="38" VPOS="2363" HPOS="1890"/>
<String CONTENT="of" HEIGHT="41" WIDTH="53" VPOS="2352" HPOS="1929"/>
<SP HEIGHT="41" WIDTH="36" VPOS="2352" HPOS="1983"/>
<String CONTENT="the" HEIGHT="42" WIDTH="82" VPOS="2351" HPOS="2020"/>
</TextLine>
<TextLine HEIGHT="51" WIDTH="1999" VPOS="2407" HPOS="101" STYLEREFS="StyleId-A76F1809-FC3D-42F9-868C-CB572C0855D4-" LANG="en-US">
<String CONTENT="New" HEIGHT="42" WIDTH="115" VPOS="2408" HPOS="101"/>
<SP HEIGHT="40" WIDTH="33" VPOS="2410" HPOS="217"/>
<String CONTENT="York" HEIGHT="40" WIDTH="129" VPOS="2410" HPOS="251"/>
<SP HEIGHT="46" WIDTH="32" VPOS="2412" HPOS="381"/>
<String CONTENT="philharmonic-symphony" HEIGHT="51" WIDTH="638" VPOS="2407" HPOS="414"/>
<SP HEIGHT="38" WIDTH="38" VPOS="2419" HPOS="1053"/>
<String CONTENT="orchestra" HEIGHT="40" WIDTH="243" VPOS="2409" HPOS="1092"/>
<SP HEIGHT="28" WIDTH="41" VPOS="2420" HPOS="1336"/>
<String CONTENT="and" HEIGHT="39" WIDTH="92" VPOS="2411" HPOS="1378"/>
<SP HEIGHT="39" WIDTH="37" VPOS="2411" HPOS="1471"/>
<String CONTENT="two" HEIGHT="37" WIDTH="95" VPOS="2413" HPOS="1509"/>
<SP HEIGHT="37" WIDTH="36" VPOS="2420" HPOS="1605"/>
<String CONTENT="programs" HEIGHT="38" WIDTH="252" VPOS="2419" HPOS="1642"/>
<SP HEIGHT="30" WIDTH="35" VPOS="2419" HPOS="1895"/>
<String CONTENT="of" HEIGHT="39" WIDTH="51" VPOS="2410" HPOS="1931"/>
<SP HEIGHT="40" WIDTH="36" VPOS="2410" HPOS="1983"/>
<String CONTENT="the" HEIGHT="41" WIDTH="80" VPOS="2409" HPOS="2020"/>
</TextLine>
<TextLine HEIGHT="50" WIDTH="2003" VPOS="2463" HPOS="99" STYLEREFS="StyleId-A76F1809-FC3D-42F9-868C-CB572C0855D4-" LANG="en-US" CS="1">
<String CONTENT="orchestra" HEIGHT="42" WIDTH="247" VPOS="2465" HPOS="99"/>
<SP HEIGHT="31" WIDTH="30" VPOS="2474" HPOS="347"/>
<String CONTENT="of" HEIGHT="39" WIDTH="51" VPOS="2465" HPOS="378"/>
<SP HEIGHT="39" WIDTH="26" VPOS="2465" HPOS="430"/>
<String CONTENT="the" HEIGHT="40" WIDTH="82" VPOS="2465" HPOS="457"/>
<SP HEIGHT="42" WIDTH="28" VPOS="2466" HPOS="540"/>
<String CONTENT="Curtis" HEIGHT="43" WIDTH="166" VPOS="2465" HPOS="569"/>
<SP HEIGHT="39" WIDTH="24" VPOS="2466" HPOS="736"/>
<String CONTENT="institute" HEIGHT="43" WIDTH="226" VPOS="2463" HPOS="761"/>
<SP HEIGHT="31" WIDTH="27" VPOS="2475" HPOS="988"/>
<String CONTENT="of" HEIGHT="40" WIDTH="52" VPOS="2465" HPOS="1016"/>
<SP HEIGHT="39" WIDTH="25" VPOS="2465" HPOS="1069"/>
<String CONTENT="music" HEIGHT="41" WIDTH="154" VPOS="2464" HPOS="1095"/>
<SP HEIGHT="38" WIDTH="26" VPOS="2475" HPOS="1250"/>
<String CONTENT="given" HEIGHT="48" WIDTH="138" VPOS="2465" HPOS="1277"/>
<SP HEIGHT="29" WIDTH="35" VPOS="2476" HPOS="1416"/>
<String CS="1" CONTENT="&#8230;"/>
<SP HEIGHT="38" WIDTH="31" VPOS="2468" HPOS="1498"/>
<String CONTENT="during" HEIGHT="48" WIDTH="175" VPOS="2465" HPOS="1530"/>
<SP HEIGHT="45" WIDTH="28" VPOS="2468" HPOS="1706"/>
<String CONTENT="the" HEIGHT="39" WIDTH="81" VPOS="2467" HPOS="1735"/>
<SP HEIGHT="29" WIDTH="31" VPOS="2477" HPOS="1817"/>
<String CONTENT="season" HEIGHT="31" WIDTH="167" VPOS="2475" HPOS="1849"/>
<SP HEIGHT="29" WIDTH="31" VPOS="2477" HPOS="2017"/>
<String CONTENT="of" HEIGHT="41" WIDTH="53" VPOS="2465" HPOS="2049"/>
</TextLine>
<TextLine HEIGHT="43" WIDTH="551" VPOS="2520" HPOS="98" STYLEREFS="StyleId-A76F1809-FC3D-42F9-868C-CB572C0855D4-" LANG="en-US">
<String CONTENT="1930-1931.&#8221;&#8212;Introd." HEIGHT="43" WIDTH="551" VPOS="2520" HPOS="98"/>
</TextLine>
<TextLine HEIGHT="52" WIDTH="1880" VPOS="2590" HPOS="111" STYLEREFS="StyleId-A76F1809-FC3D-42F9-868C-CB572C0855D4-" LANG="en-US" CS="1">
<String CONTENT="&#169;" HEIGHT="52" WIDTH="52" VPOS="2590" HPOS="111"/>
<SP HEIGHT="52" WIDTH="25" VPOS="2590" HPOS="164"/>
<String CONTENT="Dec." HEIGHT="39" WIDTH="111" VPOS="2594" HPOS="190"/>
<SP HEIGHT="39" WIDTH="26" VPOS="2594" HPOS="302"/>
<String CONTENT="16," HEIGHT="49" WIDTH="69" VPOS="2592" HPOS="329"/>
<SP HEIGHT="47" WIDTH="26" VPOS="2594" HPOS="399"/>
<String CS="1" CONTENT="1931;" HEIGHT="41" WIDTH="112" VPOS="2591" HPOS="426"/>
<SP HEIGHT="48" WIDTH="27" VPOS="2591" HPOS="567"/>
<String CONTENT="2c." HEIGHT="41" WIDTH="67" VPOS="2591" HPOS="595"/>
<SP HEIGHT="39" WIDTH="27" VPOS="2592" HPOS="663"/>
<String CONTENT="Dec." HEIGHT="40" WIDTH="110" VPOS="2592" HPOS="691"/>
<SP HEIGHT="40" WIDTH="27" VPOS="2592" HPOS="802"/>
<String CS="1" CONTENT="23;" HEIGHT="40" WIDTH="57" VPOS="2592" HPOS="830"/>
<SP HEIGHT="37" WIDTH="29" VPOS="2602" HPOS="913"/>
<String CONTENT="aff." HEIGHT="42" WIDTH="83" VPOS="2591" HPOS="943"/>
<SP HEIGHT="41" WIDTH="27" VPOS="2592" HPOS="1027"/>
<String CONTENT="Dec." HEIGHT="40" WIDTH="111" VPOS="2592" HPOS="1055"/>
<SP HEIGHT="41" WIDTH="26" VPOS="2591" HPOS="1167"/>
<String CS="1" CONTENT="28;" HEIGHT="41" WIDTH="57" VPOS="2591" HPOS="1194"/>
<SP HEIGHT="48" WIDTH="29" VPOS="2592" HPOS="1278"/>
<!-- cceid F30C470C-6E8D-1014-9CF5-AEB3FCA41D69 --><String CONTENT="A" HEIGHT="39" WIDTH="42" VPOS="2592" HPOS="1308"/>
<SP HEIGHT="39" WIDTH="23" VPOS="2592" HPOS="1351"/>
<String CS="1" CONTENT="46572;" HEIGHT="40" WIDTH="145" VPOS="2592" HPOS="1375"/>
<SP HEIGHT="46" WIDTH="30" VPOS="2593" HPOS="1548"/>
<String CONTENT="Dial" HEIGHT="39" WIDTH="114" VPOS="2592" HPOS="1579"/>
<SP HEIGHT="47" WIDTH="27" VPOS="2593" HPOS="1694"/>
<String CONTENT="press," HEIGHT="38" WIDTH="150" VPOS="2602" HPOS="1722"/>
<SP HEIGHT="47" WIDTH="27" VPOS="2592" HPOS="1873"/>
<String CONTENT="inc." HEIGHT="39" WIDTH="90" VPOS="2592" HPOS="1901"/>
</TextLine>
<TextLine HEIGHT="49" WIDTH="250" VPOS="2650" HPOS="188" STYLEREFS="StyleId-A76F1809-FC3D-42F9-868C-CB572C0855D4-" LANG="en-US">
<String CONTENT="(32-1278)" HEIGHT="49" WIDTH="250" VPOS="2650" HPOS="188"/>
</TextLine>
<TextLine HEIGHT="66" WIDTH="1092" VPOS="2742" HPOS="105" LANG="en-US">
<String CONTENT="Erwin," HEIGHT="66" WIDTH="219" VPOS="2742" HPOS="105"/>
<SP HEIGHT="64" WIDTH="26" VPOS="2744" HPOS="325"/>
<String CONTENT="James" HEIGHT="52" WIDTH="204" VPOS="2744" HPOS="352"/>
<SP HEIGHT="54" WIDTH="25" VPOS="2743" HPOS="557"/>
<String CONTENT="Shrewsbury," HEIGHT="65" WIDTH="410" VPOS="2742" HPOS="583"/>
<SP HEIGHT="58" WIDTH="31" VPOS="2749" HPOS="994"/>
<String CONTENT="1857-" HEIGHT="54" WIDTH="171" VPOS="2744" HPOS="1026"/>
</TextLine>
<TextLine HEIGHT="148" WIDTH="1972" VPOS="2819" HPOS="107" LANG="en-US" CS="1">
<String CONTENT="Law" HEIGHT="53" WIDTH="138" VPOS="2821" HPOS="178"/>
<SP HEIGHT="35" WIDTH="27" VPOS="2839" HPOS="317"/>
<String CONTENT="and" HEIGHT="54" WIDTH="112" VPOS="2820" HPOS="345"/>
<SP HEIGHT="69" WIDTH="27" VPOS="2820" HPOS="458"/>
<String CONTENT="practice" HEIGHT="70" WIDTH="249" VPOS="2819" HPOS="486"/>
<SP HEIGHT="53" WIDTH="26" VPOS="2820" HPOS="736"/>
<String CONTENT="in" HEIGHT="53" WIDTH="60" VPOS="2820" HPOS="763"/>
<SP HEIGHT="47" WIDTH="24" VPOS="2826" HPOS="824"/>
<String CONTENT="the" HEIGHT="54" WIDTH="97" VPOS="2819" HPOS="849"/>
<SP HEIGHT="52" WIDTH="24" VPOS="2821" HPOS="947"/>
<String CONTENT="District" HEIGHT="54" WIDTH="247" VPOS="2820" HPOS="972"/>
<SP HEIGHT="47" WIDTH="26" VPOS="2826" HPOS="1220"/>
<String CONTENT="courts" HEIGHT="48" WIDTH="188" VPOS="2826" HPOS="1247"/>
<SP HEIGHT="35" WIDTH="27" VPOS="2839" HPOS="1436"/>
<String CONTENT="of" HEIGHT="54" WIDTH="66" VPOS="2820" HPOS="1464"/>
<SP HEIGHT="54" WIDTH="26" VPOS="2820" HPOS="1531"/>
<String CONTENT="New" HEIGHT="53" WIDTH="140" VPOS="2821" HPOS="1558"/>
<SP HEIGHT="54" WIDTH="27" VPOS="2821" HPOS="1699"/>
<String CONTENT="Jersey," HEIGHT="68" WIDTH="219" VPOS="2821" HPOS="1727"/>
<SP HEIGHT="50" WIDTH="28" VPOS="2839" HPOS="1947"/>
<String CONTENT="containing" HEIGHT="131" WIDTH="1972" VPOS="2836" HPOS="107"/>
</TextLine>
<TextLine HEIGHT="71" WIDTH="1740" VPOS="2896" HPOS="364" LANG="en-US">
<String CONTENT="&#8220;An" HEIGHT="53" WIDTH="130" VPOS="2897" HPOS="364"/>
<SP HEIGHT="33" WIDTH="30" VPOS="2917" HPOS="495"/>
<String CONTENT="act" HEIGHT="49" WIDTH="91" VPOS="2901" HPOS="526"/>
<SP HEIGHT="49" WIDTH="29" VPOS="2901" HPOS="618"/>
<String CONTENT="concerning" HEIGHT="70" WIDTH="341" VPOS="2897" HPOS="648"/>
<SP HEIGHT="68" WIDTH="28" VPOS="2899" HPOS="990"/>
<String CONTENT="District" HEIGHT="54" WIDTH="248" VPOS="2897" HPOS="1019"/>
<SP HEIGHT="47" WIDTH="29" VPOS="2903" HPOS="1268"/>
<String CONTENT="courts&#8221;," HEIGHT="68" WIDTH="242" VPOS="2897" HPOS="1298"/>
<SP HEIGHT="48" WIDTH="32" VPOS="2917" HPOS="1541"/>
<String CONTENT="revision" HEIGHT="53" WIDTH="245" VPOS="2898" HPOS="1574"/>
<SP HEIGHT="34" WIDTH="33" VPOS="2916" HPOS="1820"/>
<String CONTENT="of" HEIGHT="54" WIDTH="65" VPOS="2896" HPOS="1854"/>
<SP HEIGHT="53" WIDTH="32" VPOS="2896" HPOS="1920"/>
<String CONTENT="1898," HEIGHT="63" WIDTH="151" VPOS="2899" HPOS="1953"/>
</TextLine>
<TextLine HEIGHT="68" WIDTH="1992" VPOS="2975" HPOS="110" LANG="en-US">
<String CONTENT="with" HEIGHT="52" WIDTH="140" VPOS="2976" HPOS="110"/>
<SP HEIGHT="51" WIDTH="31" VPOS="2977" HPOS="251"/>
<String CONTENT="all" HEIGHT="52" WIDTH="79" VPOS="2976" HPOS="283"/>
<SP HEIGHT="52" WIDTH="30" VPOS="2976" HPOS="363"/>
<String CONTENT="supplements" HEIGHT="67" WIDTH="387" VPOS="2976" HPOS="394"/>
<SP HEIGHT="35" WIDTH="31" VPOS="2994" HPOS="782"/>
<String CONTENT="and" HEIGHT="52" WIDTH="113" VPOS="2976" HPOS="814"/>
<SP HEIGHT="52" WIDTH="33" VPOS="2976" HPOS="928"/>
<String CONTENT="amendments" HEIGHT="54" WIDTH="388" VPOS="2975" HPOS="962"/>
<SP HEIGHT="46" WIDTH="31" VPOS="2985" HPOS="1351"/>
<String CONTENT="to" HEIGHT="46" WIDTH="58" VPOS="2985" HPOS="1383"/>
<SP HEIGHT="48" WIDTH="35" VPOS="2981" HPOS="1442"/>
<String CONTENT="1931," HEIGHT="65" WIDTH="153" VPOS="2978" HPOS="1478"/>
<SP HEIGHT="67" WIDTH="31" VPOS="2976" HPOS="1632"/>
<String CONTENT="inclusive," HEIGHT="67" WIDTH="293" VPOS="2976" HPOS="1664"/>
<SP HEIGHT="48" WIDTH="31" VPOS="2995" HPOS="1958"/>
<String CONTENT="and" HEIGHT="52" WIDTH="112" VPOS="2976" HPOS="1990"/>
</TextLine>
<TextLine HEIGHT="70" WIDTH="1997" VPOS="3051" HPOS="109" LANG="en-US">
<String CONTENT="notes" HEIGHT="47" WIDTH="159" VPOS="3059" HPOS="109"/>
<SP HEIGHT="36" WIDTH="29" VPOS="3070" HPOS="269"/>
<String CONTENT="of" HEIGHT="54" WIDTH="65" VPOS="3051" HPOS="299"/>
<SP HEIGHT="54" WIDTH="29" VPOS="3051" HPOS="365"/>
<String CONTENT="decisions" HEIGHT="53" WIDTH="277" VPOS="3052" HPOS="395"/>
<SP HEIGHT="34" WIDTH="31" VPOS="3071" HPOS="673"/>
<String CONTENT="construing" HEIGHT="69" WIDTH="332" VPOS="3052" HPOS="705"/>
<SP HEIGHT="63" WIDTH="30" VPOS="3058" HPOS="1038"/>
<String CONTENT="the" HEIGHT="53" WIDTH="96" VPOS="3052" HPOS="1069"/>
<SP HEIGHT="34" WIDTH="31" VPOS="3071" HPOS="1166"/>
<String CONTENT="same," HEIGHT="48" WIDTH="170" VPOS="3071" HPOS="1198"/>
<SP HEIGHT="47" WIDTH="29" VPOS="3072" HPOS="1369"/>
<String CONTENT="and" HEIGHT="51" WIDTH="112" VPOS="3054" HPOS="1399"/>
<SP HEIGHT="53" WIDTH="34" VPOS="3052" HPOS="1512"/>
<String CONTENT="forms" HEIGHT="53" WIDTH="181" VPOS="3052" HPOS="1547"/>
<SP HEIGHT="34" WIDTH="33" VPOS="3072" HPOS="1729"/>
<String CONTENT="adapted" HEIGHT="66" WIDTH="248" VPOS="3053" HPOS="1763"/>
<SP HEIGHT="52" WIDTH="33" VPOS="3053" HPOS="2012"/>
<String CONTENT="to" HEIGHT="47" WIDTH="60" VPOS="3058" HPOS="2046"/>
</TextLine>
<TextLine HEIGHT="71" WIDTH="1994" VPOS="3129" HPOS="110" LANG="en-US" CS="1">
<String CONTENT="District" HEIGHT="53" WIDTH="245" VPOS="3130" HPOS="110"/>
<SP HEIGHT="47" WIDTH="37" VPOS="3135" HPOS="356"/>
<String CONTENT="court" HEIGHT="46" WIDTH="161" VPOS="3135" HPOS="394"/>
<SP HEIGHT="62" WIDTH="40" VPOS="3135" HPOS="556"/>
<String CONTENT="practice," HEIGHT="67" WIDTH="265" VPOS="3130" HPOS="597"/>
<SP HEIGHT="68" WIDTH="38" VPOS="3129" HPOS="863"/>
<String CONTENT="by" HEIGHT="69" WIDTH="76" VPOS="3129" HPOS="902"/>
<SP HEIGHT="68" WIDTH="38" VPOS="3130" HPOS="979"/>
<String CONTENT="James" HEIGHT="54" WIDTH="194" VPOS="3130" HPOS="1018"/>
<SP HEIGHT="55" WIDTH="44" VPOS="3129" HPOS="1213"/>
<String CONTENT="S." HEIGHT="55" WIDTH="55" VPOS="3129" HPOS="1258"/>
<SP HEIGHT="51" WIDTH="45" VPOS="3131" HPOS="1314"/>
<String CONTENT="Erwin" HEIGHT="51" WIDTH="199" VPOS="3131" HPOS="1360"/>
<SP HEIGHT="33" WIDTH="47" VPOS="3148" HPOS="1560"/>
<String CS="1" CONTENT="&#8230;"/>
<SP HEIGHT="48" WIDTH="77" VPOS="3134" HPOS="1664"/>
<String CONTENT="4th" HEIGHT="51" WIDTH="98" VPOS="3131" HPOS="1742"/>
<SP HEIGHT="52" WIDTH="41" VPOS="3131" HPOS="1841"/>
<String CONTENT="ed.," HEIGHT="67" WIDTH="105" VPOS="3131" HPOS="1883"/>
<SP HEIGHT="69" WIDTH="39" VPOS="3129" HPOS="1989"/>
<String CONTENT="by" HEIGHT="71" WIDTH="75" VPOS="3129" HPOS="2029"/>
</TextLine>
<TextLine HEIGHT="70" WIDTH="1994" VPOS="3206" HPOS="111" LANG="en-US" CS="1">
<String CONTENT="Richard" HEIGHT="54" WIDTH="253" VPOS="3206" HPOS="111"/>
<SP HEIGHT="53" WIDTH="41" VPOS="3207" HPOS="365"/>
<String CONTENT="B." HEIGHT="52" WIDTH="68" VPOS="3208" HPOS="407"/>
<SP HEIGHT="54" WIDTH="41" VPOS="3206" HPOS="476"/>
<String CONTENT="Eekman" HEIGHT="53" WIDTH="258" VPOS="3206" HPOS="518"/>
<SP HEIGHT="35" WIDTH="44" VPOS="3224" HPOS="777"/>
<String CS="1" CONTENT="&#8230;"/>
<SP HEIGHT="53" WIDTH="76" VPOS="3207" HPOS="879"/>
<String CONTENT="Newark," HEIGHT="68" WIDTH="266" VPOS="3207" HPOS="956"/>
<SP HEIGHT="68" WIDTH="38" VPOS="3207" HPOS="1223"/>
<String LANG="fr" CONTENT="N." HEIGHT="53" WIDTH="70" VPOS="3207" HPOS="1262"/>
<SP HEIGHT="54" WIDTH="43" VPOS="3207" HPOS="1333"/>
<String CONTENT="J.," HEIGHT="67" WIDTH="75" VPOS="3207" HPOS="1377"/>
<SP HEIGHT="68" WIDTH="42" VPOS="3206" HPOS="1453"/>
<String CONTENT="Soney" HEIGHT="70" WIDTH="188" VPOS="3206" HPOS="1496"/>
<SP HEIGHT="67" WIDTH="39" VPOS="3209" HPOS="1685"/>
<String CONTENT="&amp;" HEIGHT="50" WIDTH="46" VPOS="3209" HPOS="1725"/>
<SP HEIGHT="55" WIDTH="43" VPOS="3206" HPOS="1772"/>
<String CONTENT="Sage" HEIGHT="70" WIDTH="148" VPOS="3206" HPOS="1816"/>
<SP HEIGHT="34" WIDTH="40" VPOS="3226" HPOS="1965"/>
<String CONTENT="co.," HEIGHT="49" WIDTH="99" VPOS="3225" HPOS="2006"/>
</TextLine>
<TextLine HEIGHT="50" WIDTH="151" VPOS="3286" HPOS="109" LANG="en-US">
<String CONTENT="1931." HEIGHT="50" WIDTH="151" VPOS="3286" HPOS="109"/>
</TextLine>
<TextLine HEIGHT="50" WIDTH="480" VPOS="3364" HPOS="174" STYLEREFS="StyleId-A76F1809-FC3D-42F9-868C-CB572C0855D4-" CS="1">
<String LANG="en-US" CONTENT="4" HEIGHT="39" WIDTH="28" VPOS="3366" HPOS="174"/>
<SP/>
<String LANG="fr" CS="1" CONTENT="p."/>
<SP/>
<String LANG="fr" CS="1" CONTENT="l."/>
<String LANG="en-US" CONTENT="," HEIGHT="18" WIDTH="9" VPOS="3396" HPOS="339"/>
<SP HEIGHT="49" WIDTH="29" VPOS="3365" HPOS="349"/>
<String LANG="en-US" CONTENT="511" HEIGHT="40" WIDTH="83" VPOS="3365" HPOS="379"/>
<SP HEIGHT="46" WIDTH="31" VPOS="3367" HPOS="463"/>
<String LANG="en-US" CONTENT="p." HEIGHT="37" WIDTH="43" VPOS="3376" HPOS="495"/>
<SP HEIGHT="41" WIDTH="57" VPOS="3364" HPOS="539"/>
<String LANG="en-US" CS="1" CONTENT="23&#189;&#7580;&#7504;." HEIGHT="41" WIDTH="57" VPOS="3364" HPOS="597"/>
</TextLine>
<TextLine HEIGHT="53" WIDTH="1800" VPOS="3432" HPOS="115" STYLEREFS="StyleId-A76F1809-FC3D-42F9-868C-CB572C0855D4-" LANG="en-US" CS="1">
<String CONTENT="&#169;" HEIGHT="52" WIDTH="52" VPOS="3432" HPOS="115"/>
<SP HEIGHT="52" WIDTH="24" VPOS="3432" HPOS="168"/>
<String CONTENT="Nov." HEIGHT="40" WIDTH="117" VPOS="3436" HPOS="193"/>
<SP HEIGHT="39" WIDTH="24" VPOS="3435" HPOS="311"/>
<String CONTENT="23," HEIGHT="48" WIDTH="69" VPOS="3435" HPOS="336"/>
<SP HEIGHT="46" WIDTH="23" VPOS="3437" HPOS="406"/>
<String CS="1" CONTENT="1931;" HEIGHT="42" WIDTH="114" VPOS="3434" HPOS="430"/>
<SP HEIGHT="48" WIDTH="26" VPOS="3435" HPOS="572"/>
<String CONTENT="2c." HEIGHT="42" WIDTH="67" VPOS="3435" HPOS="599"/>
<SP HEIGHT="29" WIDTH="26" VPOS="3447" HPOS="667"/>
<String CONTENT="and" HEIGHT="38" WIDTH="95" VPOS="3438" HPOS="694"/>
<SP HEIGHT="39" WIDTH="25" VPOS="3438" HPOS="790"/>
<String CONTENT="aff." HEIGHT="41" WIDTH="82" VPOS="3436" HPOS="816"/>
<SP HEIGHT="39" WIDTH="25" VPOS="3438" HPOS="899"/>
<String CONTENT="Nov." HEIGHT="38" WIDTH="118" VPOS="3438" HPOS="925"/>
<SP HEIGHT="39" WIDTH="25" VPOS="3437" HPOS="1044"/>
<String CS="1" CONTENT="25;" HEIGHT="40" WIDTH="55" VPOS="3437" HPOS="1070"/>
<SP HEIGHT="47" WIDTH="27" VPOS="3437" HPOS="1154"/>
<!-- cceid F30C5316-6E8D-1014-9CF5-AEB3FCA41D69 --><String CONTENT="A" HEIGHT="39" WIDTH="41" VPOS="3437" HPOS="1182"/>
<SP HEIGHT="39" WIDTH="22" VPOS="3437" HPOS="1224"/>
<String CS="1" CONTENT="45187;" HEIGHT="41" WIDTH="146" VPOS="3437" HPOS="1247"/>
<SP HEIGHT="47" WIDTH="31" VPOS="3437" HPOS="1420"/>
<String CONTENT="Soney" HEIGHT="48" WIDTH="154" VPOS="3437" HPOS="1452"/>
<SP HEIGHT="48" WIDTH="27" VPOS="3437" HPOS="1607"/>
<String CONTENT="&amp;" HEIGHT="40" WIDTH="36" VPOS="3437" HPOS="1635"/>
<SP HEIGHT="41" WIDTH="27" VPOS="3437" HPOS="1672"/>
<String CONTENT="Sage" HEIGHT="48" WIDTH="121" VPOS="3437" HPOS="1700"/>
<SP HEIGHT="29" WIDTH="25" VPOS="3448" HPOS="1822"/>
<String CONTENT="co." HEIGHT="29" WIDTH="67" VPOS="3448" HPOS="1848"/>
</TextLine>
<TextLine HEIGHT="49" WIDTH="280" VPOS="3492" HPOS="193" STYLEREFS="StyleId-A76F1809-FC3D-42F9-868C-CB572C0855D4-" LANG="en-US">
<String CONTENT="(31-33525)" HEIGHT="49" WIDTH="280" VPOS="3492" HPOS="193"/>
</TextLine>
<TextLine HEIGHT="68" WIDTH="1219" VPOS="3584" HPOS="111" LANG="en-US">
<String CONTENT="Exposition" HEIGHT="65" WIDTH="348" VPOS="3584" HPOS="111"/>
<SP HEIGHT="36" WIDTH="29" VPOS="3602" HPOS="460"/>
<String CONTENT="of" HEIGHT="52" WIDTH="64" VPOS="3586" HPOS="490"/>
<SP HEIGHT="53" WIDTH="29" VPOS="3586" HPOS="555"/>
<String CONTENT="Indian" HEIGHT="54" WIDTH="208" VPOS="3586" HPOS="585"/>
<SP HEIGHT="51" WIDTH="31" VPOS="3590" HPOS="794"/>
<String CONTENT="tribal" HEIGHT="55" WIDTH="179" VPOS="3586" HPOS="826"/>
<SP HEIGHT="54" WIDTH="30" VPOS="3587" HPOS="1006"/>
<String CONTENT="arts," HEIGHT="62" WIDTH="149" VPOS="3590" HPOS="1037"/>
<SP HEIGHT="64" WIDTH="31" VPOS="3588" HPOS="1187"/>
<String CONTENT="inc." HEIGHT="53" WIDTH="111" VPOS="3588" HPOS="1219"/>
</TextLine>
<TextLine HEIGHT="71" WIDTH="1930" VPOS="3661" HPOS="177" LANG="en-US">
<String CONTENT="Introduction" HEIGHT="53" WIDTH="402" VPOS="3661" HPOS="177"/>
<SP HEIGHT="46" WIDTH="26" VPOS="3668" HPOS="580"/>
<String CONTENT="to" HEIGHT="47" WIDTH="59" VPOS="3668" HPOS="607"/>
<SP HEIGHT="54" WIDTH="24" VPOS="3661" HPOS="667"/>
<String CONTENT="American" HEIGHT="54" WIDTH="306" VPOS="3661" HPOS="692"/>
<SP HEIGHT="52" WIDTH="25" VPOS="3663" HPOS="999"/>
<String CONTENT="Indian" HEIGHT="52" WIDTH="212" VPOS="3663" HPOS="1025"/>
<SP HEIGHT="33" WIDTH="27" VPOS="3682" HPOS="1238"/>
<String CONTENT="art," HEIGHT="62" WIDTH="108" VPOS="3669" HPOS="1266"/>
<SP HEIGHT="62" WIDTH="23" VPOS="3669" HPOS="1375"/>
<String CONTENT="to" HEIGHT="46" WIDTH="58" VPOS="3669" HPOS="1399"/>
<SP HEIGHT="34" WIDTH="27" VPOS="3681" HPOS="1458"/>
<String CONTENT="accompany" HEIGHT="50" WIDTH="347" VPOS="3682" HPOS="1486"/>
<SP HEIGHT="63" WIDTH="24" VPOS="3669" HPOS="1834"/>
<String CONTENT="the" HEIGHT="52" WIDTH="97" VPOS="3664" HPOS="1859"/>
<SP HEIGHT="54" WIDTH="24" VPOS="3662" HPOS="1957"/>
<String CONTENT="first" HEIGHT="55" WIDTH="125" VPOS="3662" HPOS="1982"/>
</TextLine>
<TextLine HEIGHT="131" WIDTH="1973" VPOS="3737" HPOS="108" LANG="en-US" CS="1">
<String CONTENT="exhibition" HEIGHT="54" WIDTH="316" VPOS="3737" HPOS="108"/>
<SP HEIGHT="35" WIDTH="31" VPOS="3756" HPOS="425"/>
<String CONTENT="of" HEIGHT="53" WIDTH="64" VPOS="3738" HPOS="457"/>
<SP HEIGHT="52" WIDTH="29" VPOS="3738" HPOS="522"/>
<String CONTENT="American" HEIGHT="53" WIDTH="305" VPOS="3738" HPOS="552"/>
<SP HEIGHT="51" WIDTH="32" VPOS="3740" HPOS="858"/>
<String CONTENT="Indian" HEIGHT="52" WIDTH="212" VPOS="3740" HPOS="891"/>
<SP HEIGHT="34" WIDTH="32" VPOS="3758" HPOS="1104"/>
<String CONTENT="art" HEIGHT="48" WIDTH="90" VPOS="3745" HPOS="1137"/>
<SP HEIGHT="48" WIDTH="31" VPOS="3745" HPOS="1228"/>
<String CONTENT="selected" HEIGHT="52" WIDTH="237" VPOS="3741" HPOS="1260"/>
<SP HEIGHT="52" WIDTH="32" VPOS="3741" HPOS="1498"/>
<String CONTENT="entirely" HEIGHT="68" WIDTH="241" VPOS="3741" HPOS="1531"/>
<SP HEIGHT="49" WIDTH="33" VPOS="3760" HPOS="1773"/>
<String CONTENT="with" HEIGHT="51" WIDTH="139" VPOS="3742" HPOS="1807"/>
<SP HEIGHT="52" WIDTH="31" VPOS="3742" HPOS="1947"/>
<String CONTENT="consideration" HEIGHT="109" WIDTH="1971" VPOS="3759" HPOS="110"/>
</TextLine>
<TextLine HEIGHT="72" WIDTH="1650" VPOS="3815" HPOS="457" LANG="en-US" CS="1">
<String CONTENT="of" HEIGHT="53" WIDTH="65" VPOS="3815" HPOS="457"/>
<SP HEIGHT="53" WIDTH="32" VPOS="3815" HPOS="523"/>
<String CONTENT="esthetic" HEIGHT="53" WIDTH="232" VPOS="3816" HPOS="556"/>
<SP HEIGHT="34" WIDTH="36" VPOS="3835" HPOS="789"/>
<String CONTENT="value." HEIGHT="53" WIDTH="179" VPOS="3816" HPOS="826"/>
<SP HEIGHT="34" WIDTH="80" VPOS="3850" HPOS="1006"/>
<String CS="1" CONTENT="[New" HEIGHT="53" WIDTH="139" VPOS="3818" HPOS="1104"/>
<SP HEIGHT="52" WIDTH="36" VPOS="3817" HPOS="1244"/>
<String CONTENT="York]" HEIGHT="68" WIDTH="178" VPOS="3817" HPOS="1281"/>
<SP HEIGHT="65" WIDTH="42" VPOS="3820" HPOS="1460"/>
<String CONTENT="The" HEIGHT="51" WIDTH="120" VPOS="3820" HPOS="1503"/>
<SP HEIGHT="53" WIDTH="37" VPOS="3818" HPOS="1624"/>
<String CONTENT="Exposition" HEIGHT="69" WIDTH="343" VPOS="3818" HPOS="1662"/>
<SP HEIGHT="36" WIDTH="35" VPOS="3836" HPOS="2006"/>
<String CONTENT="of" HEIGHT="54" WIDTH="65" VPOS="3818" HPOS="2042"/>
</TextLine>
<TextLine HEIGHT="70" WIDTH="936" VPOS="3891" HPOS="111" LANG="en-US" CS="1">
<String CONTENT="Indian" HEIGHT="54" WIDTH="211" VPOS="3891" HPOS="111"/>
<SP HEIGHT="49" WIDTH="24" VPOS="3897" HPOS="323"/>
<String CONTENT="tribal" HEIGHT="54" WIDTH="175" VPOS="3892" HPOS="348"/>
<SP HEIGHT="51" WIDTH="27" VPOS="3894" HPOS="524"/>
<String CONTENT="arts," HEIGHT="62" WIDTH="136" VPOS="3899" HPOS="552"/>
<SP HEIGHT="68" WIDTH="23" VPOS="3893" HPOS="689"/>
<String CONTENT="inc." HEIGHT="54" WIDTH="107" VPOS="3893" HPOS="713"/>
<SP HEIGHT="35" WIDTH="33" VPOS="3926" HPOS="821"/>
<String CONTENT="[" HEIGHT="35" WIDTH="12" VPOS="3926" HPOS="855"/>
<String STYLE="superscript" CS="1" CONTENT="&#7580;1"/>
<String CONTENT="931]" HEIGHT="65" WIDTH="118" VPOS="3896" HPOS="929"/>
</TextLine>
</TextBlock>
</PrintSpace>
</Page>
</Layout>
</alto>