2505 4370
1275 4028 136 51 1148

353 468 102 71 ing
496 473 60 51 to
598 470 98 52 the
740 470 189 53 duties
973 469 64 53 of
1080 470 161 53 those
1286 470 226 54 officers.
1589 473 92 68 By
1725 471 209 56 Jennie
1979 474 66 52 B.
2092 471 277 54 Newhall.

352 546 283 70 Concord,
662 548 70 55 N.
765 548 96 69 H.,
893 548 198 55 Edson
1124 548 63 57 C.
1218 549 281 54 Eastman
1529 567 300 54 company,
1858 549 126 69 inc.,
2017 553 152 51 1931.

423 629 664 50 viii p., 1 l., 633 p. 22ᶜᵐ.
358 697 52 53 ©
439 703 126 40 June
592 702 70 49 29,
689 701 116 42 1931;
861 703 68 42 2c.
957 704 128 40 June
1110 702 58 41 29;
1224 704 82 41 aff.
1336 704 117 48 July
1481 704 59 41 20;
1594 705 42 39 A
1662 703 149 43 39568;
1867 705 166 40 Edson
2060 704 50 42 C.
2140 703 237 40 Eastman

427 769 83 38 co.,
538 760 92 40 inc.
697 756 70 54 [©
794 772 106 29 new
928 763 195 48 matter]
1197 761 285 51 (31-19776)

349 870 207 65 Nadji,
585 870 369 57 Muharrem.

422 963 123 52 The
572 962 213 53 mirror
811 962 65 54 of
901 963 164 53 truth;
1125 964 115 53 and
1270 962 190 56 Guide
1488 969 59 48 to
1573 964 331 68 happiness,
1931 963 76 70 by
2036 963 337 55 Muharrem

356 1039 1848 73 Nadji. Boston, The Christopher publishing house [ ᶜ1 931]
419 1122 367 49 119 p. 20½ ᶜᵐ .
420 1194 1949 52 “To show clearly and concisely what … [the Mohammedan] religion
352 1250 2019 52 is … this little pamphlet … [was] compiled from true authorities of
347 1308 167 49 Islam,
551 1308 277 41 translated
864 1309 104 40 into
1004 1308 502 49 English.”—Introd.

353 1376 52 53 ©
435 1382 130 39 June
588 1382 70 46 25,
686 1380 114 41 1931;
857 1382 68 41 2c.
953 1383 98 39 and
1078 1381 77 40 aff.
1191 1382 117 48 July
1335 1383 54 40 13;
1448 1382 40 39 A
1515 1382 145 41 39383;
1721 1382 319 49 Christopher
2069 1383 110 48 pub.
2209 1383 163 40 house.

433 1438 283 49 (31-19639)

347 1549 150 54 New
528 1550 214 65 Jersey
777 1554 113 52 and
925 1552 263 54 Atlantic
1223 1557 260 64 reporter
1519 1552 202 70 digest.
1798 1553 161 70 July,
1995 1556 154 63 1931,

419 1571 1930 131 cumulative pamphlet … St. Paul, West publishing co., 1930.
419 1712 374 50 277 p. 25½ ᶜᵐ .
352 1781 52 53 ©
432 1785 118 49 July
574 1785 69 48 31,
670 1784 114 42 1931;
840 1785 68 42 2c.
933 1785 121 49 Aug.
1081 1786 56 39 15;
1194 1784 83 42 aff.
1305 1785 120 48 Aug.
1452 1786 56 40 17;
1563 1785 42 39 A
1629 1784 149 42 40787;
1834 1785 140 41 West
1995 1785 113 48 pub.
2135 1796 68 31 co.

344 1895 244 67 Onions,
621 1896 219 66 Oliver,
872 1898 197 70 pseud.

418 1988 58 54 A
503 1988 219 54 certain
750 2006 152 50 man,
930 1988 75 69 by
1035 1987 203 56 Oliver
1268 1987 238 56 Onions.
1573 1987 263 69 London,
1865 1987 90 55 W.
1988 1987 384 58 Heinemann,

344 2069 106 52 ltd.
488 2069 176 67 [1931]

415 2149 607 50 5 p. l., 3-360 p. 19 ᶜᵐ .
351 2218 2018 53 © 1c. July 14, 1931; A ad int. 15281; pubd. May 18; George Oliver,
418 2280 244 49 Windsor,
690 2281 170 46 Berks,
889 2281 239 47 England.
1200 2278 284 50 (31-19423)

342 2390 215 67 Peach,
589 2391 236 55 Arthur
854 2391 277 67 Wallace,
1163 2396 174 51 1886-
1551 2392 86 53 ed.

471 2461 1893 88 … Vermont prose; a miscellany, edited by Arthur Wallace
337 2558 189 54 Peach
602 2561 131 67 [and]
790 2559 228 53 Harold
1068 2557 281 57 Goddard
1400 2558 189 70 Rugg.
1677 2559 383 67 Brattleboro,
2110 2558 253 69 Stephen

336 2638 580 70 Daye press [ ᶜ1 931]
408 2721 1239 49 256 p. 19½ ᶜᵐ . (The Green mountain series)
347 2789 52 53 ©
429 2793 128 41 June
583 2794 69 47 16,
681 2792 142 49 1931;
853 2794 68 41 2c.
950 2795 96 38 and
1075 2793 81 40 aff.
1186 2795 130 39 June
1341 2793 82 47 22;
1455 2794 41 38 A
1522 2792 174 48 40010;
1727 2793 189 41 Arthur
1944 2794 219 40 Wallace
2191 2793 175 48 Peach,

416 2863 57 30 as
503 2854 145 47 agent
677 2852 80 40 for
786 2853 82 39 the
898 2852 276 40 committee
1205 2863 61 29 on
1299 2852 231 40 Vermont
1562 2852 269 40 traditions
1860 2853 97 39 and
1989 2852 156 41 ideals,
419 2852 1947 107 North-field,
578 2910 75 40 Vt.
726 2908 283 50 (31-16370)

341 3020 212 65 Radin,
588 3021 161 65 Max,
786 3026 174 49 1880-

414 3109 1952 71 The trial of Jesus of Nazareth, by Max Radin … Chicago,
343 3189 1423 65 Ill., The University of Chicago press [ ᶜ1 931]
411 3275 66 50 ix,
521 3275 90 42 266
651 3285 42 38 p.
753 3273 150 46 19½ᶜᵐ.

346 3342 52 53 ©
432 3348 114 46 May
577 3346 70 48 26,
680 3345 141 43 1931;
857 3345 66 41 2c.
958 3346 128 40 June
1116 3344 53 48 9;
1205 3344 84 42 aff.
1320 3345 127 40 June
1481 3345 52 46 8;
1568 3345 42 39 A
1640 3344 173 48 38638;
1850 3343 286 48 University
2169 3343 53 40 of
415 3343 1928 109 Chicago,

577 3403 226 48 Chicago.
875 3402 282 49 (31-16029)

340 3514 268 65 Randall,
640 3514 246 54 Pauline
915 3513 258 55 Bollard.

410 3606 123 53 The
562 3606 175 53 house
768 3604 64 54 of
862 3604 239 68 Leister,
1131 3604 143 53 with
1306 3604 164 53 other
1502 3622 185 35 verses
1719 3603 113 53 and
1864 3602 177 53 blank
2074 3620 176 51 verse,
2282 3601 75 70 by

340 3684 245 53 Pauline
609 3683 243 53 Bollard
875 3683 270 53 Randall.
1208 3682 331 68 Columbus,
1564 3681 125 69 Ga.,
1715 3680 226 56 Gilbert
1967 3680 267 69 printing
2258 3697 99 50 co.,

344 3764 149 50 1931.

409 3841 307 49 72 p. 21 ᶜᵐ .
347 3908 52 53 ©
425 3915 115 47 July
564 3915 70 50 23,
659 3914 107 41 1931;
828 3915 68 42 2c.
921 3916 95 39 and
1043 3915 82 42 aff.
1151 3915 117 48 July
1292 3915 56 39 27;
1402 3914 41 39 A
1467 3914 145 41 39684;
1667 3914 51 41 P.
1745 3914 53 39 B.
1826 3913 227 48 Randall,
2080 3912 277 49 Columbus,

415 3970 85 42 Ga.
572 3972 282 51 (31-19642)
