2505 4370
1051 4025 97 48 565

116 474 1978 110 vii, 147 p. 18 ½ ᶜᵐ . ( Half-title : The University of Chicago Italian series, ed. by W. L. Bullock)
190 592 159 41 Series
373 594 113 38 note
513 592 48 39 in
589 593 110 47 part
725 594 52 37 at
803 591 124 39 head
954 590 51 40 of
1031 592 97 46 t.-p.

184 650 63 39 At
273 650 123 39 head
425 649 51 40 of
505 648 106 41 title
629 659 9 29 :
671 647 196 41 Farina.

184 706 348 47 Bibliography
550 715 9 30 :
587 715 42 37 p.
656 702 39 43 5.

117 771 52 52 ©
210 777 121 39 Mar.
371 775 69 49 10,
480 773 139 47 1931;
661 773 66 41 2c.
769 775 112 46 Apr.
921 774 84 48 14;
1044 772 82 41 aff.
1168 774 113 47 Apr.
1323 772 79 48 13;
1446 772 40 40 A
1526 772 171 48 35735·;
1742 772 280 47 University
2063 772 53 39 of

185 832 221 48 Chicago,
442 832 221 47 Chicago.
735 829 249 48 (31-9735)

113 926 207 64 Flynn,
352 926 155 54 John
540 925 262 54 Francis.

185 1006 152 52 Love
377 1007 111 50 and
528 1023 96 34 sex
664 1004 105 53 life
810 1004 63 52 of
914 1022 218 34 woman
1196 1004 91 66 [by]
1378 1047 9 10 J.
1430 1002 238 55 Francis
1716 1002 202 70 Flynn,
2015 1046 9 11 M.
2103 1048 8 8 D.

112 1082 1116 69 Glendale, Calif., J. F. Flynn [ ᶜ1 931]
176 1160 781 49 184 p. front. (port.) 19½ ᶜᵐ .
115 1227 52 53 ©
197 1234 121 40 Mar.
347 1232 68 47 24,
447 1231 111 41 1931;
617 1231 67 40 2c.
714 1232 113 47 Apr.
857 1231 81 47 15;
970 1231 82 40 aff.
1083 1232 113 47 Apr.
1226 1232 83 46 14;
1342 1230 39 40 A
1410 1230 173 49 35785;
1614 1231 43 41 J.
1689 1230 51 42 F.
1770 1230 172 49 Flynn,
183 1230 1912 107 Glendale,
339 1289 143 41 Calif.
555 1288 278 47 (31-10060)

110 1382 247 66 Fokker,
388 1383 287 63 Anthony
702 1384 263 51 Herman
998 1382 242 65 Gerard,
1273 1387 170 49 1890-

180 1462 215 69 Flying
423 1463 355 65 Dutchman;
810 1463 95 51 the
932 1460 105 54 life
1066 1461 63 52 of
1155 1461 278 70 Anthony
1463 1461 243 69 Fokker,
1732 1462 75 69 by
1834 1462 278 70 Anthony

109 1541 77 52 H.
232 1540 66 55 G.
345 1540 227 53 Fokker
616 1541 110 51 and
771 1541 183 52 Bruce
997 1538 206 55 Gould.
1280 1538 138 54 New
1463 1539 179 70 York,
1686 1539 78 54 H.
1808 1540 146 53 Holt
1998 1542 114 53 and

108 1620 507 68 company [ ᶜ1 931]
181 1697 1520 51 5 p. l., 3-282 p. front., plates, ports., facsims. 22½ ᶜᵐ .
112 1767 51 51 ©
193 1772 112 46 Apr.
333 1771 69 48 24,
432 1770 141 46 1931;
602 1769 65 40 2c.
699 1769 111 47 May
841 1770 50 45 1;
924 1767 81 40 aff.
1035 1769 112 46 May
1177 1768 51 46 6;
1261 1768 42 39 A
1329 1766 171 50 36991;
1533 1769 52 39 B.
1619 1769 169 49 Gould,
1819 1769 116 40 New
1965 1769 144 41 York.

107 1881 324 63 Freudien,
464 1881 193 64 Peter,
694 1885 170 49 1886-

178 1960 253 68 Eskimo,
457 1961 75 67 by
559 1960 168 51 Peter
753 1958 321 67 Freudien;
1104 1959 318 53 translated
1447 1960 73 67 by
1548 1959 69 51 A.
1647 1960 148 52 Paul
107 1959 2002 132 Maerker-Branden

408 2036 1676 70 and Elsa Branden. New York, H. Liveright [ ᶜ1 931]
176 2116 707 50 vii, 504 p. front. 21½ ᶜᵐ .
111 2172 51 52 ©
193 2177 120 40 Mar.
342 2175 68 47 13,
440 2173 140 48 1931;
611 2173 66 41 2c.
707 2175 122 38 Mar.
859 2173 48 39 21;
972 2173 81 41 aff.
1084 2174 107 39 Mar.
1234 2173 83 48 25;
1350 2175 40 38 A
1418 2173 170 48 36102;
1621 2175 191 39 Horace
1843 2173 265 52 Liveright,

178 2234 90 40 inc.

106 2326 187 66 Funk,
323 2326 249 55 Wilfred
602 2326 172 64 John,
808 2331 170 49 1883-

172 2404 392 66 Manhattans,
591 2403 241 52 bronxes
859 2403 111 52 and
998 2421 221 50 queens,
1246 2404 76 70 by
1350 2403 252 55 Wilfred
1632 2405 55 53 J.
1716 2405 196 66 Funk;
103 2404 1975 130 illustrations
379 2481 75 68 by

488 2480 224 54 Russell
747 2483 320 50 Patterson.
1142 2482 138 52 New
1317 2481 179 68 York,
1531 2482 67 52 R.
1635 2481 79 55 M.
1749 2483 276 53 McBride
2057 2485 46 50 &

102 2576 297 52 company,
432 2561 149 51 1931.

174 2638 1418 50 xii p., 2 l., [17]-138, [2] p. incl. front., illus. 19½ ᶜᵐ .
175 2696 289 40 Illustrated
496 2698 97 46 t.-p.

174 2753 184 40 Poems.

108 2805 51 53 ©
190 2810 110 41 Feb.
329 2809 68 48 27,
428 2809 140 48 1931;
599 2809 66 41 2c.
695 2809 112 48 Apr.
836 2809 81 47 15;
950 2808 82 42 aff.
1060 2809 113 48 Apr.
1205 2810 53 40 13;
1317 2810 41 40 A
1387 2809 172 49 36487;
1591 2811 71 41 W.
1693 2810 44 42 J.
1768 2810 152 47 Funk,
175 2812 1911 103 Montclair,
345 2868 55 40 N.
439 2868 44 38 J.
554 2865 249 49 (31-9734)

105 2961 304 64 Garwood,
443 2961 221 64 Irving.

170 3036 307 53 American
505 3036 338 68 periodicals
873 3037 147 52 from
1055 3040 134 50 1850
1215 3043 58 47 to
1304 3040 150 66 1860,
1482 3038 74 69 by
1584 3038 206 71 Irving
1816 3038 285 55 Garwood

162 3113 686 69 … Macomb, Ill., 1931.
171 3196 873 50 83, [18] p. 2 fold. diagr. 22½ ᶜᵐ .
172 3253 349 48 Bibliography
539 3264 8 29 :
577 3264 42 36 p.
648 3252 157 43 79-82.

175 3310 298 40 “Tabulated
501 3309 84 40 list
612 3309 51 40 of
689 3310 81 39 the
797 3310 255 40 American
1079 3310 291 48 periodicals
1397 3311 51 40 of
1477 3312 80 39 the
1585 3312 166 48 period
1779 3312 289 43 1850-1860”;

119 3368 70 49 [18]
220 3377 43 37 p.
291 3369 52 37 at
367 3367 107 38 end.

107 3421 51 52 ©
185 3425 112 47 Apr.
322 3424 40 47 1,
388 3423 113 40 1931;
556 3422 65 41 2c.
647 3423 113 47 Apr.
786 3423 54 40 13;
897 3423 82 41 aff.
1004 3425 113 46 Apr.
1145 3424 80 47 10;
1256 3424 41 39 A
1321 3424 144 42 36457;
1523 3427 35 39 I.
1589 3426 251 49 Garwood,
1870 3427 232 49 Macomb,

177 3483 74 40 Ill.
322 3480 279 49 (31-10195)

104 3573 184 64 Gillis,
318 3575 204 53 James
548 3576 242 65 Martin,
822 3578 169 55 1876-

168 3650 1927 75 The ten commandments, by Rev. James M. Gillis … New
100 3727 177 68 York,
304 3728 122 53 The
453 3728 224 55 Paulist
702 3748 173 51 press,
904 3734 150 51 1931.

171 3806 527 50 5 p. l., 125 p. 20 ᶜᵐ .
174 3864 127 40 “The
327 3864 252 49 following
604 3865 272 42 discourses
902 3866 157 42 which
1085 3868 122 40 have
1235 3870 200 46 already
1464 3870 115 38 been
1611 3869 251 49 published
1893 3870 47 41 in
103 3879 1974 90 pamphlet

264 3920 127 41 form
433 3922 109 48 (but
574 3921 207 42 without
813 3923 81 40 the
926 3922 248 50 questions
1206 3925 95 40 and
1336 3925 240 48 answers)
1616 3937 124 30 were
1773 3927 240 40 delivered
2047 3928 48 39 in
