2575 4398
1113 4029 69 50 29

152 365 172 63 Roof,
354 364 335 53 Katharine
718 361 268 56 Metcalf.

217 440 239 53 Murder
503 458 71 34 on
621 439 96 52 the
767 438 189 55 Salem
1006 438 156 69 road,
1209 437 75 68 by
1332 436 327 55 Katharine
1707 436 245 55 Metcalf
1996 436 170 54 Roof.

148 520 214 51 Boston
389 518 113 52 and
529 518 137 52 New
698 516 179 69 York,
906 516 320 69 Houghton
1252 514 206 54 Mifflin
1488 532 297 53 company,
1813 517 153 50 1931.

219 597 557 50 3 p. l., 244 p. 19½ ᶜᵐ .
154 670 52 52 ©
238 674 110 40 Jan.
381 674 69 47 14,
483 672 113 41 1931;
657 672 68 41 2c.
759 673 109 39 Jan.
902 671 58 40 15;
1019 670 83 41 aff.
1136 671 111 40 Jan.
1281 670 57 39 14;
1398 669 43 40 A
1472 669 147 41 33157;
1681 669 60 40 K.
1775 670 65 40 M.
1874 668 143 50 Roof,
2049 668 119 42 New

224 732 145 40 York.
441 729 251 50 (31-1512)

151 840 238 66 Sayers,
419 840 275 64 Dorothy
722 838 209 67 Leigh,
963 844 172 51 1893-

281 916 1789 75 … Strong poison … London, V. Gollancz limited, 1930.
217 1003 327 49 288 p. 19 ᶜᵐ .
216 1076 66 39 At
307 1075 125 39 head
461 1073 51 41 of
541 1074 109 40 title
668 1083 9 30 :
711 1073 223 48 Dorothy
962 1072 51 40 L.
1044 1072 191 48 Sayers.

154 1141 2013 53 © 1c. Nov. 13, 1930; A ad int. 14647; pubd. Sept. 18; Dorothy Leigh
228 1203 177 48 Sayers
437 1202 233 48 Fleming,
701 1201 214 41 London.
987 1200 252 49 (31-1828)

146 1313 252 64 Schoch,
426 1312 212 55 Parke.

219 1392 122 52 The
364 1409 125 35 new
513 1389 237 56 Pitman
777 1389 442 70 phonography,
1243 1389 185 70 single
1453 1394 143 49 stem
1620 1389 234 56 method;
1914 1408 32 34 a
1973 1406 196 38 course

150 1468 1954 70 of lessons in the Benn Pitman system, by Parke Schoch …
149 1547 1666 71 Merion, Pa., The Park publishing company [ ᶜ1 931 ]
219 1630 335 49 174 p. 17 ᶜᵐ .
155 1698 52 52 ©
233 1702 111 41 Jan.
369 1703 41 46 7,
435 1700 141 49 1931;
605 1701 67 41 2c.
699 1702 96 38 and
821 1700 83 43 aff.
931 1701 111 40 Jan.
1069 1700 53 47 8;
1150 1700 43 39 A
1216 1699 174 48 32640;
1418 1700 53 41 P.
1500 1700 201 47 Schoch,
1729 1699 360 50 Philadelphia.

233 1758 253 50 (31-1437)

152 1866 282 66 Scudéry,
467 1868 262 64 Georges
758 1868 89 64 de,
880 1871 328 52 1601-1667.

281 1943 1885 75 … La mort de César; republished with an introduction by
147 2023 1217 69 Harold L. Cook … New York, 1930.
220 2104 1884 50 78 p. 20½ ᶜᵐ . (Publications of the Institute of French studies, iuc.)
219 2175 136 42 With
383 2175 344 49 reproduction
753 2175 52 41 of
834 2177 97 47 t.-p.
962 2175 54 41 of
1042 2175 117 42 1636
1186 2176 200 41 edition.

155 2246 52 52 ©
243 2250 121 48 Aug.
402 2251 41 48 1,
480 2249 115 41 1930;
661 2249 68 41 2c.
770 2249 129 49 Sept.
936 2248 57 41 29;
1060 2249 83 41 aff.
1183 2250 111 40 Jan.
1332 2250 41 48 7,
1411 2247 115 43 1931;
1594 2249 44 41 A
1673 2248 148 43 32699;
1889 2250 54 41 G.
1981 2250 53 41 L.
2071 2260 97 31 van

226 2308 320 48 Roosbroeck,
577 2308 119 40 New
726 2308 147 40 York.
954 2303 52 52 [©
1038 2307 350 50 introduction]
1462 2306 254 50 (31-1460)

151 2417 261 66 Shipley,
445 2418 223 65 Joseph
698 2418 275 65 Twadell,
1009 2423 173 51 1893-

215 2495 123 54 The
369 2501 159 61 quest
563 2495 94 52 for
691 2494 326 68 literature;
1057 2514 26 33 a
1126 2513 205 53 survey
1367 2495 64 53 of
1467 2495 237 71 literary
1742 2495 271 54 criticism
2052 2496 112 52 and

146 2572 1839 73 the theories of the literary forms, by Joseph T. Shipley, PH. D.
146 2652 136 54 New
314 2652 180 68 York,
524 2652 69 55 R.
622 2652 68 52 R.
721 2652 207 70 Smith,
959 2652 126 68 inc.,
1117 2654 152 51 1931.

216 2734 465 50 xi, 540 p. 21½ ᶜᵐ .
218 2806 377 49 Bibliography:
624 2818 43 37 p.
715 2806 235 50 [505]-517.

155 2875 52 52 ©
236 2880 111 40 Jan.
376 2879 40 48 6,
444 2878 142 47 1931;
617 2878 67 42 2c.
715 2880 96 38 and
840 2878 81 40 aff.
953 2879 109 39 Jan.
1092 2878 54 48 9;
1177 2879 43 39 A
1246 2878 173 48 32715;
1451 2878 218 42 Richard
1699 2880 57 41 R.
1790 2879 173 50 Smith,
1992 2880 93 43 inc.

231 2935 252 50 (31-1496)

151 3030 238 64 Society
418 3030 65 53 of
512 3030 380 64 iconophiles,
919 3032 140 53 New
1091 3033 178 52 York.

220 3108 246 70 History
508 3108 65 54 of
612 3109 96 53 the
751 3108 229 69 Society
1022 3108 64 55 of
1124 3108 353 72 iconophiles
1519 3109 64 55 of
1624 3111 96 54 the
1761 3111 113 72 city
1920 3111 64 54 of
2024 3114 138 53 New

150 3186 192 54 York:
701 3207 11 33 MDCCCXCV:
1027 3234 10 24 MCMXXX,
1073 3189 114 52 and
1220 3189 298 70 catalogue
1553 3189 64 53 of
1653 3189 72 55 its
1761 3191 402 68 publications,

148 3265 141 52 with
326 3265 297 53 historical
659 3267 113 52 and
808 3265 400 70 biographical
1245 3272 177 62 notes,
1460 3274 100 47 etc.
1639 3269 302 68 Compiled
1982 3271 181 53 under

148 3343 94 52 the
272 3341 280 55 direction
581 3343 65 53 of
676 3343 255 54 Richard
962 3345 129 53 Hoe
1119 3346 322 68 Lawrence,
1475 3345 310 69 president,
1818 3347 238 55 assisted
2087 3348 72 69 by

146 3420 212 53 Harris
387 3423 71 52 D.
492 3421 132 55 Colt
655 3423 112 51 and
800 3424 48 52 I.
879 3423 71 54 N.
981 3423 215 69 Phelps
1230 3423 219 56 Stokes.
1525 3425 140 53 New
1696 3426 181 67 York,
1912 3430 148 49 1930.

221 3501 65 47 xi,
331 3502 72 49 [1],
444 3502 86 41 290
572 3515 57 37 p.,
674 3503 25 39 1
763 3535 7 8 l.
850 3504 87 41 col.
979 3503 166 50 front.,
1188 3504 129 41 illus.
1347 3504 134 50 (incl.
1524 3506 218 47 facsim.)
1794 3508 157 46 plates.
2011 3511 149 45 ports.

147 3558 146 41 27½ ᶜᵐ .
219 3626 130 42 ‘One
387 3629 222 40 hundred
649 3630 96 40 and
784 3628 265 50 eighty-six
1087 3631 161 48 copies
1288 3632 52 40 of
1379 3632 100 41 this
1517 3633 122 40 book
1680 3645 126 29 were
1847 3633 191 49 printed
2081 3634 78 41 for

147 3683 82 41 the
265 3685 193 49 Society
489 3686 51 40 of
573 3685 298 50 iconophiles
905 3687 52 41 of
989 3687 119 41 New
1140 3689 132 39 York
1304 3688 101 50 city
1437 3689 62 49 by
1531 3689 217 42 William
1782 3691 172 40 Edwin
1991 3692 167 49 Rudge

147 3744 51 37 at
234 3742 172 40 Mount
484 3753 164 38 Vernon,
685 3745 57 40 N.
778 3745 54 40 Y.;
899 3745 83 41 the
1016 3745 371 48 reproductions
1422 3747 51 40 of
1508 3748 83 40 the
1626 3748 159 48 prints
1823 3749 60 47 by
1919 3750 238 48 collotype

146 3808 126 31 were
300 3799 194 49 printed
523 3801 61 48 by
611 3801 117 39 Max
755 3800 133 41 Jaffé
913 3803 53 39 at
992 3801 234 42 Vienna.”

149 3864 52 52 ©
241 3869 112 41 Dec.
392 3870 70 48 10,
501 3869 141 49 1930;
683 3870 68 43 2c.
792 3872 109 40 Jan.
941 3872 39 48 8,
1020 3871 143 49 1931;
1205 3872 83 42 aff.
1329 3874 111 41 Jan.
1479 3875 54 48 7;
1576 3874 42 40 A
1655 3875 173 48 32707;
1874 3875 193 49 Society
2108 3876 50 40 of

220 3925 311 51 iconophiles,
557 3928 117 40 New
700 3929 146 40 York.
917 3929 253 51 (31-1606)
