2505 4370
1093 4004 100 52 833

159 376 307 70 [Alleman,
497 375 243 67 Jeanne]

282 448 1379 70 … Les rogations. [Paris] Flammarion [1931]
220 530 1085 54 187, [1] p., 1 l. 18 ᶜᵐ . (Les belles fêtes)
219 589 229 41 Author’s
473 589 177 49 pseud.,
677 590 123 40 Jean
827 590 165 46 Balde,
1020 591 53 39 at
1099 590 125 39 head
1250 589 52 40 of
1328 589 121 40 title.

485 645 288 41 CONTENTS.—Litanies
810 644 255 47 majeures.
1068 668 58 4 —
1129 646 91 39 Les
1254 646 259 47 rogations.

158 713 1994 52 © Mar. 26, 1931; 1c. Mar. 31; A—Foreign 11623; Ernest Flammarion.
235 774 280 49 (31-14308)

151 868 316 53 American
501 869 252 62 country
784 866 104 54 life
924 866 378 55 association.

225 947 319 55 Standards
577 947 64 53 of
673 947 200 68 living.
948 946 382 69 Proceedings
1363 945 63 54 of
1457 947 95 53 the
1582 946 315 54 thirteenth
152 946 1978 132 American

303 1030 240 64 country
591 1025 106 54 life
746 1024 345 53 conference.
1183 1024 286 69 Madison,
1516 1024 342 70 Wisconsin,
1909 1023 246 56 October

153 1101 2002 72 7-10, 1930 … [Chicago, Ill.] Published by the University of
154 1179 1994 70 Chicago press for the American country life association [ ᶜ19 31]
222 1261 64 47 xi,
325 1261 85 39 165
446 1271 44 38 p.
549 1260 146 41 23½ᶜᵐ.

155 1327 52 52 ©
236 1331 115 48 Apr.
379 1330 70 48 28,
479 1329 141 48 1931;
652 1330 67 41 2c.
751 1332 95 38 and
877 1330 82 41 aff.
990 1331 125 40 June
1147 1331 80 47 13;
1262 1330 41 41 A
1333 1329 170 50 37912;
1537 1330 258 40 American
1827 1332 205 45 country
2063 1330 91 41 life

223 1399 140 36 assn.,
391 1388 158 48 Ames,
604 1399 43 29 Ia.

149 1482 317 54 American
498 1482 354 54 foundation
885 1482 97 55 for
1014 1482 104 56 the
1149 1481 181 65 blind,
1362 1482 111 54 inc.
1546 1483 265 69 Library.

272 1559 209 69 Reading
511 1559 125 53 lists
667 1577 73 34 on
770 1560 204 67 phases
1005 1558 64 53 of
1098 1560 97 51 the
1225 1558 302 53 education
1560 1560 112 52 and
1704 1558 352 70 psychology
2085 1557 65 54 of

146 1636 96 53 the
276 1636 193 68 blind;
508 1636 239 54 selected
785 1636 153 53 from
973 1636 263 53 material
1274 1636 60 52 in
1371 1637 97 52 the
1503 1635 289 54 reference
1827 1636 220 69 library
2085 1636 65 53 of

145 1715 96 53 the
274 1715 307 53 American
619 1714 343 55 foundation
1000 1714 92 54 for
1127 1715 97 53 the
1256 1715 181 67 blind,
1472 1715 109 53 inc.
1621 1718 150 49 1931.
1848 1715 300 68 Compiled

145 1792 2004 70 by Helga Lende … New York, N. Y., American foundation
147 1869 792 69 for the blind, inc. [ ᶜ19 31]
214 1952 306 49 40 p. 25 ᶜᵐ .
218 2009 254 41 Classified
497 2008 120 41 with
643 2009 179 40 author
846 2008 161 42 index.

153 2078 52 52 ©
235 2081 112 48 Apr.
376 2082 69 46 13,
476 2080 140 48 1931;
648 2080 66 40 2c.
746 2081 113 47 May
887 2080 82 47 28;
1002 2080 80 40 aff.
1114 2081 125 40 June
1270 2080 82 48 11;
1385 2081 40 39 A
1453 2081 172 47 38755;
1659 2080 258 42 American
221 2082 1911 97 foundation

352 2139 80 38 for
463 2138 79 40 the
572 2137 147 48 blind,
749 2138 91 39 inc.
911 2137 278 49 (31-14503)

147 2231 296 66 Atworth,
476 2233 174 63 Mary
680 2231 366 56 Henderson.

213 2309 205 52 Hands
454 2308 171 69 “play
661 2326 88 34 me
784 2327 73 34 no
894 2308 227 68 tricks”,
1161 2308 74 70 by
1273 2308 170 70 Mary
1480 2309 338 54 Henderson
1857 2309 284 55 Atworth.

143 2386 231 68 Boston,
403 2387 122 51 The
554 2385 373 69 Christopher
955 2384 337 70 publishing
1317 2386 172 52 house
1523 2390 192 66 [ᶜ1931]

216 2465 337 49 64 p. 20½ ᶜᵐ .
153 2536 51 52 ©
231 2542 122 39 Mar.
378 2541 70 47 18,
475 2539 140 43 1931;
644 2540 67 41 2c.
739 2541 95 38 and
861 2538 82 41 aff.
972 2540 120 39 Mar.
1119 2539 54 39 21;
1230 2539 43 39 A
1298 2539 170 48 35354;
1501 2539 316 49 Christopher
1847 2541 108 48 pub.
1984 2541 164 39 house.

232 2597 278 48 (31-14167)

147 2692 217 65 Avery,
396 2691 188 65 Royal
615 2691 73 55 A.

214 2767 1932 69 Plane geometry, by Royal A. Avery … Rev. ed. Boston,
144 2846 138 54 New
311 2845 164 54 York
524 2851 119 62 [etc.]
675 2844 181 70 Allyn
883 2844 112 53 and
1024 2845 193 53 Bacon
1362 2846 84 66 [ᶜ1931]

216 2927 1261 51 xxvii, [1], 337 p. front., illus., diagrs. 19 ᶜᵐ .
153 2983 51 52 ©
233 2988 113 47 May
373 2987 69 47 14,
470 2984 140 48 1931;
639 2984 68 42 2c.
735 2986 114 46 May
875 2984 83 47 29;
989 2984 81 41 aff.
1100 2986 113 46 May
1239 2984 84 47 26;
1353 2984 40 39 A
1421 2985 171 48 38531;
1624 2985 144 49 Allyn
1797 2986 37 40 &
1862 2987 176 40 Bacon.

230 3043 279 48 (31-14511)

146 3138 262 64 Bastide,
440 3138 213 63 Roger.

280 3214 1804 70 … Les problèmes de la vie mystique par Roger Bastide …
148 3296 184 64 Paris,
363 3294 71 52 A.
471 3294 184 68 Colin,
690 3296 149 50 1931.

220 3376 86 39 216
348 3386 42 37 p.
451 3376 145 37 17½ᶜᵐ.
667 3372 287 48 (Collection
996 3373 215 39 Armand
1257 3372 136 41 Colin
1448 3373 219 49 (Section
1711 3376 56 39 de
1812 3374 326 51 philosophie)

147 3434 53 39 n°
239 3432 110 49 136)

221 3486 418 49 “Bibliographie”:
706 3497 41 36 p.
788 3484 244 51 [211]-213.

154 3542 1989 52 © Mar. 4, 1931; 1c. Apr. 24; A— Foreign 11929; Max Leclerc & cie,
219 3602 156 40 Paris.
446 3599 278 48 (31-14306)

147 3696 277 62 Bennett,
455 3693 132 64 Guy
670 3708 199 49 Vernon,
900 3697 172 50 1880-
1284 3694 84 53 ed.

218 3770 1866 73 Occupational orientation, edited by G. Vernon Bennett …
147 3848 1972 135 and Frank E. Older … [Los Angeles, Society for occupational
357 3929 426 65 research, ᶜ19 31]
