2428 4370
1009 4032 135 51 1835

136 509 1923 55 xi p., 1 l., 270, 93 p. incl. front., illus. 19½ ᶜᵐ . (Half-title: Johnson’s
65 574 209 41 German
302 571 174 49 series)

71 641 51 53 ©
155 646 125 47 Sept.
310 645 69 47 17,
407 642 113 42 1931;
579 642 67 42 2c.
679 642 125 48 Sept.
834 642 55 41 18;
948 640 82 41 aff.
1062 641 128 48 Sept.
1220 639 56 40 19;
1334 641 41 38 A
1402 641 144 39 41713;
1608 640 217 40 Johnson
1853 639 111 48 pub.
1995 648 66 31 co.

149 700 278 46 (31-32198)

67 811 225 61 Mason,
320 807 319 64 Josephine
668 806 261 63 Dwight.

135 902 56 51 A
215 902 274 67 practical
514 901 198 51 reader
737 900 93 51 for
854 899 206 51 adults,
1134 898 92 51 bk.
1250 901 47 48 2.
1376 898 88 68 By
1490 897 312 67 Josephine
1826 895 240 70 Dwight

67 973 2000 67 Mason … and Gertrude E. O’Brien … Teacher’s ed. Boston,
70 1054 1556 68 New York [etc.] D. C. Heath and company [ ᶜ19 31]
135 1134 483 50 xvii, 158 p. 19 ᶜᵐ .
74 1203 51 52 ©
207 1218 71 29 Nov.
315 1206 67 47 21,
420 1204 139 47 1931;
599 1206 66 39 2c.
703 1206 110 39 Dec.
848 1206 53 45 3;
941 1204 81 41 aff.
1060 1205 112 40 Dec.
1209 1206 51 45 1;
1300 1204 40 39 A
1375 1203 173 47 45280;
1588 1204 42 39 J.
1669 1203 57 41 D.
1764 1204 170 38 Mason
1970 1204 95 38 and

137 1264 238 40 Gertrude
409 1264 51 39 E.
495 1262 218 42 O’Brien.
751 1261 301 48 Springfield,
1089 1262 146 40 Mass.

69 1372 342 64 Mirrielees,
440 1370 183 55 Lucia
650 1370 183 56 Bush.

138 1462 292 68 Teaching
455 1460 374 69 composition
857 1461 57 51 in
943 1460 142 69 high
1111 1460 209 67 school,
1345 1459 76 69 by
1448 1459 179 53 Lucia
1654 1459 69 53 B.
1750 1458 317 53 Mirrielees

129 1536 1914 71 … Chicago, New York, Harcourt, Brace and company [ ᶜ19 31]
139 1618 735 51 2 p. l., vii-xii, 374 p. 21 ᶜᵐ .
141 1691 294 47 “Suggested
462 1689 226 48 readings
714 1690 80 38 for
816 1688 299 49 prospective
1142 1688 250 42 teachers”
1420 1690 55 40 at
1496 1688 93 41 end
1615 1688 52 40 of
1690 1688 119 41 each
1837 1688 226 48 chapter;

70 1747 374 47 Bibliography;
474 1757 44 37 p.
544 1745 218 42 355-363.

72 1815 51 51 ©
156 1819 102 40 Oct.
290 1819 67 46 15,
390 1817 139 47 1931;
563 1818 66 39 2c.
662 1819 95 37 and
788 1818 81 39 aff.
904 1817 102 41 Oct.
1037 1817 56 40 27;
1153 1818 41 39 A
1224 1817 173 47 43525;
1431 1818 263 48 Harcourt,
1728 1818 155 40 Brace
1916 1817 36 40 &
1983 1826 82 38 co.,

143 1877 90 39 inc.
303 1873 279 51 (31-32209)

71 1987 216 63 Moore,
314 1985 156 53 John
497 1985 264 64 Bassett,
787 1986 85 54 ed.

141 2076 422 53 International
613 2076 438 69 adjudications,
1101 2076 224 54 ancient
1373 2077 114 53 and
1535 2075 266 67 modern;
1850 2075 223 70 history

75 2157 111 51 and
235 2157 330 51 documents
610 2154 259 68 together
918 2153 139 52 with
1105 2153 364 53 mediatorial
1516 2157 241 65 reports,
1805 2152 269 70 advisory

74 2232 279 68 opinions,
385 2234 113 51 and
528 2234 95 50 the
655 2231 274 53 decisions
962 2232 64 51 of
1058 2229 271 55 domestic
1359 2231 406 70 commissions,
1797 2250 72 34 on
73 2229 1978 133 international

359 2310 212 52 claims.
647 2310 211 53 Edited
887 2311 76 67 by
992 2310 157 53 John
1179 2310 227 52 Bassett
1434 2308 213 53 Moore.
1721 2308 244 54 Modern
75 2325 1975 115 series.

273 2407 49 31 V.
353 2392 47 47 4.
476 2388 138 52 New
644 2387 177 68 York,
850 2387 240 53 London
1141 2391 118 63 [etc.]
1295 2385 231 56 Oxford
1553 2387 320 69 university
1899 2405 176 51 press,

77 2470 147 48 1931.

219 2546 456 48 xxvi, 600 p. 24½ ᶜᵐ .
79 2612 51 52 ©
160 2617 116 39 Nov.
305 2615 69 48 28,
402 2614 112 42 1931;
572 2615 67 41 2c.
667 2617 96 39 and
790 2615 82 41 aff.
902 2616 110 40 Dec.
1043 2617 24 38 1;
1128 2616 40 38 A
1195 2616 143 40 46071;
1399 2615 234 49 Carnegie
1663 2617 302 40 endowment
1995 2616 79 40 for

147 2673 347 40 international
522 2682 157 38 peace,
704 2673 334 47 Washington.

75 2766 329 53 Nebraska.
478 2769 166 51 Laws
651 2810 11 25 ,
693 2773 255 63 statutes,
976 2774 100 49 etc.

149 2863 131 49 1931
328 2861 343 52 cumulative
717 2862 357 67 supplement
1120 2867 57 46 to
1226 2861 301 68 Compiled
1570 2865 239 49 statutes
1856 2860 63 53 of
78 2861 1975 144 Nebraska,

331 2938 1746 71 1929 … containing all laws of a general nature, passed
80 3022 58 45 at
168 3016 96 51 the
295 3015 131 54 47th
458 3017 228 67 regular
718 3017 208 52 session
958 3017 64 52 of
1056 3020 151 65 1931,
1238 3018 112 52 and
1382 3018 133 51 48th
1547 3016 212 55 session
1800 3016 265 70 (special)

79 3093 63 51 of
175 3096 150 62 1931,
359 3093 183 51 which
577 3111 95 34 are
705 3092 116 55 still
855 3093 60 53 in
950 3094 172 54 force,
1158 3094 302 69 following
1481 3095 108 57 ,the
1624 3113 151 35 same
80 3112 1972 110 arrangement

273 3172 137 51 used
454 3170 58 52 in
558 3172 94 51 the
695 3171 274 67 compiled
1018 3176 256 65 statutes,
1321 3175 151 66 1929,
1516 3172 142 53 with
1705 3172 372 69 appropriate

80 3247 250 69 running
369 3248 145 53 head
558 3248 159 57 lines,
761 3248 210 53 section
1015 3249 379 67 catch-heads,
1437 3251 213 52 section
1692 3249 281 69 histories,
2018 3268 59 34 as

80 3324 260 68 required
372 3325 75 67 by
479 3325 126 58 law,
639 3328 113 51 and
786 3326 273 67 complete
1092 3329 363 51 annotations
1487 3332 58 48 to
1578 3327 276 55 decisions
1886 3329 65 52 of
1981 3327 96 53 the

83 3402 273 68 Supreme
386 3408 160 47 court
577 3403 63 53 of
672 3403 309 67 Nebraska,
1012 3405 95 52 the
1142 3403 274 69 Supreme
1447 3411 161 47 court
1639 3406 65 52 of
1733 3406 96 53 the
1859 3404 218 54 United

84 3478 189 56 States
306 3482 108 50 and
453 3481 95 51 the
581 3481 227 52 various
845 3481 220 52 federal
1101 3487 205 60 courts,
1343 3483 333 69 construing
1708 3483 96 53 the
1838 3487 240 50 statutes

81 3556 1996 73 since 1929 … Compiled by William C. Dorsey and George
82 3634 1996 70 B. Mann … Published by the state of Nebraska. Lincoln,
81 3711 1760 73 Neb., Cornhusker-commercial printing company [ ᶜ19 31]
153 3790 334 49 198 p. 26 ᶜᵐ .
87 3856 51 51 ©
173 3860 100 41 Oct.
306 3861 69 46 30,
409 3859 140 48 1931;
584 3861 67 41 2c.
685 3862 115 39 Nov.
834 3862 53 41 3;
924 3862 82 39 aff.
1039 3864 119 39 Nov.
1190 3865 53 40 4;
1278 3865 41 38 A
1352 3864 171 48 46090;
1562 3865 202 41 Charles
1798 3867 55 40 B.
1888 3867 187 45 Letton,

158 3918 130 39 clerk
318 3918 52 39 of
400 3918 84 40 the
513 3917 229 48 Supreme
773 3921 136 37 court
941 3919 52 40 of
1022 3919 266 47 Nebraska,
1321 3921 80 40 for
1433 3921 83 40 the
1544 3921 175 42 benefit
1751 3922 53 40 of
1834 3924 81 40 the
1948 3924 129 39 state

155 3973 51 40 of
229 3974 264 44 Nebraska,
519 3975 213 43 Lincoln,
759 3976 113 41 Neb.
