2505 4370
1040 3982 133 50 1135

160 435 1641 57 xiv, 234 p. incl. front., illus., ports., diagrs. 24 ᶜᵐ . $2.50
163 500 162 40 “First
358 498 228 42 edition.”

99 555 52 52 ©
182 560 115 39 July
325 557 68 48 16,
426 556 111 41 1931;
598 556 66 41 2c.
696 556 95 39 and
820 554 81 41 aff.
934 553 116 49 July
1079 553 55 40 21;
1195 554 42 39 A
1266 552 145 42 40432;
1473 551 351 42 McGraw-Hill
1857 550 122 41 book
2011 560 82 38 co.,

167 616 76 40 inc.
327 614 280 49 (31-19553)

93 695 216 65 White,
338 697 133 62 Ray
497 694 292 65 Bridwell,
820 698 171 51 1892-

167 766 1929 72 The trail of the desert sun, by Ray B. White … pen sketches
97 849 73 70 by
217 851 95 52 the
361 850 235 66 author;
649 848 370 68 frontispiece
1065 847 77 69 by
1188 846 233 54 Winsor
1469 844 249 69 McKay.
1794 843 303 68 Zarepath,

156 971 8 9 N.
192 929 75 66 J.,
290 928 187 52 Pillar
502 926 66 54 of
591 926 121 69 fire,
737 928 151 51 1931.

166 1004 1424 55 vii, [3], 11-208 p. front. (port.) illus., plates. 20 ᶜᵐ .
166 1066 314 47 Advertising
510 1069 179 36 matter
708 1076 8 29 :
750 1076 41 37 p.
824 1063 217 41 205-207.

101 1120 52 51 ©
179 1124 115 46 July
320 1124 69 46 13,
415 1122 112 40 1931;
583 1123 68 40 2c.
678 1122 94 39 and
799 1120 80 40 aff.
908 1121 115 47 July
1049 1119 83 47 20;
1160 1120 41 38 A
1226 1118 144 41 39573;
1428 1118 154 39 Pillar
1608 1117 52 40 of
1686 1116 99 40 fire.

180 1179 281 50 (31-19116)

98 1260 286 64 Whitten,
415 1260 223 53 Robert
668 1259 258 63 Harvey,
961 1259 168 54 1873-

174 1337 475 69 Neighborhoods
689 1335 64 53 of
792 1335 166 53 small
998 1335 221 64 homes;
1265 1332 282 54 economic
1591 1331 227 69 density
1858 1330 64 55 of
1962 1332 135 52 low-

105 1420 116 47 cost
247 1414 245 68 housing
518 1414 59 51 in
603 1412 265 53 America
896 1412 111 52 and
1036 1411 292 69 England,
1352 1410 77 69 by
1454 1409 214 53 Robert
1694 1408 263 55 Whitten
1984 1410 113 52 and

105 1492 248 53 Thomas
383 1491 237 52 Adams.
688 1489 363 68 Cambridge,
1081 1489 275 52 Harvard
1388 1486 319 70 university
1740 1505 175 50 press,
1947 1490 152 49 1931.

176 1568 1922 53 xvi, 205 p. illus. (incl. maps) XIV pl. (incl. front.) plans, diagrs.
104 1625 1554 51 25½ ᶜᵐ . (Half-title: Harvard city planning studies. III)
177 1684 247 42 “Selected
454 1684 336 48 bibliography
819 1683 79 41 for
930 1682 174 49 study”
1122 1693 9 31 :
1166 1692 41 39 p.
1240 1682 217 42 178-183.

107 1739 51 52 ©
195 1744 126 40 June
356 1743 70 47 22,
464 1742 140 43 1931;
644 1743 66 41 2c.
748 1743 127 39 June
910 1742 81 47 26;
1032 1742 80 39 aff.
1152 1743 117 46 July
1306 1743 53 45 3;
1401 1743 40 37 A
1478 1741 172 47 40255;
1691 1742 168 47 Henry
1898 1741 206 41 Vincent

175 1801 250 46 Hubbard,
470 1800 265 46 chairman,
781 1800 229 39 Harvard
1054 1799 130 40 univ.
1229 1799 164 40 school
1438 1799 50 40 of
1533 1799 98 48 city
1675 1799 246 47 planning,
175 1797 1910 108 Cambridge,
386 1858 148 39 Mass.
605 1855 280 50 (31-19386)

102 1937 375 65 Whittlesey,
509 1937 245 56 Charles
783 1937 328 65 Raymond,
1143 1942 171 50 1900-

181 2013 445 55 Governmental
659 2015 219 51 control
911 2014 64 53 of
1006 2014 171 52 crude
1210 2013 225 67 rubber,
1468 2014 96 52 the
1599 2012 314 56 Stevenson
1947 2014 157 68 plan,

111 2090 1991 70 by Charles R. Whittlesey … Published for the International
111 2168 217 53 finance
357 2168 214 53 section
602 2167 63 54 of
693 2169 97 53 the
818 2169 381 67 Department
1228 2167 65 55 of
1325 2168 311 54 economics
1668 2169 113 53 and
1812 2169 174 53 social

105 2169 1974 129 institutions
420 2246 60 52 in
502 2245 309 54 Princeton
832 2246 336 68 university,
1192 2246 234 54 Walker
1452 2245 362 54 foundation.

114 2246 1966 146 Princeton,
257 2323 309 53 Princeton
593 2323 319 69 university
938 2343 175 49 press,
1144 2327 152 50 1931.

116 2403 1972 97 xiv p., 1 l., 235 p. diagrs. 23½ ᶜᵐ . (Half-title: Publications of the International
445 2460 186 41 finance
666 2461 182 40 section
881 2461 52 41 of
964 2462 83 40 the
1079 2461 324 48 Department
1438 2462 51 39 of
1521 2461 269 41 economics
1825 2462 95 40 and
1955 2461 149 42 social

114 2516 1299 50 institutions in Princeton university … vol. II)
185 2573 263 40 Published
474 2574 103 39 also
604 2584 55 29 as
685 2573 153 41 thesis
877 2574 14 47 (PH.
1063 2575 14 47 D.)
1114 2573 259 41 Princeton
1400 2574 285 48 university.

187 2628 372 49 Bibliography:
591 2639 41 38 p.
682 2627 234 52 [225]-229.

114 2682 51 52 ©
198 2687 121 41 Mar.
350 2687 69 47 10,
451 2686 104 41 1931;
624 2687 66 40 2c.
723 2688 94 38 and
850 2687 81 40 aff.
964 2689 116 46 July
1111 2689 81 45 18;
1227 2689 41 38 A
1297 2688 172 48 40418;
1504 2688 260 42 Princeton
1796 2689 131 41 univ.
1958 2699 151 38 press.

195 2743 280 48 (31-19100)

109 2824 305 67 Williams,
446 2824 332 57 Valentine.

185 2904 380 66 [Adventures
596 2905 139 51 with
771 2904 328 67 Clubfoot!]
1180 2905 276 55 Clubfoot
1488 2909 112 51 and
1632 2907 95 53 the
1759 2909 279 51 huntress.

194 2982 83 47 (In
304 2980 201 44 London
532 2980 203 53 Empire
762 2995 149 37 news,
940 2981 131 44 June
1097 2984 70 49 21,
1199 2983 145 50 1931)

116 3036 1994 55 © 1c. Aug. 19, 1931; A ad int. 15405; pubd. June 21; George Valentine
187 3098 256 40 Williams.
471 3098 210 39 London.

111 3178 285 66 Wolfson,
424 3181 63 54 P.
512 3180 54 55 J.

242 3256 1860 74 … Bodies are dust. New York, The Vanguard press [ ᶜ1 931]
183 3338 615 48 4 p. l., 11-310 p. 20 ᶜᵐ .
118 3390 51 52 ©
194 3395 115 47 July
334 3395 54 40 23,
484 3396 56 39 1931;
592 3395 65 40 2c.
684 3396 115 46 July
822 3395 82 48 29;
933 3396 80 41 aff.
1040 3398 115 47 July
1180 3397 55 40 25;
1291 3398 39 39 A
1355 3397 172 49 39789;
1555 3398 263 49 Vanguard
1843 3410 150 37 press,
2020 3400 91 41 inc.

196 3450 280 49 (31-19907)

114 3530 256 65 Wright,
402 3532 246 55 Charles
676 3533 213 66 Baker,
923 3540 171 49 1859-

179 3608 201 53 Verses
423 3607 56 52 in
524 3608 243 69 varying
807 3611 184 67 mood,
1031 3613 76 68 by
1149 3612 234 54 Charles
1424 3614 66 51 B.
1534 3613 249 69 Wright.
111 3612 1972 142 Middlebury,

301 3685 115 69 Vt.,
444 3685 369 71 Middlebury
843 3687 209 70 college
1083 3707 174 51 press,
1291 3692 150 50 1931.

183 3764 340 49 55 p. 19½ ᶜᵐ .
121 3820 52 51 ©
209 3825 128 40 June
369 3826 69 46 13,
475 3825 140 43 1931;
652 3825 67 42 2c.
757 3826 126 40 June
917 3826 57 40 26;
1038 3826 81 42 aff.
1157 3828 126 40 June
1320 3828 55 40 25;
1441 3830 40 38 A
1516 3829 145 40 39105;
1729 3830 47 41 C.
1816 3832 53 40 B.
1906 3830 207 48 Wright,

189 3881 320 49 Middlebury,
548 3882 74 40 Vt.
697 3883 280 48 (31-16598)
