2505 4370
1089 4015 102 49 345

114 402 209 64 Leech,
351 401 200 53 Laura
577 397 205 56 Helen.

185 466 1929 79 Cruising with Aeneas, the geography of his voyage … by
113 543 1980 142 Laura Helen Leech … Published in honor of the bimillennium
367 630 345 69 Vergilianum
746 628 76 70 by
861 628 112 52 and
1013 626 93 53 for
1142 627 96 52 the
1275 624 311 54 American
1622 622 255 55 classical
1918 622 198 68 league

178 698 1939 65 … and the Service bureau for classical teachers … New York
115 787 342 68 city, ᶜ19 30.
184 857 1935 55 cover-title, 45 p. illus. (incl. map) pl. 27 ᶜᵐ. ([Service bureau for
115 921 223 41 classical
370 920 238 49 teachers]
672 918 217 42 Bulletin
1019 919 15 48 XIX)

125 988 51 53 ©
207 994 113 47 May
348 991 71 49 20,
448 989 117 42 1930;
619 988 68 42 2c.
717 989 111 42 Feb.
857 989 71 49 21,
959 988 111 41 1931;
1131 987 82 42 aff.
1245 988 113 41 Feb.
1388 986 57 41 20;
1503 988 41 39 A
1573 986 147 41 33876;
1779 986 51 41 L.
1861 986 61 41 H.
1954 984 170 43 Leech.

191 1050 197 47 Athens,
423 1048 136 41 Ohio.
629 1046 250 49 (31-6625)

120 1154 546 65 Lettow-Vorbeck,
696 1154 146 53 Paul
873 1154 154 52 Emil
1058 1169 131 48 von,
1225 1155 171 53 1870-
1608 1153 87 53 ed.

188 1228 1562 74 Die w eltkriegspionage (original-spionage-werk);
119 1227 1978 137 authentische
316 1310 412 68 enthullungen
797 1308 138 54 über
1003 1309 359 68 entstehung,
1430 1313 106 60 art,
1606 1307 200 68 arbeit,
1874 1305 249 69 technik,

119 1384 2003 73 schliche, handlungen, w irkungen und geheimnisse der spionage
121 1461 2003 150 vor, während und nach dem kriege auf grund amtlichen materials aus kriegs-, milit ä r-, gerichts- und reichs-archiven; vom
123 1620 159 53 leben
320 1621 118 52 und
476 1620 240 68 sterben,
755 1637 109 34 von
903 1620 108 52 den
1049 1624 157 48 taten
1244 1619 117 52 und
1401 1618 344 53 abenteuern
1782 1618 100 53 der
125 1618 1974 133 bedeutendsten
435 1702 241 64 agenten
721 1697 90 53 bei
862 1696 209 55 freund
1119 1697 117 53 und
1287 1695 180 71 feind,
1515 1696 457 70 herausgegeben
2020 1696 105 53 mit

125 1775 181 54 einem
383 1780 213 48 vorwort
633 1793 112 34 von
783 1774 419 71 generalmajor
1241 1793 112 34 von
1391 1774 529 67 Lettow-Yorbeck,
1959 1779 167 48 unter

124 1852 376 70 mitwirkung
526 1872 111 33 von
667 1852 747 69 landesgerichtsprasident
1444 1871 48 34 a.
1523 1852 53 53 d.
1607 1853 86 53 dr.
1722 1852 247 69 Ludwig
123 1853 1980 144 Altmann,
380 1931 418 52 oberstleutnant
829 1948 47 36 a.
911 1933 52 52 d.
998 1933 182 50 Busso
1214 1947 111 35 von
1358 1929 317 68 Bismarck,
1707 1929 419 70 generalmajor

126 2007 1978 132 a. d. von Borries [u. a.] … und einem nach wort von generaloberst
442 2105 47 35 a.
531 2087 54 54 d.
624 2084 137 71 graf
799 2104 111 35 von
951 2085 290 54 Bothmer.
1319 2089 101 49 612
1460 2084 387 71 abbildungen
1885 2087 118 52 und
129 2092 1973 139 tafeln,
299 2164 147 52 nach
516 2162 695 71 originalphotographien,
1246 2163 625 68 geheimdokumenten,
126 2164 1980 146 archivblättern,
450 2241 565 70 handzeichnungen,
1073 2239 416 56 militärischen
1545 2240 224 53 skizzen
1826 2241 119 53 und
127 2259 1977 112 sonderaufnahmen
617 2318 118 53 und
769 2322 70 50 24
870 2317 442 69 einzelbeilagen
1347 2316 60 54 in
1440 2316 309 56 tiefdruck.
1823 2317 305 70 München,

129 2396 57 54 J.
229 2396 206 52 Moser.
510 2395 167 55 Abt.:
778 2395 370 54 Vertriebstelle
1192 2395 300 55 amtlicher
1535 2396 436 69 Publikationen
2013 2399 118 52 und

168 2472 777 70 veröffentlichungen [ ᶜ 1931]
202 2553 1724 51 680 p. front., illus. (incl. ports., facsims.) plates, diagrs. 31 ᶜᵐ.
139 2619 1912 56 © Jan. 1, 1931; 1c. Dec. 9; A —Foreign 10171; Verlag Justin Moser.
215 2681 252 49 (31-6515)

139 2789 1676 75 [Lincoln memorial university, Cumberland Gap , T enn.
206 2866 1930 71 Said Abraham Lincoln: — [Cumberland Gap, Tenn.,
133 2943 1146 71 Lincoln memorial university, ᶜ19 31]
204 3024 1559 52 cover-title, [40] p. illus., plates (part double) 21½ × 28 ᶜᵐ.
202 3094 305 48 Descriptive
539 3094 54 41 of
622 3096 81 41 the
735 3094 198 42 Lincoln
966 3096 251 41 memorial
1251 3097 287 48 university.

142 3160 1997 57 © Feb. 12, 1931; 2c. Feb. 18; aff. Feb. 16; A 34620; Lincoln memorial
211 3223 129 41 univ.
410 3222 251 50 (31-6689)

141 3315 384 66 Lindemann,
556 3318 329 65 Bernhard,
919 3320 172 55 1871-

270 3394 1867 71 … Erdbild und erdzeitalter; eine geologische formations-
139 3470 1937 72 kande, von dr. B. Lindemann, mit 117 abbildungen im text …
139 3547 989 71 Leipzig, P. Reclam jun. [ ᶜ19 30]
211 3631 1836 51 2 v. illus. 15½ ᶜᵐ (Bücher der naturwissenschaff. 34.-35. bd.)
214 3701 73 41 On
319 3712 141 30 cover:
525 3702 222 41 Reclams
783 3704 537 40 universal-bibliothek
1355 3716 72 30 nr.
1461 3704 277 41 7086-7091.

478 3784 104 29 CONTENTS.—v.
619 3771 40 43 1.
691 3774 119 40 Vom
844 3774 318 41 archäischen
1223 3775 198 40 zeitalter
1455 3775 73 40 bis
1562 3786 85 29 zur
1682 3775 136 41 trias.
1821 3786 106 30 —v.
1961 3774 43 42 2.
2037 3776 103 41 Von

144 3831 85 38 der
258 3829 309 41 rät-lias-zeit
594 3830 74 40 bis
696 3841 85 29 zur
810 3833 292 46 gegenwart.

149 3896 51 53 ©
235 3901 102 45 Oct.
370 3901 70 49 16,
472 3900 141 48 1930;
678 3913 36 30 1c.
749 3902 116 40 each
900 3903 112 41 Dec.
1046 3903 81 46 18;
1164 3903 40 38 A
1206 3902 267 48 —Foreign
1508 3902 171 49 10778;
1717 3903 196 50 Philipp
1945 3903 197 40 Reclam

217 3958 102 49 jun.
389 3958 250 50 (31-6579)
