2505 4370
1276 4043 104 50 348

300 460 2025 73 Emil Maurer and William Glassman … Newark, N. J., Soney
299 542 46 52 &
373 539 151 72 Sage
548 557 100 53 co.,
677 542 153 51 1931.

369 621 405 51 iii, 440 p. 26 ᶜᵐ.
305 688 53 53 ©
382 693 116 48 Apr.
521 693 41 48 1,
586 690 114 43 1931;
754 691 69 43 2c.
848 693 95 40 and
969 692 83 42 aff.
1076 692 116 49 Apr.
1217 694 26 39 7;
1297 692 41 40 A
1361 692 146 41 35635;
1565 692 156 50 Soney
1747 694 36 41 &
1810 693 124 49 Sage
1957 704 69 31 co.

299 787 258 66 Morton,
590 787 209 64 Henry
832 788 240 54 Canova
1104 786 252 66 Vollam,
1391 792 172 50 1892-

370 865 75 53 In
484 867 199 52 search
722 864 65 54 of
824 865 256 68 Ireland,
1118 865 77 69 by
1233 866 79 53 H.
1352 867 71 53 V.
1463 866 254 69 Morton,
1756 864 141 56 with
1938 866 385 54 illustrations

300 944 2020 71 and a map … New York, Dodd, Mead and company, 1931.
371 1024 845 51 xiii, 356 p. front., plates. 22 ᶜᵐ.
372 1095 354 50 Bibliography:
784 1107 45 39 p.
857 1096 132 42 ix-x.

373 1154 144 48 Maps
546 1164 61 30 on
638 1153 369 50 lining-papers.

307 1220 53 53 ©
391 1224 114 43 Feb.
534 1224 71 50 27,
636 1223 114 42 1931;
810 1224 69 43 2c.
910 1225 125 42 Mar.
1062 1225 28 39 4;
1151 1224 84 42 aff.
1267 1226 124 41 Mar.
1421 1226 26 40 7;
1509 1225 40 39 A
1579 1225 147 40 35166;
1787 1226 63 42 H.
1880 1226 55 42 V.
1968 1227 209 46 Morton,
375 1227 1936 98 London.
556 1281 255 50 (31-6721)

301 1374 399 66 Mützelfeldt,
733 1376 343 66 Christlieb,
1108 1382 173 51 1888-

369 1453 328 68 “Nerven”;
742 1452 352 71 neuralgien,
1135 1454 450 71 hypochondrie,
1627 1455 267 71 hysterie,
300 1454 2006 145 kopfschmerzen;

464 1531 1864 58 unter mitarbeit von dr. med. Faber … nach den neuesten
299 1611 394 70 erfahrungen
727 1611 120 53 und
883 1611 406 71 forschungen,
1325 1630 111 35 von
1472 1612 84 53 dr.
1595 1611 311 57 Christlieb
1940 1610 389 57 Mützelfeldt.

335 1688 1350 73 1 .-10. tausend. Hannover, Helwing, 1930.
372 1770 544 51 2 p. l., 7-100 p. 22½ ᶜᵐ.
310 1838 2003 112 © Aug. 4, 1930; 1c. Oct. 14; A—Foreign 10197; C. Mützelfeldt, Eilsen-Bückeburg, Germany. (31-6571)
303 1995 286 56 National
618 1995 321 55 industrial
968 1995 352 55 conference
1350 1994 203 57 board.

375 2073 496 55 Rationalization
906 2073 66 54 of
1006 2074 254 56 German
1297 2074 285 70 industry.
1658 2075 139 53 New
1835 2075 181 68 York,
2052 2073 273 55 National

305 2152 314 55 industrial
645 2151 335 55 conference
1005 2152 199 71 board,
1232 2152 128 70 inc.,
1389 2156 152 50 1931.

446 2235 566 49 xv, 182 p. diagrs. 23 ᶜᵐ.
313 2303 53 53 ©
401 2307 115 41 Feb.
551 2306 70 50 14,
657 2306 142 48 1931;
836 2306 68 42 2c.
942 2307 97 40 and
1074 2306 84 42 aff.
1195 2307 113 41 Feb.
1343 2305 83 49 28;
1465 2307 41 39 A
1542 2305 173 50 35043;
1754 2307 116 40 Natl.
1924 2306 267 41 industrial
380 2315 1935 91 conference
610 2365 166 49 board,
812 2365 93 41 inc.
976 2363 253 51 (31-6607)

307 2458 328 67 Nevinson,
664 2460 212 64 Henry
900 2460 243 65 Woodd,
1174 2465 174 50 1856-

380 2539 1952 71 The natives of England [by] Henry Woodd Nevinson; with
309 2618 221 55 sixteen
554 2619 185 69 plates
760 2619 76 70 by
860 2617 63 56 C.
950 2618 68 53 R.
1042 2618 91 55 W.
1157 2618 308 54 Nevinson.
1545 2618 139 53 New
1709 2617 182 71 York,
1914 2617 71 54 A.
2010 2619 71 51 A.
2108 2616 227 71 Knopf,

311 2699 154 52 1931.

380 2776 1352 67 xix p., 2 l., [3]-249, ix, [1] p. front., plates. 21 ᶜᵐ.
382 2836 202 41 London
616 2834 190 42 edition
845 2833 80 51 (G.
958 2835 274 48 Routledge
1265 2835 37 41 &
1335 2845 126 40 sons,
1496 2835 113 48 ltd.)
1652 2835 90 41 has
1777 2834 135 43 title;
1949 2834 173 50 Rough
311 2833 2005 102 islanders;
447 2904 67 38 or,
542 2893 102 41 The
669 2893 194 41 natives
888 2893 52 40 of
966 2893 241 48 England.

317 2961 53 53 ©
403 2967 124 40 Mar.
558 2966 69 48 13,
660 2964 114 42 1931;
835 2964 68 43 2c.
935 2965 96 40 and
1064 2964 84 42 aff.
1181 2965 124 41 Mar.
1338 2963 58 41 16;
1455 2965 40 39 A
1526 2964 149 41 34868;
1733 2964 174 41 Alfred
1940 2964 56 42 A.
2029 2962 181 50 Knopf,
2245 2963 89 40 inc.

395 3022 254 51 (31-6796)

310 3117 254 64 Norton,
594 3119 141 54 Mrs.
766 3116 159 55 Julia
955 3118 72 54 A.

382 3192 174 55 Clara
586 3192 181 68 Alice,
798 3193 75 72 by
903 3192 162 56 Julia
1095 3194 71 54 A.
1199 3192 238 54 Norton.
1506 3193 112 53 Los
1649 3193 264 69 Angeles,
1944 3192 196 70 Calif.,
2171 3192 157 55 Julia

312 3272 69 55 A.
412 3271 241 68 Norton,
682 3273 152 51 1931.

381 3353 1000 51 4 p. l., 13-183 p. front. (port.) 22 ᶜᵐ.
321 3422 53 53 ©
403 3428 123 40 Mar.
554 3427 40 48 3,
623 3425 142 49 1931;
794 3426 68 41 2c.
892 3427 123 40 Mar.
1043 3426 83 47 16;
1157 3426 83 42 aff.
1270 3427 124 42 Mar.
1422 3428 83 47 14;
1536 3426 39 41 A
1604 3426 172 49 34890;
1809 3427 44 42 J.
1882 3427 54 41 A.
1966 3427 202 40 Norton.

399 3484 255 50 (31-6861)

316 3576 390 68 Oppenheim,
738 3578 223 65 James,
997 3583 172 51 1882-

387 3657 312 54 American
729 3663 184 65 types,
943 3678 32 34 a
1005 3658 232 69 preface
1266 3663 59 48 to
1355 3659 252 69 analytic
1639 3659 370 70 psychology,
2036 3659 78 69 by
2145 3658 194 54 James

318 3734 382 69 Oppenheim.
777 3736 140 53 New
949 3736 164 54 York
1144 3737 51 51 &
1226 3737 262 67 London,
1518 3737 71 52 A.
1619 3738 71 51 A.
1724 3735 227 68 Knopf,
1983 3740 151 49 1931.

388 3812 680 51 6 p. l., 3-210 p., 1 l. 19½ ᶜᵐ.
389 3870 1897 50 “An American’s interpretations of the work of European scientists …
321 3926 153 51 [with]
507 3937 62 30 an
598 3928 186 41 outline
813 3928 52 40 of
894 3928 258 41 American
1183 3930 141 47 types
1352 3930 95 39 and
1479 3929 104 40 also
1615 3939 62 30 an
1708 3929 185 40 outline
1922 3929 52 42 of
2004 3930 84 40 the
317 3928 2003 106 physiognomy
489 3983 52 42 of
569 3985 83 41 the
679 3984 385 50 types.”—Note.
