2428 4370
1013 3987 134 56 1697

143 451 914 51 vii. 9-286 p. 1 illus. (music) 19 ᶜᵐ.
78 520 1988 55 © 1c. Oct. 20, 1931; A ad int. 15570; pubd. Aug. 21; William Morrow &
145 593 81 36 co.,
250 583 105 46 inc.,
377 582 118 38 New
518 580 142 40 York.
735 578 278 49 (31-31528)

76 675 231 64 Hirsch,
336 673 205 54 Edwin
569 673 242 64 Walter,
844 678 169 49 1892-

140 753 52 50 A
231 748 389 71 non-surgical
659 749 417 53 consideration
1118 747 63 54 of
1222 748 275 68 prostatic
1538 750 404 67 enlargement,
74 748 1966 148 including

344 846 30 34 a
413 829 209 50 lecture
660 845 69 34 on
773 827 93 52 the
905 827 161 67 myth
1107 825 64 53 of
1209 826 94 52 the
1344 825 239 53 bladder
1621 826 142 52 neck
1802 827 102 51 bar
1951 826 110 68 [by]

77 902 1965 149 Edwin W. Hirsch … Minneapolis and St. Paul, Bruce publishing
313 1000 297 51 company,
644 984 149 50 1931.

142 1063 78 47 vii,
251 1062 55 41 79
334 1073 44 38 p.
437 1062 127 42 illus.
625 1061 54 41 23ᶜᵐ.

141 1119 372 47 Bibliography:
546 1128 40 38 p.
619 1118 157 40 75-79.

80 1187 50 52 ©
159 1190 100 40 Oct.
287 1191 24 38 1,
355 1189 140 46 1931;
525 1190 66 39 2c.
620 1189 102 40 Oct.
750 1189 80 46 12;
861 1189 82 41 aff.
973 1189 101 40 Oct.
1104 1190 81 46 14;
1216 1190 40 38 A
1283 1190 172 46 44151;
1486 1191 157 38 Bruce
1672 1190 108 47 pub.
1811 1201 67 29 co.
154 1246 279 49 (31-30928)

81 1341 309 62 Hofstead,
417 1340 155 53 John
602 1340 272 59 Andrew,
910 1346 166 48 1885-
1290 1358 178 51 comp.

145 1416 301 53 American
493 1418 295 51 educators
833 1416 62 52 of
941 1416 342 69 Norwegian
1330 1416 217 70 origin;
1598 1436 30 34 a
1672 1417 397 70 biographical

78 1494 336 68 dictionary,
455 1495 75 67 by
572 1494 154 54 John
769 1496 69 52 A.
885 1492 305 55 Hofstead.
1265 1494 403 69 Minneapolis,
1710 1494 242 54 Printed
1996 1495 75 69 by

78 1571 1095 70 Augsburg publishing house , ᶜ1 931]
289 1653 319 48 8 p. l., 316 p. 22½ᶜᵐ.
82 1721 50 52 ©
157 1725 100 41 Oct.
282 1726 67 45 17,
375 1723 112 42 1931;
539 1724 65 40 2c.
633 1724 101 41 Oct.
758 1723 80 48 20;
866 1723 80 41 aff.
973 1724 103 41 Oct.
1099 1723 54 40 19;
1206 1725 41 38 A
1268 1723 144 42 44279;
1466 1725 44 41 J.
1533 1726 54 38 A.
1613 1725 257 44 Hofstead,
148 1725 1910 104 Brooklyn.

315 1781 279 50 (31-31080)

78 1875 283 65 Hopkins,
390 1877 66 54 B.
485 1875 215 65 Smith,
733 1877 170 54 1873-

146 1953 355 68 Laboratory
529 1953 270 52 exercises
830 1953 112 52 and
974 1951 285 70 problems
1289 1953 60 53 in
1380 1955 232 67 general
1642 1954 326 69 chemistry,
1999 1954 75 69 by

84 2029 1988 70 B Smith Hopkins … and Harvey A. Neville … Rev. ed.
85 2106 1893 72 Boston, New York [etc.] D. C. Heath and company [ ᶜ1 931]
150 2187 60 47 xi,
247 2188 71 50 [1],
351 2187 84 40 164
467 2198 39 37 p.
570 2187 125 41 illus.
756 2187 56 39 22ᶜᵐ.

84 2241 50 51 ©
161 2245 100 40 Oct.
290 2245 38 48 8,
355 2245 113 40 1931;
524 2246 66 39 2c.
618 2246 102 40 Oct.
747 2246 55 39 24;
857 2246 82 42 aff.
968 2247 101 40 Oct.
1096 2246 55 41 23;
1208 2247 43 39 A
1274 2248 145 39 44412;
1477 2249 57 39 D.
1564 2248 50 41 C.
1641 2249 166 39 Heath
1834 2248 36 41 &
1898 2258 67 31 co.

161 2301 276 49 (31-30937)

84 2395 266 64 Hulbert,
378 2396 229 54 Archer
633 2397 225 64 Butler,
890 2403 168 49 1873-

151 2473 395 67 Forty-niners;
601 2474 93 52 the
717 2474 282 53 chronicle
1024 2473 64 55 of
1109 2475 97 53 the
1230 2474 326 55 California
1581 2475 155 69 trail,
1760 2476 76 69 by
1856 2476 221 52 Archer

90 2550 1985 72 Butler Hulbert … Boston, Little, Brown, and company, 1931.
148 2630 115 46 xvii,
289 2630 86 41 340
400 2641 41 38 p.
500 2631 164 44 front.,
693 2632 142 40 illus..
864 2633 172 47 plates.
1090 2632 58 40 24½ᶜᵐ.

151 2686 369 49 Bibliography:
552 2698 43 37 p.
642 2687 235 51 [323]-333.

87 2739 50 52 ©
167 2743 99 41 Oct.
294 2745 69 47 23,
393 2744 113 41 1931;
563 2744 67 42 2c.
660 2748 96 38 and
785 2746 79 40 aff.
896 2746 102 41 Oct.
1028 2747 56 39 24;
1142 2748 42 38 A
1211 2748 145 40 43506;
1415 2749 54 41 A.
1500 2750 53 38 B.
1585 2750 223 46 Hulbert,
1841 2749 236 41 Colorado

156 2801 211 50 Springs,
399 2802 98 40 Col.
567 2802 278 52 (31-30852)

86 2894 226 65 Hulme,
341 2896 259 54 Thomas
627 2898 252 65 Ferrier,
912 2905 170 49 1856-

152 2972 1925 73 Voices of the New room [by] T. Ferrier Hulme … New
90 3049 1637 74 York, Cincinnati [etc.] The Abingdon press [ ᶜ1 931]
152 3131 85 39 250
268 3142 43 36 p.
370 3132 55 39 21½ᶜᵐ.
580 3134 159 48 [Drew
770 3135 297 48 lectureship
1098 3135 49 40 in
1180 3136 282 49 biography,
1496 3137 128 49 1931]

90 3182 50 52 ©
171 3188 125 48 Sept.
325 3190 54 38 14,
422 3188 106 41 1931;
592 3191 66 38 2c.
689 3192 94 39 and
812 3191 81 41 aff.
924 3192 101 40 Oct.
1055 3194 82 41 14;
1168 3194 39 37 A
1236 3192 171 48 43228;
1439 3194 254 48 Abingdon
1723 3204 150 39 press,
1904 3194 91 41 inc.

166 3244 276 48 (31-30897)

93 3338 277 55 Institute
399 3342 63 52 of
491 3341 249 66 politics,
772 3343 281 56 Williams
1084 3345 227 70 college,
1340 3351 150 48 1931.

155 3412 207 69 Report
402 3415 63 53 of
502 3417 92 52 the
636 3418 180 53 round
855 3418 179 54 tables
1072 3420 113 53 and
1224 3422 227 66 general
1492 3421 355 54 conferences
1887 3429 59 47 at
1984 3421 93 53 the

83 3489 249 56 eleventh
358 3494 203 51 session;
623 3494 82 52 ed.
736 3495 70 67 by
834 3496 223 51 Arthur
1083 3498 287 51 Howland
1400 3497 302 54 Buffinton.
86 3498 1969 136 Williamstown,

273 3569 188 68 Mass.,
487 3571 121 54 The
637 3572 268 53 Institute
932 3574 62 52 of
1021 3573 243 69 politics,
1294 3578 148 49 1931.

155 3648 77 49 vii,
259 3651 98 47 263,
389 3654 54 49 [1]
471 3664 42 38 p.
574 3652 53 41 23ᶜᵐ.

155 3704 128 44 “One
322 3707 240 43 thousand
603 3709 159 49 copies
800 3711 51 39 of
888 3712 98 40 this
1025 3715 160 46 report
1224 3714 124 39 have
1385 3714 117 39 been
1542 3714 446 47 printed.”—Verso
2030 3716 49 39 of

90 3770 38 36 P.
153 3762 96 41 263.

158 3815 209 48 “Syllabi
403 3823 95 38 and
532 3820 402 49 bibliographies”
953 3835 10 29 :
1000 3832 43 39 p.
1096 3824 235 49 [245]-263.

97 3869 50 52 ©
176 3874 124 49 Sept.
328 3877 39 41 8,
394 3876 139 48 1931;
563 3878 65 40 2c.
657 3880 94 38 and
779 3878 79 40 aff.
890 3879 128 48 Sept.
1045 3881 82 46 14;
1156 3881 41 38 A
1222 3880 172 48 42500;
1425 3882 236 41 Institute
1687 3882 52 41 of
1764 3883 208 48 politics.

175 3930 276 51 (31-30956)
