2505 4370
1047 3958 98 51 865

111 337 563 66 Antona-Traversi,
704 335 262 66 Camillo,
998 338 170 55 1857-

243 425 1395 70 … Réjane. Paris, Editions Le Calame [1930]
177 502 1285 48 2 p. l., 7-381 p., 1 l. plates, ports., facsim. 19 ᶜᵐ.
116 572 1994 52 © Feb. 25, 1931; 1c. Apr. 17; A— Foreign 11668; Editions Le Calame.
198 629 293 52 (31-13466)

109 727 239 66 Austin,
377 725 191 54 Lilian
598 726 185 55 Edna.

181 805 281 69 Etchings
492 804 64 55 of
586 805 249 53 Fenelon
864 804 154 69 falls,
1046 805 75 69 by
1150 804 194 54 Lilian
1375 804 169 55 Edna
1571 804 229 55 Austin.
1876 807 235 68 Boston,

109 884 236 53 Meador
375 881 335 70 publishing
738 900 298 51 company,
1066 885 151 49 1931.

178 962 454 48 64 p. front. 20 ᶜᵐ.
177 1033 185 40 Poems.

113 1099 51 52 ©
194 1104 114 46 Apr.
336 1102 69 46 13,
437 1100 141 48 1931;
608 1101 68 40 2c.
708 1102 113 46 May
852 1101 51 47 6;
937 1100 82 42 aff.
1052 1102 113 47 May
1195 1100 53 49 9;
1283 1101 41 39 A
1354 1100 169 49 37228;
1559 1103 211 39 Edward
1803 1103 58 40 K.
1895 1103 213 48 Meador,

181 1161 195 39 Boston.
448 1157 279 50 (31-14988)

105 1253 246 64 Baillon,
379 1252 222 57 André.

237 1329 1725 72 … Le neveu de m ᵉˡˡᵉ Autorité … Paris, Rieder, 1930.
176 1410 1554 51 224 p., 1 l. 19 ᶜᵐ. (Prosateurs français contemporains)
176 1482 92 40 His
299 1482 97 40 Des
425 1481 195 41 vivants
649 1484 48 38 et
727 1483 166 39 morts.
956 1482 56 49 [1]

108 1550 1781 115 © May 26, 1930; 1c. July 12; A— Foreign 8203; Éditions Rieder. (31-14668)
106 1715 121 53 The
256 1712 295 54 Barnwell
581 1715 308 69 addresses,
922 1714 188 54 edited
1144 1713 141 54 with
1318 1733 72 35 an
1421 1714 392 56 introduction
1841 1717 76 69 by
1949 1715 158 55 John

174 1792 175 54 Louis
372 1793 222 69 Haney,
672 1811 49 33 v.
751 1796 43 48 1.
873 1794 323 51 1922-1930.
1273 1792 426 71 Philadelphia,
1724 1794 122 54 The
1872 1794 236 55 Central

175 1870 141 69 high
346 1870 208 69 school,
587 1873 148 50 1931.

174 1950 415 48 xvi, 436 p. 23 ᶜᵐ.
174 2004 204 42 “Edited
404 2006 96 40 and
528 2005 293 43 distributed
850 2007 151 40 under
1028 2006 82 41 the
1136 2005 221 50 auspices
1385 2008 51 40 of
1464 2009 82 39 the
1573 2008 139 49 Mary
1741 2008 183 42 Gaston
100 2010 1984 92 Barnwell
239 2062 331 42 foundation.”

109 2130 51 52 ©
188 2135 114 46 May
327 2133 68 48 26,
424 2132 113 41 1931;
594 2132 66 41 2c.
688 2134 114 47 May
827 2133 59 41 28;
940 2133 81 41 aff.
1051 2135 114 46 May
1190 2133 55 41 29;
1303 2134 41 40 A
1369 2135 144 40 38544;
1572 2136 141 48 Mary
1742 2136 184 41 Gaston
177 2138 1912 93 Barnwell
319 2191 306 47 foundation,

662 2191 354 48 Philadelphia.
1087 2191 279 48 (31-14228)

101 2285 294 65 Barrows,
425 2286 206 64 Henry
659 2284 281 57 Robbins.

174 2364 321 69 Biological
536 2372 164 60 types
744 2366 113 52 and
902 2363 339 69 principles;
1290 2385 32 34 a
1365 2366 329 70 laboratory
1737 2369 248 67 manual,
2031 2369 71 69 by

104 2440 1868 74 Henry R. Barrows … New York, R. R. Smith, inc., 1931.
170 2518 83 48 xii,
286 2518 86 42 395
400 2531 43 37 p.
502 2519 128 41 illus.
689 2519 56 39 22½ᶜᵐ.

170 2576 153 47 Pages
350 2586 129 38 upon
507 2575 160 41 which
696 2575 246 48 drawings
970 2587 84 29 are
1082 2579 48 37 to
1158 2577 56 40 be
1245 2579 141 38 made
1416 2589 83 29 are
1528 2579 295 47 perforated.

172 2633 146 41 “This
345 2633 200 40 manual
572 2632 43 40 is
645 2633 270 39 correlated
944 2633 122 40 with
1094 2633 243 41 Barrows’
1369 2635 192 48 College
1589 2636 429 48 biology.”—Pref.

108 2704 170 52 ©May
301 2706 68 49 29,
395 2706 114 40 1931;
562 2705 67 41 2c.
654 2706 126 40 June
804 2706 26 39 3;
885 2705 82 40 aff.
993 2706 126 39 June
1143 2705 26 40 5;
1223 2707 41 37 A
1289 2706 143 41 37752;
1488 2707 215 43 Richard
1729 2709 56 39 R.
1814 2709 169 48 Smith,
2011 2711 92 41 inc.

185 2764 278 49 (31-15070)

103 2858 414 63 Beckwourth,
545 2858 204 53 James
776 2858 82 63 P.,
891 2858 365 55 1789?-1867.

167 2935 120 53 The
315 2934 105 53 life
450 2934 113 53 and
592 2933 336 56 adventures
960 2933 64 54 of
1053 2934 193 54 James
1277 2934 66 55 P.
1375 2935 397 70 Beckwourth,
1803 2936 189 55 edited
2022 2938 75 71 by

97 3013 64 53 T.
189 3013 70 52 D.
287 3013 244 52 Bonner.
596 3011 137 53 New
762 3010 177 70 York,
964 3011 71 54 A.
1063 3011 71 53 A.
1161 3011 225 69 Knopf,
1415 3015 151 51 1931.

203 3090 1896 53 x 1., 405 p., 1 l. front. (port.) facsim. 21½ᶜᵐ. (Lettered on cover:
101 3150 287 39 Americana
415 3147 219 48 deserta)

170 3207 101 39 The
294 3205 244 40 facsimile
564 3204 42 40 is
632 3215 28 29 a
686 3203 342 49 reproduction
1052 3205 51 38 of
1128 3205 81 39 the
1235 3205 206 47 original
1472 3209 96 46 t.-p.
1598 3209 51 39 of
1675 3209 127 40 1856.

170 3264 130 39 “The
323 3264 106 38 text
452 3263 114 38 here
588 3259 247 50 reprinted
857 3260 43 40 is
924 3261 109 39 that
1054 3261 51 39 of
1129 3262 82 39 the
1232 3260 110 42 first
1363 3261 421 45 edition.”—Pref.

108 3335 51 52 ©
192 3340 112 45 May
334 3336 68 47 22,
435 3335 112 40 1931;
607 3334 67 40 2c.
706 3335 113 45 May
849 3333 55 40 23;
966 3332 82 41 aff.
1080 3334 126 38 June
1236 3333 58 40 20;
1353 3334 40 39 A
1425 3334 145 41 38407;
1630 3337 171 40 Alfred
1834 3339 54 40 A.
1921 3339 179 48 Knopf,

174 3395 90 40 inc.
327 3389 68 53 [©
435 3392 208 49 preface,
682 3389 344 48 introduction,
1064 3392 138 38 notes
1241 3392 96 38 and
1376 3392 308 50 corrections]
187 3449 278 51 (31-13690)

104 3548 236 61 Brunel,
370 3542 205 56 Raoul.

173 3627 83 51 La
307 3623 282 53 tentation
638 3622 68 52 de
758 3619 444 56 Saint-Antoine;
1283 3620 243 69 mystère
1576 3642 68 34 en
1694 3623 141 55 trois
1886 3625 214 70 parties

117 3704 166 65 (dont
305 3721 76 33 un
408 3698 300 70 prologue)
744 3701 56 48 et
822 3698 141 52 neuf
986 3697 282 53 tableaux.
1350 3698 202 68 [Paris]
1582 3700 244 71 Heugel,
1856 3707 150 50 1930.

175 3778 616 53 58 p. 18 ᶜᵐ. [Libretto]
108 3846 1563 57 © May 15, 1930; 1c. June 11; A— Foreign 8007; Heugel.
