2505 4370
1307 4080 101 52 186

358 414 304 61 Marcoux,
691 413 248 64 Harvey
963 413 137 56 Lee.

355 488 1996 134 Business correspondence, by Harvey Lee Marcoux … in collaboration
356 566 1996 151 with Charles Austin Bates … New York, Alexander Hamilton institute [ᶜ1931 ]
427 725 1951 55 xviii, 314 p. illus. 19 ᶜᵐ. (Added t.-p.: Modern business; a series of
357 784 1970 49 texts prepared as part of the modern business course and service …
356 841 281 41 Alexander
664 841 257 41 Hamilton
950 840 244 43 institute.

362 898 52 52 ©
455 902 112 42 Feb.
605 900 41 50 9,
684 900 114 41 1931;
867 900 68 42 2c.
974 902 96 39 and
1109 900 83 43 aff.
1233 901 112 41 Feb.
1385 900 55 40 12;
1509 901 41 39 A
1587 900 148 43 34289;
1803 902 279 41 Alexander
2121 903 256 41 Hamilton

429 958 242 42 institute.
746 958 253 49 (31-4617)

357 1055 184 64 Marr,
571 1054 224 54 Robert
823 1054 250 70 Harbin,
1107 1059 174 50 1860-

424 1131 186 55 Index
638 1136 59 47 to
724 1132 97 54 the
849 1138 118 48 acts
996 1130 65 54 of
1088 1131 329 71 Louisiana,
1446 1131 278 70 indexing
1752 1132 78 55 all
1859 1138 240 49 statutes

2128 1133 246 69 adopted
353 1207 60 55 in
445 1207 137 55 1870
612 1209 112 56 and
753 1209 332 69 thereafter,
1113 1208 278 54 inclusive
1417 1210 65 52 of
1507 1210 98 53 the
1629 1210 232 69 regular
1889 1209 209 55 session
2126 1210 65 53 of
2222 1213 154 67 1930,

353 1287 115 55 and
495 1286 138 56 such
658 1287 144 54 local
829 1290 113 52 and
968 1286 210 70 special
1202 1287 140 55 laws
1367 1288 65 53 of
1457 1288 132 55 date
1614 1287 159 70 prior
1800 1294 58 47 to
1889 1287 153 70 1870,
2070 1308 63 35 as
2158 1288 217 55 seemed

354 1365 66 54 of
459 1385 112 51 any
615 1371 229 64 present
884 1364 254 71 interest,
1178 1365 76 73 by
1295 1365 218 55 Robert
1551 1366 79 54 H.
1671 1366 179 56 Marr.
1927 1366 101 56 4th
2070 1368 84 52 ed.
2235 1366 137 53 New

354 1442 261 70 Orleans,
639 1445 121 70 La.,
786 1445 65 52 F.
877 1444 64 53 F.
970 1443 242 54 Hansell
1238 1445 48 52 &
1309 1444 137 68 bro.,
1469 1444 124 70 ltd.,
1619 1447 152 50 1931.

422 1524 564 50 3 p. l., 652 p. 23½ᶜᵐ.
359 1580 52 53 ©
440 1586 110 40 Jan.
577 1585 71 49 26,
676 1584 114 41 1931;
846 1584 67 43 2c.
941 1585 111 40 Feb.
1080 1583 27 40 2;
1164 1584 81 41 aff.
1276 1584 111 41 Feb.
1416 1583 57 41 16;
1527 1583 45 41 A
1595 1582 145 43 33793;
1798 1585 52 41 F.
1879 1584 53 42 F.
1960 1584 206 41 Hansell
2196 1589 36 40 &
2258 1585 116 43 bro.,

426 1643 89 41 ltd.
585 1642 254 50 (31-4620)

352 1739 246 65 Martin,
629 1740 309 63 Margaret
970 1738 353 55 Nickerson.

427 1817 125 54 The
577 1835 148 51 open
754 1818 158 66 door,
938 1816 76 70 by
1042 1816 301 69 Margaret
1372 1815 317 54 Nickerson
1717 1815 223 54 Martin;
2002 1834 211 51 poems.
2292 1819 82 50 1st

357 1893 1495 71 ed. [Jackson, Mich., Allen printing co., ᶜ19 31]
423 1977 239 43 24 l. 23 ᶜᵐ.
424 2036 204 42 Printed
656 2045 60 31 on
745 2046 91 31 one
864 2035 104 41 side
995 2035 54 41 of
1075 2035 102 41 leaf
1206 2035 129 49 only.

426 2094 292 41 Illustrated
749 2095 99 47 t.-p.

357 2148 52 52 ©
436 2153 111 41 Jan.
572 2150 68 51 19,
666 2150 114 42 1931;
835 2151 68 41 2c.
929 2151 111 41 Feb.
1064 2150 27 40 2;
1146 2149 83 42 aff.
1256 2149 113 42 Feb.
1396 2151 24 39 7;
1475 2151 41 37 A
1540 2148 173 49 33640;
1742 2150 64 41 M.
1832 2150 56 41 N.
1916 2148 201 50 Martin,
2145 2149 226 41 Jackson.

428 2209 143 42 Mich.
645 2208 253 50 (31-4558)

350 2304 285 53 Missouri
670 2306 201 69 digest.
951 2308 135 50 1930
1118 2304 348 54 cumulative
1500 2305 211 51 annual
1745 2303 204 68 pocket
1981 2308 177 63 parts,
2234 2301 136 54 vols.

424 2382 1890 70 1-30 … St. Paul, Minn., West publishing company [ᶜ1931]
421 2465 254 41 30 v. 25 ᶜᵐ.
428 2523 156 40 These
614 2522 275 48 pamphlets
920 2532 85 30 are
1036 2524 50 38 to
1115 2522 58 39 be
1202 2520 143 41 fitted
1373 2520 107 41 into
1510 2520 82 40 the
1623 2521 198 47 pockets
1853 2521 56 39 at
1938 2519 82 40 the
2051 2518 125 41 back
2208 2518 50 41 of
2291 2518 82 40 the

352 2581 219 40 volumes
599 2580 52 40 of
680 2581 85 39 the
793 2582 73 39 set
897 2581 49 39 to
975 2578 161 42 which
1166 2578 116 48 they
1310 2578 186 48 belong.

355 2634 52 52 ©
440 2638 111 41 Jan.
582 2637 69 49 12,
681 2636 141 48 1931;
856 2637 67 41 2c.
954 2637 119 40 each
1104 2637 96 39 and
1230 2635 85 42 aff.
1345 2636 112 42 Feb.
1487 2635 83 47 12;
1604 2635 43 40 A
1675 2633 172 49 33690;
1881 2635 138 40 West
2046 2634 111 48 pub.
2190 2643 67 32 co.

350 2718 286 65 Mitchell,
667 2718 250 55 Horace.

420 2793 180 57 Game
638 2794 286 69 farming;
964 2815 32 35 a
1033 2792 295 59 text-book
1367 2792 93 53 for
1500 2792 96 53 the
1633 2809 153 34 more
1824 2789 236 56 efficient
2100 2789 113 54 and
347 2806 1997 122 economical
622 2873 384 70 propagation
1035 2872 66 54 of
1127 2873 324 69 pheasants,

346 2867 2022 155 quail, wild ducks and ornamental birds, by Horace Mitchell … Portsmouth, N. H.,
348 3029 1092 73 Haley publishing company [ ᶜ19 30]
420 3109 744 51 5 p. l., 3-162 p. illus. 23½ ᶜᵐ.
355 3168 52 52 ©
438 3173 113 41 Dec.
579 3170 70 50 23,
678 3170 119 41 1930;
851 3171 67 40 2c.
950 3170 97 40 and
1074 3168 84 42 aff.
1188 3169 113 41 Feb.
1330 3169 41 47 4,
1401 3165 114 42 1931;
1575 3166 43 40 A
1644 3166 146 41 33554;
1850 3166 60 40 H.
1942 3163 234 48 Mitchell,
423 3164 1930 114 Portsmouth,
634 3230 57 41 N.
721 3230 62 40 H.
854 3227 253 50 (31-4780)

350 3310 287 66 Nearing,
669 3311 150 64 Guy.

350 3379 1993 156 Shafts of cypress, by Guy Nearing. Atlanta, Ga., E. Hartsock [ ᶜ19 30]
419 3548 251 51 88 p. 20½ ᶜᵐ.
420 3609 186 39 Poems.

355 3661 52 52 ©
435 3665 129 49 Sept.
589 3664 70 49 10,
683 3664 141 47 1930;
850 3665 68 40 2c.
943 3664 121 47 Aug.
1088 3662 53 48 9;
1169 3661 84 42 aff.
1279 3661 109 40 Jan.
1414 3659 70 49 27,
1510 3658 113 40 1931;
1678 3658 41 39 A
1743 3657 145 41 33785;
1944 3657 53 41 E.
2023 3657 54 40 A.
2105 3655 260 47 Hartsock,

423 3722 387 48 administrator,
840 3722 219 39 Atlanta.
1132 3716 253 52 (31-4559)

350 3803 146 52 New
525 3804 212 63 Jersey
765 3805 428 53 miscellaneous
1224 3807 241 63 reports,
1495 3799 334 68 containing

1860 3817 149 34 cases
2040 3796 236 54 decided
2309 3796 57 50 in

422 3884 96 52 the
545 3882 179 56 Court
751 3883 64 52 of
840 3901 185 35 errors
1053 3882 111 52 and
1192 3880 253 68 appeals,
1472 3878 177 54 Court
1677 3877 64 53 of
1766 3878 295 65 chancery.
423 3875 1914 140 Prerogative
569 3963 110 53 and
715 3960 275 69 Supreme
1023 3965 188 48 courts
1245 3958 184 53 which
1461 3976 93 34 are
1588 3962 94 47 not
1714 3956 265 68 reported
2012 3954 57 52 in
2101 3953 94 53 the
2227 3951 138 52 New
