2505 4370
1300 4003 102 52 692

345 415 2019 72 lems, by Elisabeth Anthony Dexter … and Robert Cloutman
345 493 1494 70 Dexter … New York, R. R. Smith, inc., 1931.
416 577 73 41 xii
515 589 59 37 p.,
602 578 26 39 1
690 608 9 18 l.,
726 576 57 42 97
807 589 44 37 p.
911 577 148 42 19½ᶜᵐ.

0 0 0 0 “Selected reading”: p. 93-97.
353 690 52 52 ©
438 693 115 49 Apr.
582 692 71 49 29,
686 691 114 42 1931;
862 692 68 41 2c.
963 693 96 40 and
1090 692 84 41 aff.
1207 694 114 47 May
1357 692 21 39 1;
1442 692 42 40 A
1515 692 145 42 37109;

1725 693 216 41 Richard
1975 694 56 41 R.
2067 692 172 50 Smith,
2273 693 91 42 inc.

432 750 283 49 (31-12356)

347 842 345 70 Dickinson,
722 843 262 55 Thomas
1012 844 280 65 Herbert,
1326 844 171 56 1877-

422 923 124 52 The
574 927 439 65 contemporary
1045 922 199 53 drama
1277 921 65 54 of
1372 922 293 69 England,
1694 921 74 71 by
1801 922 251 55 Thomas
2082 923 80 53 H.

350 920 1995 134 Dickinson.
608 1001 238 68 Boston,
880 1000 196 68 Little,
1113 1002 233 67 Brown,
1381 1001 114 53 and
1530 1019 300 52 company,
1869 1004 152 50 1931.

418 1083 647 50 4 p. l. , [3]-355 p. 21ᶜᵐ.
423 1140 447 49 “Bibliographical
904 1140 273 49 appendix”:
1243 1153 45 37 p.
1327 1141 251 50 [285]-333.

355 1194 52 52 ©
435 1199 116 47 May
577 1198 69 47 11,
674 1197 116 41 1931;
845 1197 68 42 2c.
942 1199 97 39 and
1066 1198 82 41 aff.
1178 1200 115 47 May
1321 1198 56 40 12;
1434 1199 42 40 A
1502 1198 144 42 37269;
1705 1199 164 49 Little,
1898 1200 193 48 Brown,
2122 1200 97 39 and

422 1209 1929 94 company.
637 1255 282 49 (31-12140)

347 1347 215 69 Dixon,
590 1349 198 56 Peter.

418 1425 189 54 Radio
641 1425 254 70 writing,
926 1427 76 70 by
1034 1428 172 53 Peter
1237 1427 215 69 Dixon,
1485 1427 301 70 including
1820 1427 89 54 six
1943 1426 228 55 famous
2203 1427 164 54 radio

346 1503 237 69 scripts;
626 1504 328 55 illustrated
991 1505 142 53 with
1172 1506 415 69 photographs.
1662 1506 140 53 New
1841 1505 181 69 York,
2061 1507 123 52 The

347 1506 1995 145 Century co. [ ᶜ193 1 ]
488 1696 9 18 xv,
524 1665 87 42 324
635 1677 45 38 p.
739 1665 166 51 front.,
932 1667 173 49 plates,
1130 1668 152 49 ports.
1343 1667 147 42 19½ᶜᵐ.
1606 1665 132 52 $2.50

422 1723 163 42 “First
614 1723 263 50 printing.”

355 1777 52 53 ©
438 1782 114 48 Apr.
580 1782 70 47 17,
679 1780 116 42 1931;
853 1781 68 41 2c.
952 1783 113 47 May
1094 1783 26 40 6;
1178 1782 84 41 aff.
1294 1784 114 47 May
1438 1783 26 40 5;
1524 1783 41 39 A
1592 1782 145 42 37153;
1800 1783 215 49 Century
2046 1795 68 29 co.

433 1838 281 48 (31-12213)

348 1920 315 66 Doxtater,
694 1920 115 54 Lee
839 1921 247 57 Walter.

419 1997 353 54 Procedures
796 1997 62 53 in
882 1999 240 52 modern
1147 2017 191 35 crown
1367 2000 113 53 and
1504 1999 367 70 bridgework;
1929 2001 97 51 the
2052 1999 315 69 principles

349 2076 114 52 and
506 2075 302 70 technique
851 2075 66 55 of
958 2077 323 70 stationary
1322 2078 114 53 and
1480 2078 322 53 removable
1843 2077 253 73 bridges,
2136 2078 76 70 by
2254 2078 113 52 Lee

346 2154 1997 148 Walter Doxtater … illustrated with 577 engravings … Brooklyn,
506 2233 70 53 N.
619 2231 91 71 Y.,
750 2234 215 52 Dental
1005 2234 166 54 items
1210 2234 65 52 of
1314 2234 237 54 interest
1590 2235 339 70 publishing
1968 2253 99 51 co.,
347 2235 1995 146 incorporated,
558 2315 153 49 1931.

491 2394 565 49 xx, 473 p. illus. 25 ᶜᵐ .
354 2448 52 52 ©
444 2451 114 49 Apr.
598 2453 69 48 15,
707 2451 114 41 1931;
889 2453 68 39 2c.
997 2453 114 48 May
1149 2454 27 38 4;
1244 2453 84 41 aff.
1370 2455 113 46 May
1523 2454 26 40 7;
1617 2453 42 40 A
1697 2454 145 41 37184;
1911 2454 181 41 Dental
2132 2455 145 41 items
2314 2456 54 40 of

423 2509 207 41 interest
663 2511 110 47 pub.
810 2521 82 37 co.,
929 2510 91 40 inc.
1095 2510 282 49 (31-12736)

349 2603 268 66 Duncan,
645 2603 161 55 Julia
832 2604 74 57 K.

479 2679 1740 73 … Doris Force at Locked gates; or, Saving a mysterious
343 2681 2017 151 fortune, by Julia K. Duncan … illustrated by Thelma Gooch.
345 2835 1480 76 Philadelphia, Henry Altemus company [ᶜ1931 ]
416 2917 1669 52 iv, 5-212 p. front., plates. 20 ᶜᵐ . (Her Doris Force series)
352 2974 52 53 ©
434 2979 115 49 May
577 2980 70 46 11,
675 2978 115 42 1931;
847 2979 68 42 2c.
944 2981 115 47 May
1087 2980 55 39 12;
1201 2979 84 41 aff.
1315 2980 114 48 May
1458 2980 58 40 16;
1573 2980 40 39 A
1642 2980 146 41 37322;
1846 2981 171 47 Henry
2045 2980 224 41 Altemus
2298 2990 66 31 co.

432 3036 282 49 (31-12370)

347 3117 251 66 Dutton,
628 3116 241 68 Joseph,
902 3124 329 50 1843-1931.

413 3194 219 69 Joseph
667 3195 225 54 Dutton
924 3196 126 69 <his
1082 3195 266 54 memoirs>
1419 3196 94 54 the
1549 3203 155 64 story
1742 3196 65 55 of
1843 3195 322 70 forty-four
2198 3214 164 51 years

344 3272 63 53 of
451 3271 211 57 service
708 3292 208 51 among
956 3274 99 55 the
1096 3274 185 69 lepers
1327 3274 64 54 of
1434 3274 273 70 Molokai,
1752 3273 253 70 Hawaii,
2052 3274 191 54 edited
2286 3275 75 68 by

341 3351 261 54 Howard
635 3352 71 52 D.
741 3351 155 56 Case.
965 3351 317 70 Honolulu,
1315 3353 122 53 The
1470 3352 298 55 Honolulu
1800 3350 407 71 star-bulletin,
2237 3350 124 72 ltd.,

343 3431 153 50 1931.

413 3508 1100 51 242 p. incl. front. plates, ports. 21 ᶜᵐ .
415 3566 132 41 “The
576 3568 150 40 death
756 3567 53 41 of
837 3568 214 41 Brother
1077 3566 218 42 Dutton”:
1355 3568 26 40 1
1411 3568 104 41 leaf
1540 3568 100 41 laid
1670 3568 65 41 in.

351 3622 52 52 ©
435 3628 123 39 Mar.
585 3626 70 49 28,
686 3626 115 42 1931;
858 3627 70 42 2c.
956 3628 98 40 and
1083 3627 84 42 aff.
1196 3628 113 47 Apr.
1343 3628 54 39 13;
1458 3627 40 39 A
1528 3626 146 42 36449;
1734 3627 250 42 Honolulu
2016 3624 346 50 star-bulletin,

416 3684 89 40 ltd.
576 3684 281 48 (31-12473)

346 3762 305 68 Eckstein,
683 3765 251 68 Gustav,
965 3772 172 50 1890-

413 3839 283 70 Noguchi,
749 3842 76 70 by
878 3842 225 56 Gustav
1155 3843 290 54 Eckstein.
1521 3843 140 53 New
1716 3842 165 54 York
1933 3842 113 53 and
2100 3842 260 64 London,

340 3914 238 73 Harper
602 3921 45 51 &
672 3919 279 73 brothers,
980 3924 152 50 1931.
