2428 4370
0 0 0 0 1595
89 421 180 52 Bible.
342 421 263 67 English.
680 421 326 52 Selections.
1080 422 154 51 1931.

154 495 114 51 For
299 493 163 53 times
494 494 64 52 of
590 492 186 68 crisis;
809 493 293 54 selections
1135 492 150 54 from
1319 495 94 53 the
1449 493 339 69 Scriptures,
1820 494 75 68 by
1929 494 150 53 Ilion

85 569 1856 70 T. Jones … Philadelphia, The Westminster press, 1931.
153 652 594 53 xiii, 113, [1] p. 19½ ᶜᵐ .
89 722 49 52 ©
167 725 125 48 Sept.
317 724 67 48 10,
409 723 114 41 1931;
575 724 66 39 2c.
669 724 126 47 Sept.
818 724 57 38 14;
926 722 82 42 aff.
1037 723 128 48 Sept.
1189 722 54 40 12;
1298 723 41 38 A
1362 723 145 40 41605;
1562 724 340 41 Westminster
1928 736 148 37 press.

163 780 279 50 (31-29503)

90 875 231 62 Bomar,
355 874 188 53 Willie
576 873 301 62 Melmoth,
916 879 170 49 1894-

155 950 119 53 The
313 950 299 53 education
650 949 64 54 of
750 949 388 54 homemakers
1179 950 93 52 for
1310 951 350 67 community
1700 952 311 67 activities;
2052 971 26 33 a

86 1029 169 68 study
285 1028 65 53 of
380 1028 95 53 the
506 1028 350 67 community
885 1028 266 53 interests
1179 1028 112 52 and
1324 1028 283 53 activities
1638 1026 65 54 of
86 1033 1971 125 representative

227 1105 389 54 homemakers
643 1111 59 48 to
730 1106 256 53 discover
1015 1105 215 53 certain
1258 1106 170 53 needs
1457 1104 95 54 for
1580 1105 164 54 home
1773 1106 310 52 economics

86 1183 1997 70 education, by Willie Melmoth Bomar … New York city.
85 1262 275 53 Teachers
386 1262 229 68 college,
643 1260 299 56 Columbia
968 1260 337 70 university,
1332 1264 151 49 1931.

84 1340 1978 107 viii, 135 p. 23½ ᶜᵐ . (Teachers college, Columbia university. Contributions to education, no. 477)
152 1456 261 41 Published
439 1458 103 40 also
569 1467 55 30 as
651 1457 151 40 thesis
839 1457 15 48 (PH.
1024 1456 15 47 D.)
1075 1455 251 42 Columbia
1354 1454 287 49 university.

87 1524 50 52 ©
171 1528 115 48 July
319 1529 38 45 1,
392 1527 139 47 1931;
566 1527 67 40 2c.
668 1528 120 47 Aug.
820 1526 83 48 20;
940 1527 82 41 aff.
1056 1527 119 48 Aug.
1211 1526 83 47 18;
1329 1526 42 39 A
1402 1524 172 48 41159;
1610 1526 242 39 Teachers
1884 1525 192 49 college,

151 1584 248 41 Columbia
431 1584 282 47 university.
788 1584 280 48 (31-29619)

85 1678 234 66 Botkin,
354 1679 159 66 Gleb,
547 1684 171 51 1900-

150 1756 119 52 The
297 1757 118 52 real
440 1756 343 67 Romanovs,
810 1774 60 35 as
896 1755 258 53 revealed
1183 1755 76 68 by
1287 1754 96 53 the
1410 1755 114 52 late
1555 1753 193 55 Czar’s
1777 1754 299 69 physician

82 1831 1994 72 and his son [by] Gleb Botkin … New York [etc.] Fleming H.
81 1912 732 68 Revell company [ ᶜ1 931]
144 1989 969 51 336 p. front., plates, ports. 22½ ᶜᵐ .
85 2059 49 52 ©
167 2063 125 48 Sept.
322 2063 69 47 19,
419 2063 112 41 1931;
590 2063 68 40 2c.
687 2065 97 39 and
810 2063 82 40 aff.
925 2063 128 47 Sept.
1081 2062 59 40 26;
1196 2063 41 39 A
1263 2062 147 41 41918;
1469 2062 221 48 Fleming
1717 2063 61 39 H.
1810 2063 166 40 Revell
2008 2073 67 31 co.

161 2120 278 49 (31-29466)

85 2213 226 64 Brown,
346 2214 219 53 Ernest
597 2213 264 57 Francis.

147 2289 210 67 Joseph
384 2289 260 69 Hawley,
669 2289 238 54 colonial
933 2289 234 70 radical,
1191 2290 73 68 by
1288 2289 68 54 E.
1387 2289 235 53 Francis
1649 2290 225 52 Brown.
1940 2289 131 53 New

82 2366 172 68 York,
284 2365 296 55 Columbia
613 2366 314 71 university
955 2386 174 51 press,
1160 2370 150 49 1931.

148 2444 736 51 ix p., 1 l., 213 p., 1 l. 24 ᶜᵐ .
149 2503 375 48 Bibliography:
556 2515 42 37 p.
633 2503 247 50 [193]-207.

85 2572 49 52 ©
170 2576 102 42 Oct.
305 2579 39 46 1,
378 2575 115 42 1931;
556 2578 66 40 2c.
660 2578 101 40 Oct.
796 2579 25 38 1;
886 2578 82 40 aff.
1004 2577 100 41 Oct.
1141 2579 24 39 5;
1230 2578 41 39 A
1303 2578 144 40 42885;
1515 2578 251 41 Columbia
1803 2579 239 39 university

149 2642 148 38 press.
367 2633 279 48 (31-29646)

85 2726 211 65 Burke,
328 2728 296 65 Kenneth,
659 2731 169 54 1897-

150 2802 590 72 Counter-statement,
786 2805 74 70 by
906 2806 267 55 Kenneth
1220 2806 209 55 Burke.
1510 2806 138 55 New
1698 2805 179 70 York,
80 2806 1970 143 Harcourt,

282 2883 852 72 Brace and company [ ᶜ1 931 ]
148 2961 714 51 xi p., 2 l., 3-268 p. 19½ᶜᵐ.
150 3019 160 40 “First
343 3019 227 42 edition.”

85 3087 49 52 ©
164 3092 100 41 Oct.
293 3093 39 41 8,
361 3092 111 41 1931;
532 3093 65 40 2c.
629 3095 95 39 and
752 3093 79 42 aff.
864 3094 101 42 Oct.
994 3094 54 39 12;
1106 3094 42 39 A
1173 3093 145 42 42995;
1376 3096 58 40 K.
1466 3097 177 46 Burke,
1673 3097 238 40 Andover.
1942 3098 57 41 N.
2030 3098 41 39 J.

159 3149 277 47 (31-29768)

84 3244 168 63 Burr,
283 3244 129 53 Aril
441 3246 183 53 Bond.

147 3318 251 55 Panther
431 3319 149 67 rock,
615 3320 73 69 by
725 3320 128 55 Aril
886 3320 167 57 Bond
1089 3322 182 65 Burr;
1309 3322 321 55 illustrated
1665 3324 74 67 by
1774 3324 183 53 Helen
1992 3325 81 52 M.

83 3392 161 56 Burr.
317 3395 345 69 Cincinnati,
694 3396 239 54 Printed
969 3398 92 53 for
1096 3398 94 54 the
1226 3402 206 52 author
1465 3400 74 71 by
1574 3400 95 53 the
1704 3400 179 54 Ruter
1919 3419 154 50 press

83 3476 189 65 [ ᶜ1 931 ]
147 3553 771 51 186 p. illus., plates. 20½ ᶜᵐ .
87 3606 49 52 ©
165 3612 99 41 Oct.
291 3613 39 44 5,
358 3612 113 41 1931;
527 3613 65 41 2c.
622 3615 95 38 and
744 3613 79 40 aff.
853 3614 102 41 Oct.
983 3616 54 39 13;
1093 3615 41 39 A
1160 3616 143 40 43213;
1362 3617 53 38 A.
1445 3618 52 38 B.
1528 3618 141 42 Burr.
1701 3617 291 42 Cincinnati.

164 3668 277 50 (31-29818)

87 3758 160 65 Case,
276 3761 235 65 Shirley
535 3763 274 65 Jackson,
840 3766 170 53 1872-
1226 3768 82 51 ed.

151 3836 50 52 A
229 3837 480 70 bibliographical
736 3840 170 69 guide
936 3846 58 48 to
1022 3842 96 53 the
1147 3842 223 69 history
1399 3842 65 54 of
1495 3841 402 73 Christianity,
88 3862 1962 116 compiled

267 3915 74 69 by
378 3914 56 56 S.
467 3916 56 54 J.
561 3916 158 71 Case,
753 3918 55 53 J.
842 3919 67 52 T.
944 3918 270 69 McNeill,
1245 3920 91 54 W.
1369 3921 91 54 W.
1497 3919 203 72 Sweet,
1732 3922 91 55 W.
1860 3922 214 69 Pauck,
