2505 4370
1327 4002 137 53 1402

369 431 124 54 rich
531 431 341 55 Guttmann.
947 428 331 55 Frankfurt
1316 448 92 34 am
1445 429 184 69 Main,
1668 428 527 71 Societats-verlag,
2236 431 153 51 1930.

444 509 999 55 [15] p., 1 l. illus., plates., ports. 24½ᶜᵐ.
444 572 172 40 “1.-11.
651 568 254 44 tausend.”

441 628 379 48 Bibliography:
850 637 46 38 p.
943 626 43 51 [6]

379 682 1845 53 © Nov. 27, 1930; 1c. Feb. 13, 1931; A—Foreign 11399; Frankfurter
453 682 1922 110 societäts-druckerei,
874 752 41 38 g.
942 754 61 30 m.
1030 743 42 39 b.
1101 742 45 40 h.
1219 740 283 51 (31-23563)

374 836 278 66 Bradley,
682 836 164 55 Alice
878 836 310 67 Veronica,
1222 842 174 51 1893-

438 911 1953 72 Tables of food values, by Alice V. Bradley … Peoria, Ill.,
367 991 955 70 The Manual arts press [ ᶜ1 931 ]
440 1074 431 51 128 p. 25½ × 20 ᶜᵐ.
445 1129 237 42 “Sources
715 1132 53 39 of
801 1131 175 40 data”:
1010 1142 44 38 p.
1087 1131 70 41 11.

381 1184 52 53 ©
464 1190 127 48 Sept.
618 1190 40 48 1,
685 1188 142 49 1931;
856 1188 67 41 2c.
953 1190 130 47 Sept.
1110 1188 53 48 8;
1192 1187 85 44 aff.
1307 1189 128 47 Sept.
1462 1188 54 47 4;
1546 1188 42 39 A
1612 1187 174 48 41494;
1816 1188 55 40 A.
1898 1188 54 42 V.
1981 1188 229 49 Bradley,
2242 1188 151 40 Santa

450 1246 239 48 Barbara,
721 1246 144 41 Calif.
938 1245 282 50 (31-23808)

376 1327 212 65 Brock,
622 1328 228 64 George
881 1326 362 66 Delangacy,
1280 1331 172 51 1894-

444 1402 1951 73 Health through projects, by G. D. Brock … New York,
377 1483 68 53 A.
476 1482 56 56 S.
560 1484 220 53 Barnes
805 1484 113 53 and
944 1501 302 52 company,
1272 1482 424 70 incorporated,
1725 1485 153 51 1931.

444 1565 84 48 xii,
557 1564 87 42 268
670 1575 41 38 p.
742 1565 110 40 incl.
878 1565 143 47 illus.,
1050 1565 168 49 forms,
1248 1564 181 49 diagrs.
1489 1563 58 43 23½ᶜᵐ.

446 1622 226 41 Includes
708 1622 396 49 bibliographies.

384 1676 52 53 ©
464 1681 121 49 Aug.
612 1680 70 45 28.
710 1681 142 48 1931;
882 1680 67 42 2c.
978 1681 121 49 Aug.
1127 1680 84 49 29;
1243 1680 82 42 aff.
1358 1681 128 49 Sept.
1516 1681 53 48 1;
1599 1681 42 40 A
1667 1680 173 44 42102:
1872 1681 51 40 A.
1958 1681 44 42 S.
2031 1681 189 41 Barnes
2250 1681 36 41 &
2341 1690 55 38 co.,

453 1739 91 40 inc.
616 1739 282 48 (31-23894)

378 1817 241 55 Bureau
648 1819 64 53 of
741 1818 322 66 municipal
1087 1819 300 65 research,
1416 1820 428 69 Philadelphia.

382 1898 1994 149 … Statistical department of the Municipal court of Philadelphia;
700 1998 30 34 a
777 1983 198 64 report
1017 1979 76 69 by
1139 1980 96 53 the
1281 1979 231 53 Bureau
1559 1977 64 53 of
1668 1978 318 69 municipal
2032 1979 258 52 research
2338 1979 64 53 of

383 2057 414 68 Philadelphia
835 2057 65 52 of
936 2078 32 33 a
1006 2058 172 68 study
1214 2058 167 52 made
1415 2057 76 69 by
1529 2057 46 52 it
1614 2077 60 34 as
1711 2062 170 64 agent
1919 2057 64 52 of
2019 2058 97 52 the
2152 2057 249 53 Thomas

384 2135 240 55 Skelton
657 2135 289 53 Harrison
982 2136 365 52 foundation.
1417 2134 141 56 This
1593 2141 195 63 report
1822 2136 284 68 prepared
2141 2136 76 68 by
2250 2135 153 53 Kate

381 2213 1996 132 Holladay Claghorn … Philadelphia, Thomas Skelton Harrison
516 2293 365 68 foundation,
914 2295 151 51 1931.

456 2372 1945 51 xxii, 123 p. incl. forms. 23 ᶜᵐ. (Philadelphia Municipal court survey
383 2431 176 49 series)

389 2483 52 53 ©
478 2488 116 47 July
629 2488 69 47 13,
735 2486 114 42 1931;
911 2487 67 41 2c.
1015 2488 117 48 July
1166 2488 82 47 15;
1287 2487 84 42 aff.
1409 2488 127 48 Sept.
1572 2488 53 47 9;
1664 2488 40 39 A
1738 2488 173 48 42220;
1949 2488 214 40 Thomas
2202 2488 199 41 Skelton

458 2545 242 40 Harrison
729 2545 307 40 foundation.
1111 2543 283 51 (31-23799)

383 2626 301 64 Burrows,
716 2624 215 57 Millar.

458 2705 298 54 Founders
790 2705 65 53 of
888 2712 162 62 great
1085 2705 302 70 religions;
1424 2706 172 69 being
1631 2708 265 67 personal
1929 2707 255 53 sketches
2219 2706 65 53 of
385 2706 1994 132 famous

596 2783 1810 72 leaders, by Millar Burrows … New York, London,
387 2862 63 55 C.
486 2862 314 56 Scribner’s
833 2883 146 50 sons,
1014 2867 150 49 1931.

459 2941 611 69 x p., 2 l., 3-243 p. 21 ᶜᵐ.
462 3001 348 47 “Suggestions
839 3000 79 40 for
948 3001 198 40 further
1176 3001 231 48 reading”
1428 3013 8 28 :
1470 3013 42 38 p.
1544 3000 217 43 239-240.

391 3053 52 52 ©
475 3058 120 45 Aug.
627 3058 69 41 28,
730 3057 140 45 1931;
903 3057 68 43 2c.
1006 3058 126 48 Sept.
1166 3060 22 37 1;
1255 3057 82 42 aff.
1371 3058 129 49 Sept.
1531 3060 54 47 4;
1618 3060 42 39 A
1689 3059 173 48 41426;
1898 3059 204 41 Charles
2138 3058 266 42 Scribner’s

460 3126 127 29 sons.
658 3115 282 47 (31-23684)

388 3208 250 64 Burton,
668 3208 191 57 Miles.

451 3285 123 54 The
602 3304 226 35 menace
856 3305 72 34 on
955 3288 95 53 the
1080 3288 195 54 downs
1327 3288 75 69 [by]
1454 3288 169 56 Miles
1653 3289 242 52 Burton.
1969 3288 260 67 London,
2258 3286 142 55 Pub.

381 3362 97 53 for
504 3363 96 54 the
630 3363 191 55 Crime
852 3364 147 69 club,
1028 3365 122 68 ltd.,
1178 3366 75 69 by
1283 3366 90 55 W.
1407 3365 218 56 Collins
1654 3386 128 35 sons
1811 3369 46 50 &
1886 3386 97 49 co.,
2009 3366 107 53 ltd.
2152 3368 174 67 [1931]

454 3442 383 51 251, [1] p. 19 ᶜᵐ.
392 3498 2013 57 © 1c. Sept. 2, 1931; A ad int. 15444; pubd. July 6; A. M. Heath & co.,
461 3561 100 45 ltd.,
592 3560 212 41 London.
880 3562 283 49 (31-24265)

388 3638 246 65 Chopin,
671 3641 312 65 Fryderyk
1017 3644 377 66 Franciszek,
1432 3650 329 52 1810-1849.

455 3716 273 69 Chopin’s
766 3719 222 67 letters;
1031 3720 268 55 collected
1337 3722 75 71 by
1452 3722 246 70 Henryk
1737 3722 310 69 Opienski;
2089 3719 315 56 translated

384 3792 149 54 from
567 3796 95 52 the
697 3795 245 71 original
978 3798 198 55 Polish
1211 3800 114 54 and
1357 3800 243 70 French,
1632 3800 145 55 with
1813 3822 31 33 a
1878 3800 231 69 preface
2144 3799 110 54 and
382 3797 1996 131 editorial

579 3880 177 62 notes,
780 3875 74 67 by
880 3876 68 54 E.
975 3876 65 55 L.
1066 3876 280 70 Voynich.
1423 3877 139 56 New
1592 3878 181 72 York,
1800 3879 71 53 A.
1901 3879 71 52 A.
2000 3877 225 69 Knopf,
2253 3879 151 50 1931.
