2575 4398
1151 4047 69 56 27

159 375 206 63 Orczy,
398 372 347 64 Emmuska,
780 374 263 52 baroness
1049 416 13 26 ,
1092 375 174 51 1865-

226 445 1944 74 Marivosa, by Baroness Orczy … London [etc.] Cassell and
155 549 299 51 company,
486 529 226 53 limited
749 531 174 65 [1930]

224 611 617 52 5 p. l., 3-312 p. 19½ᶜᵐ.
163 678 2013 53 © 1c. Dec. 4, 1930; A ad int. 14663; pubd. Oct. 7; Emmuska Orczy,
230 742 165 39 Monte
433 740 159 48 Carlo,
631 740 218 39 Monaco.
920 737 253 50 (31-1815)

158 852 340 63 Patterson,
530 848 164 55 Alice
723 850 168 64 Jean,
924 853 173 51 1862-

229 927 229 56 Science
493 926 94 53 for
618 927 96 53 the
745 927 195 69 junior
970 926 143 70 high
1146 927 220 66 school;
1402 944 104 34 one
1539 925 64 52 of
1634 926 97 52 the
1763 924 170 54 series
1966 924 64 53 of
156 924 1996 135 Nature

316 1004 1799 69 study-health education texts, by Alice Jean Patterson …
157 1082 1459 73 Normal, Ill., McKnight & McKnight [ ᶜ1 929]
230 1166 669 50 xii, 360 p. illus. 23½ ᶜᵐ .
233 1238 351 41 “References”
603 1249 9 29 :
644 1249 45 37 p.
717 1238 220 41 342-346.

165 1307 51 53 ©
247 1312 129 47 Sept.
401 1312 41 48 4,
469 1310 115 40 1929;
641 1310 68 40 2c.
737 1310 112 39 Dec.
876 1310 70 45 22,
974 1308 119 40 1930;
1146 1308 83 40 aff.
1258 1308 110 40 Jan.
1396 1307 40 48 2,
1466 1306 114 42 1931;
1637 1308 43 40 A
1705 1307 144 42 32523;
1910 1308 272 48 McKnight

269 1364 1140 52 & McKnight, Bloomington, Ill. (31-1542)
162 1480 284 64 Paynter,
473 1479 156 54 John
659 1480 225 62 Henry.

233 1554 1950 71 Fugitives of the Pearl, by John H. Paynter … Washington,
162 1632 1424 71 D. C., The Associated publishers, inc. [ ᶜ1 930]
234 1713 641 50 xi, 209 p. ports. 19 ᶜᵐ .
235 1785 367 41 “Descendants
628 1784 52 41 of
706 1785 123 39 Paul
857 1786 96 39 and
979 1785 191 40 Amelia
1200 1785 305 40 Edmonson”
1526 1797 8 28 :
1563 1797 42 38 p.
1651 1785 237 50 [203]-209.

169 1857 52 51 ©
249 1860 111 41 Jan.
386 1859 69 49 10,
483 1858 114 41 1931;
653 1861 68 38 2c.
750 1859 95 40 and
873 1859 84 40 aff.
984 1859 111 40 Jan.
1122 1859 83 47 12;
1235 1859 42 38 A
1303 1857 172 49 33116;
1507 1859 44 41 J.
1579 1859 63 41 H.
1670 1859 229 49 Paynter,

238 1858 1931 100 Washington.
406 1917 252 49 (31-1514)

165 2029 460 63 Pennsylvania.
699 2031 187 69 Laws,
917 2035 258 64 statutes,
1207 2036 100 47 etc.

235 2108 284 54 Purdon’s
556 2109 428 69 Pennsylvania
1020 2113 256 57 statutes,
1314 2110 327 51 annotated.
1718 2111 348 51 Permanent
2102 2108 84 53 ed.

166 2187 58 53 A
261 2187 374 68 compilation
675 2187 65 52 of
779 2189 96 51 the
914 2187 232 69 general
1186 2189 114 51 and
1341 2194 338 62 permanent
1718 2189 139 53 laws
1900 2188 153 52 from
2091 2190 97 51 the

167 2285 135 50 year
336 2268 134 52 1700
502 2273 58 47 to
591 2272 229 62 present
851 2267 155 65 time,
1036 2267 263 68 together
1332 2267 141 51 with
1507 2266 366 55 annotations
1908 2267 154 53 from
2093 2268 97 52 the

168 2364 153 35 cases
361 2345 334 69 construing
737 2345 159 53 those
941 2346 156 51 laws.
1173 2344 154 54 Title
1372 2346 186 52 62-67.
1635 2346 296 68 Prepared
1973 2347 76 69 by
2093 2347 94 51 the

167 2424 341 68 publishers’
539 2424 268 53 editorial
839 2422 149 55 staff.
1065 2424 430 68 Philadelphia,
1525 2425 121 68 Pa.,
1679 2424 222 69 George
1933 2426 64 50 T.
2032 2423 157 55 Bisel

172 2521 108 48 co.;
319 2503 265 68 Newark,
618 2503 70 51 N.
722 2503 77 68 J.,
835 2502 189 69 Soney
1058 2504 45 50 &
1141 2502 149 68 Sage
1323 2520 77 35 co.;
1474 2502 82 56 St.
1593 2504 167 67 Paul,
1793 2503 206 70 Minn.,
2030 2504 161 52 West

170 2581 670 70 publishing co. [ ᶜ1 931 ]
243 2663 281 42 2 v. 24 ᶜᵐ .
176 2730 52 51 ©
261 2734 110 40 Jan.
403 2733 39 49 2,
475 2733 141 48 1931;
651 2734 68 41 2c.
751 2735 120 39 each
904 2735 96 39 and
1033 2734 108 41 affs.
1176 2735 111 40 Jan.
1321 2733 82 49 10;
1439 2735 43 40 A
1513 2734 159 49 33104,
1707 2734 172 48 33105;
1917 2735 184 48 George
2136 2735 53 42 T.

245 2792 132 39 Bisel
413 2802 81 37 co.,
533 2791 155 48 Soney
724 2792 36 39 &
797 2792 123 48 Sage
954 2801 82 39 co.,
1073 2793 97 39 and
1205 2793 137 40 West
1375 2792 109 49 pub.
1521 2803 69 30 co.

174 2900 728 64 Pennsylvania-German
934 2901 245 64 society.

306 2981 1886 72 … Proceedings and addresses at Philadelphia, October 8,
178 3063 148 49 1926.
445 3102 9 9 v.
487 3060 81 53 37.
652 3060 396 69 [Norristown,
1078 3061 120 66 Pa.]
1235 3062 120 53 The
1388 3060 247 72 Society,
1665 3064 150 50 1930.

246 3140 1529 51 204 p., 1 l. front., illus., plates, ports., facsim. 26 ᶜᵐ .
179 3207 2012 57 © Dec. 30, 1930; 2c. Jan. 16, 1931; aff. Jan. 15; A 33232; Pennsylvania
248 3269 212 41 German
487 3281 107 38 soc.,
623 3271 327 49 Morristown,
978 3272 84 41 Pa.

177 3379 226 64 Potter,
436 3381 238 53 Samuel
708 3381 213 64 Otway
953 3382 211 64 Lewis,
1201 3387 327 51 1846-1914.

244 3455 427 68 Therapeutics,
722 3457 240 53 materia
1012 3458 217 53 medica
1281 3459 112 52 and
1444 3460 341 68 pharmacy;
1834 3459 97 53 the
1980 3459 208 69 special

173 3532 382 68 therapeutics
592 3533 63 52 of
691 3534 241 54 diseases
969 3535 112 52 and
1119 3543 331 63 symptoms,
1488 3538 95 53 the
1620 3537 410 69 physiological
2077 3538 109 52 and

174 3610 413 68 therapeutical
637 3613 217 53 actions
896 3613 62 52 of
1006 3613 193 69 drugs,
1244 3616 97 51 the
1387 3615 235 53 modern
1669 3615 236 54 materia
1955 3617 236 67 medica,

175 3687 199 54 official
403 3689 113 52 and
545 3689 274 69 practical
850 3693 329 69 pharmacy,
1210 3693 381 68 prescription
1619 3695 252 69 writing,
1902 3695 112 52 and
177 3695 1987 124 antidotal

365 3767 112 52 and
509 3768 380 69 antagonistic
921 3777 305 47 treatment
1256 3771 63 52 of
1351 3772 322 69 poisoning,
1706 3773 73 69 by
1813 3774 177 56 Sam’l
2025 3774 68 53 O.
2125 3774 63 52 L.

178 3844 2011 76 Potter … 15th ed., rev. by R. J. E. Scott … Philadelphia,
178 3921 1156 75 P. Blakiston’s son & co., inc. [ ᶜ1 931]
