2505 4370
1277 4045 102 50 284

305 475 52 53 ©
385 480 111 39 Jan.
524 480 69 47 22,
621 477 141 49 1931;
793 478 67 42 2c.
889 479 111 40 Jan.
1027 479 83 46 31;
1140 478 83 42 aff.
1254 478 111 41 Feb.
1394 478 82 48 12;
1506 479 42 39 A
1574 478 173 49 34320;
1779 478 143 42 Univ.
1951 479 52 41 of
2032 478 291 51 Minnesota,

373 536 340 50 Minneapolis.
786 534 252 51 (31-6046)

298 631 268 66 Pintner,
595 632 240 66 Rudolf,
869 638 171 50 1884-

300 709 2000 132 Intelligence testing; methods and results, by Rudolph Pintner …
574 788 139 53 New
746 789 86 52 ed.
908 789 140 52 New
1084 788 181 69 York,
1296 789 77 52 H.
1406 788 146 53 Holt
1586 789 111 53 and
1731 806 283 52 company
2128 792 98 50 [ᶜ1931]

367 872 804 49 xii, 555 p. illus., diagrs. 21 ᶜᵐ.
372 943 355 42 “References”
755 946 52 37 at
834 945 93 39 end
955 943 52 41 of
1032 954 147 37 every
1206 944 206 48 chapter
1438 944 86 40 but
1551 955 103 30 one.

306 1012 52 53 ©
392 1016 112 41 Feb.
537 1017 70 48 17,
639 1015 142 48 1931;
816 1015 68 41 2c.
918 1017 95 38 and
1047 1015 82 40 aff.
1163 1017 125 38 Mar.
1321 1016 53 47 5;
1409 1015 41 39 A
1482 1014 172 48 35106;
1691 1016 170 48 Henry
1893 1016 121 40 Holt
2048 1016 36 40 &
2119 1026 81 36 co.,
2234 1015 92 41 inc.

384 1073 254 50 (31-6058)

298 1183 305 66 Poincaré,
636 1184 331 64 Raymond,
998 1204 146 50 pres.
1175 1185 241 69 France,
1450 1189 172 50 1860-

370 1265 95 52 Au
508 1264 212 54 service
764 1266 67 51 de
873 1266 53 51 la
971 1264 295 53 France—
1268 1264 140 52 neuf
1451 1264 203 53 années
1698 1266 67 52 de
1810 1265 295 52 souvenirs.
2198 1270 38 47 t.
2281 1268 45 49 6.

299 1342 2030 70 Les tranchées, 1915, par Raymond Poincaré … Paris, Les
301 1422 264 69 petit-fils
596 1424 71 51 de
692 1423 149 52 Plon
870 1429 51 46 et
954 1422 243 52 Nourrit
1233 1425 172 63 [1930]

375 1501 849 51 3 p. l., 357 p., 1 l. plates. 23ᶜᵐ.
308 1571 52 53 ©
396 1576 113 40 Dec.
543 1575 68 49 10,
646 1573 114 42 1930;
882 1607 9 9 1c.
926 1575 111 40 Jan.
1070 1575 71 48 23,
1176 1574 115 41 1931;
1356 1575 102 38 A—
1462 1574 208 49 Foreign
1704 1574 145 42 10677;
1915 1574 245 41 Librairie
2196 1575 133 40 Plon.

302 1686 202 67 Polak,
532 1687 155 55 John
719 1687 251 64 Osborn,
1003 1689 172 53 1870-

373 1763 1892 71 Pelvic inflammation in women, by John Osborn Polak …
304 1844 141 52 with
486 1849 113 48 two
642 1843 227 53 colored
912 1843 185 68 plates
1141 1843 113 53 and
1299 1842 361 70 eighty-nine
1705 1843 400 53 illustrations.
2189 1844 136 52 New

309 1921 177 69 York,
517 1921 262 68 London,
811 1922 72 52 D.
913 1921 300 68 Appleton
1246 1921 114 53 and
1395 1939 301 50 company,
1734 1924 150 50 1931.

303 2002 2006 106 xii p., 1 l., 231 p. illus., 2 col. pl. (incl. front.) 25 ᶜᵐ. (Gynecological and obstetrical monographs, vol. IX)
311 2127 52 53 ©
406 2132 113 41 Feb.
560 2131 70 48 27,
673 2129 142 49 1931;
859 2130 68 42 2c.
969 2132 97 39 and
1108 2130 84 42 aff.
1236 2132 122 38 Mar.
1401 2131 53 47 3;
1499 2132 42 38 A
1582 2131 172 47 35051;
1800 2132 57 41 D.
1899 2131 243 49 Appleton
2184 2133 37 40 &
2262 2143 69 31 co.

399 2185 745 53 [ © new matter] (31-5949)
304 2284 225 66 Poliak,
557 2284 334 54 Katherine
920 2283 292 66 Heilprin.

379 2364 165 52 Your
581 2363 97 69 job
719 2363 113 53 and
870 2381 146 50 your
1056 2381 143 51 pay;
1242 2381 31 34 a
1315 2363 223 69 picture
1579 2363 64 52 of
1683 2365 95 51 the
1819 2364 177 53 world
2043 2365 54 53 in
2142 2365 182 53 which

308 2462 82 34 we
434 2441 176 71 work,
652 2443 75 67 by
770 2440 320 54 Katherine
1135 2443 76 53 H.
1258 2442 204 53 Poliak
1506 2445 112 51 and
1667 2445 138 50 Tom
1854 2443 258 68 Tippett.
2190 2444 137 52 New

309 2520 1086 70 York, The Vanguard press [ ᶜ1 931]
450 2601 869 51 xx, 348 p. incl. plates, diagrs. 19½ ᶜᵐ.
381 2673 350 49 “Suggestions
759 2673 79 41 for
865 2673 199 41 further
1094 2674 230 48 reading”:
1385 2685 41 37 p.
1458 2674 218 40 295-342.

315 2741 51 52 ©
396 2745 113 41 Feb.
536 2744 70 49 26,
635 2745 141 41 1931;
806 2745 68 41 2c.
903 2746 124 39 Mar.
1055 2747 53 41 4;
1139 2745 84 42 aff.
1254 2747 108 38 Mar.
1405 2746 53 47 3;
1489 2747 41 38 A
1559 2745 172 48 35100;
1764 2747 266 47 Vanguard
2060 2756 151 39 press,
2241 2746 92 41 inc.

393 2801 253 52 (31-6193)

311 2900 193 63 Pratt,
533 2900 203 54 James
765 2900 251 61 Bissett,
1051 2903 168 53 1875-

380 2978 367 53 Adventures
792 2978 59 52 in
896 2977 350 70 philosophy
1292 2979 112 52 and
1451 2979 261 68 religion,
1758 2979 73 68 by
1876 2979 194 54 James
2119 2979 213 53 Bissett

311 3056 186 53 Pratt.
575 3056 139 53 New
750 3057 181 66 York,
966 3057 121 53 The
1121 3056 339 53 Macmillan
1495 3074 299 51 company,
1835 3060 149 49 1931.

414 3139 620 50 x p., 2 l., [3]-263 p. 19½ ᶜᵐ.
662 3210 1671 50 CONTENTS. — Socrates’ adventures in wonderland: or. The damning
313 3269 50 41 of
397 3267 516 46 dualism.—Religion
948 3278 64 38 up
1046 3271 49 37 to
1130 3268 142 41 date:
1309 3278 68 32 or.
1415 3268 89 39 Mr.
1541 3268 259 47 Layman’s
1834 3269 297 39 adventures
2187 3280 26 28 in
2253 3270 80 40 the

314 3337 105 29 new
448 3324 612 49 theology.—Adventures
1088 3335 60 29 on
1180 3324 100 39 this
1308 3324 104 40 side
1440 3325 93 38 and
1565 3335 59 28 on
1656 3325 80 39 the
1765 3325 167 44 other;
1963 3336 54 29 or,
2063 3326 121 40 Who
2213 3336 120 38 pays

314 3385 78 39 for
434 3384 81 39 the
555 3383 272 40 beers.—In
870 3392 23 29 a
940 3381 207 41 Chinese
1190 3382 203 47 temple:
1437 3393 67 29 or.
1546 3382 158 42 Monk,
1746 3382 307 47 missionary,
2095 3384 93 38 and
315 3394 2002 87 promoter.—Gotama

791 3440 93 38 and
921 3438 77 41 his
1030 3438 419 48 misinterpreters:
1511 3448 24 30 a
1575 3439 226 46 long-lost
1836 3438 245 41 Buddhist
2118 3439 158 41 Sutta.

319 3508 51 52 ©
401 3512 112 40 Feb.
542 3512 40 47 3,
612 3510 114 40 1931;
784 3510 67 40 2c.
882 3511 96 38 and
1007 3509 82 41 aff.
1120 3510 111 40 Feb.
1261 3511 54 44 4;
1347 3510 41 38 A
1414 3509 172 47 33528;
1620 3509 283 40 Macmillan
1934 3521 67 30 co.
2073 3508 252 51 (31-6061)

315 3623 186 62 Renn,
532 3621 268 65 Ludwig,
830 3624 194 66 pseud.

386 3698 1944 70 After war, by Ludwig Renn … New York. Dodd, Mead
315 3779 44 50 &
388 3795 301 51 company,
721 3780 153 49 1931.

387 3857 477 49 3 p. l. , 311 p. 19½ᶜᵐ.
323 3925 51 52 ©
409 3929 110 40 Feb.
552 3929 55 40 27,
654 3928 105 40 1931;
828 3930 68 39 2c.
932 3930 120 40 Mar.
1084 3930 54 41 4;
1174 3928 83 41 aff.
1292 3930 121 38 Mar.
1448 3929 52 45 7;
1535 3928 40 39 A
1608 3928 172 47 35163;
1817 3929 154 48 Dodd,
2006 3930 142 39 Mead
2184 3929 35 40 &
2253 3939 82 32 co.,

393 3986 90 41 inc.
555 3986 253 51 (31-6076)
