2505 4370
1360 4016 106 52 204

386 513 93 53 for
518 512 196 55 health
754 512 216 56 studies
1034 512 133 71 [and]
1211 513 173 55 Anna
1424 513 61 55 C.
1528 512 270 72 Phillips,
1838 512 273 57 associate
2150 512 93 54 for
386 513 1997 148 hospital

576 590 234 72 studies,
854 591 335 69 November,
1236 592 344 69 1928-June,
1629 595 164 65 1929;
1840 591 309 70 sponsored
2192 592 75 70 by
2311 592 95 54 the

385 667 1998 151 Philadelphia Chamber of commerce … Philadelphia. [Philadelphia,
680 746 410 70 Philadelphia
1134 746 253 71 hospital
1429 747 112 54 and
1585 747 195 55 health
1823 766 205 53 survey
2072 746 336 71 committee,

478 828 86 67 ᶜ19 30]
458 904 1382 51 xxii p., 1 l., 844 p. illus. (incl. maps) diagrs. 23 ᶜᵐ.
460 964 50 40 P.
540 963 60 42 H.
629 963 243 49 Gadsden,
900 962 268 42 chairman.

395 1019 2013 53 © Feb. 13, 1930; 2c. Feb. 13, 1931; aff. Feb. 11; A 33792; Philadelphia
463 1081 215 48 hospital
710 1081 37 40 &
777 1080 167 41 health
980 1090 177 37 survey
1189 1079 291 50 committee,
1513 1078 360 50 Philadelphia.

474 1138 254 50 (31-4937)

391 1222 123 52 The
559 1218 250 53 Phoenix
857 1225 143 64 nest,
1049 1222 154 67 1593,
1250 1219 190 54 edited
1488 1220 77 69 by
1610 1219 204 69 Hyder
1864 1218 256 54 Edward
2168 1217 241 54 Rollins.

462 1296 367 71 Cambridge,
863 1297 194 67 Mass.,
1092 1296 278 54 Harvard
1406 1295 320 71 university
1764 1313 176 52 press,
1978 1298 152 52 1931.

461 1378 622 51 xlii, [1], 240, [1] p. 22 ᶜᵐ.
465 1436 341 49 “Reproduces
832 1436 83 40 the
939 1434 211 49 original
1176 1444 124 40 page
1323 1434 80 41 for
1426 1445 135 38 page,
1585 1434 99 41 line
1708 1435 79 40 for
1811 1435 112 48 line,
1950 1438 113 45 type
2086 1434 81 41 for
2193 1435 218 48 type.”—

395 1493 184 42 Introd.

462 1549 137 42 With
636 1548 247 42 facsimile
921 1549 54 41 of
1010 1548 211 49 original
1261 1550 99 47 t.-p.:
1429 1549 102 39 The
1570 1548 220 41 Phoenix
1827 1550 123 39 nest.
2013 1548 140 41 Built
2188 1559 62 38 vp
2290 1548 118 41 with

395 1608 81 40 the
510 1608 125 39 most
671 1617 112 30 rare
815 1607 97 39 and
946 1605 182 41 refined
1162 1605 191 41 workes
1389 1605 53 41 of
1474 1606 143 40 noble
1649 1616 124 38 men,
1807 1607 222 46 woorthy
2062 1605 216 49 knights,
393 1605 2000 100 gallant
533 1665 287 48 gentlemen,

856 1662 1555 50 masters of arts, and braue schollers … Neuer before
395 1722 100 41 this
531 1721 120 41 time
685 1721 272 49 published.
1024 1722 82 40 Set
1142 1721 169 40 foorth
1348 1721 62 48 by
1447 1721 56 41 R.
1544 1721 45 41 S.
1627 1720 52 41 of
1715 1721 83 40 the
1833 1722 147 38 Inner
2017 1721 180 48 temple
395 1722 1999 98 gentleman.
583 1777 275 50 Imprinted
889 1780 53 39 at
975 1778 215 48 London,
1224 1778 62 48 by
1321 1778 124 42 Iohn
1478 1777 223 42 Iackson.
1735 1778 129 41 1593.

468 1834 1942 50 “This edition … is limited to four hundred and fifty copies, of which
396 1893 98 41 this
523 1893 41 41 is
593 1893 205 40 number
827 1891 131 43 110.”

400 1945 53 53 ©
496 1950 110 41 Jan.
648 1949 70 49 29,
760 1949 142 48 1981;
945 1949 69 41 2c.
1057 1949 110 41 Feb.
1210 1949 54 46 2;
1309 1948 82 42 aff.
1436 1949 111 42 Feb.
1589 1948 83 49 18;
1716 1949 44 40 A
1799 1949 173 48 34413;
2017 1949 259 41 President
2319 1950 94 39 and

467 2007 192 41 fellows
691 2007 53 41 of
775 2008 233 39 Harvard
1040 2007 193 48 college,
1271 2006 303 49 Cambridge,
1609 2007 149 41 Mass.
1822 2003 69 54 [©
1926 2006 349 44 introduction,
2311 2016 105 30 new

468 2066 196 49 matter,
692 2068 154 46 notes]
920 2063 252 48 (31-4893)

395 2145 276 67 Pieplow,
699 2145 258 56 William
986 2146 66 56 L.

400 2222 2018 151 Century lessons commemorating one hundred years of building and loan associations, by Wm. L. Pieplow … Appleton,
399 2380 1491 72 Wis., C. C. Nelson publishing company [ ᶜ19 31]
468 2463 462 50 5 p. l., 84 p. 20 ᶜᵐ.
403 2518 53 53 ©
483 2522 111 41 Feb.
620 2523 41 47 7,
686 2520 115 42 1931;
857 2521 68 41 2c.
952 2522 96 40 and
1074 2521 81 42 aff.
1184 2521 111 41 Feb.
1323 2520 27 41 9;
1405 2522 42 39 A
1471 2520 145 42 33822;
1672 2522 73 41 W.
1772 2521 52 42 L.
1852 2521 229 49 Pieplow,
2110 2519 306 44 Milwaukee.

481 2578 253 50 (31-5036)

398 2660 236 64 Plivier,
664 2659 289 57 Theodor.

529 2736 1887 69 … The kaiser’s coolies; translated from the German by
400 2816 295 69 Margaret
730 2814 204 57 Green.
1011 2816 139 54 New
1188 2815 182 70 York,
1405 2816 71 54 A.
1512 2816 71 54 A.
1621 2815 228 70 Knopf,
1886 2818 152 52 1931.

469 2899 626 49 4 p. l., 3-308 p., 1 l. 19½ ᶜᵐ.
405 2953 53 53 ©
492 2958 112 41 Feb.
636 2957 70 44 20,
741 2956 112 41 1931;
916 2957 68 42 2c.
1019 2958 96 39 and
1148 2956 82 42 aff.
1268 2957 111 42 Feb.
1413 2957 48 39 21;
1533 2957 41 39 A
1606 2955 147 42 33896;
1813 2957 172 40 Alfred
2021 2958 53 42 A.
2111 2955 180 50 Knopf,
2328 2958 90 41 inc.

482 3014 253 50 (31-4958)

400 3097 233 63 Poison,
663 3096 222 63 Joseph
917 3095 230 55 Albert.

470 3172 1946 71 Internal combustion engines, by J. A. Poison … New York,
401 3252 56 54 J.
483 3252 193 69 Wiley
702 3255 46 50 &
774 3269 147 50 sons,
946 3251 107 53 inc.;
1114 3252 262 69 London,
1403 3251 303 69 Chapman
1734 3256 46 50 &
1804 3252 161 69 Hall,
1992 3252 242 68 limited,
2264 3257 150 52 1931.

472 3332 1123 49 vii, 475 p. illus., diagrs. 24 ᶜᵐ. $5.00
407 3386 53 53 ©
494 3390 110 42 Feb.
637 3390 69 48 10,
739 3389 115 42 1931;
915 3389 68 42 2c.
1016 3390 111 41 Feb.
1160 3391 56 39 14;
1279 3389 82 42 aff.
1396 3391 111 41 Feb.
1540 3391 57 39 12;
1658 3392 42 39 A
1731 3390 146 43 33789;
1941 3392 42 41 J.
2017 3391 55 42 A.
2107 3392 191 41 Poison.
476 3392 1926 105 Urbana,
651 3449 73 39 Ill.
798 3446 253 51 (31-5006)

401 3527 1221 69 Punch, v . 180, no. 4670, Jan. 7, 1931.
409 3606 2010 55 © 1c. Mar. 5, 1931; A ad int. 14802; pubd. Jan. 7; Herbert Heather,
478 3669 213 42 London.

405 3734 242 67 Reuter,
678 3735 255 54 Edward
963 3736 220 64 Byron,
1216 3740 170 51 1880-

480 3813 123 53 The
640 3811 237 71 family;
918 3831 195 36 source
1149 3813 293 54 materials
1482 3812 94 55 for
1613 3814 97 54 the
1747 3814 172 69 study
1957 3813 66 54 of
2061 3813 211 69 family
2308 3813 109 54 and

412 3890 2009 71 personality, by Edward Byron Reuter … and Jessie Ridgway
