2505 4370
0 0 0 0 1323
255 465 878 56 viii p„ 1 l., 182 p, front. 18 ᶜᵐ .
193 539 52 54 ©
274 543 116 47 July
418 541 71 47 24,
518 538 141 49 1931;
688 540 68 41 2c.
787 539 97 42 and
911 538 81 41 aff.
1024 539 121 48 Aug.
1174 538 85 49 15;
1291 537 41 42 A
1361 537 174 49 40755;
1566 537 45 42 J.
1642 539 55 41 E.
1729 537 212 50 Moffatt,
1971 536 215 49 Weston,

261 601 144 38 Mass.
478 596 278 50 (31-22129)

187 709 212 60 Morse,
427 702 336 66 Josephine.

260 779 323 71 Following
622 780 95 54 the
756 780 99 53 bee
893 779 133 68 line,
1061 779 77 69 by
1178 777 314 70 Josephine
1532 779 207 68 Morse,
1783 780 290 68 drawings
2113 779 75 67 by

194 859 179 52 Marie
400 857 254 57 O’Hara.
729 856 272 71 Chicago,
1029 857 248 55 Thomas
1305 856 57 56 S.
1391 856 290 55 Rockwell
1708 875 297 52 company,
2037 860 150 49 1931.

262 942 84 40 127
368 952 42 37 p.
469 940 165 48 front.,
655 940 142 47 illus.,
821 939 172 50 plates,
1017 939 154 48 diagr.
1230 938 148 42 20½ᶜᵐ.

193 1008 51 53 ©
273 1013 113 39 July
414 1012 69 40 28.
513 1009 139 48 1931;
682 1011 67 40 2c.
777 1010 119 47 Aug.
925 1011 53 46 3;
1010 1008 81 42 aff.
1120 1010 120 47 Aug.
1270 1009 53 47 1;
1353 1008 45 40 A
1420 1007 173 49 40594;
1625 1008 215 41 Thomas
1867 1008 43 41 S.
1942 1007 246 42 Rockwell

263 1079 65 30 co.
400 1066 279 51 (31-22343)

194 1175 247 70 [Muriel,
470 1175 154 54 John
655 1176 85 54 St.
775 1174 156 57 Clair]
988 1180 172 49 1909-

256 1252 119 52 The
414 1252 138 68 lady
589 1253 112 51 and
739 1252 97 52 the
874 1255 172 65 mute,
1083 1250 79 69 by
1199 1250 158 55 John
1394 1250 254 71 Lindsey
1711 1250 217 69 [pseud.]
1971 1249 143 54 with
2155 1270 32 34 a

189 1328 226 69 preface
459 1329 75 69 by
577 1329 171 52 Ethel
792 1327 260 55 Mannin.
1133 1327 260 69 London,
1439 1326 302 71 Chapman
1786 1329 47 52 &
1874 1327 144 55 Hall
2064 1328 123 67 ltd.,

190 1409 147 50 1931.

255 1484 630 51 2 p. l., 7-269 p. 19½ᶜᵐ.
195 1553 51 53 ©
303 1568 36 30 1c.
365 1558 119 47 Aug.
512 1556 68 48 19,
608 1556 138 48 1931;
775 1557 40 38 A
842 1557 63 41 ad
931 1557 84 40 int.
1044 1557 170 47 15401;
1244 1555 143 51 pubd.
1416 1558 128 40 June
1569 1556 56 44 23
1643 1568 9 37 ;
1683 1558 43 40 J.
1757 1558 45 41 S.
1831 1557 191 48 Muriel,
261 1555 1912 112 Eastbourne,
486 1614 234 47 England.
791 1612 281 50 (31-22147)

190 1721 211 63 Nease,
433 1721 180 63 Floyd
642 1720 273 65 William,
948 1727 327 51 1893-1930.

260 1795 1748 75 Symphonies of praise, by Rev. Floyd William Nease …
189 1796 2002 153 introduction by the Rev. Roy T. Williams … Kansas City, Mo.,
187 1950 1083 74 Nazarene publishing house [ ᶜ1 931]
255 2031 84 40 192
367 2043 44 37 p.
471 2031 136 41 front.
648 2032 171 48 (port.)
888 2031 116 44 20ᶜᵐ.

259 2086 238 43 Sermons.

197 2154 51 52 ©
277 2159 115 47 May
420 2159 40 48 6,
489 2158 141 48 1931;
659 2159 68 42 2c.
757 2161 112 47 May
900 2160 80 47 15;
1014 2162 81 40 aff.
1127 2162 113 47 May
1271 2163 81 47 14;
1385 2164 41 39 A
1454 2164 172 48 37312;
1660 2165 247 41 Madeline
1934 2165 54 41 N.
2022 2167 169 47 Nease,

264 2215 284 50 Wollaston,
581 2217 146 39 Mass.
798 2216 279 52 (31-22131)

194 2308 210 65 Nevin,
436 2308 246 57 Charles
708 2310 275 66 Merrick,
1013 2317 173 49 1892-

256 2383 323 69 Principles
608 2385 64 52 of
707 2386 305 54 structural
1046 2387 259 70 geology,
1339 2389 76 71 by
1450 2389 234 57 Charles
1719 2393 252 53 Merrick
2004 2393 186 54 Nevin

251 2460 1940 79 … New York, J. Wiley & sons, inc.; London, Chapman &
186 2537 158 67 Hall,
374 2537 241 70 limited,
644 2543 151 54 1931.

259 2617 1703 61 2 p. l., iii-v, [1], ix-xi, 303 p. illus., diagrs. 23½ᶜᵐ. $3.50
275 2675 247 42 “Selected
546 2677 300 41 references”
874 2679 52 42 at
949 2681 92 39 end
1068 2680 53 40 of
1145 2681 118 41 each
1290 2682 215 48 chapter.

200 2742 51 53 ©
280 2746 120 48 Aug.
429 2748 40 46 3,
499 2745 139 49 1931;
669 2748 67 40 2c.
767 2748 120 49 Aug.
917 2749 51 47 6;
1002 2749 80 42 aff.
1113 2751 120 49 Aug.
1265 2752 53 47 5;
1349 2754 43 38 A
1419 2752 172 50 39918;
1625 2755 50 43 C.
1709 2757 62 41 M.
1803 2757 167 48 Nevin,
2005 2759 188 43 Ithaca.

267 2803 56 40 N.
352 2803 52 40 Y.
479 2803 278 50 (31-22178)

196 2896 318 65 Ovington,
543 2900 174 63 Mary
743 2900 218 65 White,
993 2907 170 49 1865-

264 2973 161 68 Zeke,
461 2974 74 70 by
573 2975 169 69 Mary
779 2976 195 55 White
1012 2976 314 73 Ovington,
1365 2980 326 57 illustrated
1730 2985 76 70 by
1843 2986 230 56 Natalie
2114 2989 77 54 H.

194 3050 1857 83 Davis. New York, Harcourt, Brace and company [ ᶜ1 931 ]
261 3129 1219 54 3 p. l., 3-205 p. incl. illus., pl. front. 20½ᶜᵐ.
201 3197 51 53 ©
281 3202 119 48 Aug.
430 3202 68 47 27,
528 3200 140 50 1931;
698 3203 66 41 2c.
796 3205 94 41 and
920 3205 80 40 aff.
1031 3206 120 48 Aug.
1179 3208 84 48 31;
1295 3209 41 39 A
1362 3210 172 49 41334;
1567 3212 262 52 Harcourt,
1860 3218 156 42 Brace
2046 3220 36 39 &
2112 3230 81 37 co.,

271 3258 89 41 inc.
432 3259 278 48 (31-22145)

198 3351 196 63 Owen,
424 3352 240 55 Walter.

266 3427 120 52 The
418 3445 150 36 cross
599 3426 64 54 of
695 3428 154 68 Carl,
878 3429 77 69 by
984 3430 222 55 Walter
1238 3432 207 71 Owen;
1481 3456 71 34 an
1586 3438 285 73 allegory;
1906 3444 96 53 the
2035 3451 159 65 story

197 3502 63 53 of
291 3522 102 34 one
428 3504 124 52 who
587 3511 148 47 went
766 3507 166 52 down
964 3508 122 53 into
1117 3510 94 53 the
1246 3511 206 68 depths
1486 3517 112 51 and
1632 3535 114 36 was
1780 3518 231 71 buried;
2049 3524 145 68 who,

198 3581 281 69 doubting
519 3581 185 70 much,
745 3589 94 62 yet
882 3589 59 48 at
980 3585 96 54 the
1118 3587 112 54 last
1273 3587 173 57 lifted
1488 3611 79 50 up
1610 3594 89 55 his
1744 3614 126 51 eyes
1912 3603 140 50 unto
2097 3602 98 55 the

198 3658 133 53 hills
375 3660 113 51 and
534 3677 121 35 rose
700 3660 171 69 again
915 3664 111 51 and
1074 3682 113 35 was
1231 3666 401 72 transfigured.
1716 3673 235 72 Boston,
1996 3678 197 71 Little,

201 3737 226 65 Brown,
462 3737 112 52 and
609 3755 296 52 company,
944 3742 149 51 1931.

269 3814 851 56 xxvii p., 2 l., 3-99, [1] p. 19ᶜᵐ.
205 3883 51 53 ©
283 3888 119 46 Aug.
429 3888 68 44 14,
524 3886 139 49 1931;
690 3889 66 39 2c.
785 3890 94 40 and
907 3890 81 42 aff.
1014 3892 119 49 Aug.
1160 3894 58 40 20
1234 3904 8 38 ;
1273 3896 41 39 A
1338 3896 171 50 40904;
1540 3901 161 50 Little,
1731 3905 190 49 Brown,
1950 3909 96 40 and
275 3916 1902 82 company.
488 3943 277 51 (31-22140)
