2575 4398
1168 4015 68 58 17

198 351 320 57 American
547 352 226 53 bureau
801 350 65 53 of
893 349 301 65 shipping,
1222 352 142 53 New
1455 369 119 36 York.

332 429 1832 70 … Record of American and foreign shipping [1931] …
224 512 139 52 [New
399 510 181 62 York,
617 511 123 51 The
776 509 88 54 De
897 508 581 54 Vinne-Hallenbeck
1512 527 302 45 company,
1853 512 98 49 1931]

267 591 120 42 1309
419 603 44 38 p.
527 589 56 44 24ᶜᵐ.

269 664 108 47 Key
404 664 50 39 to
483 661 365 42 abbreviations
879 661 231 41 attached
1140 663 52 39 to
1220 661 124 41 back
1371 670 158 33 cover.

202 731 51 51 ©
282 734 112 41 Jan.
421 733 40 49 2,
489 732 114 42 1931;
661 732 68 42 2c.
757 733 97 40 and
882 732 83 41 aff.
995 732 110 41 Jan.
1134 733 25 40 3;
1219 733 42 39 A
1287 730 173 50 32529;
1491 732 148 40 Amer.
1681 732 189 41 bureau
1898 732 54 41 of
1981 730 241 51 shipping.

272 787 70 55 [©
366 790 264 50 additions]

197 902 320 55 American
557 906 221 52 federal
815 909 99 48 tax
951 908 253 65 reports;
1245 923 30 34 a
1313 903 338 54 convenient
1686 904 300 53 collection
2023 904 64 52 of

268 923 1932 130 unabridged
584 989 162 48 court
782 983 280 54 decisions
1099 983 156 52 from
1289 1002 170 50 every
1494 982 311 54 American
1842 987 385 49 court—state

268 1063 110 52 and
414 1061 426 54 federal—that
871 1063 104 51 has
1007 1063 116 53 had
1155 1061 200 54 before
1386 1062 47 52 it
1466 1061 289 69 problems
1789 1061 221 69 arising
2041 1063 185 52 under

266 1143 97 51 the
395 1142 221 53 federal
648 1145 100 48 tax
781 1143 138 51 laws;
983 1140 283 54 decisions
1293 1142 147 52 have
1468 1142 140 52 been
1639 1141 269 53 included
1942 1140 155 53 from
2128 1142 98 51 the

268 1219 1894 69 date of the earliest acts up to November, 1930. v. 8 …
266 1299 140 53 New
438 1298 180 70 York,
650 1299 456 69 Prentice-Hall,
1138 1298 126 70 inc.,
1298 1301 152 50 1930.

265 1380 69 48 iii,
366 1379 296 42 9573-11487
692 1391 44 38 p.
796 1379 120 43 25ᶜᵐ.

199 1448 2023 53 © Dec. 10, 1930; 2c. and aff. Jan. 10, 1931; A 33079; West pub. co., St.
267 1511 139 41 Paul.

195 1624 121 52 The
368 1619 320 55 American
741 1628 203 63 poetry
995 1622 169 53 circle
1216 1623 318 67 anthology
1592 1624 172 64 [1930]
1847 1620 139 54 New
2042 1621 182 67 York,

263 1702 148 53 Leacy
483 1703 222 68 Naylor
735 1701 423 68 Green-Leach,
1194 1704 149 49 1930.

266 1761 635 70 3 p. l. , 5-119 p. 20½ᶜᵐ.
199 1850 51 51 ©
278 1854 129 49 Sept.
430 1853 70 50 30,
524 1853 141 48 1930;
692 1854 69 40 2c.
784 1854 113 41 Dec.
921 1855 55 40 31;
1032 1854 83 42 aff.
1141 1855 112 40 Dec.
1276 1853 60 42 30;
1387 1854 42 39 A
1451 1852 147 42 32519;
1652 1854 158 48 Leacy
1835 1854 185 47 Naylor
266 1853 1957 100 Green-Leach.

195 2007 311 65 Andrews,
535 2007 200 54 Frank
765 2009 73 55 A.

261 2083 310 71 Dirigible,
612 2085 76 70 by
730 2086 201 52 Frank
970 2086 73 54 A.
1086 2086 312 67 Andrews;
1442 2085 175 54 based
1659 2104 73 34 on
1773 2085 99 53 the
1915 2083 305 57 Columbia

192 2162 224 69 picture
459 2181 191 36 screen
696 2163 227 54 version
966 2165 77 67 by
1086 2164 187 53 Lieut.
1322 2162 386 56 Commander
1753 2163 201 54 Frank
1996 2162 225 57 Wilber

190 2242 200 70 Wead,
484 2285 11 11 U.
575 2286 10 10 S.
684 2285 9 9 N.
770 2243 141 53 New
959 2243 182 69 York,
1188 2242 275 70 Chicago,
1508 2246 72 49 A.
1625 2243 66 52 L.
1737 2243 152 53 Burt
1934 2261 287 53 company

196 2324 196 65 [ ᶜ1 931]
261 2404 798 49 256 p. front., plates. 19½ ᶜᵐ .
196 2472 1723 53 © Jan. 14, 1931; 2c. and aff. Jan. 15; A 32821; A. L. Burt co.
274 2534 253 51 (31-1723)

192 2646 320 64 Atkinson,
540 2645 205 55 Justin
772 2645 249 65 Brooks,
1053 2650 172 51 1894-

261 2723 144 54 East
443 2723 67 54 of
546 2723 99 54 the
682 2723 267 71 Hudson,
987 2724 77 68 by
1105 2723 55 54 J.
1202 2722 225 55 Brooks
1466 2721 310 56 Atkinson.
1851 2723 143 55 New
2035 2722 184 75 York,

194 2803 66 53 A.
287 2803 73 53 A.
386 2801 229 70 Knopf,
642 2804 153 51 1931.

261 2884 784 52 5 p. l., [3]-217 p., 1 l. 19½ ᶜᵐ .
264 2954 1953 51 “This, the first edition … consists of twelve hundred numbered
190 3014 174 50 copies.
426 3014 121 41 This
572 3013 42 41 is
643 3013 205 40 number
875 3012 99 41 53.”

263 3074 197 45 Essays.

197 3143 51 52 ©
275 3146 110 42 Jan.
412 3145 39 48 2,
478 3144 142 47 1931;
647 3143 68 41 2c.
743 3143 96 41 and
865 3141 83 42 aff.
976 3142 111 41 Jan.
1113 3140 54 50 9;
1195 3140 44 42 A
1261 3140 174 51 32713;
1464 3140 176 45 Alfred
1665 3142 56 44 A.
1748 3144 183 50 Knopf,
1958 3145 94 44 inc.

275 3203 252 49 (31-1373)

195 3313 269 54 Atlantic
509 3320 260 63 reporter
812 3313 205 69 digest,
1061 3311 272 71 covering
1376 3313 80 53 all
1498 3331 153 37 cases
1693 3317 270 67 reported
2006 3316 62 54 in

259 3316 1935 128 Atlantic
466 3395 277 63 reporter,
771 3388 143 53 with
940 3393 232 49 current
1198 3388 350 54 cumulative
1575 3389 206 69 pocket
1807 3391 215 55 service
261 3393 1928 145 keeping

398 3469 116 53 this
550 3468 188 69 digest
774 3467 216 69 always
1025 3470 59 50 to
1119 3467 151 72 date,
1305 3465 288 70 compiled
1628 3469 115 53 and
1778 3469 194 55 edited
2005 3470 78 72 by
2117 3472 101 55 the

263 3549 341 71 publisher’s
663 3547 267 55 editorial
987 3545 137 57 staff.
1215 3567 50 33 v.
1328 3551 46 49 1.
1415 3548 554 70 Descriptive-word
2026 3554 190 55 index.

265 3625 1424 72 St. Paul., Minn., West publishing co. [ ᶜ1 930]
261 3709 465 52 ix, 1632 p. 26 ᶜᵐ .
262 3783 228 40 Lettered
518 3792 61 29 on
605 3790 143 32 cover
765 3790 10 31 :
847 3780 61 41 Vol.
933 3780 26 39 1
987 3780 50 40 to
1065 3780 129 41 date.

261 3840 135 48 “Key
425 3838 205 41 number
658 3835 227 51 system.”

197 3910 51 51 ©
277 3914 113 41 Dec.
420 3912 70 48 17,
518 3908 144 49 1930;
692 3909 69 40 2c.
791 3908 96 40 and
917 3906 84 42 aff.
1031 3907 111 40 Jan.
1173 3905 69 50 10,
1273 3905 144 50 1931;
1448 3905 42 42 A
1518 3907 174 51 33108;
1724 3910 139 43 West
1890 3913 112 49 pub.
2033 3926 69 29 co.

273 3968 252 46 (31-1366)
