2575 4398
1198 4067 67 52 15

190 407 199 63 Small,
425 404 222 55 Austin
681 404 54 56 J.

322 472 1889 74 … The V antine diamonds … Garden City, N. Y., Pub. for
192 563 94 52 the
326 560 192 55 Crime
557 559 148 68 club,
743 559 127 67 inc.,
907 558 77 69 by
1019 556 361 70 Doubleday,
1419 556 200 52 Doran
1659 556 47 51 &
1743 571 301 51 company,
2083 552 128 56 inc.,

193 642 151 51 1930.

262 719 720 52 vii p., 1 l., 9-304 p. 19½ ᶜᵐ .
265 779 164 41 “First
457 777 229 42 edition.”

265 837 200 41 London
495 835 185 41 edition
712 833 258 50 published
1001 833 155 40 under
1185 828 221 44 author’s
1437 831 182 49 pseud.
1653 830 251 41 Seamark.

199 892 51 52 ©
277 897 111 39 Dec.
414 894 69 49 22,
510 893 141 47 1930;
679 891 68 41 2c.
773 893 96 39 and
896 891 82 42 aff.
1006 891 110 41 Jan.
1143 890 40 48 2,
1210 888 112 42 1931;
1381 889 41 39 A
1448 888 172 48 32513;
1650 889 302 47 Doubleday,
1981 888 169 40 Doran
2177 887 37 41 &

266 964 81 37 co.,
386 953 92 39 inc.
553 950 221 49 (31-527)

197 1032 393 64 Stephenson,
621 1030 229 55 Gilbert
878 1029 278 65 Thomas,
1189 1033 173 51 1884-

267 1109 247 69 English
554 1113 264 49 executor
858 1108 114 52 and
1010 1112 213 48 trustee
1260 1106 257 54 business
1556 1106 253 68 through
1849 1105 98 53 the
1987 1122 128 51 eyes
2153 1102 65 54 of

198 1183 1957 72 an American trust man, by Gilbert Thomas Stephenson …
200 1267 137 52 New
366 1266 164 53 York
558 1265 114 53 and
699 1265 261 67 London,
988 1264 237 68 Harper
1251 1265 47 51 &
1323 1263 282 67 brothers,
1636 1265 149 50 1930.

269 1348 718 50 xiv p., 1 l., 262 p. 22½ ᶜᵐ .
272 1407 162 42 “First
463 1405 229 43 edition.”

271 1465 353 48 Bibliography
641 1474 10 30 :
683 1474 44 38 p.
757 1462 218 41 251-255.

206 1520 51 52 ©
287 1525 111 39 Dec.
428 1523 69 47 30,
527 1521 142 42 1930;
699 1521 69 41 2c.
797 1522 96 38 and
923 1520 81 41 aff.
1036 1521 110 39 Jan.
1175 1519 39 48 2,
1245 1518 112 41 1931;
1418 1518 42 40 A
1488 1519 173 41 31867;
1693 1520 196 47 Harper
1919 1519 36 41 &
1983 1520 127 40 bros.

289 1580 221 50 (31-948)

203 1660 284 65 Stimson,
516 1659 195 65 Philip
741 1660 193 64 Moen,
967 1664 173 50 1888-

272 1737 55 52 A
371 1735 233 53 manual
651 1735 63 53 of
759 1736 96 54 the
904 1753 256 35 common
1207 1734 334 69 contagious
1588 1734 259 70 diseases,
1893 1735 76 70 by
2019 1735 201 69 Philip

200 1812 2019 70 Moen Stimson … illustrated with 40 engravings and 2 plates.
201 1891 425 69 Philadelphia,
656 1891 116 53 Lea
802 1893 44 50 &
877 1891 261 69 Febiger,
1172 1894 151 50 1931.

273 1975 1454 52 xvi, [17]-351 p. illus., II pl. (1 fold.) diagrs. 20½ ᶜᵐ .
273 2035 151 39 Table
453 2045 59 30 on
542 2033 336 49 lining-paper.

274 2091 351 48 Bibliography
650 2093 52 38 at
730 2093 91 39 end
849 2091 53 40 of
926 2091 118 40 each
1073 2091 215 47 chapter.

212 2145 51 52 ©
294 2150 111 41 Jan.
433 2149 26 39 2,
562 2149 82 46 1931;
675 2147 68 42 2c.
773 2149 110 39 Jan.
913 2148 53 41 3;
1000 2147 82 41 aff.
1114 2148 110 41 Jan.
1254 2147 53 48 6;
1340 2148 42 39 A
1409 2147 173 49 32584;
1616 2149 97 40 Lea
1744 2149 38 41 &
1812 2149 218 49 Febiger.

290 2205 252 51 (31-1179)

209 2271 2021 72 Texas jurisprudence … a complete statement of the law and
283 2353 252 68 practice
576 2353 64 52 of
680 2353 95 52 the
818 2357 148 52 state
1006 2352 65 53 of
1112 2354 202 65 Texas,
1355 2354 77 68 by
1472 2353 263 54 William
1777 2355 78 51 M.
1900 2353 333 71 McKinney

283 2431 1888 69 and other lawyers. V. X. Contracts to corporations, § 361 …
284 2509 117 56 San
432 2510 325 58 Francisco,
789 2509 590 71 Bancroft-Whitney
1409 2529 300 51 company,
1743 2515 150 49 1930.

280 2591 575 49 4 p. l., 1057 p. 25 ᶜᵐ .
219 2645 51 52 ©
294 2650 113 40 Dec.
430 2649 69 48 27,
524 2648 141 48 1930;
692 2648 67 41 2c.
784 2650 95 39 and
905 2648 81 42 aff.
1011 2650 111 40 Jan.
1147 2650 39 48 7,
1212 2648 114 41 1931;
1380 2650 43 39 A
1445 2650 173 47 33034;
1646 2650 460 41 Bancroft-Whitney
2163 2662 69 29 co.

213 2716 255 64 Thayer,
507 2716 135 55 Lee.

214 2790 1994 149 The last shot [by] Lee Thayer … New York, Sears publishing
464 2888 301 51 company,
799 2870 315 68 inc.[ᶜ1931]

287 2952 620 50 v p., 1 l., 310 p. 19½ ᶜᵐ .
223 3007 52 51 ©
306 3012 110 39 Jan.
447 3011 40 47 2,
518 3010 140 42 1931;
691 3011 66 40 2c.
791 3012 96 38 and
917 3010 82 41 aff.
1032 3011 110 39 Jan.
1174 3010 51 46 6;
1260 3010 41 39 A
1330 3008 173 49 32563;
1540 3010 144 40 Sears
1716 3010 108 49 pub.
1858 3021 67 30 co.,
1972 3010 92 41 inc.

303 3068 223 49 (31-522)

219 3132 260 68 Tilgher,
509 3133 284 67 Adriano,
826 3135 172 56 1887-

286 3211 199 62 Work,
521 3212 157 53 what
711 3211 47 53 it
793 3212 102 53 has
931 3220 191 48 meant
1159 3217 58 48 to
1255 3230 126 35 men
1417 3212 253 68 through
1707 3213 95 52 the
1840 3230 131 50 ages
2019 3212 216 61 (Homo

221 3289 189 63 faber)
462 3290 76 68 by
581 3289 262 53 Adriano
886 3289 268 70 Tilgher;
1200 3290 317 54 translated
1563 3290 150 53 from
1759 3291 95 52 the
1900 3290 215 53 Italian
2160 3289 75 69 by

219 3367 263 69 Dorothy
529 3367 258 55 Canfield
833 3367 219 53 Fisher.
1132 3368 139 53 New
1318 3368 179 69 York,
1541 3368 309 57 Harcourt,
1896 3368 181 54 Brace
2122 3367 111 55 and

220 3463 279 51 company
573 3448 154 66 [ᶜ1930]

291 3524 490 50 xiv, 225 p. 19½ ᶜᵐ .
227 3581 51 52 ©
310 3586 111 40 Dec.
452 3584 69 49 29,
553 3585 141 47 1930;
726 3585 67 41 2c.
823 3587 96 39 and
950 3586 82 40 aff.
1065 3586 110 39 Jan.
1207 3585 25 40 5,
1337 3585 82 41 1931;
1454 3586 41 39 A
1525 3584 145 41 31925;
1733 3586 249 40 Harcourt
2017 3588 153 38 Brace
2202 3586 37 40 &

295 3653 81 37 co.,
409 3643 91 40 inc.
571 3643 222 49 (31-844)

225 3709 247 64 Turner,
502 3710 212 64 Nancy
738 3710 182 64 Byrd,
951 3715 172 51 1880-

296 3790 122 52 The
449 3791 223 52 mother
701 3789 66 54 of
794 3790 403 69 Washington,
1227 3792 77 68 by
1334 3791 202 69 Nancy
1568 3793 159 67 Byrd
1763 3792 242 67 Turner,
2035 3791 59 53 in
227 3793 1984 127 collaboration

618 3867 1617 69 with Sidney Gunn. Hartford, Conn., E . V.
228 3944 261 54 Mitchell;
550 3945 140 52 New
718 3946 180 68 York,
927 3947 191 70 Dodd,
1146 3947 172 54 Mead
1346 3948 52 50 &
1426 3965 300 51 company,
1757 3950 148 50 1930.
