2505 4370
1030 4004 64 51 985

72 395 178 63 Hoyt,
279 393 227 63 Nancy,
539 394 169 52 1902-

143 473 309 67 Cupboard
483 472 143 66 love,
654 469 76 68 by
758 468 202 68 Nancy
988 467 179 67 Hoyt.
1242 463 234 55 Garden
1508 462 153 70 City,
1691 462 71 52 N.
1795 461 92 69 Y.,
70 461 1976 153 Doubleday,

317 549 201 54 Doran
545 549 45 50 &
617 562 297 52 company,
941 543 127 69 inc.,
1097 545 151 51 1931.

139 584 526 93 4 p. l., 307 p. 20 ᶜᵐ .
140 685 163 40 “First
331 681 229 43 edition.”

77 753 51 51 ©
159 757 126 39 June
312 754 38 47 5,
381 752 113 41 1931;
552 752 67 39 2c.
650 751 95 39 and
774 749 81 41 aff.
886 750 126 39 June
1041 750 81 44 15;
1155 748 40 39 A
1223 747 172 47 38806;
1428 748 56 40 N.
1516 747 146 47 Hoyt,
1691 746 118 40 New
1840 744 142 41 York.

155 810 278 49 (31-15090)

71 902 175 64 Jahn,
287 903 194 62 Hugo.

141 980 177 51 Hand
355 977 403 68 composition;
799 995 30 33 a
867 974 229 55 treatise
1132 993 72 34 on
1240 976 96 51 the
1370 975 163 52 trade
1570 974 112 52 and
1720 972 248 69 practice
2006 971 64 53 of

71 1057 95 52 the
203 1055 343 67 compositor
582 1057 111 52 and
731 1053 237 69 printer,
1006 1052 299 69 including
1341 1071 72 33 an
1449 1050 297 54 historical
73 1051 1973 150 introduction,

251 1127 1816 74 by Hugo Jahn … New York, J. Wiley & sons, inc.;
77 1212 273 66 [London]
392 1209 300 68 Chapman
723 1212 45 49 &
799 1209 161 64 Hall,
992 1205 240 69 limited,
1269 1210 150 50 1931.

145 1286 1928 53 xxiii p., 1 l., 341 p., 1 l. incl. front. (port.) illus., facsims. 24½ ᶜᵐ .
73 1347 129 49 $3.50

146 1404 68 39 “A
251 1405 222 47 glossary
511 1404 95 39 and
646 1402 273 48 dictionary
955 1402 52 40 of
1044 1401 241 41 technical
1323 1404 150 37 terms
1510 1401 117 40 used
1665 1400 51 39 in
1753 1401 82 39 the
1872 1398 200 49 graphic

74 1463 103 38 arts
204 1460 295 41 industries”
520 1471 8 28 :
558 1471 41 37 p.
628 1459 217 40 299-334.

147 1518 70 40 “A
251 1516 83 41 list
369 1517 53 40 of
453 1517 148 39 books
634 1516 80 40 for
748 1515 246 48 auxiliary
1031 1513 229 49 reading”
1281 1525 8 28 :
1325 1525 43 37 p.
1402 1514 100 40 335.

79 1582 51 53 ©
161 1587 125 40 June
315 1587 54 38 15,
472 1587 54 40 1931;
584 1586 66 41 2c.
682 1586 126 39 June
837 1585 56 40 20;
950 1585 81 41 aff.
1064 1586 125 39 June
1220 1584 81 48 18;
1335 1585 40 38 A
1404 1584 171 47 40035;
1610 1585 61 40 H.
1702 1583 144 49 Jahn,
1878 1583 196 39 Boston.

158 1644 280 48 (31-16173)

76 1740 144 64 Jais,
252 1741 139 53 Mrs.
423 1738 248 65 Regina.

142 1817 340 69 Legendary
508 1819 247 65 France;
787 1817 384 54 Carcassonne
1198 1816 114 52 and
1340 1816 95 51 the
1463 1817 224 66 Basque
1714 1819 258 64 country,
1999 1815 77 67 by

75 1892 1999 70 Regina Jais … illustrated from photographs. New York,
74 1973 63 52 L.
174 1972 353 68 MacVeagh,
564 1972 121 52 The
720 1971 139 53 Dial
893 1989 184 49 press;
1117 1973 274 64 Toronto,
1424 1972 347 66 Longmans,
1806 1970 186 55 Green
2029 1973 46 50 &

76 2066 98 50 co.,
201 2053 150 49 1931.

146 2129 1284 49 xiv p., 1 l., 300 p. front., plates, facsim. 19 ᶜᵐ .
82 2183 51 51 ©
166 2188 126 40 June
321 2187 68 48 12,
422 2186 140 43 1931;
595 2187 66 40 2c.
695 2189 94 39 and
821 2187 82 41 aff.
937 2187 127 40 June
1092 2187 82 47 16;
1208 2188 41 38 A
1281 2185 171 49 37949;
1488 2186 114 40 Dial
1634 2196 150 38 press,
1817 2185 92 40 inc.

160 2244 280 47 (31-16274)

77 2337 220 65 Keedy,
329 2337 248 55 Charles
604 2339 62 54 C.

150 2415 297 53 Delaware
489 2415 364 67 corporation
894 2415 109 52 law
1046 2415 113 53 and
1202 2415 196 69 equity
1439 2416 267 68 practice,
1749 2415 332 67 containing

82 2510 73 34 an
182 2498 399 63 arrangement
608 2492 65 53 of
698 2493 95 52 the
820 2493 240 52 sections
1088 2492 65 54 of
1178 2494 97 52 the
1304 2492 246 55 General
1580 2493 365 68 corporation
1971 2493 109 52 law

83 2569 64 53 of
179 2570 96 52 the
309 2575 145 47 state
488 2569 65 53 of
586 2571 316 67 Delaware,
936 2571 300 69 including
1271 2572 96 52 the
1406 2574 134 50 1931
1578 2571 407 67 amendments,
2022 2572 59 51 in

82 2648 228 68 orderly
349 2665 267 51 sequence
655 2649 182 52 under
878 2648 375 68 appropriate
1291 2649 278 68 headings
1612 2647 65 54 of
1717 2648 365 68 corporation

83 2726 137 67 law;
259 2726 95 52 the
389 2725 312 53 Franchise
737 2731 100 47 tax
872 2727 139 66 law;
1052 2745 31 33 a
1118 2725 156 54 brief
1309 2726 233 54 treatise
1578 2744 75 36 on
1690 2725 192 70 equity
83 2745 1975 111 practice
223 2803 60 54 in

317 2803 298 54 Delaware
650 2804 268 69 covering
951 2804 141 54 suits
1128 2805 60 52 in
1224 2805 249 69 general,
1507 2804 426 69 receiverships,
1970 2805 112 52 and

83 2881 405 54 stockholders’
525 2882 234 67 actions,
794 2883 139 52 with
971 2883 374 68 appropriate
1381 2884 150 53 rules
1569 2881 65 54 of
1668 2883 96 53 the
1803 2881 181 56 Court
2018 2882 66 52 of

84 2959 275 68 chancery
401 2960 115 53 and
558 2959 66 53 of
664 2961 95 52 the
803 2959 275 69 Supreme
1121 2966 180 62 court,
1343 2962 113 51 and
1501 2961 277 53 decisions
1821 2959 65 54 of
1928 2960 154 52 these

85 3042 186 47 courts
301 3038 112 51 and
443 3036 65 53 of
535 3038 98 51 the
659 3039 144 51 local
835 3037 221 53 federal
1085 3043 162 48 court
1276 3040 181 51 under
1488 3038 229 53 various
1747 3038 242 54 sections
2019 3036 66 54 of

84 3114 1998 70 the General corporation law. By Charles C. Keedy … New
86 3192 179 67 York,
292 3192 121 53 The
448 3191 382 69 Corporation
859 3199 152 47 trust
1040 3211 300 52 company,
1373 3196 152 51 1931.

152 3274 960 49 4 p. l., vii-xli p., 1 l., 317 p. 25 ᶜᵐ .
156 3330 127 41 “The
322 3332 226 46 analyses
585 3332 51 38 of
675 3332 80 40 the
794 3332 257 41 Delaware
1088 3343 137 30 cases
1263 3334 155 39 under
1456 3333 83 41 the
1577 3332 235 48 headings
1852 3332 51 39 of
86 3332 1977 94 Delaware
240 3388 307 47 corporation
576 3389 94 38 law
698 3400 124 29 were

851 3390 140 39 made
1019 3390 61 47 by
1107 3389 168 41 Albert
1306 3390 51 40 L.
1389 3389 178 49 Simon,
1597 3388 320 49 esq.”—Pref.

91 3439 51 52 ©
170 3445 124 40 June
322 3445 67 47 12,
420 3444 111 40 1931;
590 3445 66 40 2c.
686 3447 95 38 and
810 3446 81 41 aff.
921 3447 126 40 June
1075 3448 55 38 17;
1189 3447 40 38 A
1257 3446 171 47 38899;
1462 3446 50 41 G.
1544 3446 49 41 C.
1623 3447 180 46 Keedy,
156 3445 1910 103 Wilmington,
282 3502 100 38 Del.
456 3501 278 47 (31-16122)

85 3594 292 66 Kérouan,
409 3596 168 55 Jean.

212 3671 1867 72 … Chienfou dans sa maison, par Jean Kérouan; illustrations
84 3748 65 52 de
174 3749 70 52 A.
273 3750 241 53 Pécoud.
584 3749 201 70 [Paris]
816 3751 281 54 Hachette
1130 3754 172 66 [1930]

154 3827 1540 53 249 p., 1 1. incl. front., illus. 19 ᶜᵐ . (Bibliothèque bleue)
93 3883 1971 113 © Nov. 12, 1930; 1c. Feb. 20, 1931; A—Foreign 11104; Librairie Hachette. (31-16222)
