2505 4370
1001 4002 100 50 1005

79 370 230 65 Snaith,
339 370 155 54 John
528 370 192 64 Collis,
755 370 170 54 1876-

147 447 213 53 Indian
392 463 263 50 summer,
686 446 75 69 by
794 448 55 54 J.
886 447 61 54 C.
985 445 222 55 Snaith.
1285 447 135 50 New
1461 445 176 59 York,
1677 447 64 51 D.
1779 445 287 67 Appleton

78 526 112 53 and
217 542 296 52 company,
542 528 149 49 1931.

147 605 692 50 3 p. l., 3-376, [1] p. 20 ᶜᵐ .
84 660 1876 51 © June 26, 1931; 2c. and aff. June 29; A 40163; D. Appleton & co.
164 720 280 48 (31-16448)

79 799 197 64 Speer,
307 799 223 52 Robert
562 797 225 66 Elliott,
818 800 171 54 1867-

145 874 175 54 Owen
368 874 326 67 Crimmins,
739 875 140 52 tales
927 874 150 53 from
1124 874 94 51 the
1265 872 383 69 Magalloway
1697 879 255 62 country,
1997 872 75 68 by

75 952 212 53 Robert
311 952 67 53 E.
408 952 194 68 Speer,
625 950 113 53 line
766 952 288 67 drawings
1078 951 74 68 by
1179 950 216 69 Sophia
1424 951 238 53 Beattie.
1729 950 137 53 New
1895 949 178 68 York,

76 1028 1576 71 Chicago [etc.] Fleming H. Revell company [ ᶜ1 931 ]
145 1108 1203 49 3 p. l., 5-93 p. front., illus., plates. 19½ ᶜᵐ .
85 1166 1988 51 © May 16, 1931; 2c. and aff. May 27; A 38454; Fleming H. Revell co.
161 1226 279 49 (31-16224)

78 1308 287 63 Spudson,
404 1305 210 55 David.

150 1383 234 68 Spokes,
410 1400 200 35 screws
638 1383 112 52 and
775 1382 147 52 nails;
978 1382 193 69 husks,
1196 1382 190 66 shells,
1412 1382 178 53 skulls
1617 1382 113 53 and
1757 1382 144 53 dead
1928 1398 146 49 men,

77 1460 75 69 by
192 1460 192 54 David
428 1460 296 68 Spudson;
768 1478 30 33 a
839 1459 387 53 contribution
1266 1464 58 47 to
1366 1460 107 52 end
1515 1459 155 54 “The
1708 1478 261 34 romance
2010 1459 63 52 of

81 1538 165 52 war”.
321 1538 140 53 New
497 1538 180 68 York,
712 1539 120 51 The
866 1536 358 70 Wandering
1257 1555 117 50 eye,
1410 1541 148 49 1931.

147 1616 1095 51 200 p. 18 ᶜᵐ . (His My eloquent corpse)
150 1676 158 40 Blank
339 1685 146 38 pages
517 1675 79 41 for
629 1676 182 40 “These
843 1674 296 42 chronicles”
1182 1674 252 49 (196-200)

84 1729 1904 53 © May 11, 1931; 2c. and aff. May 12; A 37249; Wandering eve. inc.
161 1790 278 48 (31-16554)

78 1870 367 64 Steinhardt,
476 1870 315 54 Frederick
819 1870 54 55 J.

147 1946 234 54 Sailor’s
418 1965 282 50 progress,
733 1946 76 68 by
844 1945 311 53 Frederick
1191 1947 55 53 J.
1289 1945 354 55 Steinhardt.
1719 1946 138 52 New
1895 1943 181 68 York,

76 2023 63 52 L.
186 2023 354 69 MacVeagh,
586 2024 121 52 The
754 2023 137 52 Dial
939 2041 187 50 press;
1173 2024 274 66 Toronto,
1493 2023 346 68 Longmans,
1888 2022 183 55 Green

75 2101 112 51 and
217 2119 99 48 co.,
346 2104 151 49 1931.

73 2180 1845 96 xiv p., 1 l., 17-283 p. incl. illus., chart, facsims. front., plates, fold. chart. 22½ ᶜᵐ .
85 2290 51 51 ©
168 2294 125 40 June
323 2295 39 46 8,
393 2293 113 40 1931;
568 2294 67 40 2c.
667 2296 95 37 and
793 2294 82 41 aff.
908 2295 126 40 June
1065 2294 58 39 10;
1181 2296 39 37 A
1250 2295 172 47 38716;
1457 2295 113 39 Dial
1603 2305 150 38 press,
1786 2295 91 40 inc.

162 2351 279 48 (31-16358)

79 2431 278 63 Suzzallo,
391 2432 224 65 Henry,
651 2433 171 53 1875-

146 2507 1933 71 Everyday spelling … by Henry Suzzallo … Henry Carr
76 2586 1998 69 Pearson … and Milo B. Hillegas … New York, Cincinnati
99 2662 1161 70 [etc.] American book company [ ᶜ1 931 ]
140 2745 460 42 3 v. illus. 19 ᶜᵐ .
143 2802 263 40 Published
434 2805 103 38 also
563 2803 50 39 in
643 2806 95 38 two
765 2804 230 40 volumes.

82 2862 65 45 pt.
179 2861 37 40 1.
253 2857 51 51 ©
336 2861 126 40 June
494 2862 55 38 16;
610 2861 66 40 2c.
710 2862 96 39 and
836 2860 83 42 aff.
951 2861 127 39 June
1110 2859 81 48 19;
1226 2863 67 46 pt.
1326 2861 39 48 2,
1402 2856 52 53 ©
1488 2861 127 40 June
1645 2861 82 47 29;
1763 2860 67 42 2c.
1865 2863 96 38 and
1993 2861 83 42 aff.

153 2917 115 47 July
297 2916 52 48 2;
382 2920 66 45 pt.
480 2918 39 41 3.
556 2914 51 51 ©
640 2918 116 47 July
786 2917 52 48 2;
872 2917 66 40 2c.
972 2919 95 38 and
1100 2917 80 40 aff.
1214 2918 117 47 July
1363 2918 52 46 6;
1451 2918 41 39 A
1522 2917 158 48 38978,
1713 2917 157 45 39180,
1904 2916 170 46 39220;

152 2974 254 41 American
444 2975 121 39 book
602 2986 65 28 co.
739 2974 279 49 (31-15941)

79 3054 253 65 Towers,
366 3056 273 54 Edward.

154 3133 370 69 Sanctifying
574 3152 183 51 grace,
806 3135 76 68 by
932 3134 137 53 Rev.
1122 3134 68 53 E.
1241 3134 245 52 Towers.
1560 3133 259 70 London,
1870 3135 208 66 Burns,

82 3209 171 55 Oates
282 3213 44 49 &
353 3211 411 68 Washbourne,
794 3213 122 67 ltd.,
945 3215 151 49 1930.

152 3292 23 37 1
236 3321 8 7 v.
315 3291 125 46 (The
464 3293 225 45 treasury
716 3291 53 40 of
793 3292 81 40 the
899 3292 131 40 faith
1057 3291 149 40 series.
1377 3293 14 47 XVI)

85 3343 1987 53 © 1c. Aug. 13, 1930; A ad int. 14173; pubd. June 27; Macmillan co.,
152 3404 117 39 New
309 3405 144 38 York.

78 3482 244 65 Turner,
355 3483 388 65 Christopher
771 3484 154 54 John
955 3484 342 66 Matthews,
1330 3484 171 55 1897-

143 3558 151 54 Over
320 3560 96 53 the
442 3560 230 67 embers,
700 3579 146 34 some
874 3566 224 48 sonnets
1128 3561 111 52 and
1267 3579 166 49 songs
1460 3560 75 69 by
1565 3559 61 55 C.
1655 3560 56 54 J.
1738 3559 79 52 M.
1847 3560 222 51 Turner

79 3636 354 69 [Richmond]
470 3636 154 54 Priv.
656 3636 194 69 print.,
882 3642 149 48 1931.

143 3715 762 52 viii p., 1 l., 35, [1] p. 18½ ᶜᵐ .
145 3772 93 42 “Of
270 3773 99 41 this
402 3773 184 41 edition
618 3774 52 39 of
705 3773 125 41 Over
863 3776 81 39 the
977 3775 200 46 embers,
1214 3776 96 38 two
1344 3774 221 40 hundred
1600 3774 159 48 copies
1792 3775 126 40 have
1950 3775 118 40 been

75 3827 233 48 printed.”

85 3884 49 51 ©
166 3889 112 48 Apr.
311 3890 68 46 17,
411 3888 112 41 1931;
586 3888 67 41 2c.
685 3889 113 47 Apr.
831 3889 54 39 21;
947 3888 82 41 aff.
1062 3889 113 47 Apr.
1208 3888 59 40 20;
1327 3889 36 38 A
1399 3888 142 41 36665;
1607 3888 49 40 C.
1691 3888 41 40 J.
1769 3890 62 39 M.
1865 3889 201 42 Turner.

148 3945 168 49 Aiken,
347 3945 44 40 S.
422 3945 49 40 C.
541 3944 279 51 (31-16596)
