2428 4370
1203 4011 139 50 2166

257 359 264 65 Nogales
545 379 40 48 y
611 361 263 63 Mendez,
903 362 215 53 Rafael
1146 361 90 67 de,
1266 362 174 56 1879-

325 438 273 55 Memoirs
626 439 63 53 of
717 459 32 35 a
776 439 210 55 soldier
1012 440 65 53 of
1103 439 251 70 fortune,
1378 440 74 69 by
1481 438 240 55 General
1753 437 209 55 Rafael
1992 438 68 53 de

256 438 1995 150 Nogales … with a preface by R. B. Cunninghame
257 515 1995 151 Graham … [London] Wright & Brown [1931]
327 677 1489 50 xvi p., 1 l., 334 p. front., plates, ports., facsims. 24 ᶜᵐ .
265 747 2014 53 © 1c. Dec. 12, 1931; A ad int. 15868; pubd. Oct. 14; Rafael de Nogales,
333 810 120 39 New
486 809 145 41 York.
703 807 253 50 (32-1253)

259 915 379 67 Poindexter,
667 917 168 56 Jean.

328 995 122 52 The
497 1013 122 34 new
668 995 321 70 Wellesley,
1040 996 143 53 with
1231 995 186 70 thirty
1467 994 384 55 illustrations
1898 994 64 53 of
2011 995 96 54 the
2155 1014 121 34 new

258 1072 302 71 Wellesley
595 1073 227 69 college.
892 1073 235 71 Boston,
1161 1074 191 67 Mass.,
1388 1072 157 55 Priv.
1581 1073 162 69 print.
1797 1073 95 53 for

1925 1073 148 55 Jean
259 1072 1996 135 Poindexter
486 1152 115 54 and
631 1150 208 55 Louise
870 1150 268 72 Sanders,
1173 1155 152 52 1931.

328 1231 942 51 45 p., 1 l. incl. front., illus. 26ᶜᵐ.
331 1290 130 40 “The
491 1290 112 40 first
632 1290 186 41 edition
849 1290 51 40 of
934 1290 116 40 ‘The
1082 1299 108 31 new
1221 1289 274 48 Wellesley’
1529 1290 210 41 consists
1771 1291 52 40 of
1853 1290 172 41 fifteen
2056 1291 224 42 hundred

257 1348 100 40 and
393 1350 85 38 ten
514 1347 176 49 copies,
730 1346 53 41 of
818 1346 162 41 which
1016 1349 97 38 two
1152 1348 226 39 hundred
1416 1348 98 39 and
1552 1348 133 47 sixty
1722 1348 161 48 copies
1923 1359 84 30 are
2046 1349 236 50 specially

258 1406 177 47 bound,
470 1404 170 49 signed
676 1405 62 48 by
773 1404 125 41 Jean
935 1404 298 40 Poindexter
1268 1404 97 40 and
1401 1405 176 40 Louise
1618 1405 227 49 Sanders,
1882 1407 97 39 and
2015 1407 266 40 numbered

257 1463 130 41 from
411 1463 26 40 1
462 1464 49 40 to
533 1462 102 49 250,
660 1463 98 39 and
781 1463 41 38 A
844 1465 50 37 to
918 1461 73 42 J.”
1044 1460 121 41 This
1188 1471 120 38 copy
1332 1461 197 40 neither
1551 1462 168 48 signed
1744 1474 90 29 nor
1858 1464 279 42 numbered.

266 1533 2017 53 © Nov. 10, 1931; 2c. and aff. Nov. 18; A 45074; Louise Sanders and
335 1595 124 40 Jean
484 1594 310 48 Poindexter,
820 1594 198 39 Boston.
1093 1591 252 50 (32-1537)

259 1690 142 65 Rae,
436 1689 324 66 Gwynedd.

327 1765 1725 73 All Mary, by Gwynedd Rae … illustrated by Harry
256 1766 1996 131 Rountree.
456 1843 260 68 London,
749 1843 67 55 E.
849 1845 284 53 Mathews
1162 1845 46 50 &
1239 1846 245 67 Marrot,
1519 1846 150 51 1931.

329 1924 81 52 vii,
440 1928 86 40 152
554 1938 44 38 p.
628 1927 110 41 incl.
770 1927 162 47 front.,
964 1925 128 42 illus.
1152 1926 148 42 21½ᶜᵐ.

267 1995 2015 53 © 1c. Dec. 30, 1931; A ad int. 15915; pubd. Nov. 3; G. Rae, Tonbridge,
335 2058 145 48 Kent,
506 2057 238 48 England.
816 2055 254 51 (32-1276)

260 2152 316 64 Ransome,
609 2151 253 67 Arthur,
898 2155 173 51 1884-

331 2227 416 68 Swallowdale,
802 2228 75 68 by
930 2226 229 54 Arthur
1211 2227 312 68 Ransome;
1580 2228 140 53 with
1775 2227 382 56 illustrations
2207 2228 75 70 by

259 2304 245 54 Clifford
534 2304 195 55 Webb.
795 2305 243 55 London
1091 2310 121 64 [etc.]
1246 2305 54 53 J.
1335 2304 155 69 Cape
1525 2308 174 66 [1931]

328 2389 88 40 453
443 2399 45 38 p.
518 2389 109 41 incl.
660 2388 161 48 front.,
853 2388 129 41 illus.
1042 2386 150 44 20½ᶜᵐ.

329 2445 143 49 Maps
502 2456 60 30 on
595 2444 364 49 lining-papers.

334 2501 170 47 Sequel
534 2503 50 39 to
615 2501 283 41 “Swallows
926 2503 97 39 and
1050 2501 285 39 Amazons”.

267 2571 2016 52 © 1c. Dec. 29, 1931; A ad int. 15908; pubd. Nov. 2; J. B. Lippincott co.,
335 2632 357 48 Philadelphia.
766 2630 252 49 (32-1275)

258 2736 188 65 Rilke,
473 2736 222 53 Rainer
725 2736 211 64 Maria,
969 2736 329 54 1875-1926.

390 2815 1889 68 … Briefe und tagebücher aus der frühzeit, 1899 bis 1902.
258 2897 162 66 Hrsg.
462 2916 112 34 von
600 2897 159 52 Ruth
790 2895 393 56 Sieber-Rilke
1209 2898 114 51 und
1357 2896 136 54 Carl
1524 2896 215 55 Sieber.
1814 2896 258 66 Leipzig,

260 2896 1995 146 Inselverlag,
505 2978 151 51 1931.

333 3048 477 50 431, [1] p. 18 ½ᶜᵐ .
269 3114 1711 53 © Oct. 29, 1931; 1c. Dec. 17; A —Foreign 14819; Insel-verlag.
348 3176 252 49 (32-2041)

264 3271 449 65 Royde-Smith,
744 3271 215 52 Naomi
992 3270 297 64 Gwladys.

263 3344 1992 148 The mother, by Naomi Royde-Smith … London, V. Gollancz,
469 3424 123 70 ltd.,
627 3427 151 53 1931.

331 3507 86 42 197
448 3518 44 38 p.
553 3507 117 42 19ᶜᵐ.

272 3574 2012 103 © 1c. Dec. 31, 1931; A ad int. 15923; pubd. Nov. 2; Naomi Royde-Smith
530 3636 189 44 Milton,
751 3636 232 46 Hatfield,
1015 3636 164 48 Herts,
1212 3636 237 47 England.
1522 3635 252 50 (32-1277)

266 3730 243 65 Sattler,
542 3731 163 55 Otto.

399 3806 1879 72 … Lockende welt; erinnerungen an landstrassen, meere und
269 3882 158 55 ferne
471 3886 218 63 hinder,
733 3887 459 69 herausgegeben
1234 3904 108 37 von
1389 3889 100 51 der
1532 3886 745 54 Deutschamerikanischen
