2428 4370
1244 4055 137 49 1516

371 467 106 39 “All
507 468 208 39 matters
744 467 51 39 of
823 467 188 41 science
1039 468 52 39 in
1121 467 100 41 this
1248 468 136 40 work
1414 478 84 30 are
1526 468 148 40 based
1708 479 60 29 on
1797 468 82 40 the
1909 466 323 42 translations
2262 469 52 39 of

297 524 188 41 certain
519 524 195 40 ancient
744 525 186 39 Naacal
962 524 181 41 tablets
1175 523 161 42 which
1367 526 24 38 I
1422 524 282 41 discovered
1736 524 49 40 in
1817 524 143 40 India
1991 534 146 39 many
2168 534 144 38 years

297 593 106 38 ago.
460 583 156 40 These
644 583 180 40 tablets
850 593 128 30 were
1006 581 201 42 written
1234 582 159 41 either
1419 583 51 39 in
1499 584 183 38 Burma
1714 593 54 29 or
1796 583 50 39 in
1876 582 322 40 Mu.”—Pref.

368 639 102 40 The
496 640 97 40 lost
619 639 250 41 continent
897 649 103 30 was
1027 639 78 40 “in
1130 640 83 40 the
1239 639 182 40 middle
1447 640 52 40 of
1525 640 83 40 the
1634 638 180 42 Pacific
1839 649 149 31 ocean
2016 641 161 40 where
2205 649 107 31 now

301 697 85 40 ‘we
423 696 100 41 find
561 697 112 46 only
711 698 155 38 water
901 696 98 40 and
1034 696 84 40 the
1155 695 103 48 sky’
1299 697 92 39 and
1430 706 180 38 groups
1646 696 51 40 of
1735 696 143 40 small
1915 696 200 48 islands,
2154 697 157 40 which

297 755 151 47 today
475 764 85 31 are
589 754 157 41 called
773 754 82 40 the
883 754 155 40 South
1065 764 83 30 sea
1175 752 232 41 islands.”
1464 754 63 48 cf.
1556 764 43 37 p.
1625 752 71 42 46.

307 810 52 53 ©
394 815 128 47 Sept.
554 813 69 47 25,
657 812 140 48 1981;
830 812 69 41 2c.
934 812 127 48 Sept.
1094 812 84 47 28;
1214 810 81 42 aff.
1331 812 128 48 Sept.
1491 812 56 40 26;
1608 812 43 39 A
1680 811 173 48 41927;
1890 813 44 40 J.
1967 812 348 48 Churchward,

380 873 85 38 Mt.
496 872 207 47 Vernon,
733 871 55 40 N.
818 871 53 40 Y.
936 865 73 54 [©
1036 869 266 48 rewriting,
1333 879 106 30 new
1470 869 229 40 material
1730 870 95 39 and
1856 869 345 50 illustrations]

390 928 281 49 (31-25607)

305 1008 290 66 Clemens,
626 1009 237 55 Samuel
894 1009 378 64 Langhorne,
1307 1012 328 51 1885-1910.

371 1086 121 53 The
541 1085 339 53 adventures
928 1084 64 53 of
1038 1085 144 52 Tom
1231 1086 250 67 Sawyer,
1526 1083 76 73 by
1650 1084 230 55 Samuel
1930 1084 63 53 L.
2044 1083 271 55 Clemens.

299 1161 1701 70 Racine, Wis., Whitman publishing company [ ᶜ1 981]
371 1245 1192 50 2 p. l. , 9-251 p. col. front., col. plates. 21½ ᶜᵐ.
310 1300 52 53 ©
397 1305 115 48 Sept.
559 1305 40 46 9,
633 1304 115 41 1931;
808 1304 68 41 2c.
913 1304 128 48 Sept.
1074 1303 56 39 29;
1194 1302 83 42 aff.
1312 1302 102 41 Oct.
1448 1303 26 39 1;
1538 1304 43 38 A
1611 1302 145 41 43023;
1820 1303 254 40 Whitman
2105 1303 110 48 pub.
2251 1314 67 29 co.

387 1358 68 54 [©
483 1364 193 39 colored
703 1362 331 40 illustrations
1061 1362 61 47 by
1150 1360 151 41 Jacob
1330 1360 165 49 Eifler]
1568 1360 281 48 (31-25417)

308 1442 238 66 Collins,
575 1444 176 64 Mary
777 1444 173 64 Rose,
984 1444 172 54 1879-

379 1521 115 53 Art
538 1521 395 69 appreciation
980 1520 94 54 for
1118 1520 194 70 junior
1358 1520 114 53 and
1517 1519 187 54 senior
1748 1518 144 70 high
1938 1519 219 53 schools
2226 1516 74 71 [by]

310 1596 1983 153 M. Rose Collins … [ and] Olive L. Riley … New York, Chicago, Harcourt, Brace and company, 1931.
380 1761 1103 52 2 p. l., iii-xiv, 334 p. illus., col. pl. 22½ ᶜᵐ.
383 1821 190 41 “Books
603 1824 49 38 to
683 1821 144 40 read”:
887 1833 44 37 p.
960 1820 219 42 287-291.

312 1874 52 53 ©
396 1879 127 48 Sept.
552 1879 69 47 15,
650 1878 114 42 1931;
819 1879 67 41 2c.
916 1881 96 38 and
1040 1878 83 42 aff.
1154 1877 128 49 Sept.
1311 1877 56 39 24;
1425 1878 41 38 A
1493 1875 146 42 41794;
1697 1877 264 48 Harcourt,
1991 1876 157 40 Brace
2175 1875 36 40 &
2239 1885 82 36 co.,

380 1936 91 40 inc.
547 1936 281 50 (31-25656)

308 2016 2017 70 The Colophon; a book collectors’ quarterly. pt. 7 … New
380 2099 164 53 York
575 2101 140 65 [The
744 2099 318 69 Colophon,
1090 2099 122 66 Itd.]
1249 2102 151 49 1931.

386 2177 1588 54 [108 p. illus. (part col.) plates (part fold.) facsims. 27½ ᶜᵐ.
313 2234 51 52 ©
400 2239 127 48 Sept.
560 2240 69 47 17,
661 2237 140 49 1931;
834 2238 67 41 2c.
938 2239 128 48 Sept.
1096 2238 83 47 28;
1214 2237 82 41 aff.
1329 2237 102 41 Oct.
1463 2237 53 45 3;
1550 2235 43 39 A
1621 2235 171 46 42851;
1830 2233 260 49 Colophon,
2123 2234 84 39 ltd.

309 2317 242 67 Cooper,
581 2319 206 54 James
813 2319 331 65 Fenimore,
1176 2322 327 53 1789-1851.

375 2397 122 53 The
522 2396 310 54 American
858 2398 308 68 democrat,
1191 2398 77 69 by
1295 2399 195 54 James
1517 2399 303 55 Fenimore
1849 2399 253 69 Cooper;
2131 2399 186 54 edited

305 2475 143 52 with
486 2494 73 34 an
598 2475 392 54 introduction
1028 2476 77 70 by
1142 2476 78 53 H.
1258 2477 64 53 L.
1361 2477 297 54 Mencken.
1736 2479 138 52 New
1917 2478 181 69 York,
2138 2479 71 52 A.
2250 2479 71 51 A.

303 2552 229 70 Knopf,
562 2557 152 50 1931.

377 2634 1944 53 3 p. l. , v-xx, 184 p., 1 l. 21 ᶜᵐ. (Lettered on cover: Americana
306 2693 195 40 deserta
513 2694 13 47 )

377 2749 136 41 With
559 2751 343 47 reproduction
946 2752 53 39 of
1042 2752 211 47 original
1299 2755 98 45 t.-p.:
1475 2753 101 41 The
1623 2753 259 41 American
1930 2754 248 39 democrat;
2255 2762 68 38 or,

306 2806 151 41 Hints
485 2818 62 29 on
574 2808 83 40 the
685 2809 150 39 social
862 2810 98 39 and
988 2808 122 41 civic
1139 2808 237 43 relations
1405 2811 52 40 of
1485 2811 82 42 the
1598 2810 179 42 United
1810 2810 165 42 States
2003 2811 53 41 of
2084 2809 238 43 America.

307 2864 73 49 By
414 2866 42 40 J.
493 2866 257 41 Fenimore
786 2867 197 48 Cooper.
1051 2866 361 49 Cooperstown,
1448 2868 63 41 H.
1548 2867 35 41 &
1621 2868 53 42 E.
1713 2868 235 49 Phinney,
1985 2868 127 41 1838.

315 2920 52 52 ©
399 2925 120 48 Aug.
553 2926 69 46 14,
655 2924 114 41 1931;
830 2925 67 40 2c.
930 2926 122 48 Aug.
1084 2926 56 39 24;
1203 2926 82 43 aff.
1320 2927 129 48 Sept.
1481 2926 26 41 9;
1568 2928 43 39 A
1640 2927 147 41 42595;
1848 2928 175 42 Alfred
2055 2928 54 41 A.
2143 2926 181 49 Knopf,

386 2981 91 41 inc.
543 2978 69 53 [©
641 2983 332 40 introduction
1002 2983 61 48 by
1092 2984 60 41 H.
1182 2984 52 41 L.
1264 2984 235 40 Mencken
1528 2986 97 39 and
1654 2985 312 50 corrections]

394 3039 281 48 (31-25625)

313 3120 251 65 Corwin,
593 3123 135 51 Mae
756 3122 286 57 Johnson.

314 3197 1984 134 The science of plant and animal life, by Mae Johnson Corwin …
560 3278 1762 71 and Walling Corwin … San Francisco, Calif., Harr
308 3354 1155 73 Wagner publishing company [ ᶜ1 931]
448 3469 9 16 xv,
489 3437 85 41 592
603 3450 43 37 p.
676 3438 112 42 incl.
819 3439 165 48 front.,
1015 3439 129 41 illus.
1206 3439 56 41 19½ᶜᵐ.
1423 3440 127 47 (The
1582 3440 192 41 Corwin
1808 3439 187 41 science
2025 3438 176 43 series)

381 3494 353 42 “References”
763 3499 50 38 at
841 3498 92 39 end
959 3497 52 40 of
1038 3498 119 39 each
1184 3498 217 47 chapter.

316 3548 51 51 ©
407 3552 120 47 Aug.
565 3553 55 40 24,
675 3554 141 46 1931;
857 3555 66 40 2c.
965 3556 96 38 and
1101 3555 82 40 aff.
1222 3556 120 46 Aug.
1383 3556 83 40 31;
1509 3556 40 39 A
1587 3555 173 46 42480,
1804 3556 62 40 M.
1908 3555 42 39 J.
1994 3553 192 42 Corwin
2228 3553 95 40 and

386 3610 215 49 Walling
631 3611 206 47 Corwin,
869 3612 333 48 Wilmington,
1235 3612 146 42 Calif.
1452 3612 282 48 (31-25545)

312 3691 252 66 Corwin,
593 3694 273 65 Walling.

377 3769 121 54 The
529 3770 214 55 science
774 3771 64 54 of
868 3772 297 70 discovery
1196 3773 114 54 and
1342 3773 317 67 invention,
1689 3773 78 69 by
1796 3770 262 71 Walling
2092 3769 232 56 Corwin

367 3847 1957 70 … and Mae Johnson Corwin … San Francisco, Calif., Harr
303 3922 1164 78 Wagner publishing company [ ᶜ1 931]
