2505 4370
1271 4022 101 50 286

327 348 235 65 Soares,
592 349 305 53 Theodore
927 350 235 61 Gerald,
1196 357 172 49 1869-

396 426 124 53 The
551 431 159 64 story
743 426 64 52 of
841 427 147 53 Paul
1025 427 94 54 for
1153 429 141 69 boys
1329 430 110 52 and
1477 430 143 70 girls
1655 431 64 51 of
1753 431 194 67 junior
1984 434 135 65 high
2159 436 185 50 school

325 522 134 52 age;
497 504 96 53 the
630 505 213 69 pupil’s
878 506 165 59 book,
1077 507 75 69 by
1189 507 298 54 Theodore
1523 508 210 55 Gerald
1778 509 218 55 Soares.
2076 511 271 71 Chicago.

324 584 1411 71 Ill., The University of Chicago press [ ᶜ1 930]
324 667 2003 105 xvii, 171 p. front. (map) 19 ᶜᵐ. (Half-title: The University of Chicago
478 724 1717 48 publications in religious education … Constructive studies)
330 779 51 52 ©
411 783 113 40 Dec.
552 782 70 45 20,
653 782 139 43 1930;
823 782 68 42 2c.
920 785 96 38 and
1045 784 82 40 aff.
1159 784 110 40 Feb.
1300 783 69 48 19,
1399 784 107 41 1931;
1571 785 42 39 A
1641 786 171 48 33836;
1845 786 287 51 University
2162 789 52 40 of
397 788 1936 100 Chicago,
565 840 224 47 Chicago.
863 841 252 49 (31-6062)

322 936 255 62 Stählin,
609 937 165 52 Karl.

393 1016 340 54 Geschichte
770 1018 319 53 Russlands
1125 1036 109 34 von
1272 1019 108 51 den
1416 1019 294 69 anfängen
1744 1020 87 52 bis
1867 1039 101 34 zur
2003 1040 177 51 gegen
2191 1032 159 47 wart,

321 1095 2026 73 von Karl Stählin. 2. bd. … Berlin, Ost-Europa-verlag, 1930.
429 1176 1004 51 x p., 1 l., 751. [1] p. fold. maps. 23 ½ ᶜᵐ.
326 1230 1965 57 © Aug. 10, 1930; 1c . Nov. 17; A—Foreign 10191; Ost-Europa-verlag.
318 1344 353 66 Stevenson,
702 1345 236 55 Arthur
968 1345 300 66 Linwood,
1303 1352 165 50 1891-

387 1422 124 56 The
547 1429 157 63 story
740 1423 64 52 of
839 1424 269 53 southern
1147 1424 372 70 hymnology,
1553 1425 75 71 by
1668 1426 225 55 Arthur
1929 1427 62 51 L.
2034 1426 309 55 Stevenson

379 1500 1966 76 … Salem, Va., A. L. Stevenson; Roanoke, Va., Printed by the
316 1579 1464 72 Stone printing and manufacturing co., ᶜ1 931.
389 1660 562 51 vi p., 1 l., 187 p. 19 ᶜᵐ.
389 1721 229 40 Includes
653 1719 397 49 bibliographies.

323 1777 51 52 ©
406 1781 112 40 Feb.
548 1781 69 46 14,
647 1779 142 43 1931;
819 1780 68 41 2c.
916 1781 94 38 and
1041 1780 82 40 aff.
1156 1781 111 40 Feb.
1298 1780 81 46 19;
1412 1780 40 40 A
1480 1780 172 47 34435;
1684 1780 55 42 A.
1768 1781 52 42 L.
1854 1782 281 47 Stevenson,
2170 1782 173 48 Salem,

392 1839 87 40 Va.
551 1838 252 48 (31-6163)

317 1933 282 65 Stewart,
630 1933 249 65 George,
911 1939 171 49 1892-

385 2010 1956 70 Jesus as a friend, by George Stewart … New York, R. R.
318 2089 210 69 Smith,
562 2090 125 70 inc.,
722 2092 153 51 1931.

389 2172 580 50 ix p., 1 l., 156 p. 19½ᶜᵐ.
322 2228 51 52 ©
409 2233 111 40 Feb.
551 2232 70 46 26,
654 2231 114 40 1931;
830 2231 67 39 2c.
930 2231 95 39 and
1058 2229 81 40 aff.
1176 2231 122 40 Mar.
1331 2229 26 40 2;
1420 2230 40 39 A
1490 2230 146 40 34559;
1699 2229 218 42 Richard
1951 2231 55 41 R.
2043 2230 173 49 Smith,
2250 2231 91 41 inc.

400 2288 253 50 (31-6056)

314 2370 312 65 Stribling,
658 2371 261 53 Thomas
952 2370 366 65 Sigismund,
1356 2375 160 49 1881-

384 2449 124 53 The
534 2448 166 69 forge
750 2448 92 70 [by]
872 2449 65 52 T.
967 2447 57 56 S.
1054 2447 308 69 Stribling.
1423 2446 236 56 Garden
1687 2445 157 72 City,
1868 2446 72 55 N.
1968 2447 95 69 Y.,
313 2447 2000 149 Doubleday,

476 2527 198 52 Doran
708 2529 44 50 &
786 2544 301 52 company,
1119 2525 128 69 inc.,
1283 2528 153 50 1931.

380 2607 487 49 4 p. l. , 525 p. 21½ᶜᵐ.
383 2663 165 43 “First
576 2665 231 41 edition.”

320 2716 52 55 ©
411 2723 124 41 Mar.
575 2723 38 48 6,
652 2723 141 42 1931;
834 2722 67 42 2c.
940 2724 95 39 and
1074 2722 83 42 aff.
1198 2721 123 41 Mar.
1360 2721 52 47 9;
1454 2722 40 39 A
1531 2721 173 48 34682;
1745 2721 54 43 T.
1842 2722 43 41 S.
1929 2721 251 49 Stribling,
2221 2722 118 40 Fort

389 2782 178 47 Myers,
604 2781 103 40 Fla.
780 2779 252 51 (31-6082)

313 2863 197 65 Swift,
546 2864 324 63 Jonathan,
907 2868 328 51 1667-1745.

379 2939 122 53 The
531 2940 212 53 travels
768 2940 64 53 of
859 2941 230 52 Lemuel
1119 2939 281 69 Gulliver,
1429 2939 73 70 by
1529 2938 292 56 Jonathan
1855 2938 205 67 Swift;
2092 2939 139 53 with
2263 2956 68 35 an

310 3017 393 54 introduction
741 3019 75 70 by
860 3019 191 55 Shane
1091 3018 183 53 Leslie
1318 3018 112 52 and
1472 3017 379 54 illustrations
1889 3016 75 71 by
2005 3016 330 55 Alexander

309 3096 178 68 King.
562 3096 156 71 [New
750 3097 163 52 York]
965 3097 122 53 The
1116 3096 251 53 Limited
1398 3095 247 54 editions
1674 3095 147 69 club,
1854 3098 149 50 1929.

381 3179 1227 51 2 p. l. , iii-x. 293 p., 1 l. incl. col. plates. 28½ ᶜᵐ.
382 3237 143 49 Maps
552 3250 58 29 on
641 3237 362 49 lining-papers.

383 3295 96 41 “Of
505 3295 99 41 this
629 3293 184 43 edition
842 3294 53 41 of
920 3294 261 42 Gulliver’s
1205 3294 199 48 travels,
1434 3294 167 42 fifteen
1630 3295 220 40 hundred
1877 3293 160 51 copies
2062 3295 126 40 have
2216 3295 116 41 been

310 3350 195 48 printed
538 3352 77 39 for
646 3353 82 41 the
760 3353 237 40 members
1030 3352 52 39 of
1112 3353 82 40 the
1224 3351 212 42 Limited
1467 3351 211 42 editions
1709 3352 108 40 club
1851 3352 60 48 by
1946 3353 214 39 Norman
2193 3353 51 39 T.
2279 3354 52 38 A.

311 3407 206 42 Munder
552 3410 37 40 &
626 3418 236 40 company
900 3410 53 39 of
992 3408 282 46 Baltimore,
1312 3409 118 41 with
1472 3408 82 41 the
1592 3408 329 41 illustrations
1958 3409 61 49 by
2057 3408 277 41 Alexander

313 3465 141 48 King.
512 3466 120 40 This
658 3476 118 38 copy
804 3466 42 39 is
873 3466 202 41 number
1104 3467 86 38 298
1220 3468 94 39 and
1349 3465 36 41 it
1417 3465 40 39 is
1487 3466 165 46 signed
1680 3467 62 48 by
1772 3465 275 42 Alexander
2077 3465 172 49 King.”

384 3522 148 41 “This
561 3522 182 42 edition
776 3523 38 40 is
847 3522 226 42 intended
1108 3525 48 38 to
1186 3522 193 41 contain
1410 3523 84 40 the
1524 3522 88 40 full
1647 3524 101 39 text
1781 3523 51 39 of
1861 3521 262 42 Gulliver’s
2150 3523 185 41 travels

311 3587 56 33 as
409 3581 252 40 Jonathan
708 3579 144 42 Swift
893 3578 258 49 originally
1197 3583 151 36 wrote
1390 3579 50 41 it.
1513 3580 102 39 The
1660 3579 104 41 first
1809 3578 181 43 edition
2032 3579 196 49 printed
2273 3580 59 49 by

312 3636 152 44 Motte
489 3636 48 40 in
561 3636 129 46 1726,
715 3637 91 40 has
828 3636 115 41 been
972 3636 236 41 followed.
1268 3637 93 40 But
1391 3637 151 40 Motte
1568 3637 92 39 had
1690 3637 224 45 wrought
1935 3646 147 39 many
2108 3636 223 50 changes,

311 3694 94 40 and
442 3694 142 41 made
621 3704 144 37 many
802 3692 247 41 mistakes.
1116 3694 101 40 The
1257 3695 135 38 Dean
1431 3692 198 41 himself
1665 3695 246 40 corrected
1949 3695 125 40 most
2111 3693 53 40 of
2198 3694 134 41 these

310 3760 127 39 upon
463 3751 83 40 the
570 3760 147 39 pages
743 3751 52 40 of
820 3762 23 29 a
874 3760 119 39 copy
1017 3751 166 39 owned
1211 3751 61 48 by
1299 3750 78 40 bis
1403 3749 160 41 friend
1591 3750 203 42 Charles
1821 3751 139 38 Ford.
2013 3750 82 40 All
2119 3750 54 41 of
2197 3751 134 42 these

315 3809 297 40 corrections
644 3819 84 29 are
759 3808 116 40 here
905 3806 183 41 made.”

318 3861 51 52 ©
405 3866 104 41 Oct.
543 3866 69 47 29,
649 3865 113 40 1929;
826 3864 67 41 2c.
928 3866 95 39 and
1059 3864 82 41 aff.
1178 3866 122 39 Mar.
1337 3865 38 46 5,
1412 3862 113 43 1931;
1591 3864 39 39 A
1664 3863 145 42 35113;
1875 3864 209 42 Limited
2120 3862 212 42 editions

389 3924 124 44 club,
548 3923 91 41 inc.
705 3919 66 54 [©
809 3922 334 41 introduction
1178 3922 35 41 &
1247 3922 347 49 illustrations]
1667 3921 252 48 (31-6128)
