2575 4398
1395 4072 67 49 32

413 390 299 65 Warfield,
747 391 323 64 Benjamin
1106 391 451 66 Breckinridge,
1595 398 330 51 1851-1921.

480 481 233 56 Studies
743 481 57 52 in
835 482 325 54 Tertullian
1195 483 113 53 and
1342 483 344 69 Augustine,
1718 484 75 71 by
1825 484 312 69 Benjamin
408 485 2013 145 Breckinridge

408 560 2014 151 Warfield … New York, London [ete.] Oxford university press, 1930.
481 736 41 37 V,
552 726 88 40 412
667 736 45 37 p.
774 726 117 40 24ᶜᵐ.

483 796 293 51 “Prefatory
809 797 143 40 note”
988 796 196 50 signed:
1223 797 255 42 Ethelbert
1513 799 57 39 D.
1608 799 249 47 Warfield,
1893 798 216 41 William
2146 800 131 40 Park
410 801 2017 103 Armstrong,

623 855 188 49 Caspar
839 854 187 44 Wistar
1054 854 185 49 Hodge,
1272 854 290 44 committee.

753 913 350 41 CONTENTS.—Tertullian
1154 915 93 38 and
1300 913 82 41 the
1429 913 289 50 beginnings
1765 914 53 40 of
1866 914 84 42 the
1997 915 220 41 doctrine
2267 917 52 39 of
2367 915 82 42 the

409 969 940 51 Trinity.—Augustine.—Augustine's
1373 971 221 41 doctrine
1616 970 52 42 of
1691 972 283 50 knowledge
1997 974 97 40 and
2118 973 330 49 authority.—

410 1028 274 48 Augustine
729 1029 98 39 and
877 1028 78 40 his
1004 1027 728 50 “Confessions”.—Augustine
1780 1030 98 41 and
1925 1029 84 43 the
2058 1030 233 49 Pelagian
409 1041 2020 94 controversy.

415 1169 53 52 ©
497 1173 113 42 Dec.
639 1173 69 47 26,
740 1172 114 42 1930;
912 1173 68 41 2c.
1010 1175 97 38 and
1136 1173 83 41 aff.
1249 1174 111 41 Jan.
1390 1174 40 40 7.
1461 1171 115 43 1931;
1635 1173 43 39 A
1704 1173 174 48 33017;
1912 1172 192 42 Oxford
2133 1173 133 43 univ.
2295 1183 153 39 press,

528 1241 76 30 New
629 1232 145 47 York,
802 1232 91 40 inc.
969 1231 254 49 (31-1501)

417 1359 163 55 West
612 1358 295 66 Virginia.
984 1362 187 71 Laws,
1202 1368 260 62 statutes,
1493 1368 102 49 etc.

481 1451 223 57 Official
743 1453 137 54 code
916 1453 65 53 of
1016 1455 163 53 West
1212 1453 294 71 Virginia,
1542 1453 339 70 containing
1918 1453 77 52 all
2031 1456 245 51 statutes
2313 1449 66 54 of
2416 1469 31 34 a

409 1532 233 69 general
678 1536 208 49 nature
921 1550 129 35 now
1087 1533 61 53 in
1185 1532 180 54 effect.
1440 1532 320 55 Published
1797 1532 76 70 by
1911 1530 283 55 direction
2233 1528 65 55 of
2334 1529 113 54 His

411 1609 364 70 Excellency,
828 1610 302 56 Governor
1181 1612 151 53 Wm.
1387 1611 68 56 G.
1511 1610 237 71 Conley,
1798 1611 183 53 under
2033 1609 301 70 authority
2384 1608 65 55 of

409 1689 198 54 House
658 1689 154 70 joint
863 1690 316 53 resolution
1228 1709 90 35 no.
1370 1695 33 48 4
1465 1690 475 70 (extraordinary
1987 1688 234 69 session,
2274 1687 164 71 1929)

409 1768 242 55 assisted
698 1770 77 68 by
826 1768 255 70 Captain
1130 1770 68 52 E.
1250 1769 68 53 E.
1369 1770 193 69 Hood,
1611 1769 479 69 superintendent
2137 1767 66 54 of
2252 1766 197 71 public

410 1847 285 71 printing,
735 1849 185 52 under
961 1848 302 70 authority
1303 1848 65 53 of
1407 1848 216 54 section
1666 1853 48 64 5,
1753 1848 241 69 chapter
2037 1850 120 69 102,
2197 1846 143 56 Acts
2383 1846 66 55 of

414 1930 153 66 1921,
602 1928 114 53 and
750 1928 67 53 L.
850 1928 71 55 V.
1014 1928 119 59 Reed,
1167 1927 156 54 clerk
1357 1927 65 53 of
1457 1927 96 54 the
1588 1927 199 54 House
1822 1926 65 54 of
1922 1927 307 70 delegates,
2265 1926 184 54 under

409 2006 301 72 authority
755 2006 65 55 of
864 2007 216 54 section
1127 2012 83 63 15,
1254 2007 239 69 chapter
1539 2010 84 65 12,
1669 2006 239 54 Barnes’
1952 2007 138 53 code
2136 2009 156 66 1923,
410 2025 2014 132 embracing

694 2087 120 53 also
857 2087 214 68 special
1115 2105 254 51 message
1417 2086 153 53 from
1614 2086 97 53 the
1756 2085 386 55 Codification
408 2085 2014 151 commission,

588 2165 318 70 appointed
942 2166 76 69 by
1055 2166 95 52 the
1185 2183 286 52 governor
1506 2165 60 52 in
1604 2167 166 65 1921;
1807 2170 197 64 report
2039 2164 65 54 of
2139 2166 97 53 the
408 2165 2014 134 revisers

525 2245 65 53 of
616 2245 97 53 the
745 2245 156 55 Code
929 2251 58 47 to
1016 2245 97 53 the
1142 2263 314 48 governor;
1489 2244 376 53 Declaration
1894 2244 65 54 of
1986 2244 458 70 independence;

410 2323 398 56 Constitution
867 2323 65 53 of
990 2323 97 54 the
1145 2323 223 55 United
1427 2322 220 67 States;
1711 2323 222 53 federal
1992 2323 455 55 naturalization

409 2404 159 71 laws,
617 2404 115 53 and
783 2402 379 55 constitution
1213 2401 65 53 of
1325 2402 163 54 West
1536 2401 291 71 Virginia.
1922 2401 383 71 [Charleston,
2354 2404 92 56 W.

409 2481 1266 70 Va., Jarrett printing company, ᶜ1 930].
501 2567 97 50 lxvi,
628 2566 119 43 1889
773 2578 44 38 p.
878 2566 148 41 27½ᶜᵐ.

481 2641 232 40 Lettered
740 2650 61 30 on
828 2650 169 29 cover:
1028 2636 188 43 Official
1243 2638 116 40 code
1385 2637 52 41 of
1463 2638 137 39 West
1628 2636 240 49 Virginia,
1895 2636 131 42 1931.

484 2698 172 39 “Final
701 2698 167 47 report
909 2696 52 40 of
1004 2696 82 39 the
1129 2694 312 41 commission
1484 2696 50 38 to
1579 2694 157 41 revise
1780 2695 95 40 and
1920 2694 166 48 codify
2129 2697 84 39 the
2256 2697 189 40 statute

410 2759 122 38 laws
568 2755 52 41 of
657 2756 83 40 the
777 2755 130 39 state
943 2752 52 41 of
1030 2753 137 40 West
1205 2750 255 49 Virginia”
1498 2750 197 47 signed:
1738 2751 183 40 Melvin
1961 2751 53 42 G.
2055 2751 196 50 Sperry,
410 2753 2017 108 chairman;
595 2814 54 39 E.
690 2813 62 39 H.
796 2812 210 46 Morton,
1049 2810 206 41 Charles
1297 2809 72 40 W.
1416 2809 176 47 Lynch,
1635 2809 267 46 members;
1949 2809 192 41 Ronald
2185 2810 52 41 F.
2280 2811 163 48 Moist,

410 2873 266 46 secretary.

484 2929 213 48 “Report
734 2926 52 40 of
818 2926 84 40 the
937 2924 213 41 revisers
1184 2923 51 39 of
1272 2924 81 39 the
1390 2923 129 40 Code
1554 2925 49 38 to
1639 2924 83 39 the
1756 2923 267 48 governor”
2060 2924 199 49 signed:
2298 2926 61 39 M.
2396 2926 47 40 Z.

413 2986 175 48 White,
629 2984 284 41 chairman:
957 2982 42 40 J.
1040 2982 124 39 Wm.
1205 2980 266 48 Cummins,
1512 2980 410 47 vice-chairman;
1966 2982 52 40 T.
2057 2982 194 41 Brooke
2290 2982 153 49 Price,

410 3037 2035 54 secretary [and others] … Joint legislative committee on revision of
411 3104 83 39 the
522 3102 138 39 West
687 3098 226 50 Virginia
946 3098 130 40 code.

415 3185 52 53 ©
492 3189 113 41 Dec.
630 3188 39 48 5,
694 3185 144 48 1930;
863 3185 68 40 2c.
957 3185 112 40 Dec.
1095 3184 52 45 5;
1175 3182 81 40 aff.
1284 3183 112 38 Dec.
1422 3182 55 39 17;
1531 3181 41 39 A
1596 3180 174 48 32823;
1800 3181 139 42 State
1965 3182 52 41 of
2042 3183 136 41 West
2203 3183 240 49 Virginia,

482 3247 63 47 by
575 3247 131 39 state
735 3243 154 41 board
921 3243 51 39 of
1003 3242 203 46 control,
1241 3240 306 47 Charleston,
1581 3240 72 40 W.
1686 3239 87 41 Va.
1848 3235 255 56 (31-1538)

415 3369 378 64 Westervelt,
827 3367 313 65 Leonidas,
1178 3367 174 55 1875-

483 3464 123 52 The
641 3463 183 52 circus
858 3459 61 55 in
957 3460 318 68 literature,
1313 3477 71 34 an
1422 3457 218 54 outline
1678 3458 64 52 of
1777 3457 74 53 its
1887 3458 403 69 development
2327 3459 109 53 and

412 3561 30 35 a
492 3541 416 69 bibliography
957 3538 142 54 with
1151 3543 180 64 notes,
1381 3537 75 69 by
1506 3536 286 54 Leonidas
1844 3537 361 54 Westervelt.
2301 3538 138 52 New

412 3621 183 68 York,
624 3620 161 54 Priv.
816 3618 199 71 print.,
1047 3621 152 50 1931.

484 3699 746 53 2 p. l., 88 p. front. 21½ᶜᵐ.
487 3771 229 42 “Edition
753 3771 52 40 of
841 3771 140 41 three
1017 3770 225 40 hundred
1279 3767 206 50 copies.”
1546 3766 120 42 This
1704 3778 121 38 copy
1860 3769 86 38 not
1982 3767 281 40 numbered.

483 3830 103 42 The
620 3829 342 49 bibliography
996 3828 42 41 is
1070 3827 239 48 compiled
1340 3826 130 41 from
1503 3827 84 40 the
1620 3825 221 42 author’s
1872 3825 203 48 library,
2137 3825 61 48 cf.
2234 3835 44 38 p.
2312 3825 71 41 39.

417 3882 2006 141 © Jan. 1, 1931; 2c. Jan. 3; aff. Jan. 12; A 33129; L. Westervelt, Douglaston,
619 3977 51 38 L.
707 3976 50 47 I.,
793 3976 57 40 N.
884 3976 54 39 Y.,
1026 3972 253 50 (31-1435)
