2505 4370
1331 3995 134 51 1238

374 381 356 64 Easterday,
762 380 155 54 John
947 380 277 54 Howard.

450 474 170 54 Cases
664 492 74 33 on
779 473 95 52 the
916 474 110 51 law
1072 471 64 54 of
1177 473 120 51 real
1341 477 291 63 property.
1733 491 70 48 [v.]
1854 475 47 49 2.
1979 473 91 68 By
2113 471 158 55 John
2312 470 78 55 H.

375 550 1216 72 Easterday … Brooklyn, N. Y., 1931.
447 632 738 50 2 p. l., x , [3], 481 p. 23½ᶜᵐ.
381 701 52 52 ©
461 706 120 47 Aug.
609 704 69 49 31,
707 702 114 41 1931;
878 702 68 43 2c.
975 704 96 40 and
1100 702 82 43 aff.
1214 703 130 48 Sept.
1371 704 26 40 3;
1456 703 41 39 A
1524 703 144 41 42133;
1728 703 45 42 J.
1801 703 61 40 H.
1894 703 291 47 Easterday,
448 702 1929 107 Brooklyn.

377 885 314 67 Engelder,
723 886 136 56 Carl
886 885 176 66 John,
1095 891 173 50 1890-

451 978 57 53 A
531 978 331 67 laboratory
886 978 233 51 manual
1146 975 65 54 of
1235 994 122 51 gas,
1381 976 78 53 oil
1487 976 114 54 and
1628 976 121 53 fuel
1777 975 269 69 analysis,
2071 974 78 71 by
2176 973 137 56 Carl
2340 974 56 55 J.

380 1053 1992 136 Engelder … New York, J. Wiley & sons, inc.; London, Chapman
544 1137 45 50 &
618 1134 163 69 Hall,
809 1133 246 70 limited,
1086 1136 152 52 1931.

488 1250 8 16 x,
528 1217 88 41 236
645 1228 43 38 p.
722 1217 110 40 incl.
866 1215 143 50 illus.,
1043 1216 170 48 tables,
1248 1216 196 49 diagrs.,
1477 1216 171 42 forms.
1707 1217 118 40 24ᶜᵐ.
1946 1213 130 48 $2.75

451 1291 157 48 Pages
636 1289 51 40 of
717 1289 284 41 coordinate
1029 1300 153 38 paper
1219 1288 143 51 ([124]
1395 1292 98 39 and
1525 1289 143 50 [135])

453 1346 349 43 “References”
833 1349 53 39 at
913 1348 91 39 end
1032 1346 55 42 of
1112 1349 116 46 part
1255 1347 52 40 of
1335 1347 84 40 the
1445 1347 243 48 chapters.

383 1415 52 52 ©
464 1419 117 48 July
606 1417 69 50 21,
703 1417 114 41 1931;
874 1417 67 42 2c.
968 1418 119 47 Aug.
1118 1418 25 40 6;
1200 1417 85 43 aff.
1312 1418 120 48 Aug.
1462 1418 25 40 5;
1545 1418 42 39 A
1611 1416 146 42 39915;
1817 1417 49 40 C.
1894 1417 45 41 J.
1967 1417 255 48 Engelder,
452 1414 1928 110 Pittsburgh.

694 1474 281 50 (31-21190)

385 1599 347 70 [Ferguson,
761 1598 257 56 William
1046 1598 165 55 Blair
1238 1600 259 68 Morton]
1532 1604 173 50 1882-

446 1690 121 53 The
611 1694 253 66 mystery
907 1688 64 55 of
1013 1689 97 54 the
1151 1689 217 54 human
1409 1689 290 68 bookcase,
1743 1688 74 72 by
1860 1688 261 54 William
2164 1687 231 54 Morton

403 1769 208 68 [pseud.]
689 1768 275 69 [London]
1000 1769 190 52 Hurst
1220 1770 47 50 &
1297 1768 283 70 Blackett,
1611 1768 103 53 ltd.
1755 1771 172 66 [1931]

448 1848 836 50 2 p. l., ix-x, 11-288 p. 19½ᶜᵐ.
386 1919 2013 52 © 1c. May 2, 1931; A ad int. 15295; pubd. Mar. 6; W. B. M. Ferguson,
455 1981 337 48 Portstewart,
823 1981 211 39 Ireland.
1107 1979 282 49 (31-21627)

383 2105 231 65 Fisher,
644 2109 138 52 Mrs.
814 2105 185 54 Edith
1028 2106 69 55 R.
1136 2105 408 67 (Boothroyd)

453 2197 122 52 The
616 2197 218 68 garden
875 2196 128 52 club
1042 2196 253 68 manual,
1334 2197 77 69 by
1451 2195 184 54 Edith
1677 2198 68 52 R.
1787 2196 233 70 Fisher;
2065 2197 141 53 with
381 2196 1992 131 forewords

594 2274 76 69 by
701 2274 268 55 Cornelia
998 2276 70 53 Y.
1097 2275 90 54 W.
1217 2274 254 69 Kellogg
1501 2274 113 52 and
1645 2276 195 53 James
1868 2274 69 56 G.
1968 2275 214 53 Moore.
2258 2275 140 54 New

382 2352 180 70 York,
590 2352 121 53 The
736 2351 338 54 Macmillan
1102 2370 299 52 company,
1432 2354 150 51 1931.

454 2432 1080 50 ix p., 3 l., 123 p. front., plates. 19½ᶜᵐ.
390 2502 52 52 ©
475 2506 121 48 Aug.
627 2506 69 47 11,
731 2505 114 41 1931;
907 2506 68 40 2c.
1008 2507 96 39 and
1138 2506 82 41 aff.
1255 2506 119 48 Aug.
1410 2505 55 41 12;
1525 2505 46 43 A
1601 2504 149 43 39979;
1811 2505 286 43 Macmillan
2130 2515 68 33 co.

468 2563 281 48 (31-21218)

386 2673 341 65 Fittbogen,
765 2673 324 56 Gottfried.

458 2765 189 53 Franz
675 2765 201 54 Xaver
906 2765 267 53 Mitterer
1200 2769 119 51 und
1349 2768 94 53 die
1471 2768 253 68 anfänge
1754 2769 100 52 der
1883 2768 521 68 volkstumsarbeit,

385 2864 112 33 von
548 2843 299 56 Gottfried
899 2845 327 70 Fittbogen.
1303 2845 115 54 Mit
1467 2845 331 55 bildnissen.
1875 2845 307 73 München,
2234 2845 173 70 Beck,

389 2928 151 49 1930.

459 3006 24 38 1
546 3038 7 7 v.

393 3071 1873 55 © Jan. 9, 1930; 1c. Oct. 14; A—Foreign 9683; C . H. Beck’sche
463 3090 1924 92 verlagsbuchhandlung
990 3134 183 49 (Oskar
1204 3134 155 49 Beck)

390 3243 904 66 French, Hon . Gerald, 1883-
463 3338 121 51 The
627 3337 105 54 life
777 3338 63 53 of
883 3338 457 53 Field-Marshal
1388 3338 96 55 Sir
1525 3340 159 54 John
1727 3340 242 68 French,
2012 3338 128 55 first
2182 3343 117 50 earl
2342 3340 64 54 of

395 3415 2006 74 Ypres, K . P., G . C . B ., O . M., G. C. V. O., K. C. M. G., by his son,
393 3492 194 68 Major
628 3494 93 52 the
762 3494 151 51 Hon.
958 3493 215 55 Gerald
1216 3495 242 68 French,
1537 3538 9 9 D.
1621 3537 9 9 S.
1710 3537 9 9 O.;
1793 3496 140 52 with
1975 3496 318 55 forewords
2330 3498 76 68 by

390 3571 255 52 Marshal
700 3571 184 54 Joffre
936 3575 111 50 and
1099 3573 456 53 Field-Marshal
1606 3574 277 53 Viscount
1934 3575 279 69 Allenby;
2266 3574 140 52 with

392 3648 156 68 eight
607 3650 198 67 plates.
883 3650 242 53 London
1204 3657 120 61 [etc.]
1389 3651 215 55 Cassell
1661 3654 112 52 and
1828 3670 301 53 company,
2183 3652 223 54 limited

397 3730 173 64 [1931]

465 3807 118 45 xxii,
615 3807 95 48 431,
742 3809 54 48 [1]
826 3819 42 37 p.
928 3808 165 48 front.,
1122 3819 78 39 pl.,
1227 3812 150 45 ports.
1437 3810 117 40 24ᶜᵐ.

398 3872 2008 59 © 1c. July 6, 1931; A ad int. 15262; pubd. May 8; G. French, London.
478 3933 280 52 (31-14404)
