2428 4370
1010 4002 138 51 2149

132 455 398 50 114 p., 1 l. 18 ½ ᶜᵐ.
131 515 183 39 Poems.

66 562 1905 58 © May 2, 1931; 1c. July 16; A—Foreign 12472; Librairie Gallimard.
144 627 249 50 (32-1479)

60 720 173 66 Ring,
262 721 248 64 Barbra,
539 722 171 54 1870-

189 794 1447 73 … Eldjarstad. Oslo, H. Aschehoug & co., 1931.
129 877 85 42 293
245 888 44 39 p.
348 877 55 40 21ᶜᵐ.

68 932 1881 55 © Oct. 21, 1931; 1c. Dec. 10; A—Foreign 14710; H. Aschehoug & co.
145 993 250 51 (32-1291)

62 1086 253 65 Rockne,
345 1087 199 53 Knute
575 1086 295 64 Kenneth,
903 1090 325 50 1888-1931.

129 1164 120 52 The
278 1163 456 70 autobiography
763 1162 62 53 of
854 1163 196 52 Knute
1082 1162 73 53 K.
1187 1160 257 63 Rockne;
1477 1158 185 54 edited
1695 1158 139 53 with
62 1158 1969 152 prefatory

221 1248 131 47 note
385 1241 72 68 by
494 1241 220 53 Bonnie
749 1238 185 56 Skiles
968 1239 229 54 Rockne
1242 1239 163 63 (Mrs.
1446 1237 195 53 Knute
1676 1236 74 52 K.
1789 1234 257 69 Rockne)

63 1320 138 53 with
226 1337 71 34 an
317 1317 386 55 introduction
727 1319 110 52 and
861 1314 307 71 postscript
1190 1316 75 69 by
1289 1315 213 53 Father
1524 1315 155 53 John
1704 1314 349 67 Cavanaugh

125 1394 1365 70 … South Bend, Ind., The Book shop [ ᶜ1 931]
134 1472 1916 51 6 p. l. , 11-296 p. front., plates, ports., facsims. (incl. fold. geneal. tab.)
63 1531 57 41 24ᶜᵐ.

135 1589 130 40 “The
289 1588 151 41 Notre
464 1588 154 39 Dame
641 1586 197 48 edition,
862 1585 189 42 limited
1078 1588 49 38 to
1152 1585 115 41 2400
1293 1585 201 49 copies.”

136 1645 161 41 “Each
324 1654 119 39 copy
470 1643 42 41 is
538 1643 167 48 signed
733 1643 60 48 by
821 1643 115 40 Mrs.
964 1642 166 41 Knute
1155 1642 60 41 K.
1245 1642 193 40 Rockne
1467 1643 95 40 and
1592 1643 126 40 John
1747 1642 312 46 Cavanaugh.

92 1713 116 32 C. S. C.”
73 1759 51 52 ©
162 1737 102 65 Ôct.
301 1762 38 47 5,
376 1761 140 44 1931;
553 1760 66 40 2c.
657 1760 111 40 Dec.
804 1760 82 45 14;
925 1758 82 41 aff.
1044 1757 102 41 Oct.
1183 1758 82 46 30;
1305 1758 40 39 A
1380 1757 170 47 45639;
1590 1758 365 41 Bobbs-Merrill
1996 1769 53 30 co.

143 1815 69 54 [©
248 1829 105 30 new
387 1820 194 46 matter]
653 1815 249 49 (32-1251)

68 1895 282 67 Rølvaag,
382 1896 100 55 Ole
517 1897 246 64 Edvart,
795 1898 324 54 1876-1931.

197 1973 1637 70 … Den signede dag. Oslo, H. Aschehoug & co., 1931.
136 2053 486 51 2 p. l. , 315 p. 20ᶜᵐ.
76 2112 51 52 ©
156 2116 102 40 Oct.
282 2114 68 48 22,
377 2113 113 41 1931;
546 2113 67 42 2c.
640 2113 110 40 Dec.
778 2112 81 47 10;
888 2112 310 48 A—Foreign
1225 2113 169 45 14714;
1425 2113 61 40 H.
1515 2113 288 48 Aschehoug
1829 2113 37 40 &
1892 2123 67 30 co.

155 2171 249 49 (32-1295)

71 2252 244 64 Rogers,
344 2252 204 53 James
574 2250 206 65 Speed,
811 2255 170 51 1892-

200 2326 1868 66 … Notes on a small collection of crane-flies from Oklahoma,
72 2405 137 53 with
232 2405 377 68 descriptions
632 2404 64 53 of
717 2423 122 34 new
862 2404 211 69 species:
1127 2405 553 68 tipulidae-diptera,
1702 2405 76 69 by
1799 2406 55 54 J.
1884 2405 181 68 Speed

71 2482 1972 146 Rogers … A collection of Thysanoptera from western Oklahoma,
285 2560 1785 70 by J. R. Watson … Norman, University of Oklahoma
71 2656 175 49 press,
275 2640 151 50 1931.

143 2719 1928 51 3 p. l. , p. [331]-345. illus. 23½ᶜᵐ. (Publications of the University of
79 2777 267 40 Oklahoma
376 2776 255 48 biological
660 2786 174 37 survey.
904 2777 92 39 vol.
1091 2808 8 16 III,
1128 2787 74 29 no.
1230 2778 53 47 4)

83 2830 51 53 ©
161 2835 112 40 Dec.
300 2834 68 47 15,
396 2832 112 42 1931;
566 2832 67 44 2c.
661 2833 110 41 Dec.
799 2832 55 42 19;
911 2832 80 41 aff.
1021 2833 110 41 Dec.
1159 2834 58 41 18;
1271 2834 41 40 A
1338 2833 148 42 46479;
1540 2834 282 51 University
1852 2835 52 41 of
149 2835 1906 97 Oklahoma
325 2902 149 38 press.
545 2890 248 48 (32-1369)

76 2969 264 67 Rolland,
369 2971 267 66 Romain,
669 2977 170 50 1866-

205 3048 1867 79 … Jean Christophe. Éd. définitive. I. Paris, A. Michel
79 3139 171 64 [1931]

152 3208 1579 51 296 p., 1 l., [2] p. 20 ½ ᶜᵐ. (On cover: Œuvres complètes)
85 3261 1768 55 © Sept. 21, 1931; 1c. Nov. 30; A— Foreign 14401; Albin Michel.
164 3323 251 49 (32-1297)

79 3404 171 64 Rose,
284 3405 229 55 Stuart.

149 3480 121 53 The
304 3480 309 69 Maryland
647 3482 144 53 hunt
825 3501 126 51 cup,
984 3483 76 70 by
1097 3483 201 55 Stuart
1332 3484 174 67 Rose;
1545 3484 140 54 with
1723 3504 31 34 a
1792 3484 282 54 foreword

80 3556 74 68 by
182 3556 179 55 Jacob
387 3558 72 53 A.
492 3560 209 53 Ulman
730 3561 113 54 and
869 3580 32 33 a
929 3562 163 52 chart
1118 3560 64 54 of
1208 3563 96 52 the
1332 3580 193 35 course
1550 3562 76 70 by
1653 3562 237 55 Gordon
1917 3564 159 52 Ross.

82 3633 137 53 New
250 3635 178 68 York,
458 3636 372 70 Huntington
861 3656 174 50 press,
1067 3642 150 49 1931.

154 3716 1476 53 8 p. l. , 3-171 p. plates, ports., fold. map, facsim. 27½ᶜᵐ.
153 3772 130 41 Title
306 3772 227 50 vignette,
559 3776 315 47 head-pieces.

155 3828 162 41 “First
346 3831 194 47 regular
569 3831 225 41 edition.”

92 3880 51 52 ©
175 3885 111 42 Dec.
317 3886 68 48 12,
417 3886 112 42 1931;
589 3888 67 41 2c.
688 3890 94 39 and
814 3889 81 41 aff.
928 3890 111 39 Dec.
1071 3889 54 39 21;
1188 3890 39 39 A
1258 3890 148 40 46465;
1464 3892 308 48 Huntington
1805 3904 150 37 press,
1989 3894 89 41 inc.

170 3942 249 51 (32-1359)
