2505 4370
0 0 0 0 577
107 399 330 66 Abingdon,
475 399 353 64 Alexander,
865 419 178 50 comp.

175 481 160 51 More
382 480 218 67 boners,
649 479 275 68 compiled
981 479 146 51 from
1179 477 332 56 classrooms
1559 481 110 53 and
1722 478 383 55 examination

110 578 199 48 papers
357 557 34 54 by
480 557 325 54 Alexander
854 556 327 71 Abingdon.
1266 557 325 55 Illustrated
1644 558 72 65 by
1768 559 100 52 Dr.
1922 558 185 55 Seuss.

109 637 132 51 New
273 636 179 69 York,
479 637 120 52 The
627 634 220 71 Viking
874 654 173 50 press,
1079 639 149 48 1931.

169 712 887 49 4 p. l., v -viii, 89 p. illus. 16 ᶜᵐ .
110 784 50 52 ©
192 789 112 47 Apr.
337 789 67 46 13,
437 786 106 41 1931
569 798 9 35 ;
609 785 68 43 2c.
707 786 113 49 Apr.
853 786 80 45 18;
969 786 81 41 aff.
1082 787 115 47 Apr.
1227 786 83 46 10;
1345 786 39 39 A
1416 786 171 47 36631;
1623 787 178 49 Viking
1832 798 148 38 press,
2016 788 89 41 inc.

186 844 279 48 (31-10071)

102 938 180 65 Allee,
312 940 248 52 Warder
590 938 197 65 Clyde,
821 944 170 49 1885-

167 1015 233 53 Animal
430 1015 417 68 aggregations,
876 1035 31 33 a
937 1014 128 54 study
1136 1014 57 53 in
1225 1015 227 68 general
1483 1015 302 69 sociology,
1814 1015 73 70 by
1916 1016 88 53 W.
2037 1016 61 56 C.

99 1091 1926 72 Allee … Chicago, Ill., The University of Chicago press [1931]
167 1171 846 50 ix, 431 p. illus., diagrs. 23 ᶜᵐ .
168 1229 349 48 Bibliography
535 1239 9 29 :
578 1239 41 38 p.
648 1228 217 42 365-409.

107 1300 51 52 ©
187 1306 121 38 Mar.
337 1305 67 46 17,
436 1303 110 40 1931
568 1314 7 31 ;
606 1303 65 39 2c.
702 1303 115 48 Apr.
846 1304 54 38 14
919 1314 9 35 ;
960 1303 83 40 aff.
1071 1303 114 48 Apr.
1215 1303 54 38 13
1288 1312 8 37 ;
1329 1303 39 38 A
1398 1303 144 40 35746
1560 1312 8 38 ;
1603 1303 281 48 University
1915 1304 51 40 of
175 1303 1909 106 Chicago,
333 1360 222 48 Chicago.
627 1360 250 48 (31-9957)

100 1456 246 64 Archer,
377 1456 124 52 Lou
532 1456 146 54 Ella.

170 1533 236 67 Canyon
467 1534 276 65 shadows,
800 1533 75 69 by
934 1534 118 51 Lon
1114 1532 133 53 Ella
1309 1532 236 52 Archer.
1643 1534 129 65 [Los
1834 1533 265 68 Angeles,

97 1609 1606 70 Times-mirror printing and binding house, ᶜ 1931]
168 1690 1351 51 3 p. l., 9-33 p., 1 l. illus., col. plates. 20½ × 26ᶜᵐ.
170 1751 286 39 Illustrated
486 1749 61 48 by
576 1749 179 40 Lillian
784 1749 227 40 Wilhelm
1044 1748 172 41 Smith.

169 1807 182 39 Poems.

103 1873 51 53 ©
187 1879 123 39 Mar.
340 1877 68 47 26,
443 1876 139 46 1931;
615 1877 67 40 2c.
715 1878 93 38 and
842 1876 80 40 aff.
956 1877 114 47 Apr.
1102 1877 51 47 6;
1187 1876 40 40 A
1260 1875 170 48 36329;
1467 1878 49 40 L.
1552 1878 53 40 E.
1638 1876 196 49 Archer,
1869 1877 231 49 Phoenix,

169 1935 127 39 Ariz.
369 1932 249 50 (31-9928)

96 2029 273 54 Arizona.
444 2031 278 68 Supreme
756 2035 173 49 court.

166 2107 1936 70 Report of cases argued and determined … from November
96 2192 49 64 4,
182 2191 149 65 1929,
362 2193 59 46 to
450 2187 140 69 May
624 2191 82 63 19,
742 2189 148 50 1930.
966 2186 162 53 Alice
1160 2186 79 52 M.
1276 2186 273 70 Birdsall,
1581 2192 256 63 reporter.
1929 2207 51 34 v.
2015 2191 83 51 36.

99 2265 115 55 San
244 2265 323 69 Francisco,
598 2264 583 70 Bancroft-Whitney
1209 2282 298 52 company,
1541 2268 150 50 1931.

303 2345 416 49 xxxv, 638 p. 22½ ᶜᵐ .
101 2413 51 53 ©
186 2419 112 46 May
328 2418 67 46 13,
428 2416 140 47 1931;
600 2416 68 40 2c.
698 2417 113 46 May
842 2415 81 47 22;
957 2416 81 40 aff.
1070 2417 114 46 May
1214 2415 82 47 19;
1331 2417 39 38 A
1401 2415 170 49 38349;
1605 2416 134 41 Alice
1771 2419 62 39 M.
1867 2418 230 48 Birdsall,

168 2475 79 39 for
278 2475 81 39 the
390 2474 174 40 benefit
596 2475 51 38 of
678 2473 81 40 the
791 2476 128 37 state
951 2473 51 39 of
1032 2472 225 49 Arizona,
1292 2473 230 47 Phoenix,
1555 2474 130 40 Ariz.

93 2568 214 66 Beach,
338 2568 237 56 Samuel
604 2567 287 55 Wheeler.

161 2646 463 53 Mediterranean
666 2644 180 54 cruise
887 2643 64 55 of
990 2645 95 53 the
1126 2645 72 54 U.
1242 2644 58 56 S.
1345 2644 57 56 S.
1448 2644 254 70 Chester,
1743 2646 77 71 by
1864 2647 231 55 Samuel

90 2721 2006 73 Wheeler Beach … A story of a queen of the seas, its first crew,
94 2801 71 54 its
195 2800 124 54 first
353 2818 234 52 voyage,
620 2800 112 53 and
766 2798 63 54 of
862 2799 73 54 its
968 2799 165 54 sister
1166 2799 159 70 ships
1358 2800 64 53 of
1455 2801 95 53 the
1585 2804 313 65 10,000-ton
1933 2803 159 54 class.

91 2877 390 68 Portsmouth,
509 2878 125 67 Va.,
663 2876 326 53 Printcraft
1020 2895 174 50 press,
1225 2878 127 67 inc.,
1386 2881 149 50 1931.

192 2940 1756 69 1 p. l., [7]-251 p. incl illus., plates, ports. front. (map) 23 ½ᶜᵐ .
100 3013 52 51 ©
180 3018 121 38 Mar.
328 3017 38 46 6,
395 3015 111 40 1931;
566 3016 65 40 2c.
659 3016 94 38 and
782 3015 81 40 aff.
892 3016 122 39 Mar.
1042 3016 55 38 25;
1155 3016 38 38 A
1221 3016 171 44 36098;
1425 3016 44 41 S.
1498 3018 73 41 W.
1601 3018 174 49 Beach,
1805 3020 117 39 New
1951 3021 143 41 York.

177 3072 249 50 (31-9934)

93 3168 140 63 Bell,
262 3167 244 53 Thelma
535 3166 387 64 Harrington.

162 3245 180 52 Black
368 3246 164 66 Face,
558 3244 74 68 by
658 3243 238 53 Thelma
920 3243 364 68 Harrington
1313 3245 154 64 Bell;
1497 3246 288 69 drawings
1811 3248 74 67 by
91 3250 1976 125 Corydon

235 3322 142 55 Bell.
455 3320 231 55 Garden
719 3319 150 69 City,
900 3322 68 51 N.
1002 3322 88 65 Y.,
1120 3321 565 69 Doubleday-Doran
1717 3328 46 51 &
1793 3341 298 55 company,

90 3398 124 67 inc.,
246 3404 147 49 1931.

168 3478 673 52 [48] p. col. illus. 24½ ᶜᵐ .
162 3538 289 40 Illustrated
479 3538 97 45 t.-p.
604 3535 94 40 and
727 3533 348 49 lining-papers
1102 3534 50 40 in
1180 3536 170 41 colors.

162 3594 161 40 “First
351 3590 228 44 edition.”

99 3647 51 52 ©
188 3652 120 39 Mar.
345 3650 68 43 27,
451 3648 111 40 1931;
630 3648 67 40 2c.
735 3649 94 38 and
866 3647 81 40 aff.
986 3649 112 46 May
1135 3648 52 46 5;
1228 3649 41 38 A
1305 3648 171 49 36972;
1517 3651 297 49 Ddubleday,
1856 3655 162 40 Doran
2059 3657 36 40 &

164 3719 80 30 co..
277 3708 89 39 inc.
439 3705 277 49 (31-26858)

90 3802 198 61 Black,
320 3800 289 62 Dorothy.

160 3881 192 52 Youth
389 3879 194 51 knows
616 3878 137 52 best.
834 3876 362 67 [Instalment
1226 3877 51 66 7]

174 3959 82 48 (In
287 3956 123 44 Miss
444 3955 203 43 modern
679 3953 275 53 magazine,
987 3953 137 53 Apr.,
1158 3954 144 51 1931)
