2505 4370
1241 4079 136 51 1336

309 406 339 66 Sherwood,
675 407 225 53 Robert
930 408 258 65 Emmet,
1219 412 173 51 1896-

441 496 1885 76 … The virtuous knight. New York, C. Scribner’s sons,
307 581 153 50 1931.

376 659 534 50 4 p. l., 395 p. 21ᶜᵐ.
312 726 52 53 ©
399 732 121 47 Aug.
556 731 69 44 28.
660 731 142 47 1931;
839 730 68 43 2c.
945 730 129 49 Sept.
1111 732 52 42 1;
1201 730 83 41 aff.
1323 731 129 48 Sept.
1486 732 55 47 4;
1576 731 43 40 A
1652 731 175 49 41424;
1865 732 56 42 R.
1958 733 53 41 E.
2050 732 277 50 Sherwood,

379 789 120 40 New
530 789 145 40 York.
748 788 282 48 (31-22652)

308 912 156 67 Sipe,
498 913 252 55 Chester
781 913 168 64 Hale,
984 919 171 49 1880-

375 1006 122 52 The
525 1004 216 55 Indian
769 1023 148 35 wars
944 1004 66 54 of
1036 1004 459 68 Pennsylvania;
1526 1024 75 34 an
1628 1010 239 48 account
1894 1005 65 55 of
1985 1008 96 51 the
2110 1007 213 54 Indian

304 1088 213 65 events,
549 1080 61 55 in
642 1082 448 71 Pennsylvania,
1123 1082 66 54 of
1219 1083 99 53 the
1349 1084 224 52 French
1608 1084 114 52 and
1756 1084 216 55 Indian
2005 1104 137 48 war,
303 1088 1998 128 Pontiac’s

491 1181 137 50 war,
652 1163 157 52 Lord
834 1162 341 53 Dunmore’s
1203 1180 138 50 war,
1365 1160 97 53 the
1486 1161 430 70 revolutionary
1944 1181 119 35 war
2090 1165 114 52 and
2229 1164 97 53 the

302 1239 218 55 Indian
550 1238 269 72 uprising
851 1239 154 54 from
1040 1239 134 54 1789
1207 1245 61 47 to
1303 1240 163 68 1795;
1502 1240 286 69 tragedies
1821 1240 65 53 of
1917 1241 96 52 the
306 1242 1994 130 Pennsylvania

523 1317 249 55 frontier
816 1319 173 53 based
1033 1317 308 70 primarily
1386 1336 74 35 on
1503 1318 96 53 the
1644 1320 215 52 Penna,
1907 1318 257 54 archives
2211 1320 112 53 and

302 1396 248 54 colonial
590 1398 244 52 records.
910 1398 73 52 2d
1022 1397 85 53 ed.
1183 1394 316 72 Including
1539 1396 365 68 supplement
1943 1402 59 48 to
2042 1397 127 54 first
433 1520 12 25 edition,

303 1474 1997 134 by C. Hale Sipe … introduction by Dr. George P. Donehoo
301 1551 1998 135 … for schools, colleges, libraries and lovers of informative
457 1632 315 54 literature.
848 1630 382 71 Harrisburg,
1269 1633 122 68 Pa.,
1429 1632 123 53 The
1588 1631 328 70 Telegraph
1955 1650 177 50 press,
2172 1637 150 50 1931.

375 1714 58 40 908
497 1728 43 37 p.
575 1714 112 42 incl.
720 1715 166 49 front.,
920 1715 130 40 illus.
1112 1715 174 48 plates,
1321 1716 165 47 ports.,
1522 1714 130 49 plan.
1713 1715 146 40 23½ᶜᵐ.

374 1787 305 48 Tail-pieces.

378 1843 279 49 “Principal
695 1855 195 31 sources
927 1844 202 41 utilized
1166 1845 50 40 in
1253 1845 86 40 the
1373 1843 317 49 preparation
1727 1843 52 41 of
1814 1843 99 41 this
1952 1843 192 41 work”:
2184 1855 42 37 p.
2266 1844 56 50 [6]

381 1902 228 41 “Officers
638 1903 52 40 of
719 1903 82 40 the
831 1902 213 41 colonies
1074 1902 52 40 of
1157 1903 82 40 the
1272 1903 260 39 Delaware
1561 1901 168 41 before
1759 1902 84 40 the
1873 1901 117 40 time
2022 1901 52 40 of
2106 1901 218 41 William

305 1960 149 48 Penn,
489 1962 96 38 and
622 1961 82 40 the
738 1969 264 39 governors
1037 1960 53 40 of
1124 1961 82 39 the
1242 1957 230 51 province
1507 1961 96 38 and
1638 1960 82 40 the
1756 1960 404 39 commonwealth
2195 1959 127 41 from

303 2018 115 41 1681
446 2021 49 37 to
521 2017 144 41 1799”
685 2029 9 29 :
722 2029 42 37 p.
809 2017 237 50 [745]-746.

377 2073 278 51 “Principal
691 2074 178 41 Indian
904 2078 157 37 towns
1096 2075 51 39 in
1183 2072 421 49 Pennsylvania”:
1644 2085 43 37 p.
1726 2072 250 51 [747]-754.

381 2132 137 42 “List
561 2133 51 40 of
655 2133 321 40 blockhouses
1018 2134 85 38 not
1147 2131 279 40 mentioned
1470 2130 50 40 in
1563 2131 82 40 the
1689 2132 107 39 text
1837 2130 52 40 of
1930 2130 99 41 this
2073 2130 248 49 history”:

303 2200 43 37 p.
378 2189 251 51 [755]-761.

309 2257 52 53 ©
388 2263 121 48 Aug.
536 2262 71 47 21,
635 2261 142 48 1931;
806 2261 67 42 2c.
901 2261 121 47 Aug.
1050 2261 83 47 24;
1165 2260 80 40 aff.
1276 2261 120 47 Aug.
1424 2261 83 46 31;
1538 2260 41 39 A
1605 2259 174 49 41390;
1811 2259 50 43 O.
1891 2260 61 41 H.
1984 2259 126 49 Sipe.
2139 2259 186 48 Butler,

377 2320 84 40 Pa.
533 2319 282 49 (31-22887)

304 2445 219 65 Skelly,
552 2445 260 53 Andrew
838 2446 79 54 M.

377 2533 1946 71 Conferences on the interior life … By The Rev. A. M.
309 2618 216 70 Skelly,
605 2661 9 9 O.
696 2658 10 10 P.
823 2659 10 9 V.
875 2620 48 48 4.
1002 2615 82 55 St.
1126 2614 194 70 Louis,
1361 2614 135 67 Mo.,
1535 2615 113 53 and
1687 2613 261 68 London,
1988 2614 66 51 B.
2097 2612 229 54 Herder

303 2697 150 53 book
482 2715 99 50 co.,
614 2700 150 49 1931.

375 2778 83 48 vii,
495 2778 89 41 338
617 2788 43 38 p.
725 2776 136 40 front.
905 2775 174 49 (port.)
1176 2772 119 43 19½ᶜᵐ.

307 2845 52 53 ©
388 2851 128 47 Sept.
541 2850 69 47 15,
636 2847 142 48 1931;
803 2847 67 41 2c.
900 2847 129 48 Sept.
1054 2845 55 41 19;
1164 2845 83 42 aff.
1277 2844 127 49 Sept.
1431 2845 82 48 18;
1541 2844 42 41 A
1606 2843 173 49 42460;
1807 2844 55 41 B.
1888 2843 195 41 Herder
2107 2842 122 41 book
2255 2854 67 30 co.

304 2960 374 65 Stringham,
705 2957 321 66 Benjamin
1056 2958 67 55 B.

375 3044 1950 77 Natural government, by Benj. B. Stringham … Salt Lake
306 3132 155 69 City,
485 3131 179 68 Utah,
690 3131 124 52 The
840 3130 238 52 Deseret
1103 3146 153 35 news
1285 3145 176 50 press,
1492 3129 149 50 1931.

376 3212 87 42 109
490 3223 44 38 p.
562 3212 111 40 incl.
703 3222 76 37 pl.,
810 3210 181 48 diagrs.
1054 3209 151 39 front.
1235 3207 176 49 (port.)
1448 3208 159 47 plates
1635 3206 48 49 (1
1714 3204 145 47 fold.)
1929 3204 117 41 19ᶜᵐ.

378 3285 130 39 “The
537 3282 214 42 solution
780 3285 48 37 to
858 3281 81 40 the
967 3280 244 41 economic
1239 3280 217 47 problem
1485 3279 95 39 and
1611 3277 81 40 the
1722 3276 175 48 unjust
1923 3273 320 42 distribution
2274 3274 51 39 of

304 3340 422 42 wealth.”—Pref.

308 3407 52 53 ©
396 3413 117 46 July
548 3412 40 47 3,
624 3410 141 47 1931;
803 3409 75 42 2c,
906 3409 121 47 Aug.
1063 3409 51 41 1;
1154 3406 82 41 aff.
1274 3407 119 47 Aug.
1430 3405 82 47 11;
1551 3405 41 39 A
1626 3403 173 48 40707;
1838 3404 54 39 B.
1930 3404 55 41 B.
2025 3401 298 48 Stringham,

379 3469 207 47 Shelley,
644 3479 41 28 Ia.
758 3467 13 48 (CA
859 3466 174 40 31-713
1053 3463 238 48 Unrev’d)

302 3577 238 66 Taylor,
568 3576 223 54 Robert
821 3575 235 54 Oswald
1084 3572 264 66 Patrick,
1381 3573 173 55 1873-

373 3669 123 53 The
528 3668 263 53 universe
826 3665 207 54 within
1066 3683 94 49 us;
1198 3682 32 35 a
1265 3662 276 55 scientific
1574 3661 144 54 view
1755 3658 70 56 of
1854 3658 130 56 God
2019 3658 115 54 and
2169 3675 151 48 man,

303 3736 1946 80 by R. O. P. Taylor … New York, R. R. Smith, inc., 1931.
373 3828 65 48 xi,
470 3826 174 41 13-168
673 3838 44 37 p.
778 3826 116 40 22ᶜᵐ.

376 3897 204 48 English
802 3929 9 17 édition,
842 3897 130 48 1931,
1003 3897 91 40 has
1125 3895 138 42 title;
1297 3895 101 40 The
1432 3892 213 49 meeting
1675 3890 53 42 of
1759 3891 81 40 the
1876 3890 158 40 roads.

311 3965 52 54 ©
392 3970 121 48 Aug.
542 3969 70 44 24,
642 3970 141 47 1931;
814 3969 68 44 2c.
912 3970 96 40 and
1037 3968 83 42 aff.
1149 3969 122 46 Aug.
1301 3966 82 43 26;
1416 3966 41 40 A
1483 3964 173 48 42021;
1690 3962 217 43 Richard
1938 3962 56 42 R.
2027 3958 172 44 Smith,
2231 3958 90 41 inc.

389 4027 283 50 (31-22633)
