2505 4370
1319 4036 135 50 1006

437 365 201 65 Villiers,
668 365 154 53 Alan
850 366 54 54 J.,
955 371 173 50 1903-

446 443 282 70 Whaling
759 444 60 52 in
854 444 96 53 the
987 442 198 54 frozen
1222 445 197 67 south;
1456 442 172 72 being
1662 445 97 52 the
1793 449 160 64 story
1986 443 65 53 of
2085 445 97 53 the
376 449 2013 127 1923-24

480 519 348 71 Norwegian
864 521 257 72 whaling
1158 521 333 70 expedition
1527 527 59 48 to
1621 523 97 52 the
1754 522 321 69 Antarctic,
2110 522 76 70 by
2222 523 71 54 A.
2331 524 56 55 J.

377 599 2008 72 Villiers … Indianapolis, The Bobbs-Merrill company [ ᶜ1 931 ]
452 682 1424 50 13 p. l., 23-301, [1] p. front., plates, ports. 22½ ᶜᵐ .
450 740 140 47 Maps
617 750 61 29 on
704 739 366 49 lining-papers.

451 795 210 50 Captain
697 796 114 41 Carl
847 797 55 40 A.
938 797 185 39 Larsen
1159 797 317 40 commanded
1512 797 82 40 the
1628 796 296 49 expedition.

384 864 53 52 ©
468 868 129 40 June
624 868 69 49 17,
724 867 143 49 1931;
897 868 69 41 2c.
997 870 96 39 and
1124 868 83 42 aff.
1238 869 127 40 June
1394 868 84 47 24;
1511 869 42 38 A
1581 867 173 49 40093;
1788 868 372 41 Bobbs-Merrill
2192 879 68 30 co.
2340 865 52 52 [©

453 936 107 31 new
598 928 195 47 matter]
867 926 282 48 (31-16440)

381 1020 319 67 Vulliamy,
733 1021 239 64 Colwyn
1004 1021 275 56 Edward.

452 1100 279 71 Voltaire,
763 1101 76 70 by
875 1100 62 55 C.
970 1100 68 54 E.
1070 1100 317 70 Vulliamy.
1462 1101 260 69 London,
1755 1099 270 71 Geoffrey
2056 1102 153 68 Bles,
2244 1103 151 51 1930.

452 1183 24 39 1
548 1214 9 8 v.

384 1249 2007 52 © 1c. Nov. 4, 1930; A ad int. 14387; pubd. Oct. 2; Dodd, Mead & co.,
453 1310 107 49 inc.,
598 1311 117 40 New
755 1311 147 41 York.

377 1405 299 66 Wadsley,
710 1404 184 57 Olive.

450 1485 200 54 Prima
680 1485 226 53 Donna.
988 1485 365 67 [Instalment
1381 1488 49 65 4]

488 1564 61 41 (In
575 1562 212 44 Woman
817 1563 97 43 and
944 1563 144 43 home
1119 1563 279 52 magazine,
1430 1562 144 52 June,
1605 1563 145 50 1931)

384 1634 1992 110 © 1c. July 15, 1931; A ad int. 15288; pubd. May 20; Olive Mary Wadsley, London.
377 1790 256 66 Waples,
664 1791 284 66 Douglas,
982 1797 173 50 1893-

445 1868 182 55 What
652 1869 204 68 people
883 1875 156 47 want
1064 1874 59 48 to
1152 1869 137 53 read
1319 1868 173 53 about;
1554 1888 31 33 a
1616 1867 173 70 study
1818 1866 65 55 of
1911 1885 187 52 group
2129 1866 264 54 interests

375 1947 116 52 and
517 1966 31 33 a
574 1965 206 51 survey
806 1946 65 54 of
894 1947 288 68 problems
1208 1947 61 52 in
1295 1947 163 53 adult
1485 1946 259 69 reading,
1768 1946 76 69 by
1869 1946 262 69 Douglas
2157 1945 236 68 Waples

376 2023 1991 132 … and Ralph W. Tyler … [Chicago] American library association
622 2103 114 52 and
766 2104 96 52 the
893 2102 340 70 University
1265 2101 65 55 of
1362 2102 254 70 Chicago
1649 2121 159 50 press
1845 2104 173 66 [1931]

552 2183 928 50 xxx, 312 p. incl. diagrs., forms. 23 ᶜᵐ .
448 2239 197 42 “Funds
672 2251 127 31 were
828 2241 234 49 provided
1091 2243 62 49 by
1182 2243 83 39 the
1295 2242 235 48 Carnegie
1559 2241 308 49 corporation
1897 2245 50 37 at
1979 2242 82 39 the
2095 2242 216 40 instance
2343 2242 51 39 of

374 2296 85 43 the
486 2298 258 40 American
777 2297 296 42 association
1105 2299 78 40 for
1214 2297 138 42 adult
1385 2299 257 41 education
1675 2301 96 39 and
1804 2299 81 40 the
1917 2298 258 41 American
2209 2298 185 49 library

375 2353 295 42 association
706 2355 210 49 through
951 2355 130 41 their
1115 2355 125 49 joint
1277 2355 275 41 committee
1586 2367 60 29 on
1677 2357 84 40 the
1797 2355 201 47 reading
2032 2355 231 41 interests
2298 2357 96 39 and

375 2410 165 42 habits
564 2412 53 40 of
643 2411 177 41 adults.
885 2413 139 41 Some
1049 2410 274 43 additional
1349 2413 151 40 funds
1524 2422 129 32 were
1679 2414 126 39 later
1831 2413 222 47 supplied
2086 2412 139 50 [from
2256 2413 138 40 other

376 2468 436 50 sources]”—Pref.

447 2527 229 39 Includes
712 2527 156 39 forms
902 2527 79 39 for
1019 2526 83 42 the
1139 2525 376 42 determination
1557 2527 52 39 of
1646 2528 83 39 the
1768 2525 201 50 reading
2008 2526 232 42 interests
2277 2527 51 38 of
2363 2537 27 29 a

375 2592 167 39 group,
574 2582 120 42 with
725 2581 322 43 instructions
1075 2583 78 41 for
1182 2583 130 41 their
1342 2592 98 32 use.

448 2639 1944 50 “List of book titles … selected with reference to … topics preferred by
377 2694 292 43 Milwaukee
700 2696 260 49 post-office
987 2696 274 48 employees
1299 2697 222 48 (men)”:
1551 2707 45 37 p.
1624 2697 217 41 259-268.

383 2765 53 52 ©
466 2769 128 41 June
621 2769 70 48 15,
721 2768 113 41 1931;
892 2768 67 40 2c.
990 2769 95 39 and
1115 2767 80 41 aff.
1227 2769 127 39 June
1383 2767 55 39 25;
1498 2768 40 39 A
1567 2767 145 41 39094;
1772 2768 286 49 University
2088 2769 52 40 of
2170 2767 223 49 Chicago,

455 2827 224 48 Chicago.
752 2826 282 49 (31-16613)

378 2922 270 65 Warren,
680 2921 218 57 Sheila.

447 2999 144 54 Miss
638 3000 271 52 Lorena’s
957 2999 212 56 cousin,
1217 3000 76 69 by
1345 2999 194 56 Sheila
1585 3001 262 53 Warren.
1924 3000 330 65 Cleveland,
2304 2998 86 66 O.,

379 3076 2007 71 New York, N. Y., The World syndicate publishing co. [ ᶜ1 931]
450 3159 625 50 2 p. l., 9-167 p. 19½ᶜᵐ.
386 3214 53 52 ©
470 3218 128 40 June
625 3217 70 48 26,
727 3216 142 49 1931;
902 3217 67 41 2c.
1000 3219 95 38 and
1127 3217 83 41 aff.
1243 3218 130 40 June
1401 3216 83 48 29;
1518 3217 42 39 A
1589 3217 173 47 40186;
1797 3217 168 41 World
1998 3216 252 49 syndicate
2284 3217 109 47 pub.

454 3286 66 29 co.
596 3274 282 49 (31-16335)

380 3368 367 66 Waterman,
780 3369 211 65 Leroy,
1027 3370 171 55 1875-

452 3444 390 71 Preliminary
895 3452 197 63 report
1144 3465 156 50 upon
1351 3447 98 52 the
1502 3446 365 53 excavations
1921 3450 59 48 at
2032 3446 103 52 Tel
2189 3446 199 56 Umar,

378 3524 155 69 Iraq,
562 3525 314 53 conducted
901 3525 76 70 by
1004 3526 96 52 the
1126 3524 341 70 University
1494 3524 64 53 of
1583 3524 300 69 Michigan
1910 3524 112 53 and
2052 3525 96 51 the
2176 3523 213 52 Toledo

378 3620 257 36 museum
664 3605 64 51 of
757 3609 118 62 art;
907 3605 186 67 Leroy
1121 3605 354 68 Waterman,
1505 3603 263 52 director.
1844 3603 136 52 Ann
2008 3602 209 65 Arbor,
381 3601 1980 147 University

624 3680 64 53 of
715 3681 300 70 Michigan
1044 3701 175 50 press,
1251 3685 152 50 1931.

454 3760 1940 51 vi p., 2 l., 62 p. illus. (incl. map, plans) XIII pl. 27½ᶜᵐ. (Half-title:
382 3817 283 50 University
697 3820 52 41 of
779 3820 248 49 Michigan
1060 3820 353 50 publications)

721 3878 426 41 CONTENTS.—Introduction,
1184 3878 63 47 by
1284 3878 154 45 Leroy
1475 3876 726 41 Waterman.—Architectural
2240 3876 151 38 notes,

381 3940 174 31 season
590 3932 218 51 3927-29,
844 3936 60 47 by
938 3936 56 40 N.
1032 3933 706 42 Manasseh.—Architectural
1774 3936 152 45 notes,
1964 3942 174 31 season
2203 3930 188 49 1929-30,
