2428 4370
1180 4085 140 53 2038

259 503 61 54 C.
350 504 79 52 M.
463 502 349 72 Chichester,
840 510 301 54 secretary.
1217 505 344 72 Richmond,
1589 505 324 55 Richmond
1944 525 176 52 press,
2149 507 107 53 inc.,

258 585 153 52 1931.

329 636 1081 78 3 p. l., [5]-336 p. front., ports. 22½ ᶜᵐ .
264 731 52 53 ©
357 736 113 41 Dec.
510 735 69 49 23,
621 734 113 42 1931;
803 736 68 41 2c.
914 738 96 39 and
1051 736 81 41 aff.
1176 737 112 41 Dec.
1329 737 58 42 28;
1456 738 40 39 A
1536 736 147 42 46597;
1753 737 222 48 Virginia
2019 739 128 39 state
2187 739 87 40 bar

331 804 144 37 assn.,
507 793 285 40 Richmond.

255 887 264 55 Welfare
548 887 225 55 council
800 889 64 53 of
891 890 147 52 New
1064 889 164 53 York
1257 889 141 64 city.
1472 891 286 54 Research
1788 892 226 53 bureau.

388 968 1882 70 … Bronx house numbers in health areas … [New York]
255 1046 283 54 Research
566 1046 213 53 bureau,
825 1046 261 55 Welfare
1115 1048 222 53 council
1365 1048 66 52 of
1457 1049 140 52 New
1624 1047 166 52 York
1816 1048 135 69 city,
1982 1051 151 50 1931.

329 1128 1946 49 vii, 108 p. 23 ᶜᵐ . (Section 2 of Study 10 of the Research bureau of
255 1187 83 40 the
369 1185 221 42 Welfare
618 1185 214 50 council)

329 1244 63 39 At
421 1244 125 39 head
574 1243 52 40 of
654 1243 134 40 title:
824 1243 155 48 Study
1009 1244 51 39 of
1088 1243 363 48 neighborhood
1482 1243 257 42 statistics.

328 1300 336 48 Autographic
695 1300 344 48 reproduction
1070 1301 53 40 of
1153 1300 333 49 type-written
1519 1312 133 37 copy.

332 1358 147 40 “This
516 1358 146 39 index
701 1357 111 40 lists
851 1358 66 40 all
958 1358 51 40 of
1048 1359 85 39 the
1168 1359 181 39 streets
1386 1358 51 39 in
1476 1359 82 39 the
1596 1358 218 47 borough
1854 1358 49 39 in
1946 1358 327 49 alphabetical

258 1414 1966 43 order and shows the health area within which each number falls …
258 1472 289 41 Immediate
581 1472 368 48 responsibility
980 1473 81 40 for
1095 1472 82 41 the
1212 1472 298 49 assembling
1542 1474 96 38 and
1672 1476 349 45 arrangement
2052 1474 51 39 of
2138 1473 136 40 these

257 1530 257 40 materials
541 1532 89 39 has
659 1533 162 38 rested
851 1540 129 37 upon
1009 1529 120 41 Miss
1160 1530 233 39 Florence
1421 1530 79 39 Du
1531 1529 159 40 Bois.”
1693 1530 249 40 —Intrcd.

259 1596 53 53 ©
341 1602 111 39 Dec.
481 1601 69 47 16,
579 1600 114 41 1931;
751 1601 67 40 2c.
848 1602 95 39 and
972 1600 82 42 aff.
1084 1601 112 40 Dec.
1225 1600 83 46 23;
1339 1601 42 39 A
1406 1600 173 47 46530;
1610 1600 220 41 Welfare
1859 1600 187 41 council
2077 1601 50 40 of
2156 1602 118 40 New

327 1659 134 39 York
487 1658 112 49 city,
628 1660 119 38 New
774 1658 142 41 York.

252 1751 197 66 Wells,
481 1753 262 54 Herbert
773 1753 249 67 George,
1055 1758 172 51 1866-

319 1831 122 54 The
478 1832 138 54 time
651 1831 260 54 machine
972 1832 93 69 [by]
1107 1833 77 51 H.
1224 1831 68 55 G.
1332 1831 208 66 Wells;
1581 1851 72 34 an
1691 1829 323 69 invention;
2056 1829 142 56 with
2236 1851 30 33 a

251 1909 228 69 preface
508 1909 74 71 by
613 1909 96 55 the
741 1910 206 54 author
977 1909 228 54 written
1239 1910 94 53 for
1363 1909 117 56 this
1509 1909 217 54 edition;
1790 1909 114 55 and
1935 1908 228 70 designs
2195 1909 71 70 by

248 1988 86 52 W.
365 1988 70 53 A.
464 1989 320 69 Dwiggins.
851 1988 138 54 New
1019 1988 179 70 York,
1226 1988 267 54 Random
1517 1988 191 71 house,
1738 1991 150 49 1931.

356 2069 1311 49 x, 86 p., 1 l. illus., v col. pl. (2 double) 24½ ᶜᵐ .
317 2126 129 41 Title
480 2137 60 30 on
574 2129 96 38 two
702 2127 162 40 leaves
898 2126 174 41 within
1108 2127 309 39 ornamental
1451 2127 189 41 border.

320 2184 221 41 “Twelve
571 2184 222 40 hundred
822 2183 162 49 copies
1013 2183 53 40 of
1097 2183 98 41 this
1226 2183 124 41 book
1380 2184 124 39 have
1535 2185 117 39 been
1684 2184 191 48 printed
1908 2187 50 37 at
1991 2185 81 39 the
2104 2184 164 48 Abbey

249 2253 151 38 press,
425 2241 410 48 Gordon-Taylor,
859 2241 107 48 inc.,
991 2240 304 48 Cambridge,
1323 2241 390 40 Massachusetts
1738 2241 79 39 for
1843 2243 101 38 sale
1970 2243 48 38 in
2044 2241 221 41 America

247 2299 37 42 &
310 2297 268 51 England.”

257 2356 53 53 ©
341 2361 113 39 Dec.
485 2360 40 47 4,
558 2359 114 40 1931;
733 2358 67 42 2c.
834 2358 111 39 Dec.
978 2356 58 40 10;
1095 2355 82 42 aff.
1211 2356 112 41 Dec.
1357 2358 26 39 8;
1445 2357 40 39 A
1516 2357 145 40 45383;
1726 2357 222 40 Random
1981 2357 164 47 house,
2179 2358 89 39 inc.

328 2413 70 55 [©
422 2415 335 42 introduction
784 2416 96 41 and
907 2413 347 49 illustrations]
1328 2414 283 49 (31-34809)

249 2513 186 64 West,
463 2509 191 57 Willis
682 2512 229 63 Mason,
942 2511 172 54 1857-

380 2586 1885 72 … The story of world progress. New ed. By Willis Mason
247 2665 1916 70 West … Boston, New York [etc.] Allyn and Bacon [ ᶜ1 931]
318 2749 136 49 xviii,
498 2748 99 49 686,
640 2749 58 40 47
737 2759 44 38 p.
852 2747 86 42 col.
982 2747 164 44 front.,
1192 2747 143 46 illus.,
1378 2746 161 49 plates
1593 2746 138 48 (part
1772 2746 113 48 col.)
1937 2756 140 39 maps
2130 2747 136 49 (part

247 2801 2015 56 double) ports., facsim. 20½ ᶜᵐ . (Allyn and Bacon’s series of school
247 2866 256 48 histories)

319 2923 70 39 “A
415 2924 149 39 select
589 2921 86 42 list
698 2922 53 40 of
774 2919 177 42 books”
971 2930 9 31 :
1010 2930 43 39 p.
1079 2919 102 47 1-7,
1208 2921 53 40 at
1287 2920 107 41 end.

254 2977 53 53 ©
340 2982 113 41 Dec.
485 2981 40 47 2,
560 2980 115 41 1931;
737 2980 66 41 2c.
838 2980 112 39 Dec.
985 2980 56 39 12;
1105 2979 82 41 aff.
1223 2979 112 40 Dec.
1370 2978 60 40 10;
1489 2978 42 39 A
1562 2978 146 40 46375;
1773 2978 275 40 Minnesota
2085 2979 115 39 loan
2232 2978 37 40 &

322 3041 131 38 trust
481 3050 82 37 co.,
594 3040 242 45 executor,
868 3036 340 49 Minneapolis.
1281 3035 282 48 (31-35192)

246 3131 376 65 Whitehead,
650 3133 208 63 Henry
884 3133 89 55 St.
1001 3130 177 66 Clair,
1207 3136 172 51 1882-

313 3207 206 53 Pinkie
561 3214 58 48 at
662 3208 183 69 Camp
887 3206 306 71 Cherokee,
1231 3208 76 69 by
1346 3209 202 67 Henry
1590 3207 57 54 S.
1687 3204 360 56 Whitehead.
2125 3205 136 54 New

243 3284 180 70 York,
449 3285 260 67 London,
738 3285 66 55 G.
835 3286 64 53 P.
931 3285 297 55 Putnam’s
1259 3303 146 52 sons,
1435 3287 152 50 1931.

313 3368 474 52 vii, 209 p. 20½ ᶜᵐ .
253 3422 53 53 ©
340 3427 130 48 Sept.
503 3427 68 48 11,
604 3425 141 48 1931;
778 3427 65 39 2c.
879 3426 102 40 Oct.
1014 3426 83 46 23;
1132 3425 82 40 aff.
1248 3425 102 40 Oct.
1383 3425 56 39 24;
1501 3425 41 39 A
1573 3423 173 48 43472;
1783 3425 58 39 H.
1880 3425 44 41 S.
1958 3423 305 43 Whitehead.

321 3484 241 48 Dunedin,
590 3484 103 40 Fla.
765 3482 281 49 (31-34925)

247 3577 309 66 Williams,
585 3579 124 53 Ben
737 3578 202 65 Ames,
970 3583 173 50 1889-

313 3651 1946 76 Pirate’s purchase, by Ben Ames Williams … New York,
242 3732 66 52 E.
340 3733 66 53 P.
438 3734 224 53 Dutton
691 3735 47 51 &
767 3751 296 45 company,
1095 3732 107 55 inc.
1261 3735 132 50 [1931]

315 3813 342 50 252 p. 20 ᶜᵐ .
315 3869 217 42 “Fourth
564 3870 230 50 printing,
831 3871 293 49 September,
1160 3869 160 43 1931.”

254 3924 53 53 ©
336 3928 102 42 Oct.
466 3929 26 40 2,
535 3930 113 41 1931;
706 3930 68 43 2c.
804 3931 102 41 Oct.
936 3931 29 39 5;
1021 3930 82 43 aff.
1133 3932 119 39 Nov.
1282 3930 25 40 6;
1367 3930 40 39 A
1435 3929 149 42 43829;
1638 3930 54 40 B.
1723 3930 53 41 A.
1809 3930 256 40 Williams.

321 3928 1924 100 Chestnut
438 3987 118 47 Hill,
587 3989 147 41 Mass.
805 3987 282 51 (31-31846)
