2428 4370
1040 3988 135 55 1977

106 369 291 67 Ahrendt,
427 369 252 53 Edward
706 370 223 64 Henry,
959 370 170 54 1878-

174 445 254 72 Healing
470 446 94 54 for
601 447 94 68 all,
734 447 75 69 by
849 449 66 51 E.
957 448 76 53 H.
1074 446 281 53 Ahrendt.
1434 447 317 67 Anderson,
1789 446 148 69 Ind.,
1977 447 120 52 The

103 523 649 70 Warner press [ ᶜ19 31 ]
175 604 435 49 vii, 9-192 p. 19 ᶜᵐ.
111 672 51 51 ©
187 676 116 40 Nov.
329 675 67 49 12,
421 675 113 41 1931;
587 675 67 42 2c.
679 675 116 41 Nov.
820 677 56 38 14;
930 675 81 40 aff.
1037 676 116 40 Nov.
1180 676 55 39 16;
1290 675 39 39 A
1353 676 146 39 45050;
1554 676 51 40 E.
1632 676 59 39 H.

1718 674 234 46 Ahrendt,
182 674 1901 105 Vancouver,
402 733 162 40 Wash.
635 732 278 49 (31-34228)

105 827 316 54 American
454 827 226 64 society
711 828 95 53 for
838 826 230 64 testing
1097 825 325 56 materials.

237 904 1868 69 … A. S. T. M. standards … 1930. pts. 1, 2 … Philadelphia,
104 982 1602 71 Pa., American society for testing materials [ ᶜ19 30]
177 1063 1544 49 2 v. illus., fold. plates, tables, diagrs. (part fold.) 22½ᶜᵐ.
455 1144 60 5 CONTENTS.—
517 1121 70 48 pt.
621 1119 39 42 1.
692 1121 322 48 Metals.—pt.
1049 1119 41 41 2.
1122 1120 342 40 Non-metallic
1494 1120 267 40 materials.

112 1188 52 52 ©
194 1192 116 40 Nov.
341 1190 69 50 26,
440 1191 140 47 1930;
613 1192 66 40 2c.
711 1192 116 40 each
859 1192 111 41 Dec.
1000 1193 55 45 4;
1088 1191 82 41 aff.
1202 1191 113 40 Dec.
1344 1191 54 47 2;
1432 1192 41 38 A
1503 1190 144 41 32705;
1709 1191 158 41 Amer.
1900 1201 92 30 soc.
2025 1192 78 39 for

180 1249 182 48 testing
385 1248 264 41 materials.

104 1344 226 64 Aubry,
362 1343 240 66 Octave,
635 1349 170 50 1881-

237 1419 1861 71 … Eugénie, empress of the French; translated by F. M.
106 1498 317 67 Atkinson;
479 1499 139 52 with
677 1497 65 54 17
793 1498 397 52 illustrations.
1281 1496 409 69 Philadelphia
1745 1498 46 51 &
1842 1497 258 52 London.

105 1576 55 53 J.
192 1577 65 52 B.
288 1576 338 68 Lippincott
654 1593 297 52 company,
984 1578 149 49 1931.

177 1655 872 50 356 p. front., plates, ports. 23½ ᶜᵐ.
177 1727 163 41 “First
369 1726 228 42 edition.”

179 1782 269 48 “Principal
483 1784 159 40 works
673 1783 279 41 consulted”;
1014 1793 42 38 p.
1088 1782 218 42 349-350.

114 1851 52 52 ©
196 1856 100 40 Oct.
325 1856 70 47 30,
425 1855 140 47 1931;
596 1856 65 40 2c.
693 1858 94 37 and
816 1855 83 41 aff.
926 1857 118 40 Nov.
1073 1856 82 46 30;
1188 1856 42 39 A
1256 1856 172 46 46075;
1461 1857 42 39 J.
1536 1858 53 38 B.
1622 1856 277 48 Lippincott
1927 1867 68 30 co.

191 1913 279 48 (31-34315)

107 2007 334 65 Auerbach,
471 2008 221 63 Joseph
724 2006 214 57 Smith.

175 2085 86 52 De
293 2086 226 66 Lancey
554 2084 206 69 Nicoll,
794 2103 71 34 an
901 2082 410 71 appreciation,
1346 2085 74 66 by
1453 2086 216 66 Joseph
1708 2086 54 55 8.
1799 2085 298 53 Auerbach

168 2161 1690 71 … New York and London, Harper & brothers, 1931.
175 2242 887 49 4 p. l., 125 p. front. (port.) 21½ᶜᵐ.
182 2298 162 42 “First
372 2298 226 41 edition.”

115 2366 52 52 ©
200 2371 117 39 Nov.
351 2369 69 48 25,
454 2369 140 47 1931;
630 2370 67 41 2c.
731 2370 117 39 Nov.
883 2370 81 46 27;
1002 2369 83 41 aff.
1120 2370 118 41 Nov.
1272 2370 59 41 28;
1390 2370 42 39 A
1464 2369 172 48 45222;
1674 2371 43 39 J.
1757 2371 43 40 S.
1837 2370 269 47 Auerbach,

181 2427 117 39 New
326 2427 144 39 York.
540 2426 278 48 (31-34242)

107 2521 53 52 A
164 2525 159 60 vent,
351 2522 219 63 Joseph
600 2522 239 64 Emory,
871 2523 171 54 1878-

181 2596 361 55 Excellences
595 2599 112 53 and
759 2615 184 36 errors
997 2596 59 53 in
1109 2599 267 69 teaching
1426 2601 277 66 methods,
1755 2601 75 69 by
1882 2602 216 68 Joseph

110 2675 1819 71 Emory Avent … Knoxville, Tenn., J. E. Avent [ ᶜ19 31 ]
108 2755 1978 106 xv p., 1 l., 569 p. diagrs. 19½ᶜᵐ. (Lettered on cover; Teacher education series, IV)
183 2883 145 41 “This
363 2883 41 40 is
442 2884 82 39 the
561 2885 174 39 second
770 2884 190 40 volume
995 2884 52 40 of
1083 2895 27 29 a
1150 2884 178 49 trilogy
1363 2885 50 39 in
1448 2885 159 41 which
1642 2897 84 30 are
1762 2889 223 46 reported
2024 2889 81 39 the

109 2939 295 40 excellences
435 2941 96 38 and
565 2950 161 30 errors
760 2940 49 39 in
842 2940 226 49 teaching
1100 2942 96 39 and
1229 2942 263 40 classroom
1525 2946 353 45 management,
1911 2955 55 30 as

111 2956 1975 81 conceived
311 2997 63 48 by
413 2995 129 49 1,002
582 2996 220 41 teachers
842 2998 243 39 scattered
1128 3008 113 30 over
1279 2997 57 41 45
1374 3001 156 38 states
1568 2999 52 40 of
1659 2999 98 41 this
1798 3001 308 48 country.”—

109 3052 130 42 Pref.

181 3106 348 51 Bibliography
561 3111 52 38 at
647 3110 93 39 end
772 3110 51 39 of
854 3110 119 39 each
1007 3110 203 47 chapter
1240 3114 171 44 except
1443 3112 202 47 chapter
1752 3143 9 8 VII.

116 3177 52 52 ©
204 3181 100 41 Oct.
341 3182 39 45 1,
416 3180 140 47 1931;
593 3180 65 40 2c.
695 3181 96 41 and
824 3179 81 42 aff.
943 3180 102 40 Oct.
1081 3180 52 47 9;
1172 3180 40 39 A
1246 3182 172 47 43181;
1457 3182 42 40 J.
1534 3183 54 38 A.
1626 3183 171 48 Avent,
1833 3185 275 46 Knoxville,

186 3238 146 39 Tenn.
404 3236 279 48 (31-34336)

109 3330 169 64 Barr,
307 3330 169 54 Arvil
506 3330 322 65 Sylvester,
861 3336 172 49 1892-

179 3409 94 53 An
309 3408 389 52 introduction
735 3412 56 47 to
828 3408 95 52 the
958 3406 272 55 scientific
1267 3411 170 67 study
1475 3412 64 52 of
1575 3414 302 53 classroom
110 3483 201 60 supervision,

350 3485 1757 76 by A. S. Barr … New York, London, D. Appleton
109 3564 112 51 and
251 3580 280 50 company
675 3565 56 48 [ᶜ1931]

283 3641 1824 58 xxv, 399 p. incl. illus., diagrs., forms. 19½ ᶜᵐ. (Half-title: Appleton
113 3699 150 40 series
296 3700 50 39 in
380 3697 306 48 supervision
719 3699 95 38 and
849 3697 239 47 teaching,
1124 3700 72 39 ed.
1231 3700 61 47 by
1328 3701 53 40 A.
1421 3702 44 40 S.
1500 3703 127 40 Barr
1661 3707 96 39 and
1789 3708 71 40 W.
1895 3708 61 41 H.
111 3711 1982 92 Burton)

182 3810 247 43 “Selected
456 3809 302 42 references”
785 3810 51 39 at
861 3811 92 39 end
979 3810 53 40 of
1057 3811 118 40 each
1203 3811 214 49 chapter.

118 3880 52 52 ©
203 3883 101 40 Oct.
335 3882 69 47 23,
437 3880 112 42 1931;
611 3880 67 41 2c.
713 3880 100 41 Oct.
846 3879 58 40 26;
962 3880 81 39 aff.
1078 3880 102 42 Oct.
1213 3881 57 39 24;
1332 3882 41 39 A
1403 3884 144 39 43512;
1613 3887 56 45 D,
1704 3890 238 48 Appleton
1976 3894 37 39 &
2045 3904 66 31 co.

196 3938 254 38 (31-34333)
