2505 4370
1041 3990 103 56 777

146 471 624 51 3 p. l., 9-383 p. 19 ½ᶜᵐ .
85 531 1975 121 © 1c May 8, 1931; A ad int. 15042; pubd. Mar. 12; A. E. J. Lee, London. (31-13478)
82 696 366 65 Lemonnier,
478 694 176 54 Léon.

78 764 1976 156 … Les destins sont solidaires, roman. [Paris] E. Flammarion [1931]
144 941 460 50 284 p., 1 l. 19 ᶜᵐ .
87 1005 1993 61 © Apr. 16, 1931; 1c Apr. 30; A— Foreign 11948; Ernest Flammarion.
163 1072 281 50 (31-12857)

82 1167 177 64 Levy,
287 1166 286 63 Bernard,
604 1165 171 54 1907-

153 1246 121 52 The
319 1243 382 69 unpublished
746 1244 164 66 plays
955 1242 63 52 of
1063 1240 248 69 Carolet,
1354 1258 32 35 a
1427 1256 124 36 new
1593 1239 237 67 chapter
1873 1253 73 37 on
1989 1237 93 52 the

83 1314 1999 78 history of the theatre de la foire, by Bernard Levy … New
85 1400 158 54 York
351 1403 97 48 [ᶜ1931]

147 1492 97 47 xiv,
270 1490 87 41 269
380 1501 46 37 p.
453 1490 109 42 incl.
588 1490 149 41 front.
791 1488 116 41 21ᶜᵐ.
975 1487 359 50 (Publications
1360 1486 55 41 of
1439 1486 83 42 the
1551 1485 235 42 Institute
1813 1484 54 41 of
1892 1483 188 43 French

79 1547 199 49 studies,
314 1548 116 47 inc.)

151 1616 260 40 Published
444 1616 104 40 also
581 1625 53 31 as
665 1614 154 42 thesis
860 1616 106 47 (PH.
1032 1615 33 46 D.)
1109 1613 252 41 Columbia
1396 1612 285 48 university.

151 1667 1760 54 “Chronology of … works”: p. 26-37; Bibliography: p. 264-269.
91 1743 51 52 ©
171 1747 122 39 Mar.
320 1745 68 48 16,
418 1744 113 40 1931;
588 1744 66 40 2c.
683 1745 96 39 and
808 1744 82 41 aff.
920 1744 119 40 Mar.
1070 1741 55 42 25;
1182 1744 42 38 A
1250 1743 146 40 36118;
1455 1743 53 41 B.
1539 1742 143 49 Levy,
1712 1742 118 39 New
1859 1740 145 42 York.

168 1800 279 50 (31-12849)

83 1894 180 66 Levy,
293 1894 277 54 Florence
598 1894 409 64 Nightingale,
1039 1895 172 54 1870-

150 1972 115 52 Art
294 1971 61 53 in
385 1971 141 53 New
557 1971 189 68 York;
780 1989 33 35 a
841 1971 173 69 guide
1043 1975 58 49 to
1134 1971 196 68 things
1362 1970 184 53 worth
1578 1969 208 70 seeing,
1815 1970 77 68 by
84 1968 1977 135 Florence

261 2044 1825 74 N. Levy … 4th ed., rev. by Jessie Rosenfeld. New
83 2126 180 69 York,
293 2128 70 52 N.
395 2127 91 67 Y.,
516 2126 139 53 New
686 2126 163 53 York
878 2126 256 69 regional
1165 2131 92 47 art
1285 2124 220 54 council
1535 2125 63 53 of
1628 2125 96 54 the
1753 2125 115 53 Art
1899 2131 189 48 center

87 2207 194 65 [ᶜ1931]

154 2287 87 40 127
266 2297 43 38 p.
336 2286 113 41 incl.
473 2285 165 51 front.,
664 2285 129 42 illus.
854 2286 146 41 15½ᶜᵐ.

158 2356 158 48 “5,000
344 2357 173 48 copies,
549 2356 128 49 May,
708 2356 157 42 1931.”

157 2412 134 42 First
326 2413 197 48 edition,
561 2413 126 49 1916,
724 2413 256 48 published
1016 2414 155 40 under
1206 2413 109 40 title:
1380 2413 42 40 A
1456 2411 144 51 guide
1636 2414 49 39 to
1723 2414 82 39 the
1841 2413 160 41 works
2037 2413 54 40 of

86 2473 80 40 art
190 2469 51 40 in
264 2471 119 40 New
407 2471 147 41 York.

94 2538 51 52 ©
180 2542 114 47 May
325 2542 69 46 15,
430 2540 112 41 1931;
604 2539 68 43 2c.
706 2542 114 47 May
852 2540 58 40 16;
969 2539 83 44 aff.
1086 2541 126 39 June
1246 2542 25 37 1;
1336 2541 41 38 A
1409 2538 147 44 38246;
1619 2540 51 41 F.
1705 2541 57 41 N.
1796 2540 142 49 Levy,
1973 2540 118 40 New

162 2599 143 40 York.
374 2596 280 50 (31-12954)

93 2689 334 69 [Lindberg,
457 2691 205 54 James
691 2690 324 70 Christian]
1052 2692 172 54 1876-
1437 2708 179 53 comp.

158 2770 231 53 Fifteen
424 2768 181 57 South
637 2771 230 52 Dakota
895 2775 189 64 poets:
1116 2770 126 54 Eva
1274 2769 74 54 K.
1377 2769 385 71 Anglesburg,
1795 2769 297 56 Charlotte

88 2843 2006 77 L. Bertlesen, Margarette Ball Dickson … [and others] New
93 2927 177 70 York,
299 2927 77 53 H.
406 2926 288 55 Harrison
771 2930 152 64 [ᶜ1930]

157 3003 58 41 96
247 3014 43 38 p.
350 3004 146 41 22½ᶜᵐ.

160 3057 1929 57 “Dedicated by the publisher to J. C. Lindberg … who compiled these
88 3116 206 50 poems.”

98 3187 51 53 ©
179 3190 101 41 Oct.
309 3192 54 37 11,
407 3189 116 42 1930;
578 3190 66 42 2c.
673 3190 112 48 May
813 3190 69 48 20,
913 3190 112 40 1931;
1083 3189 82 41 aff.
1197 3192 114 46 May
1340 3190 55 39 21;
1454 3189 42 41 A
1522 3189 146 42 37400;
1725 3191 168 47 Henry
167 3188 1909 100 Harrison.
337 3246 281 50 (31-13268)

94 3341 283 66 Lonigan,
410 3341 186 55 Edna.

162 3418 483 69 Unemployment
678 3421 59 51 in
770 3421 137 52 New
942 3420 164 54 York
1138 3421 144 67 city;
1319 3440 72 34 an
1422 3421 258 54 estimate
1713 3421 64 52 of
1807 3421 96 52 the
93 3439 1977 112 number
234 3497 377 69 unemployed
658 3497 59 53 in
762 3498 325 70 December,

1136 3502 152 65 1930,
1334 3500 113 52 and
1492 3500 96 52 the
1634 3517 220 35 sources
1901 3498 64 53 of
96 3498 1974 130 information
442 3594 72 33 on
547 3575 94 53 the
675 3580 191 48 extent
900 3577 63 52 of
996 3578 465 67 unemployment
1495 3577 61 52 in
1588 3577 140 52 New
1762 3575 164 53 York
1960 3575 136 70 city,

93 3651 75 70 by
215 3653 167 52 Edna
430 3651 280 69 Lonigan.
790 3653 155 65 [New
995 3653 179 69 York]
1228 3652 283 55 Research
1557 3654 231 67 bureau,
1835 3652 262 56 Welfare

94 3730 218 54 council
340 3730 65 51 of
432 3730 139 53 New
600 3730 163 53 York
790 3730 133 69 city,
953 3733 152 51 1931.

161 3807 99 49 viii,
291 3811 57 39 56
375 3820 44 37 p.
479 3808 115 43 23ᶜᵐ.

104 3875 51 53 ©
187 3881 114 46 May
330 3881 39 46 8,
399 3879 113 42 1931;
573 3879 67 43 2c.
671 3882 113 45 May
813 3881 55 39 15;
928 3881 81 40 aff.
1042 3881 113 48 May
1185 3882 55 39 14;
1301 3882 41 39 A
1373 3881 143 43 37317;
1577 3882 218 41 Welfare
1824 3881 187 43 council
2042 3883 53 40 of

170 3936 117 41 New
317 3938 131 39 York
479 3937 112 48 city.
661 3935 278 50 (31-12826)
