2428 4370
986 4007 135 55 1957

49 388 172 64 Pope,
253 388 158 64 Amy
441 386 327 66 Elizabeth,
801 391 171 51 1869-

119 466 314 54 Essentials
467 466 64 52 of
565 465 254 54 dietetics
855 466 59 52 in
949 466 193 51 health
1180 467 112 51 and
1326 467 60 51 in
1422 465 242 65 disease;
1703 482 30 33 a
1769 463 146 53 book
1951 464 93 51 for

46 556 192 39 nurses
265 538 112 55 and
402 558 28 34 a
458 538 273 69 practical
759 538 220 70 dietary
1005 538 171 69 guide
1204 539 93 54 for
1321 541 94 51 the
1441 537 327 68 household,
1792 537 74 70 by
1894 538 148 69 Amy

49 615 1991 69 Elizabeth Pope … and E. M. Geraghty. 3d ed., rev. and enl.
48 692 136 55 New
213 692 177 67 York,
417 691 255 69 London,
700 691 66 56 G.
795 693 63 52 P.
887 692 294 53 Putnam’s
1208 710 145 51 sons,
1382 696 150 49 1931.

116 773 115 49 xvii,
259 773 85 43 727
368 786 44 37 p.
466 774 143 47 illus.,
635 775 169 47 plates.
859 775 115 40 21ᶜᵐ.

119 830 100 41 The
256 832 104 39 first
397 832 94 39 and
527 830 173 41 second
737 828 208 42 editions
978 830 61 47 by
1075 832 121 45 Amy
1233 828 251 43 Elizabeth
1523 831 125 47 Pope
1684 832 94 39 and
1818 831 138 47 Mary
1997 831 47 38 L.

46 886 281 49 Carpenter.

119 940 438 50 “Bibliographical
583 940 140 42 note”:
777 950 41 39 p.
846 939 99 43 711.

57 1009 52 52 ©
139 1013 101 40 Oct.
268 1013 68 46 16,
364 1011 112 41 1931;
535 1011 67 41 2c.
631 1012 94 39 and
755 1010 81 41 aff.
864 1010 118 41 Nov.
1010 1011 25 39 3;
1094 1011 40 38 A
1162 1011 149 40 44585;
1368 1010 51 40 G.
1450 1011 50 38 P.
1531 1012 251 40 Putnam’s
1812 1021 123 32 sons.

139 1069 277 48 (31-28513)

51 1164 228 64 Powys,
308 1162 301 54 Theodore
640 1161 262 65 Francis,
936 1164 169 53 1875-

121 1240 244 69 Unclay,
393 1240 75 69 by
498 1241 66 51 T.
594 1240 65 52 F.
691 1240 219 67 Powys.
980 1239 259 67 London,
1272 1238 211 54 Chatto
1515 1241 51 51 &
1596 1240 266 67 Windus,
1896 1244 148 49 1931.

119 1319 860 52 2 p. l., vii-viii. 343, [1] p. 19½ᶜᵐ.
58 1389 1991 52 © 1c. Nov. 20, 1931; A ad int. 15703; pubd. Sept. 24; Viking press, inc.,
129 1450 117 40 New
272 1450 144 39 York.
487 1448 279 50 (31-34189)

50 1541 221 54 Punch.
388 1588 9 9 v.
430 1549 116 62 181,
572 1562 88 35 no.
689 1544 153 56 4711,
871 1543 123 54 Oct.
1024 1547 84 66 21,
1140 1547 148 48 1931.

59 1621 1990 52 © 1c. Dec. 16, 1931; A ad int. 15861; pubd. Oct. 21; Herbert Heather,
127 1682 210 42 London.

52 1776 265 64 Randall,
350 1777 253 52 Edward
634 1776 192 64 Caleb,
861 1781 170 50 1860-

122 1853 94 52 An
248 1853 144 53 hour
423 1853 60 51 in
515 1853 94 52 the
639 1852 152 54 after
821 1852 123 68 life,
974 1853 76 68 by
1082 1853 253 52 Edward
1369 1852 63 54 C.
1465 1853 266 53 Randall,
1809 1853 241 67 Buffalo,

52 1931 70 52 N.
152 1931 89 67 Y.,
268 1930 243 70 Psychic
536 1930 148 53 book
708 1931 141 67 shop
882 1963 13 34 [
923 1933 131 49 ᶜ1931
1062 1962 13 34 ]

121 2013 57 39 42
212 2024 42 37 p.
313 2013 135 40 front.
491 2012 173 49 (port.)
732 2012 115 41 19ᶜᵐ.

60 2080 52 52 ©
148 2085 117 40 Nov.
303 2084 67 46 18,
407 2084 140 45 1931;
584 2083 66 39 2c.
688 2084 116 40 Nov.
841 2083 54 41 23;
964 2082 79 41 aff.
1082 2084 117 39 Nov.
1235 2084 83 45 20;
1357 2084 40 39 A
1433 2083 171 46 45157;
1647 2085 51 40 E.
1736 2085 48 40 C,
1826 2084 224 47 Randall,

128 2141 208 40 Buffalo.
407 2140 279 49 (31-33993)

53 2234 384 65 Rasmusson,
466 2236 224 51 Lorenz
718 2234 230 65 Birger,
980 2239 170 51 1889-

54 2311 1972 131 Die lebensmittel und ihre aufbewahrung, von Lorenz Rasmusson …
440 2389 123 53 Aus
591 2390 127 52 dem
747 2389 416 53 schwedischen
1193 2388 283 54 übersetzt
1507 2408 110 34 von
1649 2390 85 52 dr.
1764 2390 145 53 med.
1941 2396 110 48 vet.

57 2467 207 53 Edwin
300 2468 265 52 Lehnert.
634 2467 115 53 Mit
784 2470 98 49 110
918 2465 528 70 textabbildungen.
1519 2467 333 68 Hannover,
1889 2468 80 52 M.
2007 2471 47 49 &

56 2546 75 51 H.
161 2544 270 69 Schaper,
461 2548 150 49 1931.

123 2625 649 49 viii, 408 p. illus. 25 ᶜᵐ .
127 2681 607 42 “Literaturverzeichnis”:
792 2692 43 38 p.
869 2680 247 52 [404]-408.

63 2750 1878 52 © Aug. 31, 1931; 1c. Oct. 10; A—Foreign 13855; M. & H. Schaper.
140 2811 278 48 (31-33725)

57 2905 325 65 Raymond,
413 2906 238 64 Ernest,
681 2910 170 51 1888-

129 2982 171 69 Mary
322 2983 188 68 Leith,
531 2983 77 67 by
632 2983 208 53 Ernest
864 2983 318 68 Raymond.
1258 2982 240 53 London
1530 2988 138 61 [etc.]
1701 2982 213 55 Cassell
1941 2982 109 53 and

58 3077 297 52 company,
385 3060 103 53 ltd.
525 3064 172 63 [1931]

126 3141 605 52 viii, 359, [1] p. 19 ½ᶜᵐ .
129 3200 102 39 The
258 3200 134 40 third
418 3201 137 39 novel
586 3200 52 40 of
665 3210 26 29 a
722 3199 191 49 trilogy,
944 3199 83 42 the
1052 3199 107 42 first
1189 3198 53 42 of
1268 3199 157 42 which
1455 3199 42 41 is
1526 3199 41 40 A
1594 3199 175 49 family
1800 3201 108 40 that
1938 3210 115 36 was,

59 3258 97 39 and
198 3257 81 40 the
319 3258 188 45 second,
549 3257 101 40 The
690 3256 181 49 jesting
912 3267 151 38 army.
1125 3256 101 41 The
1267 3257 154 40 whole
1466 3256 177 50 trilogy
1685 3256 99 41 will
1832 3257 124 41 later
1999 3257 56 40 be

60 3312 252 48 published
359 3323 54 30 as
460 3324 26 29 a
535 3313 153 48 single
733 3314 139 39 novel
918 3314 155 40 under
1120 3314 82 40 the
1249 3313 121 49 title,
1420 3314 126 41 Once
1595 3313 48 41 in
1694 3314 235 48 England,
1991 3313 60 41 cf.

57 3369 228 42 Author’s
316 3372 123 39 note.

62 3435 1991 55 © 1c. Nov. 27, 1931; A ad int. 15731; pubd. Nov. 19; D. Appleton & co.,
134 3497 117 39 New
278 3498 144 39 York.
493 3497 280 49 (31-34404)

61 3589 161 67 Reid,
251 3589 134 53 Neil
410 3590 195 56 Kiser.

132 3667 121 52 The
276 3668 122 51 lure
421 3667 64 52 of
507 3686 32 34 a
564 3668 212 67 dream,
797 3668 76 69 by
897 3669 129 53 Neil
1051 3670 73 51 K.
1152 3670 162 52 Reid.
1391 3670 235 64 Boston,
1650 3669 239 52 Meador
61 3668 1969 145 publishing

307 3762 297 51 company,
639 3748 149 50 1931.

126 3826 88 40 166
243 3837 43 37 p.
349 3826 145 40 20½ᶜᵐ.

66 3891 52 52 ©
147 3895 101 42 Oct.
275 3896 70 41 20.
375 3895 112 42 1931;
545 3896 65 41 2c.
641 3898 116 39 Nov.
786 3898 53 40 23;
899 3898 80 40 aff.
1012 3899 111 40 Dec.
1152 3899 25 39 3;
1237 3899 40 38 A
1304 3898 143 40 46151;
1509 3898 210 40 Edward
1750 3898 59 40 K.
1841 3898 212 48 Meador,

134 3953 194 35 Boston.
425 3953 234 35 (31-33896)
