2505 4370
1060 3987 101 51 305

121 361 263 64 Allaben,
420 361 217 65 Frank,
671 363 324 54 1867-1927.

186 435 216 68 Poems,
442 435 75 70 by
558 435 198 53 Frank
796 435 259 53 Allaben.
1133 436 139 54 New
1315 436 176 68 York,
1531 437 121 53 The
1694 435 274 54 National
117 436 1980 130 historical
345 513 226 69 society,
605 517 150 52 1931.

185 597 772 49 2 p. l., vii-xv, 198 p. 24½ ᶜᵐ .
124 664 52 53 ©
207 669 111 40 Feb.
347 669 68 47 11,
447 667 112 41 1931
578 679 9 36 ;
619 667 67 42 2c.
717 670 96 39 and
842 668 83 40 aff.
955 669 122 39 Mar.
1107 667 26 39 2
1152 678 9 37 ;
1193 668 41 39 A
1264 666 144 43 34595
1426 678 9 38 ;
1467 668 117 41 Natl.
1630 668 255 41 historical
1916 679 94 30 soc.

202 724 250 49 (31-6393)

117 831 623 69 Bal á zs, Béla, 1884-
184 910 1935 71 Der geist des films, von Béla Bal á zs. Halle (Saale) W.
113 988 234 68 Knapp,
377 991 150 50 1930.

184 1066 468 50 viii, 217 p. 23 ᶜᵐ .
121 1138 1831 53 © Aug. 27, 1930; 1c. Nov. 1 ; A—Foreign 10031 ; Wilhelm Knapp.
198 1198 251 49 (31-6463)

115 1295 291 64 Boothby,
438 1295 256 53 William
724 1295 64 53 T.

185 1373 297 54 “Cocktail
512 1373 154 52 Bill”
696 1373 314 69 Boothby’s
1035 1374 202 52 World
1268 1373 200 52 drinks
1497 1374 113 51 and
1637 1374 127 51 how
1792 1379 58 45 to
1880 1391 241 50 prepare

115 1453 181 58 them;
332 1453 97 51 the
462 1453 276 52 standard
772 1451 294 69 authority
1102 1470 59 34 as
1194 1451 313 69 originally
1541 1451 281 68 compiled
1856 1452 74 69 by
1966 1452 155 52 Hon.

112 1529 2009 70 Wm. T. Boothby … completely revised and greatly enlarged
110 1608 121 52 into
254 1627 71 34 an
346 1607 359 69 unabridged
727 1606 395 69 encyclopedia
1148 1606 63 53 of
1234 1608 77 51 all
1335 1607 244 67 popular
1598 1608 319 68 beverages.
2005 1608 117 55 [San

116 1686 322 68 Francisco,
468 1685 238 54 Printed
739 1686 35 53 by
846 1686 94 53 the
971 1685 283 53 Recorder
1288 1684 261 71 printing
1579 1687 46 50 &
1658 1684 333 71 publishing
2023 1703 98 49 co.,

170 1769 117 63 ᶜ1 930]
186 1845 84 41 160
306 1857 42 36 p.
407 1845 119 40 20ᶜᵐ.

186 1917 155 47 Paper
374 1916 161 40 bound
568 1914 198 42 edition.

119 1983 51 53 ©
203 1988 118 40 Nov.
353 1986 69 49 10,
456 1985 117 42 1930
588 1997 8 36 ;
631 1986 67 40 2c.
732 1987 117 39 Nov.
883 1986 55 39 22
956 1997 9 36 ;
1001 1985 82 40 aff.
1116 1986 117 39 Nov.
1269 1985 54 39 21
1341 1995 9 37 ;
1387 1985 41 39 A
1460 1985 147 41 32810
1622 1995 9 37 ;
1668 1985 263 48 Boothby’s
1967 1986 152 39 world

185 2045 170 39 drinks
386 2055 83 37 co.,
505 2043 96 41 San
634 2043 274 41 Francisco.

112 2139 312 64 Brauchle,
454 2137 231 56 Alfred.

180 2212 454 70 Psychoanalyse
695 2212 118 52 und
877 2211 707 70 individualpsychologie,
1649 2230 108 35 von
1822 2212 83 53 dr.
1969 2213 145 53 med.

110 2289 1723 70 Alfred Brauchle … Leipzig, P. Reclam jun. [ ᶜ1 930]
181 2372 1870 52 74, [2] p. 16 ᶜᵐ . (On cover: Reclams universal bibliothek, nr. 7085)
182 2443 446 49 “Quellenangabe.”
647 2455 13 30 :
692 2453 44 39 p.
772 2443 85 51 [76]

118 2511 52 53 ©
202 2515 127 49 Sept.
359 2515 39 48 5,
429 2514 140 48 1930;
631 2526 38 29 1c.
698 2515 119 39 Nov.
846 2515 52 46 1;
929 2513 313 49 A—Foreign
1272 2513 171 48 10148;
1476 2514 196 48 Philipp
1702 2514 197 41 Reclam
1929 2515 105 47 jun.

196 2572 251 49 (31-6408)

112 2668 232 64 Brown,
375 2667 153 55 Cecil
557 2666 297 65 Kenneth,
885 2671 172 50 1900-

181 2744 121 52 The
335 2749 145 47 state
515 2743 271 69 highway
823 2748 209 63 system
1066 2741 65 54 of
1165 2742 188 53 North
1390 2741 291 69 Carolina,
1715 2741 75 55 its
1825 2744 291 53 evolution

111 2819 2005 74 and present status, by Cecil Kenneth Brown … Chapel Hill,
111 2901 120 53 The
265 2900 340 67 University
639 2897 65 54 of
736 2899 187 53 North
959 2898 271 55 Carolina
1267 2915 173 50 press,
1478 2902 151 49 1931.

181 2979 1931 53 2 p. l., vii-xi, 260 p. maps (2 fold. in pocket) fold. diagr. 22 ᶜᵐ .
115 3042 115 50 [The
269 3039 283 48 University
589 3038 52 41 of
678 3038 156 40 North
873 3037 244 41 Carolina.
1180 3036 160 41 Social
1378 3038 146 47 study
1562 3038 164 49 series]

183 3113 171 39 “Made
397 3112 154 39 under
594 3110 81 39 the
717 3108 222 49 auspices
982 3108 52 40 of
1076 3108 82 39 the
1200 3107 236 41 Institute
1477 3108 79 41 for
1602 3111 225 39 research
1870 3110 49 41 in
1963 3113 147 40 social

112 3170 185 40 science
334 3168 50 39 in
423 3168 81 39 the
543 3166 283 47 University
862 3165 51 40 of
950 3166 156 38 North
1145 3164 469 41 Carolina.’’—Pref.

118 3237 52 53 ©
200 3241 110 40 Jan.
339 3239 68 47 23,
439 3238 140 47 1931;
610 3237 67 40 2c.
708 3237 111 39 Feb.
849 3236 53 46 2;
934 3234 83 41 aff.
1049 3236 121 38 Mar.
1201 3234 54 47 6;
1288 3234 39 39 A
1357 3234 171 48 34664;
1562 3236 284 50 University
1877 3239 51 40 of
1957 3239 158 41 North

185 3297 229 41 Carolina
448 3304 148 39 press.
667 3292 250 50 (31-6360)

112 3392 249 61 Bruner,
395 3388 316 65 Benjamin
745 3386 310 64 Harrison,
1093 3391 170 50 1888-

180 3466 176 53 Great
388 3465 140 67 days
561 3464 63 52 of
653 3464 95 51 the
779 3463 110 53 last
921 3462 169 69 week,
1123 3461 76 72 by
1232 3461 67 55 B.
1336 3462 75 53 H.
1449 3462 239 55 Bruner.
1761 3464 135 53 New
1936 3466 175 52 York.

112 3543 62 52 R.
207 3544 67 51 R.
307 3541 208 70 Smith,
542 3541 126 65 inc.,
698 3543 149 51 1931.

177 3624 543 50 4 p. l., 87 p. 19½ ᶜᵐ .
183 3695 226 42 “Studies
447 3694 193 49 dealing
679 3693 118 42 with
835 3694 81 41 the
954 3694 99 39 last
1092 3694 130 39 week
1262 3694 53 39 of
1351 3692 100 42 Our
1487 3695 168 40 Lord’s
1691 3697 193 50 earthly
1924 3698 188 43 life.”—

110 3752 492 47 Acknowledgments.

180 3808 347 48 Bibliography
558 3807 222 40 included
812 3806 48 39 in
893 3805 552 47 “Acknowledgments”.

119 3876 52 53 ©
201 3882 111 40 Feb.
341 3881 69 46 17,
441 3878 140 47 1931;
613 3878 67 39 2c.
710 3878 96 39 and
836 3876 83 41 aff.
950 3876 111 39 Feb.
1090 3875 84 48 25;
1205 3874 43 41 A
1277 3875 171 47 34485;
1481 3874 216 44 Richard
1729 3878 57 42 R.
1819 3880 170 49 Smith,
2022 3882 93 42 inc.

195 3936 251 50 (31-6411)
