2505 4370
987 3991 138 57 1117

69 376 224 62 Potter,
322 372 191 56 Leslie
542 373 59 56 S.

135 449 120 53 The
288 448 337 69 navigation
658 448 64 53 of
751 448 95 53 the
877 448 89 52 air
997 448 112 52 and
1140 448 405 67 meteorology,
1575 446 76 69 by
1685 445 166 69 Capt.
1885 445 186 53 Leslie

70 527 55 56 S.
155 528 201 53 Potter;
420 526 285 55 foreword
734 526 75 69 by
841 524 167 69 Capt.
1042 523 96 57 Sir
1165 524 231 54 Hubert
1422 523 271 69 Wilkins,
1773 567 8 10 K.
1853 566 9 10 B.
1931 523 139 54 New

69 605 161 53 York
261 605 112 52 and
405 603 259 68 London,
696 603 235 68 Harper
961 606 45 50 &
1035 603 279 66 brothers,
1348 605 150 50 1931.

138 684 1756 50 xvii p., 1 l., 233 p. front., maps (2 fold., 1 double) diagrs. 22½ᶜᵐ.
140 744 161 39 “First
329 741 226 42 edition.”

75 796 51 52 ©
158 801 116 47 July
304 800 38 47 8,
374 798 141 47 1931;
547 798 66 40 2c.
646 799 115 46 July
792 799 24 37 8;
878 797 82 40 aff.
992 797 116 47 July
1140 795 82 48 10;
1257 797 42 38 A
1328 795 172 49 39339;
1535 798 197 47 Harper
1763 798 36 39 &
1829 798 126 39 bros.

154 855 281 51 (31-18975)

69 950 271 63 Pressey,
371 949 221 64 Sidney
619 948 260 66 Leavitt,
911 953 171 50 1888-

147 1026 403 53 Introduction
579 1031 58 47 to
665 1025 94 52 the
789 1043 94 34 use
912 1024 63 53 of
1003 1024 278 53 standard
1310 1027 136 49 tests;
1508 1042 31 35 a
1566 1023 154 53 brief
1748 1025 232 52 manual
2010 1024 59 53 in

76 1104 95 52 the
201 1122 95 34 use
325 1103 64 52 of
420 1108 136 48 tests
589 1102 63 54 of
683 1103 139 52 both
854 1102 206 69 ability
1092 1102 112 52 and
1238 1101 388 53 achievement
1657 1102 62 51 in
1750 1102 96 52 the
1879 1102 191 53 school

76 1178 1932 71 subjects, by Sidney L. Pressey … and Luella Cole Pressey …
77 1258 138 52 Rev.
253 1258 83 53 ed.
411 1257 655 68 Yonkers-on-Hudson,
1104 1257 69 53 N.
1214 1257 93 68 Y.,
1344 1257 204 54 World
1585 1256 149 54 book
1772 1275 299 51 company,

79 1338 151 50 1931.

145 1416 59 46 vi,
234 1415 86 41 266
348 1426 44 37 p.
454 1416 178 47 diagrs.
691 1415 58 41 20½ᶜᵐ.

145 1473 321 40 “References
494 1473 78 40 for
596 1472 197 41 further
821 1472 229 48 reading”:
1110 1482 43 38 p.
1182 1471 218 42 239-242.

75 1526 51 53 ©
161 1531 115 46 July
309 1530 38 49 8,
381 1530 141 47 1931;
558 1531 65 39 2c.
659 1531 115 47 July
808 1531 80 45 16;
925 1530 81 42 aff.
1041 1531 116 46 July
1190 1531 82 46 15;
1309 1531 40 39 A
1382 1530 171 48 39565;
1590 1532 168 39 World
1793 1531 122 40 book
1950 1541 67 31 co.

153 1586 280 48 (31-19218)

69 1681 244 66 Reeder,
343 1681 209 56 Edwin
582 1682 257 66 Hewett,
870 1688 171 51 1892-

151 1758 350 71 Geography
536 1759 95 53 for
665 1760 193 68 public
894 1761 190 52 school
1120 1760 482 67 administrators,
1634 1761 76 68 by
1747 1760 210 53 Edwin
1992 1759 77 53 H.

80 1836 1965 145 Reeder … New York city, Teachers college, Columbia university, 1931.
150 1992 664 49 3 p. l. , 100 p. illus. 20 ᶜᵐ.
149 2048 247 41 “Selected
425 2049 365 49 bibliography”:
848 2060 44 38 p.
921 2049 188 45 99-100.

75 2102 51 52 ©
158 2108 113 46 May
299 2106 70 48 28,
399 2107 142 47 1931;
571 2107 67 41 2c.
669 2109 115 47 July
813 2109 52 46 3;
899 2108 81 40 aff.
1011 2109 115 47 July
1156 2109 82 47 16;
1272 2110 41 38 A
1341 2109 172 48 40380;
1548 2111 53 41 E.
1633 2111 59 38 H.
1726 2111 199 47 Reeder,
1956 2111 118 40 New

143 2164 142 39 York.
357 2164 279 48 (31-18825)

69 2257 208 66 Reilly,
306 2257 207 57 Helen.

199 2333 1873 73 … Murder in the mews … Garden City, N. Y., Pub. for
67 2410 95 53 the
204 2410 190 55 Crime
435 2410 146 73 club,
620 2412 126 68 inc.,
785 2413 76 69 by
900 2413 360 70 Doubleday,
1300 2415 198 52 Doran
1539 2417 46 50 &
1624 2433 297 51 company,
1964 2416 105 52 inc.

147 2491 99 50 [ ᶜ1 931]
138 2570 276 49 315 p. 19½ ᶜᵐ.
140 2627 162 41 “First
331 2627 229 42 edition.”

75 2680 51 52 ©
162 2685 117 47 July
313 2685 67 48 16,
418 2684 140 48 1931;
595 2684 67 43 2c.
698 2687 95 40 and
829 2685 81 41 aff.
946 2687 115 46 July
1097 2687 82 46 24;
1216 2688 42 38 A
1292 2686 172 50 39660;
1503 2689 60 40 H.
1601 2687 173 49 Reilly,
1813 2690 259 49 Westport,

145 2741 145 41 Conn.
364 2741 280 49 (31-19089)

67 2833 209 68 Reilly,
304 2833 257 58 William
589 2836 175 66 John,
795 2842 171 51 1899-

133 2909 219 53 What’s
391 2911 273 69 stopping
699 2932 111 50 you
826 2915 18 52 ?
922 2914 91 70 By
1049 2913 260 57 William
1346 2916 56 55 J.
1442 2914 208 71 Reilly,
1776 2958 12 12 PH.
1846 2958 12 12 D.
1931 2916 138 53 New

68 2986 814 72 York, W. J. Reilly, ᶜ1 931.
134 3069 57 40 48
214 3079 44 38 p.
319 3069 127 42 illus.
485 3071 261 50 (facsims.)
839 3074 56 41 19½ᶜᵐ.

75 3122 51 52 ©
157 3128 129 40 June
314 3128 68 48 12,
414 3127 140 44 1931;
589 3128 66 42 2c.
688 3131 125 38 June
843 3130 82 42 25:
960 3130 82 42 aff.
1073 3132 128 41 June
1230 3133 84 48 24;
1349 3133 40 40 A
1419 3134 172 47 40090;
1627 3136 71 40 W.
1731 3135 46 42 J.
1809 3134 173 49 Reilly.

151 3183 282 50 (31-18991)

68 3276 234 68 Rocine,
335 3277 205 55 Victor
572 3280 254 65 Gabriel,
860 3288 169 48 1855-

135 3353 1872 76 The gentle art of loving wisely, by Victor G. Rocine …
66 3430 352 70 Containing
448 3451 31 33 a
508 3433 272 54 scientific
810 3435 313 54 discussion
1152 3456 72 34 on
1254 3438 95 53 the
1378 3444 163 63 great
1568 3446 214 63 mystery
1850 3440 64 53 of
1944 3442 124 51 love

66 3508 112 52 and
206 3527 97 34 sex
332 3510 141 51 with
503 3528 72 34 an
603 3510 172 53 index
806 3512 261 69 whereby
1096 3532 112 50 you
1237 3534 133 49 may
1401 3517 235 68 analyze
1664 3518 257 67 yourself
1953 3519 112 52 and

67 3584 134 68 find,
242 3604 309 49 moreover,
592 3588 127 53 who
760 3588 47 53 is
847 3589 95 53 the
984 3591 160 68 right
1181 3610 104 35 one
1328 3592 93 53 for
1460 3612 113 50 you
1613 3595 75 68 by
1729 3613 95 35 use
1865 3595 65 52 of
1968 3596 96 53 the

64 3662 229 54 Lovers’
320 3664 188 52 index.
571 3665 212 53 Edited
812 3667 125 52 and·
950 3668 220 53 revised
1196 3669 76 69 by
1298 3671 151 52 Vera
1477 3672 229 53 Rocine.
1775 3672 290 71 [Chicago,

64 3738 1088 74 Advance printing company, ᶜ1 931]
139 3821 272 49 128 p. 23 ᶜᵐ.
72 3873 51 52 ©
155 3879 115 48 July
301 3880 39 45 3,
374 3879 140 48 1931;
547 3880 68 41 2c.
648 3881 115 48 July
795 3882 80 46 13;
910 3882 82 42 aff.
1025 3884 116 47 July
1172 3885 82 42 11;
1291 3885 40 39 A
1361 3886 172 48 40329;
1570 3888 125 39 Vera
1728 3889 193 42 Rocine.
139 3891 1906 94 Chicago.
339 3936 281 50 (31-19098)
