2505 4370
1310 4042 31 44 646

304 382 323 67 Goodman,
660 385 224 65 Henry,
922 389 170 51 1893-
1308 386 84 54 ed.

376 461 1942 73 Stories of the city, selected by Henry Goodman … and
303 541 2018 132 Bruce Carpenter … New York, The Ronald press company [ ᶜ1 931]
376 702 81 48 vii,
493 701 84 41 331
616 712 42 38 p.
723 701 56 40 20½ᶜᵐ.
942 703 226 48 (Modern
1206 702 225 41 America
1470 702 152 43 series
1659 703 52 40 of
1748 704 203 47 English
1989 706 144 40 texts.
2174 705 57 39 H.
2269 705 53 42 A.

305 759 150 48 Watt,
485 758 100 49 ed.)

375 815 347 50 Biographical
750 819 167 39 notes;
949 829 40 37 p.
1018 816 221 43 327-331.

310 884 52 52 ©
397 890 114 46 Apr.
543 888 70 48 25,
648 887 142 49 1931;
823 889 66 40 2c.
925 889 112 48 Apr.
1072 887 56 40 29;
1193 888 82 42 aff.
1310 889 113 50 Apr.
1458 888 57 41 28;
1576 890 41 39 A
1651 889 145 41 36827;
1863 890 190 40 Ronald
2089 900 136 38 press
2260 900 67 30 co.

387 946 283 49 (31-11376)

306 1041 231 63 Grussi,
567 1041 304 64 Alphonse
901 1043 78 52 M.

380 1119 123 53 The
539 1119 241 54 father’s
814 1137 176 48 curse,
1026 1138 31 34 a
1093 1119 296 53 historical
1428 1138 261 35 romance
1725 1120 65 53 of
1827 1122 94 51 the
1959 1121 139 52 time
2132 1121 64 52 of
2235 1119 96 56 Sir

308 1198 225 54 Walter
562 1198 266 69 Raleigh,
859 1198 74 69 by
964 1199 138 52 Rev.
1134 1198 71 52 A.
1237 1198 82 54 M.
1352 1197 218 56 Grussi.
1649 1200 237 68 Boston,
1917 1200 121 52 The
309 1198 1997 146 Christopher

486 1275 782 71 publishing house [ ᶜ1 931]
377 1360 86 40 184
496 1371 42 37 p.
600 1359 57 40 20½ᶜᵐ.

311 1426 52 53 ©
392 1431 114 48 Apr.
535 1432 69 48 15,
633 1430 142 49 1931;
807 1433 67 38 2c.
904 1432 96 40 and
1030 1431 81 42 aff.
1140 1432 115 48 Apr.
1287 1433 82 46 18;
1401 1433 38 38 A
1469 1431 171 49 36567;
1676 1431 319 49 Christopher
2026 1432 109 48 pub.
2165 1433 165 40 house.

391 1488 282 49 (31-31273)

305 1586 209 65 Haley,
545 1586 156 53 John
731 1585 310 57 Williams.

378 1665 157 55 “The
572 1667 96 53 old
706 1671 158 49 stone
901 1665 188 54 bank”
1126 1666 225 72 history
1390 1667 65 53 of
1491 1666 202 54 Rhode
1731 1666 217 54 Island,
2026 1686 51 34 v.
2116 1670 48 50 2.
2241 1668 91 68 By

306 1746 1999 132 John Williams Haley … Providence, R. I., Providence institution
528 1825 93 53 for
651 1825 250 69 savings,
934 1828 152 50 1931.

378 1906 887 49 141 p. front., illus., plates. 24 ᶜᵐ.
312 1974 52 53 ©
399 1978 111 42 Feb.
544 1978 69 49 28,
648 1978 140 47 1931;
824 1977 68 42 2c.
927 1979 114 47 May
1074 1978 82 47 25;
1194 1978 83 40 aff.
1313 1979 114 47 May
1460 1977 82 49 22;
1581 1979 38 38 A
1653 1978 172 47 38432;
1864 1977 297 41 Providence
381 1976 1932 101 institution
572 2037 79 39 for
683 2037 210 47 savings.

309 2132 218 65 Hatch,
555 2131 257 55 William
842 2133 208 63 Henry
1076 2130 203 66 Paine,
1312 2132 172 55 1875-

381 2212 188 54 Greek
608 2214 112 52 and
762 2212 213 70 Syrian
1011 2212 341 52 miniatures
1387 2212 58 52 in
1486 2211 340 70 Jerusalem,
1864 2211 141 53 with
2044 2230 72 34 an
310 2211 1998 134 introduction
572 2293 112 51 and

712 2311 27 33 a
769 2290 351 69 description
1147 2290 64 54 of
1235 2291 135 52 each
1395 2289 64 55 of
1484 2291 95 53 the
1606 2296 364 64 seventy-one
1995 2291 339 54 miniatures
308 2371 354 68 reproduced

718 2369 1615 70 [by] William Henry Paine Hatch … Cambridge,
309 2451 193 67 Mass.,
526 2449 122 53 The
674 2447 325 55 Mediaeval
1025 2449 272 68 academy
1324 2447 64 54 of
1411 2447 287 70 America,
1725 2451 152 50 1931.

383 2528 1950 51 xiii, 136 p. LXXII pl. (incl. facsims.) on 36 1. 25 ᶜᵐ. (Half-title: The
313 2589 274 40 Mediaeval
620 2589 233 46 academy
884 2587 52 39 of
966 2586 239 40 America.
1268 2586 309 40 Publication
1609 2597 75 30 no.
1719 2587 49 47 6)

384 2646 88 41 750
498 2646 160 49 copies
686 2646 124 39 have
838 2646 114 38 been
984 2644 207 48 printed,
1222 2644 54 40 of
1303 2644 159 40 which
1492 2643 99 41 this
1620 2644 41 40 is
1692 2655 74 31 no.
1797 2644 99 40 56.”

386 2705 107 39 “All
533 2705 81 39 the
657 2703 157 39 Greek
855 2702 215 48 pictures
1112 2712 85 30 are
1236 2703 260 46 preserved
1538 2701 48 39 in
1629 2702 188 40 codices
1861 2701 257 48 belonging
2161 2706 48 36 to
2252 2702 81 40 the

315 2763 157 39 Greek
504 2761 303 48 patriarchal
840 2760 187 47 library
1060 2760 49 38 in
1142 2760 290 45 Jerusalem,
1467 2760 96 38 and
1597 2758 82 40 the
1715 2759 177 48 Syrian
1925 2759 292 40 miniatures
2251 2769 83 30 are

315 2821 147 41 taken
496 2820 128 39 from
660 2830 24 29 a
722 2817 304 49 manuscript
1062 2817 48 40 in
1146 2817 81 40 the
1265 2815 177 50 Syrian
1478 2817 240 40 orthodox
1754 2820 205 38 convent
1996 2817 53 41 of
2085 2817 69 42 St.
2192 2817 142 40 Mark

314 2880 47 38 in
394 2879 109 40 that
536 2876 338 49 city.”—Pref.

382 2935 353 47 Bibliography
754 2945 8 29 :
798 2944 43 38 p.
874 2933 64 41 xi.

316 3004 52 53 ©
396 3009 115 46 Apr.
537 3007 70 47 25,
635 3005 108 40 1931;
807 3005 65 39 2c.
902 3005 113 47 Apr.
1043 3003 83 46 30;
1156 3001 81 42 aff.
1269 3002 111 48 Apr.
1410 3000 56 40 29;
1524 3003 40 38 A
1592 3002 172 49 36847;
1797 3003 272 42 Mediaeval
2100 3004 233 47 academy

385 3066 52 39 of
469 3064 238 40 America.
780 3061 281 49 (31-11818)

313 3162 295 63 Heygate,
638 3158 176 54 John.

382 3240 219 52 Decent
636 3235 224 54 fellows
916 3234 92 68 [by]
1051 3235 155 52 John
1244 3233 283 68 Heygate.
1604 3233 136 53 New
1782 3234 179 67 York,
1997 3236 54 53 J.
2095 3235 154 68 Cape
2285 3239 42 49 &

311 3315 536 67 H. Smith [ ᶜ1 931 ]
386 3399 82 48 vii,
498 3397 88 41 400
614 3407 43 38 p.
718 3394 57 41 19½ᶜᵐ.

319 3468 51 52 ©
406 3472 114 46 May
549 3471 42 43 4,
624 3468 107 41 1931;
800 3467 67 39 2c.
903 3467 111 46 May
1048 3464 51 48 6;
1136 3463 81 41 aff.
1256 3465 110 46 May
1400 3464 25 39 7;
1491 3465 36 37 A
1560 3463 138 41 37171;
1769 3464 43 42 J.
1847 3464 237 50 Heygate,
2120 3465 212 40 London.
397 3526 281 51 (31-11380)

315 3624 242 64 Holtby,
587 3619 315 57 Winifred.

385 3693 1944 72 Poor Caroline [by] Winifred Holtby … New York, R. M.
316 3779 276 53 McBride
622 3780 50 50 &
702 3792 299 51 company,
1032 3777 151 49 1931.

386 3856 536 51 3 p. l., 3-316 p. 20½ᶜᵐ.
322 3930 51 52 ©
407 3935 119 37 Mar.
557 3931 67 47 13,
655 3929 140 46 1931;
827 3930 66 39 2c.
923 3928 113 46 Apr.
1065 3926 83 46 23;
1180 3924 82 41 aff.
1296 3925 111 46 May
1439 3924 52 47 8;
1523 3925 38 37 A
1592 3924 173 48 38288;
1798 3924 179 41 Robert
2011 3927 61 40 M.
2106 3926 226 42 McBride

389 3994 36 38 &
458 4002 67 28 co.
597 3985 279 47 (31-26726)
