2505 4370
1124 3986 133 51 1259

177 447 75 68 by
292 446 86 54 W.
426 445 67 55 G.
539 444 209 68 Query,
792 447 296 65 secretary.
1166 441 319 66 Columbia,
1532 440 57 57 S.
1635 441 81 69 C.,
1759 441 274 53 National
2075 445 101 47 tax

177 522 354 69 association,
561 525 147 50 1930.

247 604 135 49 xviii,
413 604 85 39 557
526 614 43 37 p.
629 602 179 47 diagrs.
870 601 55 40 21½ᶜᵐ.

183 671 51 52 ©
270 673 113 49 Apr.
420 672 67 48 10,
524 672 139 47 1930;
700 672 66 40 2c.
804 672 125 39 June
964 672 68 48 23,
1070 670 140 49 1931;
1249 670 71 40 aff;
1383 671 119 47 Aug.
1539 668 83 51 28;
1660 670 41 39 A
1735 669 148 41 41298;
1945 668 231 40 National

254 734 84 38 tax
366 739 127 31 assn.

178 824 243 65 Neville,
452 824 203 53 James
684 821 369 58 Mandeville.

246 900 147 54 Rich
442 899 173 69 Irish,
662 900 78 69 by
788 900 197 55 James
1032 900 81 53 M.
1149 898 241 55 Neville.
1480 899 141 54 New
1671 898 180 61 York,
1904 899 270 56 Coward-

176 977 640 69 McCann, inc. [ ᶜ19 31]
249 1055 591 53 5 p. l., 3-320 p. 19 ᶜᵐ .
183 1125 51 52 ©
269 1128 116 49 July
416 1128 69 47 27,
519 1128 139 45 1931;
694 1127 68 42 2c.
796 1128 96 39 and
926 1126 81 42 aff.
1044 1128 114 47 July
1191 1128 84 46 28;
1311 1128 42 39 A
1384 1127 172 48 40777;
1595 1126 457 46 Coward-McCann,
2089 1128 90 40 inc.

261 1185 279 49 (31-21308)

179 1281 144 51 New
354 1281 180 51 York.
609 1282 184 67 Laws,
821 1286 256 65 statutes,
1105 1288 100 47 etc.

250 1359 119 53 The
401 1360 386 52 consolidated
817 1360 138 53 laws
985 1360 63 52 of
1079 1359 138 52 New
1246 1358 181 68 York,
1458 1358 326 67 annotated,
1815 1379 58 34 as
1905 1360 275 52 amended

181 1442 58 48 to
273 1437 94 53 the
401 1439 145 51 close
580 1437 63 51 of
676 1438 93 50 the
802 1436 229 69 regular
1063 1436 211 54 session
1308 1436 64 52 of
1406 1437 95 51 the
1536 1433 357 72 Legislature
1928 1436 64 52 of
2028 1440 152 49 1931.

181 1513 212 55 Edited
422 1515 76 68 by
527 1514 194 51 Minor
750 1514 334 69 Bronaugh,
1114 1513 240 54 assisted
1380 1515 78 68 by
1488 1513 193 69 Ralph
1715 1514 229 55 Straub.
2020 1513 163 53 Book

179 1591 138 53 35A.
358 1592 272 67 Multiple
694 1590 272 70 dwelling
1030 1593 124 51 law.
1230 1590 341 70 Northport.
1634 1592 71 53 N.
1771 1592 91 69 Y.,
1927 1592 254 54 Edward

182 1670 330 68 Thompson
541 1686 296 52 company,
870 1671 148 51 1931.

250 1750 84 42 149
366 1761 42 37 p.
470 1749 53 41 23½ᶜᵐ.

187 1817 51 52 ©
266 1821 116 49 July
406 1821 69 47 25,
504 1820 139 47 1931;
672 1820 67 41 2c.
766 1821 120 46 Aug.
913 1820 82 48 21;
1026 1820 82 42 aff.
1135 1821 122 48 Aug.
1284 1821 82 47 20;
1396 1821 42 39 A
1463 1820 146 42 40919;
1668 1823 212 39 Edward
1908 1823 278 49 Thompson

254 1890 66 30 co.

184 1970 180 67 Niles,
392 1974 139 54 Mrs.
560 1971 181 57 Blair.

309 2046 1813 73 … Strange brother. New York, H. Liveright, inc. [ ᶜ19 31]
247 2127 276 49 341 p. 19½ ᶜᵐ.
245 2185 65 40 At
337 2186 125 40 head
493 2186 51 39 of
571 2185 109 41 title;
740 2185 73 48 By
842 2184 139 43 Blair
1009 2185 150 42 Niles.

188 2252 52 52 ©
264 2256 118 48 Aug.
409 2257 68 46 13,
504 2255 111 41 1931;
670 2256 66 41 2c.
762 2257 120 47 Aug.
905 2256 82 48 20;
1015 2257 81 41 aff.
1123 2257 119 48 Aug.
1269 2258 55 39 21;
1379 2258 41 40 A
1443 2258 145 41 41142;
1644 2261 54 40 B.
1724 2260 148 48 Niles,
1898 2261 118 40 New
2041 2262 143 40 York.

267 2312 279 50 (31-21431)

186 2409 142 63 Noe,
359 2409 239 63 Sydney
626 2408 212 65 Philip.

257 2485 1868 77 The coinage of Metapontum, pt. 2. By Sydney P. Noe …
187 2563 137 53 New
354 2565 179 68 York,
563 2566 120 52 The
712 2565 306 54 American
1046 2566 365 54 numismatic
1441 2567 228 72 society,
1702 2573 149 49 1931.

256 2644 891 51 3 p. l., 334 p. front., plates. 17 ᶜᵐ.
191 2709 52 53 ©
277 2713 116 49 July
427 2716 39 45 1,
500 2714 140 47 1931;
674 2716 68 40 2c.
775 2716 121 48 Aug.
928 2715 83 48 22;
1048 2716 81 39 aff.
1165 2717 118 49 July
1316 2719 83 47 17;
1434 2719 42 39 A
1507 2719 173 49 41196;
1717 2721 258 41 American
258 2719 1912 96 numismatic
431 2772 196 48 society.

189 2867 266 52 Number
482 2870 156 67 eight
664 2871 115 67 Joy
803 2875 198 62 street;
1031 2891 31 33 a
1087 2873 222 68 medley
1335 2873 64 52 of
1424 2892 164 49 prose
1612 2877 113 51 and
1750 2895 156 34 verse
1933 2877 94 53 for
2049 2879 139 67 boys

260 2946 111 52 and
428 2946 141 68 girls
624 2947 75 69 by
755 2948 289 54 Laurence
1098 2948 316 71 Housman,
1470 2950 297 71 Algernon
1824 2954 365 70 Blackwood,

257 3022 191 55 Mabel
477 3023 242 52 Marlow
773 3026 111 51 [and
913 3025 205 66 others]
1197 3026 254 55 Wilfred
1483 3029 206 53 Ernest
1720 3031 235 66 Parker,
1987 3033 200 55 editor.

259 3100 137 54 New
426 3101 178 67 York,
630 3101 70 52 D.
731 3101 293 69 Appleton
1052 3105 112 52 and
1191 3122 298 51 company,
1519 3109 148 51 1930.

283 3182 72 39 1 v.
195 3232 51 53 ©
279 3236 124 50 Sept.
435 3236 68 48 26,
534 3236 116 41 1930;
704 3238 67 41 2c.
802 3239 96 40 and
927 3238 80 42 aff.
1040 3240 126 47 Sept.
1197 3240 56 41 29;
1313 3242 39 39 A
1383 3242 142 42 27881;
1585 3245 58 42 D.
1674 3245 238 48 Appleton
1943 3247 36 40 &
2010 3259 67 31 co.

192 3347 220 63 Ogden,
445 3346 202 54 James
676 3348 275 65 Matlock,
984 3351 170 54 1870-

258 3423 121 53 The
424 3423 111 52 law
581 3422 64 53 of
691 3424 320 69 negotiable
1056 3426 389 70 instruments,
1492 3429 301 71 including
1838 3434 351 70 promissory

189 3506 175 50 notes,
406 3500 132 53 bills
582 3500 64 53 of
688 3501 302 70 exchange,
1031 3503 153 52 bank
1226 3505 199 54 checks
1469 3507 113 53 and
1626 3510 160 52 other
1831 3512 357 55 commercial

192 3595 192 50 paper,
419 3576 139 53 with
592 3577 178 54 forms
803 3578 64 52 of
897 3579 289 72 pleading,
1217 3582 138 52 trial
1387 3583 264 55 evidence
1683 3587 113 53 and
1826 3588 136 53 trial
191 3605 1972 116 procedure,

192 3653 1966 150 by James Matlock Ogden … 3d ed. … Chicago, Callaghan and company, 1931.
263 3812 1266 56 xix, 689 p. 23 ᶜᵐ. (National textbook series)
199 3864 51 53 ©
283 3870 118 47 Aug.
436 3870 39 42 8,
509 3869 138 46 1931;
681 3870 67 41 2c.
781 3872 95 39 and
909 3871 81 43 aff.
1024 3872 119 49 Aug.
1176 3873 83 48 12;
1294 3876 40 38 A
1367 3874 170 51 39989;
1575 3879 270 50 Callaghan
1879 3884 36 40 &
1948 3894 65 31 co.

276 3925 280 51 (31-21526)
