2505 4370
1074 3988 135 53 1247

193 458 1066 58 [253] p. illus. (part col.) music. 26 ᶜᵐ .
124 533 52 54 ©
212 537 120 48 Aug.
367 532 70 51 14,
474 533 140 49 1931;
652 532 67 44 2c.
755 532 120 49 Aug.
911 531 82 48 21;
1033 530 80 42 aff.
1153 529 121 51 Aug.
1311 530 82 47 26;
1434 530 40 38 A
1510 529 171 43 41257;
1723 527 127 42 John
1890 525 226 43 Martin’s

191 595 163 48 house,
380 593 91 39 inc.

119 716 258 66 Shipley,
408 716 220 63 Joseph
659 713 272 65 Twadell,
966 717 170 50 1893-

183 791 121 52 The
340 791 238 68 literary
613 788 153 71 isms,
800 788 76 69 by
911 788 216 67 Joseph
1165 789 65 52 T.
1270 785 255 69 Shipley.
1602 783 235 72 Seattle,
114 785 1980 154 University
253 867 64 56 of

340 866 381 69 Washington
748 864 146 54 book
918 870 166 64 store,
1112 866 150 50 1931.

186 943 1934 56 44 p. 19 ᶜᵐ . ( Half-title : University of Washington chnpbooks, ed. by
118 1007 51 43 G.
200 1006 213 49 Hughes,
471 1015 74 31 no.
571 1004 81 50 49)

190 1062 146 41 “This
360 1071 140 39 essay
527 1062 43 38 is
594 1073 26 28 a
647 1061 331 48 development
1005 1060 50 38 of
1080 1057 186 41 certain
1295 1058 226 47 chapters
1547 1058 49 39 in
1624 1058 83 40 the
1733 1057 218 42 author’s
1977 1058 142 47 study

119 1118 52 41 of
193 1118 203 49 literary
420 1116 268 49 technique,
714 1115 102 40 The
838 1117 140 48 quest
1002 1115 76 39 for
1104 1113 407 49 literature.”—p.
1543 1113 54 50 [6]

129 1185 51 55 ©
220 1192 114 45 May
369 1189 70 48 18,
478 1187 140 48 1931;
658 1185 67 45 2c.
763 1187 122 47 Aug.
923 1185 55 40 10;
1046 1185 81 40 aff.
1167 1184 121 50 Aug.
1326 1183 53 49 5;
1421 1185 41 38 A
1500 1183 172 49 39957;
1715 1183 154 42 Glenn
1907 1184 215 47 Hughes,

198 1247 196 41 Seattle.
466 1242 279 52 (31-21197)

125 1369 241 65 Simart,
394 1368 281 54 Maurice.

194 1446 452 69 Interprétation
701 1446 75 53 du
828 1446 204 52 monde
1084 1444 285 69 moderne,
1423 1461 105 50 par
1579 1442 257 56 Maurice
1892 1443 232 54 Simart.

125 1526 185 68 Paris,
341 1526 66 51 E.
441 1524 409 69 Flammarion,
883 1525 149 51 1930.

198 1620 25 39 1
285 1649 9 8 v.
365 1616 363 50 (Bibliothèque
758 1618 58 39 de
843 1614 303 50 philosophie
1176 1613 327 51 scientifique)

131 1668 1935 58 © Nov. 20, 1930; 1c. Dec. 10; A— Foreign 9751; Ernest Flammarion.
127 1800 213 65 Smith,
368 1802 137 52 Mrs.
538 1799 254 52 Hannah
830 1797 303 67 (Whitall)
1173 1800 325 53 1832-1911.

195 1877 120 53 Das
355 1875 316 70 geheimnis
714 1875 150 52 eines
905 1872 389 71 glückseligen
1339 1873 190 52 lebens
1578 1891 128 48 [von]
1776 1873 214 53 Hanna
2033 1873 91 54 W.

128 1952 206 58 Smith.
407 1951 315 55 Neubearb.
760 1952 117 52 und
914 1950 315 54 erweiterte
1267 1950 130 52 aufl.
1471 1949 307 70 Hamburg
1841 1955 101 49 [etc.]

125 1950 1977 150 Advent-Verlag (e. v .) [ ᶜ 1930]
199 2111 84 41 182
312 2121 43 38 p.
386 2111 110 40 inch
528 2110 85 41 col.
645 2109 165 50 front.,
840 2110 170 48 plates.
1071 2108 146 42 20½ᶜᵐ.

135 2178 52 54 ©
224 2183 118 41 Nov.
381 2183 40 46 6,
461 2181 140 47 1930;
641 2180 66 43 2c.
749 2181 111 41 Feb.
898 2182 68 47 13,
1007 2180 113 41 1931;
1189 2180 312 49 A—Foreign
1540 2181 171 47 11558;
1753 2180 379 46 Advent-verlag

213 2238 514 50 (e. v .) (31-21728)
131 2360 355 67 Stemmons,
519 2360 243 67 Walter,
797 2367 171 49 1884-

206 2441 371 54 Connecticut
642 2439 377 71 agricultural
1084 2440 318 69 college—a
1468 2440 240 69 history,
1770 2440 77 71 by
1912 2441 224 54 Walter

136 2513 1999 65 Stemmons … research in collaboration with André Schenker
196 2592 1939 75 … with a foreword by Ralph Henry Gabriel … Storrs, Conn.,
209 2677 148 49 1931.

211 2750 1515 54 7 p. l., 258 p. front., illus. (map) plates, ports. 21½ᶜᵐ.
141 2819 52 55 ©
221 2825 113 47 May
359 2821 70 50 19,
454 2822 113 42 1931;
622 2823 66 41 2c.
717 2825 95 39 and
840 2823 80 42 aff.
948 2824 114 48 May
1086 2823 56 41 23;
1200 2824 40 40 A
1267 2823 145 43 38784;
1469 2823 316 45 Connecticut
1813 2825 324 49 agricultural

210 2882 189 47 college,
433 2881 175 42 Storrs.
639 2880 146 42 Conn.
856 2881 279 50 (31-14317)

138 2990 197 64 Stone,
367 2990 219 53 Archie
617 2990 268 57 Wilfred.

210 3068 187 53 North
438 3070 64 50 of
543 3070 95 52 the
678 3068 302 70 Nulhegan
1044 3070 91 69 [by]
1182 3069 212 56 Archie
1433 3070 254 55 Wilfred
1732 3070 189 56 Stone.
141 3071 1974 142 Rutland,
322 3145 115 70 Vt.,

466 3146 121 52 The
612 3146 156 71 Tory
796 3164 173 51 press,
1000 3150 150 50 1930.

209 3224 458 49 62 p., 1 l. 24½ᶜᵐ.
215 3282 183 40 “North
440 3282 52 39 of
532 3282 80 39 the
651 3282 268 49 Nulhegan,
960 3282 193 49 printed
1193 3283 62 48 by
1295 3284 82 41 the
1417 3284 127 49 Tory
1585 3295 138 38 press
1760 3284 51 41 in
1852 3295 61 30 an
1954 3285 184 41 edition

143 3339 188 41 limited
360 3341 48 38 to
438 3338 87 40 500
550 3337 174 49 copies.
786 3339 322 49 Typography
1137 3339 62 48 by
1227 3340 57 43 V.
1313 3340 83 42 O.”

213 3396 183 40 Poems.

147 3462 52 53 ©
226 3466 118 42 Nov.
371 3467 39 47 5,
439 3465 116 41 1930;
606 3465 67 44 2c.
700 3466 119 41 Nov.
846 3467 54 39 11;
959 3466 80 41 aff.
1067 3468 117 41 Nov.
1211 3466 60 43 10;
1325 3468 41 39 A
1392 3467 145 42 29924;
1593 3468 54 41 A.
1678 3470 70 40 W.
1782 3468 158 50 Stone,
1971 3469 168 41 Island

218 3524 148 47 Pond,
398 3524 75 39 Vt.
544 3521 280 53 (30-31400)

143 3631 185 65 Tafel,
360 3631 293 66 Wilhelm,
686 3637 171 51 1868-

208 3708 122 53 The
362 3708 200 68 theory
599 3707 112 55 and
745 3709 246 67 practice
1024 3709 63 54 of
1120 3708 212 71 rolling
1369 3710 150 68 steel,
1552 3711 74 68 by
1661 3709 271 56 Wilhelm
1965 3712 173 54 Tafel

202 3782 1936 82 … translated by Richard Rimbach … 2d ed. Cleveland, O.,
140 3862 120 54 The
299 3863 221 53 Penton
558 3862 333 71 publishing
928 3882 97 51 co.,
1067 3868 149 49 1931.
