2505 4370
1059 4013 98 49 855

84 477 192 41 dernier
316 477 29 40 à
384 478 48 38 la
476 474 188 42 Société
701 474 84 40 des
825 470 310 42 conférences
1175 470 28 39 à
1241 467 259 43 l’occasion
1539 468 84 38 des
1663 464 303 42 centenaires
82 475 1976 108 romantiques.”—Avant-propos.

88 593 1974 110 © Feb. 4, 1931; 1c. Apr. 17; A— Foreign 11733; Editions Bernard Grasset.
312 659 279 49 (31-14663)

82 755 202 63 Giono,
314 753 168 54 Jean.

213 824 1485 71 … Présentation de Pan. [Paris] Grasset [1930]
157 902 1685 58 2 p. l., 82, [1] p., 2 l. 39 ᶜᵐ . (Les amis des cahiers verts, V)
87 970 1992 69 © Oct. 25, 1930; 1c. Jan. 9, 1931; A— Foreign 10248; Éditions Bernard
162 1045 212 42 Grasset.
447 1043 278 48 (31-14665)

86 1137 250 65 Gordon,
366 1136 235 56 Samuel
632 1134 242 66 Dickey,
906 1139 169 51 1859-

158 1206 1928 78 Quiet talks on difficult questions, by S. D. Gordon … New
92 1284 1784 75 York, Chicago [etc.] Fleming H. Revell company [ ᶜ19 31]
151 1371 368 50 185 p. 18½ ᶜᵐ .
421 1460 8 8 CONTENTS.
446 1450 60 5 —
522 1426 102 41 The
669 1425 243 42 “woman”
961 1425 235 49 question.
1214 1447 60 7 —
1290 1426 100 39 The
1439 1424 201 41 “belief”
1687 1422 399 50 question.—The

86 1482 199 42 “Jesus”
324 1483 235 50 question.
576 1506 60 5 —
652 1483 100 39 The
793 1481 397 50 “tangle-of-life”
1232 1482 234 49 question.
1485 1503 59 5 —
1559 1482 102 39 The
1702 1478 382 43 “World-crisis”

84 1537 295 51 question.—
380 1540 103 40 The
518 1538 158 42 “Jew”
710 1538 235 51 question.

94 1594 52 53 ©
177 1600 113 46 May
321 1597 67 48 16,
421 1596 112 40 1931;
594 1597 68 40 2c.
694 1597 95 40 and
821 1595 81 41 aff.
935 1597 114 47 May
1078 1595 56 41 27;
1194 1595 41 40 A
1266 1594 145 42 38452;
1473 1593 221 48 Fleming
1725 1594 60 39 H.
1819 1593 167 39 Revell
2018 1602 68 31 co.

171 1654 280 49 (31-14717)

95 1749 176 65 Gray,
299 1748 204 56 James
533 1749 97 64 M.,
663 1752 172 52 1851-

158 1824 167 69 Steps
350 1842 73 34 on
445 1823 94 53 the
563 1822 199 54 ladder
785 1823 63 53 of
872 1823 151 53 faith;
1079 1823 230 55 written
1332 1823 94 51 for
1451 1822 97 53 the
1573 1820 376 55 information
1975 1820 111 52 and

87 1900 340 54 instruction
452 1899 65 55 of
540 1918 191 53 young
758 1899 200 70 people;
1015 1919 31 33 a
1072 1901 339 67 companion
1437 1899 224 54 volume
1685 1904 58 48 to
1771 1898 137 70 “My
1936 1897 150 54 faith

90 1973 1999 76 in Jesus Christ”; by James M. Gray … New York, Chicago
111 2051 1279 77 [etc.] Fleming H. Revell company [ ᶜ19 31]
158 2138 85 41 175
277 2149 41 37 p.
380 2137 145 41 19½ᶜᵐ.

100 2190 53 53 ©
183 2197 113 47 May
327 2195 69 48 16,
428 2194 112 41 1931;
601 2194 66 41 2c.
700 2195 96 40 and
828 2194 81 41 aff.
943 2196 113 47 May
1086 2195 55 41 27;
1202 2196 42 39 A
1276 2194 143 42 38452;
1482 2194 221 48 Fleming
1733 2195 60 39 H.
1826 2195 167 40 Revell
2025 2203 69 33 co.

178 2250 280 52 (31-14718)

97 2345 283 63 Grissom,
408 2347 172 53 Irene
606 2344 218 58 Welch.

168 2424 202 55 Verses
416 2426 65 53 of
524 2426 97 52 the
665 2443 124 35 new
834 2425 177 69 West,
1056 2425 75 70 by
1176 2423 169 57 Irene
1388 2425 201 55 Welch
1634 2423 276 73 Grissom,
1954 2423 139 55 with

97 2502 379 56 illustrations
500 2504 75 68 by
600 2502 147 55 Glen
770 2503 77 52 H.
875 2501 316 71 Spurgeon.
1270 2502 295 72 Caldwell,
1589 2503 110 70 Id.,
1724 2503 122 56 The
1873 2502 221 57 Caxton

96 2580 267 71 printers,
389 2581 123 68 ltd.,
543 2584 149 49 1931.

166 2660 87 41 viii
281 2670 58 39 p.,
366 2660 27 40 3
457 2691 9 16 l.,
492 2659 146 41 3-102
666 2671 42 37 p.
769 2661 163 48 front.,
960 2660 145 47 illus.,
1133 2662 174 47 plates.
1366 2661 147 41 19½ᶜᵐ.

105 2714 51 52 ©
190 2718 111 41 Feb.
333 2717 69 47 18,
436 2717 141 46 1931;
610 2716 67 42 2c.
710 2718 95 40 and
838 2717 81 41 aff.
953 2718 112 47 Apr.
1100 2718 82 47 16;
1217 2718 44 40 A
1291 2718 171 48 36814;
1499 2720 37 40 I.
1571 2719 72 40 W.
1677 2717 230 50 Grissom,
1944 2718 153 40 Idaho

172 2774 147 49 Falls,
354 2775 70 39 Id.
495 2773 279 49 (31-14980)

102 2866 321 68 Gruening,
458 2868 259 57 Martha.

230 2940 1867 77 … The story of mining, by Martha Gruening; with pictures
97 3020 75 69 by
203 3019 60 56 C.
294 3020 69 53 A.
395 3020 231 56 Klinke.
694 3020 135 56 New
862 3022 161 54 York
1055 3026 111 52 and
1198 3023 257 68 London,
1486 3023 231 68 Harper
1747 3025 46 50 &
1822 3022 275 55 brothers.

102 3100 151 53 1931.

171 3174 1807 59 3 p. l., 163 p. col. front., illus. 19½ ᶜᵐ . (City and country series)
174 3233 162 43 “First
368 3234 227 41 edition.”

174 3289 348 51 Bibliography:
582 3303 43 37 p.
656 3290 218 46 155-157.

113 3346 50 52 ©
191 3349 126 42 June
343 3351 39 47 3,
411 3350 113 41 1931;
581 3350 65 41 2c.
675 3350 126 42 June
826 3351 26 39 2;
910 3352 81 41 aff.
1020 3352 126 40 June
1174 3352 25 40 5;
1258 3352 41 39 A
1325 3351 145 42 37697;
1528 3352 192 48 Harper
1750 3352 36 40 &
1813 3353 123 38 bros.

194 3406 279 50 (31-14732)

110 3500 241 65 Harlan,
385 3502 201 63 Edgar
616 3502 225 65 Rubey.

180 3579 56 52 A
281 3581 291 53 narrative
616 3580 222 71 history
883 3582 64 53 of
992 3584 95 51 the
1134 3583 201 67 people
1380 3582 63 53 of
1488 3582 177 69 Iowa,
1709 3581 140 53 with
1896 3581 211 68 special

113 3660 300 50 treatment
466 3657 63 52 of
579 3658 148 53 their
777 3659 154 55 chief
979 3658 339 69 enterprises
1369 3659 59 52 in
1480 3658 315 70 education,
1847 3659 261 69 religion,

114 3730 1931 79 valor, industry, business, etc., by Edgar Rubey Harlan …
115 3806 1995 79 Iowa biography … Selected and prepared by special staff of
117 3888 218 54 writers
364 3889 63 51 of
453 3890 95 52 the
575 3889 305 55 American
906 3892 294 56 historical
1227 3891 228 70 society,
1483 3892 108 53 inc.
1665 3911 50 33 v.
1747 3895 117 50 3-5.
1938 3892 170 53 Illus-
