2505 4370
977 4017 133 49 1105

69 388 282 64 Addison,
384 388 247 55 Charles
656 387 233 63 Morris,
924 393 170 49 1856-
1307 406 180 52 comp.

210 462 1851 71 … Prayers for the Christian year, compiled by the Rev.
77 539 1963 149 Charles Morris Addison, D. D. New York, London, The Century co. [ ᶜ1 931]
146 697 1686 51 xi, 258 p. 18 ᶜᵐ. (The Century devotional library) $1.50
71 754 51 51 ©
153 757 125 40 June
308 757 68 47 19,
406 756 110 44 1931;
577 756 67 42 2c.
675 758 94 39 and
802 757 80 40 aff.
913 757 115 46 July
1058 758 19 37 1;
1142 757 42 38 A
1210 755 145 42 40197;
1418 756 214 48 Century
1662 767 66 30 co.

149 815 279 47 (31-18838)

65 908 329 63 Aitchison,
433 907 205 55 Alison
676 909 67 54 E.

74 984 1963 130 … Across seven seas to seven continents, by Alison E. Aitchison …
317 1061 1745 69 and Marguerite Uttley … Indianapolis, New York,
75 1138 1127 68 The Bobbs-Merrill company [ ᶜ1 931]
71 1218 1969 105 6 p. l. , 316 p. illus., maps (1 double) 19 ᶜᵐ. (Bobbs-Merrill geographic series)
68 1328 51 51 ©
152 1332 114 48 July
298 1333 68 47 10,
399 1332 113 40 1931;
572 1332 67 41 2c.
667 1332 119 47 July
820 1334 80 40 14;
934 1332 81 41 aff.
1050 1333 113 47 July
1197 1334 82 46 15;
1314 1333 40 39 A
1386 1331 170 49 39481;
1593 1333 367 40 Bobbs-Merrill
1994 1345 67 30 co.

139 1386 67 53 [©
234 1401 105 29 new
367 1392 192 46 matter]
632 1389 278 46 (31-18829)

71 1483 1962 130 … North America by plane and train, by Alison E. Aitchison …
315 1560 1744 70 and Marguerite Uttley … Indianapolis, New York,
71 1637 1138 69 The Bobbs-Merrill company [ ᶜ1 931]
139 1718 1918 50 5 p. l., 404 p. illus. (incl. maps) 19½ ᶜᵐ. (Bobbs-Merrill geographic
69 1775 174 49 series)

65 1829 51 51 ©
153 1833 111 47 July
295 1832 58 40 10,
394 1832 115 40 1931;
571 1833 66 39 2c.
670 1833 114 39 July
819 1834 78 40 14;
934 1832 80 39 aff.
1048 1833 115 47 July
1197 1833 54 38 15;
1315 1834 39 38 A
1385 1832 171 48 39481;
1591 1833 368 41 Bobbs-Merrill
1993 1846 66 28 co.

144 1890 281 48 (31-18828)

57 1984 247 64 Barnes,
333 1984 199 53 Frank
562 1984 226 64 Edwin,
819 1986 171 54 1867-

141 2061 355 69 Estimating
544 2061 264 69 building
857 2066 172 61 costs;
1084 2061 122 53 first
1259 2061 215 53 edition
1523 2061 304 69 published
1877 2062 180 52 under

69 2139 95 52 the
201 2139 125 52 title
362 2138 65 52 of
464 2139 353 68 Estimating
854 2138 266 69 building
1158 2143 146 48 costs
1341 2139 113 53 and
1493 2138 340 70 appraising
68 2139 1963 145 buildings,

240 2216 1816 68 by Frank E. Barnes … 3d ed. New York and London,
67 2291 432 56 McGraw-Hill
527 2293 147 53 book
701 2311 297 50 company,
1028 2292 125 70 inc.,
1189 2296 149 49 1931.

203 2373 1021 48 xv, 656 p. incl. illus., tables, diagrs. 18½ ᶜᵐ.
65 2427 51 51 ©
147 2432 115 47 July
291 2432 54 37 15,
391 2431 111 40 1931;
563 2432 66 39 2c.
660 2433 94 38 and
787 2432 81 40 aff.
901 2432 115 46 July
1046 2432 55 39 18;
1162 2432 40 39 A
1231 2432 172 47 40405;
1440 2431 348 42 McGraw-Hill
1821 2433 124 39 book
1976 2443 81 34 co.,

131 2487 90 41 inc.
292 2489 129 47 (31-18
464 2489 83 38 820
560 2490 11 41 )

58 2583 239 67 Bishop,
329 2583 138 55 Carl
492 2584 58 56 S.

126 2658 1865 72 L. Wilbur Messer, an appreciation, by C. S. Bishop …
56 2739 138 53 New
222 2739 179 67 York,
428 2739 362 53 Association
818 2757 173 50 press,
1022 2742 148 50 1931.

124 2820 1240 51 3 p. l. , ix-x, 218 p. 2 port. (incl. front.) 19½ᶜᵐ.
62 2875 51 51 ©
143 2880 116 47 July
285 2879 69 47 10,
382 2879 114 40 1931;
553 2879 65 39 2c.
649 2878 115 48 July
792 2880 52 37 21;
906 2879 81 41 aff.
1017 2880 116 46 July
1161 2880 54 39 13;
1274 2880 40 38 A
1341 2879 145 41 40447;
1547 2879 47 40 C.
1627 2879 44 41 S.
1701 2879 195 48 Bishop,
130 2880 1909 96 Kansas

243 2936 248 47 City,-Mo.
566 2935 280 47 (31-19286)

55 3030 218 65 Brady,
302 3031 158 54 John
489 3030 217 65 Edson,
735 3032 84 54 ed.

123 3107 243 52 Federal
403 3106 259 69 banking
700 3107 154 52 laws.
933 3109 131 49 1931
1107 3107 104 67 ed.,
1249 3125 61 34 as
1349 3106 275 53 amended
1663 3112 58 47 to
1762 3107 201 52 March
2004 3111 50 63 4,

56 3187 160 57 1931;
257 3202 30 34 a
323 3184 373 67 compilation
730 3183 65 54 of
827 3183 95 53 the
959 3183 220 53 federal
1213 3188 258 63 statutes,
1507 3184 320 67 applicable
1862 3191 58 46 to
54 3204 1974 110 national

269 3262 180 53 banks
487 3262 112 52 and
637 3266 143 48 state
818 3261 178 53 banks
1036 3262 111 52 and
1185 3266 149 48 trust
1374 3262 322 67 companies
1734 3262 184 53 which
1960 3282 93 33 are

53 3340 273 52 members
354 3338 65 53 of
444 3339 94 53 the
569 3338 220 53 federal
816 3357 216 34 reserve
1063 3342 226 63 system,
1318 3338 140 52 with
1487 3339 351 68 regulations
1867 3340 64 52 of
1957 3341 98 52 the

54 3415 2000 69 Federal reserve board, edited by John Edson Brady … New
55 3494 161 52 York
241 3494 133 68 city,
402 3494 200 67 Brady
629 3492 334 69 publishing
989 3492 382 71 corporation,
1402 3496 150 49 1931.

122 3576 103 48 xiii,
256 3574 87 42 340
372 3586 43 37 p.
476 3575 56 40 17½ᶜᵐ.

60 3630 51 51 ©
141 3634 114 40 July
283 3634 38 42 7,
350 3632 109 40 1931;
520 3632 65 39 2c.
615 3632 94 39 and
738 3630 81 41 aff.
850 3631 114 46 July
993 3631 59 40 18;
1105 3631 44 38 A
1174 3629 142 41 40401;
1380 3632 130 39 John
1537 3632 163 41 Edson
1729 3634 177 46 Brady,
1938 3635 118 40 New

126 3691 145 40 York.
345 3688 280 49 (31-18980)

54 3785 253 64 Branch,
338 3785 284 53 Leonora.

125 3857 1865 73 The training of literary judgment, by Leonora Branch …
54 3942 109 52 Los
190 3939 266 70 Angeles,
483 3939 54 55 J.
568 3939 67 53 R.
664 3937 210 67 Miller.
906 3940 148 48 1931.
