2505 4370
1253 4040 136 51 1116

338 370 282 66 Murphy,
652 371 290 66 Gardner,
975 378 173 51 1895-

408 446 1891 80 Experimental social psychology, by Gardner Murphy …
335 525 2001 152 and Lois Barclay Murphy … New York and London, Harper & brothers, 1931.
407 687 1273 55 6 p. l. , 709 p. incl. diagrs., forms. plates. 22 ᶜᵐ.
407 744 165 42 “First
599 745 230 41 edition.”

407 802 208 41 “Notes”
662 803 286 50 containing
990 803 342 51 bibliography
1376 808 53 39 at
1473 807 94 41 end
1610 810 52 38 of
1706 809 121 40 each
1872 809 232 50 chapter;
332 809 2010 102 “Bibliographical
618 859 141 42 note”:
821 871 43 38 p.
911 859 100 52 [694]

340 913 55 54 ©
430 918 119 48 July
582 918 72 47 15,
688 916 143 49 1931;
866 918 71 41 2c.
970 919 119 48 July
1123 920 83 47 15;
1246 919 84 43 aff.
1367 920 118 48 July
1519 922 84 48 17;
1639 923 43 39 A
1715 922 176 50 39497;
1927 925 200 49 Harper
2162 926 36 41 &
2232 928 127 40 bros.

423 974 285 50 (31-18981)

332 1071 257 65 Palmer,
619 1071 234 57 Stuart.

331 1147 1999 137 Ace of jades, by Stuart Palmer … New York, The Mohawk
531 1246 177 52 press,
738 1231 151 51 1931.

403 1309 88 41 244
517 1321 44 38 p.
652 1310 27 41 19½ᶜᵐ.

338 1363 53 54 ©
423 1369 117 47 July
570 1367 42 49 2,
644 1367 142 48 1931;
820 1368 68 42 2c.
920 1367 116 49 July
1069 1369 52 46 8;
1157 1368 81 41 aff.
1273 1370 117 48 July
1423 1370 82 48 15;
1539 1371 42 41 A
1610 1370 173 51 39617;
1819 1374 230 40 Mohawk
2080 1384 152 40 press,
2265 1376 92 42 inc.

419 1425 282 49 (31-19275)

334 1506 205 54 Pierre
583 1506 185 64 Key’s
811 1508 240 55 musical
1097 1508 175 56 who’s
1317 1511 157 67 who;
1522 1528 32 35 a
1596 1510 403 71 biographical
2042 1533 207 52 survey
2292 1515 67 54 of

402 1587 1953 75 contemporary musicians … 1st ed., 1931. New York, P.
401 1666 149 70 Key,
578 1667 109 53 inc.
724 1669 174 65 [1931]

402 1747 1115 50 2 p. l., 3-498 p. illus. (incl. ports.) 24 ᶜᵐ.
334 1805 200 41 Editors:
595 1804 129 49 1931,
756 1806 51 40 P.
840 1806 53 40 Y.
927 1806 54 40 K.
1013 1806 106 48 Key
1151 1808 96 38 and
1281 1807 142 40 Irene
1454 1808 51 38 E.
1539 1807 214 49 Haynes.

400 1863 229 40 Includes
660 1861 307 50 advertising
995 1864 197 41 matter.

335 1916 53 54 ©
424 1922 129 39 June
584 1920 69 46 10,
688 1919 143 48 1931;
866 1920 67 42 2c.
970 1920 129 41 June
1132 1920 81 47 18;
1254 1920 82 42 aff.
1373 1921 116 48 July
1524 1922 52 47 7;
1615 1922 41 40 A
1690 1921 173 50 40270;
1903 1923 169 42 Pierre
2105 1925 119 49 Key,
2262 1925 91 41 inc.

416 1976 284 52 (31-19202)

326 2059 382 56 Plutarchus.

398 2136 330 55 Plutarch’s
770 2137 224 68 Quyete
1034 2137 65 53 of
1137 2138 214 69 mynde
1391 2138 320 54 translated
1752 2139 76 69 by
1867 2140 255 54 Thomas
2159 2141 196 68 Wyat,

329 2215 355 69 reproduced
714 2216 60 52 in
806 2215 287 55 facsimile
1121 2215 156 54 from
1305 2216 97 53 the
1431 2233 145 53 copy
1607 2217 60 53 in
1697 2218 98 53 the
1824 2218 206 70 Henry
2061 2218 69 54 E.
327 2216 2002 149 Huntington

326 2293 2002 137 library; with an introduction by Charles Read Baskerville …
637 2372 368 72 Cambridge,
1034 2373 194 69 Mass.,
1258 2373 278 54 Harvard
1566 2374 322 69 university
1919 2393 178 50 press,
2130 2378 150 51 1931.

395 2455 1955 54 xiv, [4] p., facsim: [56] p. 16½ ᶜᵐ. (Half-title: Huntington library
325 2513 355 50 publications)

397 2565 1952 56 Facsimile has title: ¶ Tho. Wyatis translatyon of Plutarckes boke/
324 2621 2008 109 of the Quyete of mynde. [Colophon: ¶ Imprinted at London in Fletestrete
509 2686 61 48 by
602 2685 245 41 Richarde
877 2686 196 49 Pynson
1164 2704 10 31 …]

397 2742 299 49 Dedicatory
728 2743 174 48 epistle
932 2742 149 42 dated:
1142 2743 104 39 The
1273 2743 99 39 last
1402 2743 96 47 day
1530 2743 50 39 of
1612 2742 277 40 December,
1969 2774 211 9 M.D.XXVII.

396 2797 1951 47 “The translation was made … from a Latin translation of the Greek
325 2859 60 47 by
413 2858 222 41 William
668 2858 152 47 Budé,
851 2858 160 41 which
1045 2869 103 29 was
1181 2857 258 50 published
1473 2859 52 39 at
1556 2856 143 42 Paris
1732 2859 136 46 early
1901 2857 49 39 in
1984 2858 83 40 the
2097 2857 246 42 sixteenth

324 2917 205 46 century
563 2916 155 40 under
751 2916 85 40 the
865 2916 109 41 title
1008 2917 71 38 De
1113 2914 369 49 tranquillitate
1513 2916 48 40 et
1595 2914 267 41 securitate
1898 2913 445 43 animi.”—Introd.

329 2970 53 54 ©
416 2975 128 39 June
576 2972 40 50 2,
652 2972 140 44 1931;
828 2973 55 40 2c
916 2973 96 41 and
1048 2972 80 40 aff.
1166 2973 127 39 June
1329 2972 54 39 12;
1449 2972 40 39 A
1522 2970 172 49 38789;
1731 2972 259 41 President
2025 2973 96 39 and
2155 2970 191 43 fellows

397 3032 53 39 of
491 3032 232 39 Harvard
766 3031 192 48 college.
1004 3030 305 47 Cambridge,
1354 3030 146 39 Mass.
1593 3025 51 53 [©
1688 3028 349 51 introduction]

407 3088 283 50 (31-19105)

321 3171 164 65 Post,
514 3174 140 53 Mrs.
684 3169 199 66 Emily
919 3168 231 68 (Price)
1189 3170 174 56 1873-

385 3246 327 70 Etiquette;
749 3247 157 54 “The
941 3246 130 54 blue
1104 3246 147 54 book
1289 3246 64 56 of
1389 3245 172 55 social
1598 3244 225 69 usage”,
1858 3244 74 69 by
1968 3242 197 72 Emily
2202 3245 140 54 Post

327 3319 2012 80 (Mrs. Price Post) … illustrated with private photographs and
319 3401 309 57 facsimiles
652 3403 65 52 of
743 3401 172 55 social
946 3403 197 53 forms.
1219 3402 140 54 New
1390 3401 115 54 and
1534 3404 107 53 enl.
1672 3401 106 68 ed.,
1806 3401 141 54 with
1976 3403 67 51 48
2073 3418 175 52 pages
2276 3400 64 53 of

316 3498 247 37 answers
595 3486 57 47 to
688 3481 246 54 readers’
968 3480 303 69 questions.
1349 3480 137 53 New
1526 3478 162 56 York
1725 3478 113 54 and
1873 3478 260 69 London,
2170 3477 168 55 Funk

313 3558 903 73 & Wagnalls company [ ᶜ1 931]
388 3638 1802 55 xviii p., 1 l., 740 p. front., illus., plates, fold. tab., diagrs. 23½ᶜᵐ.
388 3698 163 42 “First
583 3698 181 43 edition
799 3697 268 51 published,
1101 3699 130 47 July,
1265 3699 130 40 1922.
1457 3699 116 43 New
1607 3699 96 40 and
1734 3700 229 47 enlarged
1996 3698 197 48 edition,
319 3694 2001 106 published.

525 3752 1627 52 November, 1927 … ninth printing, enlarged, June, 1931.”
390 3811 190 42 Earlier
620 3812 179 41 edition
841 3811 257 51 published
1139 3811 153 42 under
1332 3811 134 42 title:
1510 3811 249 49 Etiquette
1801 3812 47 39 in
1890 3812 193 48 society,
2125 3810 47 40 in
317 3806 2001 107 business,
465 3868 49 40 in
540 3868 194 49 politics
761 3872 96 39 and
884 3871 53 40 at
960 3871 152 38 home.

325 3921 52 53 ©
410 3926 128 40 June
568 3927 58 39 30,
671 3927 107 39 1931;
847 3926 68 42 2c.
947 3928 96 39 and
1076 3927 83 40 aff.
1190 3927 117 47 July
1341 3927 49 38 11;
1458 3927 39 38 A
1528 3925 173 48 40320;
1738 3927 141 40 Funk
1912 3926 37 41 &
1981 3925 254 50 Wagnalls
2269 3936 66 30 co.

405 3983 282 50 (31-18990)
