2428 4370
1207 4037 134 49 1938

258 399 254 69 Muncie,
544 399 206 57 Curtis
777 400 326 66 Hamilton,
1135 401 172 55 1887-

326 477 244 71 History
617 476 64 54 of
726 477 263 54 deafness
1036 477 113 54 and
1195 477 75 55 its
1314 482 323 62 treatment,
1681 476 75 70 by
1804 475 100 55 Dr.
1954 475 195 55 Curtis
2193 476 75 53 H.

254 555 991 70 Muncie … [Los Angeles, 1931]
326 638 877 49 cover-title, 23 p. plates. 25½ ᶜᵐ .
329 710 325 40 “References
701 710 124 39 from
875 712 106 38 text
1030 710 94 39 and
1175 709 234 40 scientific
1457 709 200 40 articles
1704 710 59 48 by
1813 709 234 41 author”:
2098 721 43 37 p.
2190 710 82 45 19;

257 764 324 43 “References
623 770 48 37 to
715 766 193 40 Muncie
948 765 170 40 clinics
1162 767 96 38 and
1304 767 224 38 research
1573 766 157 39 which
1775 767 123 38 have
1941 768 242 45 appeared
2226 767 47 39 in

259 824 78 49 lay
363 821 355 50 publications”:
779 834 42 37 p.
852 822 70 41 20.

265 890 52 53 ©
359 895 109 40 Feb.
508 896 70 46 15,
617 894 114 40 1931;
798 894 68 41 2c.
907 895 94 38 and
1042 892 81 41 aff.
1164 892 102 41 Oct.
1306 894 83 46 17;
1431 893 39 39 A
1508 892 173 48 43303;
1724 894 47 41 O.
1813 894 61 39 H.
1914 892 207 49 Muncie,
2160 894 117 39 New

333 952 145 41 York.
549 951 281 50 (31-33738)

325 1073 122 53 The
487 1073 288 53 universal
812 1091 162 37 cause
1013 1073 64 52 of
1116 1072 265 55 deafness
1419 1075 112 52 and
1569 1072 243 69 hearing
1849 1072 252 54 restored
2140 1075 133 52 thru

258 1150 450 55 reconstruction
762 1150 64 53 of
877 1150 94 52 the
1024 1149 357 55 Eustachian
1432 1149 179 71 tubes,
1664 1149 73 71 by
1792 1149 103 55 Dr.
1951 1149 195 56 Curtis
2197 1150 78 55 H.

254 1227 920 73 Muncie … [Brooklyn] 1931.
325 1309 706 52 20 p. illus., diagrs. 24 ᶜᵐ .
329 1381 299 50 “Reprinted
666 1382 50 39 in
754 1380 82 42 the
875 1382 232 39 interests
1147 1381 52 40 of
1235 1380 84 41 the
1356 1381 117 41 deaf
1511 1383 95 39 and
1647 1382 82 41 the
1767 1382 289 48 profession,
2097 1384 59 49 by
2197 1383 82 41 the

257 1437 358 44 International
644 1437 181 50 society
851 1438 78 39 for
956 1436 256 50 otological
1241 1438 226 40 research
1494 1438 354 48 incorporated,
1875 1438 126 40 from

2030 1439 83 40 the
256 1440 2005 95 Journal
373 1495 54 42 of
457 1494 85 43 the
573 1493 260 42 American
867 1493 303 48 osteopathic
1206 1494 309 48 association,
1553 1494 127 40 June
1714 1494 116 41 1931

1866 1497 94 39 and
1996 1496 82 40 the
255 1495 2005 106 Osteopath,
416 1552 185 48 March,
629 1551 159 42 1931.”

327 1607 226 42 Includes
584 1605 393 50 bibliographies.

265 1677 52 54 ©
358 1681 130 49 Sept.
523 1680 71 49 26,
633 1678 143 50 1931;
812 1679 68 42 2c.
918 1679 97 40 and
1051 1677 83 43 aff.
1173 1677 101 42 Oct.
1314 1679 83 47 17;
1437 1678 41 40 A
1513 1677 174 50 43304;
1728 1678 48 43 C.
1815 1680 61 42 H.
1916 1679 207 50 Muncie,
2161 1680 118 42 New

332 1740 147 40 York.
550 1737 281 51 (31-33739)

260 1865 253 65 Nabers,
542 1863 249 56 Charles
813 1863 272 65 Haddon,
1115 1867 172 51 1889-

327 1939 281 55 Gladness
629 1941 61 52 in
714 1938 297 56 Christian
1032 1940 215 67 living;
1274 1958 31 34 a
1328 1939 170 54 series
1519 1939 65 55 of
1609 1939 308 70 addresses,
1939 1940 74 70 by
2040 1939 237 57 Charles

256 2016 2017 71 Haddon Nabers … New York, Chicago [etc. ] Fleming H.
254 2095 749 71 Revell company [ᶜ193 1]
325 2180 334 50 94 p. 19½ ᶜᵐ .
266 2248 52 53 ©
351 2254 119 39 Nov.
504 2253 40 48 7,
577 2250 115 41 1931;
755 2250 66 40 2c.
856 2250 97 40 and
987 2248 81 40 aff.
1102 2249 119 41 Nov.
1254 2248 57 40 24;
1373 2249 42 39 A
1447 2248 146 42 44927;
1659 2250 222 48 Fleming
1913 2252 60 39 H.
2009 2252 168 40 Revell
2212 2263 67 31 co.

345 2309 282 50 (31-33871)

262 2433 240 64 Nelson,
533 2432 259 54 Howard
824 2433 62 54 C.

334 2509 296 70 Checking
659 2510 151 52 rules
838 2508 95 54 for
960 2507 354 54 mechanical
1344 2508 283 70 drawing,
1655 2509 76 69 by
1760 2510 261 53 Howard

261 2509 1993 147 C. Nelson … Peoria, Ill., The Manual arts press [ ᶜ193 1]
330 2669 551 50 32 p. diagrs. 22 ᶜᵐ .
268 2739 52 53 ©
346 2744 119 40 Nov.
494 2741 69 51 19,
590 2741 115 42 1931;
761 2741 66 41 2c.
854 2742 118 40 Nov.
1001 2741 57 39 24;
1116 2740 82 43 aff.
1226 2742 120 41 Nov.
1372 2742 56 40 23;
1484 2741 42 40 A
1551 2741 146 41 46015;
1756 2743 62 41 H.
1848 2742 50 42 C.

1926 2743 194 49 Nelson,
334 2745 1930 103 Monmouth,
549 2801 77 40 Ill.
697 2799 282 50 (31-33723)

263 2909 352 67 Nickerson,
645 2912 250 53 Warren
925 2911 197 65 Sears,
1156 2916 173 50 1880-

329 2989 166 53 Land
518 2989 74 52 ho
611 2990 228 52 !—1620;
895 3008 31 34 a
950 2988 273 54 seaman’s
1247 2993 157 64 story
1430 2988 64 53 of
1518 2989 97 53 the
1637 2987 335 70 Mayflower;
2026 2988 102 53 her

261 3006 1990 128 construction,
595 3068 102 51 her
734 3066 335 69 navigation
1108 3066 114 54 and
1260 3067 102 52 her
1400 3065 125 56 first
1562 3066 270 71 landfall,
1869 3067 73 71 by
1980 3066 89 54 W.
2111 3066 168 55 Sears

260 3144 1991 149 Nickerson … Boston and New York, Houghton Mifflin company, 1931.
333 3305 101 48 xix,
459 3303 86 41 155
570 3314 43 38 p.
667 3303 165 48 front.,
928 3336 9 16 pl.,
964 3314 139 38 maps
1140 3303 49 49 (1
1216 3303 134 47 fold.,
1378 3304 257 47 mounted)
1669 3307 156 46 plans.
1882 3306 148 41 23½ᶜᵐ.

336 3375 171 42 “Some
533 3376 53 40 of
612 3376 83 40 the
723 3385 196 32 sources
946 3375 53 41 of
1025 3375 322 41 information
1374 3376 282 41 consulted”;
1716 3387 45 38 p.
1792 3375 250 52 [153]-155.

271 3445 52 53 ©
355 3451 119 39 Nov.
505 3450 69 47 13,
606 3447 142 49 1931;
782 3449 67 42 2c.
880 3449 119 40 Nov.
1032 3447 83 48 20;
1150 3448 82 39 aff.
1264 3449 118 40 Nov.
1416 3448 83 49 19;
1533 3449 42 39 A
1604 3449 174 48 44881;
1818 3451 67 40 W.
1919 3450 46 41 S.
1998 3450 283 48 Nickerson,

339 3508 228 48 Daytona
597 3507 178 48 Beach,
805 3506 104 41 Fla.
980 3506 282 49 (31-33758)

268 3615 216 66 Nixon,
514 3616 204 55 Justin
749 3617 192 65 Wroe,
973 3621 171 50 1886-

341 3695 122 53 The
506 3696 183 51 moral
733 3694 161 55 crisis
938 3695 60 52 in
1044 3694 405 69 Christianity,
1492 3695 76 68 by
1612 3695 201 54 Justin
1854 3695 173 54 Wroe
2072 3694 208 54 Nixon.

270 3772 139 53 New
439 3772 164 53 York
632 3773 113 52 and
775 3772 261 68 London,
1064 3772 236 69 Harper
1328 3774 46 51 &
1400 3772 282 68 brothers,
1714 3775 152 50 1931.

343 3854 64 47 xi,
439 3853 84 42 197
553 3865 42 38 p.
656 3854 117 42 20ᶜᵐ.
837 3855 429 50 [Rauschenbusch
1297 3856 224 45 lectures,
1554 3854 488 49 Colgate-Roehester
2072 3853 209 48 divinity

269 3909 177 47 school,
479 3910 281 50 Rochester,
792 3912 55 40 N.
882 3912 69 50 Y.]

343 3979 163 43 “First
536 3982 229 41 edition.”
