2428 4370
1021 4053 133 54 1447

117 512 1453 67 x p., 1 l., 80, [16] p. incl. illus., plates, col. front. 19½ᶜᵐ.
121 584 287 43 Illustrated
440 580 359 49 lining-papers.

119 638 365 51 “Photographs
509 637 55 42 of
588 635 275 42 decorative
888 631 109 43 art”:
1055 631 87 50 [16]
1169 640 45 40 p.
1241 632 54 39 at
1322 630 105 40 end.

119 698 160 41 “First
309 695 225 42 edition.”

50 752 51 51 ©
133 755 126 48 Sept.
288 755 68 44 11,
385 750 112 42 1931;
554 750 66 39 2c.
653 749 125 47 Sept.
808 748 53 38 14;
921 745 79 41 aff.
1034 746 127 46 Sept.
1189 744 82 47 15;
1302 743 39 38 A
1370 741 143 41 41617;
1572 739 170 41 Alfred
1773 740 52 38 A.
1857 736 178 50 Knopf,

118 811 89 41 inc.
277 807 279 50 (31-24157)

48 888 447 57 Southwestern
533 888 284 61 reporter.
901 882 102 65 (2d
1039 881 145 62 ser.)

121 967 303 70 Kentucky
456 964 274 55 decisions
762 962 263 68 reported
1056 960 58 51 in
1148 957 180 56 South
1362 961 235 48 western
1630 960 273 63 reporter,
53 971 1967 129 second

199 1046 169 53 series.
459 1043 135 52 vols.
629 1045 67 48 34
738 1040 126 67 (2d)
908 1043 57 47 to
1000 1039 64 52 37
1110 1036 126 69 (2d)
1282 1033 295 69 February
1610 1039 57 46 to
1703 1033 155 67 May,
1895 1033 149 50 1931.

53 1108 1993 68 Annotated … with table of statutes construed. St. Paul, West
55 1199 333 70 publishing
415 1215 97 49 co.,
546 1199 148 50 1931.

127 1275 565 52 Various pagings. 26 ᶜᵐ.
58 1334 51 51 ©
134 1337 118 46 Aug.
277 1336 69 45 28,
371 1333 106 42 1931;
538 1333 66 40 2c.
631 1331 94 40 and
752 1330 79 40 aff.
861 1329 127 49 Sept.
1013 1328 55 39 24;
1125 1328 38 38 A
1187 1326 171 43 41816;
1387 1325 133 41 West
1546 1326 110 47 pub.
1682 1334 67 31 co.

55 1417 272 63 Stanton,
361 1412 173 54 Earle
564 1412 305 53 Kezartee.

53 1478 1965 146 Handbook of California evidence, by Earle Kezartee Stanton …
311 1565 267 70 Chicago,
609 1564 316 70 Callaghan
959 1564 111 52 and
1102 1578 295 52 company,
1430 1563 147 49 1931.

123 1645 459 50 xxvii, 514 p. 17½ ᶜᵐ.
63 1705 51 52 ©
153 1707 126 50 Sept.
315 1707 67 47 11,
418 1703 112 43 1931;
595 1704 65 40 2c.
697 1704 97 40 and
826 1701 82 42 aff.
946 1700 126 50 Sept.
1110 1700 56 40 15;
1230 1700 40 40 A
1305 1698 145 42 42319;
1517 1701 51 39 E.
1606 1700 56 38 K.
1703 1699 220 41 Stanton.
1961 1698 90 41 Los

132 1764 218 50 Angeles.
421 1761 279 50 (31-24486)

60 1845 122 53 The
212 1845 172 54 Stars
411 1843 113 53 and
555 1839 237 66 stripes.

132 1919 223 70 Squads
402 1917 194 55 write!
674 1920 55 52 A
777 1914 266 56 selection
1092 1914 65 54 of
1204 1915 96 54 the
1347 1916 122 52 best
1517 1915 198 68 things
1765 1915 57 54 in
1876 1932 178 50 prose,

62 2015 155 37 verse
257 1999 112 51 and
411 2002 231 47 cartoon
684 1994 152 54 from
876 1994 96 52 the
1017 1994 163 55 Stars
1220 1994 112 52 and
1373 1992 224 70 stripes,
1640 1991 198 57 official
64 2011 1965 133 newspaper

272 2074 64 54 of
364 2073 94 55 the
489 2075 70 52 A.
594 2075 65 51 E.
691 2073 64 53 F.
831 2070 230 71 Edited,
1093 2071 112 52 and
1236 2069 139 54 with
1408 2076 100 47 not
1540 2076 92 46 too
1664 2069 213 55 serious
64 2087 1964 121 comment.

66 2143 1968 154 by John T. Winterich … New York and London, Harper & brothers, 1931.
137 2306 1017 53 x p., 1 l., 335 p. incl. front., illus. 31½ ᶜᵐ.
142 2365 282 43 Facsimiles
455 2377 58 29 on
541 2364 362 49 lining-papers.

140 2421 162 44 “First
325 2421 228 43 edition.”

75 2477 51 51 ©
177 2480 125 49 Sept.
350 2480 68 47 16,
467 2479 110 40 1931;
655 2479 65 40 2c.
774 2479 124 46 Sept.
949 2477 80 47 16;
1082 2477 80 38 aff.
1216 2476 126 49 Sept.
1392 2477 82 44 18;
1525 2478 40 37 A
1611 2475 171 49 42394;
1834 2477 128 39 John
2010 2479 52 38 T.

142 2536 280 42 Winterich.
455 2536 114 40 New
601 2534 143 43 York.
818 2532 279 49 (31-24417)

73 2614 260 69 Steeves,
359 2614 289 55 Harrison
674 2615 169 63 Ross,
873 2619 171 51 1881-
1256 2616 84 53 ed.

141 2690 183 55 Three
355 2691 326 69 eighteenth
713 2696 237 64 century
981 2708 319 36 romances:
1331 2691 122 52 The
1485 2692 172 52 castle
1690 2690 66 53 of
1789 2689 275 68 Otranto;

76 2768 252 68 Vathek;
367 2768 120 54 The
523 2784 260 38 romance
817 2767 65 53 of
916 2768 95 54 the
1048 2766 197 71 forest,
1280 2768 141 52 with
1459 2787 73 34 an
1568 2768 390 54 introduction
1992 2769 75 68 by

75 2838 1970 155 Harrison R. Steeves … New York, Chicago [etc.] C. Scribner’s sons [ ᶜ1 931]
148 3000 1831 63 xxiii, [1], 585 p. 17 ᶜᵐ. (Half-title: The modern student’s library)
85 3060 51 51 ©
163 3064 118 47 Aug.
309 3063 56 40 28,
407 3061 138 48 1931;
576 3062 67 41 2c.
672 3064 94 39 and
794 3062 81 41 aff.
907 3062 127 49 Sept.
1060 3063 53 46 4;
1146 3063 41 38 A
1214 3062 170 47 41421;
1418 3062 201 43 Charles
1651 3063 264 44 Scribner’s
1945 3073 125 33 sons.

155 3116 67 53 [©
251 3119 343 49 introduction]
667 3118 277 51 (31-24442)

81 3197 313 64 Stoddard,
423 3197 139 56 Mrs.
593 3195 187 57 Anne.

153 3273 187 69 Bingo
378 3273 47 53 is
461 3290 97 50 my
593 3288 180 52 name,
808 3272 74 69 by
921 3272 166 54 Anne
1128 3271 320 70 Stoddard;
1489 3273 261 68 pictured
1789 3275 74 69 by
1901 3277 171 53 Berta

83 3350 112 53 and
228 3350 193 52 Elmer
454 3349 216 53 Hader.
745 3349 138 53 New
917 3348 163 54 York
1114 3349 111 55 and
1259 3349 259 71 London,
1552 3352 121 53 The
1708 3352 256 71 Century
1996 3372 78 35 co.

162 3429 100 52 [ ᶜ1 931]
160 3503 1435 60 [58] p. col. front., illus. (part col.) 21½ ᶜᵐ. $1.00
158 3565 164 41 “First
348 3563 260 50 printing.”

91 3618 52 52 ©
175 3622 125 49 Sept.
330 3623 68 40 15,
429 3620 110 42 1931;
598 3620 67 40 2c.
694 3621 94 40 and
816 3619 82 43 aff.
931 3619 125 49 Sept.
1088 3619 55 40 19;
1201 3620 40 41 A
1268 3622 144 40 41726;
1472 3622 214 50 Century
1716 3635 53 31 co.

169 3677 279 48 (31-24491)

91 3744 273 65 Thomas,
393 3742 209 58 Leslie.

161 3818 165 57 Since
358 3819 325 65 Columbus,
714 3836 72 34 an
815 3818 323 55 illustrated
1170 3819 221 71 history
1423 3819 64 55 of
1518 3820 265 58 America
1817 3824 94 54 for
93 3826 1963 141 children,

90 3891 1963 152 by Leslie Thomas. New York, W. Morrow and company [ᶜ1 931]
