2428 4370
1059 4073 134 50 1619

101 467 190 64 Peple,
331 466 276 52 Florence
647 461 227 56 Seiden.

170 555 120 55 The
327 554 98 54 red
463 552 113 54 and
611 550 172 55 white
818 554 194 63 secret,
1044 548 76 69 by
1155 546 272 54 Florence
1466 544 208 57 Seiden
1709 543 195 70 Peple,
102 541 1973 147 illustrated

317 634 77 67 by
423 632 191 52 Mabel
645 631 175 65 Betsy
849 626 148 54 Hill.
1071 625 342 68 Richmond,
1443 625 126 66 Va.,
1602 621 236 56 Garrett
1869 623 48 51 &
100 620 1976 158 Massie,

234 712 149 51 1931.

174 783 1093 59 ix p., 1 l., 129 p. incl. front., illus. 21 ᶜᵐ .
107 862 51 52 ©
192 864 99 41 Oct.
324 863 70 47 12,
426 862 111 39 1931;
598 859 68 41 2c.
700 858 99 42 Oct.
833 857 58 40 16;
950 855 82 41 aff.
1066 856 102 42 Oct.
1202 855 54 42 13;
1319 855 42 39 A
1390 853 148 42 44208;
1599 856 50 38 F.
1687 853 44 43 S.
1765 853 158 48 Peple,
175 851 1905 110 Richmond.

401 917 279 50 (31-29633)

115 1028 332 74 [Plummer,
476 1030 135 52 Mrs.
644 1023 311 56 Geraldine
983 1024 173 62 Mary
1183 1020 292 70 Simpson]

178 1120 119 54 The
335 1119 93 52 old
467 1118 138 52 Mrs.
644 1115 294 54 Plummer
973 1112 201 56 stories
1212 1112 96 53 for
1344 1111 152 54 little
1532 1128 148 36 ones.
1782 1108 166 57 [Sault
1990 1107 116 57 Ste.

109 1197 201 67 Marie,
338 1196 154 67 Ont.,
521 1194 166 68 Clipe
715 1192 264 69 printing
1004 1209 99 50 co.,
1134 1192 153 66 1931]

177 1278 284 48 cover-title,
492 1277 70 42 27,
601 1277 53 48 [1]
690 1285 42 39 p.
797 1276 127 39 illus.
984 1274 147 41 31½ᶜᵐ.

185 1348 284 42 Dedication
503 1347 165 48 signed:
731 1344 259 41 Geraldine
1022 1345 141 47 Mary
1197 1342 223 50 Simpson
1452 1342 260 41 Plummer.

183 1406 205 49 Caption
429 1405 132 40 title:
604 1403 90 41 Old
734 1403 114 40 Mrs.
889 1402 244 39 Plummer
1172 1400 174 42 stories
1383 1399 81 42 for
1500 1399 130 41 little
1667 1407 142 39 ones;
1849 1408 70 37 or,
1959 1398 145 40 What

113 1463 247 49 happened
389 1466 50 35 at
467 1462 84 37 her
578 1470 137 39 camp
742 1464 49 35 at
823 1458 301 48 Kensington
1150 1458 150 48 point,
1329 1456 285 48 Desbarats,
1642 1454 217 43 Ontario.

113 1525 1993 57 © 1c. Sept. 23, 1931; A ad int. 15534; pubd. Aug. 2; G. M. S. Plummer,
180 1589 281 47 Desbarats,
489 1586 302 50 Kensington
818 1588 88 46 Pt.,
934 1585 219 49 Ontario,
1180 1584 215 42 Canada.
1466 1582 281 52 (31-30701)

113 1699 219 63 Power,
361 1699 100 54 Sir
486 1696 250 66 D’Arcy,
769 1701 168 51 1855-

243 1784 1867 73 … The foundations of medical history, by Sir D’Arcy Power
174 1860 1734 75 … Baltimore, The Williams & Wilkins company, 1931.
219 1945 635 51 x, 182 p. pl., port. 19 ᶜᵐ .
184 2016 62 42 At
276 2017 124 39 head
429 2016 52 41 of
513 2015 108 41 title:
680 2015 153 41 Johns
863 2016 221 46 Hopkins
1116 2014 286 49 university.
1462 2014 236 42 Institute
1729 2014 51 40 of
1810 2015 82 39 the
1923 2014 186 48 history

116 2075 50 40 of
189 2073 250 42 medicine.

187 2126 1925 53 “These six lectures were delivered … at the Institute … during the
119 2188 97 40 late
240 2190 204 36 autumn
470 2187 53 39 of
548 2187 82 39 the
654 2195 117 39 year
793 2185 353 42 1930.”—Pref.

454 2243 172 39 CONTENTS.—The
667 2245 133 46 story
842 2242 51 41 of
935 2243 82 39 the
1055 2242 156 41 oldest
1251 2241 190 41 British
1480 2241 476 49 hospital.—Dining
1995 2242 117 39 with

115 2309 87 30 our
223 2302 262 38 ancestors.
508 2323 59 5 —
587 2297 291 51 Biography.
896 2321 59 5 —
972 2296 1143 52 Iconography.—Bibliography.—“Aristotle’s

118 2355 359 50 masterpiece.”

122 2423 51 52 ©
205 2426 128 49 Sept.
362 2427 71 47 25,
462 2425 112 42 1931;
635 2428 66 39 2c.
731 2428 96 39 and
856 2426 82 41 aff.
971 2427 102 40 Oct.
1104 2427 29 39 5;
1189 2426 43 41 A
1259 2425 148 42 42829;
1464 2426 243 41 Williams
1739 2426 36 41 &
1804 2425 210 42 Wilkins
2045 2437 66 29 co.

199 2482 279 51 (31-29789)

121 2575 202 67 Quirk,
353 2577 190 54 Leslie
572 2579 107 64 W.,
711 2583 170 50 1882-

188 2666 222 71 Jimmy
442 2685 132 50 goes
608 2673 60 48 to
702 2686 135 51 war,
869 2668 76 68 by
978 2669 186 53 Leslie
1196 2669 90 54 W.
1322 2668 206 68 Quirk,
1561 2668 141 53 with
1738 2668 383 53 illustrations

122 2743 71 71 by
232 2745 303 69 Raymond
573 2743 238 56 Lufkin.
886 2747 236 67 Boston,
1161 2746 196 70 Little,
1397 2747 231 66 Brown,
1669 2746 114 54 and
1821 2764 298 51 company,

125 2824 147 53 1931.

194 2902 1618 55 viii p., 2 l., [3]-295 p. incl. illus., plates, col. front. 20½ ᶜᵐ .
196 2975 287 41 Illustrated
513 2977 98 46 t.-p.
639 2977 97 39 and
764 2976 363 49 lining-papers.

129 3042 50 53 ©
210 3045 100 42 Oct.
340 3046 39 49 9,
409 3046 112 41 1931;
579 3047 67 42 2c.
677 3048 95 40 and
801 3048 82 39 aff.
915 3048 102 41 Oct.
1047 3049 57 39 15;
1161 3048 41 40 A
1230 3048 149 40 43290;
1436 3049 50 40 L.
1516 3049 71 40 W.
1621 3047 168 50 Quirk,
1822 3049 98 40 San
1952 3049 165 49 Diego,

198 3102 144 42 Calif.
413 3103 278 49 (31-29628)

130 3195 288 68 Rabelais,
452 3196 298 70 François,
785 3206 132 48 1490
959 3201 356 71 (ca.)-1553?

195 3286 120 55 The
342 3286 404 70 Urquhart-Le
772 3290 262 52 Motteux
1059 3291 345 53 translation
1429 3290 64 53 of
1517 3291 94 53 the
1639 3290 185 55 works
1851 3289 64 55 of
128 3291 1972 125 Francis

234 3365 292 65 Rabelais;
560 3365 105 53 five
695 3366 174 55 books
897 3367 64 52 of
990 3369 94 52 the
1116 3367 338 71 Gargantua
1484 3369 113 52 and
1628 3366 372 71 Pantagruel,
2028 3367 97 52 the

129 3440 447 71 Pantagruelian
614 3445 506 68 prognostication,
1158 3446 195 53 letters
1388 3445 153 54 from
1576 3445 174 69 Italy,
1788 3446 114 52 and
1937 3445 189 52 minor

131 3518 285 70 writings;
462 3521 206 67 edited,
709 3522 138 52 with
890 3541 71 33 an
1002 3523 389 53 introduction
1434 3524 113 52 and
1587 3527 176 64 notes,
1802 3522 77 70 by
1919 3522 206 53 Albert

130 3590 1994 74 Jay Nock … and Catherine Rose Wilson … illustrated with
132 3672 409 70 photographs,
576 3676 113 51 and
727 3677 433 66 reproductions
1193 3677 64 53 of
1290 3678 329 53 documents
1656 3679 113 53 and
1805 3679 95 52 old
1936 3678 189 68 prints

192 3747 1651 79 … New York, Harcourt, Brace and company, 1931.
201 3828 1927 61 2 v. fronts., illus., plates, ports., maps (1 fold., 3 double) facsims. 26 ᶜᵐ .
204 3901 159 49 Paged
393 3903 353 51 continuously.

204 3958 133 42 With
363 3960 364 48 reproductions
754 3961 50 41 of
828 3962 207 48 original
1062 3961 289 52 title-pages.

208 4014 158 43 “First
394 4017 226 41 edition.”
