2505 4370
1048 4013 132 48 1411

96 480 371 68 beseitigung,
498 477 300 53 fernsehen
828 476 117 52 und
974 473 276 55 bildfunk;
1312 473 89 53 ein
1436 471 398 69 funklexikon,
1865 488 111 35 von
2006 470 86 53 dr.

101 559 194 66 Eugen
357 557 235 66 Nesper,
657 554 103 53 mit
822 553 180 54 einem
1065 551 321 70 geleitwort
1450 567 110 37 von
97 548 1995 140 rundfunk-kom-missar

343 626 1751 69 dr. h. c. Bredow … mit 303 abbildungen. Berlin,
101 706 1333 71 Union deutsche verlagsgesellschaft [ ᶜ1 931]
162 792 86 40 330
276 802 42 37 p.
378 791 141 44 illus.,
549 792 178 45 diagrs.
788 789 56 40 23½ᶜᵐ.

167 846 429 42 “Funkliteratur”
615 857 9 29 :
658 856 42 38 p.
731 844 217 43 319-330.

104 900 1975 109 © Apr. 10, 1981; 1c. June 10; A— Foreign 12883; Union deutsche verlagsgesellschaft
654 960 493 48 zweigniederlassung
1174 958 181 41 Berlin.
1427 957 280 49 (31-23569)

100 1041 330 62 Neumann,
460 1040 240 63 Robert,
732 1040 171 54 1897-

225 1112 1627 70 … Karriere. Stuttgart, J. Engelhorns nachf., 1931.
165 1198 433 51 188, [1] p. 19 ᶜᵐ .
105 1250 1884 54 © Feb. 6, 1931; 1c. May 5; A —Foreign 12687; J. Engelhorns nachf.
184 1311 279 49 (31-23956)

104 1380 118 52 The
247 1394 127 36 new
401 1380 255 67 Century
682 1378 323 68 dictionary
1030 1378 63 51 of
1116 1378 94 53 the
1237 1376 247 69 English
1507 1378 300 67 language,
1832 1376 171 53 based
2030 1394 70 34 on

171 1463 206 44 matter
419 1454 235 53 selected
700 1454 151 52 from
892 1454 95 52 the
1030 1452 249 69 original
1322 1454 252 68 Century
1619 1453 323 68 dictionary
1985 1452 114 53 and

171 1532 239 68 entirely
450 1531 307 66 rewritten,
795 1530 139 54 with
970 1532 96 54 the
1102 1529 262 55 addition
1400 1529 63 54 of
1501 1549 30 33 a
1568 1535 160 63 great
1766 1537 231 45 amount
2035 1528 65 53 of

171 1627 121 34 new
327 1608 280 68 material,
642 1610 128 51 and·
790 1608 333 70 containing
1156 1609 98 52 the
1288 1613 162 64 great
1483 1626 147 35 mass
1666 1606 64 53 of
1765 1608 184 52 words
1987 1608 110 52 and

171 1686 231 68 phrases
438 1705 57 34 m
531 1685 274 71 ordinary
838 1703 110 37 use.
1026 1688 186 65 12,000
1245 1685 342 70 quotations.
1663 1688 136 51 4000
1835 1682 265 71 pictorial

173 1764 393 53 illustrations.
644 1764 212 54 Edited
886 1765 72 70 by
989 1766 75 51 H.
1097 1765 68 54 G.
1196 1765 213 67 Emery
1438 1764 113 52 and
1580 1764 74 54 K.
1683 1763 69 55 G.
1785 1766 312 64 Brewster;

173 1839 139 57 with
337 1842 387 66 supplements
751 1841 63 52 of
840 1859 306 51 synonyms
1173 1842 113 51 and
1314 1847 318 64 antonyms,
1661 1839 226 70 foreign
1916 1841 185 52 words

173 1921 112 51 and
326 1920 250 67 phrases,
616 1917 395 70 biographical
1052 1937 210 48 names,
1301 1918 405 69 geographical
1749 1937 210 49 names,
1997 1924 104 48 etc.

234 1996 1518 69 … New York, London, The Century co. [ ᶜ1 931]
177 2077 732 49 2 v. illus., col. plates. 28 ᶜᵐ.
177 2135 160 47 Paged
364 2134 354 48 continuously.

182 2192 102 39 The
331 2190 208 48 original
587 2192 214 47 Century
850 2190 274 48 dictionary
1172 2201 102 29 was
1324 2190 161 40 edited
1533 2191 60 47 by
1641 2190 216 41 William
1908 2191 196 47 Dwight

110 2248 239 48 Whitney.

114 2300 1998 54 © Sept. 9, 1931; 2c. each and aff. Sept. 12; A 41582; Century co. [©
182 2362 246 40 additions
455 2364 94 38 and
577 2363 303 48 alterations]
956 2362 279 48 (31-23786)

111 2426 278 66 O’Leary,
421 2431 136 51 Mrs.
588 2428 114 52 Iris
740 2428 286 66 (Prouty)
1066 2429 170 55 1878-

185 2507 119 52 The
334 2513 89 46 art
451 2508 63 51 of
543 2507 241 69 cooking
815 2508 92 53 for
936 2512 142 63 two;
1110 2526 80 48 or,
1221 2507 257 69 Feeding
1507 2509 186 69 Peter,
1721 2509 73 68 by
1826 2509 139 51 Mrs.
1996 2508 115 52 Iris

113 2583 1971 131 Prouty O’Leary … Philadelphia and London, J. B. Lippincott
260 2666 506 66 company [ ᶜ1 931]
349 2741 373 48 1 p. l., 5-206 p. 20 ᶜᵐ.
187 2798 282 47 Previously
500 2798 163 40 issued
692 2800 153 39 under
878 2799 107 41 title
1003 2811 8 28 :
1047 2799 213 49 Feeding
1288 2801 156 41 Peter.

121 2851 52 52 ©
202 2856 120 47 July
346 2856 39 47 6,
415 2856 140 46 1931;
587 2856 64 40 2c.
684 2858 99 40 and
809 2855 81 40 aff.
925 2857 126 48 Sept.
1080 2857 53 48 2;
1166 2859 41 37 A
1237 2858 171 47 41372;
1443 2859 43 39 J.
1519 2860 51 38 B.
1603 2859 280 48 Lippincott
1910 2870 66 29 co.
2041 2855 70 52 [©

188 2921 104 30 new
316 2915 193 46 matter]
581 2912 278 50 (31-23807)

117 2977 233 63 Pearce,
382 2978 273 65 William,
689 2982 108 67 bp.,
828 2985 171 49 1862-

185 3052 122 55 Our
342 3054 290 53 incarnate
668 3056 172 67 Lord,
874 3058 75 67 by
984 3055 219 70 Bishop
1239 3057 261 55 William
1536 3060 225 51 Pearce.
1839 3060 269 69 Chicago,

115 3132 112 57 Ill.,
253 3132 178 69 Light
458 3134 112 52 and
596 3133 104 52 life
728 3152 155 49 press
937 3138 151 62 [1931]

191 3212 269 49 144 p. 19 ᶜᵐ.
191 3269 236 40 Sermons.

123 3322 51 51 ©
203 3327 119 47 Aug.
347 3327 68 42 28,
446 3326 139 47 1931;
613 3329 65 37 2c.
707 3329 94 38 and
830 3328 80 39 aff.
942 3327 125 48 Sept.
1100 3329 51 45 5;
1182 3329 39 38 A
1247 3329 171 47 42147;
1450 3330 143 48 Light
1622 3330 36 40 &
1687 3330 86 41 life
1801 3341 147 37 press.

201 3382 279 50 (31-23782)

118 3448 368 64 Pokrovskïǐ,
523 3448 246 53 Mikhail
805 3449 402 65 Nikolaevich,
1248 3457 172 49 1868-

191 3528 242 67 History
478 3529 62 50 of
586 3529 221 68 Russia,
852 3529 150 52 from
1047 3531 94 52 the
1184 3531 226 53 earliest
1453 3531 163 53 times
1659 3537 58 48 to
1761 3533 95 54 the
1899 3533 110 54 rise
2053 3534 64 53 of

120 3606 354 51 commercial
507 3606 340 69 capitalism,
878 3608 74 68 by
985 3607 300 52 Professor
1317 3609 79 50 M.
1430 3609 68 51 N.
1532 3610 364 67 Pokrovsky;
124 3618 1967 117 translated

307 3682 1810 76 and edited by J. D. Clarkson … and M. R. M. Griffiths,
179 3760 1516 71 M. A. New York, International publishers [ ᶜ1 931 ]
193 3839 1133 50 xvi, 383 p. incl. maps. front. (port.) 24 ᶜᵐ.
127 3889 52 52 ©
205 3896 117 44 Aug.
349 3894 70 49 29,
446 3895 111 40 1931;
613 3896 67 41 2c.
710 3897 127 47 Sept.
864 3898 25 39 3;
947 3898 80 39 aff.
1059 3899 125 48 Sept.
1214 3900 25 38 2;
1298 3901 39 38 A
1364 3901 144 39 41405;
1566 3902 357 41 International
1953 3904 162 47 pubrs.

194 3962 80 37 co.,
305 3952 88 40 inc.
466 3952 277 50 (31-23776)
