2428 4370
1228 4068 134 53 1766

267 395 235 61 Hanna,
527 391 258 55 William
812 392 77 63 S.,
921 397 172 49 1860-

337 469 153 57 Ohio
525 469 138 54 trial
698 469 295 63 evidence;
1032 488 70 33 an
1141 469 323 68 exposition
1499 487 33 35 of
1598 469 97 53 the
1732 469 150 53 rules
1917 470 65 52 of
2017 469 263 53 evidence

307 546 281 71 governing
623 547 100 59 the
759 546 173 69 proof
968 547 65 53 of
1072 547 148 55 facts
1257 547 57 54 in
1354 548 95 54 the
1487 547 137 54 trial
1663 546 63 54 of
1764 547 134 54 civil
1937 548 235 67 actions,
2206 546 75 70 by

271 626 2009 67 W. S. Hanna … Indianapolis. The Bobbs-Merrill company
348 708 99 50 [ ᶜ1 931]
338 789 27 37 2
430 820 10 9 v.
498 788 61 40 26ᶜᵐ.

343 859 158 48 Paged
531 858 356 47 continuously.

372 916 160 41 “Based
581 926 58 30 on
692 914 317 49 Thompson’s
1060 915 122 40 Ohio
1234 916 113 38 trial
1399 915 242 43 evidence,
1694 915 207 45 relating
1953 918 48 37 to
2049 915 111 40 civil
294 925 1974 88 actions.”—Pref.

276 1041 52 52 ©
356 1045 103 41 Oct.
483 1044 58 40 29,
581 1044 111 40 1931;
749 1043 64 41 2c.
841 1043 120 40 each
985 1043 119 40 Nov.
1130 1043 54 47 4;
1213 1042 83 42 aff.
1322 1043 120 41 Nov.
1468 1042 25 41 6;
1549 1044 43 37 A
1615 1042 174 48 43801;
1818 1042 371 41 Bobbs-Merrill
2218 1053 67 30 co.

380 1102 259 41 (31-31899)

273 1198 436 62 Harnoncourt,
736 1195 163 54 René
924 1197 34 53 d’.

339 1272 320 54 Mexicana.
691 1291 28 34 a
752 1272 148 53 book
928 1272 65 53 of
1022 1273 252 67 pictures
1303 1274 75 66 by
1411 1273 155 52 René
1596 1272 487 53 d’Harnoncourt.
2149 1272 138 53 New

281 1351 172 69 York,
478 1352 72 53 A.
578 1353 72 52 A.
679 1350 226 70 Knopf,
934 1354 152 50 1931.

341 1434 455 49 3 p. l., 49 pl. 28 ᶜᵐ.
347 1507 244 48 Descripti
598 1517 54 29 ve
681 1508 105 38 text
811 1517 59 28 on
901 1516 164 30 versos
1098 1506 162 48 facing
1287 1508 173 45 plates.

345 1563 161 42 “First
551 1563 198 40 edition.”

284 1632 47 52 ©
360 1637 101 39 Oct.
488 1636 55 38 23,
584 1634 107 41 1931;
755 1636 65 39 2c.
848 1634 102 40 Oct.
977 1635 82 41 28;
1090 1635 81 39 aff.
1199 1634 101 40 Oct.
1328 1635 54 38 27;
1440 1636 39 37 A
1506 1636 143 37 44661;
1708 1634 171 41 Alfred
1908 1638 53 36 A.
1990 1635 181 47 Knopf,
2199 1636 91 40 inc.

360 1692 282 43 (31-31894)

280 1789 207 64 Hedin,
513 1790 155 54 Sven
695 1789 253 59 Anders,
1083 1797 66 42 1865-

405 1867 1880 70 … Rätsel der Gobi, die fortsetzung der grossen fahrt durch
313 1948 295 51 Innerasien
641 1949 55 50 in
726 1948 107 51 den
860 1946 200 69 jahren
1096 1949 323 51 1928-1930.
1500 1945 107 55 Mit
1636 1949 67 52 74
1729 1946 385 71 abbildungen
2148 1948 138 52 nach

276 2021 350 55 aufnahmen
670 2026 109 51 und
851 2024 352 57 zeichnungen
1244 2026 97 51 des
1414 2024 275 54 verfassers
1725 2026 113 52 und
1875 2025 184 53 seiner
312 2027 1953 126 mitarbeiter,

500 2102 167 53 sowie
700 2104 131 51 zwei
867 2101 391 69 vierfarbigen
1293 2103 216 52 karten.
1589 2103 257 68 Leipzig,
1878 2105 63 51 F.
1973 2105 70 52 A.
2078 2104 185 53 Brockh
317 2199 117 36 ans.
466 2184 147 50 1931.

354 2263 61 42 ix.
444 2263 87 39 335
561 2273 41 37 p.
665 2262 161 41 front.,
859 2263 170 48 plates,
1062 2268 147 42 ports.
1274 2264 55 38 24½ᶜᵐ.

354 2323 56 36 Ar
440 2320 123 40 head
594 2320 52 39 of
672 2320 135 40 title:
839 2320 126 41 Sven
991 2319 175 41 Hedin.

352 2377 167 48 Sequel
555 2383 46 35 to
630 2377 101 39 Auf
757 2387 194 34 grosser
977 2376 152 41 fahrt.

291 2430 1835 52 © June 2, 1931; 1c. Sept. 15; A—Foreign 13614; F. A. Brockhaus.
364 2492 281 48 (31-31752)

285 2584 381 58 Helvenston.
697 2586 240 56 Harold.

357 2664 180 51 Horse
580 2663 182 56 faces;
805 2664 369 67 impressions
1216 2663 65 54 of
1319 2665 294 53 horsemen
1658 2665 74 67 by
1773 2684 104 34 one
1922 2667 125 52 who
2093 2667 42 52 is
2180 2679 113 40 not.

289 2741 215 53 Harold
547 2741 373 54 Helvenston.
998 2740 303 69 [Stanford
1344 2742 356 70 University.
1741 2743 196 67 Calif.]
1982 2744 122 53 The
279 2745 1985 128 Paddock

453 2837 176 52 press,
659 2822 150 52 1931.

379 2902 897 49 6 p. l., 3-297 p., 1 l. incl. ports. 31½ ᶜᵐ.
354 2959 1894 52 “Of this book … three hundred and fifty copies have been printed”
290 3014 50 51 ©
376 3020 128 46 Sept.
539 3024 39 36 8,
614 3019 105 38 1931;
790 3018 65 41 2c.
892 3020 118 41 Nov.
1043 3022 54 41 2;
1135 3019 82 42 aff.
1254 3020 101 40 Oct.
1391 3023 54 36 31;
1512 3022 40 38 A
1585 3022 147 39 44570;
1799 3022 57 40 H.
1894 3022 50 40 F.
1982 3022 313 47 Helvenston,

360 3076 116 39 Palo
502 3077 126 43 Alto,
658 3077 144 39 Calif.
875 3077 281 44 (31-31827)

287 3171 365 59 Henderson,
682 3170 154 54 John
868 3173 173 54 Ford.

355 3244 277 55 Moments
662 3245 136 53 with
832 3246 95 55 the
956 3249 217 54 Master
1204 3247 183 57 Mind,
1421 3252 90 52 the
1545 3249 185 54 riddle
1760 3252 64 50 of
1856 3250 102 55 life
1991 3251 108 54 and
2135 3254 160 52 other

287 3342 201 43 poems,
527 3323 73 68 by
641 3324 55 54 J.
739 3325 151 51 Ford
933 3325 354 54 Henderson.
1394 3328 104 50 [Los
1545 3329 241 67 Angeles]
1854 3328 152 54 Priv.
2050 3328 130 69 pub.
2224 3330 69 67 by

404 3401 413 70 the author [ ᶜ1 931]
377 3485 528 49 6 p. l., 15-125 p. 24½ᶜᵐ.
359 3540 192 42 Printed
581 3553 57 28 on
667 3552 90 30 one
784 3543 102 40 side
911 3543 54 40 of
992 3544 99 39 leaf
1114 3545 123 48 only.

380 3601 128 45 Sept.
542 3599 68 43 28,
645 3599 105 40 1931;
821 3599 65 41 2c.
922 3602 94 39 and
1052 3601 81 41 aff.
1169 3601 102 42 Oct.
1306 3602 82 43 28;
1424 3605 37 36 A
1496 3605 172 41 43627;
1706 3605 42 37 J.
1785 3605 48 38 F.
1873 3606 298 39 Henderson.
2209 3606 89 38 Los

363 3657 213 37 Angeles.
650 3657 282 42 (31-31945)

293 3747 168 62 Hess,
489 3750 138 54 Mrs.
655 3750 335 56 Katharine
1023 3752 336 65 (Paddock)
1397 3760 169 49 1880-

455 3825 1842 74 … Textile fibers and their use, by Katharine Paddock Hess
432 3903 96 52 175
578 3904 395 56 illustrations.
1050 3906 272 70 Chicago.
1367 3910 429 68 Philadelphia.
1840 3912 57 54 J.
1944 3913 66 51 B.
287 3911 1985 119 Lippincott

431 3986 490 64 company [ ᶜ1 931]
