2428 4370
1217 4041 134 50 1966

347 466 342 48 157 p. 18 ᶜᵐ .
283 519 52 54 ©
365 526 119 38 Nov.
516 525 68 46 12,
615 523 141 48 1931;
788 525 67 39 2c.
886 525 95 38 and
1011 523 82 40 aff.
1124 524 117 39 Nov.
1273 523 83 48 30;
1389 524 41 38 A
1458 522 173 50 46039;
1665 525 54 40 E.
1750 523 49 41 C.
1833 522 236 49 Graybill,
351 523 1924 107 Clarksburg,
580 615 7 8 Ill.
655 578 69 53 [©
748 593 106 29 new
875 582 245 49 material]
1193 581 282 49 (31-34089)

278 676 326 65 Hamilton,
633 679 139 53 Mrs.
803 678 175 63 Mary
1007 677 208 64 Agnes
1250 676 367 67 (Adamson)
1657 681 174 51 1883-

347 754 242 53 Murder
623 754 60 53 in
719 756 95 51 the
850 756 197 52 House
1082 755 65 52 of
1180 773 306 50 commons,
1518 754 77 71 by
1628 756 172 68 Mary
1834 756 196 69 Agnes
277 756 1987 129 Hamilton.

468 833 260 69 London,
756 833 77 54 H.
864 832 323 70 Hamilton,
1217 833 104 55 ltd.
1357 836 173 65 [1931]

348 913 696 51 3 p. l., 9-315, [1] p. 19ᶜᵐ.
285 968 2011 53 © 1c. Nov. 23, 1931; A ad int. 15725; pubd. Oct. 15; M. A. Hamilton,
353 1030 212 40 London.
639 1029 282 49 (31-34486)

279 1122 254 64 Hoover,
562 1124 261 54 Herbert
853 1123 196 66 Clark,
1077 1141 146 53 pres.
1259 1126 65 53 U.
1354 1127 80 69 S.,
1465 1125 172 55 1874-

349 1202 56 51 A
443 1204 232 68 remedy
712 1203 93 52 for
843 1203 414 70 disappearing
1294 1223 167 50 game
1494 1202 186 68 fishes,
1717 1205 76 69 by
1830 1204 252 53 Herbert
2121 1203 178 55 Clark

279 1280 252 68 Hoover,
571 1281 287 54 foreword
897 1283 76 69 by
1009 1282 226 53 French
1278 1282 281 54 Strother.
1634 1282 313 54 Woodcuts
1983 1283 76 69 by
2098 1282 201 69 Harry

280 1358 244 55 Cimino.
601 1360 139 52 New
771 1359 180 70 York,
979 1360 378 68 Huntington
1387 1379 174 49 press,
1591 1363 152 50 1930.

354 1440 101 48 viii,
483 1441 56 38 41
569 1451 57 38 p.,
656 1442 24 38 1
710 1442 28 38 1.
769 1440 110 42 incl.
906 1440 166 49 front.,
1102 1441 145 48 illus.,
1276 1442 26 40 3
1332 1451 61 38 pl.
1459 1441 147 40 24½ᶜᵐ.

357 1498 92 40 “Of
478 1498 100 40 this
606 1498 108 41 first
743 1498 184 40 edition
957 1499 52 38 of
1037 1497 88 42 990
1154 1497 159 50 copies
1344 1499 101 40 this
1473 1499 43 40 is
1544 1498 205 41 number
1778 1498 128 41 543.”

354 1555 75 39 An
469 1556 204 40 address
712 1555 245 41 delivered
996 1556 167 40 before
1203 1557 86 39 the
1326 1557 153 38 Izaak
1517 1556 198 40 Walton
1754 1557 172 47 league
1968 1556 51 39 of
2058 1556 239 48 America,

284 1612 225 49 Chicago,
545 1612 205 47 Illinois,
784 1613 138 48 April
954 1612 41 49 9,
1029 1613 129 48 1927,
1192 1613 109 40 first
1334 1613 256 48 published
1623 1614 339 47 Washington,
1997 1612 127 42 1927.

355 1670 243 41 “Address
645 1670 53 41 of
742 1670 258 42 President
1045 1672 196 40 Hoover
1288 1676 52 36 at
1387 1671 224 41 Madison
1660 1670 306 49 courthouse,
2015 1670 280 49 Virginia”:

279 1739 42 37 p.
359 1728 189 50 [35]-41.

286 1781 52 53 ©
372 1785 128 49 Sept.
529 1785 70 49 29,
629 1785 142 48 1930;
801 1786 68 42 2c.
902 1786 101 41 Oct.
1035 1786 82 48 16;
1152 1786 80 40 aff.
1265 1787 113 40 Dec.
1409 1786 83 47 30;
1526 1786 42 40 A
1596 1786 173 47 34013;
1804 1786 311 48 Huntington
2147 1796 150 38 press,

354 1844 91 40 inc.
517 1843 282 50 (30-25944)

279 1938 267 64 Hudson,
579 1939 240 64 Manley
849 1939 257 65 Ottmer,
1141 1944 174 51 1886-

345 2014 122 52 The
497 2014 204 54 World
735 2022 178 62 court,
946 2019 342 64 1921-1931;
1326 2035 30 33 a
1389 2015 305 53 handbook
1728 2015 65 56 of
1824 2015 96 52 the
1952 2015 345 54 Permanent

275 2092 2020 73 court of international justice, by Manley O. Hudson … 3d ed.,
274 2187 111 36 rev.
420 2170 112 52 and
562 2170 250 68 brought
840 2190 78 49 up
949 2179 59 47 to
1038 2173 132 52 date
1211 2170 276 70 (October
1518 2175 49 64 1,
1598 2173 163 69 1931)
1839 2171 237 69 Boston,
2104 2173 192 68 Mass.,

274 2247 202 53 World
509 2266 167 51 peace
706 2248 361 57 foundation,
1099 2251 151 51 1931.

346 2330 669 50 5 p. l., 245, xiv p. 20½ᶜᵐ.
286 2385 53 52 ©
364 2391 118 40 Nov.
507 2389 40 44 2,
575 2390 142 47 1931;
745 2390 67 40 2c.
838 2391 118 39 Nov.
984 2389 82 47 16;
1096 2388 82 41 aff.
1206 2389 112 41 Dec.
1346 2389 82 48 23;
1458 2390 41 39 A
1524 2389 172 48 45011;
1727 2391 169 40 World
1921 2400 148 38 peace
355 2390 1923 98 foundation.
543 2447 281 49 (31-33861)

282 2543 364 64 Huysmans,
676 2543 161 53 Joris
863 2543 165 63 Karl,
1062 2543 327 56 1848-1907.

349 2621 251 68 Against
641 2621 97 52 the
780 2620 169 69 grain
988 2619 92 67 <A
1122 2620 232 53 rebours>
1429 2620 76 69 by
1544 2621 58 53 J.
1643 2621 76 52 K.
1760 2621 353 69 Huysmans,
2155 2620 142 54 with

279 2718 71 33 an
403 2698 394 54 introduction
848 2698 76 69 by
976 2698 301 53 Havelock
1328 2698 179 67 Ellis;
1563 2698 323 55 illustrated
1942 2699 77 70 by
2071 2699 226 53 Arthur

277 2777 372 70 Zaidenberg.
726 2777 139 54 New
901 2777 182 67 York,
1117 2777 341 53 Illustrated
1493 2777 247 54 editions
1774 2796 282 50 company
2138 2781 134 49 [ᶜ1931]

349 2860 1388 50 3 p. l., 11-339 p. incl. illus., plates, front. 24½ᶜᵐ.
286 2916 51 52 ©
368 2922 114 46 May
509 2919 70 48 26,
609 2918 141 42 1931;
782 2919 64 40 2c.
879 2920 95 39 and
1004 2918 81 40 aff.
1118 2920 114 46 May
1260 2917 83 43 27;
1376 2918 41 39 A
1445 2917 172 49 45219;
1652 2919 291 41 Illustrated
1973 2919 210 40 editions
2213 2930 83 36 co.,

357 2978 91 39 inc.
514 2973 67 54 [©
612 2970 345 55 illustrations]
1031 2976 283 49 (31-34094)

280 3059 214 64 Karpf,
523 3058 263 54 Maurice
814 3058 242 64 Joseph,
1088 3063 171 50 1890-

350 3138 120 52 The
507 3136 275 54 scientific
815 3136 152 53 basis
1004 3134 65 55 of
1105 3135 173 54 social
1317 3134 188 68 work;
1545 3154 31 34 a
1614 3135 175 71 study
1826 3135 58 54 in
1924 3135 210 70 family
2170 3154 123 36 case

280 3212 1984 150 work, by Maurice J. Karpf … New York, Columbia university
522 3310 176 51 press,
727 3294 152 51 1931.

347 3372 1396 51 xviii p., 1 l., 424 p., 1 l. tables (part fold.) 22½ᶜᵐ.
351 3431 239 40 “Errata”
617 3432 230 39 mounted
874 3441 60 29 on
961 3440 42 38 p.
1028 3429 101 43 326.

349 3488 383 47 “Bibliography
759 3488 52 39 of
840 3488 274 41 references
1145 3486 184 42 cited”:
1361 3496 43 39 p.
1433 3485 218 42 403-411.

285 3542 51 52 ©
371 3548 118 39 Nov.
526 3547 68 43 16,
631 3545 110 41 1931;
810 3546 67 41 2c.
914 3548 95 38 and
1046 3546 81 40 aff.
1165 3547 119 40 Nov.
1321 3545 81 48 19;
1441 3547 41 38 A
1517 3546 173 47 44884;
1730 3545 250 42 Columbia
2022 3546 272 47 university

352 3615 149 37 press.
574 3604 281 49 (31-34138)

277 3684 189 64 Kudo,
497 3685 325 65 Roksabro,
859 3690 171 49 1886-

347 3763 1884 70 Handbook of protozoology, by Richard Roksabro Kudo …
278 3841 136 51 with
453 3860 102 35 one
591 3843 263 52 hundred
890 3844 112 52 and
1037 3841 369 70 seventy-five
1444 3842 397 53 illustrations.
1920 3840 373 70 Springfield,

278 3917 113 59 Ill.,
419 3919 334 57 Baltimore,
780 3920 118 53 Md.,
947 3920 62 53 C.
1040 3920 62 55 C.
1130 3920 267 71 Thomas,
1428 3923 151 49 1931.
