2505 4370
1283 4063 104 55 170

397 484 461 49 121 p., 1 l. 19 ᶜᵐ .
397 540 352 50 “Cooperative
786 540 386 50 publications”:
1214 551 45 39 p.
1299 540 173 49 62-64;
1514 541 379 51 Bibliography:
1936 543 26 40 1
2002 543 104 42 leaf
2143 546 53 40 at
2236 544 106 43 end.

333 611 51 52 ©
420 616 110 39 Dec.
562 614 71 49 30,
666 612 141 48 1930;
841 613 68 41 2c.
942 614 110 40 Jan.
1085 614 39 49 5,
1157 612 142 49 1931;
1335 613 83 42 aff.
1452 614 110 41 Jan.
1595 614 83 48 15;
1713 615 42 39 A
1786 614 173 50 34062;

1996 615 209 49 Foreign
400 616 1929 97 missions
561 671 285 41 conference
874 671 52 40 of
952 671 158 41 North
1138 671 242 42 America.
1453 670 254 51 (31-4089)

328 767 173 66 Naft,
532 766 283 65 Stephen,
849 768 171 54 1878-

399 843 355 56 Conversion
775 844 354 69 equivalents
1148 844 61 52 in
1227 844 416 53 international
1660 845 166 53 trade
1842 864 12 49 ;
1889 845 262 70 weights,

326 864 1995 126 measures,
512 939 233 53 gauges,
786 921 336 68 currencies,
1161 922 284 53 technical
1488 923 114 52 and
1642 923 212 68 special
1896 923 156 54 units
2094 924 60 53 in

326 941 1996 113 commerce
535 1000 114 54 and
676 1000 287 69 industry,
989 1000 75 70 by
1095 998 256 70 Stephen
1379 999 167 70 Naft,
1612 1044 10 9 E.
1688 1044 10 9 E.
1763 1001 431 69 Philadelphia,
2225 1002 122 69 Pa.,

325 1077 1053 68 The Commercial museum [ ᶜ1 931 ]
393 1158 451 51 xii, 357 p. 22 ᶜᵐ .
331 1229 53 53 ©
413 1233 112 40 Jan.
553 1232 70 49 30,
653 1230 142 49 1931;
825 1232 68 40 2c.
923 1232 111 40 Feb.
1064 1232 53 47 5;
1149 1231 83 41 aff.
1262 1231 112 42 Feb.
1403 1232 54 47 4;
1488 1232 42 39 A
1557 1231 173 49 34232;
1764 1232 318 42 Commercial
2114 1243 234 33 museum.

409 1288 253 52 (31-4193)

325 1386 410 64 Naryshkina,
767 1384 307 54 Elizaveta
1113 1384 374 66 (Kurakina)

399 1464 206 55 Under
628 1463 162 53 three
813 1469 148 47 tsars
978 1481 11 49 ;
1019 1463 97 53 the
1140 1462 271 55 memoirs
1436 1462 65 54 of
1525 1463 101 53 the
1650 1463 516 71 lady-in-waiting,

325 1463 2000 212 Elizabeth Narishkin-Kurakin, edited by Een é Fülöp-Miller; translated
517 1620 156 54 from
705 1621 97 54 the
836 1620 255 55 German
1122 1620 77 68 by
1232 1618 164 57 Julia
1432 1621 68 53 E.
1535 1621 264 68 Loesser;
1838 1619 141 54 with
2014 1619 138 71 fifty
326 1621 1992 132 illustrations.
664 1699 141 54 New

839 1697 1225 71 York, E. P. Dutton & co., inc. [ ᶜ1 931 ]
396 1781 1136 50 viii p., 2 l., 3-231 p. plates, ports. 21 ᶜᵐ .
397 1838 165 42 “First
590 1838 229 42 edition.”

331 1892 51 53 ©
413 1896 111 42 Jan.
553 1896 71 49 27,
653 1895 113 42 1931
786 1907 7 36 ;
825 1896 66 40 2c.
922 1899 96 39 and
1047 1895 83 41 aff.
1160 1896 112 40 Jan.
1300 1894 83 49 30;
1415 1895 42 39 A
1484 1894 173 49 33430;
1690 1896 55 42 E.
1774 1896 52 40 P.
1856 1895 189 41 Dutton
2075 1895 39 41 &
2140 1906 83 38 co.,
2254 1896 93 44 inc.

408 1953 255 51 (31-4288)

327 2049 363 64 Newburgh,
723 2048 182 54 Louis
936 2049 220 64 Harry,
1191 2054 173 49 1883-

395 2128 123 53 The
548 2127 290 69 exchange
868 2125 65 55 of
963 2145 212 51 energy
1205 2126 252 54 between
1491 2144 132 35 man
1656 2126 114 53 and
1803 2127 96 53 the
1929 2125 417 68 environment,

325 2203 1956 71 by L. H. Newburgh … and Margaret Woodwell Johnston …
332 2282 377 72 Springfield,
740 2284 115 67 Ill.,
888 2283 336 68 Baltimore,
1255 2282 142 68 Md.,
1431 2281 62 56 C.
1529 2281 63 57 C.
1627 2283 269 67 Thomas,
1931 2285 150 51 1930.

391 2364 1133 49 xiv, 104 p. front. (port.) diagrs. 21½ ᶜᵐ .
331 2419 51 53 ©
424 2423 129 49 Sept.
589 2422 70 50 29,
697 2422 118 42 1930
830 2434 9 35 ;
878 2423 67 41 2c.
985 2423 112 41 Feb.
1135 2423 38 49 6,
1212 2421 143 49 1931;
1396 2421 82 43 aff.
1517 2423 113 41 Feb.
1667 2424 53 47 7;
1760 2422 43 40 A
1838 2419 173 50 33579;
2052 2420 204 44 Charles
2296 2421 51 42 C.

397 2481 225 41 Thomas.
695 2480 253 50 (31-4321)

327 2577 272 65 Newton,
630 2576 249 56 Charles
905 2576 299 64 Bertram,
1235 2576 174 56 1871-

395 2652 237 55 Outline
662 2652 95 54 for
785 2651 223 71 review,
1036 2651 188 56 Greek
1249 2653 224 71 history
1500 2651 302 69 including
1830 2651 242 54 oriental
2102 2650 244 69 nations,

322 2729 1958 72 by Charles Bertram Newton … and Edwin Bryant Treat …
326 2807 1992 74 New York, Cincinnati [etc.] American book company [ ᶜ1 931]
395 2892 309 49 53 p. 16 ᶜᵐ .
331 2949 51 52 ©
426 2953 112 42 Feb.
578 2953 42 48 4,
662 2951 142 48 1931;
847 2951 68 42 2c.
957 2951 96 40 and
1095 2949 83 42 aff.
1221 2950 113 41 Feb.
1376 2949 53 48 6;
1473 2949 43 40 A
1555 2948 173 49 33566;
1772 2949 148 40 Amer.
1975 2948 125 41 book
2141 2957 69 30 co.
2291 2942 52 53 [©

398 3012 226 48 changes]
697 3007 252 51 (31-4216)

325 3107 198 54 North
556 3106 255 53 Dakota.
886 3106 281 68 Supreme
1200 3111 178 48 court.

397 3180 1949 75 Reports of cases decided … January 6, 1930 to September
330 3269 47 66 1,
404 3267 151 51 1930.
634 3265 66 51 E.
728 3264 54 53 J.
810 3264 233 67 Taylor,
1070 3265 257 64 reporter.
1419 3279 51 33 v.
1500 3262 80 50 59.
1656 3259 326 60 Rochester,
2009 3259 66 51 N.
2108 3259 91 68 Y.,
2224 3257 122 54 The

326 3344 270 68 Lawyers
626 3341 383 69 co-operative
1044 3339 338 70 publishing
1411 3356 298 51 company,
1743 3341 151 49 1931.

464 3402 378 70 xv, 850 p. 23 ᶜᵐ .
332 3477 51 52 ©
422 3482 110 39 Jan.
569 3480 71 49 28,
676 3479 142 47 1931;
858 3479 66 41 2c.
963 3479 110 40 Jan.
1110 3476 83 48 29;
1233 3477 85 41 aff.
1356 3477 110 41 Feb.
1505 3476 81 47 12;
1627 3476 42 39 A
1705 3474 172 48 34532;
1921 3474 138 41 State
2098 3474 52 40 of
2186 3472 155 41 North

401 3539 211 48 Dakota,
643 3537 270 48 Bismarck,
944 3537 56 41 N.
1031 3536 56 41 D.

328 3633 205 65 Odom,
562 3632 258 56 William
851 3634 303 62 Everette,
1189 3636 173 50 1894-
1576 3647 179 50 comp.

394 3710 57 53 A
480 3729 207 51 survey
717 3709 65 55 of
810 3728 144 51 poor
983 3707 170 55 relief
1181 3714 241 64 systems
1452 3707 113 53 and
1596 3724 128 35 care
1755 3704 280 69 provided
2069 3703 98 54 for
2196 3702 143 70 aged

325 3789 352 68 dependents
711 3788 59 53 in
804 3788 96 53 the
932 3792 147 49 state
1110 3785 65 54 of
1210 3785 171 68 Ohio,
1412 3784 76 70 by
1519 3785 92 54 W.
1646 3783 68 54 E.
1751 3782 208 69 Odom,
1991 3780 239 55 assisted
2264 3780 76 70 by

326 3857 2011 76 W. L. Cottom … Prepared and distributed by the Industrial
326 3938 1582 70 association. 2d ed.—1930. Cincinnati, O. [ ᶜ1 931]
