2428 4370
1247 4025 138 51 2126

354 454 147 42 “This
531 454 185 41 edition
747 454 42 40 is
818 453 190 41 limited
1041 457 49 37 to
1119 454 85 40 377
1235 451 161 50 copies
1428 451 168 50 signed
1628 453 61 48 by
1722 453 80 40 the
1833 452 193 47 author,
2057 451 52 40 of
2138 451 156 42 which

281 513 99 41 this
410 513 44 41 is
480 512 205 40 number
714 510 128 42 367.”

352 569 165 44 “First
544 568 230 43 edition.”

288 638 2013 53 © Dec. 15, 1931; 2c. and aff. Dec. 19; A 45614; W. McFee, Westport,
358 700 148 42 Conn.
577 699 224 50 (32-999)

281 794 270 65 Macneil,
582 795 206 64 Sayre,
820 799 173 50 1886-

354 872 170 55 Cases
553 872 114 53 and
694 877 160 47 notes
882 871 472 68 supplementary
1381 875 58 49 to
1467 869 292 55 Warren’s
1787 887 152 36 cases
1967 887 73 35 on
2068 870 96 52 the
2192 870 110 52 law

281 950 67 54 of
373 955 297 64 property,
696 949 77 69 by
801 948 180 70 Sayre
1009 948 249 53 Macneil
1288 948 113 53 and
1429 948 196 54 James
1653 946 215 71 Angell
1895 947 408 70 McLaughlin.

284 1028 351 69 Cambridge
668 1027 209 68 [Mass.]
910 1027 123 53 The
1061 1026 233 64 editors,
1324 1029 151 50 1931.

354 1111 369 49 ix, 120 p. 27 ᶜᵐ.
358 1168 136 41 “List
521 1169 53 40 of
603 1168 275 40 references
909 1169 48 38 to
987 1166 295 49 periodicals
1310 1165 128 42 cited
1466 1165 53 41 in
1546 1164 168 43 notes”:
1775 1177 43 38 p.
1848 1165 66 42 ix.

291 1236 51 53 ©
384 1241 113 40 Dec.
534 1239 72 48 28,
644 1238 115 41 1931;
826 1237 67 42 2c.
934 1239 97 39 and
1071 1236 81 42 aff.
1193 1238 111 39 Dec.
1345 1237 61 41 30;
1469 1236 42 40 A
1548 1237 150 40 46656;
1767 1237 151 47 Sayre
1959 1237 210 41 Macneil
2209 1239 96 39 and

361 1298 167 40 James
553 1297 173 48 Angell
753 1295 337 48 McLaughlin,
1120 1293 304 50 Cambridge,
1452 1296 149 39 Mass.
1672 1294 224 51 (32-749)

287 1392 257 66 Mather,
582 1392 249 56 Charles
864 1393 63 54 C.

355 1470 330 53 Dramatics
718 1468 318 70 technique,
1069 1469 77 70 by
1178 1469 240 56 Charles
1450 1470 62 55 C.
1545 1468 248 54 Mather.
1875 1468 249 70 [Culver,
2155 1469 151 70 Ind.,

287 1549 790 69 The Citizen press, ᶜ1 931]
359 1632 386 50 175, [1] p. 27 ᶜᵐ.
297 1700 51 54 ©
387 1706 118 40 Nov.
545 1705 71 48 23,
655 1702 141 51 1931;
837 1703 69 43 2c.
946 1704 111 41 Dec.
1098 1703 57 41 24;
1224 1702 82 42 aff.
1349 1703 112 43 Dec.
1500 1702 83 50 23;
1625 1703 40 41 A
1703 1703 173 48 45675;
1920 1703 49 42 C.
2010 1703 50 42 C.
2101 1703 209 50 Mather,

367 1763 191 49 Culver,
589 1764 107 40 Ind.
767 1761 223 50 (32-994)

289 1858 246 65 Menzel,
564 1857 229 55 Donald
825 1858 278 64 Howard,
1137 1863 173 49 1901-

363 1935 163 56 Stars
570 1935 114 53 and
727 1935 254 68 planets;
1028 1934 307 69 exploring
1376 1934 98 54 the
1515 1934 282 68 universe,
1838 1934 76 70 by
1956 1935 232 53 Donald
2232 1935 79 53 H.

291 2012 2021 70 Menzel … New York, The University society, incorporated
371 2095 101 50 [ ᶜ1 931]
293 2173 2002 109 iv p., 1 l., 121 p. illus., diagrs. 23 ᶜᵐ. (The University series; highlights
473 2233 53 39 of
554 2233 202 39 modern
785 2231 298 48 knowledge.
1145 2230 320 49 Astronomy)

366 2289 347 49 “Suggestions
750 2288 80 40 for
865 2287 199 41 further
1100 2286 232 50 reading”:
1399 2299 44 38 p.
1480 2286 219 43 110-111.

302 2357 51 53 ©
385 2361 103 41 Oct.
518 2360 69 48 10,
618 2358 114 42 1931;
792 2359 65 40 2c.
889 2360 96 39 and
1016 2358 83 42 aff.
1131 2358 101 41 Oct.
1264 2358 55 40 12;
1378 2358 42 40 A
1448 2358 146 40 44061;
1656 2358 285 49 University
1972 2369 108 39 soc.,
2111 2359 90 40 inc.

380 2418 224 50 (32-650)

295 2511 243 66 Merrill,
567 2513 296 64 Boynton,
892 2516 173 50 1891-

293 2588 1998 149 From confusion to certainty [by] Boynton Merrill … Boston,
445 2669 270 69 Chicago,
748 2668 121 55 The
901 2665 248 71 Pilgrim
1183 2685 159 51 press
1380 2670 195 66 [ᶜ1931]

366 2749 84 49 vii,
525 2769 28 29 [1],
582 2748 56 42 88
668 2759 43 38 p.
770 2748 56 41 19½ᶜᵐ.

305 2819 51 54 ©
382 2824 114 41 Dec.
520 2823 41 49 9,
585 2822 115 43 1931;
753 2821 68 43 2c.
846 2823 96 40 and
967 2821 82 42 aff.
1077 2823 111 39 Dec.
1214 2822 56 40 21;
1324 2822 42 40 A
1388 2822 146 42 46482;
1593 2822 179 50 Sidney
1797 2823 55 43 A.
1878 2824 214 48 Weston,
2119 2823 198 41 Boston.

385 2881 223 49 (32-876)

299 2974 211 66 Miller,
539 2976 225 54 Robert
793 2975 287 64 Johnson,
1113 2981 173 49 1853-

371 3052 1883 72 Light gleams from the Fourth gospel, by R. J. Miller …
301 3131 1398 72 Pittsburgh, Pa., The Crescent press [ ᶜ1 931]
372 3214 712 50 234 p. front., plates. 19 ᶜᵐ.
309 3269 52 52 ©
389 3274 118 39 Nov.
535 3275 39 44 1,
601 3272 115 41 1931;
771 3272 67 42 2c.
866 3273 112 41 Dec.
1006 3272 29 41 9;
1088 3273 83 41 aff.
1199 3273 109 41 Dec.
1339 3273 59 40 16;
1452 3272 41 40 A
1518 3272 145 42 46412;
1722 3274 231 41 Crescent
1979 3284 150 38 press.

388 3330 223 49 (32-815)

304 3424 330 66 Needham,
661 3425 205 54 James
896 3426 248 65 George,
1177 3431 172 50 1868-

375 3503 122 52 The
547 3501 217 54 animal
813 3502 212 67 world;
1078 3502 216 53 animal
1345 3502 106 54 life
1501 3502 66 54 of
1616 3522 104 34 our
1771 3503 182 68 earth,
2001 3503 77 69 by
2127 3504 195 55 James

304 3580 1994 146 George Needham … New York, The University society, incorporated [ ᶜ1 931]
308 3740 1997 105 iv p., 1 l., 116 p. illus., diagr. 23 ᶜᵐ. (The University series; highlights
487 3798 52 39 of
570 3798 199 39 modern
799 3798 297 49 knowledge.
1159 3798 232 48 Zoology)

381 3852 346 49 “Suggestions
755 3854 79 41 for
861 3854 198 41 further
1089 3853 232 50 reading”:
1381 3866 43 37 p.
1453 3855 218 42 107-108.

317 3905 51 53 ©
395 3910 101 40 Oct.
522 3911 70 49 30,
618 3910 114 42 1931;
787 3911 67 43 2c.
881 3914 96 39 and
1003 3911 81 40 aff.
1113 3911 102 42 Oct.
1242 3912 55 41 31;
1354 3913 41 38 A
1418 3913 146 40 44555;
1621 3913 252 41 University
1934 3924 107 37 soc.,
2069 3913 90 43 inc.

395 3966 222 49 (32-648)
