2505 4370
1027 4035 101 53 689

82 409 243 63 Adams,
356 408 257 52 Eustace
641 406 65 55 L.

149 479 1927 75 Wings of adventure, by Eustace L. Adams … New York,
81 561 774 68 Grosset & Dunlap [ ᶜ193 1]
185 640 610 52 v, 246 p. front. 19½ ᶜᵐ .
152 701 227 40 Lettered
406 710 60 29 on
495 708 140 31 cover:
692 698 73 39 An
793 696 140 48 Andy
962 696 130 40 Lane
1120 696 149 48 story.

86 767 52 52 ©
168 772 114 47 May
310 771 69 47 11,
409 769 115 41 1931;
582 768 65 41 2c.
679 769 95 39 and
804 767 82 41 aff.
917 769 112 46 May
1061 768 54 39 13;
1176 767 38 39 A
1244 766 148 41 38120;
1451 766 200 41 Grosset
1682 767 36 40 &
1748 767 207 47 Dunlap,
1988 765 90 42 inc.

164 827 279 48 (31-12975)

80 919 145 65 Bay,
254 920 237 52 Emmet
518 917 354 65 Blackburn,
905 922 170 50 1901-

147 996 249 53 Medical
426 994 466 54 administration
922 993 64 54 of
1015 993 267 70 teaching
1313 993 298 68 hospitals,
1641 993 77 70 by
1749 993 229 54 Emmet
2008 994 68 52 B.

80 1069 1997 73 Bay, M . D . Chicago, Ill., The University of Chicago press
105 1152 150 64 [1931]

215 1260 9 17 xv,
250 1228 86 41 136
363 1240 42 37 p.
466 1228 145 40 21½ᶜᵐ.
683 1228 300 50 (Half-title:
1010 1229 100 40 The
1137 1227 208 41 medical
1372 1227 269 42 economics
1670 1226 175 50 series)

146 1286 39 38 A
217 1286 147 45 study
392 1284 55 41 of
472 1284 226 41 nineteen
726 1284 241 48 hospitals
996 1285 98 39 and
1124 1284 168 40 clinics
1321 1284 52 39 in
1402 1285 81 40 the
1514 1283 182 41 United
1730 1283 177 43 States.

86 1353 52 52 ©
162 1358 114 47 Apr.
299 1356 70 49 21,
394 1354 115 43 1931;
561 1355 68 42 2c.
655 1357 114 47 May
793 1355 26 41 9;
874 1356 82 39 aff.
983 1357 112 46 May
1121 1355 28 40 7;
1201 1355 42 39 A
1267 1355 142 41 38073;
1468 1355 282 49 University
1777 1356 52 40 of
1857 1354 222 51 Chicago,

154 1413 222 49 Chicago.
447 1412 279 49 (31-12946)

78 1506 230 65 Bjerre,
336 1506 146 54 Poul
511 1506 153 65 Carl,
695 1507 171 55 1876-

147 1584 121 52 The
292 1583 299 69 remaking
616 1582 64 54 of
704 1583 285 69 marriage;
1047 1602 32 34 a
1104 1582 389 54 contribution
1518 1588 59 48 to
1604 1583 96 54 the
1724 1584 353 70 psychology

77 1658 64 56 of
164 1679 97 35 sex
286 1660 394 70 relationship,
707 1660 74 70 by
807 1661 147 53 Poul
982 1659 218 71 Bjerre,
1227 1678 68 36 m.
1323 1679 48 35 d.;
1430 1660 345 55 translation
1800 1661 76 70 by
1904 1662 65 54 T.
1997 1662 78 54 H.

76 1738 1903 70 Winslow, m. d. New York, The Macmillan company, 1931.
147 1818 490 49 viii, 257 p. 19½ ᶜᵐ .
86 1885 1721 52 © May 19, 1931; 2c. and aff. May 20; A 38275; Macmillan co.
163 1945 280 48 (31-12938)

81 2039 182 64 Bond,
292 2040 140 51 Earl
461 2039 289 65 Danford,
780 2040 172 55 1879-

147 2116 121 52 The
310 2120 306 48 treatment
660 2115 65 53 of
765 2115 272 54 behavior
1081 2115 286 55 disorders
1414 2115 301 71 following
78 2118 1975 142 encephalitis,
199 2211 73 33 an

303 2193 1769 71 experiment in re-education [by ] Earl D. Bond … [and]
78 2270 1999 71 Kenneth E. Appel … New York, The Commonwealth fund,
77 2347 267 54 Division
371 2347 65 53 of
460 2347 399 69 publications,
888 2351 150 49 1931.

148 2429 1403 50 3 p. l. , 163 p. front., illus. (incl. plan) diagrs. 24 ᶜᵐ.
147 2488 44 40 A
217 2487 190 47 history
435 2486 52 40 of
514 2487 83 39 the
625 2487 333 48 development
985 2487 52 39 of
1066 2488 81 38 the
1177 2487 239 40 Franklin
1446 2489 167 39 school
1637 2488 53 41 of
1718 2490 81 40 the
1829 2490 126 50 Dept.
1999 2491 78 41 for

78 2545 183 40 mental
287 2545 96 39 and
409 2553 214 30 nervous
646 2542 214 41 diseases
890 2542 50 41 of
968 2544 82 39 the
1079 2543 359 48 Pennsylvania
1468 2544 228 48 hospital.

150 2601 225 40 Includes
401 2599 394 48 bibliographies.

85 2668 52 52 ©
163 2672 115 48 Apr.
302 2671 70 49 27,
400 2669 115 42 1931;
570 2669 68 41 2c.
667 2670 114 47 May
808 2670 25 39 6;
891 2669 82 41 aff.
1002 2670 114 47 May
1143 2670 28 40 7;
1226 2669 43 40 A
1296 2669 147 41 37208;
1500 2669 412 43 Commonwealth
1939 2673 139 40 fund.

162 2726 279 51 (31-12738)

78 2825 297 63 Brannon,
404 2822 224 54 Robert
658 2822 79 55 M.

148 2901 143 51 Fool
328 2898 175 70 proof
540 2902 255 49 contract
831 2897 220 69 bridge,
1089 2896 129 54 “the
1257 2896 290 69 professor
1588 2900 131 53 does
1758 2899 89 55 his
1885 2901 193 70 stuff”,

76 2975 1296 73 by Robert M. Brannon … card valuation
1400 2977 112 52 and
1537 2983 255 48 contract
1814 2979 261 71 bidding,

79 3053 548 71 approach-forcing
665 3057 226 66 system,
931 3052 292 67 approved
1262 3052 77 69 by
1378 3052 114 70 Ely
1533 3053 357 72 Culbertson,
79 3077 1975 125 complete

269 3133 61 52 in
372 3133 101 51 100
513 3130 394 68 illuminating
948 3129 188 53 charts
1181 3130 114 52 and
1339 3130 301 69 examples.
1715 3134 139 53 New
1897 3136 178 68 York,

78 3209 915 70 Paragon duplex corp. [ ᶜ193 1]
149 3293 103 47 xiii,
284 3291 85 41 119
396 3302 44 37 p.
500 3289 56 41 19½ᶜᵐ

150 3348 263 42 Published
442 3346 51 39 in
521 3345 115 41 1930
664 3346 152 39 under
847 3344 107 41 title:
1012 3345 101 40 The
1142 3344 249 49 professor
1420 3347 113 40 does
1563 3348 76 41 his
1669 3350 134 49 stuff,
1831 3351 247 50 foolproof

79 3407 221 42 contract
324 3404 183 48 bridge.

87 3475 52 52 ©
165 3479 115 46 May
304 3476 68 46 13,
399 3473 111 41 1931;
568 3471 67 42 2c.
662 3472 95 40 and
784 3470 81 43 aff.
893 3472 113 47 May
1032 3470 55 41 15;
1142 3470 41 40 A
1209 3471 144 40 38165;
1411 3472 224 50 Paragon
1661 3476 177 48 duplex
1867 3489 125 38 corp.

164 3530 280 53 (31-12959)

81 3625 453 64 Breckenridge,
565 3621 231 57 Gerald.

150 3705 120 52 The
300 3702 163 53 radio
490 3700 139 69 boys
658 3699 140 52 with
826 3698 96 52 the
952 3696 85 54 air
1065 3697 208 68 patrol,
1302 3698 77 69 by
1408 3698 214 57 Gerald
1652 3702 422 75 Breckenridge

143 3775 1655 72 … New York, Chicago, A. L. Burt company [ ᶜ193 1]
153 3860 85 41 256
267 3872 43 37 p.
369 3859 151 40 front.
579 3856 145 41 19½ᶜᵐ.
794 3855 115 48 (His
937 3855 100 40 The
1068 3854 138 41 radio
1234 3854 117 48 boys
1380 3855 175 48 series)

87 3930 52 52 ©
169 3935 113 45 May
307 3932 40 47 2,
374 3929 115 41 1931;
546 3928 67 41 2c.
641 3928 114 47 May
781 3926 25 41 5;
864 3925 82 41 aff.
974 3926 114 47 May
1115 3924 28 41 8;
1197 3921 41 43 A
1265 3924 145 41 36996;
1467 3926 55 41 A.
1551 3927 52 41 L.
1632 3929 127 43 Burt
1784 3942 68 33 co.

163 3987 280 52 (31-12967)
