<alto xmlns="http://www.loc.gov/standards/alto/ns-v3#" xmlns:xlink="http://www.w3.org/1999/xlink" xmlns:xsi="http://www.w3.org/2001/XMLSchema-instance" xsi:schemaLocation="http://www.loc.gov/standards/alto/ns-v3# http://www.loc.gov/alto/v3/alto-3-0.xsd"><Description>
<MeasurementUnit>pixel</MeasurementUnit>
<sourceImageInformation>
<fileName>1931_v28_Part001.pdf</fileName>
</sourceImageInformation>
<OCRProcessing ID="IdOcr">
<ocrProcessingStep>
<processingDateTime>2019-04-22</processingDateTime>
<processingSoftware>
<softwareCreator>ABBYY</softwareCreator>
<softwareName>ABBYY Recognition Server</softwareName>
<softwareVersion>4.0</softwareVersion>
</processingSoftware>
</ocrProcessingStep>
</OCRProcessing>
</Description>
<Styles>
<ParagraphStyle ID="StyleId-FFFFFFFF-FFFF-FFFF-FFFF-FFFFFFFFFFFF-" ALIGN="Left" LEFT="0." RIGHT="0." FIRSTLINE="0."/>
<ParagraphStyle ID="StyleId-204B5AEB-67A1-44E2-A013-34B3A0F3E0EA-" ALIGN="Right" LEFT="0." RIGHT="0." FIRSTLINE="0." LINESPACE="8.300000191"/>
<ParagraphStyle ID="StyleId-03245871-796C-4429-B3C7-F9019C8C5B89-" ALIGN="Left" LEFT="0." RIGHT="0." FIRSTLINE="0." LINESPACE="12.19999981"/>
<ParagraphStyle ID="StyleId-BDCA8811-25FF-44DB-8D6F-2072A4ABC070-" ALIGN="Center" LEFT="0." RIGHT="0." FIRSTLINE="0." LINESPACE="12.19999981"/>
<ParagraphStyle ID="StyleId-2C5B7DF0-AF87-455E-B9A8-6FE387CB59BD-" ALIGN="Left" LEFT="0." RIGHT="0." FIRSTLINE="-13." LINESPACE="8.479999542"/>
<ParagraphStyle ID="StyleId-9FB72FA1-55D5-4161-8333-823D5732F4D0-" ALIGN="Block" LEFT="0." RIGHT="0." FIRSTLINE="-14." LINESPACE="10."/>
<ParagraphStyle ID="StyleId-212AEB8C-A829-4BF1-8E45-5BFE386A469C-" ALIGN="Block" LEFT="0." RIGHT="0." FIRSTLINE="-14." LINESPACE="11.35000038"/>
<ParagraphStyle ID="StyleId-4EC79CC1-EA62-49CE-ABB6-D84DDFCF4C7D-" ALIGN="Block" LEFT="0." RIGHT="0." FIRSTLINE="-10." LINESPACE="12.19999981"/>
<ParagraphStyle ID="StyleId-DAF2E8EE-6444-4951-9284-36A6C020C887-" ALIGN="Left" LEFT="0." RIGHT="0." FIRSTLINE="0." LINESPACE="9.399999619"/>
<ParagraphStyle ID="StyleId-25241749-1672-4977-B19F-38F59800D6D8-" ALIGN="Left" LEFT="0." RIGHT="0." FIRSTLINE="0." LINESPACE="11.10000038"/>
<ParagraphStyle ID="StyleId-8C523E19-EDEF-4F23-B010-536E1A1AAE1A-" ALIGN="Left" LEFT="0." RIGHT="0." FIRSTLINE="-13." LINESPACE="12.19999981"/>
<ParagraphStyle ID="StyleId-A1F9DE9E-2625-4D8B-AD7E-F0A0034C2989-" ALIGN="Block" LEFT="0." RIGHT="0." FIRSTLINE="0." LINESPACE="12.19999981"/>
<ParagraphStyle ID="StyleId-5725BB01-2B1C-440F-BAF2-696C4F4DF162-" ALIGN="Block" LEFT="0." RIGHT="0." FIRSTLINE="13." LINESPACE="12.19999981"/>
<ParagraphStyle ID="StyleId-F10A2092-61AA-44FD-99C2-123B3A8051CF-" ALIGN="Left" LEFT="0." RIGHT="0." FIRSTLINE="0." LINESPACE="5.5"/>
<ParagraphStyle ID="StyleId-B3CDC8CC-D2E1-4A23-B67C-CDD40993D1DD-" ALIGN="Left" LEFT="0." RIGHT="0." FIRSTLINE="0." LINESPACE="10."/>
<ParagraphStyle ID="StyleId-871EBF53-D909-4C8F-B368-AC7D897344DD-" ALIGN="Left" LEFT="0." RIGHT="0." FIRSTLINE="0."/>
<ParagraphStyle ID="StyleId-C4129744-680B-4878-B2C4-44BA3742C8D7-" ALIGN="Block" LEFT="0." RIGHT="0." FIRSTLINE="-14." LINESPACE="11.35000038"/>
<ParagraphStyle ID="StyleId-9CE98075-0B04-43D4-88D8-CE3BAB51B419-" ALIGN="Block" LEFT="0." RIGHT="0." FIRSTLINE="-10." LINESPACE="12.19999981"/>
<ParagraphStyle ID="StyleId-B2CFB7B3-DFFA-4E0E-94D6-C2BCE88DA9A9-" ALIGN="Left" LEFT="0." RIGHT="0." FIRSTLINE="0." LINESPACE="12.5"/>
<ParagraphStyle ID="StyleId-8D3352F3-1084-4DDE-A35D-B97102CCE686-" ALIGN="Left" LEFT="0." RIGHT="0." FIRSTLINE="0." LINESPACE="11.60000038"/>
<ParagraphStyle ID="StyleId-4A8DDA0D-166D-4E22-A597-BA51B892602D-" ALIGN="Block" LEFT="0." RIGHT="0." FIRSTLINE="0." LINESPACE="11.21000004"/>
<ParagraphStyle ID="StyleId-90EA4001-AA3C-45A1-AEDC-D1E1169EE5E5-" ALIGN="Block" LEFT="0." RIGHT="0." FIRSTLINE="13." LINESPACE="12.19999981"/>
</Styles>
<Layout>
<Page ID="Page568" PHYSICAL_IMG_NR="568" HEIGHT="4370" WIDTH="2505">
<TopMargin HEIGHT="386" WIDTH="2505" VPOS="0" HPOS="0">
</TopMargin>
<LeftMargin HEIGHT="3738" WIDTH="312" VPOS="386" HPOS="0">
</LeftMargin>
<RightMargin HEIGHT="3738" WIDTH="141" VPOS="386" HPOS="2364">
</RightMargin>
<BottomMargin HEIGHT="246" WIDTH="2505" VPOS="4124" HPOS="0">
</BottomMargin>
<PrintSpace HEIGHT="3738" WIDTH="2052" VPOS="386" HPOS="312">
<TextBlock ID="Page568_Block1" HEIGHT="72" WIDTH="120" VPOS="4052" HPOS="1284" LANG="en-US" CS="1" STYLEREFS="StyleId-802DFCAB-BDE2-400A-9A61-6A8371A5CCEF-">
<TextLine HEIGHT="48" WIDTH="28" VPOS="4065" HPOS="1295" CS="1">
<String CS="1" CONTENT="568" HEIGHT="48" WIDTH="28" VPOS="4065" HPOS="1295"/>
</TextLine>
</TextBlock>
<TextBlock ID="Page568_Block2" HEIGHT="3626" WIDTH="2052" VPOS="386" HPOS="312" LANG="en-US" CS="1" STYLEREFS="StyleId-23200189-ED57-41A1-A913-F9526ED3CBA7-">
<TextLine HEIGHT="71" WIDTH="2018" VPOS="478" HPOS="329" STYLEREFS="StyleId-B4E0179A-0BEA-49F6-8AC7-3541A00D0964-">
<String CONTENT="into" HEIGHT="54" WIDTH="123" VPOS="478" HPOS="329"/>
<SP HEIGHT="35" WIDTH="24" VPOS="497" HPOS="453"/>
<String CONTENT="a" HEIGHT="33" WIDTH="32" VPOS="499" HPOS="478"/>
<SP HEIGHT="53" WIDTH="22" VPOS="479" HPOS="511"/>
<String CONTENT="book" HEIGHT="53" WIDTH="148" VPOS="478" HPOS="534"/>
<SP HEIGHT="54" WIDTH="21" VPOS="478" HPOS="683"/>
<String CONTENT="by" HEIGHT="69" WIDTH="73" VPOS="479" HPOS="705"/>
<SP HEIGHT="63" WIDTH="26" VPOS="485" HPOS="779"/>
<String CONTENT="the" HEIGHT="53" WIDTH="95" VPOS="479" HPOS="806"/>
<SP HEIGHT="53" WIDTH="23" VPOS="479" HPOS="902"/>
<String CONTENT="Roycrofters" HEIGHT="70" WIDTH="377" VPOS="479" HPOS="926"/>
<SP HEIGHT="34" WIDTH="23" VPOS="499" HPOS="1304"/>
<String CONTENT="at" HEIGHT="46" WIDTH="60" VPOS="486" HPOS="1328"/>
<SP HEIGHT="46" WIDTH="22" VPOS="486" HPOS="1389"/>
<String CONTENT="their" HEIGHT="51" WIDTH="149" VPOS="481" HPOS="1412"/>
<SP HEIGHT="34" WIDTH="23" VPOS="499" HPOS="1562"/>
<String CONTENT="shops" HEIGHT="66" WIDTH="172" VPOS="481" HPOS="1586"/>
<SP HEIGHT="34" WIDTH="25" VPOS="499" HPOS="1759"/>
<String CONTENT="which" HEIGHT="53" WIDTH="183" VPOS="480" HPOS="1785"/>
<SP HEIGHT="53" WIDTH="29" VPOS="480" HPOS="1969"/>
<String CONTENT="are" HEIGHT="34" WIDTH="94" VPOS="499" HPOS="1999"/>
<SP HEIGHT="51" WIDTH="29" VPOS="482" HPOS="2094"/>
<String CONTENT="in" HEIGHT="50" WIDTH="54" VPOS="482" HPOS="2124"/>
<SP HEIGHT="52" WIDTH="28" VPOS="480" HPOS="2179"/>
<String CONTENT="East" HEIGHT="53" WIDTH="139" VPOS="480" HPOS="2208"/>
</TextLine>
<TextLine HEIGHT="74" WIDTH="2017" VPOS="556" HPOS="329" STYLEREFS="StyleId-B4E0179A-0BEA-49F6-8AC7-3541A00D0964-">
<String CONTENT="Aurora," HEIGHT="70" WIDTH="248" VPOS="557" HPOS="329"/>
<SP HEIGHT="71" WIDTH="28" VPOS="556" HPOS="578"/>
<String CONTENT="Erie" HEIGHT="54" WIDTH="137" VPOS="556" HPOS="607"/>
<SP HEIGHT="35" WIDTH="26" VPOS="576" HPOS="745"/>
<String CONTENT="county," HEIGHT="63" WIDTH="228" VPOS="564" HPOS="772"/>
<SP HEIGHT="68" WIDTH="27" VPOS="558" HPOS="1001"/>
<String CONTENT="New" HEIGHT="54" WIDTH="138" VPOS="558" HPOS="1029"/>
<SP HEIGHT="53" WIDTH="32" VPOS="558" HPOS="1168"/>
<String CONTENT="York" HEIGHT="54" WIDTH="159" VPOS="557" HPOS="1201"/>
<SP HEIGHT="54" WIDTH="28" VPOS="557" HPOS="1361"/>
<String CONTENT="state." HEIGHT="47" WIDTH="158" VPOS="564" HPOS="1390"/>
<SP HEIGHT="54" WIDTH="81" VPOS="557" HPOS="1549"/>
<String CONTENT="New" HEIGHT="54" WIDTH="132" VPOS="557" HPOS="1631"/>
<SP HEIGHT="52" WIDTH="38" VPOS="559" HPOS="1764"/>
<String CONTENT="York" HEIGHT="52" WIDTH="157" VPOS="559" HPOS="1803"/>
<SP HEIGHT="53" WIDTH="27" VPOS="559" HPOS="1961"/>
<String CONTENT="city," HEIGHT="70" WIDTH="135" VPOS="560" HPOS="1989"/>
<SP HEIGHT="70" WIDTH="28" VPOS="559" HPOS="2125"/>
<String CONTENT="W." HEIGHT="54" WIDTH="85" VPOS="559" HPOS="2154"/>
<SP HEIGHT="53" WIDTH="34" VPOS="558" HPOS="2240"/>
<String CONTENT="H." HEIGHT="54" WIDTH="71" VPOS="558" HPOS="2275"/>
</TextLine>
<TextLine HEIGHT="70" WIDTH="538" VPOS="636" HPOS="329" STYLEREFS="StyleId-B4E0179A-0BEA-49F6-8AC7-3541A00D0964-">
<String CONTENT="Wise" HEIGHT="56" WIDTH="156" VPOS="636" HPOS="329"/>
<SP HEIGHT="51" WIDTH="27" VPOS="638" HPOS="486"/>
<String CONTENT="&amp;" HEIGHT="51" WIDTH="46" VPOS="638" HPOS="514"/>
<SP HEIGHT="52" WIDTH="26" VPOS="638" HPOS="561"/>
<String CONTENT="co.," HEIGHT="50" WIDTH="98" VPOS="656" HPOS="588"/>
<SP HEIGHT="66" WIDTH="31" VPOS="640" HPOS="687"/>
<String CONTENT="1930." HEIGHT="50" WIDTH="148" VPOS="639" HPOS="719"/>
</TextLine>
<TextLine HEIGHT="50" WIDTH="796" VPOS="713" HPOS="398" CS="1">
<String CONTENT="180" HEIGHT="42" WIDTH="87" VPOS="713" HPOS="398"/>
<SP HEIGHT="50" WIDTH="24" VPOS="713" HPOS="486"/>
<String LANG="fr" CONTENT="p.," HEIGHT="38" WIDTH="57" VPOS="725" HPOS="511"/>
<SP HEIGHT="49" WIDTH="27" VPOS="714" HPOS="569"/>
<String CONTENT="1" HEIGHT="39" WIDTH="24" VPOS="714" HPOS="597"/>
<SP/>
<String CS="1" CONTENT="l.,"/>
<SP/>
<String CONTENT="incl." HEIGHT="44" WIDTH="109" VPOS="715" HPOS="726"/>
<SP HEIGHT="44" WIDTH="30" VPOS="715" HPOS="836"/>
<String CONTENT="front." HEIGHT="40" WIDTH="148" VPOS="715" HPOS="867"/>
<SP HEIGHT="39" WIDTH="60" VPOS="716" HPOS="1016"/>
<String CS="1" CONTENT="27&#7580;&#7504;." HEIGHT="41" WIDTH="117" VPOS="716" HPOS="1077"/>
</TextLine>
<TextLine HEIGHT="42" WIDTH="422" VPOS="771" HPOS="400">
<String CONTENT="&#8220;First" HEIGHT="42" WIDTH="166" VPOS="771" HPOS="400"/>
<SP HEIGHT="39" WIDTH="25" VPOS="774" HPOS="567"/>
<String CONTENT="edition.&#8221;" HEIGHT="41" WIDTH="229" VPOS="771" HPOS="593"/>
</TextLine>
<TextLine HEIGHT="53" WIDTH="2011" VPOS="828" HPOS="335" CS="1">
<String CONTENT="&#169;" HEIGHT="53" WIDTH="52" VPOS="828" HPOS="335"/>
<SP HEIGHT="53" WIDTH="31" VPOS="828" HPOS="388"/>
<String CONTENT="Sept." HEIGHT="48" WIDTH="127" VPOS="833" HPOS="420"/>
<SP HEIGHT="40" WIDTH="27" VPOS="834" HPOS="548"/>
<String CONTENT="18," HEIGHT="48" WIDTH="69" VPOS="832" HPOS="576"/>
<SP HEIGHT="47" WIDTH="27" VPOS="833" HPOS="646"/>
<String CONTENT="1930;" HEIGHT="45" WIDTH="141" VPOS="832" HPOS="674"/>
<SP HEIGHT="45" WIDTH="29" VPOS="832" HPOS="816"/>
<String CONTENT="2c." HEIGHT="42" WIDTH="66" VPOS="832" HPOS="846"/>
<SP HEIGHT="29" WIDTH="28" VPOS="845" HPOS="913"/>
<String CONTENT="and" HEIGHT="40" WIDTH="94" VPOS="832" HPOS="942"/>
<SP HEIGHT="40" WIDTH="28" VPOS="832" HPOS="1037"/>
<String CS="1" CONTENT="aff." HEIGHT="29" WIDTH="82" VPOS="843" HPOS="1066"/>
<SP HEIGHT="40" WIDTH="30" VPOS="832" HPOS="1149"/>
<String CONTENT="Apr." HEIGHT="48" WIDTH="112" VPOS="832" HPOS="1180"/>
<SP HEIGHT="40" WIDTH="27" VPOS="832" HPOS="1293"/>
<String CS="1" CONTENT="20," HEIGHT="40" WIDTH="57" VPOS="831" HPOS="1321"/>
<SP HEIGHT="41" WIDTH="30" VPOS="835" HPOS="1392"/>
<String CS="1" CONTENT="1931;" HEIGHT="41" WIDTH="105" VPOS="831" HPOS="1423"/>
<SP HEIGHT="45" WIDTH="31" VPOS="834" HPOS="1562"/>
<!-- cceid E571F483-6E8D-1014-9CF5-AEB3FCA41D69 --><String CONTENT="A" HEIGHT="37" WIDTH="35" VPOS="834" HPOS="1594"/>
<SP HEIGHT="40" WIDTH="30" VPOS="832" HPOS="1630"/>
<String CS="1" CONTENT="36664;" HEIGHT="43" WIDTH="172" VPOS="832" HPOS="1661"/>
<SP HEIGHT="42" WIDTH="34" VPOS="833" HPOS="1834"/>
<String CONTENT="Roycroflers," HEIGHT="49" WIDTH="330" VPOS="831" HPOS="1869"/>
<SP HEIGHT="45" WIDTH="31" VPOS="833" HPOS="2200"/>
<String CONTENT="East" HEIGHT="39" WIDTH="114" VPOS="833" HPOS="2232"/>
</TextLine>
<TextLine HEIGHT="49" WIDTH="730" VPOS="890" HPOS="404">
<String CONTENT="Aurora," HEIGHT="48" WIDTH="207" VPOS="891" HPOS="404"/>
<SP HEIGHT="48" WIDTH="30" VPOS="891" HPOS="612"/>
<String LANG="fr" CONTENT="N." HEIGHT="40" WIDTH="56" VPOS="891" HPOS="643"/>
<SP HEIGHT="40" WIDTH="29" VPOS="891" HPOS="700"/>
<String CONTENT="Y." HEIGHT="40" WIDTH="54" VPOS="891" HPOS="730"/>
<SP HEIGHT="44" WIDTH="67" VPOS="893" HPOS="785"/>
<String CONTENT="(31-10078)" HEIGHT="47" WIDTH="281" VPOS="890" HPOS="853"/>
</TextLine>
<TextLine HEIGHT="65" WIDTH="751" VPOS="985" HPOS="329" STYLEREFS="StyleId-932EE344-AEAD-420E-9870-270F4A0B386D-">
<String CONTENT="Hughes," HEIGHT="65" WIDTH="270" VPOS="985" HPOS="329"/>
<SP HEIGHT="64" WIDTH="27" VPOS="986" HPOS="600"/>
<String CONTENT="Rupert," HEIGHT="64" WIDTH="248" VPOS="986" HPOS="628"/>
<SP HEIGHT="58" WIDTH="33" VPOS="992" HPOS="877"/>
<String CONTENT="1872-" HEIGHT="54" WIDTH="169" VPOS="987" HPOS="911"/>
</TextLine>
<TextLine HEIGHT="72" WIDTH="1950" VPOS="1060" HPOS="397" STYLEREFS="StyleId-B4E0179A-0BEA-49F6-8AC7-3541A00D0964-">
<String CONTENT="No" HEIGHT="52" WIDTH="87" VPOS="1060" HPOS="397"/>
<SP HEIGHT="34" WIDTH="39" VPOS="1079" HPOS="485"/>
<String CONTENT="one" HEIGHT="37" WIDTH="103" VPOS="1078" HPOS="525"/>
<SP HEIGHT="34" WIDTH="33" VPOS="1081" HPOS="629"/>
<String CONTENT="man," HEIGHT="49" WIDTH="152" VPOS="1080" HPOS="663"/>
<SP HEIGHT="67" WIDTH="35" VPOS="1062" HPOS="816"/>
<String CONTENT="by" HEIGHT="70" WIDTH="73" VPOS="1062" HPOS="852"/>
<SP HEIGHT="70" WIDTH="39" VPOS="1062" HPOS="926"/>
<String CONTENT="Rupert" HEIGHT="68" WIDTH="224" VPOS="1062" HPOS="966"/>
<SP HEIGHT="53" WIDTH="36" VPOS="1062" HPOS="1191"/>
<String CONTENT="Hughes." HEIGHT="68" WIDTH="256" VPOS="1061" HPOS="1228"/>
<SP HEIGHT="54" WIDTH="73" VPOS="1062" HPOS="1485"/>
<String CONTENT="New" HEIGHT="55" WIDTH="137" VPOS="1062" HPOS="1559"/>
<SP HEIGHT="55" WIDTH="39" VPOS="1062" HPOS="1697"/>
<String CONTENT="York" HEIGHT="51" WIDTH="161" VPOS="1062" HPOS="1737"/>
<SP HEIGHT="52" WIDTH="37" VPOS="1062" HPOS="1899"/>
<String CONTENT="and" HEIGHT="52" WIDTH="109" VPOS="1062" HPOS="1937"/>
<SP HEIGHT="51" WIDTH="44" VPOS="1062" HPOS="2047"/>
<String CONTENT="London," HEIGHT="65" WIDTH="255" VPOS="1062" HPOS="2092"/>
</TextLine>
<TextLine HEIGHT="68" WIDTH="804" VPOS="1139" HPOS="324" STYLEREFS="StyleId-B4E0179A-0BEA-49F6-8AC7-3541A00D0964-">
<String CONTENT="Harper" HEIGHT="68" WIDTH="234" VPOS="1139" HPOS="324"/>
<SP HEIGHT="50" WIDTH="28" VPOS="1142" HPOS="559"/>
<String CONTENT="&amp;" HEIGHT="50" WIDTH="46" VPOS="1142" HPOS="588"/>
<SP HEIGHT="53" WIDTH="29" VPOS="1139" HPOS="635"/>
<String CONTENT="brothers," HEIGHT="66" WIDTH="278" VPOS="1139" HPOS="665"/>
<SP HEIGHT="61" WIDTH="35" VPOS="1144" HPOS="944"/>
<String CONTENT="1931." HEIGHT="52" WIDTH="148" VPOS="1143" HPOS="980"/>
</TextLine>
<TextLine HEIGHT="49" WIDTH="567" VPOS="1222" HPOS="396" CS="1">
<String LANG="en-US" CONTENT="3" HEIGHT="40" WIDTH="29" VPOS="1222" HPOS="396"/>
<SP HEIGHT="49" WIDTH="27" VPOS="1222" HPOS="426"/>
<String LANG="fr" CONTENT="p." HEIGHT="38" WIDTH="42" VPOS="1233" HPOS="454"/>
<SP HEIGHT="39" WIDTH="30" VPOS="1226" HPOS="497"/>
<String LANG="fr" CS="1" CONTENT="l.," HEIGHT="16" WIDTH="9" VPOS="1255" HPOS="562"/>
<SP HEIGHT="47" WIDTH="27" VPOS="1224" HPOS="572"/>
<String LANG="en-US" CS="1" CONTENT="386" HEIGHT="40" WIDTH="26" VPOS="1224" HPOS="600"/>
<SP HEIGHT="48" WIDTH="25" VPOS="1223" HPOS="687"/>
<String LANG="en-US" CONTENT="p." HEIGHT="37" WIDTH="42" VPOS="1234" HPOS="713"/>
<SP HEIGHT="39" WIDTH="61" VPOS="1226" HPOS="756"/>
<String LANG="en-US" CS="1" CONTENT="19&#189;&#7580;&#7504;." HEIGHT="39" WIDTH="145" VPOS="1225" HPOS="818"/>
</TextLine>
<TextLine HEIGHT="42" WIDTH="422" VPOS="1280" HPOS="398">
<String CONTENT="&#8220;First" HEIGHT="41" WIDTH="164" VPOS="1280" HPOS="398"/>
<SP HEIGHT="39" WIDTH="28" VPOS="1283" HPOS="563"/>
<String CONTENT="edition.&#8221;" HEIGHT="42" WIDTH="228" VPOS="1280" HPOS="592"/>
</TextLine>
<TextLine HEIGHT="53" WIDTH="2017" VPOS="1334" HPOS="336" CS="1">
<String CONTENT="&#169;" HEIGHT="53" WIDTH="52" VPOS="1334" HPOS="336"/>
<SP HEIGHT="53" WIDTH="34" VPOS="1334" HPOS="389"/>
<String CONTENT="Apr." HEIGHT="46" WIDTH="113" VPOS="1341" HPOS="424"/>
<SP HEIGHT="37" WIDTH="33" VPOS="1342" HPOS="538"/>
<String CONTENT="15," HEIGHT="47" WIDTH="68" VPOS="1340" HPOS="572"/>
<SP HEIGHT="47" WIDTH="34" VPOS="1340" HPOS="641"/>
<String CONTENT="1931;" HEIGHT="47" WIDTH="141" VPOS="1337" HPOS="676"/>
<SP HEIGHT="45" WIDTH="34" VPOS="1339" HPOS="818"/>
<String CONTENT="2c." HEIGHT="39" WIDTH="67" VPOS="1339" HPOS="853"/>
<SP HEIGHT="39" WIDTH="33" VPOS="1339" HPOS="921"/>
<String CONTENT="Apr." HEIGHT="47" WIDTH="113" VPOS="1339" HPOS="955"/>
<SP HEIGHT="40" WIDTH="36" VPOS="1340" HPOS="1069"/>
<String CONTENT="16;" HEIGHT="47" WIDTH="79" VPOS="1338" HPOS="1106"/>
<SP HEIGHT="37" WIDTH="36" VPOS="1348" HPOS="1186"/>
<String CONTENT="aff." HEIGHT="41" WIDTH="83" VPOS="1338" HPOS="1223"/>
<SP HEIGHT="39" WIDTH="33" VPOS="1340" HPOS="1307"/>
<String CONTENT="Apr." HEIGHT="47" WIDTH="113" VPOS="1340" HPOS="1341"/>
<SP HEIGHT="36" WIDTH="37" VPOS="1341" HPOS="1455"/>
<String CS="1" CONTENT="17;" HEIGHT="40" WIDTH="53" VPOS="1339" HPOS="1493"/>
<SP HEIGHT="45" WIDTH="37" VPOS="1341" HPOS="1573"/>
<!-- cceid E5729C66-6E8D-1014-9CF5-AEB3FCA41D69 --><String CONTENT="A" HEIGHT="37" WIDTH="36" VPOS="1341" HPOS="1611"/>
<SP HEIGHT="41" WIDTH="35" VPOS="1338" HPOS="1648"/>
<String CONTENT="36536;" HEIGHT="49" WIDTH="172" VPOS="1338" HPOS="1684"/>
<SP HEIGHT="48" WIDTH="36" VPOS="1339" HPOS="1857"/>
<String CS="1" CONTENT="R." HEIGHT="6" WIDTH="7" VPOS="1373" HPOS="1941"/>
<SP HEIGHT="39" WIDTH="34" VPOS="1340" HPOS="1949"/>
<String CS="1" CONTENT="Hughes," HEIGHT="44" WIDTH="203" VPOS="1339" HPOS="1984"/>
<SP HEIGHT="42" WIDTH="35" VPOS="1338" HPOS="2200"/>
<String CONTENT="Now" HEIGHT="41" WIDTH="117" VPOS="1338" HPOS="2236"/>
</TextLine>
<TextLine HEIGHT="49" WIDTH="470" VPOS="1396" HPOS="403">
<String CONTENT="York." HEIGHT="40" WIDTH="146" VPOS="1398" HPOS="403"/>
<SP HEIGHT="48" WIDTH="70" VPOS="1397" HPOS="550"/>
<String CONTENT="(31-9707)" HEIGHT="49" WIDTH="252" VPOS="1396" HPOS="621"/>
</TextLine>
<TextLine HEIGHT="64" WIDTH="927" VPOS="1491" HPOS="331" STYLEREFS="StyleId-932EE344-AEAD-420E-9870-270F4A0B386D-">
<String CONTENT="Hurt," HEIGHT="63" WIDTH="178" VPOS="1491" HPOS="331"/>
<SP HEIGHT="62" WIDTH="30" VPOS="1492" HPOS="510"/>
<String CONTENT="Huber" HEIGHT="53" WIDTH="205" VPOS="1492" HPOS="541"/>
<SP HEIGHT="53" WIDTH="27" VPOS="1493" HPOS="747"/>
<String CONTENT="William," HEIGHT="64" WIDTH="276" VPOS="1491" HPOS="775"/>
<SP HEIGHT="57" WIDTH="33" VPOS="1498" HPOS="1052"/>
<String CONTENT="1880-" HEIGHT="49" WIDTH="172" VPOS="1497" HPOS="1086"/>
</TextLine>
<TextLine HEIGHT="134" WIDTH="1992" VPOS="1570" HPOS="333" STYLEREFS="StyleId-B4E0179A-0BEA-49F6-8AC7-3541A00D0964-" CS="1">
<String CONTENT="The" HEIGHT="52" WIDTH="123" VPOS="1573" HPOS="402"/>
<SP HEIGHT="34" WIDTH="26" VPOS="1591" HPOS="526"/>
<String CONTENT="child" HEIGHT="54" WIDTH="154" VPOS="1572" HPOS="553"/>
<SP HEIGHT="54" WIDTH="28" VPOS="1572" HPOS="708"/>
<String CONTENT="and" HEIGHT="53" WIDTH="113" VPOS="1573" HPOS="737"/>
<SP HEIGHT="53" WIDTH="25" VPOS="1572" HPOS="851"/>
<String CONTENT="his" HEIGHT="53" WIDTH="90" VPOS="1572" HPOS="877"/>
<SP HEIGHT="53" WIDTH="24" VPOS="1572" HPOS="968"/>
<String CONTENT="home;" HEIGHT="67" WIDTH="192" VPOS="1572" HPOS="993"/>
<SP HEIGHT="49" WIDTH="29" VPOS="1590" HPOS="1186"/>
<String CONTENT="practical" HEIGHT="67" WIDTH="279" VPOS="1572" HPOS="1216"/>
<SP HEIGHT="52" WIDTH="26" VPOS="1572" HPOS="1496"/>
<String CONTENT="contributions" HEIGHT="55" WIDTH="417" VPOS="1570" HPOS="1523"/>
<SP HEIGHT="47" WIDTH="27" VPOS="1578" HPOS="1941"/>
<String CONTENT="to" HEIGHT="47" WIDTH="56" VPOS="1578" HPOS="1969"/>
<SP HEIGHT="33" WIDTH="27" VPOS="1592" HPOS="2026"/>
<String CONTENT="child" HEIGHT="53" WIDTH="155" VPOS="1572" HPOS="2054"/>
<SP HEIGHT="52" WIDTH="28" VPOS="1573" HPOS="2210"/>
<String CONTENT="culture" HEIGHT="129" WIDTH="1992" VPOS="1575" HPOS="333"/>
</TextLine>
<TextLine HEIGHT="73" WIDTH="1866" VPOS="1649" HPOS="487" STYLEREFS="StyleId-B4E0179A-0BEA-49F6-8AC7-3541A00D0964-" CS="1">
<String CONTENT="from" HEIGHT="53" WIDTH="153" VPOS="1650" HPOS="487"/>
<SP HEIGHT="34" WIDTH="22" VPOS="1669" HPOS="641"/>
<String CONTENT="modern" HEIGHT="53" WIDTH="235" VPOS="1651" HPOS="664"/>
<SP HEIGHT="35" WIDTH="27" VPOS="1668" HPOS="900"/>
<String CONTENT="research," HEIGHT="69" WIDTH="277" VPOS="1651" HPOS="928"/>
<SP HEIGHT="69" WIDTH="23" VPOS="1651" HPOS="1206"/>
<String CONTENT="by" HEIGHT="69" WIDTH="75" VPOS="1651" HPOS="1230"/>
<SP HEIGHT="71" WIDTH="25" VPOS="1649" HPOS="1306"/>
<String LANG="fr" CONTENT="H." HEIGHT="52" WIDTH="74" VPOS="1649" HPOS="1332"/>
<SP HEIGHT="53" WIDTH="26" VPOS="1650" HPOS="1407"/>
<String CONTENT="W." HEIGHT="53" WIDTH="88" VPOS="1650" HPOS="1434"/>
<SP HEIGHT="52" WIDTH="28" VPOS="1650" HPOS="1523"/>
<String CONTENT="Hurt," HEIGHT="70" WIDTH="177" VPOS="1650" HPOS="1552"/>
<SP HEIGHT="52" WIDTH="25" VPOS="1668" HPOS="1730"/>
<String CS="1" CONTENT="PH." HEIGHT="8" WIDTH="7" VPOS="1693" HPOS="1842"/>
<SP HEIGHT="32" WIDTH="30" VPOS="1670" HPOS="1850"/>
<String CS="1" CONTENT="D." HEIGHT="8" WIDTH="7" VPOS="1693" HPOS="1918"/>
<SP HEIGHT="52" WIDTH="79" VPOS="1650" HPOS="1926"/>
<String CONTENT="New" HEIGHT="52" WIDTH="137" VPOS="1650" HPOS="2006"/>
<SP HEIGHT="52" WIDTH="33" VPOS="1650" HPOS="2144"/>
<String CONTENT="York," HEIGHT="73" WIDTH="175" VPOS="1649" HPOS="2178"/>
</TextLine>
<TextLine HEIGHT="68" WIDTH="1126" VPOS="1731" HPOS="330" STYLEREFS="StyleId-B4E0179A-0BEA-49F6-8AC7-3541A00D0964-">
<String CONTENT="Minton," HEIGHT="68" WIDTH="249" VPOS="1731" HPOS="330"/>
<SP HEIGHT="67" WIDTH="30" VPOS="1732" HPOS="580"/>
<String CONTENT="Balch" HEIGHT="53" WIDTH="182" VPOS="1731" HPOS="611"/>
<SP HEIGHT="52" WIDTH="31" VPOS="1731" HPOS="794"/>
<String CONTENT="and" HEIGHT="52" WIDTH="112" VPOS="1731" HPOS="826"/>
<SP HEIGHT="52" WIDTH="31" VPOS="1731" HPOS="939"/>
<String CONTENT="company," HEIGHT="52" WIDTH="300" VPOS="1747" HPOS="971"/>
<SP HEIGHT="65" WIDTH="32" VPOS="1734" HPOS="1272"/>
<String CONTENT="1931." HEIGHT="50" WIDTH="151" VPOS="1732" HPOS="1305"/>
</TextLine>
<TextLine HEIGHT="51" WIDTH="497" VPOS="1809" HPOS="400" STYLEREFS="StyleId-B4E0179A-0BEA-49F6-8AC7-3541A00D0964-" CS="1">
<String CONTENT="xiv," HEIGHT="49" WIDTH="99" VPOS="1811" HPOS="400"/>
<SP HEIGHT="50" WIDTH="28" VPOS="1810" HPOS="500"/>
<String CONTENT="260" HEIGHT="41" WIDTH="87" VPOS="1809" HPOS="529"/>
<SP HEIGHT="49" WIDTH="29" VPOS="1809" HPOS="617"/>
<String CONTENT="p." HEIGHT="37" WIDTH="42" VPOS="1821" HPOS="647"/>
<SP HEIGHT="40" WIDTH="61" VPOS="1810" HPOS="690"/>
<String CS="1" CONTENT="19&#189;" HEIGHT="41" WIDTH="57" VPOS="1809" HPOS="752"/>
<String STYLE="superscript" CS="1" CONTENT="&#7580;&#7504;"/>
<String CONTENT="." HEIGHT="9" WIDTH="7" VPOS="1843" HPOS="890"/>
</TextLine>
<TextLine HEIGHT="53" WIDTH="2020" VPOS="1864" HPOS="334" CS="1">
<String CONTENT="&#169;" HEIGHT="53" WIDTH="52" VPOS="1864" HPOS="334"/>
<SP HEIGHT="53" WIDTH="30" VPOS="1864" HPOS="387"/>
<String CONTENT="Apr." HEIGHT="46" WIDTH="114" VPOS="1871" HPOS="418"/>
<SP HEIGHT="40" WIDTH="28" VPOS="1869" HPOS="533"/>
<String CONTENT="3," HEIGHT="48" WIDTH="40" VPOS="1869" HPOS="562"/>
<SP HEIGHT="48" WIDTH="29" VPOS="1869" HPOS="603"/>
<String CS="1" CONTENT="1931;" HEIGHT="40" WIDTH="112" VPOS="1868" HPOS="633"/>
<SP HEIGHT="41" WIDTH="29" VPOS="1869" HPOS="776"/>
<String CONTENT="2c." HEIGHT="39" WIDTH="67" VPOS="1869" HPOS="806"/>
<SP HEIGHT="29" WIDTH="30" VPOS="1879" HPOS="874"/>
<String CONTENT="and" HEIGHT="38" WIDTH="94" VPOS="1869" HPOS="905"/>
<SP HEIGHT="38" WIDTH="30" VPOS="1869" HPOS="1000"/>
<String CONTENT="aff." HEIGHT="39" WIDTH="81" VPOS="1868" HPOS="1031"/>
<SP HEIGHT="37" WIDTH="32" VPOS="1869" HPOS="1113"/>
<String CONTENT="Apr." HEIGHT="46" WIDTH="113" VPOS="1869" HPOS="1146"/>
<SP HEIGHT="40" WIDTH="30" VPOS="1869" HPOS="1260"/>
<String CS="1" CONTENT="17;" HEIGHT="40" WIDTH="55" VPOS="1868" HPOS="1291"/>
<SP HEIGHT="41" WIDTH="33" VPOS="1868" HPOS="1373"/>
<!-- cceid E5733F4C-6E8D-1014-9CF5-AEB3FCA41D69 --><String CONTENT="A" HEIGHT="38" WIDTH="37" VPOS="1868" HPOS="1407"/>
<SP HEIGHT="39" WIDTH="29" VPOS="1868" HPOS="1445"/>
<String CS="1" CONTENT="36528;" HEIGHT="48" WIDTH="172" VPOS="1867" HPOS="1475"/>
<SP HEIGHT="47" WIDTH="33" VPOS="1868" HPOS="1648"/>
<String LANG="fr" CONTENT="H." HEIGHT="41" WIDTH="60" VPOS="1868" HPOS="1682"/>
<SP HEIGHT="41" WIDTH="32" VPOS="1868" HPOS="1743"/>
<String CONTENT="W." HEIGHT="40" WIDTH="71" VPOS="1868" HPOS="1776"/>
<SP HEIGHT="40" WIDTH="31" VPOS="1868" HPOS="1848"/>
<String CONTENT="Hurt," HEIGHT="49" WIDTH="144" VPOS="1868" HPOS="1880"/>
<SP HEIGHT="48" WIDTH="31" VPOS="1869" HPOS="2025"/>
<String CONTENT="New" HEIGHT="39" WIDTH="117" VPOS="1869" HPOS="2057"/>
<SP HEIGHT="40" WIDTH="31" VPOS="1868" HPOS="2175"/>
<String CONTENT="York." HEIGHT="40" WIDTH="147" VPOS="1868" HPOS="2207"/>
</TextLine>
<TextLine HEIGHT="50" WIDTH="283" VPOS="1926" HPOS="412">
<String CONTENT="(31-10061)" HEIGHT="50" WIDTH="283" VPOS="1926" HPOS="412"/>
</TextLine>
<TextLine HEIGHT="63" WIDTH="494" VPOS="2023" HPOS="330" STYLEREFS="StyleId-932EE344-AEAD-420E-9870-270F4A0B386D-">
<String CONTENT="Jenness," HEIGHT="61" WIDTH="274" VPOS="2024" HPOS="330"/>
<SP HEIGHT="62" WIDTH="26" VPOS="2023" HPOS="605"/>
<String CONTENT="Mary." HEIGHT="63" WIDTH="192" VPOS="2023" HPOS="632"/>
</TextLine>
<TextLine HEIGHT="147" WIDTH="1998" VPOS="2096" HPOS="326" STYLEREFS="StyleId-B4E0179A-0BEA-49F6-8AC7-3541A00D0964-" CS="1">
<String CS="1" CONTENT="&#8230;"/>
<SP HEIGHT="54" WIDTH="37" VPOS="2097" HPOS="460"/>
<String CONTENT="The" HEIGHT="54" WIDTH="121" VPOS="2096" HPOS="498"/>
<SP HEIGHT="53" WIDTH="33" VPOS="2097" HPOS="620"/>
<String CONTENT="Orient" HEIGHT="53" WIDTH="205" VPOS="2097" HPOS="654"/>
<SP HEIGHT="47" WIDTH="30" VPOS="2103" HPOS="860"/>
<String CONTENT="steps" HEIGHT="64" WIDTH="151" VPOS="2102" HPOS="891"/>
<SP HEIGHT="36" WIDTH="31" VPOS="2113" HPOS="1043"/>
<String CONTENT="out" HEIGHT="48" WIDTH="98" VPOS="2101" HPOS="1075"/>
<SP HEIGHT="64" WIDTH="35" VPOS="2101" HPOS="1174"/>
<String CONTENT="[by]" HEIGHT="69" WIDTH="110" VPOS="2097" HPOS="1210"/>
<SP HEIGHT="69" WIDTH="35" VPOS="2097" HPOS="1321"/>
<String CONTENT="Mary" HEIGHT="68" WIDTH="170" VPOS="2097" HPOS="1357"/>
<SP HEIGHT="68" WIDTH="33" VPOS="2097" HPOS="1528"/>
<String CONTENT="Jenness," HEIGHT="66" WIDTH="255" VPOS="2097" HPOS="1562"/>
<SP HEIGHT="49" WIDTH="34" VPOS="2115" HPOS="1818"/>
<String CONTENT="prepared" HEIGHT="67" WIDTH="281" VPOS="2097" HPOS="1853"/>
<SP HEIGHT="51" WIDTH="34" VPOS="2097" HPOS="2135"/>
<String CONTENT="in" HEIGHT="51" WIDTH="56" VPOS="2097" HPOS="2170"/>
<SP HEIGHT="35" WIDTH="34" VPOS="2114" HPOS="2227"/>
<String CONTENT="cooperation" HEIGHT="129" WIDTH="1998" VPOS="2114" HPOS="326"/>
</TextLine>
<TextLine HEIGHT="72" WIDTH="1690" VPOS="2174" HPOS="659" STYLEREFS="StyleId-B4E0179A-0BEA-49F6-8AC7-3541A00D0964-">
<String CONTENT="with" HEIGHT="54" WIDTH="141" VPOS="2176" HPOS="659"/>
<SP HEIGHT="52" WIDTH="32" VPOS="2178" HPOS="801"/>
<String CONTENT="the" HEIGHT="55" WIDTH="96" VPOS="2175" HPOS="834"/>
<SP HEIGHT="54" WIDTH="33" VPOS="2176" HPOS="931"/>
<String CONTENT="International" HEIGHT="53" WIDTH="420" VPOS="2175" HPOS="965"/>
<SP HEIGHT="51" WIDTH="34" VPOS="2176" HPOS="1386"/>
<String CONTENT="association" HEIGHT="54" WIDTH="335" VPOS="2174" HPOS="1421"/>
<SP HEIGHT="33" WIDTH="34" VPOS="2194" HPOS="1757"/>
<String CONTENT="of" HEIGHT="52" WIDTH="62" VPOS="2175" HPOS="1792"/>
<SP HEIGHT="52" WIDTH="36" VPOS="2175" HPOS="1855"/>
<String CONTENT="daily" HEIGHT="72" WIDTH="157" VPOS="2174" HPOS="1892"/>
<SP HEIGHT="53" WIDTH="38" VPOS="2193" HPOS="2050"/>
<String CONTENT="vacation" HEIGHT="53" WIDTH="260" VPOS="2175" HPOS="2089"/>
</TextLine>
<TextLine HEIGHT="72" WIDTH="2019" VPOS="2252" HPOS="329" STYLEREFS="StyleId-B4E0179A-0BEA-49F6-8AC7-3541A00D0964-" CS="1">
<String CONTENT="Bible" HEIGHT="53" WIDTH="166" VPOS="2254" HPOS="329"/>
<SP HEIGHT="34" WIDTH="49" VPOS="2273" HPOS="496"/>
<String CONTENT="schools." HEIGHT="55" WIDTH="231" VPOS="2252" HPOS="546"/>
<SP HEIGHT="53" WIDTH="88" VPOS="2252" HPOS="778"/>
<String CONTENT="New" HEIGHT="54" WIDTH="137" VPOS="2252" HPOS="867"/>
<SP HEIGHT="53" WIDTH="52" VPOS="2253" HPOS="1005"/>
<String CONTENT="York," HEIGHT="71" WIDTH="176" VPOS="2253" HPOS="1058"/>
<SP HEIGHT="71" WIDTH="53" VPOS="2253" HPOS="1235"/>
<String CONTENT="Cincinnati" HEIGHT="56" WIDTH="324" VPOS="2252" HPOS="1289"/>
<SP HEIGHT="68" WIDTH="60" VPOS="2254" HPOS="1614"/>
<String CS="1" CONTENT="[etc.]" HEIGHT="63" WIDTH="120" VPOS="2260" HPOS="1693"/>
<SP HEIGHT="69" WIDTH="53" VPOS="2254" HPOS="1814"/>
<String CONTENT="The" HEIGHT="53" WIDTH="122" VPOS="2253" HPOS="1868"/>
<SP HEIGHT="52" WIDTH="47" VPOS="2254" HPOS="1991"/>
<String CONTENT="Abingdon" HEIGHT="70" WIDTH="309" VPOS="2253" HPOS="2039"/>
</TextLine>
<TextLine HEIGHT="67" WIDTH="393" VPOS="2335" HPOS="323" STYLEREFS="StyleId-B4E0179A-0BEA-49F6-8AC7-3541A00D0964-" CS="1">
<String CONTENT="press" HEIGHT="51" WIDTH="158" VPOS="2351" HPOS="323"/>
<SP HEIGHT="50" WIDTH="38" VPOS="2352" HPOS="482"/>
<String CONTENT="[" HEIGHT="35" WIDTH="13" VPOS="2367" HPOS="521"/>
<String STYLE="superscript" CS="1" CONTENT="&#7580;1"/>
<String CONTENT="931]" HEIGHT="66" WIDTH="120" VPOS="2335" HPOS="596"/>
</TextLine>
<TextLine HEIGHT="100" WIDTH="2003" VPOS="2413" HPOS="329" CS="1">
<String CONTENT="192" HEIGHT="42" WIDTH="86" VPOS="2413" HPOS="398"/>
<SP HEIGHT="49" WIDTH="33" VPOS="2413" HPOS="485"/>
<String CONTENT="p." HEIGHT="37" WIDTH="42" VPOS="2425" HPOS="519"/>
<SP HEIGHT="40" WIDTH="61" VPOS="2415" HPOS="562"/>
<String CONTENT="front.," HEIGHT="48" WIDTH="163" VPOS="2415" HPOS="624"/>
<SP HEIGHT="49" WIDTH="33" VPOS="2414" HPOS="788"/>
<String CONTENT="illus.," HEIGHT="48" WIDTH="143" VPOS="2414" HPOS="822"/>
<SP HEIGHT="38" WIDTH="35" VPOS="2425" HPOS="966"/>
<String CS="1" CONTENT="pl.," HEIGHT="38" WIDTH="77" VPOS="2425" HPOS="1002"/>
<SP HEIGHT="38" WIDTH="38" VPOS="2425" HPOS="1080"/>
<String CONTENT="ports." HEIGHT="46" WIDTH="148" VPOS="2417" HPOS="1119"/>
<SP HEIGHT="41" WIDTH="60" VPOS="2415" HPOS="1268"/>
<String CONTENT="20" HEIGHT="40" WIDTH="57" VPOS="2415" HPOS="1329"/>
<String STYLE="superscript" CS="1" CONTENT="&#7580;&#7504;"/>
<String CONTENT="." HEIGHT="8" WIDTH="7" VPOS="2447" HPOS="1438"/>
<SP HEIGHT="48" WIDTH="72" VPOS="2416" HPOS="1446"/>
<String CONTENT="(The" HEIGHT="48" WIDTH="126" VPOS="2416" HPOS="1519"/>
<SP HEIGHT="39" WIDTH="32" VPOS="2417" HPOS="1646"/>
<String CONTENT="Abingdon" HEIGHT="48" WIDTH="251" VPOS="2415" HPOS="1679"/>
<SP HEIGHT="28" WIDTH="40" VPOS="2427" HPOS="1931"/>
<String CONTENT="religious" HEIGHT="49" WIDTH="232" VPOS="2415" HPOS="1972"/>
<SP HEIGHT="30" WIDTH="36" VPOS="2426" HPOS="2205"/>
<String CONTENT="education" HEIGHT="95" WIDTH="2003" VPOS="2418" HPOS="329"/>
</TextLine>
<TextLine HEIGHT="50" WIDTH="1813" VPOS="2472" HPOS="536">
<String CONTENT="texts;" HEIGHT="47" WIDTH="155" VPOS="2475" HPOS="536"/>
<SP HEIGHT="49" WIDTH="43" VPOS="2473" HPOS="692"/>
<String LANG="fr" CONTENT="J." HEIGHT="41" WIDTH="42" VPOS="2473" HPOS="736"/>
<SP HEIGHT="40" WIDTH="40" VPOS="2474" HPOS="779"/>
<String CONTENT="W." HEIGHT="39" WIDTH="70" VPOS="2474" HPOS="820"/>
<SP HEIGHT="39" WIDTH="40" VPOS="2474" HPOS="891"/>
<String CONTENT="Langdale," HEIGHT="47" WIDTH="262" VPOS="2473" HPOS="932"/>
<SP HEIGHT="37" WIDTH="39" VPOS="2482" HPOS="1195"/>
<String CONTENT="general" HEIGHT="46" WIDTH="195" VPOS="2473" HPOS="1235"/>
<SP HEIGHT="39" WIDTH="43" VPOS="2473" HPOS="1431"/>
<String CONTENT="editor." HEIGHT="41" WIDTH="168" VPOS="2472" HPOS="1475"/>
<SP HEIGHT="39" WIDTH="70" VPOS="2474" HPOS="1644"/>
<String CONTENT="Daily" HEIGHT="48" WIDTH="145" VPOS="2473" HPOS="1715"/>
<SP HEIGHT="37" WIDTH="43" VPOS="2484" HPOS="1861"/>
<String CONTENT="vacation" HEIGHT="40" WIDTH="224" VPOS="2474" HPOS="1905"/>
<SP HEIGHT="30" WIDTH="40" VPOS="2484" HPOS="2130"/>
<String CONTENT="church" HEIGHT="40" WIDTH="178" VPOS="2474" HPOS="2171"/>
</TextLine>
<TextLine HEIGHT="52" WIDTH="937" VPOS="2526" HPOS="327">
<String CONTENT="school" HEIGHT="41" WIDTH="165" VPOS="2529" HPOS="327"/>
<SP HEIGHT="39" WIDTH="25" VPOS="2529" HPOS="493"/>
<String CONTENT="series;" HEIGHT="47" WIDTH="176" VPOS="2530" HPOS="519"/>
<SP HEIGHT="51" WIDTH="32" VPOS="2526" HPOS="696"/>
<String LANG="fr" CONTENT="G." HEIGHT="44" WIDTH="50" VPOS="2526" HPOS="729"/>
<SP HEIGHT="40" WIDTH="28" VPOS="2530" HPOS="780"/>
<String CONTENT="H." HEIGHT="40" WIDTH="58" VPOS="2530" HPOS="809"/>
<SP HEIGHT="40" WIDTH="30" VPOS="2530" HPOS="868"/>
<String CONTENT="Betts," HEIGHT="47" WIDTH="153" VPOS="2530" HPOS="899"/>
<SP HEIGHT="36" WIDTH="28" VPOS="2541" HPOS="1053"/>
<String CONTENT="editor)" HEIGHT="50" WIDTH="182" VPOS="2528" HPOS="1082"/>
</TextLine>
<TextLine HEIGHT="52" WIDTH="1933" VPOS="2585" HPOS="338" CS="1">
<String CONTENT="&#169;" HEIGHT="52" WIDTH="52" VPOS="2585" HPOS="338"/>
<SP HEIGHT="52" WIDTH="26" VPOS="2585" HPOS="391"/>
<String CONTENT="Apr." HEIGHT="47" WIDTH="114" VPOS="2590" HPOS="418"/>
<SP HEIGHT="41" WIDTH="28" VPOS="2589" HPOS="533"/>
<String CONTENT="6," HEIGHT="47" WIDTH="38" VPOS="2589" HPOS="562"/>
<SP HEIGHT="46" WIDTH="28" VPOS="2590" HPOS="601"/>
<String CS="1" CONTENT="1931;" HEIGHT="41" WIDTH="109" VPOS="2587" HPOS="630"/>
<SP HEIGHT="41" WIDTH="30" VPOS="2587" HPOS="771"/>
<String CONTENT="2c." HEIGHT="42" WIDTH="66" VPOS="2587" HPOS="802"/>
<SP HEIGHT="31" WIDTH="28" VPOS="2598" HPOS="869"/>
<String CONTENT="and" HEIGHT="39" WIDTH="95" VPOS="2588" HPOS="898"/>
<SP HEIGHT="39" WIDTH="29" VPOS="2588" HPOS="994"/>
<String CONTENT="aff." HEIGHT="40" WIDTH="81" VPOS="2586" HPOS="1024"/>
<SP HEIGHT="39" WIDTH="26" VPOS="2587" HPOS="1106"/>
<String CONTENT="Apr." HEIGHT="48" WIDTH="115" VPOS="2587" HPOS="1133"/>
<SP HEIGHT="39" WIDTH="29" VPOS="2588" HPOS="1249"/>
<String CS="1" CONTENT="7;" HEIGHT="39" WIDTH="24" VPOS="2588" HPOS="1279"/>
<SP HEIGHT="45" WIDTH="30" VPOS="2588" HPOS="1332"/>
<!-- cceid E573EE33-6E8D-1014-9CF5-AEB3FCA41D69 --><String CONTENT="A" HEIGHT="37" WIDTH="40" VPOS="2588" HPOS="1363"/>
<SP HEIGHT="39" WIDTH="26" VPOS="2587" HPOS="1404"/>
<String CS="1" CONTENT="35623;" HEIGHT="41" WIDTH="144" VPOS="2586" HPOS="1431"/>
<SP HEIGHT="47" WIDTH="32" VPOS="2587" HPOS="1603"/>
<String CONTENT="M." HEIGHT="41" WIDTH="62" VPOS="2587" HPOS="1636"/>
<SP HEIGHT="41" WIDTH="29" VPOS="2587" HPOS="1699"/>
<String CONTENT="Jenness." HEIGHT="43" WIDTH="219" VPOS="2587" HPOS="1729"/>
<SP HEIGHT="42" WIDTH="29" VPOS="2588" HPOS="1949"/>
<String CONTENT="New" HEIGHT="40" WIDTH="117" VPOS="2588" HPOS="1979"/>
<SP HEIGHT="40" WIDTH="28" VPOS="2588" HPOS="2097"/>
<String CONTENT="York." HEIGHT="40" WIDTH="145" VPOS="2588" HPOS="2126"/>
</TextLine>
<TextLine HEIGHT="49" WIDTH="253" VPOS="2646" HPOS="415">
<String CONTENT="(31-9913)" HEIGHT="49" WIDTH="253" VPOS="2646" HPOS="415"/>
</TextLine>
<TextLine HEIGHT="64" WIDTH="646" VPOS="2740" HPOS="331" STYLEREFS="StyleId-932EE344-AEAD-420E-9870-270F4A0B386D-">
<String CONTENT="Johnson," HEIGHT="63" WIDTH="288" VPOS="2741" HPOS="331"/>
<SP HEIGHT="64" WIDTH="27" VPOS="2740" HPOS="620"/>
<String CONTENT="Farquson." HEIGHT="64" WIDTH="329" VPOS="2740" HPOS="648"/>
</TextLine>
<TextLine HEIGHT="72" WIDTH="1948" VPOS="2815" HPOS="398" STYLEREFS="StyleId-B4E0179A-0BEA-49F6-8AC7-3541A00D0964-">
<String CONTENT="Why" HEIGHT="71" WIDTH="154" VPOS="2816" HPOS="398"/>
<SP HEIGHT="52" WIDTH="35" VPOS="2835" HPOS="553"/>
<String CONTENT="marry!" HEIGHT="69" WIDTH="226" VPOS="2817" HPOS="589"/>
<SP HEIGHT="54" WIDTH="72" VPOS="2816" HPOS="816"/>
<String CONTENT="The" HEIGHT="53" WIDTH="122" VPOS="2816" HPOS="889"/>
<SP HEIGHT="36" WIDTH="32" VPOS="2833" HPOS="1012"/>
<String CONTENT="war" HEIGHT="36" WIDTH="118" VPOS="2833" HPOS="1045"/>
<SP HEIGHT="36" WIDTH="35" VPOS="2833" HPOS="1164"/>
<String CONTENT="on" HEIGHT="36" WIDTH="72" VPOS="2833" HPOS="1200"/>
<SP HEIGHT="48" WIDTH="34" VPOS="2820" HPOS="1273"/>
<String CONTENT="this" HEIGHT="54" WIDTH="116" VPOS="2815" HPOS="1308"/>
<SP HEIGHT="35" WIDTH="33" VPOS="2834" HPOS="1425"/>
<String CONTENT="side," HEIGHT="70" WIDTH="137" VPOS="2815" HPOS="1459"/>
<SP HEIGHT="69" WIDTH="31" VPOS="2816" HPOS="1597"/>
<String CONTENT="by" HEIGHT="69" WIDTH="75" VPOS="2816" HPOS="1629"/>
<SP HEIGHT="68" WIDTH="34" VPOS="2817" HPOS="1705"/>
<String CONTENT="Farquson" HEIGHT="67" WIDTH="295" VPOS="2817" HPOS="1740"/>
<SP HEIGHT="55" WIDTH="34" VPOS="2816" HPOS="2036"/>
<String CONTENT="Johnson." HEIGHT="55" WIDTH="275" VPOS="2816" HPOS="2071"/>
</TextLine>
<TextLine HEIGHT="149" WIDTH="2001" VPOS="2893" HPOS="325" STYLEREFS="StyleId-B4E0179A-0BEA-49F6-8AC7-3541A00D0964-" CS="1">
<String CONTENT="Cleveland," HEIGHT="66" WIDTH="329" VPOS="2894" HPOS="330"/>
<SP HEIGHT="67" WIDTH="27" VPOS="2893" HPOS="660"/>
<String LANG="fr" CONTENT="O.," HEIGHT="67" WIDTH="87" VPOS="2893" HPOS="688"/>
<SP HEIGHT="67" WIDTH="25" VPOS="2893" HPOS="776"/>
<String CONTENT="New" HEIGHT="54" WIDTH="137" VPOS="2893" HPOS="802"/>
<SP HEIGHT="52" WIDTH="28" VPOS="2894" HPOS="940"/>
<String CONTENT="York," HEIGHT="66" WIDTH="179" VPOS="2894" HPOS="969"/>
<SP HEIGHT="66" WIDTH="27" VPOS="2894" HPOS="1149"/>
<String LANG="fr" CONTENT="N." HEIGHT="54" WIDTH="68" VPOS="2894" HPOS="1177"/>
<SP HEIGHT="54" WIDTH="32" VPOS="2894" HPOS="1246"/>
<String CONTENT="Y.," HEIGHT="66" WIDTH="89" VPOS="2894" HPOS="1279"/>
<SP HEIGHT="65" WIDTH="23" VPOS="2895" HPOS="1369"/>
<String CONTENT="The" HEIGHT="53" WIDTH="121" VPOS="2895" HPOS="1393"/>
<SP HEIGHT="54" WIDTH="28" VPOS="2895" HPOS="1515"/>
<String CONTENT="World" HEIGHT="55" WIDTH="203" VPOS="2894" HPOS="1544"/>
<SP HEIGHT="54" WIDTH="24" VPOS="2894" HPOS="1748"/>
<String CONTENT="syndicate" HEIGHT="66" WIDTH="291" VPOS="2894" HPOS="1773"/>
<SP HEIGHT="47" WIDTH="29" VPOS="2913" HPOS="2065"/>
<String CONTENT="publishing" HEIGHT="147" WIDTH="2001" VPOS="2895" HPOS="325"/>
<SP HEIGHT="51" WIDTH="32" VPOS="2991" HPOS="428"/>
<String CONTENT="co." HEIGHT="34" WIDTH="78" VPOS="2992" HPOS="461"/>
<SP HEIGHT="34" WIDTH="41" VPOS="3008" HPOS="540"/>
<String CONTENT="[" HEIGHT="34" WIDTH="12" VPOS="3008" HPOS="582"/>
<String STYLE="superscript" CS="1" CONTENT="&#7580;1"/>
<String CONTENT="931]" HEIGHT="65" WIDTH="119" VPOS="2976" HPOS="657"/>
</TextLine>
<TextLine HEIGHT="48" WIDTH="372" VPOS="3057" HPOS="399" CS="1">
<String CONTENT="277" HEIGHT="42" WIDTH="87" VPOS="3057" HPOS="399"/>
<SP HEIGHT="46" WIDTH="34" VPOS="3059" HPOS="487"/>
<String CONTENT="p." HEIGHT="38" WIDTH="42" VPOS="3067" HPOS="522"/>
<SP HEIGHT="41" WIDTH="60" VPOS="3057" HPOS="565"/>
<String CS="1" CONTENT="19&#189;" HEIGHT="40" WIDTH="56" VPOS="3057" HPOS="626"/>
<String STYLE="superscript" CS="1" CONTENT="&#7580;&#7504;"/>
<String CONTENT="." HEIGHT="8" WIDTH="7" VPOS="3089" HPOS="764"/>
</TextLine>
<TextLine HEIGHT="53" WIDTH="2014" VPOS="3111" HPOS="338">
<String CONTENT="&#169;" HEIGHT="53" WIDTH="52" VPOS="3111" HPOS="338"/>
<SP HEIGHT="53" WIDTH="26" VPOS="3111" HPOS="391"/>
<String CONTENT="Apr." HEIGHT="46" WIDTH="113" VPOS="3117" HPOS="418"/>
<SP HEIGHT="40" WIDTH="26" VPOS="3116" HPOS="532"/>
<String CONTENT="10," HEIGHT="47" WIDTH="68" VPOS="3115" HPOS="559"/>
<SP HEIGHT="46" WIDTH="25" VPOS="3116" HPOS="628"/>
<String CONTENT="1931;" HEIGHT="47" WIDTH="140" VPOS="3113" HPOS="654"/>
<SP HEIGHT="45" WIDTH="27" VPOS="3115" HPOS="795"/>
<String CONTENT="2c." HEIGHT="39" WIDTH="66" VPOS="3115" HPOS="823"/>
<SP HEIGHT="28" WIDTH="26" VPOS="3125" HPOS="890"/>
<String CONTENT="and" HEIGHT="39" WIDTH="95" VPOS="3114" HPOS="917"/>
<SP HEIGHT="39" WIDTH="26" VPOS="3114" HPOS="1013"/>
<String CONTENT="aff." HEIGHT="43" WIDTH="82" VPOS="3112" HPOS="1040"/>
<SP HEIGHT="42" WIDTH="25" VPOS="3113" HPOS="1123"/>
<String CONTENT="Apr." HEIGHT="48" WIDTH="115" VPOS="3113" HPOS="1149"/>
<SP HEIGHT="39" WIDTH="26" VPOS="3114" HPOS="1265"/>
<String CONTENT="18;" HEIGHT="47" WIDTH="80" VPOS="3113" HPOS="1292"/>
<SP HEIGHT="46" WIDTH="29" VPOS="3114" HPOS="1373"/>
<!-- cceid E57492EB-6E8D-1014-9CF5-AEB3FCA41D69 --><String CONTENT="A" HEIGHT="38" WIDTH="37" VPOS="3114" HPOS="1403"/>
<SP HEIGHT="39" WIDTH="26" VPOS="3114" HPOS="1441"/>
<String CONTENT="35875;" HEIGHT="47" WIDTH="172" VPOS="3113" HPOS="1468"/>
<SP HEIGHT="46" WIDTH="30" VPOS="3114" HPOS="1641"/>
<String CONTENT="World" HEIGHT="41" WIDTH="166" VPOS="3114" HPOS="1672"/>
<SP HEIGHT="40" WIDTH="27" VPOS="3115" HPOS="1839"/>
<String CONTENT="syndicate" HEIGHT="49" WIDTH="255" VPOS="3114" HPOS="1867"/>
<SP HEIGHT="37" WIDTH="24" VPOS="3126" HPOS="2123"/>
<String CONTENT="pub." HEIGHT="49" WIDTH="108" VPOS="3114" HPOS="2148"/>
<SP HEIGHT="30" WIDTH="28" VPOS="3127" HPOS="2257"/>
<String CONTENT="co." HEIGHT="32" WIDTH="66" VPOS="3124" HPOS="2286"/>
</TextLine>
<TextLine HEIGHT="49" WIDTH="252" VPOS="3171" HPOS="418">
<String CONTENT="(31-9711)" HEIGHT="49" WIDTH="252" VPOS="3171" HPOS="418"/>
</TextLine>
<TextLine HEIGHT="64" WIDTH="1039" VPOS="3268" HPOS="331" STYLEREFS="StyleId-932EE344-AEAD-420E-9870-270F4A0B386D-" CS="1">
<String CONTENT="Jones," HEIGHT="63" WIDTH="202" VPOS="3268" HPOS="331"/>
<SP HEIGHT="62" WIDTH="27" VPOS="3269" HPOS="534"/>
<String CS="1" CONTENT="Vernon" HEIGHT="36" WIDTH="182" VPOS="3285" HPOS="619"/>
<SP HEIGHT="53" WIDTH="28" VPOS="3268" HPOS="802"/>
<String CONTENT="Augustus," HEIGHT="64" WIDTH="335" VPOS="3268" HPOS="831"/>
<SP HEIGHT="55" WIDTH="30" VPOS="3275" HPOS="1167"/>
<String CONTENT="1897-" HEIGHT="54" WIDTH="172" VPOS="3269" HPOS="1198"/>
</TextLine>
<TextLine HEIGHT="72" WIDTH="1950" VPOS="3346" HPOS="403" STYLEREFS="StyleId-B4E0179A-0BEA-49F6-8AC7-3541A00D0964-">
<String CONTENT="What" HEIGHT="53" WIDTH="180" VPOS="3351" HPOS="403"/>
<SP HEIGHT="47" WIDTH="30" VPOS="3355" HPOS="584"/>
<String CONTENT="would" HEIGHT="52" WIDTH="189" VPOS="3350" HPOS="615"/>
<SP HEIGHT="67" WIDTH="33" VPOS="3351" HPOS="805"/>
<String CONTENT="you" HEIGHT="50" WIDTH="112" VPOS="3368" HPOS="839"/>
<SP HEIGHT="51" WIDTH="30" VPOS="3350" HPOS="952"/>
<String CONTENT="have" HEIGHT="51" WIDTH="143" VPOS="3350" HPOS="983"/>
<SP HEIGHT="52" WIDTH="34" VPOS="3349" HPOS="1127"/>
<String CONTENT="done?" HEIGHT="54" WIDTH="178" VPOS="3346" HPOS="1162"/>
<SP HEIGHT="54" WIDTH="79" VPOS="3346" HPOS="1341"/>
<String CONTENT="True" HEIGHT="52" WIDTH="151" VPOS="3349" HPOS="1421"/>
<SP HEIGHT="34" WIDTH="33" VPOS="3367" HPOS="1573"/>
<String CONTENT="stories" HEIGHT="55" WIDTH="201" VPOS="3348" HPOS="1607"/>
<SP HEIGHT="54" WIDTH="34" VPOS="3349" HPOS="1809"/>
<String CONTENT="from" HEIGHT="52" WIDTH="152" VPOS="3349" HPOS="1844"/>
<SP HEIGHT="53" WIDTH="31" VPOS="3349" HPOS="1997"/>
<String CONTENT="biography" HEIGHT="68" WIDTH="324" VPOS="3349" HPOS="2029"/>
</TextLine>
<TextLine HEIGHT="72" WIDTH="2011" VPOS="3426" HPOS="337" STYLEREFS="StyleId-B4E0179A-0BEA-49F6-8AC7-3541A00D0964-" CS="1">
<String CONTENT="for" HEIGHT="54" WIDTH="95" VPOS="3428" HPOS="337"/>
<SP HEIGHT="53" WIDTH="29" VPOS="3428" HPOS="433"/>
<String CONTENT="boys" HEIGHT="70" WIDTH="139" VPOS="3428" HPOS="463"/>
<SP HEIGHT="35" WIDTH="34" VPOS="3447" HPOS="603"/>
<String CONTENT="and" HEIGHT="52" WIDTH="112" VPOS="3429" HPOS="638"/>
<SP HEIGHT="67" WIDTH="31" VPOS="3429" HPOS="751"/>
<String CONTENT="girls," HEIGHT="68" WIDTH="161" VPOS="3428" HPOS="783"/>
<SP HEIGHT="65" WIDTH="29" VPOS="3428" HPOS="945"/>
<String CONTENT="by" HEIGHT="68" WIDTH="75" VPOS="3428" HPOS="975"/>
<SP HEIGHT="70" WIDTH="31" VPOS="3426" HPOS="1051"/>
<String CONTENT="Vernon" HEIGHT="53" WIDTH="232" VPOS="3426" HPOS="1083"/>
<SP HEIGHT="53" WIDTH="33" VPOS="3427" HPOS="1316"/>
<String CONTENT="Jones" HEIGHT="53" WIDTH="175" VPOS="3427" HPOS="1350"/>
<SP HEIGHT="32" WIDTH="36" VPOS="3448" HPOS="1526"/>
<String CS="1" CONTENT="&#8230;"/>
<SP HEIGHT="34" WIDTH="86" VPOS="3459" HPOS="1619"/>
<String CONTENT="[Boston," HEIGHT="68" WIDTH="254" VPOS="3428" HPOS="1706"/>
<SP HEIGHT="68" WIDTH="31" VPOS="3428" HPOS="1961"/>
<String CONTENT="New" HEIGHT="52" WIDTH="140" VPOS="3428" HPOS="1993"/>
<SP HEIGHT="52" WIDTH="33" VPOS="3427" HPOS="2134"/>
<String CONTENT="York]" HEIGHT="67" WIDTH="180" VPOS="3427" HPOS="2168"/>
</TextLine>
<TextLine HEIGHT="68" WIDTH="844" VPOS="3506" HPOS="335" STYLEREFS="StyleId-B4E0179A-0BEA-49F6-8AC7-3541A00D0964-" CS="1">
<String CONTENT="Ginn" HEIGHT="55" WIDTH="157" VPOS="3506" HPOS="335"/>
<SP HEIGHT="33" WIDTH="31" VPOS="3526" HPOS="493"/>
<String CONTENT="and" HEIGHT="51" WIDTH="111" VPOS="3508" HPOS="525"/>
<SP HEIGHT="51" WIDTH="30" VPOS="3508" HPOS="637"/>
<String CONTENT="company" HEIGHT="51" WIDTH="281" VPOS="3523" HPOS="668"/>
<SP HEIGHT="50" WIDTH="34" VPOS="3524" HPOS="950"/>
<String CONTENT="[" HEIGHT="34" WIDTH="12" VPOS="3538" HPOS="985"/>
<String STYLE="superscript" CS="1" CONTENT="&#7580;1"/>
<String CONTENT="931]" HEIGHT="63" WIDTH="119" VPOS="3508" HPOS="1060"/>
</TextLine>
<TextLine HEIGHT="49" WIDTH="563" VPOS="3584" HPOS="438" CS="1">
<String CS="1" CONTENT="x," HEIGHT="15" WIDTH="9" VPOS="3618" HPOS="438"/>
<SP HEIGHT="47" WIDTH="29" VPOS="3586" HPOS="448"/>
<String CONTENT="179" HEIGHT="41" WIDTH="85" VPOS="3586" HPOS="478"/>
<SP HEIGHT="46" WIDTH="26" VPOS="3587" HPOS="564"/>
<String CONTENT="p." HEIGHT="38" WIDTH="43" VPOS="3595" HPOS="591"/>
<SP HEIGHT="39" WIDTH="60" VPOS="3586" HPOS="635"/>
<String CONTENT="illus." HEIGHT="40" WIDTH="127" VPOS="3585" HPOS="696"/>
<SP HEIGHT="40" WIDTH="61" VPOS="3585" HPOS="824"/>
<String CONTENT="19" HEIGHT="40" WIDTH="56" VPOS="3584" HPOS="886"/>
<String STYLE="superscript" CS="1" CONTENT="&#7580;&#7504;"/>
<String CONTENT="." HEIGHT="8" WIDTH="7" VPOS="3617" HPOS="994"/>
</TextLine>
<TextLine HEIGHT="53" WIDTH="2013" VPOS="3640" HPOS="339">
<String CONTENT="&#169;" HEIGHT="53" WIDTH="52" VPOS="3640" HPOS="339"/>
<SP HEIGHT="53" WIDTH="35" VPOS="3640" HPOS="392"/>
<String CONTENT="Feb." HEIGHT="40" WIDTH="110" VPOS="3645" HPOS="428"/>
<SP HEIGHT="40" WIDTH="34" VPOS="3645" HPOS="539"/>
<String CONTENT="14," HEIGHT="45" WIDTH="68" VPOS="3645" HPOS="574"/>
<SP HEIGHT="45" WIDTH="35" VPOS="3645" HPOS="643"/>
<String CONTENT="1931;" HEIGHT="48" WIDTH="141" VPOS="3642" HPOS="679"/>
<SP HEIGHT="47" WIDTH="34" VPOS="3643" HPOS="821"/>
<String CONTENT="2c." HEIGHT="41" WIDTH="67" VPOS="3643" HPOS="856"/>
<SP HEIGHT="29" WIDTH="35" VPOS="3655" HPOS="924"/>
<String CONTENT="and" HEIGHT="38" WIDTH="94" VPOS="3644" HPOS="960"/>
<SP HEIGHT="38" WIDTH="35" VPOS="3644" HPOS="1055"/>
<String CONTENT="aff." HEIGHT="42" WIDTH="81" VPOS="3642" HPOS="1091"/>
<SP HEIGHT="41" WIDTH="36" VPOS="3643" HPOS="1173"/>
<String CONTENT="Mar." HEIGHT="39" WIDTH="123" VPOS="3643" HPOS="1210"/>
<SP HEIGHT="39" WIDTH="33" VPOS="3642" HPOS="1334"/>
<String CONTENT="28;" HEIGHT="47" WIDTH="82" VPOS="3642" HPOS="1368"/>
<SP HEIGHT="46" WIDTH="37" VPOS="3643" HPOS="1451"/>
<!-- cceid E5753620-6E8D-1014-9CF5-AEB3FCA41D69 --><String CONTENT="A" HEIGHT="38" WIDTH="41" VPOS="3643" HPOS="1489"/>
<SP HEIGHT="40" WIDTH="31" VPOS="3642" HPOS="1531"/>
<String CONTENT="35468;" HEIGHT="48" WIDTH="172" VPOS="3642" HPOS="1563"/>
<SP HEIGHT="47" WIDTH="38" VPOS="3643" HPOS="1736"/>
<String CONTENT="V." HEIGHT="41" WIDTH="53" VPOS="3643" HPOS="1775"/>
<SP HEIGHT="41" WIDTH="36" VPOS="3643" HPOS="1829"/>
<String CONTENT="Jones," HEIGHT="47" WIDTH="160" VPOS="3643" HPOS="1866"/>
<SP HEIGHT="47" WIDTH="35" VPOS="3643" HPOS="2027"/>
<String CONTENT="Worcester." HEIGHT="41" WIDTH="289" VPOS="3643" HPOS="2063"/>
</TextLine>
<TextLine HEIGHT="50" WIDTH="502" VPOS="3700" HPOS="407">
<String CONTENT="Mass." HEIGHT="39" WIDTH="147" VPOS="3704" HPOS="407"/>
<SP HEIGHT="48" WIDTH="71" VPOS="3702" HPOS="555"/>
<String CONTENT="(31-10050)" HEIGHT="50" WIDTH="282" VPOS="3700" HPOS="627"/>
</TextLine>
<TextLine HEIGHT="64" WIDTH="1234" VPOS="3782" HPOS="334" STYLEREFS="StyleId-932EE344-AEAD-420E-9870-270F4A0B386D-">
<String CONTENT="Kellor," HEIGHT="64" WIDTH="218" VPOS="3782" HPOS="334"/>
<SP HEIGHT="63" WIDTH="33" VPOS="3783" HPOS="553"/>
<String CONTENT="Frances" HEIGHT="53" WIDTH="260" VPOS="3783" HPOS="587"/>
<SP HEIGHT="53" WIDTH="31" VPOS="3783" HPOS="848"/>
<String CONTENT="Alice," HEIGHT="63" WIDTH="182" VPOS="3782" HPOS="880"/>
<SP HEIGHT="56" WIDTH="34" VPOS="3789" HPOS="1063"/>
<String CONTENT="1873-" HEIGHT="53" WIDTH="173" VPOS="3784" HPOS="1098"/>
<SP HEIGHT="34" WIDTH="212" VPOS="3801" HPOS="1272"/>
<String CONTENT="ed." HEIGHT="53" WIDTH="83" VPOS="3784" HPOS="1485"/>
</TextLine>
<TextLine HEIGHT="69" WIDTH="1941" VPOS="3856" HPOS="404" STYLEREFS="StyleId-B4E0179A-0BEA-49F6-8AC7-3541A00D0964-">
<String CONTENT="Code" HEIGHT="55" WIDTH="156" VPOS="3856" HPOS="404"/>
<SP HEIGHT="34" WIDTH="24" VPOS="3875" HPOS="561"/>
<String CONTENT="of" HEIGHT="52" WIDTH="63" VPOS="3858" HPOS="586"/>
<SP HEIGHT="52" WIDTH="26" VPOS="3858" HPOS="650"/>
<String CONTENT="arbitration;" HEIGHT="69" WIDTH="371" VPOS="3856" HPOS="677"/>
<SP HEIGHT="50" WIDTH="29" VPOS="3875" HPOS="1049"/>
<String CONTENT="practice" HEIGHT="69" WIDTH="248" VPOS="3856" HPOS="1079"/>
<SP HEIGHT="35" WIDTH="25" VPOS="3875" HPOS="1328"/>
<String CONTENT="and" HEIGHT="52" WIDTH="112" VPOS="3857" HPOS="1354"/>
<SP HEIGHT="68" WIDTH="26" VPOS="3857" HPOS="1467"/>
<String CONTENT="procedure" HEIGHT="68" WIDTH="309" VPOS="3857" HPOS="1494"/>
<SP HEIGHT="35" WIDTH="26" VPOS="3875" HPOS="1804"/>
<String CONTENT="of" HEIGHT="53" WIDTH="64" VPOS="3857" HPOS="1831"/>
<SP HEIGHT="53" WIDTH="22" VPOS="3857" HPOS="1896"/>
<String CONTENT="the" HEIGHT="53" WIDTH="93" VPOS="3857" HPOS="1919"/>
<SP HEIGHT="51" WIDTH="31" VPOS="3858" HPOS="2013"/>
<String CONTENT="American" HEIGHT="51" WIDTH="300" VPOS="3858" HPOS="2045"/>
</TextLine>
<TextLine HEIGHT="69" WIDTH="2015" VPOS="3934" HPOS="331" STYLEREFS="StyleId-B4E0179A-0BEA-49F6-8AC7-3541A00D0964-" CS="1">
<String CONTENT="arbitration" HEIGHT="53" WIDTH="339" VPOS="3934" HPOS="331"/>
<SP HEIGHT="46" WIDTH="27" VPOS="3942" HPOS="671"/>
<String CONTENT="tribunal;" HEIGHT="69" WIDTH="282" VPOS="3934" HPOS="699"/>
<SP HEIGHT="49" WIDTH="26" VPOS="3954" HPOS="982"/>
<String CONTENT="editor:" HEIGHT="55" WIDTH="210" VPOS="3935" HPOS="1009"/>
<SP HEIGHT="54" WIDTH="29" VPOS="3936" HPOS="1220"/>
<String CONTENT="Francis" HEIGHT="56" WIDTH="237" VPOS="3935" HPOS="1250"/>
<SP HEIGHT="56" WIDTH="26" VPOS="3935" HPOS="1488"/>
<String CONTENT="Kellor" HEIGHT="52" WIDTH="200" VPOS="3935" HPOS="1515"/>
<SP HEIGHT="37" WIDTH="28" VPOS="3954" HPOS="1716"/>
<String CS="1" CONTENT="&#8230;"/>
<SP HEIGHT="36" WIDTH="31" VPOS="3955" HPOS="1802"/>
<String CONTENT="collaborators" HEIGHT="53" WIDTH="402" VPOS="3935" HPOS="1834"/>
<SP HEIGHT="33" WIDTH="18" VPOS="3954" HPOS="2237"/>
<String CONTENT=":" HEIGHT="33" WIDTH="8" VPOS="3954" HPOS="2256"/>
<SP HEIGHT="51" WIDTH="26" VPOS="3936" HPOS="2265"/>
<String CONTENT="J." HEIGHT="51" WIDTH="54" VPOS="3936" HPOS="2292"/>
</TextLine>
</TextBlock>
</PrintSpace>
</Page>
</Layout>
</alto>