2505 4370
1111 3987 100 51 201

137 367 232 64 Fairlie,
401 366 245 55 Gerard.

205 448 173 52 Birds
409 446 64 52 of
504 463 155 49 prey.
735 445 161 65 chap.
928 448 34 47 4
1001 439 340 71 (contd.)-6.

218 525 83 48 (In
335 521 249 44 Rochdale
618 522 249 50 observer,
903 519 111 43 Jan.
1052 520 71 51 17,
1161 517 146 51 1931)

141 588 1999 59 © 1c. Mar. 16, 1931; A ad int. 14842; pubd. Jan. 17; Francis Gerard
210 655 115 40 Luis
357 653 197 48 Fairlie,
587 653 212 39 London.

305 747 609 70 Birds of prey. chap. 6 (contd.)-8.
220 829 83 48 (In
335 825 249 45 Rochdale
618 826 248 50 observer,
899 824 111 43 Jan.
1044 824 72 51 24,
1152 823 145 50 1931)

143 892 2003 58 © 1c. Mar. 23, 1931; A ad int. 14873; pubd. Jan. 24; Francis Gerard
209 958 118 41 Luis
358 958 195 47 Fairlie,
587 957 211 40 London.

140 1052 272 65 Falkner,
444 1052 288 53 Leonard.

205 1121 1938 75 M, a detective novel, by Leonard Falkner … New York,
137 1205 933 70 H. Holt and company [ ᶜ1 931 ]
206 1288 627 51 2 p. l., 3-261 p. 19½ᶜᵐ.
210 1345 162 42 “First
404 1344 260 50 printing.”

145 1412 53 53 ©
230 1417 112 40 Feb.
372 1416 70 48 27,
477 1414 139 48 1931;
650 1415 69 41 2c.
751 1416 95 37 and
878 1413 83 40 aff.
994 1415 122 39 Mar.
1150 1414 51 46 5;
1236 1414 42 37 A
1310 1411 171 49 35105;
1517 1412 169 48 Henry
1720 1411 119 40 Holt
1872 1411 35 40 &
1940 1422 81 37 co.,
2056 1410 92 40 inc.

224 1472 251 51 (31-5752)

144 1568 213 64 Felipe,
389 1570 177 52 León.

212 1644 1938 72 Versos y oraciones de caminante. Libro 2. Por Le ó n-
144 1723 2008 72 Felipe. New York, Instituto de las Espa ñ as en los Estados
145 1806 240 58 Unidos,
419 1807 148 49 1930.

218 1881 1148 52 2 p. l., 7-103, [1] p. front. (port.) 20 ½ᶜᵐ .
150 1952 2000 52 © Aug. 30, 1930; 2c. and aff. Nov. 1; A 34137; Instituto de las Espa ñ as,
218 2013 118 40 New
365 2012 146 41 York.

147 2105 151 65 Fife,
333 2106 223 53 Robert
593 2105 299 64 Herndon,
932 2109 168 51 1871-
1316 2122 178 52 comp.

215 2185 57 53 A
315 2201 290 49 summary
650 2185 65 52 of
760 2190 220 60 reports
1026 2201 69 34 on
1144 2183 95 52 the
1284 2182 235 53 modern
1565 2182 225 70 foreign
1838 2183 312 68 languages

150 2263 184 53 issued
369 2263 76 69 by
480 2262 96 52 the
611 2262 243 52 Modern
892 2260 227 69 foreign
1156 2261 284 68 language
1477 2262 172 67 study
1684 2261 111 52 and
1834 2262 94 50 the
148 2263 1978 130 Canadian

324 2339 320 53 committee
683 2357 72 33 on
794 2339 236 52 modern
1069 2338 329 69 languages,
1440 2338 136 52 with
1620 2339 171 52 index
1833 2344 58 47 to
1932 2339 95 52 the
150 2355 1976 129 reports,

354 2415 1796 69 compiled by Robert Herndon Fife … New York, The
149 2494 335 54 Macmillan
512 2511 297 51 company,
839 2496 152 50 1931.

221 2574 79 49 vii,
329 2575 84 40 261
441 2585 43 38 p.
544 2575 116 40 24ᶜᵐ.
730 2574 99 48 (On
856 2585 163 29 cover:
1045 2573 334 41 Publications
1405 2573 52 40 of
1485 2575 81 39 the
1593 2575 259 39 American
1877 2575 96 39 and
150 2574 1984 98 Canadian
291 2631 302 41 committees
619 2642 61 30 on
707 2632 199 39 modern
934 2631 290 47 languages)

223 2688 237 41 “General
498 2688 146 40 index
682 2689 48 39 to
768 2688 82 40 the
888 2687 333 40 Publications
1261 2686 51 41 of
1350 2688 80 40 the
1468 2688 257 40 American
1764 2689 94 39 and
1900 2688 251 41 Canadian

152 2744 301 41 committees
504 2755 59 29 on
616 2744 198 40 modern
865 2744 278 47 languages,
1198 2745 237 47 prepared
1487 2744 60 48 by
1600 2745 63 40 M.
1717 2746 51 39 E.
1821 2744 330 42 Anstensen”;

153 2812 43 36 p.
229 2800 250 52 [209]-261.

159 2869 51 52 ©
239 2873 110 41 Jan.
376 2872 70 48 27,
475 2871 141 48 1931;
646 2871 68 42 2c.
742 2873 96 38 and
866 2871 82 42 aff.
978 2872 110 40 Jan.
1116 2871 82 47 28;
1230 2872 42 38 A
1299 2870 171 49 33395;
1503 2873 284 40 Macmillan
1814 2884 68 30 co.

235 2929 251 49 (31-5861)

154 3026 121 52 The
302 3022 387 65 Fortnightly
714 3025 223 67 review,
963 3043 87 33 no.
1078 3025 120 68 771,
1224 3043 53 33 n.
1307 3045 59 48 s.,
1392 3024 146 53 Mar.
1566 3028 49 64 2,
1646 3029 148 48 1931.

161 3100 1990 54 © 1c. Mar. 12, 1931; A ad int. 14847; pubd. Mar. 1; Fortnightly review
226 3163 101 47 ltd.,
364 3162 213 40 London.

157 3253 284 67 Fowlkes,
472 3256 153 53 John
660 3257 149 62 Guy,
846 3261 169 49 1898-

294 3330 1865 73 … State support for public high schools in Wisconsin, by
163 3407 2001 71 John Guy Fowlkes … and Lee Francis Jones … Madison.
163 3488 160 67 Wis.,
346 3488 231 52 Bureau
600 3486 66 55 of
687 3488 359 53 educational
1070 3488 277 69 research,
1371 3489 339 70 University
1734 3488 66 55 of
1823 3489 341 56 Wisconsin.

218 3568 117 50 ᶜ1 931.
233 3646 56 41 82
324 3657 44 38 p.
432 3646 155 41 tables
614 3646 134 49 (part
785 3648 144 46 fold.)
1105 3679 8 9 23ᶜᵐ.
1183 3647 308 50 (University
1528 3648 54 41 of
1618 3647 288 42 Wisconsin.
1967 3649 195 40 Bureau

164 3703 52 40 of
244 3702 310 41 educational
587 3704 223 40 research
844 3705 218 40 bulletin,
1121 3715 75 32 no.
1229 3704 81 47 12)

233 3759 377 49 Bibliography:
643 3772 44 37 p.
718 3760 157 44 79-80.

169 3813 51 52 ©
255 3817 110 41 Jan.
398 3817 40 49 6,
473 3816 140 48 1931;
648 3817 68 41 2c.
751 3817 109 41 Jan.
893 3818 83 41 31:
1012 3818 82 41 aff.
1131 3819 112 39 Feb.
1277 3818 82 47 16;
1396 3818 41 39 A
1469 3817 171 43 33796:
1679 3819 195 39 Bureau
1911 3819 52 40 of
236 3819 1910 94 educational
425 3875 237 43 research,
698 3875 140 40 Univ.
872 3875 52 40 of
957 3875 285 48 Wisconsin,
1281 3875 236 48 Madison,
1553 3875 131 41 Wis..

248 3930 250 49 (31-5800)
