2505 4370
1051 4003 99 54 787

112 374 327 63 Charteris,
469 373 208 55 Leslie.

241 451 1867 70 … The avenging Saint … Garden City, N. Y., Pub. for
110 529 95 53 the
246 527 191 57 Crime
478 529 145 68 club,
664 526 125 71 inc.,
828 529 74 68 by
943 528 356 70 Doubleday,
1339 529 197 52 Doran
1579 533 45 49 &
1662 547 296 51 company,
1999 529 107 53 inc.

115 610 191 65 [ᶜ1931]

180 687 785 50 viii p., 1 l., 11-317 p. 19½ᶜᵐ.
184 745 160 40 “First
373 744 227 41 edition.”

115 798 1994 52 © Apr. 27, 1931; 2c. and aff. May 28; A 38522; L. Charterte, London.
192 858 279 49 (31-13710)

109 935 421 65 Churchward,
561 935 219 65 James,
816 940 171 51 1852-

177 1014 1930 70 The children of Mu, by James Churchward … New York,
106 1092 48 53 I.
185 1090 344 69 Washburn,
559 1095 149 49 1931.

179 1170 1730 50 xii p., 1 l., 15-266 p. front., illus. (incl. maps) plates. 24½ᶜᵐ.
181 1229 127 40 “The
337 1230 116 39 land
483 1229 53 40 of
565 1229 83 39 Mu
678 1239 102 29 was
809 1239 26 29 a
868 1231 135 45 large
1033 1228 250 42 continent
1313 1228 216 40 situated
1559 1228 48 41 in
1639 1229 81 40 the
1752 1228 177 40 Pacific
1960 1240 147 29 ocean

109 1285 214 41 between
366 1286 224 39 America
634 1286 96 39 and
773 1285 131 48 Asia,
947 1286 66 39 its
1055 1287 164 38 center
1260 1284 135 49 lying
1437 1286 266 40 somewhat
1746 1286 144 40 south
1933 1286 51 39 of
2025 1288 83 39 the

107 1341 354 50 equator.”—p.
491 1341 70 41 15.

180 1398 172 40 “From
385 1400 82 38 the
500 1397 213 42 remains
746 1398 51 40 of
830 1408 113 29 man
977 1398 52 40 of
1061 1400 137 46 great
1234 1397 246 49 antiquity
1514 1397 154 41 found
1701 1399 50 39 in
1786 1399 66 39 all
1884 1401 137 46 parts
2057 1399 51 40 of

109 1454 1997 50 the earth … many … in the form of symbolic writings on tableaux,
108 1512 2000 49 tablets and in ancient documents … [the author plots] the courses or
107 1569 124 41 lines
267 1569 147 41 taken
452 1569 61 47 by
552 1570 80 39 the
670 1569 230 40 colonists
937 1569 128 39 from
1103 1568 81 40 the
1221 1569 309 40 motherland
1573 1568 250 50 [Mu]”—p.
1862 1568 69 40 20.

113 1622 51 52 ©
200 1627 112 48 Apr.
348 1627 70 48 24,
452 1626 142 47 1931;
630 1626 68 41 2c.
734 1628 115 46 May
882 1626 82 47 20;
1002 1626 82 41 aff.
1122 1627 113 47 May
1272 1627 82 45 21;
1393 1626 41 40 A
1469 1626 171 47 37425;
1681 1627 43 42 J.
1761 1626 347 47 Churchward,

182 1684 85 42 Mt.
301 1684 205 48 Vernon,
539 1684 55 40 N.
628 1684 54 40 Y.
752 1683 280 50 (31-13837)

106 1766 228 65 Clarke,
365 1765 352 65 Covington.

177 1841 120 69 Sky
338 1860 264 49 caravan,
643 1842 75 70 by
764 1842 323 69 Covington
1134 1842 224 55 Clarke.
1436 1841 270 70 Chicago,
1751 1843 121 53 The
1915 1843 192 68 Reilly

102 1922 46 50 &
173 1919 110 54 Lee
308 1938 78 35 co.
421 1923 192 64 [ᶜ1931]

175 2002 361 48 296 p. 19 ½ᶜᵐ .
111 2056 51 52 ©
193 2062 113 46 May
333 2061 68 47 21,
432 2058 113 42 1931;
602 2059 68 41 2c.
700 2060 126 40 June
854 2061 25 37 1;
938 2059 80 40 aff.
1050 2061 115 46 May
1193 2060 56 40 29;
1307 2060 44 39 A
1377 2059 148 41 38560;
1582 2060 158 48 Reilly
1772 2060 38 41 &
1835 2061 92 39 Lee
1957 2072 68 29 co.

189 2117 281 48 (31-13800)

105 2198 273 64 Cocteau,
407 2198 167 64 Jean,
609 2203 171 50 1891-

236 2276 1874 69 … Opium, journal d’une désintoxication; dessins de l’auteur.
102 2355 186 66 Paris,
321 2355 175 55 Stock
539 2354 331 69 (Delamain
901 2357 46 51 &
978 2355 364 69 Boutelleau)
1411 2358 152 65 [1930]

172 2433 1336 51 5 p. l., [13]-264 p., 1 l. incl. plates, plates. 20 ᶜᵐ .
111 2488 1997 53 © Nov. 27, 1930; 1c. Jan. 31, 1931; A— Foreign 10340; Librairie Stock,
179 2549 255 40 Delamain
472 2549 36 41 &
540 2550 302 40 Boutelleau.
914 2549 279 48 (31-13072)

103 2628 353 68 Delehanty,
485 2630 252 54 Michael
766 2630 239 66 Joseph,
1040 2631 171 56 1877-
1425 2649 180 53 comp.

171 2708 122 51 The
323 2707 101 53 fire
452 2708 326 67 promotion
807 2707 323 70 handbook,
1160 2708 283 68 compiled
1474 2708 76 69 by
1580 2708 79 53 M.
1694 2708 54 54 J.
1779 2708 327 69 Delehanty

163 2784 1434 71 … New York, The Delehanty institute [ᶜ 1931]
171 2865 1469 51 5 p. l., 3-557 p. illus. (plans) tables (1 fold.) 22 ᶜᵐ .
111 2919 51 52 ©
192 2925 112 46 May
332 2925 39 41 8.
401 2923 140 43 1931;
571 2923 67 42 2c.
668 2925 113 47 May
810 2925 58 39 18;
923 2924 81 41 aff.
1035 2926 113 46 May
1177 2924 83 42 16;
1292 2926 39 38 A
1359 2926 171 46 37351;
1563 2925 274 43 Delehanty
1867 2925 240 42 institute.

189 2981 279 47 (31-13308)

105 3061 340 65 Dickinson,
478 3064 287 51 Freeman
798 3062 260 65 Dwight.

106 3140 1977 147 “How and why” for engineers and firemen, by B. F. Dickinson … pt.
550 3222 47 49 2.
675 3218 210 55 Covers
947 3220 247 72 engines,
1257 3220 254 53 turbines
1576 3222 111 52 and
1751 3221 355 53 condensors.

111 3297 251 67 [Boston,
388 3297 191 64 Mass.,
605 3297 64 52 F.
697 3297 65 52 L.
790 3297 230 54 Coburn
1048 3316 97 41 co.,
1175 3301 153 64 1931]

181 3376 513 50 [291]-525 p. 19 ½ᶜᵐ .
111 3429 51 52 ©
200 3434 125 40 June
359 3435 40 42 4,
438 3433 140 46 1931;
616 3433 67 42 2c.
721 3434 125 41 June
883 3436 51 45 8;
974 3435 81 40 aff.
1094 3436 125 39 June
1257 3436 52 42 6;
1351 3437 40 38 A
1425 3436 171 47 37764;
1638 3436 51 40 F.
1728 3436 55 39 D.
1825 3435 279 49 Dickinson,

178 3491 252 48 Brighton,
466 3492 146 39 Mass.

102 3570 186 53 Dotor
315 3587 39 47 y
380 3570 275 65 Municio,
683 3571 208 65 Angel,
924 3577 171 50 1890-

235 3648 1874 73 … Don Quijote y el Cid (viajes por Castilla) … [Madrid,
103 3731 119 57 etc.,
251 3727 446 69 Espasa-Calpe,
723 3748 39 33 s.
794 3748 66 50 a.,
888 3731 151 64 1928]

171 3805 951 52 287, [3] p. 19 ᶜᵐ . (Excursionismo)
111 3859 1997 55 © Nov. 10, 1928; 1c. Jan. 26. 1929; A— Foreign 11124; A., Dotor y
179 3921 210 40 Municio,
437 3922 264 39 Barcelona,
752 3922 162 39 Snain.
1007 3923 257 39 (31-13058)
