2505 4370
1258 4020 136 50 1262

388 458 138 48 xviii,
558 458 57 41 87
644 470 44 37 p.
721 459 111 41 incl.
862 460 166 49 front.,
1061 461 144 48 illus.,
1238 461 156 49 diagr.
1453 462 121 42 fold.
1605 473 126 39 map.
1791 463 149 42 23½ᶜᵐ.

326 525 53 54 ©
409 530 113 41 Dec.
554 530 68 50 15,
654 529 119 43 1930;
829 530 68 43 2c.
928 531 117 49 July
1075 531 70 48 28,
1177 532 142 48 1931;
1353 533 84 43 aff.
1468 534 116 49 July
1616 533 83 50 27;
1733 534 41 41 A
1805 534 172 49 39985;
2013 536 38 42 I.
2083 534 256 47 Rinehart,

393 589 166 47 Tulsa,
593 588 106 41 Okl.
771 589 283 50 (31-21520)

318 686 110 54 Les
471 687 209 52 routes
720 688 75 52 du
839 687 149 55 Jura
1055 705 107 52 [par
1205 687 82 53 M.
1329 687 247 53 Paillon.
1653 688 254 68 Illustré]
1987 688 187 69 Paris,
389 689 1924 143 Hachette,
626 768 151 50 1930.

391 845 1212 53 48 p. illus. 24 ᶜᵐ . (Les routes de France)
324 912 1931 54 © July 16, 1930; 1c. Sept. 26; A—Foreign 9116; Librairie Hachette.
318 1026 196 67 Rugg,
544 1027 225 55 Harold
800 1027 276 66 Ordway,
1109 1033 173 50 1886-

392 1119 100 54 An
514 1119 394 54 introduction
932 1124 60 48 to
1015 1119 288 68 problems
1326 1118 66 55 of
1414 1119 310 54 American
1749 1121 239 68 culture,
2011 1121 78 69 by
2112 1121 229 54 Harold

322 1197 2014 72 Rugg … Boston, New York [etc. ] Ginn and company [ ᶜ193 1]
320 1280 2020 99 xvi, 616 p. illus. (incl. ports., maps) diagrs. 23½ ᶜᵐ . [The Rugg social-science
534 1347 186 32 course.
778 1338 102 40 The
907 1338 205 49 reading
1138 1339 150 40 books.
1363 1341 93 39 vol.
1517 1359 12 30 v]

393 1395 330 49 “Interesting
763 1395 231 49 readings
1032 1396 129 40 from
1202 1396 160 40 which
1403 1407 96 38 you
1539 1406 91 31 can
1670 1399 81 46 get
1790 1396 274 41 additional
321 1396 1999 98 information”

481 1456 52 38 at
559 1454 92 39 end
678 1454 52 39 of
755 1456 126 37 most
909 1454 52 39 of
988 1453 84 41 the
1097 1454 244 48 chapters.

324 1518 2013 57 © July 30, 1931; 2c. Aug. 17; aff. Aug. 18; A 40834; H. Rugg, New
392 1582 146 40 York.
610 1580 283 51 (31-21509)

318 1676 284 67 Sanchez,
630 1680 139 54 Mrs.
798 1676 189 56 Nellie
1023 1677 161 69 (Van
1211 1677 72 55 de
1310 1676 197 67 Grift)
1544 1683 174 51 1856-

395 1769 219 57 Stories
649 1770 66 54 of
748 1771 97 53 the
881 1775 204 63 states;
1122 1771 147 53 tales
1302 1770 65 53 of
1403 1771 159 69 early
1599 1770 364 69 exploration
2001 1771 114 53 and
320 1771 1996 147 settlement,

521 1848 1820 71 by Nellie Van de Grift Sanchez … New York, Thomas
321 1927 677 69 Y. Crowell co. [ ᶜ193 1]
428 2010 1202 50 x, 380 p. front., illus., maps (1 fold.) 21 ᶜᵐ .
395 2068 344 42 Illustrations
762 2068 54 41 of
839 2069 83 40 the
946 2070 130 39 seals
1100 2070 52 39 of
1177 2068 83 41 the
1285 2068 202 42 various
1511 2070 171 47 states,
1709 2067 275 43 territories
2010 2069 98 40 and
318 2069 2003 98 dependencies.

393 2183 253 48 “Reading
671 2183 302 41 references”
1001 2186 51 39 at
1077 2185 93 39 end
1198 2184 52 40 of
1276 2186 128 39 most
1430 2184 52 40 of
1508 2183 84 41 the
1617 2183 244 49 chapters.

323 2249 53 53 ©
403 2254 122 48 Aug.
554 2255 70 47 14,
654 2253 113 41 1931;
827 2253 67 41 2c.
924 2256 96 38 and
1051 2254 83 41 aff.
1164 2255 121 46 Aug.
1316 2253 56 40 19;
1430 2254 41 39 A
1497 2253 147 40 41112;
1704 2254 215 40 Thomas
1947 2254 54 41 Y.
2033 2253 202 41 Crowell
2271 2265 68 30 co.

401 2311 283 49 (31-21511)

323 2418 206 70 [Scott,
558 2417 297 56 Winifred
883 2419 177 63 Mary]

383 2505 1912 71 The last days of September [by ] Pamela Wynne [pseud.]
312 2583 236 56 Garden
580 2583 154 71 City,
765 2585 69 53 N.
869 2585 92 69 Y.,
990 2585 362 69 Doubleday,
1381 2585 201 53 Doran
1614 2587 46 50 &
1690 2601 301 52 company,
2020 2583 130 69 inc.,
2183 2587 150 51 1931.

379 2665 537 50 4 p. l. , 312 p. 20 ᶜᵐ .
381 2723 167 41 “First
577 2722 230 42 edition.”

322 2791 53 53 ©
402 2795 122 48 Aug.
553 2795 39 48 6,
621 2794 142 48 1931;
792 2795 68 41 2c.
889 2799 95 38 and
1013 2795 83 42 aff.
1124 2795 119 44 Aug.
1273 2797 56 39 17;
1387 2796 40 39 A
1455 2795 172 48 41100;
1660 2796 300 48 Doubleday,
1991 2796 169 40 Doran
2189 2795 36 40 &
2254 2805 82 37 co.,

389 2854 94 40 inc.
554 2854 283 49 (31-21333)

315 2949 214 66 Sharp,
561 2950 227 55 Walter
818 2950 161 55 Rice.

384 3041 121 52 The
533 3040 226 53 French
787 3040 137 54 civil
949 3040 243 55 service:
1219 3040 387 70 bureaucracy
1633 3040 61 52 in
1720 3039 328 68 transition,

312 3039 2021 148 by Walter Rice Sharp … New York, The Macmillan company, 1931.
385 3200 1949 50 xii p., 1 l., 588 p. illus. (facsim.) diagrs., forms (part fold.) 20½ ᶜᵐ .
322 3268 1681 54 © Aug. 4, 1931; 2c. and aff. Aug. 5; A 39867; Macmillan co.
401 3330 283 49 (31-21410)

316 3424 196 68 Shaw,
545 3427 229 64 George
806 3426 271 65 Clayton,
1109 3431 173 50 1863-

392 3517 158 55 John
581 3516 233 69 Chavis,
846 3516 330 68 1763-1838,
1206 3534 32 35 a
1269 3515 359 54 remarkable
1654 3532 177 53 negro
1863 3515 127 52 who
2021 3513 316 54 conducted

322 3614 32 35 a
383 3597 193 52 school
605 3596 61 53 in
695 3596 190 54 North
918 3594 273 56 Carolina
1223 3594 95 53 for
1349 3594 175 53 white
1552 3594 140 69 boys
1724 3594 114 53 and
1869 3593 161 70 girls,
2059 3593 78 69 by
2168 3592 70 55 G.
2273 3592 62 55 C.

325 3670 2012 73 Shaw … [Binghamton, N. Y., Printed by the Vail-Ballou
322 3753 540 68 press, inc., ᶜ193 1]
461 3867 8 16 xv,
500 3835 57 40 60
585 3846 44 37 p.
687 3836 166 48 front.,
885 3838 150 47 ports.
1095 3836 118 40 21ᶜᵐ.

325 3900 51 53 ©
404 3906 123 40 Mar.
553 3907 38 46 1,
618 3906 111 41 1931;
786 3907 68 40 2c.
880 3907 120 48 Aug.
1028 3908 54 39 17;
1138 3906 81 42 aff.
1248 3907 128 39 June
1401 3906 57 40 18;
1511 3906 41 39 A
1577 3905 147 42 40816;
1780 3904 53 42 G.
1862 3904 50 42 C.
1943 3904 159 47 Shaw,
2130 3902 202 48 Oxford,

391 3963 58 41 N.
478 3963 49 42 C.
598 3963 281 50 (31-21510)
