2505 4370
1304 4042 137 51 1004

382 378 183 65 Read,
595 378 228 53 Harlan
852 379 263 64 Eugene,
1149 384 173 51 1880-

450 470 208 53 Read’s
692 469 433 70 salesmanship,
1162 490 31 33 a
1227 471 275 55 scientific
1537 477 306 49 treatment
1881 472 64 57 of
1979 473 413 71 salesmanship

379 547 398 72 emphasizing
811 549 265 67 personal
1110 550 399 68 development
1543 552 108 53 and
1690 552 97 53 the
1823 552 346 56 cultivation
2199 553 65 54 of
2301 555 93 53 the

378 645 217 35 success
644 627 282 68 qualities,
972 628 76 69 by
1098 630 227 51 Harlan
1378 630 234 69 Eugene
1661 631 177 52 Read.
1933 632 272 69 Chicago,
2255 634 135 53 New

380 704 181 69 York,
587 706 194 68 Lyons
809 710 46 49 &
884 706 309 55 Carnahan
1268 711 152 65 [ᶜ1930]

449 800 788 50 359 p. illus., diagrs. 19½ ᶜᵐ .
384 869 53 52 ©
466 874 111 39 Jan.
607 873 39 48 5,
677 873 113 40 1931;
850 874 67 40 2c.
947 874 115 48 Apr.
1091 875 56 39 27;
1206 874 84 42 aff.
1321 876 115 47 Apr.
1465 876 56 39 25;
1581 876 42 39 A
1652 876 144 41 37001;
1857 876 161 49 Lyons
2048 878 38 39 &
2118 876 275 42 Carnahan.

464 929 283 51 (31-16560)

378 1025 319 64 Reynolds,
733 1026 295 54 Gertrude
1064 1027 80 55 M.
1188 1026 286 65 (Robins)
1517 1028 173 54 “Mrs.
1725 1028 67 55 L.
1827 1028 66 54 B.
1931 1028 354 65 Reynolds.”

509 1115 1886 73 … Whereabouts unknown … Garden City, N. Y., Pub. for
375 1193 95 53 the
512 1192 193 55 Crime
744 1193 147 69 club,
931 1194 129 68 inc.,
1096 1194 76 70 by
1212 1195 361 70 Doubleday,
1615 1197 201 52 Doran
1857 1199 47 50 &
1943 1214 301 53 company,
2285 1197 108 54 inc.

456 1274 102 50 [ ᶜ1 931]
441 1365 342 50 328 p. 19 ᶜᵐ .
440 1436 66 41 At
534 1437 126 40 head
689 1436 54 40 of
771 1436 108 41 title
897 1446 11 32 :
940 1436 117 42 Mrs.
1090 1436 180 43 Baillie
1299 1436 263 50 Reynolds.

444 1493 165 41 “First
638 1492 231 42 edition.”

381 1559 53 52 ©
468 1564 127 40 June
627 1562 69 50 19,
731 1562 141 48 1931;
908 1564 67 41 2c.
1009 1566 96 38 and
1139 1565 83 42 aff.
1258 1566 126 39 June
1417 1564 82 48 25;
1537 1565 40 39 A
1609 1565 172 48 39080;
1819 1566 302 49 Doubleday,
2156 1566 167 40 Doran
2358 1566 36 41 &

449 1632 82 37 co.,
560 1620 91 41 inc.
724 1621 282 48 (31-16241)

371 1717 193 55 Robin
597 1718 189 56 Hood.

442 1809 121 52 The
596 1827 192 53 merry
819 1809 224 54 ballads
1078 1809 64 54 of
1175 1809 189 54 Robin
1398 1810 200 68 Hood;
1635 1811 97 54 the
1769 1809 370 54 chroniclers:

370 1809 1997 149 Laurabelle Dietrick … assisted by … Joseph Franz-Walsh;
367 1887 1999 134 illustrated
586 1966 74 68 by
687 1966 169 54 Edna
882 1965 256 54 Reindel.
1203 1967 121 52 The
1349 1966 182 54 whole
1559 1972 157 63 story
1742 1966 64 54 of
1830 1966 127 52 that
1983 1964 191 55 Robin
2199 1966 191 68 Hood,

369 2044 206 52 known
603 2064 59 34 as
686 2044 142 54 Earl
855 2045 63 52 of
941 2043 392 71 Huntington,
1362 2045 113 53 and
1499 2044 277 70 Locksley
1797 2044 121 53 hall
1944 2046 63 53 in
2030 2045 99 53 the
2156 2044 141 70 days
2325 2043 64 55 of

369 2121 2021 71 King Henry II and Richard of the Lion’s heart : first sung by
368 2200 305 70 minstrels,
703 2201 146 54 later
879 2207 83 47 set
993 2200 166 53 down
1192 2201 61 52 in
1285 2202 94 52 the
1409 2200 195 54 ballad
1635 2199 175 55 books
1839 2200 65 54 of
1933 2201 201 69 Percy,
2167 2199 223 69 Ritson,

369 2280 114 54 and
508 2280 210 53 Evans.
782 2279 139 53 New
948 2279 180 69 York,
1155 2280 121 52 The
1303 2277 337 56 Macmillan
1665 2297 297 51 company,
1989 2281 153 51 1931.

440 2372 954 50 viii, 87 p. incl. front., illus. 22½ ᶜᵐ .
440 2445 291 40 Illustrated
763 2444 367 49 lining-papers.

441 2502 190 41 “Books
658 2502 220 41 referred
906 2504 51 40 to
983 2503 53 39 in
1063 2503 83 40 the
1173 2501 202 49 making
1399 2502 53 40 of
1478 2501 101 41 this
1607 2500 116 42 one”
1743 2512 9 30 :
1784 2512 43 38 p.
1856 2500 70 43 86.

377 2574 53 52 ©
462 2579 115 46 May
608 2578 38 46 5,
680 2576 114 41 1931;
856 2577 66 41 2c.
956 2578 96 39 and
1085 2576 82 41 aff.
1200 2577 118 47 May
1348 2575 26 40 6;
1436 2575 41 39 A
1507 2574 146 41 36961;
1717 2573 284 41 Macmillan
2034 2584 70 30 co.

456 2634 282 50 (31-16465)

370 2731 186 64 Ruck,
587 2731 204 55 Berta.

441 2812 122 53 The
592 2812 96 68 lap
721 2810 64 54 of
814 2812 227 68 luxury.
1140 2812 32 50 [2
1202 2809 378 66 instalments]

455 2905 83 46 (In
565 2904 160 42 Home
753 2903 118 42 chat
899 2902 278 52 magazine,
1207 2901 130 43 June
1368 2902 40 49 6,
1441 2901 71 51 13,
1545 2899 145 52 1931)

376 2968 2009 59 © 1c. each July 24, 1931; A ad int. 15326; pubd. June 1, 8; B. R. Oliver,
446 3036 242 44 Windsor,
735 3035 168 47 Berks,
951 3035 239 46 England.

368 3129 305 66 Shurcliff,
702 3128 235 55 Arthur
968 3128 242 65 Asahel,
1242 3128 173 55 1870-

439 3202 1941 74 New England journal, by Arthur A. Shurcliff … Boston
368 3287 114 52 and
519 3287 140 52 New
695 3285 180 69 York,
911 3285 321 68 Houghton
1270 3282 204 54 Mifflin
1511 3300 299 50 company,
1849 3283 149 51 1931.

439 3380 627 51 ix, 94 p. illus. 21½ ᶜᵐ .
374 3451 53 52 ©
466 3456 113 47 May
614 3454 70 48 27,
722 3453 141 47 1931;
901 3452 68 42 2c.
1006 3454 127 40 June
1169 3455 52 45 1;
1263 3452 81 41 aff.
1383 3453 114 46 May
1534 3449 83 49 29;
1657 3450 41 39 A
1733 3449 172 46 38557;
1945 3448 55 41 A.
2038 3447 56 42 A.
2135 3444 246 49 Shurcliff,

441 3514 197 39 Boston.
710 3510 283 50 (31-16345)

371 3607 217 65 Smith,
619 3607 229 64 George
878 3608 70 52 D.

445 3688 167 53 Jesus
665 3686 213 56 Christ,
927 3683 128 56 God
1108 3686 112 52 and
1271 3702 150 48 man,
1468 3684 35 52 by
1591 3682 138 52 Rev.
1780 3679 223 69 George
2051 3680 71 51 D.
2175 3676 205 56 Smith.

370 3765 259 68 London,
660 3766 209 58 Burns,
900 3762 175 55 Oates
1103 3765 44 50 &
1174 3762 416 67 Washbourne,
1617 3759 123 69 ltd.,
1773 3760 149 51 1930.

444 3861 24 37 1
532 3891 7 8 v.
613 3859 126 48 (The
767 3861 226 45 treasury
1021 3858 52 39 of
1100 3858 84 40 the
1209 3856 133 41 faith
1372 3855 150 41 series.
1596 3854 76 48 xi)

373 3920 1991 59 © 1c. Aug. 13, 1930; A ad int. 14172; pubd. June 27; Macmillan co.,
443 3988 117 40 New
598 3988 145 41 York.
