2505 4370
1259 4081 103 45 452

374 489 1570 52 3 p. l., 7-422 p. illus., plates (part col.) facsim. 21 ᶜᵐ .
307 546 52 53 ©
392 551 124 40 Mar.
548 550 40 49 5,
620 547 115 44 1931;
796 550 67 41 1c.
895 549 115 49 Apr.
1043 549 25 40 1;
1131 549 313 48 A—Foreign
1478 548 144 42 11632;
1683 549 61 42 H.
1778 548 290 50 Aschehoug
2101 549 36 40 &
2170 560 67 31 co.

300 660 328 65 Bullinger,
658 661 198 52 Bauer
888 660 220 64 Frank,
1144 665 172 50 1903-

368 738 329 56 Wisconsin
727 737 355 55 inheritance
1112 744 100 47 tax
1243 739 111 52 law
1384 739 252 68 manual,
1665 738 77 70 by
1773 741 192 51 Bauer
1996 740 66 53 F.
300 738 1994 148 Bullinger.

492 816 362 60 Milwaukee,
890 816 127 56 Wis.,
1086 818 226 52 Roman
1348 819 65 52 T.
1450 818 199 68 Meyer
1684 835 99 49 co.,
1820 820 151 52 1931.

373 898 305 50 76 p. 23 ᶜᵐ .
309 953 52 52 ©
395 958 125 40 Mar.
552 957 69 48 14,
655 954 114 43 1931;
832 956 69 41 2c.
934 957 97 40 and
1138 989 8 8 aff.
1182 957 123 40 Mar.
1339 956 55 40 16;
1458 956 41 39 A
1531 954 144 43 34901;
1741 957 54 40 B.
1831 957 53 41 F.
1917 956 268 49 Bullinger,
377 956 1931 99 Milwaukee.

666 1013 253 50 (31-8104)

302 1107 249 67 Byrum,
582 1108 205 54 Enoch
818 1108 229 64 Edwin,
1080 1114 173 50 1861-

299 1186 1999 147 Peter the fisherman preacher, by E. E. Byrum … Anderson,
448 1264 150 68 Ind.,
627 1265 123 53 The
775 1264 247 55 Warner
1050 1283 159 50 press
1392 1268 47 63 [ᶜ1931]

407 1344 904 50 x, 11-141 p. incl. front. pl. 19 ᶜᵐ .
310 1400 52 52 ©
400 1405 125 40 Mar.
562 1404 70 49 15,
670 1403 141 48 1931;
851 1403 67 41 2c.
958 1404 123 41 Mar.
1118 1403 84 48 21;
1317 1437 8 7 aff.
1364 1404 123 41 Mar.
1525 1402 84 49 23;
1648 1405 41 39 A
1727 1403 172 49 36039;
1941 1406 53 41 E.
2034 1406 55 42 E.
2128 1406 199 47 Byrum,

377 1461 270 49 Anderson,
680 1462 106 39 Ind.
860 1461 253 48 (31-8055)

304 1543 350 66 Casparian,
683 1544 220 64 Harry.

374 1623 406 69 Instructions,
821 1624 97 53 the
961 1626 111 50 law
1115 1624 112 53 and
1271 1625 296 67 approved
1609 1624 182 55 forms
1833 1622 96 56 for
1969 1624 273 69 Virginia
2285 1627 45 51 &

303 1702 162 55 West
489 1702 292 71 Virginia,
808 1703 76 70 by
911 1702 201 70 Harry
1142 1702 339 70 Casparian,
1511 1703 141 53 with
1682 1703 95 54 the
1805 1703 268 54 editorial
2102 1702 136 56 staff
2266 1704 65 55 of

302 1783 96 53 the
432 1782 214 54 Michie
683 1801 298 51 company,
1058 1801 50 33 v.
1146 1785 48 49 2.
1273 1782 486 70 Charlottesville,
1794 1783 127 70 Va.,
1958 1783 122 54 The
2116 1783 215 54 Michie

303 1880 301 52 company,
635 1864 151 50 1931.

379 1941 660 51 xlv, [655]-1416 p. 23 ᶜᵐ .
311 1996 52 52 ©
391 2001 117 47 Apr.
535 2000 71 48 14,
634 1998 114 42 1931;
805 1999 67 41 2c.
903 2001 95 39 and
1027 1999 83 41 aff.
1139 2001 114 47 Apr.
1281 1999 56 40 24;
1396 2000 39 39 A
1464 1999 147 41 36756;
1669 1999 178 42 Michie
1877 2011 69 31 co.

305 2090 276 68 Chamot,
609 2081 191 65 Émile
828 2091 264 56 Monnin.

303 2179 2003 131 Handbook of chemical microscopy, by Émile Monnin Chamot …
560 2255 1770 69 and Clyde Walter Mason … v. 2. Chemical methods
304 2337 114 53 and
448 2335 302 70 inorganic
779 2334 339 69 qualitative
1149 2334 268 70 analysis.
1493 2334 140 52 New
1665 2334 181 69 York,
1875 2335 157 54 John
2062 2334 193 70 Wiley
2286 2337 45 51 &

305 2433 148 51 sons,
480 2415 107 53 inc.;
647 2415 260 68 London,
936 2413 303 68 Chapman
1268 2415 46 50 &
1339 2413 162 70 Hall,
1530 2414 121 68 ltd.,
1683 2417 151 50 1931.

378 2493 980 53 2 p. l., iii-ix, 411 p. illus. 23½ ᶜᵐ .
307 2556 53 53 ©
393 2562 116 48 Apr.
542 2560 69 50 21,
646 2559 141 49 1931;
822 2559 68 42 2c.
924 2560 114 48 Apr.
1072 2559 83 49 25;
1266 2592 8 8 aff.
1309 2560 115 50 Apr.
1458 2559 83 48 23;
1578 2559 39 41 A
1651 2560 172 47 36810;
1861 2549 53 53 É.
1949 2561 63 40 M.
2047 2560 209 42 Chamot
2290 2559 37 41 &

381 2616 150 50 Clyde
563 2617 188 41 Walter
784 2617 186 47 Mason,
1004 2616 187 48 Ithaca,
1223 2616 58 39 N.
1313 2616 53 39 Y.

307 2699 262 65 Chastel,
603 2699 151 65 Guy.

438 2775 1660 68 … La Sainte Baume. [Paris] E. Flammarion [ 19 30]
372 2859 1003 51 208 p., 3 l. 19 ᶜᵐ . (Les pèlerinages)
312 2915 2015 52 © Dec. 4, 1930; 1c. Dec. 26; A—Foreign 10061; Ernest Flammarion.
390 2975 253 50 (31-7668)

306 3057 293 66 Coffman,
628 3058 249 54 Ramon.

376 3138 122 54 The
542 3143 159 64 story
744 3137 65 54 of
852 3137 284 53 America,
1211 3136 93 53 bk.
1353 3140 43 47 5.
1438 3135 313 70 Founding
1792 3136 97 52 the
1933 3134 276 69 republic,
2253 3136 75 68 by

305 3212 2023 73 Ramon Coffman … Dansville, N. Y., F. A. Owen publishing
303 3299 514 66 company [ ᶜ19 31]
377 3375 539 50 128 p. illus. 19 ᶜᵐ .
311 3429 53 53 ©
394 3433 116 49 Apr.
538 3432 70 49 27,
638 3432 106 42 1931;
811 3433 68 41 2c.
909 3434 94 39 and
1035 3432 83 42 aff.
1147 3433 115 48 Apr.
1293 3432 84 47 29;
1407 3432 40 40 A
1476 3432 172 46 36838;
1683 3431 51 42 F.
1765 3431 55 41 A.
1852 3430 148 41 Owen
2031 3430 110 49 pub.
2174 3440 67 30 co.

306 3512 313 67 Coughlin,
652 3513 250 56 Charles
931 3514 67 54 E.

372 3590 128 70 “By
531 3591 99 53 the
661 3595 177 49 sweat
870 3589 65 54 of
967 3591 105 69 thy
1104 3589 224 68 brow”;
1366 3609 31 34 a
1429 3589 171 54 series
1634 3588 64 54 of
1733 3606 252 37 sermons
2019 3588 306 53 broadcast

302 3667 75 70 by
423 3668 138 53 Rev.
612 3668 167 55 Chas.
829 3669 66 52 E.
946 3668 292 70 Coughlin
1285 3667 154 54 from
1485 3669 97 52 the
1632 3666 210 56 Shrine
1888 3665 64 54 of
1997 3666 97 52 the
2143 3665 178 53 Little

302 3745 245 69 Flower,
581 3745 265 67 October,
881 3746 492 69 1930-February,
1408 3749 150 50 1931.
1628 3743 234 56 Detroit
1904 3743 216 70 (Royal
2154 3741 157 71 Oak)

301 3822 197 69 Mich.,
529 3824 122 53 The
682 3824 189 53 Radio
903 3824 200 69 league
1136 3823 65 54 of
1233 3824 98 53 the
1364 3823 180 53 Little
1577 3823 245 67 Flower,
1857 3824 153 50 1931.

372 3902 87 41 191
490 3913 43 39 p.
595 3903 117 42 23ᶜᵐ.

311 3957 52 53 ©
399 3961 112 42 Feb.
545 3960 70 50 28,
652 3961 140 49 1931;
830 3962 68 42 2c.
934 3964 97 40 and
1141 3996 8 8 aff.
1187 3964 122 40 Mar.
1346 3962 83 48 24;
1469 3963 39 40 A
1543 3962 172 49 35386;
1755 3962 157 41 Radio
1947 3962 171 48 league
2156 3960 51 41 of
2244 3960 80 42 the

378 4018 150 42 Little
559 4019 204 43 Flower.
834 4021 252 50 (31-8061)
