2505 4370
1072 3987 101 51 285

101 366 119 51 The
250 362 203 52 Rhode
483 360 197 52 Island
712 367 144 48 state
886 361 112 52 and
1027 358 314 68 municipal
1372 357 266 68 building
1667 358 156 66 laws,
173 356 1907 154 containing

302 442 78 52 all
409 441 94 53 the
536 441 137 51 laws
704 439 248 67 relating
982 443 57 47 to
1070 436 267 68 building
1369 435 402 67 construction,
1805 433 302 68 plumbing

173 521 110 52 and
315 519 224 67 zoning,
569 517 63 52 of
660 517 94 52 the
784 516 158 53 cities
971 516 111 51 and
1112 520 182 46 towns
1325 514 63 51 of
1418 513 199 51 Rhode
1647 513 215 51 Island.
174 511 1907 155 Compiled

369 597 149 51 from
562 594 409 54 authoritative
1012 612 220 34 sources
1273 592 138 52 with
1454 593 93 51 the
1590 591 279 67 approval
1910 589 63 51 of
2012 590 95 51 the

172 668 1937 74 inspectors … 1931. Providence, R. I., John F. Greene co.,
171 753 316 66 inc. [ ᶜ1 931]
174 829 553 52 vi, 712 p. illus. 21 ᶜᵐ.
109 900 51 48 ©
191 904 110 39 Feb.
331 903 68 47 15,
430 901 111 40 1931;
601 901 67 40 2c.
698 902 94 38 and
823 900 82 40 aff.
936 900 120 39 Mar.
1087 899 52 46 2;
1171 898 42 39 A
1241 898 171 47 35095;
1446 898 127 41 John
1604 898 52 41 F.
1690 897 182 41 Greene
1903 908 81 36 co.,
2016 895 92 42 inc.

104 1025 211 64 Rubin,
343 1023 191 54 Isidor
563 1023 252 55 Clinton.

175 1114 331 70 Symptoms
537 1114 57 51 in
626 1114 381 68 gynecology;
1042 1112 250 69 etiology
1326 1110 113 53 and
1473 1110 460 68 interpretation,
1965 1110 141 52 with

104 1188 2003 72 notes on diagnosis, by Isidor Clinton Rubin … with sixty-three
107 1269 393 54 illustrations.
586 1268 138 52 New
778 1266 179 67 York,
1008 1267 260 65 London,
1320 1267 71 51 D.
1445 1266 293 67 Appleton
1794 1266 111 52 and
107 1283 1975 132 company,
314 1348 149 50 1931.

173 1423 1935 51 xii, 387 p. col. front., illus., diagrs. 25 ᶜᵐ. (Gynecological and
105 1482 280 41 obstetrical
419 1483 335 46 monographs,
789 1481 89 40 vol.
982 1481 14 46 III)

175 1552 332 47 Frontispiece
535 1551 338 47 accompanied
906 1551 60 46 by
994 1551 153 45 guard
1178 1551 136 39 sheet
1343 1550 117 40 with
1490 1550 292 47 descriptive
1809 1550 297 49 letterpress.

115 1618 51 52 ©
209 1623 109 41 Feb.
359 1623 70 46 27,
472 1621 110 41 1931;
654 1621 67 41 2c.
763 1623 93 38 and
899 1621 82 42 aff.
1025 1622 121 39 Mar.
1188 1622 26 38 3;
1287 1622 40 38 A
1368 1620 171 49 35046;
1584 1622 59 40 D.
1684 1621 240 48 Appleton
1967 1622 37 40 &
2045 1632 69 30 co.

185 1675 69 54 [©
282 1690 105 30 new
414 1681 194 47 matter]
681 1677 252 51 (31-5954)

108 1790 297 63 Scherret,
439 1788 181 56 Felix.

239 1879 1872 70 … Der dollar steigt; inflations roman aus einer alten stadt.
112 1957 212 67 Berlin,
355 1958 118 52 Der
504 1957 378 54 Bücherkreis
912 1956 210 70 gmbh.,
1156 1961 149 49 1930.

180 2040 375 50 281, [1] p. 19 ᶜᵐ.
117 2108 51 52 ©
213 2112 127 48 Sept.
381 2112 70 46 30,
494 2111 140 46 1930;
736 2144 8 6 1c.
787 2112 111 38 Dec.
940 2111 81 46 18;
1067 2112 100 38 A—
1170 2111 207 48 Foreign
1419 2111 172 48 10767;
1636 2112 99 41 Der
1777 2112 339 47 Bücherkreis,

185 2179 42 38 g.
260 2180 60 30 m.
355 2169 40 40 b.
430 2169 45 40 h.
547 2168 249 48 (31-6152)

111 2277 338 64 Schneider,
480 2279 323 61 Hermann,
838 2279 171 53 1874-

181 2371 108 52 Die
331 2371 519 68 kulturleistungen
894 2373 99 51 der
1035 2371 364 53 menschheit.
1475 2376 46 46 2.
1568 2373 89 52 bd.
1733 2377 46 48 2.
1823 2373 110 52 abt.
2016 2374 104 52 Die

111 2449 268 52 kulturen
432 2450 99 52 der
579 2448 290 54 Italiener.
921 2447 244 69 Spanier
1212 2451 118 51 und
1381 2451 99 51 der
1529 2450 430 55 Niederländer,
2008 2470 107 34 von

112 2526 1674 69 Hermann Schneider … Leipzig, J. J. Weber, 1930.
186 2606 946 50 1 p. l. , [225]-608 p. fold. tab. 27 ᶜᵐ.
121 2673 1716 53 © Oct. 9, 1930; 1c . Nov. 17; A—Foreign 10202; J. J. Weber.
113 2799 360 66 Schumann,
509 2802 253 53 Edward
797 2801 230 67 Armin,
1064 2804 171 54 1879-

185 2892 1871 71 Extra-uterine pregnancy, by Edward Armin Schumann …
117 2969 133 52 with
280 2975 374 63 seventy-two
681 2970 396 54 illustrations.
1142 2971 139 52 New
1309 2972 180 67 York,
1514 2973 260 69 London,
1800 2975 72 52 D.
118 2974 1975 124 Appleton

242 3047 111 52 and
384 3065 298 51 company,
714 3050 148 50 1931.

222 3126 1895 56 x. 207 p. illus. 25 ᶜᵐ. (Gynecological and obstetrical monographs,
118 3182 212 47 vol. VII )
189 3238 335 41 “Literature”
554 3242 52 37 at
632 3242 89 38 end
751 3240 53 40 of
829 3251 144 36 every
1002 3242 201 47 chapter
1229 3241 87 42 but
1345 3253 101 30 one.

126 3304 51 52 ©
221 3309 109 40 Feb.
371 3310 58 39 27,
484 3309 112 40 1931;
667 3311 66 40 2c.
776 3312 96 39 and
913 3311 82 40 aff.
1038 3313 120 39 Mar.
1201 3313 54 46 3;
1299 3313 40 39 A
1380 3313 171 49 35049;
1596 3314 58 42 D.
1695 3315 240 49 Appleton
1975 3318 39 40 &
2054 3328 69 31 co.

213 3361 51 52 [©
305 3377 105 29 new
450 3369 193 47 matter]
716 3367 250 49 (31-5951)

120 3473 529 66 Schwartzenberg
688 3493 70 36 en
801 3477 511 66 Hohenlansberg,
1356 3479 225 54 Willem
1623 3482 281 60 Herman,
1949 3486 169 51 baron

191 3551 156 63 thoe,
382 3554 170 53 1879-

189 3641 149 53 Java
385 3642 133 68 girl,
561 3643 74 69 by
683 3645 192 52 Baron
921 3646 91 53 W.
1059 3645 130 55 thoe
1237 3646 509 73 Schwartzenberg
1792 3651 112 52 and
1952 3651 170 69 Mary

123 3719 243 52 Bennett
396 3719 303 54 Harrison.
764 3722 138 53 New
933 3722 180 67 York,
1146 3724 356 70 Brentano’s,
1536 3729 150 50 1931.

190 3798 541 50 4 p. l., 3-276 p. 19½ᶜᵐ.
130 3864 51 52 ©
219 3869 121 40 Mar.
374 3868 40 48 2,
452 3868 111 42 1931;
628 3870 67 42 2c.
733 3873 120 41 Mar.
890 3874 25 39 5;
982 3874 81 41 aff.
1100 3875 121 40 Mar.
1257 3876 30 39 4;
1350 3876 40 39 A
1426 3876 147 42 34650;
1637 3878 303 47 Brentano’s,
1977 3879 92 42 inc.

209 3924 250 51 (31-6073)
