2428 4370
1028 4065 139 55 2017

81 521 1997 74 dorff … 2. bd. Die gewebe. 3. t. Gewebe und Systeme der
79 596 1998 75 muskulatur; bearb. von dr. Gösta Häggqvist … Berlin, J.
82 684 296 68 Springer,
407 685 151 50 1931.

153 757 1446 54 vi, 247, [1] p. illus. (part col.) tables, diagrs. 26 ᶜᵐ .
87 825 1875 55 © Aug. 24, 1931; 1c. Dec. 17; A — Foreign 14865; Julius Springer.
80 942 267 62 Mooney,
377 940 204 53 James
608 938 208 65 David,
847 943 172 50 1884-

83 1014 1973 152 Wages and the road ahead, by James D. Mooney … London,
238 1097 138 52 New
402 1096 163 52 York
612 1099 120 62 [etc.]
762 1095 344 68 Longmans,
1132 1092 186 55 Green
1343 1094 112 52 and
1482 1110 98 49 co.,
1606 1095 151 50 1931.

153 1178 64 47 ix,
252 1175 87 41 149
369 1187 44 37 p.
472 1176 117 40 21ᶜᵐ.

156 1233 161 40 “First
352 1231 225 42 edition.”

89 1300 51 52 ©
172 1304 116 39 Nov.
319 1303 69 45 25,
419 1301 140 47 1931;
593 1301 66 42 2c.
693 1302 91 39 and
817 1300 82 41 aff.
932 1301 111 40 Dec.
1074 1301 52 46 1;
1161 1299 41 40 A
1230 1298 173 48 46098;
1437 1299 289 48 Longmans,
1759 1298 158 41 Green
1945 1298 39 41 &
2014 1308 67 30 co.

167 1360 278 47 (31-28468)

83 1452 321 63 Moreland,
431 1450 241 54 Patrick
701 1452 68 54 D.

154 1530 206 51 Arrow
411 1534 259 62 unspent,
714 1527 73 69 by
835 1526 238 53 Patrick
1116 1527 73 52 D.
1235 1525 318 53 Moreland.
1637 1524 220 68 Dallas,
1906 1525 62 53 C.
2019 1524 63 53 C.

87 1606 592 66 Cockrell co. [ ᶜ1 931]
151 1687 28 39 4
204 1696 43 39 p.
307 1719 9 12 l.,
342 1685 187 51 11-100,
559 1686 54 50 [3]
639 1696 43 38 p.
744 1685 144 44 19½ᶜᵐ.

154 1744 182 40 Poems.

92 1810 51 52 ©
171 1815 117 39 Nov.
318 1815 68 47 14,
414 1813 141 47 1931;
585 1815 66 38 2c.
680 1815 96 39 and
804 1813 79 40 aff.
915 1814 111 40 Dec.
1056 1814 25 38 5;
1140 1813 40 39 A
1208 1811 172 48 45309;
1412 1812 177 48 Poetry
1620 1811 181 48 society
1832 1810 52 41 of
1912 1810 173 40 Texas.

159 1871 186 40 Dallas.
415 1870 279 48 (31-34677)

87 1965 360 63 Mozumdar,
477 1964 210 52 Akhar
714 1964 247 54 Kumar.

152 2039 121 55 The
309 2039 363 67 triumphant
706 2039 197 67 spirit;
943 2040 182 53 lesson
1158 2038 147 53 book
1340 2039 64 55 of
1439 2041 93 51 the
1571 2055 148 51 ages,
1754 2037 96 55 the
1890 2037 195 55 Christ

84 2113 2002 150 message of to-day; convincing, dynamic, practical and spiritual, by A. K. Mozumdar … New York, Pub. priv. [Messianic
84 2268 1297 71 publishing company, Los Angeles, ᶜ1 931]
155 2351 88 41 viii
266 2362 60 38 p.,
352 2354 26 38 1
440 2384 8 16 l.,
474 2352 100 48 295,
649 2372 11 30 [1]
688 2362 43 38 p.
787 2354 115 39 17ᶜᵐ.

97 2419 51 52 ©
177 2424 118 40 Nov.
323 2423 68 47 18,
421 2421 141 48 1931;
592 2422 68 42 2c.
689 2422 97 39 and
812 2420 83 42 aff.
924 2420 113 43 Dec.
1066 2422 53 46 8;
1151 2421 40 39 A
1218 2422 173 47 45357;
1422 2422 55 39 A.
1507 2423 59 40 K.
1599 2423 296 39 Mozumdar.
164 2422 1910 105 Hollywood,
345 2479 144 40 Calif.
560 2478 277 48 (31-34615)

93 2572 266 65 O’Brien,
385 2573 308 63 Raymond
720 2572 54 55 J.

161 2648 244 69 Midget,
441 2650 95 52 the
573 2654 158 64 story
766 2647 64 55 of
867 2669 30 33 a
935 2649 112 69 boy
1084 2650 126 53 who
1248 2667 115 36 was
1398 2649 249 70 “always
1683 2650 154 70 goin’
1874 2649 215 68 alone”,

93 2726 1991 70 by Rev. Raymond J. O’Brien … New York, Cincinnati [etc.]
92 2802 280 71 Benziger
401 2803 278 60 brothers,
711 2807 149 51 1931.

163 2885 84 41 183
277 2896 44 37 p.
380 2885 150 41 front.
699 2917 9 9 19ᶜᵐ.

100 2951 51 52 ©
184 2955 100 41 Oct.
316 2957 68 45 17,
416 2956 140 47 1931;
587 2956 67 41 2c.
688 2957 108 39 Dec.
829 2958 81 45 14;
946 2956 82 39 aff.
1060 2956 101 41 Oct.
1193 2956 84 48 26;
1310 2957 43 39 A
1381 2956 172 48 46350;
1588 2956 235 49 Benziger
1854 2957 140 43 bros.,

178 3012 278 49 (31-34772)

101 3104 278 71 [Oursler,
409 3105 233 69 Fulton]
678 3112 170 49 1893-

165 3182 194 53 About
394 3184 96 51 the
524 3184 231 52 murder
788 3184 64 52 of
886 3185 94 52 the
1013 3182 170 71 night
1218 3184 128 55 club
1378 3185 155 68 lady,
1568 3204 31 33 a
1635 3185 288 53 Thatcher
1959 3184 132 56 Colt

97 3258 274 53 detective
412 3265 253 59 mystery,
723 3260 75 64 by
838 3262 280 62 Anthony
1158 3260 194 54 Abbot
1460 3262 152 53 [pseud.]
1729 3262 140 54 New
1912 3262 180 62 York,

98 3333 670 72 Covici, Friede [ ᶜ1 931]
203 3446 8 16 x,
243 3415 175 50 [3]-263
445 3428 29 37 p
548 3416 146 43 20½ᶜᵐ.

104 3481 51 52 ©
189 3486 111 40 Dec.
329 3487 41 46 4,
404 3486 140 48 1931;
579 3487 66 40 2c.
679 3489 109 39 Dec.
821 3490 53 45 4;
911 3488 81 41 aff.
1026 3490 113 40 Dec.
1173 3488 81 48 10;
1290 3490 40 39 A
1361 3489 172 48 45891;
1571 3490 177 47 Covici,
1783 3490 187 47 Friede,
2003 3490 92 41 inc.

182 3542 279 50 (31-28499)

101 3636 242 64 Parker,
372 3637 155 52 John
556 3638 184 63 Scott,
770 3640 82 52 ed.

171 3714 121 53 The
338 3715 362 66 corporation
746 3717 258 65 manual;
1052 3721 286 66 statutory
1382 3719 321 67 provisions
1749 3718 248 70 relating
2039 3726 59 47 to

101 3790 95 53 the
225 3791 413 68 organization,
667 3793 320 68 regulation
1018 3796 112 51 and
1161 3795 260 53 taxation
1451 3796 65 52 of
1545 3796 271 54 domestic
1844 3797 255 54 business

103 3869 407 65 corporations,
542 3870 112 52 and
683 3875 60 47 to
771 3870 94 52 the
895 3870 326 67 admission,
1251 3874 321 67 regulation
1604 3876 112 52 and
1745 3875 262 53 taxation
2035 3875 65 54 of

106 3943 224 68 foreign
363 3946 255 54 business
650 3947 406 71 corporations,
1088 3949 60 52 in
1182 3950 96 53 the
1310 3952 217 52 several
1560 3955 190 67 states,
1784 3952 315 54 territories
