2505 4370
1046 4008 104 56 741

112 451 1978 71 Frommel … [u. a.] hrsg. von dr. Gustav Keppeler … 1. bd.
108 532 288 54 München
426 533 118 53 und
576 531 215 70 Berlin,
822 531 67 53 R.
924 529 389 72 Oldenbourg,
1346 533 150 52 1926.

182 611 1527 51 ix, 776 p. illus., plates (part fold.) tables, diagrs. 28½ ᶜᵐ.
115 666 1744 55 © Jan. 1, 1926; 1c. Mar. 9; A— Foreign 11134; R. Oldenbourg.
191 726 280 49 (31-12348)

107 820 230 66 Fisher,
366 818 206 65 Daisy.

175 896 260 69 Memory
470 895 65 54 of
569 896 248 68 Grange,
852 896 76 69 by
963 893 181 70 Daisy
1180 894 221 54 Fisher.
1476 895 257 67 London,
1769 896 56 53 J.
1863 896 242 55 Murray

110 977 172 65 [1931]

175 1053 386 51 359, [1] p. 19 ½ ᶜᵐ.
112 1108 1993 52 © 1c. Apr. 1, 1931; A ad int. 15051; pubd. Feb. 4; Daisy Mason, London.
189 1167 280 48 (31-13095)

106 1258 195 68 Fiske,
333 1260 228 65 George
588 1258 244 69 Walter,
864 1260 173 56 1872-

175 1340 122 53 The
327 1357 267 52 recovery
623 1338 65 54 of
717 1338 278 69 worship;
1031 1358 32 35 a
1092 1339 173 69 study
1294 1338 66 54 of
1389 1338 94 54 the
1514 1337 213 55 crucial
1756 1337 259 69 problem
2043 1337 66 54 of

104 1414 2005 71 the Protestant churches, by George Walter Fiske … New
105 1493 179 70 York,
314 1493 122 55 The
464 1493 335 55 Macmillan
829 1512 298 51 company,
1158 1496 153 51 1931.

170 1573 568 50 xi p., 1 l., 269 p. 19½ ᶜᵐ.
174 1627 248 43 “Selected
454 1628 366 49 bibliography”:
883 1639 42 38 p.
959 1627 220 44 265-266.

111 1683 1745 53 © May 12, 1931; 2c. and aff. May 13; A 38111; Macmillan co.
189 1744 279 49 (31-12843)

104 1837 319 65 Fitzhugh,
452 1838 188 63 Percy
668 1837 209 65 Keese,
909 1839 171 54 1876-

172 1914 1868 70 Roy Blakeley up in the air, by Percy Keese Fitzhugh …
99 1988 1980 148 illustrated by Russell H. Tandy. New York, Grosset & Dunlap [ ᶜ1 931]
169 2148 62 48 vi,
261 2149 86 40 217
375 2158 46 38 p.
479 2148 165 48 front.,
674 2149 172 48 plates.
906 2149 57 40 19½ᶜᵐ.

109 2203 1998 53 © May 11, 1931; 2c. and aff. May 13; A 38130; Grosset & Dunlap, inc.
186 2263 281 49 (31-12453)

170 2342 1869 71 Westy Martin in the Sierras, by Percy Keese Fitzhugh …
101 2419 1995 71 illustrated by Machtey. New York, Grosset & Dunlap [ ᶜ1 931]
175 2500 1805 50 3 p. l. , 205 p. front., plates. 19½ ᶜᵐ. (Sis Westy Martin books)
109 2553 1995 54 © May 20, 1931; 2c. and aff. May 22; A 38308; Grosset & Dunlap, inc.
185 2613 281 50 (31-13100)

103 2693 291 67 Fletcher,
427 2694 256 56 William
716 2696 226 54 Meade.

178 2773 347 69 Cyclopedia
561 2774 66 53 of
656 2776 99 52 the
786 2775 111 53 law
933 2774 64 53 of
1032 2774 225 69 private
1293 2775 409 69 corporations,
1735 2776 77 69 by
1843 2774 266 56 William

101 2852 2003 71 Meade Fletcher … Revised and permanent ed. By Basil
105 2930 175 54 Jones
312 2931 114 53 and
457 2931 96 52 the
585 2929 338 70 publishers’
955 2930 266 54 editorial
1255 2928 150 55 staff.
1480 2930 76 54 In
1586 2935 216 66 twenty
1836 2931 267 54 volumes.

143 3051 10 9 v.
183 3010 49 50 3.
306 3007 270 70 Chicago,
606 3006 321 71 Callaghan
953 3009 113 53 and
1094 3026 298 53 company,
1421 3012 152 49 1931.

272 3086 325 51 1 l., 899 p. 25 ᶜᵐ.
108 3141 52 52 ©
189 3145 126 40 June
341 3145 39 48 5,
407 3143 142 48 1931;
578 3143 66 42 2c.
674 3144 127 41 June
826 3143 53 49 9;
910 3143 82 43 aff.
1021 3145 126 40 June
1174 3144 84 48 10;
1287 3146 41 39 A
1355 3144 172 49 38672;
1559 3145 270 49 Callaghan
1858 3145 37 41 &
1922 3156 68 31 co.

101 3223 240 66 Forbes,
367 3223 212 56 Rosita
605 3225 166 56 Torr.

174 3302 32 52 I
243 3303 144 52 have
427 3302 154 54 lived
620 3303 79 53 all
736 3302 130 54 this.
964 3321 88 35 [no.
1097 3306 81 64 10]
1258 3304 124 53 The
1420 3304 311 55 incredible
1769 3305 181 53 Liane
1988 3305 114 53 and

103 3381 97 52 the
230 3381 218 52 voodoo
480 3380 172 53 devil.

186 3458 83 48 (In
298 3456 204 43 London
531 3456 201 52 Sunday
763 3457 222 52 graphic,
1015 3457 124 53 Apr.
1168 3459 73 50 26,
1275 3459 144 50 1931)

108 3513 1977 109 © 1c. June 20, 1931; A ad int. 15222; pubd. Apr. 26; Joan Rosita McGrath,
377 3573 212 41 London.

100 3651 257 69 Frasier,
387 3654 227 64 George
642 3655 262 65 Willard,
934 3661 170 51 1890-
1318 3675 178 52 comp.

170 3729 97 53 An
305 3729 391 55 introduction
734 3737 58 47 to
831 3733 96 52 the
964 3734 298 51 literature
1301 3733 65 54 of
1404 3733 317 67 education,
1759 3732 77 70 by
1878 3732 221 69 George

99 3806 1975 146 Willard Frasier … and Winfield Dockery Armentrout … Chicago,
284 3883 242 54 Atlanta
579 3891 120 61 [etc.]
735 3885 176 69 Scott,
940 3888 311 53 Foresman
1280 3888 114 52 and
1421 3905 296 52 company,
1747 3890 150 51 1931.
