2428 4370
1243 4033 137 49 2052

300 382 196 65 Peter,
525 380 258 57 William
811 380 255 68 Wesley,
1098 388 172 50 1882-

369 458 1945 72 Mastodons, microbes and man, by W. W. Peter … New
300 537 179 70 York,
506 538 219 54 Health
753 538 231 69 service,
1014 537 352 56 Cleanliness
1394 539 279 72 institute,
1704 541 151 52 1931.

371 621 880 49 2 p. l., 27 p. illus., diagr. 23 ᶜᵐ .
307 689 52 52 ©
387 694 130 48 Sept.
542 694 39 48 8,
607 694 114 41 1931;
775 693 66 41 2c.
869 694 128 47 Sept.
1023 693 60 41 30;
1134 693 82 40 aff.
1243 692 101 42 Oct.
1370 693 56 42 23;
1481 695 41 39 A
1546 695 145 40 42735;
1749 694 305 42 Cleanliness
2077 695 240 41 institute.

377 746 70 55 [©
477 762 107 30 new
615 752 243 49 material]
932 750 283 51 (31-35402)

299 862 259 65 Pitman,
586 864 141 53 Mrs.
756 860 232 55 Almira
1023 861 382 66 (Hollander)

369 939 177 54 After
576 939 139 70 fifty
743 957 163 52 years;
968 957 73 34 an
1071 939 415 69 appreciation,
1515 940 115 53 and
1661 958 32 35 a
1722 941 199 53 record
1952 940 65 53 of
2046 960 31 34 a
2108 942 208 68 unique

300 1018 272 67 incident,
614 1018 75 69 by
730 1017 229 53 Almira
1004 1017 237 53 Pitman
1283 1017 175 68 <Mrs.
1506 1017 310 70 Benjamin
1862 1019 287 53 Franklin
298 1019 1996 130 Pitman>

553 1096 288 53 Norwood
896 1095 211 68 [Mass.]
1162 1096 159 53 Priv.
1373 1096 197 69 print.,
1618 1096 123 54 The
1790 1096 301 70 Plimpton
2142 1116 175 51 press,

302 1178 152 50 1931.

373 1255 1368 50 169 p. front., illus. (music) plates, ports. 22½ ᶜᵐ .
374 1312 94 42 “Of
492 1314 101 41 this
617 1314 204 49 volume,
846 1312 94 42 five
963 1313 224 41 hundred
1211 1312 162 49 copies
1397 1313 125 42 have
1546 1312 122 42 been
1692 1312 195 50 printed
1914 1313 128 42 from
2067 1315 128 49 type,
2220 1316 95 40 and

300 1371 82 41 the
407 1372 115 47 type
545 1372 91 39 has
660 1370 121 42 been
803 1370 304 49 destroyed.”

305 1440 52 52 ©
385 1445 119 40 Nov.
533 1444 70 47 24,
633 1442 143 49 1931;
804 1443 67 41 2c.
901 1444 119 40 Nov.
1049 1443 56 40 27;
1165 1442 82 42 aff.
1277 1443 119 40 Nov.
1424 1443 84 48 25;
1538 1444 43 38 A
1607 1442 146 42 45209;
1813 1444 54 39 A.
1897 1443 211 50 Pitman,
374 1445 1928 105 Brookline,
511 1503 148 39 Mass.
731 1500 281 50 (31-35196)

300 1611 226 53 Punch.
602 1633 50 33 V.
684 1618 115 63 181,
827 1632 89 35 no.
946 1613 156 67 4713,
1131 1613 144 52 Nov.
1304 1617 50 66 4,
1385 1616 154 50 1931.

306 1706 2012 53 © 1c. Dec. 30, 1931; A ad int. 15937; pubd. Nov. 4; Herbert Heather,
374 1769 213 40 London.

301 1879 279 64 Putnam,
611 1878 186 55 Grace
826 1878 296 64 Mayhew.

373 1956 122 54 The
538 1954 251 70 portrait
832 1955 65 54 of
938 1975 32 34 a
1013 1956 344 70 gentleman,
1398 1956 75 69 by
1515 1956 183 55 Grace
1738 1956 268 69 Mayhew
2050 1958 265 51 Putnam.

303 2032 1656 73 Quincy, Mass., Authors’ publishing service [ ᶜ1 931]
372 2115 1103 50 5 p. l., 3-194 p. 1 illus, (music) 20½ᶜᵐ.
308 2184 52 52 ©
388 2188 111 40 Dec.
529 2189 68 42 11,
626 2187 113 41 1931;
796 2188 68 42 2c.
892 2189 111 41 Dec.
1032 2189 58 39 16;
1145 2188 82 40 aff.
1255 2189 113 41 Dec.
1397 2189 55 39 14;
1510 2189 39 39 A
1576 2187 173 48 46400;
1781 2187 231 41 Authors’
2041 2187 280 49 publishing

376 2247 198 40 service.
646 2245 282 50 (31-35109)

301 2357 148 64 Ray,
479 2356 280 54 Kenneth
788 2356 271 55 Wilbert.

371 2432 1885 71 Metallurgy for dental students, by Kenneth W. Ray …
303 2511 138 53 with
494 2529 104 36 one
648 2512 262 53 hundred
962 2513 112 52 and
1127 2511 108 54 five
1287 2512 397 54 illustrations.
1773 2512 429 69 Philadelphia,
2252 2512 66 53 P.

304 2589 348 55 Blakiston’s
680 2608 101 35 son
806 2592 47 50 &
878 2608 99 47 co.,
1003 2590 107 53 inc.
1146 2593 173 65 [1931]

373 2673 81 47 vii,
483 2673 89 41 299
596 2684 44 38 p.
701 2673 143 49 illus.,
873 2673 182 49 diagrs.
1114 2674 119 41 24ᶜᵐ.

376 2730 351 41 “References”
753 2732 52 39 at
828 2731 91 39 end
946 2731 52 39 of
1023 2730 119 40 each
1169 2731 203 47 chapter
1395 2733 172 46 except
1590 2731 85 41 the
1697 2733 112 38 last.

309 2800 52 53 ©
391 2804 117 39 Nov.
539 2803 39 49 2,
609 2801 143 50 1931;
784 2801 67 42 2c.
882 2803 118 39 Nov.
1031 2803 53 45 3;
1119 2800 82 43 aff.
1234 2802 117 40 Nov.
1385 2802 25 39 6;
1472 2803 40 38 A
1541 2801 173 48 44643;
1749 2802 51 41 P.
1832 2801 302 41 Blakiston’s
2166 2811 88 31 son
2283 2802 37 40 &

377 2873 82 36 co.,
487 2862 90 40 inc.
651 2860 280 49 (31-35403)

302 2972 158 65 Rice,
490 2972 207 53 Nettie
726 2972 177 65 Belle,
933 2991 179 51 comp.

371 3049 241 53 Manual
652 3048 65 53 of
756 3048 381 54 information
1177 3068 73 34 on
1289 3049 96 54 the
1427 3048 395 56 Constitution
1861 3049 64 53 of
1963 3049 96 53 the
2098 3048 220 55 United

305 3127 191 56 States
536 3128 114 52 and
690 3126 309 54 American
1041 3133 392 63 government,
1475 3125 93 54 for
1607 3146 96 34 use
1743 3126 61 53 in
1842 3127 97 54 the
1978 3125 340 69 citizenship

302 3205 201 54 classes
537 3206 60 52 in
629 3206 96 53 the
759 3204 179 56 Santa
971 3205 230 53 Monica
1236 3205 243 69 evening
1510 3204 144 71 high
1685 3205 209 68 school,
1927 3204 284 69 compiled
2242 3204 76 69 by

303 3282 2015 70 Nettie Belle Rice … 1st ed., total issue 2000. Santa Monica,
304 3362 196 69 Calif.,
527 3362 122 53 The
674 3380 156 50 press
857 3359 64 54 of
947 3362 75 53 D.
1047 3360 62 56 C.
1138 3361 298 69 Freeman,
1465 3364 153 51 1931.

375 3445 315 50 66 p. 19 ᶜᵐ .
310 3516 52 52 ©
403 3519 128 47 Sept.
570 3518 69 46 14,
678 3517 140 43 1931;
859 3517 67 41 2c.
964 3518 96 39 and
1099 3516 82 41 aff.
1221 3516 128 49 Sept.
1388 3517 83 48 28;
1512 3517 41 40 A
1589 3515 173 49 42699;
1803 3518 56 40 N.
1899 3518 53 39 B.
1994 3517 129 48 Rice,
2166 3516 152 41 Santa

379 3576 206 48 Monica,
617 3575 145 42 Calif.
834 3574 281 49 (31-35174)

304 3688 265 64 Roberti,
597 3688 275 64 Jacques.

437 3762 1618 69 … A la belle de nuit, roman. Paris, A. Michel [1931]
378 3844 671 52 3 p. l., [9]-383 p. 18½ ᶜᵐ .
313 3912 1808 54 © June 29, 1931; 1c. Aug. 31; A—Foreign 13491; Albin Michel.
391 3973 281 51 (31-34905)
