2575 4398
0 0 0 0 2
321 386 298 65 Bindloss,
651 387 246 66 Harold,
932 394 176 50 1866-

391 467 123 53 The
547 465 218 69 prairie
797 467 214 68 patrol,
1042 466 78 71 by
1151 466 232 54 Harold
1419 466 290 55 Bindloss.
1781 468 140 53 New
1958 468 183 69 York,
318 469 2014 129 Frederick

505 544 71 52 A.
612 543 205 56 Stokes
849 562 305 53 company,
1187 547 154 51 1931.

391 625 673 50 vi p., 1 l., 310 p. 19½ ᶜᵐ .
393 682 298 43 “Published
729 684 51 40 in
817 683 228 48 England
1084 684 157 41 under
1277 683 84 42 the
1400 683 110 43 title
1549 684 117 43 ‘The
1703 686 112 41 lean
1854 685 201 50 years’.”

327 752 53 52 ©
447 767 77 30 Jan.
557 756 39 48 8,
628 754 115 42 1931
762 767 9 37 ;
804 755 69 42 2c.
906 757 97 39 and
1035 755 82 42 aff.
1151 757 111 40 Jan.
1296 756 55 41 10
1369 766 9 38 ;
1413 757 42 39 A
1485 756 147 42 32736
1650 768 8 37 ;
1694 758 267 41 Frederick
1992 759 54 39 A.
2085 758 175 42 Stokes
2293 770 68 31 co.

406 813 256 52 (31-1193)

323 910 321 66 Bingham,
674 911 307 53 Theodore
1011 911 235 66 Alfred,
1279 917 174 50 1858-

397 992 124 54 The
568 992 296 69 Bingham
912 991 211 72 family
1170 993 60 52 in
1275 994 96 52 the
1419 993 218 54 United
1689 993 209 62 States,
1945 994 309 70 especially
2300 998 65 52 of

325 1072 97 52 the
455 1076 147 49 state
636 1072 66 52 of
734 1071 375 55 Connecticut
1130 1091 10 39 ;
1178 1071 304 70 including
1514 1077 159 49 notes
1708 1092 72 34 on
1812 1074 97 53 the
1945 1074 321 69 Binghams
2301 1075 64 53 of

325 1151 413 69 Philadelphia
767 1152 114 52 and
905 1150 66 53 of
993 1151 158 54 Irish
1175 1153 226 52 descent
1421 1171 11 47 ;
1460 1152 321 54 mediaeval
1806 1154 255 56 records;
2089 1152 276 55 armorial

325 1229 2040 72 bearings; etc. Compiled by Theodore A. Bingham … [v. 2,
327 1313 48 64 3]
459 1310 239 68 Easton,
727 1310 123 69 Pa.,
881 1310 121 53 The
1036 1309 295 70 Bingham
1361 1310 361 59 association,
1756 1311 150 54 1927.

397 1391 28 40 2
492 1425 8 8 v.
561 1392 174 50 plates,
770 1392 152 50 ports.
985 1391 120 45 24ᶜᵐ.

333 1460 52 53 ©
422 1466 120 39 Nov.
579 1463 70 50 28,
717 1464 113 46 1930;
869 1463 69 42 2c.
975 1465 118 40 each
1134 1466 110 39 Jan.
1282 1464 40 46 9,
1361 1464 143 49 1931;
1545 1465 83 41 aff.
1668 1466 112 41 Dec.
1818 1465 69 49 16,
1926 1464 143 49 1930;
2111 1466 40 39 A
2188 1464 173 49 33062;

402 1524 197 47 Eugene
629 1522 133 41 Cook
790 1523 259 49 Bingham,
1080 1524 201 48 Easton,
1311 1524 85 41 Pa.

330 1618 364 69 Bloomfield,
725 1621 225 63 Meyer,
985 1621 174 54 1878-

459 1695 1908 74 … Finding one’s place in life, by Meyer Bloomfield. Chicago,
327 1774 1301 74 The Howard-Severance company [ ᶜ1 930]
400 1855 1967 52 xxii, 322 p. incl. front. (port.) plates. 23½ ᶜᵐ . (Foundation stones of
329 1925 207 39 success,
569 1915 176 40 Edwin
778 1916 276 47 Markham,
1087 1915 388 41 editor-in-chief.
1550 1916 91 39 vol.
1746 1915 12 45 VII)

336 1972 52 54 ©
432 1977 116 49 Apr.
591 1976 39 49 2,
676 1975 142 44 1930;
863 1975 68 43 2c.
977 1976 113 41 Dec.
1134 1975 83 49 27;
1265 1975 82 42 aff.
1394 1976 110 41 Jan.
1549 1975 40 48 5,
1634 1974 143 50 1931;
1824 1975 43 41 A
1909 1974 146 43 31998;
407 1976 1961 100 Howard-Severance

708 2045 67 31 co.
843 2030 68 55 [©
943 2035 193 40 revised
1163 2036 90 48 ed.]
1327 2034 256 49 (31-1121)

333 2131 186 65 Boyd,
549 2130 280 68 William,
863 2135 172 51 1885-

399 2205 1905 73 The pathology of internal diseases, by William Boyd …
331 2286 326 55 illustrated
687 2286 142 54 with
859 2290 102 50 298
991 2287 364 69 engravings.
1423 2285 430 70 Philadelphia,
1883 2286 116 53 Lea
2029 2287 45 51 &
2104 2286 262 69 Febiger,

331 2370 152 50 1931.

402 2450 814 52 xvi, [17]-888 p. illus. 24½ ᶜᵐ .
406 2507 131 43 “The
575 2509 125 41 book
739 2508 43 40 is
821 2508 231 42 intended
1090 2510 49 39 to
1180 2509 58 41 be
1275 2517 24 29 a
1340 2507 286 49 companion
1667 2510 49 38 to
1756 2507 82 41 the
1879 2507 211 42 writer’s
2129 2504 238 51 ‘Surgical

331 2564 519 53 pathology’.”—Pref.

406 2625 237 42 Contains
676 2624 368 41 “References”.

342 2679 52 53 ©
425 2684 111 41 Jan.
566 2682 40 50 2,
636 2680 115 43 1931;
811 2682 68 41 2c.
913 2682 108 40 Jan.
1051 2682 26 40 3;
1139 2681 83 41 aff.
1252 2682 111 40 Jan.
1394 2680 53 49 6;
1480 2681 41 39 A
1549 2680 175 48 32586;
1757 2680 97 41 Lea
1886 2680 38 40 &
1953 2680 220 48 Febiger.

421 2739 255 51 (31-1180)

338 2834 337 67 Brigadier,
708 2836 267 54 Maurice
1011 2836 272 64 Chester,
1319 2840 173 50 1902-
1709 2834 84 54 ed.

409 2913 240 56 Outline
678 2914 115 53 and
822 2913 190 71 digest
1039 2913 66 54 of
1132 2914 141 53 New
1301 2914 204 68 Jersey
1533 2914 111 52 law
1674 2913 114 52 and
1816 2916 260 63 statutes,
2103 2911 78 70 by

338 2910 2011 137 Maurice
510 2992 63 56 C.
632 2993 329 70 Brigadier.
1060 2993 315 70 [Bayonne,
1431 2992 71 53 N.
1558 2992 78 72 J.,
1690 2991 204 70 Jersey
1950 2989 269 70 printing
2275 3006 100 51 co.,

394 3074 122 66 ᶜ1 931]
410 3157 533 49 4 p. l., 232 p. 23 ᶜᵐ .
413 3215 285 48 “Arranged
735 3213 260 50 primarily
1031 3213 81 41 for
1149 3214 141 40 those
1328 3212 173 49 taking
1537 3213 82 39 the
1657 3210 271 49 attorney’s
1965 3221 55 30 or
2055 3210 318 42 counsellor’s

339 3271 366 42 examinations
734 3272 50 40 in
813 3273 119 40 New
961 3270 216 49 Jersey.”

345 3326 2028 53 © Jan. 5, 1931; 2c. and aff. Jan. 8 ; A 32608 ; New Jersey law book co.,
417 3389 173 47 Jersey
628 3388 125 49 City,
791 3389 56 39 N.
887 3388 44 40 J.
1004 3385 224 51 (31-949)

341 3484 312 65 Burleson,
684 3484 194 54 David
909 3483 273 57 Sinclair.

411 3555 1967 76 Applied English … by David Sinclair Burleson … Rubie
341 3637 2038 73 Batte … Laurie Cash. bk. 1. Language. Boston, New York
350 3721 1012 72 [etc.] Allyn and Bacon [ ᶜ1 930].
416 3803 722 51 xvii, 349 p. illus. 19½ ᶜᵐ .
414 3858 238 42 Contains
678 3859 170 40 music.

414 3915 303 50 “Suggested
744 3916 151 41 books
924 3915 83 41 for
1035 3915 195 41 outside
1258 3914 232 46 reading”
1511 3926 8 28 :
1553 3915 123 40 book
1707 3915 39 40 1.
1777 3925 41 37 p.
1851 3911 216 42 337-339.

349 3971 1860 53 © Nov. 8, 1930; 2c. and aff. Jan. 2, 1931 ; A 31856; Allyn & Bacon.
426 4032 224 54 (31-859)
