2505 4370
1306 4055 101 50 926

399 475 610 50 4 p. l. , 13-68 p. 20 ᶜᵐ .
338 547 1845 54 © May 30, 1931; 2c. and aff. June 13; A 37906; P. Sloan, Dallas.
423 608 282 47 (31-15455)

337 703 217 65 Smith,
581 702 237 56 Walton
845 702 155 55 Hall.

400 780 144 53 This
590 779 180 54 man’s
820 785 90 48 art
966 778 110 70 [by]
1130 779 238 54 Walton
1416 778 145 53 Hall
1612 777 209 56 Smith.
1908 776 236 57 Garden
2196 777 153 69 City,

328 858 69 54 N.
429 858 92 62 Y.,
547 857 361 63 Doubleday,
935 858 201 53 Doran
1165 859 46 51 &
1237 874 301 46 company,
1568 856 128 64 inc.,
1728 859 152 50 1931.

399 937 483 50 4 p. l., 310 p. 20 ᶜᵐ.
402 996 165 40 “First
601 994 231 42 edition.”

341 1062 2014 53 © June 5, 1931; 2c. and aff. June 19; A 38951; W. H. Smith, Kansas
407 1124 124 47 City,
566 1125 92 38 Mo.
730 1124 282 49 (31-15554)

332 1217 328 65 Thorning,
693 1217 223 65 Joseph
951 1218 266 65 Francis,
1253 1223 171 50 1896-

402 1296 299 70 Religious
741 1296 211 69 liberty
992 1295 59 53 in
1091 1294 339 71 transition;
1473 1315 31 34 a
1544 1296 173 69 study
1755 1296 65 52 of
1858 1297 97 52 the
1994 1296 253 53 removal
2286 1294 64 54 of

332 1374 437 54 constitutional
809 1374 344 53 limitations
1194 1393 74 36 on
1310 1374 273 70 religious
1623 1374 212 71 liberty
1875 1393 60 34 as
1978 1379 133 63 part
2152 1372 63 54 of
2255 1375 97 51 the

334 1451 2020 70 social progress in the transition period … by Joseph Francis
336 1530 2019 72 Thorning, S. J. Washington, D. C., The Catholic university
339 1611 65 53 of
431 1611 287 70 America,
750 1614 153 51 1931.

408 1691 211 43 1 V. 23 ᶜᵐ.
408 1750 106 42 “1st
550 1749 179 41 series:
767 1751 119 39 New
922 1750 254 48 England”
1212 1750 166 41 issued
1416 1761 54 30 as
1506 1749 155 42 thesis
1707 1750 13 47 (PH.
1906 1749 311 48 D.)—Catholic
334 1749 2003 107 university
551 1807 52 41 of
634 1807 240 49 America,
906 1807 130 42 1931.

407 1865 132 40 Vita.

411 1921 190 42 “Select
629 1921 371 50 bibliography”:
1062 1942 57 31 [v.
1149 1924 41 48 1]
1222 1933 45 38 p.
1297 1923 219 41 232-242.

344 1989 2016 54 © June 5, 1931; 2c. June 5; aff. June 12; A 38785; Catholic university of
409 2051 241 41 America.
721 2051 283 50 (31-15531)

336 2153 360 68 Thurstone,
726 2156 182 55 Louis
936 2157 179 65 Leon,
1147 2159 171 55 1887-

408 2229 191 56 Order
628 2231 66 52 of
718 2231 177 69 birth,
926 2238 358 63 parent-age,
1314 2234 114 52 and
1460 2231 381 71 intelligence,
1869 2231 77 70 by
1975 2231 65 53 L.
2072 2231 66 52 L.
335 2230 1999 132 Thurstone

543 2309 114 53 and
704 2309 257 54 Richard
1008 2310 63 53 L.
1120 2310 262 55 Jenkins.
1460 2309 273 71 Chicago,
1778 2311 115 67 Ill.,
1941 2310 122 52 The
338 2309 1996 146 University
482 2386 65 53 of

574 2386 255 71 Chicago
855 2406 157 50 press
1047 2392 174 65 [1931]

408 2469 105 49 xiii,
551 2470 85 41 135
675 2482 43 37 p.
794 2470 182 49 diagrs.
1050 2472 57 40 23½ᶜᵐ.
1285 2472 304 49 (Half-title:
1639 2472 247 41 Behavior
1938 2473 229 39 research
2220 2471 138 42 fund.

341 2527 353 48 Monographs)

411 2583 382 50 “Bibliography
821 2585 96 40 and
945 2584 260 41 literature
1234 2585 157 41 cited”:
1450 2596 44 38 p.
1521 2585 219 42 124-132.

692 2640 134 49 CONTENTS.—pt.
860 2647 33 34 I.
924 2641 232 49 Analysis
1189 2642 51 40 of
1272 2653 111 30 case
1416 2643 196 40 records
1645 2642 52 41 of
1730 2643 82 40 the
1845 2641 237 41 Institute
2114 2641 80 41 for
341 2641 2001 97 juvenile

466 2698 377 48 research.—pt.
913 2729 12 9 II.
951 2699 198 40 Review
1172 2699 54 40 of
1251 2700 142 40 other
1419 2699 203 41 studies.

348 2765 1994 112 © May 19, 1931; 2c. June 9: aff. June 8; A 38644; University of Chicago, Chicago. (31-15421)
343 2921 334 66 Uhrbrock,
706 2921 261 56 Richard
998 2924 284 65 Stephen,
1316 2929 172 50 1894-

408 2998 1950 71 Famous Americans, by Richard S. Uhrbrock … and Albert
338 3074 1996 150 A. Owens … enlarged and revised by R. G. Jones … Indianapolis, The
721 3156 446 55 Bobbs-Merrill
1196 3176 282 51 company
1626 3160 83 65 [ᶜ1931]

412 3236 1048 50 6 p. l., 404 p. illus. (incl. ports.) 20 ᶜᵐ.
415 3293 750 49 “Bibliography—references”:
1232 3306 43 38 p.
1309 3294 221 43 402-404.

349 3349 2011 54 © May 20. 1931; 2c. May 28; aff. May 29; A 38548; Bobbs-Merrill co.
430 3410 282 49 (31-15518)

346 3505 74 55 U.
451 3505 58 54 S.
584 3508 280 67 Supreme
894 3515 176 47 court.

421 3580 1945 75 Cases adjudged … Official edition reprint. Containing
347 3662 183 54 briefs
561 3663 65 52 of
653 3664 226 53 counsel
919 3664 220 69 (points
1170 3666 113 52 and
1315 3664 395 70 authorities),
1741 3665 330 52 statements
2103 3659 63 54 of
2196 3678 169 48 cases,

352 3742 114 52 and
506 3741 207 69 syllabi
754 3742 66 53 of
858 3741 96 54 the
995 3760 151 35 cases
1186 3743 76 68 by
1300 3742 96 53 the
1436 3740 200 55 official
1677 3746 272 64 reporter,
2026 3758 51 34 v.
2120 3736 244 57 275-277

359 3816 2006 72 (inclusive) … Under the editorial supervision of William
351 3894 2013 72 Edward Baldwin … New York city, N. Y., The Banks law
350 3972 338 72 publishing
717 3993 299 53 company,
1051 3977 150 52 1929.
