2428 4370
1016 4045 133 51 1561

101 423 241 64 Adams,
375 421 274 63 Herbert,
684 421 168 54 1874-

166 495 1921 71 The Paulton plot [ by] Herbert Adams. Philadelphia, J. B.
97 576 335 68 Lippincott
461 592 296 51 company,
788 578 149 50 1931.

170 656 364 49 302 p. 19 ½ᶜᵐ .
104 724 50 52 ©
179 728 120 47 Aug.
323 728 68 46 11,
417 726 140 48 1931;
584 727 67 40 2c.
677 728 95 38 and
796 725 82 42 aff.
905 726 101 40 Oct.
1033 726 81 46 13;
1142 726 41 38 A
1206 723 171 47 43201;
1407 726 42 39 J.
1478 727 52 37 B.
1558 725 277 48 Lippincott
1862 736 67 30 co.

179 783 277 50 (31-29190)

101 877 206 64 Aiken,
338 878 230 55 Conrad
597 878 224 63 Potter,
853 882 171 50 1889-

166 956 119 51 The
313 954 225 70 coming
566 954 159 53 forth
752 954 74 69 by
854 956 113 67 day
994 954 64 52 of
1086 952 186 57 Osiris
1298 955 191 67 Jones,
1517 953 77 69 by
1623 954 230 55 Conrad
1884 955 201 52 Aiken.

97 1033 135 53 New
259 1033 179 64 York,
469 1034 60 54 C.
562 1032 310 56 Scribner’s
900 1050 145 49 sons,
1076 1035 147 50 1931.

165 1112 773 51 5 p. l., 3-43, [1 ] p., 1 l. 24ᶜᵐ.
102 1180 50 52 ©
187 1184 128 47 Sept.
347 1185 68 45 11,
449 1182 106 41 1931;
624 1183 66 40 2c.
727 1182 126 49 Sept.
886 1183 83 46 28;
1005 1182 82 42 aff.
1123 1182 127 48 Sept.
1284 1181 57 40 29;
1403 1182 41 39 A
1476 1180 171 48 41962;
1686 1182 49 40 C.
1769 1181 169 49 Aiken,
1974 1182 116 48 Rye,

171 1240 191 47 Sussex,
394 1241 235 47 England.
703 1238 278 49 (31-28139)

95 1333 211 64 Ayres,
333 1334 173 64 Ruby
533 1332 266 66 Mildred,
832 1339 171 50 1883-

226 1411 1863 70 … Man made the town. Garden City, N. Y., Doubleday,
96 1491 195 52 Doran
323 1493 45 49 &
398 1508 295 51 company,
724 1491 125 68 inc.,
883 1494 148 49 1931.

158 1570 27 41 3
211 1580 43 38 p.
317 1601 9 16 l.,
353 1571 87 40 350
465 1580 43 37 p.
567 1570 117 41 20ᶜᵐ.

160 1640 63 40 At
249 1640 126 41 head
399 1639 53 41 of
476 1639 134 41 title:
642 1640 139 48 Ruby
805 1638 62 42 M.
894 1641 167 48 Ayres.

161 1695 161 43 “First
537 1696 38 42 edition.”

100 1764 50 52 ©
184 1769 117 47 Aug.
335 1768 69 47 20,
437 1766 141 49 1931;
612 1767 68 42 2c.
714 1769 94 39 and
841 1767 83 42 aff.
959 1767 127 48 Sept.
1121 1766 82 44 26;
1238 1767 41 39 A
1312 1765 171 49 42966;
1521 1768 297 48 Doubleday,
1853 1769 168 39 Doran
2054 1770 36 40 &

163 1835 80 38 co.,
274 1825 89 39 inc.
436 1823 278 49 (31-28919)

94 1918 220 65 Bailey,
344 1919 255 64 Temple.

167 1997 74 55 So
297 1998 114 54 this
465 1998 47 52 is
571 1997 346 55 Christmas!
980 1999 112 52 and
1150 1998 161 52 other
1369 1997 318 55 Christmas
1744 1999 216 68 stories,
2017 2000 72 67 by

95 2077 231 66 Temple
362 2075 229 69 Bailey;
629 2075 367 68 frontispiece
1029 2077 76 67 by
1136 2075 55 55 J.
1224 2075 223 54 Walter
1476 2075 343 55 Wilkinson.
95 2077 1970 145 Philadelphia,
372 2154 120 52 The
518 2155 158 51 Penn
707 2153 332 69 publishing
1067 2171 296 52 company,
1396 2156 149 51 1931.

161 2233 85 42 188
271 2243 43 38 p.
374 2234 87 39 col.
487 2233 164 41 front.,
680 2232 127 41 illus.
867 2233 116 39 22ᶜᵐ.

99 2300 50 52 ©
178 2304 114 48 Sept
391 2336 8 16 18,
425 2303 140 47 1931;
594 2303 66 41 2c.
687 2304 94 39 and
806 2303 83 41 aff.
917 2303 102 41 Oct.
1046 2303 81 47 12;
1157 2304 41 38 A
1222 2303 171 48 44101;
1423 2304 51 40 T.
1504 2305 185 47 Bailey,
1717 2305 218 41 Atlantic
1964 2306 124 47 City,

167 2362 56 41 N.
252 2362 44 39 J.
369 2359 279 49 (31-29023)

93 2455 251 64 Baynes,
374 2456 218 52 Ernest
622 2453 239 67 Harold,
894 2460 322 49 1868-1925.

161 2535 160 53 Wild
361 2535 104 52 life
507 2535 59 51 in
606 2535 95 51 the
742 2536 143 50 Blue
925 2535 298 51 mountain
1263 2536 196 68 forest,
1497 2536 75 69 by
1614 2537 208 52 Ernest
1860 2538 228 54 Harold

96 2613 248 67 Baynes;
392 2613 219 53 revised
655 2615 113 51 and
810 2613 189 53 edited
1042 2613 75 68 by
1160 2613 303 68 Raymond
1507 2613 246 69 Gorges;
1802 2615 285 53 foreword

94 2691 74 67 by
194 2691 211 53 Austin
434 2690 239 65 Corbin;
707 2690 139 52 with
876 2690 379 54 illustrations
1286 2691 152 51 from
1468 2692 394 68 photographs
1890 2695 36 51 by
1993 2695 94 52 the

95 2769 203 52 author
333 2770 112 51 and
480 2768 204 53 Louise
721 2767 130 53 Birt
887 2769 241 67 Baynes.
1204 2768 139 52 New
1380 2769 180 69 York,
1596 2771 120 52 The
1754 2771 332 52 Macmillan

93 2865 294 51 company,
420 2849 149 50 1931.

158 2927 99 48 viii,
288 2927 86 40 140
402 2938 43 37 p.
505 2926 128 41 illus.
694 2927 113 40 21ᶜᵐ.

164 2998 247 43 “Articles,
452 2997 259 49 originally
749 2997 253 48 published
1041 2998 50 39 in
1130 2998 83 40 the
1250 2999 184 40 Boston
1473 3000 267 48 transcript
1778 3001 51 39 in
1869 3000 218 40 1904.”—

90 3057 270 40 Foreword.

95 3122 51 52 ©
174 3128 125 46 Sept.
324 3127 69 48 15,
419 3125 139 48 1931;
586 3126 66 40 2c.
680 3126 96 39 and
801 3125 81 40 aff.
913 3126 127 47 Sept.
1067 3125 81 47 16;
1177 3126 41 39 A
1243 3125 171 47 42345;
1444 3127 49 39 L.
1522 3128 55 40 B.
1604 3129 206 48 Baynes,
1841 3129 241 41 Southern

163 3184 155 48 Pines,
347 3184 56 41 N.
432 3183 49 41 C.
555 3182 278 49 (31-28219)

93 3279 237 53 Becker.
362 3279 141 54 Bob.

160 3355 160 55 Land
358 3356 64 53 of
453 3358 95 51 the
581 3356 243 68 Takatu,
857 3356 73 68 by
966 3355 123 52 Bob
1124 3354 230 54 Becker.
1433 3356 268 69 Chicago.
1736 3360 120 51 The
1892 3361 188 66 Reilly

91 3436 45 51 &
160 3434 108 52 Lee
294 3450 76 35 co.
446 3436 152 63 [ᶜ1931]

164 3513 83 41 271
277 3525 42 38 p.
377 3514 163 43 front.,
571 3514 128 39 illus.
760 3512 144 41 19½ᶜᵐ.

98 3581 50 52 ©
178 3586 126 47 Sept.
330 3584 68 48 18,
425 3584 139 47 1931;
593 3584 68 41 2c.
688 3585 96 39 and
810 3583 82 42 aff.
922 3583 127 48 Sept.
1076 3583 83 46 28;
1189 3582 41 41 A
1255 3584 171 47 42887;
1458 3586 159 47 Reilly
1645 3588 35 39 &
1708 3590 94 39 Lee
1828 3600 67 29 co.

173 3641 276 48 (31-25768)

95 3737 215 63 Benda,
343 3736 212 64 Julien,
588 3737 171 54 1867-

159 3812 393 69 Appositions,
584 3830 106 49 par
721 3811 195 54 Julien
951 3811 215 52 Benda.
1242 3811 202 68 [Paris,
1478 3811 341 70 Gallimard,
1858 3822 149 65 1930]

161 3896 26 38 2
215 3906 40 36 p.
315 3925 8 16 l.,
351 3894 126 47 9-88,
509 3895 53 48 [3]
590 3905 44 37 p.
693 3893 115 40 17ᶜᵐ.

161 3952 114 40 4375
306 3951 158 48 copies
495 3950 207 49 printed.
764 3948 336 49 “Exemplaire
1132 3959 85 29 sur
1248 3948 139 41 alfax
1418 3952 54 37 n°
1501 3950 158 43 4194.”
