2428 4370
1288 4051 135 49 1640

361 401 302 62 Merriam,
696 400 247 55 Charles
975 401 274 60 Edward,
1284 406 172 49 1874-

434 479 122 53 The
585 478 239 69 making
853 478 64 53 of
946 478 262 66 citizens;
1242 499 29 35 a
1304 478 389 69 comparative
1724 479 172 69 study
1927 479 65 53 of
2023 480 259 53 methods
2313 480 63 54 of

364 555 2012 74 civic training, by Charles Edward Merriam … Chicago, Ill.,
364 635 120 53 The
516 635 340 69 University
888 635 64 54 of
985 634 254 71 Chicago
1272 654 158 51 press
1468 640 174 65 [1931]

503 749 8 15 xv,
541 718 86 41 371
658 728 44 37 p.
762 718 55 39 24½ᶜᵐ.
980 719 15 47 (Half-title:
1315 719 196 42 Studies
1543 720 51 40 in
1625 722 81 39 the
1739 721 200 48 making
1967 721 52 41 of
2051 721 226 50 citizens)

435 788 1936 49 “The general trends in civic education … considered in this series
365 846 228 50 [‘Studies
621 846 50 40 in
701 847 81 41 the
809 848 201 48 making
1037 848 52 39 of
1116 847 370 50 citizens’]"—p.
1514 849 86 41 347.

432 904 227 41 Volumes
689 905 51 39 in
772 905 81 42 the
884 906 152 40 series;
1098 917 43 37 p.
1174 906 66 41 ix.

365 971 51 52 ©
445 976 126 48 Sept.
596 976 70 48 22,
691 976 112 41 1931;
857 977 67 40 2c.
951 976 103 41 Oct.
1079 976 55 40 12;
1188 977 82 42 aff.
1296 978 101 40 Oct.
1422 977 27 41 9;
1502 979 42 38 A
1565 977 144 42 44097;
1766 980 283 48 University
2074 981 51 40 of
2150 980 222 48 Chicago,

438 1032 224 50 Chicago.
735 1034 281 48 (31-30229)

358 1129 189 64 Nash,
580 1129 116 65 Jay
729 1130 222 64 Bryan,
988 1135 173 50 1886-

430 1209 122 54 The
577 1210 468 53 administration
1071 1211 64 53 of
1160 1211 260 68 physical
1448 1211 321 69 education,
1795 1212 139 52 with
1960 1212 212 68 special
361 1214 1990 127 reference

526 1288 1844 71 to public schools, by Jay B. Nash … New York, A. S.
360 1367 219 54 Barnes
611 1368 113 53 and
754 1385 299 51 company,
1085 1367 421 69 incorporated,
1538 1372 152 50 1931.

428 1446 105 47 xiii,
565 1445 87 41 491
683 1456 42 38 p.
759 1446 108 41 incl.
900 1446 144 47 illus.,
1077 1457 150 38 maps,
1261 1446 156 50 plans,
1450 1446 196 50 diagrs.,
1680 1448 167 41 forms.
1909 1447 56 42 23½ᶜᵐ.

427 1516 1862 50 Bibliography at end of each chapter except chapters I and IX;
357 1573 237 42 “General
623 1574 410 49 bibliographies”;
1092 1584 42 39 p.
1166 1574 100 42 477.

363 1643 51 52 ©
449 1648 102 40 Oct.
583 1649 39 46 1,
654 1646 141 48 1931;
830 1648 67 41 2c.
931 1648 102 40 Oct.
1064 1648 55 39 12;
1183 1647 81 39 aff.
1299 1648 103 41 Oct.
1433 1649 57 38 14;
1551 1648 42 39 A
1623 1648 172 47 44138;
1831 1649 55 40 A.
1921 1649 45 40 S.
2000 1650 188 39 Barnes
2221 1654 37 40 &
2290 1660 53 30 co.,

430 1705 91 41 inc.
597 1704 280 50 (31-30241)

357 1801 333 53 Nebraska.
766 1804 279 68 Supreme
1077 1810 174 47 court.

427 1881 1945 70 Reports of cases … September term, 1929, and January
356 1965 164 64 term,
553 1963 162 51 1930;
750 1961 265 66 January
1046 1962 109 51 and
1195 1959 333 69 September
1557 1965 191 63 terms,
1781 1963 153 65 1930,
1965 1962 112 52 and
2110 1961 225 53 January

355 2044 165 62 term,
551 2041 151 50 1931.
779 2058 48 32 v.
864 2040 117 58 119,
1014 2041 115 50 120.
1205 2038 206 69 Henry
1441 2040 64 52 P.
1542 2038 296 71 Stoddart,
1868 2037 201 54 official
2098 2045 271 62 reporter.

353 2117 261 70 Lincoln,
640 2117 123 53 Neb.,
877 2116 161 54 Claflin
1065 2116 265 69 printing
1357 2134 298 52 company,
1685 2120 152 50 1931.

422 2198 222 41 2 v. 22 ᶜᵐ.
357 2281 43 30 v.
432 2269 98 49 119,
566 2266 51 52 ©
651 2271 123 39 Mar.
804 2270 40 48 2,
876 2268 141 49 1931;
1052 2270 66 39 2c.
1152 2271 121 37 Mar.
1305 2269 54 47 2;
1394 2269 83 41 aff.
1512 2269 102 41 Oct.
1647 2268 83 49 19;
1766 2281 41 28 v.
1842 2268 98 50 120,
1978 2266 51 52 ©
2064 2270 117 48 July
2213 2271 53 46 3;
2302 2269 67 41 2c.

429 2328 116 48 July
577 2329 26 39 7;
663 2327 83 42 aff.
779 2327 100 41 Oct.
912 2326 82 48 19;
1028 2328 42 38 A
1099 2327 160 46 43539,
1290 2327 173 46 43540;
1498 2328 169 48 Henry
1700 2328 51 39 P.
1787 2326 247 48 Stoddart,
2068 2330 219 45 reporter
2321 2327 51 40 of

428 2385 82 40 the
545 2385 232 48 Supreme
807 2387 140 37 court
977 2385 80 39 for
1089 2385 82 40 the
1203 2384 176 41 benefit
1410 2384 55 40 of
1492 2384 82 41 the
1608 2387 128 37 state
1769 2384 53 40 of
1852 2385 268 47 Nebraska,
2154 2383 214 48 Lincoln,

427 2443 115 41 Neb.

353 2536 268 66 Nicolay,
655 2537 205 64 Helen,
896 2543 172 49 1866-

424 2616 122 53 The
574 2615 156 70 boys’
758 2615 104 53 life
891 2615 64 54 of
982 2614 406 69 Washington,
1416 2615 75 68 by
1518 2614 188 53 Helen
1736 2614 272 69 Nicolay;
2040 2614 326 54 illustrated

352 2692 75 71 by
474 2694 90 54 W.
615 2694 80 53 M.
748 2695 233 68 Berger.
1066 2693 141 53 New
1259 2692 181 70 York,
1490 2693 261 68 London,
1802 2693 123 53 The
1978 2691 257 70 Century
2287 2711 78 35 co.
469 2775 84 65 [ᶜ1931]

421 2853 1272 51 v, 382 p. front. (port.) illus. 21½ᶜᵐ. $2.50
422 2912 165 41 “First
618 2911 262 50 printing.”

358 2981 54 52 ©
440 2985 103 41 Oct.
571 2985 68 48 13,
667 2984 140 49 1931;
837 2985 68 41 2c.
934 2986 102 40 Oct.
1066 2987 55 38 17;
1178 2985 82 40 aff.
1290 2985 103 41 Oct.
1421 2984 83 48 20;
1536 2985 40 39 A
1601 2985 173 47 43341;
1806 2984 215 48 Century
2050 2993 66 30 co.

436 3042 282 49 (31-30282)

353 3138 168 54 Ohio.
597 3140 185 69 Laws,
812 3145 258 64 statutes,
1104 3146 98 48 etc.

420 3215 204 69 Page’s
652 3215 137 54 desk
815 3216 219 53 edition
1061 3215 65 54 of
1152 3216 97 52 the
1276 3214 152 56 Ohio
1456 3214 247 56 General
1731 3214 135 53 code;
1926 3212 336 69 containing
2288 3212 76 52 all

350 3292 1953 71 Ohio statutes of a general nature in force January 1, 1931 …
348 3369 2015 72 William Herbert Page, editor-in-chief … To which has been
350 3450 186 53 added
563 3450 96 53 the
686 3451 137 52 laws
851 3449 65 53 of
941 3450 96 53 the
1066 3450 131 52 89th
1227 3449 247 55 General
1501 3448 281 69 assembly
1819 3447 193 69 (1931)
2050 3447 139 53 with
348 3465 1993 129 commentaries,

708 3528 112 52 full
855 3528 322 69 legislative
1213 3527 224 69 history
1470 3527 64 53 of
1570 3527 135 53 each
1740 3526 215 54 section
1991 3526 113 53 and
2141 3544 29 34 a
349 3526 1991 148 thorough
564 3606 187 53 index.
831 3605 349 68 Cincinnati,
1242 3606 121 53 The

1424 3606 88 53 W.
1576 3605 76 52 H.
1718 3605 304 52 Anderson
2082 3621 280 52 company

354 3687 195 64 [ ᶜ19 31]
419 3766 993 49 xxiv, 3159, 1162, 557 p. 1 illus. 26½ ᶜᵐ.
423 3824 238 41 “General
692 3826 116 39 code
838 3824 210 41 sections
1078 3824 236 40 amended
1344 3834 54 29 or
1428 3824 224 47 repealed
1683 3823 52 39 in
1764 3822 143 41 1931”
1937 3833 59 29 on
2026 3822 137 40 front
2192 3822 171 48 lining-

350 3890 163 39 paper.

423 3938 132 39 Each
584 3941 125 44 part,
740 3938 243 48 appendix
1014 3938 95 39 and
1140 3937 146 40 index
1316 3937 235 48 preceded
1582 3937 59 47 by
1673 3936 238 40 half-title
1943 3938 83 38 not
2057 3936 223 40 included
2313 3936 46 38 in

350 3996 83 40 the
460 3995 191 48 paging.
