<alto xmlns="http://www.loc.gov/standards/alto/ns-v3#" xmlns:xlink="http://www.w3.org/1999/xlink" xmlns:xsi="http://www.w3.org/2001/XMLSchema-instance" xsi:schemaLocation="http://www.loc.gov/standards/alto/ns-v3# http://www.loc.gov/alto/v3/alto-3-0.xsd"><Description>
<MeasurementUnit>pixel</MeasurementUnit>
<sourceImageInformation>
<fileName>1931_v28_Part001.pdf</fileName>
</sourceImageInformation>
<OCRProcessing ID="IdOcr">
<ocrProcessingStep>
<processingDateTime>2019-04-22</processingDateTime>
<processingSoftware>
<softwareCreator>ABBYY</softwareCreator>
<softwareName>ABBYY Recognition Server</softwareName>
<softwareVersion>4.0</softwareVersion>
</processingSoftware>
</ocrProcessingStep>
</OCRProcessing>
</Description>
<Styles>
<ParagraphStyle ID="StyleId-FFFFFFFF-FFFF-FFFF-FFFF-FFFFFFFFFFFF-" ALIGN="Left" LEFT="0." RIGHT="0." FIRSTLINE="0."/>
<ParagraphStyle ID="StyleId-204B5AEB-67A1-44E2-A013-34B3A0F3E0EA-" ALIGN="Right" LEFT="0." RIGHT="0." FIRSTLINE="0." LINESPACE="8.300000191"/>
<ParagraphStyle ID="StyleId-03245871-796C-4429-B3C7-F9019C8C5B89-" ALIGN="Left" LEFT="0." RIGHT="0." FIRSTLINE="0." LINESPACE="12.19999981"/>
<ParagraphStyle ID="StyleId-BDCA8811-25FF-44DB-8D6F-2072A4ABC070-" ALIGN="Center" LEFT="0." RIGHT="0." FIRSTLINE="0." LINESPACE="12.19999981"/>
<ParagraphStyle ID="StyleId-2C5B7DF0-AF87-455E-B9A8-6FE387CB59BD-" ALIGN="Left" LEFT="0." RIGHT="0." FIRSTLINE="-13." LINESPACE="8.479999542"/>
<ParagraphStyle ID="StyleId-9FB72FA1-55D5-4161-8333-823D5732F4D0-" ALIGN="Block" LEFT="0." RIGHT="0." FIRSTLINE="-14." LINESPACE="10."/>
<ParagraphStyle ID="StyleId-212AEB8C-A829-4BF1-8E45-5BFE386A469C-" ALIGN="Block" LEFT="0." RIGHT="0." FIRSTLINE="-14." LINESPACE="11.35000038"/>
<ParagraphStyle ID="StyleId-4EC79CC1-EA62-49CE-ABB6-D84DDFCF4C7D-" ALIGN="Block" LEFT="0." RIGHT="0." FIRSTLINE="-10." LINESPACE="12.19999981"/>
<ParagraphStyle ID="StyleId-DAF2E8EE-6444-4951-9284-36A6C020C887-" ALIGN="Left" LEFT="0." RIGHT="0." FIRSTLINE="0." LINESPACE="9.399999619"/>
<ParagraphStyle ID="StyleId-25241749-1672-4977-B19F-38F59800D6D8-" ALIGN="Left" LEFT="0." RIGHT="0." FIRSTLINE="0." LINESPACE="11.10000038"/>
<ParagraphStyle ID="StyleId-8C523E19-EDEF-4F23-B010-536E1A1AAE1A-" ALIGN="Left" LEFT="0." RIGHT="0." FIRSTLINE="-13." LINESPACE="12.19999981"/>
<ParagraphStyle ID="StyleId-A1F9DE9E-2625-4D8B-AD7E-F0A0034C2989-" ALIGN="Block" LEFT="0." RIGHT="0." FIRSTLINE="0." LINESPACE="12.19999981"/>
<ParagraphStyle ID="StyleId-5725BB01-2B1C-440F-BAF2-696C4F4DF162-" ALIGN="Block" LEFT="0." RIGHT="0." FIRSTLINE="13." LINESPACE="12.19999981"/>
<ParagraphStyle ID="StyleId-F10A2092-61AA-44FD-99C2-123B3A8051CF-" ALIGN="Left" LEFT="0." RIGHT="0." FIRSTLINE="0." LINESPACE="5.5"/>
<ParagraphStyle ID="StyleId-B3CDC8CC-D2E1-4A23-B67C-CDD40993D1DD-" ALIGN="Left" LEFT="0." RIGHT="0." FIRSTLINE="0." LINESPACE="10."/>
<ParagraphStyle ID="StyleId-871EBF53-D909-4C8F-B368-AC7D897344DD-" ALIGN="Left" LEFT="0." RIGHT="0." FIRSTLINE="0."/>
<ParagraphStyle ID="StyleId-C4129744-680B-4878-B2C4-44BA3742C8D7-" ALIGN="Block" LEFT="0." RIGHT="0." FIRSTLINE="-14." LINESPACE="11.35000038"/>
<ParagraphStyle ID="StyleId-9CE98075-0B04-43D4-88D8-CE3BAB51B419-" ALIGN="Block" LEFT="0." RIGHT="0." FIRSTLINE="-10." LINESPACE="12.19999981"/>
<ParagraphStyle ID="StyleId-B2CFB7B3-DFFA-4E0E-94D6-C2BCE88DA9A9-" ALIGN="Left" LEFT="0." RIGHT="0." FIRSTLINE="0." LINESPACE="12.5"/>
<ParagraphStyle ID="StyleId-8D3352F3-1084-4DDE-A35D-B97102CCE686-" ALIGN="Left" LEFT="0." RIGHT="0." FIRSTLINE="0." LINESPACE="11.60000038"/>
<ParagraphStyle ID="StyleId-4A8DDA0D-166D-4E22-A597-BA51B892602D-" ALIGN="Block" LEFT="0." RIGHT="0." FIRSTLINE="0." LINESPACE="11.21000004"/>
<ParagraphStyle ID="StyleId-90EA4001-AA3C-45A1-AEDC-D1E1169EE5E5-" ALIGN="Block" LEFT="0." RIGHT="0." FIRSTLINE="13." LINESPACE="12.19999981"/>
</Styles>
<Layout>
<Page ID="Page25" PHYSICAL_IMG_NR="25" HEIGHT="4398" WIDTH="2575">
<TopMargin HEIGHT="372" WIDTH="2575" VPOS="0" HPOS="0">
</TopMargin>
<LeftMargin HEIGHT="3632" WIDTH="124" VPOS="372" HPOS="0">
</LeftMargin>
<RightMargin HEIGHT="3632" WIDTH="385" VPOS="372" HPOS="2190">
</RightMargin>
<BottomMargin HEIGHT="394" WIDTH="2575" VPOS="4004" HPOS="0">
<TextBlock ID="Page25_Block1" HEIGHT="70" WIDTH="86" VPOS="4034" HPOS="1124" LANG="en-US" STYLEREFS="StyleId-D1A283C4-5797-41B7-BD7B-5F5F7B1C712A-">
<TextLine HEIGHT="50" WIDTH="66" VPOS="4044" HPOS="1133">
<String CONTENT="25" HEIGHT="50" WIDTH="66" VPOS="4044" HPOS="1133"/>
</TextLine>
</TextBlock>
</BottomMargin>
<PrintSpace HEIGHT="3632" WIDTH="2066" VPOS="372" HPOS="124">
<TextBlock ID="Page25_Block2" HEIGHT="3632" WIDTH="2066" VPOS="372" HPOS="124" LANG="en-US" CS="1" STYLEREFS="StyleId-18A2D651-E890-4EF8-AB17-963B3A51B2B7-">
<TextLine HEIGHT="52" WIDTH="537" VPOS="463" HPOS="219" LANG="fr" CS="1">
<String LANG="de" CONTENT="36" HEIGHT="41" WIDTH="60" VPOS="466" HPOS="219"/>
<SP HEIGHT="49" WIDTH="22" VPOS="466" HPOS="280"/>
<String CONTENT="p." HEIGHT="38" WIDTH="45" VPOS="477" HPOS="303"/>
<SP HEIGHT="37" WIDTH="57" VPOS="476" HPOS="349"/>
<String CONTENT="plates." HEIGHT="47" WIDTH="173" VPOS="466" HPOS="407"/>
<SP HEIGHT="41" WIDTH="57" VPOS="464" HPOS="581"/>
<String CONTENT="19" HEIGHT="41" WIDTH="58" VPOS="463" HPOS="639"/>
<String STYLE="superscript" CS="1" CONTENT="&#7580;&#7504;"/>
<String CONTENT="." HEIGHT="8" WIDTH="9" VPOS="494" HPOS="747"/>
</TextLine>
<TextLine HEIGHT="57" WIDTH="2014" VPOS="515" HPOS="156" CS="1">
<String LANG="fr" CONTENT="&#169;" HEIGHT="52" WIDTH="52" VPOS="520" HPOS="156"/>
<SP HEIGHT="52" WIDTH="28" VPOS="520" HPOS="209"/>
<String LANG="fr" CONTENT="Dec." HEIGHT="39" WIDTH="111" VPOS="524" HPOS="238"/>
<SP HEIGHT="39" WIDTH="28" VPOS="524" HPOS="350"/>
<String LANG="fr" CONTENT="31," HEIGHT="42" WIDTH="68" VPOS="523" HPOS="379"/>
<SP HEIGHT="42" WIDTH="29" VPOS="523" HPOS="448"/>
<String LANG="fr" CONTENT="1930;" HEIGHT="47" WIDTH="141" VPOS="520" HPOS="478"/>
<SP HEIGHT="47" WIDTH="29" VPOS="520" HPOS="620"/>
<String LANG="fr" CONTENT="2c." HEIGHT="42" WIDTH="68" VPOS="520" HPOS="650"/>
<SP HEIGHT="41" WIDTH="29" VPOS="521" HPOS="719"/>
<String LANG="de" CONTENT="Jan." HEIGHT="40" WIDTH="110" VPOS="521" HPOS="749"/>
<SP HEIGHT="40" WIDTH="29" VPOS="521" HPOS="860"/>
<String LANG="fr" CONTENT="7," HEIGHT="48" WIDTH="39" VPOS="521" HPOS="890"/>
<SP HEIGHT="49" WIDTH="29" VPOS="520" HPOS="930"/>
<String LANG="fr" CONTENT="1931;" HEIGHT="48" WIDTH="142" VPOS="518" HPOS="960"/>
<SP HEIGHT="38" WIDTH="31" VPOS="528" HPOS="1103"/>
<String LANG="de" CONTENT="aff." HEIGHT="41" WIDTH="83" VPOS="518" HPOS="1135"/>
<SP HEIGHT="40" WIDTH="29" VPOS="519" HPOS="1219"/>
<String LANG="de" CONTENT="Jan." HEIGHT="39" WIDTH="110" VPOS="519" HPOS="1249"/>
<SP HEIGHT="41" WIDTH="31" VPOS="517" HPOS="1360"/>
<String LANG="fr" CS="1" CONTENT="8;" HEIGHT="41" WIDTH="26" VPOS="517" HPOS="1392"/>
<SP HEIGHT="48" WIDTH="31" VPOS="517" HPOS="1445"/>
<!-- cceid DB6DADEC-6E8D-1014-9CF5-AEB3FCA41D69 --><String LANG="fr" CONTENT="A" HEIGHT="39" WIDTH="42" VPOS="517" HPOS="1477"/>
<SP HEIGHT="40" WIDTH="26" VPOS="517" HPOS="1520"/>
<String LANG="fr" CONTENT="32603;" HEIGHT="49" WIDTH="173" VPOS="516" HPOS="1547"/>
<SP HEIGHT="49" WIDTH="33" VPOS="516" HPOS="1721"/>
<String LANG="fr" CONTENT="O." HEIGHT="41" WIDTH="53" VPOS="516" HPOS="1755"/>
<SP HEIGHT="40" WIDTH="30" VPOS="517" HPOS="1809"/>
<String LANG="fr" CONTENT="Meyer," HEIGHT="47" WIDTH="179" VPOS="517" HPOS="1840"/>
<SP HEIGHT="48" WIDTH="30" VPOS="515" HPOS="2020"/>
<String LANG="fr" CONTENT="New" HEIGHT="41" WIDTH="119" VPOS="515" HPOS="2051"/>
</TextLine>
<TextLine HEIGHT="50" WIDTH="467" VPOS="578" HPOS="224" LANG="fr" CS="1">
<String CONTENT="York." HEIGHT="41" WIDTH="144" VPOS="580" HPOS="224"/>
<SP HEIGHT="48" WIDTH="69" VPOS="580" HPOS="369"/>
<String CS="1" CONTENT="(31-1451)" HEIGHT="50" WIDTH="252" VPOS="578" HPOS="439"/>
</TextLine>
<TextLine HEIGHT="70" WIDTH="1000" VPOS="674" HPOS="149" STYLEREFS="StyleId-7D5A37D8-CFA8-4942-B4A7-0938525D1A6E-">
<String LANG="en-US" CONTENT="Michigan." HEIGHT="64" WIDTH="323" VPOS="674" HPOS="149"/>
<SP HEIGHT="52" WIDTH="73" VPOS="675" HPOS="473"/>
<String LANG="en-US" CONTENT="Laws" HEIGHT="52" WIDTH="168" VPOS="675" HPOS="547"/>
<String LANG="fr" CONTENT="," HEIGHT="25" WIDTH="11" VPOS="719" HPOS="722"/>
<SP HEIGHT="49" WIDTH="27" VPOS="695" HPOS="734"/>
<String LANG="en-US" CONTENT="statutes" HEIGHT="49" WIDTH="240" VPOS="679" HPOS="762"/>
<String LANG="fr" CONTENT="," HEIGHT="26" WIDTH="12" VPOS="717" HPOS="1008"/>
<SP HEIGHT="51" WIDTH="27" VPOS="692" HPOS="1021"/>
<String LANG="fr" CONTENT="etc." HEIGHT="49" WIDTH="100" VPOS="678" HPOS="1049"/>
</TextLine>
<TextLine HEIGHT="153" WIDTH="1996" VPOS="749" HPOS="151" STYLEREFS="StyleId-1AAEFBD2-DD9A-4D66-AAAB-7B6F1CBC1ED3-" CS="1">
<String CONTENT="The" HEIGHT="51" WIDTH="121" VPOS="756" HPOS="223"/>
<SP HEIGHT="33" WIDTH="36" VPOS="774" HPOS="345"/>
<String CONTENT="compiled" HEIGHT="68" WIDTH="284" VPOS="753" HPOS="382"/>
<SP HEIGHT="52" WIDTH="37" VPOS="754" HPOS="667"/>
<String CONTENT="laws" HEIGHT="50" WIDTH="139" VPOS="754" HPOS="705"/>
<SP HEIGHT="34" WIDTH="37" VPOS="771" HPOS="845"/>
<String CONTENT="of" HEIGHT="53" WIDTH="64" VPOS="752" HPOS="883"/>
<SP HEIGHT="52" WIDTH="36" VPOS="752" HPOS="948"/>
<String CONTENT="the" HEIGHT="52" WIDTH="96" VPOS="752" HPOS="985"/>
<SP HEIGHT="34" WIDTH="36" VPOS="771" HPOS="1082"/>
<String CONTENT="state" HEIGHT="50" WIDTH="145" VPOS="755" HPOS="1119"/>
<SP/>
<String CONTENT="of" HEIGHT="53" WIDTH="64" VPOS="750" HPOS="1303"/>
<SP HEIGHT="52" WIDTH="36" VPOS="750" HPOS="1368"/>
<String CONTENT="Michigan," HEIGHT="69" WIDTH="319" VPOS="749" HPOS="1405"/>
<SP HEIGHT="64" WIDTH="39" VPOS="753" HPOS="1725"/>
<String CONTENT="1929" HEIGHT="51" WIDTH="134" VPOS="750" HPOS="1765"/>
<SP HEIGHT="48" WIDTH="43" VPOS="752" HPOS="1900"/>
<String CS="1" CONTENT="&#8230;"/>
<SP HEIGHT="33" WIDTH="41" VPOS="766" HPOS="2001"/>
<String CONTENT="consisting" HEIGHT="138" WIDTH="1996" VPOS="764" HPOS="151"/>
</TextLine>
<TextLine HEIGHT="154" WIDTH="1996" VPOS="827" HPOS="152" STYLEREFS="StyleId-1AAEFBD2-DD9A-4D66-AAAB-7B6F1CBC1ED3-" CS="1">
<String CONTENT="of" HEIGHT="54" WIDTH="64" VPOS="832" HPOS="391"/>
<SP HEIGHT="53" WIDTH="30" VPOS="832" HPOS="456"/>
<String CONTENT="temporary" HEIGHT="61" WIDTH="331" VPOS="839" HPOS="487"/>
<SP HEIGHT="65" WIDTH="33" VPOS="832" HPOS="819"/>
<String CONTENT="index" HEIGHT="52" WIDTH="172" VPOS="832" HPOS="853"/>
<SP HEIGHT="35" WIDTH="33" VPOS="848" HPOS="1026"/>
<String CONTENT="and" HEIGHT="53" WIDTH="114" VPOS="830" HPOS="1060"/>
<SP HEIGHT="53" WIDTH="34" VPOS="830" HPOS="1175"/>
<String CONTENT="cross" HEIGHT="37" WIDTH="152" VPOS="847" HPOS="1210"/>
<SP HEIGHT="35" WIDTH="33" VPOS="849" HPOS="1363"/>
<String CONTENT="reference" HEIGHT="55" WIDTH="288" VPOS="827" HPOS="1397"/>
<SP HEIGHT="48" WIDTH="34" VPOS="834" HPOS="1686"/>
<String CONTENT="tables." HEIGHT="54" WIDTH="197" VPOS="828" HPOS="1721"/>
<SP HEIGHT="52" WIDTH="74" VPOS="827" HPOS="1919"/>
<String CONTENT="Lansing," HEIGHT="154" WIDTH="1996" VPOS="827" HPOS="152"/>
<SP HEIGHT="72" WIDTH="33" VPOS="909" HPOS="271"/>
<String CONTENT="Franklin" HEIGHT="55" WIDTH="286" VPOS="909" HPOS="305"/>
</TextLine>
<TextLine HEIGHT="84" WIDTH="1546" VPOS="906" HPOS="626" STYLEREFS="StyleId-1AAEFBD2-DD9A-4D66-AAAB-7B6F1CBC1ED3-">
<String CONTENT="DeKleine" HEIGHT="52" WIDTH="298" VPOS="910" HPOS="626"/>
<SP HEIGHT="33" WIDTH="35" VPOS="929" HPOS="925"/>
<String CONTENT="company" HEIGHT="65" WIDTH="303" VPOS="925" HPOS="961"/>
<SP HEIGHT="65" WIDTH="30" VPOS="925" HPOS="1265"/>
<String CONTENT="printers" HEIGHT="69" WIDTH="251" VPOS="907" HPOS="1296"/>
<SP HEIGHT="34" WIDTH="34" VPOS="927" HPOS="1548"/>
<String CONTENT="and" HEIGHT="52" WIDTH="114" VPOS="908" HPOS="1583"/>
<SP HEIGHT="53" WIDTH="33" VPOS="907" HPOS="1698"/>
<String CONTENT="binders," HEIGHT="69" WIDTH="251" VPOS="906" HPOS="1732"/>
<SP HEIGHT="65" WIDTH="36" VPOS="910" HPOS="1984"/>
<String CONTENT="1930." HEIGHT="49" WIDTH="151" VPOS="909" HPOS="2021"/>
</TextLine>
<TextLine HEIGHT="49" WIDTH="484" VPOS="991" HPOS="222" STYLEREFS="StyleId-1AAEFBD2-DD9A-4D66-AAAB-7B6F1CBC1ED3-" CS="1">
<String CONTENT="lxi," HEIGHT="48" WIDTH="84" VPOS="992" HPOS="222"/>
<SP HEIGHT="46" WIDTH="30" VPOS="994" HPOS="307"/>
<String CONTENT="338" HEIGHT="40" WIDTH="89" VPOS="993" HPOS="338"/>
<SP HEIGHT="47" WIDTH="27" VPOS="993" HPOS="428"/>
<String CONTENT="p." HEIGHT="37" WIDTH="44" VPOS="1003" HPOS="456"/>
<SP HEIGHT="41" WIDTH="57" VPOS="991" HPOS="501"/>
<String CS="1" CONTENT="25&#189;" HEIGHT="41" WIDTH="57" VPOS="991" HPOS="559"/>
<String STYLE="superscript" CS="1" CONTENT="&#7580;&#7504;"/>
<String CONTENT="." HEIGHT="8" WIDTH="7" VPOS="1024" HPOS="699"/>
</TextLine>
<TextLine HEIGHT="115" WIDTH="1993" VPOS="1041" HPOS="157" CS="1">
<String CONTENT="&#169;" HEIGHT="52" WIDTH="52" VPOS="1046" HPOS="157"/>
<SP HEIGHT="52" WIDTH="26" VPOS="1046" HPOS="210"/>
<String CONTENT="Dec." HEIGHT="40" WIDTH="112" VPOS="1051" HPOS="237"/>
<SP HEIGHT="40" WIDTH="24" VPOS="1051" HPOS="350"/>
<String CONTENT="31," HEIGHT="46" WIDTH="69" VPOS="1050" HPOS="375"/>
<SP HEIGHT="46" WIDTH="27" VPOS="1050" HPOS="445"/>
<String CONTENT="1930;" HEIGHT="47" WIDTH="142" VPOS="1048" HPOS="473"/>
<SP HEIGHT="47" WIDTH="26" VPOS="1048" HPOS="616"/>
<String CONTENT="2c." HEIGHT="40" WIDTH="66" VPOS="1048" HPOS="643"/>
<SP HEIGHT="39" WIDTH="28" VPOS="1049" HPOS="710"/>
<String CONTENT="Jan." HEIGHT="40" WIDTH="110" VPOS="1049" HPOS="739"/>
<SP HEIGHT="40" WIDTH="27" VPOS="1049" HPOS="850"/>
<String CONTENT="8," HEIGHT="47" WIDTH="38" VPOS="1049" HPOS="878"/>
<SP HEIGHT="47" WIDTH="28" VPOS="1049" HPOS="917"/>
<String CS="1" CONTENT="1931;" HEIGHT="41" WIDTH="108" VPOS="1046" HPOS="946"/>
<SP HEIGHT="37" WIDTH="30" VPOS="1057" HPOS="1087"/>
<String LANG="de" CONTENT="aff." HEIGHT="42" WIDTH="82" VPOS="1046" HPOS="1118"/>
<SP HEIGHT="41" WIDTH="27" VPOS="1047" HPOS="1201"/>
<String CONTENT="Jan." HEIGHT="40" WIDTH="111" VPOS="1047" HPOS="1229"/>
<SP HEIGHT="40" WIDTH="26" VPOS="1047" HPOS="1341"/>
<String CONTENT="13;" HEIGHT="47" WIDTH="83" VPOS="1046" HPOS="1368"/>
<SP HEIGHT="48" WIDTH="27" VPOS="1045" HPOS="1452"/>
<!-- cceid DB6E83C3-6E8D-1014-9CF5-AEB3FCA41D69 --><String CONTENT="A" HEIGHT="40" WIDTH="42" VPOS="1045" HPOS="1480"/>
<SP HEIGHT="41" WIDTH="24" VPOS="1045" HPOS="1523"/>
<String CONTENT="32763;" HEIGHT="49" WIDTH="174" VPOS="1044" HPOS="1548"/>
<SP HEIGHT="49" WIDTH="32" VPOS="1044" HPOS="1723"/>
<String CONTENT="State" HEIGHT="42" WIDTH="141" VPOS="1044" HPOS="1756"/>
<SP HEIGHT="30" WIDTH="23" VPOS="1056" HPOS="1898"/>
<String CONTENT="of" HEIGHT="41" WIDTH="54" VPOS="1044" HPOS="1922"/>
<SP HEIGHT="40" WIDTH="24" VPOS="1044" HPOS="1977"/>
<String CONTENT="Michigan," HEIGHT="115" WIDTH="1925" VPOS="1041" HPOS="225"/>
<SP HEIGHT="49" WIDTH="26" VPOS="1107" HPOS="334"/>
<String CONTENT="Lansing," HEIGHT="49" WIDTH="229" VPOS="1106" HPOS="361"/>
<SP HEIGHT="48" WIDTH="26" VPOS="1107" HPOS="591"/>
<String CONTENT="Mich." HEIGHT="41" WIDTH="145" VPOS="1106" HPOS="618"/>
</TextLine>
<TextLine HEIGHT="64" WIDTH="691" VPOS="1202" HPOS="154" STYLEREFS="StyleId-8C724D05-F445-4442-9FA2-79A9F014185A-">
<String CONTENT="Morgan," HEIGHT="63" WIDTH="270" VPOS="1203" HPOS="154"/>
<SP HEIGHT="63" WIDTH="29" VPOS="1203" HPOS="425"/>
<String CONTENT="Miles" HEIGHT="53" WIDTH="173" VPOS="1202" HPOS="455"/>
<SP HEIGHT="53" WIDTH="27" VPOS="1202" HPOS="629"/>
<String CONTENT="Evan." HEIGHT="52" WIDTH="188" VPOS="1202" HPOS="657"/>
</TextLine>
<TextLine HEIGHT="74" WIDTH="1945" VPOS="1274" HPOS="223" STYLEREFS="StyleId-1AAEFBD2-DD9A-4D66-AAAB-7B6F1CBC1ED3-">
<String CONTENT="Systematizing" HEIGHT="70" WIDTH="452" VPOS="1278" HPOS="223"/>
<SP HEIGHT="63" WIDTH="28" VPOS="1285" HPOS="676"/>
<String CONTENT="the" HEIGHT="52" WIDTH="95" VPOS="1279" HPOS="705"/>
<SP HEIGHT="34" WIDTH="29" VPOS="1297" HPOS="801"/>
<String CONTENT="work" HEIGHT="53" WIDTH="159" VPOS="1277" HPOS="831"/>
<SP HEIGHT="53" WIDTH="29" VPOS="1277" HPOS="991"/>
<String CONTENT="of" HEIGHT="53" WIDTH="64" VPOS="1277" HPOS="1021"/>
<SP HEIGHT="53" WIDTH="29" VPOS="1277" HPOS="1086"/>
<String CONTENT="school" HEIGHT="53" WIDTH="191" VPOS="1277" HPOS="1116"/>
<SP HEIGHT="67" WIDTH="31" VPOS="1277" HPOS="1308"/>
<String CONTENT="principals" HEIGHT="70" WIDTH="321" VPOS="1275" HPOS="1340"/>
<SP HEIGHT="55" WIDTH="31" VPOS="1274" HPOS="1662"/>
<String CONTENT="for" HEIGHT="55" WIDTH="95" VPOS="1274" HPOS="1694"/>
<SP HEIGHT="35" WIDTH="30" VPOS="1293" HPOS="1790"/>
<String CONTENT="elementary" HEIGHT="68" WIDTH="347" VPOS="1275" HPOS="1821"/>
</TextLine>
<TextLine HEIGHT="73" WIDTH="2022" VPOS="1352" HPOS="150" STYLEREFS="StyleId-1AAEFBD2-DD9A-4D66-AAAB-7B6F1CBC1ED3-">
<String CONTENT="and" HEIGHT="52" WIDTH="114" VPOS="1358" HPOS="150"/>
<SP HEIGHT="52" WIDTH="34" VPOS="1358" HPOS="265"/>
<String CONTENT="secondary" HEIGHT="68" WIDTH="314" VPOS="1357" HPOS="300"/>
<SP HEIGHT="50" WIDTH="34" VPOS="1375" HPOS="615"/>
<String CONTENT="school" HEIGHT="53" WIDTH="191" VPOS="1356" HPOS="650"/>
<SP HEIGHT="50" WIDTH="35" VPOS="1358" HPOS="842"/>
<String CONTENT="and" HEIGHT="51" WIDTH="112" VPOS="1357" HPOS="878"/>
<SP HEIGHT="69" WIDTH="37" VPOS="1355" HPOS="991"/>
<String CONTENT="junior" HEIGHT="69" WIDTH="196" VPOS="1355" HPOS="1029"/>
<SP HEIGHT="33" WIDTH="32" VPOS="1374" HPOS="1226"/>
<String CONTENT="college" HEIGHT="68" WIDTH="214" VPOS="1356" HPOS="1259"/>
<SP HEIGHT="35" WIDTH="36" VPOS="1372" HPOS="1474"/>
<String CONTENT="executives" HEIGHT="54" WIDTH="320" VPOS="1353" HPOS="1511"/>
<SP HEIGHT="36" WIDTH="35" VPOS="1371" HPOS="1832"/>
<String CONTENT="and" HEIGHT="53" WIDTH="113" VPOS="1353" HPOS="1868"/>
<SP HEIGHT="53" WIDTH="37" VPOS="1353" HPOS="1982"/>
<String CONTENT="their" HEIGHT="54" WIDTH="152" VPOS="1352" HPOS="2020"/>
</TextLine>
<TextLine HEIGHT="75" WIDTH="1959" VPOS="1429" HPOS="151" STYLEREFS="StyleId-1AAEFBD2-DD9A-4D66-AAAB-7B6F1CBC1ED3-" CS="1">
<String CONTENT="assistants," HEIGHT="66" WIDTH="317" VPOS="1436" HPOS="151"/>
<SP HEIGHT="67" WIDTH="41" VPOS="1435" HPOS="469"/>
<String CONTENT="by" HEIGHT="69" WIDTH="75" VPOS="1435" HPOS="511"/>
<SP HEIGHT="68" WIDTH="42" VPOS="1436" HPOS="587"/>
<String CONTENT="M." HEIGHT="51" WIDTH="78" VPOS="1436" HPOS="630"/>
<SP HEIGHT="51" WIDTH="47" VPOS="1436" HPOS="709"/>
<String CONTENT="Evan" HEIGHT="51" WIDTH="167" VPOS="1436" HPOS="757"/>
<SP HEIGHT="52" WIDTH="40" VPOS="1435" HPOS="925"/>
<String CONTENT="Morgan" HEIGHT="69" WIDTH="248" VPOS="1435" HPOS="966"/>
<SP HEIGHT="35" WIDTH="51" VPOS="1452" HPOS="1215"/>
<String CS="1" CONTENT="&#8230;"/>
<SP HEIGHT="35" WIDTH="50" VPOS="1452" HPOS="1323"/>
<String CONTENT="and" HEIGHT="55" WIDTH="114" VPOS="1432" HPOS="1374"/>
<SP HEIGHT="55" WIDTH="43" VPOS="1432" HPOS="1489"/>
<String CONTENT="Erwin" HEIGHT="55" WIDTH="204" VPOS="1431" HPOS="1533"/>
<SP HEIGHT="57" WIDTH="44" VPOS="1430" HPOS="1738"/>
<String CONTENT="C." HEIGHT="57" WIDTH="64" VPOS="1430" HPOS="1783"/>
<SP HEIGHT="57" WIDTH="45" VPOS="1429" HPOS="1848"/>
<String CONTENT="Cline" HEIGHT="57" WIDTH="167" VPOS="1429" HPOS="1894"/>
<SP HEIGHT="35" WIDTH="48" VPOS="1450" HPOS="2062"/>
<String CS="1" CONTENT="&#8230;"/>
</TextLine>
<TextLine HEIGHT="69" WIDTH="1606" VPOS="1512" HPOS="151" STYLEREFS="StyleId-1AAEFBD2-DD9A-4D66-AAAB-7B6F1CBC1ED3-" CS="1">
<String CONTENT="New" HEIGHT="53" WIDTH="148" VPOS="1514" HPOS="151"/>
<SP HEIGHT="52" WIDTH="24" VPOS="1514" HPOS="300"/>
<String CONTENT="York," HEIGHT="68" WIDTH="181" VPOS="1513" HPOS="325"/>
<SP HEIGHT="67" WIDTH="32" VPOS="1514" HPOS="507"/>
<String CONTENT="Professional" HEIGHT="54" WIDTH="396" VPOS="1512" HPOS="540"/>
<SP HEIGHT="50" WIDTH="32" VPOS="1515" HPOS="937"/>
<String CONTENT="&amp;" HEIGHT="50" WIDTH="45" VPOS="1515" HPOS="970"/>
<SP HEIGHT="50" WIDTH="30" VPOS="1515" HPOS="1016"/>
<String CONTENT="technical" HEIGHT="53" WIDTH="283" VPOS="1512" HPOS="1047"/>
<SP HEIGHT="68" WIDTH="32" VPOS="1512" HPOS="1331"/>
<String CONTENT="press" HEIGHT="50" WIDTH="159" VPOS="1530" HPOS="1364"/>
<SP HEIGHT="48" WIDTH="37" VPOS="1531" HPOS="1524"/>
<String CONTENT="[" HEIGHT="35" WIDTH="14" VPOS="1544" HPOS="1562"/>
<String STYLE="superscript" CS="1" CONTENT="&#7580;1"/>
<String CONTENT="930]" HEIGHT="66" WIDTH="120" VPOS="1512" HPOS="1637"/>
</TextLine>
<TextLine HEIGHT="52" WIDTH="1919" VPOS="1591" HPOS="250" CS="1">
<String CONTENT="2" HEIGHT="39" WIDTH="27" VPOS="1594" HPOS="250"/>
<SP/>
<String LANG="fr" CONTENT="p." HEIGHT="39" WIDTH="43" VPOS="1604" HPOS="307"/>
<SP/>
<String LANG="fr" CS="1" CONTENT="l.,"/>
<SP/>
<String CONTENT="vii-xvi," HEIGHT="48" WIDTH="198" VPOS="1594" HPOS="464"/>
<SP HEIGHT="49" WIDTH="31" VPOS="1593" HPOS="663"/>
<String CONTENT="374" HEIGHT="41" WIDTH="88" VPOS="1593" HPOS="695"/>
<SP HEIGHT="48" WIDTH="31" VPOS="1594" HPOS="784"/>
<String CONTENT="p." HEIGHT="37" WIDTH="42" VPOS="1605" HPOS="816"/>
<SP HEIGHT="39" WIDTH="34" VPOS="1595" HPOS="859"/>
<String CONTENT="incl." HEIGHT="40" WIDTH="108" VPOS="1594" HPOS="894"/>
<SP HEIGHT="40" WIDTH="35" VPOS="1594" HPOS="1003"/>
<String CONTENT="forms." HEIGHT="40" WIDTH="167" VPOS="1594" HPOS="1039"/>
<SP HEIGHT="41" WIDTH="60" VPOS="1592" HPOS="1207"/>
<String CS="1" CONTENT="22&#189;" HEIGHT="40" WIDTH="56" VPOS="1592" HPOS="1268"/>
<String STYLE="superscript" CS="1" CONTENT="&#7580;&#7504;"/>
<String CONTENT="." HEIGHT="8" WIDTH="8" VPOS="1627" HPOS="1408"/>
<SP HEIGHT="49" WIDTH="69" VPOS="1594" HPOS="1417"/>
<String CONTENT="(Educational" HEIGHT="51" WIDTH="354" VPOS="1592" HPOS="1487"/>
<SP HEIGHT="40" WIDTH="32" VPOS="1592" HPOS="1842"/>
<String CONTENT="executives&#8217;" HEIGHT="42" WIDTH="294" VPOS="1591" HPOS="1875"/>
</TextLine>
<TextLine HEIGHT="49" WIDTH="176" VPOS="1650" HPOS="151">
<String CONTENT="series)" HEIGHT="49" WIDTH="176" VPOS="1650" HPOS="151"/>
</TextLine>
<TextLine HEIGHT="49" WIDTH="708" VPOS="1706" HPOS="222">
<String CONTENT="Bibliography:" HEIGHT="48" WIDTH="378" VPOS="1707" HPOS="222"/>
<SP HEIGHT="38" WIDTH="32" VPOS="1717" HPOS="601"/>
<String CONTENT="p." HEIGHT="38" WIDTH="43" VPOS="1717" HPOS="634"/>
<SP HEIGHT="39" WIDTH="31" VPOS="1708" HPOS="678"/>
<String CONTENT="345-362." HEIGHT="41" WIDTH="220" VPOS="1706" HPOS="710"/>
</TextLine>
<TextLine HEIGHT="65" WIDTH="2017" VPOS="1748" HPOS="159" CS="1">
<String CONTENT="&#169;" HEIGHT="52" WIDTH="52" VPOS="1761" HPOS="159"/>
<SP HEIGHT="52" WIDTH="37" VPOS="1761" HPOS="212"/>
<String CONTENT="Dec." HEIGHT="40" WIDTH="112" VPOS="1766" HPOS="250"/>
<SP HEIGHT="43" WIDTH="36" VPOS="1763" HPOS="363"/>
<String CONTENT="19," HEIGHT="50" WIDTH="68" VPOS="1763" HPOS="400"/>
<SP HEIGHT="47" WIDTH="37" VPOS="1766" HPOS="469"/>
<String CONTENT="1930;" HEIGHT="45" WIDTH="142" VPOS="1764" HPOS="507"/>
<SP HEIGHT="44" WIDTH="38" VPOS="1765" HPOS="650"/>
<String CONTENT="2c." HEIGHT="41" WIDTH="68" VPOS="1765" HPOS="689"/>
<SP HEIGHT="41" WIDTH="36" VPOS="1765" HPOS="758"/>
<String CONTENT="Dec." HEIGHT="41" WIDTH="112" VPOS="1765" HPOS="795"/>
<SP HEIGHT="42" WIDTH="36" VPOS="1764" HPOS="908"/>
<String CONTENT="26;" HEIGHT="48" WIDTH="83" VPOS="1764" HPOS="945"/>
<SP HEIGHT="64" WIDTH="37" VPOS="1748" HPOS="1029"/>
<String CS="1" CONTENT="aff." HEIGHT="40" WIDTH="49" VPOS="1765" HPOS="1102"/>
<SP HEIGHT="40" WIDTH="39" VPOS="1765" HPOS="1152"/>
<String CONTENT="Dec." HEIGHT="41" WIDTH="113" VPOS="1765" HPOS="1192"/>
<SP HEIGHT="40" WIDTH="36" VPOS="1766" HPOS="1306"/>
<String CONTENT="30;" HEIGHT="49" WIDTH="83" VPOS="1763" HPOS="1343"/>
<SP HEIGHT="47" WIDTH="40" VPOS="1765" HPOS="1427"/>
<!-- cceid DB6F5F46-6E8D-1014-9CF5-AEB3FCA41D69 --><String CONTENT="A" HEIGHT="39" WIDTH="43" VPOS="1765" HPOS="1468"/>
<SP HEIGHT="40" WIDTH="34" VPOS="1765" HPOS="1512"/>
<String CONTENT="32703;" HEIGHT="49" WIDTH="173" VPOS="1763" HPOS="1547"/>
<SP HEIGHT="48" WIDTH="40" VPOS="1764" HPOS="1721"/>
<String CONTENT="Professional" HEIGHT="41" WIDTH="337" VPOS="1763" HPOS="1762"/>
<SP HEIGHT="42" WIDTH="37" VPOS="1762" HPOS="2100"/>
<String CONTENT="&amp;" HEIGHT="42" WIDTH="38" VPOS="1762" HPOS="2138"/>
</TextLine>
<TextLine HEIGHT="50" WIDTH="745" VPOS="1822" HPOS="227">
<String CONTENT="technical" HEIGHT="41" WIDTH="240" VPOS="1822" HPOS="227"/>
<SP HEIGHT="47" WIDTH="26" VPOS="1824" HPOS="468"/>
<String CONTENT="press." HEIGHT="38" WIDTH="151" VPOS="1833" HPOS="495"/>
<SP HEIGHT="48" WIDTH="70" VPOS="1822" HPOS="647"/>
<String CONTENT="(31-1584)" HEIGHT="50" WIDTH="254" VPOS="1822" HPOS="718"/>
</TextLine>
<TextLine HEIGHT="66" WIDTH="824" VPOS="1916" HPOS="154" STYLEREFS="StyleId-8C724D05-F445-4442-9FA2-79A9F014185A-">
<String CONTENT="Munroe," HEIGHT="62" WIDTH="267" VPOS="1919" HPOS="154"/>
<SP HEIGHT="63" WIDTH="36" VPOS="1918" HPOS="422"/>
<String CONTENT="David" HEIGHT="54" WIDTH="193" VPOS="1916" HPOS="459"/>
<SP HEIGHT="52" WIDTH="37" VPOS="1918" HPOS="653"/>
<String CONTENT="Hoadley." HEIGHT="65" WIDTH="287" VPOS="1917" HPOS="691"/>
</TextLine>
<TextLine HEIGHT="133" WIDTH="1998" VPOS="1993" HPOS="153" STYLEREFS="StyleId-1AAEFBD2-DD9A-4D66-AAAB-7B6F1CBC1ED3-" CS="1">
<String CONTENT="The" HEIGHT="54" WIDTH="122" VPOS="1994" HPOS="224"/>
<SP HEIGHT="57" WIDTH="42" VPOS="1993" HPOS="347"/>
<String CONTENT="Grand" HEIGHT="57" WIDTH="202" VPOS="1993" HPOS="390"/>
<SP HEIGHT="53" WIDTH="43" VPOS="1995" HPOS="593"/>
<String CS="1" CONTENT="national," HEIGHT="55" WIDTH="259" VPOS="1994" HPOS="637"/>
<SP HEIGHT="56" WIDTH="38" VPOS="1999" HPOS="922"/>
<String CONTENT="1839-1930," HEIGHT="67" WIDTH="330" VPOS="1998" HPOS="961"/>
<SP HEIGHT="70" WIDTH="40" VPOS="1995" HPOS="1292"/>
<String CONTENT="by" HEIGHT="70" WIDTH="75" VPOS="1995" HPOS="1333"/>
<SP HEIGHT="69" WIDTH="42" VPOS="1996" HPOS="1409"/>
<String CONTENT="David" HEIGHT="54" WIDTH="195" VPOS="1995" HPOS="1452"/>
<SP HEIGHT="55" WIDTH="41" VPOS="1994" HPOS="1648"/>
<String CONTENT="Hoadley" HEIGHT="70" WIDTH="271" VPOS="1994" HPOS="1690"/>
<SP HEIGHT="70" WIDTH="42" VPOS="1994" HPOS="1962"/>
<String CS="1" CONTENT="Munroe;" HEIGHT="132" WIDTH="1998" VPOS="1994" HPOS="153"/>
</TextLine>
<TextLine HEIGHT="72" WIDTH="1866" VPOS="2072" HPOS="307" STYLEREFS="StyleId-1AAEFBD2-DD9A-4D66-AAAB-7B6F1CBC1ED3-">
<String CONTENT="foreword" HEIGHT="54" WIDTH="289" VPOS="2072" HPOS="307"/>
<SP HEIGHT="52" WIDTH="20" VPOS="2074" HPOS="597"/>
<String CONTENT="by" HEIGHT="69" WIDTH="75" VPOS="2074" HPOS="618"/>
<SP HEIGHT="69" WIDTH="23" VPOS="2074" HPOS="694"/>
<String CONTENT="William" HEIGHT="54" WIDTH="264" VPOS="2074" HPOS="718"/>
<SP HEIGHT="52" WIDTH="22" VPOS="2075" HPOS="983"/>
<String CONTENT="V." HEIGHT="52" WIDTH="70" VPOS="2075" HPOS="1006"/>
<SP HEIGHT="56" WIDTH="27" VPOS="2073" HPOS="1077"/>
<String CONTENT="C." HEIGHT="56" WIDTH="62" VPOS="2073" HPOS="1105"/>
<SP HEIGHT="53" WIDTH="26" VPOS="2075" HPOS="1168"/>
<String CONTENT="Ruxton" HEIGHT="53" WIDTH="236" VPOS="2075" HPOS="1195"/>
<SP HEIGHT="34" WIDTH="24" VPOS="2093" HPOS="1432"/>
<String CONTENT="and" HEIGHT="52" WIDTH="114" VPOS="2075" HPOS="1457"/>
<SP HEIGHT="52" WIDTH="25" VPOS="2075" HPOS="1572"/>
<String CONTENT="a" HEIGHT="35" WIDTH="31" VPOS="2092" HPOS="1598"/>
<SP HEIGHT="35" WIDTH="24" VPOS="2092" HPOS="1630"/>
<String CONTENT="note" HEIGHT="48" WIDTH="132" VPOS="2079" HPOS="1655"/>
<SP HEIGHT="54" WIDTH="23" VPOS="2073" HPOS="1788"/>
<String CONTENT="by" HEIGHT="71" WIDTH="77" VPOS="2073" HPOS="1812"/>
<SP HEIGHT="70" WIDTH="23" VPOS="2074" HPOS="1890"/>
<String CONTENT="E." HEIGHT="54" WIDTH="68" VPOS="2074" HPOS="1914"/>
<SP HEIGHT="54" WIDTH="25" VPOS="2074" HPOS="1983"/>
<String CONTENT="A." HEIGHT="52" WIDTH="73" VPOS="2074" HPOS="2009"/>
<SP HEIGHT="55" WIDTH="26" VPOS="2073" HPOS="2083"/>
<String CONTENT="C." HEIGHT="55" WIDTH="63" VPOS="2073" HPOS="2110"/>
</TextLine>
<TextLine HEIGHT="71" WIDTH="1595" VPOS="2151" HPOS="154" STYLEREFS="StyleId-1AAEFBD2-DD9A-4D66-AAAB-7B6F1CBC1ED3-" CS="1">
<String CONTENT="Topham" HEIGHT="68" WIDTH="266" VPOS="2152" HPOS="154"/>
<SP HEIGHT="33" WIDTH="29" VPOS="2171" HPOS="421"/>
<String CS="1" CONTENT="&#8230;"/>
<SP HEIGHT="53" WIDTH="68" VPOS="2152" HPOS="508"/>
<String CONTENT="New" HEIGHT="53" WIDTH="140" VPOS="2152" HPOS="577"/>
<SP HEIGHT="53" WIDTH="29" VPOS="2151" HPOS="718"/>
<String CONTENT="York," HEIGHT="69" WIDTH="179" VPOS="2151" HPOS="748"/>
<SP HEIGHT="67" WIDTH="26" VPOS="2153" HPOS="928"/>
<String CONTENT="Huntington" HEIGHT="69" WIDTH="380" VPOS="2153" HPOS="955"/>
<SP HEIGHT="50" WIDTH="24" VPOS="2171" HPOS="1336"/>
<String CONTENT="press" HEIGHT="50" WIDTH="158" VPOS="2171" HPOS="1361"/>
<SP HEIGHT="48" WIDTH="34" VPOS="2172" HPOS="1520"/>
<String CONTENT="[" HEIGHT="34" WIDTH="13" VPOS="2186" HPOS="1555"/>
<String STYLE="superscript" CS="1" CONTENT="&#7580;1"/>
<String CONTENT="930]" HEIGHT="65" WIDTH="119" VPOS="2155" HPOS="1630"/>
</TextLine>
<TextLine HEIGHT="51" WIDTH="1947" VPOS="2234" HPOS="227" CS="1">
<String CONTENT="10" HEIGHT="41" WIDTH="58" VPOS="2235" HPOS="227"/>
<SP HEIGHT="49" WIDTH="32" VPOS="2235" HPOS="286"/>
<String LANG="fr" CONTENT="p." HEIGHT="38" WIDTH="44" VPOS="2246" HPOS="319"/>
<SP/>
<String LANG="fr" CS="1" CONTENT="l.,"/>
<SP/>
<String CONTENT="[3]-147," HEIGHT="49" WIDTH="191" VPOS="2236" HPOS="480"/>
<SP HEIGHT="30" WIDTH="35" VPOS="2255" HPOS="672"/>
<String CONTENT="[146]" HEIGHT="51" WIDTH="113" VPOS="2234" HPOS="708"/>
<SP HEIGHT="39" WIDTH="37" VPOS="2246" HPOS="822"/>
<String LANG="fr" CONTENT="p.," HEIGHT="38" WIDTH="57" VPOS="2246" HPOS="860"/>
<SP HEIGHT="46" WIDTH="36" VPOS="2237" HPOS="918"/>
<String CONTENT="1" HEIGHT="38" WIDTH="24" VPOS="2237" HPOS="955"/>
<SP HEIGHT="38" WIDTH="33" VPOS="2237" HPOS="980"/>
<String CS="1" CONTENT="l." HEIGHT="9" WIDTH="9" VPOS="2268" HPOS="1036"/>
<SP HEIGHT="31" WIDTH="62" VPOS="2246" HPOS="1046"/>
<String CONTENT="col." HEIGHT="41" WIDTH="88" VPOS="2236" HPOS="1109"/>
<SP HEIGHT="41" WIDTH="31" VPOS="2236" HPOS="1198"/>
<String CONTENT="front.," HEIGHT="48" WIDTH="166" VPOS="2236" HPOS="1230"/>
<SP HEIGHT="38" WIDTH="35" VPOS="2247" HPOS="1397"/>
<String CONTENT="plates," HEIGHT="49" WIDTH="173" VPOS="2236" HPOS="1433"/>
<SP HEIGHT="48" WIDTH="33" VPOS="2237" HPOS="1607"/>
<String CONTENT="2" HEIGHT="39" WIDTH="27" VPOS="2237" HPOS="1641"/>
<SP HEIGHT="39" WIDTH="33" VPOS="2237" HPOS="1669"/>
<String CONTENT="maps" HEIGHT="38" WIDTH="139" VPOS="2246" HPOS="1703"/>
<SP HEIGHT="48" WIDTH="27" VPOS="2236" HPOS="1843"/>
<String CONTENT="(1" HEIGHT="48" WIDTH="50" VPOS="2236" HPOS="1871"/>
<SP HEIGHT="40" WIDTH="33" VPOS="2236" HPOS="1922"/>
<String CONTENT="col." HEIGHT="40" WIDTH="88" VPOS="2237" HPOS="1956"/>
<SP HEIGHT="29" WIDTH="33" VPOS="2248" HPOS="2045"/>
<String CONTENT="and" HEIGHT="39" WIDTH="95" VPOS="2238" HPOS="2079"/>
</TextLine>
<TextLine HEIGHT="47" WIDTH="331" VPOS="2293" HPOS="155" CS="1">
<String CONTENT="fold.)" HEIGHT="47" WIDTH="145" VPOS="2293" HPOS="155"/>
<SP HEIGHT="47" WIDTH="65" VPOS="2293" HPOS="301"/>
<String CONTENT="28" HEIGHT="39" WIDTH="59" VPOS="2293" HPOS="367"/>
<String STYLE="superscript" CS="1" CONTENT="&#7580;&#7504;"/>
<String CONTENT="." HEIGHT="8" WIDTH="8" VPOS="2326" HPOS="478"/>
</TextLine>
<TextLine HEIGHT="50" WIDTH="1946" VPOS="2349" HPOS="229">
<String CONTENT="&#8220;This" HEIGHT="41" WIDTH="147" VPOS="2349" HPOS="229"/>
<SP HEIGHT="40" WIDTH="32" VPOS="2350" HPOS="377"/>
<String CONTENT="book" HEIGHT="39" WIDTH="124" VPOS="2350" HPOS="410"/>
<SP HEIGHT="39" WIDTH="31" VPOS="2350" HPOS="535"/>
<String CONTENT="has" HEIGHT="39" WIDTH="90" VPOS="2350" HPOS="567"/>
<SP HEIGHT="39" WIDTH="32" VPOS="2350" HPOS="658"/>
<String CONTENT="been" HEIGHT="39" WIDTH="119" VPOS="2350" HPOS="691"/>
<SP HEIGHT="38" WIDTH="32" VPOS="2351" HPOS="811"/>
<String CONTENT="designed" HEIGHT="48" WIDTH="231" VPOS="2349" HPOS="844"/>
<SP HEIGHT="38" WIDTH="32" VPOS="2351" HPOS="1076"/>
<String CONTENT="and" HEIGHT="39" WIDTH="96" VPOS="2351" HPOS="1109"/>
<SP HEIGHT="47" WIDTH="34" VPOS="2351" HPOS="1206"/>
<String CONTENT="printed" HEIGHT="49" WIDTH="195" VPOS="2349" HPOS="1241"/>
<SP HEIGHT="39" WIDTH="33" VPOS="2351" HPOS="1437"/>
<String CONTENT="by" HEIGHT="47" WIDTH="61" VPOS="2351" HPOS="1471"/>
<SP HEIGHT="46" WIDTH="34" VPOS="2352" HPOS="1533"/>
<String CONTENT="the" HEIGHT="39" WIDTH="82" VPOS="2351" HPOS="1568"/>
<SP HEIGHT="38" WIDTH="33" VPOS="2361" HPOS="1651"/>
<String CONTENT="printing" HEIGHT="50" WIDTH="220" VPOS="2349" HPOS="1685"/>
<SP HEIGHT="48" WIDTH="31" VPOS="2351" HPOS="1906"/>
<String CONTENT="house" HEIGHT="40" WIDTH="151" VPOS="2351" HPOS="1938"/>
<SP HEIGHT="30" WIDTH="33" VPOS="2362" HPOS="2090"/>
<String CONTENT="of" HEIGHT="41" WIDTH="51" VPOS="2351" HPOS="2124"/>
</TextLine>
<TextLine HEIGHT="51" WIDTH="2018" VPOS="2406" HPOS="156" CS="1">
<String CONTENT="William" HEIGHT="42" WIDTH="218" VPOS="2407" HPOS="156"/>
<SP HEIGHT="38" WIDTH="33" VPOS="2408" HPOS="375"/>
<String CONTENT="Edwin" HEIGHT="40" WIDTH="173" VPOS="2407" HPOS="409"/>
<SP HEIGHT="39" WIDTH="31" VPOS="2407" HPOS="583"/>
<String CS="1" CONTENT="Rudge." HEIGHT="47" WIDTH="135" VPOS="2407" HPOS="663"/>
<SP HEIGHT="41" WIDTH="64" VPOS="2406" HPOS="799"/>
<String CONTENT="Colored" HEIGHT="41" WIDTH="204" VPOS="2406" HPOS="864"/>
<SP HEIGHT="39" WIDTH="34" VPOS="2408" HPOS="1069"/>
<String CONTENT="map" HEIGHT="38" WIDTH="112" VPOS="2417" HPOS="1104"/>
<SP HEIGHT="47" WIDTH="33" VPOS="2408" HPOS="1217"/>
<String CONTENT="by" HEIGHT="46" WIDTH="60" VPOS="2408" HPOS="1251"/>
<SP HEIGHT="47" WIDTH="32" VPOS="2407" HPOS="1312"/>
<String CONTENT="George" HEIGHT="49" WIDTH="185" VPOS="2407" HPOS="1345"/>
<SP HEIGHT="40" WIDTH="32" VPOS="2407" HPOS="1531"/>
<String CONTENT="Annand." HEIGHT="41" WIDTH="224" VPOS="2407" HPOS="1564"/>
<SP HEIGHT="40" WIDTH="59" VPOS="2408" HPOS="1789"/>
<String CONTENT="Typography" HEIGHT="49" WIDTH="325" VPOS="2408" HPOS="1849"/>
</TextLine>
<TextLine HEIGHT="51" WIDTH="2017" VPOS="2463" HPOS="157">
<String CONTENT="by" HEIGHT="47" WIDTH="61" VPOS="2466" HPOS="157"/>
<SP HEIGHT="47" WIDTH="36" VPOS="2466" HPOS="219"/>
<String CONTENT="Melvin" HEIGHT="41" WIDTH="183" VPOS="2463" HPOS="256"/>
<SP HEIGHT="40" WIDTH="36" VPOS="2464" HPOS="440"/>
<String CONTENT="Loos." HEIGHT="40" WIDTH="138" VPOS="2464" HPOS="477"/>
<SP HEIGHT="40" WIDTH="64" VPOS="2464" HPOS="616"/>
<String CONTENT="The" HEIGHT="39" WIDTH="103" VPOS="2464" HPOS="681"/>
<SP HEIGHT="38" WIDTH="35" VPOS="2466" HPOS="785"/>
<String CONTENT="text" HEIGHT="38" WIDTH="106" VPOS="2466" HPOS="821"/>
<SP HEIGHT="40" WIDTH="35" VPOS="2464" HPOS="928"/>
<String CONTENT="is" HEIGHT="38" WIDTH="42" VPOS="2464" HPOS="964"/>
<SP HEIGHT="30" WIDTH="37" VPOS="2474" HPOS="1007"/>
<String CONTENT="set" HEIGHT="38" WIDTH="73" VPOS="2466" HPOS="1045"/>
<SP HEIGHT="41" WIDTH="37" VPOS="2463" HPOS="1119"/>
<String CONTENT="in" HEIGHT="40" WIDTH="49" VPOS="2463" HPOS="1157"/>
<SP HEIGHT="42" WIDTH="39" VPOS="2463" HPOS="1207"/>
<String CONTENT="Caslon" HEIGHT="42" WIDTH="179" VPOS="2463" HPOS="1247"/>
<SP HEIGHT="30" WIDTH="36" VPOS="2475" HPOS="1427"/>
<String CONTENT="old" HEIGHT="40" WIDTH="79" VPOS="2465" HPOS="1464"/>
<SP HEIGHT="39" WIDTH="36" VPOS="2465" HPOS="1544"/>
<String CONTENT="style" HEIGHT="46" WIDTH="127" VPOS="2466" HPOS="1581"/>
<SP HEIGHT="30" WIDTH="34" VPOS="2475" HPOS="1709"/>
<String CONTENT="and" HEIGHT="40" WIDTH="98" VPOS="2465" HPOS="1744"/>
<SP HEIGHT="49" WIDTH="36" VPOS="2465" HPOS="1843"/>
<String CONTENT="printed" HEIGHT="49" WIDTH="193" VPOS="2465" HPOS="1880"/>
<SP HEIGHT="39" WIDTH="40" VPOS="2466" HPOS="2074"/>
<String CONTENT="on" HEIGHT="29" WIDTH="59" VPOS="2477" HPOS="2115"/>
</TextLine>
<TextLine HEIGHT="51" WIDTH="2017" VPOS="2520" HPOS="157">
<String CONTENT="Huntington" HEIGHT="49" WIDTH="313" VPOS="2521" HPOS="157"/>
<SP HEIGHT="38" WIDTH="31" VPOS="2522" HPOS="471"/>
<String CONTENT="laid" HEIGHT="41" WIDTH="100" VPOS="2520" HPOS="503"/>
<SP HEIGHT="46" WIDTH="32" VPOS="2522" HPOS="604"/>
<String CONTENT="paper." HEIGHT="37" WIDTH="166" VPOS="2531" HPOS="637"/>
<SP HEIGHT="40" WIDTH="60" VPOS="2521" HPOS="804"/>
<String CONTENT="The" HEIGHT="39" WIDTH="102" VPOS="2521" HPOS="865"/>
<SP HEIGHT="40" WIDTH="32" VPOS="2520" HPOS="968"/>
<String CONTENT="illustrations" HEIGHT="41" WIDTH="332" VPOS="2520" HPOS="1001"/>
<SP HEIGHT="29" WIDTH="32" VPOS="2531" HPOS="1334"/>
<String CONTENT="are" HEIGHT="30" WIDTH="84" VPOS="2531" HPOS="1367"/>
<SP HEIGHT="29" WIDTH="31" VPOS="2532" HPOS="1452"/>
<String CONTENT="reproduced" HEIGHT="48" WIDTH="301" VPOS="2522" HPOS="1484"/>
<SP HEIGHT="39" WIDTH="30" VPOS="2523" HPOS="1786"/>
<String CONTENT="by" HEIGHT="47" WIDTH="62" VPOS="2523" HPOS="1817"/>
<SP HEIGHT="45" WIDTH="31" VPOS="2525" HPOS="1880"/>
<String CONTENT="the" HEIGHT="39" WIDTH="83" VPOS="2524" HPOS="1912"/>
<SP HEIGHT="31" WIDTH="32" VPOS="2532" HPOS="1996"/>
<String CONTENT="aqua-" HEIGHT="38" WIDTH="145" VPOS="2533" HPOS="2029"/>
</TextLine>
<TextLine HEIGHT="51" WIDTH="1786" VPOS="2577" HPOS="159">
<String CONTENT="tone" HEIGHT="36" WIDTH="110" VPOS="2585" HPOS="159"/>
<SP HEIGHT="37" WIDTH="30" VPOS="2591" HPOS="270"/>
<String CONTENT="process." HEIGHT="38" WIDTH="208" VPOS="2590" HPOS="301"/>
<SP HEIGHT="41" WIDTH="59" VPOS="2578" HPOS="510"/>
<String CONTENT="Of" HEIGHT="41" WIDTH="64" VPOS="2578" HPOS="570"/>
<SP HEIGHT="40" WIDTH="29" VPOS="2578" HPOS="635"/>
<String CONTENT="an" HEIGHT="29" WIDTH="64" VPOS="2589" HPOS="665"/>
<SP HEIGHT="29" WIDTH="30" VPOS="2589" HPOS="730"/>
<String CONTENT="edition" HEIGHT="41" WIDTH="185" VPOS="2577" HPOS="761"/>
<SP HEIGHT="29" WIDTH="31" VPOS="2589" HPOS="947"/>
<String CONTENT="of" HEIGHT="41" WIDTH="52" VPOS="2577" HPOS="979"/>
<SP HEIGHT="40" WIDTH="30" VPOS="2577" HPOS="1032"/>
<String CONTENT="503" HEIGHT="41" WIDTH="77" VPOS="2577" HPOS="1063"/>
<SP HEIGHT="40" WIDTH="38" VPOS="2578" HPOS="1141"/>
<String CONTENT="copies" HEIGHT="48" WIDTH="161" VPOS="2578" HPOS="1180"/>
<SP HEIGHT="38" WIDTH="30" VPOS="2581" HPOS="1342"/>
<String CONTENT="this" HEIGHT="42" WIDTH="100" VPOS="2577" HPOS="1373"/>
<SP HEIGHT="40" WIDTH="31" VPOS="2578" HPOS="1474"/>
<String CONTENT="is" HEIGHT="41" WIDTH="42" VPOS="2578" HPOS="1506"/>
<SP HEIGHT="30" WIDTH="29" VPOS="2589" HPOS="1549"/>
<String CONTENT="number" HEIGHT="41" WIDTH="205" VPOS="2579" HPOS="1579"/>
<SP HEIGHT="40" WIDTH="30" VPOS="2579" HPOS="1785"/>
<String CONTENT="282.&#8221;" HEIGHT="42" WIDTH="129" VPOS="2579" HPOS="1816"/>
</TextLine>
<TextLine HEIGHT="53" WIDTH="2013" VPOS="2634" HPOS="161">
<String CONTENT="&#169;" HEIGHT="52" WIDTH="52" VPOS="2635" HPOS="161"/>
<SP HEIGHT="52" WIDTH="30" VPOS="2635" HPOS="214"/>
<String CONTENT="Dec." HEIGHT="41" WIDTH="112" VPOS="2638" HPOS="245"/>
<SP HEIGHT="41" WIDTH="30" VPOS="2638" HPOS="358"/>
<String CONTENT="18," HEIGHT="47" WIDTH="68" VPOS="2637" HPOS="389"/>
<SP HEIGHT="47" WIDTH="30" VPOS="2637" HPOS="458"/>
<String CONTENT="1930;" HEIGHT="47" WIDTH="142" VPOS="2636" HPOS="489"/>
<SP HEIGHT="48" WIDTH="31" VPOS="2635" HPOS="632"/>
<String CONTENT="2c." HEIGHT="41" WIDTH="67" VPOS="2635" HPOS="664"/>
<SP HEIGHT="29" WIDTH="32" VPOS="2647" HPOS="732"/>
<String CONTENT="and" HEIGHT="38" WIDTH="95" VPOS="2637" HPOS="765"/>
<SP HEIGHT="38" WIDTH="30" VPOS="2637" HPOS="861"/>
<String LANG="de" CONTENT="aff." HEIGHT="42" WIDTH="82" VPOS="2635" HPOS="892"/>
<SP HEIGHT="41" WIDTH="31" VPOS="2636" HPOS="975"/>
<String CONTENT="Jan." HEIGHT="39" WIDTH="109" VPOS="2636" HPOS="1007"/>
<SP HEIGHT="41" WIDTH="32" VPOS="2634" HPOS="1117"/>
<String CONTENT="9," HEIGHT="50" WIDTH="39" VPOS="2634" HPOS="1150"/>
<SP HEIGHT="48" WIDTH="32" VPOS="2636" HPOS="1190"/>
<String CONTENT="1931;" HEIGHT="49" WIDTH="142" VPOS="2634" HPOS="1223"/>
<SP HEIGHT="47" WIDTH="32" VPOS="2636" HPOS="1366"/>
<!-- cceid DB7048CB-6E8D-1014-9CF5-AEB3FCA41D69 --><String CONTENT="A" HEIGHT="39" WIDTH="43" VPOS="2636" HPOS="1399"/>
<SP HEIGHT="41" WIDTH="27" VPOS="2636" HPOS="1443"/>
<String CONTENT="33072;" HEIGHT="49" WIDTH="173" VPOS="2636" HPOS="1471"/>
<SP HEIGHT="48" WIDTH="34" VPOS="2637" HPOS="1645"/>
<String CONTENT="Huntington" HEIGHT="50" WIDTH="314" VPOS="2637" HPOS="1680"/>
<SP HEIGHT="38" WIDTH="29" VPOS="2648" HPOS="1995"/>
<String CONTENT="press," HEIGHT="40" WIDTH="149" VPOS="2647" HPOS="2025"/>
</TextLine>
<TextLine HEIGHT="50" WIDTH="414" VPOS="2692" HPOS="229">
<String CONTENT="inc." HEIGHT="40" WIDTH="91" VPOS="2696" HPOS="229"/>
<SP HEIGHT="48" WIDTH="69" VPOS="2694" HPOS="321"/>
<String CONTENT="(31-1797)" HEIGHT="50" WIDTH="252" VPOS="2692" HPOS="391"/>
</TextLine>
<TextLine HEIGHT="63" WIDTH="838" VPOS="2790" HPOS="159" STYLEREFS="StyleId-8C724D05-F445-4442-9FA2-79A9F014185A-">
<String CONTENT="Murch," HEIGHT="63" WIDTH="230" VPOS="2790" HPOS="159"/>
<SP HEIGHT="63" WIDTH="27" VPOS="2790" HPOS="390"/>
<String CONTENT="James" HEIGHT="53" WIDTH="205" VPOS="2790" HPOS="418"/>
<SP HEIGHT="51" WIDTH="25" VPOS="2790" HPOS="624"/>
<String LANG="fr" CONTENT="De" HEIGHT="51" WIDTH="86" VPOS="2790" HPOS="650"/>
<SP HEIGHT="51" WIDTH="28" VPOS="2790" HPOS="737"/>
<String CONTENT="Forest." HEIGHT="54" WIDTH="231" VPOS="2790" HPOS="766"/>
</TextLine>
<TextLine HEIGHT="71" WIDTH="1957" VPOS="2864" HPOS="213" STYLEREFS="StyleId-1AAEFBD2-DD9A-4D66-AAAB-7B6F1CBC1ED3-">
<String CONTENT="Successful" HEIGHT="55" WIDTH="324" VPOS="2865" HPOS="213"/>
<SP HEIGHT="55" WIDTH="28" VPOS="2864" HPOS="538"/>
<String LANG="fr" CONTENT="C." HEIGHT="55" WIDTH="61" VPOS="2864" HPOS="567"/>
<SP HEIGHT="52" WIDTH="18" VPOS="2864" HPOS="629"/>
<String CONTENT="E." HEIGHT="52" WIDTH="67" VPOS="2864" HPOS="648"/>
<SP HEIGHT="49" WIDTH="19" VPOS="2883" HPOS="716"/>
<String CONTENT="prayer-meetings," HEIGHT="69" WIDTH="529" VPOS="2864" HPOS="736"/>
<SP HEIGHT="66" WIDTH="15" VPOS="2864" HPOS="1266"/>
<String CONTENT="by" HEIGHT="71" WIDTH="76" VPOS="2864" HPOS="1282"/>
<SP HEIGHT="70" WIDTH="25" VPOS="2865" HPOS="1359"/>
<String CONTENT="James" HEIGHT="53" WIDTH="194" VPOS="2865" HPOS="1385"/>
<SP HEIGHT="53" WIDTH="26" VPOS="2865" HPOS="1580"/>
<String LANG="fr" CONTENT="De" HEIGHT="52" WIDTH="86" VPOS="2865" HPOS="1607"/>
<SP HEIGHT="50" WIDTH="26" VPOS="2867" HPOS="1694"/>
<String CONTENT="Forest" HEIGHT="52" WIDTH="201" VPOS="2867" HPOS="1721"/>
<SP HEIGHT="52" WIDTH="25" VPOS="2867" HPOS="1923"/>
<String CONTENT="Murch." HEIGHT="53" WIDTH="221" VPOS="2867" HPOS="1949"/>
</TextLine>
<TextLine HEIGHT="72" WIDTH="1874" VPOS="2942" HPOS="156" STYLEREFS="StyleId-1AAEFBD2-DD9A-4D66-AAAB-7B6F1CBC1ED3-" CS="1">
<String CONTENT="Cincinnati," HEIGHT="66" WIDTH="347" VPOS="2942" HPOS="156"/>
<SP HEIGHT="66" WIDTH="34" VPOS="2942" HPOS="504"/>
<String CONTENT="O.," HEIGHT="68" WIDTH="87" VPOS="2942" HPOS="539"/>
<SP HEIGHT="66" WIDTH="29" VPOS="2944" HPOS="627"/>
<String CONTENT="The" HEIGHT="52" WIDTH="121" VPOS="2943" HPOS="657"/>
<SP HEIGHT="55" WIDTH="34" VPOS="2942" HPOS="779"/>
<String CONTENT="Standard" HEIGHT="55" WIDTH="293" VPOS="2942" HPOS="814"/>
<SP HEIGHT="68" WIDTH="35" VPOS="2942" HPOS="1108"/>
<String CONTENT="publishing" HEIGHT="69" WIDTH="337" VPOS="2942" HPOS="1144"/>
<SP HEIGHT="50" WIDTH="32" VPOS="2961" HPOS="1482"/>
<String CONTENT="company" HEIGHT="52" WIDTH="279" VPOS="2962" HPOS="1515"/>
<SP HEIGHT="49" WIDTH="39" VPOS="2965" HPOS="1795"/>
<String CONTENT="[" HEIGHT="34" WIDTH="13" VPOS="2980" HPOS="1835"/>
<String STYLE="superscript" CS="1" CONTENT="&#7580;1"/>
<String CONTENT="930]" HEIGHT="65" WIDTH="119" VPOS="2949" HPOS="1911"/>
</TextLine>
<TextLine HEIGHT="48" WIDTH="337" VPOS="3027" HPOS="225" CS="1">
<String CONTENT="95" HEIGHT="40" WIDTH="56" VPOS="3027" HPOS="225"/>
<SP HEIGHT="47" WIDTH="30" VPOS="3028" HPOS="282"/>
<String CONTENT="p." HEIGHT="36" WIDTH="42" VPOS="3039" HPOS="313"/>
<SP HEIGHT="40" WIDTH="60" VPOS="3028" HPOS="356"/>
<String CS="1" CONTENT="19&#189;" HEIGHT="40" WIDTH="55" VPOS="3027" HPOS="417"/>
<String STYLE="superscript" CS="1" CONTENT="&#7580;&#7504;"/>
<String CONTENT="." HEIGHT="8" WIDTH="8" VPOS="3058" HPOS="554"/>
</TextLine>
<TextLine HEIGHT="54" WIDTH="2011" VPOS="3081" HPOS="165" CS="1">
<String CONTENT="&#169;" HEIGHT="52" WIDTH="52" VPOS="3081" HPOS="165"/>
<SP HEIGHT="52" WIDTH="29" VPOS="3081" HPOS="218"/>
<String CONTENT="Dec." HEIGHT="40" WIDTH="112" VPOS="3085" HPOS="248"/>
<SP HEIGHT="39" WIDTH="28" VPOS="3086" HPOS="361"/>
<String CONTENT="31," HEIGHT="48" WIDTH="70" VPOS="3085" HPOS="390"/>
<SP HEIGHT="48" WIDTH="30" VPOS="3085" HPOS="461"/>
<String CS="1" CONTENT="1930;" HEIGHT="42" WIDTH="114" VPOS="3082" HPOS="492"/>
<SP HEIGHT="42" WIDTH="31" VPOS="3083" HPOS="634"/>
<String CONTENT="2c." HEIGHT="42" WIDTH="67" VPOS="3083" HPOS="666"/>
<SP HEIGHT="31" WIDTH="30" VPOS="3094" HPOS="734"/>
<String CONTENT="and" HEIGHT="38" WIDTH="96" VPOS="3085" HPOS="765"/>
<SP HEIGHT="38" WIDTH="30" VPOS="3085" HPOS="862"/>
<String LANG="de" CONTENT="aff." HEIGHT="41" WIDTH="83" VPOS="3083" HPOS="893"/>
<SP HEIGHT="41" WIDTH="31" VPOS="3083" HPOS="977"/>
<String CONTENT="Jan." HEIGHT="40" WIDTH="109" VPOS="3083" HPOS="1009"/>
<SP HEIGHT="40" WIDTH="31" VPOS="3083" HPOS="1119"/>
<String CONTENT="8," HEIGHT="49" WIDTH="39" VPOS="3083" HPOS="1151"/>
<SP HEIGHT="48" WIDTH="32" VPOS="3084" HPOS="1191"/>
<String CONTENT="1931;" HEIGHT="49" WIDTH="142" VPOS="3082" HPOS="1224"/>
<SP HEIGHT="47" WIDTH="32" VPOS="3084" HPOS="1367"/>
<!-- cceid DB712AD3-6E8D-1014-9CF5-AEB3FCA41D69 --><String CONTENT="A" HEIGHT="39" WIDTH="43" VPOS="3084" HPOS="1400"/>
<SP HEIGHT="41" WIDTH="27" VPOS="3084" HPOS="1444"/>
<String CONTENT="32606;" HEIGHT="50" WIDTH="174" VPOS="3083" HPOS="1472"/>
<SP HEIGHT="49" WIDTH="35" VPOS="3084" HPOS="1647"/>
<String CONTENT="Standard" HEIGHT="43" WIDTH="249" VPOS="3084" HPOS="1683"/>
<SP HEIGHT="47" WIDTH="31" VPOS="3088" HPOS="1933"/>
<String CONTENT="pub." HEIGHT="48" WIDTH="110" VPOS="3087" HPOS="1965"/>
<SP HEIGHT="30" WIDTH="31" VPOS="3098" HPOS="2076"/>
<String CONTENT="co." HEIGHT="31" WIDTH="68" VPOS="3097" HPOS="2108"/>
</TextLine>
<TextLine HEIGHT="50" WIDTH="252" VPOS="3141" HPOS="241">
<String CONTENT="(31-1505)" HEIGHT="50" WIDTH="252" VPOS="3141" HPOS="241"/>
</TextLine>
<TextLine HEIGHT="67" WIDTH="933" VPOS="3235" HPOS="160" STYLEREFS="StyleId-8C724D05-F445-4442-9FA2-79A9F014185A-">
<String CONTENT="Nathan," HEIGHT="65" WIDTH="266" VPOS="3235" HPOS="160"/>
<SP HEIGHT="64" WIDTH="32" VPOS="3236" HPOS="427"/>
<String CONTENT="George" HEIGHT="64" WIDTH="229" VPOS="3236" HPOS="460"/>
<SP HEIGHT="53" WIDTH="27" VPOS="3237" HPOS="690"/>
<String CONTENT="Jean," HEIGHT="65" WIDTH="168" VPOS="3237" HPOS="718"/>
<SP HEIGHT="59" WIDTH="31" VPOS="3243" HPOS="887"/>
<String CONTENT="1882-" HEIGHT="50" WIDTH="174" VPOS="3241" HPOS="919"/>
</TextLine>
<TextLine HEIGHT="73" WIDTH="1947" VPOS="3311" HPOS="225" STYLEREFS="StyleId-1AAEFBD2-DD9A-4D66-AAAB-7B6F1CBC1ED3-">
<String CONTENT="Testament" HEIGHT="53" WIDTH="329" VPOS="3313" HPOS="225"/>
<SP HEIGHT="46" WIDTH="26" VPOS="3320" HPOS="555"/>
<String CONTENT="of" HEIGHT="52" WIDTH="62" VPOS="3312" HPOS="582"/>
<SP HEIGHT="52" WIDTH="29" VPOS="3312" HPOS="645"/>
<String CONTENT="a" HEIGHT="33" WIDTH="30" VPOS="3331" HPOS="675"/>
<SP HEIGHT="34" WIDTH="28" VPOS="3331" HPOS="706"/>
<String CONTENT="critic" HEIGHT="54" WIDTH="162" VPOS="3311" HPOS="735"/>
<SP HEIGHT="50" WIDTH="33" VPOS="3332" HPOS="898"/>
<String CONTENT="[by]" HEIGHT="70" WIDTH="108" VPOS="3312" HPOS="932"/>
<SP HEIGHT="69" WIDTH="35" VPOS="3312" HPOS="1041"/>
<String CONTENT="George" HEIGHT="70" WIDTH="221" VPOS="3312" HPOS="1077"/>
<SP HEIGHT="54" WIDTH="25" VPOS="3314" HPOS="1299"/>
<String CONTENT="Jean" HEIGHT="54" WIDTH="149" VPOS="3314" HPOS="1325"/>
<SP HEIGHT="51" WIDTH="27" VPOS="3315" HPOS="1475"/>
<String CONTENT="Nathan." HEIGHT="53" WIDTH="249" VPOS="3315" HPOS="1503"/>
<SP HEIGHT="52" WIDTH="67" VPOS="3316" HPOS="1753"/>
<String CONTENT="New" HEIGHT="54" WIDTH="139" VPOS="3316" HPOS="1821"/>
<SP HEIGHT="53" WIDTH="32" VPOS="3317" HPOS="1961"/>
<String CONTENT="York," HEIGHT="67" WIDTH="178" VPOS="3317" HPOS="1994"/>
</TextLine>
<TextLine HEIGHT="68" WIDTH="908" VPOS="3390" HPOS="156" STYLEREFS="StyleId-1AAEFBD2-DD9A-4D66-AAAB-7B6F1CBC1ED3-">
<String CONTENT="London," HEIGHT="67" WIDTH="256" VPOS="3390" HPOS="156"/>
<SP HEIGHT="67" WIDTH="31" VPOS="3390" HPOS="413"/>
<String CONTENT="A." HEIGHT="53" WIDTH="69" VPOS="3390" HPOS="445"/>
<SP HEIGHT="52" WIDTH="33" VPOS="3391" HPOS="515"/>
<String CONTENT="A." HEIGHT="53" WIDTH="69" VPOS="3391" HPOS="549"/>
<SP HEIGHT="53" WIDTH="34" VPOS="3391" HPOS="619"/>
<String CONTENT="Knopf," HEIGHT="68" WIDTH="226" VPOS="3390" HPOS="654"/>
<SP HEIGHT="64" WIDTH="33" VPOS="3394" HPOS="881"/>
<String CONTENT="1931." HEIGHT="49" WIDTH="149" VPOS="3394" HPOS="915"/>
</TextLine>
<TextLine HEIGHT="48" WIDTH="746" VPOS="3474" HPOS="227" CS="1">
<String LANG="en-US" CONTENT="4" HEIGHT="38" WIDTH="28" VPOS="3474" HPOS="227"/>
<SP HEIGHT="47" WIDTH="24" VPOS="3474" HPOS="256"/>
<String LANG="fr" CONTENT="p." HEIGHT="36" WIDTH="43" VPOS="3485" HPOS="281"/>
<SP/>
<String LANG="fr" CS="1" CONTENT="l.,"/>
<SP/>
<String LANG="en-US" CONTENT="3-257" HEIGHT="41" WIDTH="146" VPOS="3474" HPOS="422"/>
<SP HEIGHT="47" WIDTH="26" VPOS="3475" HPOS="569"/>
<String LANG="fr" CONTENT="p.," HEIGHT="37" WIDTH="58" VPOS="3485" HPOS="596"/>
<SP HEIGHT="40" WIDTH="27" VPOS="3476" HPOS="655"/>
<String LANG="en-US" CONTENT="1" HEIGHT="38" WIDTH="24" VPOS="3476" HPOS="683"/>
<SP HEIGHT="40" WIDTH="28" VPOS="3474" HPOS="708"/>
<String LANG="en-US" CS="1" CONTENT="l." HEIGHT="8" WIDTH="7" VPOS="3507" HPOS="758"/>
<SP HEIGHT="40" WIDTH="60" VPOS="3475" HPOS="766"/>
<String LANG="en-US" CS="1" CONTENT="19&#189;" HEIGHT="40" WIDTH="55" VPOS="3475" HPOS="827"/>
<String STYLE="superscript" LANG="en-US" CS="1" CONTENT="&#7580;&#7504;"/>
<String LANG="en-US" CONTENT="." HEIGHT="8" WIDTH="8" VPOS="3509" HPOS="965"/>
</TextLine>
<TextLine HEIGHT="57" WIDTH="2009" VPOS="3527" HPOS="166" CS="1">
<String CONTENT="&#169;" HEIGHT="52" WIDTH="52" VPOS="3527" HPOS="166"/>
<SP HEIGHT="52" WIDTH="29" VPOS="3527" HPOS="219"/>
<String CONTENT="Jan." HEIGHT="40" WIDTH="110" VPOS="3532" HPOS="249"/>
<SP HEIGHT="41" WIDTH="27" VPOS="3531" HPOS="360"/>
<String CONTENT="2," HEIGHT="48" WIDTH="40" VPOS="3531" HPOS="388"/>
<SP HEIGHT="46" WIDTH="28" VPOS="3533" HPOS="429"/>
<String CS="1" CONTENT="1931;" HEIGHT="41" WIDTH="113" VPOS="3531" HPOS="458"/>
<SP HEIGHT="48" WIDTH="30" VPOS="3531" HPOS="600"/>
<String CONTENT="2c." HEIGHT="41" WIDTH="67" VPOS="3531" HPOS="631"/>
<SP HEIGHT="29" WIDTH="30" VPOS="3543" HPOS="699"/>
<String CONTENT="and" HEIGHT="39" WIDTH="97" VPOS="3533" HPOS="730"/>
<SP HEIGHT="39" WIDTH="27" VPOS="3533" HPOS="828"/>
<String LANG="de" CONTENT="aff." HEIGHT="42" WIDTH="82" VPOS="3531" HPOS="856"/>
<SP HEIGHT="40" WIDTH="30" VPOS="3533" HPOS="939"/>
<String CONTENT="Jan." HEIGHT="41" WIDTH="110" VPOS="3533" HPOS="970"/>
<SP HEIGHT="42" WIDTH="30" VPOS="3532" HPOS="1081"/>
<String CS="1" CONTENT="9;" HEIGHT="40" WIDTH="28" VPOS="3532" HPOS="1112"/>
<SP HEIGHT="47" WIDTH="32" VPOS="3533" HPOS="1165"/>
<!-- cceid DB72008D-6E8D-1014-9CF5-AEB3FCA41D69 --><String CONTENT="A" HEIGHT="39" WIDTH="41" VPOS="3533" HPOS="1198"/>
<SP HEIGHT="40" WIDTH="27" VPOS="3533" HPOS="1240"/>
<String CS="1" CONTENT="32714;" HEIGHT="40" WIDTH="144" VPOS="3533" HPOS="1268"/>
<SP HEIGHT="48" WIDTH="34" VPOS="3533" HPOS="1441"/>
<String LANG="fr" CONTENT="G." HEIGHT="43" WIDTH="53" VPOS="3533" HPOS="1476"/>
<SP HEIGHT="41" WIDTH="29" VPOS="3535" HPOS="1530"/>
<String CONTENT="J." HEIGHT="41" WIDTH="45" VPOS="3535" HPOS="1560"/>
<SP HEIGHT="41" WIDTH="28" VPOS="3535" HPOS="1606"/>
<String CONTENT="Nathan," HEIGHT="49" WIDTH="215" VPOS="3535" HPOS="1635"/>
<SP HEIGHT="48" WIDTH="29" VPOS="3536" HPOS="1851"/>
<String CONTENT="New" HEIGHT="40" WIDTH="121" VPOS="3536" HPOS="1881"/>
<SP HEIGHT="39" WIDTH="26" VPOS="3537" HPOS="2003"/>
<String CONTENT="York." HEIGHT="40" WIDTH="145" VPOS="3537" HPOS="2030"/>
</TextLine>
<TextLine HEIGHT="50" WIDTH="252" VPOS="3588" HPOS="244">
<String CONTENT="(31-1498)" HEIGHT="50" WIDTH="252" VPOS="3588" HPOS="244"/>
</TextLine>
<TextLine HEIGHT="77" WIDTH="2017" VPOS="3683" HPOS="162" STYLEREFS="StyleId-1AAEFBD2-DD9A-4D66-AAAB-7B6F1CBC1ED3-" CS="1">
<String CONTENT="The" HEIGHT="54" WIDTH="121" VPOS="3684" HPOS="162"/>
<SP HEIGHT="55" WIDTH="38" VPOS="3683" HPOS="284"/>
<String CONTENT="National" HEIGHT="53" WIDTH="283" VPOS="3683" HPOS="323"/>
<SP HEIGHT="56" WIDTH="39" VPOS="3683" HPOS="607"/>
<String CS="1" CONTENT="cyclop&#230;dia" HEIGHT="69" WIDTH="347" VPOS="3685" HPOS="647"/>
<SP HEIGHT="34" WIDTH="39" VPOS="3705" HPOS="995"/>
<String CONTENT="of" HEIGHT="52" WIDTH="64" VPOS="3687" HPOS="1035"/>
<SP HEIGHT="52" WIDTH="36" VPOS="3687" HPOS="1100"/>
<String CONTENT="American" HEIGHT="55" WIDTH="310" VPOS="3687" HPOS="1137"/>
<SP HEIGHT="54" WIDTH="38" VPOS="3688" HPOS="1448"/>
<String CONTENT="biography," HEIGHT="72" WIDTH="344" VPOS="3688" HPOS="1487"/>
<SP HEIGHT="68" WIDTH="38" VPOS="3690" HPOS="1832"/>
<String CONTENT="being" HEIGHT="69" WIDTH="173" VPOS="3690" HPOS="1871"/>
<SP HEIGHT="63" WIDTH="38" VPOS="3696" HPOS="2045"/>
<String CONTENT="the" HEIGHT="53" WIDTH="95" VPOS="3691" HPOS="2084"/>
</TextLine>
<TextLine HEIGHT="68" WIDTH="1947" VPOS="3764" HPOS="233" STYLEREFS="StyleId-1AAEFBD2-DD9A-4D66-AAAB-7B6F1CBC1ED3-">
<String CONTENT="history" HEIGHT="68" WIDTH="222" VPOS="3764" HPOS="233"/>
<SP HEIGHT="48" WIDTH="27" VPOS="3784" HPOS="456"/>
<String CONTENT="of" HEIGHT="52" WIDTH="64" VPOS="3765" HPOS="484"/>
<SP HEIGHT="52" WIDTH="24" VPOS="3765" HPOS="549"/>
<String CONTENT="the" HEIGHT="53" WIDTH="96" VPOS="3765" HPOS="574"/>
<SP HEIGHT="53" WIDTH="25" VPOS="3765" HPOS="671"/>
<String CONTENT="United" HEIGHT="54" WIDTH="218" VPOS="3764" HPOS="697"/>
<SP HEIGHT="55" WIDTH="30" VPOS="3764" HPOS="916"/>
<String CONTENT="States" HEIGHT="55" WIDTH="189" VPOS="3764" HPOS="947"/>
<SP HEIGHT="33" WIDTH="27" VPOS="3786" HPOS="1137"/>
<String CONTENT="as" HEIGHT="33" WIDTH="60" VPOS="3786" HPOS="1165"/>
<SP HEIGHT="53" WIDTH="27" VPOS="3766" HPOS="1226"/>
<String CONTENT="illustrated" HEIGHT="55" WIDTH="327" VPOS="3766" HPOS="1254"/>
<SP HEIGHT="51" WIDTH="27" VPOS="3770" HPOS="1582"/>
<String CONTENT="in" HEIGHT="51" WIDTH="60" VPOS="3770" HPOS="1610"/>
<SP HEIGHT="48" WIDTH="26" VPOS="3773" HPOS="1671"/>
<String CONTENT="the" HEIGHT="52" WIDTH="96" VPOS="3770" HPOS="1698"/>
<SP HEIGHT="51" WIDTH="27" VPOS="3771" HPOS="1795"/>
<String CONTENT="lives" HEIGHT="54" WIDTH="141" VPOS="3769" HPOS="1823"/>
<SP HEIGHT="34" WIDTH="29" VPOS="3789" HPOS="1965"/>
<String CONTENT="of" HEIGHT="53" WIDTH="62" VPOS="3769" HPOS="1995"/>
<SP HEIGHT="52" WIDTH="25" VPOS="3769" HPOS="2058"/>
<String CONTENT="the" HEIGHT="50" WIDTH="96" VPOS="3771" HPOS="2084"/>
</TextLine>
<TextLine HEIGHT="74" WIDTH="1945" VPOS="3841" HPOS="234" STYLEREFS="StyleId-1AAEFBD2-DD9A-4D66-AAAB-7B6F1CBC1ED3-">
<String CONTENT="founders," HEIGHT="70" WIDTH="293" VPOS="3841" HPOS="234"/>
<SP HEIGHT="67" WIDTH="27" VPOS="3844" HPOS="528"/>
<String CONTENT="builders" HEIGHT="54" WIDTH="254" VPOS="3843" HPOS="556"/>
<SP HEIGHT="34" WIDTH="30" VPOS="3863" HPOS="811"/>
<String CONTENT="and" HEIGHT="52" WIDTH="113" VPOS="3845" HPOS="842"/>
<SP HEIGHT="52" WIDTH="28" VPOS="3845" HPOS="956"/>
<String CONTENT="defenders" HEIGHT="55" WIDTH="305" VPOS="3843" HPOS="985"/>
<SP HEIGHT="33" WIDTH="29" VPOS="3865" HPOS="1291"/>
<String CONTENT="of" HEIGHT="52" WIDTH="64" VPOS="3845" HPOS="1321"/>
<SP HEIGHT="53" WIDTH="28" VPOS="3845" HPOS="1386"/>
<String CONTENT="the" HEIGHT="52" WIDTH="95" VPOS="3847" HPOS="1415"/>
<SP HEIGHT="34" WIDTH="27" VPOS="3865" HPOS="1511"/>
<String CONTENT="republic," HEIGHT="67" WIDTH="275" VPOS="3848" HPOS="1539"/>
<SP HEIGHT="48" WIDTH="29" VPOS="3867" HPOS="1815"/>
<String CONTENT="and" HEIGHT="51" WIDTH="114" VPOS="3850" HPOS="1845"/>
<SP HEIGHT="51" WIDTH="29" VPOS="3850" HPOS="1960"/>
<String CONTENT="of" HEIGHT="50" WIDTH="65" VPOS="3849" HPOS="1990"/>
<SP HEIGHT="51" WIDTH="27" VPOS="3849" HPOS="2056"/>
<String CONTENT="the" HEIGHT="53" WIDTH="95" VPOS="3847" HPOS="2084"/>
</TextLine>
<TextLine HEIGHT="71" WIDTH="1947" VPOS="3922" HPOS="233" STYLEREFS="StyleId-1AAEFBD2-DD9A-4D66-AAAB-7B6F1CBC1ED3-">
<String CONTENT="men" HEIGHT="33" WIDTH="129" VPOS="3939" HPOS="233"/>
<SP HEIGHT="34" WIDTH="32" VPOS="3939" HPOS="363"/>
<String CONTENT="and" HEIGHT="51" WIDTH="112" VPOS="3922" HPOS="396"/>
<SP HEIGHT="51" WIDTH="32" VPOS="3922" HPOS="509"/>
<String CONTENT="women" HEIGHT="34" WIDTH="217" VPOS="3939" HPOS="542"/>
<SP HEIGHT="33" WIDTH="30" VPOS="3940" HPOS="760"/>
<String CONTENT="who" HEIGHT="51" WIDTH="127" VPOS="3922" HPOS="791"/>
<SP HEIGHT="35" WIDTH="31" VPOS="3940" HPOS="919"/>
<String CONTENT="are" HEIGHT="34" WIDTH="94" VPOS="3941" HPOS="951"/>
<SP HEIGHT="52" WIDTH="32" VPOS="3923" HPOS="1046"/>
<String CONTENT="doing" HEIGHT="69" WIDTH="178" VPOS="3922" HPOS="1079"/>
<SP HEIGHT="62" WIDTH="28" VPOS="3929" HPOS="1258"/>
<String CONTENT="the" HEIGHT="52" WIDTH="96" VPOS="3924" HPOS="1287"/>
<SP HEIGHT="33" WIDTH="30" VPOS="3943" HPOS="1384"/>
<String CONTENT="work" HEIGHT="52" WIDTH="159" VPOS="3924" HPOS="1415"/>
<SP HEIGHT="53" WIDTH="31" VPOS="3924" HPOS="1575"/>
<String CONTENT="and" HEIGHT="52" WIDTH="113" VPOS="3927" HPOS="1607"/>
<SP HEIGHT="52" WIDTH="29" VPOS="3927" HPOS="1721"/>
<String CONTENT="moulding" HEIGHT="67" WIDTH="302" VPOS="3926" HPOS="1751"/>
<SP HEIGHT="62" WIDTH="28" VPOS="3931" HPOS="2054"/>
<String CONTENT="the" HEIGHT="51" WIDTH="97" VPOS="3927" HPOS="2083"/>
</TextLine>
</TextBlock>
</PrintSpace>
</Page>
</Layout>
</alto>