2428 4370
1176 4016 135 51 1456

230 461 220 55 Second
475 461 187 53 series.
736 460 165 55 With
928 479 33 34 a
984 459 236 70 preface
1242 461 77 69 by
1342 460 78 54 H.
1449 459 568 57 Granville-Barker.
228 461 1987 146 London,

390 537 296 72 Sidgwick
710 541 47 52 &
780 538 252 57 Jackson
1058 539 124 69 ltd.,
1210 540 153 54 1931.

297 623 132 48 xxiv,
458 623 100 48 287,
592 623 55 50 [1]
676 633 44 38 p.
780 622 130 41 illus.
970 621 56 41 19½ᶜᵐ.

233 691 2006 52 © 1c. Aug. 12, 1931; A ad int. 15395; pubd. June 17; L. Housman,
302 752 257 48 Somerset,
594 752 236 47 England.
903 750 282 49 (31-24169)

230 860 176 65 Irish,
436 861 200 52 Frank
665 861 129 53 Van
824 862 219 63 Buren,
1075 867 172 49 1848-

300 937 139 55 New
479 938 400 69 orthography
920 940 113 51 and
1072 940 298 67 orthoepy,
1411 938 141 54 with
1591 957 174 50 many
1805 957 123 34 new
1969 938 273 53 exercises

231 1016 2008 70 for practice, by Frank V. Irish … New York, Noble and
229 1095 181 54 Noble
447 1098 193 65 [ᶜ1931]

301 1176 484 52 ix, [1], 147 p. 18 ᶜᵐ.
235 1244 52 52 ©
327 1249 122 47 Aug.
488 1247 70 49 22,
599 1246 142 43 1931;
782 1247 68 41 2c.
893 1248 128 47 Sept.
1061 1248 84 47 18;
1188 1247 83 41 aff.
1315 1248 127 48 Sept.
1483 1246 82 49 19;
1609 1248 42 39 A
1688 1247 173 47 41702;
1906 1248 51 39 F.
2001 1248 53 41 V.
2096 1247 145 41 Irish.

304 1305 276 48 Columbus,
608 1305 52 40 O.
729 1301 67 53 [©
823 1305 142 40 radio
987 1306 96 39 and
1109 1305 297 40 automobile
1432 1306 174 48 words]
1680 1304 282 50 (31-24519)

232 1416 243 64 Jacoby,
506 1416 238 55 Samuel
777 1416 70 55 A.

301 1494 122 54 The
461 1493 381 68 immortality
884 1491 64 55 of
987 1493 97 52 the
1122 1493 141 68 soul,
1304 1492 232 54 written
1575 1494 167 53 down
1780 1494 77 69 by
1901 1494 231 56 Samuel
2173 1494 70 53 A.

232 1570 1951 71 Jacoby and inspired by Henry K. Wakamussen in spirit …
231 1648 1765 73 Los Angeles, Calif., The Austin publishing co. [ ᶜ1 931]
302 1732 695 49 166 p. front. (port.) 23 ᶜᵐ.
238 1800 52 52 ©
332 1804 128 48 Sept.
501 1805 38 48 1,
580 1803 114 41 1931;
762 1802 68 43 2c.
870 1806 98 38 and
1008 1803 81 41 aff.
1134 1804 130 48 Sept.
1303 1804 82 46 19;
1429 1805 41 38 A
1508 1804 171 47 41742;
1726 1804 44 41 S.
1811 1804 56 40 A.
1908 1804 200 47 Jacoby,
2150 1805 98 39 Los.

304 1862 221 48 Angeles.
597 1861 282 49 (31-24606)

233 1956 222 64 James,
489 1957 165 55 Paul.

306 2034 134 53 And
466 2035 138 52 then
629 2034 188 54 what?
883 2035 93 69 By
1001 2035 150 53 Paul
1176 2034 212 55 James.
1450 2034 140 55 New
1618 2033 181 70 York,
1826 2033 72 54 A.
1924 2034 73 53 A.
2023 2033 227 69 Knopf,

235 2116 152 50 1931.

304 2195 650 50 5 p. l. , 3-102 p., 1 l. 19½ᶜᵐ.
303 2267 163 41 “First
495 2267 229 41 edition.”

304 2325 187 40 Poems.

239 2392 52 52 ©
323 2397 127 47 Sept.
479 2397 69 46 11,
577 2395 115 41 1931;
748 2395 68 42 2c.
847 2396 127 48 Sept.
1005 2397 55 38 14;
1119 2395 82 42 aff.
1233 2396 130 47 Sept.
1391 2396 56 40 15;
1505 2395 41 40 A
1573 2395 146 41 41616;
1779 2396 172 40 Alfred
1982 2396 53 39 A.
2066 2394 180 50 Knopf,

307 2453 92 41 inc.
471 2453 283 51 (31-24170)

236 2547 228 65 Jillson,
493 2547 244 55 Willard
767 2550 214 63 Rouse,
1012 2554 172 49 1890-

305 2625 260 70 Geology
607 2629 51 49 &
701 2626 297 69 industry;
1044 2644 73 34 an
1161 2624 324 70 exposition
1528 2623 65 55 of
1635 2626 97 52 the
1777 2624 285 55 economic
235 2625 1989 147 relationship

531 2704 254 52 between
823 2709 146 48 state
1010 2702 317 71 geological
1370 2704 114 53 and
1526 2703 311 54 industrial
1879 2722 253 51 surveys,
2173 2703 74 70 by

233 2781 2015 71 Willard Rouse Jillson … Frankfort, Ky., The Kentucky
234 2861 333 70 Geological
597 2880 224 50 survey,
853 2863 153 53 1931.

302 2944 56 40 31
387 2953 45 38 p.
492 2941 57 42 18½ᶜᵐ.

307 3014 163 40 “First
502 3012 199 42 edition.
762 3012 87 42 300
878 3013 205 48 copies.”

308 3070 130 40 “The
476 3071 208 47 ensuing
721 3080 161 38 pages,
922 3079 110 31 now
1073 3071 270 40 somewhat
1384 3071 203 46 revised,
1630 3081 128 31 were
1803 3072 114 40 read
1958 3071 167 42 before
2169 3073 82 40 the

236 3128 134 39 sixth
407 3128 180 39 annual
630 3126 269 41 Industrial
940 3128 336 47 development
1313 3127 287 41 conference
1638 3127 53 41 of
1727 3127 83 42 the
1852 3127 242 42 Southern
237 3129 1996 94 division

378 3184 54 40 of
466 3186 82 39 the
583 3185 257 40 American
880 3184 185 47 mining
1099 3194 227 37 congress
1364 3187 51 38 at
1452 3184 280 45 Louisville,
1771 3185 272 47 Kentucky,
2081 3185 169 41 March

238 3241 67 48 16,
341 3241 129 47 1931,
508 3243 154 39 under
698 3242 82 40 the
818 3241 120 46 title,
978 3241 113 41 ‘The
1133 3241 320 48 relationship
1491 3242 217 41 between
1746 3241 263 50 geological
2050 3244 95 40 and
236 3243 1997 96 industrial

477 3298 601 48 surveys’.”—Foreword.

241 3366 2004 54 © July 30, 1931; 1c. and aff. Sept. 3; 1c. Sept. 12; A 42277; W. R.
311 3427 191 48 Jillson,
537 3428 283 48 Frankfort,
854 3428 91 47 Ky.
1021 3427 282 48 (31-24642)

240 3521 366 64 Jope-Slade,
641 3521 321 56 Christine.

311 3598 131 53 Life
472 3599 46 52 is
549 3598 136 54 such
716 3618 30 33 a
778 3598 154 68 rush,
961 3599 76 69 by
1070 3598 292 56 Christine
1392 3598 369 70 Jope-Slade.
1829 3599 420 69 Indianapolis.

239 3676 1138 71 The Bobbs-Merrill company [ ᶜ1 931]
306 3756 536 51 3 p. l., 9-313 p. 20½ᶜᵐ.
310 3827 163 42 “First
503 3827 230 43 edition.”

246 3894 52 52 ©
329 3898 127 49 Sept.
485 3901 55 39 16,
582 3900 109 42 1931;
754 3901 65 41 2c.
853 3902 127 48 Sept.
1008 3902 83 43 26;
1123 3902 83 42 aff.
1238 3904 126 47 Sept.
1395 3903 82 47 28;
1509 3904 39 39 A
1576 3903 139 41 42641;
1781 3903 370 40 Bobbs-Merrill
2182 3914 67 30 co.

323 3954 281 53 (31-24775)
