2982 5110
1667 4841 162 62 1054

541 531 482 92 [Shampaign,
1055 531 296 70 Charles
1381 533 84 66 E.]

611 621 388 66 Handbook
1039 643 86 44 on
1167 629 454 78 percentages,
1663 619 400 86 containing
2103 617 180 70 rules
2325 619 114 66 for
2481 617 114 66 the
2635 617 256 84 playing

527 711 2364 88 of the games … American method of playing; with numerous
529 807 212 66 tables
777 807 134 64 and
947 805 418 68 tabulations
1399 815 72 58 to
1503 805 222 66 which
1763 805 56 66 is
1855 803 356 86 appended
2249 827 88 44 an
2373 803 340 68 elaborate
529 813 2342 152 treatise
681 921 86 42 on

797 901 116 66 the
939 897 306 68 doctrine
1273 897 76 66 of
1373 897 304 82 chances,
1705 897 88 86 by
1817 897 300 68 “Sham”
2179 897 226 84 [pseud.]
2521 895 190 84 Rev.,
2739 899 152 62 1930.

529 993 102 66 St.
667 991 228 86 Louis,
931 993 138 66 Mo.
1111 995 232 82 [ᶜ1930]

615 1091 104 50 128
749 1103 54 50 p.
869 1091 140 52 19ᶜᵐ.

617 1175 296 58 Privately
943 1175 234 60 printed
1209 1177 138 50 1928
1377 1177 186 50 under
1593 1175 162 52 title:
1793 1175 320 52 Handbook
2147 1189 72 34 on
2253 1187 184 46 craps.

545 1255 64 66 ©
643 1261 134 52 Dec.
811 1263 84 52 15.
927 1263 170 54 1930;
1131 1263 82 50 2c.
1245 1263 134 50 Jan.
1411 1263 32 46 28.
1531 1261 170 56 1931;
1777 1261 60 48 aff.
1875 1263 146 48 Mar.
2055 1261 100 56 12;
2195 1261 44 50 A
2275 1261 208 56 35271;
2519 1261 112 48 Joe
2663 1261 234 54 Preybal.

629 1331 80 50 St.
749 1329 190 50 Louis.
1023 1331 338 58 (31-17583)

536 1458 329 80 Sigerist,
900 1459 250 78 Henry
1182 1460 245 79 Ernst,
1465 1466 204 61 1891-

618 1549 458 85 Einführung
1107 1549 72 65 in
1215 1550 112 65 die
1361 1551 318 82 medizin,
1713 1572 131 42 von
1882 1550 102 65 dr.
2021 1551 173 63 med.
2232 1551 242 82 Henry
2513 1550 81 65 E.
2636 1550 261 82 Sigerist

608 1642 1068 84 … Leipzig, G. Thieme, 1931.
619 1741 980 62 vi p., 3 l., [5]-405 p., 1 l. 23 ᶜᵐ .
545 1821 2062 64 © Jan. 1, 1931; 1c . Feb. 13; A—Foreign 11499; Georg Thieme.
638 1896 337 57 (31-17184)

537 2025 329 79 Slichter,
899 2026 305 67 Sumner
1236 2024 266 79 Huber,
1542 2029 205 63 1892-

621 2115 2275 85 Modern economic society, by Sumner H. Slichter … New
542 2212 213 81 York,
787 2213 91 63 H.
910 2210 176 64 Holt
1118 2211 136 64 and
1285 2230 335 64 company
1708 2213 180 77 [ᶜ1931]

625 2306 819 60 xii, 909 p. diagrs. 24 ᶜᵐ .
627 2374 419 50 “References”
1079 2378 62 45 at
1173 2374 110 50 end
1316 2375 65 48 of
1410 2374 144 50 each
1586 2374 258 58 chapter.

547 2456 63 63 ©
645 2461 154 50 June
832 2460 86 55 22,
956 2458 167 57 1931;
1162 2460 81 49 2c.
1281 2460 115 48 and
1433 2459 98 49 aff.
1571 2459 137 58 July
1744 2461 65 52 3;
1850 2461 47 46 A
1935 2459 173 48 40235;
2181 2461 202 58 Henry
2424 2460 141 50 Holt
2605 2462 45 49 &
2686 2475 79 34 co.,
2816 2461 85 48 inc.

632 2524 84 65 [©
745 2529 251 56 changes
1025 2529 112 47 and
1170 2527 297 50 additions]
1569 2529 335 54 (31-17132)

541 2656 441 79 Smallwood,
1013 2656 264 79 Joseph
1309 2656 331 79 Roberts,
1676 2663 203 60 1900-

626 2748 146 65 The
816 2769 148 44 new
1010 2746 595 83 Newfoundland;
1657 2769 88 43 an
1795 2756 285 57 account
2127 2748 78 65 of
2254 2749 114 64 the
2419 2750 482 83 revolutionary

542 2841 508 83 developments
1090 2839 220 65 which
1353 2861 114 44 are
1507 2840 506 85 transforming
2056 2840 332 67 Britain’s
2429 2839 222 70 oldest
2691 2844 210 81 colony

543 2931 182 67 from
774 2932 155 65 “the
979 2931 392 68 Cinderella
1420 2930 79 67 of
1547 2931 117 66 the
1712 2932 301 84 empire”
2065 2933 146 65 into
2262 2956 126 44 one
2441 2933 79 67 of
2571 2936 117 65 the
2738 2942 165 79 great

543 3024 2360 85 small nations of the world, by J. R. Smallwood … New
547 3116 214 84 York,
794 3117 145 65 The
972 3117 400 65 Macmillan
1405 3138 358 63 company,
1797 3120 180 62 1931.

625 3213 99 49 xvi
759 3226 52 47 p.,
866 3214 30 48 1
953 3251 28 16 l.,
1017 3213 104 49 277
1155 3226 52 46 p.
1280 3212 196 58 front.,
1510 3213 207 59 plates,
1754 3218 197 54 ports.,
1990 3214 139 51 fold.
2168 3227 148 47 map.
2385 3215 142 51 21ᶜᵐ.

554 3295 62 63 ©
651 3301 154 49 June
834 3300 48 57 9,
918 3300 130 47 1931;
1122 3300 81 49 2c.
1238 3301 116 46 and
1389 3299 99 50 aff.
1524 3300 153 48 June
1714 3302 95 51 10;
1848 3302 51 45 A
1932 3302 177 47 38700;
2180 3303 337 48 Macmillan
2550 3317 85 38 co.

647 3369 334 57 (31-17166)

547 3481 367 77 Snowden,
945 3481 248 66 James
1222 3481 269 78 Henry.

635 3574 394 69 Snowden’s
1099 3574 282 86 Sunday
1452 3576 224 64 school
1749 3577 249 63 lessons;
2107 3577 326 83 practical
2502 3579 408 83 expositions,

549 3669 417 84 evangelical
996 3670 134 64 and
1160 3669 427 65 unsectarian
1616 3669 79 63 of
1722 3669 112 65 the
1864 3669 503 67 International
2400 3671 286 87 Sunday
2714 3667 195 72 school

550 3762 272 82 lessons,
867 3762 352 82 improved
1264 3761 306 64 uniform
1613 3761 236 66 series:
1892 3784 231 44 course
2164 3764 78 65 of
2287 3768 179 60 1932.
2560 3767 108 82 By
2710 3767 200 64 James

550 3855 91 64 H.
675 3854 356 68 Snowden.
1122 3853 336 67 Eleventh
1487 3856 253 63 annual
1768 3856 285 65 volume.
2143 3857 165 64 New
2340 3857 215 74 York,
2584 3861 145 64 The
548 3858 2340 154 Macmillan
823 3968 358 61 company,
1217 3951 180 61 1931.

639 4043 165 56 xxiii,
840 4042 106 49 390
981 4055 50 45 p.
1105 4043 138 49 18ᶜᵐ.

554 4123 67 63 ©
652 4129 142 55 Aug.
822 4128 49 50 4,
903 4125 130 51 1931;
1104 4128 80 46 2c.
1214 4128 113 47 and
1361 4127 98 49 aff.
1489 4128 142 52 Aug.
1660 4129 32 46 5;
1759 4129 46 47 A
1836 4128 172 49 39865;
2076 4131 335 49 Macmillan
2440 4144 83 37 co.

551 4240 266 78 States,
852 4239 269 66 Fannie
1154 4241 97 66 M.

639 4332 65 64 A
741 4330 242 85 steady
1018 4330 227 81 climb,
1281 4331 114 65 the
1434 4339 190 77 story
1661 4331 79 65 of
1777 4354 36 44 a
1854 4353 233 65 young
2124 4356 161 44 man
2321 4341 150 60 true
2508 4344 73 58 to
2621 4336 106 66 his
2764 4331 146 71 God,

555 4426 90 83 by
677 4423 266 66 Fannie
974 4424 96 65 M.
1109 4422 245 69 States.
1443 4426 191 65 Rock
1669 4427 261 82 Island,
1964 4428 139 82 Ill.,
2137 4428 408 84 Augustana
2580 4429 176 66 book
552 4447 2337 136 concern
759 4521 233 79 [ᶜ1931]

638 4616 901 60 89 p. incl. illus., pl. 17 ½ᶜᵐ .
560 4698 63 63 ©
656 4703 153 48 June
837 4701 83 54 29,
951 4702 130 49 1931;
1153 4702 79 49 2c.
1266 4704 112 47 and
1411 4703 96 49 aff.
1543 4704 136 57 July
1713 4705 63 54 3;
1811 4705 48 46 A
1887 4704 172 49 39211;
2128 4706 345 57 Augustana
2505 4706 150 50 book
2683 4712 226 43 concern.

654 4770 337 59 (31-17278)
