2505 4370
0 0 0 0 1282
398 437 1662 55 xiii, [1], 3-386 p. incl. maps. front. (ports.) plates. 22½ ᶜᵐ .
402 496 43 39 A
480 495 256 41 narrative
774 497 51 39 of
864 498 83 39 the
984 497 207 49 journey
1228 499 131 39 from
1397 499 131 49 Cape
1565 501 150 39 Town
1754 503 49 38 to
1841 501 144 41 Cairo.
2039 504 306 40 undertaken

329 553 50 41 in
424 553 281 49 September
745 554 117 42 1928
902 554 61 49 by
1004 556 215 41 Edward
1260 557 55 41 A.
1356 556 131 42 Cook
1527 559 96 39 and
1664 558 192 41 Ronald
1895 559 55 42 A.
1990 559 218 43 Monson.
2248 562 98 40 and

327 612 272 47 completed
632 612 51 39 in
716 612 267 41 December
1016 613 116 41 1929
1166 615 61 47 by
1264 615 191 40 Ronald
1487 616 53 39 A.
1579 616 205 39 Monson
1818 617 97 39 and
1950 617 167 40 James
2152 618 194 41 Hunter

328 669 187 40 Wilson.
590 670 60 47 cf.
681 669 132 41 Pref.

333 722 2013 58 © Aug. 14, 1931; 2c. Aug. 21; aff. Aug. 26; A 41256; Dodd, Mead & co.,
403 784 93 41 inc.
571 784 282 49 (31-22418)

327 878 285 53 National
647 878 343 54 committee
1025 896 74 36 on
1134 881 291 52 standard
1461 883 238 61 reports
1735 881 96 53 for
1868 881 382 54 institutions
2284 882 64 53 of

398 956 217 65 higher
644 957 333 56 education.

320 1032 1998 131 … Suggested forms for financial reports of colleges and universities.
670 1110 314 55 Published
1041 1110 75 72 by
1173 1114 98 54 the
1333 1112 354 55 Committee.
1769 1112 402 71 [Champaign,
2232 1114 113 68 Ill.,

318 1187 170 54 Press
515 1188 65 53 of
607 1189 569 68 Flanigan-Pearson
1207 1208 98 51 co.]
1346 1194 151 50 1981.

391 1271 797 50 viii, 88 p. incl. forms. 22½ ᶜᵐ .
391 1328 207 42 Preface
626 1328 169 48 signed
813 1341 8 28 :
852 1330 152 47 Lloyd
1034 1329 182 49 Morey,
1246 1330 268 41 chairman.

329 1382 2018 54 © July 31, 1931; 2c. and aff. Aug. 6; A 40645; National committee on
397 1446 242 38 standard
669 1447 192 45 reports
889 1444 79 41 for
999 1444 312 41 institutions
1341 1444 51 41 of
1422 1444 176 49 higher
1626 1445 274 50 education,
1933 1446 216 49 Urbana,
2182 1447 74 40 Ill.

407 1501 284 50 (31-22045)

322 1596 287 54 National
638 1600 106 50 tax
774 1596 380 57 association.

394 1676 386 71 Proceedings
807 1677 65 53 of
898 1678 96 52 the
1020 1678 108 53 23d
1157 1678 214 53 annual
1399 1676 334 56 conference
1758 1697 72 35 on
1857 1679 280 69 taxation,
2164 1680 181 53 under

322 1757 99 53 the
459 1756 257 69 auspices
756 1756 64 52 of
859 1757 95 52 the
994 1756 277 54 National
1308 1761 100 47 tax
1447 1755 358 72 association,
1844 1757 135 53 held
2018 1763 59 48 at
2117 1757 227 54 Kansas

324 1836 155 68 City,
508 1836 292 67 Missouri,
832 1834 247 55 October
1108 1837 192 65 20-24,
1332 1837 150 50 1930.
1560 1835 215 54 Edited
1802 1836 78 69 by
1905 1836 92 54 W.
2029 1835 69 55 G.
2132 1834 213 69 Query,

323 1919 300 62 secretary.
703 1913 321 55 Columbia,
1058 1912 54 55 S.
1146 1912 82 68 C.,
1258 1913 276 53 National
1564 1919 100 47 tax
1696 1913 357 70 association,
2085 1917 152 50 1931.

396 1995 541 48 xviii, 462 p. 21½ ᶜᵐ .
325 2048 54 53 ©
405 2053 114 47 Apr.
546 2051 72 49 28,
646 2051 113 41 1931;
816 2051 66 41 2c.
912 2052 129 40 June
1064 2050 55 41 23;
1179 2051 83 40 aff.
1291 2052 121 48 Aug.
1439 2051 84 47 28;
1552 2052 43 38 A
1621 2050 173 49 41299;
1824 2052 120 40 Natl.
1988 2055 86 37 tax
2104 2062 129 32 assn.

321 2163 148 52 New
497 2162 163 53 York
700 2164 219 71 (State)
1004 2163 167 54 Laws
1178 2207 12 27 ,
1218 2167 259 66 statutes,
1505 2170 101 47 etc.

395 2242 240 55 Cahill’s
683 2242 392 54 consolidated
1124 2243 140 53 laws
1314 2242 64 52 of
1427 2241 141 53 New
1618 2241 178 53 York.
1875 2241 303 69 Compiled
2230 2242 112 53 and

322 2322 192 53 edited
538 2322 77 69 by
641 2320 162 54 Basil
827 2321 192 54 Jones.
1099 2323 134 49 1931
1261 2321 377 67 supplement.
1718 2320 271 71 Chicago,
2019 2321 324 69 Callaghan

321 2402 113 51 and
466 2418 299 51 company,
799 2403 151 49 1931.

391 2479 529 50 2 p. l., 174 p. 27 ᶜᵐ .
325 2534 51 52 ©
413 2538 130 48 Sept.
576 2539 41 46 1,
649 2536 115 42 1931;
826 2537 67 40 2c.
929 2538 97 38 and
1059 2536 82 42 aff.
1178 2536 127 48 Sept.
1341 2537 27 38 4;
1431 2536 42 40 A
1503 2537 150 40 41457;
1716 2537 272 48 Callaghan
2022 2537 38 40 &
2093 2547 67 31 co.

320 2649 308 63 Newman,
661 2647 247 65 Evelyn,
942 2652 172 50 1881-

389 2727 122 52 The
548 2724 413 54 international
997 2729 133 49 note
1168 2725 61 51 in
1265 2729 437 63 contemporary
1741 2725 219 69 drama,
1996 2725 76 71 by
2111 2726 225 69 Evelyn

316 2800 1891 72 Newunan … New York city, The Kingsland press [ ᶜ1 931]
389 2884 766 51 1 p. l., v-xiii, 208 p. 20½ ᶜᵐ .
395 2943 106 40 “An
541 2942 145 41 effort
727 2945 49 37 to
818 2941 203 49 exhibit,
1062 2942 52 39 in
1154 2952 27 29 a
1224 2940 179 41 review
1444 2941 51 40 of
1535 2943 371 47 contemporary
1947 2943 172 38 drama
2161 2941 51 40 of
2253 2943 82 40 the

320 3002 140 39 three
496 3002 217 46 greatest
752 2999 286 48 belligerent
1075 2998 199 41 nations
1312 2998 49 42 in
1400 2998 84 40 the
1520 2999 154 39 world
1711 3008 103 30 war
1855 2998 255 49 [England,
2149 2998 187 41 France

318 3060 98 38 and
452 3058 259 47 Germany]
748 3067 29 29 a
812 3066 219 30 common
1065 3056 216 41 attitude
1315 3055 51 40 of
1401 3055 157 40 revolt
1592 3054 195 49 against
1822 3054 399 42 war.”—Introd.

393 3114 164 41 “First
586 3112 229 43 edition.”

392 3171 268 41 “Selective
689 3168 397 50 bibliography”:
1119 3181 39 36 p.
1189 3168 232 46 189-196;
1453 3168 237 41 “General
1719 3168 398 49 bibliography”:
2146 3179 43 38 p.
317 3168 2019 101 197-198

323 3282 54 53 ©
409 3287 117 47 May
556 3287 69 46 11,
660 3284 114 42 1931;
836 3284 69 42 2c.
940 3286 96 39 and
1069 3283 84 42 aff.
1186 3283 121 46 Aug.
1341 3282 59 41 29;
1461 3284 41 38 A
1534 3282 146 41 42069;
1745 3284 54 39 E.
1834 3283 248 48 Newman,
2118 3283 216 46 Greeley,

392 3343 98 41 Col.
563 3342 281 49 (31-22460)

320 3437 303 65 Oliphant,
650 3437 125 55 Jas.
803 3438 92 63 H.,
923 3436 52 53 &
1001 3453 84 38 co.

393 3516 231 55 Studies
655 3517 60 52 in
745 3517 307 53 securities,
1087 3518 149 50 1931.
1315 3514 172 53 Fifth
1518 3517 162 51 issue.
1759 3514 166 55 Some
1957 3514 64 52 of
2051 3513 98 53 the
316 3512 1996 136 studies
415 3595 64 52 of

500 3595 396 68 considerably
918 3612 134 33 over
1074 3613 30 34 a
1126 3594 265 53 hundred
1417 3591 271 56 different
1707 3590 325 69 companies
2053 3590 280 69 prepared

322 3674 112 51 and
465 3673 303 67 published
798 3673 74 68 by
902 3672 117 52 this
1047 3670 130 53 firm
1207 3670 216 69 during
1450 3671 97 51 the
1575 3677 130 62 past
1733 3677 93 46 ten
1857 3669 477 71 years—selected

320 3767 59 35 as
427 3750 374 68 outstanding
849 3751 288 67 examples
1185 3750 64 53 of
1298 3748 197 54 varied
1543 3747 517 68 enterprise—past
2109 3748 226 51 records

319 3827 251 67 brought
606 3830 121 51 into
763 3828 242 54 relation
1042 3827 139 53 with
1217 3829 98 53 the
1350 3831 244 64 present.
1669 3826 139 53 New
1844 3826 181 57 York,
2061 3824 272 69 Chicago,

319 3904 947 70 Jas. H. Oliphant & co. [ ᶜ1 931]
