<alto xmlns="http://www.loc.gov/standards/alto/ns-v3#" xmlns:xlink="http://www.w3.org/1999/xlink" xmlns:xsi="http://www.w3.org/2001/XMLSchema-instance" xsi:schemaLocation="http://www.loc.gov/standards/alto/ns-v3# http://www.loc.gov/alto/v3/alto-3-0.xsd"><Description>
<MeasurementUnit>pixel</MeasurementUnit>
<sourceImageInformation>
<fileName>1931_v28_Part001.pdf</fileName>
</sourceImageInformation>
<OCRProcessing ID="IdOcr">
<ocrProcessingStep>
<processingDateTime>2019-04-22</processingDateTime>
<processingSoftware>
<softwareCreator>ABBYY</softwareCreator>
<softwareName>ABBYY Recognition Server</softwareName>
<softwareVersion>4.0</softwareVersion>
</processingSoftware>
</ocrProcessingStep>
</OCRProcessing>
</Description>
<Styles>
<ParagraphStyle ID="StyleId-FFFFFFFF-FFFF-FFFF-FFFF-FFFFFFFFFFFF-" ALIGN="Left" LEFT="0." RIGHT="0." FIRSTLINE="0."/>
<ParagraphStyle ID="StyleId-204B5AEB-67A1-44E2-A013-34B3A0F3E0EA-" ALIGN="Right" LEFT="0." RIGHT="0." FIRSTLINE="0." LINESPACE="8.300000191"/>
<ParagraphStyle ID="StyleId-03245871-796C-4429-B3C7-F9019C8C5B89-" ALIGN="Left" LEFT="0." RIGHT="0." FIRSTLINE="0." LINESPACE="12.19999981"/>
<ParagraphStyle ID="StyleId-BDCA8811-25FF-44DB-8D6F-2072A4ABC070-" ALIGN="Center" LEFT="0." RIGHT="0." FIRSTLINE="0." LINESPACE="12.19999981"/>
<ParagraphStyle ID="StyleId-2C5B7DF0-AF87-455E-B9A8-6FE387CB59BD-" ALIGN="Left" LEFT="0." RIGHT="0." FIRSTLINE="-13." LINESPACE="8.479999542"/>
<ParagraphStyle ID="StyleId-9FB72FA1-55D5-4161-8333-823D5732F4D0-" ALIGN="Block" LEFT="0." RIGHT="0." FIRSTLINE="-14." LINESPACE="10."/>
<ParagraphStyle ID="StyleId-212AEB8C-A829-4BF1-8E45-5BFE386A469C-" ALIGN="Block" LEFT="0." RIGHT="0." FIRSTLINE="-14." LINESPACE="11.35000038"/>
<ParagraphStyle ID="StyleId-4EC79CC1-EA62-49CE-ABB6-D84DDFCF4C7D-" ALIGN="Block" LEFT="0." RIGHT="0." FIRSTLINE="-10." LINESPACE="12.19999981"/>
<ParagraphStyle ID="StyleId-DAF2E8EE-6444-4951-9284-36A6C020C887-" ALIGN="Left" LEFT="0." RIGHT="0." FIRSTLINE="0." LINESPACE="9.399999619"/>
<ParagraphStyle ID="StyleId-25241749-1672-4977-B19F-38F59800D6D8-" ALIGN="Left" LEFT="0." RIGHT="0." FIRSTLINE="0." LINESPACE="11.10000038"/>
<ParagraphStyle ID="StyleId-8C523E19-EDEF-4F23-B010-536E1A1AAE1A-" ALIGN="Left" LEFT="0." RIGHT="0." FIRSTLINE="-13." LINESPACE="12.19999981"/>
<ParagraphStyle ID="StyleId-A1F9DE9E-2625-4D8B-AD7E-F0A0034C2989-" ALIGN="Block" LEFT="0." RIGHT="0." FIRSTLINE="0." LINESPACE="12.19999981"/>
<ParagraphStyle ID="StyleId-5725BB01-2B1C-440F-BAF2-696C4F4DF162-" ALIGN="Block" LEFT="0." RIGHT="0." FIRSTLINE="13." LINESPACE="12.19999981"/>
<ParagraphStyle ID="StyleId-F10A2092-61AA-44FD-99C2-123B3A8051CF-" ALIGN="Left" LEFT="0." RIGHT="0." FIRSTLINE="0." LINESPACE="5.5"/>
<ParagraphStyle ID="StyleId-B3CDC8CC-D2E1-4A23-B67C-CDD40993D1DD-" ALIGN="Left" LEFT="0." RIGHT="0." FIRSTLINE="0." LINESPACE="10."/>
<ParagraphStyle ID="StyleId-871EBF53-D909-4C8F-B368-AC7D897344DD-" ALIGN="Left" LEFT="0." RIGHT="0." FIRSTLINE="0."/>
<ParagraphStyle ID="StyleId-C4129744-680B-4878-B2C4-44BA3742C8D7-" ALIGN="Block" LEFT="0." RIGHT="0." FIRSTLINE="-14." LINESPACE="11.35000038"/>
<ParagraphStyle ID="StyleId-9CE98075-0B04-43D4-88D8-CE3BAB51B419-" ALIGN="Block" LEFT="0." RIGHT="0." FIRSTLINE="-10." LINESPACE="12.19999981"/>
<ParagraphStyle ID="StyleId-B2CFB7B3-DFFA-4E0E-94D6-C2BCE88DA9A9-" ALIGN="Left" LEFT="0." RIGHT="0." FIRSTLINE="0." LINESPACE="12.5"/>
<ParagraphStyle ID="StyleId-8D3352F3-1084-4DDE-A35D-B97102CCE686-" ALIGN="Left" LEFT="0." RIGHT="0." FIRSTLINE="0." LINESPACE="11.60000038"/>
<ParagraphStyle ID="StyleId-4A8DDA0D-166D-4E22-A597-BA51B892602D-" ALIGN="Block" LEFT="0." RIGHT="0." FIRSTLINE="0." LINESPACE="11.21000004"/>
<ParagraphStyle ID="StyleId-90EA4001-AA3C-45A1-AEDC-D1E1169EE5E5-" ALIGN="Block" LEFT="0." RIGHT="0." FIRSTLINE="13." LINESPACE="12.19999981"/>
</Styles>
<Layout>
<Page ID="Page82" PHYSICAL_IMG_NR="82" HEIGHT="4370" WIDTH="2505">
<TopMargin HEIGHT="390" WIDTH="2505" VPOS="0" HPOS="0">
</TopMargin>
<LeftMargin HEIGHT="3742" WIDTH="314" VPOS="390" HPOS="0">
</LeftMargin>
<RightMargin HEIGHT="3742" WIDTH="139" VPOS="390" HPOS="2366">
</RightMargin>
<BottomMargin HEIGHT="238" WIDTH="2505" VPOS="4132" HPOS="0">
</BottomMargin>
<PrintSpace HEIGHT="3742" WIDTH="2052" VPOS="390" HPOS="314">
<TextBlock ID="Page82_Block1" HEIGHT="72" WIDTH="90" VPOS="4060" HPOS="1292" LANG="en-US" STYLEREFS="StyleId-84AEB019-3345-4E1C-B080-E56CC4BCD74D-">
<TextLine HEIGHT="51" WIDTH="68" VPOS="4071" HPOS="1303">
<String CONTENT="82" HEIGHT="51" WIDTH="68" VPOS="4071" HPOS="1303"/>
</TextLine>
</TextBlock>
<TextBlock ID="Page82_Block2" HEIGHT="3678" WIDTH="2052" VPOS="390" HPOS="314" LANG="en-US" CS="1" STYLEREFS="StyleId-E48DC32C-CE5C-47ED-99D9-33A2A2B9EFCB-">
<TextLine HEIGHT="65" WIDTH="1021" VPOS="401" HPOS="327" STYLEREFS="StyleId-157E0A06-3324-401E-B8AC-C4DA7D197B8C-" LANG="de">
<String CONTENT="Brooks," HEIGHT="64" WIDTH="249" VPOS="402" HPOS="327"/>
<SP HEIGHT="64" WIDTH="30" VPOS="402" HPOS="577"/>
<String CONTENT="Thomas" HEIGHT="54" WIDTH="260" VPOS="401" HPOS="608"/>
<SP HEIGHT="54" WIDTH="28" VPOS="401" HPOS="869"/>
<String CONTENT="Joseph," HEIGHT="64" WIDTH="241" VPOS="401" HPOS="898"/>
<SP HEIGHT="58" WIDTH="33" VPOS="407" HPOS="1140"/>
<String CONTENT="1870-" HEIGHT="55" WIDTH="174" VPOS="401" HPOS="1174"/>
</TextLine>
<TextLine HEIGHT="71" WIDTH="1952" VPOS="475" HPOS="395" STYLEREFS="StyleId-157E0A06-3324-401E-B8AC-C4DA7D197B8C-">
<String LANG="de" CONTENT="The" HEIGHT="53" WIDTH="125" VPOS="479" HPOS="395"/>
<SP HEIGHT="35" WIDTH="32" VPOS="497" HPOS="521"/>
<String CONTENT="march" HEIGHT="52" WIDTH="198" VPOS="479" HPOS="554"/>
<SP HEIGHT="52" WIDTH="33" VPOS="479" HPOS="753"/>
<String CONTENT="of" HEIGHT="53" WIDTH="65" VPOS="477" HPOS="787"/>
<SP HEIGHT="53" WIDTH="32" VPOS="477" HPOS="853"/>
<String CONTENT="mind;" HEIGHT="68" WIDTH="191" VPOS="477" HPOS="886"/>
<SP HEIGHT="48" WIDTH="37" VPOS="497" HPOS="1078"/>
<String CONTENT="a" HEIGHT="34" WIDTH="32" VPOS="497" HPOS="1116"/>
<SP HEIGHT="34" WIDTH="34" VPOS="497" HPOS="1149"/>
<String CONTENT="series" HEIGHT="54" WIDTH="172" VPOS="477" HPOS="1184"/>
<SP HEIGHT="35" WIDTH="34" VPOS="496" HPOS="1357"/>
<String CONTENT="of" HEIGHT="53" WIDTH="65" VPOS="477" HPOS="1392"/>
<SP HEIGHT="53" WIDTH="32" VPOS="477" HPOS="1458"/>
<String CONTENT="nine" HEIGHT="53" WIDTH="134" VPOS="477" HPOS="1491"/>
<SP HEIGHT="52" WIDTH="31" VPOS="478" HPOS="1626"/>
<String CONTENT="lectures" HEIGHT="53" WIDTH="240" VPOS="478" HPOS="1658"/>
<SP HEIGHT="54" WIDTH="35" VPOS="477" HPOS="1899"/>
<String CONTENT="dealing" HEIGHT="70" WIDTH="234" VPOS="476" HPOS="1935"/>
<SP HEIGHT="52" WIDTH="33" VPOS="494" HPOS="2170"/>
<String CONTENT="with" HEIGHT="54" WIDTH="143" VPOS="475" HPOS="2204"/>
</TextLine>
<TextLine HEIGHT="73" WIDTH="1567" VPOS="554" HPOS="325" STYLEREFS="StyleId-157E0A06-3324-401E-B8AC-C4DA7D197B8C-" CS="1">
<String CONTENT="the" HEIGHT="54" WIDTH="96" VPOS="558" HPOS="325"/>
<SP HEIGHT="50" WIDTH="31" VPOS="577" HPOS="422"/>
<String CONTENT="progress" HEIGHT="51" WIDTH="266" VPOS="576" HPOS="454"/>
<SP HEIGHT="36" WIDTH="30" VPOS="575" HPOS="721"/>
<String CONTENT="of" HEIGHT="56" WIDTH="66" VPOS="555" HPOS="752"/>
<SP HEIGHT="54" WIDTH="27" VPOS="555" HPOS="819"/>
<String CONTENT="mankind," HEIGHT="70" WIDTH="298" VPOS="555" HPOS="847"/>
<SP HEIGHT="65" WIDTH="30" VPOS="560" HPOS="1146"/>
<String CONTENT="the" HEIGHT="54" WIDTH="97" VPOS="556" HPOS="1177"/>
<SP HEIGHT="49" WIDTH="32" VPOS="576" HPOS="1275"/>
<String CONTENT="philosophy" HEIGHT="71" WIDTH="349" VPOS="555" HPOS="1308"/>
<SP HEIGHT="51" WIDTH="30" VPOS="575" HPOS="1658"/>
<String CONTENT="of" HEIGHT="54" WIDTH="65" VPOS="555" HPOS="1689"/>
<SP HEIGHT="54" WIDTH="29" VPOS="555" HPOS="1755"/>
<String CONTENT="life" HEIGHT="56" WIDTH="107" VPOS="554" HPOS="1785"/>
</TextLine>
<TextLine HEIGHT="151" WIDTH="1996" VPOS="555" HPOS="326" STYLEREFS="StyleId-157E0A06-3324-401E-B8AC-C4DA7D197B8C-" CS="1">
<String CONTENT="and" HEIGHT="55" WIDTH="115" VPOS="555" HPOS="1925"/>
<SP HEIGHT="55" WIDTH="28" VPOS="555" HPOS="2041"/>
<String CONTENT="the" HEIGHT="54" WIDTH="99" VPOS="556" HPOS="2070"/>
<SP HEIGHT="36" WIDTH="29" VPOS="574" HPOS="2170"/>
<String CONTENT="master" HEIGHT="116" WIDTH="1996" VPOS="574" HPOS="326"/>
<SP HEIGHT="51" WIDTH="34" VPOS="655" HPOS="414"/>
<String CONTENT="gift," HEIGHT="70" WIDTH="137" VPOS="636" HPOS="449"/>
<SP HEIGHT="67" WIDTH="34" VPOS="637" HPOS="587"/>
<String CONTENT="by" HEIGHT="69" WIDTH="76" VPOS="637" HPOS="622"/>
<SP HEIGHT="69" WIDTH="35" VPOS="637" HPOS="699"/>
<String LANG="fr" CONTENT="T." HEIGHT="52" WIDTH="65" VPOS="637" HPOS="735"/>
<SP HEIGHT="54" WIDTH="36" VPOS="636" HPOS="801"/>
<String CONTENT="J." HEIGHT="54" WIDTH="56" VPOS="636" HPOS="838"/>
<SP HEIGHT="52" WIDTH="36" VPOS="637" HPOS="895"/>
<String CONTENT="Brooks" HEIGHT="53" WIDTH="223" VPOS="636" HPOS="932"/>
<SP HEIGHT="34" WIDTH="42" VPOS="655" HPOS="1156"/>
<String CS="1" CONTENT="&#8230;"/>
<SP HEIGHT="51" WIDTH="78" VPOS="636" HPOS="1256"/>
<String CONTENT="Buffalo," HEIGHT="68" WIDTH="252" VPOS="634" HPOS="1335"/>
<SP HEIGHT="67" WIDTH="34" VPOS="635" HPOS="1588"/>
<String LANG="fr" CONTENT="N." HEIGHT="53" WIDTH="70" VPOS="635" HPOS="1623"/>
</TextLine>
<TextLine HEIGHT="68" WIDTH="614" VPOS="635" HPOS="1733" STYLEREFS="StyleId-157E0A06-3324-401E-B8AC-C4DA7D197B8C-">
<String LANG="fr" CONTENT="Y.," HEIGHT="67" WIDTH="91" VPOS="636" HPOS="1733"/>
<SP HEIGHT="68" WIDTH="37" VPOS="635" HPOS="1825"/>
<String LANG="fr" CONTENT="J." HEIGHT="54" WIDTH="56" VPOS="635" HPOS="1863"/>
<SP HEIGHT="53" WIDTH="36" VPOS="636" HPOS="1920"/>
<String LANG="en-US" CONTENT="W." HEIGHT="53" WIDTH="90" VPOS="636" HPOS="1957"/>
<SP HEIGHT="55" WIDTH="40" VPOS="635" HPOS="2048"/>
<String LANG="en-US" CONTENT="Clement" HEIGHT="55" WIDTH="258" VPOS="635" HPOS="2089"/>
</TextLine>
<TextLine HEIGHT="65" WIDTH="285" VPOS="718" HPOS="326" STYLEREFS="StyleId-157E0A06-3324-401E-B8AC-C4DA7D197B8C-">
<String CONTENT="co.," HEIGHT="50" WIDTH="99" VPOS="733" HPOS="326"/>
<SP HEIGHT="64" WIDTH="31" VPOS="719" HPOS="426"/>
<String CONTENT="1930." HEIGHT="50" WIDTH="153" VPOS="718" HPOS="458"/>
</TextLine>
<TextLine HEIGHT="49" WIDTH="280" VPOS="798" HPOS="397" CS="1">
<String CONTENT="233" HEIGHT="41" WIDTH="88" VPOS="798" HPOS="397"/>
<SP HEIGHT="49" WIDTH="30" VPOS="798" HPOS="486"/>
<String CONTENT="p" HEIGHT="38" WIDTH="31" VPOS="809" HPOS="517"/>
<SP HEIGHT="49" WIDTH="71" VPOS="798" HPOS="549"/>
<String CONTENT="21" HEIGHT="40" WIDTH="56" VPOS="798" HPOS="621"/>
<String STYLE="superscript" CS="1" CONTENT="&#7580;&#7504;"/>
</TextLine>
<TextLine HEIGHT="52" WIDTH="2014" VPOS="852" HPOS="334" CS="1">
<String CONTENT="&#169;" HEIGHT="52" WIDTH="52" VPOS="852" HPOS="334"/>
<SP HEIGHT="52" WIDTH="27" VPOS="852" HPOS="387"/>
<String CONTENT="Nov." HEIGHT="41" WIDTH="121" VPOS="856" HPOS="415"/>
<SP HEIGHT="40" WIDTH="27" VPOS="857" HPOS="537"/>
<String CONTENT="10," HEIGHT="49" WIDTH="69" VPOS="855" HPOS="565"/>
<SP HEIGHT="47" WIDTH="26" VPOS="857" HPOS="635"/>
<String CS="1" CONTENT="1930;" HEIGHT="42" WIDTH="115" VPOS="854" HPOS="662"/>
<SP HEIGHT="48" WIDTH="27" VPOS="854" HPOS="806"/>
<String CONTENT="2c." HEIGHT="42" WIDTH="69" VPOS="854" HPOS="834"/>
<SP HEIGHT="41" WIDTH="28" VPOS="855" HPOS="904"/>
<String CONTENT="Jan." HEIGHT="40" WIDTH="111" VPOS="855" HPOS="933"/>
<SP HEIGHT="41" WIDTH="26" VPOS="854" HPOS="1045"/>
<String CONTENT="15," HEIGHT="49" WIDTH="70" VPOS="854" HPOS="1072"/>
<SP HEIGHT="49" WIDTH="27" VPOS="854" HPOS="1143"/>
<String CONTENT="1931;" HEIGHT="48" WIDTH="144" VPOS="852" HPOS="1171"/>
<SP HEIGHT="36" WIDTH="30" VPOS="864" HPOS="1316"/>
<String LANG="de" CONTENT="aff." HEIGHT="41" WIDTH="82" VPOS="853" HPOS="1347"/>
<SP HEIGHT="39" WIDTH="29" VPOS="854" HPOS="1430"/>
<String CONTENT="Jan." HEIGHT="41" WIDTH="112" VPOS="854" HPOS="1460"/>
<SP HEIGHT="40" WIDTH="26" VPOS="855" HPOS="1573"/>
<String CONTENT="14;" HEIGHT="47" WIDTH="82" VPOS="853" HPOS="1600"/>
<SP/>
<!-- cceid DC8E74DC-6E8D-1014-9CF5-AEB3FCA41D69 --><String CS="1" CONTENT="A"/>
<SP/>
<String CONTENT="32826;" HEIGHT="49" WIDTH="174" VPOS="852" HPOS="1782"/>
<SP HEIGHT="47" WIDTH="29" VPOS="854" HPOS="1957"/>
<String LANG="fr" CONTENT="T." HEIGHT="41" WIDTH="55" VPOS="854" HPOS="1987"/>
<SP HEIGHT="41" WIDTH="27" VPOS="854" HPOS="2043"/>
<String CONTENT="J." HEIGHT="41" WIDTH="46" VPOS="854" HPOS="2071"/>
<SP HEIGHT="40" WIDTH="27" VPOS="855" HPOS="2118"/>
<String CONTENT="Brooks," HEIGHT="48" WIDTH="202" VPOS="854" HPOS="2146"/>
</TextLine>
<TextLine HEIGHT="51" WIDTH="795" VPOS="911" HPOS="400">
<String CONTENT="Tallahassee," HEIGHT="47" WIDTH="333" VPOS="914" HPOS="400"/>
<SP HEIGHT="49" WIDTH="31" VPOS="912" HPOS="734"/>
<String CONTENT="Fla." HEIGHT="41" WIDTH="104" VPOS="912" HPOS="766"/>
<SP HEIGHT="50" WIDTH="69" VPOS="911" HPOS="871"/>
<String CONTENT="(31-2885)" HEIGHT="51" WIDTH="254" VPOS="911" HPOS="941"/>
</TextLine>
<TextLine HEIGHT="65" WIDTH="897" VPOS="1008" HPOS="335" STYLEREFS="StyleId-5D3EF262-FDDB-42FB-AA4F-A46848706A1C-">
<String CONTENT="Cantarow," HEIGHT="65" WIDTH="337" VPOS="1008" HPOS="335"/>
<SP HEIGHT="64" WIDTH="26" VPOS="1009" HPOS="673"/>
<String CONTENT="Abraham," HEIGHT="65" WIDTH="330" VPOS="1008" HPOS="700"/>
<SP HEIGHT="59" WIDTH="28" VPOS="1014" HPOS="1031"/>
<String CONTENT="1901-" HEIGHT="50" WIDTH="172" VPOS="1013" HPOS="1060"/>
</TextLine>
<TextLine HEIGHT="70" WIDTH="1450" VPOS="1084" HPOS="400" STYLEREFS="StyleId-157E0A06-3324-401E-B8AC-C4DA7D197B8C-" CS="1">
<String CONTENT="Calcium" HEIGHT="55" WIDTH="261" VPOS="1085" HPOS="400"/>
<SP HEIGHT="34" WIDTH="23" VPOS="1104" HPOS="662"/>
<String CONTENT="metabolism" HEIGHT="55" WIDTH="360" VPOS="1084" HPOS="686"/>
<SP HEIGHT="34" WIDTH="27" VPOS="1104" HPOS="1047"/>
<String CONTENT="and" HEIGHT="53" WIDTH="114" VPOS="1086" HPOS="1075"/>
<SP HEIGHT="53" WIDTH="25" VPOS="1086" HPOS="1190"/>
<String CONTENT="calcium" HEIGHT="52" WIDTH="242" VPOS="1086" HPOS="1216"/>
<SP HEIGHT="48" WIDTH="24" VPOS="1089" HPOS="1459"/>
<String CONTENT="therapy," HEIGHT="69" WIDTH="264" VPOS="1085" HPOS="1484"/>
<SP HEIGHT="69" WIDTH="22" VPOS="1084" HPOS="1749"/>
<String CONTENT="by" HEIGHT="70" WIDTH="78" VPOS="1084" HPOS="1772"/>
</TextLine>
<TextLine HEIGHT="148" WIDTH="1998" VPOS="1084" HPOS="330" STYLEREFS="StyleId-157E0A06-3324-401E-B8AC-C4DA7D197B8C-" CS="1">
<String CONTENT="Abraham" HEIGHT="54" WIDTH="301" VPOS="1084" HPOS="1875"/>
<SP HEIGHT="55" WIDTH="26" VPOS="1084" HPOS="2177"/>
<String CONTENT="Cantarow" HEIGHT="133" WIDTH="1998" VPOS="1084" HPOS="330"/>
<SP HEIGHT="33" WIDTH="38" VPOS="1183" HPOS="512"/>
<String CS="1" CONTENT="&#8230;"/>
<SP HEIGHT="35" WIDTH="40" VPOS="1182" HPOS="609"/>
<String CONTENT="with" HEIGHT="53" WIDTH="140" VPOS="1164" HPOS="650"/>
<SP HEIGHT="53" WIDTH="36" VPOS="1164" HPOS="791"/>
<String CONTENT="a" HEIGHT="35" WIDTH="31" VPOS="1182" HPOS="828"/>
<SP HEIGHT="55" WIDTH="36" VPOS="1162" HPOS="860"/>
<String CONTENT="foreword" HEIGHT="55" WIDTH="290" VPOS="1162" HPOS="897"/>
<SP HEIGHT="53" WIDTH="31" VPOS="1164" HPOS="1188"/>
<String CS="1" CONTENT="by" HEIGHT="52" WIDTH="37" VPOS="1164" HPOS="1220"/>
<SP HEIGHT="52" WIDTH="32" VPOS="1164" HPOS="1299"/>
<String CONTENT="Hobart" HEIGHT="53" WIDTH="232" VPOS="1163" HPOS="1332"/>
<SP HEIGHT="53" WIDTH="30" VPOS="1163" HPOS="1565"/>
<String CONTENT="Amory" HEIGHT="69" WIDTH="224" VPOS="1163" HPOS="1596"/>
<SP HEIGHT="69" WIDTH="32" VPOS="1163" HPOS="1821"/>
<String CONTENT="Hare" HEIGHT="53" WIDTH="162" VPOS="1163" HPOS="1854"/>
<SP HEIGHT="34" WIDTH="35" VPOS="1182" HPOS="2017"/>
<String CS="1" CONTENT="&#8230;"/>
</TextLine>
<TextLine HEIGHT="149" WIDTH="1998" VPOS="1162" HPOS="329" STYLEREFS="StyleId-157E0A06-3324-401E-B8AC-C4DA7D197B8C-" CS="1">
<String CONTENT="Philadelphia," HEIGHT="149" WIDTH="1998" VPOS="1162" HPOS="329"/>
<SP HEIGHT="68" WIDTH="26" VPOS="1243" HPOS="621"/>
<String CONTENT="Lea" HEIGHT="52" WIDTH="116" VPOS="1243" HPOS="648"/>
<SP HEIGHT="51" WIDTH="26" VPOS="1244" HPOS="765"/>
<String CONTENT="&amp;" HEIGHT="51" WIDTH="46" VPOS="1244" HPOS="792"/>
<SP HEIGHT="53" WIDTH="24" VPOS="1242" HPOS="839"/>
<String CONTENT="Febiger," HEIGHT="69" WIDTH="264" VPOS="1242" HPOS="864"/>
<SP HEIGHT="64" WIDTH="30" VPOS="1246" HPOS="1129"/>
<String CONTENT="1931." HEIGHT="50" WIDTH="153" VPOS="1245" HPOS="1160"/>
</TextLine>
<TextLine HEIGHT="50" WIDTH="652" VPOS="1325" HPOS="437" CS="1">
<String CS="1" CONTENT="x," HEIGHT="17" WIDTH="9" VPOS="1357" HPOS="437"/>
<SP HEIGHT="45" WIDTH="30" VPOS="1329" HPOS="447"/>
<String CONTENT="215" HEIGHT="40" WIDTH="87" VPOS="1326" HPOS="478"/>
<SP HEIGHT="49" WIDTH="28" VPOS="1326" HPOS="566"/>
<String CONTENT="p." HEIGHT="38" WIDTH="43" VPOS="1337" HPOS="595"/>
<SP HEIGHT="40" WIDTH="60" VPOS="1327" HPOS="639"/>
<String CONTENT="diagrs." HEIGHT="48" WIDTH="181" VPOS="1326" HPOS="700"/>
<SP HEIGHT="41" WIDTH="57" VPOS="1325" HPOS="882"/>
<String CS="1" CONTENT="20&#189;&#7580;&#7504;." HEIGHT="41" WIDTH="149" VPOS="1325" HPOS="940"/>
</TextLine>
<TextLine HEIGHT="50" WIDTH="742" VPOS="1382" HPOS="401">
<String CONTENT="Bibliography:" HEIGHT="49" WIDTH="381" VPOS="1382" HPOS="401"/>
<SP HEIGHT="37" WIDTH="32" VPOS="1394" HPOS="783"/>
<String CONTENT="p." HEIGHT="37" WIDTH="43" VPOS="1394" HPOS="816"/>
<SP HEIGHT="30" WIDTH="32" VPOS="1402" HPOS="860"/>
<String CONTENT="[185]-200." HEIGHT="50" WIDTH="250" VPOS="1382" HPOS="893"/>
</TextLine>
<TextLine HEIGHT="52" WIDTH="1852" VPOS="1438" HPOS="337" CS="1">
<String CONTENT="&#169;" HEIGHT="52" WIDTH="52" VPOS="1438" HPOS="337"/>
<SP HEIGHT="52" WIDTH="25" VPOS="1438" HPOS="390"/>
<String CONTENT="Jan." HEIGHT="41" WIDTH="111" VPOS="1442" HPOS="416"/>
<SP HEIGHT="40" WIDTH="24" VPOS="1442" HPOS="528"/>
<String CONTENT="16," HEIGHT="49" WIDTH="70" VPOS="1441" HPOS="553"/>
<SP HEIGHT="48" WIDTH="23" VPOS="1442" HPOS="624"/>
<String CS="1" CONTENT="1931;" HEIGHT="41" WIDTH="113" VPOS="1440" HPOS="648"/>
<SP HEIGHT="48" WIDTH="25" VPOS="1440" HPOS="791"/>
<String CONTENT="2c." HEIGHT="42" WIDTH="68" VPOS="1440" HPOS="817"/>
<SP HEIGHT="42" WIDTH="24" VPOS="1440" HPOS="886"/>
<String CONTENT="Jan." HEIGHT="40" WIDTH="110" VPOS="1440" HPOS="911"/>
<SP HEIGHT="39" WIDTH="24" VPOS="1441" HPOS="1022"/>
<String CS="1" CONTENT="19;" HEIGHT="41" WIDTH="56" VPOS="1438" HPOS="1047"/>
<SP HEIGHT="32" WIDTH="26" VPOS="1450" HPOS="1131"/>
<String LANG="de" CONTENT="aff." HEIGHT="41" WIDTH="84" VPOS="1439" HPOS="1158"/>
<SP HEIGHT="40" WIDTH="25" VPOS="1440" HPOS="1243"/>
<String CONTENT="Jan." HEIGHT="40" WIDTH="111" VPOS="1440" HPOS="1269"/>
<SP HEIGHT="41" WIDTH="24" VPOS="1439" HPOS="1381"/>
<String CS="1" CONTENT="17;" HEIGHT="40" WIDTH="57" VPOS="1439" HPOS="1406"/>
<SP HEIGHT="48" WIDTH="26" VPOS="1438" HPOS="1489"/>
<!-- cceid DC8F4DE2-6E8D-1014-9CF5-AEB3FCA41D69 --><String CONTENT="A" HEIGHT="41" WIDTH="42" VPOS="1438" HPOS="1516"/>
<SP HEIGHT="42" WIDTH="21" VPOS="1438" HPOS="1559"/>
<String CS="1" CONTENT="32846;" HEIGHT="41" WIDTH="148" VPOS="1439" HPOS="1581"/>
<SP HEIGHT="47" WIDTH="26" VPOS="1440" HPOS="1756"/>
<String CONTENT="Lea" HEIGHT="40" WIDTH="98" VPOS="1440" HPOS="1783"/>
<SP HEIGHT="42" WIDTH="24" VPOS="1439" HPOS="1882"/>
<String CONTENT="&amp;" HEIGHT="42" WIDTH="38" VPOS="1439" HPOS="1907"/>
<SP HEIGHT="42" WIDTH="23" VPOS="1439" HPOS="1946"/>
<String CONTENT="Febiger." HEIGHT="50" WIDTH="219" VPOS="1439" HPOS="1970"/>
</TextLine>
<TextLine HEIGHT="50" WIDTH="254" VPOS="1498" HPOS="416">
<String CONTENT="(31-2958)" HEIGHT="50" WIDTH="254" VPOS="1498" HPOS="416"/>
</TextLine>
<TextLine HEIGHT="67" WIDTH="970" VPOS="1592" HPOS="336" STYLEREFS="StyleId-5D3EF262-FDDB-42FB-AA4F-A46848706A1C-">
<String CONTENT="Colby," HEIGHT="66" WIDTH="203" VPOS="1592" HPOS="336"/>
<SP HEIGHT="64" WIDTH="28" VPOS="1594" HPOS="540"/>
<String CONTENT="Charles" HEIGHT="55" WIDTH="248" VPOS="1593" HPOS="569"/>
<SP HEIGHT="54" WIDTH="28" VPOS="1594" HPOS="818"/>
<String CONTENT="Carlyle," HEIGHT="67" WIDTH="251" VPOS="1592" HPOS="847"/>
<SP HEIGHT="60" WIDTH="32" VPOS="1599" HPOS="1099"/>
<String CONTENT="1884-" HEIGHT="50" WIDTH="174" VPOS="1598" HPOS="1132"/>
</TextLine>
<TextLine HEIGHT="75" WIDTH="1950" VPOS="1668" HPOS="401" STYLEREFS="StyleId-157E0A06-3324-401E-B8AC-C4DA7D197B8C-">
<String CONTENT="Economic" HEIGHT="56" WIDTH="310" VPOS="1668" HPOS="401"/>
<SP HEIGHT="52" WIDTH="37" VPOS="1688" HPOS="712"/>
<String CONTENT="geography" HEIGHT="72" WIDTH="335" VPOS="1670" HPOS="750"/>
<SP HEIGHT="73" WIDTH="40" VPOS="1669" HPOS="1086"/>
<String CONTENT="for" HEIGHT="55" WIDTH="93" VPOS="1669" HPOS="1127"/>
<SP HEIGHT="38" WIDTH="43" VPOS="1688" HPOS="1221"/>
<String CONTENT="secondary" HEIGHT="74" WIDTH="310" VPOS="1669" HPOS="1265"/>
<SP HEIGHT="54" WIDTH="38" VPOS="1689" HPOS="1576"/>
<String CONTENT="schools," HEIGHT="71" WIDTH="235" VPOS="1670" HPOS="1615"/>
<SP HEIGHT="71" WIDTH="39" VPOS="1670" HPOS="1851"/>
<String CONTENT="by" HEIGHT="72" WIDTH="75" VPOS="1670" HPOS="1891"/>
<SP HEIGHT="71" WIDTH="42" VPOS="1671" HPOS="1967"/>
<String CONTENT="Charles" HEIGHT="57" WIDTH="236" VPOS="1670" HPOS="2010"/>
<SP HEIGHT="56" WIDTH="43" VPOS="1670" HPOS="2247"/>
<String CONTENT="C." HEIGHT="56" WIDTH="60" VPOS="1670" HPOS="2291"/>
</TextLine>
<TextLine HEIGHT="73" WIDTH="2018" VPOS="1747" HPOS="333" STYLEREFS="StyleId-157E0A06-3324-401E-B8AC-C4DA7D197B8C-" CS="1">
<String CONTENT="Colby" HEIGHT="73" WIDTH="184" VPOS="1747" HPOS="333"/>
<SP HEIGHT="52" WIDTH="35" VPOS="1768" HPOS="518"/>
<String CS="1" CONTENT="&#8230;"/>
<SP HEIGHT="34" WIDTH="38" VPOS="1769" HPOS="613"/>
<String CONTENT="and" HEIGHT="55" WIDTH="114" VPOS="1748" HPOS="652"/>
<SP HEIGHT="54" WIDTH="32" VPOS="1748" HPOS="767"/>
<String CONTENT="Alice" HEIGHT="54" WIDTH="163" VPOS="1748" HPOS="800"/>
<SP HEIGHT="52" WIDTH="34" VPOS="1749" HPOS="964"/>
<String CONTENT="Foster" HEIGHT="55" WIDTH="202" VPOS="1749" HPOS="999"/>
<SP HEIGHT="38" WIDTH="37" VPOS="1767" HPOS="1202"/>
<String CS="1" CONTENT="&#8230;"/>
<SP HEIGHT="55" WIDTH="72" VPOS="1749" HPOS="1298"/>
<String CONTENT="Boston," HEIGHT="70" WIDTH="235" VPOS="1749" HPOS="1371"/>
<SP HEIGHT="70" WIDTH="34" VPOS="1749" HPOS="1607"/>
<String CS="1" CONTENT="New" HEIGHT="36" WIDTH="82" VPOS="1767" HPOS="1698"/>
<SP HEIGHT="54" WIDTH="35" VPOS="1749" HPOS="1781"/>
<String CONTENT="York" HEIGHT="53" WIDTH="161" VPOS="1749" HPOS="1817"/>
<SP HEIGHT="70" WIDTH="39" VPOS="1749" HPOS="1979"/>
<String CONTENT="[etc.]" HEIGHT="65" WIDTH="140" VPOS="1754" HPOS="2019"/>
<SP HEIGHT="71" WIDTH="37" VPOS="1748" HPOS="2160"/>
<String CONTENT="Ginn" HEIGHT="56" WIDTH="153" VPOS="1748" HPOS="2198"/>
</TextLine>
<TextLine HEIGHT="70" WIDTH="634" VPOS="1827" HPOS="331" STYLEREFS="StyleId-157E0A06-3324-401E-B8AC-C4DA7D197B8C-" CS="1">
<String CONTENT="and" HEIGHT="54" WIDTH="116" VPOS="1827" HPOS="331"/>
<SP HEIGHT="54" WIDTH="26" VPOS="1827" HPOS="448"/>
<String CONTENT="company" HEIGHT="52" WIDTH="282" VPOS="1845" HPOS="475"/>
<SP HEIGHT="50" WIDTH="32" VPOS="1847" HPOS="758"/>
<String CS="1" CONTENT="["/>
<String STYLE="superscript" CS="1" CONTENT="&#7580;193"/>
<String CS="1" CONTENT="1]" HEIGHT="49" WIDTH="26" VPOS="1830" HPOS="939"/>
</TextLine>
<TextLine HEIGHT="51" WIDTH="1484" VPOS="1906" HPOS="402" CS="1">
<String CONTENT="xvi," HEIGHT="49" WIDTH="99" VPOS="1907" HPOS="402"/>
<SP HEIGHT="47" WIDTH="30" VPOS="1909" HPOS="502"/>
<String CONTENT="618" HEIGHT="42" WIDTH="87" VPOS="1908" HPOS="533"/>
<SP HEIGHT="48" WIDTH="25" VPOS="1908" HPOS="621"/>
<String CONTENT="p." HEIGHT="37" WIDTH="44" VPOS="1919" HPOS="647"/>
<SP HEIGHT="42" WIDTH="58" VPOS="1907" HPOS="692"/>
<String CONTENT="illus.," HEIGHT="49" WIDTH="145" VPOS="1907" HPOS="751"/>
<SP HEIGHT="37" WIDTH="28" VPOS="1919" HPOS="897"/>
<String CONTENT="maps" HEIGHT="38" WIDTH="138" VPOS="1918" HPOS="926"/>
<SP HEIGHT="48" WIDTH="26" VPOS="1906" HPOS="1065"/>
<String CONTENT="(part" HEIGHT="50" WIDTH="138" VPOS="1906" HPOS="1092"/>
<SP HEIGHT="40" WIDTH="29" VPOS="1909" HPOS="1231"/>
<String CONTENT="double)" HEIGHT="49" WIDTH="199" VPOS="1908" HPOS="1261"/>
<SP HEIGHT="49" WIDTH="36" VPOS="1908" HPOS="1461"/>
<String CONTENT="diagrs." HEIGHT="49" WIDTH="181" VPOS="1908" HPOS="1498"/>
<SP HEIGHT="40" WIDTH="60" VPOS="1909" HPOS="1680"/>
<String CS="1" CONTENT="20&#189;&#7580;&#7504;." HEIGHT="42" WIDTH="145" VPOS="1909" HPOS="1741"/>
</TextLine>
<TextLine HEIGHT="101" WIDTH="2005" VPOS="1964" HPOS="334" CS="1">
<String CONTENT="&#8220;Reference" HEIGHT="41" WIDTH="300" VPOS="1965" HPOS="404"/>
<SP HEIGHT="39" WIDTH="24" VPOS="1967" HPOS="705"/>
<String CS="1" CONTENT="list&#8221;:" HEIGHT="41" WIDTH="114" VPOS="1965" HPOS="730"/>
<SP HEIGHT="38" WIDTH="26" VPOS="1976" HPOS="875"/>
<String CONTENT="p." HEIGHT="38" WIDTH="43" VPOS="1976" HPOS="902"/>
<SP HEIGHT="40" WIDTH="29" VPOS="1966" HPOS="946"/>
<String CONTENT="595-602." HEIGHT="43" WIDTH="219" VPOS="1964" HPOS="976"/>
<SP HEIGHT="41" WIDTH="58" VPOS="1965" HPOS="1196"/>
<String CONTENT="&#8220;Readings&#8221;" HEIGHT="50" WIDTH="305" VPOS="1964" HPOS="1255"/>
<SP HEIGHT="41" WIDTH="27" VPOS="1965" HPOS="1561"/>
<String CONTENT="at" HEIGHT="38" WIDTH="52" VPOS="1968" HPOS="1589"/>
<SP HEIGHT="38" WIDTH="24" VPOS="1968" HPOS="1642"/>
<String CONTENT="end" HEIGHT="39" WIDTH="91" VPOS="1968" HPOS="1667"/>
<SP HEIGHT="39" WIDTH="28" VPOS="1968" HPOS="1759"/>
<String CONTENT="of" HEIGHT="39" WIDTH="52" VPOS="1967" HPOS="1788"/>
<SP HEIGHT="40" WIDTH="25" VPOS="1967" HPOS="1841"/>
<String CONTENT="most" HEIGHT="39" WIDTH="126" VPOS="1969" HPOS="1867"/>
<SP HEIGHT="39" WIDTH="28" VPOS="1969" HPOS="1994"/>
<String CONTENT="of" HEIGHT="40" WIDTH="52" VPOS="1968" HPOS="2023"/>
<SP HEIGHT="40" WIDTH="26" VPOS="1968" HPOS="2076"/>
<String CONTENT="the" HEIGHT="39" WIDTH="83" VPOS="1969" HPOS="2103"/>
<SP HEIGHT="30" WIDTH="26" VPOS="1978" HPOS="2187"/>
<String CONTENT="chapters." HEIGHT="97" WIDTH="2005" VPOS="1968" HPOS="334"/>
</TextLine>
<TextLine HEIGHT="52" WIDTH="2014" VPOS="2080" HPOS="341">
<String CONTENT="&#169;" HEIGHT="52" WIDTH="51" VPOS="2080" HPOS="341"/>
<SP HEIGHT="52" WIDTH="36" VPOS="2080" HPOS="393"/>
<String CONTENT="Jan." HEIGHT="39" WIDTH="111" VPOS="2085" HPOS="430"/>
<SP HEIGHT="41" WIDTH="34" VPOS="2083" HPOS="542"/>
<String CONTENT="2," HEIGHT="48" WIDTH="40" VPOS="2083" HPOS="577"/>
<SP HEIGHT="46" WIDTH="35" VPOS="2085" HPOS="618"/>
<String CONTENT="1931;" HEIGHT="49" WIDTH="143" VPOS="2081" HPOS="654"/>
<SP HEIGHT="48" WIDTH="36" VPOS="2082" HPOS="798"/>
<String CONTENT="2c." HEIGHT="42" WIDTH="68" VPOS="2082" HPOS="835"/>
<SP HEIGHT="42" WIDTH="35" VPOS="2082" HPOS="904"/>
<String CONTENT="Jan." HEIGHT="40" WIDTH="111" VPOS="2082" HPOS="940"/>
<SP HEIGHT="41" WIDTH="34" VPOS="2081" HPOS="1052"/>
<String CONTENT="28;" HEIGHT="48" WIDTH="83" VPOS="2081" HPOS="1087"/>
<SP HEIGHT="37" WIDTH="38" VPOS="2092" HPOS="1171"/>
<String LANG="de" CONTENT="aff." HEIGHT="41" WIDTH="84" VPOS="2081" HPOS="1210"/>
<SP HEIGHT="41" WIDTH="36" VPOS="2081" HPOS="1295"/>
<String CONTENT="Jan." HEIGHT="41" WIDTH="110" VPOS="2081" HPOS="1332"/>
<SP HEIGHT="42" WIDTH="35" VPOS="2080" HPOS="1443"/>
<String CONTENT="27;" HEIGHT="48" WIDTH="83" VPOS="2080" HPOS="1479"/>
<SP HEIGHT="47" WIDTH="38" VPOS="2081" HPOS="1563"/>
<!-- cceid DC90221E-6E8D-1014-9CF5-AEB3FCA41D69 --><String CONTENT="A" HEIGHT="39" WIDTH="41" VPOS="2081" HPOS="1602"/>
<SP HEIGHT="41" WIDTH="33" VPOS="2081" HPOS="1644"/>
<String CONTENT="34036;" HEIGHT="48" WIDTH="174" VPOS="2081" HPOS="1678"/>
<SP HEIGHT="48" WIDTH="38" VPOS="2081" HPOS="1853"/>
<String CONTENT="C." HEIGHT="43" WIDTH="50" VPOS="2081" HPOS="1892"/>
<SP HEIGHT="43" WIDTH="37" VPOS="2081" HPOS="1943"/>
<String CONTENT="C." HEIGHT="42" WIDTH="50" VPOS="2081" HPOS="1981"/>
<SP HEIGHT="43" WIDTH="36" VPOS="2081" HPOS="2032"/>
<String CONTENT="Colby" HEIGHT="49" WIDTH="152" VPOS="2081" HPOS="2069"/>
<SP HEIGHT="37" WIDTH="34" VPOS="2093" HPOS="2222"/>
<String CONTENT="and" HEIGHT="39" WIDTH="98" VPOS="2083" HPOS="2257"/>
</TextLine>
<TextLine HEIGHT="52" WIDTH="945" VPOS="2137" HPOS="406">
<String CONTENT="Alice" HEIGHT="40" WIDTH="137" VPOS="2142" HPOS="406"/>
<SP HEIGHT="41" WIDTH="33" VPOS="2141" HPOS="544"/>
<String CONTENT="Foster," HEIGHT="48" WIDTH="187" VPOS="2141" HPOS="578"/>
<SP HEIGHT="50" WIDTH="34" VPOS="2139" HPOS="766"/>
<String CONTENT="Chicago." HEIGHT="49" WIDTH="225" VPOS="2139" HPOS="801"/>
<SP HEIGHT="48" WIDTH="69" VPOS="2140" HPOS="1027"/>
<String CONTENT="(31-2935)" HEIGHT="51" WIDTH="254" VPOS="2137" HPOS="1097"/>
</TextLine>
<TextLine HEIGHT="65" WIDTH="656" VPOS="2221" HPOS="336" STYLEREFS="StyleId-5D3EF262-FDDB-42FB-AA4F-A46848706A1C-">
<String CONTENT="Collins," HEIGHT="65" WIDTH="239" VPOS="2221" HPOS="336"/>
<SP HEIGHT="64" WIDTH="35" VPOS="2222" HPOS="576"/>
<String CONTENT="Dale," HEIGHT="65" WIDTH="167" VPOS="2221" HPOS="612"/>
<SP HEIGHT="59" WIDTH="39" VPOS="2227" HPOS="780"/>
<String CONTENT="1897-" HEIGHT="54" WIDTH="172" VPOS="2223" HPOS="820"/>
</TextLine>
<TextLine HEIGHT="70" WIDTH="1941" VPOS="2298" HPOS="404" STYLEREFS="StyleId-157E0A06-3324-401E-B8AC-C4DA7D197B8C-" CS="1">
<String CONTENT="Rich" HEIGHT="54" WIDTH="151" VPOS="2299" HPOS="404"/>
<SP HEIGHT="52" WIDTH="31" VPOS="2301" HPOS="556"/>
<String CONTENT="and" HEIGHT="53" WIDTH="112" VPOS="2300" HPOS="588"/>
<SP HEIGHT="53" WIDTH="32" VPOS="2300" HPOS="701"/>
<String CONTENT="strange," HEIGHT="64" WIDTH="250" VPOS="2304" HPOS="734"/>
<SP HEIGHT="48" WIDTH="32" VPOS="2319" HPOS="985"/>
<String CONTENT="a" HEIGHT="33" WIDTH="30" VPOS="2319" HPOS="1018"/>
<SP HEIGHT="34" WIDTH="31" VPOS="2319" HPOS="1049"/>
<String CONTENT="novel," HEIGHT="69" WIDTH="186" VPOS="2298" HPOS="1081"/>
<SP HEIGHT="68" WIDTH="29" VPOS="2299" HPOS="1268"/>
<String CONTENT="by" HEIGHT="69" WIDTH="76" VPOS="2299" HPOS="1298"/>
<SP HEIGHT="68" WIDTH="31" VPOS="2300" HPOS="1375"/>
<String CONTENT="Dale" HEIGHT="53" WIDTH="148" VPOS="2299" HPOS="1407"/>
<SP HEIGHT="55" WIDTH="32" VPOS="2300" HPOS="1556"/>
<String CONTENT="Collins" HEIGHT="56" WIDTH="221" VPOS="2299" HPOS="1589"/>
<SP HEIGHT="34" WIDTH="36" VPOS="2319" HPOS="1811"/>
<String CS="1" CONTENT="&#8230;"/>
<SP HEIGHT="51" WIDTH="79" VPOS="2302" HPOS="1905"/>
<String CONTENT="Boston" HEIGHT="52" WIDTH="218" VPOS="2302" HPOS="1985"/>
<SP HEIGHT="33" WIDTH="34" VPOS="2319" HPOS="2204"/>
<String CONTENT="and" HEIGHT="52" WIDTH="106" VPOS="2301" HPOS="2239"/>
</TextLine>
<TextLine HEIGHT="71" WIDTH="1492" VPOS="2377" HPOS="333" STYLEREFS="StyleId-157E0A06-3324-401E-B8AC-C4DA7D197B8C-">
<String CONTENT="New" HEIGHT="53" WIDTH="143" VPOS="2379" HPOS="333"/>
<SP HEIGHT="52" WIDTH="36" VPOS="2380" HPOS="477"/>
<String CONTENT="York," HEIGHT="56" WIDTH="180" VPOS="2379" HPOS="514"/>
<SP HEIGHT="56" WIDTH="35" VPOS="2379" HPOS="695"/>
<String CONTENT="Houghton" HEIGHT="70" WIDTH="323" VPOS="2378" HPOS="731"/>
<SP HEIGHT="52" WIDTH="35" VPOS="2379" HPOS="1055"/>
<String CONTENT="Mifflin" HEIGHT="55" WIDTH="206" VPOS="2377" HPOS="1091"/>
<SP HEIGHT="36" WIDTH="36" VPOS="2396" HPOS="1298"/>
<String CONTENT="company," HEIGHT="51" WIDTH="299" VPOS="2395" HPOS="1335"/>
<SP HEIGHT="53" WIDTH="39" VPOS="2382" HPOS="1635"/>
<String CONTENT="1931." HEIGHT="50" WIDTH="150" VPOS="2381" HPOS="1675"/>
</TextLine>
<TextLine HEIGHT="52" WIDTH="667" VPOS="2458" HPOS="404" CS="1">
<String CONTENT="3" HEIGHT="41" WIDTH="27" VPOS="2460" HPOS="404"/>
<SP HEIGHT="49" WIDTH="28" VPOS="2460" HPOS="432"/>
<String CONTENT="p." HEIGHT="37" WIDTH="44" VPOS="2472" HPOS="461"/>
<SP HEIGHT="40" WIDTH="27" VPOS="2461" HPOS="506"/>
<String CS="1" CONTENT="l.,"/>
<SP HEIGHT="31" WIDTH="31" VPOS="2479" HPOS="581"/>
<String CS="1" CONTENT="[3]-297" HEIGHT="52" WIDTH="164" VPOS="2458" HPOS="626"/>
<SP HEIGHT="48" WIDTH="27" VPOS="2461" HPOS="791"/>
<String CONTENT="p." HEIGHT="37" WIDTH="44" VPOS="2472" HPOS="819"/>
<SP HEIGHT="40" WIDTH="58" VPOS="2461" HPOS="864"/>
<String CS="1" CONTENT="19&#189;&#7580;&#7504;." HEIGHT="41" WIDTH="148" VPOS="2459" HPOS="923"/>
</TextLine>
<TextLine HEIGHT="55" WIDTH="2014" VPOS="2512" HPOS="341" CS="1">
<String CONTENT="&#169;" HEIGHT="54" WIDTH="52" VPOS="2512" HPOS="341"/>
<SP HEIGHT="54" WIDTH="30" VPOS="2512" HPOS="394"/>
<String CONTENT="Jan." HEIGHT="42" WIDTH="112" VPOS="2517" HPOS="425"/>
<SP HEIGHT="42" WIDTH="27" VPOS="2517" HPOS="538"/>
<String CONTENT="28," HEIGHT="49" WIDTH="71" VPOS="2517" HPOS="566"/>
<SP HEIGHT="49" WIDTH="27" VPOS="2517" HPOS="638"/>
<String CONTENT="1931;" HEIGHT="44" WIDTH="142" VPOS="2516" HPOS="666"/>
<SP HEIGHT="44" WIDTH="31" VPOS="2516" HPOS="809"/>
<String CONTENT="2c." HEIGHT="42" WIDTH="68" VPOS="2516" HPOS="841"/>
<SP HEIGHT="41" WIDTH="29" VPOS="2517" HPOS="910"/>
<String CONTENT="Feb." HEIGHT="40" WIDTH="111" VPOS="2517" HPOS="940"/>
<SP HEIGHT="41" WIDTH="29" VPOS="2516" HPOS="1052"/>
<String CS="1" CONTENT="2;" HEIGHT="39" WIDTH="26" VPOS="2516" HPOS="1082"/>
<SP HEIGHT="30" WIDTH="33" VPOS="2527" HPOS="1136"/>
<String LANG="de" CONTENT="aff." HEIGHT="42" WIDTH="83" VPOS="2516" HPOS="1170"/>
<SP HEIGHT="40" WIDTH="30" VPOS="2518" HPOS="1254"/>
<String CONTENT="Jan." HEIGHT="39" WIDTH="110" VPOS="2518" HPOS="1285"/>
<SP HEIGHT="40" WIDTH="29" VPOS="2517" HPOS="1396"/>
<String CONTENT="30;" HEIGHT="48" WIDTH="83" VPOS="2516" HPOS="1426"/>
<SP HEIGHT="47" WIDTH="31" VPOS="2517" HPOS="1510"/>
<!-- cceid DC90F32D-6E8D-1014-9CF5-AEB3FCA41D69 --><String CONTENT="A" HEIGHT="39" WIDTH="41" VPOS="2517" HPOS="1542"/>
<SP HEIGHT="40" WIDTH="28" VPOS="2517" HPOS="1584"/>
<String CONTENT="33498;" HEIGHT="49" WIDTH="173" VPOS="2516" HPOS="1613"/>
<SP HEIGHT="48" WIDTH="31" VPOS="2517" HPOS="1787"/>
<String CONTENT="D." HEIGHT="42" WIDTH="58" VPOS="2517" HPOS="1819"/>
<SP HEIGHT="43" WIDTH="31" VPOS="2516" HPOS="1878"/>
<String CONTENT="Collins," HEIGHT="51" WIDTH="199" VPOS="2516" HPOS="1910"/>
<SP HEIGHT="50" WIDTH="31" VPOS="2517" HPOS="2110"/>
<String CONTENT="London." HEIGHT="42" WIDTH="213" VPOS="2517" HPOS="2142"/>
</TextLine>
<TextLine HEIGHT="51" WIDTH="254" VPOS="2574" HPOS="421">
<String CONTENT="(31-3093)" HEIGHT="51" WIDTH="254" VPOS="2574" HPOS="421"/>
</TextLine>
<TextLine HEIGHT="66" WIDTH="400" VPOS="2655" HPOS="338" STYLEREFS="StyleId-5D3EF262-FDDB-42FB-AA4F-A46848706A1C-">
<String CONTENT="Correll," HEIGHT="66" WIDTH="242" VPOS="2655" HPOS="338"/>
<SP HEIGHT="64" WIDTH="41" VPOS="2657" HPOS="581"/>
<String CONTENT="Hal" HEIGHT="54" WIDTH="115" VPOS="2656" HPOS="623"/>
</TextLine>
<TextLine HEIGHT="72" WIDTH="1943" VPOS="2733" HPOS="405" STYLEREFS="StyleId-157E0A06-3324-401E-B8AC-C4DA7D197B8C-">
<String CONTENT="The" HEIGHT="53" WIDTH="123" VPOS="2733" HPOS="405"/>
<SP HEIGHT="52" WIDTH="40" VPOS="2752" HPOS="529"/>
<String CONTENT="younger" HEIGHT="53" WIDTH="259" VPOS="2751" HPOS="570"/>
<SP HEIGHT="53" WIDTH="37" VPOS="2735" HPOS="830"/>
<String CONTENT="brother," HEIGHT="67" WIDTH="253" VPOS="2735" HPOS="868"/>
<SP HEIGHT="67" WIDTH="38" VPOS="2735" HPOS="1122"/>
<String CONTENT="by" HEIGHT="69" WIDTH="78" VPOS="2735" HPOS="1161"/>
<SP HEIGHT="68" WIDTH="41" VPOS="2736" HPOS="1240"/>
<String CONTENT="Hal" HEIGHT="53" WIDTH="120" VPOS="2735" HPOS="1282"/>
<SP HEIGHT="56" WIDTH="43" VPOS="2735" HPOS="1403"/>
<String CONTENT="Correll." HEIGHT="56" WIDTH="239" VPOS="2735" HPOS="1447"/>
<SP HEIGHT="51" WIDTH="75" VPOS="2736" HPOS="1687"/>
<String CONTENT="Elgin," HEIGHT="71" WIDTH="195" VPOS="2734" HPOS="1763"/>
<SP HEIGHT="66" WIDTH="41" VPOS="2737" HPOS="1959"/>
<String CONTENT="Ill.," HEIGHT="67" WIDTH="114" VPOS="2735" HPOS="2001"/>
<SP HEIGHT="64" WIDTH="40" VPOS="2738" HPOS="2116"/>
<String CONTENT="David" HEIGHT="55" WIDTH="191" VPOS="2735" HPOS="2157"/>
</TextLine>
<TextLine HEIGHT="72" WIDTH="965" VPOS="2812" HPOS="336" STYLEREFS="StyleId-157E0A06-3324-401E-B8AC-C4DA7D197B8C-" CS="1">
<String CONTENT="C." HEIGHT="56" WIDTH="62" VPOS="2812" HPOS="336"/>
<SP HEIGHT="56" WIDTH="32" VPOS="2813" HPOS="399"/>
<String CONTENT="Cook" HEIGHT="56" WIDTH="160" VPOS="2813" HPOS="432"/>
<SP HEIGHT="69" WIDTH="27" VPOS="2813" HPOS="593"/>
<String CONTENT="publishing" HEIGHT="72" WIDTH="339" VPOS="2812" HPOS="621"/>
<SP HEIGHT="52" WIDTH="27" VPOS="2832" HPOS="961"/>
<String CONTENT="co." HEIGHT="36" WIDTH="79" VPOS="2832" HPOS="989"/>
<SP HEIGHT="33" WIDTH="37" VPOS="2850" HPOS="1069"/>
<String STYLE="subscript" CS="1" CONTENT="[&#7580;193"/>
<String CONTENT="0]" HEIGHT="66" WIDTH="48" VPOS="2816" HPOS="1253"/>
</TextLine>
<TextLine HEIGHT="49" WIDTH="973" VPOS="2895" HPOS="405" CS="1">
<String CONTENT="3" HEIGHT="40" WIDTH="27" VPOS="2895" HPOS="405"/>
<SP HEIGHT="49" WIDTH="28" VPOS="2895" HPOS="433"/>
<String CONTENT="p." HEIGHT="38" WIDTH="43" VPOS="2906" HPOS="462"/>
<SP/>
<String CS="1" CONTENT="l.," HEIGHT="13" WIDTH="9" VPOS="2927" HPOS="570"/>
<SP HEIGHT="45" WIDTH="25" VPOS="2895" HPOS="580"/>
<String CONTENT="9-222" HEIGHT="41" WIDTH="146" VPOS="2895" HPOS="606"/>
<SP HEIGHT="48" WIDTH="27" VPOS="2896" HPOS="753"/>
<String CONTENT="p." HEIGHT="38" WIDTH="44" VPOS="2906" HPOS="781"/>
<SP HEIGHT="42" WIDTH="27" VPOS="2895" HPOS="826"/>
<String CONTENT="incl." HEIGHT="42" WIDTH="111" VPOS="2895" HPOS="854"/>
<SP HEIGHT="37" WIDTH="27" VPOS="2907" HPOS="966"/>
<String CONTENT="plates." HEIGHT="47" WIDTH="173" VPOS="2897" HPOS="994"/>
<SP HEIGHT="40" WIDTH="61" VPOS="2896" HPOS="1168"/>
<String CS="1" CONTENT="19&#189;&#7580;&#7504;." HEIGHT="42" WIDTH="148" VPOS="2895" HPOS="1230"/>
</TextLine>
<TextLine HEIGHT="55" WIDTH="2015" VPOS="2946" HPOS="341">
<String CONTENT="&#169;" HEIGHT="54" WIDTH="52" VPOS="2946" HPOS="341"/>
<SP HEIGHT="54" WIDTH="32" VPOS="2946" HPOS="394"/>
<String CONTENT="Oct." HEIGHT="43" WIDTH="103" VPOS="2951" HPOS="427"/>
<SP HEIGHT="42" WIDTH="28" VPOS="2952" HPOS="531"/>
<String CONTENT="9," HEIGHT="49" WIDTH="41" VPOS="2952" HPOS="560"/>
<SP HEIGHT="47" WIDTH="28" VPOS="2954" HPOS="602"/>
<String CONTENT="1930;" HEIGHT="44" WIDTH="142" VPOS="2951" HPOS="631"/>
<SP HEIGHT="43" WIDTH="31" VPOS="2952" HPOS="774"/>
<String CONTENT="2c." HEIGHT="42" WIDTH="66" VPOS="2952" HPOS="806"/>
<SP HEIGHT="40" WIDTH="31" VPOS="2953" HPOS="873"/>
<String CONTENT="Feb." HEIGHT="41" WIDTH="113" VPOS="2953" HPOS="905"/>
<SP HEIGHT="41" WIDTH="28" VPOS="2953" HPOS="1019"/>
<String CONTENT="2." HEIGHT="43" WIDTH="39" VPOS="2953" HPOS="1048"/>
<SP HEIGHT="43" WIDTH="31" VPOS="2953" HPOS="1088"/>
<String CONTENT="1931;" HEIGHT="48" WIDTH="141" VPOS="2952" HPOS="1120"/>
<SP HEIGHT="36" WIDTH="32" VPOS="2964" HPOS="1262"/>
<String LANG="de" CONTENT="aff." HEIGHT="42" WIDTH="84" VPOS="2952" HPOS="1295"/>
<SP HEIGHT="40" WIDTH="30" VPOS="2954" HPOS="1380"/>
<String CONTENT="Jan." HEIGHT="40" WIDTH="110" VPOS="2954" HPOS="1411"/>
<SP HEIGHT="40" WIDTH="29" VPOS="2954" HPOS="1522"/>
<String CONTENT="31;" HEIGHT="47" WIDTH="83" VPOS="2954" HPOS="1552"/>
<SP HEIGHT="48" WIDTH="32" VPOS="2953" HPOS="1636"/>
<!-- cceid DC91C22F-6E8D-1014-9CF5-AEB3FCA41D69 --><String CONTENT="A" HEIGHT="40" WIDTH="42" VPOS="2953" HPOS="1669"/>
<SP HEIGHT="42" WIDTH="26" VPOS="2953" HPOS="1712"/>
<String CONTENT="34110;" HEIGHT="48" WIDTH="174" VPOS="2953" HPOS="1739"/>
<SP HEIGHT="47" WIDTH="32" VPOS="2954" HPOS="1914"/>
<String CONTENT="David" HEIGHT="42" WIDTH="162" VPOS="2953" HPOS="1947"/>
<SP HEIGHT="42" WIDTH="32" VPOS="2954" HPOS="2110"/>
<String CONTENT="C." HEIGHT="42" WIDTH="49" VPOS="2954" HPOS="2143"/>
<SP HEIGHT="42" WIDTH="32" VPOS="2953" HPOS="2193"/>
<String CONTENT="Cook" HEIGHT="42" WIDTH="130" VPOS="2953" HPOS="2226"/>
</TextLine>
<TextLine HEIGHT="50" WIDTH="538" VPOS="3009" HPOS="408">
<String CONTENT="pub." HEIGHT="47" WIDTH="111" VPOS="3010" HPOS="408"/>
<SP HEIGHT="30" WIDTH="34" VPOS="3021" HPOS="520"/>
<String CONTENT="co." HEIGHT="31" WIDTH="67" VPOS="3021" HPOS="555"/>
<SP HEIGHT="48" WIDTH="70" VPOS="3011" HPOS="623"/>
<String CONTENT="(31-3094)" HEIGHT="50" WIDTH="252" VPOS="3009" HPOS="694"/>
</TextLine>
<TextLine HEIGHT="66" WIDTH="673" VPOS="3089" HPOS="335" STYLEREFS="StyleId-5D3EF262-FDDB-42FB-AA4F-A46848706A1C-">
<String CONTENT="Daniel-Rops," HEIGHT="66" WIDTH="420" VPOS="3089" HPOS="335"/>
<SP HEIGHT="63" WIDTH="26" VPOS="3092" HPOS="756"/>
<String CONTENT="Henry." HEIGHT="63" WIDTH="225" VPOS="3092" HPOS="783"/>
</TextLine>
<TextLine HEIGHT="70" WIDTH="1878" VPOS="3167" HPOS="468" STYLEREFS="StyleId-157E0A06-3324-401E-B8AC-C4DA7D197B8C-" CS="1">
<String CS="1" CONTENT="&#8230;"/>
<SP HEIGHT="52" WIDTH="41" VPOS="3167" HPOS="468"/>
<String CONTENT="The" HEIGHT="53" WIDTH="123" VPOS="3167" HPOS="510"/>
<SP HEIGHT="34" WIDTH="34" VPOS="3186" HPOS="634"/>
<String CONTENT="misted" HEIGHT="54" WIDTH="208" VPOS="3168" HPOS="669"/>
<SP HEIGHT="53" WIDTH="36" VPOS="3169" HPOS="878"/>
<String CONTENT="mirror," HEIGHT="68" WIDTH="229" VPOS="3169" HPOS="915"/>
<SP HEIGHT="62" WIDTH="36" VPOS="3175" HPOS="1145"/>
<String CONTENT="translated" HEIGHT="53" WIDTH="319" VPOS="3170" HPOS="1182"/>
<SP HEIGHT="54" WIDTH="41" VPOS="3169" HPOS="1502"/>
<String CONTENT="from" HEIGHT="54" WIDTH="153" VPOS="3169" HPOS="1544"/>
<SP HEIGHT="48" WIDTH="38" VPOS="3175" HPOS="1698"/>
<String CONTENT="the" HEIGHT="53" WIDTH="96" VPOS="3170" HPOS="1737"/>
<SP HEIGHT="52" WIDTH="37" VPOS="3171" HPOS="1834"/>
<String CONTENT="French" HEIGHT="54" WIDTH="224" VPOS="3170" HPOS="1872"/>
<SP HEIGHT="53" WIDTH="41" VPOS="3170" HPOS="2097"/>
<String CONTENT="with" HEIGHT="53" WIDTH="142" VPOS="3170" HPOS="2139"/>
<SP HEIGHT="52" WIDTH="37" VPOS="3171" HPOS="2282"/>
<String CONTENT="a" HEIGHT="34" WIDTH="26" VPOS="3189" HPOS="2320"/>
</TextLine>
<TextLine HEIGHT="73" WIDTH="1778" VPOS="3243" HPOS="334" STYLEREFS="StyleId-157E0A06-3324-401E-B8AC-C4DA7D197B8C-">
<String CONTENT="preface" HEIGHT="68" WIDTH="234" VPOS="3243" HPOS="334"/>
<SP HEIGHT="54" WIDTH="27" VPOS="3244" HPOS="569"/>
<String CONTENT="by" HEIGHT="70" WIDTH="76" VPOS="3244" HPOS="597"/>
<SP HEIGHT="68" WIDTH="29" VPOS="3246" HPOS="674"/>
<String LANG="fr" CONTENT="R." HEIGHT="52" WIDTH="69" VPOS="3246" HPOS="704"/>
<SP HEIGHT="52" WIDTH="31" VPOS="3247" HPOS="774"/>
<String CONTENT="H." HEIGHT="52" WIDTH="78" VPOS="3247" HPOS="806"/>
<SP HEIGHT="52" WIDTH="33" VPOS="3247" HPOS="885"/>
<String CONTENT="Mottram." HEIGHT="53" WIDTH="297" VPOS="3247" HPOS="919"/>
<SP HEIGHT="52" WIDTH="69" VPOS="3248" HPOS="1217"/>
<String CONTENT="London," HEIGHT="68" WIDTH="260" VPOS="3248" HPOS="1287"/>
<SP HEIGHT="67" WIDTH="32" VPOS="3249" HPOS="1548"/>
<String CONTENT="M." HEIGHT="52" WIDTH="78" VPOS="3249" HPOS="1581"/>
<SP HEIGHT="55" WIDTH="38" VPOS="3248" HPOS="1660"/>
<String CONTENT="Seeker," HEIGHT="68" WIDTH="224" VPOS="3248" HPOS="1699"/>
<SP HEIGHT="64" WIDTH="35" VPOS="3252" HPOS="1924"/>
<String CONTENT="1930." HEIGHT="50" WIDTH="152" VPOS="3251" HPOS="1960"/>
</TextLine>
<TextLine HEIGHT="50" WIDTH="374" VPOS="3323" HPOS="402" CS="1">
<String CONTENT="324" HEIGHT="42" WIDTH="90" VPOS="3323" HPOS="402"/>
<SP HEIGHT="50" WIDTH="29" VPOS="3323" HPOS="493"/>
<String CONTENT="p." HEIGHT="37" WIDTH="44" VPOS="3336" HPOS="523"/>
<SP HEIGHT="40" WIDTH="59" VPOS="3326" HPOS="568"/>
<String CS="1" CONTENT="19&#189;&#7580;&#7504;." HEIGHT="42" WIDTH="148" VPOS="3326" HPOS="628"/>
</TextLine>
<TextLine HEIGHT="59" WIDTH="2014" VPOS="3378" HPOS="340" CS="1">
<String CONTENT="&#169;" HEIGHT="52" WIDTH="52" VPOS="3378" HPOS="340"/>
<SP/>
<String CS="1" CONTENT="1c."/>
<SP HEIGHT="40" WIDTH="35" VPOS="3384" HPOS="497"/>
<String CONTENT="Jan." HEIGHT="41" WIDTH="111" VPOS="3384" HPOS="533"/>
<SP HEIGHT="40" WIDTH="32" VPOS="3385" HPOS="645"/>
<String CONTENT="17," HEIGHT="48" WIDTH="70" VPOS="3385" HPOS="678"/>
<SP HEIGHT="47" WIDTH="33" VPOS="3386" HPOS="749"/>
<String CONTENT="1931;" HEIGHT="48" WIDTH="141" VPOS="3385" HPOS="783"/>
<SP HEIGHT="46" WIDTH="36" VPOS="3387" HPOS="925"/>
<!-- cceid DC92973D-6E8D-1014-9CF5-AEB3FCA41D69 --><String CONTENT="A" HEIGHT="39" WIDTH="41" VPOS="3387" HPOS="962"/>
<SP HEIGHT="40" WIDTH="32" VPOS="3387" HPOS="1004"/>
<String CONTENT="ad" HEIGHT="39" WIDTH="63" VPOS="3388" HPOS="1037"/>
<SP HEIGHT="39" WIDTH="32" VPOS="3388" HPOS="1101"/>
<String CONTENT="int." HEIGHT="40" WIDTH="85" VPOS="3388" HPOS="1134"/>
<SP HEIGHT="39" WIDTH="37" VPOS="3389" HPOS="1220"/>
<String CONTENT="14697;" HEIGHT="48" WIDTH="171" VPOS="3387" HPOS="1258"/>
<SP HEIGHT="38" WIDTH="37" VPOS="3399" HPOS="1430"/>
<String CONTENT="pubd." HEIGHT="49" WIDTH="143" VPOS="3388" HPOS="1468"/>
<SP HEIGHT="41" WIDTH="34" VPOS="3388" HPOS="1612"/>
<String CONTENT="Nov." HEIGHT="42" WIDTH="119" VPOS="3388" HPOS="1647"/>
<SP HEIGHT="42" WIDTH="34" VPOS="3388" HPOS="1767"/>
<String CONTENT="20," HEIGHT="50" WIDTH="70" VPOS="3387" HPOS="1802"/>
<SP HEIGHT="48" WIDTH="34" VPOS="3389" HPOS="1873"/>
<String CONTENT="1930;" HEIGHT="49" WIDTH="143" VPOS="3386" HPOS="1908"/>
<SP HEIGHT="48" WIDTH="36" VPOS="3387" HPOS="2052"/>
<String CONTENT="Alfred" HEIGHT="41" WIDTH="173" VPOS="3387" HPOS="2089"/>
<SP HEIGHT="42" WIDTH="35" VPOS="3386" HPOS="2263"/>
<String CONTENT="A." HEIGHT="42" WIDTH="55" VPOS="3386" HPOS="2299"/>
</TextLine>
<TextLine HEIGHT="55" WIDTH="988" VPOS="3440" HPOS="407">
<String CONTENT="Knopf," HEIGHT="49" WIDTH="182" VPOS="3440" HPOS="407"/>
<SP HEIGHT="46" WIDTH="37" VPOS="3442" HPOS="590"/>
<String CONTENT="inc.," HEIGHT="49" WIDTH="105" VPOS="3442" HPOS="628"/>
<SP HEIGHT="49" WIDTH="35" VPOS="3442" HPOS="734"/>
<String CONTENT="New" HEIGHT="41" WIDTH="118" VPOS="3442" HPOS="770"/>
<SP HEIGHT="39" WIDTH="34" VPOS="3444" HPOS="889"/>
<String CONTENT="York." HEIGHT="40" WIDTH="146" VPOS="3444" HPOS="924"/>
<SP HEIGHT="48" WIDTH="69" VPOS="3445" HPOS="1071"/>
<String CONTENT="(31-3503)" HEIGHT="50" WIDTH="254" VPOS="3445" HPOS="1141"/>
</TextLine>
<TextLine HEIGHT="73" WIDTH="1083" VPOS="3518" HPOS="335" STYLEREFS="StyleId-157E0A06-3324-401E-B8AC-C4DA7D197B8C-">
<String CONTENT="Duggan," HEIGHT="68" WIDTH="278" VPOS="3518" HPOS="335"/>
<SP HEIGHT="63" WIDTH="27" VPOS="3523" HPOS="614"/>
<String CONTENT="Thomas" HEIGHT="55" WIDTH="260" VPOS="3522" HPOS="642"/>
<SP HEIGHT="53" WIDTH="26" VPOS="3526" HPOS="903"/>
<String CONTENT="Stephen," HEIGHT="65" WIDTH="282" VPOS="3526" HPOS="930"/>
<SP HEIGHT="57" WIDTH="31" VPOS="3534" HPOS="1213"/>
<String CONTENT="1860-" HEIGHT="50" WIDTH="173" VPOS="3533" HPOS="1245"/>
</TextLine>
<TextLine HEIGHT="77" WIDTH="1952" VPOS="3596" HPOS="401" STYLEREFS="StyleId-157E0A06-3324-401E-B8AC-C4DA7D197B8C-">
<String CONTENT="The" HEIGHT="54" WIDTH="124" VPOS="3596" HPOS="401"/>
<SP HEIGHT="55" WIDTH="48" VPOS="3598" HPOS="526"/>
<String CONTENT="Catholic" HEIGHT="55" WIDTH="263" VPOS="3598" HPOS="575"/>
<SP HEIGHT="37" WIDTH="45" VPOS="3618" HPOS="839"/>
<String CONTENT="church" HEIGHT="55" WIDTH="213" VPOS="3601" HPOS="885"/>
<SP HEIGHT="53" WIDTH="46" VPOS="3602" HPOS="1099"/>
<String CONTENT="in" HEIGHT="54" WIDTH="60" VPOS="3602" HPOS="1146"/>
<SP HEIGHT="55" WIDTH="51" VPOS="3604" HPOS="1207"/>
<String CONTENT="Connecticut," HEIGHT="56" WIDTH="388" VPOS="3604" HPOS="1259"/>
<SP HEIGHT="55" WIDTH="49" VPOS="3605" HPOS="1648"/>
<String CONTENT="by" HEIGHT="68" WIDTH="74" VPOS="3605" HPOS="1698"/>
<SP HEIGHT="68" WIDTH="50" VPOS="3605" HPOS="1773"/>
<String CONTENT="Right" HEIGHT="71" WIDTH="181" VPOS="3602" HPOS="1824"/>
<SP HEIGHT="52" WIDTH="51" VPOS="3603" HPOS="2006"/>
<String CONTENT="Reverend" HEIGHT="53" WIDTH="295" VPOS="3602" HPOS="2058"/>
</TextLine>
<TextLine HEIGHT="75" WIDTH="2022" VPOS="3674" HPOS="330" STYLEREFS="StyleId-157E0A06-3324-401E-B8AC-C4DA7D197B8C-" CS="1">
<String CONTENT="Thomas" HEIGHT="55" WIDTH="251" VPOS="3674" HPOS="330"/>
<SP HEIGHT="56" WIDTH="37" VPOS="3676" HPOS="582"/>
<String CONTENT="S." HEIGHT="56" WIDTH="56" VPOS="3676" HPOS="620"/>
<SP HEIGHT="51" WIDTH="39" VPOS="3678" HPOS="677"/>
<String CONTENT="Duggan" HEIGHT="70" WIDTH="251" VPOS="3678" HPOS="717"/>
<SP HEIGHT="36" WIDTH="40" VPOS="3699" HPOS="969"/>
<String CS="1" CONTENT="&#8230;"/>
<SP HEIGHT="57" WIDTH="78" VPOS="3680" HPOS="1068"/>
<String CONTENT="Centennial" HEIGHT="57" WIDTH="338" VPOS="3680" HPOS="1147"/>
<SP HEIGHT="52" WIDTH="36" VPOS="3684" HPOS="1486"/>
<String CONTENT="ed." HEIGHT="53" WIDTH="85" VPOS="3683" HPOS="1523"/>
<SP HEIGHT="54" WIDTH="73" VPOS="3682" HPOS="1609"/>
<String CONTENT="New" HEIGHT="53" WIDTH="138" VPOS="3682" HPOS="1683"/>
<SP HEIGHT="54" WIDTH="37" VPOS="3681" HPOS="1822"/>
<String CONTENT="York" HEIGHT="55" WIDTH="162" VPOS="3680" HPOS="1860"/>
<SP HEIGHT="53" WIDTH="35" VPOS="3680" HPOS="2023"/>
<String CONTENT="city," HEIGHT="69" WIDTH="134" VPOS="3680" HPOS="2059"/>
<SP HEIGHT="69" WIDTH="36" VPOS="3680" HPOS="2194"/>
<String CONTENT="The" HEIGHT="53" WIDTH="121" VPOS="3679" HPOS="2231"/>
</TextLine>
<TextLine HEIGHT="79" WIDTH="978" VPOS="3751" HPOS="332" STYLEREFS="StyleId-157E0A06-3324-401E-B8AC-C4DA7D197B8C-" CS="1">
<String CONTENT="States" HEIGHT="57" WIDTH="191" VPOS="3751" HPOS="332"/>
<SP HEIGHT="53" WIDTH="22" VPOS="3755" HPOS="524"/>
<String CONTENT="history" HEIGHT="72" WIDTH="224" VPOS="3754" HPOS="547"/>
<SP HEIGHT="50" WIDTH="27" VPOS="3776" HPOS="772"/>
<String CONTENT="company" HEIGHT="55" WIDTH="280" VPOS="3775" HPOS="800"/>
<SP HEIGHT="63" WIDTH="33" VPOS="3767" HPOS="1081"/>
<String CS="1" CONTENT="[&#7580;1930]" HEIGHT="34" WIDTH="12" VPOS="3795" HPOS="1298"/>
</TextLine>
<TextLine HEIGHT="55" WIDTH="973" VPOS="3834" HPOS="474" CS="1">
<String CS="1" CONTENT="xx," HEIGHT="15" WIDTH="9" VPOS="3866" HPOS="474"/>
<SP HEIGHT="47" WIDTH="26" VPOS="3834" HPOS="484"/>
<String CONTENT="622" HEIGHT="40" WIDTH="86" VPOS="3834" HPOS="511"/>
<SP HEIGHT="50" WIDTH="25" VPOS="3835" HPOS="598"/>
<String CONTENT="p." HEIGHT="39" WIDTH="43" VPOS="3846" HPOS="624"/>
<SP HEIGHT="43" WIDTH="59" VPOS="3836" HPOS="668"/>
<String CONTENT="front.," HEIGHT="50" WIDTH="165" VPOS="3836" HPOS="728"/>
<SP HEIGHT="37" WIDTH="24" VPOS="3849" HPOS="894"/>
<String CONTENT="plates," HEIGHT="47" WIDTH="172" VPOS="3840" HPOS="919"/>
<SP HEIGHT="37" WIDTH="26" VPOS="3852" HPOS="1092"/>
<String CONTENT="ports." HEIGHT="47" WIDTH="150" VPOS="3842" HPOS="1119"/>
<SP HEIGHT="40" WIDTH="60" VPOS="3840" HPOS="1270"/>
<String CS="1" CONTENT="23&#7580;&#7504;." HEIGHT="41" WIDTH="116" VPOS="3840" HPOS="1331"/>
</TextLine>
<TextLine HEIGHT="55" WIDTH="1138" VPOS="3890" HPOS="402" CS="1">
<String CONTENT="Bibliography" HEIGHT="52" WIDTH="355" VPOS="3890" HPOS="402"/>
<SP HEIGHT="37" WIDTH="24" VPOS="3905" HPOS="758"/>
<String CONTENT="at" HEIGHT="39" WIDTH="52" VPOS="3896" HPOS="783"/>
<SP HEIGHT="39" WIDTH="25" VPOS="3896" HPOS="836"/>
<String CONTENT="end" HEIGHT="39" WIDTH="93" VPOS="3897" HPOS="862"/>
<SP HEIGHT="39" WIDTH="25" VPOS="3897" HPOS="956"/>
<String CONTENT="of" HEIGHT="40" WIDTH="52" VPOS="3896" HPOS="982"/>
<SP HEIGHT="48" WIDTH="25" VPOS="3896" HPOS="1035"/>
<String CONTENT="pt." HEIGHT="46" WIDTH="65" VPOS="3898" HPOS="1061"/>
<SP HEIGHT="30" WIDTH="29" VPOS="3907" HPOS="1127"/>
<String CS="1" CONTENT="I"/>
<SP HEIGHT="48" WIDTH="36" VPOS="3897" HPOS="1176"/>
<String CONTENT="(p." HEIGHT="48" WIDTH="68" VPOS="3897" HPOS="1213"/>
<SP HEIGHT="40" WIDTH="28" VPOS="3899" HPOS="1282"/>
<String CONTENT="209-210)" HEIGHT="48" WIDTH="229" VPOS="3897" HPOS="1311"/>
</TextLine>
<TextLine HEIGHT="60" WIDTH="2014" VPOS="3947" HPOS="338">
<String CONTENT="&#169;" HEIGHT="53" WIDTH="52" VPOS="3947" HPOS="338"/>
<SP HEIGHT="53" WIDTH="28" VPOS="3947" HPOS="391"/>
<String CONTENT="Nov." HEIGHT="42" WIDTH="119" VPOS="3952" HPOS="420"/>
<SP HEIGHT="40" WIDTH="27" VPOS="3954" HPOS="540"/>
<String CONTENT="12," HEIGHT="48" WIDTH="68" VPOS="3952" HPOS="568"/>
<SP HEIGHT="45" WIDTH="30" VPOS="3955" HPOS="637"/>
<String CONTENT="1930:" HEIGHT="43" WIDTH="140" VPOS="3953" HPOS="668"/>
<SP HEIGHT="42" WIDTH="30" VPOS="3954" HPOS="809"/>
<String CONTENT="2c." HEIGHT="42" WIDTH="68" VPOS="3954" HPOS="840"/>
<SP HEIGHT="40" WIDTH="29" VPOS="3956" HPOS="909"/>
<String CONTENT="Dec." HEIGHT="41" WIDTH="110" VPOS="3956" HPOS="939"/>
<SP HEIGHT="41" WIDTH="29" VPOS="3956" HPOS="1050"/>
<String CONTENT="26:" HEIGHT="41" WIDTH="83" VPOS="3956" HPOS="1080"/>
<SP HEIGHT="30" WIDTH="31" VPOS="3967" HPOS="1164"/>
<String CONTENT="aff." HEIGHT="41" WIDTH="82" VPOS="3956" HPOS="1196"/>
<SP HEIGHT="40" WIDTH="29" VPOS="3957" HPOS="1279"/>
<String CONTENT="Nov." HEIGHT="41" WIDTH="118" VPOS="3957" HPOS="1309"/>
<SP HEIGHT="39" WIDTH="30" VPOS="3958" HPOS="1428"/>
<String CONTENT="15;" HEIGHT="47" WIDTH="82" VPOS="3958" HPOS="1459"/>
<SP HEIGHT="47" WIDTH="32" VPOS="3958" HPOS="1542"/>
<!-- cceid DC9363C0-6E8D-1014-9CF5-AEB3FCA41D69 --><String CONTENT="A" HEIGHT="41" WIDTH="41" VPOS="3958" HPOS="1575"/>
<SP HEIGHT="42" WIDTH="27" VPOS="3958" HPOS="1617"/>
<String CONTENT="33178;" HEIGHT="49" WIDTH="173" VPOS="3958" HPOS="1645"/>
<SP HEIGHT="50" WIDTH="34" VPOS="3957" HPOS="1819"/>
<String CONTENT="States" HEIGHT="43" WIDTH="166" VPOS="3957" HPOS="1854"/>
<SP HEIGHT="42" WIDTH="27" VPOS="3956" HPOS="2021"/>
<String CONTENT="history" HEIGHT="46" WIDTH="189" VPOS="3956" HPOS="2049"/>
<SP HEIGHT="39" WIDTH="31" VPOS="3963" HPOS="2239"/>
<String CONTENT="co.," HEIGHT="40" WIDTH="81" VPOS="3961" HPOS="2271"/>
</TextLine>
<TextLine HEIGHT="50" WIDTH="415" VPOS="4009" HPOS="405">
<String CONTENT="inc." HEIGHT="41" WIDTH="92" VPOS="4009" HPOS="405"/>
<SP HEIGHT="48" WIDTH="70" VPOS="4011" HPOS="498"/>
<String CONTENT="(31-2894)" HEIGHT="49" WIDTH="251" VPOS="4010" HPOS="569"/>
</TextLine>
</TextBlock>
</PrintSpace>
</Page>
</Layout>
</alto>