2505 4370
1327 4032 99 50 642

341 365 208 64 Arlitt,
577 366 133 54 Ada
738 367 173 63 Hart,
944 371 169 50 1890-

412 447 122 52 The
573 444 152 54 child
769 444 152 53 from
960 462 105 36 one
1102 450 58 47 to
1198 444 230 66 twelve;
1472 444 350 69 psychology
1863 444 92 53 for
1996 451 249 64 parents,
2283 446 74 70 by

341 520 1992 135 Ada Hart Arlitt … with an introduction by Flora M. Thurston. Rev.
716 602 84 52 ed.
844 603 66 53 of
948 602 155 52 “The
1145 600 153 55 child
1344 601 152 53 from
1538 619 103 34 one
1683 607 58 46 to
1782 601 139 52 six”.
1998 603 138 51 New
2179 603 179 60 York,

341 679 346 70 Whittlesey
723 680 190 64 house,
950 678 433 56 McGraw-Hill
1418 678 148 54 book
1602 697 299 50 company,
1940 679 124 67 inc.,
2104 685 150 51 1981.

414 760 101 49 xxi,
545 760 88 42 228
662 772 43 37 p.
768 761 165 47 front.,
964 762 171 47 plates.
1197 760 57 41 19½ᶜᵐ.
1461 759 132 49 $2.00

351 829 2014 53 © Apr. 25, 1931; 2c. Apr. 29; aff. Apr. 30; A 37051; McGraw-Hill book
420 902 81 36 co.,
538 891 90 40 inc.
703 890 282 49 (31-11257)

346 985 185 65 Ashe,
563 985 312 54 Elizabeth
907 986 74 55 H.

422 1063 278 54 Intimate
732 1064 198 53 letters
963 1062 154 55 from
1151 1064 239 66 France,
1425 1064 113 52 and
1574 1064 272 54 Extracts
1883 1062 153 55 from
2069 1065 97 54 the
2201 1065 168 69 diary

351 1140 65 55 of
448 1141 304 54 Elizabeth
785 1141 176 69 Ashe,
997 1141 327 54 1917-1919.
1400 1142 138 53 Rev.
1575 1143 112 52 and
1723 1143 127 62 enl.,
1884 1143 140 54 with
2059 1142 309 55 Armistice

352 1219 2017 73 day frontispiece in halftone … San Francisco, Bruce Brough
350 1318 177 50 press,
562 1301 153 51 1931.

423 1380 794 52 2 p. l., [3]-224 p. front. 22 ᶜᵐ.
426 1454 264 41 “Intimate
724 1455 170 40 letters
926 1454 130 40 from
1092 1452 216 42 France”
1344 1453 257 49 published
1636 1454 278 49 separately
1949 1453 49 42 in
2035 1453 129 43 1918.

357 1521 52 53 ©
444 1527 123 40 Mar.
599 1524 68 48 10,
702 1525 112 40 1931;
877 1527 66 38 2c.
980 1527 121 39 Mar.
1134 1527 82 45 23;
1254 1526 81 41 aff.
1367 1526 114 48 Apr.
1515 1527 82 46 14;
1631 1525 40 40 A
1703 1526 172 47 35380;
1913 1528 50 38 E.
2000 1527 60 40 H.
2096 1527 143 44 Ashe,
2276 1526 96 41 San

427 1583 275 41 Francisco.
774 1583 252 48 (31-7946)

353 1677 295 66 Ashmun,
679 1679 310 65 Margaret
1020 1677 182 57 Eliza.

422 1755 123 53 The
588 1754 234 70 singing
866 1754 203 69 Swan;
1115 1776 71 33 an
1232 1761 238 49 account
1511 1756 65 53 of
1618 1756 171 54 Anna
1837 1755 229 56 Seward
2117 1756 109 54 and
2272 1756 101 54 her

351 1834 406 68 acquaintance
804 1832 141 54 with
995 1834 101 52 Dr.
1145 1834 281 70 Johnson,
1476 1833 262 70 Boswell,
1783 1836 46 51 &
1874 1835 190 55 others
2113 1834 64 54 of
2226 1833 148 56 their

351 1910 154 71 time,
542 1912 74 70 by
654 1912 297 69 Margaret
988 1912 293 68 Ashmun;
1322 1911 141 54 with
1503 1934 32 33 a
1573 1913 229 68 preface
1842 1913 71 70 by
1956 1913 308 54 Frederick
2304 1913 68 52 A.

351 1990 1860 72 Pottle … New Haven, Yale university press; London, H.
353 1990 1994 147 Milford,
540 2068 229 56 Oxford
804 2067 318 73 university
1153 2087 175 52 press,
1361 2072 152 51 1931.

430 2152 1124 50 xiv p., 2 l., 298 p. front., pl., ports. 20 ᶜᵐ.
431 2209 293 41 “Published
755 2220 60 29 on
845 2208 83 42 the
958 2209 170 47 Henry
1158 2209 51 40 L.
1241 2209 220 41 Johnson
1492 2209 252 41 memorial
1776 2209 167 41 fund.”

362 2277 51 52 ©
459 2281 122 40 Mar.
624 2282 68 46 13,
736 2279 112 42 1931;
920 2280 66 41 2c.
1032 2283 122 38 Mar.
1198 2280 82 47 19;
1326 2280 81 41 aff.
1452 2281 114 48 Apr.
1607 2280 55 41 27;
1736 2281 39 39 A
1817 2280 171 47 34979;
2037 2282 63 40 M.
2144 2280 232 41 Ashmun.

434 2339 373 47 Northampton,
840 2340 147 38 Mass.
1059 2337 252 48 (31-7549)

358 2432 257 66 Bankes,
645 2433 227 55 Walter
899 2433 242 65 Joseph,
1174 2439 172 50 1881-

431 2510 1946 71 Your complete life, by Walter Joseph Bankes … Boston,
358 2588 1327 71 The Christopher publishing house [ ᶜ1 931]
430 2669 57 40 74
517 2680 45 38 p.
622 2669 57 41 20½ᶜᵐ.

432 2725 1945 52 “The principles of psychology … and … their meaning [applied] to
361 2783 82 40 the
481 2782 199 41 various
717 2783 196 48 periods
953 2783 55 41 of
1042 2783 339 48 development
1419 2784 50 39 in
1512 2782 468 42 life.”—Foreword.

368 2851 52 52 ©
452 2856 122 41 Mar.
603 2855 39 49 9,
673 2856 109 40 1931;
845 2857 68 40 2c.
944 2858 93 38 and
1070 2857 82 40 aff.
1182 2858 122 38 Mar.
1336 2857 48 38 21;
1450 2857 40 39 A
1519 2857 145 41 35355;
1726 2856 318 49 Christopher
2076 2857 109 48 pub.
2217 2856 164 40 house.

446 2913 281 49 (31-11511)

362 3005 283 67 Bartlett,
674 3012 138 52 Mrs.
841 3008 164 55 Alice
1042 3010 230 65 (Hunt)
1311 3011 171 54 1870-

432 3088 386 70 Washington
858 3090 406 67 pre-eminent;
1307 3089 321 72 thirty-five
1664 3089 108 70 key
1810 3107 204 50 scenes,
2051 3087 333 70 presenting

365 3166 96 53 the
495 3167 351 69 high-lights
880 3169 60 52 in
972 3169 96 53 the
1102 3169 140 54 lives
1278 3169 64 52 of
1374 3167 434 70 Washington’s
1841 3171 236 64 parents
2110 3167 49 50 &
364 3184 1995 113 ancestors

521 3246 113 52 and
670 3246 63 53 of
768 3246 435 69 Washington’s
1238 3266 126 33 own
1402 3246 122 59 life,
1563 3247 153 52 from
1752 3246 309 54 childhood
2098 3250 59 48 to
2195 3245 191 68 death,

366 3341 61 34 as
459 3325 255 53 revealed
750 3326 49 49 &
832 3324 339 54 established
1206 3327 78 68 by
1314 3326 186 68 newly
1531 3324 328 54 discovered
1891 3323 257 68 records;
2181 3324 49 50 &
2264 3323 121 52 The

363 3420 232 49 masque
621 3403 65 52 of
713 3402 285 56 America,
1021 3405 49 50 &
1101 3406 121 52 The
1244 3403 374 53 white-robed
1648 3403 176 68 choir,
1844 3403 238 53 historic
2111 3419 275 51 masques,

364 3480 170 53 based
576 3499 71 33 on
686 3480 245 54 General
970 3482 204 70 Henry
1223 3481 375 69 (Lighthorse
1634 3482 228 69 Harry)
1910 3480 158 55 Lee’s
2106 3478 278 56 “Oration

368 3557 58 53 in
465 3559 180 52 honor
683 3560 66 52 of
785 3560 223 68 George
1044 3559 423 70 Washington”
1507 3561 49 50 &
1599 3559 230 55 Samuel
1869 3559 240 54 Francis
2150 3557 235 56 Smith’s

367 3636 238 69 writing
639 3638 66 52 of
738 3638 137 69 “My
910 3644 242 65 country
1188 3639 90 52 ’tis
1312 3639 64 52 of
1410 3638 180 67 thee”,
1624 3639 51 51 &
1713 3656 71 34 on
1822 3637 223 69 George
368 3636 1996 131 Washington’s

563 3722 234 47 account
846 3718 63 51 of
958 3718 93 54 the
1101 3716 431 55 “White-robed
1581 3715 209 54 choir”.
1869 3717 91 68 By
2007 3715 164 53 Alice
2217 3714 170 52 Hunt

368 3792 2019 56 Bartlett … Published for the National arts committee for the
368 3871 339 53 celebration
778 3874 63 51 of
903 3872 434 69 Washington’s
1402 3873 166 52 200th
1635 3872 290 69 birthday.
2001 3871 142 54 New
2206 3869 182 68 York,

376 3950 332 54 Brentano’s
742 3955 149 50 1931.
