2428 4370
1226 4052 136 51 1930

279 382 343 67 Bellessort,
655 384 221 65 André,
912 389 173 51 1866-

414 461 1883 71 … Les intellectuels et l’avènement de la troisième république
291 541 371 72 (1871-1875)
702 561 105 50 par
835 541 200 55 André
1064 542 329 54 Bellessort.
1467 542 186 57 Paris.
1684 544 68 51 B.
1780 541 232 56 Grasset
2049 543 173 67 [1931]

523 622 1438 51 2 p. l., [7]-255 p., 2 l. 19 ᶜᵐ . (“Les leçons du passé.” [4])
281 699 53 53 ©
362 705 116 46 May
503 705 41 47 1,
571 702 115 42 1931;1c.
837 703 121 48 Aug.
985 703 56 41 31;
1097 702 105 40 A—
1203 702 209 49 Foreign
1440 703 148 42 13515;
1642 692 225 52 Éditions
1896 704 223 40 Bernard

359 703 1916 97 Grasset.

281 854 184 54 Bible.
540 856 267 68 English.
880 858 154 51 1931.

353 934 122 54 The
521 934 196 67 Bible;
769 954 71 34 an
885 934 311 53 American
1242 934 374 67 translation;
1665 934 97 53 the
1808 932 117 56 Old
1971 935 328 52 Testament

283 1012 320 54 translated
626 1013 77 69 by
729 1031 32 34 a
788 1030 184 51 group
1002 1011 63 53 of
1091 1012 252 54 scholars
1369 1013 184 52 under
1579 1012 96 53 the
1702 1012 318 69 editorship
2049 1012 64 53 of
2140 1012 57 54 J.
2218 1012 80 52 M.

284 1091 190 53 Powis
526 1090 220 66 Smith;
796 1092 95 52 the
940 1090 140 53 New
1127 1091 330 52 Testament
1505 1090 319 54 translated
1871 1090 76 71 by
1994 1090 202 69 Edgar
2243 1091 55 54 J.

284 1166 2016 133 Goodspeed. Chicago, Ill., The University of Chicago press [ ᶜ193 1]
355 1326 842 51 xvii, 1619, iv, 417, [1] p. 22 ᶜᵐ .
290 1381 52 52 ©
370 1386 118 39 Nov.
517 1384 69 49 10,
616 1383 114 42 1931;
788 1384 68 42 2c.
884 1385 118 40 Nov.
1033 1385 58 39 17;
1148 1383 83 42 aff.
1258 1384 119 40 Nov.
1408 1384 57 40 16;
1521 1384 41 39 A
1590 1383 146 42 45059;

1796 1384 285 49 University
2111 1386 53 40 of
360 1385 1922 106 Chicago,
526 1442 224 49 Chicago.
821 1442 283 49 (31-28514)

283 1537 185 55 Bible.
548 1540 65 52 O.
643 1541 64 50 T.
782 1539 159 69 Song
971 1541 63 68 of
1060 1539 291 53 Solomon.
1426 1538 267 69 English.
1769 1543 153 49 1931.

356 1618 123 52 The
525 1617 157 68 Song
725 1617 63 52 of
830 1634 171 52 songs
1045 1617 140 51 with
1230 1618 289 53 woodcuts
1563 1617 76 70 by
1683 1618 196 53 James
1923 1618 165 53 Reid.
2163 1618 140 53 New

286 1696 181 70 York,
494 1696 218 53 Farrar
741 1697 47 51 &
813 1694 341 68 Rhinehart,
1184 1694 127 68 inc.,
1342 1697 151 51 1931.

358 1779 85 49 [75]
478 1789 43 37 p.
582 1777 131 41 illus.
776 1777 118 42 26ᶜᵐ.

354 1835 128 41 Title
512 1847 63 29 on
604 1836 27 39 2
662 1836 177 40 leaves.

287 1889 52 53 ©
364 1894 119 40 Nov.
506 1892 69 43 16.
599 1891 115 42 1931;
766 1892 68 40 2c.
856 1892 119 40 Nov.
1000 1891 56 41 18;
1110 1890 82 43 aff.
1215 1892 118 40 Nov.
1357 1891 57 41 17;
1466 1891 41 40 A
1529 1892 145 40 44854;
1728 1892 166 41 James
1919 1892 135 48 Reid,
2079 1894 224 39 Trevose.

358 1952 84 39 Pa.
513 1949 282 49 (31-28495)

285 2045 220 65 Boggs,
535 2045 267 53 Norman
832 2044 228 65 Towar,
1094 2048 171 51 1882-

358 2122 1942 71 The Christian saga, by Norman Towar Boggs … New
288 2200 1221 69 York, The Macmillan company, 1931.
356 2284 28 40 2
416 2294 43 29 v.
518 2284 118 40 24ᶜᵐ.

359 2341 163 47 Paged
554 2340 356 48 continuously.

293 2393 52 52 ©
384 2399 118 39 Nov.
542 2397 70 49 24,
652 2396 141 49 1931;
833 2397 67 41 2c.
940 2398 121 40 each
1100 2399 97 39 and
1237 2397 82 41 aff.
1360 2398 118 40 Nov.
1518 2398 83 47 25;
1643 2398 42 40 A
1722 2398 173 48 45207;
1937 2399 57 41 N.
2034 2399 52 41 T.
2127 2400 174 48 Boggs,

362 2455 222 41 Chateau
611 2457 59 39 de
697 2455 318 49 Bazainville,
1048 2455 43 41 S.
1122 2458 49 38 et
1198 2455 67 49 O.,
1296 2457 201 39 France.
1570 2455 282 51 (31-33783)

284 2550 248 63 Bonsor,
561 2550 181 65 Jorge
772 2551 296 63 Eduardo,
1100 2556 174 50 1855-

356 2628 126 53 The
502 2628 453 70 archaeological
980 2628 333 69 expedition
1340 2630 174 69 along
1536 2629 97 54 the
1659 2628 443 71 Guadalquivir,
288 2632 2016 141 1889-1901,

470 2705 77 70 by
576 2705 223 71 George
831 2707 256 53 Edward
1120 2708 252 66 Bonsor;
1406 2707 319 54 translated
1760 2707 153 54 from
1945 2708 97 53 the
2075 2709 226 53 French

285 2783 75 70 by
411 2783 173 55 Clara
630 2785 65 52 L.
745 2785 263 70 Penney;
1061 2785 142 53 with
1255 2784 357 72 forty-seven
1661 2787 383 53 illustrations
2096 2786 206 72 chiefly

288 2862 154 53 from
485 2863 293 70 drawings
817 2862 77 71 by
937 2864 96 54 the
1076 2865 208 53 author
1327 2865 60 53 in
1431 2866 96 53 the
1572 2866 298 53 collection
1914 2865 65 55 of
2022 2867 97 52 the
287 2866 1990 142 Hispanic

496 2941 214 69 society
751 2940 64 55 of
853 2941 287 55 America.
1215 2943 141 53 New
1399 2943 181 70 York,
1622 2944 244 54 Printed
1908 2944 76 70 by
2028 2945 167 53 order
2238 2944 64 55 of

285 3019 95 52 the
410 3024 259 64 trustees,
700 3022 151 52 1931.

360 3099 1929 54 6 p. l. , 86 p. incl. illus., plates, double front., XLI pl. (incl. maps.
286 3156 2016 54 plans) on 23 l. 31ᶜᵐ. (Half-title: Hispanic notes & monographs; essays,
287 3213 201 49 studies,
516 3216 96 39 and
639 3214 129 42 brief
791 3216 313 49 biographies
1132 3218 165 41 issued
1324 3217 63 49 by
1412 3219 83 41 the
1520 3218 241 49 Hispanic
1788 3218 183 47 society
1999 3219 53 39 of
2079 3218 224 41 America

289 3269 285 51 [Catalogue
607 3272 192 50 series])

360 3327 1944 54 “My manuscript … [entitled ‘Exploration archéologique des rives
287 3384 63 39 du
389 3383 360 50 Guadalquivir
784 3389 136 39 entre
958 3386 223 43 Cordoue
1215 3390 50 39 et
1304 3387 207 49 Séville’,
1550 3391 97 40 and
1686 3390 109 39 sent
1831 3391 51 39 to]
1936 3390 84 39 the
2056 3387 246 42 Concurso

288 3439 255 43 Martorell
577 3462 71 30 [is]
683 3446 245 39 corrected
960 3446 98 39 and
1088 3445 340 48 considerably
1459 3447 291 48 augmented
1787 3448 127 48 [and]
1947 3456 209 38 appears
2188 3446 115 40 here

286 3496 48 40 in
361 3496 67 41 its
455 3498 251 42 definitive
731 3499 280 49 form.”—p.
1040 3500 72 42 69.

359 3553 352 44 “References”:
770 3566 43 39 p.
843 3556 160 43 79-82.

293 3606 52 52 ©
382 3612 119 42 Nov.
539 3614 68 47 17,
644 3613 115 42 1931;
823 3614 67 43 2c.
929 3618 94 39 and
1063 3616 82 42 aff.
1182 3618 119 41 Nov.
1340 3617 58 41 27;
1463 3618 41 39 A
1541 3617 146 42 44999;
1755 3617 240 50 Hispanic
2032 3617 183 48 society
2254 3617 51 41 of

362 3669 237 50 America,
626 3671 118 41 New
769 3673 145 41 York.
986 3673 282 50 (31-34318)

287 3762 212 66 Booth,
531 3766 175 65 Mary
735 3769 340 65 Josephine.

356 3839 271 57 Material
661 3863 72 35 on
769 3848 353 69 geography,
1157 3848 304 70 including
1495 3848 359 55 commercial
1891 3848 292 69 products,
284 3847 1995 142 industries,
585 3925 459 70 transportation

1083 3927 112 53 and
1236 3926 364 56 educational
1639 3926 267 70 exhibits,
1945 3926 186 53 which
2171 3943 132 54 may
