2505 4370
1099 4029 100 49 443

132 391 455 65 Pennsylvania.
661 393 183 68 Laws,
872 396 257 63 statutes,
1160 396 100 47 etc.

202 470 282 54 Purdon’s
512 469 424 69 Pennsylvania
963 472 255 64 statutes,
1246 466 323 54 annotated.
1646 467 346 51 Permanent
133 463 1977 139 edition.

345 548 56 53 A
431 547 370 69 compilation
830 546 63 55 of
921 546 95 53 the
1046 545 230 70 general
1308 545 112 53 and
1451 549 334 63 permanent
1813 545 138 51 laws
1983 542 153 53 from

135 629 95 51 the
258 647 135 50 year
427 628 133 52 1700
589 631 59 47 to
680 630 227 62 present
936 624 154 68 time,
1121 623 261 68 together
1413 622 140 53 with
1587 621 363 53 annotations
1984 622 153 51 from

134 706 96 52 the
259 724 151 35 cases
438 703 332 68 construing
799 703 160 52 those
985 702 152 51 laws.
1214 700 152 53 Title
1397 700 80 53 72.
1520 699 286 54 Taxation
1837 701 113 52 and
1979 697 157 53 fiscal

136 775 1977 153 affairs … Prepared by the publishers’ editorial staff. Philadelphia,
414 861 120 67 Pa.,
561 858 222 67 George
809 858 63 51 T.
904 856 156 53 Bisel
1088 874 77 35 co.;
1225 855 264 66 Newark,
1511 854 70 53 N.
1603 855 75 66 J.,
1703 854 186 69 Soney
1915 856 46 50 &
1990 854 148 69 Sage

136 933 1522 71 co.; St. Paul, Minn., West publishing co. [ ᶜ19 31 ]
206 1016 282 42 2 v . 24 ᶜᵐ .
143 1084 51 52 ©
223 1090 121 39 Mar.
371 1088 70 47 27,
469 1085 112 41 1931;
638 1086 67 40 2c.
733 1085 117 40 each
878 1086 113 47 Apr.
1018 1085 55 39 17;
1131 1083 82 41 aff.
1242 1083 114 48 Apr.
1385 1083 56 40 18;
1498 1083 40 39 A
1566 1082 158 49 36616,
1753 1082 145 41 36617;
1956 1082 185 48 George

210 1146 51 39 T.
293 1144 131 40 Bisel
455 1154 80 37 co.,
569 1142 154 48 Soney
753 1142 36 40 &
822 1142 121 47 Sage
974 1153 80 36 co.,
1086 1142 95 38 and
1212 1142 134 39 West
1377 1141 110 48 pub.
1519 1151 67 30 co.

136 1236 337 65 Phillpotts,
505 1236 183 63 Eden,
722 1240 171 50 1862-

205 1314 241 51 “Found
480 1311 324 68 drowned”,
836 1312 76 68 by
949 1311 164 52 Eden
1147 1310 335 68 Phillpotts.
1556 1310 260 71 London,
135 1309 1980 135 Hutchinson

261 1393 45 50 &
331 1409 78 34 co.
437 1391 102 52 ltd.
574 1392 172 65 [1930]

206 1471 643 51 3 p. l., 11-288 p. 19½ ᶜᵐ .
144 1541 1998 52 © 1c. Apr. 1, 1930; A ad int. 14900; pubd. Feb. 27; Macmillan co., New
213 1603 143 39 York.
428 1600 249 49 (31-9258)

141 1696 159 65 Post,
332 1696 245 55 Charles
605 1695 142 65 Asa,
779 1699 169 51 1848-

209 1775 196 52 Doans
451 1775 244 55 Corners
739 1776 113 52 and
897 1773 96 52 the
1037 1772 116 69 city
1200 1774 134 52 four
1376 1771 162 54 miles
1583 1777 152 62 west,
1779 1772 76 69 by
1901 1772 238 55 Charles

140 1851 118 53 Asa
286 1854 167 66 Post;
485 1851 141 53 with
656 1870 32 33 a
715 1850 198 70 glance
942 1856 59 47 at
1031 1850 312 68 Cuyahoga
1373 1855 209 63 county
1613 1850 114 53 and
1754 1850 96 52 the
1876 1851 264 54 Western

140 1930 257 51 Reserve.
477 1928 326 68 Cleveland,
836 1929 121 52 The
992 1928 227 55 Caxton
1249 1945 298 51 company,
1583 1930 151 52 1930.

210 2009 28 41 3
278 2020 43 38 p.
397 2041 9 16 l.,
447 2009 86 40 210
573 2020 42 38 p.
690 2010 165 48 front.,
896 2009 142 48 illus.,
1080 2010 170 47 plates,
1295 2010 163 48 ports.,
1500 2019 138 37 maps
1666 2008 49 49 (1
1756 2008 143 48 fold.)
1950 2008 192 43 facsim.

141 2066 144 41 24½ᶜᵐ.

218 2122 161 40 “First
413 2121 230 49 printing,
683 2122 278 48 September
996 2121 141 47 1930;
1175 2123 175 39 second
1386 2122 230 48 printing,
1655 2121 204 41 October
1896 2122 157 41 1930.”

216 2178 192 41 “Doans
441 2178 206 41 Corners
677 2177 248 49 definitely
956 2180 95 38 and
1083 2179 279 47 accurately
1393 2189 126 30 were
1549 2179 83 40 the
1662 2189 195 30 corners
1887 2179 54 40 of
1969 2180 174 40 Euclid

143 2245 186 30 avenue
361 2235 97 39 and
490 2236 132 39 what
655 2245 83 29 are
770 2245 108 30 now
912 2234 142 41 105th
1088 2236 95 38 and
1216 2234 144 41 107th
1394 2237 177 38 streets
1609 2235 428 50 [Cleveland]”—p.
2073 2235 69 42 51.

150 2287 51 53 ©
235 2293 117 41 Nov.
387 2291 38 50 8,
461 2290 140 49 1930;
637 2292 67 41 2c.
739 2293 121 40 Mar.
895 2293 68 48 14,
998 2291 139 49 1931;
1176 2292 82 42 aff.
1294 2293 110 41 Jan.
1439 2291 81 49 29;
1557 2292 42 40 A
1632 2293 170 47 35398;
1842 2293 48 41 C.
1926 2294 54 39 A.
2017 2295 129 41 Post.

217 2349 274 41 Cleveland.
554 2345 69 54 [©
650 2359 107 30 new
782 2350 178 39 matter
986 2349 36 41 &
1048 2349 310 50 corrections]
1431 2349 251 51 (31-7841)

146 2442 276 64 Ramboz,
453 2444 105 52 Ina
588 2444 89 54 W.

219 2521 1930 72 Short plays in Spanish, by Ina W. Ramboz … illustrated by
145 2600 147 54 Jack
335 2600 270 53 Fawcett.
681 2600 138 53 New
862 2599 179 70 York,
1086 2600 330 55 Cincinnati
1485 2606 119 62 [etc.]
1652 2601 306 53 American
2002 2600 148 53 book

146 2681 507 66 company [ ᶜ19 31]
212 2757 99 48 xix,
341 2755 86 41 158
454 2766 43 38 p.
527 2755 108 41 incl.
666 2755 84 41 col.
780 2756 163 48 front.,
975 2755 126 42 illus.
1162 2755 147 43 16½ᶜᵐ.

153 2809 51 53 ©
238 2815 121 40 Mar.
391 2813 41 49 9,
463 2812 141 49 1931;
638 2812 66 42 2c.
738 2814 95 40 and
866 2813 82 42 aff.
982 2815 121 42 Mar.
1136 2813 82 50 12;
1251 2815 42 40 A
1325 2814 171 50 35256;
1532 2815 145 42 Amer.
1725 2816 123 41 book
1881 2827 67 30 co.

231 2871 251 49 (31-7755)

147 2964 253 65 Rhodes,
430 2966 199 52 Marce
660 2965 252 65 Clinton,
946 2971 169 50 1898-

215 3040 245 70 History
504 3040 64 54 of
609 3042 261 52 taxation
911 3042 61 52 in
1011 3043 352 68 Mississippi
1418 3043 368 71 (1798-1929)
1839 3045 76 68 by
1957 3044 79 52 M.
2084 3043 63 54 C.

146 3120 244 52 Rhodes.
466 3119 314 72 Nashville,
810 3121 196 67 Tenn.,
1038 3120 224 70 George
1293 3121 271 70 Peabody
1595 3122 211 69 college
1837 3121 94 54 for
148 3122 1976 141 teachers,

281 3199 151 50 1930.

220 3278 1927 55 3 p. l., 208 p. 22½ ᶜᵐ . (Half-title: Contribution to education, pub.
151 3336 155 39 under
336 3336 83 39 the
451 3334 236 42 direction
719 3336 52 41 of
803 3336 184 48 George
1019 3338 223 47 Peabody
1277 3339 178 47 college
1486 3339 80 40 for
1599 3341 236 46 teachers,
1867 3352 75 29 no.
1974 3342 80 47 79)

223 3391 171 40 Thesis
438 3391 14 48 (PH.
631 3391 269 50 D.)—George
934 3394 224 48 Peabody
1193 3395 179 48 college
1405 3395 79 40 for
1518 3397 236 47 teachers,
1788 3397 129 42 1930.

219 3447 226 41 Without
470 3448 154 41 thesis
649 3451 125 38 note.

221 3504 349 48 Bibliography:
626 3516 43 37 p.
698 3505 217 42 206-208.

157 3556 51 52 ©
239 3562 121 39 Mar.
390 3561 41 48 6,
459 3560 140 48 1931;
630 3562 67 41 2c.
727 3564 94 38 and
853 3562 81 41 aff.
965 3564 121 39 Mar.
1115 3564 82 47 16;
1230 3565 43 39 A
1300 3565 171 49 34888;
1506 3566 183 49 George
1720 3568 222 47 Peabody
1974 3568 178 48 college

223 3618 78 39 for
337 3619 235 40 teachers.
642 3619 249 48 (31-7980)

152 3711 318 65 Robinson,
500 3713 204 63 Henry
730 3715 254 64 Morton,
1016 3721 170 49 1898-

226 3787 169 56 Stout
446 3790 230 65 Cortez;
729 3810 31 33 a
808 3792 324 69 biography
1182 3792 63 53 of
1295 3794 95 52 the
1443 3795 249 66 Spanish
1742 3801 282 63 conquest,
2072 3797 77 70 by

153 3865 1972 147 Henry Morton Robinson … New York, London, The Century
313 3949 305 65 co. [ ᶜ19 31]
