2505 4370
1069 4023 101 52 135

193 465 1006 52 viii p., 1 l., 419 p. front. (port.) 19 ½ ᶜᵐ.
193 537 350 43 “References”
572 541 52 38 at
652 538 93 41 end
772 537 52 42 of
851 537 117 42 each
999 537 214 49 chapter.

129 610 52 53 ©
209 615 112 40 Dec.
347 613 71 48 30,
446 612 140 47 1930;
614 611 67 42 2c.
710 611 95 40 and
832 610 82 42 aff.
943 610 109 41 Jan.
1080 610 68 49 31,
1178 609 142 48 1931;
1350 611 42 38 A
1418 609 171 49 34076;
1621 610 53 41 F.
1705 610 45 41 S.
1780 609 169 42 Crofts
1975 610 37 40 &
2039 620 83 33 co.,

196 672 90 41 inc.
356 668 251 50 (31-3371)

123 777 198 64 Kelty,
356 779 175 61 Mary
566 776 66 55 G.

253 851 1866 72 … The growth of the American people and nation, by Mary
123 930 1957 69 G. Kelty … Boston, New York [etc.] Ginn and company
126 1012 192 65 [ᶜ1931]

194 1089 80 49 vii,
315 1090 83 41 631
439 1100 43 38 p.
541 1090 88 40 col.
667 1088 163 49 front.,
870 1088 129 41 illus.
1028 1086 134 49 (incl.
1202 1091 163 45 ports.,
1406 1087 162 49 maps)
1616 1088 87 41 col.
1742 1088 172 48 plates.
1974 1087 56 41 20½ᶜᵐ.

133 1145 124 49 (The
282 1146 163 48 Tryon
474 1146 95 40 and
596 1144 200 49 Lingley
825 1145 188 47 history
1042 1144 176 48 series)

195 1216 250 49 “Adapted
483 1218 50 39 to
569 1217 82 40 the
688 1216 230 40 interests
955 1216 97 39 and
1088 1214 265 49 capacities
1391 1215 51 41 of
1479 1216 219 39 children
1736 1215 48 41 in
1823 1216 82 39 the
1941 1215 182 40 middle

123 1274 172 47 grades
324 1273 52 40 of
404 1273 83 40 the
514 1273 298 47 elementary
842 1270 455 43 school.”—Introd.

128 1340 51 52 ©
205 1345 110 40 Jan.
340 1343 68 49 19,
434 1342 113 41 1931;
601 1343 68 42 2c.
696 1344 109 39 Feb.
832 1343 26 38 2;
913 1343 82 40 aff.
1023 1344 109 40 Jan.
1157 1342 59 40 30;
1269 1342 42 40 A
1335 1341 145 42 33495;
1536 1343 62 40 M.
1627 1342 54 43 G.
1707 1342 161 49 Kelty,
1898 1342 225 48 Chicago.

204 1400 252 49 (31-3606)

121 1508 250 65 Knight,
400 1509 223 54 Lucian
652 1509 237 65 Lamar,
922 1514 171 50 1868-

189 1584 242 71 History
460 1585 62 53 of
550 1584 213 53 Fulton
789 1591 225 64 county,
1041 1584 266 71 Georgia,
1336 1584 289 54 narrative
1653 1585 112 53 and
120 1584 1977 148 biographical,

244 1660 1879 73 by Lucian Lamar Knight … Atlanta, Ga., A. H. Cawston,
121 1744 148 50 1930.

189 1820 1286 51 2 p. l. , [11]-514 p. incl. ports, front., port. 27½ ᶜᵐ.
127 1891 51 52 ©
206 1895 111 41 Dec.
343 1893 69 51 20,
440 1893 117 42 1930;
608 1894 67 42 2c.
701 1894 110 41 Jan.
838 1894 39 48 2,
905 1893 141 48 1931;
1076 1893 81 41 aff.
1186 1893 112 41 Feb.
1325 1893 81 48 25;
1437 1893 42 40 A
1505 1893 171 49 31882;
1707 1894 54 41 A.
1789 1895 61 41 H.
1880 1894 242 49 Cawston,

194 1952 302 48 Charleston,
532 1952 43 41 S.
608 1951 49 42 C.
728 1951 221 49 (31-643)

123 2061 152 63 Kull,
303 2060 206 64 Irving
536 2061 313 64 Stoddard,
878 2064 83 52 ed.

188 2136 1871 70 New Jersey, a history; editor-in-chief, Irving S. Kull …
123 2215 134 52 New
290 2214 180 72 York,
501 2214 122 53 The
653 2214 307 53 American
989 2214 296 53 historical
1316 2214 229 68 society,
1575 2215 127 67 inc.,
1736 2217 151 51 1930.

189 2296 1511 49 4 v. fronts., 1 illus., plates, ports., maps, facsims. 27½ ᶜᵐ.
190 2353 235 42 Contains
447 2352 392 50 bibliographies.

127 2421 51 52 ©
214 2425 110 40 Jan.
357 2425 70 48 11,
464 2423 139 49 1931;
639 2424 67 42 2c.
742 2424 118 40 each
895 2425 108 39 Jan.
1040 2424 82 47 28;
1160 2424 82 41 aff.
1281 2424 108 40 Jan.
1425 2423 83 49 29;
1547 2424 43 40 A
1623 2424 171 49 34052;
1833 2426 146 38 Amer.
195 2425 1910 97 historical
393 2493 107 37 soc.,
529 2482 89 41 inc.
690 2480 249 50 (31-3175)

123 2577 302 63 Langdon,
459 2575 204 56 Grace.

188 2653 186 53 Home
399 2652 281 69 guidance
706 2651 93 53 for
823 2670 193 51 young
1040 2652 260 52 children;
1359 2670 32 34 a
1419 2652 250 68 parents’
1695 2653 323 69 handbook,
2044 2653 75 70 by

120 2729 2000 70 Grace Langdon … with an introduction by Lois Hayden Meek
181 2805 1429 71 … New York, The John Day company [ ᶜ1 931]
187 2887 1172 51 xvii, 405, [1 ] p. front., 1 illus., plates. 21½ ᶜᵐ.
191 2957 285 47 “Directory
507 2957 53 40 of
592 2957 221 48 agencies
846 2958 96 39 and
975 2957 364 48 organizations
1373 2959 161 40 whose
1566 2968 254 38 programs
1855 2959 175 41 should
2063 2959 57 41 be

119 3013 52 41 of
197 3014 206 40 interest
433 3017 49 37 to
511 3013 230 48 parents”:
799 3023 43 38 p.
872 3013 218 42 379-397.

187 3069 375 48 Bibliography:
595 3080 43 37 p.
672 3069 218 42 370-378.

128 3135 51 52 ©
207 3140 110 41 Jan.
345 3141 68 48 15,
442 3139 140 48 1931;
612 3140 67 41 2c.
708 3142 96 39 and
833 3140 82 41 aff.
945 3141 108 40 Jan.
1082 3140 83 48 30;
1195 3141 43 39 A
1265 3140 171 48 34083;
1470 3140 53 42 G.
1553 3142 244 48 Langdon,
1828 3143 118 40 New
1976 3143 144 41 York.

207 3196 252 50 (31-3425)

123 3290 246 66 Laning,
398 3292 116 63 Jay
543 3293 172 54 Ford.

193 3368 150 55 Ohio
389 3372 110 51 law
545 3372 263 52 abstract.
887 3374 133 49 1930
1066 3373 210 51 annual
1323 3373 228 67 Laning
1598 3371 150 54 Ohio
1797 3372 185 68 digest
2033 3372 92 52 for

127 3451 131 49 1931
293 3467 123 45 use;
458 3468 28 33 a
524 3449 356 67 supplement
917 3454 58 47 to
1009 3450 96 51 the
1140 3449 198 67 cinque
1376 3449 185 68 digest
1597 3450 63 52 of
1694 3451 97 52 the
1826 3449 150 55 Ohio
2012 3452 110 50 law

124 3526 246 52 abstract
402 3532 237 62 reports.
715 3527 140 53 This
888 3528 209 51 annual
1131 3527 260 68 together
1424 3528 139 51 with
1596 3528 96 53 the
1725 3531 134 50 1928
1894 3528 229 68 annual,

124 3603 95 52 the
250 3606 133 49 1929
414 3604 211 52 annual
658 3606 111 51 and
799 3604 97 52 the
925 3604 216 69 cinque,
1170 3623 192 35 covers
1392 3606 93 51 the
1517 3605 160 68 eight
1703 3624 163 50 years
1900 3608 132 49 1923
2063 3612 59 46 to

127 3684 149 65 1930,
302 3680 293 69 inclusive,
623 3681 63 53 of
712 3681 278 54 decisions
1016 3682 303 67 published
1347 3685 58 50 in
1434 3684 94 51 the
1557 3682 149 55 Ohio
1736 3685 108 51 law
1874 3685 248 52 abstract

125 3758 1637 69 reports. Norwalk, O., The Law abstract co. [ ᶜ1 931]
191 3836 446 51 xxiv, 120 p. 26 ᶜᵐ.
130 3903 51 52 ©
211 3909 110 41 Jan.
349 3909 70 48 15,
449 3907 111 42 1931;
620 3908 67 42 2c.
719 3910 96 39 and
844 3909 81 41 aff.
958 3910 109 41 Jan.
1098 3911 57 39 17;
1211 3910 43 39 A
1282 3908 146 43 32839;
1487 3912 117 39 Law
1635 3911 217 40 abstract
1884 3921 65 30 co.
