2505 4370
1248 4055 136 50 1440

300 404 224 65 Hobbs,
556 403 258 56 William
845 403 279 63 Herbert,
1158 407 174 51 1864-

375 483 188 53 Earth
603 481 254 58 features
896 481 114 53 and
1049 481 152 53 their
1238 481 300 69 meaning;
1582 499 72 34 an
1695 479 394 54 introduction
2129 486 59 48 to
304 499 1993 132 geology

524 559 94 55 for
664 560 98 54 the
808 560 233 54 student
1087 560 115 53 and
1249 559 96 54 the
1393 559 232 70 general
1672 559 218 68 reader,
1935 557 77 72 by
2058 558 261 56 William

302 638 1995 133 Herbert Hobbs … 2d ed., rev. and enl. New York, The Macmillan
535 735 301 51 company,
869 720 153 51 1931.

375 800 1509 49 xxxvii, 517 p. front., illus., plates, maps, diagrs. 22½ ᶜᵐ.
378 857 130 41 “The
534 857 151 41 series
712 858 52 40 of
791 858 227 48 readings
1045 858 260 40 contained
1332 858 51 39 in
1411 858 81 41 the
1519 860 197 46 present
1741 859 191 40 volume
1960 858 108 49 give
2097 858 50 40 in
306 869 1999 87 somewhat

474 916 254 47 expanded
763 915 129 40 form
929 915 83 40 the
1047 915 261 41 substance
1346 915 51 41 of
1433 925 25 30 a
1497 925 170 32 course
1704 915 53 42 of
1791 916 284 40 illustrated
2114 915 208 42 lectures

306 972 159 41 which
501 972 91 41 has
626 983 108 30 now
769 973 79 40 for
884 974 190 39 several
1109 983 144 38 years
1289 974 115 39 been
1444 973 245 40 delivered
1726 974 119 40 each
1882 974 234 40 semester
2152 977 51 37 at
2242 973 79 42 the

303 1029 286 49 University
618 1031 53 40 of
701 1029 292 50 Michigan.”

377 1087 116 42 Two
526 1099 106 29 new
664 1088 229 48 chapters
927 1099 60 29 on
1021 1087 329 49 meteorology
1384 1088 124 40 have
1542 1088 118 41 been
1696 1089 157 40 added
1889 1091 49 38 to
1974 1088 99 41 this
2109 1088 185 40 edition:

302 1145 61 48 cf.
396 1145 130 40 Pref.
561 1148 49 38 to
641 1145 59 40 2d
733 1146 72 40 ed.

379 1201 252 50 “Reading
658 1202 302 41 references”
990 1204 53 39 at
1070 1204 93 39 end
1191 1202 53 41 of
1271 1203 121 41 each
1420 1203 217 48 chapter.

306 1255 52 52 ©
389 1260 129 48 Sept.
547 1260 69 46 15,
644 1260 113 40 1931;
813 1261 68 40 2c.
912 1262 95 39 and
1035 1260 81 40 aff.
1149 1260 130 48 Sept.
1307 1260 58 40 16;
1420 1261 41 38 A
1487 1260 146 40 42356;
1692 1260 284 40 Macmillan
2005 1270 67 32 co.

385 1316 283 48 (31-24150)

304 1413 278 64 Howard,
614 1412 208 54 Edwin
853 1412 267 56 Laclede.

380 1488 247 57 Chinese
653 1490 219 69 garden
903 1490 381 53 architecture;
1345 1509 30 34 a
1408 1490 297 53 collection
1737 1488 65 55 of
1832 1489 400 70 photographs
2263 1491 64 52 of

306 1568 191 54 minor
525 1566 244 57 Chinese
794 1569 315 69 buildings,
1134 1569 76 69 by
1238 1568 212 54 Edwin
1478 1569 65 52 L.
1571 1569 279 67 Howard,
1919 1611 10 10 A.
1987 1611 10 11 I.
2066 1611 10 10 A.
308 1566 1994 135 Foreword

511 1646 1814 72 by Everett Y. Meeks … New York, The Macmillan
305 1744 301 53 company,
638 1729 152 51 1931.

408 1810 836 49 x p., 1 l. col. front., 50 pl. 30½ᶜᵐ.
377 1868 292 40 Illustrated
700 1867 367 49 lining-papers.

381 1925 309 49 Descriptive
718 1926 285 47 letterpress
1032 1935 63 31 on
1123 1935 169 30 versos
1319 1923 169 50 facing
1516 1925 173 48 plates.

308 1978 51 53 ©
390 1983 127 48 Sept.
546 1983 68 48 15,
640 1981 113 42 1931;
809 1982 68 41 2c.
904 1984 96 39 and
1027 1981 81 41 aff.
1139 1982 128 48 Sept.
1295 1982 55 40 16;
1406 1983 42 38 A
1472 1981 147 41 42350;
1675 1982 285 41 Macmillan
1985 1993 68 31 co.

387 2040 283 48 (31-24156)

307 2136 181 64 Hoyt,
521 2134 209 54 Edwin
761 2135 196 56 Delos.

378 2211 1949 71 Perspective simplified, by Edwin Delos Hoyt … New
311 2291 184 68 York,
516 2291 56 55 J.
595 2292 192 69 Wiley
811 2293 46 51 &
878 2309 148 51 sons,
1048 2291 107 53 inc.;
1214 2291 262 68 London,
1502 2290 303 70 Chapman
1829 2293 47 51 &
1898 2290 163 69 Hall,
2085 2289 244 67 limited,

309 2373 152 51 1931.

379 2451 1540 51 xii, 130 p. incl. front., illus., diagrs. 15 × 22 ᶜᵐ. $1.50
309 2507 52 52 ©
389 2512 130 47 Sept.
544 2511 40 42 2,
611 2510 113 40 1931;
780 2510 68 41 2c.
878 2510 128 48 Sept.
1034 2510 28 41 8;
1116 2509 81 40 aff.
1227 2510 130 48 Sept.
1383 2511 27 38 4;
1466 2511 41 38 A
1532 2510 146 40 41642;
1736 2512 53 40 E.
1817 2510 56 39 D.
1902 2511 147 47 Hoyt,
2079 2509 245 49 Bellevue,

379 2569 83 41 Pa.
534 2568 283 48 (31-24155)

308 2664 308 64 Jacquart,
647 2663 267 55 Rolland.

376 2739 228 54 Prairie
655 2741 134 56 lore,
837 2741 76 69 by
962 2741 253 53 Rolland
1264 2743 296 67 Jacquart.
1657 2741 275 70 Sublette,
1981 2741 172 69 Kan.,
2202 2741 121 54 The

308 2819 261 57 Sublette
593 2817 268 72 monitor,
890 2823 151 51 1931.

381 2901 670 49 5 p. l., Ill p. illus. 19½ ᶜᵐ.
379 2959 149 41 Prose
556 2960 96 39 and
681 2970 153 29 verse.

311 3012 51 53 ©
398 3017 128 48 Sept.
558 3018 27 38 4,
631 3015 141 47 1931;
805 3016 67 43 2c.
906 3017 96 40 and
1034 3016 82 39 aff.
1152 3016 129 48 Sept.
1315 3017 81 41 12;
1432 3017 40 38 A
1503 3015 145 42 41595;
1712 3018 55 38 R.
1801 3018 252 47 Jacquart,
2092 3016 231 48 Sublette,

379 3075 125 38 Kan.
577 3074 282 48 (31-24425)

308 3155 200 63 Jones,
540 3156 175 62 Mary
744 3154 210 56 Hoxie.

377 3230 238 54 Arrows
648 3231 65 53 of
746 3231 184 54 desire
983 3232 94 69 [by]
1115 3233 173 69 Mary
1322 3232 191 56 Hoxie
1546 3234 191 53 Jones.
1813 3234 139 52 New
1988 3234 181 67 York,
2202 3234 120 53 The

307 3309 337 54 Macmillan
675 3328 300 53 company,
1007 3314 150 52 1931.

379 3390 362 50 xii, 94 p. 19½ ᶜᵐ.
383 3449 183 40 Poems.

312 3502 52 52 ©
395 3507 130 47 Sept.
552 3507 68 45 15,
649 3505 113 41 1931;
820 3506 67 40 2c.
915 3509 97 38 and
1039 3506 80 42 aff.
1153 3506 129 48 Sept.
1312 3506 82 47 16;
1426 3508 39 37 A
1492 3506 172 47 42344;
1697 3506 282 41 Macmillan
2008 3518 66 31 co.

391 3562 282 48 (31-24426)

310 3643 200 64 Jones,
542 3646 184 63 Nard,
761 3651 171 50 1904-

308 3722 1990 145 … The Petlands … [New York] Brewer, Warren & Putnam, inc. [ ᶜ1 931]
377 3878 280 50 341 p. 19½ ᶜᵐ.
315 3932 52 52 ©
398 3936 128 49 Sept.
553 3939 68 47 18,
650 3938 111 41 1931;
821 3940 67 41 2c.
919 3940 127 50 Sept.
1074 3939 54 41 21;
1188 3939 82 42 aff.
1303 3940 127 50 Sept.
1460 3940 55 39 22;
1574 3942 39 38 A
1641 3942 145 39 41757;
1892 3973 7 6 N.
1930 3942 164 49 Jones,
2126 3941 196 41 Seattle.

392 3994 282 49 (31-24147)
