2428 4370
1008 4018 132 49 1529

77 386 238 63 Arnold,
347 384 197 53 Frank
575 381 314 65 Atkinson,
922 381 171 55 1867-

141 460 312 54 Broadcast
495 456 366 69 advertising,
900 456 96 52 the
1035 454 198 54 fourth
1274 454 331 67 dimension,
1645 451 74 69 by
1759 451 196 54 Frank
1994 451 71 53 A.

71 529 1996 73 Arnold … foreword by Harry P. Davis … New York, J. Wiley
71 619 45 49 &
151 633 145 49 sons,
333 616 104 51 inc.;
509 611 256 68 London,
805 609 300 69 Chapman
1142 611 46 49 &
1225 609 159 68 Hall,
1423 607 240 70 limited,
1704 610 149 51 1931.

142 690 1333 55 xix, 275 p. illus. (plan) diagrs. 22½ ᶜᵐ. $3.00
81 763 50 52 ©
162 766 127 47 Sept.
315 764 69 41 25,
413 762 111 41 1931;
582 762 67 42 2c.
677 764 95 38 and
798 760 80 40 aff.
909 760 102 40 Oct.
1040 760 25 38 1;
1123 759 41 38 A
1189 758 144 41 43034;
1392 760 51 38 F.
1472 759 53 38 A.
1553 758 197 47 Arnold,
1780 758 116 39 New
1925 758 144 39 York.

160 821 278 50 (31-25753)

77 914 331 63 Ashbrook,
440 914 197 52 Frank
670 912 161 63 Getz,
865 916 169 49 1892-

208 987 1864 72 … Birds of America, by Frank G. Ashbrook; illustrations
77 1064 1996 77 by Paul Möller … Racine, Wis., Whitman publishing co.,
167 1153 79 49 ᶜ19 31.
143 1225 633 48 3 v. col. illus. 81 × 13 ᶜᵐ.
425 1293 125 29 CONTENTS.—[v.
589 1280 39 52 1]
667 1282 101 39 The
804 1282 84 39 red
924 1280 263 49 book.—[v.
1223 1278 41 51 2]
1304 1280 101 39 The
1440 1280 111 39 blue
1587 1279 263 49 book.—[v.
1887 1278 41 50 3]
1967 1280 101 40 The

75 1352 142 36 green
242 1341 136 40 book.

81 1408 50 52 ©
155 1412 113 47 July
291 1411 68 46 15,
383 1410 114 39 1931;
549 1409 67 41 2c.
640 1409 117 40 each
784 1408 126 47 Sept.
933 1406 56 40 29;
1043 1406 107 41 affs.
1177 1407 103 40 Oct.
1304 1407 25 38 1;
1384 1408 42 37 A
1446 1405 320 41 43020-43022;
1821 1406 249 41 Whitman

146 1468 109 48 pub.
278 1478 67 29 co.
408 1465 280 52 (31-25906)

77 1563 209 63 Ayres,
317 1561 173 63 Ruby
516 1560 268 55 Mildred.

147 1641 306 68 Changing
486 1640 187 68 pilots.
755 1639 359 67 [Instalment
1147 1642 47 63 6]

155 1720 85 47 (In·
261 1719 207 43 Modern
492 1718 255 51 marriage
770 1717 274 52 magazine,
1072 1717 150 52 Sept.,
1250 1717 142 50 1931)

81 1790 1990 52 © 1c. Oct. 21, 1931; A ad int. 15574; pubd. Aug. 25; R. M. A. Pocock,
148 1850 299 47 Weybridge,
477 1849 191 48 Surrey,
698 1848 235 49 England.

79 1944 259 65 Barrett,
368 1945 253 52 Edward
648 1944 152 53 John
829 1944 183 63 Boyd,
1044 1949 170 49 1883-

145 2021 276 69 Strength
460 2020 64 54 of
561 2020 137 68 will,
735 2020 74 69 by
850 2021 67 51 E.
956 2020 166 68 Boyd
1163 2021 250 51 Barrett.
1490 2020 138 52 New
1669 2020 181 69 York,
1889 2021 69 53 R.
2000 2022 67 52 R.

75 2098 206 68 Smith,
312 2099 126 67 inc.,
472 2101 150 50 1931.

143 2178 368 49 xi, 190 p. 19½ ᶜᵐ.
143 2233 1838 51 “In its original form … published … sixteen years ago.”—Introd.
82 2290 50 52 ©
164 2294 127 48 Sept.
320 2293 68 48 28,
419 2293 113 41 1931;
590 2293 66 40 2c.
691 2293 125 48 Sept.
847 2293 82 47 30;
961 2292 82 42 aff.
1074 2293 102 41 Oct.
1207 2294 52 46 1;
1290 2294 42 38 A
1361 2293 144 41 42781;
1566 2295 214 40 Richard
1812 2297 56 39 R.
1901 2295 170 49 Smith,

147 2351 90 41 inc.
307 2349 279 49 (31-25988)

78 2445 244 63 Barron,
350 2445 275 53 Clarence
651 2443 253 65 Walker,
935 2449 324 51 1855-1928.

149 2524 159 52 More
337 2525 134 68 they
501 2526 121 52 told
654 2525 223 51 Barron;
940 2523 421 55 conversations
1392 2527 112 51 and
1535 2526 341 55 revelations
1909 2529 63 51 of
2002 2547 72 33 an

79 2602 304 52 American
415 2603 190 66 Pepys
636 2601 59 53 in
725 2601 154 54 Wall
910 2606 188 54 street,
1126 2603 97 51 the
1253 2609 158 47 notes
1442 2605 64 50 of
1534 2605 94 51 the
1659 2606 113 50 late
1806 2605 268 54 Clarence

78 2679 1996 71 W. Barron … edited and arranged by Arthur Pound and
83 2758 225 54 Samuel
339 2757 214 68 Taylor
584 2757 212 53 Moore.
871 2757 138 52 New
1042 2757 179 67 York,
1253 2758 258 69 London,
1541 2760 234 68 Harper
1806 2763 46 50 &
81 2763 1968 141 brothers,
214 2838 148 50 1931.

149 2914 966 51 x p., 1 l., 334 p. front. (port.) 24 ᶜᵐ.
151 2974 100 39 The
273 2973 110 40 first
407 2972 147 40 series
580 2972 52 40 of
656 2975 215 38 extracts
898 2972 127 40 from
1052 2974 80 39 the
1158 2977 138 37 notes
1322 2974 53 41 of
1400 2975 230 41 Clarence
1657 2978 71 41 W.
1756 2979 192 40 Barron
1973 2990 101 30 was

82 3030 252 47 published
357 3030 49 39 in
430 3028 115 42 1930
567 3030 154 39 under
745 3030 106 39 title;
912 3030 133 47 They
1070 3031 101 39 told
1196 3032 204 40 Barron.

150 3088 160 39 “First
331 3086 224 41 edition.”

86 3139 50 52 ©
163 3144 103 40 Oct.
290 3144 38 43 1,
383 3143 85 40 1931;
523 3143 68 42 2c.
618 3143 102 42 Oct.
747 3144 50 46 1;
827 3143 82 40 aff.
938 3143 101 41 Oct.
1066 3145 53 46 3;
1148 3145 41 39 A
1213 3145 145 40 43052;
1415 3147 186 41 Arthur
1628 3149 182 49 Pound,
153 3150 1903 98 Slingersland,

304 3202 55 39 N.
384 3202 67 46 Y.,
477 3202 95 38 and
600 3201 190 40 Samuel
816 3201 183 47 Taylor
1020 3202 176 47 Moore,
1225 3202 303 49 Springfield,
1555 3206 146 40 Mass.

165 3256 278 49 (31-25997)

84 3350 290 64 Berthier,
403 3352 166 63 Jean,
602 3357 322 49 1840-1908.

150 3427 52 52 A
242 3428 396 68 compendium
679 3427 64 53 of
783 3428 284 69 theology,
1108 3430 352 70 comprising
1500 3433 96 53 the
1638 3435 264 54 essential
81 3438 1968 118 doctrinal

291 3505 190 68 points
518 3505 64 53 of
615 3505 139 53 both
791 3505 288 69 dogmatic
1117 3509 112 52 and
1268 3510 182 51 moral
1488 3510 287 71 theology,
1814 3515 259 68 together

81 3582 136 52 with
254 3583 94 52 the
382 3600 154 35 more
571 3582 316 68 important
923 3583 226 55 notions
1187 3584 64 54 of
1288 3604 176 35 canon
1506 3589 126 68 law,
1671 3589 237 71 liturgy,

81 3612 1967 99 pastoral
256 3660 112 52 and
397 3660 261 68 mystical
688 3660 285 70 theology,
1003 3662 112 53 and
1148 3661 292 56 Christian
1475 3665 365 72 philosophy,
1872 3670 73 69 by
1979 3672 93 53 the

82 3735 1988 70 Very Reverend J. Berthier … Authorized translation from
84 3812 1928 78 the fifth French edition, by the Rev. Sidney A. Raemers …
89 3910 49 33 v.
173 3897 43 47 1.
294 3892 82 55 St.
407 3894 190 68 Louis,
626 3895 113 52 Mo.
772 3896 111 52 and
914 3896 257 69 London,
1201 3898 64 51 B.
1297 3899 226 54 Herder
1552 3902 145 53 book
1727 3921 96 47 co.,
1857 3910 150 52 1931.
