2505 4370
1283 4030 101 50 858

382 451 674 50 xii p., 1 l., 477 p. 20½ ᶜᵐ .
382 508 379 50 Bibliography:
794 518 44 39 p.
868 508 221 43 463-472.

319 576 51 53 ©
403 582 116 47 May
548 580 70 47 28,
651 578 114 41 1931;
826 580 68 41 2c.
926 582 95 39 and
1053 581 84 40 aff.
1170 582 128 39 June
1328 582 24 38 1;
1413 581 42 39 A
1485 580 145 42 38582;
1693 580 216 42 Richard
1943 582 56 41 R.
2034 581 173 49 Smith,
2240 583 91 40 inc.

397 637 283 49 (31-14754)

311 731 81 53 Le
423 732 299 65 Massena,
753 732 279 56 Clarence
1063 732 277 67 Edward,
1373 738 172 51 1868-

380 808 257 69 Talking
667 828 144 51 your
844 828 128 51 way
1005 810 253 69 through
1293 810 261 69 Europe;
1592 810 449 54 conversational
2078 810 125 54 aids
2238 811 93 52 for

310 886 277 55 travelers
620 887 230 68 abroad,
881 887 266 71 English,
1181 888 241 71 French,
1457 887 267 70 German,
1755 889 74 70 by
1867 888 61 55 C.
1965 889 65 52 E.
2067 890 80 51 Le
311 890 1995 129 Massena

480 965 114 55 and
626 965 69 52 E.
729 965 63 52 L.
826 964 243 55 Hackes.
1143 965 140 55 New
1318 966 179 71 York,
1532 966 122 54 The
1689 967 271 54 Mohawk
1996 986 175 50 press,
2205 969 126 69 inc.,

314 1046 150 50 1931.

382 1123 481 50 xiv, 189 p. 19 ᶜᵐ .
383 1182 163 40 Blank
575 1182 165 41 leaves
769 1181 81 41 for
882 1181 207 41 “Notes”
1129 1181 82 50 (18
1240 1184 55 39 at
1325 1181 117 49 end)

323 1251 49 52 ©
407 1256 116 47 May
554 1255 69 48 28,
655 1255 114 41 1931;
831 1254 69 43 2c.
933 1256 96 39 and
1062 1254 83 41 aff.
1179 1255 129 40 June
1337 1255 26 40 3;
1425 1255 44 38 A
1499 1254 145 42 37653;
1708 1255 229 41 Mohawk
1971 1266 150 38 press,
2157 1255 90 42 inc.

399 1312 284 50 (31-14519)

314 1407 252 66 Lennes,
596 1408 149 53 Nels
770 1407 257 66 Johann,
1058 1409 174 55 1874-

383 1484 1950 71 Differential and integral calculus, by N. J. Lennes … with
313 1562 2021 71 the editorial cooperation of H. E. Slaught … New York and
313 1641 261 70 London,
603 1641 237 68 Harper
868 1643 47 51 &
944 1640 281 72 brothers,
1259 1643 152 52 1931.

381 1724 93 39 xiii
500 1733 59 39 p.,
587 1723 25 39 1
676 1753 10 18 l.,
711 1723 86 40 471
824 1733 43 39 p.
929 1723 144 49 illus.,
1103 1723 182 49 diagrs.
1345 1722 119 43 21ᶜᵐ.

385 1780 167 41 “First
583 1779 231 43 edition.”

322 1847 51 53 ©
406 1853 115 47 May
550 1851 39 48 6,
620 1850 113 42 1931;
795 1851 66 41 2c.
895 1853 114 47 May
1040 1853 25 38 5;
1126 1852 83 42 aff.
1240 1853 115 47 May
1385 1852 52 47 8;
1472 1852 41 40 A
1542 1851 172 49 38006;
1749 1853 195 47 Harper
1976 1852 37 41 &
2040 1853 126 40 bros.

401 1909 283 49 (31-14758)

315 2005 173 65 Lent,
518 2005 226 65 Henry.

384 2081 251 70 Diggers
661 2082 114 54 and
801 2081 269 68 builders,
1095 2082 76 69 by
1197 2082 206 69 Henry
1426 2083 163 69 Lent,
1615 2081 249 70 pictures
1892 2082 74 70 by
1989 2082 95 53 the
2112 2082 220 54 author.

315 2159 136 53 New
488 2159 181 68 York,
703 2161 123 52 The
858 2158 335 55 Macmillan
1229 2178 298 53 company,
1565 2163 150 51 1931.

386 2241 755 49 5 p. l., 3-68 p. illus. 22 ᶜᵐ .
325 2310 51 53 ©
404 2315 129 41 June
556 2314 40 48 2,
623 2313 114 42 1931;
793 2314 68 42 2c.
888 2316 95 39 and
1011 2314 82 42 aff.
1121 2315 129 40 June
1276 2315 26 40 3;
1358 2314 41 40 A
1424 2314 172 48 37650;
1628 2314 286 42 Macmillan
1940 2326 68 31 co.

402 2371 283 50 (31-14948)

317 2466 300 67 Leyburn,
650 2466 207 55 James
889 2466 283 57 Graham.

386 2543 1949 73 Handbook of ethnography, by James G. Leyburn … New
317 2623 224 69 Haven,
586 2622 147 53 Yale
774 2621 320 73 university
1137 2641 186 51 press;
1372 2623 258 68 London,
1672 2623 76 53 H.
1795 2622 267 69 Milford,
2107 2621 229 55 Oxford

317 2700 318 72 university
667 2720 174 50 press,
876 2704 151 50 1931.

389 2781 987 50 vii, [2], 323 p. double maps. 22 ᶜᵐ .
390 2840 137 41 Each
549 2851 115 37 map
686 2840 237 48 preceded
950 2840 61 48 by
1037 2839 105 41 leaf
1166 2841 88 40 not
1276 2839 227 42 included
1530 2840 50 40 in
1607 2840 191 49 paging.

391 2897 294 41 “Published
715 2909 61 29 on
804 2898 84 40 the
914 2896 149 42 Louis
1094 2897 143 42 Stern
1268 2897 255 40 memorial
1552 2896 168 41 fund.”

327 2954 51 53 ©
409 2959 116 48 May
552 2957 70 50 29,
651 2958 142 47 1931;
824 2958 68 40 2c.
923 2958 129 40 June
1078 2958 53 46 3;
1164 2956 82 43 aff.
1278 2957 129 40 June
1432 2956 54 49 2;
1519 2957 41 39 A
1587 2955 173 49 38592;
1795 2957 120 40 Yale
1944 2956 130 41 univ.
2106 2966 150 39 press.

406 3014 284 51 (31-14940)

321 3109 269 66 Linfield,
620 3110 204 64 Harry
854 3109 202 65 Sebee,
1091 3114 173 51 1889-

453 3184 1884 71 … The communal organization of the Jews in the United
320 3261 1992 136 States, 1927, by Harry S. Linfield … New York, The American
459 3342 218 56 Jewish
712 3342 335 70 committee,
1083 3345 151 51 1930.

391 3422 1189 50 xiii, 15-191 p. illus. (map) diagrs. 21 ᶜᵐ .
390 3482 68 41 At
483 3482 126 40 head
638 3482 52 41 of
716 3482 110 40 title:
885 3482 102 39 The
1015 3480 260 41 American
1303 3480 185 41 Jewish
1517 3480 290 47 committee,
1842 3479 277 42 Statistical
323 3481 1998 105 department,

500 3539 119 40 New
648 3537 147 42 York.

330 3596 52 52 ©
420 3600 114 47 May
571 3599 55 40 15,
735 3598 57 41 1930;
856 3598 67 40 2c.
960 3597 114 48 Apr.
1110 3595 71 51 25,
1217 3595 142 47 1931;
1399 3595 84 41 aff.
1519 3596 114 48 Apr.
1669 3594 82 48 24;
1793 3596 39 39 A
1869 3594 144 42 32951;
2081 3594 257 40 American

399 3657 183 40 Jewish
614 3656 289 41 committee.
975 3653 282 49 (31-14824)

326 3752 255 64 Liwehr,
617 3751 261 65 August.

398 3832 111 52 Die
573 3830 462 54 anfechtbarkeit
1099 3848 110 34 von
1274 3828 375 68 erfindungen;
1744 3827 108 53 mit
1913 3827 247 53 tabeilen
2225 3825 117 53 und

330 3912 284 64 auszügen
660 3927 98 35 aus
800 3910 108 52 den
951 3907 457 70 bestimmungen
1452 3908 96 52 des
1592 3906 482 53 internationalen
2120 3909 220 63 patent-
