2505 4370
1088 4024 100 49 649

120 481 51 52 ©
205 485 109 40 Feb.
346 482 68 48 26,
447 481 139 46 1931;
621 478 66 42 2c.
719 478 113 47 Apr.
867 476 80 48 14;
982 475 81 41 aff.
1096 475 114 47 Apr.
1243 474 82 48 15;
1362 473 40 39 A
1433 471 171 49 35814;
1641 471 190 40 Vernon
1865 472 96 37 law
1993 468 122 39 book

187 552 80 38 co.,
308 540 67 43 St.
413 539 136 40 Paul.
619 532 278 52 (31-11496)

116 665 182 63 Lillie,
328 665 120 52 Leo
475 662 60 55 C.

182 737 257 55 Historic
469 735 198 55 Grand
698 735 202 51 Haven
932 731 110 54 and
1074 733 228 50 Ottawa
1333 733 223 65 county,
1585 728 72 68 by
1688 729 113 52 Leo
1834 727 59 55 C.
1926 727 185 54 Lillie.

114 816 197 53 Grand
339 816 223 65 Haven,
587 811 193 67 Mich.,
809 812 149 52 1931.

183 894 574 53 394, xx p. illus. 27½ᶜᵐ.
122 966 53 53 ©
205 971 113 47 Apr.
347 969 71 46 20,
448 968 139 46 1931;
619 967 69 39 2c.
717 966 115 47 Apr.
862 965 83 47 27;
978 962 83 42 aff.
1094 964 112 46 May
1236 963 54 45 4;
1323 962 39 39 A
1394 959 173 50 36918;
1601 961 50 42 L.
1684 959 51 42 C.
1767 958 154 50 Lillie,
1954 958 164 40 Grand

191 1028 184 46 Haven,
413 1023 142 41 Mich.
628 1021 278 50 (31-11363)

125 1150 244 64 Löhrke,
404 1150 241 61 Eugene
675 1145 273 56 William.

188 1228 158 67 Deep
381 1225 242 68 evening
679 1225 92 68 [by]
814 1223 231 67 Eugene
1086 1220 238 54 Löhrke.
1401 1221 134 52 New
1582 1221 173 66 York,
1789 1221 57 53 J.
1884 1219 156 68 Cape
2074 1222 48 50 &

123 1304 520 68 H. Smith [ ᶜ1 931]
191 1382 583 52 5 p. l., 3-270 p. 19 ᶜᵐ .
126 1453 51 52 ©
206 1458 77 39 May
346 1457 39 45 4,
413 1455 141 46 1931;
584 1456 67 39 2c.
681 1455 112 46 May
822 1452 52 46 6;
905 1450 82 42 aff.
1017 1452 112 47 May
1158 1452 25 39 7;
1243 1451 40 39 A
1312 1449 171 49 37170;
1517 1449 51 43 E.
1599 1449 203 48 Löhrke,
1831 1449 118 40 New
1980 1448 144 42 York.

204 1512 280 50 (31-11381)

124 1621 384 64 Longstreth,
539 1620 258 52 Thomas
829 1618 234 63 Morris,
1099 1622 171 49 1886-

193 1698 238 54 Murder
471 1703 57 48 at
568 1697 166 69 Belly
775 1697 174 53 Butte
990 1697 111 53 and
1142 1696 162 52 other
1344 1693 293 69 mysteries
1680 1694 152 53 from
1871 1695 96 52 the
124 1712 1975 118 records
303 1776 63 52 of

412 1777 95 51 the
555 1776 267 51 mounted
871 1772 197 70 police,
1114 1773 75 68 by
1238 1775 64 50 T.
1352 1770 214 55 Morris
1612 1773 348 67 Longstreth
2010 1773 110 52 and

127 1854 197 68 Henry
357 1854 260 65 Vernon;
655 1851 322 53 illustrated
1012 1851 76 68 by
1120 1852 141 51 Bert
1296 1848 277 56 Caldwell
1609 1850 113 52 and
1756 1850 66 53 E.
1859 1851 57 53 J.
128 1850 1972 132 Dinsmore.

367 1927 1117 70 New York, The Century co. [ ᶜ1 931 ]
197 2007 1107 52 xi, 300 p. front., plates. 21 ᶜᵐ. $3.00
197 2081 161 42 “First
388 2079 261 51 printing.”

131 2148 53 52 ©
216 2152 113 49 Apr.
361 2152 71 47 17,
464 2149 141 48 1931;
638 2151 69 41 2c.
741 2151 113 47 May
887 2150 54 49 6;
976 2150 84 40 aff.
1093 2151 115 47 May
1240 2150 55 47 5;
1328 2150 42 39 A
1401 2149 175 49 37154;
1611 2149 215 42 Century
1859 2160 71 31 co.
209 2208 280 50 (31-11255)

132 2315 248 67 Loomis,
411 2318 195 63 Roger
635 2316 309 65 Sherman,
976 2319 170 53 1887-
1359 2318 84 52 ed.

201 2394 222 55 Models
453 2393 94 54 for
575 2395 236 67 writing
839 2410 181 51 prose,
1049 2394 188 52 edited
1268 2394 74 68 by
1372 2393 191 69 Roger
1593 2393 279 55 Sherman
1905 2393 229 54 Loomis

194 2469 1203 72 … New York, R. R. Smith, inc., 1931.
268 2586 9 18 xv,
317 2553 87 42 628
441 2566 42 37 p.
544 2553 57 41 20½ᶜᵐ.

135 2621 51 53 ©
213 2627 114 47 Apr.
353 2625 71 49 28,
452 2624 112 42 1931;
621 2625 67 41 2c.
716 2627 95 39 and
839 2624 82 43 aff.
951 2625 112 48 May
1092 2627 24 37 1;
1175 2627 39 37 A
1241 2624 145 42 36870;
1446 2625 55 43 R.
1533 2624 44 43 S.
1608 2624 204 49 Loomis,
1842 2625 115 39 New
1988 2624 145 42 York.

210 2681 281 51 (31-11520)

131 2791 264 65 Ludwig,
427 2791 172 64 Emil,
633 2797 170 49 1881-

263 2867 1866 75 … Schliemann; the story of a gold-seeker; translated from
134 2945 1991 75 the German by D. F. Tait … Boston, Little, Brown, and
133 3041 296 53 company,
462 3027 149 50 1931.

204 3104 1280 51 xiv p., 3 l., [3]-297 p. front., plates, ports. 23 ᶜᵐ.
140 3172 51 52 ©
232 3177 112 47 May
382 3177 69 47 11,
491 3175 112 41 1931;
672 3176 66 40 2c.
779 3178 94 39 and
914 3175 80 43 aff.
1036 3178 112 47 May
1187 3178 82 47 13;
1312 3177 39 39 A
1390 3176 171 51 38150;
1604 3178 162 49 Little,
1809 3180 190 47 Brown,
2040 3180 95 40 and

206 3242 247 40 company.
526 3232 277 49 (31-26866)

137 3342 362 64 Lunenburg
528 3359 102 48 co.,
660 3344 101 52 Va.

204 3415 273 71 Sunlight
507 3435 70 34 on
606 3417 94 53 the
728 3417 316 69 southside;
1075 3419 121 55 lists
1225 3419 64 52 of
1316 3420 187 69 tithes,
1533 3420 347 68 Lunenburg
1910 3426 225 63 county,

133 3490 1939 77 Virginia, 1748-1783, with an introduction by Landon C. Bell …
134 3569 423 70 Philadelphia,
588 3571 228 70 Penna.,
850 3571 217 71 George
1098 3573 55 54 S.
1190 3574 294 68 Ferguson
1517 3594 95 50 co.,
1646 3578 148 50 1931.

205 3651 993 52 503 p. fold. map, fold. facsims. 23½ᶜᵐ.
209 3726 100 38 The
349 3724 112 41 lists
504 3724 77 42 for
622 3724 256 43 1748-1751
921 3729 220 40 embrace
1183 3729 84 39 the
1309 3739 109 29 area
1464 3738 108 32 now
1614 3729 46 39 in
1706 3731 82 40 the
1829 3730 217 41 counties
2086 3731 53 39 of

139 3781 300 48 Lunenburg,
479 3781 351 48 Mecklenburg.
869 3782 262 49 Charlotte,
1169 3784 221 41 Halifax.
1431 3784 339 50 Pittsylvania,
1811 3786 178 49 Henry,
141 3788 1981 95 Patrick,

291 3837 248 46 Franklin,
577 3837 257 50 Campbell,
873 3839 213 42 Bedford
1123 3841 96 39 and
1255 3841 339 47 Appomattox,
1659 3843 59 47 cf.
1759 3853 41 36 p.
1839 3844 69 41 57.

145 3903 52 52 ©
225 3909 113 47 Apr.
365 3909 70 47 15,
465 3907 139 45 1931;
634 3909 67 41 2c.
731 3910 94 39 and
853 3910 83 40 aff.
966 3911 114 47 May
1106 3913 55 44 4;
1194 3912 38 38 A
1262 3910 170 48 36912;
1466 3913 50 41 L.
1547 3911 49 43 C.
1629 3914 117 48 Bell,
1779 3913 273 48 Columbus,
2084 3916 52 39 O.

223 3964 280 51 (31-11364)
