2505 4370
1261 4044 134 51 1348

316 457 2023 73 by Edward F. O’Day … San Francisco, Printed for the Book
317 536 129 54 club
472 535 65 56 of
563 534 326 58 California
916 535 75 69 by
1018 536 57 57 J.
1102 536 76 53 H.
1206 535 178 68 Nash,
1413 539 150 52 1930.

387 619 1322 53 2 p. l., [iii]-ix, 43 p. 2 port. (incl. front.) 36 ᶜᵐ .
391 677 149 41 “This
577 677 42 40 is
657 687 74 31 no.
769 677 87 41 235
894 677 53 41 of
984 687 63 30 an
1086 676 180 41 edition
1307 678 51 39 of
1396 677 87 40 350
1519 677 172 48 copies,
1731 677 53 40 of
1820 678 157 40 which
2016 678 87 42 335
2141 689 84 30 are
2262 680 79 39 for

319 734 102 41 sale
445 735 50 39 to
522 733 238 40 members
786 733 53 40 of
862 734 83 41 the
970 734 108 40 club
1104 734 96 39 and
1225 734 57 40 15
1309 745 84 28 are
1420 736 225 39 reserved
1671 734 78 39 for
1777 734 82 41 the
1885 734 222 41 author.”
2166 735 174 48 Signed

316 791 61 48 by
404 790 85 42 the
519 789 191 42 author.

391 844 241 43 “Written
672 848 63 47 by
776 847 89 39 Mr.
908 847 202 40 Newton
1156 856 127 39 upon
1323 846 84 41 the
1446 845 221 42 occasion
1708 847 53 41 of
1801 846 77 41 his
1917 848 204 41 election
2164 851 49 38 to
2252 850 89 41 the·

315 903 288 50 presidency
627 904 52 40 of
704 904 83 40 the
814 904 218 40 Johnson
1059 901 183 51 society
1267 902 53 41 of
1343 902 382 49 Lichfield.”—p.
1754 904 60 39 vi.

328 956 52 53 ©
409 961 113 40 Dec.
551 961 70 46 15,
650 959 141 47 1930;
822 959 67 41 2c.
919 961 114 46 May
1061 959 69 48 25,
1161 960 142 46 1931;
1335 959 82 40 aff.
1448 960 120 48 Aug.
1598 960 81 47 10;
1713 961 41 39 A
1782 961 173 47 41442;
1988 963 136 40 Book
2154 962 108 41 club
2293 963 53 41 of

400 1018 290 47 California,
726 1017 98 41 San
857 1017 276 40 Francisco.
1205 1016 285 51 (31-22954)

319 1112 382 65 O’Flaherty,
734 1112 189 65 Liam,
957 1113 173 54 1897-

387 1190 33 52 I
442 1194 151 50 went
614 1194 58 48 to
695 1189 225 71 Russia,
942 1189 75 71 by
1039 1189 167 52 Liam
1231 1188 368 71 O’Flaherty.
1659 1190 240 53 London
1931 1196 139 63 [etc.]
2100 1191 56 54 J.
2184 1189 156 71 Cape

321 1272 177 67 [1931]

388 1349 87 41 299
506 1360 43 38 p.
612 1348 147 42 20½ᶜᵐ.

327 1406 2016 53 © 1c. Aug. 12, 1931; A ad int. 15376; pubd. June 15; L. O’Flaherty.
394 1465 519 50 Henley-on-Thames,
942 1466 237 47 England.
1253 1464 283 50 (31-23149)

320 1562 526 63 Panter-Downes,
877 1560 215 55 Mollie.

388 1636 1954 73 My husband Simon, by Mollie Panter-Downes … London,
319 1718 225 56 Collins
577 1721 175 65 [1931]

386 1800 101 49 251,
524 1801 56 49 [1]
614 1810 44 38 p.
721 1799 56 41 19
780 1801 45 22 ᶜᵐ
830 1835 7 7 .

326 1855 2016 53 © 1c. July 15, 1931; A ad int. 15414; pubd. May 18; Mollie Robinson,
394 1917 214 39 London.
684 1915 282 49 (31-23205)

319 2010 348 65 Pestalozzi,
700 2010 236 54 Johann
970 2008 306 66 Heinrich,
1313 2010 327 54 1746-1827.

387 2086 1950 72 Pestalozzi, by Lewis Flint Anderson … New York and
314 2166 258 70 London,
601 2165 433 55 McGraw-Hill
1063 2165 146 53 book
1240 2183 298 50 company,
1569 2167 129 65 inc.,
1728 2168 148 49 1931.

387 2248 66 48 ix,
481 2248 85 40 283
594 2258 42 38 p.
693 2247 146 40 19½ᶜᵐ.
911 2247 304 50 (Half-title:
1243 2247 354 40 McGraw-Hill
1627 2247 260 41 education
1915 2247 226 49 classics)

389 2306 90 39 “In
501 2305 262 48 compiling
786 2305 82 39 the
892 2304 384 48 accompanying
1300 2303 258 41 selections
1582 2305 82 39 the
1690 2304 97 40 aim
1813 2306 89 40 has
1927 2306 119 40 been
2070 2309 49 37 to
2144 2316 194 38 present

315 2363 51 40 in
399 2361 361 49 chronological
792 2362 144 39 order
966 2370 233 39 passages
1229 2359 161 42 which
1423 2371 84 29 are
1538 2361 373 42 characteristic
1943 2363 52 40 of
2027 2363 311 42 Pestalozzi’s

315 2420 316 41 educational
656 2419 224 47 writings
908 2419 53 39 at
988 2416 274 42 successive
1290 2420 164 45 stages
1480 2418 53 40 of
1558 2418 77 41 his
1663 2419 407 43 career.”—Pref.

325 2477 52 53 ©
405 2481 122 48 Aug.
554 2480 71 47 21,
653 2478 141 47 1931;
825 2478 67 39 2c.
921 2478 121 47 Aug.
1070 2477 83 46 26;
1185 2475 82 41 aff.
1298 2477 120 46 Aug.
1448 2475 56 41 29;
1562 2477 43 39 A
1630 2475 173 50 42070;
1837 2478 354 41 McGraw-Hill
2221 2480 123 40 book

393 2550 84 37 co.,
510 2538 91 40 inc.
674 2534 283 50 (31-22998)

317 2633 237 65 Polack,
582 2630 258 56 William
872 2630 285 64 Gustave,
1190 2635 174 50 1890-

388 2705 1952 73 The story of Luther, by W. G. Polack … St. Louis, Mo.,
318 2787 325 57 Concordia
674 2785 339 71 publishing
1040 2785 192 69 house,
1265 2788 152 50 1931.

390 2873 52 40 ix
466 2883 58 38 p.,
549 2873 25 38 1
636 2903 9 17 l.,
672 2871 85 40 155
783 2881 43 38 p.
851 2870 111 41 incl.
986 2870 166 47 front.,
1178 2868 146 49 illus.,
1349 2871 164 45 ports.,
1541 2880 126 37 map.
1723 2870 145 41 19½ᶜᵐ.

325 2927 52 53 ©
407 2931 121 46 Aug.
561 2931 69 47 13,
661 2928 142 48 1931;
836 2927 66 42 2c.
935 2928 97 39 and
1063 2927 81 38 aff.
1178 2927 122 46 Aug.
1332 2926 47 39 21;
1449 2927 39 38 A
1519 2926 173 49 41125;
1729 2928 267 41 Concordia
2031 2930 110 47 pub.
2175 2929 163 41 house.

403 2987 283 50 (31-22916)

320 3069 164 64 Polk,
514 3068 193 64 Ralph
736 3066 212 66 Weiss,
982 3072 171 50 1890-

318 3144 1993 150 Elementary platen presswork, by Ralph W. Polk … Peoria,
485 3222 1090 71 Ill., The Manual arts press [ ᶜ193 1]
389 3304 86 51 xii,
504 3307 85 40 148
618 3316 43 38 p.
688 3306 111 41 incl.
827 3305 165 47 front.,
1021 3304 130 40 illus.
1214 3303 61 41 20½
1305 3306 44 21 ᶜᵐ
1355 3336 9 9 .

391 3363 131 42 Title
554 3362 176 42 within
760 3362 132 40 lined
926 3362 177 40 border
1136 3361 52 41 of
1221 3371 169 30 names
1425 3361 53 40 of
1511 3361 275 47 prominent
1821 3362 228 48 printers.

393 3421 72 40 “A
503 3420 288 47 companion
830 3420 124 39 book
993 3421 49 39 to
1085 3419 98 49 [the
1222 3418 237 49 author’s]
1503 3418 115 41 ‘The
1656 3419 214 48 practice
1909 3418 52 41 of
2000 3419 336 49 printing’.”—

320 3478 131 42 Pref.

392 3534 352 48 Bibliography
778 3536 53 38 at
862 3534 92 39 end
988 3533 52 40 of
1071 3543 132 30 some
1234 3532 54 41 of
1321 3532 82 41 the
1434 3532 242 47 chapters.

326 3588 52 53 ©
403 3593 121 48 Aug.
550 3593 70 47 27,
647 3592 112 40 1931;
816 3593 67 40 2c.
912 3592 128 47 Sept.
1066 3592 26 38 3;
1149 3590 82 41 aff.

1259 3591 119 45 Aug.
1405 3591 53 39 31;
1518 3590 39 39 A
1581 3590 146 40 42113;
1785 3591 55 41 R.
1867 3592 71 40 W.
1966 3591 135 48 Polk,
2130 3592 207 41 Detroit.

404 3650 281 47 (31-22892)

327 3731 191 68 [Porn,
550 3730 183 70 Alice]
772 3736 171 50 1915-

385 3805 133 65 Lea,
553 3812 155 63 story
740 3806 64 52 of
838 3827 32 34 a
903 3805 190 71 lonely
1124 3805 151 55 little
1307 3805 132 69 girl,
1474 3805 74 70 by
1581 3805 260 54 Ali-Mar
1898 3804 217 70 [pseud.]
317 3805 1993 128 London

467 3884 112 51 and
615 3884 270 69 Woking,
923 3883 242 54 Printed
1204 3883 95 54 for
1335 3886 95 51 the
1470 3883 207 53 author
1711 3883 76 70 by
1823 3883 214 55 Unwin
2074 3883 260 54 brothers

314 3959 100 56 ltd.
452 3964 172 67 [1931]
