2428 4370
1281 4056 134 48 1644

327 383 252 63 Endore,
608 383 57 54 S.
695 382 149 63 Guy,
877 387 170 49 1901-

397 461 120 52 The
559 461 187 51 sword
786 459 65 53 of
890 459 130 55 God:
1091 461 218 53 Jeanne
1351 457 193 67 d’Arc,
1585 459 74 68 by
1701 459 132 69 Guy
1876 460 244 52 Endore.
2198 461 136 51 New

326 537 1499 70 York, Farrar & Rinehart, incorporated [ ᶜ19 31]
434 619 985 50 x. 492 p. plates, ports., facsims. 22½ ᶜᵐ.
399 678 350 48 Bibliography;
809 689 42 38 p.
881 677 220 42 475-484.

332 747 2009 52 © Oct. 15, 1931; 2c. and aff. Oct. 16; A 43301; G. Endore, Far Rockaway,
537 806 353 49 N. Y. (31-30335)
327 903 220 63 Evans,
579 901 248 55 Charles
853 900 320 65 Benjamin
1202 900 258 65 Shaffer,
1494 906 172 49 1901-

402 978 1838 70 Man and woman in marriage, by C. B. S. Evans … with
330 998 2015 129 an introduction by Rudolph Weiser Holmes … Chicago, Bruce-
329 1136 263 68 Roberts,
625 1137 128 67 inc.,
788 1139 151 50 1931.

431 1218 538 50 8 p. l., 21-113 p. 18½ ᶜᵐ.
335 1286 2010 54 © Sept. 20, 1931; 2c. Oct. 14; aff. Oct. 15; A 43217; Bruce-Roberts, inc.
416 1346 283 50 (31-30230)

331 1440 371 67 Felderman,
735 1443 177 64 Leon,
948 1448 172 49 1890-

402 1520 121 52 The
581 1520 214 53 human
851 1520 185 67 voice;
1097 1520 75 53 its
1227 1538 129 35 care
1413 1521 114 52 and
1586 1520 417 69 development,
2057 1522 77 68 by
2190 1522 152 52 Leon

332 1598 1944 70 Felderman, M. D. New York, H. Holt and company [ᶜ1931]
401 1690 43 35 x,
477 1679 85 41 301
594 1690 42 38 p.
699 1680 127 41 illus.
888 1679 56 41 19½ᶜᵐ.

402 1737 164 41 “First
599 1738 262 48 printing.”

337 1806 2011 54 © Oct. 6, 1931; 2c. Oct. 10; aff. Oct. 12; A 44049; Henry Holt & co., inc.
416 1867 284 50 (31-30292)

334 1964 245 64 Fowler,
618 1965 177 55 Gene.

409 2045 121 52 The
559 2050 163 61 great
752 2045 386 68 mouthpiece;
1172 2065 31 34 a
1233 2045 105 54 life
1368 2051 158 64 story
1555 2045 64 53 of
1646 2046 261 53 William
1935 2047 57 53 J.
2024 2046 225 56 Fallon,
2278 2047 71 69 by

336 2122 155 55 Gene
521 2124 239 51 Fowler.
830 2124 137 51 New
999 2124 180 53 York,
1210 2123 215 57 Covici,
1455 2124 225 56 Friede,
1713 2129 149 48 1931.

440 2235 9 17 x,
477 2203 89 42 403
591 2214 42 38 p.
694 2203 57 41 22½ᶜᵐ.

407 2261 163 40 “First
600 2261 232 49 printing,
866 2260 294 50 September,
1192 2260 113 42 1931;
1368 2263 175 39 second
1572 2261 232 49 printing,
1838 2260 295 50 September,
2163 2261 158 43 1931.”

340 2315 52 52 ©
419 2319 101 40 Oct.
545 2319 39 42 9.
610 2318 113 41 1931;
777 2320 66 40 2c.
871 2319 102 41 Oct.
998 2319 56 39 19;
1106 2319 83 41 aff.
1216 2319 101 41 Oct.
1344 2320 55 39 15;
1454 2320 40 38 A
1518 2319 146 39 44244;
1721 2319 52 41 G.
1800 2319 203 41 Fowler.
2030 2318 115 42 Fire
2168 2319 183 46 Island,

553 2377 352 48 N. Y. (31-30271)
340 2472 228 64 George
613 2473 277 63 Peabody
937 2473 217 64 college
1203 2473 97 52 for
1346 2473 294 64 teachers,
1686 2473 318 53 Nashville.
2079 2474 275 52 Institute

411 2553 94 58 for
533 2552 460 54 administrative
1024 2552 210 68 officers
1263 2554 60 52 in
1356 2552 205 69 higher
1589 2554 316 52 education.

414 2631 383 69 Proceedings
840 2632 64 51 of
945 2632 95 52 the
1084 2631 276 53 Institute
1404 2631 94 53 for
1541 2630 461 54 administrative
2044 2628 208 54 officers
2294 2629 59 52 in

336 2707 2019 71 higher education … 1931. College and university education,
337 2789 301 67 including
663 2789 136 52 both
829 2787 156 55 fiscal
1014 2790 112 52 and
1156 2788 403 54 instructional
1588 2788 482 53 administration.
338 2787 1991 134 [Nashville.
519 2867 222 67 George
771 2868 272 69 Peabody

1071 2869 210 67 college
1314 2868 93 51 for
1435 2868 272 59 teachers,
1739 2871 151 63 1931]

410 2948 274 49 166 p. 23 ᶜᵐ.
339 3006 174 39 Editor;
573 3006 127 41 1931.
736 3007 44 40 S.
810 3007 43 39 J.
886 3007 192 47 Phelps.

345 3059 52 52 ©
435 3064 116 47 July
588 3064 68 41 15.
693 3064 112 40 1931;
872 3064 66 40 2c.
978 3065 102 40 Oct.
1118 3066 24 37 1;
1210 3064 81 41 aff.
1332 3064 128 47 Sept.
1498 3063 82 47 30;
1620 3064 40 39 A
1696 3063 145 40 42757;
1910 3063 186 47 George
2130 3062 225 47 Peabody

414 3122 179 45 college
624 3123 80 37 for
737 3123 234 45 teachers,
1052 3121 220 40 Nashville.
1345 3121 282 48 (31-30103)

344 3216 130 63 Gill,
504 3218 163 63 Tom,
701 3223 171 49 1891-

415 3296 272 68 Tropical
717 3298 206 52 forests
954 3298 64 53 of
1047 3299 95 52 the
1174 3295 339 72 Caribbean,
1543 3298 75 68 by
1648 3298 143 52 Tom
1822 3296 137 52 Gill.
347 3296 1984 134 [Washington.
494 3376 70 51 D.
598 3375 81 68 C.]

718 3376 142 52 Pub.
893 3377 75 68 by
999 3377 94 52 the
1126 3376 272 67 Tropical
1432 3377 166 67 plant
1629 3376 253 53 research
1921 3374 342 53 foundation
2296 3373 55 53 in

344 3455 364 66 cooperation
760 3454 137 52 with
953 3455 95 51 the
1100 3454 237 58 Charles
1387 3454 261 68 Lathrop
1700 3453 156 54 Pack
1908 3453 249 69 forestry
2208 3458 146 45 trust

394 3535 124 48 [ᶜ1931]

412 3610 1287 50 xix. 317. [1] p. front., illus. (maps) plates. 22½ ᶜᵐ.
411 3666 304 49 Tail-pieces.

414 3724 147 39 “This
595 3725 183 39 edition
816 3725 40 40 is
894 3725 188 40 limited
1123 3728 46 37 to
1206 3736 88 30 one
1331 3727 245 39 thousand
1613 3726 262 40 numbered
1913 3725 159 48 copies
2108 3725 51 41 of
2197 3725 154 39 which

344 3780 97 40 this
471 3781 41 40 is
540 3792 74 30 no.
646 3781 128 41 127.”

412 3838 351 47 Bibliography;
824 3850 42 36 p.
898 3838 218 41 307-309.

349 3892 52 52 ©
437 3897 115 47 July
586 3900 38 38 1.
659 3897 107 41 1931;
834 3899 68 39 2c.
940 3898 128 48 Sept.
1102 3898 59 40 30;
1223 3897 80 41 aff.
1342 3897 101 41 Oct.
1480 3899 24 38 1;
1570 3899 40 38 A
1643 3898 146 40 43017;
1854 3898 223 48 Tropical
2115 3899 137 46 plant
418 3907 1921 87 research
620 3956 305 45 foundation,
958 3956 337 47 Washington.
1366 3955 281 48 (31-30121)
