2505 4370
1093 4025 98 49 635

194 462 101 40 The
327 459 235 49 portraits
596 460 51 39 of
679 458 319 47 Washington
1032 467 83 30 are
1134 468 8 28 :
1178 457 138 40 busts
1351 457 94 39 and
1480 457 184 47 plaster
1697 455 163 40 masks
1895 455 59 47 by
125 455 1976 109 Houdon,

263 520 95 38 and
390 518 82 40 the
504 517 209 39 “Boston
744 513 320 41 athenaeum”
1096 513 212 49 portrait
1339 514 60 47 by
1432 513 186 40 Gilbert
1654 513 183 40 Stuart.

194 575 217 40 Portrait
438 575 53 40 of
517 574 206 40 Houdon
752 573 60 46 by
841 572 299 39 Rembrandt
1168 571 91 39 Pea
1268 571 57 40 1c.

129 628 51 52 ©
210 633 109 39 Feb.
347 632 69 47 22,
446 631 111 40 1931;
615 630 67 40 2c.
711 631 95 38 and
835 629 81 41 aff.
944 628 113 48 Apr.
1087 628 54 40 27;
1199 628 41 39 A
1269 627 145 41 36798;
1473 628 165 39 Frank
1669 626 287 47 McCaffrey.
206 687 279 50 (31-10969)

126 782 299 64 Merriam,
456 781 219 53 Harold
706 780 147 64 Guy,
888 784 170 51 1883-
1271 781 84 53 ed.

196 860 328 52 Northwest
563 875 172 49 verse,
779 875 70 35 an
892 857 313 69 anthology
1245 856 188 52 edited
1475 857 75 68 by
1591 856 226 53 Harold
1859 857 68 54 G.
125 857 1972 131 Merriam.

362 933 1492 70 Caldwell, Id., The Caxton printers, ltd. [ ᶜ1 931]
196 1015 273 50 355 p. 19½ ᶜᵐ.
199 1072 232 42 Contains
469 1082 138 30 verse
644 1072 241 47 produced
924 1071 47 40 in
1012 1072 81 39 the
1131 1072 95 39 last
1267 1072 170 39 twelve
1476 1082 54 28 or
1568 1070 167 41 fifteen
1772 1081 144 37 years
1954 1071 49 39 in
2045 1072 78 39 the

128 1131 153 38 states
311 1129 51 40 of
393 1130 247 43 Montana,
674 1129 164 44 Idaho,
872 1128 187 45 Oregon
1092 1128 91 39 and
1217 1127 334 45 Washington,
1613 1128 58 47 cf.
1708 1127 256 47 Prefatory
1998 1131 125 38 note.

131 1182 51 52 ©
210 1186 112 47 Apr.
350 1187 38 46 6,
416 1185 106 40 1931;
586 1186 66 39 2c.
680 1185 113 48 Apr.
820 1185 55 40 27;
933 1185 82 40 aff.
1043 1186 111 47 Apr.
1183 1185 54 39 21;
1295 1185 42 39 A
1363 1184 143 41 37022;
1567 1185 188 40 Caxton
1784 1184 226 49 printers,
2039 1186 86 39 ltd.

209 1243 278 48 (31-11181)

129 1336 207 64 Miller,
366 1337 222 53 Robert
617 1336 386 64 Netherland,
1036 1337 169 54 1879-

201 1415 511 68 Reorganizations
737 1415 110 50 and
874 1414 161 52 other
1059 1413 315 69 exchanges
1399 1413 59 53 in
1485 1413 220 54 federal
1730 1415 217 52 income
133 1421 1974 123 taxation;

314 1492 334 52 realization
678 1492 112 51 and
820 1491 351 68 recognition
1201 1490 65 53 of
1294 1492 136 68 gain
1459 1510 64 34 or
1553 1492 112 53 loss
1693 1492 59 52 in
1781 1492 136 53 such
133 1498 1976 138 transactions,
405 1568 76 70 by

523 1568 1585 69 Robert N. Miller … Homer Hendricks … [and]
135 1646 1995 71 Ewing Everett … New York, The Ronald press company
137 1728 192 64 [ ᶜ1 931 ]
203 1807 449 48 xviii, 448 p. 22 ᶜᵐ.
205 1865 288 40 References
511 1876 9 28 :
556 1876 42 36 p.
632 1863 217 43 409-422.

137 1917 51 52 ©
221 1922 112 47 Apr.
365 1922 70 47 10,
468 1920 112 41 1931;
642 1921 68 40 2c.
742 1921 113 48 Apr.
888 1921 55 40 13;
1006 1920 81 41 aff.
1122 1921 113 48 Apr.
1271 1922 54 38 14;
1388 1921 41 39 A
1461 1921 145 41 35754;
1671 1921 188 41 Ronald
1895 1932 134 38 press
2064 1933 68 30 co.
213 1978 278 50 (31-10887)

134 2073 226 62 Milner,
393 2073 211 53 Alfred
636 2073 229 64 Milner,
895 2079 87 50 1st
1010 2076 277 53 viscount.

202 2151 250 54 German
481 2152 293 54 socialists.

215 2230 84 46 (In
327 2228 239 44 National
597 2228 180 43 review
809 2229 276 52 magazine,
1116 2230 139 52 Apr.,
1288 2231 143 51 1931)

138 2284 1992 60 © 1c. May 27, 1931; A ad int. 15131; pubd. Mar. 31; Violet Georgina
206 2346 188 47 Milner,
432 2346 211 40 London.

135 2438 286 67 Mirbeau,
452 2439 240 64 Octave,
726 2441 323 55 1850-1917.

201 2515 242 52 Torture
474 2515 231 69 garden,
736 2516 312 54 translated
1083 2517 151 53 from
1267 2519 92 53 the
1396 2520 220 53 French
1647 2519 64 54 of
1744 2519 214 55 Octave
135 2521 1974 140 Mirbeau,

315 2593 72 68 by
413 2592 192 55 Alvah
634 2592 59 55 C.
724 2593 217 68 Bessie;
971 2594 140 54 with
1140 2616 31 33 a
1200 2596 282 53 foreword
1509 2598 72 68 by
1608 2598 192 54 James
1828 2599 302 67 Huneker;

134 2668 322 56 illustrated
484 2670 73 69 by
585 2671 259 53 Jeanette
873 2669 262 55 Seelhoff.
1204 2673 137 54 New
1374 2674 179 69 York,
1586 2673 60 56 C.
1679 2676 269 68 Kendall,
1981 2679 151 52 1931.

204 2749 906 50 9 p. l., 284 p. front., plates. 21 ᶜᵐ.
143 2805 51 53 ©
229 2810 111 48 Apr.
375 2810 70 48 27,
480 2808 106 42 1931;
656 2809 65 42 2c.
758 2811 113 48 Apr.
906 2811 81 48 28;
1024 2811 82 41 aff.
1139 2812 115 49 Apr.
1289 2811 82 50 29;
1409 2814 38 40 A
1484 2813 171 51 36830;
1695 2815 182 42 Claude
1913 2816 224 42 Kendall.
219 2867 279 49 (30-10983)

139 2960 219 65 O’Neil,
391 2961 216 65 Jerold,
643 2967 169 50 1881-

213 3038 1867 75 That problem called the modern boy, by Jerold O’Neil …
146 3114 1992 76 with a preface by Elbert K. Fret well … New York, Holston
144 3191 1443 76 house, Sears publishing company, inc. [ ᶜ1 931 ]
212 3275 473 49 12, 15-233 p. 21 ᶜᵐ.
146 3328 51 51 ©
228 3333 111 46 Apr.
369 3331 70 48 25,
470 3333 138 46 1931;
639 3333 67 41 2c.
737 3335 93 38 and
862 3334 80 40 aff.
974 3336 112 47 Apr.
1116 3336 82 42 28;
1231 3337 41 39 A
1300 3336 171 49 37019;
1508 3338 144 41 Sears
1683 3340 109 47 pub.
1824 3350 81 33 co..
1938 3341 89 41 inc.
223 3389 278 47 (31-10888)

143 3481 240 66 Parker,
412 3483 86 52 De
526 3482 150 55 Witt
705 3484 222 65 Henry,
959 3491 168 49 1885-

212 3559 235 53 Human
478 3560 219 67 values;
731 3579 71 34 an
831 3561 438 69 interpretation
1302 3564 63 52 of
1395 3566 176 52 ethics
1601 3567 169 53 based
1803 3586 69 33 on
1905 3586 30 33 a
1968 3568 169 69 study

143 3635 1970 145 of values, by De Witt H. Parker … New York and London, Harper
560 3715 50 50 &
640 3714 275 69 brothers,
947 3719 149 51 1931.

215 3792 590 49 viii p., 1 l. , 415 p. 21 ᶜᵐ.
214 3847 162 41 “First
406 3848 227 41 edition.”

151 3900 51 51 ©
234 3905 111 47 Apr.
375 3906 69 47 15,
474 3905 112 41 1931;
646 3906 67 41 2c.
743 3908 112 48 Apr.
887 3909 54 40 16;
999 3910 81 41 aff.
1111 3913 113 46 Apr.
1257 3912 53 41 17;
1371 3914 39 38 A
1440 3913 143 40 36542;
1646 3915 192 49 Harper
1868 3917 35 40 &
1934 3918 124 41 bros.
228 3962 278 50 (31-10780)
