2505 4370
1082 4007 103 53 108

149 389 279 65 Graham,
459 389 155 54 John
644 389 84 64 E.,
764 389 171 54 1872-

222 465 230 57 Church
476 466 221 68 history
721 465 76 68 by
820 463 406 56 non-Catholic
1249 463 313 54 historians
1609 463 93 70 [by]
1733 464 138 52 Key.
1897 463 158 54 John
2081 463 68 51 E.

146 542 2004 73 Graham … bk. 1. Baltimore, The Norman publishing co.,
147 628 148 51 1930.

215 705 86 41 387
332 715 45 38 p.
436 703 59 41 20½ᶜᵐ.

150 772 51 52 ©
230 776 118 41 Nov.
376 776 70 47 17,
474 773 117 42 1930;
644 773 69 42 2c.
741 774 108 40 Jan.
880 774 68 46 17,
978 771 140 49 1931;
1150 772 83 41 aff.
1264 773 109 40 Jan.
1403 772 83 47 26;
1518 773 43 38 A
1587 771 171 48 33352;
1791 772 215 40 Norman
2036 771 111 48 pub.

216 843 68 31 co.
353 831 251 50 (31-3385)

146 943 215 63 Gregg,
393 941 154 55 Cecil
579 942 306 53 Freeman.

211 1019 32 52 I
289 1018 145 53 have
476 1016 179 54 killed
704 1036 30 33 a
782 1016 164 52 man!
1034 1017 91 68 By
1174 1014 156 55 Cecil
1379 1016 280 51 Freeman
1708 1013 212 71 Gregg.
2004 1015 138 53 New

143 1095 178 68 York,
367 1095 66 53 L.
480 1094 354 69 MacVeagh,
883 1094 121 52 The
1051 1093 138 52 Dial
1238 1111 186 50 press;
1477 1093 271 67 Toronto,
1798 1092 347 69 Longmans,

141 1172 186 54 Green
358 1172 113 52 and
500 1190 99 49 co.,
632 1174 150 50 1931.

209 1251 457 49 xi, 300 p. 19½ ᶜᵐ .
210 1322 198 40 London
444 1320 185 42 edition
676 1320 333 50 (Hutchinson
1046 1320 37 40 &
1118 1332 65 29 co.
1223 1320 110 49 ltd.)
1380 1321 91 40 has
1509 1320 135 41 title:
1683 1320 101 41 The
1822 1320 178 41 brazen
139 1331 1987 87 confession.

148 1445 51 52 ©
233 1449 109 40 Jan.
375 1447 40 50 9,
449 1447 142 48 1931;
624 1447 69 42 2c.
726 1449 95 39 and
854 1447 84 42 aff.
971 1448 111 41 Jan.
1115 1447 82 48 12;
1233 1448 43 39 A
1306 1446 173 50 33128;
1514 1447 116 41 Dial
1663 1456 150 42 press,
1846 1448 93 43 inc.

224 1504 250 50 (31-3302)

143 1599 180 64 Gury,
356 1601 149 53 Jean
534 1599 221 65 Pierre,
791 1604 324 50 1801-1866.

217 1677 417 70 Compendium
665 1676 299 71 theologiæ
992 1677 250 68 moralis,
1274 1695 32 35 a
1336 1677 226 55 Joanne
1589 1678 176 54 Petro
1795 1677 181 70 Gury,
2038 1722 10 9 S.
2118 1719 31 28 J.,

144 1757 384 68 conscriptum
557 1761 54 48 et
640 1756 70 53 ab
738 1756 254 53 Antonio
1025 1755 300 68 Ballerini,
1356 1755 252 69 ejusdem
1639 1757 304 67 societatis,
143 1757 1983 131 adnotationibus

477 1840 228 47 auctum;
760 1834 203 52 deinde
985 1851 133 36 vero
1142 1834 73 53 ad
1236 1834 319 53 breviorem
1580 1834 249 53 formam
1853 1839 296 48 exaratum

144 1918 167 64 atque
336 1913 72 52 ad
434 1930 164 35 usum
624 1913 435 53 seminariorum
1084 1910 174 70 hujus
1285 1912 249 69 regionis
1561 1912 488 53 accommodatum
2075 1911 72 55 ab

143 1989 2004 71 Aloysio Sabetti, S. J. … Ed. 33. ad novum Codicem juris
143 2067 2004 70 canonici concinnata a Timotheo Barrett, S . J. (editio septima
142 2152 128 62 post
296 2145 295 70 Codicem)
675 2146 120 54 Neo
820 2146 264 68 Eboraci,
1110 2145 350 69 Cincinnati,
1485 2145 311 55 Frederick
1820 2147 204 53 Pustet
2048 2164 99 50 co.,

142 2226 125 67 inc.,
298 2227 151 51 1931.

210 2306 596 50 1168, ix, 141 p. 24 ᶜᵐ .
145 2375 51 51 ©
224 2379 110 41 Jan.
358 2377 70 49 29,
454 2377 114 41 1931;
623 2377 68 42 2c.
716 2379 96 39 and
839 2378 83 41 aff.
949 2379 110 40 Jan.
1085 2378 55 41 31;
1198 2378 41 40 A
1265 2377 146 41 34084;
1467 2378 80 42 Fr.
1575 2378 172 40 Pustet
1774 2387 82 39 co.,
1884 2377 93 41 inc.

221 2435 252 49 (31-3387)

139 2529 150 65 Hall,
321 2530 200 53 Frank
551 2529 310 55 Richards.

205 2605 304 54 Monsoons
509 2639 71 5 —
580 2605 325 70 prevailing
941 2608 200 70 winds,
1176 2607 74 71 by
1291 2607 197 54 Frank
1527 2606 283 56 Richards
1847 2607 143 52 Hall
2027 2607 114 53 and

139 2682 234 56 Charles
408 2682 287 54 Beckman
731 2684 284 68 Murphy;
1056 2684 285 53 foreword
1377 2685 75 69 by
1488 2683 287 55 Meredith
1813 2684 328 67 Nicholson,

137 2759 367 71 frontispiece
531 2761 74 69 by
633 2760 159 56 Ruth
819 2760 621 69 Thomson-Saunders,
1469 2780 161 34 cover
1661 2761 196 69 design
1886 2761 73 71 by
1989 2761 150 53 Fred

136 2837 1065 73 Hatfield. [Lafayette, Ind.] ᶜ19 30.
211 2918 588 51 [93] p. incl. front. 23½ ᶜᵐ.
208 2990 178 47 Poetry
414 2991 98 40 and
539 3000 155 39 prose.

143 3059 51 52 ©
229 3064 111 40 Dec.
373 3063 69 50 20,
477 3063 117 42 1930;
652 3063 70 42 2c.
755 3064 95 39 and
884 3063 83 40 aff.
1000 3064 111 41 Jan.
1144 3064 69 47 17,
1248 3062 142 48 1931;
1427 3063 41 40 A
1501 3063 171 48 33330;
1710 3064 53 42 F.
1799 3064 56 41 R.
1890 3064 118 39 Hall
2043 3064 97 39 and

211 3120 143 42 Chas.
380 3122 55 40 B.
464 3122 223 47 Murphy,
717 3121 273 49 Lafayette,
1020 3122 106 39 Ind.
1195 3119 252 51 (31-3289)

139 3216 239 64 Hamer,
407 3216 194 64 Philip
631 3217 157 64 May,
822 3222 171 49 1891-
1204 3218 86 53 ed.

203 3290 121 53 The
349 3292 314 51 centennial
686 3291 181 53 history
931 3292 64 52 of
1018 3293 95 52 the
1137 3293 309 51 Tennessee
1469 3298 143 47 state
1636 3292 239 52 medical

135 3292 2001 148 association, 1830-1930, edited by Philip M. Hamer … Nashville,
133 3445 194 67 Tenn.,
359 3446 308 51 Tennessee
698 3451 142 48 state
871 3445 239 54 medical
1142 3446 353 67 association,
1532 3450 148 50 1930.

205 3527 1000 51 580 p. front., pl., ports., diagrs. 24 ᶜᵐ.
210 3598 438 48 “Bibliographical
680 3601 112 39 note
828 3610 58 29 on
923 3600 81 40 the
1037 3599 188 48 history
1263 3601 51 40 of
1349 3601 82 40 the
1466 3602 269 40 Tennessee
1772 3603 126 40 state
1934 3602 200 41 medical

137 3653 320 42 association”:
510 3666 45 37 p.
578 3655 228 48 132-134;
835 3655 346 50 Bibliography
1207 3659 51 38 at
1283 3659 90 39 end
1397 3658 51 38 of
1471 3658 82 40 the
1578 3659 198 47 chapter
1803 3669 57 29 on
1891 3660 129 39 “The
137 3659 1983 101 history

276 3711 52 40 of
358 3712 82 39 the
469 3709 204 42 medical
706 3712 255 41 education
995 3712 48 40 in
1074 3713 297 41 Tennessee”:
1433 3725 43 37 p.
1508 3714 86 40 408;
1657 3715 67 39 “A
1757 3715 179 48 partial
1973 3715 80 42 list
2086 3715 52 41 of

137 3775 167 40 essays
337 3768 95 39 and
466 3768 253 40 addresses
754 3770 253 46 presented
1044 3768 164 41 before
1243 3769 83 40 the
1359 3772 269 40 Tennessee
1661 3773 129 39 state
1827 3772 201 40 medical
138 3783 1982 88 association,

418 3823 317 42 1830-1930”:
770 3835 44 38 p,
848 3824 215 43 542-550.

145 3888 51 52 ©
231 3893 113 48 Apr.
380 3894 40 47 8,
455 3892 141 49 1930;
632 3894 69 41 2c.
736 3897 95 37 and
867 3895 81 40 aff.
985 3895 109 42 Jan.
1131 3896 68 47 16,
1237 3896 141 48 1931;
1417 3896 39 40 A
1493 3896 171 48 32927;
1703 3898 267 41 Tennessee
2008 3900 128 37 state

209 3950 206 42 medical
446 3961 129 31 assn.
648 3951 248 49 (31-3188)
