2505 4370
1322 4059 100 51 592

369 394 398 66 Wembridge,
803 397 137 51 Mrs.
978 394 255 54 Eleanor
1265 396 217 53 Harris
1525 396 344 65 (Rowland)
1914 405 171 49 1882-

371 471 1987 151 Life among the lowbrows, by Eleanor Rowland Wembridge … Boston
991 553 113 51 and
1133 552 138 52 Now
1302 552 180 69 York,
1510 553 317 70 Houghton
1862 555 199 53 Mifflin
2095 576 299 49 company,

372 634 153 50 1931.

442 713 723 49 viii p., 1 l., 301 p. 19½ ᶜᵐ .
444 771 1050 50 “Sketches … [of] dull people.”—Pref.
372 824 53 53 ©
457 829 112 48 Apr.
602 829 68 48 22,
703 829 112 40 1931;
878 831 67 38 2c.
977 830 113 47 Apr.
1122 830 56 38 24;
1239 841 84 29 aff.
1356 830 113 48 Apr.
1501 831 54 39 23;
1616 830 40 39 A
1686 831 145 40 35982;
1941 862 6 7 E.
1985 832 52 40 R.
2073 832 318 51 Wembridge,

444 886 275 41 Cleveland.
793 886 281 47 (31-26856)

368 966 242 66 Werfel,
640 968 193 52 Franz
860 968 89 64 V.,
980 973 173 50 1890-

502 1044 1889 76 … The pure in heart. New York, Simon and Schuster,
369 1130 151 49 1931.

435 1204 641 50 viii, 610 p., 1 l. 21ᶜᵐ.
435 1262 65 42 At
529 1263 126 41 head
685 1261 53 43 of
768 1262 110 42 title:
939 1262 161 41 Franz
1129 1262 201 43 Werfel.

436 1320 325 42 “Translated
792 1320 62 48 by
887 1318 229 49 Geoffrey
1146 1318 239 50 Dunlop.”

372 1378 52 52 ©
457 1382 113 47 Apr.
603 1380 69 49 30,
706 1380 141 47 1931;
881 1381 67 40 2c.
982 1382 96 39 and
1111 1379 83 42 aff.
1227 1381 116 47 May
1375 1380 53 47 2;
1463 1380 40 39 A
1536 1380 171 49 36904;
1747 1381 164 41 Simon
1945 1384 36 39 &
2017 1382 246 47 Schuster,
2298 1384 90 41 inc.

450 1437 281 50 (31-26884)

365 1520 243 64 Wilcox,
641 1520 236 54 Jerome
970 1535 120 49 Kear,
1124 1539 182 50 comp.

440 1598 217 55 United
692 1597 190 56 States
912 1596 289 54 reference
1232 1597 415 68 publications;
1681 1617 31 34 a
1742 1598 173 70 guide
1945 1605 58 47 to
2033 1599 97 54 the
2162 1607 229 46 current

369 1676 289 55 reference
687 1675 386 71 publications
1103 1675 64 54 of
1196 1676 97 53 the
1325 1674 222 56 federal
1577 1682 392 64 government,
2000 1679 282 69 compiled
2315 1677 73 72 by

367 1754 2021 71 Jerome Kear Wilcox … Boston, The F. W. Faxon co., 1931.
438 1837 1598 51 96 p. 22 ᶜᵐ . (Half-title: Useful reference series, no. 43)
437 1897 255 48 Arranged
730 1896 396 48 alphabetically,
1166 1896 119 40 with
1326 1896 224 48 “general
1589 1896 175 41 index”
1803 1898 97 40 and
1939 1897 176 41 “index
2154 1900 47 38 to
364 1898 2007 98 directories”.

438 2013 240 41 “Current
710 2011 111 41 lists
854 2012 96 40 and
983 2010 229 42 indexes”:
1277 2021 44 38 p.
1373 2010 176 50 [72]-74.

369 2066 53 53 ©
453 2072 122 39 Mar.
604 2069 68 48 19,
703 2068 112 42 1931;
875 2070 66 39 2c.
972 2070 96 39 and
1097 2068 82 42 aff.
1208 2070 116 46 Apr.
1354 2069 56 40 27;
1469 2069 39 38 A
1536 2068 146 41 36818;
1742 2069 51 41 F.
1823 2069 73 41 W.
1927 2070 170 40 Faxon
2126 2081 67 29 co.

448 2128 282 48 (31-26750)

361 2195 311 63 Williams,
706 2194 240 64 Wythe.

428 2270 144 54 This
618 2271 157 68 flesh,
823 2291 31 33 a
902 2270 297 53 cinematic
1247 2270 183 68 novel,
1478 2272 74 67 by
1596 2271 212 68 Wythe
1853 2270 304 54 Williams.
2246 2271 136 53 New

364 2353 181 69 York,
574 2353 66 52 R.
670 2353 79 51 M.
780 2351 279 55 McBride
1086 2354 46 49 &
1160 2370 300 50 company,
1493 2354 148 50 1931.

432 2430 587 49 3 p. l., 3-252 p. 20 ᶜᵐ .
368 2487 53 53 ©
451 2493 123 39 Mar.
603 2492 69 47 13,
701 2490 113 41 1931;
874 2490 67 40 2c.
970 2490 115 49 Apr.
1114 2489 55 41 23;
1230 2489 82 42 aff.
1343 2490 113 48 Apr.
1487 2489 53 39 21;
1602 2490 40 39 A
1671 2489 145 41 35962;
1876 2491 72 40 W.
1978 2489 260 49 Williams,
2269 2491 116 41 New

436 2550 145 40 York.
654 2548 282 49 (31-10082)

367 2615 261 70 [Wilson,
659 2616 224 53 Robert
913 2614 266 69 McNair]
1215 2619 174 51 1882-

432 2693 121 53 The
580 2693 131 54 blue
739 2691 286 56 Vesuvius
1076 2691 93 70 [by]
1204 2691 282 70 Anthony
1513 2693 227 68 Wynne
1793 2693 217 67 [pseud.]
361 2692 1992 148 Philadelphia

526 2773 113 52 and
665 2772 260 67 London,
951 2770 57 55 J.
1036 2771 66 52 B.
1131 2769 342 70 Lippincott
1500 2788 300 51 company,
1830 2773 151 50 1931.

431 2856 87 42 320
552 2869 43 36 p.
657 2856 144 41 19½ᶜᵐ.

367 2910 53 53 ©
449 2915 110 40 Jan.
587 2915 70 47 14,
685 2913 112 41 1931;
855 2913 68 42 2c.
951 2914 96 40 and
1075 2913 82 41 aff.
1187 2914 114 47 Apr.
1329 2914 25 39 3;
1412 2913 40 39 A
1479 2913 143 40 36251;
1684 2914 43 40 J.
1757 2914 54 41 B.
1841 2912 282 50 Lippincott
2151 2925 66 29 co.

446 2972 251 48 (31-8413)

360 3037 263 68 Wirkus,
651 3037 273 66 Faustin,
956 3043 170 50 1896-

435 3116 123 54 The
606 3117 174 52 white
827 3115 144 70 king
1016 3115 65 54 of
1128 3116 83 52 La
1262 3114 255 69 Gonave,
1564 3115 75 70 by
1688 3115 245 54 Faustin
1981 3115 239 55 Wirkus
2269 3118 112 51 and

366 3195 198 70 Taney
594 3195 249 67 Dudley,
874 3194 139 53 with
1047 3213 73 34 an
1150 3193 394 54 introduction
1573 3193 76 70 by
1679 3193 264 55 William
1974 3195 68 52 B.
2076 3192 308 57 Seabrook.

366 3271 236 57 Garden
633 3272 154 70 City,
816 3273 70 53 N.
919 3273 90 67 Y.,
1039 3271 360 70 Doubleday,
1428 3272 199 53 Doran
1660 3274 51 51 &
1741 3289 302 52 company,
2074 3271 127 57 inc.,
2234 3275 146 49 1931.

503 3388 9 17 xv,
541 3357 86 40 333
657 3366 42 38 p.
759 3355 166 48 front.,
955 3357 173 47 plates,
1158 3357 166 46 ports.,
1354 3355 174 41 double
1557 3365 128 38 map.
1743 3353 150 45 23½ᶜᵐ.

435 3414 289 40 Illustrated
767 3413 365 49 lining-papers.

436 3470 163 41 “First
638 3469 228 42 edition.”

367 3524 52 52 ©
448 3529 114 47 Apr.
591 3529 40 46 3,
662 3526 141 48 1931;
834 3527 67 42 2c.
932 3527 95 40 and
1057 3526 82 42 aff.
1170 3528 114 47 Apr.
1314 3527 55 40 18;
1428 3527 40 38 A
1496 3526 171 46 36789;
1702 3526 300 47 Doubleday,
2033 3526 166 40 Doran
2233 3526 34 41 &
2298 3537 82 37 co.,

435 3586 90 40 inc.
598 3584 281 50 (31-26895)

361 3651 267 63 Wirries,
658 3652 173 63 Mary
861 3651 211 55 Mabel.

427 3724 1948 73 The Barrys at Briarhill, by Mary Mabel Wirries … New
360 3802 178 72 York,
571 3804 328 55 Cincinnati
940 3809 136 65 [etc.]
1116 3803 281 70 Benziger
1431 3801 277 72 brothers,
1744 3808 149 49 1931.

430 3886 485 49 160 p. front. 19½ ᶜᵐ.
366 3940 52 54 ©
449 3944 111 41 Feb.
589 3946 40 48 7,
660 3944 112 42 1931;
832 3945 66 41 2c.
932 3947 121 39 Mar.
1084 3945 55 40 12;
1199 3945 82 40 aff.
1312 3947 113 47 Apr.
1457 3946 25 38 6;
1542 3946 40 38 A
1612 3945 145 41 36359;
1818 3945 236 49 Benziger
2084 3946 125 38 bros.

446 4003 252 50 (31-8808)
