2428 4370
986 4030 131 48 1913

53 399 242 63 Adams,
326 398 202 54 Carrie
557 396 311 65 Leighton.

120 473 192 52 Think
344 492 32 34 a
407 473 102 67 bit,
540 473 75 69 by
648 472 197 55 Carrie
877 473 284 68 Leighton
1195 472 236 66 Adams,
1464 471 324 53 illustrated
1821 471 75 68 by
1928 471 114 68 Joy

51 549 1986 70 B. Efteland … [Portland, Or., Printed by A. J. Lenon co.]
177 632 47 49 ᶜ193 1.
119 710 732 48 2 p. l. , 7-61 p. illus. 22 ᶜᵐ .
120 765 229 42 Author’s
378 766 273 48 autograph
681 776 60 30 on
771 767 96 46 t.-p.

119 824 174 39 Verses
318 822 81 41 for
424 822 233 41 children.

58 890 51 51 ©
139 894 115 39 Nov.
283 894 68 39 17.
381 892 111 41 1931;
550 893 65 39 2c.
646 893 94 39 and
769 892 80 39 aff.
879 892 117 39 Nov.
1026 891 54 39 23;
1139 891 40 39 A
1206 891 143 39 45176;
1410 891 49 41 O.
1489 892 49 37 L.
1570 891 193 47 Adams,
1796 891 247 41 Portland,

129 950 77 40 Or.
278 949 279 49 (31-33684)

51 1043 242 64 Adams,
322 1042 221 54 Robert
573 1041 243 56 Morrill.

120 1117 1923 67 The old timer, by Bob Adams … Ithaca, N. Y., Bob
49 1197 216 52 Adams
293 1195 310 69 syndicate,
631 1198 149 49 1931.

119 1277 522 50 2 p. l. , 56 p. 20½ᶜᵐ.
121 1336 182 40 Poems.

56 1402 50 51 ©
134 1408 73 37 May
267 1405 70 48 30,
361 1404 111 41 1931;
526 1405 67 40 2c.
617 1405 117 39 Nov.
757 1405 56 37 20;
864 1403 81 40 aff.
969 1404 116 39 Nov.
1110 1405 55 38 17;
1217 1405 39 37 A
1278 1403 144 39 45124;
1477 1404 53 39 R.
1557 1405 60 39 M.
1642 1403 194 48 Adams,
1862 1403 185 47 Ithaca,

125 1463 55 40 N.
207 1464 51 37 Y.
330 1462 278 47 (31-33511)

53 1553 1994 72 American law and procedure, volumes I to XII prepared under
118 1629 1925 69 the editorial supervision of James Parker Hall … and
118 1706 1659 70 volumes XIII and XIV by James De Witt Andrews …
115 1706 1899 145 Chicago,
298 1785 84 51 La
410 1785 154 53 Salle
591 1784 285 53 extension
908 1783 332 72 university,
1272 1787 148 50 1931.

116 1867 325 41 14 v. 23½ ᶜᵐ .
121 1921 68 41 “A
233 1921 292 49 systematic,
572 1920 346 42 non-technical
964 1923 264 39 treatment
1271 1923 54 38 of
1368 1922 251 40 American
1670 1924 90 39 law
1805 1926 92 37 and
1944 1935 85 36 proc
74 1977 157 47 edure,

266 1978 193 40 written
490 1979 62 48 by
584 1976 270 50 professors
884 1979 94 39 and
1011 1977 219 40 teachers
1261 1977 47 40 in
1342 1979 92 39 law
1468 1979 199 47 schools,
1700 1981 92 38 and
1830 1981 55 46 by
1925 1982 116 46 legal

50 2033 189 42 writers
267 2035 53 40 of
349 2032 276 48 recognized
657 2032 214 49 ability.”

59 2088 51 51 ©
142 2092 116 40 Nov.
291 2093 67 38 12,
391 2091 111 39 1931;
563 2091 66 38 2c.
662 2089 117 41 each
810 2090 117 39 Nov.
959 2091 83 44 23;
1077 2089 81 41 aff.
1191 2090 116 39 Nov.
1339 2091 82 45 20;
1458 2091 39 38 A
1528 2091 171 46 44951;
1735 2092 204 40 LaSalle
126 2104 1903 84 extension

344 2147 128 40 univ.
538 2142 66 54 [©
637 2157 105 29 new
772 2157 117 36 copy
918 2147 156 39 added
1106 2148 95 38 and
1233 2146 252 50 revisions]

139 2205 277 47 (31-33735)

51 2295 246 65 Archer,
328 2295 250 55 Gleason
608 2295 286 64 Leonard,
925 2301 171 49 1880-

124 2373 331 70 Mayflower
489 2373 213 67 heroes,
736 2373 72 68 by
844 2372 245 56 Gleason
1126 2374 63 50 L.
1227 2373 237 67 Archer,
1574 2418 8 7 LL.
1658 2417 29 24 D.,
1725 2376 316 52 illustrated

56 2451 72 54 by
166 2451 204 68 Henry
411 2449 60 55 C.
513 2450 146 52 Pitz.
735 2450 138 52 New
913 2450 162 52 York
1114 2453 52 49 &
1208 2451 258 67 London,
1506 2452 122 52 The
1669 2452 255 69 Century
1966 2472 77 33 co.

58 2532 192 63 [ᶜ1931]

189 2609 1326 50 xv, 346 p. incl. front., plates, maps. 21 ᶜᵐ . $3.00
125 2666 327 49 Head-pieces.

60 2720 51 52 ©
139 2725 118 40 Nov.
283 2724 70 47 24,
381 2723 112 41 1931;
551 2723 65 41 2c.
646 2725 95 38 and
769 2723 80 40 aff.
879 2724 118 39 Nov.
1025 2723 57 40 27;
1138 2723 40 39 A
1205 2723 144 40 44953;
1409 2724 214 48 Century
1653 2736 66 30 co.

136 2779 279 50 (31-33609)

53 2874 434 64 Artsybashev,
517 2874 172 53 Boris
720 2872 440 67 Mikhailovich,
1194 2880 171 49 1899-

121 2953 151 51 Poor
298 2950 378 70 Shaydullah,
697 2950 122 54 told
844 2950 112 53 and
981 2950 325 54 illustrated
1330 2952 76 68 by
1432 2952 168 54 Boris
1624 2952 421 70 Artzybasheff.

52 3028 1363 68 New York, The Macmillan company, 1931.
128 3107 1015 53 [59] p. incl. front., illus., plates. 22 ᶜᵐ .
60 3163 1718 52 © Nov. 24, 1931; 2c. and aff. Nov. 25; A 45203; Macmillan co.
142 3224 278 48 (31-33557)

55 3316 241 65 Askins,
327 3315 262 57 Charles.

123 3392 1919 69 Game bird shooting, by Captain Charles Askins … edited
53 3469 1994 74 by Edward Cave. New York, The Macmillan company, 1931.
192 3550 1262 49 xx p., 1 l., 312 p. col. front., plates, port. 22½ ᶜᵐ .
123 3607 180 40 Errata
332 3607 92 47 slip
453 3608 227 39 mounted
711 3617 60 30 on
800 3606 329 48 frontispiece.

63 3661 1714 52 © Nov. 17, 1931; 2c. and aff. Nov. 18; A 45098; Macmillan co.
141 3721 278 48 (31-33543)

57 3815 267 53 Atlantic
347 3822 257 62 reporter
627 3816 198 68 digest.
905 3820 130 49 1931
1062 3817 344 53 cumulative
1432 3820 210 51 annual
1668 3820 202 68 pocket
1893 3829 160 63 parts

128 3893 1918 79 for volumes 1-35 … St. Paul. West publishing co. [ ᶜ193 1]
132 3967 300 49 35 v. 25 ᶜᵐ .
