2505 4370
1109 4042 101 49 441

146 412 122 52 The
319 406 369 64 monograph
742 405 196 67 series;
995 401 302 69 recording
1348 401 96 54 the
1497 399 375 54 architecture
1925 397 65 53 of
2044 397 96 52 the

213 475 1933 73 American colonies and the early Republic, volumes XV and
318 609 9 9 XVI.
403 563 395 54 Illustrations
826 563 46 50 &
899 559 295 54 measured
1226 556 291 69 drawings
1545 556 76 69 by
1650 554 268 53 Kenneth
1952 552 192 55 Clark.

216 631 1931 78 Edited and punlished by Russell F. Whitehead … New
215 722 163 52 York
410 720 139 67 [The
578 716 385 55 Marchbanks
992 734 174 50 press]
1206 716 149 50 1931.

285 795 885 55 xv, 335, [1] p. illus., plans. 27 ᶜᵐ .
151 868 52 52 ©
233 872 109 39 Feb.
371 871 71 47 28,
470 868 141 48 1931;
642 869 67 40 2c.
740 869 122 39 Mar.
891 867 82 46 18;
1006 865 82 42 aff.
1118 866 122 39 Mar.
1271 863 83 48 26;
1386 863 42 40 A
1455 862 172 48 35421;
1661 862 193 40 Russell
1886 861 52 41 F.
218 858 1915 119 Whitehead,

389 928 117 39 New
538 926 143 40 York.

146 1020 586 64 Müller-Freienfels,
766 1018 277 67 Richard,
1078 1021 171 51 1882-

214 1097 357 70 Allgemeine
632 1096 198 53 sozial-
891 1095 118 52 und
1066 1091 588 70 kulturpsychologie,
1717 1108 110 35 von
1890 1088 258 54 Richard

144 1173 577 55 Müller-Freienfels.
786 1172 257 69 Leipzig,
1072 1171 55 54 J.
1158 1170 70 53 A.
1259 1170 205 67 Barth,
1497 1171 150 52 1930.

214 1253 480 49 xii, 292 p. 23½ ᶜᵐ .
215 1323 415 48 Bibliographical
657 1324 139 39 notes
824 1324 53 39 at
904 1323 91 40 end
1024 1320 52 41 of
1102 1320 118 41 each
1249 1320 215 47 chapter.

154 1387 1999 56 © May 27, 1930; 1c. Sept. 17; A—Foreign 9377; Johann Ambrosius
223 1452 170 40 Barth.
465 1450 249 50 (31-7505)

148 1545 280 64 Nestroy,
461 1543 234 54 Johann
727 1543 329 64 Nepomuk,
1091 1546 326 51 1801-1862.

282 1619 1868 70 … Sämtliche werke. Historisch-kritische gesamtausgabe,
150 1703 152 69 hrsg.
350 1721 112 34 von
505 1702 161 52 Fritz
713 1701 264 53 Brukner
1019 1702 118 52 und
1184 1698 140 56 Otto
1371 1699 273 53 Rommel.
1723 1701 79 52 15.
1847 1698 94 54 bd.
2022 1696 134 68 [Ein

151 1782 224 68 beitrag
429 1800 99 34 zur
583 1780 319 69 geschichte
955 1781 99 51 der
1104 1777 232 56 Wiener
1388 1777 377 66 volkskomik]
1844 1776 185 69 Wien,
2082 1777 72 51 A.

154 1859 637 66 Schroll & co. [ ᶜ19 30]
222 1938 1063 50 xviii, 804, [1] p. plates, ports. 17 ½ ᶜᵐ .
222 1997 65 40 At
317 1995 125 41 head
472 1994 52 41 of
554 1995 108 40 title:
724 1995 194 39 Johann
949 1994 222 48 Nestroy.

158 2061 2000 53 © Dec. 8, 1930; 1c. Feb. 13, 1931; A—Foreign 11532; Anton Schroll &
225 2134 67 30 co.

152 2217 146 52 New
325 2216 164 53 York
530 2217 191 70 (City)
810 2215 367 69 Ordinances,
1206 2223 101 48 etc.

283 2290 1873 69 … The Code of ordinances of New York city, as amended
151 2376 58 48 to
259 2370 263 69 January
575 2374 47 64 1,
672 2373 153 65 1931,
875 2370 140 52 with
1064 2370 190 68 index,
1304 2370 190 53 edited
1542 2370 76 69 by
1666 2369 205 69 Henry
1920 2368 55 54 J.
2026 2369 128 52 Lee.

152 2447 1659 69 Brooklyn, N. Y., Eagle library publications, ᶜ19 31.
225 2529 88 42 304
340 2542 43 38 p.
445 2531 179 47 diagrs.
684 2529 147 43 26½ᶜᵐ.
901 2531 124 48 (The
1055 2531 149 47 Eagle
1234 2530 201 49 library,
1467 2531 92 40 vol.
1707 2562 9 17 XLVI,
1750 2530 148 40 serial
1928 2541 76 30 no.
2036 2530 111 49 298)

162 2598 52 52 ©
256 2602 110 40 Feb.
408 2602 70 48 17,
520 2600 140 48 1931;
703 2601 67 40 2c.
813 2603 96 38 and
950 2601 82 40 aff.
1074 2603 122 40 Mar.
1237 2602 54 46 3;
1335 2602 42 39 A
1416 2601 171 49 35072;
1632 2602 169 48 Henry
1843 2601 166 41 James
2052 2603 106 47 Lee,

228 2659 261 47 Brooklyn.
560 2656 250 51 (31-7988)

286 2750 1872 70 … The Code of ordinances of the city of New York, with
155 2829 78 53 all
279 2830 388 53 amendments
712 2833 58 49 to
816 2828 263 71 January
1125 2833 101 65 1st,
1275 2833 153 66 1931,
1469 2830 301 70 including
1813 2830 95 54 the
155 2829 1979 147 Building

288 2908 153 67 code,
473 2908 96 52 the
601 2926 123 33 new
758 2907 306 54 Electrical
1099 2909 154 68 code,
1287 2909 96 52 the
1420 2908 274 70 Sanitary
1728 2910 154 67 code,
1915 2910 114 52 and
2061 2910 97 52 the

155 2986 277 53 amended
461 2985 283 69 Building
771 3003 136 35 zone
935 2985 328 68 resolution,
1292 2986 191 53 edited
1509 2986 76 70 by
1612 2986 263 55 William
1904 2988 255 53 Edward

156 3062 2003 73 Baldwin … New York, The Banks law publishing company,
158 3143 150 50 1931.

231 3221 1472 52 3 p. l., 3-740, 16 p., 1 l., 81 p. illus., diagrs. 22½ ᶜᵐ .
232 3293 64 40 At
322 3293 126 39 head
476 3293 51 40 of
553 3293 134 40 title:
715 3293 114 41 1931
857 3294 199 41 edition.

232 3349 227 40 Lettered
491 3360 59 29 on
582 3359 139 31 cover:
781 3350 117 40 New
928 3351 131 40 York
1090 3350 129 42 Code
1248 3351 52 41 of
1330 3352 301 49 ordinances,
1663 3353 129 42 1931.

233 3404 1925 55 “1931 Supplement … containing all amendments to January 1931”
161 3461 90 40 has
278 3461 180 48 special
487 3464 98 45 t.-p.
612 3463 95 39 and
733 3465 226 45 separate
986 3463 299 48 pagination.

169 3527 52 52 ©
252 3533 121 40 Mar.
403 3531 70 49 19,
503 3532 113 40 1931;
675 3532 67 41 2c.
774 3534 121 39 Mar.
926 3533 56 40 21;
1043 3533 81 40 aff.
1157 3536 123 41 Mar.
1310 3534 55 42 23;
1426 3536 41 39 A
1495 3536 146 41 36000;
1702 3537 218 41 William
1951 3538 211 41 Edward

238 3588 239 49 Baldwin,
506 3589 117 40 New
649 3590 143 39 York.
864 3589 249 49 (31-7992)

164 3673 145 60 New
338 3681 162 52 York
533 3686 210 51 annual
773 3685 202 70 digest,
1008 3688 151 67 1930,
1188 3687 269 69 covering
1486 3690 78 52 all
1592 3691 266 66 reported
1889 3690 278 55 decisions

235 3761 64 51 of
324 3762 96 52 the
446 3767 189 48 courts
661 3762 63 53 of
749 3763 138 52 New
916 3763 180 70 York,
1122 3765 140 52 with
1287 3765 151 53 table
1465 3766 64 53 of
1555 3784 151 35 cases
1733 3768 275 68 digested,
235 3787 1905 120 supplementing

624 3841 112 52 and
773 3840 335 70 continuing
1144 3842 140 52 New
1322 3843 163 52 York
1522 3845 210 51 annual
1771 3845 202 70 digest,
2014 3850 148 49 1929.

236 3916 307 54 Rochester
569 3918 111 53 and
706 3918 138 52 New
872 3919 163 51 York
1060 3920 133 68 city,
1220 3920 69 52 N.
1321 3921 89 70 Y.,
1437 3922 120 52 The
1582 3922 269 70 Lawyers
1877 3941 287 52 co-opera-
