2505 4370
1304 4034 102 52 192

343 366 225 66 Ulrich,
598 367 145 54 Otto
768 367 174 56 Willi.

411 443 94 53 Im
556 443 170 55 lande
778 445 101 52 der
931 444 149 54 affen
1136 446 119 53 und
1308 445 307 70 papageie;
1671 445 566 69 reiseerinnerungen
2288 463 73 35 an

344 522 177 57 Sued-
526 522 277 55 Amerika:
886 523 306 56 Brasilien,
1243 525 329 70 Paraguay,
1621 525 119 53 und
1789 523 414 72 Argentinien;
2256 523 106 55 mit

342 602 185 53 vielen
556 602 565 69 photographischen
1150 602 355 54 aufnahmen
1531 604 117 53 und
1676 604 153 53 einer
1854 604 165 53 karte
2045 621 113 35 von
2186 602 174 56 Sued-

341 679 1998 150 Amerika, von Otto Willi Ulrich. N[eW] Y[ork] c[ity] Geographical publishing co. [ ᶜ19 30]
414 842 1358 49 5 p. l., 262 p. front. (port.) plates, map. 20 ½ᶜᵐ .
349 910 52 53 ©
427 915 112 41 Dec.
562 914 69 49 20,
657 914 140 47 1930;
824 913 67 42 2c.
916 914 110 41 Jan.
1051 914 39 49 8,
1115 912 114 42 1931;
1285 912 81 43 aff.
1392 913 112 42 Feb.
1528 913 54 48 9;
1609 914 42 39 A
1673 912 173 50 34390;
1875 914 354 49 Geographical
2254 915 110 49 pub.

418 983 67 30 co.
557 971 252 51 (31-4626)

399 1085 163 49 Vance,
593 1069 257 55 William
881 1069 317 65 Reynolds,
1234 1071 171 54 1870-

414 1147 172 55 Cases
625 1166 72 34 on
738 1149 95 51 the
874 1148 110 52 law
1026 1146 66 55 of
1131 1147 319 68 insurance,
1493 1148 240 53 selected
1776 1146 154 55 from
1974 1147 281 54 decisions
2297 1147 64 54 of

342 1224 1957 71 English and American courts, by William Reynolds Vance …
340 1302 1742 72 2d ed. … St. Paul, West publishing company, 1931.
339 1383 2004 106 xxiii, 1020 p. 26 ᶜᵐ. (American casebook series; W. R. Vance, general ed.)
348 1494 1733 55 © Jan. 16, 1931; 2c. and aff. Feb. 12; A 33700; West pub. co.
429 1555 252 50 (31-4499)

342 1652 276 62 Wallace,
653 1653 220 65 Edgar.

415 1731 94 56 On
539 1734 95 52 the
664 1739 143 63 spot.
892 1733 362 67 [Instalment
1288 1738 48 63 4]

428 1812 84 48 (In
542 1811 203 44 London
777 1811 204 52 Sunday
1015 1811 245 53 pictorial,
1295 1812 116 44 Dec.
1443 1814 72 49 28,
1550 1812 146 51 1930)

349 1867 52 53 ©
434 1873 67 39 1c.
532 1873 112 39 Feb.
675 1872 69 48 21,
776 1872 142 46 1931;
951 1873 41 39 A
1024 1875 61 38 ad
1117 1873 87 41 int.
1238 1873 170 46 14771;
1443 1874 144 47 pubd.
1620 1873 113 40 Dec.
1765 1872 69 49 28,
1869 1872 141 47 1930;
2046 1873 54 40 E.
2134 1873 229 47 Wallace,

416 1930 213 42 London.

342 2027 313 64 Waxman,
686 2027 207 64 Percy.

411 2103 124 53 The
567 2103 168 54 black
768 2104 317 68 Napoleon,
1119 2105 96 53 the
1248 2110 159 64 story
1441 2103 65 55 of
1539 2104 309 53 Toussaint
1879 2104 375 66 Louverture,

2286 2101 71 70 by
341 2182 185 69 Percy
564 2181 303 55 Waxman.
945 2183 140 52 New
1126 2182 182 70 York,
1349 2183 312 54 Harcourt,
1703 2184 182 52 Brace
1926 2182 113 52 and
2079 2199 279 50 company

457 2263 64 50 [ ᶜ19 31]
414 2343 1176 51 6 p. l., 3-298 p. front. (port.) plates. 22 ᶜᵐ.
414 2401 165 41 “First
604 2401 231 42 edition.”

414 2460 142 48 Maps
584 2470 62 29 on
673 2458 368 50 lining-papers.

414 2516 381 48 Bibliography:
826 2526 44 38 p.
899 2514 221 43 295-298.

349 2569 52 53 ©
434 2575 112 39 Feb.
576 2575 69 39 11.
676 2573 141 47 1931;
850 2573 68 41 2c.
949 2574 96 40 and
1077 2573 82 40 aff.
1192 2556 115 57 Fell
1336 2573 82 45 18;
1452 2572 42 40 A
1522 2571 172 48 33802;
1729 2573 263 47 Harcourt,
2025 2573 158 39 Brace
2214 2573 36 40 &
2280 2583 54 30 co.,

420 2631 92 41 inc.
583 2631 254 50 (31-4625)

345 2727 201 65 Webb,
576 2727 224 54 Robert
831 2726 303 55 Franklin.

412 2802 328 70 Simplified
778 2806 170 52 touch
991 2802 403 71 typewriting;
1439 2821 31 35 a
1511 2802 306 70 simplified
1861 2820 193 36 course
2095 2803 60 54 in
2194 2801 167 54 touch

343 2882 374 69 typewriting
752 2882 128 53 that
918 2899 217 37 secures
1170 2883 97 52 the
1300 2882 122 55 best
1459 2881 171 69 basic,
1668 2882 147 53 solid
1852 2881 205 54 results
2092 2881 140 53 with
2268 2883 96 52 the

343 2959 1992 146 least expenditure of time and energy, by R. F. Webb … Comprehensive
711 3038 1547 68 course … New York, Prentice-Hall, inc., 1931.
412 3120 989 52 vi, 223 p. incl. illus., forms. 22 × 28 ᶜᵐ.
412 3177 126 43 Text
566 3189 119 30 runs
712 3179 207 47 parallel
949 3178 120 43 with
1097 3180 123 40 back
1249 3180 52 40 of
1330 3188 154 32 cover.

349 3233 52 52 ©
431 3238 111 40 Dec.
571 3236 68 43 19.
667 3236 142 48 1930;
839 3237 67 41 2c.
934 3237 113 40 Feb.
1074 3237 69 48 16,
1173 3236 105 41 1931;
1346 3236 83 42 aff.
1458 3237 111 40 Feb.
1598 3236 83 48 12;
1712 3236 41 40 A
1781 3236 171 48 33782;
1985 3236 376 42 Prentice-Hall,

418 3295 105 48 inc.,
552 3296 119 39 New
698 3296 145 39 York.
908 3290 74 54 [©
1007 3294 289 49 adaptation
1329 3297 47 38 to
1406 3304 87 30 use
1519 3294 51 40 in
1599 3293 117 49 high
1746 3294 203 49 schools]

429 3352 252 49 (31-4528)

413 3445 322 68 Simplified
781 3447 165 51 touch
992 3446 403 70 typewriting;
1438 3465 30 33 a
1509 3445 307 69 simplified
1859 3463 192 37 course
2092 3445 59 51 in
2192 3444 167 53 touch

344 3523 373 69 typewriting
750 3524 128 53 that
914 3543 215 34 secures
1164 3524 97 53 the
1298 3524 117 53 best
1455 3523 171 70 basic,
1664 3522 145 56 solid
1847 3524 205 53 results
2089 3522 141 54 with
2267 3522 95 54 the

344 3600 1991 131 least expenditure of time and energy, by R. F. Webb … Intensive
592 3679 1560 69 course … New York, Prentice-Hall, inc., 1930.
448 3763 924 49 v, 141 p. incl. illus., forms. 22 × 28½ ᶜᵐ.
413 3804 1066 63 Text runs parallel with back of cover.
351 3873 2009 52 © July 23, 1930; 2c. Feb. 16. 1931; aff. Feb. 12; A 33781; Prentice-Hall,
418 3934 92 42 inc.
574 3931 69 54 [©
678 3936 289 49 adaptation
1003 3938 48 39 to
1086 3946 84 31 use
1206 3936 50 39 in
1291 3935 221 40 business
1549 3936 203 49 schools]
1825 3934 253 51 (31-4529)
