2505 4370
1054 4029 97 50 131

125 496 126 48 way
272 482 58 48 to
353 496 98 34 use
473 477 155 52 these
649 476 228 68 guides;
901 475 75 67 by
999 476 216 51 Bertha
1240 474 304 68 Chapman
1568 473 164 69 Cady
1754 474 113 54 and
1950 491 172 35 Vernon

123 555 80 53 M.
238 553 178 69 Cady.
491 553 220 68 Ithaca,
744 553 70 54 N.
851 553 90 67 Y.,
974 552 144 54 Pub.
1152 552 185 54 under
1368 552 97 54 the
1499 551 255 70 auspices
1788 549 66 57 of
1885 551 98 55 the
123 550 1976 149 Coordinating

503 632 220 53 council
768 650 73 34 on
886 636 203 48 nature
1134 631 283 52 activities
1464 630 76 68 by
1584 630 99 54 the
122 629 2001 135 Slingerland-Comstock

448 712 303 65 co. [ ᶜ1 930]
186 782 452 41 1 v. 2 illus. 18 ᶜᵐ.
193 838 285 42 Loose-leaf.

191 896 71 40 On
287 906 143 30 cover:
490 895 179 40 Guides
695 898 48 38 to
768 897 175 38 nature
968 895 147 46 study;
1168 896 76 38 set
1268 893 51 41 of
1344 894 111 39 nine
1481 893 169 49 guides
1674 894 79 40 for
1778 895 220 40 teachers
2025 895 93 39 and

117 953 189 40 leaders
331 952 52 40 of
407 955 175 38 nature
610 952 160 47 study.

187 1008 169 41 Added
395 1011 99 45 t.-p.:
555 1008 138 40 Field
732 1009 96 39 and
865 1018 141 37 camp
1041 1007 253 48 notebook,
1335 1007 258 41 Comstock
1632 1007 93 39 and
1768 1006 141 41 Vinal
117 1007 1986 106 (copyrighted

337 1064 287 48 1922-1925)

188 1121 350 48 Bibliography
564 1123 54 38 at
643 1122 90 39 end
761 1121 51 40 of
838 1121 117 40 each
983 1120 156 47 guide.

127 1173 51 51 ©
209 1178 118 40 Nov.
357 1178 39 46 1,
428 1176 117 41 1930;
602 1178 67 39 2c.
702 1178 109 39 Jan.
842 1177 68 47 21,
944 1176 112 41 1931;
1118 1176 82 41 aff.
1233 1176 111 41 Jan.
1375 1174 57 41 20;
1491 1175 43 40 A
1563 1174 148 42 32908;
1772 1175 348 50 Coordinating

193 1235 186 39 council
407 1245 62 29 on
494 1236 177 38 nature
697 1234 257 46 activities,
984 1234 116 39 New
1127 1234 146 39 York.
1343 1232 252 50 (31-2548)

120 1314 342 66 Carpenter,
492 1315 244 53 Weston
763 1313 274 65 William,
1070 1318 169 50 1889-

186 1391 122 52 The
340 1391 227 52 teacher
600 1392 112 51 and
746 1390 530 69 secondary-school
1312 1390 483 67 administration,
1833 1390 153 53 from
2021 1390 94 53 the

115 1468 166 67 point
315 1467 64 54 of
413 1468 142 53 view
591 1467 64 54 of
687 1469 97 52 the
815 1468 304 53 classroom
1154 1468 243 66 teacher,
1432 1467 76 68 by
1541 1467 90 53 W.
1667 1467 91 54 W.
1800 1466 315 69 Carpenter

114 1543 1975 148 and John Rufi … [Boston, New York, etc.] Ginn and company [ᶜ1931]
181 1702 588 49 xi, 460 p. diagr. 20 ᶜᵐ.
187 1758 248 42 “Selected
464 1759 271 41 references”
793 1762 53 38 at
871 1761 93 39 end
990 1759 53 41 of
1071 1760 119 39 each
1218 1759 213 48 chapter.

121 1812 52 52 ©
205 1817 110 40 Jan.
348 1817 66 47 15,
449 1816 139 47 1931;
623 1817 66 39 2c.
722 1817 109 40 Jan.
864 1817 81 46 30;
1014 1816 48 41 aff.
1096 1817 108 40 Jan.
1238 1815 84 49 29;
1357 1817 40 39 A
1430 1816 170 47 34070;
1638 1818 71 39 W.
1743 1818 71 40 W.
1849 1817 268 49 Carpenter

189 1875 94 38 and
313 1873 128 40 John
470 1874 123 47 Rufi,
624 1873 264 49 Columbia,
920 1875 91 39 Mo.
1082 1873 251 47 (31-3433)

114 1953 267 54 Catholic
414 1954 241 54 church.
731 1957 173 67 Pope.
939 1959 174 49 1922-
1336 1955 167 67 (Pius
1611 1957 18 68 XI)

180 2030 321 69 Marriage;
544 2031 332 54 authorized
918 2032 244 68 English
1204 2037 121 49 text
1365 2032 64 52 of
1467 2032 96 52 the
1603 2031 305 70 encyclical
1947 2032 168 52 letter

112 2108 63 52 of
209 2108 112 54 His
355 2108 271 55 Holiness
655 2110 164 67 Pope
853 2109 140 53 Pius
1094 2151 9 11 XI.
1174 2108 402 70 Washington,
1611 2110 72 52 D.
1720 2110 81 69 C.,
1838 2109 275 53 National

113 2186 1105 68 Catholic welfare conference [ ᶜ1 931]
181 2269 58 40 48
270 2279 43 38 p.
373 2268 57 41 19½ᶜᵐ.

119 2322 52 52 ©
203 2326 109 41 Jan.
342 2325 70 49 23,
444 2324 141 49 1931;
617 2326 68 40 2c.
717 2326 96 39 and
844 2325 81 41 aff.
958 2326 110 40 Jan.
1100 2325 81 47 23;
1216 2326 42 39 A
1289 2325 143 41 32955;
1493 2327 132 39 Natl.
1659 2326 221 41 Catholic
1912 2328 202 40 welfare

185 2383 297 41 conference.
552 2382 250 50 (31-3598)

114 2461 377 66 Clendening,
523 2463 222 65 Logan,
781 2469 172 49 1884-

176 2538 1937 70 Modern methods of treatment, by Logan Clendening … with
109 2616 258 68 chapters
402 2634 73 34 on
510 2615 208 69 special
752 2615 243 68 subjects
1029 2616 75 70 by
1137 2617 75 54 H.
1251 2617 61 54 C.
1349 2617 345 70 Andersson,
1787 2663 9 9 M.
1872 2660 9 10 D.;
1950 2619 54 54 J.
2044 2619 66 54 B.

110 2692 2000 72 Cowherd, M . D.; H. P. Kuhn, M. D.; Carl O. Rickter, M . G .; F. C.
108 2770 2001 72 Neff, M . D .; E. H. Skinner, M. D.; and E. R. DeWeese, M. D.
106 2847 98 53 4th
240 2848 83 53 ed.
398 2851 82 54 St.
520 2848 190 68 Louis,
746 2851 121 51 The
905 2851 60 54 C.
1003 2852 67 53 Y.
1106 2851 204 70 Mosby
1348 2870 295 51 company,
1681 2857 149 48 1931.

178 2932 907 50 819 p. illus., col. pl., diagrs. 25 ᶜᵐ.
179 2989 348 41 “References”
557 2992 50 38 at
635 2992 89 39 end
753 2990 53 40 of
835 2992 117 38 each
981 2990 199 48 chapter
1210 2993 170 46 except
1409 2994 110 41 two.

117 3042 1879 57 © Jan. 20, 1931; 2c. Jan. 29; aff. Feb. 4; A 33547; C. V . Mosby co.
193 3102 251 51 (31-3549)

111 3186 193 62 Cross,
333 3185 143 52 Tom
504 3185 196 54 Peete.

182 3262 161 55 Good
388 3264 240 68 reading
673 3264 92 52 for
809 3265 140 68 high
995 3266 233 53 schools.
1311 3301 68 32 [v.
1427 3271 47 62 3]
1518 3267 307 54 American
1872 3270 236 51 writers.

112 3341 1999 69 By Tom Peete Cross … Reed Smith … and Elmer C. Stauffer
171 3406 1729 87 … Boston, New York [etc.] Ginn and company [ ᶜ1 931]
248 3498 1015 49 xx p., 1 l., 616 p . col. front., illus. 24 ᶜᵐ.
181 3556 289 40 Illustrated
504 3556 93 40 end
631 3556 175 41 sheets.

116 3607 52 52 ©
192 3612 109 41 Jan.
326 3611 68 49 12,
420 3612 110 40 1931;
587 3612 66 40 2c.
679 3613 109 40 Jan.
813 3613 58 40 30;
923 3614 81 39 aff.
1031 3615 107 39 Jan.
1166 3614 55 39 29;
1276 3615 41 39 A
1341 3615 144 41 34073;
1540 3617 52 40 T.
1618 3617 49 40 P.
1697 3617 157 48 Cross,
1883 3618 223 49 Chicago,

183 3668 130 41 Reed
339 3668 171 49 Smith,
535 3668 264 49 Columbia,
828 3670 44 41 S.
898 3671 63 43 C.,
988 3673 91 38 and
1109 3673 161 37 Elmer
1297 3672 47 40 C.
1373 3672 227 49 Stauffer,
1629 3673 222 49 Chicago.

111 3750 119 53 The
277 3748 372 54 Cumulative
696 3753 294 52 loose-leaf
1036 3754 251 54 business
1334 3756 428 68 encyclopedia;
177 3757 1928 124 editor-in-chief,

390 3827 1708 75 Harry T. Collings … Philadelphia, Chicago [etc.]
177 3904 121 51 The
326 3904 156 54 John
514 3906 60 54 C.
606 3905 263 53 Winston
899 3924 280 53 company
1214 3912 192 64 [ᶜ1930]
