2428 4370
1008 3977 139 55 2117

86 378 269 63 Military
381 377 296 64 engineer.

158 456 221 51 Tactics
409 457 111 51 and
549 453 295 66 technique
873 453 63 53 of
965 451 308 67 engineers.
1349 453 182 52 Basic.
1611 456 84 50 1st
1723 453 85 53 ed.
1882 451 57 53 A
1963 457 122 49 text

87 535 112 52 and
238 532 285 59 reference
562 531 146 53 book
745 531 62 53 of
847 527 263 69 engineer
1147 528 258 69 training
1456 529 167 67 (with
1661 527 286 69 questions
1989 531 94 52 for

86 608 550 65 self-examination)
721 609 297 52 Produced
1051 610 94 51 for
1173 610 95 51 the
1299 608 265 66 Military
1594 608 264 66 engineer
1886 610 76 64 by
1987 607 96 56 the

86 684 1885 68 National service publishing co. Washington, D. C. [ ᶜ19 31]
159 755 1093 52 xxxi, 959 p. illus., maps, diagrs. 24 ᶜᵐ .
93 827 51 52 ©
170 831 125 47 Sept.
319 832 27 37 4,
442 830 54 39 1931;
550 829 66 39 2c.
644 828 127 47 Sept.
795 827 26 40 9;
875 827 80 40 aff.
985 826 126 48 Sept.
1136 827 53 38 11;
1244 827 43 38 A
1308 826 144 41 42243;
1508 827 230 40 National
1765 827 186 40 service
1973 828 109 47 pub.

160 898 80 37 co.,
268 886 332 47 Washington.
682 881 51 52 [©
762 884 212 40 revision
999 885 96 38 and
1122 884 224 49 changes]

85 990 145 52 New
258 990 161 52 York
458 991 218 64 (State)
762 991 122 50 Tax
914 987 373 56 commission.

155 1068 241 52 Federal
441 1070 111 51 and
597 1073 143 47 state
783 1072 98 46 tax
926 1072 250 60 systems.
1253 1067 71 52 2d
1370 1066 84 52 ed.
1529 1065 263 67 January
1838 1071 47 62 1,
1932 1070 149 50 1931.

87 1147 89 64 By
215 1148 123 50 Tax
380 1146 254 53 research
678 1144 356 52 foundation.
1111 1144 292 65 Prepared
1446 1144 181 53 under
1667 1145 95 53 the
1806 1144 277 53 direction

87 1219 1973 135 of the New York state tax commission … Chicago, Ill., Commerce
303 1299 250 66 clearing
591 1300 187 58 house,
817 1300 124 60 inc.,
980 1299 176 53 Loose
1194 1299 118 52 leaf
1351 1298 212 53 service
1599 1298 248 55 division
1887 1301 64 52 of
1990 1302 93 53 the

85 1377 1101 67 Corporation trust company [ ᶜ19 31 ]
156 1450 306 48 91 p. 38 ᶜᵐ .
92 1516 51 52 ©
171 1522 112 46 May
308 1521 39 46 1,
373 1518 113 41 1931;
540 1519 67 39 2c.
635 1519 95 39 and
756 1517 80 41 aff.
864 1518 128 39 June
1016 1518 54 39 15;
1126 1517 41 38 A
1192 1517 142 40 38831;
1392 1517 105 39 Tax
1525 1518 224 40 research
1776 1518 307 41 foundation.

160 1578 171 46 Jersey
360 1576 123 48 City,
514 1576 55 39 N.
601 1576 41 39 J.

84 1670 338 66 Newmark,
451 1669 209 65 David,
694 1674 170 51 1895-

155 1747 381 54 Educational
582 1748 164 68 plays
789 1747 63 52 of
894 1748 234 53 modern
1173 1748 140 67 days
1378 1746 77 69 [by]
1521 1747 192 53 David
1757 1748 323 70 Newmark,

84 1826 1165 68 PH. D. Boston, R. G. Badger [ ᶜ19 31]
155 1907 86 42 106
268 1919 43 37 p.
373 1907 146 41 19½ᶜᵐ.

91 1976 51 52 ©
170 1980 127 47 Sept.
321 1979 58 41 30,
474 1980 54 39 1931;
582 1978 65 39 2c.
675 1980 116 39 Nov.
816 1978 55 40 25;
927 1978 81 39 aff.
1034 1978 118 40 Nov.
1178 1978 54 39 23;
1288 1978 40 38 A
1353 1977 145 40 46009;
1555 1977 214 40 Richard
1796 1977 52 41 G.
1876 1979 205 46 Badger.

169 2035 220 50 (32-541)

86 2128 207 67 Parry,
321 2129 223 54 Robert
573 2130 153 64 Ivor,
758 2130 171 54 1870-

151 2206 219 55 Secrets
401 2206 63 53 of
493 2206 163 54 home
691 2206 105 69 dry
828 2205 261 70 cleaning
1119 2205 111 55 and
1262 2205 277 68 pressing,
1570 2206 75 69 by
1676 2206 66 51 R.
1779 2205 46 52 I.
1862 2205 215 68 Parry;

83 2284 113 55 this
239 2284 158 53 work
437 2283 233 54 consists
715 2283 63 53 of
819 2302 71 35 an
933 2283 243 53 unusual
1220 2283 291 55 collection
1555 2284 63 52 of
1661 2282 418 70 opportunities

83 2361 91 53 for
198 2363 164 52 home
387 2360 308 55 economies
719 2360 280 69 resulting
1025 2362 59 53 in
1113 2361 95 53 the
1236 2360 203 69 saving
1464 2360 65 54 of
1555 2379 218 50 money,
1801 2359 278 72 efficiency

82 2437 1992 71 and satisfaction. Portland, Ore., Home economies, inc. [ ᶜ19 31 ]
151 2519 85 40 101
269 2530 44 38 p.
374 2519 128 41 illus.
562 2519 145 40 17½ᶜᵐ.

152 2576 159 40 Blank
341 2586 147 38 pages
516 2575 82 41 for
627 2574 294 41 “Remarks”
962 2574 193 49 (91-98)

91 2645 51 52 ©
171 2651 111 39 Dec.
310 2648 40 47 9,
381 2648 111 41 1931;
551 2648 66 42 2c.
646 2650 98 38 and
771 2649 81 40 aff.
882 2649 112 40 Dec.
1023 2649 55 39 14;
1137 2648 44 42 A
1206 2648 147 41 46378;
1410 2650 154 40 Home
1594 2650 280 48 economies,
1907 2651 90 40 inc.

168 2705 221 50 (32-529)

83 2799 260 68 Patrick,
374 2801 86 66 Q.,
488 2803 193 68 pseud.

159 2878 241 70 Cottage
457 2879 246 66 sinister,
760 2878 74 69 by
894 2877 66 64 Q.
1022 2878 251 53 Patrick.
1367 2879 428 70 Philadelphia,
1854 2879 228 54 Roland

89 2955 193 56 Swain
311 2975 299 50 company,
641 2959 148 50 1931.

188 3072 8 14 v,
227 3039 86 41 279
343 3050 42 38 p.
450 3038 143 41 19½ᶜᵐ.

91 3107 1988 52 © Oct. 17, 1931; 2c. Nov. 18; aff. Nov. 17; A 46432; Roland Swain,
158 3167 351 48 Philadelphia.
582 3168 220 48 (32-580)

83 3261 269 64 Perkins,
379 3260 154 55 Silas
558 3262 73 52 H.

154 3336 1923 71 ’Longshore lyrics, by Silas H. Perkins … Kennebunkport,
83 3416 127 66 Me.,
236 3414 156 54 Priv.
424 3415 193 68 print.,
646 3420 149 50 1931.

186 3497 578 48 x p., 1 l., 132 p. 21 ᶜᵐ .
90 3550 51 52 ©
169 3555 109 39 Dec.
307 3555 38 47 6,
372 3553 112 42 1931;
540 3554 66 41 2c.
635 3556 110 39 Dec.
774 3557 24 38 7;
854 3555 83 40 aff.
964 3557 111 38 Dec.
1103 3555 55 41 28;
1215 3556 40 39 A
1280 3556 144 40 46571;
1486 3556 43 41 S.
1558 3556 60 40 H.
1647 3554 217 46 Perkins,
156 3554 1906 105 Kennebunkport,

443 3612 89 39 Me.
604 3611 219 48 (32-554)

85 3704 306 64 Ponltney,
422 3704 242 55 Clifford
692 3706 67 54 B.

151 3780 104 69 My
286 3781 114 68 dog
429 3782 273 67 Pompey,
733 3782 75 68 by
842 3780 60 55 C.
936 3783 67 50 B.
1036 3783 313 67 Ponltney;
1385 3783 324 52 illustrated
1742 3782 76 69 by
1850 3784 96 52 the
85 3801 1966 108 author.

294 3858 258 69 London,
578 3858 269 53 Methuen
880 3861 45 50 &
952 3878 98 48 co.,
1077 3859 103 52 ltd.
1237 3862 152 65 [1931]
