2428 4370
1209 4052 135 52 1816

264 407 184 63 Hyer,
477 404 214 56 Julien.

335 483 159 54 Wild
542 499 213 36 women
808 480 64 55 of
920 481 95 52 the
1064 480 279 69 Odyssey,
1393 479 221 54 revised
1660 477 245 69 version,
1954 478 74 68 by
2079 477 197 55 Julien

267 561 189 70 Hyer;
492 560 293 68 drawings
818 559 74 70 by
926 559 78 54 H.
1039 558 67 54 E.
1140 557 170 55 Lake.
1382 558 227 53 Kansas
1644 555 154 72 City,
1831 556 136 69 Mo.,
2001 556 121 53 The
2156 555 121 56 Joli

267 658 156 50 press
458 641 174 65 [1931]

337 718 758 52 [30] p. front., illus. 23½ ᶜᵐ .
272 788 50 53 ©
355 792 102 41 Oct.
490 792 38 47 8,
560 790 109 41 1931;
733 793 65 38 2c.
830 791 101 39 Oct.
964 792 53 37 12;
1079 791 82 41 aff.
1193 790 102 42 Oct.
1328 790 54 40 10
1401 802 8 36 ;
1444 793 35 37 A
1512 790 173 47 43211;
1720 791 96 39 Joli
1848 800 152 39 press.

354 850 283 48 (31-32026)

266 945 236 64 Jarcho,
532 941 214 68 Julius,
778 949 168 50 1882-

400 1021 1879 70 … Gynecological Roentgenology ; a Roentgen atlas of the
269 1098 206 55 female
517 1100 328 69 generative
889 1118 208 50 organs
1136 1100 143 53 with
1321 1100 212 67 special
1579 1099 286 53 reference
1907 1105 58 47 to
272 1099 1983 148 uterosalpingography

713 1179 107 52 and
860 1197 70 34 an
969 1177 217 54 outline
1219 1177 64 53 of
1318 1176 354 71 gynecology
1709 1177 56 53 in
1806 1176 73 54 its
1913 1174 272 57 relations
2221 1183 59 48 to

270 1255 472 70 Roentgenology
783 1256 139 52 with
963 1274 124 35 case
1131 1255 265 53 histories
1436 1256 109 52 and
1591 1274 27 34 a
1664 1256 238 67 chapter
1941 1274 73 34 on
2055 1255 223 54 radium

268 1332 1828 71 therapy, by Julius Jarcho … with 5 colored plates & 273
269 1332 1989 132 illustrations.
604 1412 140 52 New
781 1412 180 64 York,
996 1413 65 54 P.
1100 1414 66 53 B.
1201 1409 249 68 Hoeber,
1482 1409 127 71 inc.,
1646 1414 151 51 1931.

443 1491 1841 52 xxv, 571 p. incl. col. front., illus., diagrs. IV col. pl. 27½ᶜᵐ. (Added
273 1548 1722 51 t.-p.: Annals of Roentgenology … ed. by J. T. Case … v. 13)
341 1620 141 41 Brief
510 1620 152 42 series
688 1622 110 41 title
824 1623 53 40 at
902 1621 128 41 head
1058 1620 55 42 of
1138 1622 98 47 t.-p.

343 1678 354 50 Bibliography
714 1689 10 31 :
752 1689 44 39 p.
822 1677 221 44 491-534.

276 1748 51 52 ©
353 1752 102 40 Oct.
481 1752 69 47 29,
575 1750 112 41 1931;
743 1752 66 39 2c.
836 1753 96 37 and
957 1751 81 41 aff.
1066 1751 101 40 Oct.
1193 1751 54 40 31
1267 1761 9 37 ;
1304 1752 40 38 A
1368 1749 145 41 44559
1532 1761 9 36 ;
1569 1751 123 39 Paul
1719 1751 54 39 B.
1800 1749 205 50 Hoeber,
2032 1750 91 42 inc.

355 1808 281 49 (31-32097)

269 1906 199 63 Jones,
498 1905 248 55 Charles
772 1906 177 55 Reed.

339 1980 1946 72 The Van Norton murders, by Charles Reed Jones … New
275 2061 1198 68 York, The Macaulay company [ ᶜ1 931]
342 2143 593 49 5 p. l., 9-301 p. 19 ᶜᵐ .
278 2213 50 51 ©
405 2228 71 29 Nov.
505 2218 26 36 2,
632 2217 85 40 1931;
745 2216 66 38 2c.
843 2216 96 38 and
969 2215 81 40 aff.
1080 2215 117 41 Nov.
1229 2215 81 47 11;
1342 2215 41 39 A
1410 2213 173 48 43920;
1618 2215 259 45 Macaulay
1907 2225 69 31 co.

359 2274 281 46 (31-32062)

271 2370 180 63 Keep,
481 2369 280 53 Rosalind
792 2367 250 56 Amelia.

343 2447 312 52 Fourscore
690 2464 179 50 years,
903 2464 28 34 a
971 2445 221 70 history
1227 2444 65 54 of
1325 2444 161 54 Mills
1521 2446 231 68 college,
1787 2445 75 70 by
1897 2445 280 55 Rosalind
2212 2446 72 52 A.

275 2525 157 67 Keep;
497 2524 139 53 with
669 2542 69 34 an
775 2524 391 53 introduction
1197 2523 75 69 by
1303 2523 173 69 Mary
1506 2523 245 53 Roberts
1786 2522 306 71 Coolidge;

273 2524 1988 131 illustrated
503 2602 149 53 from
697 2602 412 68 photographs.
1186 2601 162 54 Mills
1389 2600 250 70 College,
1681 2601 197 68 Calif.,
1923 2604 148 50 1931.

345 2681 1069 51 ix p., 3 l., 3-143 p. plates, ports. 24 ᶜᵐ .
341 2754 94 40 “Of
459 2754 99 41 this
581 2754 122 40 book
728 2755 136 39 there
893 2755 121 40 have
1041 2754 115 40 been
1184 2753 193 48 printed
1406 2754 113 40 nine
1546 2755 222 39 hundred
1794 2755 95 39 and
1917 2752 168 50 ninety
2110 2754 172 49 copies.

269 2811 119 42 This
414 2812 42 41 is
481 2811 204 42 number
709 2811 129 41 360.”

278 2881 51 52 ©
368 2886 128 47 Sept.
531 2886 25 39 3,
607 2885 105 39 1931
739 2896 9 31 ;
785 2890 64 34 2c.
888 2886 91 38 and
1017 2885 80 39 aff.
1136 2885 102 41 Oct.
1274 2884 56 41 28;
1395 2886 39 37 A
1468 2885 145 39 43584;
1681 2886 54 40 R.
1772 2886 53 39 A.
1863 2886 147 46 Keep,
2048 2885 238 48 Oakland,

386 2943 104 39 Calif.
563 2943 281 51 (31-32127)

273 3036 367 66 Lavauzelle,
672 3037 208 54 Alfred
912 3040 61 54 C.

401 3113 1856 70 … L’auberge du Chat crevé, roman. Paris, J. Ferenezi et
270 3192 88 54 fils
392 3195 173 66 [1931]

341 3273 453 49 243 p., 2 l. 19 ᶜᵐ .
342 3345 61 40 At
436 3344 124 40 bead
595 3344 52 40 of
679 3344 134 42 title:
850 3346 168 39 Alfred
1056 3346 303 39 Lavauzelle.

278 3414 2008 52 © Apr. 15, 1931 ; 1c. Aug. 10; A—Foreign 13343; A. Lavauzelle. Paris.
357 3476 281 47 (31-32145)

275 3571 365 68 Lefrançois,
671 3574 168 51 Mme.
873 3572 214 53 Louise
1126 3571 269 66 (Pillion)

399 3646 1610 70 … Les sculpteurs français du XII ᵉ siècle, par Louise
298 3646 1960 132 Lefrançois-Pillion.
710 3726 181 60 Paris,
924 3726 141 52 Plon
1128 3729 151 65 [1931]

338 3806 1851 51 3 p. l., 227 p.. 2 l. illus., XXXII pl. 21 ½ᶜᵐ . (Les maîtres de l’art)
341 3862 420 50 “Bibliographie”
783 3878 5 29 :
825 3876 39 35 p.
897 3866 214 40 199-204.

279 3931 1781 54 © May 22, 1931 ; 1c. July 31 ; A— Foreign 13310; Librairie Plon .
361 3995 280 41 (31-32007)
