2505 4370
1105 4027 98 51 121

245 481 213 40 “Minutes
499 480 51 40 of
591 481 80 39 the
711 479 198 49 Baptist
946 478 192 48 foreign
1177 477 204 41 mission
1421 477 290 41 convention
1750 476 51 42 of
1842 476 82 42 the
1966 475 180 42 United

149 539 163 42 States
338 537 51 42 of
415 537 223 41 America
666 537 110 40 held
804 537 51 39 in
882 537 348 47 Montgomery,
1259 534 121 50 Ala.,
1408 534 269 42 November
1703 533 71 51 24,
1802 533 71 51 25,
1901 533 70 50 26,
2000 532 118 44 1880”

157 600 66 44 (p.
253 596 259 49 [153]-170)
550 596 96 38 and
703 595 215 39 “Minutes
945 594 49 39 of
1024 594 80 39 the
1132 593 171 40 fourth
1332 593 183 40 annual
1543 593 186 40 session
1757 592 51 40 of
1838 592 82 40 the
1949 591 197 48 Baptist

146 654 191 47 foreign
366 652 203 40 mission
600 652 287 39 convention
918 651 50 39 of
1002 650 81 41 the
1117 650 180 41 United
1332 650 164 40 States
1528 650 50 40 of
1610 649 239 48 America,
1882 650 110 40 held
2027 648 119 41 with

148 710 79 40 the
258 710 132 39 First
423 708 195 49 Baptist
648 708 195 47 church,
875 707 322 49 Manchester,
1233 706 233 50 Virginia,
1502 706 279 49 September
1812 706 157 48 19-22,
2003 705 142 42 1883”

157 768 66 47 (p.
257 766 258 50 [217]-236)
552 766 125 39 have
704 765 182 48 special
915 764 290 49 title-pages.

215 823 349 48 Bibliography:
624 833 44 38 p.
697 820 219 43 392-394.

151 890 1994 53 © Aug. 10, 1930; 1c. Sept. 8; 1c. Oct. 18; aff. Jan. 3, 1931; A 32956;
217 951 51 42 L.
296 953 54 40 G.
375 951 200 48 Jordan,
602 950 267 41 Nashville.
939 948 250 50 (31-3788)

151 1060 320 70 [Jouvenel,
500 1063 169 51 Mme.
703 1059 290 55 Gabrielle
1025 1059 282 54 Claudine
1345 1059 290 65 (Colette)
1672 1060 71 52 de]

280 1136 1867 71 … The gentle libertine, translated from the French by
151 1218 68 52 R.
250 1216 62 55 C.
342 1218 67 52 B.
485 1216 139 53 New
654 1215 180 68 York,
862 1216 216 52 Farrar
1107 1216 47 51 &
1180 1214 303 69 Rinehart,
1510 1215 129 68 inc.,
1671 1218 152 51 1931.

216 1297 536 51 3 p. l. , 3-274 p. 20 ᶜᵐ.
217 1369 231 41 Author’s
476 1370 179 48 pseud.,
686 1368 199 49 Colette,
914 1373 53 37 at
996 1368 125 41 head
1147 1368 54 42 of
1228 1367 126 43 title.

152 1438 51 51 ©
232 1442 109 39 Jan.
369 1440 70 50 22,
467 1439 140 49 1931;
637 1441 68 40 2c.
733 1441 110 40 Jan.
870 1441 83 47 24;
984 1451 83 30 aff.
1095 1440 110 41 Jan.
1232 1439 84 49 23;
1345 1441 43 38 A
1414 1439 171 49 33649;
1618 1441 185 40 Farrar
1831 1441 37 40 &
1895 1440 255 49 Rinehart,

218 1499 92 40 inc.
382 1498 253 49 (31-3864)

149 1607 354 66 Karsavina,
534 1608 272 54 Tamara.

215 1685 247 54 Theatre
506 1689 200 64 street;
759 1685 97 54 the
903 1685 427 55 reminiscences
1378 1685 65 54 of
1493 1686 248 53 Tamara
1790 1684 359 71 Karsavina;

151 1763 2000 74 with a foreword by J. M. Barrie … New York, E. P. Dutton
146 1844 45 51 &
219 1859 97 51 co.,
346 1840 109 55 inc.
492 1873 194 36 [ᶜ1931]

285 1956 10 18 xv,
321 1925 85 40 341
432 1935 45 38 p.
536 1923 164 49 front.,
727 1925 173 48 plates,
927 1927 150 45 ports.
1136 1924 57 39 21½ᶜᵐ.

219 1996 164 41 “First
409 1995 228 41 edition.”

154 2064 1999 54 © Jan. 13, 1931; 2c. and aff. Jan. 15; A 34129; E. P. Dutton & co., inc.
230 2123 251 51 (31-3593)

151 2219 409 65 Kaye-Smith,
591 2218 218 56 Sheila.

219 2299 122 51 The
383 2297 211 53 mirror
637 2296 64 53 of
744 2298 96 51 the
883 2298 245 66 months,
1172 2298 74 68 by
1295 2297 195 57 Sheila
1533 2299 401 69 Kaye-Smith.
2011 2302 139 53 New

154 2376 160 53 York
340 2376 113 52 and
481 2376 258 67 London,
765 2375 234 67 Harper
1026 2377 51 50 &
1106 2375 278 71 brothers,
1415 2380 149 50 1931.

220 2455 444 50 4 p. l. , 68 p. 19½ᶜᵐ.
157 2524 1998 55 © Jan. 21, 1931; 2c. Jan. 22; aff. Jan. 23; A 33291; Sheila Kaye-Smith
226 2585 110 49 Fry,
362 2585 272 49 Northiam,
664 2585 192 48 Sussex,
883 2586 236 47 England.
1190 2585 252 49 (31-3673)

152 2679 188 64 Kelly,
370 2683 138 51 Mrs.
539 2678 252 55 Eleanor
827 2679 319 66 (Mercein)
1185 2686 173 49 1880-

219 2757 197 67 Nacio,
455 2756 89 54 his
584 2756 215 69 affairs,
838 2757 73 69 by
953 2757 249 53 Eleanor
1243 2758 252 53 Mercein
1548 2759 166 69 (Mrs.
1756 2760 204 70 Kelly)
2011 2761 141 53 with

151 2833 2002 75 drawings by Amy Hogeboom … New York and London,
150 2911 233 68 Harper
409 2914 47 50 &
482 2911 278 69 brothers,
792 2915 151 50 1931.

220 2991 1120 51 6 p. 3-329 p. front., illus., plates. 20 ᶜᵐ.
223 3062 163 41 “First
414 3062 230 41 edition.”

159 3129 1997 58 © Feb. 5, 1931; 2c. Feb. 5; aff. Feb. 7; A 34203; E. M. Kelly, Louisville.
235 3190 252 51 (31-3504)

158 3286 213 63 Krack,
399 3286 161 65 Otto,
590 3292 172 50 1865-

221 3360 227 68 Kampf
471 3380 124 33 ums
621 3361 159 70 alter,
805 3380 197 35 roman
1027 3380 111 35 von
1164 3364 139 53 Otto
1329 3366 211 53 Krack.
1604 3370 44 49 1.
1677 3366 85 53 bis
1789 3370 81 50 10.
1898 3368 255 53 tausend.

155 3437 1103 74 Berlin, A. Scherl g. m. b. h. [ ᶜ1 930]
222 3521 393 52 195, [1] p. 18 ᶜᵐ.
161 3589 1993 60 © May 30, 1930; 1c. Sept. 24; A— Foreign 10180; August Scherl g. m.
227 3651 42 40 b.
297 3651 45 40 h.
415 3650 250 49 (31-4839)

158 3744 249 65 Leimer,
436 3747 164 64 Karl,
633 3753 170 49 1858-

223 3821 302 56 Modernes
583 3821 364 72 klavierspiel
1007 3826 145 52 nach
1206 3826 575 71 Leimer-Gieseking,
1840 3847 110 35 von
2008 3830 148 51 Karl

157 3897 2000 78 Leimer … Mit einem vorwort von Walter Gieseking. Mit
