2505 4370
1071 4009 99 47 999

86 399 227 65 Jillson,
342 397 242 56 Willard
612 398 215 61 Rouse,
857 399 171 50 1890-

151 475 180 68 Early
380 472 304 67 Kentucky
734 470 311 65 literature,
1098 467 328 67 1750-1840,
1473 464 76 72 by
1598 462 250 54 Willard
1896 461 184 51 Rouse

83 539 1937 73 Jillson … fourteen facsimile title page reproductions …
84 628 336 67 Frankfort,
446 627 132 67 Ky.,
606 625 123 53 The
755 623 304 71 Kentucky
1086 627 145 51 state
1260 620 294 54 historical
1583 619 225 68 society,
1837 620 150 50 1931.

154 725 84 39 104
265 735 43 37 p.
337 724 109 41 incl.
472 723 161 48 front.,
662 723 142 46 illus.,
833 720 213 41 facsims.
1106 718 145 42 23½ᶜᵐ.

156 792 161 43 “First
355 792 196 43 edition.
610 792 86 41 250
732 790 200 49 copies.”

160 850 218 40 “Annual
408 849 172 42 dinner
607 850 202 39 address
836 848 243 40 delivered
1109 846 166 40 before
1305 846 83 40 the
1416 842 358 48 Mississippian
1806 843 156 47 valley
87 840 1984 108 historical

296 904 292 43 association
628 907 52 38 at
716 904 84 41 the
839 902 284 49 University
1160 902 53 41 of
1253 902 254 46 Kentucky
1547 902 94 39 and
1679 900 255 40 broadcast
1975 908 113 31 over

88 963 200 48 WHAS,
318 962 284 46 Lexington,
633 961 267 46 Kentucky,
933 959 138 48 April
1100 959 70 45 30,
1202 957 159 41 1931.”

161 1018 373 48 “Bibliography
566 1017 53 41 of
646 1018 134 48 early
813 1017 255 47 Kentucky
1098 1014 257 43 literature
1396 1012 375 51 (1750-1840)”;
1807 1023 41 38 p.
1897 1010 188 51 [69]-95;

89 1074 293 41 “Reference
403 1073 333 49 bibliography
762 1074 163 47 ‘Early
950 1072 253 48 Kentucky
1229 1070 268 41 literature’
1534 1069 345 50 (1750-1840)”
1900 1080 7 29 :
1936 1079 41 38 p.
85 1070 2005 103 97-99.

100 1200 51 52 ©
184 1204 114 47 Apr.
330 1203 69 47 30,
435 1200 111 41 1931;
610 1200 67 40 2c.
711 1201 95 38 and
836 1198 85 41 aff.
956 1200 126 39 June
1114 1199 25 39 1;
1204 1198 42 39 A
1278 1196 143 42 37595;
1486 1198 71 40 W.
1592 1198 56 40 R.
1684 1196 189 48 Jillson,
169 1196 1905 112 Frankfort,
321 1260 90 47 Ky.
484 1257 278 48 (31-16368)]

96 1353 197 65 Jones,
328 1352 251 55 Chester
610 1350 205 64 Lloyd,
849 1354 171 51 1881-

167 1429 320 56 Caribbean
534 1427 398 69 backgrounds
981 1426 109 52 and
1141 1430 310 64 prospects,
1497 1426 76 70 by
1623 1426 233 54 Chester
1905 1424 181 69 Lloyd

94 1504 1998 69 Jones … New York, London, D. Appleton and company,
98 1588 151 52 1931.

167 1662 1240 54 viii p., 1 l., 354 p. fold. front. (map) 22½ ᶜᵐ .
170 1737 69 39 “A
272 1737 147 47 study
451 1736 52 40 of
534 1735 83 40 the
648 1734 241 41 economic
923 1735 96 39 and
1053 1733 149 41 social
1235 1733 426 41 factors.”—Pref.

168 1793 350 48 Bibliography
535 1803 10 29 :
581 1803 44 37 p.
660 1792 216 40 327-347.

105 1860 53 52 ©
185 1865 127 39 June
337 1862 68 49 19,
435 1862 113 41 1931;
604 1863 65 39 2c.
699 1864 95 38 and
823 1862 82 41 aff.
934 1863 129 39 June
1087 1861 55 39 22;
1200 1861 44 39 A
1268 1862 145 40 40041;
1472 1861 58 42 D.
1558 1861 241 49 Appleton
1828 1861 37 40 &
1893 1871 66 31 co.

184 1921 280 49 (31-16555)

102 2013 272 66 Judkins,
404 2014 207 64 Henry
641 2014 230 63 Forest,
903 2018 171 49 1890-

171 2091 122 53 The
326 2090 311 69 principles
675 2089 64 53 of
773 2089 297 69 dairying;
1110 2087 215 72 testing
1361 2091 114 52 and
1509 2090 446 63 manufactures,
1989 2090 75 70 by

101 2167 1996 71 Henry F. Judkins … 2d ed., rev. by Richard W. Smith, jr.
165 2245 1935 69 … New York, J. Wiley & sons, inc.; London, Chapman &
103 2323 159 68 Hall,
293 2322 241 71 limited,
568 2326 149 50 1931.

175 2404 115 48 xvii,
318 2405 86 40 322
433 2415 42 37 p.
504 2404 109 41 incl.
640 2404 164 48 front.,
834 2403 142 49 illus.,
1006 2404 178 48 diagrs.
1256 2403 299 49 (Half-title:
1583 2405 102 39 The
1711 2405 157 47 Wiley
107 2404 1977 98 agricultural
268 2461 175 47 series)
568 2459 129 50 $3.00

179 2531 347 41 “References”
555 2533 52 38 at
634 2533 91 38 end
754 2531 52 41 of
832 2532 118 39 each
978 2532 215 47 chapter.

115 2598 51 53 ©
200 2603 126 41 June
357 2603 70 48 17,
462 2603 112 40 1931;
637 2603 67 40 2c.
739 2604 127 39 June
898 2602 55 41 20;
1016 2603 83 41 aff.
1134 2604 129 40 June
1295 2602 55 41 19;
1413 2604 41 39 A
1486 2603 148 42 38976;
1696 2605 60 41 H.
1792 2605 52 41 F.
1880 2603 226 42 Judkins.

181 2660 118 40 New
329 2660 144 47 York,
505 2660 37 40 &
572 2659 214 41 Richard
817 2660 72 41 W.
922 2659 171 48 Smith,
1124 2661 77 48 jr.,
1234 2660 307 49 Burlington,
1618 2663 32 38 Vt.

192 2716 280 49 (31-16438)

109 2808 239 67 Keown,
376 2809 224 55 Robert
629 2809 297 57 McArdle.

178 2886 1926 72 Mechanism [by] Robert McArdle Keown … revised by
110 2963 1998 69 Virgil Moring Faires … 3d ed. New York and London,
110 3039 430 55 McGraw-Hill
568 3040 148 54 book
744 3059 298 50 company,
1071 3041 128 68 inc.,
1231 3044 152 51 1931.

178 3119 1471 52 xiii, 242 p. incl. front., illus., diagrs. 23½ ᶜᵐ . $2.50
182 3188 247 42 “Selected
459 3189 299 41 references”;
819 3200 43 38 p.
894 3190 99 41 198.

122 3256 51 52 ©
199 3262 127 39 June
350 3261 69 47 17,
446 3259 112 41 1931;
614 3260 66 41 2c.
708 3261 125 40 June
860 3261 57 41 19;
970 3262 82 40 aff.
1079 3263 128 40 June
1231 3262 58 40 22;
1342 3263 42 39 A
1408 3263 148 40 40046;
1611 3264 351 40 McGraw-Hill
1990 3265 124 40 book

189 3328 81 37 co.,
301 3318 91 39 inc.
464 3316 279 51 (31-16251)

118 3408 265 67 Ketrick,
412 3411 147 53 Paul
587 3411 175 65 John,
793 3418 171 50 1906-

183 3486 123 54 The
345 3486 243 54 relation
626 3487 64 52 of
731 3487 280 70 Golagros
1052 3490 111 53 and
1206 3489 251 55 Gawane
1496 3494 58 49 to
1593 3491 96 53 the
1734 3490 115 54 Old
1890 3492 223 51 French

115 3562 1999 75 Perceval, by Paul J. Ketrick … Washington, D. C., Catholic
117 3639 314 72 university
460 3641 63 53 of
549 3641 281 70 America,
860 3645 150 52 1931.

188 3720 647 51 131, [1] p. diagr. 23 ᶜᵐ .
190 3789 171 42 Thesis
400 3790 15 49 (PH.
589 3792 307 47 D.)—Catholic
923 3793 272 49 university
1224 3795 52 40 of
1304 3794 236 48 America,
1573 3795 127 42 1931.

191 3846 128 41 Vita.

194 3902 242 42 “Parallel
463 3906 104 39 text
593 3905 288 40 summaries
907 3906 52 39 of
985 3908 81 38 the
1093 3906 204 40 stories”
1325 3918 58 28 on
1412 3907 218 48 opposite
1654 3918 146 37 pages
1837 3909 192 46 (34-51)
