2428 4370
1180 4038 137 51 1950

227 399 295 66 Fletcher,
553 398 151 64 Guy.

298 478 173 53 Anna
501 478 227 67 Farley.
812 477 364 67 [Instalment
1203 480 33 49 2]

311 554 1285 53 ( In Woman and home magazine, Nov., 1931)
235 626 2011 53 © 1c. Dec. 15, 1931; A ad int. 15922; pubd. Oct. 20; G. Fletcher. London.
229 755 211 66 Flynn,
467 754 204 54 Brian.

230 830 1992 148 The triple bite, by Brian Flynn … London, J. Long, limited [1931]
298 989 602 50 5 p. l., 15-288 p. 19ᶜᵐ.
237 1059 2013 53 © 1c. Nov. 21, 1931; A ad int. 15721; pubd. Sept. 25; B. Flynn, New
305 1122 233 47 Barking,
568 1122 167 46 Essex,
765 1122 238 46 England.
1074 1120 284 51 (31-34188)

234 1245 264 64 Forrest,
526 1243 167 66 Noel,
723 1246 197 69 pseud.

307 1320 1945 71 Brother fool, by Noel Forrest … London, Jarrolds, limited
237 1403 175 65 [1931]

302 1484 88 41 320
424 1495 42 38 p.
527 1482 147 43 19½ᶜᵐ.

238 1551 2014 53 © 1c. Nov. 21, 1931; A ad int. 15701; pubd. Sept. 25; Florence Watson
305 1613 97 39 and
435 1612 295 41 Gwendolen
762 1613 206 40 Hudson
1000 1612 172 50 Lewis,
1205 1612 198 50 Horley,
1440 1612 195 49 Surrey,
1670 1612 237 49 England.
316 1670 283 50 (31-34402)

235 1797 248 65 Gerard,
512 1797 235 54 Louise.

306 1873 182 54 Life’s
514 1875 234 68 parade,
771 1874 76 69 by
870 1874 210 54 Louise
1105 1874 241 56 Gerard.
1422 1874 141 54 New
1590 1874 183 69 York,
1799 1875 123 53 The
1948 1874 305 69 Macaulay

233 1969 283 51 company
554 1955 195 65 [ᶜ1931]

305 2037 86 39 314
425 2047 43 37 p.
530 2034 147 42 19½ᶜᵐ.

241 2103 51 52 ©
322 2108 118 40 Nov.
470 2107 69 48 12,
569 2105 142 49 1931;
742 2106 66 42 2c.
838 2108 120 41 Nov.
986 2106 84 48 28;
1104 2106 83 42 aff.
1218 2107 112 41 Dec.
1360 2107 53 47 3;
1446 2107 41 39 A
1516 2106 173 47 45272;
1723 2107 50 38 L.
1806 2106 203 49 Gerard,
2040 2107 213 40 London.

320 2163 281 50 (31-33898)

237 2273 207 65 Gould,
471 2276 139 52 Mrs.
642 2274 152 54 Cora
830 2273 260 67 (Smith)

309 2352 213 54 “Great
553 2358 145 48 trees
731 2353 152 52 from
914 2353 152 53 little
1097 2353 259 69 saplings
1388 2352 192 70 grow”;
1645 2372 32 34 a
1708 2351 390 71 genealogical
238 2371 1994 113 narrative

452 2431 278 69 touching
762 2432 96 52 the
890 2431 140 55 lives
1064 2432 65 52 of
1159 2432 99 52 the
1289 2432 202 53 Jellett
1524 2431 252 54 families
1809 2430 156 54 from
1993 2430 264 55 William

236 2509 220 66 Jellett,
508 2511 144 51 born
708 2513 134 49 1632
894 2511 114 52 and
1061 2509 326 55 Katharine
1438 2509 266 69 Morgan,
1759 2509 88 55 his
1899 2508 140 55 wife
2089 2510 167 53 down

238 2589 252 68 through
523 2588 96 52 the
650 2586 279 54 centuries
961 2592 59 48 to
1052 2588 97 52 the
1181 2592 229 63 present
1442 2606 113 51 era,
1589 2590 152 64 1931,
1775 2587 142 53 with
1948 2593 310 49 comments

239 2683 73 35 on
357 2665 97 53 the
498 2666 178 54 locale
724 2666 64 52 of
836 2666 209 68 family
1094 2664 301 71 activities,
1444 2665 227 54 ancient
1720 2668 114 51 and
1880 2666 255 69 modern,
2180 2666 78 69 by

240 2743 150 55 Cora
424 2743 190 56 Smith
649 2743 208 69 Gould,
891 2743 154 54 sixth
1079 2744 174 52 lineal
1286 2744 345 53 descendant
1665 2744 154 52 from
1849 2743 265 55 William
2144 2746 114 52 and

238 2821 341 54 Katharine.
655 2821 395 55 Illustrations
1108 2821 155 53 from
1318 2820 317 73 paintings,
1690 2822 310 70 drawings,
239 2823 1994 147 photographs
496 2902 113 52 and

651 2900 249 69 original
939 2902 347 51 documents.
1364 2900 139 53 New
1543 2900 181 68 York,
1764 2900 157 54 Priv.
1964 2901 177 69 print,
2182 2902 77 68 by

238 2979 255 52 Bartlett
528 2978 116 54 Orr
680 2996 173 51 press,
890 2981 150 50 1931.

315 3059 1609 50 2 p. l., ix-xvi. 337 p. front., plates, ports., facsims. 32ᶜᵐ.
245 3127 51 52 ©
325 3132 118 39 Nov.
471 3130 58 40 20,
570 3130 141 48 1931;
742 3129 65 41 2c.
837 3133 96 39 and
962 3129 82 42 aff.
1074 3130 113 41 Dec.
1216 3131 83 46 17;
1329 3130 45 39 A
1398 3131 173 47 45507;
1605 3130 49 43 C.
1687 3131 44 41 S.
1764 3132 171 48 Gould,
1964 3132 117 41 New
2111 3132 145 41 York.

238 3253 394 66 Harrington,
661 3254 146 53 Karl
834 3255 310 65 Pomeroy,
1175 3260 174 50 1861-
1562 3256 85 57 ed.

310 3331 351 69 Third-year
697 3333 204 64 Latin;
944 3332 200 56 Cicero
1181 3334 114 52 and
1332 3334 164 52 other
1533 3353 166 49 prose
1735 3334 240 70 writers,
2014 3336 238 54 selected

239 3410 114 53 and
381 3408 207 72 edited,
618 3408 140 55 with
788 3409 437 70 introductions,
1254 3410 380 70 explanatory
1660 3417 177 61 notes,
1856 3413 396 69 grammatical

239 3484 234 69 outline,
508 3485 272 54 exercises
814 3488 59 51 in
907 3505 165 51 prose
1107 3486 395 71 composition,
1536 3492 159 53 word
1728 3489 143 59 lists,
1906 3491 112 53 and
242 3491 1986 142 vocabulary,

456 3564 1736 70 by Karl P. Harrington … and Walter V. McDuffee …
243 3641 233 69 Boston,
513 3643 139 52 New
688 3643 164 52 York
911 3648 101 48 [etc.]
1072 3642 158 57 Ginn
1269 3645 112 52 and
1419 3662 282 52 company
1742 3649 193 64 [ᶜ1931]

313 3720 135 47 lxvii,
481 3720 99 51 560,
614 3722 87 41 140
733 3734 43 37 p.
836 3723 86 41 col.
955 3724 166 47 front.,
1153 3724 144 50 illus.,
1330 3736 139 38 maps
1496 3726 138 49 (part
1665 3726 200 48 double)
1933 3726 146 44 19½ᶜᵐ.

314 3791 347 49 “Suggestions
689 3794 80 41 for
800 3795 254 40 collateral
1084 3796 232 49 reading”:
1377 3808 42 38 p.
1448 3798 232 41 lxv-lxvi.

249 3858 51 52 ©
328 3862 128 48 Sept.
480 3863 55 40 22,
574 3864 106 41 1931;
742 3866 66 39 2c.
833 3867 118 40 Nov.
977 3866 54 41 16;
1086 3867 81 40 aff.
1193 3868 117 41 Nov.
1337 3869 56 39 14;
1447 3869 41 39 A
1510 3868 174 49 45010;
1712 3870 123 39 Karl
1861 3871 49 39 P.
1938 3870 319 48 Harrington,

318 3919 328 46 Middletown,
687 3922 146 41 Conn,
871 3925 96 39 and
1004 3924 189 41 Walter
1230 3926 53 41 Y.
1322 3925 269 50 McDuffee,
1631 3926 304 49 Springfield,
1977 3929 146 38 Mass.
2189 3924 68 53 [©

315 3986 106 31 new
448 3980 194 50 matter]
716 3979 281 52 (31-33983)
