2505 4370
1294 4047 105 51 218

339 384 734 65 Lorand, S á ndor, 1892-
470 460 1886 71 … The morbid personality; psycho-analytical studies in the
335 543 286 51 structure
670 538 67 55 of
784 540 294 53 character
1127 539 114 54 and
1293 539 371 71 personality.
1740 540 139 55 New
1929 539 183 71 York,
2160 541 73 54 A.
2283 541 72 55 A.

335 618 228 69 Knopf,
593 621 152 50 1931.

406 701 703 49 xxii, 181, v p., 1 l. 21½ ᶜᵐ .
409 758 381 49 Bibliography:
819 768 44 38 p.
889 757 218 42 176-181.

343 813 51 52 ©
425 817 111 40 Feb.
566 817 39 48 6,
634 815 113 42 1931;
806 815 68 42 2c.
902 816 96 39 and
1026 814 82 42 aff.
1138 815 112 41 Feb.
1279 813 27 41 9;
1364 815 41 39 A
1432 814 146 41 34415;
1639 814 44 43 S.
1713 816 209 49 Lorand,
1953 816 117 41 New
2100 817 145 42 York.

421 873 252 50 (31-5132)

342 968 339 66 Matthews,
711 969 175 63 Mary
916 968 346 65 Lockwood,
1297 972 172 51 1882-

405 1044 371 69 Elementary
814 1044 164 53 home
1016 1043 329 68 economics,
1385 1043 412 68 unit-problem
1836 1044 167 68 plan;
2047 1044 210 53 lessons
2295 1043 61 53 in

341 1121 161 54 foods
536 1121 113 53 and
682 1122 257 67 cookery,
975 1121 259 69 clothing
1269 1121 114 53 and
1417 1121 241 71 textiles,
1692 1121 207 72 family
1935 1121 421 70 relationships,

337 1199 329 70 recreation,
699 1200 96 52 the
827 1216 128 36 care
986 1199 112 52 and
1132 1205 399 63 management
1564 1199 63 54 of
1659 1200 95 53 the
1784 1200 190 67 house,
2005 1202 98 53 the
2134 1218 125 36 care
2293 1201 64 53 of

333 1276 277 71 children,
653 1277 165 54 home
859 1276 244 70 nursing
1144 1276 116 53 and
1303 1277 212 54 health.
1592 1278 72 53 2d
1710 1278 260 54 revision.
2048 1279 91 72 By
2185 1280 170 70 Mary

340 1355 2017 72 Lockwood Matthews … Boston, Little, Brown, and company,
334 1438 151 49 1931.

405 1516 1311 50 xv, 623 p. front., illus., col. pl., diagrs. 19½ ᶜᵐ .
407 1573 298 42 “Reference
737 1575 149 40 books
920 1574 79 41 for
1030 1574 252 41 teachers”:
1346 1584 44 39 p.
1425 1574 217 43 599-605.
1707 1576 349 42 “References”
2092 1580 52 39 at
2180 1579 91 40 end
2306 1579 51 40 of

334 1641 146 39 every
510 1632 109 41 unit
646 1631 88 42 but
761 1642 102 31 one.

342 1686 51 53 ©
427 1690 113 42 Feb.
570 1690 40 50 3,
642 1688 114 42 1931;
817 1689 69 42 2c.
918 1688 111 42 Feb.
1063 1689 53 39 11;
1180 1688 83 42 aff.
1297 1689 112 42 Feb.
1440 1689 56 40 25;
1558 1689 41 40 A
1629 1690 150 42 33749;
1837 1690 164 51 Little,
2035 1692 193 48 Brown,
2262 1693 95 41 and

414 1759 251 38 company.
737 1747 252 49 (31-5163)

336 1841 280 67 Milburn,
649 1843 248 64 George,
930 1847 173 51 1906-

407 1919 326 57 Oklahoma
760 1927 172 63 town,
958 1921 76 69 by
1062 1921 224 68 George
1315 1920 275 55 Milburn.
1667 1923 139 53 New
1839 1921 178 60 York,
2043 1924 312 67 Harcourt,

337 1999 845 69 Brace and company [ ᶜ193 1]
406 2080 442 50 x, 198 p. 19½ ᶜᵐ .
409 2138 150 41 Short
585 2137 192 42 stories.

412 2195 164 42 “First
610 2194 227 43 edition.”

343 2248 50 52 ©
430 2253 112 42 Jan.
575 2251 70 50 29,
680 2251 142 49 1931;
858 2252 68 42 2c.
962 2253 96 39 and
1094 2252 81 42 aff.
1212 2253 113 40 Feb.
1360 2253 82 47 18;
1480 2253 41 39 A
1555 2252 173 49 35230;
1768 2253 54 42 G.
1859 2253 231 50 Milburn,
2127 2255 230 48 Norman,

412 2310 106 41 Okl.
590 2309 281 50 (31-26538)

342 2389 230 69 [Miner,
606 2391 266 70 Charles]
912 2393 328 54 1780-1865.

411 2469 215 71 Essays
658 2469 154 54 from
841 2470 98 53 the
969 2469 139 54 desk
1136 2469 67 54 of
1231 2471 154 53 Poor
1416 2470 218 54 Robert
1664 2471 96 53 the
1794 2469 212 57 Scribe.
341 2470 1994 148 Containing
468 2550 212 52 lessons

706 2549 61 53 in
791 2567 284 49 manners,
1100 2549 231 68 morals,
1357 2550 115 53 and
1499 2549 274 54 domestic
1799 2567 289 52 economy.
340 2547 1995 149 Originally
555 2627 306 69 published

916 2628 61 52 in
1030 2627 97 54 the
1181 2626 266 56 Gleaner.
1522 2627 373 70 Doylestown:
1979 2628 245 54 Printed
2281 2627 72 71 by

341 2706 190 54 Asher
570 2706 208 54 Miner.
821 2706 373 70 July—1815.
1275 2706 158 68 [New
1477 2705 182 70 York,
1701 2706 123 54 The
1867 2706 280 70 Printing
2186 2705 174 55 house

342 2784 874 71 of W. E. Rudge, inc., ᶜ193 0]
409 2868 862 51 6 p. l. , [3]-137, [6] p., 1 l. 21 ᶜᵐ .
413 2926 116 41 “600
556 2926 163 49 copies
745 2926 52 39 of
826 2926 99 41 this
954 2927 124 40 book
1107 2936 127 31 were
1264 2927 140 39 made
1433 2928 54 39 at
1516 2926 82 41 the
1627 2925 220 50 printing
1875 2925 153 41 house
2057 2925 53 41 of
2141 2925 213 42 William

341 2985 175 39 Edwin
544 2984 183 49 Rudge,
758 2984 105 47 inc.,
894 2985 118 40 New
1042 2984 145 40 York.
1247 2984 103 39 The
1380 2986 126 46 type,
1537 2984 195 48 exactly
1763 2994 54 30 as
1849 2983 39 41 it
1918 2983 242 49 appeared
2195 2982 47 41 in
2278 2982 79 42 the

339 3041 210 49 original
580 3041 201 49 edition,
815 3042 41 40 is
889 3043 298 46 reproduced
1221 3041 62 48 by
1316 3041 98 41 line
1447 3040 280 49 engraving.
1789 3040 120 42 This
1942 3040 45 42 is
2018 3049 119 40 copy
2171 3038 129 44 139.”

411 3096 1722 51 “Copyright … by Wyoming historical and geological society.”
411 3156 192 49 Edited,
632 3156 120 41 with
779 3156 244 40 foreword
1053 3157 95 39 and
1176 3159 154 46 notes,
1359 3156 59 48 by
1449 3156 45 41 J.
1522 3155 52 42 P.
1603 3156 137 47 Boyd;
1798 3155 219 42 includes
2046 3155 114 40 four
2188 3164 168 39 essays

341 3217 84 37 not
453 3214 227 41 included
709 3214 49 39 in
788 3215 80 39 the
898 3214 327 49 Doylestown,
1256 3212 128 50 1815,
1415 3212 184 43 edition
1640 3213 68 50 (p.
1738 3211 231 49 121-137)

344 3268 51 52 ©
436 3272 112 41 Dec.
586 3271 69 48 23,
695 3270 140 43 1930;
876 3272 68 40 2c.
985 3272 111 40 Feb.
1135 3272 68 46 13,
1244 3270 142 47 1931;
1427 3270 83 41 aff.
1551 3271 123 41 Mar.
1711 3271 56 46 4;
1807 3270 42 40 A
1887 3270 173 47 33744;
2101 3269 258 48 Wyoming

410 3330 256 39 historical
700 3329 96 40 and
828 3329 265 47 geological
1126 3329 196 47 society,
1357 3328 374 48 Wilkes-Barre,
1767 3328 84 40 Pa.
1916 3322 68 55 [©
2018 3327 245 41 foreword
2298 3327 59 46 by

413 3387 171 40 Julian
613 3387 51 40 P.
695 3387 134 47 Boyd
859 3388 34 39 &
924 3387 139 39 other
1092 3397 105 29 new
1226 3386 229 40 material
1485 3386 61 48 by
1576 3384 208 43 Charles
1810 3384 172 50 Miner]

422 3443 252 49 (31-4548)

340 3524 1245 67 Morton, Henry Cano va V ollam, 1892-
409 3603 74 52 In
518 3603 197 54 search
750 3602 66 54 of
850 3603 256 69 Ireland,
1140 3602 76 71 by
1250 3602 78 54 H.
1367 3604 70 53 V.
1475 3602 253 68 Morton,
1764 3601 140 53 with
1941 3601 217 53 sixteen

341 3600 1988 149 illustrations and a map … London, Methuen & co. ltd. [1930]
410 3762 1311 50 xiii, 280 p. front., plates (part double) 19½ ᶜᵐ .
411 3822 141 47 Maps
580 3832 61 29 on
670 3821 366 48 lining-papers.

411 3877 380 50 Bibliography:
824 3888 43 38 p.
897 3877 130 41 ix-x.

346 3930 2009 53 © 1c. Jan. 23, 1931; A ad int. 14726; pubd. Dec. 4, 1930; H. V. Morton,
414 3995 213 39 London.
702 3993 251 49 (31-5783)
