2505 4370
1281 4029 100 51 652

326 385 251 65 Osborn,
609 386 208 64 Henry
848 382 297 67 Fairfield,
1178 386 172 55 1857-

396 461 183 69 Cope:
627 466 211 50 master
886 460 336 69 naturalist;
1275 462 96 52 the
1420 461 105 55 life
1576 461 112 52 and
1740 461 194 53 letters
1980 461 62 52 of
2091 460 250 53 Edward

322 539 255 56 Drinker
618 539 172 72 Cope,
829 540 141 55 with
1011 557 32 36 a
1083 539 409 72 bibliography
1533 539 63 54 of
1633 539 91 54 his
1763 538 263 71 writings
2066 538 278 55 classified

321 619 74 71 by
432 618 245 69 subject;
715 638 31 33 a
780 619 171 71 study
989 619 63 53 of
1085 619 97 53 the
1216 618 232 69 pioneer
1485 619 112 52 and
1635 617 345 54 foundation
2018 618 229 69 periods
2282 619 63 52 of

321 695 2001 136 vertebrate palaeontology in America, by Henry Fairfield Osborn … with
796 777 96 53 the
933 776 389 67 co-operation
1364 774 64 53 of
1467 773 185 54 Helen
1695 776 135 50 Ann
1871 776 257 55 Warren.
2209 776 132 52 And

322 853 268 54 citations
632 853 152 52 from
825 854 95 53 the
963 852 265 70 writings
1272 852 63 52 of
1381 851 221 71 George
1647 853 213 52 Brown
1906 852 212 71 Goode,
322 855 1998 129 Theodore
494 930 139 70 Gill,

672 931 261 54 Persifor
972 932 229 67 Frazer,
1239 931 205 69 Henry
1485 929 276 57 Fairfield
1803 930 243 69 Osborn,
2083 932 261 55 William

320 1009 324 68 Berryman
674 1010 178 70 Scott,
883 1009 261 56 William
1177 1010 166 68 King
1375 1008 277 71 Gregory,
1683 1010 258 54 William
1976 1010 187 55 Diller
320 1012 2001 130 Matthew.

558 1087 338 54 Illustrated
930 1087 141 54 with
1104 1087 309 70 drawings,
1447 1088 113 53 and
1597 1088 367 55 restorations
1996 1088 74 71 by
2109 1089 236 54 Charles

320 1165 66 55 R.
426 1166 230 69 Knight
689 1166 181 53 under
902 1166 95 52 the
1030 1164 279 55 direction
1345 1165 63 53 of
1442 1165 301 54 Professor
1779 1166 168 68 Cope.
2021 1167 324 68 Princeton,

320 1243 69 55 N.
420 1245 75 67 J.,
524 1243 308 56 Princeton
859 1243 318 72 university
1207 1261 186 51 press;
1424 1244 259 67 London,
1712 1246 74 53 H.
1817 1245 265 69 Milford,
2114 1246 228 53 Oxford

319 1323 319 71 university
669 1340 175 52 press,
876 1325 151 54 1931.

391 1405 1836 51 xvi, 740 p. front., illus., plates, ports., double map, facsims. 24 ᶜᵐ.
391 1464 143 49 Maps
568 1475 59 30 on
663 1462 363 50 lining-papers.

393 1520 352 49 Bibliography
788 1523 52 39 at
886 1522 91 39 end
1022 1520 53 41 of
1118 1520 202 48 chapter
1399 1533 9 36 I;
1457 1520 285 42 “Classified
1785 1522 340 50 bibliography
2168 1525 53 38 of
2263 1524 81 42 the

319 1576 242 51 principal
590 1588 178 39 papers
800 1578 52 40 of
880 1578 212 41 Edward
1123 1576 216 42 Drinker
1372 1577 140 49 Cope,
1544 1577 264 43 1859-1897”:
1900 1589 41 39 p.
1980 1579 251 52 [591]-740.

329 1633 2018 53 © Apr. 30, 1931; 2c. and aff. May 7; A 37173; H. F. Osborn, New York.
407 1695 284 50 (31-11875)

322 1779 212 63 Pauer,
565 1776 200 57 Louis.

390 1852 1952 72 Hired and fired, by Louis Pauer … Boston, The Christopher
319 1932 772 72 publishing house [ᶜ1931 ]
391 2011 552 53 1 p. l., [7]-65 p. 20½ ᶜᵐ.
392 2070 329 51 Experiences
748 2070 52 40 in
828 2070 83 41 the
936 2079 169 32 career
1133 2068 53 42 of
1212 2080 28 30 a
1269 2069 83 48 job
1379 2069 193 41 hunter,
1629 2070 61 49 cf.
1720 2081 42 37 p.
1807 2071 41 48 [7]

327 2129 53 53 ©
411 2134 124 41 Mar.
564 2131 39 49 9,
633 2129 114 43 1931;
805 2131 69 41 2c.
904 2131 95 39 and
1029 2129 83 41 aff.
1143 2131 124 39 Mar.
1296 2130 56 38 21;
1412 2130 42 38 A
1481 2129 146 41 35353;
1690 2129 320 49 Christopher
2038 2131 110 48 pub.
2180 2130 165 42 house.

406 2189 284 51 (31-11501)

320 2258 208 64 Perry,
559 2256 237 55 Arthur
827 2253 173 67 Cecil,
1027 2256 74 70 jr.

391 2336 311 54 American
732 2335 238 68 history.
1047 2336 73 52 2d
1149 2333 151 54 book
1339 2333 163 72 (1783
1534 2339 57 48 to
1620 2333 97 53 the
1744 2339 229 63 present
2003 2333 166 70 time)
2254 2334 91 69 By

322 2409 2022 75 Arthur C. Perry, jr. … and Gertrude A. Price … Rev. and
321 2496 109 53 enl.
506 2495 139 52 New
697 2493 180 69 York,
929 2490 332 57 Cincinnati
1317 2523 12 35 [
1335 2496 100 47 etc.
1443 2523 13 35 3
1509 2489 310 54 American
1867 2489 151 54 book
2063 2506 282 52 company
437 2577 66 49 [ᶜ1931]

395 2655 62 48 vi,
486 2652 86 43 339
600 2665 43 37 p.
704 2654 86 39 col.
819 2653 166 48 front.,
1014 2651 144 48 illus.,
1187 2652 87 40 col.
1305 2650 172 50 plates,
1507 2660 152 38 maps.
1720 2649 58 41 18½ᶜᵐ.

327 2706 2013 55 © May 23, 1931; 2c. and aff. May 26; A 37538; A. C. Perry, jr. and
396 2769 243 41 Gertrude
670 2769 55 39 A.
759 2767 151 48 Price,
946 2766 263 48 Brooklyn.
1275 2761 69 54 [©
1379 2765 226 49 changes]

320 2836 194 67 Piper,
547 2836 306 56 Warrene.

388 2914 124 53 The
544 2932 105 34 sun
684 2912 60 53 in
776 2911 91 54 his
902 2930 127 35 own
1064 2910 191 70 house,
1288 2910 76 71 by
1399 2909 276 55 Warrene
1708 2908 191 69 Piper.
1974 2907 215 54 Boston
2226 2905 110 55 and

318 2992 138 56 New
488 2991 179 70 York,
694 2989 320 70 Houghton
1042 2986 204 55 Mifflin
1278 3004 297 52 company,
1605 2989 152 51 1931.

389 3069 724 52 6 p. l., 3-380, [1] p. 20 ᶜᵐ .
327 3129 52 53 ©
414 3134 115 47 May
561 3132 70 48 15,
665 3130 142 48 1931;
843 3130 66 41 2c.
945 3131 95 39 and
1075 3129 83 42 aff.
1193 3130 113 46 May
1341 3127 81 41 18:
1460 3126 40 40 A
1534 3126 172 48 37362;
1744 3126 72 41 W.
1852 3125 158 49 Piper,
2045 3125 118 40 New
2197 3122 143 42 York.

409 3188 284 52 (31-26893)

322 3257 229 64 Quinel,
585 3256 264 64 Charles,
883 3259 172 51 1868-

319 3325 1997 157 … Les deux croquemitaines, par Ch. Quinel et A. de Montgon.
532 3410 722 69 [Paris] Hachette [ 1930]]
390 3487 1714 57 224 p. incl. front., illus. 19½ ᶜᵐ. (Collection du petit monde)
326 3550 52 53 ©
411 3556 114 39 May
554 3553 69 48 28,
654 3551 141 48 1930;
828 3552 66 41 1c.
929 3551 128 48 Sept.
1088 3548 83 47 26;
1204 3547 312 48 A—Foreign
1548 3546 141 48 9111;
1724 3544 243 41 Librairie
1998 3544 258 41 Hachette.

405 3610 281 49 (31-10568)

322 3677 286 65 Reichelt,
639 3675 272 55 Melanie.

387 3753 140 52 Two
560 3751 263 53 hundred
859 3750 225 53 famous
1117 3749 279 54 Viennese
1427 3747 232 68 recipes,
1691 3743 239 56 selected
1962 3743 73 68 by
2070 3742 268 53 Madame

318 3830 247 53 Melanie
604 3829 287 67 Reichelt;
933 3826 283 54 foreword
1254 3826 76 68 by
1371 3824 141 55 Miss
1553 3823 277 68 Marjorie
1870 3821 175 54 Mills.
2123 3819 211 52 Boston

344 3908 145 55 [Wm.
528 3908 241 52 Filene’s
801 3925 128 36 sons
961 3921 279 52 company]
1302 3906 149 51 1931.
