2428 4370
1288 4070 135 50 1636

427 487 974 50 296 p. front., plates, ports. 21½ ᶜᵐ .
430 545 166 42 “First
625 544 230 43 edition.”

362 600 51 52 ©
444 604 103 41 Oct.
575 604 41 49 5,
644 604 113 41 1931;
815 604 68 41 2c.
914 604 101 41 Oct.
1045 606 26 39 7;
1130 605 72 40 aff
1205 637 8 9 .
1243 605 101 41 Oct.
1375 604 29 41 9;
1460 606 41 39 A
1528 605 150 41 42949;
1733 607 370 41 Bobbs-Merrill
2135 618 67 31 co.

440 660 282 49 (31-30240)

360 754 914 67 R ø lvaag, Ole Edvart, 1876-
435 834 1930 72 Their fathers’ God, a novel by O. E. Rölvaag … translated
366 914 152 52 from
561 913 96 54 the
701 914 347 69 Norwegian
1090 916 77 69 by
1209 914 232 68 Trygve
1485 914 79 52 M.
1610 915 174 69 Ager.
1868 915 137 54 New
2052 916 162 52 York
2258 920 108 51 and

360 992 259 66 London,
648 992 235 69 Harper
911 993 52 51 &
990 992 281 70 brothers,
1301 996 152 50 1931.

426 1072 610 49 vi p., 2 l., 338 p. 20 ᶜᵐ .
428 1128 165 42 “First
623 1127 225 43 edition.”

360 1183 51 52 ©
440 1186 103 42 Oct.
569 1187 69 47 15,
665 1185 113 42 1931;
833 1187 67 40 2c.
929 1186 102 41 Oct.
1058 1186 55 40 15;
1170 1185 82 42 aff.
1281 1185 102 41 Oct.
1412 1187 56 39 17;
1523 1187 43 39 A
1590 1187 145 41 43323;
1793 1188 194 47 Harper
2013 1188 38 40 &
2077 1189 126 40 bros.

438 1243 282 49 (31-29967)

357 1338 248 65 Rogers,
637 1339 205 54 James
873 1339 263 63 Harvey,
1172 1344 172 49 1886-

430 1418 1943 70 America weighs her gold, by James Harvey Rogers … with
359 1498 97 53 the
492 1498 307 53 assistance
833 1497 64 53 of
929 1497 90 54 his
1052 1497 277 68 students,
1364 1496 205 70 Henry
1603 1497 78 52 H.
1721 1496 303 54 Edmiston
2061 1499 111 52 and
361 1499 1989 131 Florence

528 1576 191 53 Helm.
793 1576 139 52 New
969 1575 226 66 Haven,
1235 1574 146 52 Yale
1418 1575 320 70 university
1774 1594 185 50 press;
2000 1576 259 67 London,
2297 1577 74 52 H.

359 1654 268 67 Milford,
659 1652 232 56 Oxford
921 1653 320 70 university
1271 1671 176 52 press,
1480 1656 151 51 1931.

425 1733 906 49 xiii, 245 p. front., diagrs. 21 ᶜᵐ .
360 1789 52 53 ©
440 1794 102 40 Oct.
569 1794 39 47 5,
636 1793 113 40 1931;
806 1792 67 41 2c.
902 1792 104 42 Oct.
1033 1793 57 39 17;
1145 1791 84 43 aff.
1257 1791 102 41 Oct.
1388 1793 55 38 15;
1500 1792 41 39 A
1566 1792 146 41 44267;
1771 1794 119 39 Yale
1917 1793 273 48 university
2217 1805 149 37 press.

440 1850 282 49 (31-30231)

358 1945 146 65 Roll,
538 1946 264 60 Charles,
837 1951 172 49 1883-

429 2026 268 69 Indiana,
730 2044 103 35 one
864 2026 265 53 hundred
1161 2026 113 53 and
1305 2024 139 71 fifty
1474 2044 163 50 years
1672 2027 64 52 of
1767 2025 309 55 American
359 2027 1987 145 development,

563 2103 1776 71 by Charles Roll, A. M., assisted by an advisory council;
359 2181 2011 72 Indiana biography … by special staff of writers … Chicago
357 2261 114 53 and
505 2261 140 53 New
679 2259 181 69 York,
893 2259 122 53 The
1049 2257 185 55 Lewis
1269 2257 340 71 publishing
1642 2276 300 52 company,
1979 2263 150 49 1931.

428 2341 1736 50 5 v. front. (v. 2) illus., plates, ports., maps, facsims. 26½ᶜᵐ.
427 2402 130 40 Vols.
588 2400 86 41 3-5
707 2399 196 41 contain
935 2398 334 49 biographical
1303 2399 242 40 material.

359 2455 51 52 ©
442 2458 103 42 Oct.
574 2457 68 48 12,
671 2456 113 42 1931;
841 2458 66 38 2c.
938 2457 121 40 each
1088 2456 104 42 Oct.
1221 2455 55 40 12;
1336 2455 83 42 aff.
1450 2456 104 42 Oct.
1583 2457 60 40 16;
1697 2457 42 39 A
1767 2456 147 40 44222;
1973 2457 157 41 Lewis
2159 2458 109 47 pub.
2301 2469 66 29 co.

435 2514 283 50 (31-29914)

356 2610 378 64 Rosenholtz,
770 2610 221 64 Joseph
1029 2610 179 64 Leon,
1249 2615 172 50 1899-

427 2688 206 54 Tables
669 2688 113 53 and
818 2688 192 53 charts
1047 2686 64 54 of
1146 2686 226 70 specific
1407 2687 234 70 gravity
1678 2689 112 51 and
1829 2688 274 54 hardness
2142 2688 94 53 for
2274 2705 92 35 use

358 2767 55 53 in
441 2767 96 53 the
564 2766 444 54 determination
1033 2766 64 53 of
1123 2766 289 55 minerals,
1440 2766 74 69 by
1540 2766 218 69 Joseph
1786 2767 62 52 L.
1880 2766 345 54 Rosenholtz
2254 2767 111 53 and

355 2844 1303 71 Dudley T. Smith … Troy, N. Y., 1931.
430 2927 1935 50 83 p. incl. tables, diagrs. 22 ᶜᵐ . (On cover: Rensselaer polytechnic
356 2986 240 41 institute.
659 2986 327 48 Engineering
1016 2986 97 40 and
1145 2985 185 42 science
1362 2986 151 41 series.
1587 2997 77 32 no.
1695 2987 81 47 34)

427 3044 40 39 A
495 3045 133 39 clear
655 3043 351 49 straight-edge
1035 3044 49 39 in
1114 3043 173 49 pocket
1315 3053 62 30 on
1407 3043 158 41 inside
1594 3044 122 40 back
1746 3054 153 31 cover.

427 3100 349 49 Bibliography
808 3101 226 40 included
1064 3101 50 39 in
1145 3100 348 43 introduction.

356 3154 51 52 ©
440 3159 118 46 Aug.
592 3158 70 47 31,
695 3157 141 48 1931;
870 3157 68 42 2c.
974 3158 129 47 Sept.
1136 3159 52 46 1;
1224 3157 82 42 aff.
1343 3157 129 49 Sept.
1504 3158 83 47 25;
1622 3158 42 39 A
1695 3159 173 41 42731;
1905 3159 43 40 J.
1983 3159 49 38 L.
2067 3158 295 41 Rosenholtz

424 3217 97 39 and
545 3216 191 48 Dudley
760 3216 51 39 T.
840 3215 172 49 Smith,
1038 3216 142 48 Troy,
1205 3216 56 39 N.
1287 3216 55 40 Y.
1413 3214 282 51 (31-29971)

353 3297 171 64 Salls,
558 3298 186 52 Helen
779 3297 264 56 Harriet.

353 3373 1987 148 Pensive citadels, by Helen Harriet Salls … Emory University,
515 3451 806 70 Ga., Banner press [ ᶜ19 31]
422 3536 56 39 41
510 3546 42 38 p.
614 3534 147 42 20½ᶜᵐ.
823 3535 163 50 [Verse
1018 3536 131 41 craft
1180 3535 167 51 series]

426 3593 185 42 Poems.

355 3645 51 52 ©
435 3649 102 41 Oct.
564 3650 38 46 8,
630 3648 113 42 1931;
798 3650 68 41 2c.
893 3651 96 39 and
1016 3650 83 41 aff.
1128 3650 102 41 Oct.
1259 3650 55 40 15;
1370 3650 42 39 A
1437 3649 145 42 43291;
1640 3650 261 41 Lawrence
1929 3651 70 39 W.
2029 3650 123 48 Neff,
2182 3652 178 46 Emory

424 3706 296 49 University,
751 3707 83 40 Ga.
907 3706 281 49 (31-29925)

354 3785 236 65 Salvan,
623 3789 256 64 Jacques
910 3789 179 64 León,
1125 3794 171 50 1898-
1509 3792 84 53 ed.

355 3865 1978 147 … Premières lectures littéraires, an elementary French anthology,
636 3943 1724 72 by J. L. Salvan … and E. F. Parker … illustrated by
