2505 4370
1051 3986 98 52 191

162 435 1810 56 289 p. incl. front. (port.) mounted col. plates, coats of arms. 25 ᶜᵐ.
162 501 156 40 Ruled
346 510 146 38 pages
529 498 109 49 (100
665 500 52 38 at
743 497 115 47 end)

99 568 51 53 ©
179 574 111 39 Dec.
318 569 69 50 24,
416 569 118 42 1930;
587 568 67 42 2c.
684 569 109 41 Jan.
822 567 40 49 5,
891 566 140 48 1931;
1063 565 81 42 aff.
1173 566 111 41 Jan.
1313 565 82 47 26;
1428 564 42 41 A
1497 563 170 48 33340;
1701 563 51 40 F.
1784 562 53 42 A.
1870 562 222 48 Sondley,

164 629 259 46 Asheville,
458 627 56 41 N.
591 659 7 7 C.
669 625 251 50 (31-4628)

94 737 227 63 Stuart,
350 736 141 53 Milo
518 736 92 64 H.,
643 736 170 54 1871-

162 813 296 56 Guidance
484 819 58 48 at
569 812 158 54 work;
786 831 31 34 a
846 809 347 70 description
1222 807 65 55 of
1314 810 96 52 the
1437 810 137 67 plan
1602 807 64 54 of
1693 806 392 71 organization

93 893 112 53 and
237 889 350 71 integration
618 889 65 54 of
711 891 96 52 the
838 888 229 54 various
1096 887 279 70 guidance
1409 885 257 70 agencies
1698 884 64 55 of
1792 886 96 52 the

93 885 1972 215 Arsenal technical schools, Indianapolis, Indiana, by Milo H. Stuart … and De
599 1039 1485 73 Witt S. Morgan … 1st ed. New York and
92 1124 257 67 London,
383 1121 431 56 McGraw-Hill
849 1121 147 53 book
1030 1138 298 51 company,
1364 1119 126 69 inc.,
1526 1122 149 50 1931.

95 1198 1998 103 viii, 104 p. incl. illus., diagrs., forms. 20 ᶜᵐ. (Half-title: McGraw-Hill
227 1260 276 42 vocational
531 1258 348 50 monographs)
1004 1256 130 51 $1.25

101 1328 51 52 ©
183 1332 109 40 Jan.
321 1332 69 48 21,
421 1330 140 47 1931;
592 1330 68 41 2c.
692 1331 109 40 Jan.
830 1329 82 47 26;
945 1328 82 41 aff.
1059 1329 110 40 Jan.
1199 1327 82 43 29;
1316 1328 41 39 A
1385 1327 147 41 34047;
1590 1326 353 41 McGraw-Hill
1973 1327 123 39 book

170 1400 82 36 co.,
282 1389 89 40 inc.
444 1388 251 49 (31-4446)

95 1481 282 65 Sullivan,
406 1481 220 65 Joseph
656 1482 64 54 F.

163 1555 238 54 General
428 1556 192 67 ethics,
646 1575 30 34 a
701 1555 184 70 digest
908 1556 64 53 of
996 1556 236 53 lectures
1260 1556 91 52 for
1377 1554 255 53 students
1656 1554 63 52 of
1744 1553 156 69 Holy
1929 1553 166 55 Cross

92 1632 1997 70 college, by Rev. Joseph F. Sullivan, S. J. … [Worcester, Mass.]
92 1712 1016 71 Holy Cross college press [ ᶜ19 29]
162 1796 488 48 3 p. l., 236 p. 22 ᶜᵐ.
166 1851 332 47 “References,
536 1851 249 41 collateral
827 1851 255 48 reading”:
1123 1863 40 37 p.
1202 1852 217 41 227-236.

103 1918 51 52 ©
190 1922 125 48 Sept.
348 1922 68 47 30,
450 1921 140 48 1929;
625 1923 67 41 2c.
724 1924 96 39 and
852 1922 81 40 aff.
967 1923 109 40 Jan.
1110 1922 69 48 24,
1212 1922 141 47 1931;
1389 1922 42 39 A
1461 1922 172 47 34353;
1668 1922 230 40 Trustees
1933 1921 51 39 of
2018 1921 80 39 the

170 1981 177 47 college
379 1980 54 40 of
465 1980 81 40 the
579 1980 128 47 Holy
743 1980 156 48 Cross,
934 1981 285 46 Worcester,
1257 1981 147 39 Mass.
1475 1978 251 50 (13-4545)

96 2074 262 63 Tamayo
386 2090 40 47 y
453 2074 179 64 Baus,
663 2074 254 65 Manuel,
951 2078 326 51 1829-1898.

226 2150 1865 69 … La locura de amor, drama en cincos [!] actos, por Manuel
96 2228 253 67 Tamayo
381 2247 38 50 y
454 2229 172 67 Baus,
660 2229 190 53 edited
884 2229 138 53 with
1056 2228 408 70 introduction,
1498 2233 177 67 notes,
1710 2228 113 53 and
96 2227 1975 148 vocabulary

255 2305 1779 69 by Vera Helen Buck … and Anne von Bibra Sutton …
97 2383 1488 70 New York & London, The Century co. [ ᶜ19 31]
100 2466 1977 106 xxvii, 207 p. front. (port.) illus. (map) plates. 19½ ᶜᵐ. (The Century modern language series, K. McKenzie, ed.) $1.25
168 2580 376 48 Bibliography:
576 2591 43 37 p.
648 2579 282 41 xxv-xxvii.

106 2648 51 52 ©
183 2651 111 43 Feb.
319 2652 39 47 6,
384 2651 114 41 1931;
552 2651 67 40 2c.
645 2651 110 40 Feb.
781 2649 26 41 9;
862 2650 82 41 aff.
971 2650 111 41 Feb.
1107 2650 57 40 10;
1217 2651 43 39 A
1284 2650 143 41 34263;
1485 2651 215 49 Century
1726 2663 67 29 co.
1857 2647 68 55 [©
172 2653 1910 103 introduction,
412 2710 151 46 notes,
594 2707 296 48 vocabulary

920 2709 94 39 and
1046 2709 66 38 all
1143 2709 324 47 explanatory
1496 2710 194 48 matter]

183 2764 249 49 (31-4709)

99 2860 273 65 Titaÿna,
405 2862 193 68 pseud.

100 2936 1975 148 … Mademoiselle against the world … New York, H. Liveright [ᶜ1931]
169 3093 1048 52 viii, 9-320 p. front., plates, ports. 21 ᶜᵐ.
170 3151 64 42 At
261 3152 125 41 head
415 3152 54 41 of
495 3152 136 42 title:
660 3153 74 48 By
761 3151 240 50 Titaÿna;
1029 3152 275 42 translated
1334 3154 62 48 by
1427 3154 270 41 Madeleine
1729 3155 149 46 Boyd.

169 3208 316 42 Translation
513 3208 53 41 of
593 3208 248 48 “Bonjour
868 3209 48 40 la
947 3208 158 41 terre”
1136 3211 96 39 and
1262 3209 141 41 “Mon
1431 3212 113 39 tour
1571 3212 63 39 du
1662 3213 216 39 monde”.

108 3279 51 52 ©
190 3283 110 40 Feb.
330 3283 69 43 13,
432 3281 140 48 1931;
604 3282 68 41 2c.
704 3282 110 40 Feb.
846 3282 82 46 16;
962 3281 81 41 aff.
1076 3281 111 41 Feb.
1219 3282 59 40 17;
1337 3282 40 39 A
1408 3282 144 41 34387;
1613 3283 194 40 Horace
1838 3282 262 47 Liveright.

173 3339 90 41 inc.
334 3339 250 48 (31-4607)

102 3433 248 64 Troxell,
380 3434 246 54 Charles
654 3434 262 65 Francis,
946 3437 81 52 ed.

171 3511 403 68 Twenty-year
616 3510 223 68 history
883 3512 64 52 of
990 3511 335 55 Frankford
1369 3512 140 66 high
1554 3513 207 55 school,
104 3513 1968 143 Philadelphia,

301 3590 122 64 Pa.,
469 3586 250 57 directed
762 3589 76 68 by
883 3589 237 56 Charles
1164 3592 64 52 F.
1277 3590 249 64 Troxell,
1572 3589 382 69 publications
104 3591 1968 126 adviser.
345 3665 443 69 [Philadelphia]
827 3669 149 51 1931.

173 3744 1125 52 2 p. l., [7]-198 p. illus. (incl. ports.) 27½ ᶜᵐ.
175 3802 288 40 Illustrated
494 3802 363 49 lining-papers.

111 3866 51 52 ©
197 3870 109 42 Jan.
339 3871 70 48 20,
444 3871 140 47 1931;
620 3872 66 41 2c.
723 3875 93 38 and
854 3874 81 41 aff.
971 3874 109 41 Feb.
1118 3874 81 39 10:
1238 3874 40 39 A
1313 3874 170 48 34272;
1523 3875 49 41 C.
1609 3876 51 41 F.
1696 3876 209 47 Troxell,
176 3876 1906 100 Philadelphia.
455 3928 249 50 (31-4447)
