2428 4370
1062 4031 133 52 1463

175 515 1214 57 40 p. 1 mounted ill us. (incl. 2 port.) 24 ᶜᵐ .
181 594 71 40 On
280 602 138 31 cover
437 602 9 29 :
477 590 272 47 Genealogy
778 587 51 41 of
855 588 81 40 the
965 586 286 40 Henderson
1279 584 188 49 family.

110 661 51 52 ©
190 665 114 46 July
331 663 68 46 15,
427 661 115 40 1930;
595 659 67 41 2c.
691 659 93 39 and
813 658 81 41 aff.
921 658 119 46 Aug.
1070 656 68 47 27,
1167 654 112 41 1931;
1339 656 41 38 A
1405 654 144 41 42013;
1609 655 48 40 C.
1685 655 60 38 H.
1778 653 313 48 Stephenson,

176 719 334 48 Washington.
583 715 277 49 (31-24756)

107 812 304 64 Tendeloo,
442 809 277 54 Nicolaas
745 807 211 65 Philip,
989 812 170 50 1864-

178 887 242 56 Studien
459 886 138 53 über
636 887 91 53 die
766 885 340 67 entstehung
1146 884 119 52 und
1304 884 107 52 den
1451 881 228 54 verlauf
1719 884 100 51 der
105 884 1965 148 lungenkrankheiten,

539 960 1550 68 von dr. N. Ph. Tendeloo … 2., umgearb. und
107 1060 170 35 verm.
318 1041 128 53 aufl.;
517 1041 105 53 mit
662 1046 30 47 6
733 1039 399 68 abbildungen.
1207 1037 305 68 München,
1550 1039 55 53 J.
1644 1039 65 52 F.
1749 1040 346 66 Bergmann,

109 1123 149 50 1931.

211 1197 702 53 v, 219, [1] p. illus. 25½ ᶜᵐ .
183 1267 579 43 “Literaturverzeichnis”
808 1278 9 29 :
849 1278 45 37 p.
923 1265 219 42 205-209.

115 1336 1818 53 © Mar. 26, 1931; 1c. July 21; A—Foreign 13045; J. F. Bergmann.
193 1396 279 49 (31-24603)

112 1490 203 63 Terry,
342 1491 181 52 Dame
552 1488 183 65 Ellen,
768 1493 323 50 1848-1928.

180 1565 168 53 Ellen
374 1566 184 68 Terry
583 1564 113 53 and
721 1564 257 53 Bernard
1009 1562 172 56 Shaw;
1239 1582 31 34 a
1295 1564 494 69 correspondence,
1816 1565 190 53 edited
2029 1565 75 70 by

112 1643 375 69 Christopher
542 1641 83 56 St.
682 1641 155 54 John
920 1641 210 67 [pseud.]
1209 1642 139 52 New
1404 1641 180 68 York,
1639 1643 121 52 The
1816 1643 290 53 Fountain

115 1740 180 50 press;
323 1721 259 67 London,
610 1719 304 55 Constable
940 1723 46 51 &
1013 1737 97 51 co.,
1137 1720 95 68 lᵗᵈ.,
1261 1723 151 49 1931.

184 1805 64 47 xl,
276 1803 88 42 370
386 1815 59 37 p.,
469 1803 27 40 1
544 1835 9 9 l.
611 1803 118 40 26ᶜᵐ.

187 1871 1920 53 “Of this, the first edition … there have been printed … 3,000 copies
117 1927 1971 101 for sale, numbered from 1 to 3,000, and 50 copies for presentation, numbered from I to
581 1983 1477 53 L. Distribution in United States of America by G. P.
119 2042 247 42 Putnam’s
395 2041 154 41 sons.”
609 2040 120 41 This
753 2051 118 37 copy
896 2043 83 37 not
1006 2041 277 40 numbered.

125 2109 50 52 ©
207 2114 127 47 Sept.
361 2114 41 46 4,
431 2112 112 40 1931;
602 2111 67 41 2c.
699 2111 94 39 and
823 2110 81 40 aff.
938 2111 127 47 Sept.
1096 2110 55 40 10;
1209 2112 41 38 A
1277 2112 145 39 41552;
1484 2112 182 48 George
1697 2115 221 40 Bernard
1951 2116 158 48 Shaw,

191 2170 209 47 London,
433 2170 94 38 and
560 2168 227 46 Elbridge
818 2168 49 39 L.
900 2168 193 47 Adams,
1128 2168 117 39 New
1277 2169 143 39 York.
1491 2169 279 50 (31-24053)

128 2263 289 70 [Thomas,
459 2262 291 54 Gertrude
787 2262 120 68 Ida]
954 2267 171 49 1889-

193 2342 285 52 Phantom
507 2358 279 49 oarsman,
813 2342 113 52 and
956 2341 161 52 other
1146 2359 209 51 poems,
1384 2343 75 68 by
1488 2342 135 54 Gail
1648 2344 195 53 White
1896 2346 180 66 [pseud.]

124 2418 399 69 Minneapolis,
551 2419 66 51 F.
645 2419 64 51 T.
739 2419 230 67 Phelps,
996 2419 393 68 typographer
1418 2422 112 51 and
1558 2422 221 67 printer
1855 2427 131 49 [ᶜ1931]

229 2498 660 49 x p., 1 l., 44 p., 2 l. 16 ᶜᵐ .
195 2568 343 48 Autographed
567 2578 130 38 copy,
729 2568 192 48 signed:
955 2568 110 40 Gail
1095 2569 176 41 White.

201 2624 140 40 “Two
371 2624 219 40 hundred
622 2625 157 46 copies
811 2624 51 39 of
894 2625 97 40 this
1023 2625 109 40 first
1162 2626 181 40 edition
1376 2627 51 40 of
1459 2628 241 41 Phantom
1733 2640 227 30 oarsman
1993 2633 123 40 have

130 2681 1985 56 been printed … on Worthy hand and Arrow paper … This is copy no.
127 2736 80 40 for
234 2737 291 48 copyright.”

134 2801 51 53 ©
225 2807 121 40 Mar.
385 2805 68 50 27,
493 2805 140 50 1931;
673 2807 66 40 2c.
781 2808 94 39 and
913 2807 81 40 aff.
1034 2808 113 49 Apr.
1189 2809 81 48 15;
1312 2810 42 38 A
1393 2811 170 48 36747;
1609 2812 242 43 Gertrude
1889 2815 223 43 Thomas.

202 2863 321 47 Minneapolis.
605 2863 14 48 (CA
705 2865 170 40 31-757
896 2865 233 48 Unrev’d)

131 2954 226 65 Travis,
387 2956 114 52 Lee
532 2957 269 66 Edward,
832 2963 170 50 1896-

202 3028 214 70 Speech
443 3032 311 69 pathology;
810 3053 29 33 a
867 3035 264 67 dynamic
1156 3037 385 69 neurological
1568 3045 304 50 treatment
1900 3043 64 52 of

130 3062 1963 122 normal speech and speech deviations, by Lee Edward Travis …
133 3183 137 54 New
305 3185 178 54 York.
518 3188 257 69 London,
809 3190 70 51 D.
915 3190 290 67 Appleton
1246 3193 113 52 and
1395 3211 295 52 company,
1730 3201 149 49 1931.

202 3266 1164 52 xxxiv p., 1 l., 331 p. illus.. diagrs. 22½ ᶜᵐ .
205 3333 167 41 “Tests
405 3337 95 38 and
533 3335 328 49 publishers”:
897 3350 44 37 p.
973 3339 170 48 92-94;
1179 3341 401 49 bibliographical
1614 3346 276 42 foot-notes.

139 3400 52 51 ©
219 3405 127 47 Sept.
431 3436 7 15 18,
465 3404 106 42 1931;
631 3405 67 42 2c.
724 3410 94 38 and
844 3408 81 41 aff.
954 3410 128 47 Sept.
1107 3409 54 41 19;
1218 3412 41 38 A
1282 3413 148 40 41735;
1482 3415 55 38 D.
1567 3416 237 48 Appleton
1831 3424 36 39 &
1892 3431 51 29 co.

217 3460 278 48 (31-24601)

137 3552 186 64 Trow,
349 3553 254 54 William
632 3556 191 67 Clark,
853 3564 169 49 1894-

137 3628 1962 145 Educational psychology, by William Clark Trow … Boston,
282 3706 1627 86 New York [etc.] Houghton Mifflin company [ ᶜ1 931 ]
208 3789 1123 53 1 p. l., [V]-xv, 504 p. illus., diagrs. 21 ᶜᵐ .
210 3844 347 49 Bibliography
573 3856 10 29 :
612 3856 43 37 p.
686 3846 246 49 [471]-486.

146 3908 51 52 ©
229 3915 117 47 Aug.
379 3914 67 48 25,
478 3914 140 48 1931;
650 3914 69 43 2c.
754 3916 126 45 Sept.
911 3918 52 47 5;
997 3918 81 41 aff.
1114 3920 127 49 Sept.
1273 3924 54 42 4;
1361 3925 41 38 A
1432 3927 145 41 41460;
1639 3932 69 39 W.
1745 3932 47 41 C.
1827 3935 143 41 Trow
2015 3939 109 40 Ann

212 3970 166 41 Arbor.
450 3971 277 49 (31-24129)
