2505 4370
1106 4018 99 49 359

514 467 1414 51 CONTENTS. — Biographical note. Bibliography (p. 27-28).—An
166 469 1985 96 appreciation
327 525 63 48 by
414 523 54 41 G.
494 524 54 40 B.
577 521 409 43 Shaw.—Cosmic
1015 521 687 50 religion.—Pacifism.—The
1729 523 441 49 Jews.—Opinions

167 582 96 40 and
290 580 289 50 aphorisms.

173 651 52 53 ©
253 656 111 41 Feb.
391 654 70 48 25,
489 654 112 40 1931;
658 653 67 41 2c.
753 654 96 39 and
876 652 82 41 aff.
987 653 122 40 Mar.
1134 651 27 40 2;
1218 652 43 39 A
1286 650 146 43 34597;
1490 652 179 49 Covici,
1698 652 186 48 Friede,
1914 653 90 40 inc.

250 711 250 51 (31-6817)

168 819 321 64 Escholier,
519 818 327 64 Raymond.

299 892 1868 71 … Versailles; aquarelles de Claude Sibra, couverture de
165 974 274 65 François
477 974 68 53 de
581 972 298 54 Marliave.
955 972 184 63 Paris,
1180 969 263 54 Éditions
1480 969 220 69 Alpina
1743 974 171 65 [1930]

238 1052 1224 51 157 p., 1 l. incl. front. illus., col. plates. 25 ᶜᵐ.
240 1126 134 39 Each
413 1126 133 47 plate
587 1123 341 48 accompanied
969 1124 61 47 by
1069 1133 27 30 a
1137 1124 156 47 guard
1334 1124 137 39 sheet
1511 1122 118 41 with
1671 1123 291 48 descriptive
2004 1124 163 40 letter-

166 1192 149 37 press.

166 1248 1828 61 © Oct. 23, 1930; 1c. Dec. 12; A—Foreign 9831; Éditions Alpina.
247 1314 251 51 (31-6892)

165 1423 233 64 Fairlie,
433 1423 244 55 Gerard.

234 1502 174 53 Birds
441 1502 62 53 of
535 1520 154 50 prey.
766 1503 160 67 chap.
963 1505 64 50 10
1069 1501 376 69 (contd.)-12.

329 1578 973 53 (In Rochdale observer, Feb. 7, 1931)
169 1648 2000 52 © 1c. Apr. 6, 1931; A ad int. 14921; pubd. Feb. 7; Francis Gerard Luis
236 1709 197 50 Fairlie,
466 1711 211 40 London.

163 1820 121 53 The
319 1819 246 52 Federal
602 1826 271 62 reporter.
952 1820 218 55 Second
1205 1819 186 54 series.
1469 1817 169 55 Cases
1674 1820 214 68 argued
1926 1820 113 52 and
233 1819 1912 132 determined
541 1898 59 52 in

627 1900 95 51 the
751 1898 221 54 Circuit
997 1904 187 47 courts
1213 1898 64 52 of
1304 1898 234 67 appeals
1567 1898 112 52 and
1708 1897 245 53 District
1979 1901 189 49 courts

233 1976 63 52 of
334 1977 95 51 the
467 1976 216 53 United
724 1975 205 69 States,
967 1976 215 52 United
1226 1975 188 55 States
1453 1975 181 55 Court
1671 1975 63 52 of
1773 1980 244 48 customs
2055 1976 113 52 and

234 2059 200 62 patent
472 2054 251 68 appeals,
764 2053 179 54 Court
981 2054 63 52 of
1080 2054 197 53 claims
1315 2053 65 52 of
1416 2054 99 52 the
1549 2052 218 54 United
1808 2052 206 68 States,
2054 2054 113 52 and

234 2131 178 55 Court
458 2132 64 52 of
564 2133 234 67 appeals
843 2132 64 51 of
950 2132 95 52 the
1089 2131 246 54 District
1377 2131 64 52 of
1488 2131 318 69 Columbia,
1850 2131 138 52 with
230 2131 1936 131 key-number

501 2209 378 53 annotations,
956 2228 48 32 v.
1039 2212 68 49 44
1150 2208 127 69 (2d)
1355 2209 325 69 December,
1715 2210 453 68 1930-January,

233 2292 149 48 1931.
461 2287 82 54 St.
574 2287 165 68 Paul,
766 2287 160 53 West
954 2286 335 69 publishing
1317 2305 97 50 co.,
1444 2290 149 49 1931.

230 2367 866 53 xxi, 1078 p. front. (map) 26 ᶜᵐ.
165 2434 52 53 ©
250 2440 121 39 Mar.
404 2437 69 50 18,
505 2437 141 48 1931;
680 2438 66 40 2c.
778 2437 114 49 Apr.
925 2438 55 40 17;
1042 2437 82 41 aff.
1156 2437 115 49 Apr.
1304 2438 81 48 18;
1421 2438 41 39 A
1493 2437 173 49 36589;
1700 2438 136 41 West
1869 2438 108 49 pub.
2012 2449 67 29 co.

161 2560 242 66 Flower,
434 2561 225 54 Walter
688 2561 305 55 Newman.

229 2640 422 54 Achievement.

325 2715 1026 54 (In Story-teller magazine, Mar., 1931)
165 2786 1999 53 © 1c. Apr. 11, 1931; A ad int. 14937; pubd. Feb. 13; Newman Flower,
238 2847 287 50 Sevenoaks,
565 2848 142 47 Kent,
746 2848 236 48 England.

161 2956 228 65 Foster,
424 2956 226 64 George
682 2956 282 65 Burman,
999 2962 325 49 1858-1918.

229 3035 1934 70 Friedrich Nietzsche, by George Burman Foster … edited by
157 3109 1942 71 Curtis W. Reese … introduction by A. Eustace Haydon …
159 3191 137 53 New
330 3191 180 68 York,
540 3192 123 52 The
693 3191 333 53 Macmillan
1057 3208 297 52 company,
1389 3195 148 49 1931.

226 3267 570 49 xi p., 2 l., 250 p. 19½ ᶜᵐ.
165 3338 51 52 ©
250 3343 122 40 Mar.
403 3343 70 46 17,
506 3341 112 41 1931;
680 3342 67 42 2c.
780 3344 96 38 and
908 3342 82 40 aff.
1025 3344 121 41 Mar.
1179 3343 56 40 18;
1297 3343 41 39 A
1369 3341 145 42 34915;
1578 3342 281 41 Macmillan
1893 3353 68 31 co.

242 3398 252 50 (31-6808)

160 3506 280 64 Graham,
474 3508 197 52 Frank
700 3509 327 63 Dunstone,
1059 3514 171 49 1890-

155 3582 2002 148 Exchange, prices, and production in hyper-inflation: Germany, 1920-1923, by Frank D. Graham … Published for the
156 3735 417 53 International
611 3736 214 54 finance
861 3738 209 53 section
1108 3739 64 52 of
1206 3738 96 53 the
1337 3739 377 68 Department
1751 3738 63 53 of
1847 3739 310 54 economics

156 3813 111 52 and
295 3813 170 53 social
492 3813 353 55 institutions
871 3815 59 52 in
958 3814 306 54 Princeton
1292 3816 332 69 university,
1652 3817 235 53 Walker
154 3817 1979 126 foundation.
365 3889 322 71 Princeton,
723 3892 304 53 Princeton
1059 3892 317 73 university
1412 3912 172 52 press,
1622 3897 150 52 1930.
