2505 4370
1303 4044 70 56 76

375 465 1043 49 xxi, 507 p. incl. front. plates. 18½ᶜᵐ.
313 518 52 54 ©
399 523 112 41 Jan.
543 523 68 48 15,
645 521 114 41 1931;
822 521 67 42 2c.
923 523 110 39 Jan.
1068 522 59 40 15;
1186 521 83 41 aff.
1305 523 109 39 Jan.
1449 521 55 41 30;
1568 522 41 39 A
1641 521 145 41 32805;
1850 522 173 40 Albert
2054 521 39 41 &
2126 521 202 41 Charles

381 581 139 49 Boni,
551 581 92 41 inc.
708 576 69 55 [©
809 582 250 39 woodcuts]
1146 580 255 51 (31-1822)

312 663 224 64 Meyer,
567 663 224 53 Harold
823 662 300 67 Diedrich,
1158 668 174 51 1892-

442 739 1888 70 … The school club program; organization, administration,
308 817 2022 71 activities, by Harold D. Meyer … New York, A. S. Barnes
310 896 113 53 and
453 914 301 51 company,
781 896 424 70 incorporated,
1235 900 152 50 1931.

415 979 1881 49 x p., 1 l., 178 p. incl. forms. 19 ᶜᵐ . (The Extra curricular library)
384 1036 422 50 “Organizations,
850 1037 222 41 national
1114 1038 96 40 and
1253 1037 355 41 international
1651 1038 51 39 in
1743 1048 154 38 scope,
1940 1037 391 50 supplementing

312 1095 82 40 the
422 1094 248 41 activities
695 1094 52 41 of
772 1095 164 40 school
963 1094 117 41 life”:
1138 1106 43 38 p.
1208 1095 220 41 125-138.

384 1151 353 50 Bibliography:
798 1163 43 38 p.
874 1152 218 41 173-178.

316 1206 52 53 ©
398 1211 111 41 Jan.
538 1211 68 48 14,
636 1208 142 49 1931;
810 1210 67 41 2c.
906 1210 112 40 Jan.
1046 1210 82 45 14;
1161 1208 83 43 aff.
1275 1209 110 42 Jan.
1414 1208 83 49 22;
1529 1209 42 40 A
1598 1208 173 50 32952;
1803 1210 55 42 A.
1890 1210 45 41 S.
1965 1210 193 40 Barnes
2185 1215 36 40 &
2250 1221 82 37 co.,

383 1268 93 41 inc.
551 1266 283 50 (31-26388)

313 1347 211 67 Miller,
552 1348 259 55 William
839 1349 176 65 John,
1047 1354 173 51 1880-

381 1426 124 54 The
539 1431 159 64 story
733 1426 65 53 of
833 1445 104 35 our
973 1428 192 67 earth;
1202 1427 98 54 the
1336 1426 215 55 science
1585 1427 64 53 of
1684 1428 260 69 geology,
1977 1428 98 52 the
2110 1427 225 68 history

311 1506 65 51 of
406 1505 98 54 the
537 1506 181 53 world
752 1524 104 34 can
886 1506 68 53 be
985 1506 136 53 read
1156 1505 153 53 from
1343 1506 164 53 rocks
1537 1506 114 53 and
1682 1506 243 53 mineral
1957 1506 271 69 deposits,
2258 1506 76 69 by

311 1584 2000 150 William J. Miller … New York, P. F. Collier & son company [ᶜ193 0]
385 1746 1951 50 2 p. l., 3-384 p. col. front., illus. (incl. maps) plates. 20 ᶜᵐ . (Added
316 1804 1927 50 t.-p.: Popular science library, editor-in-chief, G. P. Serviss … v. 3)
387 1864 166 40 Plates
582 1863 195 48 printed
806 1873 60 29 on
894 1863 116 40 both
1038 1862 144 41 sides.

386 1921 268 41 Published
693 1920 51 40 in
783 1919 115 41 1922
935 1920 155 39 under
1130 1919 109 41 title:
1311 1919 212 49 Geology;
1591 1921 83 39 the
1713 1920 187 41 science
1940 1921 51 39 of
2031 1923 82 38 the
2154 1921 183 42 earth’s

315 1984 150 35 crust.

321 2033 52 52 ©
399 2037 116 41 Dec.
539 2035 70 49 30,
635 2035 119 41 1930;
804 2034 67 41 2c.
899 2035 111 39 Jan.
1037 2035 69 47 14,
1134 2032 113 42 1931;
1306 2034 82 41 aff.
1416 2035 111 39 Jan.
1554 2033 54 40 21;
1666 2034 41 39 A
1732 2033 144 42 33271;
1935 2035 52 42 P.
2016 2036 51 41 F.
2097 2036 179 42 Collier
2302 2038 37 40 &

388 2105 89 30 son
507 2104 67 30 co.
640 2089 68 54 [©
740 2103 108 30 new
876 2094 181 38 matter
1090 2093 98 39 and
1218 2091 256 49 revisions]
1548 2091 252 49 (31-2801)

317 2173 262 65 Miltner,
617 2174 248 55 Charles
900 2173 414 64 Christopher,
1354 2179 172 49 1886-

385 2250 1949 71 The elements of ethics, by Charles C. Miltner … Rev. and
316 2329 1559 71 enl. New York, The Macmillan company, 1931.
387 2411 90 40 414
513 2421 44 38 p.
618 2410 148 41 19½ᶜᵐ.

390 2468 296 41 “Published
718 2467 294 49 September,
1044 2466 131 42 1925.
1236 2466 270 50 Reprinted
1537 2468 221 47 October,
1791 2468 158 41 1926.”

390 2525 301 49 “Suggested
718 2524 257 48 readings”
1005 2535 55 29 or
1088 2524 306 48 “Readings”
1425 2526 51 39 at
1502 2526 92 39 end
1622 2525 52 41 of
1698 2528 127 38 most
1853 2526 52 39 of
1933 2527 81 40 the
2041 2527 242 48 chapters.

324 2582 1715 53 © Jan. 20, 1931; 2c. and aff. Jan. 21; A 33281; Macmillan co.
403 2643 254 50 (31-2664)

322 2713 219 63 Moore,
575 2710 257 56 William
864 2711 225 64 Henry,
1125 2711 173 54 1873-

390 2790 292 69 Frequent
716 2787 288 69 fallacies;
1044 2806 192 35 causes
1274 2789 113 52 and
1424 2789 206 52 results
1666 2787 65 53 of
1765 2790 216 51 mental
2019 2787 322 69 confusion,

320 2869 76 69 by
433 2868 263 55 William
737 2868 79 53 H.
857 2868 217 67 Moore,
1153 2911 9 9 D.
1241 2910 10 10 D.
1332 2868 236 68 Boston,
1609 2868 124 53 The
1775 2866 383 71 Christopher

322 2867 1994 149 publishing house [ ᶜ193 1]
390 3026 621 52 5 p. l., [9]-77 p. 20½ ᶜᵐ .
327 3082 52 52 ©
407 3086 110 41 Jan.
544 3085 40 48 2,
610 3084 108 41 1931;
780 3086 68 40 2c.
874 3085 111 41 Jan.
1010 3084 54 48 2;
1093 3085 83 40 aff.
1203 3085 111 41 Jan.
1342 3086 26 39 7:
1424 3086 40 38 A
1490 3084 171 49 33015;
1693 3085 320 48 Christopher
2040 3086 110 48 pub.
2178 3086 165 40 house.

405 3143 254 50 (31-1837)

326 3209 239 65 Munch,
594 3210 205 53 James
828 3210 199 64 Clyde,
1060 3216 171 49 1896-

394 3286 337 70 Bioassays;
782 3306 31 33 a
860 3286 308 54 handbook
1214 3287 66 54 of
1324 3287 386 69 quantitative
1755 3288 467 69 pharmacology,
2268 3287 74 70 by

324 3364 2019 70 James C. Munch … Baltimore, The Williams & Wilkins
324 3461 300 52 company,
654 3446 151 50 1931.

434 3557 8 17 x,
472 3526 85 41 958
587 3537 42 38 p.
690 3526 144 48 illus.,
866 3526 86 41 col.
982 3527 172 47 plates,
1186 3526 154 49 diagr.
1402 3527 147 41 23½ᶜᵐ.

398 3582 352 49 Bibliography
780 3586 52 39 at
859 3584 92 39 end
981 3583 52 41 of
1060 3584 119 40 each
1208 3585 216 46 chapter.

333 3638 51 52 ©
415 3642 110 40 Jan.
556 3641 69 48 21,
655 3640 141 48 1931;
827 3640 67 41 2c.
925 3641 96 40 and
1051 3641 82 40 aff.
1165 3642 110 40 Jan.
1305 3640 83 47 26;
1420 3641 41 38 A
1489 3640 172 49 33349;
1694 3642 245 41 Williams
1970 3643 36 40 &
2035 3642 212 41 Wilkins
2276 3652 69 32 co.

412 3698 253 49 (31-2814)

335 3765 216 65 Myers,
587 3766 204 63 Denys
824 3766 196 63 Peter,
1060 3770 170 51 1884-

399 3844 124 52 The
555 3844 333 68 reparation
920 3845 341 66 settlement,
1297 3847 153 63 1930,
1484 3845 73 68 by
1591 3846 196 68 Denys

1821 3846 65 52 P.
1921 3846 211 67 Myers.
331 3846 1992 144 Boston,
471 3921 205 54 World
704 3940 171 52 peace
900 3921 367 71 foundation,
1296 3925 150 50 1930.
