2428 4370
1207 4037 134 53 1800

256 395 298 68 Il’i͡ashev,
582 394 193 57 Boris.

327 469 1944 74 Le dumping soviétique, par Boris Eliacheff … préface de
257 549 1471 73 m. Étienne Fougère … Paris, M. Giard, 1931.
328 633 591 50 ix. 220 p., 1 l. 18 ½ᶜᵐ .
329 704 240 42 “Errata”
588 716 8 29 :
629 705 18 38 1
689 704 99 42 leaf
820 704 227 41 inserted.

263 774 1811 53 © Mar. 23, 1931; 1c. July 16; A— Foreign 12488; Marcel Giard.
344 836 282 47 (31-31819)

295 967 1984 72 Í ndice progresivo de legislaci ó n y jurisprudencia, bajo la
331 1045 1682 58 direcci ó n de M anuel de Aranzadi …; termina con las
331 1043 1917 134 dispositiones
547 1122 334 70 publicadas
912 1142 67 33 en
1008 1127 65 49 31
1102 1125 69 52 de
1200 1122 306 55 diciembre
1536 1124 69 52 de
1636 1125 150 50 1930.
1863 1122 237 53 Madrid
2136 1126 136 62 [etc.]

333 1202 451 69 Espasa-Calpe,
809 1221 40 34 s.
879 1221 67 48 a.,
974 1205 150 50 1931.

333 1283 958 50 4 p. l., [xi]-xvi, 675. 310 p. 25 ½ ᶜᵐ .
266 1352 1902 52 © Jan. 20, 1931; 1c. July 22; A— Foreign 14262; Espasa-Calpe, s. a.
262 1480 271 64 Jellinek,
563 1479 234 66 Stefan,
831 1482 131 52 1871-

334 1556 440 54 Elektroschutz
813 1558 57 51 in
910 1562 100 49 132
1047 1556 244 60 bildern,
1327 1575 110 34 von
1476 1557 85 54 dr.
1597 1557 144 54 med.
1783 1556 208 57 Stefan
2025 1556 252 55 Jellinek

262 1634 1991 134 … Wien-Leipzig, Deutscher verlag für jugend und volk, gesellschaft
587 1715 446 66 m. b. h. [ ᶜ1 931]
334 1795 602 51 xxxii p., 132 pl. 26 ᶜᵐ .
268 1864 2013 52 © June 8, 1931; 1c. July 28; A— Foreign 13208; Deutscher verlag für
336 1927 181 47 jugend
546 1927 99 38 und
673 1926 125 43 volk.
828 1937 40 34 g.
898 1937 59 27 m.
987 1925 41 40 b.
1059 1925 43 39 h.
1179 1924 282 49 (31-32098)

266 2035 260 65 Kerwin,
554 2037 139 53 Mrs.
723 2033 346 56 Madeleine.

337 2115 271 66 Improve
643 2131 145 51 your
822 2112 305 71 card-play
1163 2119 59 47 at
1260 2117 261 49 contract
1553 2132 64 34 or
1654 2113 231 53 auction
1921 2112 204 71 bridge
2168 2113 91 70 [by]

270 2192 317 54 Madeleine
630 2192 255 53 Kerwin.
962 2192 140 52 New
1144 2191 166 53 York
1349 2193 46 51 &
1435 2192 261 62 London,
1738 2192 122 53 The
1904 2191 257 63 Century
2203 2209 79 35 co.

312 2275 152 63 [ᶜ1931]

335 2354 103 44 xiii,
468 2355 85 40 137
582 2366 42 37 p.
686 2354 129 42 illus.
876 2355 145 40 17½ᶜᵐ.
1140 2352 134 50 $1.00

271 2422 51 52 ©
356 2428 102 39 Oct.
490 2425 57 41 20,
592 2425 113 40 1931;
767 2428 64 38 2c.
866 2427 94 38 and
994 2425 70 41 aff
1111 2425 100 40 Oct.
1243 2425 83 47 24;
1362 2426 40 38 A
1432 2425 146 40 43465;
1642 2426 63 40 M.
1739 2425 214 48 Kerwin,
1986 2425 118 40 New
2137 2425 145 39 York.

351 2484 281 46 (31-31719)

266 2592 1993 134 Kiel. Universität. Rechts- und staatswissenschaftliche fakul it ä t.
398 2746 1884 71 … Festschrift für Max Pappenheim; zum 50. jahrestag
265 2828 183 53 seiner
505 2826 536 70 doktorpromotion
1100 2825 384 72 dargebracht
1542 2844 109 37 von
1712 2827 100 54 der
1870 2827 233 54 Rechts-
2165 2830 112 51 und

266 2905 770 54 staatswissenschaftlichen
1073 2905 255 55 fakultät
1361 2907 101 53 der
271 2904 1981 133 Christian-Albrechts-universität

532 3003 62 34 zu
626 2985 151 52 Kiel.
845 2986 256 52 Breslau.
1128 2985 66 53 F.
1221 2984 161 68 Hirt,
1413 2987 151 51 1931.

339 3064 1944 51 viii. 592 p. front. (port.) fold. fab. 25 ½ ᶜᵐ . (Veröffentlichungen der
269 3122 682 47 Schleswig-Holsteinischen
987 3123 657 47 universitätsgesellschaft.
1707 3134 69 32 nr.
1812 3122 81 48 32)

606 3194 361 41 CONTENTS.—Geschichte
1009 3196 84 39 des
1140 3195 157 40 rechts
1341 3197 93 38 und
1478 3196 85 39 der
1609 3195 508 41 rechtswissenschaft
2136 3206 8 29 :
2191 3195 89 41 Die

265 3251 303 48 einführung
607 3252 86 39 der
734 3262 183 29 summa
967 3251 310 48 appellabilis
1323 3254 46 37 in
1412 3253 90 40 den
1553 3252 727 48 reichskammergerichtlichen

267 3318 192 37 prozess,
517 3320 90 28 von
693 3343 6 6 O.
745 3308 134 48 Opet.
956 3309 86 40 Die
1084 3308 297 48 entstehung
1420 3310 85 39 des
1547 3308 448 47 deichgrafenamts
2036 3309 49 40 in
2131 3309 129 40 Nord

270 3366 236 40 friesland.
559 3376 90 29 von
690 3365 48 42 V.
776 3366 161 40 Pauls.
1004 3366 95 41 Der
1138 3366 118 40 raub
1294 3367 47 39 in
1379 3368 86 38 der
1500 3365 245 46 Carolina,
1786 3377 86 30 von
1914 3369 52 36 G.
2005 3367 273 40 Radbruch.

269 3422 312 41 Praestantia
612 3424 250 39 doctorum.
909 3434 90 28 von
1033 3423 56 39 H.
1128 3422 729 42 Kantorowicz.—Privatrecht
1874 3434 9 30 :
1918 3423 249 42 Probleme
2198 3426 83 38 des

293 3480 524 45 zeitchartervertrages.
868 3491 89 29 von
994 3481 55 40 K.
1084 3481 53 41 A.
1174 3480 263 42 Eckhardt.
1504 3480 262 46 Negatives
1801 3480 151 41 sollen
1988 3482 64 39 im
269 3480 1996 97 bürgerlichen

457 3538 149 46 recht,
636 3547 90 30 von
758 3538 51 39 G.
842 3536 205 42 Husserl
1126 3538 99 39 Das
1259 3536 347 49 reichsgericht
1638 3538 96 39 und
1765 3539 89 39 das
1884 3537 215 48 gemeine
2132 3538 134 41 recht.

271 3604 87 29 von
399 3594 70 41 W.
515 3593 704 48 Wedemeyer.—öffentliches
1262 3595 162 40 recht:
1466 3594 349 44 Theologische
1858 3594 281 42 fakultäten
2183 3596 95 39 und

269 3650 426 48 lehrversprechen.
750 3662 88 29 von
880 3650 52 42 G.
972 3650 241 44 Holstein.
1283 3651 102 40 Das
1456 3651 242 41 verhältnis
1736 3651 240 41 zwischen
2015 3652 264 40 deutschen

271 3706 177 45 kriegs-
477 3708 96 39 und
604 3707 413 41 handelsschiffen
1048 3708 90 40 auf
1168 3707 185 42 offener
1384 3719 78 30 see
1494 3708 62 40 im
1590 3709 189 40 frieden.
1826 3719 91 30 von
1951 3708 69 41 W.
2054 3707 223 42 Jellinek.

270 3762 328 42 Nationalität
625 3766 85 38 der
792 3764 315 44 binnenschiffe,
1138 3776 88 28 von
1258 3763 49 42 O.
1339 3765 241 42 Rühland.
1639 3766 101 40 Der
1767 3764 305 47 bürgerliche

268 3765 1995 97 rechtsstreit.
462 3832 88 29 von
589 3821 68 41 W.
697 3823 202 39 Schätzel
999 3821 90 42 Die
1126 3821 349 47 berechtigung
1510 3824 85 38 der
1633 3821 222 42 beamten
1895 3832 85 30 zur
2015 3821 264 42 teilnahme

268 3886 59 28 an
375 3878 105 38 dem
561 3878 346 46 volksbegehren
959 3879 86 40 mit
1092 3880 105 39 dem
1250 3878 249 41 kennwort
1551 3878 465 46 “freiheitsgesetz”,
2068 3889 90 30 von
2210 3878 67 40 W.

270 3930 321 45 Schoenhorn.
651 3936 98 39 Der
778 3935 571 46 kodifikationsversuch,
1379 3935 267 42 betreffend
1679 3937 78 40 die
1792 3934 487 43 rechtsverhältnisse
