2505 4370
1392 4091 102 50 962

418 436 213 63 Barry,
667 434 267 65 Charles,
968 435 197 69 pseud.

482 510 122 53 The
632 510 169 60 ghost
827 508 66 55 of
919 528 32 33 a
980 509 139 61 clue,
1147 507 75 63 by
1254 508 237 56 Charles
1518 508 206 62 Barry.
1799 508 258 62 London,
2085 507 275 56 Methuen
2386 510 46 50 &

411 606 99 50 co.,
541 588 103 54 ltd.
703 590 152 67 [1931]

485 668 828 51 2 p. l., vii-viii. 278 p., 1 1. 19½ᶜᵐ.
424 725 2012 53 © 1c. June 26, 1931; A ad int. 15234; pubd. Apr. 30; Charles Bryson,
492 788 217 46 Welwyn
745 786 195 40 Garden
975 785 124 48 City.
1135 785 165 48 Herts,
1336 786 238 46 England.
1646 784 281 49 (31-16919)

419 882 216 64 Bauer,
670 880 282 57 Norbert.

503 955 298 54 Prisoners
838 956 182 53 under
1055 955 95 55 the
1189 973 122 51 sun,
1351 955 74 72 by
1463 955 248 55 Norbert
1748 956 220 67 Bauer;
2007 954 317 55 translated
2360 955 73 71 by

415 1033 190 54 Annie
638 1034 185 56 Coath
856 1032 205 69 Dixey.
1135 1033 260 71 London,
1426 1034 64 52 P.
1527 1033 228 68 Davies,
1786 1034 123 67 ltd.,
1943 1038 153 50 1931.

487 1117 277 49 280 p. 19 ᶜᵐ.
427 1172 2012 52 © 1c. June 29, 1931; A ad int. 15245; pubd. June 11; Peter Davies, ltd.,
496 1234 214 40 London.
782 1231 282 49 (31-16918)

422 1327 198 66 Beith,
649 1328 157 55 John
836 1328 155 65 Hay,
1023 1328 174 56 1876-

488 1404 178 53 Their
705 1421 165 37 name
909 1403 210 68 liveth;
1160 1404 99 54 the
1299 1403 146 53 book
1487 1404 64 52 of
1589 1406 96 52 the
1728 1404 252 57 Scottish
2019 1405 258 54 national
2318 1424 121 36 war

416 1480 2021 132 memorial, by Ian Hay, Major John H. Beith … with twenty-two
557 1558 398 56 illustrations.
1022 1560 259 67 London,
1309 1559 157 56 John
1494 1560 157 53 Lane
1685 1564 175 67 [1931]

491 1642 1028 50 xiv p., 1 l., 163 p. front., plates. 19 ᶜᵐ.
430 1697 1995 105 © 1c. June 13, 1931; A ad int. 15187; pubd. Apr. 17; J. H. Beith, London.
680 1760 282 49 (31-16383)

424 1864 146 66 Bell,
605 1864 188 66 Ralcy
826 1865 255 66 Husted,
1119 1871 173 50 1869-

491 1938 272 55 Memoirs
802 1942 46 50 &
886 1938 342 69 mistresses;
1274 1939 180 55 colors
1495 1941 114 52 and
1649 1941 167 53 odors
1857 1941 63 53 of
1960 1941 145 69 love,
2144 1941 75 71 by
2260 1941 181 70 Ralcy

421 2017 1576 71 Husted Bell … New York, W. Faro, inc. [ ᶜ1 931]
494 2099 830 50 4 p. l. , xiii-xvi, 17-370 p. 24½ᶜᵐ.
433 2157 52 53 ©
514 2161 114 48 Apr.
655 2160 69 48 24,
754 2159 113 41 1931;
925 2159 69 42 2c.
1023 2161 114 46 May
1165 2161 53 37 11;
1280 2159 53 40 aff.
1392 2160 131 40 June
1547 2159 55 39 12;
1661 2159 41 40 A
1730 2159 148 42 38802;
1934 2160 219 41 William
2182 2161 141 48 Faro,
2353 2161 91 43 inc.

512 2219 282 48 (31-15317)

427 2312 152 65 Bibl,
610 2311 235 67 Viktor,
879 2313 172 56 1870-

495 2391 119 54 Das
642 2390 267 54 deutsche
966 2388 268 71 schicksal,
1261 2408 112 34 von
1400 2388 209 55 Viktor
1639 2389 151 54 Bibl.
1855 2389 219 70 Berlin,
2101 2389 216 71 Verlag
2346 2391 99 53 für

424 2466 431 72 kulturpolitik,
891 2469 154 51 1930.

497 2549 101 49 220,
633 2549 56 50 [1]
720 2559 44 39 p.
822 2548 56 40 22½ᶜᵐ.

436 2607 2008 53 © Sept. 23, 1930; 1c. Nov. 1; A —Foreign 9690; Verlag für kulturpolitik.
515 2667 282 50 (31-15894)

428 2763 187 55 Bible.
689 2763 266 69 English.
1030 2765 157 51 1931.
1262 2761 377 55 Authorized.

497 2839 138 55 New
663 2838 310 71 analytical
1001 2837 246 56 indexed
1276 2837 184 70 Bible,
1490 2838 334 54 authorized
1854 2837 241 72 version,
2125 2837 141 56 with
2293 2858 155 34 more

428 2926 259 47 accurate
720 2919 336 67 renderings
1091 2917 64 53 of
1188 2917 96 54 the
1317 2917 70 53 A.
1425 2917 67 52 R.
1528 2917 69 54 V.
1633 2917 201 68 placed
1868 2916 60 54 in
1962 2917 260 54 brackets
2257 2917 60 53 in
2350 2918 97 52 the

425 3004 123 49 text;
606 3019 32 33 a
666 3001 209 66 system
902 2996 64 53 of
991 2995 164 68 helps
1182 2993 352 70 comprising
1562 2995 218 54 textual
1812 2994 263 70 revision,
2105 2994 250 71 analysis
2384 2996 62 52 of

427 3076 96 56 the
558 3075 181 54 entire
772 3074 184 69 Bible,
990 3079 306 48 treatment
1331 3073 65 53 of
1429 3072 373 69 outstanding
1835 3073 147 54 facts
2018 3073 64 52 of
2115 3073 136 53 each
2283 3073 163 68 book,

429 3155 298 69 forty-two
752 3153 206 69 charts,
982 3158 540 61 contemporaneous
1545 3149 240 70 history,
1808 3172 32 33 a
1863 3150 275 71 specially
2164 3155 283 66 arranged

426 3233 282 68 harmony
740 3232 65 53 of
837 3231 96 54 the
966 3228 256 70 Gospels,
1260 3250 32 33 a
1328 3228 316 55 condensed
1678 3227 323 74 dictionary
2035 3229 65 53 of
2133 3229 96 56 the
2264 3226 184 72 Bible,

429 3311 114 54 and
569 3330 173 50 many
768 3309 162 53 other
957 3308 252 53 features
1236 3307 65 53 of
1326 3306 356 69 exceptional
1710 3307 292 54 character
2032 3307 113 54 and
2172 3306 186 69 merit,
2388 3313 58 48 to

429 3389 284 55 facilitate
739 3388 96 55 the
863 3386 173 70 study
1062 3386 114 54 and
1199 3385 184 54 better
1408 3383 459 70 understanding
1892 3386 64 52 of
1980 3385 96 54 the
2105 3384 340 70 Scriptures.

431 3461 1746 75 Chicago, John A. Dickson publishing company [ ᶜ1 931]
502 3542 1073 54 3 p. l. , 220, [6], 1639, [8] p. maps. 25 ᶜᵐ.
504 3606 91 41 Old
625 3605 96 40 and
752 3604 119 40 New
900 3603 313 40 Testaments
1243 3602 127 39 have
1399 3599 182 49 special
1611 3600 292 48 title-pages.

441 3662 52 53 ©
520 3668 114 45 May
660 3664 69 49 29,
756 3663 113 41 1931;
926 3661 66 41 2c.
1021 3662 95 39 and
1144 3660 82 40 aff.
1255 3659 128 40 June
1407 3660 27 38 4;
1491 3660 40 38 A
1558 3658 145 41 38620;
1761 3659 128 40 John
1916 3660 55 38 A.
2000 3659 216 41 Dickson
2244 3660 110 48 pub.
2382 3670 67 31 co.

520 3722 283 50 (31-15884)

435 3818 186 55 Bible.
694 3819 71 52 N.
806 3819 65 52 T.
948 3815 202 56 Greek.
1224 3816 157 51 1931.

504 3894 363 56 Concordant
904 3889 241 69 version,
1179 3889 97 52 the
1313 3887 211 56 Sacred
1562 3887 342 70 Scriptures,
1941 3888 272 69 designed
2249 3896 58 47 to
2344 3895 105 63 put

431 3973 96 55 the
553 3970 248 72 English
829 3969 198 55 reader
1056 3966 60 55 in
1144 3965 315 71 possession
1487 3966 64 54 of
1580 3965 78 55 all
1684 3965 97 55 the
1809 3966 144 54 vital
1985 3966 150 55 facts
2165 3967 64 53 of
2257 3966 192 57 divine
