2428 4370
1013 4024 133 53 1593

94 408 240 64 Acland,
371 407 283 63 Baldwyn
693 406 187 64 Dyke,
922 410 171 50 1883-

156 483 307 67 Sundown,
484 482 75 68 by
586 480 163 71 Dyke
777 480 236 53 Acland.
1073 479 256 69 London,
1420 478 175 53 Hodder
1621 477 111 54 and
1761 477 319 69 Stoughton

86 560 237 68 limited,
357 562 150 53 1931.

155 642 337 49 320 p. 19 ᶜᵐ .
157 709 1929 52 American edition (New York, Robert M. McBride & company) h as
87 770 106 41 title
211 781 9 29 :
255 770 165 40 Grand
451 768 77 41 old
561 778 123 30 man.

93 835 1973 108 © 1c. Sept. 30, 1931; A ad int. 15520; pubd. Aug. 4; B. D. Acland, Payhembury,
436 896 120 39 East
586 895 179 46 Devon,
794 894 236 47 England.
1101 892 280 49 (31-29830)

92 990 241 63 Adams,
364 990 184 53 Grace
578 987 264 65 Kinckle,
876 993 171 49 1900-

158 1065 386 70 Psychology:
596 1062 212 55 science
860 1080 62 34 or
974 1063 403 67 superstition?
1469 1062 92 71 By
1614 1061 183 55 Grace
1848 1062 235 68 Adams,

87 1138 1246 70 PH. D . New York, Covici, Friede, 1931.
154 1224 327 50 299 p. 22 ᶜᵐ .
155 1292 247 43 “Selected
431 1290 362 51 bibliography”
811 1304 11 31 :
852 1303 44 38 p.
928 1292 215 42 283-287.

92 1363 51 52 ©
177 1367 128 47 Sept.
335 1365 69 49 29,
437 1365 114 41 1931;
613 1365 66 40 2c.
714 1365 100 40 Oct.
848 1365 52 46 2;
937 1364 82 41 aff.
1053 1364 102 41 Oct.
1188 1365 53 46 1;
1276 1364 41 39 A
1349 1364 170 47 43030;
1558 1364 176 49 Covici,
1771 1364 186 47 Friede,
1992 1364 91 40 inc.

165 1422 279 50 (31-29498)

95 1517 338 68 [Bachofen,
467 1516 245 55 Charles
741 1514 356 70 Augustine]
1136 1517 170 54 1872-

153 1590 318 69 Liturgical
511 1592 137 66 law;
693 1609 31 34 a
762 1590 305 54 handbook
1105 1591 64 52 of
1206 1591 94 52 the
1340 1590 222 53 Roman
1600 1590 236 69 liturgy,
1874 1591 76 70 by
1989 1593 94 52 the

85 1667 1998 70 Rev. P. Charles Augustine … St. Louis, Mo., and London,
85 1746 62 51 B.
177 1747 224 52 Herder
425 1746 145 54 book
596 1765 96 51 co.,
721 1749 148 51 1931.

219 1829 373 49 xv, 467 p. 22 ᶜᵐ .
152 1884 373 50 Bibliography:
557 1895 42 39 p.
629 1884 218 42 453-457.

89 1953 51 52 ©
172 1957 102 41 Oct.
335 1988 8 16 6,
375 1955 112 42 1931;
547 1955 66 41 2c.
646 1958 96 38 and
772 1955 80 40 aff.
886 1956 102 39 Oct.
1020 1956 30 40 8;
1107 1956 40 38 A
1176 1954 149 42 43119;
1382 1957 54 38 B.
1468 1957 190 39 Herder
1688 1957 125 40 book
1842 1968 66 29 co.

165 2013 280 50 (31-29504)

87 2107 233 64 Baines,
351 2106 190 55 Jessie
570 2107 131 64 Joy,
735 2111 171 51 1898-

159 2184 1924 66 Seventh sin, by Joy Baines … London [etc.] G. G. Harrap
87 2266 50 51 &
163 2284 97 50 co.,
287 2265 103 52 ltd.
423 2268 172 63 [1931]

151 2342 457 52 318, [1] p. 19½ ᶜᵐ .
89 2412 1991 54 © 1c. Oct. 3, 1931; A ad int. 15528; pubd. Aug. 7; Sears pub. co., inc.,
154 2473 116 40 New
299 2472 144 40 York.
513 2471 279 50 (31-30259)

87 2568 246 64 Barlow,
362 2568 213 52 Lester
599 2568 64 54 P.

154 2647 177 53 What
373 2648 189 52 would
605 2646 241 53 Lincoln
889 2645 105 54 do?
1073 2646 56 51 A
1170 2647 110 52 call
1325 2646 93 52 for
1461 2646 259 69 political
1765 2649 322 53 revolution

89 2724 1997 73 through the ballot, by Lester P. Barlow … Stamford, Conn.,
88 2804 119 53 The
238 2802 416 69 Non-partisan
684 2803 198 68 league
912 2801 336 70 publishing
1278 2819 296 54 company,
1604 2803 127 72 inc.,
1766 2808 151 50 1931.

155 2882 1230 50 6 p. l., 229 p., 2 l. plates, ports, map. 23½ ᶜᵐ .
158 2942 162 40 “First
350 2940 144 49 issue,
529 2940 132 40 2,000
691 2940 171 48 copies,
898 2940 116 39 each
1050 2940 262 41 numbered
1348 2942 95 38 and
1481 2942 264 47 registered
1782 2946 96 38 and
1915 2944 166 49 signed

85 2998 59 47 by
174 2998 83 41 the
286 2996 208 42 writer.”
555 2997 118 41 This
704 3007 118 38 copy
852 2999 84 38 not
969 2997 181 47 signed.

156 3054 144 41 “This
329 3054 124 41 book
481 3053 42 41 is
552 3066 75 29 no.
658 3053 155 40 1912.”

160 3112 148 39 Deals
341 3112 185 47 largely
562 3110 119 40 with
718 3110 80 41 the
833 3109 210 41 nation’s
1077 3113 158 38 motor
1271 3112 154 40 traffic
1462 3114 227 48 problem,
1726 3117 140 46 plans
1902 3117 79 40 for
2016 3118 64 40 its

89 3168 207 40 solution
324 3168 61 47 by
413 3179 26 28 a
469 3169 180 46 system
678 3168 52 39 of
755 3166 221 41 national
1004 3177 200 37 express
1232 3171 305 47 motorways,
1568 3181 27 29 a
1626 3172 157 49 policy
1813 3174 52 39 of
1893 3174 186 41 limited

89 3224 272 49 capitalism
387 3226 94 38 and
506 3224 249 48 proposals
781 3223 79 41 for
884 3235 27 28 a
937 3224 348 47 Non-partisan
1312 3225 168 48 league
1505 3226 53 40 of
1580 3227 238 42 America.

91 3290 51 52 ©
175 3295 101 41 Oct.
309 3296 38 46 1,
380 3294 113 41 1931;
554 3294 65 41 2c.
654 3296 95 39 and
783 3294 80 41 aff.
897 3295 103 40 Oct.
1034 3296 26 38 7;
1120 3295 41 39 A
1192 3295 146 41 42904;
1401 3298 50 41 L.
1485 3299 49 38 P.
1570 3299 208 49 Barlow,
1816 3302 263 43 Stamford,

157 3351 144 41 Conn.
373 3351 279 49 (31-29806)

95 3448 258 67 [Barton,
379 3446 190 54 Leslie
597 3447 98 67 M.]

156 3523 54 53 A
243 3524 172 68 study
448 3522 65 53 of
547 3524 77 51 all
657 3520 307 55 American
997 3521 265 55 markets.
1335 3525 99 52 4th
1471 3526 84 53 ed.
1604 3526 297 73 (1931-32)
89 3533 1968 137 Including

353 3601 78 52 all
464 3600 158 53 cities
657 3600 112 52 and
803 3604 182 48 towns
1018 3599 65 54 of
1117 3603 153 64 1,000
1304 3603 340 67 population
1680 3624 64 35 or
1779 3626 153 37 more
1969 3613 109 52 and

90 3678 75 51 all
204 3678 249 52 counties
493 3677 61 52 in
593 3677 95 53 the
729 3676 217 55 United
990 3676 206 69 States,
1238 3680 283 68 arranged
1562 3682 76 69 by
1679 3685 247 56 markets
1968 3690 109 53 and

89 3754 1992 79 states … Chicago, New York city, Major market newspapers,
91 3830 1656 73 inc. (The 100,000 group of American cities) [ ᶜ1 931]
161 3912 179 49 [iii]-vi,
383 3911 85 41 706
510 3922 42 38 p.
594 3911 109 40 incl.
748 3911 141 47 illus.,
935 3922 136 37 maps
1126 3912 49 49 (1
1217 3917 229 39 mounted
1491 3916 142 51 fold.)
1687 3919 169 46 tables,
1903 3924 165 44 diagrs

90 3966 234 43 35 × 29 ᶜᵐ .
