2428 4370
1224 4051 134 50 1908

290 383 269 65 O’Brien,
591 384 176 55 Kate.

357 460 271 54 Without
660 480 98 50 my
790 461 181 69 cloak,
1003 462 76 69 by
1114 462 153 53 Kate
1302 462 269 55 O’Brien.
1643 462 234 56 Garden
1914 463 155 71 City,
2102 464 71 54 N.
2211 465 92 52 Y..

287 539 360 70 Doubleday,
675 540 200 53 Doran
903 542 48 51 &
977 558 301 52 company,
1306 541 127 69 inc.,
1463 543 152 53 1931.

358 621 83 46 xii,
475 620 88 42 469
594 631 43 38 p.
698 622 128 41 illus.
887 622 119 43 21ᶜᵐ.

359 691 293 42 “Woodcuts
680 692 62 49 by
771 693 159 40 Freda
962 692 177 41 Bone.”

358 749 290 41 Illustrated
682 751 97 46 t.-p.
812 751 97 39 and
941 750 366 48 lining-papers.

363 805 164 42 “First
559 806 230 42 edition.”

294 874 52 52 ©
372 879 118 40 Nov.
518 878 69 49 12,
615 879 141 41 1931;
785 879 66 41 2c.
879 881 96 38 and
1002 879 81 40 aff.
1113 880 117 40 Nov.
1259 880 82 48 23;
1372 881 38 38 A
1438 879 173 49 44968;
1641 881 60 42 K.
1730 881 222 49 O'Brien,
1980 882 214 43 London.

372 936 283 48 (31-33550)

288 1031 330 66 O’Connell,
648 1031 276 65 William,
954 1033 275 55 cardinal.

359 1110 269 56 Sermons
669 1113 113 52 and
821 1112 293 53 addresses
1153 1114 64 52 of
1256 1114 90 53 his
1383 1113 310 54 Eminence
1729 1114 282 67 William,
2046 1113 260 56 cardinal

288 1188 335 72 O'Connell,
654 1190 343 69 archbishop
1030 1192 65 52 of
1128 1192 234 52 Boston,
1438 1211 50 34 v.
1524 1196 81 49 10.
1652 1193 141 65 [The
1825 1191 278 72 cardinal,
2136 1194 173 53 1929-

289 1272 153 64 1931]
522 1270 237 68 Boston,
787 1269 122 54 The
937 1269 157 54 Pilot
1126 1269 336 70 publishing
1490 1289 299 51 company,
1821 1274 150 52 1931.

358 1350 82 48 vii,
472 1350 86 41 275
589 1359 44 40 p.
694 1349 146 43 19½ᶜᵐ.

293 1417 51 53 ©
381 1423 112 41 Dec.
526 1423 42 41 4.
603 1421 142 48 1931;
782 1421 66 41 2c.
884 1422 112 41 Dec.
1032 1423 55 38 14;
1154 1422 81 42 aff.
1271 1423 112 40 Dec.
1420 1425 82 45 11;
1540 1423 41 40 A
1614 1422 174 49 45439;
1827 1424 71 41 W.
1933 1424 63 41 H.
2031 1423 273 50 O’Connell,

364 1479 255 48 Brighton,
647 1481 146 39 Mass.

286 1572 309 67 Oestéren,
627 1574 307 56 Friedrich
964 1577 249 54 Werner
1243 1591 134 49 von,
1411 1578 172 53 1874-

354 1652 475 71 Weggefährten,
875 1671 201 35 roman
1122 1670 111 36 von
1278 1653 98 54 Fr.
1422 1654 92 54 W.
1560 1671 110 35 von
1719 1654 290 55 Oesteren.
2085 1654 219 69 Berlin,

288 1735 463 69 Ullstein [ 1931]
354 1815 1941 53 249, [1] p., 1 l. 16½ᶜᵐ. (Half-title: Die gelben Ullstein-bücher. [126])
291 1884 1751 53 © May 13, 1931; 1c. July 2; A—Foreign 13116; Ullstein, a. g.
371 1946 283 49 (31-33441)

287 2050 244 66 Orgain,
557 2054 141 54 Mrs.
727 2051 164 55 Alice
918 2051 201 55 Lucile
1156 2052 434 65 (Cartwright)
1629 2055 173 53 1876-

353 2127 123 54 The
507 2127 277 53 detached
813 2126 235 68 branch,
1077 2127 97 53 the
1203 2127 149 53 olive
1380 2127 217 52 branch
1629 2126 64 53 of
1722 2145 188 50 peace,
1937 2127 77 69 by
2044 2127 165 53 Alice
2237 2127 66 52 L.

285 2204 1915 70 Orgain … New York, N. Y., The Detached branch [ ᶜ1 931]
354 2289 26 41 3
408 2300 43 38 p.
513 2320 9 18 l.,
550 2288 86 42 503
662 2299 42 38 p.
766 2289 148 41 23½ᶜᵐ.

357 2361 95 39 “To
485 2360 143 48 bring
660 2361 98 48 [the
788 2359 234 50 author’s]
1060 2361 80 39 ‘As
1170 2360 40 40 it
1242 2360 54 40 is"
1330 2362 48 38 to
1413 2371 26 29 a
1472 2359 198 41 further
1701 2359 138 49 point
1869 2359 52 41 of
1953 2360 349 48 completeness

283 2417 649 49 of idea.”—Foreword, p. l.
357 2474 312 49 “Appendix:
705 2474 408 48 Supplementary
1142 2476 138 38 notes
1312 2477 48 37 to
1392 2474 79 40 ‘As
1500 2474 40 40 it
1569 2474 55 40 is’
1646 2473 53 41 ”:
1731 2484 43 38 p.
1801 2473 221 41 405-503.

291 2543 51 53 ©
368 2549 118 40 Nov.
513 2547 70 42 10.
609 2546 84 42 1931;
778 2545 67 43 2c.
870 2547 97 39 and
993 2545 82 41 aff.
1102 2546 119 41 Nov.
1249 2547 20 38 11;
1359 2546 41 39 A
1424 2544 173 47 43922;
1625 2545 55 43 A.
1707 2548 49 39 L.
1787 2545 198 48 Orgain,
2012 2545 118 40 New
2157 2545 145 39 York.

372 2605 282 48 (31-32815)

285 2701 214 66 Orliac,
526 2700 270 55 Jehanne
825 2701 35 53 d’

357 2782 123 53 The
522 2781 138 70 lady
702 2781 65 52 of
804 2780 228 68 beauty,
1074 2780 195 68 Agnes
1314 2778 180 66 Sorel,
1533 2777 128 54 first
1701 2781 163 67 royal
1907 2777 291 54 favourite
2239 2778 64 53 of

286 2860 239 67 France,
563 2861 76 69 by
677 2860 263 55 Jehanne
979 2858 285 66 d’Orliac;
1306 2859 319 53 translated
1663 2859 76 70 by
1777 2858 82 53 M.
1901 2858 62 55 C.
2005 2858 294 67 Darnton;

285 2940 141 52 with
465 2941 63 53 17
565 2938 398 55 illustrations.
1034 2937 413 68 Philadelphia
1482 2938 50 50 &
1568 2936 261 70 London,
1862 2935 58 55 J.
1956 2937 68 52 B.
2058 2934 243 70 Lippin-

285 3025 117 46 cott
432 3035 299 52 company,
764 3020 151 50 1931.

352 3097 86 41 243
468 3107 43 38 p.
572 3096 166 48 front.,
769 3096 174 49 plates,
974 3097 150 47 ports.
1184 3095 117 40 23ᶜᵐ.

355 3168 164 40 “First
549 3166 229 42 edition.”

291 3239 52 52 ©
371 3243 102 41 Oct.
499 3243 69 46 16,
594 3241 84 41 1931;
762 3241 68 42 2c.
857 3242 94 39 and
978 3240 83 42 aff.
1085 3241 119 41 Nov.
1231 3241 82 41 17;
1343 3240 38 38 A
1407 3238 173 43 44807:
1610 3240 44 39 J.
1682 3240 52 40 B.
1763 3238 280 49 Lippincott
2070 3249 66 29 co.

370 3300 281 48 (31-33417)

284 3395 288 63 Packard,
602 3395 199 53 Frank
830 3393 239 64 Lucius,
1103 3395 171 53 1877-

417 3468 1881 74 … The gold skull murders … Garden City, N. Y., Pub. for
285 3551 96 52 the
422 3550 192 55 Crime
657 3550 145 56 club,
843 3550 127 69 inc.,
1126 3548 358 71 Doubleday,
1524 3550 200 52 Doran
1764 3552 47 50 &
1848 3564 298 52 company,
2188 3547 107 55 inc.

290 3630 193 67 [ ᶜ1 931]
354 3712 27 37 4
409 3722 43 37 p.
500 3742 23 16 l.,
548 3710 86 41 303
661 3721 43 37 p.
760 3709 116 43 20ᶜᵐ.

358 3768 60 40 At
444 3769 124 40 head
595 3767 52 41 of
671 3767 136 42 title:
835 3768 165 39 Frank
1028 3768 50 40 L.
1105 3767 239 40 Packard.

358 3825 163 41 “First
544 3824 230 42 edition.”

291 3890 51 53 ©
370 3896 117 39 Nov.
515 3896 68 44 12,
612 3895 87 40 1931;
783 3896 67 42 2c.
878 3898 96 39 and
1002 3895 81 40 aff.
1113 3896 117 39 Nov.
1259 3894 83 47 20;
1373 3895 39 38 A
1438 3892 140 43 44971
1602 3904 11 33 :
1642 3894 52 41 F.
1723 3894 50 40 L.
1804 3892 237 47 Packard,
2071 3891 226 43 Lachine,

364 3953 48 40 P.
442 3954 50 47 Q.,
538 3953 213 42 Canada.
823 3952 283 50 (31-33330)
