2505 4370
998 4028 135 51 1093

85 384 234 65 Cronin,
351 383 322 55 Archibald
705 382 238 65 Joseph.

150 460 258 54 Hatter’s
454 461 187 66 castle,
684 460 76 70 by
802 461 68 51 A.
917 461 55 53 J.
1021 458 234 56 Cronin.
1330 462 233 66 Boston,
1605 460 197 68 Little,
1848 462 226 50 Brown,

81 540 111 52 and
224 555 297 53 company,
555 541 149 51 1931.

149 618 555 51 3 p. l., [3]-605 p. 21½ᶜᵐ.
151 677 295 48 “Reprinted
474 676 129 48 July,
634 674 156 42 1931.”

85 730 52 52 ©
175 734 116 47 July
329 734 67 47 17,
436 732 140 47 1931;
617 733 66 39 2c.
724 733 94 39 and
858 732 80 39 aff.
978 733 115 46 July
1131 732 82 46 21;
1257 732 40 39 A
1333 731 173 48 40450;
1549 732 161 48 Little,
1751 733 191 46 Brown,
1983 734 96 38 and

152 800 247 38 company.
471 789 278 48 (31-18738)

80 869 360 65 Dadourian,
470 870 351 52 Haroutune
849 868 405 65 Mugurditch,
1287 869 171 55 1878-

146 945 334 70 Analytical
510 946 319 52 mechanics
862 944 95 53 for
988 945 258 54 students
1280 946 65 53 of
1375 946 231 69 physics
1640 947 112 52 and
78 947 1973 145 engineering,

222 1023 1854 70 by H. M. Dadourian … 3d ed., rev. New York, D. Van
77 1102 289 53 Nostrand
398 1118 297 51 company,
730 1104 150 50 1931.

147 1182 97 48 xiv,
270 1182 86 41 427
383 1194 45 37 p.
487 1182 143 47 ilius.,
659 1181 177 48 diagrs.
900 1182 116 41 23ᶜᵐ.

150 1239 187 40 “Based
372 1249 128 37 upon
535 1250 27 29 a
599 1248 170 31 course
804 1239 50 39 of
888 1239 210 40 lectures
1132 1239 97 39 and
1267 1238 285 40 recitations
1589 1237 157 42 which
1782 1240 81 39 the
1898 1240 177 39 author

79 1297 90 39 has
205 1296 155 48 given,
397 1295 178 48 during
610 1296 82 39 the
728 1297 98 39 last
859 1295 97 40 few
991 1305 155 37 years,
1184 1296 50 39 to
1271 1296 83 39 the
1387 1295 166 48 junior
1588 1296 127 40 class
1752 1296 51 39 of
1841 1298 81 37 the
78 1298 1980 95 electrical

255 1352 312 48 engineering
600 1354 307 45 department
941 1352 51 39 of
1025 1352 81 40 the
1145 1351 223 41 Sheffield
1405 1352 235 42 scientific
1673 1352 400 42 school.”—Pref.

77 1413 50 36 to
151 1409 76 41 1st
252 1410 71 41 ed.

82 1462 52 53 ©
165 1467 125 40 June
320 1466 68 48 16,
421 1466 140 46 1931;
592 1465 67 41 2c.
692 1466 129 40 June
848 1466 82 46 25;
964 1464 81 42 aff.
1078 1465 116 48 July
1223 1465 54 48 2;
1311 1466 40 38 A
1382 1465 171 48 39200;
1587 1466 61 40 H.
1681 1468 62 38 M.
1776 1466 301 47 Dadourian,

150 1524 255 39 Hartford.
481 1522 278 49 (31-18728)

82 1603 298 71 [Davison,
412 1601 247 55 Francis]
712 1604 57 66 fl.
805 1607 146 50 1602.

141 1680 56 53 A
237 1679 243 70 poetical
522 1680 304 69 rhapsody,
868 1681 327 67 1602-1621,
1234 1680 190 55 edited
1463 1680 74 69 by
1578 1679 202 54 Hyder
1819 1680 250 53 Edward

77 1761 238 54 Rollins.
392 1780 50 33 V.
486 1765 44 48 1.
608 1760 364 69 Cambridge,
1006 1760 191 70 Mass.,
1234 1760 276 54 Harvard
1548 1759 319 70 university
1904 1778 175 52 press,

78 1843 148 49 1931.

148 1918 635 50 5 p. l., 3-363, [1] p. 20 ᶜᵐ.
153 1977 127 39 “The
306 1976 159 40 editor
489 1976 89 39 has
606 1975 246 48 reprinted
879 1974 80 40 the
985 1975 107 40 first
1118 1975 184 40 edition
1329 1975 51 41 of
1408 1973 128 49 1602,
1565 1985 121 38 page
1712 1975 80 40 for
1817 1985 135 38 page,
1980 1977 96 39 line

76 2033 80 41 for
184 2033 109 47 line,
325 2035 97 38 and
450 2033 118 40 with
601 2033 80 39 the
713 2032 208 48 original
953 2036 292 36 ornaments.
1306 2034 172 39 Poems
1508 2033 129 40 from
1669 2033 84 40 the
1783 2033 135 40 three
1951 2035 124 39 later

77 2090 210 41 editions
332 2089 152 49 (1608,
519 2089 128 47 1611,
686 2089 113 39 1612
874 2122 7 7 [i.
920 2100 36 29 e.
996 2089 155 49 1621])
1198 2090 123 40 have
1359 2090 120 40 been
1515 2088 561 42 added.”—Publisher’s

74 2151 123 37 note.

80 2200 52 53 ©
169 2205 125 39 June
330 2203 68 46 24,
436 2202 139 45 1931;
616 2203 64 39 2c.
720 2203 125 39 June
882 2202 81 46 27;
1004 2202 80 40 aff.
1122 2203 116 47 July
1276 2203 82 46 13;
1398 2203 40 39 A
1475 2201 171 49 39399;
1687 2203 257 41 President
1980 2205 95 39 and

146 2261 189 40 fellows
367 2260 52 40 of
451 2261 230 39 Harvard
714 2261 190 46 college,
941 2259 300 48 Cambridge,
1276 2261 146 39 Mass.
1488 2256 69 53 [©
1591 2271 147 38 pages
1770 2260 219 48 313-364]

161 2316 280 50 (31-18299)

74 2384 241 66 Disney,
345 2384 177 64 Walt,
554 2382 398 66 productions,
982 2382 105 55 ltd.

144 2464 122 53 The
295 2465 340 52 adventures
663 2462 64 52 of
756 2461 228 70 Mickey
1013 2462 215 65 Mouse,
1259 2466 158 67 story
1447 2464 111 51 and
1589 2462 380 55 illustrations
2000 2463 74 69 by

74 2540 135 55 staff
260 2540 64 53 of
372 2541 161 54 Walt
582 2540 218 68 Disney
853 2539 205 53 studio,
1133 2539 91 53 bk.
1282 2543 44 49 1.
1402 2538 428 71 Philadelphia,
1881 2540 193 53 David

72 2619 764 69 McKay company [ ᶜ1 931]
165 2699 70 50 [32]
270 2710 42 37 p.
374 2700 86 38 col.
493 2698 129 40 ilius.
682 2697 55 40 19½ᶜᵐ.

149 2757 286 39 Illustrated
467 2758 96 45 t.-p.
593 2756 95 38 and
719 2754 347 47 lining-papers
1095 2754 48 38 in
1172 2754 172 40 colors.

78 2809 52 53 ©
166 2814 114 48 May
314 2811 67 51 19,
419 2811 112 42 1931;
595 2812 67 42 2c.
698 2813 96 39 and
829 2811 81 41 aff.
948 2812 128 40 June
1109 2810 25 41 5;
1200 2810 40 40 A
1276 2810 144 42 39294;
1486 2812 133 40 Walt
1655 2811 182 42 Disnev
145 2814 1910 104 productions,
316 2871 100 47 ltd.,

448 2870 300 47 Hollywood,
781 2868 143 41 Calif,
998 2870 14 47 (OA
1098 2868 175 41 31-484
1304 2868 236 48 Unrev’d)

74 2938 272 63 Edward,
377 2935 335 56 Frederick.

142 3017 123 52 The
286 3017 231 52 natural
541 3033 151 50 year.
766 3014 319 53 November
1110 3016 111 51 and
1247 3014 324 53 December.
1647 3016 91 68 By
1764 3014 309 54 Frederick

74 3090 1992 70 Edwards. New York, N. Y., Schulte’s bookstore, inc. [ ᶜ1 931]
144 3175 64 47 ix,
242 3174 70 49 [3],
343 3174 174 39 13-144
546 3184 43 36 p.
649 3172 141 47 ilius.,
823 3172 169 47 plates.
1057 3170 55 41 21½ᶜᵐ.

77 3227 52 52 ©
156 3231 120 47 Aug.
303 3230 39 48 5,
371 3228 140 48 1931;
540 3229 67 40 2c.
635 3231 95 38 and
758 3229 81 39 aff.
867 3229 118 47 Aug.
1016 3229 51 46 8;
1097 3229 42 38 A
1165 3227 173 49 40700;
1368 3229 51 40 F.
1449 3230 253 46 Edwards,
1732 3229 203 47 Deland,
1967 3231 102 39 Fla.

76 3354 174 65 Eliot,
290 3354 245 63 George,
570 3353 214 69 pseud.,
816 3355 35 51 i.
888 3372 42 35 e.
966 3352 232 53 Marian
1237 3353 219 63 Evans,
1494 3353 343 68 afterwards
1873 3353 195 61 Cross,

145 3436 325 50 1819-1880.

202 3506 1860 71 … Mr. Gilfil’s love story, by George Eliot; edited by L. N.
70 3583 1995 71 Morgan … Oklahoma City, Harlow publishing company.
72 3666 148 51 1931.

141 3742 1924 49 3 p. l., xxi, 188 p., 1 l. 17 ᶜᵐ. (The western series of English and
72 3800 254 41 American
353 3799 223 48 classics)

78 3853 52 52 ©
166 3859 113 45 May
313 3857 68 47 28,
419 3856 139 47 1931;
595 3856 67 42 2c.
698 3857 131 46 July.
849 3857 52 46 3;
940 3856 81 40 aff.
1058 3858 117 47 July
1208 3856 83 47 18;
1329 3857 42 39 A
1404 3856 172 47 40444;
1615 3856 203 40 Harlow
1852 3857 108 48 pub.
1999 3866 69 34 co.

147 3909 70 54 [©
245 3914 370 48 introductions,
645 3916 150 46 notes,
826 3914 218 47 glossary
1074 3914 37 39 &
1140 3912 238 42 teacher’s
1405 3913 127 50 help]
159 3970 280 51 (31-18741)
