2428 4370
1192 4062 137 51 2042

320 474 1947 50 2 p. l., 66 p. XVII pl. on 16 l. 17 ᶜᵐ . (Half-title: Numismatic notes
250 534 96 40 and
374 533 327 49 monographs.
779 543 89 40 [no.
897 531 101 52 49])

256 601 53 53 ©
342 606 103 40 Oct.
476 606 69 47 16,
579 604 140 48 1931;
755 605 67 41 2c.
856 605 102 41 Oct.
991 604 84 48 26;
1110 603 83 42 aff.
1228 605 103 40 Oct.
1363 604 83 48 24;
1480 605 42 38 A
1553 604 174 47 43510;
1763 604 145 40 Amer.
1956 604 315 41 numismatic

324 663 196 48 society.
593 663 282 49 (31-35438)

249 772 274 65 Bertaut,
553 771 184 66 Jules,
771 772 172 56 1877-

384 848 1885 71 … L’opinion et les mœurs, par Jules Bertaut. Paris, Les
250 928 835 67 Editions de France, ᶜ1 931.
318 1007 1950 52 2 p. l., 488 p., 2 l. 20 ½ ᶜᵐ . (La troisième république, 1870 à nos jours.
253 1087 55 30 [v.
342 1067 69 51 9])

258 1135 1901 53 © Apr. 20, 1931; 1c. May 29; A— Foreign 12199; J. Bertaut, Paris.
337 1196 282 49 (31-35005)

250 1309 209 65 Berty,
486 1306 170 56 Jean.

384 1383 1322 70 … Contre elle … Paris, A. Lemerre, 1931.
321 1465 868 51 3 p. l., 236 p., 1 l. front. 19 ᶜᵐ .
259 1536 2019 52 © May 29, 1931; 1c. July 31; A— Foreign 13257; Librairie Alphonse
329 1598 239 40 Lemerre.
640 1596 282 50 (31-34903)

253 1706 504 66 Bibliographical
782 1705 229 67 society
1035 1706 64 55 of
1126 1704 298 59 America.

323 1785 187 53 Index
543 1791 59 48 to
637 1786 99 52 the
768 1785 386 69 publications
1191 1785 65 53 of
1291 1786 98 52 the
1425 1783 502 73 Bibliographical
1961 1785 213 70 society
2208 1785 65 53 of

252 1863 266 55 America
552 1866 114 52 and
700 1864 64 53 of
791 1865 99 53 the
920 1862 501 70 Bibliographical
1454 1864 211 69 society
1699 1864 65 52 of
1794 1864 273 70 Chicago,
254 1868 2018 128 1899-1931.

484 1942 272 70 Chicago,
787 1943 113 68 Ill.,
930 1944 125 54 The
1082 1942 341 70 University
1457 1943 65 52 of
1552 1943 254 69 Chicago
1838 1962 175 49 press,
2049 1948 149 48 1931.

358 2025 379 50 v, 43 p. 24½ ᶜᵐ .
328 2083 209 41 Indexes
575 2085 83 39 the
696 2082 329 41 “Year-book”
1065 2083 53 40 of
1154 2084 83 39 the
1276 2081 419 50 Bibliographical
1735 2083 181 47 society
1956 2083 52 39 of
2048 2083 225 48 Chicago,

255 2139 517 50 1899/1900-1902/03,
808 2143 95 38 and
942 2141 83 40 the
1063 2139 292 49 “Bulletin”,
1392 2140 92 40 vol.
1540 2164 30 4 I-IV
1656 2142 95 39 and
1790 2140 351 48 “Proceedings
2176 2141 97 40 and

256 2197 204 49 papers”
509 2200 95 39 and
654 2197 255 50 “Papers”,
954 2199 91 40 vol.
1112 2221 142 26 I-XXV,
1302 2198 52 40 of
1399 2200 85 39 the
1529 2198 417 48 Bibliographical
1994 2199 183 46 society
2222 2198 53 40 of

255 2255 225 40 America;
546 2256 162 40 edited
742 2257 60 47 by
837 2257 58 41 D.
931 2256 51 42 C.
1014 2256 223 41 Haskell.
1297 2256 103 40 The
1433 2257 147 39 index
1615 2259 47 37 to
1697 2257 83 40 the
1814 2256 328 40 “Year-book”
2177 2256 97 40 and

256 2313 93 41 vol.
396 2337 31 5 I-XV
520 2314 52 40 of
602 2315 82 39 the
714 2313 241 49 “Papers”
987 2324 103 30 was
1117 2315 240 47 prepared
1387 2314 61 48 by
1480 2315 141 47 Mary
1654 2314 123 39 Ellis.
1854 2314 61 48 cf.
1946 2313 131 41 Pref.

261 2381 51 53 ©
342 2387 120 41 Nov.
492 2386 69 48 24,
593 2387 114 40 1931;
767 2387 68 39 2c.
866 2388 97 39 and
994 2386 83 41 aff.
1108 2387 113 39 Dec.
1254 2384 55 41 12;
1369 2387 41 39 A
1438 2385 147 42 45432;
1648 2386 285 49 University
1966 2385 51 42 of
2047 2385 227 49 Chicago,

330 2444 224 49 Chicago.
627 2445 282 48 (31-35433)

255 2556 187 64 Bonn,
473 2554 285 66 O’Philip.

324 2631 245 71 Ravens,
599 2634 75 68 by
707 2633 274 70 O’Philip
1011 2636 185 51 Bonn.
1272 2634 113 52 Los
1414 2632 269 70 Angeles,
1714 2632 196 70 Calif.,
1944 2631 328 58 California

254 2710 243 69 graphic
527 2729 176 50 press,
734 2715 149 51 1931.

327 2792 534 50 3 p. l., 329 p. 20 ᶜᵐ .
263 2860 51 52 ©
342 2865 112 40 Dec.
478 2866 40 46 3,
544 2864 114 42 1931;
713 2865 68 41 2c.
806 2866 113 40 Dec.
944 2866 58 40 16;
1056 2866 81 40 aff.
1165 2867 112 40 Dec.
1304 2866 56 40 14;
1415 2866 42 39 A
1480 2865 145 41 46401;
1684 2864 221 49 O’Philip
1930 2866 153 46 Bonn,
331 2864 1928 106 Hollywood,

514 2922 145 41 Calif.
731 2923 282 49 (31-35110)

255 3015 275 67 Bringer,
559 3017 321 66 Rodolphe,
910 3020 172 55 1871-

388 3094 1682 73 … La Verchandière … Paris, A. Fayard & c ⁱᵉ [1931]
326 3174 1938 53 2 p. l., [7]-252 p., 1 l. 19 ᶜᵐ . (“Jeunes femmes et jeunes filles.” [33])
263 3244 2014 57 © June 1, 1931; 1c. Aug. 31; A— Foreign 13471; Arthème Fayard & cie.
342 3306 282 48 (31-34901)

257 3401 347 55 California.
681 3404 245 55 District
957 3413 189 48 courts
1177 3408 64 69 of
1270 3408 224 67 appeal.

327 3480 1950 70 Reports of cases determined … from October 7, 1930, to
257 3557 321 56 November
608 3564 67 49 22,
796 3565 83 49 1930.
955 3562 314 69 Randolph
1360 3605 9 9 V.
1403 3562 288 71 Whiting,
1724 3566 276 64 reporter.
2073 3559 206 69 Henry

257 3636 65 52 F.
344 3637 280 70 Wrigley.
649 3639 262 54 William
934 3640 65 54 F.
1026 3642 300 54 Traverso.
1349 3641 152 54 Wm.
1527 3640 342 67 Nankervis,
1892 3638 91 69 jr.,
2009 3638 271 54 assistant

255 3720 287 60 reporters.
634 3736 50 34 v.
742 3720 114 50 109.
936 3718 117 55 San
1106 3718 326 71 Francisco,
1488 3717 591 69 Bancroft-Whitney
256 3734 2000 128 company,
456 3797 151 50 1931.

468 3875 403 50 xxxv, 908 p. 22½ ᶜᵐ .
261 3938 52 59 ©
339 3944 112 43 Dec.
477 3944 68 45 19,
571 3946 111 42 1931;
739 3948 65 41 2c.
832 3950 95 39 and
954 3948 81 44 aff.
1064 3950 113 42 Dec.
1202 3949 83 48 28;
1313 3949 41 40 A
1379 3948 173 49 46593;
1584 3948 492 46 Bancroft-Whitney
2102 3956 66 30 co.
