2575 4398
1353 4046 68 53 68

373 384 187 64 Clare,
592 385 187 52 Israel
811 384 217 55 Smith.

443 464 120 53 The
598 465 278 52 standard
910 464 223 58 history
1168 464 63 53 of
1263 466 94 52 the
1394 465 210 57 world;
1643 485 28 33 a
1707 466 292 54 narrative
2033 466 64 54 of
2131 467 261 68 political

372 547 194 48 events
597 543 113 53 and
744 562 27 34 a
808 544 197 52 record
1038 543 64 52 of
1133 542 355 53 civilization
1521 542 152 54 from
1706 545 94 52 the
1836 545 228 53 earliest
2094 545 299 54 historical

373 621 199 68 period
611 627 58 46 to
707 622 95 53 the
841 626 245 64 present,
1125 621 329 69 embracing
1492 640 28 33 a
1562 624 232 67 general
1832 642 206 52 survey
2075 624 65 52 of
2176 624 216 53 human

365 719 267 50 progress
653 702 113 51 and
791 701 405 67 achievement,
1220 699 135 54 civil
1378 707 390 61 government,
1795 702 260 67 religion,
2077 702 316 69 literature,

372 778 2021 69 science and art. By Israel Smith Clare … revised ed. under
371 856 2020 69 the editorial supervision of Paul Leland Haworth … v. 10.
370 937 243 53 Modern
649 935 621 71 history—continued.
1347 936 339 54 Illustrated
1724 937 138 53 with
1899 955 180 51 maps,
2115 938 278 69 portraits

372 1017 113 52 and
513 1017 308 67 diagrams.
900 1014 350 56 Cincinnati,
1280 1014 292 55 Standard
1601 1017 297 52 historical
1925 1018 229 67 society,
2182 1020 151 50 1930.

446 1097 38 42 8.
517 1095 279 49 4485-4824,
828 1095 94 40 cliv
957 1097 43 48 [i.
1063 1128 7 7 e.
1104 1095 125 49 clvi],
1263 1095 87 40 170
1379 1107 42 37 p.
1486 1096 165 43 front.,
1685 1097 171 48 plates,
1890 1099 166 47 ports.,
2089 1107 140 39 maps
2257 1095 136 50 (part

373 1153 581 49 col., 1 double) 24 ᶜᵐ .
377 1222 52 52 ©
462 1227 112 39 Dec.
606 1225 69 48 10,
707 1223 118 43 1930;
882 1224 68 42 2c.
983 1225 111 40 Dec.
1127 1225 55 39 15;
1245 1225 82 39 aff.
1360 1225 111 41 Jan.
1503 1224 39 49 2,
1575 1224 115 41 1931;
1752 1226 42 39 A
1825 1224 145 42 32571;
2033 1227 61 40 H.
2128 1227 52 41 F.
2215 1225 177 41 McGee

445 1285 97 39 and
577 1285 37 39 I.
653 1282 277 49 Schulmau,
968 1282 293 41 Cincinnati.
1327 1278 69 53 [©
1431 1291 108 31 new
1572 1283 245 50 material]

375 1378 340 66 Colegrove,
748 1378 278 54 Kenneth
1059 1378 275 65 Wallace,
1369 1383 170 50 1886-

442 1459 426 54 International
900 1460 222 52 control
1152 1456 65 55 of
1246 1458 276 69 aviation,
1551 1458 76 69 by
1655 1459 270 53 Kenneth
1955 1460 90 53 W.
2079 1458 313 71 Colegrove

435 1536 1537 69 … Boston, Mass., World peace foundation, 1930.
442 1619 990 52 4 p. l. , 234, xx p. fold. maps. 20ᶜᵐ.
379 1690 52 52 ©
467 1693 130 48 Sept.
630 1692 69 48 15,
734 1690 140 49 1930;
910 1689 68 44 2c.
1013 1691 110 41 Jan.
1157 1691 26 39 2,
1232 1690 108 41 1931;
1409 1690 82 41 aff.
1528 1690 109 41 Jan.
1672 1689 53 49 9;
1761 1690 43 40 A
1835 1689 173 49 32829;
2045 1691 169 40 World
2249 1701 143 38 peace

445 1750 309 41 foundation.
825 1748 282 51 (31-26043)

375 1847 230 64 Collier,
635 1846 257 55 William
924 1845 211 55 Miller.

507 1924 1733 69 … Annual cumulative supplement [1931] (including all
374 1944 1997 116 previous
558 2006 390 69 supplements
972 2006 111 52 and
1107 2010 59 46 to
1190 2004 319 53 November
1536 2009 45 53 1,
1609 2002 161 70 1930)
1803 2010 57 46 to
1887 2003 213 55 Collier

375 2003 1998 151 on bankruptcy. 13th ed. … with amendments enacted
1947 2083 140 66 May
2121 2084 84 56 27,
2246 2086 148 49 1926.

377 2161 1591 74 By Ralph E. Rogers … Albany, N. Y., Matthew
1997 2163 227 51 Bender
375 2180 1996 134 company,
577 2243 421 68 incorporated,
1032 2244 150 49 1931.

447 2322 547 52 2 p. l. , 801 p. 25ᶜᵐ.
381 2394 52 52 ©
464 2399 110 39 Jan.
605 2395 68 48 10,
704 2394 141 43 1931;
878 2394 67 41 2c.
976 2395 96 39 and
1102 2393 82 40 aff.
1217 2394 110 39 Jan.
1359 2393 81 40 12:
1473 2392 41 39 A
1543 2390 173 49 32796;
1750 2392 240 40 Matthew
2020 2393 193 39 Bender
2244 2393 37 40 &
2311 2402 82 36 co.,

451 2455 91 41 inc.

378 2550 306 57 Columbia
719 2547 354 66 university.
1149 2549 157 68 Dept.
1356 2549 64 70 of
1449 2547 272 69 Spanish.

511 2626 1663 73 … A home study course in elementary Spanish (pt. 2)
377 2628 1996 152 Prepared
596 2711 182 52 under
818 2709 97 52 the
955 2707 359 68 supervision
1356 2704 64 53 of
1460 2706 96 52 the
1597 2706 383 67 Department
2019 2705 65 52 of

2127 2704 270 69 Spanish,

378 2789 301 56 Columbia
717 2788 336 66 university.
1131 2786 139 51 New
1309 2784 180 57 York,
1529 2783 298 55 Columbia
1867 2783 319 70 university
2224 2802 174 50 press,

379 2872 152 51 1930.

448 2948 338 50 109 p. 23 ᶜᵐ .
383 3020 52 46 ©
461 3023 98 40 Dec
597 3021 69 45 31,
692 3018 141 48 1930;
860 3018 68 42 2c.
953 3018 96 40 and
1074 3016 82 41 aff.
1183 3017 110 39 Jan.
1318 3014 40 44 2,
1385 3015 142 47 1931;
1554 3014 42 39 A
1619 3014 172 47 31861;
1822 3013 252 41 Columbia
2102 3014 118 40 univ
2244 3024 151 38 press.

383 3132 267 62 Conklin,
680 3128 209 57 Edwin
920 3130 209 64 Grant,
1161 3132 171 51 1863-

445 3208 284 71 Heredity
772 3207 112 55 and
927 3205 394 55 environment
1362 3204 60 52 in
1463 3204 95 54 the
1598 3203 394 69 development
2031 3203 64 53 of
2135 3221 145 50 men,
2320 3202 73 70 by

376 3280 2015 68 Edwin Grant Conklin … 6th ed., rev. Princeton, Princeton
376 3365 318 70 university
720 3383 175 51 press,
921 3365 153 50 1930.

449 3441 999 56 9 p. l. , 3-387 p. illus., diagrs. 21 ᶜᵐ .
451 3505 322 41 “References
805 3504 49 39 to
885 3497 290 44 literature”
1193 3509 11 30 :
1236 3508 45 39 p.
1309 3497 219 42 351-359.

385 3564 52 52 ©
463 3567 120 47 Aug.
610 3565 68 48 17,
706 3561 141 48 1929;
875 3561 69 41 2c.
970 3560 110 40 Jan.
1107 3559 69 47 17,
1203 3556 141 42 1931;
1375 3555 82 41 aff.
1485 3556 110 40 Feb.
1623 3556 54 46 4;
1706 3555 42 39 A
1773 3554 171 48 32871;
1975 3555 261 41 Princeton
2266 3556 129 41 univ.

454 3634 150 38 press.
675 3618 253 52 (31-2451)

381 3718 195 65 Coyle,
610 3717 187 55 Grace
829 3712 318 65 Longwell,
1183 3715 170 51 1892-

512 3786 1879 77 … Social process in organized groups, by Grace Longwell
381 3878 192 67 Coyle.
650 3875 139 52 New
820 3871 183 66 York,
1031 3870 68 53 R.
1131 3870 68 51 R.
1234 3866 210 69 Smith,
1473 3866 127 67 inc.,
1635 3868 150 51 1930.

449 3960 96 46 xiv,
574 3958 85 39 245
688 3968 43 38 p.
791 3955 148 41 19½ᶜᵐ.
1009 3953 409 50 (Contemporary
1447 3948 183 49 society
1661 3948 176 50 series)
