2428 4370
1012 4021 132 48 1569

82 421 176 62 Lake,
288 421 209 53 Stuart
529 418 72 53 N.

79 487 1966 150 Wyatt Earp, frontier marshal, by Stuart N. Lake … Boston and New York, Houghton Mifflin company, 1931.
150 655 94 44 xiv,
273 654 85 41 392
386 665 41 36 p.
488 653 163 46 front.,
679 653 170 47 plates,
878 652 162 46 ports.,
1068 648 190 41 facsim.
1318 648 146 40 22½ᶜᵐ.

82 722 50 51 ©
167 726 99 39 Oct.
301 726 38 45 7,
373 722 139 47 1931;
546 723 66 40 2c.
647 723 95 40 and
775 720 80 43 aff.
889 721 102 40 Oct.
1025 719 80 40 12:
1142 720 39 38 A
1212 718 170 47 44107;
1421 719 44 40 S.
1500 718 55 41 N.
1590 718 143 47 Lake,
1771 716 97 40 San
1902 716 165 47 Diego,

152 781 141 40 Calif.
369 778 279 50 (31-29184)

82 890 182 62 Laun,
293 889 212 52 Justus
535 887 352 64 Ferdinand,
920 892 170 49 1899-

145 967 182 52 Unter
363 964 196 54 Gottes
594 964 285 67 führung;
918 961 287 69 Zeugnisse
1242 960 291 68 religiöser
1570 976 351 51 erneuerung
77 974 1968 121 moderner
318 1042 311 66 menschen,
670 1042 151 66 hrsg.
866 1058 110 34 von
1020 1040 55 53 J.
1120 1038 331 53 Ferdinand
1496 1038 177 52 Laun.
1756 1036 206 69 Gotha,
2006 1036 63 51 L.

75 1121 172 53 Klotz
283 1123 172 65 [1931]

148 1198 468 49 vii, 220 p. 19 ½ᶜᵐ .
83 1266 1989 55 © Dec. 22. 1930: 1c. June 10, 1931; A —Foreign 12950; Leopold Klotz
148 1330 178 46 verlag.
398 1327 278 47 (31-28996)

81 1436 375 63 Lownsbery,
489 1435 212 55 Eloise.

154 1515 116 54 Out
297 1516 63 52 of
386 1516 93 53 the
508 1514 180 65 flame,
715 1516 33 51 by
814 1514 190 53 Eloise
1030 1514 373 66 Lownsbery;
1433 1513 325 53 illustrated
1783 1513 76 68 by
83 1512 1966 135 Elizabeth

254 1594 173 66 Tyler
462 1593 266 53 Wolcott.
803 1592 138 52 New
981 1591 179 68 York,
1199 1592 270 67 Toronto,
1508 1592 345 67 Longmans,
1891 1589 180 52 Green

85 1672 109 53 and
225 1689 97 46 co.,
351 1674 149 50 1931.

148 1749 948 50 xiii, 352 p. incl. front., illus. 20 ᶜᵐ .
148 1820 417 42 “First édition .”
85 1889 50 51 ©
165 1892 101 41 Oct.
294 1893 39 45 1,
362 1890 140 48 1931;
532 1891 67 41 2c.
630 1891 102 41 Oct.
759 1891 51 41 8;
842 1890 81 41 aff.
953 1890 103 41 Oct.
1084 1892 53 45 7;
1166 1891 42 38 A
1234 1889 171 48 42933;
1437 1890 286 48 Longmans,
1756 1889 154 41 Green
1940 1894 37 40 &
2006 1900 66 30 co.

161 1948 278 50 (31-25969)

85 2059 206 63 Lucas,
330 2058 151 54 Cleo.

153 2137 49 68 I,
224 2137 189 69 Jerry,
434 2136 131 52 take
587 2137 143 67 thee,
752 2136 168 66 Joan,
942 2137 75 68 by
1041 2134 134 55 Cleo
1199 2136 198 51 Lucas.
1460 2135 231 54 Garden
1717 2136 152 68 City,
1894 2135 69 51 N.
1989 2136 88 66 Y.,

83 2211 352 68 Doubleday,
463 2211 197 52 Doran
688 2211 112 52 and
825 2228 298 50 company,
1149 2210 419 68 incorporated,
1597 2213 151 49 1931.

153 2294 26 39 5
207 2304 39 37 p.
313 2324 8 17 l.,
349 2293 86 41 297
464 2304 42 36 p.
567 2292 144 41 19½ᶜᵐ.

155 2364 160 40 “First
531 2363 36 41 édition.”

88 2431 50 51 ©
169 2435 125 47 Sept.
323 2434 68 47 24,
421 2433 111 41 1931;
591 2434 66 41 2c.
687 2436 94 38 and
808 2433 81 41 aff.
919 2434 103 42 Oct.
1050 2435 52 46 7;
1133 2434 41 39 A
1201 2432 171 49 42978;
1405 2434 48 41 C.
1484 2434 171 49 Lucas,
1686 2434 222 48 Chicago.

162 2490 278 49 (31-29018)

86 2601 374 63 McNamara,
488 2602 162 52 Nora
677 2603 78 53 M.

154 2677 119 52 The
296 2676 200 69 theory
522 2678 112 51 and
657 2677 212 53 science
892 2676 65 53 of
980 2678 408 68 cosmetology;
1418 2696 31 34 a
1474 2677 277 68 practical
1775 2677 306 54 handbook

85 2752 1969 132 for the cosmetologist, by Nora M. McNamara … and Sallyneill
257 2831 1824 72 W. Braden … [Los Angeles, Calif., Adair publishing
86 2913 300 64 co., ᶜ1 931]
156 2992 82 39 143
269 3002 43 38 p.
371 2992 128 40 illus.
559 2992 117 40 19ᶜᵐ.
790 2991 129 48 $3.00

157 3062 233 40 “Revised
610 3061 37 41 édition.”

159 3118 143 40 “This
335 3120 133 38 work
501 3118 42 40 is
578 3128 26 30 a
641 3118 311 48 compilation
986 3118 51 40 of
1071 3119 81 39 the
1186 3120 210 38 lectures
1430 3119 140 48 given
1607 3120 94 38 and
1739 3120 80 39 the
1854 3120 224 39 research

88 3176 262 46 completed
380 3175 60 47 by
471 3175 128 39 Nora
633 3175 62 40 M.
727 3175 291 39 McNamara
1050 3176 93 38 and
1179 3174 252 48 Sallyneill
1464 3176 70 39 W.
1568 3176 193 39 Braden
1792 3175 176 48 during
1998 3176 83 39 the

90 3234 105 44 past
223 3242 142 29 seven
392 3241 141 37 years
561 3233 51 37 at
643 3232 80 38 the
750 3230 229 40 National
1010 3231 158 40 school
1202 3230 51 41 of
1282 3231 352 41 cosmeticians.
1664 3232 116 39 New
1810 3232 142 47 York,
1984 3232 94 39 and

90 3289 81 38 the
203 3288 161 39 Frank
397 3287 215 47 Wiggins
642 3288 140 38 trade
812 3287 176 42 school.
1023 3286 92 41 Los
1147 3288 218 47 Angeles.
1398 3287 511 41 California.”—Pref.

93 3354 50 51 ©
179 3359 123 46 Sept
336 3363 39 42 1,
406 3358 139 46 1931;
579 3358 66 40 2c.
681 3358 124 47 Sept.
839 3359 80 45 17;
955 3358 80 39 aff.
1070 3358 101 40 Oct.
1205 3359 81 45 17;
1320 3359 40 38 A
1390 3358 170 46 42414;
1597 3359 55 39 N.
1687 3360 61 37 M.
1784 3358 292 40 McNamara

159 3417 94 38 and
286 3415 249 47 Sallyneill
565 3416 71 40 W.
667 3416 207 41 Braden,
904 3416 94 39 Los
1028 3416 218 45 Angeles.
1317 3414 279 49 (31-25195)

93 3521 215 65 Magill,
341 3523 247 54 Roswell
624 3525 227 62 Foster,
890 3530 171 49 1895-
1273 3525 84 52 ed.

161 3598 1856 72 Cases on business organization, edited by Roswell Magill …
97 3678 1985 69 assisted by Warner H. Mendel … v. l. [New York, Printed
95 3756 1432 70 by Columbia university. School of law, ᶜ1 931]
157 3836 25 38 3
210 3847 42 36 p.
281 3838 43 43 1,
353 3836 81 40 651
464 3848 40 36 p.
569 3837 115 42 27ᶜᵐ.

97 3899 50 51 ©
178 3905 125 40 Sept.
332 3906 68 41 23.
430 3906 104 41 1931:
602 3908 66 41 2c.
699 3910 93 38 and
822 3909 82 40 aff.
937 3909 126 48 Sept.
1094 3908 82 46 30;
1210 3909 40 38 A
1279 3908 170 46 42709;
1484 3909 55 40 R.
1571 3908 183 48 Magill,
1786 3910 117 38 New
1933 3908 141 41 York.

175 3960 275 52 (31-29041)
