2575 4398
1302 4056 67 49 28

463 494 9 16 xv,
499 464 89 40 997
617 473 42 37 p.
721 462 118 41 24ᶜᵐ.

394 520 177 41 Tables
605 530 61 29 on
699 519 367 49 lining-papers.

330 588 53 53 ©
411 593 111 40 Jan.
550 592 70 48 12,
648 591 143 48 1931;
820 592 68 40 2c.
917 592 97 40 and
1043 591 83 42 aff.
1155 592 111 41 Jan.
1295 593 83 47 13;
1408 593 43 38 A
1476 590 148 43 33139;
1681 593 52 43 P.
1762 593 304 42 Blakiston’s
2095 605 89 30 son
2214 594 36 42 &
2278 605 83 34 co.,

396 651 92 41 inc.
561 648 256 53 (31-1791)

327 761 164 65 Pyle,
520 760 261 57 William
810 762 229 64 Henry,
1072 764 173 53 1875-

395 841 125 54 The
552 840 358 71 psychology
945 839 65 54 of
1043 840 98 53 the
1173 856 263 39 common
1469 840 297 71 branches,
1800 841 143 54 with
1978 842 283 54 abstracts
2295 842 64 54 of

323 919 2036 71 the source material, by William Henry Pyle … Baltimore,
323 998 295 56 Warwick
649 999 114 53 and
791 998 183 68 York,
1002 999 129 68 inc.,
1162 1002 153 50 1930.

395 1080 704 50 vii, 381 p. diagr. 19½ ᶜᵐ .
400 1151 131 42 “The
564 1162 211 39 purpose
809 1152 53 40 of
895 1152 101 41 this
1030 1153 125 40 book
1189 1152 42 41 is
1264 1155 50 38 to
1348 1155 75 39 set
1453 1153 139 41 forth
1625 1153 83 41 the
1743 1153 266 49 principles
2044 1153 52 41 of
2133 1155 227 48 teaching

326 1207 218 51 reading,
577 1209 223 49 spelling,
835 1208 369 49 hand-writing,
1239 1211 97 40 and
1369 1209 527 43 arithmetic.”—Pref.

397 1267 230 41 Includes
654 1267 151 40 blank
831 1277 149 39 pages
1009 1270 53 39 at
1088 1269 94 39 end
1207 1267 54 41 of
1288 1268 121 40 each
1436 1267 218 50 chapter.

400 1324 356 42 “References”
785 1327 54 39 at
864 1325 94 41 end
985 1325 53 41 of
1065 1325 122 41 each
1214 1325 219 49 chapter.

329 1392 53 54 ©
421 1397 130 49 Sept.
587 1396 70 50 22,
695 1396 115 42 1930;
875 1395 70 44 2c.
983 1396 103 43 Oct.
1123 1396 53 48 2;
1215 1407 25 30 a
1248 1396 51 44 ff.
1337 1397 112 43 Jan.
1486 1396 39 50 6,
1563 1395 143 51 1931;
1747 1398 42 40 A
1823 1396 174 51 32589;
2038 1397 249 43 Warwick
2325 1399 37 41 &

396 1456 146 47 York,
573 1456 91 40 inc.
737 1454 255 50 (31-1440)

325 1567 406 65 Rackemann,
764 1567 249 55 Francis
1043 1566 213 67 Minot,
1289 1571 173 52 1887-

396 1646 250 57 Clinical
681 1646 241 71 allergy,
958 1644 386 71 particularly
1380 1646 226 53 asthma
1642 1647 113 53 and
1793 1649 113 66 hay
1945 1646 189 69 fever;
323 1647 2010 132 mechanism

557 1724 1799 71 and treatment, by Francis M. Rackemann … New
323 1804 183 69 York,
535 1805 124 54 The
685 1804 342 53 Macmillan
1057 1822 301 51 company,
1393 1808 151 50 1931.

322 1886 2016 98 xx p., 2 l., 617 p. incl. illus., pl., diagrs. 24½ᶜᵐ. (Half-title: Macmillan
435 1944 210 41 medical
674 1943 355 50 monographs)

396 2016 356 49 Bibliography
787 2019 53 38 at
874 2017 93 40 end
1003 2017 52 40 of
1089 2017 119 40 each
1244 2017 207 47 chapter
1485 2019 173 45 except
1694 2017 84 40 the
1866 2018 60 39 last.

329 2084 51 53 ©
409 2088 104 42 Oct.
540 2089 39 48 6,
606 2087 115 42 1931;
778 2089 69 40 2c.
874 2090 97 39 and
999 2089 83 41 aff.
1110 2089 111 41 Jan.
1249 2090 25 39 7;
1332 2089 42 39 A
1399 2087 147 41 33032;
1605 2088 287 40 Macmillan
1919 2099 69 31 co.

406 2146 255 50 (31-1450)

325 2257 319 67 Ransome,
676 2258 256 65 Arthur,
965 2262 175 51 1884-

393 2335 298 56 Swallows
723 2334 116 56 and
869 2335 308 69 Amazons,
1207 2335 75 71 by
1314 2335 228 53 Arthur
1576 2335 313 68 Ransome;
1924 2333 328 56 illustrated
2285 2334 71 70 by

320 2414 220 54 Helene
570 2413 221 57 Carter.
859 2413 432 71 Philadelphia,
1318 2414 57 54 J.
1406 2413 66 54 B.
1503 2413 341 69 Lippincott
1875 2431 298 53 company,
2205 2415 149 50 1931.

392 2495 760 50 343 p. incl. illus., pl. 21 ᶜᵐ .
394 2567 295 42 Illustrated
718 2570 98 47 t.-p.
847 2568 95 41 and
971 2566 372 51 lining-papers.

329 2640 53 53 ©
414 2645 111 41 Jan.
557 2645 69 47 14,
658 2644 142 47 1931;
835 2643 68 42 2c.
935 2644 98 39 and
1064 2643 84 41 aff.
1180 2643 111 40 Jan.
1324 2642 83 47 15;
1441 2642 42 39 A
1513 2640 174 49 32820;
1723 2642 43 41 J.
1800 2642 54 41 B.
1889 2640 283 51 Lippincott
2204 2652 70 31 co.

405 2701 256 51 (31-1519)

323 2798 207 54 Rhode
565 2798 201 54 Island
803 2801 115 52 and
951 2799 266 54 Atlantic
1251 2803 260 64 reporter
1545 2797 207 70 digest,
1787 2797 271 70 covering
2093 2798 78 52 all
2207 2816 152 34 cases

392 2876 270 69 reported
710 2876 62 53 in
819 2876 205 53 Rhode
1073 2875 204 54 Island
1326 2880 226 63 reports
1601 2874 115 53 and
1764 2873 267 54 Atlantic
2079 2879 279 63 reporter,

392 2955 143 53 with
573 2962 233 47 current
843 2954 351 53 cumulative
1230 2953 208 69 pocket
1474 2952 215 53 service
1725 2951 250 71 keeping
2011 2952 118 53 this
2169 2952 189 69 digest

392 3035 216 66 always
641 3039 58 47 to
735 3033 151 68 date,
920 3032 286 69 compiled
1241 3032 116 53 and
1391 3031 193 54 edited
1617 3031 77 69 by
1727 3031 98 53 the
1858 3030 344 69 publisher’s
392 3030 1940 141 editorial

595 3114 150 57 staff.
866 3159 8 9 v.
907 3120 43 49 1.
993 3113 556 70 Descriptive-word
1577 3112 189 54 index.
1847 3112 83 56 St.
1959 3112 167 68 Paul,
2154 3111 206 69 Minn.,

390 3195 856 70 West publishing co. [ ᶜ1 930]
395 3276 465 52 ix, 1632 p. 26 ᶜᵐ .
393 3350 231 40 Lettered
652 3359 61 30 on
739 3359 144 30 cover
901 3358 9 29 :
938 3346 117 42 1828
1081 3348 49 38 to
1157 3347 130 41 date.

394 3409 134 47 “Key
559 3406 206 41 number
795 3403 227 51 system.”

327 3476 53 53 ©
409 3481 114 40 Dec.
553 3479 58 40 18,
712 3477 60 41 1930;
827 3476 69 42 2c.
927 3477 96 39 and
1053 3475 84 41 aff.
1168 3476 111 39 Jan.
1309 3473 69 48 10,
1410 3471 114 42 1931;
1586 3473 42 39 A
1657 3471 148 42 33086;
1863 3473 140 41 West
2030 3473 111 48 pub.
2173 3483 68 29 co.

404 3537 256 50 (31-1363)

324 3632 322 64 Robinson,
677 3629 260 56 William
967 3628 318 64 Josephus,
1319 3630 173 52 1867-

391 3702 1897 77 Woman, her sex and love life, by William J. Robinson …
321 3791 110 53 22d
470 3791 85 52 ed.
631 3790 142 53 New
814 3788 182 66 York,
1037 3785 289 70 Eugenics
1367 3783 341 71 publishing
1745 3801 303 50 company,
2090 3784 152 51 1931.

393 3865 1154 56 20 p., 1 l., 25-415 p. incl. illus., pl. 19½ ᶜᵐ .
328 3940 53 53 ©
411 3945 113 41 Dec.
553 3944 70 47 23,
654 3943 115 41 1930;
828 3942 68 42 2c.
927 3942 112 40 Dec.
1071 3940 56 41 30;
1187 3940 82 41 aff.
1302 3940 112 39 Dec.
1445 3939 57 40 31;
1563 3939 41 38 A
1633 3936 145 42 32661;
1842 3936 152 41 Critic
2026 3935 36 40 &
2092 3934 146 49 guide
2268 3942 83 35 co.,

394 4003 120 41 New
543 4002 146 40 York.
761 3999 254 50 (31-1476)
