2575 4398
1300 4133 71 53 64

324 427 269 65 Starnes,
626 427 229 64 George
883 426 302 65 Talmage.

401 504 170 70 Sixty
609 523 165 51 years
813 504 66 55 of
915 505 217 54 branch
1172 505 261 71 banking
1470 505 62 54 in
1569 505 294 71 Virginia,
1900 505 76 71 by
2017 505 225 71 George
2283 506 65 53 T.

329 583 1817 71 Starnes … New York, The Macmillan company, 1931.
395 667 87 40 viii
510 678 57 38 p.,
595 666 28 40 2
687 699 8 16 l.,
725 666 85 41 142
838 678 42 38 p.
942 667 194 42 facsim.
1198 666 118 42 22ᶜᵐ.

398 724 354 49 Bibliography
771 735 8 29 :
810 736 43 37 p.
882 724 219 42 137-140.

329 778 1737 53 © Jan. 20, 1931; 2c. and aff. Jan. 21; A 33282; Macmillan co.
405 839 252 50 (31-2419)

324 894 281 66 Stewart,
634 896 192 64 Bryce
854 895 317 65 Morrison,
1204 901 172 50 1883-

391 971 484 69 Unemployment
910 971 235 55 benefits
1179 973 61 53 in
1272 973 96 54 the
1402 973 218 55 United
1656 973 206 68 States,
1895 972 97 55 the
2027 972 166 69 plans
2230 973 110 53 and

321 1048 150 56 their
523 1049 229 69 setting,
805 1049 75 71 by
936 1051 185 68 Bryce
1170 1053 80 53 M.
1308 1051 264 70 Stewart,
1624 1052 61 52 in
1739 1051 411 53 collaboration
2204 1051 137 54 with

318 1128 219 53 Jeanne
574 1128 60 54 C.
673 1129 237 68 Barber,
945 1129 171 70 Mary
1153 1130 66 51 B.
1259 1128 219 70 Gilson,
1515 1129 113 53 and
1662 1131 298 67 Margaret
1993 1130 64 54 L.
2093 1130 247 56 Stecker.

320 1206 136 54 New
493 1207 179 67 York,
707 1207 320 53 Industrial
1060 1207 274 55 relations
1365 1208 337 71 counselors,
1736 1208 419 69 incorporated,
2191 1213 150 49 1930.

391 1289 768 51 xviii, 727 p. diagrs. 23½ ᶜᵐ .
391 1349 228 42 Lettered
649 1360 59 30 on
739 1360 169 30 cover:
962 1381 8 9 I.

395 1407 131 42 “The
570 1407 108 42 first
724 1407 49 40 in
821 1418 26 31 a
895 1405 152 44 series
1090 1418 61 31 on
1196 1407 392 51 unemployment
1633 1407 260 43 insurance
1938 1408 158 42 which
2141 1408 100 42 will
2289 1409 57 41 be

320 1463 164 43 issued
515 1465 60 50 by
609 1464 270 43 Industrial
915 1464 236 42 relations
1181 1466 291 47 counselors,
1509 1464 224 49 inc.”—p.
1817 1486 11 30 [v]

393 1522 134 42 “List
561 1522 52 41 of
641 1522 278 40 references
945 1520 159 43 cited”
1123 1533 8 29 :
1167 1532 41 39 p.
1243 1521 219 43 699-702.

328 1576 51 52 ©
414 1580 114 41 Dec.
561 1579 70 48 30,
666 1578 118 42 1930;
844 1579 67 41 2c.
946 1581 97 38 and
1078 1579 83 42 aff.
1197 1580 110 41 Jan.
1343 1579 68 49 10,
1448 1578 142 48 1931;
1628 1579 42 40 A
1702 1580 174 48 33148;
1914 1579 274 42 Industrial
395 1582 1933 96 relations

554 1638 294 41 counselors,
879 1637 93 42 inc.
1046 1637 253 48 (31-2374)

323 1690 279 64 Stewart,
635 1692 250 54 Francis
913 1692 84 64 T.,
1031 1692 173 54 1874-

388 1768 56 52 A
475 1767 233 54 manual
742 1768 64 52 of
838 1785 256 51 surgery,
1129 1768 95 52 for
1257 1767 258 54 students
1549 1769 112 52 and
1694 1767 324 70 graduates,
2052 1768 75 71 by
318 1768 2001 131 Francis

318 1845 2000 149 T. Stewart … and Walter Estell Lee … 6th ed., thoroughly
571 1943 134 50 rev.,
743 1926 142 53 with
924 1925 103 53 787
1068 1923 395 54 illustrations.
1542 1924 428 70 Philadelphia,
2007 1926 65 52 P.
318 1925 2000 133 Blakiston’s

489 2005 650 69 son & co., inc. [ ᶜ193 1]
390 2087 1200 50 xiii, 1307 p. illus. (part col.) col. pl. 24 ᶜᵐ .
392 2145 193 41 Earlier
614 2145 210 42 editions
848 2147 62 49 by
939 2145 204 41 Francis
1169 2146 52 40 T.
1253 2146 212 41 Stewart
1495 2146 124 48 only.

327 2199 52 53 ©
407 2204 110 40 Jan.
543 2204 69 47 16,
639 2202 114 42 1931;
807 2202 69 42 2c.
903 2204 96 39 and
1025 2203 83 41 aff.
1136 2203 109 41 Jan.
1272 2204 56 39 17;
1384 2203 41 39 A
1450 2202 145 41 33218;
1652 2204 51 40 P.
1730 2203 330 41 Blackiston’s
2086 2215 87 30 son
2200 2204 38 41 &
2263 2215 82 37 co.,

395 2261 91 41 inc.
558 2260 252 50 (31-2376)

322 2316 211 53 Texas.
613 2317 180 53 Court
822 2318 64 69 of
916 2317 266 53 criminal
1209 2317 253 68 appeals.

393 2395 1894 70 The Texas criminal reports, cases argued and adjudged …
325 2474 215 70 during
580 2475 171 69 June,
797 2473 265 70 October,
1107 2474 322 53 November
1473 2475 114 52 and
1631 2474 327 67 December,
2043 2517 9 9 A.
2137 2516 9 9 D.
2194 2477 155 65 1929,

324 2552 283 71 January,
644 2553 317 70 February,
996 2553 224 69 March,
1256 2552 194 70 April,
1487 2553 140 70 May
1663 2554 113 53 and
1813 2553 169 70 June,
2060 2596 9 10 A.
2144 2596 10 9 D.
2195 2556 151 50 1930.

325 2634 294 67 Reported
645 2634 76 69 by
747 2634 89 53 W.
865 2634 90 53 W.
984 2632 197 54 Nelms
1208 2634 113 52 and
1347 2633 90 53 W.
1469 2632 61 55 C.
1558 2632 189 53 Wear.
1810 2651 51 33 v.
1893 2636 115 49 113.
2075 2632 273 70 Chicago,

325 2712 324 69 Callaghan
681 2713 113 52 and
826 2729 300 52 company,
1161 2714 151 49 1931.

392 2791 552 50 xxvii, 753 p. 23½ ᶜᵐ .
329 2846 51 52 ©
406 2851 111 40 Jan.
542 2850 70 48 10,
638 2849 113 42 1931;
807 2849 67 42 2c.
900 2851 97 38 and
1023 2849 83 42 aff.
1133 2850 110 40 Jan.
1269 2850 55 39 14;
1379 2850 42 39 A
1445 2849 146 41 33137;
1645 2850 74 41 W.
1746 2847 50 44 C.
1821 2850 161 48 Wear,
2009 2849 193 47 Austin,
2230 2850 115 40 Tex.

323 2905 324 64 Thurston,
678 2905 222 52 Ernest
929 2903 257 65 Temple.

395 2985 158 54 John
605 2986 224 68 Boddy.
907 2985 121 52 The
1080 2984 237 53 duchess
1367 2982 193 54 makes
1611 3003 30 33 a
1692 2987 243 64 gesture,
1984 2982 76 70 by
2109 2982 238 68 Temple

324 3064 309 53 Thurston.

406 3142 84 49 (In
519 3140 234 45 Windsor
786 3140 279 54 magazine,
1099 3140 131 52 Dec.,
1265 3139 146 52 1930)

329 3198 1785 53 © 1c. Jan. 16, 3931; A ad int. 14691; pubd. Nov. 25, 1930; E. T.
396 3260 262 42 Thurston,
689 3261 187 46 Losely,
908 3261 246 45 Ewhurst,
1188 3259 194 48 Surrey,
1414 3258 239 48 England.

325 3312 239 63 Tinker,
596 3315 138 53 Mrs.
768 3313 279 55 Frances.

394 3387 1798 73 Old New Orleans … by Frances Tinker and Edward
321 3388 1997 148 Larocque
552 3467 245 68 Tinker;
831 3466 370 70 frontispiece
1230 3468 73 67 by
1333 3466 216 69 Joseph
1582 3465 266 67 Pennell;
1883 3464 355 57 decorations
2269 3464 74 70 by

322 3545 257 55 Edward
623 3545 61 56 C.
730 3545 257 56 Caswell.
1066 3545 140 55 New
1253 3543 181 73 York,
1474 3543 258 71 London,
1776 3544 70 53 D.
1892 3542 293 70 Appleton
2230 3541 109 55 and

322 3642 299 51 company,
651 3627 154 53 1931.

393 3705 28 40 4
453 3716 43 30 v.
556 3704 177 43 fronts.
824 3704 119 43 19½ᶜᵐ.

396 3764 292 40 Illustrated
719 3762 369 49 lining-papers.

741 3840 60 30 CONTENTS.—[v.
831 3821 42 52 1]
905 3819 214 42 Widows
1150 3819 112 48 only
1301 3819 125 48 (The
1457 3817 334 48 sixties)—[v.
1821 3817 26 41 2]
1896 3816 154 42 Strife
2089 3817 127 48 (The
323 3826 2004 99 seventies)—[v
629 3910 13 10 .
671 3879 42 52 3]
746 3876 172 43 Closed
951 3877 219 40 shutters

1211 3875 126 48 (The
1367 3873 369 48 eighties)—[v.
1766 3874 43 50 4]
1845 3874 159 40 Mardi
2036 3884 112 37 gras
2179 3872 165 41 masks

334 3934 128 47 (The
488 3934 236 47 nineties)

331 3991 52 52 ©
416 3996 109 40 Jan.
557 3994 70 48 26,
658 3994 141 42 1931;
835 3993 67 41 2c.
934 3992 118 41 each
1086 3993 93 38 and
1214 3990 108 41 affs.
1356 3991 109 40 Jan.
1499 3990 82 46 28;
1616 3990 42 39 A
1690 3988 349 46 33368-33371;
2076 3988 52 41 F.
2161 3986 181 41 Tinker

399 4053 97 40 and
525 4053 212 39 Edward
767 4052 248 46 Larocque
1046 4050 194 40 Tinker.
1273 4049 119 39 New
1421 4047 219 42 Orleans.
1715 4046 252 50 (31-2674)
