2505 4370
1074 3997 101 55 137

104 379 219 60 Meyer,
353 375 193 63 Willy,
579 380 169 49 1858-

172 451 240 55 Cancer;
442 451 72 51 its
542 449 205 68 origin,
775 450 74 52 its
878 448 392 66 development
1296 446 111 52 and
1434 445 74 53 its
1536 464 53 33 sel
1620 445 25 51 f
1650 443 343 70 -perpetuati
1999 461 71 35 on;

102 529 92 52 the
220 528 241 69 therapy
492 527 62 52 of
582 526 260 69 operable
870 525 109 53 and
1013 523 323 70 inoperable
1367 539 195 37 cancer
1590 522 60 53 in
1678 522 94 55 the
1800 521 151 70 light
1979 520 64 55 of
2070 540 32 34 a

101 605 259 70 systemic
385 605 325 67 conception
738 603 62 53 of
827 603 389 68 malignancy;
1245 621 30 33 a
1303 604 272 65 research,
1600 601 76 68 by
1701 600 180 71 Willy
1906 600 196 70 Meyer

162 680 1212 69 … New York, P. B. Hoeber. inc., 1931.
173 762 1068 51 xxxiii, 427 p. front., illus., ports. 24 ᶜᵐ.
174 822 115 43 Five
320 822 52 40 of
399 824 81 38 the
510 820 206 41 sections
747 820 229 47 preceded
1006 820 58 46 by
1096 818 236 41 half-title
1360 820 85 39 not
1473 818 221 41 included
1725 818 47 39 in
1803 819 82 40 the
1914 819 190 48 paging.

174 878 100 41 The
307 878 104 39 first
450 878 54 38 29
539 878 225 45 chapters
798 886 83 29 are
917 875 235 40 revisions
1187 875 52 40 of
1275 875 197 40 articles
1507 875 155 41 which
1700 878 242 45 appeared
1980 875 124 40 from

105 936 111 40 1923
249 938 48 37 to
327 934 115 41 1927
477 934 148 39 under
659 933 81 39 the
772 932 209 48 heading
1013 931 170 41 “Some
1211 931 137 40 notes
1379 942 59 30 on
1470 932 199 41 cancer”
1706 932 47 39 in
1785 933 84 40 the
1901 932 202 40 Journal

105 993 52 39 of
183 1001 169 32 cancer
381 990 236 46 research,
651 991 46 36 in
729 988 80 41 the
838 987 254 42 American
1121 988 195 47 journal
1347 987 53 41 of
1428 988 82 41 the
1537 988 206 41 medical
1771 988 210 41 sciences
2013 990 94 40 and

104 1048 49 40 in
181 1049 82 40 the
286 1046 207 41 Medical
520 1046 192 47 journal
742 1046 94 39 and
864 1046 167 39 record.
1101 1044 61 49 cf.
1189 1044 129 42 Pref.

177 1102 344 43 “References”
551 1105 51 38 at
631 1103 91 39 end
751 1101 51 40 of
827 1103 125 38 most
978 1101 52 40 of
1056 1101 82 40 the
1164 1101 238 47 chapters.

115 1172 51 52 ©
191 1176 109 39 Jan.
325 1174 69 48 28,
422 1172 105 41 1931;
589 1173 66 40 2c.
682 1172 109 40 Jan.
817 1171 82 47 30;
928 1170 81 41 aff.
1037 1171 110 40 Jan.
1172 1169 83 48 29;
1284 1170 41 39 A
1350 1170 171 48 34068;
1551 1171 122 40 Paul
1701 1172 54 41 B.
1782 1172 205 47 Hoeber,
2015 1172 92 41 inc.

194 1231 251 50 (31-3554)

110 1326 237 65 Miguel,
376 1325 261 54 Antonio
665 1325 89 54 de.

177 1400 1931 69 Nuevo compendio de la gram á tica espa ñ ola, por Antonio de
107 1480 237 69 Miguel,
380 1498 139 49 para
559 1479 83 52 las
681 1479 244 52 escuelas
962 1477 639 70 hispano-americanas,
1639 1478 470 67 completamente

109 1554 2000 69 reformado de acuerdo con la ortograf í a moderna de la Real
109 1632 2000 69 academia espa ñ ola. Nueva York, D. Appleton y compa ñí a
114 1715 192 66 [ᶜ1931]

176 1791 633 50 xviii p., 1 l., 113 p. 18 ½ᶜᵐ.
119 1861 51 52 ©
198 1865 110 40 Jan.
335 1864 69 48 23,
434 1863 138 48 1931;
603 1863 68 41 2c.
699 1864 97 38 and
823 1862 82 42 aff.
934 1863 109 40 Jan.
1072 1861 82 49 26;
1185 1863 41 38 A
1254 1862 171 48 33344;
1457 1863 58 41 D.
1544 1863 244 49 Appleton
1812 1863 38 41 &
1877 1874 67 30 co.

196 1920 249 50 (31-2782)

112 2015 208 65 Miller,
350 2014 209 53 Edwin
587 2014 185 54 Lillie.

182 2095 138 52 New
361 2094 247 68 English
646 2093 389 68 composition.
1113 2093 163 51 Book
1313 2097 49 48 4.
1438 2095 90 69 By
1570 2093 208 53 Edwin
1816 2095 63 51 L.
1920 2093 195 54 Miller

176 2170 1935 71 … Boston, New York [etc.] Houghton Mifflin company [ᶜ1930]
190 2249 823 51 viii, 232 p. front. (port.) 19 ½ ᶜᵐ.
123 2319 51 53 ©
208 2324 112 41 Dec.
351 2322 70 49 30,
456 2321 140 48 1930;
632 2321 67 41 2c.
733 2322 110 40 Jan.
878 2322 38 48 5,
952 2320 139 49 1931;
1128 2321 83 41 aff.
1246 2321 111 41 Jan.
1390 2321 54 48 3;
1480 2321 43 40 A
1555 2320 172 49 32543;
1764 2322 53 42 E.
1852 2322 50 41 L.
1940 2321 175 51 Miller,

189 2380 205 42 Detroit.

117 2476 432 62 Montgomery,
583 2474 191 53 David
807 2474 224 61 Henry.

117 2550 1972 148 … The leading facts of American history, by D. H. Montgomery …
519 2629 138 53 New
690 2646 112 34 rev.
836 2629 83 51 ed.
997 2629 234 69 Boston,
1263 2629 139 53 New
1435 2629 164 52 York
1654 2633 119 63 [etc.]
1812 2628 157 56 Ginn
2001 2629 112 52 and

116 2725 278 50 company
431 2709 192 65 [ᶜ1930]

191 2786 1777 50 xii, 442, xcviii p. incl. col. front., illus. maps (part double) 20½ ᶜᵐ.
130 2845 123 49 (The
280 2845 197 48 leading
501 2844 129 41 facts
660 2843 52 41 of
738 2843 188 49 history
956 2841 175 50 series)

194 2902 70 39 “A
295 2902 137 40 short
463 2901 86 40 list
582 2902 50 39 of
664 2901 146 40 books
843 2911 59 30 on
934 2900 258 40 American
1224 2901 247 48 history”:
1505 2912 43 37 p.
1581 2901 337 41 xxxi-xxxvii.

127 2967 51 52 ©
208 2973 111 40 Dec.
348 2973 68 46 31,
448 2970 114 41 1930;
618 2971 66 40 2c.
716 2972 111 39 Feb.
855 2971 41 48 2,
926 2969 114 42 1931;
1100 2970 82 42 aff.
1213 2971 110 41 Jan.
1354 2970 58 41 30;
1468 2972 42 38 A
1538 2970 147 41 33494;
1744 2971 127 41 Ginn
1902 2972 36 39 &
1967 2982 68 29 co.

205 3028 250 50 (31-3607)

122 3123 215 63 Moore,
367 3122 254 53 Edward
651 3121 258 66 Colman,
940 3122 171 56 1877-

193 3200 179 68 Forty
416 3218 164 52 years
625 3202 65 51 of
734 3218 171 49 opera
950 3199 60 52 in
1057 3198 271 71 Chicago,
1373 3200 76 69 by
1494 3201 254 53 Edward
1794 3201 64 56 C.
1903 3201 213 53 Moore.

123 3278 136 53 New
288 3278 179 68 York,
492 3279 76 52 H.
596 3278 319 69 Liveright,
946 3279 150 52 1930.

193 3358 1120 49 4 p. l. , 3-430 p. front., plates, ports. 24½ ᶜᵐ.
131 3425 51 52 ©
215 3429 100 41 Oct.
347 3430 69 44 31,
450 3429 117 40 1930;
623 3430 67 41 2c.
723 3430 111 40 Feb.
866 3428 40 50 9,
938 3428 106 41 1931;
1114 3428 81 42 aff.
1230 3430 111 40 Feb.
1374 3428 81 49 10;
1491 3430 42 39 A
1564 3429 171 49 34275;
1771 3430 54 41 E.
1859 3429 50 42 O.
1943 3430 177 48 Moore,

198 3486 222 49 Chicago.
491 3486 279 48 (31-26070)

127 3578 309 66 Morrison,
466 3580 195 63 Lacey
687 3581 259 64 Harvey,
979 3586 171 49 1881-

192 3656 1929 69 American Diesel engines, by L. H. Morrison … 1st ed. New
129 3732 157 53 York
311 3733 113 52 and
454 3734 252 69 London,
733 3733 427 54 McGraw-Hill
1185 3734 148 53 book
1360 3752 295 51 company,
1684 3734 125 68 inc.,
1840 3737 148 51 1931.

196 3812 1441 51 viii, 606 p. incl. front., illus., diagrs. 23½ ᶜᵐ. $5.00
135 3882 51 52 ©
218 3887 109 41 Jan.
357 3887 70 49 28,
460 3887 112 40 1931;
634 3887 66 42 2c.
733 3888 108 39 Jan.
874 3888 55 40 31;
991 3886 82 42 aff.
1107 3888 110 41 Feb.
1248 3887 28 40 2;
1337 3888 42 39 A
1410 3888 144 40 33477;
1617 3888 351 41 McGraw-Hill
2001 3888 124 39 book

201 3954 80 39 co.,
309 3945 90 40 inc.
470 3944 249 49 (31-3570)
