2505 4370
1259 4020 106 57 796

314 360 1150 74 Pennsylvania. Laws , statutes , etc .
386 439 287 55 Purdon’s
708 441 429 70 Pennsylvania
1174 444 260 67 statutes,
1469 442 327 52 annotated.
1872 443 350 52 Permanent
2257 442 83 54 ed.

315 518 58 53 A
411 517 376 70 compilation
826 519 64 53 of
929 519 97 54 the
1064 521 232 68 general
1338 521 114 53 and
1490 525 341 64 permanent
1868 521 140 53 laws
2048 520 156 54 from
2244 520 96 54 the

315 616 138 50 year
489 597 136 55 1700
656 604 59 47 to
750 603 228 63 present
1010 599 142 52 time
1182 599 263 69 together
1479 598 141 53 with
1655 600 368 54 annotations
2057 600 154 52 from
2244 600 97 53 the

314 695 153 35 cases
500 676 336 70 construing
871 677 160 54 those
1064 678 155 52 laws.
1297 676 154 54 Title
1487 679 81 51 53.
1643 678 325 69 Municipal
2004 680 115 53 and
315 678 2000 144 quasimunicipal

675 754 411 68 corporations.
1166 756 63 66 §§
1276 758 170 50 12221
1488 759 59 51 to
1587 757 125 52 end.
1790 757 296 68 Prepared
2128 756 75 70 by
2245 756 96 52 the

313 832 343 69 publishers’
686 834 269 53 editorial
986 832 150 55 staff.
1215 834 432 69 Philadelphia,
1680 836 120 67 Pa.,
1831 834 223 69 George
2084 836 65 52 T.
2184 835 155 54 Bisel

315 927 109 51 co.;
462 912 267 69 Newark,
763 912 70 53 N.
869 912 76 70 J.,
980 912 189 69 Soney
1204 914 45 50 &
1287 912 149 70 Sage
1468 931 111 49 co.;
1619 912 83 55 St.
1739 914 168 69 Paul,
1940 912 207 72 Minn.,
2178 914 162 54 West

314 991 340 69 publishing
684 1009 80 35 co.
802 994 194 65 [ᶜ1931]

386 1073 26 38 2
479 1104 9 9 v.
547 1072 149 40 24½ᶜᵐ.

318 1125 52 53 ©
413 1131 116 46 May
569 1130 69 47 27,
680 1128 142 48 1931;
864 1128 69 41 2c.
974 1129 120 40 each
1135 1129 130 40 June
1304 1130 83 42 11;
1431 1129 110 42 affs.
1584 1130 127 40 June
1752 1130 84 47 12;
1878 1130 41 39 A
1959 1129 161 51 37893,
2161 1130 173 44 37894;

392 1187 186 48 George
604 1187 53 40 T.
684 1186 133 41 Bisel
843 1197 82 38 co.,
956 1187 157 48 Soney
1140 1190 38 41 &
1205 1186 125 49 Sage
1356 1197 68 31 co.
1452 1188 97 39 and
1575 1188 136 41 West
1739 1188 111 49 pub.
1877 1198 69 32 co.

309 1297 329 66 Philémon,
672 1297 259 57 Césaire.

309 1376 2028 134 … La montagne Pelée et l’effroyable destruction de Saint-Pierre
548 1456 411 71 (Martinique)
996 1457 52 52 le
1077 1461 29 49 8
1132 1456 117 53 mai
1280 1458 164 65 1902;
1474 1458 52 51 le
1553 1458 246 67 brusque
1825 1456 177 54 réveil
2029 1459 79 52 du
2136 1458 202 52 volcan

309 1555 67 34 en
420 1539 152 50 1929.
651 1533 101 55 Éd.
796 1535 298 69 originale.
1171 1535 511 70 Fort-de-France,
1723 1535 151 55 Chez
1914 1536 272 68 l’auteur;
311 1537 2003 147 Paris,

436 1612 1435 72 Impressions Printory et G. Courville [ ᶜ1930]
375 1694 1378 52 4 p. l., [11]-211 p., 1 l. plates, fold. maps. 22 ½ᶜᵐ .
378 1753 74 39 “Il
489 1764 28 29 a
556 1752 77 42 été
669 1752 96 40 tiré
800 1753 59 39 de
896 1754 76 39 cet
1006 1761 214 38 ouvrage
1257 1751 262 49 cinquante
1557 1753 324 48 exemplaires
1920 1764 82 30 sur
2038 1754 170 48 papier
2247 1764 89 38 pur

307 1809 47 40 fil
385 1809 227 48 Lafuma,
642 1810 281 40 numérotés
952 1811 57 39 de
1036 1811 25 38 1
1094 1810 27 40 à
1151 1809 69 44 50,
1253 1809 83 49 qui
1366 1809 298 41 constituent
1694 1810 217 40 l’édition
1943 1811 280 47 originale.”

316 1865 2019 52 © Dec. 21, 1930; 1c. Feb. 6, 1931; A— Foreign 10883; Césaire Philémon,
383 1926 423 46 Fort-de-France,
838 1924 314 49 Martinique,
1184 1925 136 40 West
1352 1925 180 41 Indies.
1603 1925 282 49 (31-13052)

306 2020 320 65 Pillsbury,
657 2021 177 63 Mary
866 2018 331 57 Elizabeth.

441 2096 1892 72 … Nursing care of communicable diseases; a text-book of
307 2175 404 71 prophylactic
750 2175 253 53 technics
1045 2174 93 54 for
1178 2176 98 52 the
1317 2173 340 70 prevention
1696 2177 114 53 and
1850 2177 221 52 control
2113 2178 65 53 of
308 2177 2000 145 disease,
487 2255 76 69 by
601 2255 175 68 Mary

307 2253 2024 134 Elizabeth Pillsbury … 116 illustrations. 2d ed. rev.
624 2332 413 68 Philadelphia
1077 2336 46 49 &
1160 2333 264 67 London,
1462 2333 57 54 J.
1560 2334 66 52 B.
1667 2332 342 68 Lippincott
2047 2351 285 51 company

310 2445 13 35 [
351 2416 135 50 ᶜ1931
493 2446 13 34 ]

379 2490 1953 52 5 p. l., 463 p. illus., diagrs. (1 fold.) 21½ᶜᵐ. (Lippincott’s nursing
306 2551 227 41 manuals
544 2550 15 49 )

379 2609 158 39 Extra
573 2607 334 41 unnumbered
941 2617 147 37 pages
1121 2605 81 40 for
1234 2608 140 38 notes
1409 2616 61 29 on
1505 2606 194 47 specific
1733 2606 217 41 diseases
1983 2606 348 49 interspersed.

379 2665 300 42 “Reference
706 2663 258 41 material”:
1024 2674 43 38 p.
1095 2662 223 42 438-450.

313 2720 51 53 ©
395 2725 113 40 Feb.
536 2723 70 49 26,
636 2721 141 49 1931;
810 2722 68 41 2c.
908 2723 94 38 and
1032 2721 82 40 aff.
1147 2722 114 47 May
1292 2721 81 47 18;
1406 2721 42 39 A
1474 2720 173 49 38263;
1681 2722 44 41 J.
1756 2723 55 39 B.
1842 2721 282 49 Lippincott
2153 2732 68 31 co.

390 2780 283 50 (31-13328)

303 2877 234 65 Powell,
564 2876 153 55 Van.

375 2956 124 55 The
543 2956 263 70 Mystery
851 2957 140 67 boys
1039 2956 114 53 and
1202 2952 255 71 Captain
1502 2953 214 56 Kidd’s
1760 2972 270 52 message,
2076 2954 78 70 by
2199 2952 131 55 Van

304 3033 2021 69 Powell … New York, Chicago, A. L. Burt company [ᶜ1931]
375 3115 86 40 281
492 3127 43 37 p.
595 3115 150 40 front.
811 3114 148 41 19½ᶜᵐ.
1052 3114 94 40 (His
1177 3114 104 39 The
1311 3114 220 47 Mystery
1561 3112 142 48 boys)

311 3168 52 53 ©
392 3174 115 47 May
534 3173 41 49 2,
604 3173 110 40 1931;
776 3172 68 42 2c.
874 3173 114 46 May
1017 3172 25 38 5;
1100 3170 82 41 aff.
1215 3172 113 47 May
1358 3172 29 39 8;
1444 3172 39 38 A
1510 3170 172 48 38001;
1716 3172 54 41 A.
1801 3171 51 41 L.
1883 3172 128 40 Burt
2038 3180 68 31 co.
389 3229 284 51 (31-13593)

374 3328 123 52 The
531 3328 263 68 Mystery
827 3328 142 68 boys
1003 3327 113 52 and
1153 3326 96 52 the
1284 3323 208 54 Hindu
1526 3330 273 64 treasure,
1832 3325 77 69 by
1943 3323 132 54 Van
2110 3322 214 54 Powell

368 3403 1655 72 … New York, Chicago, A. L. Burt company [ᶜ1931]
374 3487 87 41 288
491 3497 44 38 p.
595 3486 151 41 front.
808 3485 146 41 19½ᶜᵐ.
1048 3485 95 40 (His
1172 3485 105 39 The
1308 3484 219 47 Mystery
1558 3483 142 48 boys)

311 3540 52 53 ©
392 3546 116 47 May
533 3544 70 48 21,
632 3542 107 42 1931;
804 3543 66 40 2c.
900 3544 94 38 and
1023 3542 83 40 aff.
1136 3544 113 46 May
1278 3540 83 43 22;
1393 3542 39 38 A
1459 3541 172 47 38336;
1663 3541 55 42 A.
1748 3544 51 39 L.
1828 3542 125 39 Burt
1983 3551 67 30 co.
388 3600 283 50 (31-13595)

376 3699 123 53 The
528 3698 262 69 Mystery
817 3698 139 65 boys
985 3695 115 55 and
1125 3695 97 54 the
1248 3698 179 51 secret
1454 3693 64 53 of
1545 3694 97 53 the
1669 3692 224 55 Golden
1925 3690 138 71 Sun,
2090 3692 78 68 by
2195 3688 129 55 Van

305 3771 1944 72 Powell … New York, Chicago, A. L. Burt company [ ᶜ1931 ]
375 3854 87 42 285
492 3866 42 37 p.
595 3855 149 40 front.
807 3855 146 40 19½ᶜᵐ.
1048 3854 94 40 (His
1172 3854 104 39 The
1306 3853 220 46 Mystery
1556 3852 143 46 boys)

311 3908 52 53 ©
394 3915 75 37 May
534 3914 69 43 21,
632 3912 107 40 1931;
802 3911 69 43 2c.
900 3913 95 39 and
1024 3911 81 41 aff.
1136 3912 114 47 May
1279 3910 82 47 22;
1393 3911 42 38 A
1461 3909 172 48 38338;
1665 3908 54 42 A.
1748 3909 53 41 L.
1830 3909 124 39 Burt
1982 3918 69 29 co.
387 3969 283 51 (31-13594)
