2575 4398
1339 4067 71 52 46

434 455 1838 52 2 p. l., 187 p. front., plates. 19 ½ᶜᵐ . (Her Honey Bunch books)
370 509 52 53 ©
454 514 110 40 Jan.
595 512 69 49 12,
697 512 142 48 1931;
872 513 69 42 2c.
972 514 111 41 Jan.
1114 514 83 46 17;
1231 512 82 42 aff.
1346 514 112 40 Jan.
1489 515 83 46 14;
1606 515 41 39 A
1677 513 148 43 33225;
1885 515 205 42 Grosset
2118 516 39 41 &
2186 515 213 51 Dunlap,

441 571 92 40 inc.
605 571 255 48 (31-1923)

364 652 325 67 Thwaites,
720 653 246 54 Reuben
1000 653 165 68 Gold,
1201 658 331 52 1853-1913.

495 729 1901 74 … A history of the United States for grammar schools, by
360 808 2013 134 Reuben Gold Thwaites … and Galvin Noyes Kendall … revised
567 889 1824 73 by Frederic L. Paxson … Boston, New York [etc.]
359 967 1110 73 Houghton Mifflin company [ ᶜ1 931]
432 1052 153 49 xxvii,
627 1052 71 52 [3],
737 1052 101 49 576,
877 1053 105 41 xlix
1019 1063 43 38 p.
1103 1053 108 43 incl.
1248 1053 130 41 illus.
1409 1053 137 50 (part
1581 1055 113 49 col.)
1743 1065 140 39 maps
1912 1056 47 50 (1
1999 1055 199 52 double)
2246 1060 150 46 ports,

361 1111 175 40 double
565 1121 127 38 map.
864 1143 9 9 20ᶜᵐ.
945 1110 125 51 (The
1101 1111 204 49 Tappan
1339 1111 211 41 Kendall
1585 1110 256 52 histories)

434 1169 240 41 “Revised
709 1171 96 39 and
839 1169 232 48 enlarged
1105 1167 228 43 edition.”

435 1225 417 43 “Recommended
898 1225 288 49 readings”:
1232 1235 44 40 p.
1321 1226 210 42 575-576
1572 1228 97 40 and
1712 1229 52 39 at
1809 1229 91 40 end
1945 1227 53 42 of
2044 1238 130 33 some
2219 1231 53 38 of
2316 1230 82 42 the

359 1283 243 49 chapters.

367 1338 52 53 ©
449 1343 113 41 Jan.
591 1342 38 49 8,
659 1341 143 48 1931;
832 1341 68 41 2c.
929 1342 112 40 Jan.
1070 1340 83 48 12;
1184 1340 84 42 aff.
1298 1341 113 41 Jan.
1439 1340 84 48 10;
1554 1342 41 39 A
1624 1340 173 50 32742;
1830 1342 271 50 Houghton
2129 1344 175 41 Mifflin
2331 1355 69 32 co.

445 1400 256 51 (31-1784)

362 1483 267 66 Tsanoff,
660 1482 301 55 Radoslav
989 1483 263 65 Andrea,
1287 1485 173 54 1887-

431 1560 1967 72 The nature of evil, by Radoslav A. Tsanoff … New York,
360 1641 121 54 The
512 1640 342 54 Macmillan
885 1658 304 52 company,
1223 1642 154 51 1931.

430 1722 82 40 xvi
541 1732 59 40 p.,
629 1723 24 38 1
719 1756 9 15 l.,
754 1722 89 40 447
869 1732 45 39 p.
974 1721 149 44 20½ᶜᵐ.

366 1777 54 52 ©
447 1782 111 41 Jan.
586 1781 40 49 6,
653 1780 107 40 1931;
825 1781 69 40 2c.
922 1782 95 38 and
1047 1781 47 40 aff.
1161 1782 111 39 Jan.
1301 1782 52 45 7;
1383 1781 42 39 A
1451 1780 147 42 33030;
1657 1781 288 41 Macmillan
1971 1791 67 32 co.

444 1838 256 51 (31-1840)

363 1923 72 54 U.
465 1923 58 55 S.
599 1924 190 71 Laws,
814 1930 260 61 statutes,
1101 1930 103 48 etc.

495 2002 1906 69 … United States Code annotated. Tables … [Cumulative
362 2086 215 51 annual
640 2084 202 68 pocket
908 2090 151 63 part,
1125 2087 151 49 1930.
1366 2083 485 69 (Supplemented
1912 2085 76 69 by
2050 2084 349 54 cumulative

360 2165 300 68 pamphlet
687 2163 241 69 service)
1019 2163 83 55 St.
1128 2163 167 58 Paul,
1319 2164 205 68 Minn.,
1548 2164 161 53 West
1734 2163 340 70 publishing
2097 2182 303 51 company,

363 2247 153 64 1930]

435 2325 55 41 23
525 2337 43 37 p.
631 2325 147 43 23½ᶜᵐ.

433 2383 123 41 This
585 2383 252 49 pamphlet
868 2383 42 39 is
944 2386 48 37 to
1057 2394 25 28 be
1112 2382 142 41 fitted
1286 2383 105 39 into
1424 2383 82 40 the
1538 2383 124 40 back
1695 2382 53 41 of
1779 2383 86 41 the
1895 2383 192 40 volume
2122 2382 52 42 of
2207 2383 83 41 the
2323 2384 76 40 set

363 2444 48 38 to
443 2441 160 41 which
633 2442 40 40 it
702 2441 214 48 belongs.

365 2495 52 53 ©
447 2500 114 41 Dec.
589 2497 71 50 20,
690 2498 116 41 1930;
864 2499 69 40 2c.
963 2500 96 38 and
1090 2498 83 42 aff.
1204 2499 111 40 Jan.
1345 2498 68 49 10,
1445 2498 143 48 1931;
1620 2499 41 39 A
1691 2496 174 49 33109;
1897 2498 141 42 West
2064 2498 112 49 pub.
2205 2509 85 37 co.,
2325 2498 69 42 St.

434 2558 139 48 Paul,
607 2557 37 42 &
676 2558 214 40 Edward
925 2557 280 49 Thompson
1238 2566 82 39 co.,
1356 2556 288 51 Northport,
1678 2556 52 43 L.
1766 2556 54 51 I.,
1854 2555 58 43 N.
1946 2555 56 46 Y.

362 2641 132 54 Van
528 2641 237 64 Damm,
800 2640 193 54 David
1026 2641 76 54 H.

430 2718 222 70 Bridge
684 2718 299 55 decisions,
1014 2717 129 53 how
1179 2717 116 53 fast
1329 2736 102 35 can
1465 2735 114 51 you
1610 2717 166 53 make
1809 2716 191 54 them?
2073 2718 92 69 By
2197 2715 195 55 David

359 2798 76 54 H.
479 2799 132 54 Van
654 2799 229 52 Damm.
961 2797 140 52 New
1147 2796 181 71 York,
1371 2797 262 68 London,
1677 2796 69 55 G.
1791 2797 65 52 P.
1901 2796 301 56 Putnam’s
2246 2814 148 49 sons,

362 2881 151 49 1931.

431 2961 69 48 iii,
529 2961 86 39 122
643 2972 43 38 p.
888 2993 8 7 19½ᶜᵐ.

365 3015 52 53 ©
443 3020 111 41 Jan.
578 3018 40 49 9,
644 3018 142 47 1931;
813 3020 68 39 2c.
907 3019 97 39 and
1029 3016 82 42 aff.
1139 3018 111 40 Jan.
1276 3016 82 41 10;
1386 3017 41 39 A
1451 3016 174 48 32751;
1653 3017 184 49 Joseph
1862 3017 155 48 Kaye,
2044 3018 182 47 Bronx,
2254 3017 58 42 N.
2338 3017 55 41 Y.

446 3077 255 50 (31-1711)

363 3161 257 64 Walker,
657 3159 206 57 Carrie
899 3160 70 53 D.

431 3235 1964 73 Our story book [by] Carrie D. Walker … [Encinitas, Calif-
359 3317 1146 70 Print. by the Coast dispatch [ ᶜ1 930]
427 3399 1140 52 4 p. l., 247, [1] p., 1 l., 67 p. illus. 24½ᶜᵐ.
431 3460 175 40 “Make
632 3459 186 41 believe
844 3458 207 42 stories”
1072 3490 8 8 .
1115 3458 56 41 67
1197 3469 44 37 p.
1268 3461 52 38 at
1346 3459 105 39 end.

365 3512 52 53 ©
445 3517 114 41 Dec.
585 3516 70 42 25.
685 3515 119 42 1930;
856 3516 69 40 2c.
953 3517 97 39 and
1077 3515 47 40 aff.
1190 3516 111 40 Jan.
1328 3513 41 43 9.
1398 3513 143 47 1931;
1571 3514 41 39 A
1639 3513 173 48 33070;
1846 3513 50 42 G.
1925 3513 58 41 D.
2013 3513 215 48 Walker,
2258 3513 137 49 Long-

432 3575 178 48 Beach,
646 3573 148 42 Calif.
863 3573 257 50 (31-1814)

363 3655 278 65 Walters,
673 3656 249 54 Francis
951 3656 254 65 Marion,
1239 3661 173 50 1862-

358 3728 2006 153 … Our journey of growth, by Francis M. Walters … Boston,
507 3810 1663 73 New York [etc.] D. C. Heath and company [ ᶜ1 931]
431 3895 84 47 xii,
557 3897 86 40 251
683 3906 43 38 p.
789 3895 128 42 illus.
979 3896 117 41 19ᶜᵐ.
1169 3896 267 48 (Practical
1477 3895 208 48 hygiene
1725 3894 166 43 series,
1951 3895 123 40 book
2115 3894 116 47 one)

365 3949 52 53 ©
455 3954 111 40 Jan.
601 3954 41 49 3,
677 3953 144 48 1931;
859 3954 67 40 2c.
964 3956 96 38 and
1097 3954 83 40 aff.
1218 3953 111 41 Jan.
1365 3952 83 48 12;
1489 3954 40 38 A
1563 3952 173 48 33120;
1777 3952 53 42 F.
1867 3953 62 39 M.
1968 3951 229 48 Walters,
433 3949 1938 103 Baltimore.
651 4011 253 48 (31-1991)
