2505 4370
1295 4080 104 56 974

450 497 966 53 x, [1], 403, [1] p. 60 pl. on 30 l. 23½ ᶜᵐ.
413 555 237 43 Contains
685 557 398 50 bibliographies.

695 616 107 42 CONTENTS.—1.
835 618 36 40 t.
906 617 93 40 Die
1031 617 96 41 zeit
1160 618 342 41 mütterlicher
1536 622 296 45 erwartung,
1868 631 92 29 von
1996 621 139 40 Anne
2172 624 63 39 M.
342 623 2022 90 Du-rand-Wever.

759 673 184 40 Geburt
995 675 99 39 und
1195 676 272 48 wochenbett,
1519 687 92 30 von
1664 677 228 40 Wilhelm
1944 676 283 50 Liepmann.
340 680 2007 97 Ernährung
594 730 99 39 und
719 730 153 48 pflege
897 732 83 39 des
1027 731 245 50 säuglings,
1297 743 93 30 von
1417 734 185 39 Arnold
1627 734 185 48 Orgler.
1867 734 192 41 Gestalt
2086 736 99 39 und
341 735 2006 92 Wachstum
499 787 83 40 des
606 787 188 48 kindes,
819 798 93 30 von
939 788 62 42 M.
1026 789 160 41 Klotz.
1244 790 487 48 Gesundheitspflege
1757 792 85 39 der
1870 792 494 49 heranwachsenden,

340 854 94 30 von
463 844 186 40 Rudolf
676 844 347 43 Neurath.—2.
1049 848 37 40 t.
1114 847 300 40 Elternhaus
1446 848 98 39 und
1572 848 276 47 erziehung,
1877 859 93 30 von
1997 849 152 40 Adele
340 848 2007 94 Schreiber.
503 902 98 39 Der
634 902 352 47 kindergarten
1021 904 99 39 und
1154 903 136 40 seine
1321 913 319 39 erneuerung,
1677 915 93 30 von
1806 905 177 48 Henny
2022 904 342 49 Schumacher,

344 959 178 41 Schule
560 960 99 39 und
697 960 300 47 eiternhaus,
1035 971 92 29 von
1166 961 51 40 P.
1258 960 54 42 G.
1352 961 193 42 Münch.
1614 962 93 40 Die
1745 963 167 39 schule
1951 974 92 29 von
2081 964 147 38 heute
2266 964 97 40 und

339 1026 213 38 morgen,
597 1027 93 30 von
738 1016 137 41 Fritz
918 1018 208 40 Karsen.
1199 1019 100 38 Der
1343 1016 125 50 geist
1513 1019 84 40 der
1643 1028 157 31 neuen
1847 1020 180 48 schule,
2073 1029 93 31 von
2211 1018 51 44 P.
2309 1018 54 45 G.

341 1074 195 40 Münch.
598 1074 330 47 Berufswahl,
959 1086 93 29 von
1084 1075 140 40 Anna
1261 1075 232 42 Siemens.
1556 1076 403 48 Stellungnahme
1991 1088 56 29 zu
2082 1078 94 39 den
2208 1086 155 31 neuen

339 1131 488 48 erziehungsidealen:
895 1142 27 29 a
936 1132 13 47 )
997 1142 108 30 vom
1142 1132 344 40 katholischen
1525 1134 318 47 Standpunkt,
1882 1144 96 30 von
2015 1133 136 41 Alois
2191 1134 141 40 Henn;

340 1188 53 49 b)
443 1200 108 29 vom
594 1189 449 48 protestantischen
1086 1189 321 49 Standpunkt,
1449 1201 93 29 von
1584 1191 98 39 Ilse
1722 1190 294 42 Peters.—3.
2053 1192 40 39 t.
2132 1192 104 39 Von
2279 1192 86 39 der

338 1246 270 42 seelischen
640 1246 332 48 entwicklung
1002 1247 84 40 des
1114 1246 188 48 kindes,
1333 1257 94 30 von
1459 1246 149 41 Erich
1641 1247 158 41 Stern.
1859 1247 93 40 Die
1983 1247 266 47 Störungen
2278 1249 83 39 des

338 1305 345 46 Seelenlebens,
716 1315 94 29 von
843 1304 149 40 Erich
1025 1304 157 41 Stern.
1244 1303 254 40 Probleme
1530 1305 85 39 der
1648 1304 230 49 pubertät
1911 1306 99 39 und
2046 1306 86 39 der
338 1304 2007 106 jugendlichen,
544 1373 92 29 von
666 1362 106 39 Ada
803 1361 231 41 Beil.—4.
1063 1363 38 40 t.
1132 1360 92 40 Die
1255 1360 293 49 gesetzliche
1575 1362 109 47 läge
1717 1362 83 40 des
1829 1361 187 49 kindes,
2047 1373 96 29 von
339 1363 2004 98 Margarete
474 1421 197 39 Berent.
731 1418 92 40 Die
856 1417 181 41 soziale
1068 1418 109 48 läge
1208 1419 84 39 des
1324 1418 188 49 kindes,
1547 1418 283 41 öffentliche
1861 1420 98 39 und
1993 1418 194 49 private
336 1418 2009 108 Wohlfahrtspflege,
711 1487 92 30 von
840 1477 190 39 Walter
1064 1474 449 43 Friedländer.—5.
1546 1476 38 41 t.
1619 1475 91 40 Die
1744 1475 358 49 Wiedergeburt
2139 1478 83 39 des
2257 1475 106 42 kör-

339 1546 112 38 pers
476 1536 99 39 und
603 1536 88 39 das
718 1533 281 41 technische
1027 1533 240 47 Zeitalter,
1294 1543 93 29 von
1415 1532 136 40 Fritz
1578 1532 156 42 Giese.
1789 1535 101 38 Der
1915 1533 111 41 sinn
2051 1535 86 39 der
337 1531 2007 110 Jugendbewegung,
650 1602 93 30 von
772 1591 62 41 H.
862 1592 74 41 W.
967 1590 216 41 Fischer.

345 1647 2019 56 © Apr. 1, 1930; 1c. Feb. 26, 1931; A—Foreign 11774; Deutsche buch-
414 1711 371 51 gemeinschaft,
816 1722 41 37 g.
888 1722 61 28 m.
978 1711 43 40 b.
1051 1709 45 39 h.
1170 1706 283 50 (31-16154)

340 1796 188 66 Scott,
559 1794 298 57 Winifred
887 1794 194 63 Mary.

411 1874 125 52 The
567 1873 114 53 last
714 1872 143 68 days
893 1869 64 54 of
995 1869 352 69 September,
1379 1868 77 68 by
1490 1868 238 52 Pamela
1761 1868 229 69 Wynne
2036 1865 325 71 (Winifred

341 1946 1767 73 Mary Scott) … London, P. Allan & co., ltd. [1931]
411 2030 280 50 285 p. 19 ᶜᵐ.
345 2085 2017 55 © 1c. June 22, 1931; A ad int. 15224; pubd. May 19; Doubleday, Doran
410 2149 39 40 &
480 2158 82 38 co.,
595 2147 106 47 inc.,
737 2147 195 40 Garden
967 2145 124 47 City,
1124 2145 57 39 N.
1215 2145 53 38 Y.
1341 2143 282 48 (31-16910)

340 2213 219 66 Smith,
588 2212 259 57 William
876 2211 255 68 Wesley,
1164 2212 175 56 1878-

408 2293 124 52 The
568 2291 268 54 elements
874 2290 64 54 of
974 2291 114 52 live
1125 2291 161 53 stock
1321 2288 267 71 judging,
1623 2288 76 70 by
1735 2286 263 57 William
2033 2289 92 54 W.
2166 2288 189 57 Smith

500 2367 1859 69 82 illustrations in text … 2d ed., rev. Philadelphia,
338 2446 1564 71 London [etc.] J. B. Lippincott company [ ᶜ1 930]
410 2528 757 52 vi p., 1 l., 151 p. illus. 21 ᶜᵐ.
413 2587 299 41 “Reference
743 2587 149 41 books
926 2598 59 29 on
1017 2585 219 49 judging,
1271 2589 154 44 types,
1459 2586 96 40 and
1589 2584 275 41 markets”:
1898 2595 44 37 p.
1974 2585 100 39 144.

343 2642 52 53 ©
419 2647 117 47 Apr.
560 2646 69 48 10,
655 2645 142 47 1930;
824 2645 68 41 2c.
916 2646 94 38 and
1038 2644 82 41 aff.
1146 2645 130 40 June
1298 2644 59 40 26,
1394 2643 108 41 1931;
1565 2644 40 38 A
1630 2643 149 40 40106;
1832 2643 45 41 J.
1903 2643 54 38 B.
1985 2642 279 49 Lippincott
2291 2651 68 33 co.

424 2704 283 49 (31-27013)

336 2771 281 65 Stewart,
649 2769 230 66 George
909 2769 198 66 Craig,
1138 2771 111 70 bp.,
1280 2770 171 56 1879-

408 2845 1949 74 The call of Christ … by the Right Reverend George Craig
340 2925 2014 70 Stewart … a series of brief addresses in Holy week, given at
337 3006 98 54 the
489 3006 249 56 Garrick
791 3007 240 67 theatre,
1088 3004 274 71 Chicago,
1417 3006 61 51 in
1536 3008 150 50 1931.
1780 3002 362 70 Milwaukee,
2196 3002 162 63 Wis.,

337 3083 1040 71 Morehouse publishing co. [ ᶜ1 931]
409 3165 547 51 5 p. l., 43, [1] p. 19 ᶜᵐ.
412 3223 133 41 “The
572 3224 185 39 Lenten
785 3224 244 46 noon-day
1060 3221 212 42 services
1301 3232 85 31 are
1415 3222 155 40 under
1600 3222 83 40 the
1712 3220 223 49 auspices
1966 3219 52 41 of
2049 3220 83 40 the
2162 3220 191 41 Church

337 3280 112 41 club
478 3280 53 41 of
558 3280 226 48 Chicago.
848 3280 158 40 These
1035 3279 259 41 addresses
1325 3289 86 30 are
1439 3278 257 48 published
1727 3280 53 39 at
1809 3277 129 41 their
1970 3276 351 49 request.”—4th

338 3337 173 49 prelim.
553 3337 117 42 leaf.

342 3391 52 53 ©
425 3397 115 47 Apr.
570 3395 69 47 27,
671 3394 112 41 1931;
844 3395 66 40 2c.
944 3396 114 46 May
1089 3395 23 38 1;
1174 3393 84 42 aff.
1289 3394 114 47 Apr.
1435 3393 57 41 30;
1552 3393 39 40 A
1620 3393 145 41 36884;
1827 3393 290 40 Morehouse
2148 3391 109 49 pub.
2289 3403 67 30 co.

423 3453 282 49 (31-12031)

337 3518 259 67 Temple,
624 3519 277 65 William,
929 3521 129 67 abp.
1089 3522 64 68 of
1182 3520 181 71 York,
1393 3522 171 52 1881-

408 3597 299 56 Christian
742 3597 152 54 faith
931 3600 112 51 and
1077 3596 135 70 life;
1246 3596 174 70 being
1450 3596 161 69 eight
1644 3596 292 53 addresses
1971 3595 288 53 delivered
2294 3594 55 52 in

336 3675 98 53 the
478 3674 339 70 University
863 3676 211 53 church
1121 3682 58 46 at
1225 3674 250 60 Oxford,
1521 3675 299 68 February
1864 3674 290 66 8th-15th,
2202 3676 151 61 1931,

334 3751 75 68 by
450 3751 262 56 William
755 3754 254 67 Temple,
1052 3753 345 67 archbishop
1439 3751 64 54 of
1546 3752 179 53 York.
1801 3752 258 68 London,
2106 3750 245 56 Student

340 3828 296 55 Christian
665 3837 322 47 movement
1018 3850 157 49 press
1208 3834 175 65 [1931]

412 3910 275 50 139 p. 19½ ᶜᵐ.
343 3962 1998 57 © 1c. May 20, 1931; A ad int. 15098; pubd. May 4; Macmillan co.,
410 4026 118 40 New
555 4028 142 39 York.
770 4028 281 49 (31-16676)
