2505 4370
1085 4057 64 48 563

445 503 286 42 CONTENTS.—William
774 505 55 39 A.
871 503 432 41 Fisher.—Severn
1345 505 206 40 Teackle
1595 505 289 41 Wallis.—I.
1928 505 178 41 Nevett

108 559 455 42 Steele.—Bernard
610 559 452 42 Carter.—Charles
1109 560 446 42 Marshall.—John
1600 562 52 41 P.
1699 561 301 42 Poe.—John
2044 562 61 42 K.

105 616 188 42 Cowen.

112 673 51 52 ©
194 676 110 41 Feb.
333 676 39 48 9,
402 677 111 40 1931;
575 677 64 39 2c.
670 677 94 39 and
795 676 80 40 aff.
906 677 111 46 Apr.
1051 676 53 39 15;
1164 676 40 39 A
1232 676 145 40 36484;
1437 677 72 39 W.
1542 676 48 41 C.
1622 676 170 49 Bruce,
1825 675 282 41 Baltimore.

189 734 279 47 (31-10178)

106 827 436 65 Butterbaugh,
575 829 223 61 Wayne
830 828 219 63 Edgar.

175 904 1934 71 Transportation, by Wayne E. Butterbaugh … New York,
106 983 1170 67 Alexander Hamilton institute [ ᶜ1 931]
171 1060 1932 51 xxiv, 342 p. illus. (maps) 19 ᶜᵐ . (Added t.-p.: Modern business; a
102 1118 1984 97 series of texts prepared as part of the modern business course and service …
317 1175 276 40 Alexander
625 1175 252 40 Hamilton
910 1174 250 49 institute)

109 1227 51 52 ©
190 1233 113 47 Apr.
335 1232 38 47 6,
404 1233 111 40 1931;
576 1233 67 40 2c.
675 1234 93 38 and
800 1233 81 40 aff.
913 1234 112 46 Apr.
1057 1234 51 38 11;
1171 1233 40 38 A
1240 1233 146 40 36437;
1445 1233 276 40 Alexander
1753 1232 255 40 Hamilton
179 1232 1910 97 institute.
436 1290 279 46 (31-10063)

104 1384 318 64 Commins,
453 1384 271 63 Dorothy
752 1384 284 55 Berliner.

170 1459 244 70 Making
448 1478 71 34 an
553 1460 304 67 orchestra,
888 1460 75 68 by
995 1461 266 68 Dorothy
1294 1459 263 54 Berliner
1591 1459 319 66 Commins;
103 1459 1976 132 illustrations

372 1537 75 70 by
478 1538 193 53 David
702 1540 63 50 T.
797 1537 265 70 Darling.
1137 1538 396 68 Descriptions
1564 1537 64 54 of
1659 1538 78 52 all
1767 1538 96 53 the
101 1538 1979 144 instruments,
343 1615 76 69 by

466 1615 278 54 families:
790 1616 95 53 the
931 1617 231 68 strings,
1207 1616 98 52 the
1350 1616 161 53 wood
1558 1616 200 67 winds,
1803 1616 95 53 the
1945 1616 160 53 brass

103 1693 198 67 winds,
347 1694 94 53 the
486 1694 325 67 percussion
855 1694 386 54 instruments.
1318 1694 139 54 Also
1502 1713 32 35 a
1578 1694 179 68 chart,
1800 1694 137 54 with
101 1701 1978 139 cutouts,
283 1777 57 47 to
377 1777 84 47 set

498 1790 76 50 up
613 1790 31 34 a
680 1773 164 52 small
884 1772 287 54 orchestra
1208 1791 71 34 on
1320 1791 193 49 paper.
1589 1774 137 51 New
1765 1774 179 53 York.
1983 1775 120 51 The

102 1848 333 54 Macmillan
465 1867 298 52 company,
794 1853 150 49 1931.

171 1931 1650 49 3 p. l., 45 p. front., illus. (incl. music) fold. diagr. 28½ᶜᵐ.
107 1985 1671 53 © Apr. 7, 1931; 2c. and aff. Apr. 8; A 36382; Macmillan co.
185 2045 249 49 (31-9834)

104 2141 274 65 Crooker,
409 2141 277 54 Herbert.

167 2216 121 51 The
331 2215 172 54 crime
544 2215 60 53 in
647 2215 375 69 Washington
1070 2235 185 51 mews,
1298 2237 31 32 a
1376 2217 142 69 Clay
1563 2217 224 55 Brooke
1828 2219 275 56 detective

97 2292 1979 148 story, by Herbert Crooker … New York, The Macaulay company [ ᶜ1 931 ]
167 2453 86 41 286
282 2464 41 37 p.
383 2453 146 42 19½ᶜᵐ.

106 2506 51 52 ©
186 2511 112 47 Apr.
325 2511 28 40 8,
450 2511 54 40 1931;
562 2511 66 40 2c.
656 2512 94 38 and
779 2511 80 40 aff.
889 2512 111 48 Apr.
1031 2512 52 39 17;
1140 2512 40 39 A
1206 2512 144 41 36524;
1409 2514 260 48 Macaulay
1696 2526 67 29 co.

184 2567 250 48 (31-9713)

103 2661 68 51 D’
176 2661 244 64 Amour,
449 2662 281 64 Raphaël.

230 2737 1869 78 … Larmes et sourires, symphonies poétiques … New York,
99 2814 196 72 Tenny
325 2832 173 53 press,
532 2818 150 53 1931.

170 2875 610 70 5 p. l. , 9-142 p. 20 ½ ᶜᵐ .
105 2950 52 53 ©
188 2956 112 47 Apr.
331 2956 68 46 14,
432 2955 111 41 1931;
604 2956 66 40 2c.
702 2957 112 47 Apr.
847 2958 53 37 15;
961 2957 81 40 aff.
1073 2957 112 48 Apr.
1219 2958 56 40 16;
1334 2959 38 39 A
1404 2958 141 41 36511;
1610 2960 54 40 R.
1697 2958 256 45 D’Amour,
1985 2960 118 40 New

173 3013 142 39 York.
390 3013 250 47 (31-9804)

104 3107 101 51 Del
236 3107 221 64 Plaine,
487 3110 136 52 Mrs.
655 3108 257 52 Frances
940 3108 223 64 Kelley,
1195 3112 84 52 ed.

172 3183 247 54 Current
457 3202 165 48 prose
659 3183 94 53 for
789 3186 209 67 college
1037 3187 275 57 students,
1350 3187 75 69 by
1462 3189 246 50 Frances
1746 3188 203 69 Kelley
1988 3188 110 53 Del

102 3260 198 53 Plaine
327 3262 109 51 and
467 3262 170 52 Adah
667 3262 282 69 Georgina
984 3263 255 71 Grandy.
1317 3265 136 51 New
1484 3265 178 65 York,
1690 3266 120 51 The
100 3265 1966 124 Macmillan
221 3355 298 51 company,
549 3342 148 49 1931.

238 3419 401 48 xv, 503 p. 20 ½ ᶜᵐ .
105 3471 51 52 ©
187 3476 112 47 Apr.
330 3477 54 38 14,
488 3477 53 39 1931;
600 3476 66 40 2c.
698 3479 93 38 and
824 3478 80 41 aff.
937 3478 111 48 Apr.
1080 3479 53 39 15;
1195 3480 37 39 A
1264 3480 143 41 36495;
1470 3481 283 40 Macmillan
1782 3491 67 30 co.

182 3532 250 46 (31-9736)

103 3627 278 66 Deutsch,
413 3627 303 53 Hermann
747 3630 66 54 B.

166 3700 121 53 The
314 3700 308 55 incredible
649 3704 205 67 yanqui;
918 3704 95 53 the
1042 3723 186 35 career
1256 3706 62 52 of
1345 3707 111 53 Lee
1486 3706 334 68 Christmas,
1849 3706 72 69 by
96 3707 1977 122 Hermann

295 3778 65 53 B.
391 3778 266 53 Deutsch.
722 3781 256 66 London,
1007 3783 135 53 New
1175 3783 161 52 York
1388 3789 119 63 [etc.]
1541 3784 343 69 Longmans,
1913 3784 185 55 Green

97 3854 111 53 and
236 3874 95 49 co.,
363 3859 150 51 1931.

169 3935 1312 57 xiii, 242 p. front., plates, ports., facsims. 22 ᶜᵐ .
167 3993 139 50 Maps
337 4007 59 30 on
426 3995 358 51 lining-papers.
