2428 4370
999 3976 135 53 1689

71 364 301 63 Albinson,
401 362 202 53 James
633 362 264 53 Warren.

135 453 118 53 The
276 471 122 33 new
422 451 328 68 priesthood
781 450 107 67 [by]
916 450 56 54 J.
995 451 239 51 Warren
1263 449 297 53 Albinson.
1638 450 233 53 Boston,
1896 449 68 52 R.
1990 447 68 55 G.

66 531 451 69 Badger [ ᶜ1 931]
168 611 441 50 x p., 1 l. , 113 p. 19½ ᶜᵐ.
73 681 50 52 ©
154 685 126 48 Sept.
308 685 40 43 4,
378 683 113 40 1931;
549 684 66 38 2c.
648 682 100 40 Oct.
777 682 53 39 21;
890 681 82 41 aff.
1003 681 102 40 Oct.
1135 681 56 39 19;
1250 681 39 38 A
1317 680 146 41 44320;
1522 680 215 41 Richard
1769 680 52 41 G.
1854 681 205 48 Badger.

147 739 277 50 (31-30902)

71 847 255 64 Ambler,
356 847 243 56 Charles
627 847 221 64 Henry,
878 849 170 52 1876-

133 939 50 50 A
214 935 218 72 history
463 936 63 52 of
558 935 448 69 transportation
1040 935 57 54 in
1130 938 95 52 the
1259 934 149 54 Ohio
1439 936 206 69 valley,
1676 936 139 52 with
1849 934 205 68 special

65 1013 277 54 reference
392 1019 57 46 to
501 1015 73 52 its
624 1018 345 62 waterways,
1018 1012 178 56 trade,
1248 1011 107 53 and
1409 1029 304 38 commerce
1764 1011 146 54 from
1964 1014 93 51 the

63 1091 220 55 earliest
317 1089 193 68 period
549 1098 56 46 to
639 1089 92 54 the
768 1098 221 59 present
1025 1091 150 51 time,
1208 1089 74 68 by
1318 1088 235 55 Charles
1586 1089 202 70 Henry
1825 1089 234 52 Ambler

121 1166 1805 66 … Glendale. Calif., The Arthur H. Clark company, 1932.
131 1251 87 40 465
248 1259 43 37 p.
326 1250 108 40 incl.
468 1250 159 41 front.,
664 1250 165 48 plates,
864 1260 147 37 maps.
1171 1280 9 11 pl.,
1216 1249 113 40 fold.
1364 1260 123 36 map.
1548 1249 55 39 24½ᶜᵐ.

73 1319 50 52 ©
151 1323 100 40 Oct.
279 1323 69 42 14,
377 1322 107 40 1931;
547 1323 64 38 2c.
643 1323 102 39 Oct.
772 1321 80 42 21;
884 1320 82 41 aff.
997 1321 100 40 Oct.
1127 1320 81 47 19;
1241 1321 40 38 A
1307 1321 145 39 43362;
1509 1321 186 40 Arthur
1725 1321 60 40 H.
1817 1320 149 41 Clark
1994 1331 66 30 co.
147 1379 277 47 (31-30947)

71 1488 277 64 Arendtz,
376 1488 302 52 Hermann
709 1489 64 54 F.

65 1576 1971 129 The way out of depression, by Hermann F. Arendtz … Boston
191 1654 108 53 and
335 1654 134 52 New
507 1654 175 68 York,
714 1654 313 69 Houghton
1065 1653 199 55 Mifflin
1302 1672 294 51 company,
1634 1658 147 49 1931.

132 1737 70 41 xii
226 1750 57 37 p..
310 1742 24 37 1
382 1770 22 17 l.,
431 1738 85 42 105
575 1770 8 9 p.
643 1739 146 41 19½ᶜᵐ.

72 1806 50 52 ©
147 1810 100 40 Oct.
272 1810 67 48 16,
364 1809 111 41 1931;
530 1811 66 39 2c.
623 1809 100 40 Oct.
745 1809 55 39 24;
854 1809 81 41 aff.
961 1809 101 41 Oct.
1085 1809 55 40 23;
1194 1810 40 38 A
1256 1809 170 47 44398;
1454 1811 59 37 H.
1539 1810 50 38 F.
1615 1811 226 45 Arendtz,
1867 1811 196 38 Boston.

147 1865 278 49 (31-30946)

70 1978 249 61 Banner,
349 1977 233 53 Hubert
611 1977 276 54 Stewart.

133 2067 118 51 The
286 2065 154 53 clean
477 2065 171 67 wind,
685 2084 67 34 an
789 2063 291 57 historical
1119 2065 158 53 novel
1316 2067 62 50 of
1414 2083 258 37 romance
1709 2065 111 53 and
67 2067 1965 131 adventure,

244 2142 1814 69 by Hubert S. Banner. London, Hurst & Blackett, ltd.
70 2223 169 67 [1931]

134 2301 559 48 4 p. l., 13-285 p. 19½ᶜᵐ.
75 2371 1986 109 © 1c. Oct. 16, 1931; A ad int. 15554; pubd. Aug. 21; H. S. Banner. London. (31-31450)
72 2543 195 64 Bates,
298 2542 145 55 Glen
472 2544 169 53 Cora.

136 2631 268 70 Glowing
442 2632 216 54 embers
717 2632 92 68 [by]
852 2632 144 55 Glen
1038 2632 149 55 Cora
1227 2635 188 52 Bates.
1497 2633 184 69 [Rifle,
1719 2635 141 68 Col.,
1898 2636 168 53 Press

69 2709 877 71 of the Rifle telegram, ᶜ1 931]
139 2792 1445 50 5 p. l., [17]-155 p. front. (mounted port.) illus. 19½ᶜᵐ.
139 2866 183 41 Poems.

77 2934 49 51 ©
159 2939 112 46 Apr.
305 2938 57 39 10,
407 2937 113 40 1931;
583 2938 65 39 2c.
685 2938 95 39 and
814 2936 82 42 aff.
931 2937 103 42 Oct.
1068 2937 55 40 12;
1188 2939 40 38 A
1260 2939 146 39 43337;
1471 2939 52 40 G.
1561 2940 49 40 C.
1647 2941 162 47 Bates,
1847 2941 217 47 Ontario,

143 2994 141 41 Calif.
359 2994 280 49 (31-30888)

75 3086 251 65 Baylies,
355 3088 225 65 Edwin,
614 3094 168 49 1840-

143 3179 267 54 Benders
457 3178 248 69 justices’
753 3182 226 52 manual
1030 3181 63 53 of
1143 3181 132 56 civil
1324 3186 111 51 and
1484 3185 262 54 criminal
1793 3187 107 52 law
1952 3190 106 51 and

77 3255 240 68 practice
362 3256 92 54 for
498 3256 230 69 justices
770 3257 63 53 of
874 3258 94 53 the
1013 3276 164 51 peace
1220 3260 111 53 and
1378 3261 179 68 police
1598 3263 230 68 justices
1870 3266 53 51 in
1971 3267 92 52 the

75 3337 141 48 state
253 3334 63 52 of
354 3335 137 52 New
530 3334 180 68 York,
748 3335 138 53 with
924 3336 277 69 complete
1239 3336 181 55 forms
1460 3341 178 52 under
1677 3341 95 53 the
75 3342 1963 123 Consolidated

274 3412 152 65 laws,
458 3413 162 67 penal
659 3412 107 52 law,
814 3411 219 58 Justice
1065 3420 160 46 court
1256 3423 90 44 act
1380 3417 109 53 and
1525 3418 153 55 Code
1708 3418 65 52 of
1802 3420 263 53 criminal

78 3487 302 81 procedure
414 3507 59 35 as
505 3490 275 53 amended
812 3495 57 47 to
902 3490 246 55 October
1219 3532 12 26 1,
1267 3496 149 50 1931.
1493 3493 300 72 Compiled
1825 3498 112 53 and
76 3498 1961 119 edited

77 3562 1962 147 by Edwin Baylies … 8th ed., Arthur F. Curtis … Albany, N. Y.,
490 3644 78 53 M.
601 3644 224 53 Bender
854 3648 45 50 &
931 3662 298 53 company,
1259 3644 419 73 incorporated,
1712 3654 149 51 1931.

145 3720 1553 58 viii, 851 (i. e. 901) p., 1 l. , v-xvii, 540 (i. e. 590) p. 26 ᶜᵐ.
149 3792 151 41 Extra
326 3794 262 41 numbered
615 3805 145 39 pages
787 3794 228 43 inserted.

83 3856 50 51 ©
164 3862 98 42 Oct.
293 3863 69 48 22,
393 3864 138 48 1931;
565 3866 66 39 2c.
664 3867 95 39 and
789 3866 81 41 aff.
904 3866 102 41 Oct.
1037 3865 82 48 23;
1152 3867 42 39 A
1223 3867 172 48 43502;
1430 3869 237 42 Matthew
1697 3873 190 42 Bender
1919 3880 38 41 &
1987 3886 55 31 co

146 3916 90 43 inc.
304 3920 279 50 (31-31010)
