2505 4370
1318 4045 101 51 188

343 400 145 54 Onís
520 417 41 47 y
589 399 283 65 Sánchez,
904 399 281 53 Federico
1216 399 91 54 de.

409 480 575 50 4 p. l., [11]-51 p. 20 ᶜᵐ.
347 535 53 54 ©
433 540 128 41 June
589 538 70 50 30,
690 537 142 49 1930;
866 537 67 43 2c.
966 539 97 40 and
1093 537 82 43 aff.
1206 538 121 41 Nov.
1359 539 53 47 1;
1445 538 42 40 A
1516 537 172 50 34136;
1724 538 235 42 Federico
1989 539 57 41 de
2079 538 133 49 Onis,
2245 539 117 41 New

416 597 145 41 York.
634 595 252 51 (31-4696)

407 679 1935 134 … The Pacific reporter, v. 291. Permanent ed. … with key-number annotations.
1168 758 248 55 October
1472 758 423 54 17-November
1946 759 50 70 7,
2051 762 151 49 1930.
2281 758 81 55 St.

413 840 167 68 Paul,
611 839 156 54 West
804 837 338 69 publishing
1176 856 99 51 co.,
1312 840 150 50 1930.

415 917 1715 51 xix, 1193 p. 26 ᶜᵐ. (National reporter system—State series)
351 973 52 53 ©
436 978 111 40 Dec.
578 975 70 49 26,
679 976 119 41 1930;
855 976 68 42 2c.
954 977 97 39 and
1083 975 82 41 aff.
1198 976 113 42 Feb.
1343 974 69 50 12,
1444 974 114 42 1931;
1620 975 42 40 A
1692 974 148 42 33699;
1900 976 138 41 West
2066 976 111 48 pub.
2211 986 67 30 co.

342 1058 381 65 Parchment,
753 1058 238 55 Samuel
1018 1055 280 67 Richard,
1332 1062 171 49 1881-

413 1132 1950 72 Ancient operative masonry, by S. R. Parchment … a treatise
343 1233 73 34 on
451 1213 227 54 ancient
710 1212 294 69 operative
1038 1230 272 52 masonry
1345 1212 114 53 and
1494 1212 97 53 the
1623 1212 297 70 mysteries
1956 1211 64 55 of
2055 1212 307 70 antiquity.

344 1291 123 54 The
507 1291 352 69 philosophy
897 1291 304 53 contained
1242 1290 199 53 herein
1481 1291 49 52 is
1567 1290 426 53 non-sectarian
2035 1290 153 54 since
2229 1291 48 52 it
2316 1290 48 55 is

344 1388 74 34 an
451 1374 192 64 aspect
674 1368 65 53 of
768 1369 97 53 the
897 1368 228 53 ancient
1157 1368 239 53 wisdom
1430 1368 262 69 religion.
1761 1368 57 53 A
1851 1368 162 54 labor
2047 1368 67 54 of
2145 1369 126 54 love
2304 1368 61 54 in

346 1447 95 54 the
477 1465 164 35 cause
679 1446 65 54 of
780 1446 290 54 universal
1110 1446 406 54 brotherhood.
1592 1451 86 49 1st
1717 1447 84 52 ed.
1880 1445 118 56 San
2038 1446 327 69 Francisco,

347 1524 197 71 Calif.,
575 1524 119 57 San
721 1525 308 53 Francisco
1059 1529 208 64 center,
1297 1524 376 53 Rosicrucian
1704 1523 329 70 fellowship
2179 1528 85 64 [ᶜ1930]

410 1604 949 51 2 p. l., 7-209 p. illus., diagrs. 19½ ᶜᵐ.
353 1659 52 54 ©
438 1665 113 42 Dec.
582 1664 69 50 16,
682 1664 119 41 1930;
857 1663 67 42 2c.
959 1665 112 42 Dec.
1102 1663 59 42 23;
1220 1663 84 43 aff.
1337 1664 127 40 June
1494 1662 41 52 9,
1568 1662 113 43 1931;
1743 1664 42 40 A
1815 1663 149 43 33055;
2025 1664 45 41 S.
2104 1665 57 40 R.
423 1664 1927 108 Parchment,
603 1723 99 41 San
730 1723 276 41 Francisco.
1078 1721 254 51 (31-4493)

345 1805 311 65 Powlison,
692 1804 203 56 Keith.

348 1881 1995 149 Profits of the national banks [by] Keith Powlison … Boston, R. G. Badger [ ᶜ19 31]
416 2041 87 40 115
533 2052 42 38 p.
638 2041 181 48 diagrs.
881 2040 115 41 19ᶜᵐ.

354 2095 52 53 ©
438 2099 111 43 Feb.
578 2100 41 48 3,
649 2098 142 49 1931;
821 2099 69 42 2c.
920 2099 112 41 Feb.
1063 2100 82 47 13;
1178 2099 84 42 aff.
1293 2100 112 41 Feb.
1435 2099 83 48 12;
1549 2099 42 40 A
1620 2099 172 49 34316;
1827 2099 216 41 Richard
2076 2099 55 42 G.
2163 2100 205 48 Badger.

433 2157 253 49 (31-4492)

347 2239 225 54 Punch.
690 2284 9 8 v.
734 2241 116 69 179,
878 2260 89 34 no.
998 2244 155 66 4668,
1181 2240 135 54 Dec.
1345 2244 82 49 24.
1462 2243 149 50 1930.

356 2318 2017 53 © 1c. Feb. 18, 1931; A ad int. 14763; pubd. Dec. 24, 1930; Herbert
424 2380 234 48 Heather,
690 2380 212 42 London.

518 2464 915 69 Punch. v. 179, no. 4669, December 31, 1930.
357 2541 2015 53 © 1c. Feb. 26, 3931; A ad int. 14778; pubd. Dec. 31, 1930; Herbert
426 2603 235 49 Heather,
695 2603 214 41 London.

351 2686 178 64 Reed,
562 2685 247 56 Charles
836 2686 165 64 Bert,
1035 2690 172 50 1866-

422 2761 187 68 Opera
617 2761 116 53 tive
769 2761 294 54 obstetrics
1098 2780 71 33 on
1207 2761 95 53 the
1339 2761 260 52 manikin
1637 2760 93 54 for
1767 2761 256 53 students
2061 2760 114 53 and

350 2778 2020 131 practitioners, by Charles B. Reed … with two hundred and fifty-
352 2918 133 52 four
516 2918 395 55 illustrations.
981 2917 428 72 Philadelphia,
1440 2919 66 53 P.
1542 2917 349 55 Blakiston’s
1923 2936 97 35 son
2055 2920 46 51 &
2135 2936 98 50 co.,
2264 2919 106 52 inc.

355 3000 196 66 [ ᶜ 1931]
423 3078 598 51 xvi, 314 p. illus. 24½ ᶜᵐ.
361 3134 52 53 ©
443 3138 112 42 Feb.
584 3139 41 48 2,
653 3138 142 47 1931;
826 3138 68 42 2c.
925 3139 95 39 and
1050 3138 82 41 aff.
1164 3138 112 41 Feb.
1307 3138 53 47 3;
1392 3138 42 39 A
1461 3136 172 50 34160;
1665 3138 53 41 P.
1747 3138 329 41 Blackiston’s
2107 3148 89 31 son
2224 3138 38 41 &
2291 3147 82 40 co.,

430 3196 91 41 inc.
592 3194 254 52 (31-4539)

379 3264 253 65 [Russell,
665 3265 175 62 Mary
871 3264 266 53 Annette
1167 3263 382 64 Beauchamp
1581 3263 251 64 Russell,
1866 3272 257 47 countess]

429 3344 234 68 Father,
699 3344 76 68 by
811 3344 96 52 the
945 3343 207 52 author
1189 3343 65 52 of
1326 3342 303 53 "Elizabeth
1668 3344 112 52 and
1817 3344 103 52 her
1957 3342 249 55 German
358 3362 1993 113 garden”.
601 3422 364 67 [Instalment
997 3424 50 64 2]

440 3501 84 48 (In
552 3499 255 44 Woman’s
837 3498 201 52 journal
1068 3498 280 53 magazine,
1380 3498 127 52 Jan.,
1540 3499 146 51 1931)

363 3556 2012 53 © 1c. Feb. 18, 1931; A ad int. 14818; pubd. Dec. 24, 1930; Doubleday,
435 3618 168 40 Doran
632 3617 37 41 &
698 3628 83 38 co.,
812 3617 106 48 inc.,
952 3616 195 42 Garden
1178 3616 126 49 City,
1335 3617 57 42 N.
1423 3617 54 41 Y.

359 3685 89 55 St.
480 3684 175 64 Clair,
684 3685 251 53 Mabelle
963 3684 264 54 Halleck.

428 3760 158 71 Max,
614 3761 97 55 the
739 3767 160 64 story
927 3761 65 54 of
1020 3781 31 34 a
1080 3762 151 53 little
1259 3763 168 53 black
1453 3763 152 69 bear,
1632 3762 74 68 by
1735 3763 245 53 Mabelle
2008 3763 247 53 Halleck
2286 3761 83 56 St.

361 3839 187 70 Clair;
596 3840 328 54 illustrated
966 3841 76 68 by
1084 3842 112 51 Lee
1238 3840 339 54 Townsend.
1652 3841 140 53 New
1837 3841 179 69 York,
2060 3841 311 68 Harcourt,

362 3918 178 52 Brace
567 3920 112 53 and
709 3936 283 51 company
1025 3921 193 66 [ᶜ1931]
