2505 4370
1092 4028 99 50 153

118 469 212 67 graphs
385 468 70 69 by
512 468 92 52 the
664 467 219 52 author.
977 465 255 66 London,
1291 462 226 55 Oxford
1576 462 313 70 university
1947 478 172 51 press,

116 547 58 50 H.
229 545 263 69 Milford,
532 547 148 52 1930.

190 624 1625 51 xiv, 470 p., 1 l. col. front., plates (1 col.) fold. map. 19 ᶜᵐ .
129 694 1993 53 © 1c. Jan. 23, 1931; A ad int. 14712; pubd. Nov. 27, 1930; B. Mathews,
195 757 210 39 London.
478 754 249 50 (31-4276)

123 849 418 63 Mattenklodt,
572 849 289 54 Wilhelm.

193 927 271 68 Fugitive
492 926 60 51 in
582 926 95 52 the
706 925 214 69 jungle,
949 927 74 69 by
1051 925 275 55 Wilhelm
1354 924 418 67 Mattenklodt;
1805 922 313 53 translated

125 1005 150 52 from
301 1004 93 53 the
421 1003 250 56 German
695 1004 72 68 by
794 1003 219 67 Oakley
1038 1002 305 55 Williams.
1420 1004 235 65 Boston,
1677 1000 196 66 Little,
1892 1002 230 64 Brown,

124 1081 112 53 and
264 1098 298 51 company,
592 1084 149 50 1931.

195 1161 1046 50 5 p. l., 3-291, [1] p. illus., map. 23 ᶜᵐ .
132 1228 52 52 ©
211 1233 110 40 Feb.
346 1231 39 48 2,
413 1232 112 40 1931;
582 1233 67 41 2c.
676 1234 96 38 and
798 1232 82 41 aff.
907 1232 112 41 Feb.
1046 1233 52 46 5;
1126 1233 43 38 A
1193 1231 173 48 34196;
1395 1232 163 48 Little,
1587 1232 192 47 Brown,
1808 1230 37 41 &
1870 1240 68 31 co.

212 1288 250 50 (31-3920)

126 1384 156 63 May,
311 1384 205 53 James
543 1383 209 64 Lewis,
785 1385 171 54 1873-

194 1460 120 53 The
345 1461 143 67 path
520 1461 252 68 through
802 1461 96 52 the
931 1461 178 68 wood,
1139 1461 74 68 by
1245 1461 57 54 J.
1335 1460 184 53 Lewis
1550 1460 155 68 May.
1774 1459 139 53 New
1948 1457 180 63 York,

125 1540 63 51 L.
223 1538 355 69 MacVeagh,
614 1538 121 54 The
771 1538 138 53 Dial
944 1557 185 50 press;
1169 1539 273 68 Toronto,
1477 1538 346 69 Longmans,
1860 1536 187 55 Green

125 1633 100 51 co.,
258 1619 150 50 1931.

197 1698 607 50 xii, 188 p., 1 l. 25½ ᶜᵐ .
199 1755 403 43 Reminiscences.

134 1823 52 52 ©
215 1827 109 40 Jan.
353 1826 71 50 23,
454 1825 112 42 1931;
626 1827 65 40 2c.
723 1829 96 38 and
848 1828 80 40 aff.
963 1828 109 40 Feb.
1102 1826 26 40 9;
1187 1828 41 38 A
1257 1826 143 41 33647;
1463 1826 113 40 Dial
1606 1837 150 39 press,
1786 1827 92 41 inc.

212 1883 251 50 (31-3940)

129 1978 326 64 Meacham,
487 1978 247 55 Charles
764 1978 294 66 Mayfield,
1094 1984 171 50 1858-
1477 1980 84 53 ed.

197 2055 57 53 A
292 2054 222 69 history
556 2054 65 54 of
665 2054 295 54 Christian
1003 2062 226 62 county,
1271 2055 325 69 Kentucky,
1640 2055 152 53 from
1833 2060 199 48 oxcart
2072 2059 58 48 to

129 2132 2004 70 airplane, by Charles Mayfield Meacham … with biographies
129 2210 64 53 of
230 2211 94 53 the
363 2210 224 53 makers
626 2210 65 52 of
728 2210 222 69 history
991 2210 94 53 for
1126 2214 99 50 150
1265 2229 163 51 years
1468 2212 60 51 in
1569 2210 295 55 Christian
1905 2215 226 64 county.

130 2288 315 69 Nashville,
477 2289 195 68 Tenn.,
704 2288 241 53 Printed
977 2289 75 68 by
1085 2289 283 52 Marshall
1403 2291 50 50 &
1489 2290 184 51 Bruce
1707 2306 99 51 co.,
1840 2291 151 51 1930.

201 2370 1847 50 xiv, 695 p. incl. front. (port.) illus. (incl. ports., maps, plan) 25ᶜᵐ.
139 2439 52 52 ©
219 2445 113 46 May
358 2444 38 47 1,
426 2442 139 48 1930;
594 2444 67 39 2c.
690 2443 108 41 Feb.
827 2441 67 49 10,
922 2441 113 41 1931;
1094 2441 81 42 aff.
1204 2443 112 41 Feb.
1343 2441 53 49 9;
1426 2443 42 39 A
1493 2442 172 49 33675;
1696 2442 50 43 C.
1775 2443 63 43 M.
1867 2443 267 48 Meacham,

207 2500 352 49 Hopkinsville,
593 2500 90 48 Ky.
754 2498 251 51 (31-3912)

134 2593 252 66 Medina,
414 2594 222 53 Harold
664 2595 327 63 Raymond,
1023 2599 170 49 1888-

205 2670 306 69 Summary
546 2670 64 53 of
643 2671 95 53 the
771 2671 109 52 law
917 2671 64 52 of
1016 2671 290 69 pleading,
1345 2672 246 67 practice
1626 2672 112 52 and
1775 2671 263 54 evidence
2075 2672 56 51 in

135 2748 1937 70 the state of New York, with forms, by Harold R. Medina …
135 2827 97 54 8th
261 2827 83 54 ed.
427 2827 156 67 [New
612 2826 179 68 York]
828 2829 150 50 1931.

205 2910 523 49 2 p. l., 187 p. 20 ᶜᵐ .
144 2978 51 51 ©
223 2982 108 40 Jan.
357 2981 70 48 29,
455 2980 139 48 1931;
622 2981 67 40 2c.
716 2982 96 39 and
838 2980 82 41 aff.
949 2981 110 41 Feb.
1086 2981 52 46 7;
1168 2980 42 39 A
1234 2979 172 49 34199;
1436 2981 61 41 H.
1525 2981 56 41 R.
1610 2981 210 50 Medina,
1848 2982 118 41 New
1993 2983 144 39 York.

220 3037 249 49 (31-3949)

137 3133 353 54 Minnesota.
566 3135 276 68 Supreme
874 3141 175 47 court.

208 3212 323 53 Minnesota
572 3217 224 63 reports.
884 3232 50 33 v.
979 3215 113 50 180.
1171 3212 168 54 Cases
1380 3214 214 67 argued
1635 3215 113 51 and
1789 3213 351 54 determined

144 3290 1972 145 … March 28-June 13, 1930. Henry Burleigh Wenzell, reporter;
399 3369 173 51 Ethel
604 3368 78 51 M.
718 3366 235 58 Martin,
988 3368 267 52 assistant
1287 3373 272 63 reporter.
1638 3368 169 55 Saint
1836 3369 166 69 Paul,
145 3370 1973 129 Lavallee
347 3448 110 51 law
483 3446 148 52 book
659 3464 96 40 co.,
786 3448 147 49 1930.

212 3524 554 49 xxxii, 639 p. 22½ ᶜᵐ .
149 3578 51 53 ©
233 3583 110 40 Dec.
378 3583 69 47 14,
482 3581 115 42 1930;
656 3581 67 42 2c.
758 3582 109 41 Jan.
900 3582 69 47 15,
1004 3581 140 48 1931;
1180 3582 83 41 aff.
1299 3583 111 40 Feb.
1444 3582 53 48 6;
1533 3582 43 40 A
1607 3582 172 48 34350;
1816 3582 130 41 Mike
1980 3583 160 48 Holm,

216 3642 248 45 secretary
499 3639 52 40 of
586 3640 81 39 the
703 3641 129 38 state
868 3640 51 39 of
956 3639 273 41 Minnesota
1269 3639 50 39 in
1356 3641 131 39 trust
1522 3639 80 41 for
1640 3639 83 41 the
1757 3639 176 41 benefit
1971 3640 52 40 of
2059 3640 83 41 the

216 3698 166 47 people
414 3697 52 39 of
497 3696 106 40 said
635 3699 141 45 state,
813 3696 66 42 St.
913 3697 136 40 Paul.

145 3791 218 62 Myers,
392 3791 201 62 Denys
620 3791 195 60 Peter,
847 3796 170 49 1884-

216 3869 326 53 Handbook
571 3870 65 53 of
663 3870 94 53 the
786 3870 225 68 League
1041 3869 63 53 of
1133 3870 227 54 nations
1389 3870 150 54 since
1570 3873 152 65 1920,
1751 3872 74 69 by
1854 3870 193 67 Denys
2075 3871 66 51 P.

146 3946 768 71 Myers … Boston, 1930.
