2505 4370
1089 3991 101 55 783

122 375 314 62 Stoddard,
465 372 258 54 Herbert
753 372 66 55 L.

191 451 123 53 The
350 449 289 54 bobwhite
677 448 183 70 quail;
904 447 74 54 its
1019 448 206 65 habits,
1268 447 389 68 preservation
1700 448 111 51 and
1854 447 265 53 increase,

121 524 1998 74 by Herbert L. Stoddard … New York, C. Scribner’s sons,
124 609 148 50 1931.

189 682 1934 53 3 p. l., ix-xxix, 559 p. illus., LXIX pl. (part col., incl. front.) diagrs.
122 743 145 40 26½ᶜᵐ.

197 812 42 39 A
277 821 249 37 summary
565 810 52 40 of
656 811 82 39 the
777 810 209 47 findings
1027 809 51 41 of
1118 810 81 39 the
1240 808 307 49 cooperative
1586 809 134 48 quail
1760 808 362 49 investigation,

125 868 157 40 which
313 878 101 29 was
444 866 190 41 carried
662 877 60 29 on
752 867 49 39 in
831 867 82 39 the
941 866 667 40 Thomasville-Tallahassee
1639 865 164 47 region
1836 867 94 38 and
125 866 1979 106 neighboring

325 926 156 39 states
510 924 129 39 from
671 924 170 39 March
874 924 69 47 17,
975 923 115 40 1924
1123 926 48 37 to
1205 923 116 47 July
1353 923 39 47 1,
1425 922 129 41 1929.
1615 924 60 47 cf.
1712 923 184 40 Introd.

194 981 136 40 With
364 980 180 49 special
580 981 227 47 chapters
841 980 61 47 by
936 979 201 41 various
1171 979 344 41 contributors.

195 1036 392 49 Bibliographies
613 1036 225 41 included
867 1038 50 39 in
942 1037 204 47 chapter
1231 1067 9 9 IX.

131 1104 51 52 ©
215 1109 113 46 May
360 1108 38 47 8,
430 1106 141 49 1931;
604 1106 66 41 2c.
703 1108 114 47 May
848 1107 83 47 14;
965 1106 82 43 aff.
1080 1108 114 47 May
1226 1106 83 47 12;
1343 1107 43 39 A
1416 1106 171 47 37300;
1625 1106 202 41 Charles
1863 1107 266 40 Scribner's

199 1175 126 30 sons.
395 1163 280 49 (31-27005)

125 1257 231 65 Stokes,
387 1257 156 56 Ann.

192 1333 122 52 The
339 1352 206 44 screen,
571 1334 34 52 by
670 1333 135 52 Ann
834 1333 212 54 Stokes.
1112 1334 257 62 London,
1397 1334 67 52 E.
1495 1335 181 59 Benn,
1701 1333 243 63 limited,
1972 1337 152 50 1930.

194 1413 85 41 320
313 1424 44 38 p.
418 1411 115 44 19ᶜᵐ.

132 1483 1981 109 © 1c. May 20, 1931; A ad int. 15099; pubd. Mar. 27; A. Stokes, Letchworth, Herts,
620 1544 236 47 England.
927 1542 280 49 (31-14425)

128 1638 429 63 Stratemeyer,
587 1637 280 54 Florence
894 1637 287 67 Barbara,
1214 1642 172 50 1900-

199 1718 122 53 The
353 1717 258 55 effective
643 1737 98 35 use
771 1718 66 53 of
869 1717 348 55 curriculum
1247 1717 322 66 materials;
1607 1737 32 34 a
1674 1721 172 68 study
1879 1717 66 55 of
1977 1719 156 54 units

130 1795 248 69 relating
406 1800 59 48 to
495 1795 130 53 “the
652 1795 382 54 curriculum”
1060 1799 60 51 to
1146 1796 70 53 be
1242 1795 267 54 included
1538 1797 62 53 in
1627 1797 99 53 the
1751 1796 379 69 professional

130 1873 371 69 preparation
537 1873 65 54 of
637 1874 345 68 elementary
1018 1874 272 67 teachers,
1324 1874 77 69 by
1438 1873 273 56 Florence
1749 1875 386 70 Stratemeyer

193 1951 1943 73 … New York city, Teachers college, Columbia university,
133 2033 149 49 1931.

135 2108 1983 106 4 p. l., 3-161 p. diagr. 23½ᶜᵐ. (Teachers college, Columbia university.
307 2165 367 42 Contributions
707 2169 48 37 to
786 2166 272 47 education,
1092 2175 75 31 no.
1200 2166 113 49 460)

208 2236 264 40 Published
499 2237 102 39 also
630 2247 56 29 as
712 2236 152 40 thesis
901 2236 108 49 (ph.
1036 2246 41 30 d.)
1141 2236 251 41 Columbia
1421 2236 287 50 university.

204 2294 226 40 Includes
462 2293 391 48 bibliographies.

139 2359 51 52 ©
226 2363 115 48 Apr.
378 2363 41 47 8,
455 2362 140 46 1931;
634 2363 65 40 2c.
739 2364 114 47 May
889 2365 52 44 7;
981 2363 81 42 aff.
1100 2365 115 47 May
1253 2365 81 46 11;
1375 2365 40 39 A
1452 2366 172 47 38084;
1664 2367 241 41 Teachers
1944 2368 191 49 college,

207 2420 250 41 Columbia
492 2421 129 39 univ.
692 2420 280 49 (31-13239)

134 2513 289 65 Sutcliffe,
449 2513 307 66 Halliwell,
786 2516 173 54 1870-

202 2591 245 53 Persons
473 2591 307 69 unknown,
803 2591 77 69 by
903 2592 297 54 Halliwell
1229 2593 278 55 Sutcliffe.
1583 2595 257 58 London,
1869 2598 54 51 J.
1953 2599 181 68 Long,

134 2668 221 53 limited
390 2671 173 65 [1931]

206 2747 367 51 288 p. 19½ᶜᵐ .
143 2815 1979 114 © 1c. May 18, 1931; A ad int. 15090; pubd. Apr. 24; H. Sutcliffe, Skipton, Yorks, Engin nd. (31-13716)
137 2968 211 66 Sweet,
376 2969 182 54 Louis
583 2971 341 66 Matthews,
952 2977 172 50 1869-

209 3049 123 52 The
368 3049 169 54 Head
576 3050 64 52 of
676 3051 97 52 the
810 3069 225 49 corner;
1078 3071 31 34 a
1147 3054 173 69 study
1357 3052 60 55 in
1459 3054 296 55 Christian
1793 3056 235 71 origins,
2065 3058 76 69 by

134 3122 2005 77 Louis Matthews Sweet … New York, London, C. Scribner’s
138 3222 146 49 sons,
314 3207 150 50 1931.

207 3280 644 52 xii p., 2 l., 248 p. 20ᶜᵐ.
211 3351 69 40 “A
303 3352 85 42 list
415 3353 54 40 of
494 3354 363 42 recommended
884 3356 175 41 books”:
1120 3368 41 39 p.
1193 3357 218 43 243-244.

148 3418 51 53 ©
231 3424 114 47 May
376 3423 39 48 8,
447 3422 108 41 1931;
620 3422 68 43 2c.
720 3426 113 48 May
864 3427 56 39 14;
981 3427 82 42 aff.
1097 3429 113 47 May
1242 3429 57 40 12;
1359 3429 42 40 A
1431 3430 146 41 37294;
1641 3432 202 42 Charles
1877 3433 266 44 Scribner's

216 3490 123 30 sons.
411 3479 280 50 (31-12842)

143 3572 313 66 Sylvanus,
485 3574 224 65 Paddy.

210 3648 1930 83 Too saucy with the gods, by Paddy Sylvanus … London,
141 3724 237 53 Hodder
408 3726 111 53 and
552 3726 339 72 Stoughton,
918 3729 241 71 limited,
1190 3736 149 50 1931.

213 3804 98 47 319,
350 3807 53 48 [1]
439 3816 43 37 p.
541 3806 115 41 19ᶜᵐ.

153 3871 1990 67 © 1c. May 23, 1931; A ad int. 15114; pubd. Apr. 20; D. Appleton & co.,
218 3932 117 41 New
363 3934 145 41 York.
578 3936 279 46 (31-14424)
