2505 4370
1263 3986 101 54 682

315 340 348 68 Liepmann,
692 342 207 67 Heinz,
931 350 171 50 1905-

449 421 1882 77 … Les nuits d’un vieil enfant, traduit de l’allemand par
314 498 134 70 Guy
472 498 580 73 Fritsch-Estrangin
1079 508 55 46 et
1157 501 212 55 Denise
1394 522 108 35 van
1531 505 259 69 Moppès.
1865 505 187 70 Paris,
2070 508 68 52 B.
313 507 1993 124 Grasset
431 581 173 65 [1930]

388 658 507 51 234 p., 1 l. 18 ½ᶜᵐ .
315 736 2013 59 © Jan. 12, 1931; 1c. Feb. 27; A— Foreign 11182; Éditions Bernard
387 796 216 42 Grasset.
676 798 282 49 (31-11643)

314 891 330 67 Lohmann,
672 893 146 54 Karl
844 894 297 66 Baptiste,
1172 897 172 55 1887-

378 969 1949 73 Principles of city planning, by Karl B. Lohmann … 1st ed.
310 1045 138 55 New
474 1048 162 53 York
660 1049 112 52 and
797 1050 258 71 London,
1077 1050 432 55 McGraw-Hill
1533 1052 144 52 book
1702 1070 298 52 company,
2023 1054 127 66 inc.,
2179 1056 146 51 1931.

418 1128 1726 56 x, 395 p. incl. front., illus., ports., plans, diagrs. 23 ½ ᶜᵐ . $4.00
381 1186 353 42 “References”
771 1190 53 39 at
856 1189 94 40 end
985 1189 53 40 of
1072 1189 120 40 each
1229 1190 217 48 chapter.

317 1256 51 53 ©
403 1262 114 48 Apr.
549 1262 71 49 30,
654 1260 114 43 1931;
830 1261 68 43 2c.
933 1263 96 40 and
1062 1261 83 42 aff.
1180 1263 116 48 May
1328 1262 26 39 2;
1418 1263 42 39 A
1491 1262 147 42 37102;
1702 1263 351 42 McGraw-Hill
2093 1265 121 39 book
2249 1274 83 37 co.,

385 1318 92 42 inc.
548 1319 283 51 (31-11820)

310 1415 193 66 Lytle,
534 1416 260 53 Andrew
823 1414 241 57 Nelson.

383 1496 264 53 Bedford
684 1496 235 53 Forrest
955 1496 113 53 and
1104 1495 91 54 his
1230 1496 200 53 critter
1465 1514 301 53 company,
1797 1497 77 70 by
1910 1496 254 54 Andrew

310 1497 1996 148 Nelson Lytle … New York, Minton, Balch & company, 1931.
383 1654 1455 51 ix, 402 p. front., illus. (maps) plates, ports. 24½ ᶜᵐ .
315 1725 51 53 ©
401 1730 117 48 May
547 1728 71 49 29,
652 1728 113 41 1931;
828 1727 67 42 2c.
931 1729 129 40 June
1088 1729 26 40 3;
1179 1727 83 43 aff.
1298 1728 128 41 June
1458 1728 26 39 2;
1547 1729 42 40 A
1620 1727 146 43 38594;
1829 1729 55 41 A.
1919 1729 57 43 N.
2012 1730 153 48 Lytle,
381 1730 1933 105 Murfreesborough,

778 1787 149 39 Tenn.

307 1880 390 64 Macfarlane,
728 1881 157 53 John
916 1880 335 65 Muirhead,
1287 1886 170 50 1855-

377 1960 125 52 The
536 1958 270 72 quantity
842 1962 113 52 and
991 1977 224 36 sources
1254 1958 64 54 of
1354 1977 105 35 our
1496 1959 316 69 petroleum
1849 1959 284 70 supplies;
2174 1980 31 33 a

307 1979 1993 206 review and a criticism by John Muirhead Macfarlane … Philadelphia,
623 2116 144 55 Noel
795 2115 266 71 printing
1088 2133 301 52 company,
1417 2115 127 69 inc.,
1575 2119 149 50 1931.

378 2197 924 51 8 p. l. , 250 p. illus., diagr. 23 ᶜᵐ .
383 2256 324 41 “References
736 2257 50 39 to
815 2253 290 43 literature”:
1165 2265 45 39 p.
1236 2253 222 43 241-244.

312 2325 51 53 ©
397 2330 114 47 Apr.
543 2328 71 49 28,
647 2327 113 41 1931;
822 2327 68 41 2c.
923 2327 97 40 and
1051 2325 83 42 aff.
1167 2327 115 48 May
1314 2328 26 39 7;
1403 2328 41 38 A
1475 2327 145 41 37187;
1682 2327 44 42 J.
1761 2328 63 40 M.
1859 2327 320 48 Macfarlane,
378 2327 1932 108 Germantown,
682 2386 83 40 Pa.

837 2382 283 51 (31-11892)

305 2480 272 64 Manson,
610 2480 188 55 Grace
830 2479 248 65 Evelyn,
1112 2485 172 50 1893-

439 2556 1885 72 … Occupational interests and personality requirements of
307 2655 218 35 women
561 2638 59 53 in
657 2636 256 54 business
950 2637 113 53 and
1100 2636 96 52 the
1232 2635 372 69 professions,
1639 2636 76 69 by
1752 2636 183 56 Grace
1974 2637 67 54 E.
2076 2637 246 53 Manson

369 2712 1953 72 … Ann Arbor, University of Michigan, School of business
305 2791 489 72 administration,
827 2795 230 51 Bureau
1090 2791 65 55 of
1187 2792 257 53 business
1478 2792 277 68 research,
1791 2796 150 50 1931.

376 2873 1949 54 ix, [281]-409 p. diagrs. 23 ᶜᵐ . ([Michigan. University. School of
307 2933 223 41 business
561 2931 416 42 administration.
1038 2932 199 40 Bureau
1269 2931 54 41 of
1351 2930 224 42 business
1607 2932 243 49 research]
1916 2931 248 49 Michigan
305 2934 2001 98 business
443 2990 203 49 studies,

671 2990 94 42 vol.
855 3020 9 19 III,
889 3000 78 31 no.
991 2988 53 50 3)

378 3048 133 40 “The
546 3049 198 47 present
782 3047 148 48 study
966 3046 91 41 has
1095 3046 120 41 been
1253 3046 142 40 made
1433 3045 211 50 possible
1682 3045 60 48 by
1781 3046 83 40 the
1903 3045 329 49 co-operation
2271 3046 52 41 of

307 3106 81 40 the
415 3103 235 42 National
677 3103 280 42 federation
988 3103 51 40 of
1067 3102 225 41 business
1320 3102 97 41 and
1446 3102 329 49 professional
1803 3103 227 40 women’s
2060 3104 135 39 clubs
2226 3105 94 40 and

307 3163 81 40 the
421 3161 286 48 University
737 3161 53 40 of
820 3159 249 49 Michigan
1100 3160 199 40 Bureau
1331 3159 52 40 of
1413 3158 224 43 business
1669 3159 376 50 research.”—p.
2079 3160 100 41 284.

377 3217 353 43 “References”:
792 3229 43 37 p.
871 3216 250 52 [407]-409.

310 3273 51 53 ©
393 3278 117 48 Apr.
536 3276 71 49 20,
638 3275 140 48 1931;
812 3274 68 43 2c.
943 3276 64 39 and
1038 3274 81 41 aff.
1153 3275 115 47 May
1297 3275 53 47 7;
1384 3274 40 39 A
1454 3274 171 48 37188;
1662 3274 283 49 University
1978 3274 51 41 of
2060 3273 262 47 Michigan.

387 3332 282 52 (31-11896)

305 3430 225 64 Marcu,
616 3428 205 65 Valeriu,
855 3434 170 49 1899-

302 3504 1992 148 … Männer und machte der gegenwart. Berlin, G. Kiepenheuer [1930]
373 3664 368 50 259 p. 20 ½ᶜᵐ .
375 3721 128 41 “1-5.
534 3721 253 42 tausend.”

654 3776 358 49 CONTENTS.-—Biographie
1060 3778 99 39 und
1207 3775 589 49 biographen.—Georges
1845 3774 319 43 Clemenceau

304 3775 1998 98 zwischen
479 3835 86 38 der
594 3834 168 41 aktion
793 3835 97 39 und
923 3834 106 40 dem
1060 3831 489 49 nirwana.—Dogma
1583 3833 98 40 und
1712 3832 241 41 dialektik
1982 3832 77 41 bei
2090 3831 230 42 Lenin.—

306 3888 88 41 Die
429 3889 138 40 ideen
601 3891 84 40 des
721 3890 262 40 marschall
1018 3889 128 41 Foch
1182 3890 98 40 und
1315 3890 77 40 die
1428 3888 221 49 republik
1685 3891 86 38 der
1805 3887 512 48 Zivilisten.—Kemal,
