2428 4370
1285 4123 136 51 1614

400 546 1282 53 viii p., 1 l., 311 p. front., plates, ports. 21½ ᶜᵐ .
401 607 131 41 “The
564 610 136 44 story
732 606 54 41 of
812 605 166 48 Major
1006 606 246 47 Dugmore
1283 604 52 41 in
1366 604 78 42 his
1476 614 109 32 own
1616 603 310 49 words.”—p.
1958 604 40 42 7.

401 664 165 41 “First
595 662 230 43 edition.”

333 732 53 52 ©
416 736 127 47 Sept.
571 735 70 48 24,
670 734 140 48 1931;
840 734 68 41 2c.
937 735 96 39 and
1062 733 82 42 aff.
1175 734 128 48 Sept.
1332 733 82 48 28;
1445 734 43 39 A
1511 732 174 49 42976;
1716 734 50 40 L.
1797 734 225 47 Thomas,
2050 734 119 40 New
2197 734 144 39 York.

412 792 282 51 (31-28136)

335 885 164 65 Falk,
529 884 225 55 Isidore
785 886 257 65 Sydney,
1076 891 172 50 1899-

405 962 406 69 Experiments
854 982 71 35 on
966 964 96 53 the
1106 964 252 69 etiology
1396 964 67 52 of
1500 965 96 52 the
1637 963 281 56 influenza
1961 963 280 70 epidemic
2280 963 64 54 of

337 1043 329 67 1928-1929,
703 1041 77 70 by
818 1043 47 53 I.
911 1043 55 55 S.
1009 1041 166 71 Falk,
1215 1044 68 53 R.
1320 1043 92 53 W.
1450 1041 307 68 Harrison,
1795 1044 69 53 R.
1904 1043 69 53 A.
2013 1039 329 71 McKinney

334 1118 1450 72 and G. W. Stuppy … Baltimore, Md., 1931.
441 1200 1903 50 v , 192 p. illus., XVI pl. (part col.) diagrs. 26 ᶜᵐ . (The American
334 1258 197 48 journal
557 1259 54 40 of
635 1257 232 50 hygiene;
895 1258 348 49 monographic
1267 1258 166 49 series,
1458 1269 78 31 no.
1560 1258 81 48 11)

405 1316 43 39 A
470 1317 165 46 report
659 1316 51 40 of
733 1316 337 40 observations
1093 1317 96 40 and
1215 1315 329 48 experiments
1568 1316 141 40 made
1734 1316 179 47 during
1935 1316 82 40 the
2041 1315 235 48 epidemic
2298 1316 12 39 in

337 1371 212 50 Chicago
577 1373 52 40 in
660 1375 82 38 the
770 1371 177 42 winter
977 1374 51 40 of
1057 1372 277 43 1928-1929.
1392 1373 103 40 The
1524 1373 207 48 monkey
1761 1383 101 30 was
1894 1373 178 40 chosen
2102 1384 56 28 as
338 1376 1990 102 potentially

514 1430 81 41 the
630 1433 126 37 most
790 1430 163 40 useful
989 1430 355 48 experimental
1380 1428 199 43 animal,
1640 1430 61 48 cf.
1738 1430 200 46 Introd.,
1974 1440 43 38 p.
2051 1429 100 41 1-2.

337 1498 52 52 ©
421 1502 109 40 Jan.
562 1502 70 48 31,
663 1500 139 48 1931;
836 1500 68 42 2c.
938 1502 128 47 Sept.
1098 1500 83 48 26;
1213 1500 83 42 aff.
1327 1501 122 47 Aug.
1479 1500 83 48 22;
1596 1500 41 39 A
1667 1500 147 41 42662;
1874 1501 148 40 Amer.
2066 1501 198 48 journal
2296 1500 51 40 of

405 1559 217 48 hygiene.
695 1557 282 50 (31-29791)

341 1654 147 53 Free
518 1654 330 54 Methodist
879 1654 243 57 church.

407 1731 1881 71 Doctrines and discipline of the Free Methodist church …
338 1810 274 72 Chicago,
640 1811 115 68 Ill.,
786 1813 142 51 Free
957 1811 320 53 Methodist
1307 1810 338 71 publishing
1674 1812 192 67 house,
1898 1816 150 50 1931.

409 1892 725 50 ix, 357 (i. e. 363) p. 15 ᶜᵐ .
411 1951 157 40 Extra
595 1951 265 40 numbered
888 1961 148 38 pages
1065 1951 231 41 inserted.

341 2019 52 52 ©
429 2023 121 47 Aug.
585 2022 70 48 28,
693 2021 104 42 1931;
870 2022 68 42 2c.
976 2024 96 39 and
1108 2022 83 42 aff.
1231 2023 128 48 Sept.
1397 2023 29 39 5;
1489 2023 40 39 A
1564 2022 146 40 42144;
1779 2024 123 39 Free
1937 2022 267 41 Methodist
2238 2024 110 46 pub.

408 2079 164 41 house.
637 2076 70 53 [©
736 2082 247 38 corrected
1011 2081 97 39 and
1135 2080 191 40 revised
1353 2083 182 37 matter]
1623 2079 281 49 (31-23781)

343 2176 307 64 Freeman,
684 2175 259 54 Richard
977 2176 241 64 Austin,
1254 2180 173 51 1862-

410 2251 297 70 Pontifex,
744 2270 101 36 son
883 2255 46 50 &
965 2252 371 70 Thorndyke,
1372 2253 76 68 by
1484 2253 70 52 R.
1590 2252 214 53 Austin
1844 2252 296 53 Freeman.
2216 2253 137 52 New

345 2331 177 67 York,
549 2331 192 69 Dodd,
769 2331 171 53 Mead
966 2333 55 51 &
1049 2349 301 51 company,
1380 2333 153 51 1931.

412 2416 29 38 4
467 2425 43 38 p.
575 2446 8 16 l.,
611 2414 86 41 303
725 2426 45 37 p.
830 2414 146 40 19½ᶜᵐ.

343 2483 53 52 ©
424 2486 103 42 Oct.
553 2485 40 49 9,
622 2485 141 48 1931;
793 2486 67 40 2c.
889 2487 96 39 and
1013 2485 81 40 aff.
1124 2485 103 42 Oct
1257 2486 55 40 15;
1369 2485 43 39 A
1437 2485 173 48 43243;
1642 2485 156 48 Dodd,
1828 2487 142 39 Mead
2000 2485 37 41 &
2065 2497 82 37 co.,
2177 2486 90 41 inc.

427 2544 280 49 (31-28118)

346 2638 287 64 Gardner,
663 2638 255 53 Edward
947 2637 154 64 Hall,
1133 2643 173 50 1883-

409 2712 1884 72 The economics of advertising [by] Edward H. Gardner …
340 2792 270 70 Chicago,
641 2791 113 72 Ill.,
785 2795 152 53 1931.

411 2876 304 51 32 p. 23 ᶜᵐ .
414 2931 72 42 On
520 2942 141 30 cover:
725 2932 263 43 Published
1024 2933 152 40 under
1210 2933 81 40 the
1329 2933 312 49 sponsorship
1675 2934 55 39 of
1762 2934 82 41 the
1878 2933 321 41 Educational
344 2944 1995 87 committee

536 2991 53 40 of
613 2991 83 39 the
720 2988 316 49 Advertising
1060 2988 277 41 federation
1364 2990 53 39 of
1442 2990 238 41 America.

347 3058 52 52 ©
435 3062 116 47 July
585 3063 69 46 17,
690 3060 111 42 1981;
867 3061 66 39 2c.
969 3061 121 47 Aug.
1124 3060 54 39 21;
1244 3060 82 41 aff.
1365 3061 127 48 Sept.
1526 3061 56 40 25;
1646 3061 43 39 A
1721 3062 145 39 41141;
1932 3063 52 40 E.
2022 3062 60 39 H.
2120 3062 235 44 Gardner,

415 3118 225 47 Chicago.
712 3118 280 51 (31-22047)

350 3215 272 63 Garnett,
658 3214 235 53 Arthur
928 3213 319 64 Campbell.

417 3293 122 52 The
573 3292 162 53 mind
773 3290 58 53 in
870 3289 218 71 action;
1128 3311 31 33 a
1196 3291 172 69 study
1404 3289 65 54 of
1501 3291 241 54 motives
1778 3292 109 53 and
1929 3292 212 66 values,
2172 3292 78 69 by
2285 3293 69 52 A.

349 3368 2008 70 Campbell Garnett … London, Nisbet & co., ltd.; [etc ., etc.,
350 3450 151 65 1931]

419 3527 1939 50 xii p., 1 l., 226 p. 20 ᶜᵐ . (Half-title: The contemporary library of
351 3585 315 49 psychology)

351 3652 2003 53 © 1c. Sept. 28, 1931; A ad int. 15516; pubd. Aug. 20; D. Appleton & co.,
421 3714 117 40 New
566 3715 145 40 York.
782 3714 281 48 (31-30330)

356 3805 207 66 Grant,
594 3809 241 62 Robert,
868 3814 169 50 1852-

416 3881 121 53 The
579 3884 145 52 dark
766 3887 180 64 horse,
988 3904 31 33 a
1062 3888 157 67 story
1261 3884 65 55 of
1367 3884 95 54 the
1503 3902 255 51 younger
1802 3882 441 69 Chippendales,
2283 3882 75 68 by

349 3957 211 56 Robert
590 3959 200 55 Grant.
857 3962 216 54 Boston
1104 3962 112 53 and
1246 3962 140 55 New
1418 3961 179 72 York,
1627 3961 318 70 Houghton
1978 3960 202 55 Mifflin
349 3977 1983 129 company,

551 4042 150 51 1931.
