2505 4370
1332 4039 135 51 1018

445 448 1398 51 2 p. l., iii-xvi p., 1 l., 52 p., 1 l. col. illus. 34 ᶜᵐ .
448 505 1941 49 “An édition of twelve hundred numbered copies of The rime of the
375 563 196 42 ancient
606 563 217 41 mariner
856 564 89 40 has
980 563 120 41 been
1136 562 196 50 printed
1423 562 25 19 …”
1507 562 121 43 This
1663 574 118 37 copy
1817 565 87 39 not
1936 563 281 40 numbered.

380 620 54 52 ©
458 624 114 47 Apr.
599 622 69 48 20,
694 622 140 48 1931;
862 622 66 41 2c.
955 623 114 47 May
1095 621 82 48 19;
1206 621 82 41 aff.
1317 623 128 39 June
1469 621 83 48 30;
1580 622 41 39 A
1646 621 172 48 39154;
1849 619 234 43 Cheshire
2108 621 165 47 house,
2300 620 92 40 inc.

452 676 70 55 [©
551 679 334 41 introduction
915 679 60 48 by
1005 680 225 39 Edmund
1262 680 239 47 Blundenj
1574 677 282 51 (31-16792)

378 760 365 55 Conference
783 776 73 37 on
896 759 104 54 the
1041 775 188 49 press,
1268 762 313 53 Princeton
1617 759 337 72 university,
1995 764 151 51 1931.

447 836 353 58 Conference
829 857 73 34 on
929 838 97 53 the
1054 856 175 50 press,
1258 838 133 53 held
1423 843 58 48 at
1509 838 312 53 Princeton
1848 837 338 69 university,
2216 837 174 69 April

374 920 193 66 23-25,
610 920 151 63 1931,
802 917 181 53 under
1022 916 96 53 the
1158 916 257 67 auspices
1454 914 64 54 of
1555 916 99 52 the
1694 916 207 56 School
1940 914 65 53 of
2042 913 196 71 public
2277 916 111 52 and

374 994 414 53 international
817 993 217 66 affairs,
1062 995 140 52 with
1229 995 98 52 the
1356 993 267 54 financial
1653 993 307 54 assistance
1986 994 64 52 of
2077 995 112 52 Mr.
374 995 1993 129 Chester
498 1073 72 52 D.
610 1073 268 68 Pugsley.
962 1072 423 69 [Washington,
1421 1074 71 51 D.
1534 1073 80 69 C.,
1652 1073 123 53 The
1812 1071 277 70 Printing
374 1090 1993 115 corporation
526 1151 64 53 of
617 1150 285 70 America,
932 1154 153 68 1931]

449 1232 675 50 xii p., 1 l., 145 p. 23½ᶜᵐ.
451 1289 321 41 “Foreword”
803 1289 198 49 signed:
1034 1290 73 41 De
1138 1290 126 41 Witt
1296 1289 197 43 Clinton
1523 1290 160 41 Poole.

383 1344 54 52 ©
462 1348 127 40 June
613 1347 71 47 22,
710 1348 114 40 1931;
881 1348 67 40 2c.
976 1349 96 39 and
1099 1348 83 41 aff.
1209 1348 129 40 June
1362 1347 82 42 25:
1476 1348 40 39 A
1541 1348 171 47 39103;
1743 1347 261 42 Princeton
2031 1347 147 47 univ.,
454 1347 1925 105 Princeton,
580 1406 55 41 N.
667 1406 43 39 J.
782 1404 281 49 (31-16791)

381 1485 243 65 Cooper,
656 1485 260 54 Howard
946 1484 234 67 Mickle,
1215 1489 328 52 1844-1922.

446 1560 318 57 Historical
792 1561 193 55 sketch
1015 1562 64 53 of
1109 1562 272 69 Camden,
1409 1563 74 70 by
1515 1563 259 54 Howard
1804 1563 79 54 M.
1919 1562 237 71 Cooper,
2189 1562 206 69 edited,

377 1640 142 55 with
573 1659 72 35 an
698 1641 397 72 introductory
1148 1639 326 72 biography
1528 1641 63 53 of
1641 1641 98 54 the
1791 1642 221 69 author,
2066 1642 76 70 by
2197 1638 196 70 Emily

378 1719 223 69 Cooper
642 1719 276 55 Johnson.
998 1721 136 52 Rev.
1182 1721 104 68 ed.,
1329 1719 301 70 including
1671 1739 206 50 papers
1920 1739 72 35 on
2035 1721 97 52 the
2177 1720 219 68 Cooper

378 1798 114 54 and
534 1797 242 70 Kaighn
819 1797 266 55 families.
1173 1797 293 72 [Camden,
1507 1798 71 56 N.
1624 1799 75 68 J.,
1742 1798 241 54 Printed
2024 1799 77 71 by
2142 1798 254 53 Haddon

377 1876 329 71 craftsmen,
736 1875 127 71 inc.]
899 1879 152 52 1931.

522 1989 8 16 xx,
563 1956 87 42 119
679 1968 42 38 p.
780 1957 165 48 front.,
978 1959 172 47 plates,
1181 1960 124 47 port.
1367 1958 145 42 19½ᶜᵐ.

450 2014 382 49 Bibliography:
864 2026 44 38 p.
940 2014 219 42 114-115.

388 2071 52 52 ©
465 2076 128 40 June
616 2074 40 49 2,
680 2074 112 42 1931;
847 2074 68 42 2c.
941 2075 127 40 June
1092 2075 24 40 5;
1171 2074 83 42 aff.
1279 2075 127 41 June
1428 2076 27 38 4;
1509 2075 41 39 A
1572 2073 172 48 39147;
1773 2074 161 48 Emily
1959 2074 184 48 Cooper
2168 2075 233 44 Johnson,

458 2133 356 48 Philadelphia.
887 2132 282 49 (31-16768)

385 2199 204 65 Corra,
618 2199 220 56 Bruno.

455 2278 186 70 Irene,
671 2279 188 68 primo
890 2278 220 70 premio
1142 2279 59 53 di
1232 2279 264 69 bellezza,
1527 2296 285 36 romanzo.
1887 2277 241 71 Milano,
2159 2276 243 54 Fratelli

385 2359 229 67 Treves,
646 2361 150 49 1931.

458 2437 541 49 3 p. l., 276 p. 19ᶜᵐ.
462 2495 245 41 “Secondo
735 2495 263 48 migliaio.”

391 2549 1865 52 © Mar. 15, 1931; 1c. Apr. 6: A—Foreign 11643: Fratelli Treves.
387 2672 267 54 Deutsch
689 2672 356 54 foundation
1079 2672 369 65 conference,
1487 2674 251 68 Chicago
1773 2672 339 68 university,
2149 2676 149 50 1930.

381 2744 1994 133 … The care of the aged; proceedings of the Deutsch foundation
543 2822 1857 73 conference, 1930, edited by I. M. Rubinow … Chicago,
383 2901 113 67 Ill.,
524 2901 122 52 The
673 2901 337 71 University
1040 2903 65 53 of
1134 2901 253 70 Chicago
1419 2920 157 51 press
1610 2906 173 66 [1931]

454 2982 104 50 xiii,
589 2986 85 39 144
704 2996 41 37 p.
806 2984 146 42 23½ᶜᵐ.
1026 2985 184 48 (Social
1242 2986 184 41 service
1456 2987 335 48 monographs,
1821 2997 75 30 no.
1929 2986 80 49 14)

458 3041 156 41 “Held
646 3044 52 38 at
726 3042 83 40 the
839 3041 283 48 University
1153 3044 53 39 of
1234 3042 210 49 Chicago
1476 3043 153 42 under
1658 3045 81 39 the
1772 3044 221 48 auspices
2025 3044 52 41 of
2106 3044 82 41 the
385 3044 1998 95 Graduate
495 3099 159 39 school
686 3099 52 40 of
769 3098 143 41 social
948 3098 474 44 service.”—Introd.
1454 3103 126 38 note.

395 3152 52 52 ©
477 3156 129 40 June
633 3156 68 40 16.
731 3155 141 48 1931;
904 3155 66 42 2c.
1000 3159 96 39 and
1126 3157 82 40 aff.
1239 3158 129 40 June
1395 3157 82 48 25;
1510 3159 39 38 A
1578 3156 172 50 39095;
1784 3157 284 48 University
2100 3158 51 40 of
2181 3158 223 48 Chicago.

465 3212 223 48 Chicago.
765 3213 281 47 (31-16697)

389 3277 204 66 Dowd,
625 3279 248 54 Charles
902 3280 217 65 North,
1152 3288 173 49 1858-
1494 3284 84 54 ed.

459 3354 238 56 Charles
726 3356 62 52 F.
821 3356 203 71 Dowd,
1051 3378 52 33 a.
1134 3376 84 52 m.,
1249 3377 99 34 ph.
1377 3378 48 35 d.;
1487 3380 31 33 a
1546 3358 292 55 narrative
1866 3358 63 53 of
1955 3358 91 56 his
2077 3356 239 56 services
2342 3357 59 53 in

385 3431 359 72 originating
775 3435 113 52 and
919 3435 328 71 promoting
1278 3439 97 54 the
1405 3444 208 63 system
1646 3437 64 54 of
1739 3438 275 54 standard
2045 3435 137 54 time
2215 3434 186 55 which

385 3510 104 55 has
518 3513 138 53 been
685 3513 137 52 used
851 3514 61 53 in
940 3514 97 53 the
1066 3515 220 54 United
1317 3514 191 57 States
1539 3515 64 54 of
1634 3514 265 56 America
1930 3514 114 56 and
2072 3516 63 53 in
2168 3514 234 55 Canada

387 3587 2016 75 since 1883 … edited by Charles N. Dowd, m. d. New York,
386 3666 123 53 The
542 3667 463 56 Knickerbocker
1038 3689 173 50 press,
1249 3674 152 50 1930.

459 3747 1832 55 31 p. front. (port.) XVIII pl. (incl. map, facsims.) on 16 l. 24½ᶜᵐ.
463 3804 294 42 “Published
781 3809 53 38 at
856 3808 82 39 the
961 3809 281 47 suggestion
1268 3810 52 41 of
1343 3811 82 39 the
1454 3810 238 49 Saratoga
1716 3812 203 47 chapter
1942 3811 53 40 of
2017 3811 84 40 the
2124 3810 280 47 Daughters

389 3859 55 40 of
480 3862 83 39 the
598 3862 260 42 American
897 3864 288 49 revolution,
1226 3867 117 41 Mrs.
1383 3866 263 41 Frederick
1685 3868 210 47 Menges,
1936 3869 109 46 past
2086 3865 181 48 regent,
2310 3864 93 41 and

391 3917 82 40 the
504 3917 240 43 Alumnae
778 3921 297 41 association
1109 3922 52 41 of
1194 3922 198 49 Temple
1425 3923 157 41 Grove
1617 3923 259 49 seminary,
1912 3924 240 47 Saratoga
2190 3920 213 49 Springs,

390 3973 56 44 N.
477 3973 83 41 Y.”
