<alto xmlns="http://www.loc.gov/standards/alto/ns-v3#" xmlns:xlink="http://www.w3.org/1999/xlink" xmlns:xsi="http://www.w3.org/2001/XMLSchema-instance" xsi:schemaLocation="http://www.loc.gov/standards/alto/ns-v3# http://www.loc.gov/alto/v3/alto-3-0.xsd"><Description>
<MeasurementUnit>pixel</MeasurementUnit>
<sourceImageInformation>
<fileName>1931_v28_Part001.pdf</fileName>
</sourceImageInformation>
<OCRProcessing ID="IdOcr">
<ocrProcessingStep>
<processingDateTime>2019-04-22</processingDateTime>
<processingSoftware>
<softwareCreator>ABBYY</softwareCreator>
<softwareName>ABBYY Recognition Server</softwareName>
<softwareVersion>4.0</softwareVersion>
</processingSoftware>
</ocrProcessingStep>
</OCRProcessing>
</Description>
<Styles>
<ParagraphStyle ID="StyleId-FFFFFFFF-FFFF-FFFF-FFFF-FFFFFFFFFFFF-" ALIGN="Left" LEFT="0." RIGHT="0." FIRSTLINE="0."/>
<ParagraphStyle ID="StyleId-204B5AEB-67A1-44E2-A013-34B3A0F3E0EA-" ALIGN="Right" LEFT="0." RIGHT="0." FIRSTLINE="0." LINESPACE="8.300000191"/>
<ParagraphStyle ID="StyleId-03245871-796C-4429-B3C7-F9019C8C5B89-" ALIGN="Left" LEFT="0." RIGHT="0." FIRSTLINE="0." LINESPACE="12.19999981"/>
<ParagraphStyle ID="StyleId-BDCA8811-25FF-44DB-8D6F-2072A4ABC070-" ALIGN="Center" LEFT="0." RIGHT="0." FIRSTLINE="0." LINESPACE="12.19999981"/>
<ParagraphStyle ID="StyleId-2C5B7DF0-AF87-455E-B9A8-6FE387CB59BD-" ALIGN="Left" LEFT="0." RIGHT="0." FIRSTLINE="-13." LINESPACE="8.479999542"/>
<ParagraphStyle ID="StyleId-9FB72FA1-55D5-4161-8333-823D5732F4D0-" ALIGN="Block" LEFT="0." RIGHT="0." FIRSTLINE="-14." LINESPACE="10."/>
<ParagraphStyle ID="StyleId-212AEB8C-A829-4BF1-8E45-5BFE386A469C-" ALIGN="Block" LEFT="0." RIGHT="0." FIRSTLINE="-14." LINESPACE="11.35000038"/>
<ParagraphStyle ID="StyleId-4EC79CC1-EA62-49CE-ABB6-D84DDFCF4C7D-" ALIGN="Block" LEFT="0." RIGHT="0." FIRSTLINE="-10." LINESPACE="12.19999981"/>
<ParagraphStyle ID="StyleId-DAF2E8EE-6444-4951-9284-36A6C020C887-" ALIGN="Left" LEFT="0." RIGHT="0." FIRSTLINE="0." LINESPACE="9.399999619"/>
<ParagraphStyle ID="StyleId-25241749-1672-4977-B19F-38F59800D6D8-" ALIGN="Left" LEFT="0." RIGHT="0." FIRSTLINE="0." LINESPACE="11.10000038"/>
<ParagraphStyle ID="StyleId-8C523E19-EDEF-4F23-B010-536E1A1AAE1A-" ALIGN="Left" LEFT="0." RIGHT="0." FIRSTLINE="-13." LINESPACE="12.19999981"/>
<ParagraphStyle ID="StyleId-A1F9DE9E-2625-4D8B-AD7E-F0A0034C2989-" ALIGN="Block" LEFT="0." RIGHT="0." FIRSTLINE="0." LINESPACE="12.19999981"/>
<ParagraphStyle ID="StyleId-5725BB01-2B1C-440F-BAF2-696C4F4DF162-" ALIGN="Block" LEFT="0." RIGHT="0." FIRSTLINE="13." LINESPACE="12.19999981"/>
<ParagraphStyle ID="StyleId-F10A2092-61AA-44FD-99C2-123B3A8051CF-" ALIGN="Left" LEFT="0." RIGHT="0." FIRSTLINE="0." LINESPACE="5.5"/>
<ParagraphStyle ID="StyleId-B3CDC8CC-D2E1-4A23-B67C-CDD40993D1DD-" ALIGN="Left" LEFT="0." RIGHT="0." FIRSTLINE="0." LINESPACE="10."/>
<ParagraphStyle ID="StyleId-871EBF53-D909-4C8F-B368-AC7D897344DD-" ALIGN="Left" LEFT="0." RIGHT="0." FIRSTLINE="0."/>
<ParagraphStyle ID="StyleId-C4129744-680B-4878-B2C4-44BA3742C8D7-" ALIGN="Block" LEFT="0." RIGHT="0." FIRSTLINE="-14." LINESPACE="11.35000038"/>
<ParagraphStyle ID="StyleId-9CE98075-0B04-43D4-88D8-CE3BAB51B419-" ALIGN="Block" LEFT="0." RIGHT="0." FIRSTLINE="-10." LINESPACE="12.19999981"/>
<ParagraphStyle ID="StyleId-B2CFB7B3-DFFA-4E0E-94D6-C2BCE88DA9A9-" ALIGN="Left" LEFT="0." RIGHT="0." FIRSTLINE="0." LINESPACE="12.5"/>
<ParagraphStyle ID="StyleId-8D3352F3-1084-4DDE-A35D-B97102CCE686-" ALIGN="Left" LEFT="0." RIGHT="0." FIRSTLINE="0." LINESPACE="11.60000038"/>
<ParagraphStyle ID="StyleId-4A8DDA0D-166D-4E22-A597-BA51B892602D-" ALIGN="Block" LEFT="0." RIGHT="0." FIRSTLINE="0." LINESPACE="11.21000004"/>
<ParagraphStyle ID="StyleId-90EA4001-AA3C-45A1-AEDC-D1E1169EE5E5-" ALIGN="Block" LEFT="0." RIGHT="0." FIRSTLINE="13." LINESPACE="12.19999981"/>
</Styles>
<Layout>
<Page ID="Page963" PHYSICAL_IMG_NR="963" HEIGHT="4370" WIDTH="2505">
<TopMargin HEIGHT="404" WIDTH="2505" VPOS="0" HPOS="0">
</TopMargin>
<LeftMargin HEIGHT="3714" WIDTH="36" VPOS="404" HPOS="0">
</LeftMargin>
<RightMargin HEIGHT="3714" WIDTH="441" VPOS="404" HPOS="2064">
</RightMargin>
<BottomMargin HEIGHT="252" WIDTH="2505" VPOS="4118" HPOS="0">
</BottomMargin>
<PrintSpace HEIGHT="3714" WIDTH="2028" VPOS="404" HPOS="36">
<TextBlock ID="Page963_Block1" HEIGHT="72" WIDTH="122" VPOS="4046" HPOS="984" LANG="en-US" STYLEREFS="StyleId-AC2477A7-2D86-4E1A-BB00-2CC45BC1936F-">
<TextLine HEIGHT="51" WIDTH="101" VPOS="4057" HPOS="995">
<String CONTENT="963" HEIGHT="51" WIDTH="101" VPOS="4057" HPOS="995"/>
</TextLine>
</TextBlock>
<TextBlock ID="Page963_Block2" HEIGHT="3650" WIDTH="2028" VPOS="404" HPOS="36" LANG="en-US" CS="1" STYLEREFS="StyleId-5247B801-C794-4B43-9E83-30BD00D03420-">
<TextLine HEIGHT="70" WIDTH="2000" VPOS="492" HPOS="53" CS="1">
<String CONTENT="revelation" HEIGHT="52" WIDTH="309" VPOS="494" HPOS="53"/>
<SP HEIGHT="50" WIDTH="14" VPOS="495" HPOS="363"/>
<String CS="1" CONTENT="without" HEIGHT="54" WIDTH="188" VPOS="492" HPOS="448"/>
<SP HEIGHT="47" WIDTH="27" VPOS="499" HPOS="637"/>
<String CONTENT="a" HEIGHT="33" WIDTH="31" VPOS="513" HPOS="665"/>
<SP HEIGHT="53" WIDTH="31" VPOS="493" HPOS="697"/>
<String CONTENT="former" HEIGHT="53" WIDTH="216" VPOS="493" HPOS="729"/>
<SP HEIGHT="52" WIDTH="27" VPOS="493" HPOS="946"/>
<String CONTENT="knowledge" HEIGHT="69" WIDTH="332" VPOS="493" HPOS="974"/>
<SP HEIGHT="34" WIDTH="28" VPOS="513" HPOS="1307"/>
<String CONTENT="of" HEIGHT="52" WIDTH="63" VPOS="495" HPOS="1336"/>
<SP HEIGHT="55" WIDTH="30" VPOS="493" HPOS="1400"/>
<String CONTENT="Greek," HEIGHT="69" WIDTH="201" VPOS="493" HPOS="1431"/>
<SP HEIGHT="67" WIDTH="30" VPOS="495" HPOS="1633"/>
<String CONTENT="by" HEIGHT="67" WIDTH="72" VPOS="495" HPOS="1664"/>
<SP HEIGHT="51" WIDTH="29" VPOS="511" HPOS="1737"/>
<String CONTENT="means" HEIGHT="35" WIDTH="191" VPOS="511" HPOS="1767"/>
<SP HEIGHT="34" WIDTH="30" VPOS="512" HPOS="1959"/>
<String CONTENT="of" HEIGHT="53" WIDTH="63" VPOS="493" HPOS="1990"/>
</TextLine>
<TextLine HEIGHT="73" WIDTH="1996" VPOS="568" HPOS="55">
<String CONTENT="a" HEIGHT="33" WIDTH="31" VPOS="590" HPOS="55"/>
<SP HEIGHT="35" WIDTH="34" VPOS="588" HPOS="87"/>
<String CONTENT="restored" HEIGHT="55" WIDTH="248" VPOS="569" HPOS="122"/>
<SP HEIGHT="56" WIDTH="37" VPOS="568" HPOS="371"/>
<String CONTENT="Greek" HEIGHT="56" WIDTH="185" VPOS="568" HPOS="409"/>
<SP HEIGHT="53" WIDTH="35" VPOS="569" HPOS="595"/>
<String CONTENT="text," HEIGHT="63" WIDTH="138" VPOS="576" HPOS="631"/>
<SP HEIGHT="49" WIDTH="35" VPOS="590" HPOS="770"/>
<String CONTENT="with" HEIGHT="52" WIDTH="140" VPOS="572" HPOS="806"/>
<SP HEIGHT="53" WIDTH="37" VPOS="572" HPOS="947"/>
<String CONTENT="various" HEIGHT="56" WIDTH="227" VPOS="569" HPOS="985"/>
<SP HEIGHT="33" WIDTH="35" VPOS="591" HPOS="1213"/>
<String CONTENT="readings," HEIGHT="67" WIDTH="284" VPOS="572" HPOS="1249"/>
<SP HEIGHT="48" WIDTH="38" VPOS="591" HPOS="1534"/>
<String CONTENT="conforming," HEIGHT="70" WIDTH="378" VPOS="571" HPOS="1573"/>
<SP HEIGHT="49" WIDTH="40" VPOS="592" HPOS="1952"/>
<String CONTENT="as" HEIGHT="33" WIDTH="58" VPOS="592" HPOS="1993"/>
</TextLine>
<TextLine HEIGHT="71" WIDTH="1998" VPOS="647" HPOS="53">
<String CONTENT="far" HEIGHT="52" WIDTH="95" VPOS="648" HPOS="53"/>
<SP HEIGHT="34" WIDTH="23" VPOS="666" HPOS="149"/>
<String CONTENT="as" HEIGHT="33" WIDTH="60" VPOS="668" HPOS="173"/>
<SP HEIGHT="50" WIDTH="23" VPOS="665" HPOS="234"/>
<String CONTENT="possible," HEIGHT="67" WIDTH="259" VPOS="648" HPOS="258"/>
<SP HEIGHT="63" WIDTH="26" VPOS="652" HPOS="518"/>
<String CONTENT="to" HEIGHT="48" WIDTH="57" VPOS="652" HPOS="545"/>
<SP HEIGHT="47" WIDTH="23" VPOS="655" HPOS="603"/>
<String CONTENT="the" HEIGHT="53" WIDTH="96" VPOS="649" HPOS="627"/>
<SP HEIGHT="54" WIDTH="23" VPOS="647" HPOS="724"/>
<String CONTENT="inspired" HEIGHT="68" WIDTH="254" VPOS="647" HPOS="748"/>
<SP HEIGHT="52" WIDTH="27" VPOS="648" HPOS="1003"/>
<String CONTENT="autographs," HEIGHT="68" WIDTH="366" VPOS="650" HPOS="1031"/>
<SP HEIGHT="49" WIDTH="27" VPOS="669" HPOS="1398"/>
<String CONTENT="a" HEIGHT="34" WIDTH="31" VPOS="669" HPOS="1426"/>
<SP HEIGHT="35" WIDTH="25" VPOS="668" HPOS="1458"/>
<String CONTENT="uniform" HEIGHT="53" WIDTH="254" VPOS="648" HPOS="1484"/>
<SP HEIGHT="34" WIDTH="26" VPOS="667" HPOS="1739"/>
<String LANG="de" CONTENT="sublinear" HEIGHT="54" WIDTH="285" VPOS="649" HPOS="1766"/>
</TextLine>
<TextLine HEIGHT="145" WIDTH="1978" VPOS="724" HPOS="50" CS="1">
<String CONTENT="based" HEIGHT="55" WIDTH="169" VPOS="724" HPOS="51"/>
<SP HEIGHT="52" WIDTH="23" VPOS="725" HPOS="221"/>
<String CONTENT="upon" HEIGHT="50" WIDTH="153" VPOS="743" HPOS="245"/>
<SP HEIGHT="33" WIDTH="26" VPOS="744" HPOS="399"/>
<String CONTENT="an" HEIGHT="33" WIDTH="71" VPOS="744" HPOS="426"/>
<SP HEIGHT="33" WIDTH="24" VPOS="744" HPOS="498"/>
<String CONTENT="exclusive" HEIGHT="54" WIDTH="280" VPOS="724" HPOS="523"/>
<SP HEIGHT="53" WIDTH="22" VPOS="725" HPOS="804"/>
<String CONTENT="English" HEIGHT="69" WIDTH="247" VPOS="724" HPOS="827"/>
<SP HEIGHT="51" WIDTH="26" VPOS="726" HPOS="1075"/>
<String CONTENT="equivalent" HEIGHT="66" WIDTH="321" VPOS="726" HPOS="1102"/>
<SP HEIGHT="52" WIDTH="27" VPOS="726" HPOS="1424"/>
<String CONTENT="for" HEIGHT="52" WIDTH="92" VPOS="726" HPOS="1452"/>
<SP HEIGHT="35" WIDTH="25" VPOS="745" HPOS="1545"/>
<String CONTENT="each" HEIGHT="53" WIDTH="134" VPOS="727" HPOS="1571"/>
<SP HEIGHT="55" WIDTH="27" VPOS="725" HPOS="1706"/>
<String CONTENT="Greek" HEIGHT="55" WIDTH="184" VPOS="725" HPOS="1734"/>
<SP HEIGHT="53" WIDTH="27" VPOS="726" HPOS="1919"/>
<String CONTENT="element," HEIGHT="143" WIDTH="1978" VPOS="726" HPOS="50"/>
</TextLine>
<TextLine HEIGHT="69" WIDTH="1801" VPOS="802" HPOS="250">
<String CONTENT="and" HEIGHT="53" WIDTH="111" VPOS="802" HPOS="250"/>
<SP HEIGHT="53" WIDTH="26" VPOS="802" HPOS="362"/>
<String CONTENT="a" HEIGHT="33" WIDTH="32" VPOS="822" HPOS="389"/>
<SP HEIGHT="33" WIDTH="28" VPOS="822" HPOS="422"/>
<String CONTENT="consistent," HEIGHT="69" WIDTH="319" VPOS="802" HPOS="451"/>
<SP HEIGHT="50" WIDTH="26" VPOS="821" HPOS="771"/>
<String CONTENT="emphasized" HEIGHT="68" WIDTH="356" VPOS="802" HPOS="798"/>
<SP HEIGHT="52" WIDTH="28" VPOS="803" HPOS="1155"/>
<String CONTENT="English" HEIGHT="69" WIDTH="245" VPOS="802" HPOS="1184"/>
<SP HEIGHT="51" WIDTH="27" VPOS="804" HPOS="1430"/>
<String CONTENT="version" HEIGHT="52" WIDTH="221" VPOS="803" HPOS="1458"/>
<SP HEIGHT="34" WIDTH="26" VPOS="822" HPOS="1680"/>
<String CONTENT="with" HEIGHT="52" WIDTH="140" VPOS="804" HPOS="1707"/>
<SP HEIGHT="50" WIDTH="27" VPOS="805" HPOS="1848"/>
<String CONTENT="notes," HEIGHT="63" WIDTH="175" VPOS="808" HPOS="1876"/>
</TextLine>
<TextLine HEIGHT="71" WIDTH="1999" VPOS="878" HPOS="51">
<String CONTENT="which" HEIGHT="54" WIDTH="185" VPOS="878" HPOS="51"/>
<SP HEIGHT="53" WIDTH="22" VPOS="880" HPOS="237"/>
<String CONTENT="are" HEIGHT="35" WIDTH="93" VPOS="898" HPOS="260"/>
<SP HEIGHT="53" WIDTH="20" VPOS="879" HPOS="354"/>
<String CONTENT="linked" HEIGHT="54" WIDTH="196" VPOS="879" HPOS="375"/>
<SP HEIGHT="54" WIDTH="22" VPOS="879" HPOS="572"/>
<String CONTENT="together" HEIGHT="67" WIDTH="256" VPOS="880" HPOS="595"/>
<SP HEIGHT="34" WIDTH="23" VPOS="899" HPOS="852"/>
<String CONTENT="and" HEIGHT="53" WIDTH="112" VPOS="880" HPOS="876"/>
<SP HEIGHT="53" WIDTH="22" VPOS="880" HPOS="989"/>
<String CONTENT="correlated" HEIGHT="54" WIDTH="310" VPOS="879" HPOS="1012"/>
<SP HEIGHT="52" WIDTH="25" VPOS="879" HPOS="1323"/>
<String CONTENT="for" HEIGHT="51" WIDTH="91" VPOS="880" HPOS="1349"/>
<SP HEIGHT="46" WIDTH="22" VPOS="887" HPOS="1441"/>
<String CONTENT="the" HEIGHT="52" WIDTH="95" VPOS="881" HPOS="1464"/>
<SP HEIGHT="52" WIDTH="20" VPOS="880" HPOS="1560"/>
<String CONTENT="English" HEIGHT="69" WIDTH="245" VPOS="880" HPOS="1581"/>
<SP HEIGHT="51" WIDTH="25" VPOS="881" HPOS="1827"/>
<String CONTENT="reader" HEIGHT="51" WIDTH="197" VPOS="881" HPOS="1853"/>
</TextLine>
<TextLine HEIGHT="147" WIDTH="1975" VPOS="956" HPOS="50" CS="1">
<String CONTENT="by" HEIGHT="68" WIDTH="74" VPOS="956" HPOS="50"/>
<SP HEIGHT="49" WIDTH="32" VPOS="975" HPOS="125"/>
<String CONTENT="means" HEIGHT="34" WIDTH="190" VPOS="975" HPOS="158"/>
<SP HEIGHT="33" WIDTH="31" VPOS="976" HPOS="349"/>
<String CONTENT="of" HEIGHT="52" WIDTH="65" VPOS="957" HPOS="381"/>
<SP HEIGHT="52" WIDTH="34" VPOS="957" HPOS="447"/>
<String CONTENT="an" HEIGHT="33" WIDTH="71" VPOS="976" HPOS="482"/>
<SP HEIGHT="51" WIDTH="35" VPOS="957" HPOS="554"/>
<String CONTENT="English" HEIGHT="68" WIDTH="245" VPOS="956" HPOS="590"/>
<SP HEIGHT="51" WIDTH="34" VPOS="958" HPOS="836"/>
<String CONTENT="concordance" HEIGHT="54" WIDTH="376" VPOS="956" HPOS="871"/>
<SP HEIGHT="33" WIDTH="35" VPOS="976" HPOS="1248"/>
<String CONTENT="and" HEIGHT="52" WIDTH="112" VPOS="957" HPOS="1284"/>
<SP HEIGHT="52" WIDTH="33" VPOS="957" HPOS="1397"/>
<String CONTENT="lexicon" HEIGHT="52" WIDTH="219" VPOS="957" HPOS="1431"/>
<SP HEIGHT="34" WIDTH="36" VPOS="976" HPOS="1651"/>
<String CONTENT="and" HEIGHT="52" WIDTH="111" VPOS="958" HPOS="1688"/>
<SP HEIGHT="53" WIDTH="37" VPOS="958" HPOS="1800"/>
<String CONTENT="a" HEIGHT="33" WIDTH="29" VPOS="978" HPOS="1838"/>
<SP HEIGHT="34" WIDTH="36" VPOS="977" HPOS="1868"/>
<String CONTENT="complementary" HEIGHT="127" WIDTH="1975" VPOS="976" HPOS="50"/>
</TextLine>
<TextLine HEIGHT="71" WIDTH="1613" VPOS="1033" HPOS="434">
<String CONTENT="list" HEIGHT="54" WIDTH="95" VPOS="1034" HPOS="434"/>
<SP HEIGHT="45" WIDTH="31" VPOS="1040" HPOS="530"/>
<String CONTENT="of" HEIGHT="51" WIDTH="62" VPOS="1034" HPOS="562"/>
<SP HEIGHT="51" WIDTH="27" VPOS="1034" HPOS="625"/>
<String CONTENT="the" HEIGHT="51" WIDTH="94" VPOS="1035" HPOS="653"/>
<SP HEIGHT="54" WIDTH="30" VPOS="1033" HPOS="748"/>
<String CONTENT="Greek" HEIGHT="54" WIDTH="184" VPOS="1033" HPOS="779"/>
<SP HEIGHT="52" WIDTH="29" VPOS="1034" HPOS="964"/>
<String CONTENT="elements." HEIGHT="51" WIDTH="279" VPOS="1035" HPOS="994"/>
<SP HEIGHT="54" WIDTH="70" VPOS="1034" HPOS="1274"/>
<String CONTENT="Completely" HEIGHT="70" WIDTH="355" VPOS="1034" HPOS="1345"/>
<SP HEIGHT="49" WIDTH="29" VPOS="1055" HPOS="1701"/>
<String CONTENT="rev.," HEIGHT="47" WIDTH="132" VPOS="1054" HPOS="1731"/>
<SP HEIGHT="63" WIDTH="33" VPOS="1038" HPOS="1864"/>
<String CONTENT="1930." HEIGHT="49" WIDTH="149" VPOS="1037" HPOS="1898"/>
</TextLine>
<TextLine HEIGHT="70" WIDTH="1975" VPOS="1110" HPOS="48" CS="1">
<String CONTENT="Los" HEIGHT="53" WIDTH="111" VPOS="1112" HPOS="48"/>
<SP HEIGHT="54" WIDTH="22" VPOS="1111" HPOS="160"/>
<String CONTENT="Angeles," HEIGHT="68" WIDTH="264" VPOS="1111" HPOS="183"/>
<SP HEIGHT="69" WIDTH="25" VPOS="1110" HPOS="448"/>
<String CONTENT="Calif.," HEIGHT="70" WIDTH="193" VPOS="1110" HPOS="474"/>
<SP HEIGHT="68" WIDTH="21" VPOS="1112" HPOS="668"/>
<String CONTENT="The" HEIGHT="51" WIDTH="121" VPOS="1112" HPOS="690"/>
<SP HEIGHT="55" WIDTH="26" VPOS="1111" HPOS="812"/>
<String CONTENT="Concordant" HEIGHT="55" WIDTH="360" VPOS="1111" HPOS="839"/>
<SP HEIGHT="62" WIDTH="25" VPOS="1117" HPOS="1200"/>
<String CONTENT="publishing" HEIGHT="69" WIDTH="332" VPOS="1110" HPOS="1226"/>
<SP HEIGHT="49" WIDTH="24" VPOS="1130" HPOS="1559"/>
<String CONTENT="concern" HEIGHT="35" WIDTH="234" VPOS="1130" HPOS="1584"/>
<SP HEIGHT="50" WIDTH="31" VPOS="1130" HPOS="1819"/>
<String CS="1" CONTENT="["/>
<String STYLE="superscript" CS="1" CONTENT="&#7580;1"/>
<String CS="1" CONTENT="931]" HEIGHT="48" WIDTH="99" VPOS="1115" HPOS="1924"/>
</TextLine>
<TextLine HEIGHT="50" WIDTH="1072" VPOS="1190" HPOS="124" CS="1">
<String CONTENT="[2074]" HEIGHT="50" WIDTH="143" VPOS="1190" HPOS="124"/>
<SP HEIGHT="38" WIDTH="28" VPOS="1202" HPOS="268"/>
<String CONTENT="p." HEIGHT="37" WIDTH="42" VPOS="1202" HPOS="297"/>
<SP HEIGHT="40" WIDTH="28" VPOS="1191" HPOS="340"/>
<String CONTENT="incl." HEIGHT="41" WIDTH="110" VPOS="1191" HPOS="369"/>
<SP HEIGHT="41" WIDTH="23" VPOS="1191" HPOS="480"/>
<String CONTENT="front.," HEIGHT="49" WIDTH="164" VPOS="1191" HPOS="504"/>
<SP HEIGHT="48" WIDTH="26" VPOS="1192" HPOS="669"/>
<String CONTENT="illus.," HEIGHT="46" WIDTH="141" VPOS="1192" HPOS="696"/>
<SP HEIGHT="46" WIDTH="26" VPOS="1192" HPOS="838"/>
<String CONTENT="facsims." HEIGHT="40" WIDTH="215" VPOS="1192" HPOS="865"/>
<SP HEIGHT="40" WIDTH="60" VPOS="1191" HPOS="1081"/>
<String CONTENT="23" HEIGHT="41" WIDTH="54" VPOS="1191" HPOS="1142"/>
<String STYLE="superscript" CS="1" CONTENT="&#7580;&#7504;."/>
</TextLine>
<TextLine HEIGHT="48" WIDTH="885" VPOS="1248" HPOS="122" STYLEREFS="StyleId-3E235A51-0991-4723-843B-F0437B981863-" CS="1">
<String CONTENT="&#8220;Copyright" HEIGHT="48" WIDTH="293" VPOS="1248" HPOS="122"/>
<SP HEIGHT="37" WIDTH="34" VPOS="1250" HPOS="416"/>
<String CS="1" CONTENT="&#8230;"/>
<SP HEIGHT="39" WIDTH="34" VPOS="1249" HPOS="497"/>
<String CONTENT="by" HEIGHT="46" WIDTH="61" VPOS="1249" HPOS="532"/>
<SP HEIGHT="46" WIDTH="28" VPOS="1249" HPOS="594"/>
<String CONTENT="A." HEIGHT="41" WIDTH="53" VPOS="1249" HPOS="623"/>
<SP HEIGHT="41" WIDTH="31" VPOS="1249" HPOS="677"/>
<String CONTENT="E." HEIGHT="40" WIDTH="52" VPOS="1249" HPOS="709"/>
<SP HEIGHT="40" WIDTH="30" VPOS="1249" HPOS="762"/>
<String CONTENT="Knoch.&#8221;" HEIGHT="40" WIDTH="214" VPOS="1248" HPOS="793"/>
</TextLine>
<TextLine HEIGHT="105" WIDTH="1984" VPOS="1304" HPOS="50" STYLEREFS="StyleId-3E235A51-0991-4723-843B-F0437B981863-" CS="1">
<String CONTENT="&#8220;A" HEIGHT="39" WIDTH="69" VPOS="1304" HPOS="122"/>
<SP HEIGHT="41" WIDTH="41" VPOS="1304" HPOS="192"/>
<String CONTENT="comprehensive" HEIGHT="47" WIDTH="392" VPOS="1305" HPOS="234"/>
<SP HEIGHT="38" WIDTH="43" VPOS="1306" HPOS="627"/>
<String CONTENT="lexicon" HEIGHT="40" WIDTH="188" VPOS="1304" HPOS="671"/>
<SP HEIGHT="28" WIDTH="43" VPOS="1316" HPOS="860"/>
<String CONTENT="and" HEIGHT="39" WIDTH="94" VPOS="1305" HPOS="904"/>
<SP HEIGHT="39" WIDTH="42" VPOS="1305" HPOS="999"/>
<String CONTENT="concordance&#8221;" HEIGHT="41" WIDTH="354" VPOS="1304" HPOS="1042"/>
<SP HEIGHT="40" WIDTH="45" VPOS="1304" HPOS="1397"/>
<String CONTENT="and" HEIGHT="39" WIDTH="95" VPOS="1306" HPOS="1443"/>
<SP HEIGHT="39" WIDTH="45" VPOS="1306" HPOS="1539"/>
<String CONTENT="&#8220;The" HEIGHT="39" WIDTH="129" VPOS="1306" HPOS="1585"/>
<SP HEIGHT="40" WIDTH="44" VPOS="1305" HPOS="1715"/>
<String CONTENT="Greek" HEIGHT="40" WIDTH="157" VPOS="1305" HPOS="1760"/>
<SP HEIGHT="39" WIDTH="42" VPOS="1306" HPOS="1918"/>
<String CONTENT="elements&#8221;" HEIGHT="95" WIDTH="1984" VPOS="1306" HPOS="50"/>
<SP HEIGHT="41" WIDTH="31" VPOS="1360" HPOS="236"/>
<String CONTENT="have" HEIGHT="37" WIDTH="124" VPOS="1364" HPOS="268"/>
<SP HEIGHT="29" WIDTH="30" VPOS="1372" HPOS="393"/>
<String CONTENT="special" HEIGHT="48" WIDTH="179" VPOS="1361" HPOS="424"/>
<SP HEIGHT="39" WIDTH="33" VPOS="1362" HPOS="604"/>
<String CONTENT="title-pages" HEIGHT="48" WIDTH="275" VPOS="1361" HPOS="638"/>
<SP HEIGHT="29" WIDTH="33" VPOS="1372" HPOS="914"/>
<String CONTENT="and" HEIGHT="39" WIDTH="96" VPOS="1362" HPOS="948"/>
<SP HEIGHT="39" WIDTH="32" VPOS="1362" HPOS="1045"/>
<String CONTENT="separate" HEIGHT="44" WIDTH="225" VPOS="1364" HPOS="1078"/>
<SP HEIGHT="36" WIDTH="32" VPOS="1372" HPOS="1304"/>
<String CONTENT="pagination." HEIGHT="47" WIDTH="295" VPOS="1361" HPOS="1337"/>
</TextLine>
<TextLine HEIGHT="52" WIDTH="1991" VPOS="1417" HPOS="58" STYLEREFS="StyleId-3E235A51-0991-4723-843B-F0437B981863-" CS="1">
<String CONTENT="&#169;" HEIGHT="52" WIDTH="52" VPOS="1417" HPOS="58"/>
<SP HEIGHT="52" WIDTH="32" VPOS="1417" HPOS="111"/>
<String CONTENT="Feb." HEIGHT="40" WIDTH="110" VPOS="1422" HPOS="144"/>
<SP HEIGHT="39" WIDTH="30" VPOS="1423" HPOS="255"/>
<String CONTENT="1," HEIGHT="46" WIDTH="38" VPOS="1423" HPOS="286"/>
<SP HEIGHT="46" WIDTH="30" VPOS="1423" HPOS="325"/>
<String CONTENT="1931;" HEIGHT="46" WIDTH="139" VPOS="1421" HPOS="356"/>
<SP HEIGHT="46" WIDTH="33" VPOS="1421" HPOS="496"/>
<String CONTENT="2c." HEIGHT="40" WIDTH="67" VPOS="1421" HPOS="530"/>
<SP HEIGHT="39" WIDTH="32" VPOS="1422" HPOS="598"/>
<String CONTENT="Mar." HEIGHT="39" WIDTH="121" VPOS="1422" HPOS="631"/>
<SP HEIGHT="40" WIDTH="30" VPOS="1421" HPOS="753"/>
<String CS="1" CONTENT="11;" HEIGHT="38" WIDTH="52" VPOS="1421" HPOS="784"/>
<SP HEIGHT="30" WIDTH="34" VPOS="1430" HPOS="866"/>
<String CONTENT="aff." HEIGHT="40" WIDTH="79" VPOS="1419" HPOS="901"/>
<SP HEIGHT="37" WIDTH="33" VPOS="1421" HPOS="981"/>
<String CONTENT="May" HEIGHT="46" WIDTH="113" VPOS="1421" HPOS="1015"/>
<SP HEIGHT="48" WIDTH="30" VPOS="1419" HPOS="1129"/>
<String CS="1" CONTENT="25;" HEIGHT="40" WIDTH="55" VPOS="1419" HPOS="1160"/>
<SP HEIGHT="41" WIDTH="35" VPOS="1420" HPOS="1242"/>
<!-- cceid EB1341CD-6E8D-1014-9CF5-AEB3FCA41D69 --><String CONTENT="A" HEIGHT="38" WIDTH="40" VPOS="1420" HPOS="1278"/>
<SP HEIGHT="39" WIDTH="29" VPOS="1420" HPOS="1319"/>
<String CONTENT="37530;" HEIGHT="47" WIDTH="171" VPOS="1420" HPOS="1349"/>
<SP HEIGHT="47" WIDTH="34" VPOS="1420" HPOS="1521"/>
<String CONTENT="Adolph" HEIGHT="47" WIDTH="189" VPOS="1420" HPOS="1556"/>
<SP HEIGHT="38" WIDTH="33" VPOS="1420" HPOS="1746"/>
<String CONTENT="E." HEIGHT="39" WIDTH="52" VPOS="1421" HPOS="1780"/>
<SP HEIGHT="40" WIDTH="32" VPOS="1420" HPOS="1833"/>
<String CS="1" CONTENT="Knoch," HEIGHT="38" WIDTH="135" VPOS="1429" HPOS="1914"/>
</TextLine>
<TextLine HEIGHT="48" WIDTH="691" VPOS="1477" HPOS="127" STYLEREFS="StyleId-3E235A51-0991-4723-843B-F0437B981863-">
<String CONTENT="Los" HEIGHT="38" WIDTH="90" VPOS="1479" HPOS="127"/>
<SP HEIGHT="38" WIDTH="30" VPOS="1479" HPOS="218"/>
<String CONTENT="Angeles." HEIGHT="45" WIDTH="221" VPOS="1479" HPOS="249"/>
<SP HEIGHT="47" WIDTH="69" VPOS="1478" HPOS="471"/>
<String CONTENT="(31-15885)" HEIGHT="48" WIDTH="277" VPOS="1477" HPOS="541"/>
</TextLine>
<TextLine HEIGHT="65" WIDTH="1194" VPOS="1570" HPOS="52">
<String LANG="fr" CONTENT="Bourget," HEIGHT="64" WIDTH="282" VPOS="1571" HPOS="52"/>
<SP HEIGHT="64" WIDTH="23" VPOS="1571" HPOS="335"/>
<String LANG="en-US" CONTENT="Paul" HEIGHT="53" WIDTH="147" VPOS="1571" HPOS="359"/>
<SP HEIGHT="54" WIDTH="26" VPOS="1571" HPOS="507"/>
<String LANG="en-US" CONTENT="Charles" HEIGHT="55" WIDTH="244" VPOS="1570" HPOS="534"/>
<SP HEIGHT="53" WIDTH="26" VPOS="1571" HPOS="779"/>
<String LANG="en-US" CONTENT="Joseph," HEIGHT="64" WIDTH="238" VPOS="1570" HPOS="806"/>
<SP HEIGHT="58" WIDTH="31" VPOS="1576" HPOS="1045"/>
<String LANG="en-US" CONTENT="1852-" HEIGHT="51" WIDTH="169" VPOS="1574" HPOS="1077"/>
</TextLine>
<TextLine HEIGHT="71" WIDTH="1017" VPOS="1646" HPOS="179" CS="1">
<String LANG="en-US" CS="1" CONTENT="&#8230;"/>
<SP HEIGHT="53" WIDTH="30" VPOS="1648" HPOS="179"/>
<String LANG="fr" CONTENT="La" HEIGHT="53" WIDTH="84" VPOS="1648" HPOS="210"/>
<SP HEIGHT="35" WIDTH="28" VPOS="1666" HPOS="295"/>
<String LANG="fr" CONTENT="rechute." HEIGHT="52" WIDTH="242" VPOS="1649" HPOS="324"/>
<SP HEIGHT="52" WIDTH="64" VPOS="1647" HPOS="567"/>
<String LANG="en-US" CONTENT="Paris," HEIGHT="71" WIDTH="184" VPOS="1646" HPOS="632"/>
<SP HEIGHT="70" WIDTH="26" VPOS="1647" HPOS="817"/>
<String LANG="en-US" CONTENT="Plon" HEIGHT="52" WIDTH="145" VPOS="1647" HPOS="844"/>
<SP HEIGHT="51" WIDTH="34" VPOS="1665" HPOS="990"/>
<String LANG="en-US" CONTENT="[1931]" HEIGHT="66" WIDTH="171" VPOS="1650" HPOS="1025"/>
</TextLine>
<TextLine HEIGHT="50" WIDTH="615" VPOS="1727" HPOS="119" STYLEREFS="StyleId-3E235A51-0991-4723-843B-F0437B981863-" CS="1">
<String CONTENT="3" HEIGHT="41" WIDTH="27" VPOS="1729" HPOS="119"/>
<SP HEIGHT="48" WIDTH="28" VPOS="1729" HPOS="147"/>
<String LANG="fr" CS="1" CONTENT="p."/>
<SP/>
<String LANG="fr" CS="1" CONTENT="l."/>
<String CONTENT="," HEIGHT="17" WIDTH="8" VPOS="1759" HPOS="285"/>
<SP HEIGHT="48" WIDTH="29" VPOS="1728" HPOS="294"/>
<String CONTENT="280" HEIGHT="42" WIDTH="87" VPOS="1727" HPOS="324"/>
<SP HEIGHT="49" WIDTH="28" VPOS="1727" HPOS="412"/>
<String CONTENT="p.," HEIGHT="38" WIDTH="57" VPOS="1738" HPOS="441"/>
<SP HEIGHT="48" WIDTH="32" VPOS="1728" HPOS="499"/>
<String CONTENT="2" HEIGHT="39" WIDTH="26" VPOS="1728" HPOS="532"/>
<SP HEIGHT="40" WIDTH="28" VPOS="1728" HPOS="559"/>
<String CS="1" CONTENT="l." HEIGHT="8" WIDTH="8" VPOS="1760" HPOS="611"/>
<SP HEIGHT="38" WIDTH="57" VPOS="1730" HPOS="620"/>
<String CONTENT="19" HEIGHT="41" WIDTH="56" VPOS="1727" HPOS="678"/>
<String STYLE="superscript" CS="1" CONTENT="&#7580;&#7504;."/>
</TextLine>
<TextLine HEIGHT="52" WIDTH="1777" VPOS="1785" HPOS="56" STYLEREFS="StyleId-3E235A51-0991-4723-843B-F0437B981863-" CS="1">
<String LANG="en-US" CONTENT="&#169;" HEIGHT="52" WIDTH="52" VPOS="1785" HPOS="56"/>
<SP HEIGHT="52" WIDTH="25" VPOS="1785" HPOS="109"/>
<String LANG="en-US" CONTENT="Mar." HEIGHT="39" WIDTH="121" VPOS="1791" HPOS="135"/>
<SP HEIGHT="42" WIDTH="24" VPOS="1788" HPOS="257"/>
<String LANG="en-US" CS="1" CONTENT="28," HEIGHT="40" WIDTH="56" VPOS="1788" HPOS="282"/>
<SP HEIGHT="40" WIDTH="27" VPOS="1789" HPOS="351"/>
<String LANG="en-US" CS="1" CONTENT="1931;" HEIGHT="41" WIDTH="111" VPOS="1787" HPOS="379"/>
<SP/>
<String LANG="en-US" CS="1" CONTENT="1c."/>
<SP HEIGHT="39" WIDTH="27" VPOS="1789" HPOS="615"/>
<String LANG="en-US" CS="1" CONTENT="May" HEIGHT="39" WIDTH="79" VPOS="1789" HPOS="643"/>
<SP HEIGHT="41" WIDTH="24" VPOS="1787" HPOS="757"/>
<String LANG="en-US" CS="1" CONTENT="22;" HEIGHT="39" WIDTH="54" VPOS="1786" HPOS="782"/>
<SP HEIGHT="41" WIDTH="27" VPOS="1787" HPOS="866"/>
<!-- cceid EB13C7EA-6E8D-1014-9CF5-AEB3FCA41D69 --><String LANG="en-US" CONTENT="A&#8212;Foreign" HEIGHT="48" WIDTH="309" VPOS="1787" HPOS="894"/>
<SP HEIGHT="39" WIDTH="25" VPOS="1787" HPOS="1204"/>
<String LANG="en-US" CS="1" CONTENT="12159;" HEIGHT="42" WIDTH="143" VPOS="1785" HPOS="1230"/>
<SP HEIGHT="47" WIDTH="30" VPOS="1787" HPOS="1401"/>
<String LANG="fr" CONTENT="Librairie" HEIGHT="41" WIDTH="243" VPOS="1787" HPOS="1432"/>
<SP HEIGHT="40" WIDTH="23" VPOS="1788" HPOS="1676"/>
<String LANG="fr" CONTENT="Plon." HEIGHT="40" WIDTH="133" VPOS="1788" HPOS="1700"/>
</TextLine>
<TextLine HEIGHT="50" WIDTH="278" VPOS="1844" HPOS="135" STYLEREFS="StyleId-3E235A51-0991-4723-843B-F0437B981863-">
<String CONTENT="(31-15594)" HEIGHT="50" WIDTH="278" VPOS="1844" HPOS="135"/>
</TextLine>
<TextLine HEIGHT="65" WIDTH="680" VPOS="1939" HPOS="51">
<String CONTENT="Bowden," HEIGHT="65" WIDTH="274" VPOS="1939" HPOS="51"/>
<SP HEIGHT="64" WIDTH="28" VPOS="1940" HPOS="326"/>
<String CONTENT="Witt," HEIGHT="64" WIDTH="170" VPOS="1939" HPOS="355"/>
<SP HEIGHT="58" WIDTH="32" VPOS="1945" HPOS="526"/>
<String CONTENT="1886-" HEIGHT="50" WIDTH="172" VPOS="1944" HPOS="559"/>
</TextLine>
<TextLine HEIGHT="132" WIDTH="1971" VPOS="2014" HPOS="51" CS="1">
<String CONTENT="The" HEIGHT="53" WIDTH="120" VPOS="2017" HPOS="120"/>
<SP HEIGHT="54" WIDTH="32" VPOS="2016" HPOS="241"/>
<String CONTENT="industrial" HEIGHT="53" WIDTH="309" VPOS="2016" HPOS="274"/>
<SP HEIGHT="52" WIDTH="29" VPOS="2016" HPOS="584"/>
<String CONTENT="history" HEIGHT="67" WIDTH="223" VPOS="2017" HPOS="614"/>
<SP HEIGHT="50" WIDTH="31" VPOS="2034" HPOS="838"/>
<String CONTENT="of" HEIGHT="54" WIDTH="63" VPOS="2014" HPOS="870"/>
<SP HEIGHT="54" WIDTH="31" VPOS="2014" HPOS="934"/>
<String CONTENT="the" HEIGHT="52" WIDTH="96" VPOS="2016" HPOS="966"/>
<SP HEIGHT="53" WIDTH="31" VPOS="2016" HPOS="1063"/>
<String CONTENT="United" HEIGHT="55" WIDTH="218" VPOS="2014" HPOS="1095"/>
<SP HEIGHT="55" WIDTH="35" VPOS="2015" HPOS="1314"/>
<String CONTENT="States," HEIGHT="67" WIDTH="206" VPOS="2015" HPOS="1350"/>
<SP HEIGHT="67" WIDTH="31" VPOS="2015" HPOS="1557"/>
<String CONTENT="by" HEIGHT="69" WIDTH="75" VPOS="2015" HPOS="1589"/>
<SP HEIGHT="67" WIDTH="32" VPOS="2017" HPOS="1665"/>
<String CONTENT="Witt" HEIGHT="56" WIDTH="151" VPOS="2014" HPOS="1698"/>
<SP HEIGHT="50" WIDTH="33" VPOS="2017" HPOS="1850"/>
<String CONTENT="Bowden" HEIGHT="129" WIDTH="1971" VPOS="2017" HPOS="51"/>
<SP HEIGHT="35" WIDTH="41" VPOS="2111" HPOS="162"/>
<String CS="1" CONTENT="&#8230;"/>
</TextLine>
<TextLine HEIGHT="68" WIDTH="1210" VPOS="2093" HPOS="339">
<String LANG="en-US" CONTENT="New" HEIGHT="53" WIDTH="140" VPOS="2094" HPOS="339"/>
<SP HEIGHT="51" WIDTH="37" VPOS="2095" HPOS="480"/>
<String LANG="en-US" CONTENT="York," HEIGHT="68" WIDTH="180" VPOS="2093" HPOS="518"/>
<SP HEIGHT="67" WIDTH="36" VPOS="2094" HPOS="699"/>
<String LANG="la" CONTENT="Adelphi" HEIGHT="68" WIDTH="255" VPOS="2093" HPOS="736"/>
<SP HEIGHT="52" WIDTH="39" VPOS="2093" HPOS="992"/>
<String LANG="en-US" CONTENT="company" HEIGHT="50" WIDTH="281" VPOS="2111" HPOS="1032"/>
<SP HEIGHT="49" WIDTH="43" VPOS="2112" HPOS="1314"/>
<String LANG="en-US" CONTENT="[1930]" HEIGHT="63" WIDTH="191" VPOS="2096" HPOS="1358"/>
</TextLine>
<TextLine HEIGHT="50" WIDTH="1708" VPOS="2173" HPOS="156" STYLEREFS="StyleId-3E235A51-0991-4723-843B-F0437B981863-" CS="1">
<String CS="1" CONTENT="x," HEIGHT="14" WIDTH="9" VPOS="2206" HPOS="156"/>
<SP HEIGHT="46" WIDTH="31" VPOS="2174" HPOS="166"/>
<String CONTENT="511" HEIGHT="40" WIDTH="82" VPOS="2174" HPOS="198"/>
<SP HEIGHT="45" WIDTH="31" VPOS="2177" HPOS="281"/>
<String CONTENT="p." HEIGHT="37" WIDTH="42" VPOS="2185" HPOS="313"/>
<SP HEIGHT="39" WIDTH="59" VPOS="2175" HPOS="356"/>
<String CONTENT="21" HEIGHT="38" WIDTH="54" VPOS="2175" HPOS="416"/>
<String STYLE="superscript" CONTENT="&#7580;&#7504;" HEIGHT="21" WIDTH="43" VPOS="2177" HPOS="476"/>
<String CONTENT="," HEIGHT="8" WIDTH="8" VPOS="2206" HPOS="526"/>
<SP HEIGHT="48" WIDTH="68" VPOS="2175" HPOS="535"/>
<String CS="1" CONTENT="(Lettered" HEIGHT="40" WIDTH="228" VPOS="2175" HPOS="627"/>
<SP HEIGHT="38" WIDTH="32" VPOS="2177" HPOS="856"/>
<String CONTENT="on" HEIGHT="29" WIDTH="61" VPOS="2186" HPOS="889"/>
<SP HEIGHT="29" WIDTH="28" VPOS="2185" HPOS="951"/>
<String CONTENT="cover:" HEIGHT="30" WIDTH="163" VPOS="2184" HPOS="980"/>
<SP HEIGHT="39" WIDTH="28" VPOS="2175" HPOS="1144"/>
<String LANG="la" CONTENT="Adelphi" HEIGHT="47" WIDTH="207" VPOS="2174" HPOS="1173"/>
<SP HEIGHT="39" WIDTH="33" VPOS="2174" HPOS="1381"/>
<String CONTENT="economic" HEIGHT="42" WIDTH="241" VPOS="2173" HPOS="1415"/>
<SP HEIGHT="31" WIDTH="32" VPOS="2184" HPOS="1657"/>
<String CONTENT="series)" HEIGHT="47" WIDTH="174" VPOS="2173" HPOS="1690"/>
</TextLine>
<TextLine HEIGHT="48" WIDTH="823" VPOS="2231" HPOS="122" STYLEREFS="StyleId-3E235A51-0991-4723-843B-F0437B981863-" CS="1">
<String CONTENT="&#8220;Notes" HEIGHT="41" WIDTH="176" VPOS="2231" HPOS="122"/>
<SP HEIGHT="30" WIDTH="30" VPOS="2242" HPOS="299"/>
<String CONTENT="on" HEIGHT="29" WIDTH="60" VPOS="2243" HPOS="330"/>
<SP HEIGHT="39" WIDTH="28" VPOS="2232" HPOS="391"/>
<String CS="1" CONTENT="books&#8221;:" HEIGHT="41" WIDTH="175" VPOS="2231" HPOS="420"/>
<SP HEIGHT="37" WIDTH="30" VPOS="2242" HPOS="625"/>
<String CONTENT="p." HEIGHT="36" WIDTH="43" VPOS="2243" HPOS="656"/>
<SP HEIGHT="39" WIDTH="27" VPOS="2233" HPOS="700"/>
<String CONTENT="493-496." HEIGHT="41" WIDTH="217" VPOS="2231" HPOS="728"/>
</TextLine>
<TextLine HEIGHT="52" WIDTH="1994" VPOS="2284" HPOS="56" STYLEREFS="StyleId-3E235A51-0991-4723-843B-F0437B981863-">
<String CONTENT="&#169;" HEIGHT="52" WIDTH="52" VPOS="2284" HPOS="56"/>
<SP HEIGHT="52" WIDTH="28" VPOS="2284" HPOS="109"/>
<String CONTENT="July" HEIGHT="47" WIDTH="118" VPOS="2289" HPOS="138"/>
<SP HEIGHT="45" WIDTH="25" VPOS="2291" HPOS="257"/>
<String CONTENT="15," HEIGHT="47" WIDTH="68" VPOS="2288" HPOS="283"/>
<SP HEIGHT="44" WIDTH="29" VPOS="2291" HPOS="352"/>
<String CONTENT="1930;" HEIGHT="48" WIDTH="140" VPOS="2287" HPOS="382"/>
<SP HEIGHT="46" WIDTH="31" VPOS="2289" HPOS="523"/>
<String CONTENT="2c." HEIGHT="40" WIDTH="66" VPOS="2289" HPOS="555"/>
<SP HEIGHT="39" WIDTH="30" VPOS="2290" HPOS="622"/>
<String CONTENT="June" HEIGHT="39" WIDTH="128" VPOS="2290" HPOS="653"/>
<SP HEIGHT="38" WIDTH="25" VPOS="2291" HPOS="782"/>
<String CONTENT="18," HEIGHT="46" WIDTH="68" VPOS="2289" HPOS="808"/>
<SP HEIGHT="45" WIDTH="30" VPOS="2290" HPOS="877"/>
<String CONTENT="1931;" HEIGHT="43" WIDTH="140" VPOS="2287" HPOS="908"/>
<SP HEIGHT="31" WIDTH="32" VPOS="2299" HPOS="1049"/>
<String CONTENT="aff." HEIGHT="40" WIDTH="82" VPOS="2288" HPOS="1082"/>
<SP HEIGHT="39" WIDTH="28" VPOS="2289" HPOS="1165"/>
<String CONTENT="June" HEIGHT="39" WIDTH="128" VPOS="2289" HPOS="1194"/>
<SP HEIGHT="40" WIDTH="28" VPOS="2287" HPOS="1323"/>
<String CONTENT="26;" HEIGHT="47" WIDTH="82" VPOS="2287" HPOS="1352"/>
<SP HEIGHT="45" WIDTH="33" VPOS="2289" HPOS="1435"/>
<!-- cceid EB1443B7-6E8D-1014-9CF5-AEB3FCA41D69 --><String CONTENT="A" HEIGHT="38" WIDTH="39" VPOS="2289" HPOS="1469"/>
<SP HEIGHT="38" WIDTH="27" VPOS="2289" HPOS="1509"/>
<String CONTENT="40098;" HEIGHT="47" WIDTH="172" VPOS="2287" HPOS="1537"/>
<SP HEIGHT="45" WIDTH="32" VPOS="2289" HPOS="1710"/>
<String LANG="la" CONTENT="Adelphi" HEIGHT="48" WIDTH="207" VPOS="2288" HPOS="1743"/>
<SP HEIGHT="40" WIDTH="30" VPOS="2288" HPOS="1951"/>
<String CONTENT="co." HEIGHT="30" WIDTH="68" VPOS="2299" HPOS="1982"/>
</TextLine>
<TextLine HEIGHT="48" WIDTH="278" VPOS="2345" HPOS="135" STYLEREFS="StyleId-3E235A51-0991-4723-843B-F0437B981863-">
<String CONTENT="(30-26943)" HEIGHT="48" WIDTH="278" VPOS="2345" HPOS="135"/>
</TextLine>
<TextLine HEIGHT="65" WIDTH="899" VPOS="2425" HPOS="51">
<String CONTENT="Boyd," HEIGHT="64" WIDTH="183" VPOS="2425" HPOS="51"/>
<SP HEIGHT="62" WIDTH="30" VPOS="2427" HPOS="235"/>
<String CONTENT="Gladys" HEIGHT="65" WIDTH="220" VPOS="2425" HPOS="266"/>
<SP HEIGHT="54" WIDTH="26" VPOS="2427" HPOS="487"/>
<String CONTENT="Lillian," HEIGHT="64" WIDTH="231" VPOS="2426" HPOS="514"/>
<SP HEIGHT="57" WIDTH="31" VPOS="2433" HPOS="746"/>
<String CONTENT="1893-" HEIGHT="51" WIDTH="172" VPOS="2431" HPOS="778"/>
</TextLine>
<TextLine HEIGHT="71" WIDTH="1931" VPOS="2501" HPOS="115" CS="1">
<String CONTENT="Manual" HEIGHT="54" WIDTH="238" VPOS="2502" HPOS="115"/>
<SP HEIGHT="53" WIDTH="29" VPOS="2502" HPOS="354"/>
<String CONTENT="for" HEIGHT="54" WIDTH="94" VPOS="2502" HPOS="384"/>
<SP HEIGHT="52" WIDTH="28" VPOS="2504" HPOS="479"/>
<String CONTENT="diabetics," HEIGHT="68" WIDTH="292" VPOS="2503" HPOS="508"/>
<SP HEIGHT="67" WIDTH="24" VPOS="2504" HPOS="801"/>
<String CONTENT="by" HEIGHT="68" WIDTH="77" VPOS="2504" HPOS="826"/>
<SP HEIGHT="69" WIDTH="26" VPOS="2503" HPOS="904"/>
<String CONTENT="Gladys" HEIGHT="69" WIDTH="219" VPOS="2503" HPOS="931"/>
<SP HEIGHT="53" WIDTH="27" VPOS="2504" HPOS="1151"/>
<String CONTENT="L." HEIGHT="52" WIDTH="65" VPOS="2504" HPOS="1179"/>
<SP HEIGHT="52" WIDTH="31" VPOS="2504" HPOS="1245"/>
<String CONTENT="Boyd" HEIGHT="68" WIDTH="166" VPOS="2504" HPOS="1277"/>
<SP HEIGHT="52" WIDTH="34" VPOS="2504" HPOS="1444"/>
<String CS="1" CONTENT="&#8230;"/>
<SP HEIGHT="33" WIDTH="33" VPOS="2522" HPOS="1536"/>
<String CONTENT="and" HEIGHT="52" WIDTH="113" VPOS="2504" HPOS="1570"/>
<SP HEIGHT="53" WIDTH="29" VPOS="2503" HPOS="1684"/>
<String CONTENT="Marion" HEIGHT="54" WIDTH="231" VPOS="2501" HPOS="1714"/>
<SP HEIGHT="52" WIDTH="26" VPOS="2503" HPOS="1946"/>
<String CONTENT="D." HEIGHT="52" WIDTH="73" VPOS="2503" HPOS="1973"/>
</TextLine>
<TextLine HEIGHT="72" WIDTH="1996" VPOS="2578" HPOS="50" CS="1">
<String CONTENT="Stalsmith" HEIGHT="56" WIDTH="302" VPOS="2578" HPOS="50"/>
<SP HEIGHT="50" WIDTH="47" VPOS="2582" HPOS="353"/>
<String CS="1" CONTENT="&#8230;"/>
<SP HEIGHT="52" WIDTH="45" VPOS="2580" HPOS="459"/>
<String CONTENT="introduction" HEIGHT="54" WIDTH="390" VPOS="2580" HPOS="505"/>
<SP HEIGHT="52" WIDTH="41" VPOS="2581" HPOS="896"/>
<String CONTENT="by" HEIGHT="68" WIDTH="76" VPOS="2581" HPOS="938"/>
<SP HEIGHT="68" WIDTH="42" VPOS="2581" HPOS="1015"/>
<String LANG="fr" CONTENT="F." HEIGHT="52" WIDTH="65" VPOS="2581" HPOS="1058"/>
<SP HEIGHT="55" WIDTH="46" VPOS="2580" HPOS="1124"/>
<String CONTENT="G." HEIGHT="55" WIDTH="69" VPOS="2580" HPOS="1171"/>
<SP HEIGHT="51" WIDTH="46" VPOS="2582" HPOS="1241"/>
<String CONTENT="Banting," HEIGHT="69" WIDTH="276" VPOS="2581" HPOS="1288"/>
<SP HEIGHT="52" WIDTH="40" VPOS="2598" HPOS="1565"/>
<String CS="1" CONTENT="M." HEIGHT="10" WIDTH="10" VPOS="2623" HPOS="1663"/>
<SP HEIGHT="34" WIDTH="43" VPOS="2599" HPOS="1674"/>
<String CS="1" CONTENT="D." HEIGHT="9" WIDTH="9" VPOS="2623" HPOS="1757"/>
<SP HEIGHT="49" WIDTH="75" VPOS="2583" HPOS="1767"/>
<String CONTENT="3d" HEIGHT="52" WIDTH="72" VPOS="2581" HPOS="1843"/>
<SP HEIGHT="52" WIDTH="45" VPOS="2581" HPOS="1916"/>
<String CONTENT="ed." HEIGHT="52" WIDTH="84" VPOS="2581" HPOS="1962"/>
</TextLine>
<TextLine HEIGHT="71" WIDTH="1900" VPOS="2656" HPOS="46">
<String CONTENT="New" HEIGHT="54" WIDTH="140" VPOS="2656" HPOS="46"/>
<SP HEIGHT="52" WIDTH="29" VPOS="2657" HPOS="187"/>
<String CONTENT="York" HEIGHT="52" WIDTH="163" VPOS="2657" HPOS="217"/>
<SP HEIGHT="52" WIDTH="30" VPOS="2657" HPOS="381"/>
<String CONTENT="and" HEIGHT="52" WIDTH="114" VPOS="2658" HPOS="412"/>
<SP HEIGHT="53" WIDTH="28" VPOS="2657" HPOS="527"/>
<String CONTENT="London," HEIGHT="68" WIDTH="259" VPOS="2657" HPOS="556"/>
<SP HEIGHT="66" WIDTH="31" VPOS="2659" HPOS="816"/>
<String CONTENT="Funk" HEIGHT="52" WIDTH="171" VPOS="2658" HPOS="848"/>
<SP HEIGHT="52" WIDTH="31" VPOS="2658" HPOS="1020"/>
<String CONTENT="&amp;" HEIGHT="50" WIDTH="47" VPOS="2660" HPOS="1052"/>
<SP HEIGHT="54" WIDTH="25" VPOS="2658" HPOS="1100"/>
<String CONTENT="Wagnalls" HEIGHT="69" WIDTH="302" VPOS="2658" HPOS="1126"/>
<SP HEIGHT="35" WIDTH="31" VPOS="2676" HPOS="1429"/>
<String CONTENT="company," HEIGHT="51" WIDTH="298" VPOS="2675" HPOS="1461"/>
<SP HEIGHT="64" WIDTH="34" VPOS="2661" HPOS="1760"/>
<String CONTENT="1931." HEIGHT="50" WIDTH="151" VPOS="2660" HPOS="1795"/>
</TextLine>
<TextLine HEIGHT="49" WIDTH="829" VPOS="2737" HPOS="116" CS="1">
<String CONTENT="xi" HEIGHT="39" WIDTH="51" VPOS="2737" HPOS="116"/>
<SP HEIGHT="48" WIDTH="22" VPOS="2737" HPOS="168"/>
<String CONTENT="p.," HEIGHT="38" WIDTH="58" VPOS="2747" HPOS="191"/>
<SP HEIGHT="48" WIDTH="27" VPOS="2737" HPOS="250"/>
<String CONTENT="2" HEIGHT="40" WIDTH="28" VPOS="2737" HPOS="278"/>
<SP HEIGHT="40" WIDTH="21" VPOS="2737" HPOS="307"/>
<String CS="1" CONTENT="l.," HEIGHT="17" WIDTH="23" VPOS="2769" HPOS="350"/>
<SP HEIGHT="49" WIDTH="25" VPOS="2737" HPOS="374"/>
<String CONTENT="3-90" HEIGHT="41" WIDTH="117" VPOS="2737" HPOS="400"/>
<SP HEIGHT="48" WIDTH="23" VPOS="2737" HPOS="518"/>
<String LANG="la" CONTENT="p." HEIGHT="38" WIDTH="45" VPOS="2747" HPOS="542"/>
<SP HEIGHT="39" WIDTH="58" VPOS="2739" HPOS="588"/>
<String CONTENT="1" HEIGHT="37" WIDTH="22" VPOS="2739" HPOS="647"/>
<SP HEIGHT="40" WIDTH="29" VPOS="2738" HPOS="670"/>
<String CONTENT="illus." HEIGHT="41" WIDTH="129" VPOS="2738" HPOS="700"/>
<SP HEIGHT="41" WIDTH="57" VPOS="2738" HPOS="830"/>
<String CS="1" CONTENT="19&#189;" HEIGHT="41" WIDTH="57" VPOS="2737" HPOS="888"/>
<String STYLE="superscript" CS="1" CONTENT="&#7580;&#7504;."/>
</TextLine>
<TextLine HEIGHT="55" WIDTH="1990" VPOS="2789" HPOS="56" STYLEREFS="StyleId-3E235A51-0991-4723-843B-F0437B981863-" CS="1">
<String CONTENT="&#169;" HEIGHT="53" WIDTH="50" VPOS="2789" HPOS="56"/>
<SP HEIGHT="53" WIDTH="31" VPOS="2789" HPOS="107"/>
<String CONTENT="June" HEIGHT="39" WIDTH="128" VPOS="2795" HPOS="139"/>
<SP HEIGHT="37" WIDTH="25" VPOS="2797" HPOS="268"/>
<String CONTENT="12," HEIGHT="48" WIDTH="68" VPOS="2795" HPOS="294"/>
<SP HEIGHT="46" WIDTH="29" VPOS="2797" HPOS="363"/>
<String CONTENT="1931;" HEIGHT="46" WIDTH="142" VPOS="2795" HPOS="393"/>
<SP HEIGHT="45" WIDTH="31" VPOS="2796" HPOS="536"/>
<String CONTENT="2c." HEIGHT="41" WIDTH="67" VPOS="2796" HPOS="568"/>
<SP HEIGHT="30" WIDTH="29" VPOS="2807" HPOS="636"/>
<String CONTENT="and" HEIGHT="38" WIDTH="95" VPOS="2797" HPOS="666"/>
<SP HEIGHT="40" WIDTH="30" VPOS="2797" HPOS="762"/>
<String CONTENT="aff." HEIGHT="41" WIDTH="82" VPOS="2796" HPOS="793"/>
<SP HEIGHT="39" WIDTH="30" VPOS="2797" HPOS="876"/>
<String CONTENT="June" HEIGHT="38" WIDTH="124" VPOS="2797" HPOS="907"/>
<SP HEIGHT="37" WIDTH="31" VPOS="2798" HPOS="1032"/>
<String CS="1" CONTENT="17;" HEIGHT="38" WIDTH="54" VPOS="2798" HPOS="1064"/>
<SP HEIGHT="47" WIDTH="33" VPOS="2796" HPOS="1145"/>
<!-- cceid EB14BC6E-6E8D-1014-9CF5-AEB3FCA41D69 --><String CONTENT="A" HEIGHT="39" WIDTH="42" VPOS="2796" HPOS="1179"/>
<SP HEIGHT="41" WIDTH="27" VPOS="2796" HPOS="1222"/>
<String CONTENT="38886:" HEIGHT="41" WIDTH="171" VPOS="2797" HPOS="1250"/>
<SP HEIGHT="41" WIDTH="34" VPOS="2797" HPOS="1422"/>
<String CONTENT="Funk" HEIGHT="40" WIDTH="141" VPOS="2796" HPOS="1457"/>
<SP HEIGHT="40" WIDTH="30" VPOS="2796" HPOS="1599"/>
<String CONTENT="&amp;" HEIGHT="40" WIDTH="36" VPOS="2796" HPOS="1630"/>
<SP HEIGHT="40" WIDTH="28" VPOS="2796" HPOS="1667"/>
<String CONTENT="Wagnalls" HEIGHT="48" WIDTH="251" VPOS="2796" HPOS="1696"/>
<SP HEIGHT="29" WIDTH="32" VPOS="2807" HPOS="1948"/>
<String CONTENT="co." HEIGHT="30" WIDTH="65" VPOS="2806" HPOS="1981"/>
</TextLine>
<TextLine HEIGHT="48" WIDTH="278" VPOS="2852" HPOS="134" STYLEREFS="StyleId-3E235A51-0991-4723-843B-F0437B981863-">
<String CONTENT="(31-15904)" HEIGHT="48" WIDTH="278" VPOS="2852" HPOS="134"/>
</TextLine>
<TextLine HEIGHT="69" WIDTH="1217" VPOS="2932" HPOS="50">
<String LANG="de" CONTENT="Brentano," HEIGHT="65" WIDTH="319" VPOS="2932" HPOS="50"/>
<SP HEIGHT="63" WIDTH="29" VPOS="2934" HPOS="370"/>
<String LANG="en-US" CONTENT="Franz" HEIGHT="52" WIDTH="190" VPOS="2934" HPOS="400"/>
<SP HEIGHT="54" WIDTH="30" VPOS="2935" HPOS="591"/>
<String LANG="en-US" CONTENT="Clemens," HEIGHT="68" WIDTH="287" VPOS="2933" HPOS="622"/>
<SP HEIGHT="60" WIDTH="31" VPOS="2941" HPOS="910"/>
<String LANG="en-US" CONTENT="1838-1917." HEIGHT="55" WIDTH="325" VPOS="2935" HPOS="942"/>
</TextLine>
<TextLine HEIGHT="145" WIDTH="1975" VPOS="3009" HPOS="46" CS="1">
<String LANG="en-US" CS="1" CONTENT="&#8230;"/>
<SP HEIGHT="52" WIDTH="29" VPOS="3010" HPOS="177"/>
<String LANG="de" CONTENT="Wahrheit" HEIGHT="53" WIDTH="303" VPOS="3010" HPOS="207"/>
<SP HEIGHT="47" WIDTH="21" VPOS="3015" HPOS="511"/>
<String LANG="de" CONTENT="und" HEIGHT="52" WIDTH="118" VPOS="3010" HPOS="533"/>
<SP HEIGHT="53" WIDTH="23" VPOS="3010" HPOS="652"/>
<String LANG="en-US" CONTENT="evidenz;" HEIGHT="67" WIDTH="261" VPOS="3010" HPOS="676"/>
<SP HEIGHT="47" WIDTH="27" VPOS="3030" HPOS="938"/>
<String LANG="de" CONTENT="erkenntnistheoretische" HEIGHT="55" WIDTH="700" VPOS="3010" HPOS="966"/>
<SP HEIGHT="34" WIDTH="25" VPOS="3030" HPOS="1667"/>
<String LANG="en-US" CONTENT="abhandlungen" HEIGHT="145" WIDTH="1975" VPOS="3009" HPOS="46"/>
</TextLine>
<TextLine HEIGHT="71" WIDTH="1868" VPOS="3086" HPOS="178" LANG="de">
<String CONTENT="und" HEIGHT="52" WIDTH="118" VPOS="3087" HPOS="178"/>
<SP HEIGHT="52" WIDTH="23" VPOS="3087" HPOS="297"/>
<String LANG="en-US" CONTENT="briefe," HEIGHT="71" WIDTH="201" VPOS="3086" HPOS="321"/>
<SP HEIGHT="50" WIDTH="22" VPOS="3107" HPOS="523"/>
<String CONTENT="ausgew&#228;hlt," HEIGHT="69" WIDTH="365" VPOS="3088" HPOS="546"/>
<SP HEIGHT="50" WIDTH="23" VPOS="3107" HPOS="912"/>
<String CONTENT="erl&#228;utert" HEIGHT="53" WIDTH="272" VPOS="3088" HPOS="936"/>
<SP HEIGHT="47" WIDTH="21" VPOS="3094" HPOS="1209"/>
<String CONTENT="und" HEIGHT="52" WIDTH="118" VPOS="3088" HPOS="1231"/>
<SP HEIGHT="52" WIDTH="24" VPOS="3088" HPOS="1350"/>
<String CONTENT="eingeleitet" HEIGHT="69" WIDTH="321" VPOS="3088" HPOS="1375"/>
<SP HEIGHT="49" WIDTH="23" VPOS="3093" HPOS="1697"/>
<String CONTENT="von" HEIGHT="36" WIDTH="109" VPOS="3106" HPOS="1721"/>
<SP HEIGHT="54" WIDTH="28" VPOS="3086" HPOS="1831"/>
<String CONTENT="Oskar" HEIGHT="54" WIDTH="186" VPOS="3086" HPOS="1860"/>
</TextLine>
<TextLine HEIGHT="70" WIDTH="1063" VPOS="3163" HPOS="46" LANG="de">
<String CONTENT="Kraus." HEIGHT="53" WIDTH="206" VPOS="3164" HPOS="46"/>
<SP HEIGHT="51" WIDTH="64" VPOS="3166" HPOS="253"/>
<String CONTENT="Leipzig," HEIGHT="70" WIDTH="256" VPOS="3163" HPOS="318"/>
<SP HEIGHT="65" WIDTH="25" VPOS="3166" HPOS="575"/>
<String CONTENT="F." HEIGHT="51" WIDTH="63" VPOS="3166" HPOS="601"/>
<SP HEIGHT="52" WIDTH="30" VPOS="3165" HPOS="665"/>
<String CONTENT="Meiner," HEIGHT="68" WIDTH="235" VPOS="3165" HPOS="696"/>
<SP HEIGHT="64" WIDTH="28" VPOS="3169" HPOS="932"/>
<String CONTENT="1930." HEIGHT="49" WIDTH="148" VPOS="3169" HPOS="961"/>
</TextLine>
<TextLine HEIGHT="49" WIDTH="1652" VPOS="3244" HPOS="116" STYLEREFS="StyleId-3E235A51-0991-4723-843B-F0437B981863-" LANG="de" CS="1">
<String CONTENT="xxxi," HEIGHT="48" WIDTH="133" VPOS="3244" HPOS="116"/>
<SP HEIGHT="48" WIDTH="24" VPOS="3244" HPOS="250"/>
<String CONTENT="228" HEIGHT="41" WIDTH="86" VPOS="3244" HPOS="275"/>
<SP HEIGHT="48" WIDTH="23" VPOS="3245" HPOS="362"/>
<String CONTENT="p." HEIGHT="37" WIDTH="44" VPOS="3256" HPOS="386"/>
<SP HEIGHT="39" WIDTH="54" VPOS="3246" HPOS="431"/>
<String CONTENT="19" HEIGHT="40" WIDTH="56" VPOS="3245" HPOS="486"/>
<String STYLE="superscript" CS="1" CONTENT="&#7580;&#7504;."/>
<SP HEIGHT="48" WIDTH="63" VPOS="3245" HPOS="602"/>
<String CONTENT="(Der" HEIGHT="48" WIDTH="123" VPOS="3245" HPOS="666"/>
<SP HEIGHT="36" WIDTH="24" VPOS="3257" HPOS="790"/>
<String CONTENT="philosophischen" HEIGHT="47" WIDTH="424" VPOS="3246" HPOS="815"/>
<SP HEIGHT="39" WIDTH="23" VPOS="3248" HPOS="1240"/>
<String CONTENT="bibliothek" HEIGHT="41" WIDTH="267" VPOS="3246" HPOS="1264"/>
<SP HEIGHT="40" WIDTH="23" VPOS="3248" HPOS="1532"/>
<String CONTENT="bd." HEIGHT="40" WIDTH="75" VPOS="3248" HPOS="1556"/>
<SP HEIGHT="39" WIDTH="25" VPOS="3248" HPOS="1632"/>
<String CONTENT="201)" HEIGHT="47" WIDTH="110" VPOS="3246" HPOS="1658"/>
</TextLine>
<TextLine HEIGHT="41" WIDTH="943" VPOS="3302" HPOS="116" STYLEREFS="StyleId-3E235A51-0991-4723-843B-F0437B981863-" CS="1">
<String LANG="en-US" CONTENT="At" HEIGHT="40" WIDTH="65" VPOS="3302" HPOS="116"/>
<SP HEIGHT="39" WIDTH="23" VPOS="3303" HPOS="182"/>
<String LANG="en-US" CONTENT="head" HEIGHT="39" WIDTH="125" VPOS="3303" HPOS="206"/>
<SP HEIGHT="39" WIDTH="29" VPOS="3303" HPOS="332"/>
<String LANG="en-US" CONTENT="of" HEIGHT="40" WIDTH="52" VPOS="3302" HPOS="362"/>
<SP HEIGHT="40" WIDTH="27" VPOS="3302" HPOS="415"/>
<String LANG="de" CS="1" CONTENT="title:" HEIGHT="40" WIDTH="108" VPOS="3302" HPOS="443"/>
<SP HEIGHT="39" WIDTH="27" VPOS="3302" HPOS="580"/>
<String LANG="de" CONTENT="Franz" HEIGHT="39" WIDTH="159" VPOS="3302" HPOS="608"/>
<SP HEIGHT="38" WIDTH="28" VPOS="3303" HPOS="768"/>
<String LANG="de" CONTENT="Brentano." HEIGHT="40" WIDTH="262" VPOS="3303" HPOS="797"/>
</TextLine>
<TextLine HEIGHT="53" WIDTH="1934" VPOS="3356" HPOS="55" STYLEREFS="StyleId-3E235A51-0991-4723-843B-F0437B981863-" LANG="de" CS="1">
<String CONTENT="&#169;" HEIGHT="53" WIDTH="50" VPOS="3356" HPOS="55"/>
<SP HEIGHT="53" WIDTH="31" VPOS="3356" HPOS="106"/>
<String LANG="en-US" CONTENT="Dec." HEIGHT="40" WIDTH="110" VPOS="3362" HPOS="138"/>
<SP HEIGHT="38" WIDTH="30" VPOS="3363" HPOS="249"/>
<String CS="1" CONTENT="10," HEIGHT="40" WIDTH="55" VPOS="3361" HPOS="280"/>
<SP HEIGHT="40" WIDTH="30" VPOS="3363" HPOS="349"/>
<String CS="1" CONTENT="1930;" HEIGHT="41" WIDTH="114" VPOS="3360" HPOS="380"/>
<SP/>
<String CS="1" CONTENT="1c."/>
<SP HEIGHT="37" WIDTH="33" VPOS="3362" HPOS="620"/>
<String CS="1" CONTENT="Feb." HEIGHT="39" WIDTH="109" VPOS="3362" HPOS="654"/>
<SP HEIGHT="38" WIDTH="31" VPOS="3363" HPOS="764"/>
<String CONTENT="13," HEIGHT="46" WIDTH="68" VPOS="3362" HPOS="796"/>
<SP HEIGHT="45" WIDTH="31" VPOS="3363" HPOS="865"/>
<String CS="1" CONTENT="1931;" HEIGHT="39" WIDTH="110" VPOS="3361" HPOS="897"/>
<SP HEIGHT="43" WIDTH="34" VPOS="3360" HPOS="1037"/>
<!-- cceid EB153838-6E8D-1014-9CF5-AEB3FCA41D69 --><String LANG="en-US" CONTENT="A" HEIGHT="39" WIDTH="39" VPOS="3360" HPOS="1072"/>
<String CONTENT="&#8212;Foreign" HEIGHT="47" WIDTH="271" VPOS="3361" HPOS="1112"/>
<SP HEIGHT="37" WIDTH="30" VPOS="3363" HPOS="1384"/>
<String CONTENT="11397;" HEIGHT="48" WIDTH="169" VPOS="3360" HPOS="1415"/>
<SP HEIGHT="47" WIDTH="35" VPOS="3361" HPOS="1585"/>
<String CONTENT="Felix" HEIGHT="41" WIDTH="137" VPOS="3361" HPOS="1621"/>
<SP HEIGHT="38" WIDTH="32" VPOS="3362" HPOS="1759"/>
<String CONTENT="Meiner." HEIGHT="40" WIDTH="197" VPOS="3360" HPOS="1792"/>
</TextLine>
<TextLine HEIGHT="48" WIDTH="277" VPOS="3417" HPOS="134" STYLEREFS="StyleId-3E235A51-0991-4723-843B-F0437B981863-" LANG="de">
<String CONTENT="(31-15888)" HEIGHT="48" WIDTH="277" VPOS="3417" HPOS="134"/>
</TextLine>
<TextLine HEIGHT="64" WIDTH="519" VPOS="3498" HPOS="52" LANG="de">
<String CONTENT="Brill," HEIGHT="64" WIDTH="160" VPOS="3498" HPOS="52"/>
<SP HEIGHT="62" WIDTH="30" VPOS="3500" HPOS="213"/>
<String CONTENT="Morris" HEIGHT="53" WIDTH="217" VPOS="3499" HPOS="244"/>
<SP HEIGHT="52" WIDTH="29" VPOS="3500" HPOS="462"/>
<String CONTENT="M." HEIGHT="54" WIDTH="79" VPOS="3500" HPOS="492"/>
</TextLine>
<TextLine HEIGHT="69" WIDTH="1928" VPOS="3574" HPOS="117">
<String LANG="en-US" CONTENT="Here&#8217;s" HEIGHT="54" WIDTH="198" VPOS="3574" HPOS="117"/>
<SP HEIGHT="53" WIDTH="21" VPOS="3575" HPOS="316"/>
<String LANG="en-US" CONTENT="health" HEIGHT="52" WIDTH="197" VPOS="3575" HPOS="338"/>
<String LANG="de" CONTENT="!" HEIGHT="52" WIDTH="10" VPOS="3575" HPOS="554"/>
<SP HEIGHT="52" WIDTH="78" VPOS="3575" HPOS="565"/>
<String LANG="en-US" CONTENT="By" HEIGHT="67" WIDTH="91" VPOS="3576" HPOS="644"/>
<SP HEIGHT="68" WIDTH="19" VPOS="3575" HPOS="736"/>
<String LANG="de" CONTENT="Morris" HEIGHT="53" WIDTH="213" VPOS="3575" HPOS="756"/>
<SP HEIGHT="53" WIDTH="22" VPOS="3575" HPOS="970"/>
<String LANG="de" CONTENT="M." HEIGHT="52" WIDTH="79" VPOS="3575" HPOS="993"/>
<SP HEIGHT="51" WIDTH="24" VPOS="3576" HPOS="1073"/>
<String LANG="de" CONTENT="Brill." HEIGHT="53" WIDTH="168" VPOS="3574" HPOS="1098"/>
<SP HEIGHT="52" WIDTH="72" VPOS="3575" HPOS="1267"/>
<String LANG="en-US" CONTENT="A" HEIGHT="52" WIDTH="56" VPOS="3575" HPOS="1340"/>
<SP HEIGHT="53" WIDTH="21" VPOS="3575" HPOS="1397"/>
<String LANG="en-US" CONTENT="brief" HEIGHT="53" WIDTH="155" VPOS="3575" HPOS="1419"/>
<SP HEIGHT="53" WIDTH="21" VPOS="3575" HPOS="1575"/>
<String LANG="en-US" CONTENT="treatise" HEIGHT="54" WIDTH="231" VPOS="3574" HPOS="1597"/>
<SP HEIGHT="35" WIDTH="23" VPOS="3592" HPOS="1829"/>
<String LANG="en-US" CONTENT="on" HEIGHT="35" WIDTH="72" VPOS="3592" HPOS="1853"/>
<SP HEIGHT="47" WIDTH="23" VPOS="3579" HPOS="1926"/>
<String LANG="en-US" CONTENT="the" HEIGHT="52" WIDTH="95" VPOS="3574" HPOS="1950"/>
</TextLine>
<TextLine HEIGHT="70" WIDTH="1997" VPOS="3651" HPOS="49">
<String CONTENT="art" HEIGHT="46" WIDTH="89" VPOS="3657" HPOS="49"/>
<SP HEIGHT="46" WIDTH="31" VPOS="3657" HPOS="139"/>
<String CONTENT="of" HEIGHT="52" WIDTH="63" VPOS="3651" HPOS="171"/>
<SP HEIGHT="52" WIDTH="30" VPOS="3651" HPOS="235"/>
<String CONTENT="keeping" HEIGHT="69" WIDTH="246" VPOS="3652" HPOS="266"/>
<SP HEIGHT="51" WIDTH="32" VPOS="3670" HPOS="513"/>
<String CONTENT="well." HEIGHT="52" WIDTH="144" VPOS="3652" HPOS="546"/>
<SP HEIGHT="54" WIDTH="71" VPOS="3651" HPOS="691"/>
<String CONTENT="Correcting" HEIGHT="70" WIDTH="336" VPOS="3651" HPOS="763"/>
<SP HEIGHT="68" WIDTH="33" VPOS="3653" HPOS="1100"/>
<String CONTENT="disease" HEIGHT="53" WIDTH="216" VPOS="3652" HPOS="1134"/>
<SP HEIGHT="34" WIDTH="32" VPOS="3671" HPOS="1351"/>
<String CONTENT="origins." HEIGHT="69" WIDTH="233" VPOS="3652" HPOS="1384"/>
<SP HEIGHT="53" WIDTH="71" VPOS="3652" HPOS="1618"/>
<String CONTENT="New" HEIGHT="53" WIDTH="140" VPOS="3652" HPOS="1690"/>
<SP HEIGHT="52" WIDTH="32" VPOS="3652" HPOS="1831"/>
<String CONTENT="York," HEIGHT="66" WIDTH="182" VPOS="3651" HPOS="1864"/>
</TextLine>
<TextLine HEIGHT="72" WIDTH="1996" VPOS="3727" HPOS="48">
<String CONTENT="L." HEIGHT="52" WIDTH="63" VPOS="3727" HPOS="48"/>
<SP HEIGHT="53" WIDTH="22" VPOS="3727" HPOS="112"/>
<String CONTENT="MacVeagh," HEIGHT="70" WIDTH="353" VPOS="3727" HPOS="135"/>
<SP HEIGHT="65" WIDTH="24" VPOS="3730" HPOS="489"/>
<String CONTENT="The" HEIGHT="52" WIDTH="122" VPOS="3729" HPOS="514"/>
<SP HEIGHT="52" WIDTH="23" VPOS="3729" HPOS="637"/>
<String CONTENT="Dial" HEIGHT="52" WIDTH="138" VPOS="3729" HPOS="661"/>
<SP HEIGHT="67" WIDTH="26" VPOS="3730" HPOS="800"/>
<String CONTENT="press;" HEIGHT="49" WIDTH="184" VPOS="3748" HPOS="827"/>
<SP HEIGHT="66" WIDTH="29" VPOS="3730" HPOS="1012"/>
<String CONTENT="Toronto," HEIGHT="67" WIDTH="273" VPOS="3730" HPOS="1042"/>
<SP HEIGHT="67" WIDTH="24" VPOS="3730" HPOS="1316"/>
<String CONTENT="Longmans," HEIGHT="69" WIDTH="347" VPOS="3730" HPOS="1341"/>
<SP HEIGHT="71" WIDTH="26" VPOS="3728" HPOS="1689"/>
<String CONTENT="Green" HEIGHT="56" WIDTH="186" VPOS="3728" HPOS="1716"/>
<SP HEIGHT="33" WIDTH="28" VPOS="3748" HPOS="1903"/>
<String CONTENT="and" HEIGHT="52" WIDTH="112" VPOS="3730" HPOS="1932"/>
</TextLine>
<TextLine HEIGHT="63" WIDTH="277" VPOS="3809" HPOS="50">
<String CONTENT="co.," HEIGHT="50" WIDTH="96" VPOS="3822" HPOS="50"/>
<SP HEIGHT="62" WIDTH="30" VPOS="3810" HPOS="147"/>
<String CONTENT="1931." HEIGHT="49" WIDTH="149" VPOS="3809" HPOS="178"/>
</TextLine>
<TextLine HEIGHT="49" WIDTH="277" VPOS="3884" HPOS="116" STYLEREFS="StyleId-3E235A51-0991-4723-843B-F0437B981863-" CS="1">
<String CONTENT="120" HEIGHT="41" WIDTH="84" VPOS="3884" HPOS="116"/>
<SP HEIGHT="49" WIDTH="31" VPOS="3884" HPOS="201"/>
<String CONTENT="p." HEIGHT="38" WIDTH="45" VPOS="3895" HPOS="233"/>
<SP HEIGHT="41" WIDTH="57" VPOS="3886" HPOS="279"/>
<String CS="1" CONTENT="19&#189;" HEIGHT="41" WIDTH="56" VPOS="3884" HPOS="337"/>
<String STYLE="superscript" CS="1" CONTENT="&#7580;&#7504;."/>
</TextLine>
<TextLine HEIGHT="57" WIDTH="1900" VPOS="3937" HPOS="59" STYLEREFS="StyleId-3E235A51-0991-4723-843B-F0437B981863-" CS="1">
<String CONTENT="&#169;" HEIGHT="53" WIDTH="50" VPOS="3937" HPOS="59"/>
<SP HEIGHT="53" WIDTH="28" VPOS="3937" HPOS="110"/>
<String CONTENT="May" HEIGHT="47" WIDTH="113" VPOS="3944" HPOS="139"/>
<SP HEIGHT="48" WIDTH="23" VPOS="3943" HPOS="253"/>
<String CONTENT="23," HEIGHT="48" WIDTH="69" VPOS="3943" HPOS="277"/>
<SP HEIGHT="46" WIDTH="28" VPOS="3945" HPOS="347"/>
<String CS="1" CONTENT="1931;" HEIGHT="39" WIDTH="110" VPOS="3944" HPOS="376"/>
<SP HEIGHT="48" WIDTH="28" VPOS="3943" HPOS="518"/>
<String CONTENT="2c." HEIGHT="41" WIDTH="67" VPOS="3943" HPOS="547"/>
<SP HEIGHT="40" WIDTH="28" VPOS="3944" HPOS="615"/>
<String CONTENT="May" HEIGHT="48" WIDTH="113" VPOS="3944" HPOS="644"/>
<SP HEIGHT="49" WIDTH="27" VPOS="3943" HPOS="758"/>
<String CS="1" CONTENT="26;" HEIGHT="40" WIDTH="55" VPOS="3943" HPOS="786"/>
<SP HEIGHT="37" WIDTH="30" VPOS="3954" HPOS="869"/>
<String CONTENT="aff." HEIGHT="40" WIDTH="81" VPOS="3944" HPOS="900"/>
<SP HEIGHT="39" WIDTH="31" VPOS="3945" HPOS="982"/>
<String CONTENT="May" HEIGHT="47" WIDTH="113" VPOS="3945" HPOS="1014"/>
<SP HEIGHT="48" WIDTH="27" VPOS="3944" HPOS="1128"/>
<String CS="1" CONTENT="27;" HEIGHT="41" WIDTH="55" VPOS="3944" HPOS="1156"/>
<SP HEIGHT="48" WIDTH="31" VPOS="3945" HPOS="1239"/>
<!-- cceid EB15AFE6-6E8D-1014-9CF5-AEB3FCA41D69 --><String CONTENT="A" HEIGHT="39" WIDTH="41" VPOS="3945" HPOS="1271"/>
<SP HEIGHT="41" WIDTH="26" VPOS="3945" HPOS="1313"/>
<String CS="1" CONTENT="38487;" HEIGHT="40" WIDTH="144" VPOS="3946" HPOS="1340"/>
<SP HEIGHT="49" WIDTH="31" VPOS="3945" HPOS="1512"/>
<String CONTENT="Dial" HEIGHT="40" WIDTH="114" VPOS="3945" HPOS="1544"/>
<SP HEIGHT="48" WIDTH="29" VPOS="3946" HPOS="1659"/>
<String CS="1" CONTENT="press." HEIGHT="40" WIDTH="134" VPOS="3954" HPOS="1689"/>
<SP HEIGHT="40" WIDTH="31" VPOS="3946" HPOS="1837"/>
<String CONTENT="inc." HEIGHT="40" WIDTH="90" VPOS="3946" HPOS="1869"/>
</TextLine>
<TextLine HEIGHT="48" WIDTH="276" VPOS="3999" HPOS="135" STYLEREFS="StyleId-3E235A51-0991-4723-843B-F0437B981863-">
<String CONTENT="(31-15903)" HEIGHT="48" WIDTH="276" VPOS="3999" HPOS="135"/>
</TextLine>
</TextBlock>
</PrintSpace>
</Page>
</Layout>
</alto>