2428 4370
1248 4018 139 50 2122

342 448 88 41 154
457 460 43 38 p.
591 451 26 40 18½ᶜᵐ.

345 506 275 48 “Prepared
654 508 60 48 by
748 508 83 39 the
866 506 208 41 General
1109 505 285 41 conference
1426 505 307 41 commission
1770 515 58 30 on
1865 505 345 42 benevolences
2244 505 47 40 in

273 560 2020 53 order that our people may understand the … program of activity [of the
274 618 268 43 Methodist
569 619 258 49 Episcopal
853 619 194 44 church,
1079 618 449 49 South]”—Introd.

287 674 2008 53 © Dec. 4, 1931; 2c. and; aff. Dec. 14; A 46381; C. A. Bowen, Nashville.
362 734 225 51 (32-984)

277 812 218 70 Bowie,
521 813 228 57 Walter
777 814 253 66 Russell,
1061 819 173 51 1882-

350 892 93 55 On
470 892 174 71 being
673 892 167 69 alive,
867 894 78 69 by
969 894 226 55 Walter
1222 892 228 55 Russell
1479 890 213 56 Bowie.
1768 892 140 53 New
1938 892 182 68 York,
279 893 1988 147 London,

443 972 64 56 C.
539 970 315 57 Scribner’s
884 990 147 50 sons,
1063 976 152 50 1931.

352 1054 89 40 viii
470 1066 57 37 p.,
554 1056 26 39 2
628 1086 23 15 l.,
679 1053 145 41 3-252
851 1065 43 37 p.
958 1054 56 41 19½ᶜᵐ.

288 1108 2013 53 © Dec. 7, 1931; 2c. Dec. 15; aff. Dec. 16; A 45564; Charles Scribner’s
357 1179 125 31 sons.
555 1169 224 48 (32-817)

282 1233 270 66 Bowyer,
583 1235 244 65 Robert,
856 1239 54 53 d.
944 1240 153 51 1622.

350 1312 123 53 The
507 1312 454 71 parliamentary
995 1312 128 53 diary
1197 1313 63 53 of
1294 1311 216 56 Robert
1546 1312 261 70 Bowyer,
1845 1309 330 71 1606-1607,
281 1308 1994 138 edited

426 1388 1874 72 by David Harris Willson … Minneapolis, The University
282 1469 64 52 of
386 1468 327 55 Minnesota
754 1487 185 51 press;
981 1469 259 71 London,
1280 1469 79 55 H.
1401 1468 268 68 Milford,
1712 1466 231 56 Oxford
1984 1466 317 71 university

283 1565 176 52 press,
488 1550 152 51 1931.

390 1627 66 49 xxi,
484 1627 88 42 423
602 1639 42 38 p.
702 1627 57 40 24½ᶜᵐ.

359 1684 115 42 “500
508 1685 162 49 copies
703 1685 195 50 printed
934 1686 97 42 and
1067 1686 82 41 the
1183 1688 114 48 type
1334 1684 342 45 distributed.”

359 1743 186 41 “There
577 1753 86 31 are
693 1745 95 40 two
822 1743 333 47 manuscripts
1186 1743 286 49 containing
1501 1742 248 49 Bowyer’s
1782 1743 169 49 diary:
1987 1744 83 42 the
2100 1755 91 31 one
2223 1745 82 40 the

287 1800 211 49 original
524 1800 52 40 in
601 1799 248 50 Bowyer’s
875 1811 109 30 own
1009 1801 131 40 hand
1166 1800 51 40 in
1244 1801 82 41 the
1352 1801 189 48 library
1566 1800 52 41 of
1644 1801 126 40 Lord
1802 1802 161 47 Braye
1990 1804 52 39 at
2069 1800 234 44 Stanford

287 1859 117 43 hall,
442 1857 292 49 Yelvertoft,
770 1857 289 47 Northants,
1095 1868 121 29 near
1252 1857 187 49 Rugby,
1480 1858 96 40 and
1614 1858 82 40 the
1734 1859 141 40 other
1912 1869 27 29 a
1978 1868 119 39 copy
2135 1858 47 40 in
2226 1859 80 41 the

287 1915 193 42 British
509 1926 222 30 museum
773 1913 265 49 (Harleian
1071 1925 100 30 mss
1202 1913 391 47 4945).”—Pref.

298 1971 1996 109 © Dec. 2, 1931; 2c. Dec. 14; aff. Dec. 11; A 46365; University of Minnesota. Minneapolis.
994 2030 223 50 (32-865)

292 2096 374 66 Butterfield,
698 2098 250 64 Kenyon
977 2097 213 66 Leech,
1225 2102 172 50 1868-

359 2175 124 54 The
510 2175 160 52 rural
698 2174 234 55 mission
964 2174 64 54 of
1057 2175 96 52 the
1184 2175 212 53 church
1426 2175 62 53 in
1516 2181 221 48 eastern
1770 2174 137 53 Asia;
1973 2179 193 63 report
2197 2173 111 53 and

291 2252 544 55 recommendations
861 2253 76 71 by
962 2253 246 69 Kenyon
1232 2253 65 55 L.
1325 2251 362 72 Butterfield,
1715 2252 314 54 counsellor
2055 2271 73 34 on
2152 2251 157 53 rural

290 2331 176 67 work,
509 2331 424 54 International
974 2330 342 71 missionary
1357 2330 249 68 council;
1652 2330 142 54 with
1838 2352 29 34 a
1911 2330 285 55 foreword
2235 2330 77 67 by

294 2410 100 54 Dr.
429 2410 157 54 John
618 2410 69 54 R.
721 2410 167 53 Mott.
961 2409 137 54 New
1135 2409 164 53 York
1354 2415 121 64 [etc.]
1515 2407 422 56 International
1972 2407 337 73 missionary

292 2488 239 69 council,
564 2491 152 51 1931.

363 2569 485 49 4 p. l. , 222 p. 23 ᶜᵐ.
305 2625 2012 53 © Dec. 15, 1931; 2c. and aff. Dec. 18; A 46452; Internatl. missionary
373 2686 204 41 council.
648 2686 222 48 (32-874)

299 2752 211 66 Chase,
542 2752 258 55 William
828 2753 246 65 Parker,
1105 2773 180 51 comp.

366 2829 139 54 New
553 2829 180 69 York,
776 2831 93 54 the
912 2830 232 54 wonder
1187 2830 145 70 city;
1380 2849 73 36 an
1495 2829 327 57 illustrated
1868 2835 158 67 story
2069 2829 63 55 of
2176 2829 137 56 New

298 2908 165 54 York
495 2908 142 55 with
671 2908 272 57 statistics
979 2909 113 54 and
1125 2909 231 70 general
1391 2909 135 56 data
1560 2910 343 69 concerning
1936 2909 137 54 New
2109 2908 208 54 York’s

298 2992 270 65 vastness,
604 2987 139 53 New
781 2987 208 54 York’s
1025 2988 218 70 people,
1282 2988 139 53 New
1460 2987 209 55 York’s
1708 2987 283 57 activities
2026 2988 113 54 and
2177 2987 137 54 New

301 3065 208 56 York’s
533 3065 263 55 intimate
818 3064 186 55 inside
1028 3066 106 53 life
1158 3067 61 53 in
1243 3067 95 52 the
1361 3085 136 51 year
1523 3069 164 64 1932;
1715 3065 280 70 compiled
2024 3066 112 53 and
299 3065 1993 133 written

422 3144 77 69 by
528 3144 88 52 W.
651 3144 219 53 Parker
902 3143 200 71 Chase,
1133 3143 142 54 with
1308 3143 212 70 special
1552 3144 417 56 contributions
1998 3145 75 70 by
299 3142 1992 134 prominent

472 3222 139 54 New
650 3221 266 55 Yorkers.
993 3222 139 53 New
1172 3222 164 53 York
1372 3222 135 64 city,
1540 3222 254 55 Wonder
1830 3222 118 64 city
1984 3221 335 65 publishing

299 3300 467 71 co., inc., ᶜ1 931.
372 3380 464 50 288 p. illus,. 20½ ᶜᵐ.
311 3437 52 53 ©
392 3442 120 40 Nov.
540 3440 69 44 21,
639 3439 142 49 1931;
810 3440 67 41 2c.
907 3442 92 39 and
1033 3440 82 41 aff.
1146 3441 111 40 Dec.
1287 3440 55 49 9;
1372 3441 41 40 A
1440 3441 173 48 46582;
1645 3443 73 42 W.
1749 3443 49 39 P.
1830 3441 172 51 Chase,
2030 3442 119 40 New
2178 3442 144 40 York.

391 3497 223 50 (32-792)

307 3562 209 66 Coope,
548 3564 194 65 Anna,
777 3570 172 49 1864-

374 3641 173 54 Anna
574 3640 206 70 Coope,
806 3642 105 68 sky
936 3642 146 69 pilot
1108 3642 63 54 of
1194 3643 95 53 the
1317 3642 119 57 San
1462 3643 139 56 Blas
1627 3641 241 56 Indians;
1926 3662 74 36 an
305 3642 1994 146 autobiography.

574 3719 1552 74 New York, N. Y., American tract society [ ᶜ1 931]
377 3810 41 34 V,
450 3799 72 50 [1],
552 3799 85 41 193
666 3810 42 38 p.
766 3799 167 50 front.,
962 3802 173 47 plates,
1166 3803 165 47 ports.,
1361 3812 127 38 map.
1546 3803 57 40 19½ᶜᵐ.

315 3853 2010 58 © Dec. 15, 1931; 2c. and aff. Dec. 19; A 46533; A. Coope, Providence,
388 3915 51 39 R.
468 3916 36 38 I.
570 3911 69 54 [©
666 3917 150 48 slight
843 3918 211 41 revision
1082 3919 53 40 of
1160 3920 197 47 general
1384 3921 120 48 text]
1577 3918 223 50 (32-793)
