2428 4370
1241 4038 137 52 1896

353 447 625 50 vi p., 1 l., 143 p. 20 ½ᶜᵐ .
356 506 74 41 On
458 517 142 30 cover
617 517 10 29 :
657 507 41 39 A
728 506 190 41 revised
947 507 97 39 and
1072 506 187 48 largely
1289 506 271 41 re-written
1589 506 183 40 edition
1805 506 52 40 of
1885 507 129 39 “The
2044 517 118 37 open
283 518 1995 96 conspiracy”.

355 622 165 41 “First
539 621 228 42 edition.”

289 691 51 52 ©
372 695 101 40 Oct.
503 693 39 49 9,
573 693 141 48 1931;
745 694 66 39 2c.
843 695 95 39 and
968 693 81 42 aff.
1081 694 103 41 Oct.
1214 694 82 47 21;
1328 693 41 41 A
1397 694 174 47 43708;
1603 694 60 39 H.
1696 694 52 41 G.
1780 694 165 48 Wells,
1976 696 213 40 London.

367 751 282 49 (31-32904)

285 847 262 65 Werner,
576 846 221 55 Morris
822 847 242 65 Robert,
1096 848 170 54 1897-

350 922 84 54 To
463 921 187 53 whom
679 925 48 52 it
755 942 131 49 may
916 940 266 50 concern;
1215 923 95 52 the
1338 929 159 66 story
1524 923 63 52 of
1617 924 202 53 Victor
1850 922 216 70 Ilyitch
2098 923 203 69 Seroff,

282 999 1932 72 by M. R. Werner … New York, J. Cape & H. Smith [1931]
349 1084 611 50 4 p. l. , 3-277 p. 20½ᶜᵐ.
291 1153 2007 52 © Oct. 19, 1931; 1c. Nov. 6; 1c. Oct. 21; aff. Oct. 22; A 43833; M. R
359 1216 215 39 Werner.
601 1216 118 38 New
744 1215 144 40 York.
960 1214 283 49 (31-32720)

283 1310 359 65 Whitcomb,
673 1310 228 65 George
932 1311 255 55 Faunce.

359 1386 293 70 Serpent’s
704 1389 185 67 credo,
941 1388 77 70 by
1069 1387 225 70 George
1348 1387 231 53 Faunce
1629 1385 348 55 Whitcomb.
2068 1387 237 66 Boston,

285 1466 309 53 American
624 1465 255 55 authors’
907 1465 320 69 associates,
1259 1467 154 52 1931.

353 1546 962 51 8 p. l. , 47 p. front. (port.) 19½ᶜᵐ.
354 1605 276 49 Epigrams.

293 1660 51 53 ©
375 1664 102 41 Oct.
505 1663 70 45 21,
604 1662 142 49 1931;
775 1663 66 41 2c.
870 1665 96 40 and
995 1663 82 40 aff.
1107 1663 103 41 Oct.
1239 1663 83 48 26;
1354 1662 40 40 A
1420 1662 173 49 43967;
1627 1662 53 42 G.
1709 1663 51 40 F.
1790 1662 288 49 Whitcomb,
2108 1663 200 41 Boston.

372 1722 282 47 (31-32742)

290 1814 308 67 Williams,
632 1816 249 55 Francis
911 1817 242 65 Xavier,
1190 1822 172 51 1882-
1577 1834 180 51 comp.

289 1893 2019 150 … Handbook of the insects and other invertebrates of Hawaiian sugar cane fields, compiled by Francis X. Williams.
287 2051 164 54 With
488 2070 72 34 an
596 2051 393 54 introduction
1024 2053 77 69 by
1136 2053 64 52 F.
1236 2052 177 69 Muir,
1449 2072 31 33 a
1515 2052 239 68 chapter
1790 2051 136 54 each
1961 2069 73 35 on
2069 2051 98 53 the
2201 2050 107 55 soil

290 2129 177 54 fauna
512 2129 66 53 of
617 2149 174 50 sugar
833 2148 137 35 cane
1010 2130 164 54 fields
1216 2131 113 53 and
1372 2149 73 34 on
1487 2131 97 53 the
1623 2131 347 53 Nematodes
2012 2129 298 71 attacking

288 2227 174 50 sugar
503 2227 136 34 cane
680 2213 152 49 roots
872 2209 77 69 by
989 2209 69 53 R.
1099 2209 77 53 H.
1218 2210 131 54 Van
1393 2208 491 70 Zwaluwenburg,
1925 2209 114 53 and
2083 2209 226 53 records

289 2286 65 52 of
381 2286 393 55 introduction
804 2287 65 53 of
895 2287 296 54 beneficial
1220 2287 206 53 insects
1456 2287 123 53 into
1608 2288 97 52 the
1734 2287 311 53 Hawaiian
2075 2287 235 68 islands,

290 2366 75 69 by
399 2365 68 56 O.
501 2365 79 54 H.
618 2365 247 70 Swezey.
935 2365 319 70 Honolulu,
1288 2365 235 54 Hawaii
1564 2365 261 69 [Printed
1860 2366 76 70 by
1972 2366 338 54 Advertiser

294 2443 335 71 publishing
657 2461 300 53 company]
994 2447 152 51 1931.

361 2527 89 41 400
474 2538 43 38 p.
579 2527 144 47 illus.,
749 2527 27 39 2
801 2527 88 41 col.
914 2537 77 39 pl.,
1018 2527 183 49 diagrs.
1260 2528 118 40 24ᶜᵐ.

362 2586 65 40 At
461 2586 126 40 head
623 2585 52 40 of
710 2584 135 41 title:
884 2584 319 49 Experiment
1239 2584 186 41 station
1461 2584 51 42 of
1548 2585 82 40 the
1668 2585 266 41 Hawaiian
1971 2596 149 38 sugar
291 2587 1978 97 planners’
425 2642 315 41 association.

365 2699 69 41 “A
467 2699 184 49 partial
684 2698 341 49 bibliography
1058 2698 52 41 of
1143 2698 181 41 insects
1357 2699 97 40 and
1489 2699 140 40 other
1662 2698 359 42 invertebrates
2056 2700 111 40 that
2201 2710 110 37 may

291 2768 146 31 occur
471 2756 51 40 in
557 2767 149 38 sugar
740 2767 118 29 cane
891 2755 324 41 fields—with
1250 2755 274 49 particular
1560 2755 249 41 reference
1845 2759 49 38 to
1929 2757 82 40 the
2047 2755 262 41 Hawaiian

292 2813 246 43 islands”:
569 2825 44 39 p.
641 2812 219 44 378-389.

299 2870 53 52 ©
388 2874 103 41 Oct.
526 2873 69 47 15,
631 2870 142 50 1931;
808 2871 68 41 2c.
909 2872 120 41 Nov.
1065 2871 81 46 16;
1184 2870 82 41 aff.
1303 2870 118 41 Nov.
1458 2872 83 47 14;
1578 2871 41 40 A
1652 2870 174 49 44792;
1864 2870 265 42 Hawaiian
2165 2881 148 38 sugar

368 2930 233 49 planters’
633 2940 145 37 assn.,
810 2929 265 40 Honolulu.
1147 2927 282 50 (31-33192)

292 3024 310 67 Williams,
630 3026 209 63 Henry
864 3022 217 67 Smith,
1110 3029 173 50 1863-

365 3100 1949 72 The book of marvels, by Henry Smith Williams … New
296 3182 164 54 York
493 3183 113 54 and
639 3182 261 54 London,
934 3180 173 54 Funk
1140 3183 47 51 &
1213 3180 306 70 Wagnalls
1552 3198 284 52 company
1949 3182 120 66 [ᶜ1931]

364 3264 85 42 128
475 3274 43 39 p.
580 3264 128 40 illus.
741 3263 132 48 (incl.
901 3266 165 45 ports.,
1093 3263 137 47 map)
1293 3261 149 43 30½ᶜᵐ.

365 3321 229 41 Lettered
630 3332 61 29 on
728 3330 167 31 cover:
935 3320 101 41 The
1074 3320 229 46 Literary
1341 3318 161 50 digest
1536 3318 125 41 book
1698 3318 55 41 of
1789 3318 227 41 marvels.

303 3376 53 53 ©
383 3381 118 40 Nov.
526 3381 41 40 4.
594 3379 112 41 1931;
765 3378 65 41 2c.
859 3380 96 39 and
984 3378 82 42 aff.
1094 3379 119 40 Nov.
1241 3378 81 47 18;
1354 3379 41 39 A
1419 3378 174 47 45088;
1625 3378 143 41 Funk
1794 3378 38 41 &
1857 3377 253 49 Wagnalls
2139 3389 66 29 co.

382 3437 282 47 (31-33013)

296 3530 243 67 Wilson,
570 3531 279 66 Andrew,
881 3537 171 50 1881-

367 3604 1946 73 Insects and their control, by Andrew Wilson … Plainfield,
297 3684 68 56 N.
398 3686 75 67 J.,
502 3686 311 53 Interstate
844 3685 266 69 printing
1140 3686 381 68 corporation,
1554 3688 152 53 1931.

367 3768 86 43 383
480 3779 44 38 p.
581 3768 129 42 illus.
766 3770 55 41 21ᶜᵐ.

370 3822 163 45 “First
568 3825 219 50 printing
818 3825 141 43 1929:
998 3827 290 46 augmented
1324 3827 95 40 and
1455 3825 202 44 revised,
1696 3827 173 40 second
1903 3824 220 49 printing
2156 3823 157 42 1931.”

307 3877 51 52 ©
387 3882 102 41 Oct.
516 3884 68 44 16,
612 3883 141 46 1931;
782 3882 65 42 2c.
877 3882 101 41 Oct.
1008 3881 55 42 19;
1119 3882 81 40 aff.
1231 3882 102 42 Oct.
1362 3883 81 43 17;
1474 3882 40 40 A
1540 3882 172 42 43786:
1744 3884 209 40 Andrew
1981 3882 200 42 Wilson,
2210 3880 106 42 inc..

379 3938 303 50 Springfield,
709 3941 55 41 N.
790 3941 43 41 J.
904 3939 284 52 (31-32899)
