2505 4370
1256 4062 136 52 1420

308 409 184 63 Cohn,
524 408 183 53 Louis
736 408 226 63 Henry.

371 484 57 52 A
472 483 408 70 bibliography
927 482 64 53 of
1034 483 96 53 the
1175 483 189 53 works
1407 481 64 53 of
1516 482 212 54 Ernest
1771 480 386 71 Hemingway
2206 479 91 71 [by]

301 561 174 54 Louis
510 562 203 70 Henry
748 560 179 57 Cohn.
999 560 139 57 New
1176 559 181 70 York,
1389 559 266 56 Random
1687 561 191 69 house,
1914 561 151 51 1931.

372 646 88 40 116
483 657 44 38 p.
588 646 103 41 fold.
734 646 163 42 front.,
923 647 25 38 1
975 645 144 50 illus.,
1145 644 217 41 facsims.
1421 644 58 40 24½ᶜᵐ.

377 714 95 42 “Of
507 715 101 40 this
646 717 122 40 book
806 716 137 43 there
981 716 127 41 have
1145 715 119 43 been
1301 715 196 48 printed
1539 715 91 39 five
1668 716 220 40 hundred
1926 715 263 41 numbered
2229 716 96 39 and

305 772 92 42 five
427 772 207 41 lettered
668 771 162 48 copies
860 774 53 39 at
946 772 85 41 the
1062 772 198 41 Harbor
1289 771 181 48 press.”
1533 771 119 40 This
1684 780 119 39 copy
1835 770 192 42 neither
2061 771 264 41 numbered

301 839 90 30 nor
418 830 221 41 lettered.

314 897 52 52 ©
399 901 129 48 Sept.
559 902 40 46 7,
631 898 112 42 1931;
804 900 67 41 2c.
906 900 127 47 Sept.
1065 900 56 40 17;
1181 898 83 41 aff.
1299 899 129 48 Sept,
1460 899 57 39 16;
1575 898 43 40 A
1645 898 150 41 42358;
1852 898 50 40 L.
1934 899 62 40 H.
2029 898 150 49 Cohn,
2209 898 119 41 New

382 959 146 40 York.
599 957 283 50 (31-24034)

312 1061 238 65 Collins,
581 1062 220 55 Archie
832 1062 336 66 Frederick,
1202 1068 174 50 1869-

376 1140 189 53 Mirth
591 1141 114 52 and
732 1145 285 65 mystery;
1048 1159 31 34 a
1106 1139 306 70 potpourri
1439 1138 67 55 of
1531 1139 204 70 joyous
1762 1138 464 68 entertainment,
2251 1138 76 70 by

306 1215 2022 73 A. Frederick Collins … New York, Coward-McCann, inc.,
308 1300 154 51 1931.

376 1377 815 51 5 p. l., 3-312 p. illus. 19 ½ᶜᵐ .
317 1446 51 53 ©
401 1451 128 48 Sept.
560 1453 69 46 11,
658 1450 142 49 1931;
831 1450 68 43 2c.
930 1451 129 49 Sept.
1089 1452 83 47 14;
1203 1450 84 43 aff.
1320 1451 128 49 Sept.
1479 1452 82 47 12;
1594 1451 41 40 A
1663 1451 173 48 42258;
1870 1450 460 48 Coward-McCann,

384 1508 93 41 inc.
549 1508 282 50 (31-23910)

313 1618 244 66 Cooper,
588 1619 155 54 John
775 1620 438 67 Montgomery,
1247 1626 173 49 1881-

383 1696 1946 72 Children’s institutions [by] John M. Cooper … a study of
311 1793 303 51 programs
658 1777 115 53 and
818 1776 234 69 policies
1097 1777 60 53 in
1203 1775 267 58 Catholic
1513 1776 307 54 children’s
1864 1776 360 54 institutions
2269 1774 59 55 in

311 1856 98 53 the
450 1855 220 55 United
716 1855 219 69 States;
980 1874 31 33 a
1052 1855 173 68 study
1266 1855 167 54 made
1473 1856 182 52 under
1695 1856 96 52 the
1832 1855 257 68 auspices
2130 1854 64 53 of
2233 1855 97 53 the

310 1932 275 54 National
616 1930 335 56 conference
978 1932 65 56 of
1071 1931 265 58 Catholic
1365 1932 269 54 charities
1664 1934 112 53 and
1807 1932 65 54 of
1898 1934 97 52 the

311 1933 1991 132 Commonwealth
557 2010 150 55 fund
740 2010 64 54 of
836 2013 140 53 New
1011 2011 165 54 York
1208 2009 133 71 city.
1417 2009 430 72 Philadelphia,
1882 2014 121 66 Pa.,

2035 2012 123 53 The
313 2012 1993 144 Dolphin
482 2106 176 53 press,
688 2094 152 49 1931.

382 2170 651 50 xxiv, 696 p. diagr. 23 ᶜᵐ.
385 2241 353 50 Bibliography
757 2256 8 27 :
798 2255 43 37 p.
870 2244 219 42 673-684.

318 2311 52 52 ©
394 2315 119 48 July
535 2314 69 44 29,
631 2315 113 41 1931;
800 2317 67 39 2c.
897 2316 128 48 Sept.
1051 2316 82 48 10;
1162 2316 83 42 aff.
1275 2317 128 48 Sept.
1429 2316 54 49 9;
1511 2317 41 39 A
1573 2316 174 48 42229;
1777 2317 213 48 Dolphin
2016 2327 153 39 press.

398 2372 282 48 (31-23913)

317 2483 231 64 Corpus
571 2486 174 67 juris;
774 2487 171 68 being
971 2507 31 33 a
1027 2487 279 68 complete
1332 2488 113 52 and
1471 2488 326 68 systematic
1822 2491 305 49 statement
2152 2487 66 53 of
2240 2488 96 50 the

387 2564 182 52 whole
601 2564 153 70 body
784 2564 65 54 of
878 2565 96 53 the
1003 2565 111 53 law
1146 2585 60 34 as
1239 2564 299 55 embodied
1569 2565 61 53 in
1662 2566 114 52 and
1807 2565 313 69 developed
2150 2565 75 69 by
2257 2564 78 54 all

387 2642 1949 70 reported decisions. Edited by William Mack … and Donald
387 2720 1945 68 J. Kiser … v. 54. New York, The American law book co.;
387 2799 261 71 London,
679 2801 397 53 Butterworth
1107 2802 46 51 &
1181 2819 99 52 co.,
1313 2803 151 51 1931.

496 2914 7 13 xxx,
537 2881 115 41 1125
683 2893 42 37 p.
787 2881 55 41 26½ᶜᵐ.

321 2948 51 53 ©
400 2953 118 47 July
543 2954 68 47 23,
641 2953 114 40 1931;
810 2953 67 41 2c.
905 2955 96 39 and
1028 2952 83 43 aff.
1138 2954 122 48 Aug.
1287 2954 82 47 15;
1399 2953 83 42 aff.
1513 2954 127 49 Sept.
1669 2953 82 48 16;
1781 2953 43 40 A
1847 2953 145 41 40811;
2050 2954 148 39 Amer.
2240 2954 95 40 law

390 3010 125 40 book
550 3022 68 30 co.

319 3106 198 64 Cross,
547 3108 98 52 Ira
675 3106 234 65 Brown,
944 3113 173 49 1880-

387 3184 1944 72 Economics, by Ira B. Cross … New York city, American
316 3260 263 55 institute
606 3263 65 53 of
695 3262 259 72 banking
988 3267 193 65 [ᶜ1931]

391 3343 86 42 552
506 3355 43 38 p.
610 3344 180 49 diagrs.
852 3345 117 40 21ᶜᵐ.

322 3410 52 52 ©
407 3415 129 48 Sept.
564 3415 40 46 5,
633 3415 142 48 1931;
805 3416 67 39 2c.
903 3417 95 38 and
1029 3415 82 42 aff.
1144 3416 129 49 Sept.
1303 3416 51 46 8;
1387 3417 40 38 A
1455 3416 172 46 41512;
1660 3416 160 41 Amer.
1850 3416 228 41 institute
2109 3415 52 41 of
390 3415 1929 103 banking.
558 3472 282 49 (31-23937)

318 3566 307 66 Crowgey,
658 3567 257 54 William
948 3568 208 65 Perry.

381 3643 141 53 Two
555 3643 201 70 voices,
787 3644 75 70 by
895 3644 261 56 William
1189 3646 182 71 Perry
1408 3645 293 71 Crowgey.
1785 3642 383 73 [Wytheville,
2260 3661 47 34 Va.]

311 3719 157 54 Priv.
503 3722 196 69 print.,
732 3726 150 49 1931.

382 3800 1246 53 vii p., 1 l., 143 p. front. (port.) plates. 19½ᶜᵐ.
384 3870 255 43 Half-title
657 3884 9 29 :
698 3874 115 41 Two
841 3874 161 42 voices;
1060 3887 24 30 a
1117 3878 227 47 personal
1374 3876 299 50 experience.

323 3937 51 59 ©
407 3942 128 50 Sept.
567 3946 38 39 1.
637 3945 114 42 1931;
809 3947 68 41 2c.
909 3949 95 39 and
1036 3947 83 43 aff.
1152 3949 130 49 Sept.
1312 3950 26 40 3;
1400 3950 39 38 A
1468 3948 144 43 42111;
1675 3950 71 40 W.
1780 3949 51 42 P.
1865 3948 246 49 Crowgey,
390 3947 1929 100 Wytheville,

552 4003 84 40 Va.
711 4005 282 48 (31-23950)
