2505 4370
1062 4021 96 48 591

66 405 324 62 Toudouze,
425 401 259 64 Georges
716 396 280 62 Gustave,
1030 394 171 55 1877-

195 463 1709 85 … Le mystère des trois rubis. [Paris] Hachette [1930]
134 543 1807 67 188 p., 1 l . 18 ᶜᵐ . (On cover: Bibliothèque “Dimanche illustré”)
135 630 62 42 At
224 631 123 40 head
376 629 54 39 of
458 628 106 40 title:
623 625 54 44 G.
705 626 210 46 Georges
941 621 270 42 Toudouze.

74 685 1909 66 © Aug. 13, 1930; 1c. Sept. 26; A—Foreign 9102; Librairie Hachette.
151 758 249 49 (31-9806)

69 865 207 65 Trask,
307 864 202 55 Keith.

137 940 237 54 Murder
413 937 327 71 incidental,
776 936 73 71 by
889 934 174 54 Keith
1103 931 201 55 Trask.
1383 931 132 51 New
1559 930 176 66 York,
1778 929 207 51 Farrar
2023 929 46 50 &

74 1012 921 75 Rinehart, incorporated [ ᶜ19 31]
140 1092 619 56 3 p. l., 3-276 p. 19½ ᶜᵐ .
80 1169 50 53 ©
161 1172 113 48 Apr.
306 1171 39 46 2,
378 1169 139 47 1931;
550 1169 67 38 2c.
648 1168 112 48 Apr.
792 1167 83 45 30;
909 1176 82 30 aff.
1023 1164 113 48 Apr.
1168 1165 53 45 3;
1257 1163 40 38 A
1326 1161 172 46 36849;
1532 1160 60 39 K.
1625 1159 171 48 Trask,
1830 1159 67 39 La
1933 1157 142 41 Jolla.

151 1228 143 41 Calif.
366 1225 278 49 (31-26880)

77 1323 127 52 Van
233 1321 188 64 Dyke,
451 1319 164 66 Paul,
649 1323 170 51 1859-

146 1398 221 69 George
403 1395 403 71 Washington,
841 1393 95 54 the
973 1411 100 37 son
1110 1391 65 54 of
1211 1391 90 55 his
1338 1395 259 64 country,
1637 1389 327 67 1732-1775,
2001 1388 72 69 by

79 1465 1998 77 Paul Van Dyke … New York, London, C. Scribner’s sons,
82 1556 149 51 1931.

155 1624 1438 58 5 p. l., 310 p. front. (port.) illus. (facsim.) 20½ ᶜᵐ .
154 1702 349 43 “References”;
562 1714 43 38 p.
637 1699 248 54 [293]-301.

86 1773 53 52 ©
171 1777 112 47 Apr.
314 1775 69 48 10,
415 1773 114 43 1931;
589 1773 69 43 2c.
689 1773 115 49 May
836 1774 22 38 1;
921 1771 81 42 aff.
1036 1771 113 48 Apr.
1182 1771 58 39 29;
1301 1770 39 39 A
1372 1769 146 41 36865;
1580 1768 204 42 Charles
1818 1766 267 44 Scribner’s

155 1843 125 29 sons.
352 1830 278 50 (31-26882)

83 1925 304 54 Vermont.
463 1926 278 69 Supreme
776 1931 173 48 court.

154 1997 1932 78 Reports of cases argued and determined … By Charles A.
90 2082 239 55 Shields,
407 2101 50 34 v.
508 2085 113 49 102.
699 2081 137 54 New
882 2080 183 54 series,
1148 2098 50 33 v.
1245 2078 50 55 7.
1372 2078 369 70 Burlington,
1784 2077 117 70 Vt.,
1946 2076 145 55 Free

87 2157 778 73 press printing co. [ ᶜ19 31]
159 2239 510 50 xxvi, 604 p. 23 ᶜᵐ .
94 2308 52 53 ©
175 2311 114 48 Apr.
316 2309 71 49 29,
418 2309 113 42 1931;
590 2309 69 41 2c.
688 2310 115 48 May
830 2310 29 39 9;
916 2309 81 42 aff.
1029 2310 115 47 May
1171 2308 57 42 25;
1286 2309 42 39 A
1356 2307 147 42 38437;
1562 2307 213 42 Rawson
1804 2309 50 40 C.
1887 2305 203 50 Myrick,

163 2370 246 45 secretary
446 2368 51 38 of
534 2371 126 35 state
697 2365 78 42 for
812 2367 79 39 the
928 2368 128 40 state
1093 2366 50 40 of
1182 2365 244 49 Vermont,
1466 2364 303 50 Montpelier,
1807 2365 75 40 Vt.

91 2477 292 65 Wadsley,
414 2476 181 56 Olive.

161 2555 193 53 Prima
388 2555 223 54 Donna.
693 2554 360 66 [Instalment
1082 2558 32 48 2]

177 2634 78 48 (In
288 2632 211 43 Woman
530 2632 94 43 and
656 2632 143 43 home
831 2631 274 53 magazine,
1138 2631 159 53 April,
1333 2632 143 50 1931)

101 2695 1978 117 © 1c. May 18, 1931; A ad int. 15095; pubd. Mar. 20; Olive Mary Wadsley,
294 2762 211 42 London.

98 2856 339 66 Waksman,
467 2858 235 54 Selman
731 2856 325 67 Abraham,
1090 2863 171 50 1888-

163 2934 123 52 The
310 2933 103 53 soil
442 2934 110 52 and
579 2934 96 53 the
699 2932 270 69 microbe;
999 2954 70 33 an
1098 2932 387 56 introduction
1513 2940 56 48 to
1594 2935 94 54 the
1715 2935 170 70 study
1913 2935 62 52 of
2001 2934 96 55 the

97 3012 361 68 microscopic
488 3010 335 69 population
855 3011 63 52 of
945 3012 95 54 the
1070 3012 103 53 soil
1202 3012 113 54 and
1346 3011 75 53 its
1448 3012 115 54 rôle
1594 3013 58 52 in
1683 3012 99 54 soil
1817 3029 281 52 processes

98 3081 1999 79 and plant growth, by Selman A. Waksman … and Robert L.
99 3159 1975 139 Starkey … New York, J. Wiley & sons, inc.; London, Chapman
258 3245 44 51 &
333 3243 159 69 Hall,
522 3241 239 71 limited,
795 3246 149 51 1931.

171 3316 1930 64 xi, 260 p. illus., diagrs. 24 ᶜᵐ . (Half-title: The Wiley agricultural
103 3380 163 49 series,
295 3381 71 40 ed.
397 3380 60 48 by
484 3380 43 40 J.
559 3380 51 40 G.
640 3378 230 50 Lipman)
989 3378 133 49 $3.50

174 3449 337 43 “Literature”
540 3452 51 38 at
619 3449 90 41 end
736 3450 51 40 of
815 3451 117 40 each
959 3451 200 50 chapter
1186 3455 172 46 except
1385 3453 80 40 the
1493 3453 110 43 last.

113 3520 50 53 ©
194 3525 114 48 Apr.
341 3525 37 46 8,
410 3524 140 48 1931;
585 3524 65 40 2c.
683 3524 111 48 Apr.
829 3525 81 46 11;
945 3524 82 42 aff.
1060 3525 113 47 Apr.
1206 3523 56 41 10;
1322 3525 42 39 A
1396 3524 172 49 36465;
1606 3524 43 43 S.
1684 3526 53 40 A.
1771 3524 265 42 Waksman
2071 3524 36 41 &

181 3582 180 39 Robert
393 3581 50 41 L.
482 3581 218 48 Starkey,
735 3581 116 40 New
885 3581 300 49 Brunswick,
1221 3581 55 42 N.
1313 3582 43 40 J.
1427 3581 251 50 (31-9954)

108 3676 269 64 Wallace,
408 3676 220 65 Edgar.

181 3754 118 53 The
326 3771 132 36 man
487 3759 58 47 at
571 3756 94 51 the
694 3754 252 55 Carlton.
1023 3756 145 52 Mar.
1201 3758 187 66 16-21,
1416 3758 147 51 1931.

193 3832 78 47 (In
305 3830 200 44 London
535 3830 146 53 Daily
714 3833 230 51 express)

118 3891 1990 72 © 1c. each May 14, 1931; A ad int. 15076; pubd. Mar. 16, 17, 18, 19, 20,
184 3960 55 40 21;
300 3962 52 41 E.
383 3961 228 51 Wallace,
643 3962 211 45 London.
