2505 4370
1067 4010 101 49 255

106 366 127 53 Von
265 364 192 64 Rhau,
489 365 224 62 Henry.

174 443 84 53 To
295 442 95 53 the
427 440 328 69 victor—by
793 441 202 68 Henry
1033 457 108 34 von
1180 439 183 52 Rhau.
1440 438 138 51 New
1619 437 178 65 York,
1835 437 272 60 Toronto,

106 521 343 67 Longmans,
478 518 185 56 Green
693 519 112 53 and
833 535 98 50 co.,
963 520 149 51 1931.

178 599 665 51 vii p., 1 l., 305 p. 19 ½ᶜᵐ .
181 672 161 39 “First
372 669 228 42 edition.”

113 738 51 52 ©
199 742 108 40 Feb.
340 742 67 42 18,
442 740 138 45 1931;
614 740 66 41 2c.
715 741 110 40 Feb.
856 740 82 45 26;
974 740 81 41 aff.
1089 740 109 40 Feb.
1231 738 83 47 25;
1349 738 41 39 A
1420 737 171 48 33968;
1627 738 167 47 Henry
1828 747 90 30 von
1954 736 157 47 Rhau,

181 800 116 39 New
322 799 145 39 York.
538 797 251 49 (31-5695)

109 892 289 65 Webster,
428 894 204 61 Henry
662 891 275 65 Kitchell,
971 895 164 51 1875-

177 970 122 52 The
335 988 133 34 man
509 969 137 52 with
687 969 96 52 the
820 969 225 52 scarred
1086 968 172 67 hand,
1296 967 73 69 by
1406 967 203 68 Henry
1650 965 251 54 Kitchell
106 967 1980 134 Webster.

310 1045 1599 69 Indianapolis, The Bobbs-Merrill company [ ᶜ1 931]
177 1128 646 50 4 p. l., 11-285 p. 19½ᶜᵐ.
180 1200 161 39 “First
373 1200 200 40 edition.”

115 1268 51 52 ©
199 1272 110 40 Jan.
342 1271 68 47 30,
444 1271 140 46 1931;
620 1271 66 40 2c.
721 1271 109 39 Feb.
866 1272 52 38 13;
982 1269 82 42 aff.
1099 1270 109 39 Feb.
1243 1270 84 46 14;
1361 1269 48 39 A
1436 1268 170 48 34523;
1643 1268 370 41 Bobbs-Merrill
2047 1279 68 29 co.

192 1327 251 50 (31-5221)

109 1424 291 63 Wensley,
431 1423 315 53 Frederick
776 1423 228 53 Porter.

179 1502 177 52 Don’t
386 1502 125 53 fear
538 1503 95 52 the
662 1500 266 69 burglar!

216 1583 61 39 (In
304 1578 203 44 London
536 1579 202 52 Sunday
768 1592 220 39 express,
1019 1578 111 43 Jan.
1163 1579 70 50 11,
1266 1578 145 49 1931)

117 1648 1999 53 © 1c. Mar. 10, 1931; A ad int. 14821; pubd. Jan. 11; F. P. Wensley,
183 1711 213 41 London.

117 1804 290 65 Wingate,
438 1804 246 55 Charles
710 1805 201 63 Edgar
938 1803 210 65 Lewis,
1182 1810 170 49 1861-

179 1879 132 54 Life
356 1881 113 53 and
514 1881 193 54 letters
747 1881 63 52 of
854 1881 179 54 Paine
1073 1881 286 69 Wingate,
1402 1900 104 34 one
1548 1881 63 53 of
1654 1882 94 52 the
1793 1880 216 56 fathers
2053 1883 64 51 of

113 1958 91 53 the
242 1957 228 67 nation;
512 1958 96 54 the
648 1966 155 64 story
842 1959 63 52 of
947 1980 30 32 a
1020 1959 137 53 New
1198 1958 274 68 England
1513 1964 240 66 country
1793 1958 321 69 gentleman

113 2036 180 55 whose
330 2035 106 53 life
474 2035 427 70 encompassing
938 2036 197 71 nearly
1173 2057 29 33 a
1240 2036 263 53 hundred
1539 2055 163 52 years
1738 2036 245 53 between
2021 2037 94 52 the

108 2113 159 69 reign
301 2114 62 52 of
396 2113 219 69 George
647 2133 45 34 II
725 2113 112 53 and
869 2115 96 53 the
997 2113 333 70 presidency
1363 2114 63 52 of
1458 2115 129 53 Van
1622 2114 192 52 Buren
1851 2113 265 54 included

110 2191 91 53 the
228 2191 185 55 duties
442 2192 63 52 of
533 2192 325 68 clergyman
886 2191 113 54 and
1026 2196 306 49 statesman
1362 2191 112 54 and
1502 2190 325 56 illustrated
1855 2192 93 52 the
1977 2191 140 53 lives

110 2268 63 54 of
204 2269 157 53 those
394 2269 127 53 who
553 2269 163 53 made
749 2269 94 52 the
879 2269 173 53 union
1088 2269 64 53 of
1186 2270 96 52 the
1315 2269 216 55 United
1569 2269 189 55 States
1794 2268 322 54 successful.

112 2346 2003 70 By Charles E. L. Wingate … [Winchester, Mass., J. D. P.
107 2423 294 71 Wingate;
433 2423 292 71 Medford,
754 2425 191 70 Mass.,
975 2425 266 68 Mercury
1275 2424 263 69 printing
1566 2444 296 50 company,
1897 2428 149 48 1930.

180 2504 28 39 2
270 2536 9 9 v.
339 2504 191 48 fronts.,
559 2504 128 40 illus.
716 2504 160 49 (map)
913 2507 171 47 plates,
1115 2506 165 48 ports.,
1311 2505 215 41 facsims.
1588 2506 115 41 23ᶜᵐ.

181 2574 231 41 “Printed
446 2575 128 40 from
609 2576 82 39 the
725 2577 138 47 types
899 2575 49 39 in
983 2587 26 29 a
1046 2574 189 42 limited
1271 2575 198 41 edition.
1533 2577 118 39 This
1688 2588 118 37 copy
1842 2577 40 38 is
1917 2577 202 38 number

111 2629 127 43 188.”

447 2698 104 33 CONTENTS.—I.
582 2687 225 41 Minister
837 2689 95 39 and
962 2689 353 47 delegate.—H.
1346 2689 205 40 Senator
1583 2690 91 38 and
1709 2690 160 46 judge.

121 2758 51 52 ©
202 2762 112 40 Dec.
346 2762 67 47 15,
447 2761 113 40 1930;
618 2761 67 42 2c.
716 2762 119 39 each
865 2762 96 39 and
992 2761 80 39 aff.
1106 2761 111 41 Dec.
1249 2761 83 46 27;
1365 2761 41 39 A
1437 2761 171 46 34543;
1643 2761 49 41 C.
1725 2762 53 39 E.
1810 2761 51 40 L.
1893 2760 227 47 Wingate

189 2821 95 39 and
316 2820 166 40 James
513 2819 57 41 D.
646 2853 7 8 P.
686 2819 239 48 Wingate,
956 2818 320 48 Winchester,
1310 2819 147 40 Mass.
1528 2817 251 49 (31-5576)

115 2914 293 64 Wingate,
438 2915 154 53 John
622 2914 307 64 Williams,
962 2920 169 49 1899-

246 2990 1869 71 … Manual of retail terms, by John W. Wingate … New
118 3068 175 68 York,
321 3068 453 68 Prentice-Hall,
802 3068 127 69 inc.,
958 3071 151 50 1931.

188 3148 1227 49 viii p., 2 l., 562 p. 23½ᶜᵐ. (Retailing series)
216 3218 233 47 “Agencies
478 3218 78 40 for
586 3218 142 41 retail
761 3219 223 40 research
1014 3220 94 39 and
1139 3218 317 41 education”:
1489 3229 42 37 p.
1563 3218 218 43 511-537.

188 3274 220 40 Includes
445 3275 282 40 references.

122 3340 51 52 ©
207 3345 110 40 Feb.
348 3346 41 47 4,
423 3346 139 46 1931;
597 3346 66 41 2c.
699 3346 108 40 Feb.
842 3347 81 46 16;
959 3346 82 40 aff.
1075 3347 109 39 Feb.
1293 3357 9 36 12;
1338 3347 39 38 A
1409 3347 172 46 33777;
1618 3346 374 43 Prentice-Hall,
2029 3346 90 40 inc.

199 3402 250 48 (31-5587)

122 3496 233 65 Wodell,
387 3497 316 54 Frederick
732 3496 274 66 William,
1042 3504 155 49 1859-

184 3571 175 56 Choir
382 3573 113 54 and
522 3574 201 53 chorus
746 3574 359 69 conducting.
1178 3576 165 67 (Rev.
1372 3576 109 52 and
1507 3575 136 70 enl.)
1714 3575 52 52 A
1793 3574 227 55 treatise
2045 3594 73 34 on

117 3650 90 52 the
258 3650 410 71 organization,
720 3658 413 63 management,
1183 3652 258 69 training
1496 3652 112 53 and
1657 3652 344 69 conducting
2054 3654 63 51 of

114 3727 1979 228 choirs, choral societies and other vocal ensembles (with questions upon each chapter for individual and class use) by Frederick W. Wodell. Philadelphia, Theodore Presser co. [ ᶜ1 931]
