2505 4370
1304 4024 103 49 236

322 366 306 65 Maritain,
663 367 275 64 Jacques,
979 371 171 50 1882-

393 446 124 53 The
555 445 198 69 things
793 445 129 52 that
962 463 93 33 are
1096 449 101 47 not
1239 443 274 60 Caesar’s,
1551 444 77 68 by
1668 444 243 68 Jacques
1951 443 310 56 Maritain:
2308 462 26 33 a

322 522 345 56 translation
701 523 63 53 of
796 522 315 54 ‘Primauté
1140 524 71 52 du
1248 521 302 69 spirituel’,
1581 522 165 54 made
1775 522 74 68 by
1882 522 56 55 J.
1971 523 66 52 F.
2073 521 264 57 Scanlan.

325 603 138 52 New
493 602 181 57 York,
707 603 62 55 C.
803 601 314 56 Scribner’s
1147 619 148 50 sons,
1327 603 151 52 1930.

394 682 520 51 xxvii, 227 p. 20 ᶜᵐ .
396 741 233 40 “Printed
658 741 50 39 in
737 740 152 41 Great
918 739 241 42 Britain.”

331 795 2014 52 © 1c. Jan. 27, 1931; A ad int. 14769; pubd. Nov. 29, 1930; Charles
402 855 268 42 Scribner's
706 866 125 31 sons.
905 854 252 51 (31-6898)

325 951 203 65 Marti,
558 950 141 55 José
727 949 219 66 Julián,
981 955 328 50 1853-1895.

457 1025 1733 70 … Versos de amor (inéditos) Gonzalo de Quesada y
323 1026 2019 149 Miranda, editor y recopilador. Habana, I mprenta y papelería
323 1183 69 54 de
420 1182 262 69 Rambla,
712 1183 195 52 Bouza
937 1203 37 51 y
1002 1200 100 53 ca.,
1131 1185 152 52 1930.

430 1267 350 49 x, 70 p. 16 ᶜᵐ .
393 1324 67 42 At
489 1325 126 40 head
643 1323 54 41 of
723 1322 109 43 title:
891 1323 166 41 Marti.

333 1379 2016 52 © Dec. 22, 1930; 1c. Dec. 27; A—Foreign 10060; Gonzalo de Quesada y
402 1439 244 48 Miranda,
686 1440 224 46 Havana,
953 1438 148 41 Cuba.
1173 1436 253 51 (31-5996)

327 1535 291 64 Menefee,
652 1534 337 53 Ferdinand
1021 1534 334 63 Northrup,
1391 1539 171 49 1886-

463 1613 1890 70 … Comparison of the physical properties of various kinds of
331 1692 1961 72 cast iron pipe [by ] F. N. Menefee … [and] A. E. White …
353 1775 137 52 [Ann
519 1773 211 69 Arbor,
758 1773 195 67 Mich.]
992 1775 149 50 1930.

334 1853 2002 109 1 p. l. , [1], 796-836 p. illus., diagrs. 23 ᶜᵐ . (Department of engineering research,
715 1910 1408 50 University of Michigan … Reprint series, no. 6)
406 1971 295 39 “Presented
732 1971 53 39 at
818 1969 80 40 the
932 1970 183 38 annual
1150 1968 303 43 convention,
1489 1969 81 39 the
1602 1969 262 41 American
1897 1971 154 39 water
2086 1970 161 40 works
335 1980 2002 96 association,

620 2027 67 41 St.
716 2026 164 49 Louis,
909 2027 107 46 Mo.,
1047 2026 129 41 June
1202 2025 26 39 2
1259 2029 49 37 to
1337 2027 38 41 6.
1405 2025 158 41 1930.”

408 2085 297 49 “Reprinted
739 2084 129 40 from
905 2084 208 40 Journal
1150 2083 52 41 of
1238 2084 82 40 the
1356 2083 259 40 American
1652 2086 157 38 water
1844 2084 161 41 works
2042 2083 311 49 association,

333 2144 94 40 vol.
456 2142 71 49 22,
556 2153 76 31 no.
661 2141 41 48 2,
734 2142 140 48 June,
905 2140 158 42 1930.”

338 2197 51 52 ©
425 2201 120 47 Aug.
580 2200 71 48 15,
684 2199 118 41 1930;
862 2199 68 41 2c.
966 2199 111 41 Feb.
1113 2199 70 48 16,
1218 2197 142 49 1931;
1398 2198 82 42 aff.
1517 2199 110 41 Feb.
1661 2197 84 49 27;
1783 2199 41 40 A
1858 2199 173 48 34552;
2069 2197 285 49 University

407 2258 53 41 of
492 2257 261 49 Michigan,
789 2257 108 39 Ann
930 2257 171 40 Arbor.
1177 2256 281 48 (31-27301)

334 2352 267 66 Michels,
632 2352 244 65 Robert,
909 2354 172 53 1876-

333 2428 2016 149 … Italien von heute; politische und wirtschaftliche kultur-geschichte
709 2525 112 35 von
874 2510 136 50 1860
1059 2507 87 53 bis
1203 2509 150 50 1930.
1444 2506 208 54 Zürich
1707 2507 117 53 und
1876 2507 260 69 Leipzig,
2192 2507 160 56 Orell

334 2585 433 68 Füssli [ ᶜ193 0]
407 2665 1942 49 xi, 410 p. front. illus. (map) 25 ½ ᶜᵐ . (Half-title: Der aufbau
333 2722 801 46 moderner Staaten … 5. bd.)
341 2778 1960 52 © Aug. 20, 1930; 1c. Nov. 17; A —Foreign 10194; Orell Füssli verlag.
421 2838 253 51 (31-5859)

337 2935 280 64 Moseley,
649 2935 268 54 Maboth.

409 3014 1951 70 This lady was a gentleman, by Maboth Moseley … London,
338 3094 371 53 Hutchinson
738 3095 45 50 &
812 3110 77 36 co.
922 3094 103 51 ltd.
1064 3097 172 63 [1931]

409 3173 376 49 288 p. 19½ ᶜᵐ .
346 3227 2013 52 © 1c. Mar. 7, 1931; A ad int. 14810·; pubd. Jan. 9; M. Moseley, London.
428 3287 252 50 (31-7188)

344 3384 214 62 Moses,
590 3384 305 52 Montrose
925 3384 202 63 Jonas,
1163 3389 170 49 1878-
1547 3385 84 53 ed.

411 3458 244 52 Dramas
698 3458 64 51 of
803 3457 342 53 modernism
1192 3458 111 53 and
1347 3458 149 54 their
1540 3459 382 66 forerunners,
1966 3458 207 70 edited,
2216 3458 140 53 with

344 3535 413 54 introductions
790 3536 110 52 and
933 3536 468 69 bibliographies,
1433 3536 73 70 by
1538 3539 293 52 Montrose
1861 3538 55 53 J.

1949 3540 201 51 Moses.
342 3537 1990 146 Boston,
484 3613 195 52 Little.
705 3614 230 68 Brown,
962 3614 111 52 and
1102 3632 298 50 company,
1432 3618 149 51 1931.

413 3697 501 48 xvi, 741 p. 21½ ᶜᵐ .
414 3752 349 51 Bibliography:
825 3763 42 38 p.
919 3753 234 51 [703]-733.

755 3810 100 40 CONTENTS.—The
888 3810 172 49 cherry
1095 3810 221 46 orchard,
1349 3812 61 48 by
1445 3811 159 40 Anton
1637 3811 499 49 Chekhov.—Night’s
2167 3813 193 48 lodging

353 3866 127 46 (The
506 3868 149 39 lower
684 3866 198 50 depths)
920 3868 60 48 by
1010 3866 181 41 Maxim
1226 3867 315 48 Gorky.—He
1571 3870 107 38 who
1709 3871 104 44 gets
1844 3869 211 48 slapped,
2088 3871 59 48 by
2178 3870 179 41 Leonid

345 3921 478 50 Andreyev.—From
861 3933 137 31 morn
1041 3926 49 39 to
1132 3923 253 49 midnight,
1428 3925 59 49 by
1530 3924 156 49 Georg
1728 3925 354 43 Kaiser.—The
2124 3926 235 42 machine-
