2505 4370
1113 3996 101 55 447

211 457 1192 56 6 p. l., 282 p., 1 l. incl. front., plates. 22½ ᶜᵐ .
213 521 163 40 “First
398 517 229 43 edition.”

150 591 51 51 ©
231 594 121 39 Mar.
381 592 69 48 18,
479 591 142 47 1931;
651 589 67 42 2c.
747 590 122 40 Mar.
899 588 82 47 19;
1013 588 82 41 aff.
1126 589 122 38 Mar.
1277 586 84 47 26;
1392 586 40 40 A
1461 585 171 48 35559;
1666 587 61 41 H.
1757 588 64 39 M.
1850 584 296 48 Tomlinson,

219 650 45 42 S.
296 649 234 48 Croyden,
564 647 193 48 Surrey,
790 646 237 48 England.
1097 644 281 48 (31-26705)

146 773 253 63 Ullman,
430 773 128 61 Roy
586 770 245 55 Roland.

211 846 120 53 The
368 843 328 72 prognostic
732 843 167 54 value
934 842 65 55 of
1034 841 214 55 certain
1287 841 213 54 factors
1536 841 213 53 related
1785 848 58 47 to
1879 841 267 70 teaching

141 918 2002 75 success, by Roy Roland Ullman … Ashland, O., The A. L.
142 1001 219 55 Garber
393 1018 97 53 co.,
524 1002 149 51 1931.

217 1081 757 52 3 p. l., ix-xiv, 133 p. 23½ ᶜᵐ .
217 1154 172 41 Thesis
416 1154 15 48 (PH.
608 1152 368 48 D.)—University
1004 1151 52 41 of
1084 1150 262 49 Michigan.

218 1211 377 48 Bibliography:
626 1220 43 37 p.
699 1208 217 41 126-133.

154 1280 51 51 ©
230 1284 121 39 Mar.
375 1283 70 46 18,
468 1282 113 40 1931;
635 1280 66 41 2c.
726 1281 96 40 and
846 1280 82 41 aff.
954 1281 121 39 Mar.
1100 1279 55 40 23;
1208 1279 41 39 A
1273 1278 145 41 34999;
1467 1279 56 42 R.
1542 1279 56 41 R.
1617 1280 209 47 Ullman,
1846 1279 233 47 Ashland,
2099 1280 54 42 O.

232 1338 250 50 (31-7779)

149 1462 387 64 Underwood,
568 1460 220 64 Joseph
818 1459 362 64 Younglove,
1215 1464 171 49 1880-

220 1538 398 57 Constructive
644 1544 255 47 contract
922 1537 202 68 bridge;
1181 1556 32 33 a
1239 1537 277 67 complete
1543 1537 250 69 analysis
1818 1537 64 53 of
1903 1537 248 71 bidding

151 1618 113 52 and
303 1617 154 68 play,
496 1616 230 52 written
767 1616 93 53 for
898 1615 158 52 those
1095 1614 229 70 players
1364 1615 127 52 who
1530 1614 183 54 desire
1751 1619 58 48 to
1847 1616 168 53 know
2054 1617 96 52 the

151 1695 132 69 why
322 1695 64 52 of
427 1694 96 53 the
562 1713 180 50 game,
781 1692 76 71 by
897 1694 54 54 J.
996 1693 71 53 Y.
1110 1692 382 56 Underwood.
1568 1693 139 53 New
1748 1694 180 70 York,
1969 1696 67 53 R.
2081 1696 68 54 R.

153 1772 208 69 Smith,
389 1773 125 66 inc.,
544 1775 150 50 1931.

222 1853 86 40 xxi
334 1865 58 37 p.,
420 1855 24 38 1
506 1884 9 16 l.,
539 1853 89 41 378
651 1864 43 37 p.
758 1852 145 41 21½ᶜᵐ.

225 1923 129 40 “The
386 1924 122 39 laws
540 1922 52 41 of
624 1924 219 39 contract
875 1921 181 49 bridge,
1091 1921 249 49 reprinted
1373 1922 62 48 by
1468 1922 287 49 permission
1789 1923 53 41 of
1877 1924 80 40 the
1993 1924 161 42 Whist

153 1979 138 41 club”:
349 1991 43 37 p.
425 1979 248 50 [331]-362.

160 2047 51 51 ©
244 2051 121 40 Mar.
394 2050 41 48 9,
466 2048 141 48 1931;
639 2049 67 42 2c.
738 2050 94 39 and
863 2049 82 41 aff.
977 2050 121 41 Mar.
1131 2050 80 46 10;
1246 2049 42 40 A
1317 2049 171 47 35182;
1524 2049 215 42 Richard
1772 2052 54 39 R.
1863 2050 169 48 Smith,
2065 2051 93 43 inc.

237 2107 250 48 (31-7936)

155 2217 71 53 U.
253 2217 56 53 S.
385 2219 278 66 Supreme
692 2225 174 47 court.

287 2294 1870 70 … Official reports … v. 282 U. S. Pages 129 to 480.
158 2372 285 69 Opinions
476 2373 154 53 from
663 2373 317 53 November
1011 2377 84 64 24,
1128 2377 136 49 1930
1294 2378 59 48 to
1386 2375 111 52 and
1532 2373 299 70 including
1864 2375 298 69 February

159 2455 49 65 2,
254 2455 131 49 1931
432 2453 112 52 and
588 2452 367 52 memoranda
997 2452 63 53 of
1103 2471 151 34 cases
1298 2451 234 54 decided
1576 2452 140 52 with
1761 2454 113 52 and
1918 2452 243 54 without

159 2529 235 68 opinion
425 2531 151 51 from
605 2529 262 69 January
898 2533 47 66 6,
977 2533 131 48 1931
1139 2535 57 47 to
1226 2531 113 51 and
1369 2529 299 69 including
1695 2531 202 51 March
1928 2534 49 66 2,
2010 2534 150 50 1931.

164 2608 290 66 [Advance
496 2608 181 52 sheets
720 2607 224 54 service.
1020 2607 292 68 Reprints]
1393 2608 137 52 New
1572 2609 180 69 York,
1793 2610 69 51 N.
1906 2609 91 69 Y.,
2040 2610 122 54 The

159 2685 1230 71 Banks law publishing company [ ᶜ19 31]
233 2765 690 50 cover-title, [112] p. 26 ᶜᵐ .
166 2833 51 52 ©
246 2837 114 48 Apr.
389 2837 70 48 13,
487 2836 113 41 1931;
659 2835 67 43 2c.
756 2836 95 40 and
880 2835 81 42 aff.
992 2836 112 49 Apr.
1134 2836 55 41 15;
1248 2836 42 40 A
1318 2836 143 43 36483;
1522 2838 169 41 Banks
1717 2839 96 40 law
1843 2838 109 50 pub.
1982 2850 69 30 co.

166 2960 243 67 [Vlasto,
440 2959 154 54 John
624 2959 354 69 Alexander]
1016 2960 171 55 1877-

155 3034 1983 131 Sea gold, by John Remenham [pseud .] … London, Skeffington
283 3115 45 49 &
357 3131 118 50 son,
507 3111 102 54 ltd.
646 3115 173 66 [1931]

229 3194 29 41 3
280 3206 45 38 p.
389 3226 9 17 l.,
427 3193 154 42 xi-xii
606 3206 57 37 p.,
691 3196 26 39 1
778 3227 9 15 l.,
814 3195 175 42 17-288
1015 3206 43 39 p.
1118 3195 146 43 19½ᶜᵐ.

169 3264 1996 56 © 1c. Mar. 24, 1931; A ad int. 14876; pubd. Jan. 24; J. A. Vlasto, Purley,
239 3324 193 48 Surrey,
464 3324 235 47 England.
770 3324 249 48 (31-8811)

164 3430 232 65 Verrill,
429 3431 265 63 Alpheus
727 3433 211 64 Hyatt,
972 3434 171 55 1871-

237 3508 191 55 Secret
471 3513 278 64 treasure;
796 3510 212 53 hidden
1050 3510 181 55 riches
1276 3513 64 51 of
1381 3513 95 52 the
1519 3512 222 54 British
1784 3513 148 68 isles,
1974 3514 72 68 by
2089 3514 71 53 A.

165 3586 1974 145 Hyatt Verrill … New York, London, D. Appleton and company,
368 3666 149 50 1931.

238 3742 1075 52 5 p. l., 251, [1] p. front., plates. 21½ ᶜᵐ .
240 3812 302 49 Tail-pieces.

175 3878 51 53 ©
254 3884 120 39 Mar.
402 3883 70 48 20,
499 3882 112 43 1931;
667 3884 67 43 2c.
761 3887 95 39 and
884 3886 81 41 aff.
993 3888 120 40 Mar.
1142 3888 54 39 23;
1254 3888 42 39 A
1321 3888 144 41 36017;
1523 3889 56 41 D.
1608 3888 239 50 Appleton
1874 3890 36 42 &
1936 3902 67 31 co.

254 3940 249 48 (31-7935)
