2505 4370
1288 4061 100 53 572

329 412 377 66 Moorehead,
736 413 249 54 Warren
1016 411 178 67 King,
1227 418 173 50 1866-

461 489 1886 70 … Archaeology of the Arkansas river valley, by Warren
327 568 164 71 King
530 568 368 73 Moorehead,
939 568 139 53 with
1120 569 471 69 supplementary
1632 587 206 50 papers
1881 587 73 34 on
1992 569 98 54 the
326 568 1998 133 prehistoric

512 647 249 53 cultures
799 646 65 54 of
904 646 344 70 Oklahoma,
1285 647 76 69 by
1396 647 219 69 Joseph
1657 649 66 51 B.
1764 647 296 68 Thoburn,
2101 649 113 52 and
2251 648 97 53 the

325 725 365 68 exploration
744 724 65 55 of
862 726 211 54 Jacobs
1127 744 225 51 cavern,
1405 726 75 69 by
1534 725 239 55 Charles
1827 726 289 70 Peabody.
2210 727 139 53 New

327 804 227 68 Haven,
588 804 144 53 Pub.
771 802 94 54 for
899 805 96 52 the
1030 805 157 67 Dept.
1238 803 66 54 of
1338 805 396 68 archaeology,
1769 805 254 69 Phillips
2060 807 290 68 academy,

326 883 293 68 Andover,
665 883 192 68 Mass.,
903 882 76 70 by
1024 884 98 52 the
1169 883 147 52 Yale
1363 883 319 69 university
1729 902 185 49 press;
1963 884 262 72 London,
2269 885 78 53 H.

325 959 270 71 Milford,
625 960 233 56 Oxford
887 961 320 69 university
1237 979 177 50 press,
1445 963 151 52 1931.

397 1043 1950 52 2 p. l., [iii]-x, 204 p., 1 l. incl. illus., plates, maps (part double) 28ᶜᵐ.
397 1103 64 39 At
496 1102 126 40 head
656 1101 52 40 of
742 1101 109 41 title
869 1112 9 29 :
915 1101 323 48 Department
1273 1100 52 41 of
1358 1101 336 49 archaeology,
1732 1103 208 49 Phillips
1973 1104 248 49 academy,
324 1107 2006 100 Andover,
520 1159 404 40 Massachusetts.

398 1214 258 51 Appendix
689 1216 235 48 preceded
960 1215 59 48 by
1054 1215 240 41 half-title
1327 1218 84 38 not
1445 1215 224 41 included
1708 1216 49 40 in
1793 1218 81 39 the
1909 1217 177 49 paging
2130 1219 49 48 (1
2213 1220 126 47 leaf)

399 1274 132 40 “The
565 1273 309 48 exploration
910 1272 52 40 of
997 1272 178 40 Jacobs
1209 1283 194 37 cavern,
1441 1274 272 40 McDonald
1749 1276 194 47 county,
1983 1276 230 40 Missouri
2270 1277 59 48 [by]

326 1331 207 42 Charles
568 1331 227 47 Peabody
831 1331 97 39 and
964 1331 71 40 W.
1072 1331 59 40 K.
1168 1330 325 40 Moorehead”
1540 1332 67 48 (p.
1648 1330 260 51 [151-198])
1952 1343 102 29 was
2091 1334 256 47 published

326 1385 2021 54 in 1904 as Bulletin I of the Dept. of archaeology, Phillips academy, and
326 1446 42 41 is
394 1445 251 49 reprinted
672 1444 120 41 with
817 1444 210 47 original
1054 1446 97 46 t.-p.
1178 1445 98 39 and
1303 1444 299 49 pagination.

399 1502 354 49 Bibliography
770 1513 9 29 :
810 1512 43 38 p.
885 1501 251 50 [147]-150.

331 1570 51 53 ©
420 1575 115 48 Apr.
568 1575 40 48 3,
644 1573 114 42 1931
777 1585 9 36 ;
823 1573 67 42 2c.
926 1574 115 47 Apr.
1077 1575 53 37 11
1150 1584 9 37 ;
1228 1572 52 42 aff.
1316 1573 114 48 Apr.
1467 1573 56 40 10
1540 1584 8 37 ;
1587 1574 42 39 A
1661 1573 146 42 35694
1825 1584 9 39 ;
1874 1575 119 41 Yale
2031 1576 130 41 univ.
2199 1587 149 38 press.

409 1631 254 51 (31-9839)

324 1730 269 64 Murray,
627 1727 214 55 Alfred
874 1727 290 65 Lefurgy,
1201 1731 172 51 1900-

397 1811 124 52 The
554 1808 373 69 evangelistic
958 1806 440 70 congregation;
1434 1827 31 34 a
1497 1807 154 54 brief
1682 1809 95 53 for
1809 1809 74 54 its
1915 1828 97 35 use
2045 1811 113 52 and
2192 1829 32 34 a

327 1811 2021 146 description of its method, by Rev. Alfred L. Murray … foreword
328 1963 2021 75 by Dr. A. W. Beaven … St. Louis, Mo., The Bethany press
408 2050 120 64 ] ᶜ1 931 ]
393 2123 530 51 187 p. illus. 20 ᶜᵐ .
331 2189 52 58 ©
409 2200 123 39 Mar.
557 2197 69 49 23,
653 2195 112 42 1931
786 2207 8 37 ;
822 2197 66 40 2c.
916 2197 95 39 and
1036 2194 83 42 aff.
1144 2195 115 49 Apr.
1286 2195 54 40 13
1359 2206 8 36 ;
1397 2195 39 39 A
1460 2195 145 41 35733
1624 2206 8 36 ;
1661 2195 54 41 A.
1743 2196 50 42 L.
1820 2196 217 49 Murray,
2066 2197 280 46 Rochester,

397 2257 57 41 N.
487 2256 53 40 Y.
612 2253 282 50 (31-10057)

326 2349 285 56 National
641 2348 321 55 industrial
992 2347 352 55 conference
1376 2347 201 56 board.

393 2427 338 71 Budgetary
767 2425 218 54 control
1020 2424 60 54 in
1118 2423 475 69 manufacturing
1629 2424 281 71 industry.
1987 2424 138 56 New
2165 2425 180 72 York,

322 2505 274 57 National
623 2504 309 54 industrial
961 2503 331 55 conference
1318 2502 197 71 board,
1543 2502 127 69 inc.,
1701 2506 152 51 1931.

394 2584 722 51 xiii, 180 p. diagrs. 23½ ᶜᵐ .
331 2658 51 53 ©
413 2663 115 48 Apr.
558 2662 40 48 3,
629 2659 141 48 1931;
803 2660 67 41 2c.
901 2660 96 39 and
1027 2658 82 41 aff.
1142 2659 114 47 Apr.
1288 2658 81 47 13;
1403 2658 41 38 A
1473 2657 171 48 36443;
1679 2657 235 41 National
1943 2657 268 41 industrial
397 2668 1932 92 conference
628 2720 165 47 board,
830 2718 91 40 inc.
992 2714 253 51 (31-9641)

326 2812 271 66 O’Brien,
623 2812 257 55 Edward
904 2811 222 65 Joseph
1149 2809 394 66 Harrington,
1571 2814 171 51 1890-
1956 2809 85 56 ed.

396 2896 124 52 The
565 2892 352 69 twenty-five
960 2891 166 54 finest
1170 2892 162 52 short
1375 2890 219 70 stories,
1637 2890 189 54 edited
1871 2890 75 70 by
1993 2890 254 53 Edward
2293 2890 54 54 J.

327 2973 270 56 O’Brien.
673 2972 139 53 New
843 2970 180 69 York,
1051 2970 67 53 R.
1148 2970 68 52 R.
1249 2969 209 69 Smith,
1486 2968 127 70 inc.,
1643 2972 149 49 1931.

396 3049 567 51 5 p. l., 513 p. 21½ ᶜᵐ .
331 3108 51 53 ©
414 3113 114 47 Apr.
558 3110 69 49 20,
659 3109 114 41 1931
792 3120 8 36 ;
833 3109 67 41 2c.
932 3110 94 38 and
1058 3107 69 40 aff.
1171 3108 114 47 Apr.
1317 3107 55 39 21
1391 3117 8 37 ;
1434 3106 39 39 A
1503 3105 144 42 35932
1666 3117 8 31 ;
1710 3106 216 41 Richard
1959 3106 55 42 R.
2049 3104 158 43 Smith.
2255 3106 90 39 inc.

409 3168 282 51 (31-10084)

326 3261 440 65 Ossendowski,
800 3260 357 64 Ferdynand
1188 3259 246 63 Antoni,
1468 3259 171 55 1876-

393 3331 1886 77 Lenin, god of the godless, by Ferdinand A. Ossendowski …
322 3417 317 56 translated
665 3416 151 53 from
840 3415 97 55 the
962 3412 199 55 Polish
1185 3413 75 70 by
1285 3412 260 70 Gregory
1568 3411 364 54 Macdonald.
1996 3410 139 54 New
2165 3409 177 69 York,

323 3497 68 53 E.
420 3496 64 53 P.
515 3495 222 55 Dutton
763 3495 45 51 &
834 3512 100 51 co.,
958 3491 128 72 inc.,
1115 3494 150 51 1931.

396 3573 639 53 3 p. l., 3-419 p. 22½ ᶜᵐ .
332 3634 51 52 ©
419 3638 112 48 Apr.
564 3638 40 47 7,
638 3634 106 41 1931
769 3646 9 36 ;
813 3634 66 41 2c.
913 3634 95 39 and
1042 3631 82 41 aff.
1157 3631 114 48 Apr.
1304 3629 53 48 9;
1394 3631 39 38 A
1466 3629 171 48 35650;
1674 3631 53 40 E.
1760 3630 49 40 P.
1845 3629 188 40 Dutton
2067 3629 38 40 &
2138 3638 66 31 co.,
2254 3628 89 38 inc.

412 3694 253 50 (31-9796)

327 3790 174 63 Peck,
534 3789 279 53 Florence
845 3788 61 54 C.

397 3866 50 51 A
496 3865 240 70 journey
781 3863 60 53 in
886 3860 194 56 search
1125 3860 65 55 of
1236 3877 104 36 our
1385 3858 193 69 selves,
1624 3858 74 71 by
1746 3856 270 53 Florence
2063 3854 61 55 C.
2172 3851 167 54 Peck.

324 3944 138 55 New
493 3943 180 69 York,
699 3941 170 55 Lucis
899 3938 335 72 publishing
1263 3954 296 54 company,
1590 3938 149 50 1930.
