<alto xmlns="http://www.loc.gov/standards/alto/ns-v3#" xmlns:xlink="http://www.w3.org/1999/xlink" xmlns:xsi="http://www.w3.org/2001/XMLSchema-instance" xsi:schemaLocation="http://www.loc.gov/standards/alto/ns-v3# http://www.loc.gov/alto/v3/alto-3-0.xsd"><Description>
<MeasurementUnit>pixel</MeasurementUnit>
<sourceImageInformation>
<fileName>1931_v28_Part001.pdf</fileName>
</sourceImageInformation>
<OCRProcessing ID="IdOcr">
<ocrProcessingStep>
<processingDateTime>2019-04-22</processingDateTime>
<processingSoftware>
<softwareCreator>ABBYY</softwareCreator>
<softwareName>ABBYY Recognition Server</softwareName>
<softwareVersion>4.0</softwareVersion>
</processingSoftware>
</ocrProcessingStep>
</OCRProcessing>
</Description>
<Styles>
<ParagraphStyle ID="StyleId-FFFFFFFF-FFFF-FFFF-FFFF-FFFFFFFFFFFF-" ALIGN="Left" LEFT="0." RIGHT="0." FIRSTLINE="0."/>
<ParagraphStyle ID="StyleId-204B5AEB-67A1-44E2-A013-34B3A0F3E0EA-" ALIGN="Right" LEFT="0." RIGHT="0." FIRSTLINE="0." LINESPACE="8.300000191"/>
<ParagraphStyle ID="StyleId-03245871-796C-4429-B3C7-F9019C8C5B89-" ALIGN="Left" LEFT="0." RIGHT="0." FIRSTLINE="0." LINESPACE="12.19999981"/>
<ParagraphStyle ID="StyleId-BDCA8811-25FF-44DB-8D6F-2072A4ABC070-" ALIGN="Center" LEFT="0." RIGHT="0." FIRSTLINE="0." LINESPACE="12.19999981"/>
<ParagraphStyle ID="StyleId-2C5B7DF0-AF87-455E-B9A8-6FE387CB59BD-" ALIGN="Left" LEFT="0." RIGHT="0." FIRSTLINE="-13." LINESPACE="8.479999542"/>
<ParagraphStyle ID="StyleId-9FB72FA1-55D5-4161-8333-823D5732F4D0-" ALIGN="Block" LEFT="0." RIGHT="0." FIRSTLINE="-14." LINESPACE="10."/>
<ParagraphStyle ID="StyleId-212AEB8C-A829-4BF1-8E45-5BFE386A469C-" ALIGN="Block" LEFT="0." RIGHT="0." FIRSTLINE="-14." LINESPACE="11.35000038"/>
<ParagraphStyle ID="StyleId-4EC79CC1-EA62-49CE-ABB6-D84DDFCF4C7D-" ALIGN="Block" LEFT="0." RIGHT="0." FIRSTLINE="-10." LINESPACE="12.19999981"/>
<ParagraphStyle ID="StyleId-DAF2E8EE-6444-4951-9284-36A6C020C887-" ALIGN="Left" LEFT="0." RIGHT="0." FIRSTLINE="0." LINESPACE="9.399999619"/>
<ParagraphStyle ID="StyleId-25241749-1672-4977-B19F-38F59800D6D8-" ALIGN="Left" LEFT="0." RIGHT="0." FIRSTLINE="0." LINESPACE="11.10000038"/>
<ParagraphStyle ID="StyleId-8C523E19-EDEF-4F23-B010-536E1A1AAE1A-" ALIGN="Left" LEFT="0." RIGHT="0." FIRSTLINE="-13." LINESPACE="12.19999981"/>
<ParagraphStyle ID="StyleId-A1F9DE9E-2625-4D8B-AD7E-F0A0034C2989-" ALIGN="Block" LEFT="0." RIGHT="0." FIRSTLINE="0." LINESPACE="12.19999981"/>
<ParagraphStyle ID="StyleId-5725BB01-2B1C-440F-BAF2-696C4F4DF162-" ALIGN="Block" LEFT="0." RIGHT="0." FIRSTLINE="13." LINESPACE="12.19999981"/>
<ParagraphStyle ID="StyleId-F10A2092-61AA-44FD-99C2-123B3A8051CF-" ALIGN="Left" LEFT="0." RIGHT="0." FIRSTLINE="0." LINESPACE="5.5"/>
<ParagraphStyle ID="StyleId-B3CDC8CC-D2E1-4A23-B67C-CDD40993D1DD-" ALIGN="Left" LEFT="0." RIGHT="0." FIRSTLINE="0." LINESPACE="10."/>
<ParagraphStyle ID="StyleId-871EBF53-D909-4C8F-B368-AC7D897344DD-" ALIGN="Left" LEFT="0." RIGHT="0." FIRSTLINE="0."/>
<ParagraphStyle ID="StyleId-C4129744-680B-4878-B2C4-44BA3742C8D7-" ALIGN="Block" LEFT="0." RIGHT="0." FIRSTLINE="-14." LINESPACE="11.35000038"/>
<ParagraphStyle ID="StyleId-9CE98075-0B04-43D4-88D8-CE3BAB51B419-" ALIGN="Block" LEFT="0." RIGHT="0." FIRSTLINE="-10." LINESPACE="12.19999981"/>
<ParagraphStyle ID="StyleId-B2CFB7B3-DFFA-4E0E-94D6-C2BCE88DA9A9-" ALIGN="Left" LEFT="0." RIGHT="0." FIRSTLINE="0." LINESPACE="12.5"/>
<ParagraphStyle ID="StyleId-8D3352F3-1084-4DDE-A35D-B97102CCE686-" ALIGN="Left" LEFT="0." RIGHT="0." FIRSTLINE="0." LINESPACE="11.60000038"/>
<ParagraphStyle ID="StyleId-4A8DDA0D-166D-4E22-A597-BA51B892602D-" ALIGN="Block" LEFT="0." RIGHT="0." FIRSTLINE="0." LINESPACE="11.21000004"/>
<ParagraphStyle ID="StyleId-90EA4001-AA3C-45A1-AEDC-D1E1169EE5E5-" ALIGN="Block" LEFT="0." RIGHT="0." FIRSTLINE="13." LINESPACE="12.19999981"/>
</Styles>
<Layout>
<Page ID="Page797" PHYSICAL_IMG_NR="797" HEIGHT="4370" WIDTH="2505">
<TopMargin HEIGHT="314" WIDTH="2505" VPOS="0" HPOS="0">
</TopMargin>
<LeftMargin HEIGHT="3658" WIDTH="68" VPOS="314" HPOS="0">
</LeftMargin>
<RightMargin HEIGHT="3658" WIDTH="401" VPOS="314" HPOS="2104">
</RightMargin>
<BottomMargin HEIGHT="398" WIDTH="2505" VPOS="3972" HPOS="0">
<TextBlock ID="Page797_Block1" HEIGHT="163" WIDTH="405" VPOS="3977" HPOS="902" LANG="en-US" STYLEREFS="StyleId-9AEE741F-2804-43E6-B94C-EB5A8E592ADE-">
<TextLine HEIGHT="57" WIDTH="103" VPOS="3993" HPOS="1032">
<String CONTENT="797" HEIGHT="57" WIDTH="103" VPOS="3993" HPOS="1032"/>
</TextLine>
</TextBlock>
</BottomMargin>
<PrintSpace HEIGHT="3658" WIDTH="2036" VPOS="314" HPOS="68">
<TextBlock ID="Page797_Block2" HEIGHT="3658" WIDTH="2036" VPOS="314" HPOS="68" CS="1" STYLEREFS="StyleId-6773BABF-54F7-4864-9BBE-BACE2FB018CC-">
<TextLine HEIGHT="66" WIDTH="543" VPOS="359" HPOS="81" STYLEREFS="StyleId-A2BBE2D9-7DD4-4627-ADFC-45F73CAF0081-">
<String LANG="fr" CONTENT="Rathbone," HEIGHT="66" WIDTH="330" VPOS="359" HPOS="81"/>
<SP HEIGHT="66" WIDTH="29" VPOS="359" HPOS="412"/>
<String LANG="en-US" CONTENT="Lucy." HEIGHT="62" WIDTH="182" VPOS="359" HPOS="442"/>
</TextLine>
<TextLine HEIGHT="74" WIDTH="1933" VPOS="427" HPOS="149" STYLEREFS="StyleId-40C3D49B-4D64-43AB-BABE-3E16F5DC816D-" LANG="en-US" CS="1">
<String CONTENT="Fabrics" HEIGHT="53" WIDTH="237" VPOS="435" HPOS="149"/>
<SP HEIGHT="34" WIDTH="46" VPOS="454" HPOS="387"/>
<String CONTENT="and" HEIGHT="52" WIDTH="113" VPOS="435" HPOS="434"/>
<SP HEIGHT="52" WIDTH="48" VPOS="435" HPOS="548"/>
<String CONTENT="dress," HEIGHT="52" WIDTH="173" VPOS="435" HPOS="597"/>
<SP HEIGHT="55" WIDTH="44" VPOS="432" HPOS="771"/>
<String CONTENT="by" HEIGHT="69" WIDTH="76" VPOS="432" HPOS="816"/>
<SP HEIGHT="69" WIDTH="45" VPOS="432" HPOS="893"/>
<String CONTENT="Lucy" HEIGHT="67" WIDTH="159" VPOS="432" HPOS="939"/>
<SP HEIGHT="68" WIDTH="48" VPOS="431" HPOS="1099"/>
<String CONTENT="Rathbone" HEIGHT="53" WIDTH="303" VPOS="429" HPOS="1148"/>
<SP HEIGHT="33" WIDTH="52" VPOS="449" HPOS="1452"/>
<String CS="1" CONTENT="&#8230;"/>
<SP HEIGHT="33" WIDTH="53" VPOS="447" HPOS="1562"/>
<String CONTENT="and" HEIGHT="53" WIDTH="113" VPOS="428" HPOS="1616"/>
<SP HEIGHT="53" WIDTH="50" VPOS="428" HPOS="1730"/>
<String CONTENT="Elizabeth" HEIGHT="53" WIDTH="301" VPOS="427" HPOS="1781"/>
</TextLine>
<TextLine HEIGHT="156" WIDTH="1981" VPOS="504" HPOS="79" STYLEREFS="StyleId-40C3D49B-4D64-43AB-BABE-3E16F5DC816D-" LANG="en-US" CS="1">
<String CONTENT="Tarpley" HEIGHT="68" WIDTH="252" VPOS="514" HPOS="79"/>
<SP HEIGHT="51" WIDTH="38" VPOS="531" HPOS="332"/>
<String CS="1" CONTENT="&#8230;"/>
<SP HEIGHT="52" WIDTH="75" VPOS="512" HPOS="429"/>
<String CONTENT="Boston," HEIGHT="67" WIDTH="235" VPOS="512" HPOS="505"/>
<SP HEIGHT="69" WIDTH="35" VPOS="510" HPOS="741"/>
<String CONTENT="New" HEIGHT="52" WIDTH="139" VPOS="510" HPOS="777"/>
<SP HEIGHT="52" WIDTH="34" VPOS="509" HPOS="917"/>
<String CONTENT="York" HEIGHT="54" WIDTH="165" VPOS="507" HPOS="952"/>
<SP HEIGHT="68" WIDTH="39" VPOS="507" HPOS="1118"/>
<String CS="1" CONTENT="[etc.]" HEIGHT="61" WIDTH="120" VPOS="513" HPOS="1176"/>
<SP HEIGHT="67" WIDTH="41" VPOS="507" HPOS="1297"/>
<String CONTENT="Houghton" HEIGHT="69" WIDTH="321" VPOS="506" HPOS="1339"/>
<SP HEIGHT="53" WIDTH="33" VPOS="504" HPOS="1661"/>
<String CONTENT="Mifflin" HEIGHT="53" WIDTH="205" VPOS="504" HPOS="1695"/>
<SP HEIGHT="35" WIDTH="35" VPOS="522" HPOS="1901"/>
<String CONTENT="company" HEIGHT="138" WIDTH="1981" VPOS="522" HPOS="79"/>
<SP HEIGHT="50" WIDTH="36" VPOS="610" HPOS="236"/>
<String CS="1" CONTENT="[&#7580;1931]" HEIGHT="63" WIDTH="153" VPOS="593" HPOS="314"/>
</TextLine>
<TextLine HEIGHT="55" WIDTH="1937" VPOS="662" HPOS="149" LANG="en-US" CS="1">
<String CONTENT="xiii," HEIGHT="46" WIDTH="101" VPOS="671" HPOS="149"/>
<SP HEIGHT="47" WIDTH="53" VPOS="670" HPOS="251"/>
<String CONTENT="430" HEIGHT="42" WIDTH="86" VPOS="669" HPOS="305"/>
<SP HEIGHT="48" WIDTH="51" VPOS="669" HPOS="392"/>
<String CONTENT="p." HEIGHT="37" WIDTH="43" VPOS="680" HPOS="444"/>
<SP HEIGHT="40" WIDTH="61" VPOS="669" HPOS="488"/>
<String CONTENT="illus." HEIGHT="40" WIDTH="127" VPOS="669" HPOS="550"/>
<SP HEIGHT="40" WIDTH="59" VPOS="668" HPOS="678"/>
<String CS="1" CONTENT="19&#189;&#7580;&#7504;." HEIGHT="41" WIDTH="146" VPOS="668" HPOS="738"/>
<SP HEIGHT="48" WIDTH="69" VPOS="667" HPOS="885"/>
<String CONTENT="(Half-title:" HEIGHT="49" WIDTH="302" VPOS="666" HPOS="955"/>
<SP HEIGHT="42" WIDTH="53" VPOS="665" HPOS="1258"/>
<String CONTENT="Riverside" HEIGHT="41" WIDTH="256" VPOS="664" HPOS="1312"/>
<SP HEIGHT="40" WIDTH="53" VPOS="665" HPOS="1569"/>
<String CONTENT="home" HEIGHT="38" WIDTH="141" VPOS="665" HPOS="1623"/>
<SP HEIGHT="31" WIDTH="50" VPOS="673" HPOS="1765"/>
<String CONTENT="economics" HEIGHT="42" WIDTH="270" VPOS="662" HPOS="1816"/>
</TextLine>
<TextLine HEIGHT="48" WIDTH="175" VPOS="727" HPOS="79" LANG="en-US">
<String CONTENT="series)" HEIGHT="48" WIDTH="175" VPOS="727" HPOS="79"/>
</TextLine>
<TextLine HEIGHT="56" WIDTH="1935" VPOS="774" HPOS="151" LANG="en-US">
<String CONTENT="&#8220;Suggested" HEIGHT="48" WIDTH="296" VPOS="782" HPOS="151"/>
<SP HEIGHT="39" WIDTH="33" VPOS="782" HPOS="448"/>
<String CONTENT="references&#8221;" HEIGHT="43" WIDTH="301" VPOS="779" HPOS="482"/>
<SP HEIGHT="41" WIDTH="33" VPOS="779" HPOS="784"/>
<String CONTENT="at" HEIGHT="38" WIDTH="51" VPOS="782" HPOS="818"/>
<SP HEIGHT="38" WIDTH="32" VPOS="782" HPOS="870"/>
<String CONTENT="end" HEIGHT="39" WIDTH="90" VPOS="780" HPOS="903"/>
<SP HEIGHT="39" WIDTH="34" VPOS="780" HPOS="994"/>
<String CONTENT="of" HEIGHT="40" WIDTH="54" VPOS="778" HPOS="1029"/>
<SP HEIGHT="39" WIDTH="29" VPOS="778" HPOS="1084"/>
<String CONTENT="most" HEIGHT="39" WIDTH="126" VPOS="780" HPOS="1114"/>
<SP HEIGHT="38" WIDTH="34" VPOS="780" HPOS="1241"/>
<String CONTENT="of" HEIGHT="41" WIDTH="54" VPOS="777" HPOS="1276"/>
<SP HEIGHT="41" WIDTH="28" VPOS="777" HPOS="1331"/>
<String CONTENT="the" HEIGHT="40" WIDTH="84" VPOS="778" HPOS="1360"/>
<SP HEIGHT="31" WIDTH="33" VPOS="787" HPOS="1445"/>
<String CONTENT="chapters;" HEIGHT="48" WIDTH="253" VPOS="776" HPOS="1479"/>
<SP HEIGHT="47" WIDTH="39" VPOS="775" HPOS="1733"/>
<String CONTENT="&#8220;Additional" HEIGHT="41" WIDTH="313" VPOS="774" HPOS="1773"/>
</TextLine>
<TextLine HEIGHT="52" WIDTH="913" VPOS="835" HPOS="81" LANG="en-US" CS="1">
<String CONTENT="references" HEIGHT="40" WIDTH="270" VPOS="839" HPOS="81"/>
<SP HEIGHT="39" WIDTH="29" VPOS="839" HPOS="352"/>
<String CONTENT="for" HEIGHT="39" WIDTH="80" VPOS="839" HPOS="382"/>
<SP HEIGHT="38" WIDTH="25" VPOS="840" HPOS="463"/>
<String CS="1" CONTENT="teachers&#8221;:" HEIGHT="43" WIDTH="251" VPOS="835" HPOS="489"/>
<SP HEIGHT="38" WIDTH="31" VPOS="846" HPOS="769"/>
<String CONTENT="p." HEIGHT="38" WIDTH="43" VPOS="846" HPOS="801"/>
<SP HEIGHT="31" WIDTH="34" VPOS="856" HPOS="845"/>
<String CONTENT="[417]" HEIGHT="52" WIDTH="114" VPOS="835" HPOS="880"/>
</TextLine>
<TextLine HEIGHT="105" WIDTH="1980" VPOS="888" HPOS="90" LANG="en-US" CS="1">
<String CONTENT="&#169;" HEIGHT="52" WIDTH="51" VPOS="892" HPOS="90"/>
<SP HEIGHT="52" WIDTH="28" VPOS="892" HPOS="142"/>
<String CONTENT="May" HEIGHT="46" WIDTH="114" VPOS="898" HPOS="171"/>
<SP HEIGHT="47" WIDTH="26" VPOS="897" HPOS="286"/>
<String CONTENT="13," HEIGHT="46" WIDTH="67" VPOS="897" HPOS="313"/>
<SP HEIGHT="47" WIDTH="28" VPOS="896" HPOS="381"/>
<String CS="1" CONTENT="1931;" HEIGHT="40" WIDTH="113" VPOS="895" HPOS="410"/>
<SP HEIGHT="46" WIDTH="27" VPOS="896" HPOS="552"/>
<String CONTENT="2c." HEIGHT="39" WIDTH="67" VPOS="896" HPOS="580"/>
<SP HEIGHT="29" WIDTH="28" VPOS="906" HPOS="648"/>
<String CONTENT="and" HEIGHT="39" WIDTH="95" VPOS="895" HPOS="677"/>
<SP HEIGHT="39" WIDTH="27" VPOS="895" HPOS="773"/>
<String CONTENT="aff." HEIGHT="41" WIDTH="82" VPOS="893" HPOS="801"/>
<SP HEIGHT="39" WIDTH="27" VPOS="895" HPOS="884"/>
<String CONTENT="May" HEIGHT="45" WIDTH="113" VPOS="895" HPOS="912"/>
<SP HEIGHT="45" WIDTH="28" VPOS="895" HPOS="1026"/>
<String CS="1" CONTENT="18;" HEIGHT="39" WIDTH="57" VPOS="893" HPOS="1055"/>
<SP HEIGHT="45" WIDTH="29" VPOS="893" HPOS="1137"/>
<!-- cceid E8EAF59F-6E8D-1014-9CF5-AEB3FCA41D69 --><String CONTENT="A" HEIGHT="38" WIDTH="44" VPOS="893" HPOS="1167"/>
<SP HEIGHT="41" WIDTH="24" VPOS="892" HPOS="1212"/>
<String CS="1" CONTENT="37361;" HEIGHT="41" WIDTH="145" VPOS="892" HPOS="1237"/>
<SP HEIGHT="48" WIDTH="30" VPOS="891" HPOS="1411"/>
<String CONTENT="L." HEIGHT="39" WIDTH="51" VPOS="891" HPOS="1442"/>
<SP HEIGHT="38" WIDTH="28" VPOS="891" HPOS="1494"/>
<String CONTENT="Rathbone" HEIGHT="41" WIDTH="257" VPOS="890" HPOS="1523"/>
<SP HEIGHT="30" WIDTH="27" VPOS="900" HPOS="1781"/>
<String CONTENT="and" HEIGHT="40" WIDTH="96" VPOS="890" HPOS="1809"/>
<SP HEIGHT="40" WIDTH="28" VPOS="890" HPOS="1906"/>
<String CONTENT="Elizabeth" HEIGHT="105" WIDTH="1916" VPOS="888" HPOS="154"/>
</TextLine>
<TextLine HEIGHT="50" WIDTH="944" VPOS="950" HPOS="299" LANG="en-US">
<String CONTENT="Tarpley," HEIGHT="46" WIDTH="222" VPOS="954" HPOS="299"/>
<SP HEIGHT="48" WIDTH="32" VPOS="952" HPOS="522"/>
<String CONTENT="Austin," HEIGHT="47" WIDTH="189" VPOS="952" HPOS="555"/>
<SP HEIGHT="47" WIDTH="32" VPOS="952" HPOS="745"/>
<String CONTENT="Tex." HEIGHT="37" WIDTH="113" VPOS="952" HPOS="778"/>
<SP HEIGHT="47" WIDTH="70" VPOS="950" HPOS="892"/>
<String CONTENT="(31-13307)" HEIGHT="47" WIDTH="280" VPOS="950" HPOS="963"/>
</TextLine>
<TextLine HEIGHT="64" WIDTH="807" VPOS="1045" HPOS="82" STYLEREFS="StyleId-A2BBE2D9-7DD4-4627-ADFC-45F73CAF0081-" LANG="en-US">
<String CONTENT="Reed," HEIGHT="63" WIDTH="176" VPOS="1046" HPOS="82"/>
<SP HEIGHT="62" WIDTH="27" VPOS="1047" HPOS="259"/>
<String CONTENT="Mary" HEIGHT="62" WIDTH="175" VPOS="1047" HPOS="287"/>
<SP HEIGHT="63" WIDTH="25" VPOS="1046" HPOS="463"/>
<String CONTENT="Maud," HEIGHT="64" WIDTH="198" VPOS="1045" HPOS="489"/>
<SP HEIGHT="58" WIDTH="29" VPOS="1051" HPOS="688"/>
<String CONTENT="1880-" HEIGHT="49" WIDTH="171" VPOS="1050" HPOS="718"/>
</TextLine>
<TextLine HEIGHT="69" WIDTH="1938" VPOS="1114" HPOS="150" STYLEREFS="StyleId-40C3D49B-4D64-43AB-BABE-3E16F5DC816D-" LANG="en-US">
<String CONTENT="Preschool" HEIGHT="54" WIDTH="301" VPOS="1120" HPOS="150"/>
<SP HEIGHT="51" WIDTH="35" VPOS="1121" HPOS="452"/>
<String CONTENT="education" HEIGHT="54" WIDTH="299" VPOS="1119" HPOS="488"/>
<SP HEIGHT="52" WIDTH="35" VPOS="1119" HPOS="788"/>
<String CONTENT="in" HEIGHT="52" WIDTH="61" VPOS="1119" HPOS="824"/>
<SP HEIGHT="51" WIDTH="34" VPOS="1120" HPOS="886"/>
<String CONTENT="New" HEIGHT="53" WIDTH="138" VPOS="1120" HPOS="921"/>
<SP HEIGHT="53" WIDTH="41" VPOS="1118" HPOS="1060"/>
<String CONTENT="York" HEIGHT="52" WIDTH="160" VPOS="1118" HPOS="1102"/>
<SP HEIGHT="52" WIDTH="35" VPOS="1119" HPOS="1263"/>
<String CONTENT="settlements;" HEIGHT="64" WIDTH="373" VPOS="1118" HPOS="1299"/>
<SP HEIGHT="47" WIDTH="40" VPOS="1135" HPOS="1673"/>
<String CONTENT="a" HEIGHT="32" WIDTH="31" VPOS="1136" HPOS="1714"/>
<SP HEIGHT="34" WIDTH="38" VPOS="1134" HPOS="1746"/>
<String CONTENT="survey" HEIGHT="50" WIDTH="202" VPOS="1133" HPOS="1785"/>
<SP HEIGHT="51" WIDTH="37" VPOS="1132" HPOS="1988"/>
<String CONTENT="of" HEIGHT="52" WIDTH="62" VPOS="1114" HPOS="2026"/>
</TextLine>
<TextLine HEIGHT="73" WIDTH="2005" VPOS="1192" HPOS="80" STYLEREFS="StyleId-40C3D49B-4D64-43AB-BABE-3E16F5DC816D-" LANG="en-US">
<String CONTENT="some" HEIGHT="35" WIDTH="149" VPOS="1216" HPOS="80"/>
<SP HEIGHT="49" WIDTH="38" VPOS="1216" HPOS="230"/>
<String CONTENT="phases" HEIGHT="67" WIDTH="203" VPOS="1198" HPOS="269"/>
<SP HEIGHT="33" WIDTH="37" VPOS="1217" HPOS="473"/>
<String CONTENT="of" HEIGHT="52" WIDTH="64" VPOS="1198" HPOS="511"/>
<SP HEIGHT="53" WIDTH="38" VPOS="1198" HPOS="576"/>
<String CONTENT="educational" HEIGHT="55" WIDTH="360" VPOS="1196" HPOS="615"/>
<SP HEIGHT="53" WIDTH="37" VPOS="1196" HPOS="976"/>
<String CONTENT="work" HEIGHT="53" WIDTH="156" VPOS="1196" HPOS="1014"/>
<SP HEIGHT="51" WIDTH="38" VPOS="1196" HPOS="1171"/>
<String CONTENT="with" HEIGHT="53" WIDTH="137" VPOS="1195" HPOS="1210"/>
<SP HEIGHT="64" WIDTH="45" VPOS="1198" HPOS="1348"/>
<String CONTENT="preschool" HEIGHT="68" WIDTH="292" VPOS="1194" HPOS="1394"/>
<SP HEIGHT="51" WIDTH="39" VPOS="1194" HPOS="1687"/>
<String CONTENT="children" HEIGHT="54" WIDTH="258" VPOS="1192" HPOS="1727"/>
<SP HEIGHT="52" WIDTH="41" VPOS="1192" HPOS="1986"/>
<String CONTENT="in" HEIGHT="51" WIDTH="57" VPOS="1192" HPOS="2028"/>
</TextLine>
<TextLine HEIGHT="73" WIDTH="2004" VPOS="1269" HPOS="81" STYLEREFS="StyleId-40C3D49B-4D64-43AB-BABE-3E16F5DC816D-" LANG="en-US">
<String CONTENT="eleven" HEIGHT="52" WIDTH="189" VPOS="1275" HPOS="81"/>
<SP HEIGHT="34" WIDTH="36" VPOS="1294" HPOS="271"/>
<String CONTENT="settlements" HEIGHT="53" WIDTH="345" VPOS="1275" HPOS="308"/>
<SP HEIGHT="52" WIDTH="35" VPOS="1275" HPOS="654"/>
<String CONTENT="in" HEIGHT="52" WIDTH="59" VPOS="1275" HPOS="690"/>
<SP HEIGHT="51" WIDTH="38" VPOS="1274" HPOS="750"/>
<String CONTENT="New" HEIGHT="52" WIDTH="136" VPOS="1274" HPOS="789"/>
<SP HEIGHT="52" WIDTH="43" VPOS="1274" HPOS="926"/>
<String CONTENT="York" HEIGHT="52" WIDTH="159" VPOS="1273" HPOS="970"/>
<SP HEIGHT="51" WIDTH="35" VPOS="1273" HPOS="1130"/>
<String CONTENT="city," HEIGHT="69" WIDTH="134" VPOS="1272" HPOS="1166"/>
<SP HEIGHT="65" WIDTH="38" VPOS="1273" HPOS="1301"/>
<String CONTENT="by" HEIGHT="69" WIDTH="71" VPOS="1273" HPOS="1340"/>
<SP HEIGHT="68" WIDTH="38" VPOS="1274" HPOS="1412"/>
<String CONTENT="Mary" HEIGHT="67" WIDTH="169" VPOS="1274" HPOS="1451"/>
<SP HEIGHT="68" WIDTH="38" VPOS="1273" HPOS="1621"/>
<String CONTENT="M." HEIGHT="51" WIDTH="78" VPOS="1273" HPOS="1660"/>
<SP HEIGHT="53" WIDTH="41" VPOS="1271" HPOS="1739"/>
<String CONTENT="Reed" HEIGHT="52" WIDTH="154" VPOS="1270" HPOS="1781"/>
<SP HEIGHT="52" WIDTH="36" VPOS="1270" HPOS="1936"/>
<String CONTENT="and" HEIGHT="53" WIDTH="112" VPOS="1269" HPOS="1973"/>
</TextLine>
<TextLine HEIGHT="72" WIDTH="2005" VPOS="1348" HPOS="80" STYLEREFS="StyleId-40C3D49B-4D64-43AB-BABE-3E16F5DC816D-" LANG="en-US" CS="1">
<String CONTENT="E." HEIGHT="52" WIDTH="66" VPOS="1352" HPOS="80"/>
<SP HEIGHT="51" WIDTH="43" VPOS="1353" HPOS="147"/>
<String CONTENT="Mae" HEIGHT="53" WIDTH="130" VPOS="1353" HPOS="191"/>
<SP HEIGHT="54" WIDTH="42" VPOS="1352" HPOS="322"/>
<String CONTENT="Raymond" HEIGHT="67" WIDTH="302" VPOS="1352" HPOS="365"/>
<SP HEIGHT="52" WIDTH="47" VPOS="1354" HPOS="668"/>
<String CS="1" CONTENT="&#8230;"/>
<SP HEIGHT="34" WIDTH="88" VPOS="1386" HPOS="773"/>
<String CS="1" CONTENT="[New" HEIGHT="52" WIDTH="135" VPOS="1351" HPOS="881"/>
<SP HEIGHT="53" WIDTH="46" VPOS="1350" HPOS="1017"/>
<String CONTENT="York," HEIGHT="69" WIDTH="177" VPOS="1350" HPOS="1064"/>
<SP HEIGHT="68" WIDTH="41" VPOS="1351" HPOS="1242"/>
<String CONTENT="Welfare" HEIGHT="54" WIDTH="256" VPOS="1349" HPOS="1284"/>
<SP HEIGHT="34" WIDTH="41" VPOS="1367" HPOS="1541"/>
<String CONTENT="council" HEIGHT="53" WIDTH="218" VPOS="1348" HPOS="1583"/>
<SP HEIGHT="52" WIDTH="42" VPOS="1348" HPOS="1802"/>
<String CONTENT="of" HEIGHT="52" WIDTH="63" VPOS="1348" HPOS="1845"/>
<SP HEIGHT="52" WIDTH="40" VPOS="1348" HPOS="1909"/>
<String CONTENT="New" HEIGHT="51" WIDTH="135" VPOS="1348" HPOS="1950"/>
</TextLine>
<TextLine HEIGHT="69" WIDTH="509" VPOS="1428" HPOS="79" STYLEREFS="StyleId-40C3D49B-4D64-43AB-BABE-3E16F5DC816D-" LANG="en-US">
<String CONTENT="York" HEIGHT="53" WIDTH="161" VPOS="1428" HPOS="79"/>
<SP HEIGHT="53" WIDTH="28" VPOS="1428" HPOS="241"/>
<String CONTENT="city," HEIGHT="69" WIDTH="131" VPOS="1428" HPOS="270"/>
<SP HEIGHT="62" WIDTH="35" VPOS="1433" HPOS="402"/>
<String CONTENT="1931]" HEIGHT="65" WIDTH="150" VPOS="1432" HPOS="438"/>
</TextLine>
<TextLine HEIGHT="49" WIDTH="796" VPOS="1510" HPOS="150" LANG="en-US" CS="1">
<String CONTENT="48" HEIGHT="40" WIDTH="58" VPOS="1511" HPOS="150"/>
<SP HEIGHT="47" WIDTH="24" VPOS="1512" HPOS="209"/>
<String CONTENT="p." HEIGHT="37" WIDTH="42" VPOS="1522" HPOS="234"/>
<SP HEIGHT="39" WIDTH="32" VPOS="1512" HPOS="277"/>
<String CS="1" CONTENT="incl." HEIGHT="38" WIDTH="75" VPOS="1512" HPOS="310"/>
<SP HEIGHT="42" WIDTH="29" VPOS="1511" HPOS="420"/>
<String CONTENT="front.," HEIGHT="44" WIDTH="162" VPOS="1512" HPOS="450"/>
<SP HEIGHT="44" WIDTH="30" VPOS="1512" HPOS="613"/>
<String CONTENT="illus." HEIGHT="39" WIDTH="126" VPOS="1512" HPOS="644"/>
<SP HEIGHT="41" WIDTH="59" VPOS="1510" HPOS="771"/>
<String CS="1" CONTENT="23&#7580;&#7504;." HEIGHT="41" WIDTH="115" VPOS="1510" HPOS="831"/>
</TextLine>
<TextLine HEIGHT="50" WIDTH="1936" VPOS="1566" HPOS="155" LANG="en-US">
<String CONTENT="&#8220;A" HEIGHT="39" WIDTH="69" VPOS="1569" HPOS="155"/>
<SP HEIGHT="38" WIDTH="27" VPOS="1570" HPOS="225"/>
<String CONTENT="chapter" HEIGHT="47" WIDTH="200" VPOS="1568" HPOS="253"/>
<SP HEIGHT="29" WIDTH="30" VPOS="1578" HPOS="454"/>
<String CONTENT="of" HEIGHT="39" WIDTH="52" VPOS="1568" HPOS="485"/>
<SP HEIGHT="40" WIDTH="30" VPOS="1568" HPOS="538"/>
<String CONTENT="Study" HEIGHT="48" WIDTH="154" VPOS="1568" HPOS="569"/>
<SP HEIGHT="47" WIDTH="30" VPOS="1569" HPOS="724"/>
<String CONTENT="2" HEIGHT="38" WIDTH="26" VPOS="1569" HPOS="755"/>
<SP HEIGHT="38" WIDTH="32" VPOS="1569" HPOS="782"/>
<String CONTENT="of" HEIGHT="39" WIDTH="52" VPOS="1568" HPOS="815"/>
<SP HEIGHT="40" WIDTH="28" VPOS="1568" HPOS="868"/>
<String CONTENT="the" HEIGHT="41" WIDTH="80" VPOS="1568" HPOS="897"/>
<SP HEIGHT="41" WIDTH="33" VPOS="1568" HPOS="978"/>
<String CONTENT="Research" HEIGHT="39" WIDTH="244" VPOS="1568" HPOS="1012"/>
<SP HEIGHT="39" WIDTH="32" VPOS="1567" HPOS="1257"/>
<String CONTENT="bureau;" HEIGHT="46" WIDTH="208" VPOS="1567" HPOS="1290"/>
<SP HEIGHT="38" WIDTH="35" VPOS="1576" HPOS="1499"/>
<String CONTENT="preprinted" HEIGHT="48" WIDTH="279" VPOS="1566" HPOS="1535"/>
<SP HEIGHT="39" WIDTH="33" VPOS="1567" HPOS="1815"/>
<String CONTENT="from" HEIGHT="38" WIDTH="123" VPOS="1567" HPOS="1849"/>
<SP HEIGHT="38" WIDTH="37" VPOS="1568" HPOS="1973"/>
<String CONTENT="the" HEIGHT="39" WIDTH="80" VPOS="1567" HPOS="2011"/>
</TextLine>
<TextLine HEIGHT="51" WIDTH="1710" VPOS="1622" HPOS="84" LANG="en-US">
<String CONTENT="Welfare" HEIGHT="41" WIDTH="216" VPOS="1623" HPOS="84"/>
<SP HEIGHT="29" WIDTH="37" VPOS="1635" HPOS="301"/>
<String CONTENT="council&#8217;s" HEIGHT="41" WIDTH="226" VPOS="1623" HPOS="339"/>
<SP HEIGHT="41" WIDTH="41" VPOS="1624" HPOS="566"/>
<String CONTENT="Study" HEIGHT="49" WIDTH="153" VPOS="1624" HPOS="608"/>
<SP HEIGHT="39" WIDTH="39" VPOS="1634" HPOS="762"/>
<String CONTENT="of" HEIGHT="39" WIDTH="52" VPOS="1624" HPOS="802"/>
<SP HEIGHT="39" WIDTH="39" VPOS="1624" HPOS="855"/>
<String CONTENT="settlements" HEIGHT="41" WIDTH="301" VPOS="1623" HPOS="895"/>
<SP HEIGHT="40" WIDTH="38" VPOS="1622" HPOS="1197"/>
<String CONTENT="in" HEIGHT="38" WIDTH="48" VPOS="1622" HPOS="1236"/>
<SP HEIGHT="37" WIDTH="43" VPOS="1625" HPOS="1285"/>
<String CONTENT="New" HEIGHT="37" WIDTH="115" VPOS="1625" HPOS="1329"/>
<SP HEIGHT="40" WIDTH="41" VPOS="1622" HPOS="1445"/>
<String CONTENT="York" HEIGHT="40" WIDTH="127" VPOS="1622" HPOS="1487"/>
<SP HEIGHT="38" WIDTH="40" VPOS="1624" HPOS="1615"/>
<String CONTENT="city.&#8221;" HEIGHT="48" WIDTH="138" VPOS="1622" HPOS="1656"/>
</TextLine>
<TextLine HEIGHT="43" WIDTH="311" VPOS="1680" HPOS="151">
<String LANG="fr" CONTENT="&#8220;W." HEIGHT="41" WIDTH="100" VPOS="1680" HPOS="151"/>
<SP HEIGHT="41" WIDTH="32" VPOS="1682" HPOS="252"/>
<String LANG="en-US" CONTENT="C." HEIGHT="41" WIDTH="48" VPOS="1682" HPOS="285"/>
<SP HEIGHT="40" WIDTH="29" VPOS="1682" HPOS="334"/>
<String LANG="en-US" CONTENT="21.&#8221;" HEIGHT="42" WIDTH="98" VPOS="1680" HPOS="364"/>
</TextLine>
<TextLine HEIGHT="49" WIDTH="1843" VPOS="1735" HPOS="154" LANG="en-US" CS="1">
<String CONTENT="Under" HEIGHT="40" WIDTH="163" VPOS="1738" HPOS="154"/>
<SP HEIGHT="37" WIDTH="30" VPOS="1740" HPOS="318"/>
<String CONTENT="the" HEIGHT="41" WIDTH="83" VPOS="1736" HPOS="349"/>
<SP HEIGHT="39" WIDTH="30" VPOS="1739" HPOS="433"/>
<String CONTENT="direction" HEIGHT="43" WIDTH="234" VPOS="1735" HPOS="464"/>
<SP HEIGHT="29" WIDTH="31" VPOS="1748" HPOS="699"/>
<String CONTENT="of" HEIGHT="40" WIDTH="53" VPOS="1737" HPOS="731"/>
<SP HEIGHT="40" WIDTH="29" VPOS="1737" HPOS="785"/>
<String CONTENT="the" HEIGHT="40" WIDTH="81" VPOS="1737" HPOS="815"/>
<SP HEIGHT="38" WIDTH="32" VPOS="1738" HPOS="897"/>
<String CONTENT="Dept," HEIGHT="47" WIDTH="140" VPOS="1737" HPOS="930"/>
<SP HEIGHT="29" WIDTH="30" VPOS="1748" HPOS="1071"/>
<String CONTENT="of" HEIGHT="40" WIDTH="52" VPOS="1737" HPOS="1102"/>
<SP HEIGHT="38" WIDTH="30" VPOS="1737" HPOS="1155"/>
<String CONTENT="nursery-kindergarten-first" HEIGHT="47" WIDTH="722" VPOS="1737" HPOS="1186"/>
<SP HEIGHT="39" WIDTH="34" VPOS="1743" HPOS="1909"/>
<String CS="1" CONTENT="grade" HEIGHT="34" WIDTH="53" VPOS="1748" HPOS="1944"/>
</TextLine>
<TextLine HEIGHT="48" WIDTH="1809" VPOS="1793" HPOS="83" LANG="en-US">
<String CONTENT="education" HEIGHT="41" WIDTH="253" VPOS="1793" HPOS="83"/>
<SP HEIGHT="29" WIDTH="28" VPOS="1804" HPOS="337"/>
<String CONTENT="of" HEIGHT="39" WIDTH="53" VPOS="1794" HPOS="366"/>
<SP HEIGHT="38" WIDTH="25" VPOS="1794" HPOS="420"/>
<String CONTENT="Teachers" HEIGHT="41" WIDTH="240" VPOS="1794" HPOS="446"/>
<SP HEIGHT="30" WIDTH="28" VPOS="1803" HPOS="687"/>
<String CONTENT="college," HEIGHT="48" WIDTH="189" VPOS="1793" HPOS="716"/>
<SP HEIGHT="46" WIDTH="34" VPOS="1793" HPOS="906"/>
<String CONTENT="Columbia" HEIGHT="41" WIDTH="245" VPOS="1793" HPOS="941"/>
<SP HEIGHT="28" WIDTH="37" VPOS="1804" HPOS="1187"/>
<String CONTENT="university," HEIGHT="46" WIDTH="282" VPOS="1793" HPOS="1225"/>
<SP HEIGHT="29" WIDTH="61" VPOS="1804" HPOS="1508"/>
<String CONTENT="cf." HEIGHT="46" WIDTH="58" VPOS="1793" HPOS="1570"/>
<SP HEIGHT="36" WIDTH="30" VPOS="1804" HPOS="1629"/>
<String CONTENT="p." HEIGHT="36" WIDTH="43" VPOS="1804" HPOS="1660"/>
<SP HEIGHT="39" WIDTH="31" VPOS="1794" HPOS="1704"/>
<String CONTENT="11-13." HEIGHT="39" WIDTH="156" VPOS="1794" HPOS="1736"/>
</TextLine>
<TextLine HEIGHT="52" WIDTH="2002" VPOS="1847" HPOS="92" LANG="en-US" CS="1">
<String CONTENT="&#169;" HEIGHT="52" WIDTH="51" VPOS="1847" HPOS="92"/>
<SP HEIGHT="52" WIDTH="30" VPOS="1847" HPOS="144"/>
<String CONTENT="May" HEIGHT="45" WIDTH="113" VPOS="1853" HPOS="175"/>
<SP HEIGHT="48" WIDTH="27" VPOS="1850" HPOS="289"/>
<String CS="1" CONTENT="9," HEIGHT="40" WIDTH="27" VPOS="1850" HPOS="317"/>
<SP HEIGHT="39" WIDTH="30" VPOS="1853" HPOS="358"/>
<String CS="1" CONTENT="1931;" HEIGHT="41" WIDTH="112" VPOS="1850" HPOS="389"/>
<SP HEIGHT="41" WIDTH="29" VPOS="1850" HPOS="530"/>
<String CONTENT="2c." HEIGHT="40" WIDTH="67" VPOS="1850" HPOS="560"/>
<SP HEIGHT="39" WIDTH="30" VPOS="1851" HPOS="628"/>
<String CONTENT="May" HEIGHT="46" WIDTH="114" VPOS="1851" HPOS="659"/>
<SP HEIGHT="47" WIDTH="29" VPOS="1850" HPOS="774"/>
<String CS="1" CONTENT="21;" HEIGHT="38" WIDTH="54" VPOS="1850" HPOS="804"/>
<SP HEIGHT="35" WIDTH="32" VPOS="1861" HPOS="886"/>
<String CONTENT="aff." HEIGHT="40" WIDTH="82" VPOS="1850" HPOS="919"/>
<SP HEIGHT="40" WIDTH="31" VPOS="1850" HPOS="1002"/>
<String CONTENT="May" HEIGHT="47" WIDTH="112" VPOS="1850" HPOS="1034"/>
<SP HEIGHT="46" WIDTH="31" VPOS="1851" HPOS="1147"/>
<String CS="1" CONTENT="14;" HEIGHT="37" WIDTH="54" VPOS="1851" HPOS="1179"/>
<SP HEIGHT="45" WIDTH="32" VPOS="1851" HPOS="1262"/>
<!-- cceid E8EB8480-6E8D-1014-9CF5-AEB3FCA41D69 --><String CONTENT="A" HEIGHT="38" WIDTH="41" VPOS="1851" HPOS="1295"/>
<SP HEIGHT="39" WIDTH="28" VPOS="1851" HPOS="1337"/>
<String CS="1" CONTENT="37408;" HEIGHT="41" WIDTH="146" VPOS="1850" HPOS="1366"/>
<SP HEIGHT="46" WIDTH="33" VPOS="1851" HPOS="1539"/>
<String CONTENT="Welfare" HEIGHT="41" WIDTH="219" VPOS="1851" HPOS="1573"/>
<SP HEIGHT="30" WIDTH="28" VPOS="1862" HPOS="1793"/>
<String CONTENT="council" HEIGHT="40" WIDTH="187" VPOS="1851" HPOS="1822"/>
<SP HEIGHT="38" WIDTH="30" VPOS="1853" HPOS="2010"/>
<String CONTENT="of" HEIGHT="39" WIDTH="53" VPOS="1852" HPOS="2041"/>
</TextLine>
<TextLine HEIGHT="48" WIDTH="775" VPOS="1906" HPOS="158" LANG="en-US">
<String CONTENT="New" HEIGHT="39" WIDTH="116" VPOS="1909" HPOS="158"/>
<SP HEIGHT="38" WIDTH="31" VPOS="1910" HPOS="275"/>
<String CONTENT="York" HEIGHT="39" WIDTH="130" VPOS="1909" HPOS="307"/>
<SP HEIGHT="38" WIDTH="31" VPOS="1909" HPOS="438"/>
<String CONTENT="city." HEIGHT="46" WIDTH="112" VPOS="1908" HPOS="470"/>
<SP HEIGHT="45" WIDTH="69" VPOS="1909" HPOS="583"/>
<String CONTENT="(31-13963)" HEIGHT="48" WIDTH="280" VPOS="1906" HPOS="653"/>
</TextLine>
<TextLine HEIGHT="65" WIDTH="598" VPOS="2002" HPOS="84" STYLEREFS="StyleId-A2BBE2D9-7DD4-4627-ADFC-45F73CAF0081-" LANG="en-US">
<String CONTENT="Rein," HEIGHT="63" WIDTH="165" VPOS="2003" HPOS="84"/>
<SP HEIGHT="63" WIDTH="27" VPOS="2003" HPOS="250"/>
<String CONTENT="Adolf," HEIGHT="65" WIDTH="200" VPOS="2002" HPOS="278"/>
<SP HEIGHT="59" WIDTH="31" VPOS="2008" HPOS="479"/>
<String CONTENT="1885-" HEIGHT="50" WIDTH="171" VPOS="2007" HPOS="511"/>
</TextLine>
<TextLine HEIGHT="69" WIDTH="1940" VPOS="2077" HPOS="153" STYLEREFS="StyleId-40C3D49B-4D64-43AB-BABE-3E16F5DC816D-">
<String LANG="en-US" CONTENT="Die" HEIGHT="52" WIDTH="110" VPOS="2079" HPOS="153"/>
<SP HEIGHT="34" WIDTH="39" VPOS="2097" HPOS="264"/>
<String LANG="de" CONTENT="europ&#228;ische" HEIGHT="68" WIDTH="368" VPOS="2078" HPOS="304"/>
<SP HEIGHT="33" WIDTH="39" VPOS="2097" HPOS="673"/>
<String LANG="en-US" CONTENT="ausbreitung" HEIGHT="68" WIDTH="372" VPOS="2077" HPOS="713"/>
<SP HEIGHT="64" WIDTH="36" VPOS="2081" HPOS="1086"/>
<String LANG="de" CONTENT="&#252;ber" HEIGHT="52" WIDTH="140" VPOS="2078" HPOS="1123"/>
<SP HEIGHT="52" WIDTH="38" VPOS="2078" HPOS="1264"/>
<String LANG="en-US" CONTENT="die" HEIGHT="53" WIDTH="90" VPOS="2077" HPOS="1303"/>
<SP HEIGHT="33" WIDTH="41" VPOS="2097" HPOS="1394"/>
<String LANG="de" CONTENT="erde," HEIGHT="69" WIDTH="148" VPOS="2077" HPOS="1436"/>
<SP HEIGHT="48" WIDTH="40" VPOS="2098" HPOS="1585"/>
<String LANG="en-US" CONTENT="von" HEIGHT="34" WIDTH="111" VPOS="2097" HPOS="1626"/>
<SP HEIGHT="53" WIDTH="40" VPOS="2079" HPOS="1738"/>
<String LANG="en-US" CONTENT="dr." HEIGHT="53" WIDTH="84" VPOS="2079" HPOS="1779"/>
<SP HEIGHT="53" WIDTH="40" VPOS="2078" HPOS="1864"/>
<String LANG="en-US" CONTENT="Adolf" HEIGHT="54" WIDTH="188" VPOS="2078" HPOS="1905"/>
</TextLine>
<TextLine HEIGHT="69" WIDTH="2010" VPOS="2155" HPOS="83" STYLEREFS="StyleId-40C3D49B-4D64-43AB-BABE-3E16F5DC816D-" LANG="de" CS="1">
<String LANG="en-US" CONTENT="Rein" HEIGHT="54" WIDTH="147" VPOS="2156" HPOS="83"/>
<SP HEIGHT="33" WIDTH="29" VPOS="2176" HPOS="231"/>
<String LANG="en-US" CS="1" CONTENT="&#8230;"/>
<SP HEIGHT="53" WIDTH="76" VPOS="2157" HPOS="317"/>
<String CONTENT="Wildpark-Potsdam," HEIGHT="68" WIDTH="633" VPOS="2156" HPOS="394"/>
<SP HEIGHT="67" WIDTH="23" VPOS="2155" HPOS="1028"/>
<String CONTENT="Akademische" HEIGHT="53" WIDTH="417" VPOS="2155" HPOS="1052"/>
<SP HEIGHT="33" WIDTH="25" VPOS="2175" HPOS="1470"/>
<String CS="1" CONTENT="verlagsgesellschaft" HEIGHT="68" WIDTH="558" VPOS="2156" HPOS="1535"/>
</TextLine>
<TextLine HEIGHT="67" WIDTH="793" VPOS="2233" HPOS="83" STYLEREFS="StyleId-40C3D49B-4D64-43AB-BABE-3E16F5DC816D-" CS="1">
<String LANG="en-US" CONTENT="Athenaion" HEIGHT="54" WIDTH="329" VPOS="2233" HPOS="83"/>
<SP HEIGHT="33" WIDTH="24" VPOS="2252" HPOS="413"/>
<String LANG="fr" CONTENT="m." HEIGHT="34" WIDTH="72" VPOS="2252" HPOS="438"/>
<SP HEIGHT="53" WIDTH="26" VPOS="2233" HPOS="511"/>
<String LANG="fr" CONTENT="b." HEIGHT="53" WIDTH="51" VPOS="2233" HPOS="538"/>
<SP HEIGHT="52" WIDTH="25" VPOS="2233" HPOS="590"/>
<String LANG="fr" CONTENT="h." HEIGHT="53" WIDTH="53" VPOS="2233" HPOS="616"/>
<SP HEIGHT="35" WIDTH="32" VPOS="2265" HPOS="670"/>
<String LANG="fr" CS="1" CONTENT="["/>
<String LANG="en-US" CS="1" CONTENT="&#7580;"/>
<String LANG="fr" CS="1" CONTENT="1931]" HEIGHT="50" WIDTH="132" VPOS="2236" HPOS="744"/>
</TextLine>
<TextLine HEIGHT="51" WIDTH="1927" VPOS="2315" HPOS="155" CS="1">
<String LANG="fr" CONTENT="3" HEIGHT="41" WIDTH="26" VPOS="2317" HPOS="155"/>
<SP HEIGHT="48" WIDTH="27" VPOS="2317" HPOS="182"/>
<String LANG="fr" CONTENT="p." HEIGHT="38" WIDTH="43" VPOS="2327" HPOS="210"/>
<SP HEIGHT="40" WIDTH="26" VPOS="2318" HPOS="254"/>
<String LANG="fr" CS="1" CONTENT="l.," HEIGHT="18" WIDTH="9" VPOS="2347" HPOS="317"/>
<SP HEIGHT="48" WIDTH="24" VPOS="2317" HPOS="327"/>
<String LANG="fr" CONTENT="406" HEIGHT="41" WIDTH="91" VPOS="2315" HPOS="352"/>
<SP HEIGHT="48" WIDTH="24" VPOS="2316" HPOS="444"/>
<String LANG="fr" CONTENT="p." HEIGHT="37" WIDTH="43" VPOS="2327" HPOS="469"/>
<SP HEIGHT="40" WIDTH="57" VPOS="2316" HPOS="513"/>
<String LANG="fr" CONTENT="illus." HEIGHT="40" WIDTH="130" VPOS="2316" HPOS="571"/>
<SP HEIGHT="48" WIDTH="27" VPOS="2315" HPOS="702"/>
<String LANG="en-US" CS="1" CONTENT="(incl." HEIGHT="48" WIDTH="101" VPOS="2315" HPOS="730"/>
<SP HEIGHT="46" WIDTH="27" VPOS="2317" HPOS="865"/>
<String LANG="fr" CONTENT="ports.)" HEIGHT="48" WIDTH="175" VPOS="2315" HPOS="893"/>
<SP HEIGHT="48" WIDTH="35" VPOS="2315" HPOS="1069"/>
<String LANG="fr" CONTENT="plates" HEIGHT="46" WIDTH="159" VPOS="2317" HPOS="1105"/>
<SP HEIGHT="48" WIDTH="26" VPOS="2316" HPOS="1265"/>
<String LANG="fr" CONTENT="(part" HEIGHT="48" WIDTH="136" VPOS="2316" HPOS="1292"/>
<SP HEIGHT="37" WIDTH="26" VPOS="2319" HPOS="1429"/>
<String LANG="fr" CONTENT="col.)" HEIGHT="47" WIDTH="112" VPOS="2316" HPOS="1456"/>
<SP HEIGHT="47" WIDTH="38" VPOS="2316" HPOS="1569"/>
<String LANG="en-US" CONTENT="maps" HEIGHT="37" WIDTH="136" VPOS="2327" HPOS="1608"/>
<SP HEIGHT="48" WIDTH="28" VPOS="2316" HPOS="1745"/>
<String LANG="fr" CONTENT="(part" HEIGHT="49" WIDTH="136" VPOS="2316" HPOS="1774"/>
<SP HEIGHT="41" WIDTH="26" VPOS="2317" HPOS="1911"/>
<String LANG="en-US" CONTENT="fold.)" HEIGHT="49" WIDTH="144" VPOS="2317" HPOS="1938"/>
</TextLine>
<TextLine HEIGHT="49" WIDTH="1277" VPOS="2371" HPOS="85" CS="1">
<String LANG="fr" CONTENT="facsims." HEIGHT="41" WIDTH="216" VPOS="2373" HPOS="85"/>
<SP HEIGHT="40" WIDTH="56" VPOS="2373" HPOS="302"/>
<String LANG="fr" CONTENT="27" HEIGHT="40" WIDTH="57" VPOS="2373" HPOS="359"/>
<String LANG="en-US" CS="1" CONTENT="&#7580;&#7504;"/>
<String LANG="fr" CONTENT="." HEIGHT="8" WIDTH="8" VPOS="2404" HPOS="469"/>
<SP HEIGHT="48" WIDTH="69" VPOS="2371" HPOS="478"/>
<String LANG="en-US" CONTENT="(Museum" HEIGHT="48" WIDTH="247" VPOS="2371" HPOS="548"/>
<SP HEIGHT="38" WIDTH="31" VPOS="2373" HPOS="796"/>
<String LANG="de" CONTENT="der" HEIGHT="38" WIDTH="85" VPOS="2373" HPOS="828"/>
<SP HEIGHT="28" WIDTH="28" VPOS="2382" HPOS="914"/>
<String LANG="de" CS="1" CONTENT="weltgeschichte)" HEIGHT="49" WIDTH="372" VPOS="2371" HPOS="990"/>
</TextLine>
<TextLine HEIGHT="49" WIDTH="895" VPOS="2427" HPOS="158" LANG="de" CS="1">
<String CS="1" CONTENT="&#8220;Literaturhinweise&#8221;:" HEIGHT="43" WIDTH="543" VPOS="2427" HPOS="158"/>
<SP HEIGHT="37" WIDTH="30" VPOS="2439" HPOS="731"/>
<String LANG="fr" CONTENT="p." HEIGHT="37" WIDTH="44" VPOS="2439" HPOS="762"/>
<SP HEIGHT="41" WIDTH="26" VPOS="2428" HPOS="807"/>
<String CONTENT="394-398." HEIGHT="42" WIDTH="219" VPOS="2427" HPOS="834"/>
</TextLine>
<TextLine HEIGHT="109" WIDTH="1982" VPOS="2484" HPOS="94" LANG="de" CS="1">
<String CONTENT="&#169;" HEIGHT="52" WIDTH="51" VPOS="2484" HPOS="94"/>
<SP HEIGHT="52" WIDTH="44" VPOS="2484" HPOS="146"/>
<String CONTENT="Jan." HEIGHT="39" WIDTH="109" VPOS="2489" HPOS="191"/>
<SP HEIGHT="38" WIDTH="43" VPOS="2488" HPOS="301"/>
<String CONTENT="1," HEIGHT="45" WIDTH="37" VPOS="2488" HPOS="345"/>
<SP HEIGHT="46" WIDTH="47" VPOS="2487" HPOS="383"/>
<String CS="1" CONTENT="1931;" HEIGHT="41" WIDTH="112" VPOS="2485" HPOS="431"/>
<SP/>
<String CS="1" CONTENT="1c."/>
<SP/>
<String CONTENT="Jan." HEIGHT="39" WIDTH="109" VPOS="2486" HPOS="731"/>
<SP HEIGHT="39" WIDTH="44" VPOS="2485" HPOS="841"/>
<String CONTENT="27;" HEIGHT="46" WIDTH="82" VPOS="2485" HPOS="886"/>
<SP HEIGHT="46" WIDTH="46" VPOS="2485" HPOS="969"/>
<!-- cceid E8EC13DC-6E8D-1014-9CF5-AEB3FCA41D69 --><String LANG="fr" CONTENT="A" HEIGHT="38" WIDTH="42" VPOS="2485" HPOS="1016"/>
<String CONTENT="&#8212;Foreign" HEIGHT="48" WIDTH="271" VPOS="2485" HPOS="1058"/>
<SP HEIGHT="37" WIDTH="43" VPOS="2487" HPOS="1330"/>
<String CONTENT="11249;" HEIGHT="47" WIDTH="169" VPOS="2485" HPOS="1374"/>
<SP HEIGHT="45" WIDTH="48" VPOS="2487" HPOS="1544"/>
<String CONTENT="Akademische" HEIGHT="40" WIDTH="353" VPOS="2486" HPOS="1593"/>
<SP HEIGHT="28" WIDTH="46" VPOS="2498" HPOS="1947"/>
<String CONTENT="verlagsgesellschaft" HEIGHT="95" WIDTH="1914" VPOS="2498" HPOS="162"/>
<SP HEIGHT="39" WIDTH="30" VPOS="2543" HPOS="585"/>
<String CONTENT="Athenaion" HEIGHT="39" WIDTH="275" VPOS="2543" HPOS="616"/>
<SP HEIGHT="27" WIDTH="32" VPOS="2553" HPOS="892"/>
<String CONTENT="m." HEIGHT="29" WIDTH="59" VPOS="2553" HPOS="925"/>
<SP HEIGHT="39" WIDTH="30" VPOS="2543" HPOS="985"/>
<String CONTENT="b." HEIGHT="38" WIDTH="44" VPOS="2543" HPOS="1016"/>
<SP HEIGHT="39" WIDTH="31" VPOS="2542" HPOS="1061"/>
<String CONTENT="h." HEIGHT="40" WIDTH="45" VPOS="2542" HPOS="1093"/>
<SP HEIGHT="47" WIDTH="69" VPOS="2542" HPOS="1139"/>
<String CONTENT="(31-12963)" HEIGHT="50" WIDTH="281" VPOS="2541" HPOS="1209"/>
</TextLine>
<TextLine HEIGHT="66" WIDTH="870" VPOS="2636" HPOS="86" STYLEREFS="StyleId-A2BBE2D9-7DD4-4627-ADFC-45F73CAF0081-" LANG="de">
<String CONTENT="Rendtorff," HEIGHT="65" WIDTH="330" VPOS="2637" HPOS="86"/>
<SP HEIGHT="63" WIDTH="30" VPOS="2639" HPOS="417"/>
<String CONTENT="Heinrich," HEIGHT="66" WIDTH="303" VPOS="2636" HPOS="448"/>
<SP HEIGHT="59" WIDTH="31" VPOS="2643" HPOS="752"/>
<String CONTENT="1888-" HEIGHT="50" WIDTH="172" VPOS="2642" HPOS="784"/>
</TextLine>
<TextLine HEIGHT="70" WIDTH="1929" VPOS="2713" HPOS="157" STYLEREFS="StyleId-40C3D49B-4D64-43AB-BABE-3E16F5DC816D-" LANG="de">
<String CONTENT="Die" HEIGHT="54" WIDTH="109" VPOS="2716" HPOS="157"/>
<SP HEIGHT="53" WIDTH="33" VPOS="2717" HPOS="267"/>
<String CONTENT="heimliche" HEIGHT="54" WIDTH="301" VPOS="2715" HPOS="301"/>
<SP HEIGHT="50" WIDTH="36" VPOS="2733" HPOS="603"/>
<String CONTENT="gemeinde:" HEIGHT="68" WIDTH="320" VPOS="2715" HPOS="640"/>
<SP HEIGHT="35" WIDTH="41" VPOS="2733" HPOS="961"/>
<String CONTENT="evangelische" HEIGHT="69" WIDTH="392" VPOS="2713" HPOS="1003"/>
<SP HEIGHT="33" WIDTH="36" VPOS="2733" HPOS="1396"/>
<String CONTENT="reden," HEIGHT="67" WIDTH="189" VPOS="2715" HPOS="1433"/>
<SP HEIGHT="46" WIDTH="36" VPOS="2736" HPOS="1623"/>
<String CONTENT="von" HEIGHT="35" WIDTH="111" VPOS="2733" HPOS="1660"/>
<SP HEIGHT="51" WIDTH="35" VPOS="2717" HPOS="1772"/>
<String CONTENT="Heinrich" HEIGHT="54" WIDTH="278" VPOS="2715" HPOS="1808"/>
</TextLine>
<TextLine HEIGHT="70" WIDTH="1554" VPOS="2792" HPOS="87" STYLEREFS="StyleId-40C3D49B-4D64-43AB-BABE-3E16F5DC816D-" LANG="de" CS="1">
<String CONTENT="Rendtorff." HEIGHT="53" WIDTH="318" VPOS="2793" HPOS="87"/>
<SP HEIGHT="54" WIDTH="78" VPOS="2793" HPOS="406"/>
<String CONTENT="Schwerin" HEIGHT="54" WIDTH="292" VPOS="2793" HPOS="485"/>
<SP HEIGHT="51" WIDTH="29" VPOS="2793" HPOS="778"/>
<String CONTENT="i." HEIGHT="52" WIDTH="35" VPOS="2793" HPOS="808"/>
<SP HEIGHT="51" WIDTH="28" VPOS="2794" HPOS="844"/>
<String CONTENT="Mecklb.," HEIGHT="70" WIDTH="261" VPOS="2792" HPOS="873"/>
<SP HEIGHT="68" WIDTH="29" VPOS="2794" HPOS="1135"/>
<String CONTENT="F." HEIGHT="52" WIDTH="65" VPOS="2794" HPOS="1165"/>
<SP HEIGHT="52" WIDTH="33" VPOS="2794" HPOS="1231"/>
<String CONTENT="Bahn" HEIGHT="51" WIDTH="169" VPOS="2793" HPOS="1265"/>
<SP HEIGHT="51" WIDTH="34" VPOS="2810" HPOS="1435"/>
<String CS="1" CONTENT="[1930]" HEIGHT="67" WIDTH="151" VPOS="2794" HPOS="1490"/>
</TextLine>
<TextLine HEIGHT="50" WIDTH="436" VPOS="2875" HPOS="158" LANG="de" CS="1">
<String CONTENT="139," HEIGHT="48" WIDTH="98" VPOS="2875" HPOS="158"/>
<SP HEIGHT="30" WIDTH="31" VPOS="2895" HPOS="257"/>
<String CONTENT="[1]" HEIGHT="49" WIDTH="54" VPOS="2876" HPOS="289"/>
<SP HEIGHT="38" WIDTH="29" VPOS="2886" HPOS="344"/>
<String CONTENT="p." HEIGHT="37" WIDTH="42" VPOS="2886" HPOS="374"/>
<SP HEIGHT="40" WIDTH="59" VPOS="2875" HPOS="417"/>
<String CONTENT="23" HEIGHT="40" WIDTH="55" VPOS="2875" HPOS="477"/>
<String LANG="en-US" CS="1" CONTENT="&#7580;&#7504;"/>
<String CONTENT="." HEIGHT="8" WIDTH="8" VPOS="2907" HPOS="586"/>
</TextLine>
<TextLine HEIGHT="51" WIDTH="1831" VPOS="2929" HPOS="94" LANG="de" CS="1">
<String CONTENT="&#169;" HEIGHT="51" WIDTH="52" VPOS="2929" HPOS="94"/>
<SP HEIGHT="51" WIDTH="29" VPOS="2929" HPOS="147"/>
<String CONTENT="Oct." HEIGHT="40" WIDTH="101" VPOS="2933" HPOS="177"/>
<SP HEIGHT="39" WIDTH="29" VPOS="2934" HPOS="279"/>
<String CS="1" CONTENT="10," HEIGHT="39" WIDTH="55" VPOS="2932" HPOS="309"/>
<SP HEIGHT="38" WIDTH="30" VPOS="2934" HPOS="376"/>
<String CS="1" CONTENT="1930;" HEIGHT="38" WIDTH="114" VPOS="2933" HPOS="407"/>
<SP/>
<String CS="1" CONTENT="1c."/>
<SP/>
<String LANG="fr" CONTENT="Dec." HEIGHT="40" WIDTH="110" VPOS="2932" HPOS="678"/>
<SP HEIGHT="38" WIDTH="32" VPOS="2934" HPOS="789"/>
<String CONTENT="18;" HEIGHT="46" WIDTH="81" VPOS="2932" HPOS="822"/>
<SP HEIGHT="47" WIDTH="31" VPOS="2931" HPOS="904"/>
<!-- cceid E8ECA276-6E8D-1014-9CF5-AEB3FCA41D69 --><String LANG="fr" CONTENT="A" HEIGHT="39" WIDTH="40" VPOS="2931" HPOS="936"/>
<String CONTENT="&#8212;Foreign" HEIGHT="48" WIDTH="269" VPOS="2931" HPOS="977"/>
<SP HEIGHT="37" WIDTH="29" VPOS="2934" HPOS="1247"/>
<String CONTENT="11042;" HEIGHT="48" WIDTH="170" VPOS="2931" HPOS="1277"/>
<SP HEIGHT="47" WIDTH="34" VPOS="2932" HPOS="1448"/>
<String CONTENT="Friedrich" HEIGHT="41" WIDTH="255" VPOS="2932" HPOS="1483"/>
<SP HEIGHT="39" WIDTH="29" VPOS="2933" HPOS="1739"/>
<String CONTENT="Bahn." HEIGHT="41" WIDTH="156" VPOS="2933" HPOS="1769"/>
</TextLine>
<TextLine HEIGHT="47" WIDTH="278" VPOS="2989" HPOS="175" LANG="de">
<String CONTENT="(31-12988)" HEIGHT="47" WIDTH="278" VPOS="2989" HPOS="175"/>
</TextLine>
<TextLine HEIGHT="64" WIDTH="927" VPOS="3071" HPOS="87" STYLEREFS="StyleId-A2BBE2D9-7DD4-4627-ADFC-45F73CAF0081-">
<String LANG="de" CONTENT="Rogers," HEIGHT="64" WIDTH="245" VPOS="3071" HPOS="87"/>
<SP HEIGHT="63" WIDTH="31" VPOS="3072" HPOS="333"/>
<String LANG="de" CONTENT="Carl" HEIGHT="54" WIDTH="136" VPOS="3071" HPOS="365"/>
<SP HEIGHT="52" WIDTH="26" VPOS="3071" HPOS="502"/>
<String LANG="en-US" CONTENT="Ransom," HEIGHT="63" WIDTH="281" VPOS="3072" HPOS="529"/>
<SP HEIGHT="59" WIDTH="31" VPOS="3076" HPOS="811"/>
<String LANG="de" CONTENT="1902-" HEIGHT="50" WIDTH="171" VPOS="3075" HPOS="843"/>
</TextLine>
<TextLine HEIGHT="131" WIDTH="1979" VPOS="3146" HPOS="88" STYLEREFS="StyleId-40C3D49B-4D64-43AB-BABE-3E16F5DC816D-" CS="1">
<String LANG="de" CONTENT="Measuring" HEIGHT="69" WIDTH="334" VPOS="3147" HPOS="156"/>
<SP HEIGHT="50" WIDTH="30" VPOS="3166" HPOS="491"/>
<String LANG="en-US" CONTENT="personality" HEIGHT="69" WIDTH="353" VPOS="3147" HPOS="522"/>
<SP HEIGHT="50" WIDTH="34" VPOS="3166" HPOS="876"/>
<String LANG="en-US" CONTENT="adjustment" HEIGHT="69" WIDTH="354" VPOS="3146" HPOS="911"/>
<SP HEIGHT="54" WIDTH="31" VPOS="3147" HPOS="1266"/>
<String LANG="de" CONTENT="in" HEIGHT="52" WIDTH="61" VPOS="3147" HPOS="1298"/>
<SP HEIGHT="34" WIDTH="33" VPOS="3166" HPOS="1360"/>
<String LANG="en-US" CONTENT="children" HEIGHT="54" WIDTH="259" VPOS="3147" HPOS="1394"/>
<SP HEIGHT="35" WIDTH="30" VPOS="3166" HPOS="1654"/>
<String LANG="en-US" CONTENT="nine" HEIGHT="54" WIDTH="134" VPOS="3148" HPOS="1685"/>
<SP HEIGHT="46" WIDTH="31" VPOS="3156" HPOS="1820"/>
<String LANG="en-US" CONTENT="to" HEIGHT="45" WIDTH="59" VPOS="3156" HPOS="1852"/>
<SP HEIGHT="48" WIDTH="33" VPOS="3153" HPOS="1912"/>
<String LANG="en-US" CONTENT="thirteen" HEIGHT="130" WIDTH="1979" VPOS="3147" HPOS="88"/>
</TextLine>
<TextLine HEIGHT="72" WIDTH="1838" VPOS="3223" HPOS="253" STYLEREFS="StyleId-40C3D49B-4D64-43AB-BABE-3E16F5DC816D-" LANG="en-US" CS="1">
<String CONTENT="years" HEIGHT="50" WIDTH="163" VPOS="3243" HPOS="253"/>
<SP HEIGHT="34" WIDTH="43" VPOS="3243" HPOS="417"/>
<String CONTENT="of" HEIGHT="53" WIDTH="64" VPOS="3224" HPOS="461"/>
<SP HEIGHT="53" WIDTH="41" VPOS="3224" HPOS="526"/>
<String CONTENT="age," HEIGHT="50" WIDTH="121" VPOS="3243" HPOS="568"/>
<SP HEIGHT="67" WIDTH="44" VPOS="3224" HPOS="690"/>
<String CONTENT="by" HEIGHT="69" WIDTH="74" VPOS="3224" HPOS="735"/>
<SP HEIGHT="70" WIDTH="43" VPOS="3223" HPOS="810"/>
<String CONTENT="Carl" HEIGHT="56" WIDTH="138" VPOS="3223" HPOS="854"/>
<SP HEIGHT="52" WIDTH="41" VPOS="3225" HPOS="993"/>
<String CONTENT="R." HEIGHT="53" WIDTH="69" VPOS="3225" HPOS="1035"/>
<SP HEIGHT="53" WIDTH="44" VPOS="3225" HPOS="1105"/>
<String CONTENT="Rogers" HEIGHT="68" WIDTH="221" VPOS="3225" HPOS="1150"/>
<SP HEIGHT="35" WIDTH="48" VPOS="3243" HPOS="1372"/>
<String CS="1" CONTENT="&#8230;"/>
<SP HEIGHT="53" WIDTH="84" VPOS="3225" HPOS="1478"/>
<String CONTENT="New" HEIGHT="53" WIDTH="139" VPOS="3225" HPOS="1563"/>
<SP HEIGHT="53" WIDTH="43" VPOS="3225" HPOS="1703"/>
<String CONTENT="York" HEIGHT="54" WIDTH="165" VPOS="3224" HPOS="1747"/>
<SP HEIGHT="54" WIDTH="42" VPOS="3224" HPOS="1913"/>
<String CONTENT="city," HEIGHT="70" WIDTH="135" VPOS="3225" HPOS="1956"/>
</TextLine>
<TextLine HEIGHT="70" WIDTH="1428" VPOS="3301" HPOS="87" STYLEREFS="StyleId-40C3D49B-4D64-43AB-BABE-3E16F5DC816D-" LANG="en-US">
<String CONTENT="Teachers" HEIGHT="52" WIDTH="277" VPOS="3302" HPOS="87"/>
<SP HEIGHT="34" WIDTH="30" VPOS="3320" HPOS="365"/>
<String CONTENT="college," HEIGHT="68" WIDTH="229" VPOS="3302" HPOS="396"/>
<SP HEIGHT="68" WIDTH="33" VPOS="3301" HPOS="626"/>
<String CONTENT="Columbia" HEIGHT="54" WIDTH="300" VPOS="3301" HPOS="660"/>
<SP HEIGHT="35" WIDTH="29" VPOS="3320" HPOS="961"/>
<String CONTENT="university," HEIGHT="69" WIDTH="337" VPOS="3302" HPOS="991"/>
<SP HEIGHT="61" WIDTH="35" VPOS="3308" HPOS="1329"/>
<String CONTENT="1931." HEIGHT="52" WIDTH="150" VPOS="3305" HPOS="1365"/>
</TextLine>
<TextLine HEIGHT="98" WIDTH="1985" VPOS="3380" HPOS="86" LANG="en-US" CS="1">
<String CS="1" CONTENT="v," HEIGHT="16" WIDTH="8" VPOS="3413" HPOS="189"/>
<SP HEIGHT="47" WIDTH="31" VPOS="3382" HPOS="198"/>
<String CONTENT="107" HEIGHT="41" WIDTH="85" VPOS="3380" HPOS="230"/>
<SP HEIGHT="47" WIDTH="28" VPOS="3382" HPOS="316"/>
<String CONTENT="p." HEIGHT="38" WIDTH="43" VPOS="3391" HPOS="345"/>
<SP HEIGHT="40" WIDTH="59" VPOS="3380" HPOS="389"/>
<String CS="1" CONTENT="23&#189;&#7580;&#7504;." HEIGHT="43" WIDTH="146" VPOS="3380" HPOS="449"/>
<SP HEIGHT="47" WIDTH="69" VPOS="3383" HPOS="596"/>
<String CONTENT="(Teachers" HEIGHT="48" WIDTH="264" VPOS="3382" HPOS="666"/>
<SP HEIGHT="30" WIDTH="32" VPOS="3393" HPOS="931"/>
<String CONTENT="college," HEIGHT="49" WIDTH="191" VPOS="3382" HPOS="964"/>
<SP HEIGHT="50" WIDTH="36" VPOS="3381" HPOS="1156"/>
<String CONTENT="Columbia" HEIGHT="43" WIDTH="253" VPOS="3381" HPOS="1193"/>
<SP HEIGHT="30" WIDTH="35" VPOS="3393" HPOS="1447"/>
<String CONTENT="university." HEIGHT="49" WIDTH="287" VPOS="3382" HPOS="1483"/>
<SP HEIGHT="45" WIDTH="61" VPOS="3380" HPOS="1771"/>
<String CONTENT="Contributions" HEIGHT="98" WIDTH="1985" VPOS="3380" HPOS="86"/>
</TextLine>
<TextLine HEIGHT="49" WIDTH="590" VPOS="3437" HPOS="245" LANG="en-US">
<String CONTENT="to" HEIGHT="39" WIDTH="48" VPOS="3439" HPOS="245"/>
<SP HEIGHT="29" WIDTH="26" VPOS="3448" HPOS="294"/>
<String CONTENT="education," HEIGHT="47" WIDTH="272" VPOS="3438" HPOS="321"/>
<SP HEIGHT="35" WIDTH="29" VPOS="3450" HPOS="594"/>
<String CONTENT="no." HEIGHT="30" WIDTH="74" VPOS="3448" HPOS="624"/>
<SP HEIGHT="40" WIDTH="26" VPOS="3438" HPOS="699"/>
<String CONTENT="458)" HEIGHT="49" WIDTH="109" VPOS="3437" HPOS="726"/>
</TextLine>
<TextLine HEIGHT="97" WIDTH="1986" VPOS="3492" HPOS="86" LANG="en-US" CS="1">
<String CONTENT="A" HEIGHT="38" WIDTH="42" VPOS="3493" HPOS="155"/>
<SP HEIGHT="40" WIDTH="24" VPOS="3493" HPOS="198"/>
<String CONTENT="study" HEIGHT="45" WIDTH="145" VPOS="3494" HPOS="223"/>
<SP HEIGHT="36" WIDTH="26" VPOS="3503" HPOS="369"/>
<String CONTENT="of" HEIGHT="40" WIDTH="55" VPOS="3492" HPOS="396"/>
<SP HEIGHT="41" WIDTH="23" VPOS="3492" HPOS="452"/>
<String CONTENT="the" HEIGHT="40" WIDTH="83" VPOS="3494" HPOS="476"/>
<SP HEIGHT="30" WIDTH="26" VPOS="3504" HPOS="560"/>
<String CONTENT="results" HEIGHT="39" WIDTH="178" VPOS="3494" HPOS="587"/>
<SP HEIGHT="30" WIDTH="27" VPOS="3504" HPOS="766"/>
<String CONTENT="obtained" HEIGHT="42" WIDTH="228" VPOS="3493" HPOS="794"/>
<SP HEIGHT="40" WIDTH="24" VPOS="3494" HPOS="1023"/>
<String CONTENT="from" HEIGHT="41" WIDTH="130" VPOS="3494" HPOS="1048"/>
<SP HEIGHT="31" WIDTH="26" VPOS="3504" HPOS="1179"/>
<String CONTENT="a" HEIGHT="31" WIDTH="29" VPOS="3504" HPOS="1206"/>
<SP HEIGHT="39" WIDTH="28" VPOS="3496" HPOS="1236"/>
<String CONTENT="test" HEIGHT="40" WIDTH="98" VPOS="3496" HPOS="1265"/>
<SP HEIGHT="39" WIDTH="25" VPOS="3497" HPOS="1364"/>
<String CONTENT="which" HEIGHT="41" WIDTH="161" VPOS="3494" HPOS="1390"/>
<SP HEIGHT="40" WIDTH="25" VPOS="3494" HPOS="1552"/>
<String CONTENT="was" HEIGHT="31" WIDTH="103" VPOS="3504" HPOS="1578"/>
<SP HEIGHT="39" WIDTH="25" VPOS="3504" HPOS="1682"/>
<String CONTENT="given" HEIGHT="50" WIDTH="142" VPOS="3493" HPOS="1708"/>
<SP HEIGHT="41" WIDTH="26" VPOS="3495" HPOS="1851"/>
<String CONTENT="to" HEIGHT="41" WIDTH="52" VPOS="3495" HPOS="1878"/>
<SP HEIGHT="40" WIDTH="28" VPOS="3495" HPOS="1931"/>
<String CONTENT="fifty-two" HEIGHT="94" WIDTH="1986" VPOS="3495" HPOS="86"/>
</TextLine>
<TextLine HEIGHT="52" WIDTH="1876" VPOS="3548" HPOS="213" LANG="en-US">
<String CONTENT="children" HEIGHT="41" WIDTH="218" VPOS="3548" HPOS="213"/>
<SP HEIGHT="39" WIDTH="31" VPOS="3549" HPOS="432"/>
<String CONTENT="from" HEIGHT="40" WIDTH="126" VPOS="3549" HPOS="464"/>
<SP HEIGHT="38" WIDTH="33" VPOS="3551" HPOS="591"/>
<String CONTENT="the" HEIGHT="40" WIDTH="82" VPOS="3550" HPOS="625"/>
<SP HEIGHT="40" WIDTH="33" VPOS="3550" HPOS="708"/>
<String CONTENT="Institute" HEIGHT="41" WIDTH="234" VPOS="3550" HPOS="742"/>
<SP HEIGHT="41" WIDTH="29" VPOS="3550" HPOS="977"/>
<String CONTENT="for" HEIGHT="40" WIDTH="80" VPOS="3550" HPOS="1007"/>
<SP HEIGHT="31" WIDTH="27" VPOS="3560" HPOS="1088"/>
<String CONTENT="child" HEIGHT="41" WIDTH="132" VPOS="3550" HPOS="1116"/>
<SP HEIGHT="48" WIDTH="31" VPOS="3551" HPOS="1249"/>
<String CONTENT="guidance," HEIGHT="49" WIDTH="250" VPOS="3550" HPOS="1281"/>
<SP HEIGHT="36" WIDTH="35" VPOS="3561" HPOS="1532"/>
<String CONTENT="and" HEIGHT="40" WIDTH="97" VPOS="3551" HPOS="1568"/>
<SP HEIGHT="40" WIDTH="29" VPOS="3551" HPOS="1666"/>
<String CONTENT="to" HEIGHT="39" WIDTH="50" VPOS="3552" HPOS="1696"/>
<SP HEIGHT="39" WIDTH="32" VPOS="3553" HPOS="1747"/>
<String CONTENT="two" HEIGHT="39" WIDTH="96" VPOS="3553" HPOS="1780"/>
<SP HEIGHT="39" WIDTH="31" VPOS="3560" HPOS="1877"/>
<String CONTENT="groups" HEIGHT="40" WIDTH="180" VPOS="3560" HPOS="1909"/>
</TextLine>
<TextLine HEIGHT="48" WIDTH="1038" VPOS="3604" HPOS="85" LANG="en-US">
<String CONTENT="of" HEIGHT="40" WIDTH="52" VPOS="3605" HPOS="85"/>
<SP HEIGHT="47" WIDTH="26" VPOS="3605" HPOS="138"/>
<String CONTENT="private" HEIGHT="48" WIDTH="190" VPOS="3604" HPOS="165"/>
<SP HEIGHT="30" WIDTH="28" VPOS="3615" HPOS="356"/>
<String CONTENT="and" HEIGHT="39" WIDTH="96" VPOS="3605" HPOS="385"/>
<SP HEIGHT="46" WIDTH="26" VPOS="3605" HPOS="482"/>
<String CONTENT="public" HEIGHT="47" WIDTH="161" VPOS="3604" HPOS="509"/>
<SP HEIGHT="30" WIDTH="27" VPOS="3615" HPOS="671"/>
<String CONTENT="school" HEIGHT="39" WIDTH="164" VPOS="3606" HPOS="699"/>
<SP HEIGHT="41" WIDTH="24" VPOS="3606" HPOS="864"/>
<String CONTENT="children." HEIGHT="43" WIDTH="234" VPOS="3605" HPOS="889"/>
</TextLine>
<TextLine HEIGHT="49" WIDTH="1495" VPOS="3660" HPOS="156" LANG="en-US" CS="1">
<String CONTENT="Published" HEIGHT="40" WIDTH="263" VPOS="3660" HPOS="156"/>
<SP HEIGHT="38" WIDTH="25" VPOS="3662" HPOS="420"/>
<String CONTENT="also" HEIGHT="40" WIDTH="102" VPOS="3660" HPOS="446"/>
<SP HEIGHT="29" WIDTH="26" VPOS="3670" HPOS="549"/>
<String CONTENT="as" HEIGHT="30" WIDTH="54" VPOS="3670" HPOS="576"/>
<SP HEIGHT="38" WIDTH="26" VPOS="3662" HPOS="631"/>
<String CONTENT="thesis" HEIGHT="41" WIDTH="153" VPOS="3660" HPOS="658"/>
<SP HEIGHT="47" WIDTH="36" VPOS="3662" HPOS="812"/>
<String CS="1" CONTENT="(PH." HEIGHT="47" WIDTH="107" VPOS="3662" HPOS="849"/>
<SP HEIGHT="32" WIDTH="25" VPOS="3672" HPOS="957"/>
<String CS="1" CONTENT="D.)" HEIGHT="48" WIDTH="34" VPOS="3661" HPOS="1014"/>
<SP HEIGHT="49" WIDTH="35" VPOS="3660" HPOS="1049"/>
<String CONTENT="Columbia" HEIGHT="42" WIDTH="254" VPOS="3660" HPOS="1085"/>
<SP HEIGHT="30" WIDTH="25" VPOS="3672" HPOS="1340"/>
<String CONTENT="university." HEIGHT="48" WIDTH="285" VPOS="3660" HPOS="1366"/>
</TextLine>
<TextLine HEIGHT="51" WIDTH="1933" VPOS="3716" HPOS="155" LANG="en-US">
<String CONTENT="The" HEIGHT="40" WIDTH="101" VPOS="3716" HPOS="155"/>
<SP HEIGHT="37" WIDTH="31" VPOS="3719" HPOS="257"/>
<String CONTENT="test" HEIGHT="37" WIDTH="96" VPOS="3719" HPOS="289"/>
<SP HEIGHT="42" WIDTH="43" VPOS="3717" HPOS="386"/>
<String CONTENT="(p." HEIGHT="46" WIDTH="65" VPOS="3717" HPOS="430"/>
<SP HEIGHT="41" WIDTH="31" VPOS="3716" HPOS="496"/>
<String CONTENT="9-23)" HEIGHT="46" WIDTH="138" VPOS="3716" HPOS="528"/>
<SP HEIGHT="45" WIDTH="44" VPOS="3717" HPOS="667"/>
<String CONTENT="was" HEIGHT="31" WIDTH="101" VPOS="3726" HPOS="712"/>
<SP HEIGHT="38" WIDTH="30" VPOS="3727" HPOS="814"/>
<String CONTENT="published" HEIGHT="48" WIDTH="257" VPOS="3717" HPOS="845"/>
<SP HEIGHT="40" WIDTH="32" VPOS="3718" HPOS="1103"/>
<String CONTENT="under" HEIGHT="40" WIDTH="155" VPOS="3718" HPOS="1136"/>
<SP HEIGHT="38" WIDTH="32" VPOS="3720" HPOS="1292"/>
<String CONTENT="title:" HEIGHT="41" WIDTH="136" VPOS="3717" HPOS="1325"/>
<SP HEIGHT="40" WIDTH="33" VPOS="3717" HPOS="1462"/>
<String CONTENT="A" HEIGHT="39" WIDTH="42" VPOS="3717" HPOS="1496"/>
<SP HEIGHT="42" WIDTH="29" VPOS="3717" HPOS="1539"/>
<String CONTENT="test" HEIGHT="41" WIDTH="99" VPOS="3718" HPOS="1569"/>
<SP HEIGHT="39" WIDTH="31" VPOS="3720" HPOS="1669"/>
<String CONTENT="of" HEIGHT="41" WIDTH="54" VPOS="3717" HPOS="1701"/>
<SP HEIGHT="49" WIDTH="28" VPOS="3717" HPOS="1756"/>
<String CONTENT="personality" HEIGHT="50" WIDTH="303" VPOS="3717" HPOS="1785"/>
</TextLine>
<TextLine HEIGHT="49" WIDTH="911" VPOS="3771" HPOS="87" LANG="en-US">
<String CONTENT="adjustment," HEIGHT="45" WIDTH="315" VPOS="3771" HPOS="87"/>
<SP HEIGHT="30" WIDTH="60" VPOS="3782" HPOS="403"/>
<String CONTENT="cf." HEIGHT="45" WIDTH="60" VPOS="3774" HPOS="464"/>
<SP HEIGHT="38" WIDTH="27" VPOS="3782" HPOS="525"/>
<String CONTENT="p." HEIGHT="38" WIDTH="43" VPOS="3782" HPOS="553"/>
<SP HEIGHT="43" WIDTH="28" VPOS="3771" HPOS="597"/>
<String CONTENT="9," HEIGHT="42" WIDTH="39" VPOS="3771" HPOS="626"/>
<SP HEIGHT="40" WIDTH="27" VPOS="3773" HPOS="666"/>
<String CONTENT="foot-note" HEIGHT="41" WIDTH="237" VPOS="3773" HPOS="694"/>
<SP HEIGHT="41" WIDTH="23" VPOS="3773" HPOS="932"/>
<String CONTENT="1." HEIGHT="40" WIDTH="42" VPOS="3773" HPOS="956"/>
</TextLine>
<TextLine HEIGHT="49" WIDTH="552" VPOS="3826" HPOS="156" LANG="en-US">
<String CONTENT="Bibliography:" HEIGHT="49" WIDTH="376" VPOS="3826" HPOS="156"/>
<SP HEIGHT="38" WIDTH="31" VPOS="3837" HPOS="533"/>
<String CONTENT="p." HEIGHT="37" WIDTH="42" VPOS="3838" HPOS="565"/>
<SP HEIGHT="40" WIDTH="28" VPOS="3827" HPOS="608"/>
<String CONTENT="98." HEIGHT="43" WIDTH="71" VPOS="3827" HPOS="637"/>
</TextLine>
<TextLine HEIGHT="57" WIDTH="1990" VPOS="3880" HPOS="95" LANG="en-US" CS="1">
<String CONTENT="&#169;" HEIGHT="51" WIDTH="51" VPOS="3880" HPOS="95"/>
<SP HEIGHT="51" WIDTH="32" VPOS="3880" HPOS="147"/>
<String CONTENT="Mar." HEIGHT="38" WIDTH="119" VPOS="3886" HPOS="180"/>
<SP HEIGHT="39" WIDTH="30" VPOS="3884" HPOS="300"/>
<String CONTENT="2," HEIGHT="48" WIDTH="39" VPOS="3884" HPOS="331"/>
<SP HEIGHT="46" WIDTH="31" VPOS="3886" HPOS="371"/>
<String CS="1" CONTENT="1931;" HEIGHT="40" WIDTH="114" VPOS="3884" HPOS="403"/>
<SP HEIGHT="46" WIDTH="33" VPOS="3884" HPOS="545"/>
<String CONTENT="2c." HEIGHT="41" WIDTH="67" VPOS="3884" HPOS="579"/>
<SP HEIGHT="39" WIDTH="32" VPOS="3886" HPOS="647"/>
<String CONTENT="Mar." HEIGHT="40" WIDTH="121" VPOS="3886" HPOS="680"/>
<SP HEIGHT="41" WIDTH="30" VPOS="3885" HPOS="802"/>
<String CS="1" CONTENT="24;" HEIGHT="39" WIDTH="55" VPOS="3885" HPOS="833"/>
<SP HEIGHT="31" WIDTH="33" VPOS="3896" HPOS="916"/>
<String CONTENT="aff." HEIGHT="41" WIDTH="83" VPOS="3886" HPOS="950"/>
<SP HEIGHT="39" WIDTH="33" VPOS="3888" HPOS="1034"/>
<String CONTENT="Mar." HEIGHT="38" WIDTH="121" VPOS="3888" HPOS="1068"/>
<SP HEIGHT="38" WIDTH="30" VPOS="3887" HPOS="1190"/>
<String CS="1" CONTENT="31;" HEIGHT="38" WIDTH="56" VPOS="3887" HPOS="1221"/>
<SP HEIGHT="45" WIDTH="35" VPOS="3887" HPOS="1305"/>
<!-- cceid E8ED36DC-6E8D-1014-9CF5-AEB3FCA41D69 --><String CONTENT="A" HEIGHT="38" WIDTH="39" VPOS="3887" HPOS="1341"/>
<SP HEIGHT="39" WIDTH="32" VPOS="3887" HPOS="1381"/>
<String CS="1" CONTENT="35538;" HEIGHT="41" WIDTH="145" VPOS="3886" HPOS="1414"/>
<SP HEIGHT="46" WIDTH="35" VPOS="3887" HPOS="1585"/>
<String CONTENT="Teachers" HEIGHT="40" WIDTH="239" VPOS="3887" HPOS="1621"/>
<SP HEIGHT="29" WIDTH="32" VPOS="3898" HPOS="1861"/>
<String CONTENT="college," HEIGHT="48" WIDTH="191" VPOS="3889" HPOS="1894"/>
</TextLine>
<TextLine HEIGHT="0" WIDTH="0" VPOS="0" HPOS="0" LANG="en-US" CS="1">
<String CS="1" CONTENT="Columbia"/>
<SP/>
<String CS="1" CONTENT="univ."/>
<SP/>
<String CS="1" CONTENT="(31-13357)"/>
</TextLine>
</TextBlock>
</PrintSpace>
</Page>
</Layout>
</alto>