2505 4370
1208 4083 138 50 1384

274 425 363 65 Wolverton,
668 426 180 53 Ethel
874 427 65 55 T.

343 504 155 52 That
535 501 242 74 missing
815 503 159 69 deed,
1012 504 74 69 by
1126 504 175 54 Ethel
1339 506 65 53 T.
1443 506 365 60 Wolverton;
1855 507 323 54 illustrated
2219 509 70 70 by

270 582 160 54 John
472 582 80 53 M.
597 583 219 52 Foster.
892 583 141 54 New
1077 583 164 53 York
1283 585 114 53 and
1439 584 260 69 London,
1743 586 65 53 F.
1851 587 214 53 Warne
2106 590 45 50 &
2193 606 98 49 co.,

270 659 337 69 inc. [ ᶜ19 31]
341 741 1613 51 3 p. l., v-vi, 297 p. col. front., illus. (plan) plates. 20 ᶜᵐ .
276 808 52 53 ©
361 813 130 49 Sept.
521 815 40 46 1,
591 814 142 48 1931;
764 815 68 40 2c.
866 814 129 48 Sept.
1023 816 55 46 4;
1110 814 84 42 aff.
1227 814 130 48 Sept.
1387 816 54 46 3;
1474 815 42 39 A
1544 814 173 49 42139;
1752 816 264 41 Frederick
2047 818 184 39 Warne
2259 819 37 41 &

345 882 84 36 co.,
462 871 90 41 inc.
625 872 283 48 (31-22655)

270 982 448 66 Worthington,
747 983 342 65 Josephine.

268 1060 2000 132 … Our clothing, by Josephine Worthington … and Catherine
266 1139 2001 148 Victoria Matthews … Dansville, N. Y., F. A. Owen publishing
514 1224 515 64 company [ᶜ1931 ]
339 1298 1255 53 256 p. illus. 19½ ᶜᵐ . (Our every day needs)
275 1367 52 53 ©
354 1372 123 49 Aug.
503 1373 70 48 31,
601 1372 115 41 1931;
773 1373 69 40 2c.
871 1373 130 49 Sept.
1028 1374 27 39 2;
1112 1373 83 41 aff.
1227 1373 131 49 Sept.
1386 1374 25 39 1;
1469 1374 42 39 A
1537 1374 146 39 42114;
1742 1374 53 42 F.
1823 1374 54 40 A.
1908 1374 148 41 Owen
2083 1376 110 47 pub.
2225 1388 67 29 co.

353 1429 284 51 (31-23402)

269 1542 199 64 Wren,
499 1541 270 55 Percival
802 1541 413 65 Christopher.

336 1617 238 70 Sowing
602 1619 167 69 glory;
829 1618 96 55 the
955 1617 266 56 memoirs
1253 1619 64 53 of
1346 1619 205 72 “Mary
1583 1619 298 69 Ambree”,
1912 1620 96 54 the
2039 1619 250 70 English

265 1696 1961 73 woman-legionary, edited by Percival Christopher Wren …
264 1775 139 55 New
439 1776 180 70 York,
652 1775 310 54 Frederick
995 1775 69 54 A.
1102 1775 205 56 Stokes
1341 1795 296 53 company,
1674 1781 150 49 1931.

370 1857 666 49 x p., 2 l., 3-380 p. 19½ ᶜᵐ .
274 1927 52 53 ©
355 1933 122 48 Aug.
504 1932 71 49 27,
604 1931 109 41 1931;
777 1932 67 39 2c.
875 1933 97 39 and
1076 1965 8 8 aff.
1117 1931 129 49 Sept.
1277 1931 27 39 2;
1363 1932 40 39 A
1431 1931 148 41 41402;
1639 1933 264 41 Frederick
1931 1934 54 41 A.
2020 1934 172 41 Stokes
2224 1947 68 29 co.

352 1989 284 50 (31-22438)

267 2098 392 67 Yakhontoff,
690 2099 208 55 Victor
927 2100 54 54 A
1273 2105 173 50 1881-

338 2177 209 54 Russia
584 2179 114 53 and
731 2180 97 52 the
861 2179 182 53 soviet
1076 2176 181 56 union
1290 2179 61 52 in
1385 2179 95 53 the
1519 2180 118 52 Far
1672 2181 160 66 East,
1865 2179 77 71 by
1980 2180 202 55 Victor
2214 2182 71 52 A.

266 2256 1876 70 Yakhontoff … New York, Coward-McCann, inc. [ ᶜ19 31 ]
338 2338 939 50 xxii, 454 p. 2 fold. maps. 23½ ᶜᵐ .
337 2410 355 49 Bibliography:
753 2422 44 38 p.
828 2411 220 42 431-444.

273 2477 52 53 ©
350 2482 122 48 Aug.
498 2481 55 41 25,
654 2483 54 40 1931;
764 2482 66 40 2c.
858 2483 98 39 and
1055 2513 8 9 aff.
1092 2483 120 47 Aug.
1239 2482 85 48 26;
1353 2482 41 40 A
1418 2481 147 41 41237;
1622 2481 462 48 Coward-McCann,
2112 2481 93 43 inc.

351 2538 284 51 (31-23665)

266 2633 147 55 Yale
444 2634 357 65 university.
875 2637 212 54 School
1114 2638 65 69 of
1208 2637 96 54 the
1331 2637 111 68 fine
1470 2641 135 49 arts.

396 2710 1889 73 … Handbook of the Gallery of fine arts. New Haven, The
261 2789 325 55 Associates
614 2791 61 52 in
704 2790 110 55 fine
844 2797 119 49 arts
992 2799 58 48 at
1081 2790 146 54 Yale
1258 2789 337 72 university,
1629 2793 150 50 1931.

335 2871 70 50 63,
442 2872 56 50 [1]
531 2883 44 38 p.
634 2872 131 41 illus.
794 2872 136 48 (incl.
964 2875 165 46 ports.,
1163 2882 128 38 map,
1325 2872 218 50 facsim.)
1613 2872 148 41 25½ᶜᵐ.
1827 2872 135 50 [Yale
1996 2872 289 47 university.

262 2929 281 41 Associates
572 2930 49 39 in
651 2929 95 41 fine
774 2932 105 39 arts
908 2932 53 38 at
990 2930 135 42 Yale.
1181 2929 236 43 Bulletin,
1472 2941 44 29 v.
1546 2929 40 49 5,
1617 2940 74 31 no.
1721 2930 100 49 1-3]

336 3000 72 41 On
433 3011 143 30 cover:
630 3001 275 40 Handbook;
959 3012 27 29 a
1011 3001 299 49 description
1337 3001 52 41 of
1414 3001 84 41 the
1524 3001 198 48 Gallery
1749 3000 53 41 of
1826 3001 94 41 fine
1947 3004 104 38 arts
2080 3002 96 40 and
2204 3001 81 41 the

263 3057 297 42 collections.

336 3114 365 42 “Publications
742 3126 59 30 on
842 3114 82 42 the
963 3114 198 41 various
1201 3114 282 41 collections
1523 3114 251 41 exhibited
1812 3115 49 39 in
1903 3116 82 40 the
2026 3114 199 47 Gallery”;
263 3183 44 38 p.
337 3172 70 41 63.

272 3243 52 53 ©
350 3248 118 47 July
493 3247 40 48 1,
557 3247 114 40 1931;
726 3246 68 41 2c.
818 3246 121 48 Aug.
964 3247 26 39 3;
1046 3244 83 42 aff.
1154 3245 123 48 Aug.
1302 3244 82 48 18;
1411 3245 42 39 A
1477 3243 174 49 40990;
1678 3245 284 41 Associates
1984 3245 49 40 in
2060 3244 95 40 fine
2182 3246 104 39 arts

337 3307 52 38 at
419 3306 119 38 Yale
567 3304 287 47 university.
927 3302 283 50 (31-22774)

267 3399 184 64 York,
482 3399 323 64 Dorothea,
838 3402 85 53 ed.

333 3475 148 54 Mud
506 3476 114 53 and
644 3480 148 49 stars;
849 3494 73 33 an
948 3475 317 69 anthology
1289 3473 65 54 of
1378 3473 182 54 world
1585 3492 119 33 war
1726 3491 171 51 songs
1923 3473 113 52 and
2063 3477 222 64 poetry,

267 3554 192 53 edited
511 3553 76 70 by
641 3553 295 53 Dorothea
991 3553 179 52 York.
1246 3552 343 54 Australian
1641 3552 240 68 chapter
1931 3550 77 69 by
2058 3550 229 53 Arthur

265 3630 1746 71 Boughton. New York, H. Holt and company [ ᶜ19 31 ]
441 3746 9 16 xxv,
478 3714 85 42 301
590 3726 44 37 p.
693 3714 120 47 21“”,

338 3786 227 40 Includes
592 3785 170 42 music.

338 3842 166 41 “First
529 3842 263 49 printing.”

338 3898 352 50 Bibliography:
750 3910 45 38 p.
822 3898 221 43 287-296.

275 3966 52 55 ©
364 3971 129 49 Sept.
526 3970 41 49 9,
601 3970 113 42 1931;
778 3971 68 43 2c.
880 3972 95 40 and
1084 4002 8 7 aff.
1130 3970 130 49 Sept.
1295 3968 57 41 10;
1413 3969 40 39 A
1486 3967 147 42 41547;
1696 3967 60 42 D.
1790 3966 145 49 York,
1971 3964 160 51 Royal
2164 3964 120 51 Oak,

345 4028 144 40 Mich.
564 4028 282 46 (31-24054)
