2428 4370
1045 3968 132 52 1883

177 427 1421 57 4 p. l., i-ii, 123, [1] p., 1 l. front., illus., plates. 23½ᶜᵐ.
109 494 1974 109 “Five hundred and thirty-five copies … thirty-five of which are numbered
282 562 96 41 and
407 559 194 43 contain
632 560 82 40 the
743 559 106 40 first
879 556 314 50 impressions
1222 555 129 41 from
1382 556 81 40 the
1494 556 169 47 plates,
1695 553 117 40 each
1844 552 166 49 signed
2041 552 60 48 by

112 622 78 38 the
220 617 160 49 artist,
411 619 123 38 have
566 616 118 40 been
714 614 234 49 printed.”
1010 613 118 40 This
1160 623 119 37 copy
1310 612 167 48 signed
1509 612 86 40 but
1626 614 84 37 not
1741 610 277 40 numbered.

115 688 51 51 ©
198 693 116 37 Nov.
346 691 39 40 4,
418 688 112 41 1931;
591 688 68 40 2c.
691 687 96 40 and
818 685 83 42 aff.
933 685 119 41 Nov.
1085 684 25 40 6;
1170 685 42 38 A
1242 683 144 41 43844;
1449 682 270 49 Derrydale
1752 691 149 38 press.

192 744 280 52 (31-33189)

110 848 1968 139 Columbia university. Dept. of English and comparative literature.
179 1011 54 52 A
275 1009 164 53 home
479 1008 173 68 study
693 1024 193 38 course
926 1006 59 54 in
1027 1005 135 68 play
1167 1002 251 69 writing,
1461 1003 279 69 prepared
1783 1004 182 51 under
2006 1002 93 53 the

108 1083 355 70 supervision
497 1085 64 53 of
595 1085 97 52 the
725 1085 376 65 Department
1138 1081 64 52 of
1238 1079 262 70 English,
1538 1079 299 57 Columbia
109 1079 1967 145 university.

303 1164 137 53 New
473 1162 177 61 York,
680 1157 298 60 Columbia
1008 1157 317 65 university
1356 1175 173 47 press,
1561 1162 150 49 1931.

180 1243 209 50 101 p. 19½ᶜᵐ.
114 1312 53 51 ©
201 1316 118 40 Nov.
355 1314 69 49 10,
458 1312 114 41 1931;
634 1313 68 39 2c.
737 1314 95 39 and
867 1310 83 44 aff.
984 1310 120 41 Nov.
1139 1312 83 45 11;
1258 1311 41 38 A
1332 1308 173 49 44829;
1544 1308 251 41 Columbia
1832 1306 272 51 university

182 1382 148 38 press.
401 1371 279 48 (31-33141)

110 1480 249 62 Durant,
390 1477 254 55 William
673 1478 219 61 James,
925 1482 168 50 1885-

104 1548 1972 148 … A program for America. [New York] Simon and Schuster, 1931.
174 1715 637 50 4 p. l., 11-146 p. 20½ᶜᵐ.
176 1786 62 41 At
264 1784 123 43 head
417 1787 51 38 of
492 1785 108 41 title;
656 1785 109 40 Will
796 1784 205 41 Durant.

114 1855 53 51 ©
196 1859 115 38 Nov.
343 1856 68 49 10,
441 1856 106 40 1931;
610 1857 66 38 2c.
708 1856 115 39 Nov.
856 1855 53 39 13;
968 1853 82 42 aff.
1082 1854 117 41 Nov.
1228 1853 54 39 12;
1343 1854 39 39 A
1410 1852 149 42 43970;
1679 1886 6 8 W.
1718 1854 206 42 Durant,
1957 1852 147 41 Great

184 1914 144 48 Neck,
358 1913 51 42 L.
441 1914 51 46 I.,
523 1914 53 38 N.
611 1913 50 39 Y.
733 1911 280 49 (31-32878)

113 2022 305 62 Eastman,
446 2022 158 61 Max,
636 2026 169 50 1883-

179 2099 121 52 The
335 2098 238 69 literary
608 2097 189 67 mind;
836 2097 74 53 its
948 2097 158 69 place
1144 2096 59 53 in
1243 2115 73 34 an
1352 2115 102 51 age
1490 2096 64 53 of
1589 2097 229 66 science,
1852 2097 74 68 by
1964 2096 136 53 Max

111 2176 289 53 Eastman.
465 2177 138 52 New
630 2175 177 68 York,
835 2174 258 70 London,
1122 2175 62 55 C.
1215 2172 312 58 Scribner’s
1555 2192 146 49 sons,
1731 2178 148 49 1931.

180 2256 580 50 ix p., 2 l., 3-343 p 21½ᶜᵐ.
182 2327 175 42 “Notes
386 2328 95 39 and
508 2326 300 41 references”;
866 2338 43 37 p.
935 2325 218 42 321-343.

115 2395 52 51 ©
193 2399 119 40 Nov.
338 2398 68 47 13,
432 2396 113 42 1931;
601 2397 68 40 2c.
697 2399 94 39 and
818 2397 81 40 aff.
926 2397 117 42 Nov.
1072 2398 55 39 17;
1183 2398 42 38 A
1251 2398 144 40 44813;
1454 2395 201 43 Charles
1686 2395 266 42 Scribner’s
1980 2405 126 33 sons.

193 2453 280 49 (31-33150)

113 2547 310 55 Electrical
451 2549 200 53 world.

180 2622 323 57 Successful
532 2625 258 55 methods
820 2625 59 52 in
910 2625 282 54 electrical
1222 2624 395 71 engineering;
1653 2643 32 34 a
1716 2624 294 54 collection
2044 2623 64 54 of

110 2700 224 55 articles
393 2701 323 70 describing
773 2702 370 70 successfully
1201 2703 137 53 used
1397 2702 284 54 electrical
1740 2702 369 70 engineering

111 2776 1665 76 methods. New York, N. Y., Electrical world, ᶜ19 31.
179 2861 938 53 4 p. l., 7-253 p. illus., diagrs. 24½ ᶜᵐ.
183 2933 147 40 “This
360 2932 122 42 book
512 2932 43 41 is
586 2934 138 39 made
757 2944 63 37 up
850 2934 51 40 of
934 2934 355 40 contributions
1321 2933 126 41 from
1479 2933 253 50 engineers
1764 2936 49 38 to
1847 2933 259 43 Electrical

111 2990 150 40 world
289 2988 178 50 during
490 2990 82 39 the
598 2992 112 45 past
735 3000 116 37 year
876 3001 54 30 or
957 2990 477 41 two.”—Foreword.

458 3060 133 47 CONTENTS.—pt.
633 3066 30 33 I.
709 3061 143 47 Light
896 3061 96 40 and
1034 3071 160 38 power
1237 3059 457 50 engineering.—pt.
1739 3066 53 33 II.
1836 3059 272 42 Industrial

111 3116 244 41 electrical
386 3116 324 49 engineering.

119 3183 52 52 ©
199 3188 102 40 Oct.
329 3188 39 48 1,
395 3186 112 41 1931;
565 3189 67 39 2c.
659 3188 116 39 Nov.
804 3188 25 39 5;
887 3187 81 41 aff.
999 3187 100 41 Oct.
1128 3188 54 40 31;
1239 3188 40 39 A
1306 3188 144 41 44823;
1510 3186 348 42 McGraw-Hill
1889 3187 109 48 pub.
2027 3196 83 37 co.,

187 3244 104 48 inc.,
319 3244 116 40 New
463 3244 143 40 York.
676 3242 278 50 (31-33193)

116 3337 160 64 Elks,
305 3338 359 54 Benevolent
693 3340 113 52 and
837 3338 325 65 protective
1190 3339 173 53 order
1392 3339 81 54 of.

179 3414 120 52 The
329 3413 143 54 Elks
499 3414 255 54 national
783 3414 307 69 memorial,
1122 3416 329 53 authorized
1482 3416 72 68 by
1586 3416 94 53 the
1712 3415 198 53 Grand
1942 3413 165 70 lodge

111 3490 64 53 of
199 3491 95 54 the
321 3491 345 56 Benevolent
691 3492 112 53 and
830 3494 311 65 protective
1169 3493 164 52 order
1362 3493 63 54 of
1452 3492 143 55 Elks
1622 3493 62 52 of
1709 3493 95 52 the
1830 3492 72 55 U.
1931 3492 55 54 S.
2017 3490 90 59 A.,

112 3568 112 54 and
257 3567 299 69 published
589 3568 181 53 under
802 3569 95 54 the
929 3569 353 69 supervision
1315 3570 63 53 of
1409 3569 95 55 the
1536 3569 144 55 Elks
1710 3570 251 53 national

112 3586 1972 113 memorial
350 3645 403 69 headquarters
789 3646 370 55 commission.
1234 3646 268 73 Chicago,
1542 3650 149 51 1931.

183 3722 1321 54 73 p. incl. front., illus., col. plates, col. pl. 31½ ᶜᵐ.
122 3793 52 52 ©
203 3798 127 48 Sept.
359 3799 37 46 1,
425 3797 139 47 1931;
594 3798 65 41 2c.
688 3799 115 40 Nov.
833 3800 52 45 7;
915 3799 81 40 aff.
1025 3800 117 41 Nov.
1172 3801 58 39 16;
1285 3802 38 37 A
1351 3800 144 41 45038;
1555 3801 164 40 Grand

1748 3802 138 47 lodge
191 3802 1903 93 benevolent
325 3856 95 41 and
455 3856 267 47 protective
754 3857 138 39 order
929 3857 52 39 of
1016 3857 117 38 Elks
1169 3858 51 39 of
1254 3858 82 40 the
1374 3857 176 42 United
1590 3858 161 41 States
1788 3859 51 39 of
1876 3857 235 49 America,

196 3909 219 50 Chicago.
491 3912 278 47 (31-33047)
