2428 4370
995 3999 136 52 1623

176 448 751 53 xv, 422 p. front., illus. 21 ᶜᵐ .
49 520 49 53 ©
131 523 127 48 Sept.
286 522 69 47 25,
384 520 113 41 1931;
556 520 66 39 2c.
652 520 96 38 and
778 516 80 43 aff.
890 516 128 49 Sept.
1048 517 55 40 28;
1162 516 41 39 A
1231 515 170 47 12660;
1435 516 55 40 D.
1522 515 239 48 Appleton
1790 514 37 40 &
1856 524 66 30 co.

123 579 279 48 (31-25003)

47 675 200 62 Truss,
277 672 230 56 Seldon.

109 746 120 53 The
253 747 388 51 Hunterstone
668 750 252 63 outrage,
944 744 75 68 by
1049 743 208 56 Seldon
1286 743 191 53 Truss.
1541 742 138 52 New
1709 740 180 71 York,
1917 741 121 52 The

40 825 215 69 Mystery
325 828 212 62 league,
570 822 125 69 inc.,
729 824 150 52 1931.

112 903 993 52 2 p. l., 9-290 p. illus. (plan) 19½ ᶜᵐ .
113 962 162 41 “First
304 961 224 42 edition.”

114 1018 175 40 “Baffle
321 1027 124 37 case,
481 1025 198 31 number
713 1027 100 34 one,
849 1016 101 39 The
984 1015 286 41 McCumber
1304 1016 208 45 murder,
1548 1015 59 46 by
1645 1014 217 40 Lassiter
1896 1016 144 39 Wren

42 1076 36 39 &
106 1075 186 40 Randle
323 1072 215 48 McKay”:
597 1083 44 38 p.
675 1071 245 49 [279]-290.

52 1128 50 51 ©
130 1132 125 47 Sept.
280 1130 69 48 28,
375 1129 112 41 1931;
541 1129 66 40 2c.
634 1130 96 38 and
755 1128 78 39 aff.
862 1127 101 41 Oct.
989 1129 24 38 1;
1069 1127 41 39 A
1134 1125 145 42 41979;
1334 1128 217 47 Mystery
1576 1129 183 46 league,
1787 1128 88 39 inc.

129 1187 279 49 (31-25217)

50 1282 232 64 Varble,
313 1283 138 52 Mrs.
482 1279 219 54 Rachel
731 1281 78 53 M.

116 1357 186 53 Marie
339 1356 64 53 of
439 1356 96 53 the
573 1356 245 68 gypsies,
855 1355 76 69 by
969 1355 215 53 Rachel
1221 1355 80 52 M.
1340 1354 233 69 Varble,
1614 1354 139 54 with
49 1355 1971 133 illustrations

217 1434 76 69 by
317 1435 242 52 Evelina
582 1433 81 53 M.
687 1433 266 54 Jackson.
1029 1433 235 67 Boston,
1285 1432 196 69 Little,
1506 1434 231 66 Brown,
1762 1434 112 52 and
49 1451 1972 131 company,

251 1515 150 50 1931.

120 1595 25 40 5
179 1605 35 39 p.
273 1625 8 16 l.,
311 1594 177 50 [3]-268
511 1604 42 37 p.
614 1594 86 39 col.
727 1592 162 47 front.,
916 1592 129 40 illus.
1104 1592 147 41 20½ᶜᵐ.

55 1648 51 52 ©
136 1652 101 41 Oct.
267 1651 40 47 9,
336 1650 140 47 1931;
508 1650 66 41 2c.
605 1651 95 39 and
730 1648 81 42 aff.
843 1649 101 40 Oct.
974 1649 59 40 16;
1089 1650 41 38 A
1158 1649 171 46 44204;
1363 1650 55 41 R.
1451 1651 60 38 M.
1544 1650 192 46 Varble,
1769 1651 274 42 Cleveland.

134 1708 279 49 (31-29627)

54 1802 271 64 Walcott,
358 1802 267 63 Gregory
654 1803 242 63 Dexter,
930 1807 169 49 1869-

118 1878 93 51 An
247 1878 344 70 elementary
626 1876 165 68 logic,
827 1896 27 34 a
893 1875 269 55 textbook
1198 1877 93 52 for
1327 1876 297 69 beginners
1660 1879 139 54 with
1838 1878 209 69 special

50 1953 1936 70 emphasis on scientific method, by Gregory Dexter Walcott …
54 2030 1607 71 New York, Harcourt, Brace and company [ ᶜ19 31 ]
120 2112 982 50 xvi, 451 p. fold, tab., diagrs. 20½ ᶜᵐ .
123 2169 345 40 “References”
501 2172 52 38 at
583 2170 89 39 end
706 2169 51 40 of
786 2170 117 41 each
933 2169 214 47 chapter.
1208 2169 347 51 Bibliography:
1618 2182 41 37 p.
1690 2172 218 42 443-444.

61 2224 49 52 ©
137 2227 100 41 Oct.
263 2228 38 46 5,
327 2226 113 41 1931;
494 2227 67 40 2c.
587 2227 96 39 and
708 2225 80 39 aff.
816 2225 102 42 Oct.
943 2225 82 47 12;
1053 2226 41 39 A
1117 2225 171 48 42994;
1317 2228 262 49 Harcourt,
1606 2230 156 39 Brace
1787 2230 37 40 &
1848 2240 83 38 co.,
1957 2230 89 40 inc.

138 2283 279 50 (31-29505)

59 2378 250 63 Walton,
339 2378 127 52 Eda
497 2378 143 54 Lou.

124 2453 146 55 Jane
295 2453 276 53 Matthew
600 2452 114 54 and
741 2453 160 53 other
928 2471 189 50 poems
1150 2454 108 69 [by]
1292 2454 129 55 Eda
1448 2455 123 54 Lou
1599 2457 248 54 Walton.
1914 2458 136 55 New

61 2531 172 69 York,
261 2531 246 67 Brewer,
535 2530 240 53 Warren
805 2532 46 50 &
881 2531 267 69 Putnam,
1179 2535 150 49 1931.

126 2611 85 39 147
242 2621 43 38 p.
347 2610 145 41 23½ᶜᵐ.

64 2665 49 52 ©
147 2670 100 40 Oct.
278 2668 39 49 9,
350 2668 112 41 1931;
523 2670 66 38 2c.
624 2669 101 40 Oct.
759 2670 53 38 12;
874 2668 82 42 aff.
988 2669 102 41 Oct.
1124 2671 54 38 14;
1240 2671 41 39 A
1311 2672 145 40 43259;
1519 2675 52 40 E.
1605 2674 50 39 L.
1690 2677 210 48 Walton,
1934 2678 119 41 New

130 2725 142 42 York.
343 2725 279 49 (31-29765)

65 2820 193 64 Ward,
290 2820 145 53 Paul
468 2819 273 66 William,
777 2825 170 50 1893-

137 2897 370 69 Intelligence
537 2897 60 52 in
629 2897 255 68 politics;
921 2916 74 34 an
1026 2900 290 66 approach
1350 2907 59 46 to
1443 2902 173 54 social
1649 2904 302 68 problems,
1983 2906 76 71 by

70 2974 1989 76 Paul W. Ward … Chapel Hill, The University of North
59 3048 265 54 Carolina
359 3068 172 50 press,
569 3053 149 50 1931.

131 3131 421 49 ix, 126 p. 19 ᶜᵐ .
133 3185 434 50 “Bibliographical
595 3188 139 41 note”:
794 3199 44 38 p.
865 3188 216 43 124-126.

71 3240 50 52 ©
150 3245 125 48 Sept.
300 3245 69 47 28,
396 3245 111 41 1931;
563 3245 68 40 2c.
659 3245 101 40 Oct.
787 3247 23 38 1;
868 3245 82 41 aff.
980 3247 127 48 Sept.
1133 3248 83 48 30;
1245 3249 41 39 A
1312 3249 171 48 42759;
1514 3252 281 50 University
1823 3257 51 39 of
1900 3258 157 40 North

136 3301 226 41 Carolina
393 3312 147 38 press.
612 3302 278 48 (31-29624)

69 3394 358 66 Waterman,
455 3396 209 65 Leroy,
695 3398 169 54 1875-
1076 3399 84 54 ed.
1263 3403 41 54 and
1329 3408 70 49 tr.

138 3473 182 68 Royal
365 3476 473 67 correspondence
884 3477 64 53 of
992 3477 96 54 the
1131 3478 281 70 Assyrian
1457 3483 241 68 empire;
1747 3488 313 55 translated

74 3550 118 52 into
234 3552 262 68 English,
536 3551 139 54 with
718 3572 31 33 a
790 3554 453 55 transliteration
1287 3558 64 51 of
1390 3559 95 53 the
1526 3565 121 49 text
1689 3565 112 52 and
1842 3584 30 33 a
71 3585 1968 111 commentary,

378 3630 1683 81 by Leroy Waterman … pt. 3. Commentary. Ann
72 3704 203 69 Arbor,
302 3706 335 71 University
664 3707 64 53 of
752 3706 296 71 Michigan
1076 3728 174 51 press,
1279 3714 150 51 1931.

139 3785 671 49 3 p. l. , v-x, 376 p. 28 ᶜᵐ .
78 3836 49 51 ©
155 3840 98 41 Oct.
281 3841 38 47 5,
346 3840 139 48 1931;
514 3843 66 40 2c.
609 3841 100 42 Oct.
736 3844 81 46 15;
847 3843 80 40 aff.
958 3844 100 41 Oct.
1085 3846 82 47 21;
1197 3847 41 39 A
1263 3849 145 41 44297;
1466 3851 250 45 Graduate
1742 3857 176 51 school,
143 3861 1898 83 University

352 3898 52 39 of
433 3898 257 50 Michigan,
720 3900 108 40 Ann
855 3901 169 41 Arbor.
