2428 4370
1209 4030 136 51 1882

339 443 1406 54 166, [2] p. incl. front. (mounted port.) facsims. 22½ ᶜᵐ.
342 504 97 40 “La
472 503 181 49 Loggia
685 502 256 42 Garibaldi
970 513 43 29 n.
1046 502 85 40 542
1163 502 51 41 di
1244 502 120 42 New
1394 502 145 49 York,
1572 501 38 40 L∴
1699 502 36 40 &
1766 502 41 40 A∴
1894 501 135 40 M∴”;
2092 512 44 38 p.
267 501 2019 101 164-166.

278 616 52 52 ©
355 620 119 40 Nov.
499 620 69 43 14,
595 619 114 41 1931;
765 619 67 41 2c.
859 620 96 39 and
982 619 82 40 aff.
1091 619 119 40 Nov.
1236 618 59 41 20;
1348 620 42 38 A
1412 618 146 41 45132;
1615 619 51 41 L.
1693 619 306 48 Bocbicchio,
2026 618 262 48 Brooklyn.

356 677 282 48 (31-33211)

269 771 246 64 Boodin,
543 771 157 53 John
730 770 156 62 Elof,
915 776 173 51 1869-

341 848 1942 61 A realistic universe, by John Elof Boodin … Rev. ed., with
271 947 31 34 a
323 946 125 35 new
469 926 409 57 introduction.
937 929 140 52 New
1101 927 181 73 York,
1305 928 122 54 The
1450 927 338 55 Macmillan
1811 946 300 50 company,
2135 932 151 50 1931.

342 1010 82 43 lvi.
450 1011 87 39 412
564 1022 44 37 p.
664 1010 56 40 21½ᶜᵐ.

349 1068 172 49 Sequel
550 1070 51 39 to
628 1068 77 41 his
735 1068 185 40 “Truth
949 1069 96 39 and
1074 1067 222 49 reality”.
1361 1069 119 39 New
1508 1067 145 49 York,
1684 1066 128 41 1911.

279 1121 52 52 ©
360 1128 120 39 Nov.
510 1127 68 47 17,
609 1125 142 48 1931;
781 1125 66 40 2c.
879 1127 95 39 and
1005 1125 80 41 aff.
1116 1126 118 40 Nov.
1266 1126 82 47 18;
1380 1126 40 39 A
1448 1124 146 41 45099;
1655 1124 285 41 Macmillan
1968 1136 69 29 co.

357 1184 282 48 (31-33131)

270 1278 187 65 Boyd,
484 1276 225 55 Minnie
739 1277 189 67 Clare,
958 1284 173 50 1898-

342 1355 285 54 Alabama
677 1356 61 53 in
785 1356 96 53 the
928 1355 209 69 fifties;
1189 1374 32 35 a
1268 1355 174 54 social
1490 1355 189 68 study,
1726 1354 76 71 by
1848 1354 225 54 Minnie
2123 1353 169 56 Clare

269 1433 185 70 Boyd,
499 1452 100 34 PH.
644 1452 48 34 D.
777 1434 137 55 New
962 1434 181 69 York,
1192 1433 302 56 Columbia
1539 1433 318 72 university
1905 1452 185 50 press;
268 1434 1995 148 London,

427 1512 63 54 P.
522 1512 57 55 S.
607 1512 164 69 King
794 1514 45 51 &
867 1531 118 50 son,
1011 1513 123 68 ltd.,
1163 1516 150 50 1931.

342 1595 1949 50 263 p. 23 ᶜᵐ. (Half-title: Studies in history, economics and public
270 1651 111 48 law,
423 1651 73 40 ed.
540 1651 62 47 by
645 1651 85 41 the
772 1651 207 49 Faculty
1022 1651 52 40 of
1114 1651 220 49 political
1378 1651 187 41 science
1609 1652 51 40 of
1704 1652 252 41 Columbia
2001 1652 287 48 university,

273 1722 74 30 no.
374 1709 113 50 353)

344 1769 174 40 Issued
546 1769 105 39 also
679 1779 56 29 as
764 1767 153 41 thesis
945 1768 14 48 (PH.
1137 1768 14 47 D.)
1190 1767 253 42 Columbia
1475 1767 288 49 university.

344 1824 354 50 Bibliography;
756 1835 41 38 p.
825 1824 221 42 245-251.

280 1880 52 52 ©
368 1884 102 41 Oct.
506 1884 69 48 14,
610 1882 142 48 1931;
788 1882 67 41 2c.
891 1883 96 39 and
1023 1882 82 42 aff.
1142 1882 104 41 Oct.
1279 1881 82 48 29;
1400 1883 40 39 A
1474 1882 174 47 44502;
1686 1881 252 43 Columbia
1977 1882 130 42 univ.
2145 1892 148 39 press.

358 1940 283 54 (31-33199)

295 2034 289 66 [Brosbøll,
612 2035 195 54 Johan
839 2035 137 56 Carl
1005 2033 328 71 Christian]
1371 2039 327 51 1816-1900.

344 2113 122 53 The
505 2112 210 71 Gynga
755 2112 172 69 chief,
963 2113 77 69 by
1079 2111 166 56 Carit
1285 2113 171 53 Etlar
1516 2113 196 68 [pseud.]
1778 2113 318 53 translated
2138 2111 151 55 from

273 2191 95 53 the
404 2191 226 54 Danish
665 2191 76 70 by
779 2191 138 56 Carl
954 2192 229 54 Jensen.
1258 2190 431 69 Philadelphia,
1726 2192 295 52 Dorrance
2059 2192 47 51 &
273 2209 1993 131 company
461 2272 196 65 [ᶜ1931]

344 2351 84 48 vii,
459 2350 146 42 9-361
638 2363 45 37 p.
747 2351 146 41 19½ᶜᵐ.

280 2406 52 52 ©
359 2409 102 42 Oct.
487 2410 70 48 30,
584 2409 113 42 1931;
752 2409 68 43 2c.
845 2411 120 40 Nov.
992 2412 53 38 11;
1103 2410 82 40 aff.
1213 2411 118 40 Nov.
1357 2409 55 41 19;
1469 2410 42 40 A
1536 2410 145 41 45151;
1741 2410 113 41 Carl
1883 2409 194 47 Jensen,
348 2409 1926 106 Bloomfield,
505 2467 147 41 Conn.
724 2468 281 48 (31-33218)

273 2546 252 68 Bryant,
555 2548 210 55 Edwin
795 2550 279 65 Eustace,
1107 2555 328 50 1835-1903.

339 2625 322 55 Wisconsin
701 2626 275 70 pleading
1017 2628 113 53 and
1173 2627 265 69 practice,
1478 2625 141 55 with
1660 2626 275 69 complete
1976 2625 198 68 forms,
2213 2626 75 68 by

271 2703 211 55 Edwin
510 2703 68 53 E.
610 2704 241 69 Bryant.
917 2704 73 53 2d
1021 2705 106 71 ed.,
1153 2704 75 72 by
1258 2705 197 53 Frank
1483 2705 66 54 T.
1581 2705 200 55 Boesel
1811 2705 59 53 in
1901 2704 387 69 co-operation

270 2780 1992 152 with James M. Henderson … Chicago, Callaghan and company, 1931.
342 2941 26 41 5
429 2974 10 10 v.
495 2942 57 40 24½ᶜᵐ.

343 2999 136 42 First
503 3000 185 41 edition
718 3000 256 49 published
1002 3001 116 42 1898
1146 3002 154 41 under
1329 3001 109 42 title;
1497 3002 128 41 Code
1653 3001 228 50 practice.

343 3057 131 48 Kept
507 3068 65 38 up
604 3060 49 38 to
685 3058 114 40 date
831 3058 61 47 by
926 3060 200 39 current
1159 3058 332 48 supplements
1525 3061 49 38 to
1608 3060 57 39 be
1699 3059 216 41 inserted
1949 3059 50 40 in
2031 3058 173 49 pocket
2234 3062 54 39 at

270 3115 93 40 end
389 3114 54 42 of
467 3116 120 39 each
614 3116 204 39 volume.

280 3171 52 52 ©
359 3176 118 39 Nov.
505 3175 68 46 13,
602 3174 112 41 1931;
771 3174 67 41 2c.
866 3174 118 41 each
1012 3175 95 39 and
1136 3174 82 41 aff.
1245 3175 119 40 Nov.
1391 3175 82 47 18;
1504 3174 39 40 A
1569 3174 145 41 45071;
1773 3174 272 49 Callaghan
2073 3175 37 41 &
2136 3185 67 30 co.

359 3232 281 48 (31-33033)

274 3312 196 66 Clark,
503 3312 207 66 Glenn,
743 3317 171 51 1882-

341 3391 203 53 Water
581 3389 65 55 of
682 3390 123 68 life,
843 3390 75 70 by
954 3389 190 56 Glenn
1184 3390 194 55 Clark.
1456 3390 84 55 St.
1579 3391 166 68 Paul,
1785 3392 123 53 The
1947 3392 339 53 Macalester

271 3468 148 69 park
448 3487 301 51 company,
779 3471 151 51 1931.

342 3549 570 52 5 p. l., 299, [1] p. 20½ ᶜᵐ.
279 3604 52 52 ©
360 3609 118 40 Nov.
507 3609 67 46 14,
604 3607 142 50 1931;
775 3608 67 41 2c.
870 3609 118 40 Nov.
1017 3609 82 46 20;
1131 3609 81 40 aff.
1242 3610 118 40 Nov.
1388 3609 82 47 19;
1500 3610 42 39 A
1569 3610 172 47 45130;
1775 3610 53 41 G.
1859 3610 161 48 Clark,
2053 3610 67 41 St.
2151 3610 138 40 Paul.

361 3664 282 51 (31-33219)

274 3744 196 66 Clark,
500 3745 247 57 Roland.

344 3820 174 71 Stray
552 3823 175 68 shots,
761 3824 74 69 by
869 3824 228 55 Roland
1136 3824 205 69 Clark;
1381 3826 140 53 with
1556 3826 251 70 original
1842 3827 108 69 dry
1985 3826 192 69 points
2210 3825 76 71 by

269 3897 97 58 the
397 3900 222 53 author.
696 3902 139 54 New
868 3903 180 69 York,
1081 3904 123 53 The
1235 3905 322 68 Derrydale
1588 3923 177 50 press,
1798 3908 152 50 1931.
