2505 4370
1204 4052 103 51 396

266 397 462 64 Pennsylvania.
803 399 168 55 Laws
978 444 11 26 ,
1019 407 242 48 statutes
1268 444 11 26 ,
1310 407 100 48 etc.

336 476 287 56 Purdon’s
658 478 429 69 Pennsylvania
1123 484 260 66 statutes,
1419 482 326 52 annotated.
1822 483 349 54 Permanent
2208 485 83 53 ed.

266 555 57 54 A
363 555 376 70 compilation
778 555 65 55 of
882 558 95 53 the
1017 559 233 69 general
1290 560 113 53 and
1445 567 337 61 permanent
1822 562 140 54 laws
2002 561 156 55 from
2197 563 95 53 the

266 654 136 51 year
454 635 135 54 1700
637 643 58 46 to
744 642 229 63 present
1019 638 156 69 time,
1221 639 263 68 together
1533 638 141 54 with
1723 640 367 55 annotations
2139 642 152 53 from

265 715 96 53 the
405 733 154 35 cases
600 715 336 70 construing
978 716 160 54 those
1181 717 157 53 laws.
1414 717 156 55 Title
1611 718 188 55 73-77.
1876 720 296 68 Prepared
2217 723 75 67 by

264 793 97 54 the
401 793 344 70 publishers’
787 793 269 54 editorial
1096 794 151 54 staff.
1325 795 431 72 Philadelphia,
1799 799 120 68 Pa.,
1962 797 224 70 George
2226 800 65 51 T.

267 872 159 53 Bisel
461 890 108 49 co.;
609 872 267 70 Newark,
911 874 69 51 N.
1017 874 76 67 J.,
1130 873 189 70 Soney
1353 876 45 49 &
1436 873 148 70 Sage
1617 894 110 49 co.;
1766 875 83 56 St.
1885 878 168 69 Paul,
2089 876 204 71 Minn.,

261 950 871 71 West publishing co. [ ᶜ1931]
336 1032 98 48 xvi,
473 1032 88 40 558
596 1043 43 38 p.
700 1031 118 43 24ᶜᵐ.

271 1100 52 52 ©
353 1103 112 41 Feb.
495 1103 39 49 7,
564 1102 113 42 1931;
737 1103 67 42 2c.
834 1103 115 49 Apr.
979 1105 55 38 14;
1094 1103 81 41 aff.
1207 1105 115 47 Apr.
1352 1105 56 40 15;
1468 1105 42 39 A
1537 1105 145 42 35813;
1745 1105 184 50 George
1959 1107 51 41 T.
2043 1107 135 40 Bisel
2208 1118 81 37 co.,

341 1161 158 48 Soney
529 1164 37 41 &
597 1161 125 48 Sage
750 1172 81 38 co.,
863 1162 95 39 and
990 1162 136 39 West
1156 1162 111 47 pub.
1299 1172 68 31 co.

262 1256 230 65 Peters,
522 1256 157 54 John
710 1256 285 64 Punnett,
1031 1258 172 53 1887-

333 1332 1892 71 Quantitative clinical chemistry … by John P. Peters …
260 1416 113 52 and
403 1415 234 53 Donald
666 1414 70 52 D.
767 1414 132 54 Van
932 1414 190 69 Slyke.
1242 1457 11 10 v.
1321 1457 9 10 1.
1372 1415 499 68 Interpretations.
1952 1416 336 72 Baltimore,

259 1494 122 53 The
408 1493 293 54 Williams
730 1495 46 50 &
803 1492 255 56 Wilkins
1088 1511 301 52 company,
1421 1497 152 50 1931.

334 1575 98 48 xvi,
466 1574 117 41 1264
614 1585 43 38 p.
718 1574 145 49 illus.,
898 1574 180 49 diagrs.
1139 1574 148 43 23½ᶜᵐ.

336 1646 165 41 “First
541 1644 262 50 printing.”

334 1703 238 43 Contains
612 1702 397 50 bibliographies.

267 1772 52 52 ©
352 1776 123 41 Mar.
507 1775 40 48 4,
581 1773 112 42 1931;
756 1774 66 42 2c.
857 1776 96 40 and
986 1774 82 41 aff.
1102 1775 121 40 Mar.
1259 1774 29 40 9;
1347 1775 41 39 A
1419 1775 147 40 34724;
1628 1774 249 42 Williams
1905 1775 37 41 &
1974 1775 212 42 Wilkins
2218 1785 68 33 co.

345 1831 253 51 (31-7196)

259 1931 121 52 The
408 1927 369 55 Pictorialist;
838 1948 32 34 a
897 1929 376 68 compilation
1301 1929 65 52 of
1393 1929 398 68 photographs
1820 1930 154 52 from
2002 1931 96 53 the
328 1931 1933 132 fourteenth

560 2010 214 52 annual
810 2007 428 53 International
1274 2008 160 53 salon
1470 2008 64 52 of
1570 2006 270 70 pictorial
1876 2009 410 70 photography

326 2089 183 52 under
547 2088 97 52 the
683 2088 256 68 auspices
977 2087 64 52 of
1078 2087 99 52 the
1214 2085 239 55 Camera
1496 2087 375 67 pictorialists
1910 2088 64 52 of
2010 2089 114 53 Los
327 2089 1932 147 Angeles,

543 2170 150 50 1931.
770 2166 112 53 Los
924 2165 270 69 Angeles,
1241 2164 196 69 Calif.,
1479 2165 172 53 Print
1694 2184 187 36 rooms
1924 2164 64 56 of
2030 2167 98 53 the
2171 2167 111 53 Los

325 2245 252 70 Angeles
605 2263 257 35 museum
891 2244 65 52 of
984 2245 216 53 science
1226 2245 114 52 and
1370 2251 89 46 art
1496 2247 174 64 [ᶜ1931]

332 2325 1778 51 2 p. l., 12, [1] p., 1 l., [3] p. col. front., plates. 31½ᶜᵐ. annual.
263 2394 52 52 ©
346 2398 113 41 Feb.
488 2398 40 48 7,
559 2396 114 41 1931;
732 2397 68 39 2c.
832 2397 123 39 Mar.
984 2396 27 38 4;
1072 2394 69 40 aff
1172 2396 122 39 Mar.
1326 2396 54 39 17;
1441 2396 42 38 A
1512 2393 146 42 35295;
1721 2395 205 41 Camera
1957 2395 325 49 pictorialists

331 2455 53 41 of
416 2455 96 40 bos
546 2455 221 47 Angeles.
839 2450 252 51 (31-7396)

278 2551 183 63 [Pond,
496 2549 223 53 Alonzo
753 2547 277 69 William]
1071 2553 173 50 1894-

324 2625 309 55 Primitive
669 2626 262 53 methods
967 2624 65 54 of
1067 2624 266 70 working
1366 2630 177 50 stone,
1577 2625 172 52 based
1786 2643 71 34 on
1894 2626 384 67 experiments

253 2705 64 53 of
343 2705 229 53 Halvor
600 2704 64 54 L.
696 2703 287 56 Skavlem.
1061 2704 210 67 Beloit,
1300 2704 159 67 Wis.,
1489 2704 122 52 The
1638 2704 202 68 Logan
1867 2722 275 50 museum,
250 2705 2003 132 Beloit
382 2784 215 70 college
671 2784 155 68 [ᶜ1930]

324 2870 85 39 143
440 2879 43 38 p.
512 2868 111 40 incl.
653 2867 165 47 front.,
847 2866 145 48 illus.,
1022 2868 172 47 plates,
1224 2868 151 47 ports.
1434 2866 57 41 27½
1523 2868 45 22 ᶜᵐ
1573 2899 8 8 .
1653 2866 99 49 (On
1782 2876 164 32 cover:
1978 2867 178 51 [Beloit
252 2871 2004 104 college,
405 2926 175 47 Beloit,
614 2924 133 49 Wis.]

812 2923 1111 49 Logan museum bulletin, vol. II , no. 1)
324 2998 73 40 On
424 3007 143 30 cover:
622 2996 74 48 By
720 2996 183 40 Alonzo
929 2995 73 41 W.
1027 2994 150 41 Pond.

324 3054 381 48 Bibliography:
737 3063 44 38 p.
810 3051 219 42 139-143.

259 3123 2014 54 © Apr. 1, 1930; 1c. Jan. 26, 1931; 1c. Dec. 26, 1930; aff. Dec. 27;
326 3186 40 39 A
398 3184 173 47 34014;
607 3184 167 47 Logan
806 3193 235 38 museum,
1076 3181 160 41 Beloit
1270 3182 193 48 college.
1535 3180 252 50 (31-7202)

249 3278 1257 71 Punch, v 180, no. 4675, Feb. 11, 1931.
258 3371 2015 54 © 1c. Apr. 8, 1931; A ad int. 14929; pubd. Feb. 11; Herbert Heather,
327 3434 215 41 London.

250 3527 312 66 Richards,
592 3529 137 52 Mrs.
762 3526 199 52 Laura
991 3524 312 53 Elizabeth
1343 3524 244 65 (Howe)
1628 3528 171 51 1850-

380 3600 1888 72 … Florence Nightingale, the angel of the Crimea; edited by
249 3679 1993 150 Rowena Keith Keyes … New York, D. Appleton and company [ᶜ1931]
319 3836 1949 55 viii, [2], ix-xx p., 1 l., 181, [2] p. front. (port.) 18ᶜᵐ. (Half-title:
248 3897 239 47 Appleton
518 3898 199 39 modern
749 3897 258 40 literature
1040 3895 176 49 series)

318 3955 61 41 At
409 3955 125 40 head
561 3954 54 41 of
640 3954 109 42 title:
809 3953 162 41 Laura
1000 3952 53 41 E.
1084 3952 258 42 Richards.
