2505 4370
1091 4001 101 50 329

138 381 298 53 Missouri.
512 383 84 52 St.
636 383 192 68 Louis,
866 383 225 53 Kansas
1135 382 134 68 City
1307 383 114 52 and
1457 381 359 69 Springfield
1855 388 186 48 courts
2081 385 64 67 of

207 461 249 67 appeals.

140 536 1978 150 Cases determined … reported for the St. Louis court of appeals,
339 616 1743 70 February 7, 1928, to April 8, 1930, by Alphonso Howe …
141 695 94 52 for
259 697 93 50 the
380 694 226 53 Kansas
633 693 134 65 City
794 699 159 48 court
980 694 63 51 of
1070 695 234 66 appeals
1331 694 142 69 July
1501 698 47 64 9,
1577 698 150 64 1928,
1753 702 57 45 to
1835 693 309 54 December

139 770 2006 71 2, 1929, by James P. Aylward … and for the Springfield court
141 852 63 51 of
232 851 251 67 appeals,
511 850 137 68 May
678 853 83 56 24,
792 852 150 52 1928,
969 855 58 47 to
1055 849 202 52 March
1286 848 84 60 27,
1403 851 151 66 1930,
1582 850 73 68 by
1685 850 64 51 T.
1780 850 76 51 H.
1886 849 260 66 Douglas

200 926 1945 68 … v. 223. Columbia, Mo., E. W. Stephens publishing co.
143 1010 192 63 [ ᶜ1 931 ]
208 1087 82 40 xli.
326 1086 126 46 1376,
489 1096 66 29 xx
590 1096 43 37 p.
693 1084 146 42 23½ᶜᵐ.

143 1153 51 52 ©
231 1158 109 38 Feb.
373 1155 70 46 20,
479 1154 140 48 1931;
656 1156 68 39 2c.
760 1156 110 39 Feb.
905 1156 82 42 24;
1025 1155 80 40 aff.
1144 1157 121 38 Mar.
1302 1155 82 47 21;
1422 1156 41 39 A
1498 1155 171 47 36010;
1710 1156 150 39 Jacob
1896 1156 58 39 D.
1990 1156 154 47 Allen,

210 1213 241 40 Jefferson
482 1213 123 47 City,
637 1214 91 38 Mo.

138 1337 215 63 Moore,
383 1337 155 53 John
568 1336 262 64 Bassett,
860 1339 83 52 ed.

208 1415 422 53 International
657 1415 440 69 adjudications,
1122 1415 225 52 ancient
1373 1417 111 51 and
1508 1416 255 67 modern,
1784 1415 224 69 history
2033 1416 114 52 and

138 1492 2010 69 documents … v. 3. Arbitration of claims for compensation for
138 1572 172 52 losses
342 1573 112 51 and
489 1573 267 66 damages
790 1572 278 67 resulting
1103 1572 152 52 from
1288 1571 203 52 lawful
1525 1571 402 67 impediments
1960 1577 58 45 to
2051 1572 96 50 the

139 1648 1946 71 recovery of pre-war debts. Edited by John Bassett Moore …
140 1729 138 51 New
307 1728 180 60 York,
515 1728 240 52 London
788 1733 136 61 [etc.]
960 1727 227 54 Oxford
1217 1727 319 70 university
1566 1747 173 49 press,
1770 1731 150 49 1931.

207 1809 169 47 xxviii,
415 1808 87 40 564
538 1819 43 37 p.
641 1808 145 40 24½ᶜᵐ.

142 1875 51 52 ©
229 1881 122 39 Mar.
385 1879 68 47 10,
488 1879 140 46 1931;
664 1877 67 42 2c.
765 1880 95 38 and
894 1878 82 42 aff.
1013 1880 120 39 Mar.
1168 1879 81 47 24;
1289 1880 40 38 A
1362 1878 171 48 35408;
1572 1878 236 48 Carnegie
1842 1879 304 39 endowment

209 1936 80 39 for
317 1936 352 41 international
700 1946 156 38 peace.
889 1936 336 47 Washington.

138 2044 234 65 Morris,
403 2046 238 51 Emmet
671 2045 46 51 L
1003 2046 83 52 ed.

204 2118 156 53 Iowa
392 2118 193 68 today,
614 2119 219 53 “where
864 2119 94 53 the
991 2118 104 55 tall
1127 2137 133 35 corn
1291 2120 238 68 grows”,
1557 2119 231 54 Emmet
1815 2119 65 53 L.
1913 2119 233 66 Morris,

135 2195 1020 71 editor … Marquette, Ia., ᶜ1 931.
209 2278 98 50 219,
350 2280 55 50 [5]
443 2289 43 39 p.
547 2279 142 42 illus.,
720 2281 48 48 (1
809 2282 101 46 col.,
950 2280 108 41 incl.
1095 2281 164 48 ports.,
1297 2282 161 48 maps)
1507 2280 115 41 fold.
1664 2292 60 38 pl.
1785 2280 145 42 22½ᶜᵐ.

207 2348 73 42 On
309 2359 167 32 cover;
509 2350 114 41 1931
654 2349 194 43 edition.

207 2405 158 42 Blank
393 2417 149 38 pages
571 2407 78 41 for
677 2407 370 40 “Memoranda”
1088 2408 49 47 (5
1169 2410 51 38 at
1247 2408 116 48 end)

143 2475 51 52 ©
225 2479 111 41 Feb.
365 2479 69 48 10,
464 2478 113 41 1931;
636 2479 67 39 2c.
733 2479 111 40 Feb.
874 2480 54 39 17;
988 2478 80 41 aff.
1101 2479 111 39 Feb.
1242 2479 56 40 16;
1356 2480 41 39 A
1426 2479 148 41 35226;
1630 2481 53 39 E.
1713 2480 52 41 L.
1797 2480 191 41 Morris.
210 2481 1919 103 Marquette,
447 2547 42 30 Ia.
560 2535 250 49 (31-6478)

140 2646 313 62 Morrison,
482 2645 320 55 Theodore.

209 2722 121 52 The
370 2727 230 62 serpent
636 2722 59 51 in
732 2721 96 53 the
867 2722 184 67 cloud,
1092 2741 31 33 a
1164 2741 184 49 poem,
1387 2723 76 68 by
1501 2723 297 53 Theodore
1837 2723 306 53 Morrison.

141 2800 214 52 Boston
391 2800 111 52 and
538 2799 138 52 New
711 2798 181 69 York,
924 2799 320 69 Houghton
1280 2799 203 54 Mifflin
1517 2818 300 52 company,
1855 2803 148 50 1931.

207 2879 667 51 3 p. l., 104, [1] p. 24½ᶜᵐ.
145 2947 52 51 ©
232 2952 122 39 Mar.
386 2952 41 46 4,
461 2950 140 48 1931;
637 2950 67 41 2c.
739 2952 122 39 Mar.
896 2951 25 40 6;
984 2952 82 39 aff.
1101 2954 122 39 Mar.
1260 2952 51 43 5;
1349 2953 40 38 A
1422 2952 170 48 35150;
1630 2954 53 39 T.

1719 2954 256 43 Morrison,
213 2953 1916 104 Cambridge,
426 3009 146 40 Mass.
642 3008 250 48 (31-6623)

141 3115 260 66 Nichols,
434 3116 304 66 Beverley,
773 3123 171 49 1899-

209 3192 239 54 Women
495 3195 111 51 and
654 3193 257 53 children
957 3195 129 67 last,
1130 3195 76 69 by
1251 3196 279 68 Beverley
1575 3196 253 53 Nichols.
1911 3195 233 56 Garden

142 3269 152 68 City,
323 3270 69 52 N.
424 3272 91 66 Y.,
544 3271 357 69 Doubleday,
929 3272 199 52 Doran
1159 3274 46 51 &
1234 3290 300 51 company,
1565 3273 127 56 inc.,
1726 3276 150 50 1931.

208 3350 115 48 xvii,
358 3350 87 40 295
477 3361 42 37 p.
580 3350 147 43 21½ᶜᵐ.

147 3417 51 52 ©
226 3424 121 39 Mar.
373 3422 38 48 6,
439 3421 112 41 1931;
608 3423 66 39 2c.
700 3424 95 38 and
821 3424 80 40 aff.
930 3426 121 38 Mar.
1078 3425 26 39 9;
1160 3426 38 37 A
1223 3425 145 40 34683;
1425 3427 54 40 B.
1507 3426 211 49 Nichols,
1748 3426 210 40 London.

224 3478 250 48 (31-6626)

144 3587 227 64 Norris,
400 3590 138 52 Mrs.
570 3589 293 53 Kathleen
903 3591 397 63 (Thompson)
1342 3596 169 49 1880-

209 3661 204 54 Hands
444 3662 110 51 full
582 3665 63 51 of
672 3663 210 69 living;
915 3665 147 54 talks
1091 3666 140 52 with
1258 3666 303 54 American
1591 3685 235 48 women,
1853 3667 77 69 by
142 3667 1976 123 Kathleen
308 3738 202 57 Norris

621 3740 1522 73 … Garden City, N. Y., Doubleday, Doran &
142 3833 292 52 company,
464 3817 127 69 inc.,
624 3822 149 50 1931.

210 3898 952 53 2 p. l., vii-viii p., 1 l., 312 p. 20ᶜᵐ.
