2428 4370
1219 4005 138 58 1726

355 432 100 47 405,
487 433 89 39 lxii
606 443 41 38 p.
678 433 110 41 incl.
817 433 166 48 front.,
1014 433 144 47 illus.,
1188 436 163 47 ports.,
1384 445 150 38 maps.
1593 435 146 40 20½ᶜᵐ.

359 489 324 41 “References
704 489 80 41 for
805 490 231 48 reading”:
1090 501 42 38 p.
1157 490 115 40 ix-x;
1328 491 294 42 “Collateral
1651 491 231 47 reading”
1906 496 48 36 at
1982 495 90 38 end
2099 495 50 37 of
2176 500 117 34 most

285 545 52 43 of
364 547 82 42 the
473 547 243 49 chapters.

292 617 52 52 ©
373 621 103 42 Oct.
501 620 70 48 23,
598 620 113 42 1931;
768 620 66 42 2c.
862 622 95 40 and
986 620 82 42 aff.
1097 621 101 40 Oct.
1226 620 58 41 26;
1338 622 41 39 A
1405 622 147 40 44473;
1608 622 260 41 American
1893 622 124 40 book
2045 633 66 30 co.

371 677 282 51 (31-31324)

287 771 241 67 Strong,
559 772 255 53 Edward
844 771 268 66 Kellogg,
1144 778 172 50 1884-

360 851 237 70 Change
625 852 65 54 of
717 852 263 54 interests
1011 852 140 53 with
1181 871 122 51 age,
1330 854 172 52 based
1533 872 73 34 on
1635 851 390 55 examination
2055 852 65 54 of
2148 870 155 37 more

288 931 142 53 than
461 936 114 47 two
608 930 284 54 thousand
925 949 129 34 men
1085 931 252 53 between
1369 931 96 53 the
1497 948 131 51 ages
1661 931 66 54 of
1755 934 218 66 twenty
2004 930 115 54 and
2149 932 154 68 sixty

289 1007 1951 73 representing eight occupations, by Edward K. Strong, jr. …
289 1086 283 55 Stanford
612 1086 356 69 University.
1009 1086 194 70 Calif.,
1246 1086 283 56 Stanford
1565 1086 323 71 university
1926 1106 186 50 press;

2153 1088 125 53 Lon
287 1166 131 66 don,
444 1165 78 53 H.
548 1165 267 70 Milford,
841 1164 232 55 Oxford
1099 1164 320 71 university
1443 1183 177 50 press,
1647 1168 151 51 1931.

358 1246 99 48 xix,
490 1246 84 41 235
607 1257 43 38 p.
711 1247 179 47 diagrs.
951 1246 116 41 23ᶜᵐ.

361 1302 129 42 “The
526 1304 281 39 immediate
844 1303 209 48 impetus
1092 1306 48 37 to
1179 1303 81 40 the
1298 1303 219 48 analysis
1555 1304 114 40 here
1706 1302 257 50 published
2000 1314 134 30 came
2171 1304 130 41 from

287 1359 1840 52 a sub-grant … of the Carnegie corporation of New York.”—p. [ii]
359 1416 353 49 Bibliography:
773 1416 217 42 229-230.

290 1484 52 52 ©
372 1489 103 42 Oct.
502 1488 69 49 12,
600 1488 113 41 1931;
771 1489 65 40 2c.
868 1489 102 40 Oct.
997 1490 55 38 21;
1111 1489 83 42 aff.
1223 1489 102 40 Oct.
1355 1490 54 39 23;
1468 1490 43 38 A
1534 1489 146 40 43535;
1739 1490 164 39 Board
1930 1489 52 40 of
2010 1491 211 39 trustees
2249 1488 52 41 of

347 1546 184 40 Leland
562 1545 235 42 Stanford
826 1545 168 49 junior
1022 1545 288 48 university,
1344 1546 237 40 Stanford
1611 1545 287 49 university,
1930 1545 145 41 Calif.

367 1601 282 50 (31-31472)

285 1698 71 55 U.
383 1698 56 55 S.
516 1700 185 70 Laws,
725 1706 258 62 statutes,
1007 1704 101 51 etc.

417 1777 1885 57 … United States Code annotated. 1931 cumulative annual
285 1850 2014 76 pocket parts for Titles 1-50 … St. Paul, West publishing co.;
284 1935 1329 70 Northport, Edward Thompson co. [ ᶜ193 1 ]
352 2017 60 40 56
481 2048 8 8 v.
551 2016 148 42 23½ᶜᵐ.

357 2074 155 40 These
543 2074 275 48 pamphlets
850 2084 83 29 are
964 2076 49 38 to
1044 2074 58 40 be
1131 2073 140 40 fitted
1302 2073 102 40 into
1438 2072 83 41 the
1552 2072 197 49 pockets
1782 2075 52 38 at
1867 2071 82 41 the
1979 2071 122 40 back
2134 2071 52 40 of
2217 2071 85 40 the

284 2132 219 38 volumes
529 2130 51 40 of
609 2130 83 41 the
721 2133 71 38 set
824 2134 48 37 to
902 2129 160 41 which
1093 2129 114 49 they
1237 2129 186 49 belong.

289 2183 52 52 ©
373 2188 102 40 Oct.
505 2188 68 42 13.
603 2186 114 42 1931;
777 2187 65 41 2c.
874 2187 118 40 each
1022 2187 105 40 Nov
1156 2186 55 40 12;
1272 2186 82 42 aff.
1384 2186 118 40 Nov.
1533 2186 56 40 13;
1649 2186 41 39 A
1718 2184 145 42 43981;
1924 2185 136 40 West
2089 2183 111 48 pub.
2231 2194 67 30 co.

356 2245 96 39 and
485 2245 212 40 Edward
729 2244 277 48 Thompson
1038 2255 66 29 co.

285 2338 322 65 Wechsler,
636 2340 185 52 Israel
851 2340 246 64 Spauer,
1132 2344 173 50 1886-

349 2411 1884 74 A text-book of clinical neurology, by Israel S. Wechsler …
277 2491 72 53 2d
383 2493 106 70 ed.,
524 2510 112 36 rev.
707 2491 408 71 Philadelphia
1152 2492 114 55 and
1300 2491 258 71 London,
1593 2493 88 54 W.
1719 2491 67 54 B.
1825 2489 289 56 Saunders

275 2507 1998 133 company,
479 2574 149 50 1931.

349 2653 1099 50 759 p. illus.. col. plates, diagrs. 24½ ᶜᵐ .
350 2709 235 44 Contains
615 2711 366 41 “References”.

288 2765 52 52 ©
370 2770 103 41 Oct.
499 2768 40 42 9.
569 2769 141 47 1931;
741 2768 66 41 2c.
837 2770 97 39 and
963 2768 81 40 aff.
1076 2768 103 42 Oct.
1208 2767 56 41 30;
1323 2768 40 39 A
1391 2767 146 41 43640;
1596 2768 71 40 W.
1699 2768 55 40 B.
1786 2767 252 40 Saunders
2064 2776 68 32 co.

369 2826 282 50 (31-31429)

284 2920 245 66 Weekly
557 2922 414 55 underwriter.

350 2998 121 53 The
507 2998 425 55 underwriter’s
966 2998 146 53 book
1150 2998 63 52 of
1252 2998 209 60 forms;
1501 3014 279 37 successor
1819 3003 58 46 to
1914 2994 201 57 Hine’s
2153 2993 142 54 book

280 3072 2015 73 of forms … reprinted from forms appearing every week in the
280 3149 2012 73 Weekly underwriter … 13th ed., 1931. New York, N. Y.
284 3237 195 66 [ ᶜ193 1 ]
350 3313 87 41 235
469 3324 42 38 p.
572 3314 148 41 17½ᶜᵐ.

288 3369 52 52 ©
370 3374 103 42 Oct.
501 3375 38 47 1,
568 3372 112 43 1931;
739 3373 65 41 2c.
836 3374 102 40 Oct.
969 3374 58 39 16;
1082 3373 80 40 aff.
1195 3374 102 40 Oct.
1326 3374 58 39 17;
1440 3373 41 39 A
1508 3371 146 42 43309;
1714 3371 337 42 Underwriter
2079 3369 219 50 printing

356 3430 36 40 &
416 3432 109 47 pub.
552 3442 82 35 co.,
659 3432 119 39 New
801 3430 144 41 York.
1018 3430 281 48 (31-31312)

283 3524 198 63 Wells,
512 3525 274 63 Carolyn.

350 3602 121 53 The
513 3602 276 54 umbrella
832 3602 250 69 murder,
1125 3623 31 34 a
1199 3600 267 70 Fleming
1509 3599 174 56 Stone
1725 3604 156 67 story
1923 3600 75 71 by
2043 3597 250 69 Carolyn

281 3679 191 54 Wells.
554 3678 403 71 Philadelphia
1004 3684 53 50 &
1101 3680 259 54 London.
1403 3680 55 55 J.
1504 3680 66 52 B.
1618 3676 339 72 Lippincott
2000 3693 295 53 company,

284 3759 147 50 1931.

352 3836 341 49 319 p. 19 ᶜᵐ .
289 3891 52 53 ©
367 3897 128 47 Sept.
519 3897 40 47 1,
583 3896 113 42 1931;
751 3897 66 42 2c.
842 3898 102 41 Oct.
971 3898 82 46 13;
1080 3897 82 42 aff.
1189 3896 101 42 Oct.
1316 3897 82 47 29;
1427 3898 40 39 A
1490 3896 145 43 43772;
1691 3897 211 48 Carolyn
1927 3896 149 41 Wells

2101 3895 178 47 Hough
357 3953 96 53 ton,
481 3953 117 44 New
626 3954 143 43 York.
840 3954 283 51 (31-31453)
