2505 4370
1039 4007 132 54 1373

190 479 1300 54 [56] p. col. front. illus., col. plates. 20½ × 26 ᶜᵐ .
124 549 1992 54 © Sept. 1, 1931; 2c. Sept. 4; aff Sept. 3; A 42140; Frederick Warne &
191 623 81 37 co.,
304 611 89 40 inc.
465 611 279 48 (31-23357)

118 718 278 65 Davison,
430 717 195 66 Alvin,
661 724 323 49 1868-1915.

181 794 374 53 Mammalian
594 801 282 61 anatomy,
914 795 140 52 with
1093 793 207 68 special
1341 793 283 52 reference
1661 800 58 47 to
1759 795 94 50 the
1893 798 108 63 cat,
2036 793 73 68 by

113 870 1998 71 Alvin Davison … 5th ed., rev. by Frank A. Stromsten … with
112 968 102 36 one
242 949 263 53 hundred
537 950 288 68 forty-one
856 948 393 69 illustrations,
1283 966 146 35 some
1461 949 64 52 of
1556 948 186 53 which
1772 967 143 34 were
1948 948 163 52 made

113 1025 1999 70 from the author’s dissections … Philadelphia, P. Blakiston’s
111 1123 99 34 son
237 1107 45 49 &
311 1123 97 48 co.,
436 1104 105 53 inc.
685 1108 84 63 [ᶜ1931]

181 1183 1094 50 xiv, 311 p. illus. (1 col.) diagrs. 22 ᶜᵐ .
121 1254 52 52 ©
203 1259 125 47 Sept.
358 1259 39 47 5,
427 1256 112 41 1931;
597 1256 67 42 2c.
693 1258 95 38 and
816 1256 82 40 aff.
930 1257 126 47 Sept.
1085 1257 25 40 8;
1168 1257 40 38 A
1235 1256 148 40 42180;
1441 1256 51 41 P.
1522 1257 299 40 Blakiston’s
1851 1269 86 29 son
1965 1259 37 39 &
2031 1268 82 38 co.,

188 1314 89 41 inc.
348 1314 280 49 (31-23328)

116 1423 304 53 Delaware
456 1426 112 51 and
603 1424 261 52 Atlantic
898 1429 256 62 reporter
1190 1422 204 69 digest,
1428 1422 268 71 covering
1731 1426 77 50 all
1845 1442 150 35 cases
186 1442 1904 128 reported

186 1501 1905 148 in Delaware reports and Atlantic reporter … Compiled
371 1582 112 51 and
513 1580 187 52 edited
728 1580 75 68 by
831 1580 95 51 the
956 1578 339 69 publisher’s
1325 1579 264 54 editorial
1619 1578 148 55 staff,
1844 1598 49 33 v.
1925 1583 188 49 24-26.

189 1656 1397 72 St. Paul, Minn., West publishing co. [ ᶜ19 31]
185 1740 274 42 3 v. 26 ᶜᵐ .
454 1806 115 29 CONTENTS.—v.
598 1793 72 41 24.
700 1794 264 48 Municipal
995 1794 456 48 corporations.—v.
1481 1793 73 41 25.
1583 1795 534 41 Names-Partition.—
119 1865 42 28 v.

189 1852 70 41 26.
288 1852 469 47 Partnership-Post
784 1851 143 40 office.

121 1922 52 52 ©
199 1926 119 46 Aug.
345 1922 70 48 29,
444 1922 113 41 1931;
614 1923 65 39 2c.
707 1922 120 40 each
855 1924 94 37 and
979 1921 107 40 affs.
1119 1922 126 47 Sept.
1276 1922 58 39 24;
1389 1921 42 40 A
1459 1921 324 41 41807-41809;
1839 1924 135 39 West
2003 1924 109 47 pub.

186 1992 65 30 co.

117 2089 196 64 Deuel,
345 2089 155 54 John
531 2089 397 53 Vanderveer.

180 2166 259 66 Indians,
465 2164 306 54 crocodiles
798 2164 113 52 and
936 2162 289 71 monkeys,
1253 2163 74 70 by
1353 2164 157 54 John
1536 2165 367 53 Vanderveer
1930 2166 179 52 Deuel

174 2240 1516 71 … New York & London, The Century co. [ ᶜ19 31]
180 2320 1135 53 viii, 247 p. front., plates. 20 ᶜᵐ . $2.00
180 2381 76 40 An
294 2383 204 38 account
536 2380 52 40 of
628 2391 27 29 a
695 2379 159 42 cruise
893 2390 62 30 on
994 2379 83 42 the
1115 2380 150 50 yacht
1307 2378 208 42 Samona
1556 2379 103 41 into
1701 2380 82 41 the
1821 2379 194 49 jungles
2056 2381 53 41 of

114 2438 153 40 South
292 2437 222 41 America
542 2440 96 38 and
667 2446 175 38 among
866 2437 83 41 the
977 2437 188 40 islands
1191 2436 52 41 of
1271 2437 83 40 the
1382 2435 285 42 Caribbean.

120 2506 52 52 ©
203 2511 126 47 Sept.
357 2511 40 46 1,
426 2509 112 41 1931;
596 2509 66 41 2c.
692 2511 95 38 and
890 2542 8 8 aff.
930 2509 127 47 Sept.
1086 2510 27 38 4;
1171 2509 43 39 A
1239 2509 147 41 41432;
1446 2509 215 48 Century
1689 2521 67 29 co.

198 2567 278 48 (31-23344)

115 2674 1996 71 Deutsch-amerikanische geschichtsblätter … j ahrbuch der
186 2754 744 53 deutsch-amerikanischen
982 2753 375 55 historischen
1409 2754 365 68 gesellschaft
1826 2773 110 34 von
184 2754 1896 131 Illinois.

398 2832 1651 70 Max Baum, schriftleiter. Jahrgang 1931 (v. 31) …
187 2909 269 70 Chicago,
482 2910 113 67 Ill.,
622 2910 121 53 The
770 2910 335 69 University
1132 2911 65 51 of
1226 2910 252 68 Chicago
1506 2929 174 49 press,
1710 2914 149 49 1931.

186 2989 333 49 201 p. 23 ᶜᵐ .
120 3057 52 52 ©
205 3062 125 47 Sept.
360 3060 39 48 2,
431 3060 139 41 1931;
602 3061 67 39 2c.
702 3061 127 46 Sept.
858 3060 52 46 5;
943 3060 82 41 aff.
1060 3061 126 47 Sept.
1218 3061 82 46 23;
1333 3061 41 38 A
1404 3061 171 46 42536;
1611 3061 213 40 German
1852 3061 258 39 American

187 3118 252 39 historical
470 3117 181 47 society
680 3117 53 39 of
763 3116 202 48 Illinois,
998 3116 220 49 Chicago.

115 3212 274 63 Dickens,
420 3211 261 54 Charles.

185 3291 220 52 Letters
460 3290 65 52 of
579 3289 235 54 Charles
867 3289 247 53 Dickens
1167 3295 56 47 to
1280 3292 280 51 Baroness
1615 3290 492 55 Burdett-Coutts.

117 3368 210 53 Edited
356 3369 75 67 by
463 3367 233 54 Charles
725 3367 62 54 C.
818 3366 270 54 Osborne.
1170 3367 360 65 [Instalment
1559 3372 48 63 3]

196 3446 84 48 (In
308 3444 220 44 Cornhill
558 3444 273 51 magazine,
862 3444 146 52 Aug.,
1040 3445 143 50 1931)

119 3514 1989 52 © 1c. Sept. 19, 1931; A ad int. 15488; pubd. July 23; Henry Fielding
187 3574 222 48 Dickens,
442 3574 209 40 London.

115 3669 309 62 Drawbell,
451 3670 201 52 James
679 3670 368 62 Wedgwood.

185 3746 163 55 Good
375 3747 152 53 time.
609 3747 359 66 [Instalment
993 3751 49 63 4]

195 3825 78 48 (In
304 3825 124 42 Miss
459 3824 202 43 modern
690 3824 274 52 magazine,
995 3825 144 51 Aug.,
1171 3824 144 50 1931)

120 3893 1985 54 © 1c. Sept. 16, 1931; A ad int. 15478; pubd. July 20; J. W. Drawbell,
187 3953 210 43 London.
