2428 4370
1026 4019 135 51 1863

154 459 688 52 4 p. l. , 3-246, [1] p. 19 ᶜᵐ .
93 517 51 51 ©
174 523 65 38 1c.
269 521 116 39 Nov.
415 520 69 46 11,
513 517 141 48 1931;
685 519 43 38 A
755 519 59 39 ad
844 518 87 40 int.
961 518 170 42 15656;
1164 518 143 47 pubd.
1340 517 127 48 Sept.
1498 518 81 46 18;
1612 517 173 39 Alfred
1814 518 54 39 A.
1899 517 182 48 Knopf,

160 578 105 46 inc.,
290 578 116 39 New
430 577 143 40 York.
645 575 277 48 (31-33223)

85 657 296 64 Goodhue,
410 658 277 51 Bertram
719 656 351 63 Grosvenor,
1103 659 324 51 1869-1924.

152 731 161 53 Book
360 731 354 53 decorations
760 732 73 67 by
881 730 265 53 Bertram
1196 730 321 54 Grosvenor
1566 730 288 54 Goodhue.
1942 730 136 53 New

84 808 174 70 York,
285 809 122 52 The
433 807 225 55 Grolier
682 808 144 69 club,
854 809 151 52 1931.

155 889 933 52 [82] p. front. (port.) illus. 28½ᶜᵐ.
155 947 133 40 “One
326 948 52 39 of
419 956 60 28 an
521 944 180 43 edition
745 945 48 40 of
835 946 112 39 four
987 945 222 42 hundred
1250 945 159 49 copies
1450 946 195 47 printed
1686 956 57 30 on
1788 947 294 40 unbleached

81 1002 182 41 Arnold
292 1002 272 41 handmade
589 1000 191 50 paper.”

154 1057 398 50 “Introductory”
583 1058 193 47 signed:
805 1056 186 48 Ingalls
1020 1055 226 43 Kimball.

93 1113 51 52 ©
172 1117 118 40 Nov.
317 1115 69 49 10,
413 1115 140 47 1931;
582 1113 66 40 2c.
678 1115 95 39 and
800 1113 82 42 aff.
909 1115 118 39 Nov.
1056 1112 81 49 12;
1168 1115 41 38 A
1234 1114 172 47 44742;
1440 1114 191 40 Grolier
1657 1116 111 39 club
1795 1115 51 40 of
1874 1116 83 40 the
1985 1115 98 49 city

159 1174 53 39 of
241 1172 117 41 New
387 1172 144 40 York.
605 1170 280 49 (31-32723)

87 1253 208 64 Green,
324 1252 246 55 Charles
593 1250 375 64 Plankinton,
998 1255 169 50 1872-

157 1329 237 53 Ballads
429 1326 65 55 of
528 1328 95 53 the
661 1327 181 53 Black
876 1327 155 67 hills,
1065 1327 77 68 by
1181 1325 236 56 Charles
1455 1328 67 52 P.
1559 1326 300 56 “Soldier”
1896 1326 187 56 Green

147 1402 1663 71 … Boston, The Christopher publishing house [ ᶜ193 1]
153 1482 1203 53 3 p. l. , 5-170 p. front., plates, ports. 20½ᶜᵐ.
157 1544 69 39 “A
267 1543 228 41 souvenir
536 1542 185 41 edition
766 1541 51 41 of
859 1540 82 42 the
985 1540 87 42 Mt.
1115 1540 272 41 Rushmore
1433 1541 188 48 project
1666 1541 120 42 with
1829 1542 254 42 narrative

86 1610 162 38 poems
286 1599 244 48 depicting
568 1598 83 41 the
689 1598 193 40 famous
922 1598 293 47 characters,
1258 1597 241 41 incidents
1541 1599 97 39 and
1677 1597 175 49 places,
1894 1598 52 41 in
1986 1600 97 40 and

86 1656 148 40 about
264 1657 83 39 the
377 1655 153 40 Black
559 1654 158 41 hills.”

95 1711 1990 52 © Nov. 3, 1931; 2c. Nov. 7; aff. Nov. 9; A 43880; Christopher pub.
162 1772 162 40 house.
399 1771 279 49 (31-32205)

94 1851 274 70 [Gribble,
396 1851 269 53 Leonard
691 1850 306 69 Reginald]
1034 1856 171 50 1908-

218 1927 1809 69 … The Nightborn. London, Hutchinson & co., ltd. [1931]
157 2009 637 51 5 p. l. , 15-287 p. 19½ ᶜᵐ .
158 2066 230 42 Author’s
414 2068 178 47 pseud.,
620 2067 95 39 Leo
743 2066 140 47 Grex,
911 2068 53 38 at
990 2067 122 39 head
1141 2066 51 40 of
1218 2067 122 39 title.

96 2122 1990 52 © 1c. Nov. 2. 1931; A ad int. 15610; pubd. Sept. 4; Leonard R. Gribble,
163 2183 212 39 London.
445 2181 279 49 (31-33676)

94 2262 241 64 Groves,
366 2263 218 51 Ernest
612 2261 389 66 Rutherford,
1034 2262 171 54 1878-

91 2336 1971 148 … Sociology, by Ernest R. Groves … Philadelphia & London,
245 2416 55 54 J.
332 2417 67 51 B.
428 2415 340 69 Lippincott
793 2432 299 52 company,
1121 2417 151 51 1931.

162 2495 925 50 160 p. 18½ ᶜᵐ . (The hour library)
163 2553 163 40 “First
349 2552 228 42 edition.”

99 2607 51 52 ©
183 2612 117 39 Nov.
334 2613 39 45 7,
408 2609 111 42 1931;
583 2610 67 41 2c.
685 2612 93 37 and
813 2609 81 42 aff.
928 2611 118 39 Nov.
1080 2610 58 40 30;
1199 2611 40 38 A
1270 2609 145 41 46022;
1480 2612 43 40 J.
1560 2612 52 38 B.
1648 2612 279 47 Lippincott
1961 2621 68 31 co.

177 2667 278 49 (31-28444)

98 2748 265 67 [Gruber,
389 2750 139 51 Mrs.
555 2746 194 56 Selma
784 2746 266 69 (Adler)]
1084 2753 170 49 1889-

159 2822 1931 72 Opposition, by Sabina Adler [pseud.] … Minneapolis, Minn.,
91 2905 323 50 1931-1932.

159 2982 704 50 3 p. l., 3-308 p. pl. 21 ᶜᵐ .
162 3038 365 43 “Illustrations
553 3041 60 48 by
636 3039 188 42 Arthur
850 3039 213 42 Richard
1094 3040 227 43 Gruber.”

102 3094 51 52 ©
186 3098 127 49 Sept.
342 3097 69 49 25,
442 3097 139 46 1931;
613 3097 66 40 2c.
712 3098 93 39 and
837 3096 81 41 aff.
952 3097 126 48 Sept.
1110 3098 55 39 28;
1225 3097 41 39 A
1295 3097 171 48 44686;
1504 3097 181 41 Sabina
1716 3099 160 47 Adler,
169 3098 1907 105 Minneapolis.

408 3152 279 51 (31-31929)

96 3236 246 64 Hanley,
370 3237 219 53 James.

166 3313 133 52 Men
323 3313 60 51 in
409 3312 289 67 darkness,
722 3312 108 52 five
854 3312 218 66 stories,
1095 3313 76 67 by
1197 3312 193 53 James
1414 3312 261 69 Hanley;
1704 3312 143 53 with
1874 3334 31 34 a

96 3310 1971 148 preface by John Cowper Powys. London, John Lane ᶜ193 1]
168 3469 921 48 3 p. l. , ix-xiv p., 1 l., 323 p. 19 ᶜᵐ .
103 3524 1971 107 © 1c. Nov. 16, 1931; A ad int. 15680; pubd. Sept. 19; J. Hanley, Penllwyn,
321 3585 192 46 Tynant
542 3584 213 46 Corwen,
784 3584 154 41 North
967 3585 175 41 Wales.
1172 3585 236 47 England.
1478 3584 280 48 (31-33555)

98 3666 250 63 Heaton,
378 3664 189 54 Willis
597 3666 216 63 Edgar.

231 3743 1864 69 … The procedure and law of Surrogates’ courts of the state
101 3821 64 52 of
204 3821 139 53 New
385 3821 180 68 York,
604 3822 75 68 by
717 3821 191 54 Willis
949 3821 64 53 E.
1057 3821 247 52 Heaton.
1379 3822 98 51 5th
1519 3822 85 52 ed.
1678 3840 52 35 v.
1774 3825 47 50 6.
1895 3822 200 53 Estate

101 3898 251 53 transfer
382 3900 109 51 and
521 3898 351 53 inheritance
899 3904 175 65 taxes,
1101 3898 298 69 including
1427 3898 218 54 federal
1674 3904 176 49 estate
1876 3906 118 64 tax,
2018 3899 78 71 by
