2575 4398
1291 4046 31 51 6

350 469 1057 50 5 p. l., 13-431 p. illus., plates. 21 ᶜᵐ .
350 527 171 41 Added
551 530 115 45 t.-p.,
697 527 299 41 illustrated.

287 582 51 52 ©
365 586 112 40 Dec.
505 585 69 48 10,
601 585 119 40 1930;
771 585 68 42 2c.
866 586 113 41 Dec.
1005 587 83 45 17;
1117 585 83 41 aff.
1227 585 111 41 Jan.
1366 585 40 49 2,
1433 585 115 41 1931
1568 597 7 36 ;
1604 586 44 40 A
1671 586 175 49 32615;
1877 587 188 42 Claude
2087 588 231 40 Kendall.

359 639 69 55 [©
458 644 349 47 illustrations,
836 644 242 39 revisions
1106 644 52 39 in
1187 643 303 41 translation
1518 644 38 41 &
1581 644 353 52 introduction]

365 700 255 51 (31-1197)

285 782 226 65 Goltra,
542 783 157 54 John
731 782 244 66 Nelson,
1009 788 173 50 1859-

280 858 2015 152 … Health and strength, by John Nelson Goltra, M. D. Chicago,
462 938 1296 73 The Howard-Severance company [ ᶜ1 930 ]
351 1020 1968 53 xviii, 337 p. incl. front. (port.) illus., plates. 23 ½ ᶜᵐ . (Foundation
281 1078 1670 50 stones of success, Edwin Markham, editor-in-chief. vol. IV )
354 1136 219 43 “Stories
602 1135 52 42 of
684 1137 84 39 the
795 1147 168 37 games
992 1137 97 39 and
1117 1138 163 46 sports
1312 1136 53 41 of
1393 1136 261 42 childhood
1686 1140 97 38 and
1812 1138 449 47 youth.”—Introd.

287 1194 52 53 ©
369 1199 116 47 Apr.
515 1198 41 48 2,
587 1196 143 48 1930;
762 1197 67 40 2c.
862 1197 113 41 Dec.
1005 1197 83 47 27;
1123 1196 82 41 aff.
1238 1197 112 40 Jan.
1382 1196 39 50 5,
1454 1195 143 49 1931;
1629 1196 44 40 A
1701 1195 174 50 31998;
355 1196 1946 100 Howard-Severance

501 1267 69 29 co.
635 1251 70 54 [©
735 1255 193 41 revised
954 1256 88 48 ed.]
1117 1253 254 51 (31-1119)

285 1323 200 65 Greig,
521 1324 125 53 Ian.

349 1397 1966 75 The tragedy of the Chinese mine, by Ian Greig … New
280 1478 1145 73 York, H. Holt and company [ ᶜ1 931 ]
351 1564 371 48 265 p. 19½ ᶜᵐ .
288 1619 1945 53 © Jan. 5, 1931; 2c. and aff. Jan. 7 ; A 33023 ; Henry Holt & co., inc.
366 1680 224 50 (31-600)

286 1748 178 65 Grey,
496 1748 176 65 Zane,
707 1751 173 53 1872-

357 1825 211 55 Sunset
603 1843 150 51 pass,
788 1825 78 70 by
901 1826 152 53 Zane
1088 1824 174 71 Grey.
1338 1825 143 53 New
1518 1824 166 54 York
1717 1826 114 53 and
1867 1825 264 69 London,
284 1826 2014 148 Harper
416 1907 46 51 &

491 1904 282 71 brothers,
807 1907 153 53 1931.

355 1988 591 50 3 p. l., 349 p. 19½ ᶜᵐ .
356 2048 294 41 Illustrated
677 2047 372 49 lining-papers.

358 2106 166 41 “First
552 2105 231 42 edition.”

289 2161 51 54 ©
379 2166 111 40 Jan.
526 2164 40 48 2,
604 2163 114 41 1931
739 2174 7 36 ;
786 2163 67 41 2c.
891 2163 112 41 Jan.
1041 2163 28 40 5
1085 2174 8 36 ;
1134 2162 82 40 aff.
1256 2162 111 41 Jan.
1405 2161 27 41 6
1450 2173 8 37 ;
1498 2162 43 39 A
1576 2161 146 42 32561
1740 2173 9 37 ;
1791 2163 47 40 Z.
1878 2162 141 50 Grey,
2059 2164 260 49 Altadena,

360 2223 147 42 Calif.
579 2221 224 50 (31-521)

288 2288 155 68 Hall,
475 2288 276 56 Winfield
784 2289 188 64 Scott,
1007 2292 174 52 1861-

417 2364 1902 74 … Counsel to parents, by Winfield Scott Hall, M. D., and
283 2441 2016 156 Jeannette Winter Hall. Chicago, The Howard-Severance company [ ᶜ1 930]
356 2604 1964 52 xxix, 310 p. incl. front. illus., plates, ports. 23½ ᶜᵐ . (Foundation
285 2668 167 39 stones
480 2664 52 42 of
561 2674 207 37 success,
797 2663 175 41 Edwin
1000 2662 277 46 Markham,
1306 2661 388 41 editor-in-chief.
1768 2664 93 43 vol.
1919 2664 13 47 I)

291 2720 2031 106 © Apr. 2, 1930; 2c. Dec. 27; aff. Jan. 5, 1931; A 31998; Howard-Severance
661 2794 68 30 co.
811 2777 52 53 [©
894 2781 192 40 revised
1114 2781 90 48 ed.]
1277 2777 255 51 (31-1114)

288 2852 320 64 Hartman,
640 2849 247 65 Dennis,
920 2854 174 49 1894-
1309 2847 86 53 ed.

357 2931 233 52 Income
618 2934 102 48 tax
749 2926 396 70 index-digest
1171 2924 65 55 of
1268 2926 78 52 all
1378 2929 163 49 court
1571 2925 115 53 and
1717 2925 292 71 Treasury
2039 2927 282 54 decisions

287 3009 112 53 and
441 3008 265 53 Internal
746 3024 244 35 revenue
1032 3003 226 70 rulings
1309 3002 192 70 (prior
1542 3008 59 49 to
1641 3003 98 54 the
1779 3003 294 70 inception
2117 3004 66 54 of
2224 3006 98 53 the

286 3086 227 71 Board)
563 3085 222 54 Dennis
824 3084 314 69 Hartman,
1252 3125 9 9 LL.
1320 3124 29 25 B.,
1390 3081 203 54 editor.
1669 3082 411 71 Washington,
2121 3084 71 53 D.
2239 3082 63 57 C.,

285 3161 1193 65 Legal publishing society, inc. [ ᶜ1 930]
358 3243 637 52 560 (i. e. 558) p. 24 ᶜᵐ .
359 3305 159 47 “Page
550 3302 232 40 numbers
815 3299 87 41 513
935 3300 97 40 and
1065 3298 87 41 514
1185 3298 320 48 erroneously
1539 3299 221 41 omitted.
1824 3298 201 49 Subject
2060 3303 184 41 matter
2280 3304 42 40 is

287 3359 480 43 correct.”—Errata
800 3357 93 47 slip
924 3356 218 41 inserted
1172 3355 221 41 between
1422 3365 151 38 pages
1603 3355 87 40 512
1721 3358 97 38 and
1850 3356 101 43 515.

361 3418 131 40 “The
525 3414 223 47 monthly
781 3413 308 48 supplement
1123 3411 185 42 service
1344 3411 226 41 contains
1605 3412 68 41 all
1708 3412 165 42 Board
1911 3413 54 42 of
1996 3416 89 40 tax
2121 3417 202 47 appeals

289 3475 257 45 decisions,
583 3473 97 40 and
718 3471 103 41 also
858 3471 153 46 court,
1047 3468 265 48 Treasury,
1347 3469 98 40 and
1485 3467 223 42 Internal
1748 3479 211 32 revenue
1999 3471 188 49 rulings
2226 3475 94 39 and

289 3531 243 41 decisions
561 3529 300 47 subsequent
889 3529 49 39 to
967 3525 103 42 this
1097 3525 138 47 book,
1265 3526 98 39 and
1392 3524 83 42 the
1507 3525 337 49 Index-digest
1872 3527 55 41 of
1956 3527 165 43 Board
2150 3529 55 41 of
2235 3531 88 40 tax

289 3588 201 48 appeals
519 3584 478 43 decisions.”—Note
1027 3582 50 41 to
1109 3581 279 41 Foreword.

296 3643 52 53 ©
376 3648 113 39 Dec.
515 3644 71 49 29,
614 3643 116 41 1930
748 3655 8 30 ;
786 3643 68 39 2c.
882 3643 97 38 and
1007 3640 82 40 aff.
1119 3640 111 41 Jan.
1258 3640 40 48 3,
1327 3639 114 40 1931
1461 3650 9 37 ;
1499 3640 43 39 A
1568 3639 147 42 32517
1732 3651 10 38 ;
1773 3641 56 41 D.
1860 3642 262 51 Hartman,
363 3645 1942 108 Washington.
623 3700 224 51 (31-785)

291 3774 247 61 Harvey
565 3769 247 64 society,
839 3774 88 51 New
1012 3768 180 52 York.

363 3854 122 52 The
526 3852 241 67 Harvey
808 3850 260 62 lectures,
1108 3845 290 54 delivered
1438 3846 184 52 under
1660 3846 98 53 the
1799 3847 258 68 auspices
2099 3850 65 53 of
2202 3851 123 52 The

292 3933 241 67 Harvey
566 3928 213 69 society
813 3925 63 54 of
908 3926 140 52 New
1082 3923 182 69 York,
1299 3925 331 67 1929-1930,
1662 3925 183 52 under
1876 3927 96 52 the
2006 3933 320 64 patronage
