2505 4370
1291 4060 103 53 106

404 472 683 49 96 p. incl. plates. 19½ ᶜᵐ .
344 540 2014 54 © Nov. 15, 1930; 2c. Feb. 2, 1931; aff. Jan. 31; A 34106; David C. Cook
411 603 112 48 pub.
561 612 66 31 co.
699 602 253 50 (31-3180)

338 695 322 67 Lockhart,
690 697 226 55 Walter
946 698 257 66 Samuel,
1234 700 173 54 1874-

404 774 57 51 A
495 773 305 55 handbook
834 774 66 53 of
933 774 96 54 the
1062 773 110 55 law
1208 773 64 53 of
1306 774 264 53 evidence
1606 775 94 52 for
1733 774 187 54 North
1957 774 290 69 Carolina,
2281 775 73 69 by

335 851 2021 72 Walter S. Lockhart … 2d ed., rev., extended and enl. by the
333 929 2000 151 author, with the assistance of Richmond Rucker … Cincinnati, The W. H. Anderson company [ ᶜ19 31 ]
403 1091 432 49 xvii, 540 p. 20 ᶜᵐ.
406 1148 181 42 “Table
617 1150 52 39 of
696 1149 166 41 cases”:
922 1159 43 39 p.
998 1148 220 43 413-438.

342 1217 52 53 ©
424 1221 111 42 Jan.
563 1220 70 49 26,
662 1219 114 42 1931;
835 1220 68 42 2c.
932 1222 97 39 and
1057 1220 71 41 aff
1134 1254 8 8 .
1170 1220 112 42 Jan.
1311 1220 60 41 27;
1426 1221 42 39 A
1494 1221 146 41 33377;
1698 1222 74 42 W.
1802 1223 61 41 H.
1893 1223 256 41 Anderson
2176 1233 71 33 co.

420 1278 253 50 (31-3412)

335 1373 318 65 Marinoni,
682 1375 282 65 Antonio,
995 1375 172 55 1879-

404 1453 161 70 Italy
597 1452 305 70 yesterday
937 1453 113 53 and
1082 1453 197 68 today,
1313 1453 75 69 by
1424 1452 72 54 A.
1531 1452 325 69 Marinoni;
1896 1453 141 54 with
2072 1472 107 36 one

334 1455 1998 129 hundred
503 1531 114 53 and
643 1530 406 70 twenty-eight
1075 1529 290 55 half-tone
1393 1530 399 55 illustrations.
1855 1531 141 53 New
2025 1532 182 69 York,
2234 1532 123 55 The

333 1608 339 54 Macmillan
701 1626 302 53 company,
1034 1610 153 52 1931.

435 1689 712 50 x p., 1 l., 315 p. illus. 22½ᶜᵐ.
341 1759 52 53 ©
422 1764 111 41 Jan.
558 1762 70 50 27,
654 1761 115 42 1931;
825 1762 68 42 2c.
920 1764 96 40 and
1044 1762 81 41 aff.
1154 1764 112 40 Jan.
1292 1763 83 47 28;
1406 1763 41 39 A
1472 1762 173 50 33400;
1675 1763 287 42 Macmillan
1986 1773 70 33 co.

423 1820 252 50 (31-3078)

335 1916 384 66 Mississippi.
793 1920 281 68 Supreme
1105 1926 177 47 court.

408 1997 1951 70 Cases argued and decided … at the September term, 1929,
335 2078 116 53 and
489 2077 204 53 March
733 2082 165 63 term,
939 2078 150 51 1930.
1166 2095 52 33 v.
1261 2079 119 66 156,
1421 2077 115 52 157.
1612 2076 292 68 Reported
1944 2077 75 69 by
2060 2076 177 54 Louis
2276 2076 79 51 M.

334 2155 266 70 Jiggitts.
679 2154 320 70 Columbia,
1026 2154 135 70 Mo.,
1188 2154 67 52 E.
1283 2155 90 53 W.
1407 2154 282 68 Stephens
1715 2154 337 69 publishing
2077 2173 100 52 co.,
2206 2156 149 51 1930.

403 2235 220 42 2 v. 22½ ᶜᵐ.
337 2320 43 32 v.
407 2309 100 48 156,
537 2304 54 53 ©
617 2310 122 46 Aug.
766 2308 39 48 6,
833 2306 119 42 1930;
1004 2307 68 41 2c.
1100 2306 121 49 Aug.
1249 2307 31 40 8;
1333 2305 83 42 aff.
1445 2306 111 41 Jan.
1584 2305 69 49 22,
1683 2304 114 43 1931;
1855 2317 43 30 v.
1927 2306 99 49 157,
2060 2302 53 53 ©
2142 2308 113 40 Dec.
2283 2305 70 51 16,

408 2365 118 42 1930;
581 2366 67 41 2c.
679 2367 113 41 Dec.
820 2364 56 41 19;
935 2364 84 44 aff.
1048 2366 112 42 Jan.
1187 2364 71 50 22,
1289 2363 113 42 1931;
1463 2365 41 38 A
1531 2363 159 50 34008,
1720 2362 147 42 34009;
1927 2364 54 42 B.
2011 2365 73 41 W.
2118 2363 237 49 Stephens

407 2425 110 48 pub.
545 2435 68 31 co.

333 2519 303 55 Missouri.
711 2522 281 68 Supreme
1025 2526 175 49 court.

405 2595 1952 73 Reports of cases determined … between October 3, 1928, and
333 2653 2025 95 March 2, 1929. Perry S. Rader, reporter, v. 321. Columbia,
333 2759 137 69 Mo.,
497 2758 66 52 E.
591 2757 89 55 W.
714 2756 284 69 Stephens
1027 2754 338 70 publishing
1392 2773 99 51 co.,
1522 2756 150 51 1930.

406 2835 688 53 xxxvi, 1470, vi p. 23½ ᶜᵐ .
340 2893 52 53 ©
426 2898 119 40 Nov.
578 2896 70 49 29,
682 2895 117 42 1930;
859 2895 68 42 2c.
961 2896 113 40 Dec.
1107 2894 53 49 2;
1196 2893 84 42 aff.
1314 2894 111 41 Jan.
1459 2892 69 50 22,
1563 2891 141 49 1931;
1742 2892 42 40 A
1815 2890 173 50 34010;
2025 2892 44 41 J.
2103 2893 59 40 D.
2196 2892 154 49 Allen,

410 2955 244 41 Jefferson
681 2954 125 48 City,
833 2954 94 40 Mo.

335 3050 285 54 National
644 3049 315 54 education
982 3047 363 55 association
1368 3047 65 52 of
1456 3047 104 52 the
1583 3045 222 55 United
1830 3046 191 53 Staes.
402 3046 1920 138 Department
589 3132 66 68 of
679 3130 356 68 supervisors
1065 3130 117 52 and
1208 3129 278 52 directors
1516 3127 64 68 of
1605 3124 361 55 instruction.

326 3200 2028 235 The evaluation of supervision; the fourth yearbook … Compiled by a committee of The department, Clifford Woody, chairman, Delia E. Kibbe, George C. Kyte [and others] New York
333 3446 136 68 city,
494 3445 282 53 Teachers
798 3443 231 69 college,
1056 3440 299 57 Columbia
1385 3439 336 69 university.
1749 3440 149 50 1931.

408 3520 890 54 vii p., 2 l., 3-181 p. diagrs. 23½ᶜᵐ.
339 3580 53 52 ©
432 3584 113 41 Feb.
583 3582 39 50 6,
661 3580 142 48 1931;
843 3580 67 42 2c.
951 3581 111 40 Feb.
1101 3581 83 45 14;
1225 3578 84 41 aff.
1348 3578 112 41 Feb.
1499 3576 83 48 12;
1623 3578 42 38 A
1701 3575 173 47 33855;
1916 3576 141 47 Dept.
2098 3574 51 39 of
406 3582 1925 100 supervisors

597 3641 96 39 and
725 3639 238 41 directors
995 3637 52 41 of
1077 3636 309 47 instruction,
1420 3635 131 41 Natl.
1585 3633 259 41 education
1878 3642 142 38 assn.,
2053 3632 119 39 New
2204 3629 146 41 York.

332 3751 273 63 Newton,
634 3750 221 63 Joseph
887 3750 164 62 Fort,
1083 3749 172 54 1876-

400 3828 124 53 The
556 3826 281 67 builders;
875 3846 31 34 a
940 3830 156 66 story
1132 3823 109 54 and
1279 3822 173 71 study
1485 3822 64 53 of
1582 3822 406 66 freemasonry,
2023 3818 75 69 by
2132 3816 215 69 Joseph

332 3893 2017 77 Fort Newton … New York, Macoy publishing and masonic
331 3984 212 73 supply
575 4003 295 51 company,
902 3984 151 52 1930.
