2505 4370
1057 4070 100 50 339

114 433 173 67 Cary,
319 431 187 54 Marie
541 431 310 64 Sherman,
888 431 169 54 1870-

177 507 122 53 The
340 505 179 53 world
560 523 116 35 was
716 509 308 64 seventeen,
1063 503 76 70 by
1179 501 185 55 Marie
1405 502 278 55 Sherman
1727 500 167 72 Cary.
1973 501 137 53 New

112 585 174 66 York,
315 583 255 68 London,
599 583 122 55 The
752 584 252 68 Century
1037 600 77 35 co.
1263 584 86 66 [ᶜ1931]

179 663 869 54 3 p. l., 3-331 p. 19½ ᶜᵐ. $2.00
181 724 161 41 “First
373 722 259 49 printing.”

118 778 52 53 ©
205 782 110 41 Feb.
348 781 70 48 20,
451 780 140 47 1931;
626 780 67 41 2c.
727 780 111 40 Feb.
872 779 54 40 25;
990 778 81 41 aff.
1107 778 110 41 Feb.
1251 777 84 48 26;
1371 777 43 40 A
1446 775 171 50 33949;
1656 778 61 41 M.
1754 777 48 42 C.
1839 777 275 43 Cleveland,

184 839 117 40 New
327 838 145 41 York.
542 837 251 50 (31-6867)

111 935 121 52 The
254 931 324 64 Colophon;
604 951 31 34 a
655 932 148 53 book
822 929 308 56 collectors’
1151 930 309 69 quarterly,
1531 934 80 64 pt.
1635 933 46 49 5.
1776 930 137 52 [New
1937 930 180 69 York,

182 1011 121 54 The
335 1010 316 69 Colophon,
682 1010 122 69 ltd.,
836 1013 151 63 1931]

186 1092 84 49 [88]
305 1101 41 38 p.
410 1092 143 47 illus.,
587 1091 157 48 plates
771 1090 135 48 (part
939 1089 111 49 col.)
1117 1088 58 42 27½ᶜᵐ.

117 1144 52 53 ©
196 1150 122 41 Mar.
343 1148 69 49 13,
437 1147 114 41 1931;
606 1147 66 41 2c.
700 1148 95 39 and
822 1147 82 42 aff.
929 1147 113 48 Apr.
1068 1147 25 39 6;
1148 1146 41 39 A
1214 1146 171 46 36330;
1417 1145 259 49 Colophon,
1702 1145 86 41 ltd.

112 1242 337 54 Commerce
480 1240 261 65 clearing
769 1241 202 55 house.

181 1322 298 69 Michigan
522 1322 250 52 advance
815 1320 187 69 digest
1044 1320 229 69 service,
1320 1323 148 49 1931.
1551 1318 165 55 Cited
1765 1323 131 49 1931
1939 1318 177 54 Mich.

112 1396 2004 72 CCH … Chicago, New York [etc.] Commerce clearing house,
110 1477 329 69 inc., ᶜ19 31.
180 1558 225 41 1 v. 30 ᶜᵐ.
180 1614 287 42 Loose-leaf.

117 1667 52 53 ©
197 1672 109 41 Jan.
333 1670 181 42 8-Mar.
544 1671 66 49 16,
644 1671 132 43 1931;
805 1671 67 42 2c.
900 1672 94 41 and
1023 1670 81 42 aff.
1135 1672 120 41 Mar.
1285 1671 80 47 19;
1395 1670 38 39 A
1461 1670 172 48 35324;
1665 1670 273 41 Commerce
185 1669 1911 109 clearing
295 1729 163 48 house,
490 1729 89 41 inc.

112 1821 355 55 Committee
505 1839 73 36 on
617 1822 101 53 the
756 1822 358 54 celebration
1152 1823 63 52 of
1256 1822 101 53 the
1396 1821 296 65 eightieth
1731 1821 282 63 birthday
2051 1822 62 50 of

180 1899 219 55 Doctor
429 1900 255 55 William
715 1901 208 63 Henry
951 1900 219 55 Welch.

183 1977 264 55 William
471 1977 206 70 Henry
702 1978 199 54 Welch
930 1984 58 47 at
1016 1978 225 69 eighty;
1274 1996 31 34 a
1333 1976 297 54 memorial
1659 1977 198 53 record
1885 1975 65 54 of
113 1977 1977 132 celebrations

405 2055 220 53 around
661 2056 97 53 the
793 2056 180 53 world
1011 2055 59 53 in
1105 2055 90 55 his
1230 2056 200 67 honor,
1466 2054 191 54 edited
1693 2053 75 71 by
1805 2054 202 55 Victor
2044 2053 70 55 O.

114 2132 309 70 Freeburg.
498 2132 140 55 New
663 2132 181 70 York,
868 2133 144 53 Pub.
1041 2132 93 54 for
1160 2133 98 54 the
1285 2132 340 56 Committee
1650 2150 73 36 on
1748 2133 98 55 the
114 2129 1975 135 celebration
260 2209 66 55 of

347 2211 98 53 the
468 2211 277 69 eightieth
769 2211 275 69 birthday
1068 2210 65 54 of
1157 2212 216 52 Doctor
1397 2210 263 55 William
1685 2210 205 68 Henry
1914 2208 197 57 Welch

107 2287 76 70 by
215 2287 96 54 the
342 2287 267 54 Milbank
638 2289 297 52 memorial
968 2288 165 68 fund,
1168 2292 152 49 1930.

181 2369 1840 51 230 p., 1 l. front., illus. (incl. facsims.) plates (1 col.) ports. 26½ ᶜᵐ.
186 2428 146 40 “This
360 2429 124 39 book
514 2428 42 41 is
585 2438 89 32 one
704 2429 51 40 of
784 2440 27 30 a
840 2429 188 40 limited
1059 2429 183 41 edition
1274 2429 52 41 of
1355 2429 92 41 five
1477 2428 222 42 hundred
1731 2427 158 50 copies
1921 2427 193 49 printed

111 2485 80 40 for
226 2485 377 48 presentation.”

184 2541 165 41 Simon
378 2541 222 50 Flexner,
632 2542 265 50 chairman,
928 2542 266 42 Executive
1221 2541 293 44 committee.

182 2597 1519 51 “Copyright … [by] William H. Welch medical library.”
184 2654 135 42 “List
349 2655 51 40 of
432 2656 148 40 books
613 2657 95 39 and
741 2656 82 41 the
853 2657 190 40 friends
1076 2657 110 39 who
1217 2665 121 39 gave
1370 2656 131 41 them
1535 2656 50 41 to
1618 2655 85 41 Dr.
1743 2654 160 42 Welch
1937 2665 61 31 on
2031 2655 84 41 the

112 2711 223 41 occasion
361 2712 51 40 of
439 2712 77 41 his
542 2713 238 48 eightieth
807 2713 259 48 birthday”:
1125 2725 43 37 p.
1197 2712 217 42 215-216.

117 2765 52 52 ©
196 2769 109 40 Jan.
332 2769 69 49 29,
428 2768 113 42 1931;
598 2769 67 41 2c.
693 2771 96 39 and
814 2771 82 41 aff.
924 2770 109 41 Feb.
1061 2770 55 41 25;
1173 2771 40 39 A
1240 2770 147 42 34506;
1442 2769 217 42 William
1688 2770 60 42 H.
1776 2770 165 41 Welch
184 2769 1912 98 medical
282 2826 200 50 library,
507 2827 282 42 Baltimore.
859 2827 250 50 (31-5787)

113 2907 389 65 Creutzburg,
530 2907 308 66 Nikolaus,
868 2914 170 50 1893-

240 2982 1871 72 … Kultur im Spiegel der landschaft, das bild der erde in
107 3059 180 55 seiner
319 3061 330 70 gestaltung
680 3062 178 53 durch
894 3062 107 53 den
1035 3063 326 67 menschen;
1399 3062 91 53 ein
1524 3062 348 53 bilderatlas.
106 3060 1983 147 Leipzig,

245 3137 562 70 Bibliographisches
836 3140 231 54 institut
1096 3158 107 51 ag.,
1238 3144 152 51 1930.

177 3217 1152 52 xvi, 218 p., 1 l. incl. illus., plates. 18 × 37 ᶜᵐ.
180 3274 125 40 “Zur
332 3273 260 42 literatur”:
650 3286 43 37 p.
720 3275 97 42 xvi.

108 3330 1987 105 CONTENTS.—Die v erdrängung des wassers.—Die v erdrängung und neugestaltung
415 3388 88 39 der
531 3387 444 49 vegetation.—Die
1009 3389 268 48 einfügung
1307 3400 92 30 von
1433 3390 310 40 technischen
1775 3390 206 47 anlagen
2014 3389 96 40 und

134 3443 257 49 siedlungen
423 3443 49 40 in
500 3443 78 41 die
606 3444 125 41 freie
758 3446 451 40 landschaff.—Die
1240 3448 134 39 stadt
1405 3447 74 40 als
1509 3448 203 39 landschaff.

116 3499 52 53 ©
200 3504 127 47 Sept.
356 3504 40 47 4,
426 3503 116 41 1930;
598 3504 67 41 1c.
694 3503 117 42 Nov.
841 3504 24 39 1;
925 3504 309 49 A—Foreign
1264 3504 144 41 10172;
1469 3504 477 49 Bibliographisches
185 3502 1910 105 institut,
300 3571 105 38 a.-g.
477 3560 223 48 (31-6561

112 3639 251 66 Croffut,
395 3640 256 54 William
682 3641 332 66 Augustus,
1049 3647 326 50 1835-1915.

178 3716 96 53 An
314 3716 309 54 American
666 3718 340 68 procession,
1051 3722 338 64 1855-1914;
1438 3739 32 33 a
1515 3720 265 67 personal
1825 3717 286 55 chronicle

109 3792 64 53 of
212 3792 225 55 famous
476 3812 145 49 men,
659 3795 76 68 by
774 3795 262 54 William
1074 3796 72 52 A.
1191 3796 256 67 Croffut;
1492 3796 141 53 with
1675 3794 436 71 reproductions

109 3868 65 54 of
225 3871 288 53 woodcuts
566 3870 151 54 from
768 3872 199 53 Frank
1018 3873 230 54 Leslie’s
1303 3873 231 69 weekly.
1625 3874 235 67 Boston,
1913 3872 198 63 Little,

110 3946 229 70 Brown,
369 3948 114 54 and
513 3964 298 54 company,
841 3952 151 51 1931.
