2505 4370
1268 4041 137 50 1036

347 376 348 66 Masselink,
730 377 278 57 William.

347 455 1995 132 Why thousand y ears? or, Will the second coming be premillennial?
783 535 1582 68 By Rev. William Masselink … 2d ed. Grand
347 612 241 67 Rapids,
618 612 195 68 Mich.,
843 614 149 53 Wm.
1027 616 66 51 B.
1128 615 321 54 Eerdmans
1480 616 339 72 publishing
1850 636 98 50 co.,
1982 623 150 50 1930.

418 692 87 41 224
535 704 43 37 p.
640 694 181 49 diagrs.
990 728 9 9 20ᶜᵐ.

418 751 382 49 Bibliography:
830 763 43 38 p.
903 752 221 42 223-224.

353 817 52 52 ©
435 823 118 40 Nov.
584 825 39 46 1,
652 822 118 41 1930;
884 857 9 8 2c.
923 825 126 39 June
1077 826 40 46 5,
1148 825 142 47 1931;
1324 826 82 40 aff.
1437 827 129 40 June
1591 828 83 47 13;
1706 828 44 40 A
1778 827 172 49 37907;
1983 830 124 40 Wm.
2137 831 55 38 B.
421 832 1926 88 Eerdmans
590 880 283 48 publishing
900 892 67 31 co.
1040 882 282 47 (31-17026)

345 974 345 65 Matthews,
728 976 249 54 Charles
1010 978 75 55 H.

411 1052 121 52 The
563 1052 292 54 essentials
886 1052 64 55 of
982 1074 32 34 a
1047 1059 257 52 contract
1334 1060 209 64 system
1596 1057 76 68 [by]
1728 1056 168 56 Chas.
1931 1058 75 53 H.
2039 1058 323 55 Matthews.

341 1129 137 54 New
511 1129 163 54 York
706 1130 132 71 city,
870 1129 241 55 Minden
1142 1151 176 52 press,
1347 1135 127 68 inc.,
1509 1137 151 52 1931.

412 1210 103 49 viii,
545 1210 69 50 69,
647 1211 54 50 [3]
732 1222 43 39 p.
834 1212 149 42 17½ᶜᵐ.

350 1281 52 52 ©
430 1286 128 40 June
584 1285 70 49 27,
683 1286 142 45 1931;
854 1286 66 41 2c.
951 1289 95 38 and
1076 1287 81 40 aff.
1188 1288 128 40 June
1342 1287 83 47 30;
1455 1288 42 39 A
1523 1286 173 50 39156;
1729 1288 49 41 C.
1806 1290 61 40 H.
1898 1289 279 49 Matthews,
418 1289 1948 96 Plain-field,

577 1344 56 39 N.
670 1343 42 40 J.
785 1344 282 47 (31-16865)

340 1438 289 65 Merkert,
664 1439 175 55 Emil.

413 1518 679 70 Personenkraftwagen,
1138 1519 431 55 kraftomnibus
1615 1523 118 52 und
1779 1521 482 70 lastkraftwagen
2304 1522 60 54 in

343 1598 110 52 den
483 1598 375 68 Vereinigten
891 1597 238 55 Staaten
1159 1617 113 34 von
1300 1598 297 71 Amerika,
1625 1598 109 54 mit
1761 1601 340 53 besonderer
2129 1601 234 53 berück-

342 1676 334 70 sichtigung
699 1677 157 53 ihrer
878 1676 390 70 beziehungen
1293 1695 69 35 zu
1386 1676 309 56 eisenbahn
1718 1679 119 53 und
1862 1679 368 71 landstrasse,
2253 1697 112 37 von

342 1755 2019 71 dr. rer. pol. Emil Merkert … mit 51 abbildungen im text und
340 1834 106 54 auf
476 1839 29 49 8
533 1835 204 53 tafeln.
814 1834 218 69 Berlin,
1062 1835 55 54 J.
1152 1833 300 72 Springer,
1484 1837 151 51 1930.

419 1915 1335 50 vii, [1], 356 p. incl. diagrs. illus., plates. 24 ½ᶜᵐ .
418 1989 168 39 Plates
608 1987 198 48 printed
832 1998 61 28 on
919 1987 118 40 both
1066 1987 144 41 sides.

414 2044 395 49 Bibliographies
838 2047 52 37 at
919 2045 91 38 end
1038 2044 52 40 of
1119 2044 244 48 chapters.

345 2113 52 52 ©
424 2117 128 41 June
578 2117 69 47 14,
674 2115 143 48 1930;
876 2126 36 28 1c.
943 2115 128 48 Sept.
1099 2117 82 45 17;
1211 2114 316 48 A—Foreign
1551 2114 143 49 9393;
1724 2116 165 41 Julius
1920 2116 245 48 Springer.

425 2174 14 48 (A
505 2173 230 49 30-1161)

336 2268 306 66 Merriam,
675 2268 156 54 John
863 2267 373 65 McKinstry,
1274 2273 172 50 1862-

407 2347 420 69 Framingham
868 2352 58 47 to
970 2346 471 70 Framlingham;
1488 2365 31 33 a
1562 2346 263 69 greeting
1867 2365 187 36 across
2098 2347 95 53 the
2235 2366 120 34 seas

335 2425 61 54 in
421 2443 255 51 memory
703 2424 64 53 of
794 2423 272 55 Nicholas
1094 2424 300 54 Danforth
1423 2426 112 52 and
1562 2425 89 53 his
1679 2425 389 68 descendants,
2094 2426 77 68 by
2197 2427 158 53 John

334 2504 79 53 M.
444 2503 293 54 Merriam.
815 2505 235 65 Boston,
1078 2505 194 66 Mass.,
1299 2502 159 54 Priv.
1489 2502 177 69 print,
1698 2502 94 53 for
1820 2505 97 51 the
1945 2505 225 68 author,
2201 2508 151 50 1931.

405 2586 28 39 2
463 2596 44 37 p.
573 2617 9 17 l.,
611 2586 57 39 24
696 2596 43 37 p.
800 2586 165 47 front.,
996 2586 130 40 illus.
1155 2585 136 48 (incl.
1321 2583 243 49 facsims.)
1603 2588 149 45 ports.
1814 2585 148 41 23½ᶜᵐ.

405 2643 130 41 Title
564 2643 217 48 vignette
816 2643 277 49 (Danforth
1122 2645 111 38 coat
1262 2642 52 41 of
1341 2641 158 49 arms)

342 2711 52 52 ©
422 2716 127 40 June
575 2715 69 47 10,
670 2714 142 47 1931;
841 2714 68 41 2c.
936 2716 97 39 and
1059 2714 82 42 aff.
1169 2715 118 47 July
1312 2714 52 48 2;
1395 2715 40 39 A
1461 2713 173 49 39198;
1663 2715 43 40 J.
1735 2715 64 42 M.
1828 2714 248 48 Merriam,
409 2713 1930 107 Framingham,
569 2774 147 38 Mass.
789 2771 283 52 (31-17041)

333 2868 219 55 Michie
584 2884 309 49 company,
928 2867 467 56 Charlottesville
1401 2912 12 27 ,
1448 2868 103 54 Va.

398 2943 217 54 Michie
651 2965 71 34 on
757 2944 181 55 banks
976 2944 113 52 and
1126 2943 276 68 banking,
1438 2943 75 72 by
1550 2944 97 53 the
1683 2943 266 54 editorial
1985 2942 137 54 staff
2156 2943 64 52 of
2256 2943 93 52 the

327 3021 215 53 Michie
576 3040 279 52 company
890 3020 180 54 under
1104 3024 95 52 the
1236 3020 358 69 supervision
1629 3022 64 52 of
1726 3021 69 52 A.
1834 3022 250 54 Hewson
2119 3022 229 67 Michie,

333 3104 238 54 assisted
609 3105 75 68 by
723 3104 207 53 Beirne
972 3103 292 56 Stedman.
1340 3104 349 52 Permanent
1726 3104 83 52 ed.
1885 3122 52 34 v.
1979 3106 116 50 1-3.
332 3101 1996 150 Charlottesville,

688 3183 124 58 Va.,
843 3183 122 52 The
993 3182 215 54 Michie
1238 3200 300 51 company,
1571 3184 151 51 1931.

405 3264 27 40 3
468 3274 41 30 v.
573 3264 118 41 24ᶜᵐ.

402 3320 129 47 Kept
559 3330 62 37 up
650 3322 49 38 to
727 3320 117 41 date
865 3321 62 47 by
950 3321 174 47 pocket
1147 3322 141 46 parts
1316 3321 48 39 to
1393 3320 56 40 be
1477 3319 215 42 inserted
1720 3321 51 39 at
1802 3317 91 43 end
1920 3319 53 40 of
1999 3321 119 38 each
2145 3321 200 38 volume,

336 3401 41 30 v.
410 3392 41 46 1,
481 3392 40 46 2,
557 3387 56 52 ©
642 3392 129 40 June
799 3391 69 42 23,
902 3391 114 39 1931;
1136 3422 7 7 2c.
1176 3391 120 41 each
1329 3392 95 39 and
1457 3391 107 40 affs.
1599 3392 126 39 June
1756 3390 84 48 26;
1876 3402 42 29 v.
1951 3391 41 47 3,
2027 3386 52 52 ©
2116 3391 116 48 July
2265 3390 55 40 27;

465 3480 9 8 2c.
500 3450 96 38 and
622 3448 82 41 aff.
730 3450 116 46 July
870 3447 82 43 29;
979 3449 40 38 A
1043 3448 158 48 39759,
1227 3448 161 41 40101.
1411 3448 145 40 40102
1576 3460 9 29 :
1614 3448 178 41 Michie
1818 3459 68 30 co.

416 3505 283 48 (31-16694)

330 3600 322 65 Michigan.
730 3600 371 65 University.
1180 3602 328 55 Greenland
1539 3619 379 51 expéditions,
1948 3603 330 52 1926-1931.

400 3679 249 67 Reports
686 3678 63 55 of
784 3680 95 51 the
915 3680 327 53 Greenland
1282 3698 359 49 expéditions
1677 3678 65 52 of
1776 3679 96 52 the
1907 3676 299 57 University
2281 3678 63 51 of

331 3757 2015 73 Michigan (1926-31) William Herbert Hobbs, director … pt. I.
331 3837 311 69 Aerology,
680 3856 359 49 expeditions
1078 3838 64 53 of
1179 3840 136 51 1926
1354 3839 112 52 and
1507 3837 257 59 1927-29,
1805 3836 56 56 S.
1899 3837 65 52 P.
2004 3835 343 69 Fergusson.

332 3915 202 52 editor.
612 3916 130 52 Ann
777 3917 208 67 Arbor,
1015 3916 342 70 University
1387 3916 64 54 of
1480 3915 300 70 Michigan
1811 3933 174 51 press,
2020 3916 149 51 1931.
