2505 4370
1319 4039 101 51 928

446 453 325 41 “References
794 453 81 41 for
897 455 190 47 pupils”
1116 458 51 38 at
1194 458 93 38 end
1315 457 52 40 of
1392 459 125 39 most
1543 458 51 40 of
1618 460 82 39 the
1725 460 242 47 chapters.

380 522 53 54 ©
466 527 127 40 June
623 527 40 49 9,
697 526 109 40 1931;
872 529 68 40 2c.
973 530 92 38 and
1102 528 82 43 aff.
1218 530 126 39 June
1379 530 81 48 10;
1494 531 39 38 A
1566 530 173 50 38698;
1776 532 286 41 Macmillan
2095 544 68 31 co.

444 585 283 49 (31-15515)

373 678 451 68 Wertenbaker,
857 680 261 56 Thomas
1149 682 319 67 Jefferson,
1503 685 172 55 1879-

440 756 122 53 The
585 755 218 56 United
827 757 191 55 States
1040 757 63 55 of
1124 759 286 70 America,
1434 782 28 33 a
1488 762 222 68 history
1735 763 75 68 by
1833 763 251 52 Thomas
2108 761 282 56 Jefferson

370 832 2018 77 Wertenbaker … and Donald E. Smith … New York, Chicago
372 912 996 74 [etc.] C. Scribner’s sons [ ᶜ19 31]
440 992 1257 54 xii, 712 p. col. front., col. plates, maps. 20 ᶜᵐ.
440 1050 353 50 Bibliography:
849 1063 44 38 p.
918 1052 231 49 691-698;
1180 1054 349 48 “Suggestions
1553 1056 80 39 for
1658 1056 200 41 further
1882 1056 232 49 reading”
2140 1060 53 39 at

2219 1059 94 40 end
2337 1060 53 40 of

368 1108 122 41 each
523 1108 216 48 chapter.

375 1164 53 53 ©
458 1169 130 40 June
612 1171 40 46 1,
680 1168 113 41 1931;
852 1169 69 41 2c.
950 1170 97 39 and
1075 1169 83 42 aff.
1188 1170 129 41 June
1343 1170 83 47 18;
1456 1171 42 39 A
1525 1170 172 48 37979;
1732 1170 204 42 Charles
1966 1172 268 41 Scribner’s
2264 1183 125 30 sons.

456 1225 282 49 (31-15519)

369 1321 186 64 West,
586 1321 255 54 Edward
871 1321 153 55 Sack
1028 1321 154 57 ville.

502 1398 1743 72 … Simpson, a life … New York, A. A. Knopf, 1931.
443 1480 657 49 5 p. l., 3-364 p., 1 l. 21 ᶜᵐ.
440 1537 64 41 At
531 1538 127 41 head
687 1539 51 40 of
764 1539 109 40 title:
933 1540 214 40 Edward
1177 1539 417 43 Sackville-West.

442 1593 164 43 “First
638 1595 229 42 edition.”

373 1647 53 53 ©
456 1652 127 41 June
612 1654 39 47 5,
681 1653 110 40 1931;
853 1653 68 41 2c.
952 1655 127 40 June
1107 1655 82 47 17;
1222 1654 84 41 aff.
1338 1655 125 40 June
1494 1655 83 47 16;
1609 1655 42 40 A
1679 1656 172 47 38888;
1885 1657 54 39 E.
1973 1655 410 42 Sackville-West.

427 1709 215 43 London.
713 1712 283 48 (31-15288)

374 1805 239 71 [White,
643 1807 220 70 Frank]

503 1885 1707 70 … White on corporations … Bender edition. 1931
372 1908 2017 130 supplement to v. 1-7 [and] general index … [Albany, N. Y.,
366 2043 169 70 Boyd
566 2042 267 71 printing
861 2062 300 52 company,
1194 2048 154 66 1931]

439 2124 230 41 8 v. 24½ ᶜᵐ.
440 2182 155 40 These
626 2181 276 49 pamphlets
934 2193 84 31 are
1050 2185 48 37 to
1129 2184 59 40 be
1217 2183 140 41 fitted
1388 2183 103 41 into
1524 2184 81 40 the
1637 2184 200 48 pockets
1867 2185 53 39 at
1952 2183 80 41 the
2065 2184 123 40 back
2217 2185 53 40 of
2301 2185 83 41 the

367 2239 219 40 volumes
619 2239 52 40 of
702 2240 82 39 the
818 2243 72 37 set
924 2244 49 36 to
1007 2240 159 40 which
1200 2240 116 48 they
1349 2241 186 48 belong.

371 2292 53 53 ©
455 2297 118 48 .July
604 2299 38 46 7,
674 2296 142 48 1931;
849 2297 68 41 2c.
948 2297 119 40 each
1098 2298 96 40 and
1226 2297 83 41 aff.
1341 2298 117 48 July
1489 2298 53 47 8;
1575 2298 42 39 A
1647 2296 173 49 39322;
1853 2298 240 41 Matthew
2124 2299 193 41 Bender
2349 2300 35 41 &

439 2365 83 36 co.,
564 2354 105 48 inc.,
711 2355 204 48 Albany,
958 2355 57 41 N.
1057 2355 53 40 Y.

365 2447 250 67 Wilgus,
644 2447 153 56 Alva
826 2449 222 57 Curtis.

430 2524 57 53 A
520 2524 222 70 history
781 2526 63 53 of
878 2525 287 70 Hispanic
1199 2526 296 68 America;
1537 2547 31 34 a
1604 2533 123 49 text
1761 2526 147 54 book
1944 2525 306 53 handbook
2287 2525 93 53 for

359 2603 2021 71 college students, by A. Curtis Wilgus … Washington, D. C.,
358 2681 897 72 Mime-o-form service [ ᶜ19 31]
432 2762 801 51 1 p. l., vii, 747 p. maps. 24½ ᶜᵐ.
433 2820 149 41 “This
609 2820 126 42 book
764 2831 103 31 was
896 2820 302 51 pre-printed
1229 2833 61 30 on
1320 2822 82 41 the
1433 2820 316 51 multigraph,
1781 2822 62 49 by
1875 2820 346 43 Mime-o-form
360 2830 2002 89 service.”

430 2935 332 49 Appendices:
838 2971 8 8 A.
882 2937 137 39 Inter
1055 2935 241 49 Hispanic
1331 2936 261 40 American
1629 2936 254 47 boundary
1921 2936 235 48 disputes,
2193 2935 185 47 claims,

359 2994 99 39 and
491 2992 415 44 arbitration.—B.
939 2992 240 49 Hispanic
1209 2992 261 41 American
1503 2994 95 39 and
1631 2994 260 47 European
1921 2993 173 40 claims
2126 2993 97 40 and
358 2992 2003 102 arbitration.—C.
701 3050 140 41 Some
871 3050 177 49 syllabi
1079 3050 51 41 of
1161 3049 241 48 Hispanic
1434 3049 261 41 American
1727 3050 309 47 history.—D.

2073 3050 139 41 Some
359 3048 2002 109 bibliographies
645 3107 198 48 dealing
867 3106 122 41 with
1013 3106 241 49 Hispanic
1280 3106 226 41 America
1534 3106 237 49 compiled
1796 3106 51 40 in
1874 3106 322 49 English.—E.
2224 3105 153 41 Index

359 3165 146 49 guide
535 3167 52 39 to
614 3165 241 48 Hispanic
884 3162 261 41 American
1174 3163 192 48 history
1396 3174 139 38 maps
1576 3162 67 49 (p.
1676 3162 252 48 678-711).

432 3222 295 41 References
758 3223 53 39 at
842 3222 94 40 end
965 3221 53 40 of
1047 3223 128 39 most
1207 3220 54 41 of
1293 3221 81 40 the
1407 3221 242 47 chapters.

367 3279 53 53 ©
454 3284 127 40 June
614 3284 68 42 11,
716 3281 141 47 1931;
891 3281 67 40 2c.
993 3282 95 39 and
1122 3279 82 41 aff.
1238 3280 129 40 June
1398 3280 82 46 13;
1516 3279 42 39 A
1590 3278 172 47 37900;
1799 3278 55 41 A.
1888 3278 49 41 C.
1973 3278 203 48 Wilgus,

435 3276 1927 113 Washington.
690 3338 282 49 (31-15516)

360 3434 271 66 Wilkins,
660 3434 318 53 Lawrence
1010 3433 336 66 Augustus,
1379 3433 173 54 1878-

431 3507 1947 58 Lecturas f á ciles. Edición nueva. With exercises to test
360 3585 2014 74 comprehension. By Lawrence A. Wilkins … and Max A.
360 3664 1835 72 Luria … New York, Newark [etc.] Silver, Burdett and
361 3681 1989 135 company [ ᶜ19 31]
436 3824 1332 53 xii, 266 p. incl. front., illus., maps, plates. 19 ᶜᵐ.
367 3881 53 52 ©
457 3886 114 48 May
606 3886 70 48 25,
712 3884 141 48 1931;
892 3885 68 42 2c.
998 3886 114 47 May
1148 3883 81 47 29;
1271 3884 82 41 aff.
1391 3884 127 40 June
1556 3882 82 43 16;
1680 3883 39 38 A
1754 3881 173 42 38524:
1968 3881 50 40 L.
2056 3881 56 39 A.
2151 3878 223 48 Wilkins,

435 3943 117 39 New
590 3944 144 48 York,
772 3944 97 39 and
907 3944 116 39 Max
1061 3943 54 41 A.
1154 3942 165 43 Luria,
1359 3941 262 49 Brooklyn.
1693 3938 281 50 (31-15442)
