<alto xmlns="http://www.loc.gov/standards/alto/ns-v3#" xmlns:xlink="http://www.w3.org/1999/xlink" xmlns:xsi="http://www.w3.org/2001/XMLSchema-instance" xsi:schemaLocation="http://www.loc.gov/standards/alto/ns-v3# http://www.loc.gov/alto/v3/alto-3-0.xsd"><Description>
<MeasurementUnit>pixel</MeasurementUnit>
<sourceImageInformation>
<fileName>1931_v28_Part001.pdf</fileName>
</sourceImageInformation>
<OCRProcessing ID="IdOcr">
<ocrProcessingStep>
<processingDateTime>2019-04-22</processingDateTime>
<processingSoftware>
<softwareCreator>ABBYY</softwareCreator>
<softwareName>ABBYY Recognition Server</softwareName>
<softwareVersion>4.0</softwareVersion>
</processingSoftware>
</ocrProcessingStep>
</OCRProcessing>
</Description>
<Styles>
<ParagraphStyle ID="StyleId-FFFFFFFF-FFFF-FFFF-FFFF-FFFFFFFFFFFF-" ALIGN="Left" LEFT="0." RIGHT="0." FIRSTLINE="0."/>
<ParagraphStyle ID="StyleId-204B5AEB-67A1-44E2-A013-34B3A0F3E0EA-" ALIGN="Right" LEFT="0." RIGHT="0." FIRSTLINE="0." LINESPACE="8.300000191"/>
<ParagraphStyle ID="StyleId-03245871-796C-4429-B3C7-F9019C8C5B89-" ALIGN="Left" LEFT="0." RIGHT="0." FIRSTLINE="0." LINESPACE="12.19999981"/>
<ParagraphStyle ID="StyleId-BDCA8811-25FF-44DB-8D6F-2072A4ABC070-" ALIGN="Center" LEFT="0." RIGHT="0." FIRSTLINE="0." LINESPACE="12.19999981"/>
<ParagraphStyle ID="StyleId-2C5B7DF0-AF87-455E-B9A8-6FE387CB59BD-" ALIGN="Left" LEFT="0." RIGHT="0." FIRSTLINE="-13." LINESPACE="8.479999542"/>
<ParagraphStyle ID="StyleId-9FB72FA1-55D5-4161-8333-823D5732F4D0-" ALIGN="Block" LEFT="0." RIGHT="0." FIRSTLINE="-14." LINESPACE="10."/>
<ParagraphStyle ID="StyleId-212AEB8C-A829-4BF1-8E45-5BFE386A469C-" ALIGN="Block" LEFT="0." RIGHT="0." FIRSTLINE="-14." LINESPACE="11.35000038"/>
<ParagraphStyle ID="StyleId-4EC79CC1-EA62-49CE-ABB6-D84DDFCF4C7D-" ALIGN="Block" LEFT="0." RIGHT="0." FIRSTLINE="-10." LINESPACE="12.19999981"/>
<ParagraphStyle ID="StyleId-DAF2E8EE-6444-4951-9284-36A6C020C887-" ALIGN="Left" LEFT="0." RIGHT="0." FIRSTLINE="0." LINESPACE="9.399999619"/>
<ParagraphStyle ID="StyleId-25241749-1672-4977-B19F-38F59800D6D8-" ALIGN="Left" LEFT="0." RIGHT="0." FIRSTLINE="0." LINESPACE="11.10000038"/>
<ParagraphStyle ID="StyleId-8C523E19-EDEF-4F23-B010-536E1A1AAE1A-" ALIGN="Left" LEFT="0." RIGHT="0." FIRSTLINE="-13." LINESPACE="12.19999981"/>
<ParagraphStyle ID="StyleId-A1F9DE9E-2625-4D8B-AD7E-F0A0034C2989-" ALIGN="Block" LEFT="0." RIGHT="0." FIRSTLINE="0." LINESPACE="12.19999981"/>
<ParagraphStyle ID="StyleId-5725BB01-2B1C-440F-BAF2-696C4F4DF162-" ALIGN="Block" LEFT="0." RIGHT="0." FIRSTLINE="13." LINESPACE="12.19999981"/>
<ParagraphStyle ID="StyleId-F10A2092-61AA-44FD-99C2-123B3A8051CF-" ALIGN="Left" LEFT="0." RIGHT="0." FIRSTLINE="0." LINESPACE="5.5"/>
<ParagraphStyle ID="StyleId-B3CDC8CC-D2E1-4A23-B67C-CDD40993D1DD-" ALIGN="Left" LEFT="0." RIGHT="0." FIRSTLINE="0." LINESPACE="10."/>
<ParagraphStyle ID="StyleId-871EBF53-D909-4C8F-B368-AC7D897344DD-" ALIGN="Left" LEFT="0." RIGHT="0." FIRSTLINE="0."/>
<ParagraphStyle ID="StyleId-C4129744-680B-4878-B2C4-44BA3742C8D7-" ALIGN="Block" LEFT="0." RIGHT="0." FIRSTLINE="-14." LINESPACE="11.35000038"/>
<ParagraphStyle ID="StyleId-9CE98075-0B04-43D4-88D8-CE3BAB51B419-" ALIGN="Block" LEFT="0." RIGHT="0." FIRSTLINE="-10." LINESPACE="12.19999981"/>
<ParagraphStyle ID="StyleId-B2CFB7B3-DFFA-4E0E-94D6-C2BCE88DA9A9-" ALIGN="Left" LEFT="0." RIGHT="0." FIRSTLINE="0." LINESPACE="12.5"/>
<ParagraphStyle ID="StyleId-8D3352F3-1084-4DDE-A35D-B97102CCE686-" ALIGN="Left" LEFT="0." RIGHT="0." FIRSTLINE="0." LINESPACE="11.60000038"/>
<ParagraphStyle ID="StyleId-4A8DDA0D-166D-4E22-A597-BA51B892602D-" ALIGN="Block" LEFT="0." RIGHT="0." FIRSTLINE="0." LINESPACE="11.21000004"/>
<ParagraphStyle ID="StyleId-90EA4001-AA3C-45A1-AEDC-D1E1169EE5E5-" ALIGN="Block" LEFT="0." RIGHT="0." FIRSTLINE="13." LINESPACE="12.19999981"/>
</Styles>
<Layout>
<Page ID="Page1573" PHYSICAL_IMG_NR="1573" HEIGHT="4370" WIDTH="2428">
<TopMargin HEIGHT="414" WIDTH="2428" VPOS="0" HPOS="0">
</TopMargin>
<LeftMargin HEIGHT="3682" WIDTH="120" VPOS="414" HPOS="0">
</LeftMargin>
<RightMargin HEIGHT="3682" WIDTH="256" VPOS="414" HPOS="2172">
</RightMargin>
<BottomMargin HEIGHT="274" WIDTH="2428" VPOS="4096" HPOS="0">
</BottomMargin>
<PrintSpace HEIGHT="3682" WIDTH="2052" VPOS="414" HPOS="120">
<TextBlock ID="Page1573_Block1" HEIGHT="78" WIDTH="158" VPOS="4018" HPOS="1046" LANG="en-US" STYLEREFS="StyleId-95702ECE-D43C-4D6E-8513-37D3DF9C494A-">
<TextLine HEIGHT="54" WIDTH="132" VPOS="4028" HPOS="1057">
<String CONTENT="1573" HEIGHT="54" WIDTH="132" VPOS="4028" HPOS="1057"/>
</TextLine>
</TextBlock>
<TextBlock ID="Page1573_Block2" HEIGHT="3612" WIDTH="2052" VPOS="414" HPOS="120" LANG="en-US" CS="1" STYLEREFS="StyleId-4A840C86-BF84-4B13-B08B-C2C7CFC7D23E-">
<TextLine HEIGHT="66" WIDTH="402" VPOS="425" HPOS="131" STYLEREFS="StyleId-FF96E9B5-4432-48FE-914C-F8048CF002CB-">
<String LANG="la" CONTENT="Saxon," HEIGHT="62" WIDTH="213" VPOS="429" HPOS="131"/>
<SP HEIGHT="64" WIDTH="35" VPOS="427" HPOS="345"/>
<String LANG="de" CONTENT="Carl." HEIGHT="57" WIDTH="152" VPOS="425" HPOS="381"/>
</TextLine>
<TextLine HEIGHT="155" WIDTH="1963" VPOS="497" HPOS="132" STYLEREFS="StyleId-03591FC8-D34A-4563-A6C1-191DFB820BCC-" CS="1">
<String CONTENT="Blackie" HEIGHT="53" WIDTH="236" VPOS="505" HPOS="201"/>
<SP HEIGHT="53" WIDTH="30" VPOS="505" HPOS="438"/>
<String CONTENT="Thorne" HEIGHT="52" WIDTH="228" VPOS="504" HPOS="469"/>
<SP HEIGHT="35" WIDTH="34" VPOS="521" HPOS="698"/>
<String CONTENT="at" HEIGHT="48" WIDTH="56" VPOS="507" HPOS="733"/>
<SP HEIGHT="55" WIDTH="35" VPOS="501" HPOS="790"/>
<String CONTENT="Camp" HEIGHT="68" WIDTH="182" VPOS="501" HPOS="826"/>
<SP HEIGHT="68" WIDTH="35" VPOS="501" HPOS="1009"/>
<String CONTENT="Lenape" HEIGHT="67" WIDTH="229" VPOS="501" HPOS="1045"/>
<SP HEIGHT="47" WIDTH="40" VPOS="520" HPOS="1275"/>
<String CS="1" CONTENT="[by]" HEIGHT="67" WIDTH="92" VPOS="500" HPOS="1332"/>
<SP HEIGHT="67" WIDTH="44" VPOS="499" HPOS="1425"/>
<String CONTENT="Carl" HEIGHT="55" WIDTH="135" VPOS="499" HPOS="1470"/>
<SP HEIGHT="55" WIDTH="37" VPOS="498" HPOS="1606"/>
<String CONTENT="Saxon." HEIGHT="55" WIDTH="208" VPOS="498" HPOS="1644"/>
<SP HEIGHT="51" WIDTH="72" VPOS="499" HPOS="1853"/>
<String CONTENT="Philadelphia," HEIGHT="155" WIDTH="1963" VPOS="497" HPOS="132"/>
</TextLine>
<TextLine HEIGHT="70" WIDTH="1196" VPOS="578" HPOS="409" STYLEREFS="StyleId-03591FC8-D34A-4563-A6C1-191DFB820BCC-" CS="1">
<String CONTENT="The" HEIGHT="52" WIDTH="121" VPOS="583" HPOS="409"/>
<SP HEIGHT="52" WIDTH="22" VPOS="583" HPOS="531"/>
<String CONTENT="Penn" HEIGHT="51" WIDTH="161" VPOS="583" HPOS="554"/>
<SP HEIGHT="49" WIDTH="26" VPOS="599" HPOS="716"/>
<String CONTENT="publishing" HEIGHT="70" WIDTH="334" VPOS="578" HPOS="743"/>
<SP HEIGHT="50" WIDTH="22" VPOS="597" HPOS="1078"/>
<String CONTENT="company" HEIGHT="51" WIDTH="279" VPOS="596" HPOS="1101"/>
<SP HEIGHT="49" WIDTH="31" VPOS="598" HPOS="1381"/>
<String CS="1" CONTENT="["/>
<String STYLE="superscript" CS="1" CONTENT="&#7580;1"/>
<String CONTENT="931]" HEIGHT="63" WIDTH="118" VPOS="581" HPOS="1487"/>
</TextLine>
<TextLine HEIGHT="51" WIDTH="649" VPOS="659" HPOS="196" CS="1">
<String CONTENT="211" HEIGHT="39" WIDTH="85" VPOS="663" HPOS="196"/>
<SP HEIGHT="47" WIDTH="26" VPOS="663" HPOS="282"/>
<String CONTENT="p." HEIGHT="37" WIDTH="44" VPOS="673" HPOS="309"/>
<SP HEIGHT="42" WIDTH="26" VPOS="661" HPOS="354"/>
<String CONTENT="incl." HEIGHT="40" WIDTH="110" VPOS="661" HPOS="381"/>
<SP HEIGHT="41" WIDTH="27" VPOS="660" HPOS="492"/>
<String CONTENT="front." HEIGHT="40" WIDTH="150" VPOS="660" HPOS="520"/>
<SP HEIGHT="39" WIDTH="57" VPOS="660" HPOS="671"/>
<String CS="1" CONTENT="19&#7580;&#7504;." HEIGHT="41" WIDTH="116" VPOS="659" HPOS="729"/>
</TextLine>
<TextLine HEIGHT="55" WIDTH="1632" VPOS="727" HPOS="135" CS="1">
<String CONTENT="&#169;" HEIGHT="52" WIDTH="51" VPOS="730" HPOS="135"/>
<SP HEIGHT="52" WIDTH="26" VPOS="730" HPOS="187"/>
<String CONTENT="Oct." HEIGHT="40" WIDTH="102" VPOS="734" HPOS="214"/>
<SP HEIGHT="41" WIDTH="24" VPOS="733" HPOS="317"/>
<String CONTENT="8," HEIGHT="48" WIDTH="38" VPOS="733" HPOS="342"/>
<SP HEIGHT="47" WIDTH="24" VPOS="734" HPOS="381"/>
<String CONTENT="1931;" HEIGHT="47" WIDTH="140" VPOS="731" HPOS="406"/>
<SP HEIGHT="47" WIDTH="26" VPOS="731" HPOS="547"/>
<String CONTENT="2c." HEIGHT="40" WIDTH="66" VPOS="731" HPOS="574"/>
<SP HEIGHT="29" WIDTH="25" VPOS="740" HPOS="641"/>
<String CONTENT="and" HEIGHT="38" WIDTH="96" VPOS="732" HPOS="667"/>
<SP HEIGHT="38" WIDTH="23" VPOS="732" HPOS="764"/>
<String CONTENT="aff." HEIGHT="42" WIDTH="82" VPOS="729" HPOS="788"/>
<SP HEIGHT="42" WIDTH="26" VPOS="729" HPOS="871"/>
<String CONTENT="Oct." HEIGHT="40" WIDTH="101" VPOS="729" HPOS="898"/>
<SP HEIGHT="39" WIDTH="26" VPOS="730" HPOS="1000"/>
<String CONTENT="12;" HEIGHT="48" WIDTH="80" VPOS="727" HPOS="1027"/>
<SP HEIGHT="46" WIDTH="28" VPOS="729" HPOS="1108"/>
<!-- cceid F0C77027-6E8D-1014-9CF5-AEB3FCA41D69 --><String CONTENT="A" HEIGHT="38" WIDTH="41" VPOS="729" HPOS="1137"/>
<SP HEIGHT="38" WIDTH="22" VPOS="729" HPOS="1179"/>
<String CONTENT="44098;" HEIGHT="47" WIDTH="171" VPOS="727" HPOS="1202"/>
<SP HEIGHT="46" WIDTH="28" VPOS="728" HPOS="1374"/>
<String CONTENT="Penn" HEIGHT="40" WIDTH="132" VPOS="728" HPOS="1403"/>
<SP HEIGHT="37" WIDTH="23" VPOS="738" HPOS="1536"/>
<String CONTENT="pub." HEIGHT="48" WIDTH="110" VPOS="727" HPOS="1560"/>
<SP HEIGHT="27" WIDTH="26" VPOS="739" HPOS="1671"/>
<String CONTENT="co." HEIGHT="30" WIDTH="69" VPOS="738" HPOS="1698"/>
</TextLine>
<TextLine HEIGHT="50" WIDTH="279" VPOS="788" HPOS="211">
<String CONTENT="(31-29020)" HEIGHT="50" WIDTH="279" VPOS="788" HPOS="211"/>
</TextLine>
<TextLine HEIGHT="154" WIDTH="1964" VPOS="892" HPOS="134" STYLEREFS="StyleId-03591FC8-D34A-4563-A6C1-191DFB820BCC-" CS="1">
<String CONTENT="The" HEIGHT="52" WIDTH="121" VPOS="900" HPOS="204"/>
<SP HEIGHT="34" WIDTH="34" VPOS="918" HPOS="326"/>
<String CONTENT="mystery" HEIGHT="63" WIDTH="250" VPOS="904" HPOS="361"/>
<SP HEIGHT="51" WIDTH="36" VPOS="916" HPOS="612"/>
<String CONTENT="at" HEIGHT="47" WIDTH="59" VPOS="903" HPOS="649"/>
<SP HEIGHT="55" WIDTH="37" VPOS="896" HPOS="709"/>
<String CONTENT="Camp" HEIGHT="68" WIDTH="181" VPOS="896" HPOS="747"/>
<SP HEIGHT="68" WIDTH="34" VPOS="896" HPOS="929"/>
<String CONTENT="Lenape" HEIGHT="68" WIDTH="229" VPOS="896" HPOS="964"/>
<SP HEIGHT="46" WIDTH="39" VPOS="915" HPOS="1194"/>
<String CS="1" CONTENT="[by]" HEIGHT="70" WIDTH="92" VPOS="894" HPOS="1250"/>
<SP HEIGHT="68" WIDTH="42" VPOS="893" HPOS="1343"/>
<String CONTENT="Carl" HEIGHT="55" WIDTH="138" VPOS="893" HPOS="1386"/>
<SP HEIGHT="55" WIDTH="36" VPOS="893" HPOS="1525"/>
<String CONTENT="Saxon" HEIGHT="55" WIDTH="192" VPOS="893" HPOS="1562"/>
<SP HEIGHT="33" WIDTH="40" VPOS="912" HPOS="1755"/>
<String CS="1" CONTENT="&#8230;"/>
<SP HEIGHT="51" WIDTH="75" VPOS="894" HPOS="1854"/>
<String CONTENT="Philadelphia," HEIGHT="154" WIDTH="1964" VPOS="892" HPOS="134"/>
</TextLine>
<TextLine HEIGHT="70" WIDTH="1202" VPOS="973" HPOS="409" STYLEREFS="StyleId-03591FC8-D34A-4563-A6C1-191DFB820BCC-" CS="1">
<String CONTENT="The" HEIGHT="53" WIDTH="122" VPOS="976" HPOS="409"/>
<SP HEIGHT="53" WIDTH="25" VPOS="976" HPOS="532"/>
<String CONTENT="Penn" HEIGHT="53" WIDTH="162" VPOS="976" HPOS="558"/>
<SP HEIGHT="50" WIDTH="25" VPOS="993" HPOS="721"/>
<String CONTENT="publishing" HEIGHT="70" WIDTH="334" VPOS="973" HPOS="747"/>
<SP HEIGHT="50" WIDTH="23" VPOS="991" HPOS="1082"/>
<String CONTENT="company" HEIGHT="52" WIDTH="280" VPOS="989" HPOS="1106"/>
<SP HEIGHT="50" WIDTH="33" VPOS="991" HPOS="1387"/>
<String STYLE="subscript" CONTENT="[" HEIGHT="34" WIDTH="12" VPOS="1004" HPOS="1421"/>
<String STYLE="superscript" CS="1" CONTENT="&#7580;1"/>
<String CONTENT="931" HEIGHT="49" WIDTH="99" VPOS="974" HPOS="1494"/>
<String STYLE="subscript" CONTENT="]" HEIGHT="33" WIDTH="12" VPOS="1004" HPOS="1599"/>
</TextLine>
<TextLine HEIGHT="49" WIDTH="644" VPOS="1054" HPOS="197" CS="1">
<String CONTENT="223" HEIGHT="40" WIDTH="86" VPOS="1056" HPOS="197"/>
<SP HEIGHT="46" WIDTH="25" VPOS="1057" HPOS="284"/>
<String CONTENT="p." HEIGHT="37" WIDTH="43" VPOS="1066" HPOS="310"/>
<SP HEIGHT="40" WIDTH="23" VPOS="1055" HPOS="354"/>
<String CONTENT="incl." HEIGHT="40" WIDTH="112" VPOS="1055" HPOS="378"/>
<SP HEIGHT="41" WIDTH="25" VPOS="1054" HPOS="491"/>
<String CONTENT="front." HEIGHT="41" WIDTH="150" VPOS="1054" HPOS="517"/>
<SP HEIGHT="41" WIDTH="57" VPOS="1054" HPOS="668"/>
<String CS="1" CONTENT="19&#7580;&#7504;." HEIGHT="40" WIDTH="115" VPOS="1054" HPOS="726"/>
</TextLine>
<TextLine HEIGHT="54" WIDTH="1637" VPOS="1120" HPOS="134" CS="1">
<String CONTENT="&#169;" HEIGHT="52" WIDTH="51" VPOS="1122" HPOS="134"/>
<SP HEIGHT="52" WIDTH="25" VPOS="1122" HPOS="186"/>
<String CONTENT="Oct." HEIGHT="41" WIDTH="100" VPOS="1126" HPOS="212"/>
<SP HEIGHT="40" WIDTH="25" VPOS="1126" HPOS="313"/>
<String CONTENT="8," HEIGHT="47" WIDTH="39" VPOS="1126" HPOS="339"/>
<SP HEIGHT="47" WIDTH="25" VPOS="1126" HPOS="379"/>
<String CONTENT="1931;" HEIGHT="48" WIDTH="141" VPOS="1124" HPOS="405"/>
<SP HEIGHT="48" WIDTH="26" VPOS="1124" HPOS="547"/>
<String CONTENT="2c." HEIGHT="41" WIDTH="68" VPOS="1124" HPOS="574"/>
<SP HEIGHT="31" WIDTH="24" VPOS="1134" HPOS="643"/>
<String CONTENT="and" HEIGHT="40" WIDTH="94" VPOS="1124" HPOS="668"/>
<SP HEIGHT="39" WIDTH="25" VPOS="1124" HPOS="763"/>
<String CONTENT="aff." HEIGHT="41" WIDTH="80" VPOS="1122" HPOS="789"/>
<SP HEIGHT="41" WIDTH="27" VPOS="1122" HPOS="870"/>
<String CONTENT="Oct." HEIGHT="41" WIDTH="104" VPOS="1122" HPOS="898"/>
<SP HEIGHT="39" WIDTH="24" VPOS="1124" HPOS="1003"/>
<String CONTENT="12;" HEIGHT="49" WIDTH="81" VPOS="1120" HPOS="1028"/>
<SP HEIGHT="46" WIDTH="28" VPOS="1123" HPOS="1110"/>
<!-- cceid F0C7B15F-6E8D-1014-9CF5-AEB3FCA41D69 --><String CONTENT="A" HEIGHT="38" WIDTH="40" VPOS="1123" HPOS="1139"/>
<SP HEIGHT="38" WIDTH="23" VPOS="1123" HPOS="1180"/>
<String CONTENT="44099;" HEIGHT="47" WIDTH="171" VPOS="1120" HPOS="1204"/>
<SP HEIGHT="46" WIDTH="28" VPOS="1121" HPOS="1376"/>
<String CONTENT="Penn" HEIGHT="39" WIDTH="131" VPOS="1121" HPOS="1405"/>
<SP HEIGHT="38" WIDTH="27" VPOS="1130" HPOS="1537"/>
<String CONTENT="pub." HEIGHT="48" WIDTH="108" VPOS="1120" HPOS="1565"/>
<SP HEIGHT="29" WIDTH="27" VPOS="1129" HPOS="1674"/>
<String CONTENT="co." HEIGHT="31" WIDTH="69" VPOS="1129" HPOS="1702"/>
</TextLine>
<TextLine HEIGHT="51" WIDTH="279" VPOS="1180" HPOS="211">
<String CONTENT="(31-29019)" HEIGHT="51" WIDTH="279" VPOS="1180" HPOS="211"/>
</TextLine>
<TextLine HEIGHT="66" WIDTH="992" VPOS="1289" HPOS="133" STYLEREFS="StyleId-03591FC8-D34A-4563-A6C1-191DFB820BCC-">
<String LANG="en-US" CONTENT="Shaver," HEIGHT="64" WIDTH="244" VPOS="1291" HPOS="133"/>
<SP HEIGHT="63" WIDTH="29" VPOS="1292" HPOS="378"/>
<String LANG="en-US" CONTENT="Erwin" HEIGHT="54" WIDTH="199" VPOS="1289" HPOS="408"/>
<SP HEIGHT="52" WIDTH="28" VPOS="1290" HPOS="608"/>
<String LANG="la" CONTENT="Leander," HEIGHT="63" WIDTH="284" VPOS="1290" HPOS="637"/>
<SP HEIGHT="56" WIDTH="32" VPOS="1297" HPOS="922"/>
<String LANG="en-US" CONTENT="1890-" HEIGHT="48" WIDTH="170" VPOS="1295" HPOS="955"/>
</TextLine>
<TextLine HEIGHT="74" WIDTH="1922" VPOS="1364" HPOS="203" STYLEREFS="StyleId-03591FC8-D34A-4563-A6C1-191DFB820BCC-" CS="1">
<String CONTENT="Shall" HEIGHT="55" WIDTH="163" VPOS="1370" HPOS="203"/>
<SP HEIGHT="50" WIDTH="20" VPOS="1371" HPOS="367"/>
<String CONTENT="laymen" HEIGHT="67" WIDTH="224" VPOS="1371" HPOS="388"/>
<SP HEIGHT="48" WIDTH="22" VPOS="1373" HPOS="613"/>
<String CONTENT="teach" HEIGHT="52" WIDTH="159" VPOS="1370" HPOS="636"/>
<SP HEIGHT="50" WIDTH="26" VPOS="1370" HPOS="796"/>
<String CONTENT="religion?" HEIGHT="69" WIDTH="274" VPOS="1367" HPOS="823"/>
<SP HEIGHT="52" WIDTH="79" VPOS="1367" HPOS="1098"/>
<String CONTENT="By" HEIGHT="67" WIDTH="90" VPOS="1368" HPOS="1178"/>
<SP HEIGHT="68" WIDTH="20" VPOS="1367" HPOS="1269"/>
<String CONTENT="Erwin" HEIGHT="53" WIDTH="201" VPOS="1366" HPOS="1290"/>
<SP HEIGHT="53" WIDTH="21" VPOS="1366" HPOS="1492"/>
<String CONTENT="L." HEIGHT="51" WIDTH="62" VPOS="1366" HPOS="1514"/>
<SP HEIGHT="55" WIDTH="28" VPOS="1365" HPOS="1577"/>
<String CONTENT="Shaver" HEIGHT="55" WIDTH="218" VPOS="1365" HPOS="1606"/>
<SP HEIGHT="33" WIDTH="28" VPOS="1384" HPOS="1825"/>
<String CS="1" CONTENT="&#8230;"/>
<SP HEIGHT="52" WIDTH="77" VPOS="1364" HPOS="1910"/>
<String CONTENT="New" HEIGHT="52" WIDTH="137" VPOS="1364" HPOS="1988"/>
</TextLine>
<TextLine HEIGHT="69" WIDTH="940" VPOS="1446" HPOS="135" STYLEREFS="StyleId-03591FC8-D34A-4563-A6C1-191DFB820BCC-">
<String CONTENT="York," HEIGHT="66" WIDTH="178" VPOS="1447" HPOS="135"/>
<SP HEIGHT="66" WIDTH="24" VPOS="1447" HPOS="314"/>
<String CONTENT="R." HEIGHT="53" WIDTH="67" VPOS="1447" HPOS="339"/>
<SP HEIGHT="53" WIDTH="30" VPOS="1447" HPOS="407"/>
<String CONTENT="R." HEIGHT="52" WIDTH="66" VPOS="1447" HPOS="438"/>
<SP HEIGHT="55" WIDTH="30" VPOS="1447" HPOS="505"/>
<String CONTENT="Smith," HEIGHT="68" WIDTH="207" VPOS="1447" HPOS="536"/>
<SP HEIGHT="69" WIDTH="25" VPOS="1446" HPOS="744"/>
<String CONTENT="inc.," HEIGHT="67" WIDTH="126" VPOS="1446" HPOS="770"/>
<SP HEIGHT="63" WIDTH="27" VPOS="1450" HPOS="897"/>
<String CONTENT="1931." HEIGHT="49" WIDTH="150" VPOS="1449" HPOS="925"/>
</TextLine>
<TextLine HEIGHT="50" WIDTH="408" VPOS="1525" HPOS="232" STYLEREFS="StyleId-0BA7931E-0AEA-4FD3-BB85-C9D3DBFF7160-" CS="1">
<String CS="1" CONTENT="x," HEIGHT="15" WIDTH="8" VPOS="1560" HPOS="232"/>
<SP HEIGHT="49" WIDTH="31" VPOS="1526" HPOS="241"/>
<String CONTENT="188" HEIGHT="42" WIDTH="86" VPOS="1526" HPOS="273"/>
<SP HEIGHT="47" WIDTH="28" VPOS="1528" HPOS="360"/>
<String CONTENT="p." HEIGHT="38" WIDTH="44" VPOS="1537" HPOS="389"/>
<SP HEIGHT="40" WIDTH="59" VPOS="1526" HPOS="434"/>
<String CS="1" CONTENT="19&#189;&#7580;&#7504;." HEIGHT="42" WIDTH="146" VPOS="1525" HPOS="494"/>
</TextLine>
<TextLine HEIGHT="51" WIDTH="674" VPOS="1594" HPOS="198">
<String CONTENT="Bibliography:" HEIGHT="50" WIDTH="372" VPOS="1595" HPOS="198"/>
<SP HEIGHT="38" WIDTH="28" VPOS="1607" HPOS="571"/>
<String CONTENT="p." HEIGHT="38" WIDTH="44" VPOS="1607" HPOS="600"/>
<SP HEIGHT="32" WIDTH="29" VPOS="1605" HPOS="645"/>
<String CONTENT="vii-viii." HEIGHT="41" WIDTH="197" VPOS="1594" HPOS="675"/>
</TextLine>
<TextLine HEIGHT="55" WIDTH="1987" VPOS="1662" HPOS="136" CS="1">
<String CONTENT="&#169;" HEIGHT="53" WIDTH="51" VPOS="1664" HPOS="136"/>
<SP HEIGHT="53" WIDTH="30" VPOS="1664" HPOS="188"/>
<String CONTENT="Sept." HEIGHT="48" WIDTH="128" VPOS="1669" HPOS="219"/>
<SP HEIGHT="41" WIDTH="26" VPOS="1668" HPOS="348"/>
<String CONTENT="28," HEIGHT="48" WIDTH="69" VPOS="1668" HPOS="375"/>
<SP HEIGHT="48" WIDTH="27" VPOS="1668" HPOS="445"/>
<String CONTENT="1931;" HEIGHT="48" WIDTH="140" VPOS="1666" HPOS="473"/>
<SP HEIGHT="48" WIDTH="29" VPOS="1666" HPOS="614"/>
<String CONTENT="2c." HEIGHT="42" WIDTH="68" VPOS="1666" HPOS="644"/>
<SP HEIGHT="42" WIDTH="30" VPOS="1666" HPOS="713"/>
<String CONTENT="Sept." HEIGHT="49" WIDTH="126" VPOS="1666" HPOS="744"/>
<SP HEIGHT="40" WIDTH="27" VPOS="1666" HPOS="871"/>
<String CS="1" CONTENT="30;" HEIGHT="41" WIDTH="58" VPOS="1665" HPOS="899"/>
<SP HEIGHT="30" WIDTH="30" VPOS="1676" HPOS="983"/>
<String CONTENT="aff." HEIGHT="40" WIDTH="83" VPOS="1665" HPOS="1014"/>
<SP HEIGHT="40" WIDTH="28" VPOS="1665" HPOS="1098"/>
<String CONTENT="Oct." HEIGHT="40" WIDTH="102" VPOS="1665" HPOS="1127"/>
<SP HEIGHT="39" WIDTH="29" VPOS="1666" HPOS="1230"/>
<String CS="1" CONTENT="1;" HEIGHT="37" WIDTH="25" VPOS="1666" HPOS="1260"/>
<SP HEIGHT="40" WIDTH="31" VPOS="1665" HPOS="1312"/>
<!-- cceid F0C7F257-6E8D-1014-9CF5-AEB3FCA41D69 --><String CONTENT="A" HEIGHT="38" WIDTH="40" VPOS="1665" HPOS="1344"/>
<SP HEIGHT="38" WIDTH="26" VPOS="1665" HPOS="1385"/>
<String CONTENT="42780;" HEIGHT="42" WIDTH="172" VPOS="1664" HPOS="1412"/>
<SP HEIGHT="41" WIDTH="32" VPOS="1665" HPOS="1585"/>
<String CONTENT="Richard" HEIGHT="40" WIDTH="214" VPOS="1664" HPOS="1618"/>
<SP HEIGHT="39" WIDTH="29" VPOS="1664" HPOS="1833"/>
<String CONTENT="R." HEIGHT="38" WIDTH="54" VPOS="1664" HPOS="1863"/>
<SP HEIGHT="40" WIDTH="34" VPOS="1664" HPOS="1918"/>
<String CONTENT="Smith," HEIGHT="50" WIDTH="170" VPOS="1662" HPOS="1953"/>
</TextLine>
<TextLine HEIGHT="49" WIDTH="441" VPOS="1723" HPOS="201">
<String CONTENT="inc." HEIGHT="40" WIDTH="90" VPOS="1725" HPOS="201"/>
<SP HEIGHT="47" WIDTH="69" VPOS="1725" HPOS="292"/>
<String CONTENT="(31-28912)" HEIGHT="49" WIDTH="280" VPOS="1723" HPOS="362"/>
</TextLine>
<TextLine HEIGHT="66" WIDTH="914" VPOS="1817" HPOS="133" STYLEREFS="StyleId-FF96E9B5-4432-48FE-914C-F8048CF002CB-">
<String CONTENT="Shultz," HEIGHT="64" WIDTH="223" VPOS="1818" HPOS="133"/>
<SP HEIGHT="63" WIDTH="28" VPOS="1819" HPOS="357"/>
<String CONTENT="William" HEIGHT="55" WIDTH="256" VPOS="1817" HPOS="386"/>
<SP HEIGHT="52" WIDTH="27" VPOS="1819" HPOS="643"/>
<String CONTENT="John," HEIGHT="66" WIDTH="172" VPOS="1817" HPOS="671"/>
<SP HEIGHT="59" WIDTH="32" VPOS="1824" HPOS="844"/>
<String CONTENT="1902-" HEIGHT="49" WIDTH="170" VPOS="1823" HPOS="877"/>
</TextLine>
<TextLine HEIGHT="69" WIDTH="1924" VPOS="1893" HPOS="199" STYLEREFS="StyleId-03591FC8-D34A-4563-A6C1-191DFB820BCC-" CS="1">
<String CONTENT="American" HEIGHT="54" WIDTH="306" VPOS="1894" HPOS="199"/>
<SP HEIGHT="49" WIDTH="25" VPOS="1913" HPOS="506"/>
<String CONTENT="public" HEIGHT="67" WIDTH="193" VPOS="1895" HPOS="532"/>
<SP HEIGHT="53" WIDTH="25" VPOS="1896" HPOS="726"/>
<String CONTENT="finance" HEIGHT="51" WIDTH="216" VPOS="1896" HPOS="752"/>
<SP HEIGHT="33" WIDTH="26" VPOS="1913" HPOS="969"/>
<String CONTENT="and" HEIGHT="52" WIDTH="111" VPOS="1895" HPOS="996"/>
<SP HEIGHT="52" WIDTH="28" VPOS="1895" HPOS="1108"/>
<String CONTENT="taxation," HEIGHT="69" WIDTH="276" VPOS="1893" HPOS="1137"/>
<SP HEIGHT="67" WIDTH="28" VPOS="1895" HPOS="1414"/>
<String CS="1" CONTENT="by" HEIGHT="52" WIDTH="33" VPOS="1895" HPOS="1443"/>
<SP HEIGHT="52" WIDTH="28" VPOS="1896" HPOS="1517"/>
<String CONTENT="William" HEIGHT="54" WIDTH="258" VPOS="1894" HPOS="1546"/>
<SP HEIGHT="54" WIDTH="27" VPOS="1896" HPOS="1805"/>
<String CONTENT="J." HEIGHT="54" WIDTH="55" VPOS="1896" HPOS="1833"/>
<SP HEIGHT="51" WIDTH="32" VPOS="1899" HPOS="1889"/>
<String CONTENT="Shultz" HEIGHT="55" WIDTH="201" VPOS="1895" HPOS="1922"/>
</TextLine>
<TextLine HEIGHT="69" WIDTH="1252" VPOS="1971" HPOS="192" STYLEREFS="StyleId-03591FC8-D34A-4563-A6C1-191DFB820BCC-" CS="1">
<String CS="1" CONTENT="&#8230;"/>
<SP HEIGHT="52" WIDTH="76" VPOS="1972" HPOS="192"/>
<String CONTENT="New" HEIGHT="52" WIDTH="138" VPOS="1972" HPOS="269"/>
<SP HEIGHT="52" WIDTH="34" VPOS="1973" HPOS="408"/>
<String CONTENT="York," HEIGHT="68" WIDTH="178" VPOS="1972" HPOS="443"/>
<SP HEIGHT="67" WIDTH="28" VPOS="1973" HPOS="622"/>
<String CONTENT="Prentice-Hall," HEIGHT="68" WIDTH="451" VPOS="1971" HPOS="651"/>
<SP HEIGHT="68" WIDTH="29" VPOS="1971" HPOS="1103"/>
<String CONTENT="inc.," HEIGHT="69" WIDTH="126" VPOS="1971" HPOS="1133"/>
<SP HEIGHT="63" WIDTH="34" VPOS="1977" HPOS="1260"/>
<String CONTENT="1931." HEIGHT="49" WIDTH="149" VPOS="1976" HPOS="1295"/>
</TextLine>
<TextLine HEIGHT="49" WIDTH="770" VPOS="2052" HPOS="205" STYLEREFS="StyleId-03591FC8-D34A-4563-A6C1-191DFB820BCC-" CS="1">
<String CONTENT="xxiii," HEIGHT="48" WIDTH="136" VPOS="2053" HPOS="205"/>
<SP HEIGHT="47" WIDTH="29" VPOS="2054" HPOS="342"/>
<String CONTENT="635" HEIGHT="40" WIDTH="84" VPOS="2053" HPOS="372"/>
<SP HEIGHT="47" WIDTH="26" VPOS="2054" HPOS="457"/>
<String CONTENT="p." HEIGHT="37" WIDTH="44" VPOS="2064" HPOS="484"/>
<SP HEIGHT="40" WIDTH="58" VPOS="2054" HPOS="529"/>
<String CONTENT="diagrs." HEIGHT="48" WIDTH="179" VPOS="2053" HPOS="588"/>
<SP HEIGHT="41" WIDTH="59" VPOS="2052" HPOS="768"/>
<String CS="1" CONTENT="23&#189;&#7580;&#7504;." HEIGHT="42" WIDTH="147" VPOS="2052" HPOS="828"/>
</TextLine>
<TextLine HEIGHT="48" WIDTH="1499" VPOS="2125" HPOS="205">
<String CONTENT="&#8220;Suggested" HEIGHT="47" WIDTH="294" VPOS="2125" HPOS="205"/>
<SP HEIGHT="39" WIDTH="31" VPOS="2127" HPOS="500"/>
<String CONTENT="readings&#8221;" HEIGHT="48" WIDTH="254" VPOS="2125" HPOS="532"/>
<SP HEIGHT="40" WIDTH="30" VPOS="2126" HPOS="787"/>
<String CONTENT="at" HEIGHT="36" WIDTH="51" VPOS="2130" HPOS="818"/>
<SP HEIGHT="36" WIDTH="30" VPOS="2130" HPOS="870"/>
<String CONTENT="end" HEIGHT="39" WIDTH="90" VPOS="2127" HPOS="901"/>
<SP HEIGHT="39" WIDTH="32" VPOS="2127" HPOS="992"/>
<String CONTENT="of" HEIGHT="38" WIDTH="51" VPOS="2127" HPOS="1025"/>
<SP HEIGHT="38" WIDTH="29" VPOS="2127" HPOS="1077"/>
<String CONTENT="most" HEIGHT="37" WIDTH="124" VPOS="2129" HPOS="1107"/>
<SP HEIGHT="37" WIDTH="32" VPOS="2129" HPOS="1232"/>
<String CONTENT="of" HEIGHT="41" WIDTH="51" VPOS="2125" HPOS="1265"/>
<SP HEIGHT="41" WIDTH="28" VPOS="2125" HPOS="1317"/>
<String CONTENT="the" HEIGHT="40" WIDTH="82" VPOS="2126" HPOS="1346"/>
<SP HEIGHT="29" WIDTH="32" VPOS="2136" HPOS="1429"/>
<String CONTENT="chapters." HEIGHT="47" WIDTH="242" VPOS="2126" HPOS="1462"/>
</TextLine>
<TextLine HEIGHT="52" WIDTH="1990" VPOS="2193" HPOS="136">
<String CONTENT="&#169;" HEIGHT="52" WIDTH="51" VPOS="2193" HPOS="136"/>
<SP HEIGHT="52" WIDTH="27" VPOS="2193" HPOS="188"/>
<String CONTENT="Sept." HEIGHT="47" WIDTH="128" VPOS="2198" HPOS="216"/>
<SP HEIGHT="39" WIDTH="23" VPOS="2199" HPOS="345"/>
<String CONTENT="15," HEIGHT="46" WIDTH="68" VPOS="2198" HPOS="369"/>
<SP HEIGHT="45" WIDTH="24" VPOS="2199" HPOS="438"/>
<String CONTENT="1931;" HEIGHT="48" WIDTH="139" VPOS="2196" HPOS="463"/>
<SP HEIGHT="47" WIDTH="26" VPOS="2197" HPOS="603"/>
<String CONTENT="2c." HEIGHT="40" WIDTH="67" VPOS="2197" HPOS="630"/>
<SP HEIGHT="40" WIDTH="27" VPOS="2197" HPOS="698"/>
<String CONTENT="Sept." HEIGHT="47" WIDTH="126" VPOS="2197" HPOS="726"/>
<SP HEIGHT="41" WIDTH="24" VPOS="2197" HPOS="853"/>
<String CONTENT="29;" HEIGHT="43" WIDTH="83" VPOS="2196" HPOS="878"/>
<SP HEIGHT="32" WIDTH="27" VPOS="2207" HPOS="962"/>
<String CONTENT="aff." HEIGHT="41" WIDTH="81" VPOS="2197" HPOS="990"/>
<SP HEIGHT="40" WIDTH="28" VPOS="2198" HPOS="1072"/>
<String CONTENT="Sept." HEIGHT="46" WIDTH="126" VPOS="2198" HPOS="1101"/>
<SP HEIGHT="39" WIDTH="25" VPOS="2196" HPOS="1228"/>
<String CONTENT="26;" HEIGHT="48" WIDTH="83" VPOS="2196" HPOS="1254"/>
<SP HEIGHT="47" WIDTH="28" VPOS="2197" HPOS="1338"/>
<!-- cceid F0C83527-6E8D-1014-9CF5-AEB3FCA41D69 --><String CONTENT="A" HEIGHT="38" WIDTH="39" VPOS="2197" HPOS="1367"/>
<SP HEIGHT="38" WIDTH="22" VPOS="2197" HPOS="1407"/>
<String CONTENT="42800;" HEIGHT="47" WIDTH="171" VPOS="2196" HPOS="1430"/>
<SP HEIGHT="45" WIDTH="28" VPOS="2198" HPOS="1602"/>
<String CONTENT="Prentice-Hall," HEIGHT="49" WIDTH="375" VPOS="2196" HPOS="1631"/>
<SP HEIGHT="48" WIDTH="26" VPOS="2197" HPOS="2007"/>
<String CONTENT="inc." HEIGHT="39" WIDTH="92" VPOS="2197" HPOS="2034"/>
</TextLine>
<TextLine HEIGHT="47" WIDTH="278" VPOS="2253" HPOS="216">
<String CONTENT="(31-29027)" HEIGHT="47" WIDTH="278" VPOS="2253" HPOS="216"/>
</TextLine>
<TextLine HEIGHT="66" WIDTH="1351" VPOS="2348" HPOS="135" STYLEREFS="StyleId-FF96E9B5-4432-48FE-914C-F8048CF002CB-">
<String CONTENT="Sioussat," HEIGHT="64" WIDTH="289" VPOS="2349" HPOS="135"/>
<SP HEIGHT="62" WIDTH="26" VPOS="2351" HPOS="425"/>
<String CONTENT="Mrs." HEIGHT="53" WIDTH="138" VPOS="2351" HPOS="452"/>
<SP HEIGHT="54" WIDTH="27" VPOS="2349" HPOS="591"/>
<String CONTENT="Annie" HEIGHT="53" WIDTH="191" VPOS="2349" HPOS="619"/>
<SP HEIGHT="51" WIDTH="28" VPOS="2351" HPOS="811"/>
<String CONTENT="Middleton" HEIGHT="54" WIDTH="322" VPOS="2349" HPOS="840"/>
<SP HEIGHT="63" WIDTH="37" VPOS="2351" HPOS="1163"/>
<String CONTENT="(Leakin)" HEIGHT="66" WIDTH="285" VPOS="2348" HPOS="1201"/>
</TextLine>
<TextLine HEIGHT="71" WIDTH="1925" VPOS="2426" HPOS="206" STYLEREFS="StyleId-03591FC8-D34A-4563-A6C1-191DFB820BCC-">
<String CONTENT="Old" HEIGHT="56" WIDTH="114" VPOS="2426" HPOS="206"/>
<SP HEIGHT="53" WIDTH="24" VPOS="2429" HPOS="321"/>
<String CONTENT="Baltimore," HEIGHT="68" WIDTH="332" VPOS="2428" HPOS="346"/>
<SP HEIGHT="67" WIDTH="25" VPOS="2429" HPOS="679"/>
<String CONTENT="by" HEIGHT="68" WIDTH="73" VPOS="2429" HPOS="705"/>
<SP HEIGHT="69" WIDTH="23" VPOS="2428" HPOS="779"/>
<String CONTENT="Annie" HEIGHT="55" WIDTH="190" VPOS="2427" HPOS="803"/>
<SP HEIGHT="53" WIDTH="23" VPOS="2429" HPOS="994"/>
<String CONTENT="Leakin" HEIGHT="53" WIDTH="217" VPOS="2428" HPOS="1018"/>
<SP HEIGHT="55" WIDTH="28" VPOS="2428" HPOS="1236"/>
<String CONTENT="Sioussat." HEIGHT="55" WIDTH="273" VPOS="2428" HPOS="1265"/>
<SP HEIGHT="52" WIDTH="71" VPOS="2429" HPOS="1539"/>
<String CONTENT="Published" HEIGHT="53" WIDTH="315" VPOS="2429" HPOS="1611"/>
<SP HEIGHT="53" WIDTH="23" VPOS="2429" HPOS="1927"/>
<String CONTENT="under" HEIGHT="52" WIDTH="180" VPOS="2430" HPOS="1951"/>
</TextLine>
<TextLine HEIGHT="69" WIDTH="1991" VPOS="2506" HPOS="139" STYLEREFS="StyleId-03591FC8-D34A-4563-A6C1-191DFB820BCC-">
<String CONTENT="the" HEIGHT="50" WIDTH="94" VPOS="2507" HPOS="139"/>
<SP HEIGHT="34" WIDTH="28" VPOS="2524" HPOS="234"/>
<String CONTENT="auspices" HEIGHT="67" WIDTH="255" VPOS="2507" HPOS="263"/>
<SP HEIGHT="34" WIDTH="28" VPOS="2525" HPOS="519"/>
<String CONTENT="of" HEIGHT="51" WIDTH="65" VPOS="2507" HPOS="548"/>
<SP HEIGHT="52" WIDTH="27" VPOS="2507" HPOS="614"/>
<String CONTENT="the" HEIGHT="52" WIDTH="95" VPOS="2507" HPOS="642"/>
<SP HEIGHT="53" WIDTH="30" VPOS="2506" HPOS="738"/>
<String CONTENT="Maryland" HEIGHT="69" WIDTH="307" VPOS="2506" HPOS="769"/>
<SP HEIGHT="53" WIDTH="30" VPOS="2507" HPOS="1077"/>
<String CONTENT="society" HEIGHT="69" WIDTH="211" VPOS="2506" HPOS="1108"/>
<SP HEIGHT="50" WIDTH="29" VPOS="2525" HPOS="1320"/>
<String CONTENT="of" HEIGHT="53" WIDTH="64" VPOS="2507" HPOS="1350"/>
<SP HEIGHT="51" WIDTH="26" VPOS="2507" HPOS="1415"/>
<String CONTENT="the" HEIGHT="53" WIDTH="95" VPOS="2507" HPOS="1442"/>
<SP HEIGHT="34" WIDTH="30" VPOS="2526" HPOS="1538"/>
<String CONTENT="colonial" HEIGHT="52" WIDTH="243" VPOS="2507" HPOS="1569"/>
<SP HEIGHT="53" WIDTH="30" VPOS="2507" HPOS="1813"/>
<String CONTENT="dames" HEIGHT="53" WIDTH="191" VPOS="2508" HPOS="1844"/>
<SP HEIGHT="35" WIDTH="29" VPOS="2526" HPOS="2036"/>
<String CONTENT="of" HEIGHT="53" WIDTH="64" VPOS="2507" HPOS="2066"/>
</TextLine>
<TextLine HEIGHT="68" WIDTH="1989" VPOS="2583" HPOS="137" STYLEREFS="StyleId-03591FC8-D34A-4563-A6C1-191DFB820BCC-">
<String CONTENT="America," HEIGHT="67" WIDTH="282" VPOS="2584" HPOS="137"/>
<SP HEIGHT="68" WIDTH="26" VPOS="2583" HPOS="420"/>
<String CONTENT="in" HEIGHT="52" WIDTH="60" VPOS="2583" HPOS="447"/>
<SP HEIGHT="51" WIDTH="29" VPOS="2584" HPOS="508"/>
<String CONTENT="honor" HEIGHT="52" WIDTH="180" VPOS="2584" HPOS="538"/>
<SP HEIGHT="33" WIDTH="27" VPOS="2603" HPOS="719"/>
<String CONTENT="of" HEIGHT="52" WIDTH="63" VPOS="2584" HPOS="747"/>
<SP HEIGHT="52" WIDTH="28" VPOS="2584" HPOS="811"/>
<String CONTENT="the" HEIGHT="53" WIDTH="97" VPOS="2583" HPOS="840"/>
<SP HEIGHT="33" WIDTH="28" VPOS="2603" HPOS="938"/>
<String CONTENT="author." HEIGHT="52" WIDTH="221" VPOS="2584" HPOS="967"/>
<SP HEIGHT="52" WIDTH="74" VPOS="2584" HPOS="1189"/>
<String CONTENT="New" HEIGHT="52" WIDTH="139" VPOS="2584" HPOS="1264"/>
<SP HEIGHT="51" WIDTH="30" VPOS="2585" HPOS="1404"/>
<String CONTENT="York," HEIGHT="66" WIDTH="180" VPOS="2583" HPOS="1435"/>
<SP HEIGHT="63" WIDTH="27" VPOS="2586" HPOS="1616"/>
<String CONTENT="The" HEIGHT="53" WIDTH="122" VPOS="2585" HPOS="1644"/>
<SP HEIGHT="53" WIDTH="28" VPOS="2585" HPOS="1767"/>
<String CONTENT="Macmillan" HEIGHT="53" WIDTH="330" VPOS="2584" HPOS="1796"/>
</TextLine>
<TextLine HEIGHT="67" WIDTH="480" VPOS="2664" HPOS="135" STYLEREFS="StyleId-03591FC8-D34A-4563-A6C1-191DFB820BCC-">
<String CONTENT="company," HEIGHT="52" WIDTH="296" VPOS="2679" HPOS="135"/>
<SP HEIGHT="63" WIDTH="30" VPOS="2665" HPOS="432"/>
<String CONTENT="1931." HEIGHT="50" WIDTH="152" VPOS="2664" HPOS="463"/>
</TextLine>
<TextLine HEIGHT="49" WIDTH="1443" VPOS="2740" HPOS="203" CS="1">
<String CONTENT="xiv" HEIGHT="40" WIDTH="82" VPOS="2740" HPOS="203"/>
<SP HEIGHT="37" WIDTH="22" VPOS="2751" HPOS="286"/>
<String CONTENT="p.," HEIGHT="37" WIDTH="57" VPOS="2751" HPOS="309"/>
<SP HEIGHT="47" WIDTH="22" VPOS="2740" HPOS="367"/>
<String CONTENT="2" HEIGHT="39" WIDTH="26" VPOS="2740" HPOS="390"/>
<SP HEIGHT="39" WIDTH="22" VPOS="2740" HPOS="417"/>
<String CONTENT="].," HEIGHT="46" WIDTH="44" VPOS="2741" HPOS="440"/>
<SP HEIGHT="47" WIDTH="23" VPOS="2740" HPOS="485"/>
<String CONTENT="249" HEIGHT="40" WIDTH="88" VPOS="2740" HPOS="509"/>
<SP HEIGHT="48" WIDTH="20" VPOS="2740" HPOS="598"/>
<String CONTENT="p." HEIGHT="37" WIDTH="43" VPOS="2751" HPOS="619"/>
<SP HEIGHT="40" WIDTH="58" VPOS="2740" HPOS="663"/>
<String CONTENT="front.," HEIGHT="47" WIDTH="162" VPOS="2740" HPOS="722"/>
<SP HEIGHT="37" WIDTH="25" VPOS="2751" HPOS="885"/>
<String CONTENT="plates," HEIGHT="47" WIDTH="170" VPOS="2741" HPOS="911"/>
<SP HEIGHT="37" WIDTH="26" VPOS="2751" HPOS="1082"/>
<String CONTENT="ports.," HEIGHT="44" WIDTH="161" VPOS="2744" HPOS="1109"/>
<SP HEIGHT="36" WIDTH="26" VPOS="2752" HPOS="1271"/>
<String CONTENT="maps." HEIGHT="38" WIDTH="149" VPOS="2751" HPOS="1298"/>
<SP HEIGHT="40" WIDTH="53" VPOS="2741" HPOS="1448"/>
<String CS="1" CONTENT="22&#189;&#7580;&#7504;." HEIGHT="40" WIDTH="144" VPOS="2741" HPOS="1502"/>
</TextLine>
<TextLine HEIGHT="50" WIDTH="1924" VPOS="2810" HPOS="205">
<String CONTENT="A" HEIGHT="40" WIDTH="40" VPOS="2811" HPOS="205"/>
<SP HEIGHT="40" WIDTH="30" VPOS="2811" HPOS="246"/>
<String CONTENT="history" HEIGHT="49" WIDTH="187" VPOS="2810" HPOS="277"/>
<SP HEIGHT="38" WIDTH="32" VPOS="2821" HPOS="465"/>
<String CONTENT="of" HEIGHT="39" WIDTH="51" VPOS="2810" HPOS="498"/>
<SP HEIGHT="39" WIDTH="32" VPOS="2810" HPOS="550"/>
<String CONTENT="Baltimore&#8217;s" HEIGHT="41" WIDTH="308" VPOS="2810" HPOS="583"/>
<SP HEIGHT="41" WIDTH="31" VPOS="2810" HPOS="892"/>
<String CONTENT="first" HEIGHT="41" WIDTH="108" VPOS="2810" HPOS="924"/>
<SP HEIGHT="38" WIDTH="31" VPOS="2813" HPOS="1033"/>
<String CONTENT="century," HEIGHT="46" WIDTH="216" VPOS="2813" HPOS="1065"/>
<SP HEIGHT="49" WIDTH="32" VPOS="2810" HPOS="1282"/>
<String CONTENT="from" HEIGHT="41" WIDTH="128" VPOS="2810" HPOS="1315"/>
<SP HEIGHT="40" WIDTH="31" VPOS="2811" HPOS="1444"/>
<String CONTENT="its" HEIGHT="41" WIDTH="65" VPOS="2811" HPOS="1476"/>
<SP HEIGHT="41" WIDTH="31" VPOS="2811" HPOS="1542"/>
<String CONTENT="founding" HEIGHT="49" WIDTH="238" VPOS="2811" HPOS="1574"/>
<SP HEIGHT="49" WIDTH="32" VPOS="2811" HPOS="1813"/>
<String CONTENT="in" HEIGHT="41" WIDTH="50" VPOS="2811" HPOS="1846"/>
<SP HEIGHT="39" WIDTH="34" VPOS="2813" HPOS="1897"/>
<String CONTENT="1729" HEIGHT="43" WIDTH="114" VPOS="2811" HPOS="1932"/>
<SP HEIGHT="42" WIDTH="32" VPOS="2811" HPOS="2047"/>
<String CONTENT="to" HEIGHT="38" WIDTH="49" VPOS="2815" HPOS="2080"/>
</TextLine>
<TextLine HEIGHT="48" WIDTH="739" VPOS="2867" HPOS="136">
<String CONTENT="the" HEIGHT="40" WIDTH="79" VPOS="2868" HPOS="136"/>
<SP HEIGHT="30" WIDTH="24" VPOS="2878" HPOS="216"/>
<String CONTENT="centennial" HEIGHT="41" WIDTH="273" VPOS="2867" HPOS="241"/>
<SP HEIGHT="37" WIDTH="25" VPOS="2870" HPOS="515"/>
<String CONTENT="anniversary." HEIGHT="48" WIDTH="334" VPOS="2867" HPOS="541"/>
</TextLine>
<TextLine HEIGHT="48" WIDTH="901" VPOS="2923" HPOS="207">
<String CONTENT="&#8220;List" HEIGHT="41" WIDTH="131" VPOS="2924" HPOS="207"/>
<SP HEIGHT="38" WIDTH="27" VPOS="2927" HPOS="339"/>
<String CONTENT="of" HEIGHT="40" WIDTH="50" VPOS="2924" HPOS="367"/>
<SP HEIGHT="39" WIDTH="24" VPOS="2924" HPOS="418"/>
<String CONTENT="authorities&#8221;:" HEIGHT="41" WIDTH="349" VPOS="2923" HPOS="443"/>
<SP HEIGHT="37" WIDTH="27" VPOS="2934" HPOS="793"/>
<String CONTENT="p." HEIGHT="37" WIDTH="44" VPOS="2934" HPOS="821"/>
<SP HEIGHT="42" WIDTH="23" VPOS="2923" HPOS="866"/>
<String CONTENT="227-238." HEIGHT="41" WIDTH="218" VPOS="2923" HPOS="890"/>
</TextLine>
<TextLine HEIGHT="53" WIDTH="1987" VPOS="2990" HPOS="141" CS="1">
<String CONTENT="&#169;" HEIGHT="51" WIDTH="51" VPOS="2990" HPOS="141"/>
<SP HEIGHT="51" WIDTH="31" VPOS="2990" HPOS="193"/>
<String CONTENT="Oct" HEIGHT="41" WIDTH="100" VPOS="2994" HPOS="225"/>
<SP HEIGHT="40" WIDTH="31" VPOS="2995" HPOS="326"/>
<String CONTENT="6," HEIGHT="47" WIDTH="38" VPOS="2995" HPOS="358"/>
<SP HEIGHT="46" WIDTH="31" VPOS="2996" HPOS="397"/>
<String CONTENT="1931;" HEIGHT="47" WIDTH="140" VPOS="2993" HPOS="429"/>
<SP HEIGHT="47" WIDTH="33" VPOS="2993" HPOS="570"/>
<String CONTENT="2c." HEIGHT="41" WIDTH="67" VPOS="2993" HPOS="604"/>
<SP HEIGHT="31" WIDTH="32" VPOS="3003" HPOS="672"/>
<String CONTENT="and" HEIGHT="39" WIDTH="96" VPOS="2995" HPOS="705"/>
<SP HEIGHT="39" WIDTH="30" VPOS="2995" HPOS="802"/>
<String CONTENT="aff." HEIGHT="41" WIDTH="82" VPOS="2993" HPOS="833"/>
<SP HEIGHT="41" WIDTH="33" VPOS="2993" HPOS="916"/>
<String CONTENT="Oct." HEIGHT="41" WIDTH="101" VPOS="2993" HPOS="950"/>
<SP HEIGHT="39" WIDTH="32" VPOS="2995" HPOS="1052"/>
<String CONTENT="7;" HEIGHT="46" WIDTH="52" VPOS="2995" HPOS="1085"/>
<SP HEIGHT="47" WIDTH="33" VPOS="2994" HPOS="1138"/>
<!-- cceid F0C87B18-6E8D-1014-9CF5-AEB3FCA41D69 --><String CONTENT="A" HEIGHT="39" WIDTH="43" VPOS="2994" HPOS="1172"/>
<SP/>
<String CONTENT="42896;" HEIGHT="48" WIDTH="172" VPOS="2993" HPOS="1245"/>
<SP HEIGHT="45" WIDTH="35" VPOS="2996" HPOS="1418"/>
<String CONTENT="Maryland" HEIGHT="46" WIDTH="259" VPOS="2996" HPOS="1454"/>
<SP HEIGHT="39" WIDTH="31" VPOS="2996" HPOS="1714"/>
<String CONTENT="society" HEIGHT="49" WIDTH="182" VPOS="2994" HPOS="1746"/>
<SP HEIGHT="37" WIDTH="32" VPOS="3006" HPOS="1929"/>
<String CONTENT="of" HEIGHT="40" WIDTH="52" VPOS="2995" HPOS="1962"/>
<SP HEIGHT="40" WIDTH="32" VPOS="2995" HPOS="2015"/>
<String CONTENT="the" HEIGHT="40" WIDTH="80" VPOS="2995" HPOS="2048"/>
</TextLine>
<TextLine HEIGHT="49" WIDTH="1413" VPOS="3050" HPOS="207">
<String CONTENT="colonial" HEIGHT="39" WIDTH="205" VPOS="3052" HPOS="207"/>
<SP HEIGHT="38" WIDTH="29" VPOS="3053" HPOS="413"/>
<String CONTENT="dames" HEIGHT="38" WIDTH="164" VPOS="3053" HPOS="443"/>
<SP HEIGHT="29" WIDTH="29" VPOS="3062" HPOS="608"/>
<String CONTENT="of" HEIGHT="40" WIDTH="51" VPOS="3051" HPOS="638"/>
<SP HEIGHT="39" WIDTH="28" VPOS="3051" HPOS="690"/>
<String CONTENT="America," HEIGHT="48" WIDTH="235" VPOS="3050" HPOS="719"/>
<SP HEIGHT="46" WIDTH="31" VPOS="3052" HPOS="955"/>
<String CONTENT="Baltimore." HEIGHT="41" WIDTH="282" VPOS="3050" HPOS="987"/>
<SP HEIGHT="47" WIDTH="69" VPOS="3052" HPOS="1270"/>
<String CONTENT="(31-29010)" HEIGHT="48" WIDTH="280" VPOS="3051" HPOS="1340"/>
</TextLine>
<TextLine HEIGHT="66" WIDTH="840" VPOS="3143" HPOS="136" STYLEREFS="StyleId-FF96E9B5-4432-48FE-914C-F8048CF002CB-">
<String CONTENT="Smith," HEIGHT="66" WIDTH="212" VPOS="3143" HPOS="136"/>
<SP HEIGHT="63" WIDTH="27" VPOS="3146" HPOS="349"/>
<String CONTENT="Roy" HEIGHT="62" WIDTH="129" VPOS="3146" HPOS="377"/>
<SP HEIGHT="63" WIDTH="25" VPOS="3145" HPOS="507"/>
<String CONTENT="Lemon," HEIGHT="63" WIDTH="239" VPOS="3145" HPOS="533"/>
<SP HEIGHT="57" WIDTH="31" VPOS="3151" HPOS="773"/>
<String CONTENT="1887-" HEIGHT="53" WIDTH="171" VPOS="3147" HPOS="805"/>
</TextLine>
<TextLine HEIGHT="63" WIDTH="1924" VPOS="3223" HPOS="206" STYLEREFS="StyleId-03591FC8-D34A-4563-A6C1-191DFB820BCC-" CS="1">
<String CONTENT="Barbed" HEIGHT="53" WIDTH="225" VPOS="3224" HPOS="206"/>
<SP HEIGHT="52" WIDTH="20" VPOS="3224" HPOS="432"/>
<String CONTENT="arrows," HEIGHT="44" WIDTH="229" VPOS="3242" HPOS="453"/>
<SP HEIGHT="62" WIDTH="18" VPOS="3224" HPOS="683"/>
<String CS="1" CONTENT="by" HEIGHT="52" WIDTH="34" VPOS="3224" HPOS="702"/>
<SP HEIGHT="55" WIDTH="18" VPOS="3223" HPOS="777"/>
<String CONTENT="Roy" HEIGHT="63" WIDTH="127" VPOS="3223" HPOS="796"/>
<SP HEIGHT="62" WIDTH="17" VPOS="3224" HPOS="924"/>
<String CONTENT="L." HEIGHT="52" WIDTH="65" VPOS="3224" HPOS="942"/>
<SP HEIGHT="55" WIDTH="23" VPOS="3223" HPOS="1008"/>
<String CONTENT="Smith" HEIGHT="55" WIDTH="188" VPOS="3223" HPOS="1032"/>
<SP HEIGHT="53" WIDTH="26" VPOS="3224" HPOS="1221"/>
<String CS="1" CONTENT="&#8230;"/>
<SP HEIGHT="53" WIDTH="73" VPOS="3224" HPOS="1305"/>
<String CONTENT="New" HEIGHT="53" WIDTH="139" VPOS="3224" HPOS="1379"/>
<SP HEIGHT="52" WIDTH="20" VPOS="3225" HPOS="1519"/>
<String CONTENT="York," HEIGHT="62" WIDTH="180" VPOS="3224" HPOS="1540"/>
<SP HEIGHT="61" WIDTH="18" VPOS="3225" HPOS="1721"/>
<String LANG="la" CONTENT="R." HEIGHT="52" WIDTH="68" VPOS="3225" HPOS="1740"/>
<SP HEIGHT="52" WIDTH="20" VPOS="3225" HPOS="1809"/>
<String CONTENT="R." HEIGHT="52" WIDTH="68" VPOS="3225" HPOS="1830"/>
<SP HEIGHT="55" WIDTH="24" VPOS="3224" HPOS="1899"/>
<String CONTENT="Smith," HEIGHT="62" WIDTH="206" VPOS="3224" HPOS="1924"/>
</TextLine>
<TextLine HEIGHT="69" WIDTH="304" VPOS="3300" HPOS="140" STYLEREFS="StyleId-03591FC8-D34A-4563-A6C1-191DFB820BCC-">
<String CONTENT="inc.," HEIGHT="69" WIDTH="122" VPOS="3300" HPOS="140"/>
<SP HEIGHT="64" WIDTH="29" VPOS="3305" HPOS="263"/>
<String CONTENT="1931." HEIGHT="49" WIDTH="151" VPOS="3305" HPOS="293"/>
</TextLine>
<TextLine HEIGHT="47" WIDTH="598" VPOS="3380" HPOS="233" STYLEREFS="StyleId-0BA7931E-0AEA-4FD3-BB85-C9D3DBFF7160-" CS="1">
<String CS="1" CONTENT="x"/>
<SP HEIGHT="37" WIDTH="25" VPOS="3390" HPOS="233"/>
<String LANG="la" CONTENT="p.," HEIGHT="37" WIDTH="57" VPOS="3390" HPOS="259"/>
<SP HEIGHT="46" WIDTH="26" VPOS="3381" HPOS="317"/>
<String CONTENT="1" HEIGHT="39" WIDTH="27" VPOS="3381" HPOS="344"/>
<SP/>
<String CS="1" CONTENT="l.,"/>
<SP HEIGHT="46" WIDTH="27" VPOS="3381" HPOS="444"/>
<String CONTENT="171" HEIGHT="39" WIDTH="84" VPOS="3381" HPOS="472"/>
<SP HEIGHT="46" WIDTH="24" VPOS="3381" HPOS="557"/>
<String CONTENT="p." HEIGHT="37" WIDTH="46" VPOS="3390" HPOS="582"/>
<SP HEIGHT="41" WIDTH="57" VPOS="3380" HPOS="629"/>
<String CS="1" CONTENT="19&#189;&#7580;&#7504;." HEIGHT="41" WIDTH="144" VPOS="3380" HPOS="687"/>
</TextLine>
<TextLine HEIGHT="41" WIDTH="234" VPOS="3449" HPOS="204">
<String CONTENT="Sermons." HEIGHT="41" WIDTH="234" VPOS="3449" HPOS="204"/>
</TextLine>
<TextLine HEIGHT="55" WIDTH="1984" VPOS="3514" HPOS="142">
<String CONTENT="&#169;" HEIGHT="52" WIDTH="50" VPOS="3514" HPOS="142"/>
<SP HEIGHT="52" WIDTH="30" VPOS="3514" HPOS="193"/>
<String CONTENT="Sept." HEIGHT="48" WIDTH="126" VPOS="3519" HPOS="224"/>
<SP HEIGHT="39" WIDTH="26" VPOS="3520" HPOS="351"/>
<String CONTENT="28," HEIGHT="48" WIDTH="68" VPOS="3520" HPOS="378"/>
<SP HEIGHT="47" WIDTH="28" VPOS="3521" HPOS="447"/>
<String CONTENT="1931;" HEIGHT="47" WIDTH="141" VPOS="3519" HPOS="476"/>
<SP HEIGHT="45" WIDTH="28" VPOS="3521" HPOS="618"/>
<String CONTENT="2c." HEIGHT="39" WIDTH="67" VPOS="3521" HPOS="647"/>
<SP HEIGHT="40" WIDTH="30" VPOS="3521" HPOS="715"/>
<String CONTENT="Sept." HEIGHT="47" WIDTH="127" VPOS="3521" HPOS="746"/>
<SP HEIGHT="41" WIDTH="27" VPOS="3522" HPOS="874"/>
<String CONTENT="30;" HEIGHT="48" WIDTH="81" VPOS="3520" HPOS="902"/>
<SP HEIGHT="36" WIDTH="31" VPOS="3532" HPOS="984"/>
<String CONTENT="aff." HEIGHT="42" WIDTH="83" VPOS="3521" HPOS="1016"/>
<SP HEIGHT="42" WIDTH="28" VPOS="3521" HPOS="1100"/>
<String CONTENT="Oct." HEIGHT="41" WIDTH="102" VPOS="3521" HPOS="1129"/>
<SP HEIGHT="39" WIDTH="29" VPOS="3523" HPOS="1232"/>
<String CONTENT="1;" HEIGHT="46" WIDTH="52" VPOS="3523" HPOS="1262"/>
<SP HEIGHT="47" WIDTH="30" VPOS="3522" HPOS="1315"/>
<!-- cceid F0C8BDAC-6E8D-1014-9CF5-AEB3FCA41D69 --><String CONTENT="A" HEIGHT="39" WIDTH="42" VPOS="3522" HPOS="1346"/>
<SP HEIGHT="39" WIDTH="24" VPOS="3522" HPOS="1389"/>
<String CONTENT="41995;" HEIGHT="48" WIDTH="172" VPOS="3521" HPOS="1414"/>
<SP HEIGHT="46" WIDTH="32" VPOS="3523" HPOS="1587"/>
<String CONTENT="Richard" HEIGHT="41" WIDTH="213" VPOS="3522" HPOS="1620"/>
<SP HEIGHT="39" WIDTH="29" VPOS="3524" HPOS="1834"/>
<String CONTENT="R." HEIGHT="40" WIDTH="57" VPOS="3524" HPOS="1864"/>
<SP HEIGHT="40" WIDTH="32" VPOS="3524" HPOS="1922"/>
<String CONTENT="Smith," HEIGHT="46" WIDTH="171" VPOS="3522" HPOS="1955"/>
</TextLine>
<TextLine HEIGHT="49" WIDTH="438" VPOS="3575" HPOS="206">
<String CONTENT="inc." HEIGHT="40" WIDTH="88" VPOS="3575" HPOS="206"/>
<SP HEIGHT="47" WIDTH="69" VPOS="3576" HPOS="295"/>
<String CONTENT="(31-28908)" HEIGHT="48" WIDTH="279" VPOS="3576" HPOS="365"/>
</TextLine>
<TextLine HEIGHT="65" WIDTH="493" VPOS="3667" HPOS="138" STYLEREFS="StyleId-FF96E9B5-4432-48FE-914C-F8048CF002CB-">
<String CONTENT="Smith," HEIGHT="65" WIDTH="212" VPOS="3667" HPOS="138"/>
<SP HEIGHT="62" WIDTH="29" VPOS="3670" HPOS="351"/>
<String CONTENT="Thorne." HEIGHT="56" WIDTH="250" VPOS="3669" HPOS="381"/>
</TextLine>
<TextLine HEIGHT="144" WIDTH="1965" VPOS="3748" HPOS="140" STYLEREFS="StyleId-03591FC8-D34A-4563-A6C1-191DFB820BCC-" CS="1">
<String CONTENT="Turnabout" HEIGHT="53" WIDTH="334" VPOS="3748" HPOS="207"/>
<SP HEIGHT="62" WIDTH="27" VPOS="3754" HPOS="542"/>
<String CS="1" CONTENT="[by]" HEIGHT="68" WIDTH="92" VPOS="3749" HPOS="586"/>
<SP HEIGHT="66" WIDTH="28" VPOS="3751" HPOS="679"/>
<String CONTENT="Thorne" HEIGHT="54" WIDTH="228" VPOS="3750" HPOS="708"/>
<SP HEIGHT="55" WIDTH="22" VPOS="3751" HPOS="937"/>
<String CONTENT="Smith." HEIGHT="56" WIDTH="205" VPOS="3750" HPOS="960"/>
<SP HEIGHT="55" WIDTH="73" VPOS="3750" HPOS="1166"/>
<String CONTENT="Garden" HEIGHT="55" WIDTH="233" VPOS="3750" HPOS="1240"/>
<SP HEIGHT="55" WIDTH="22" VPOS="3750" HPOS="1474"/>
<String CONTENT="City," HEIGHT="70" WIDTH="153" VPOS="3750" HPOS="1497"/>
<SP HEIGHT="67" WIDTH="21" VPOS="3750" HPOS="1651"/>
<String CONTENT="N." HEIGHT="55" WIDTH="70" VPOS="3750" HPOS="1673"/>
<SP HEIGHT="54" WIDTH="24" VPOS="3751" HPOS="1744"/>
<String CONTENT="Y.," HEIGHT="68" WIDTH="91" VPOS="3751" HPOS="1769"/>
<SP HEIGHT="67" WIDTH="19" VPOS="3752" HPOS="1861"/>
<String CONTENT="Doubleday," HEIGHT="140" WIDTH="1965" VPOS="3752" HPOS="140"/>
</TextLine>
<TextLine HEIGHT="72" WIDTH="1223" VPOS="3825" HPOS="295" STYLEREFS="StyleId-03591FC8-D34A-4563-A6C1-191DFB820BCC-">
<String CONTENT="Doran" HEIGHT="53" WIDTH="197" VPOS="3825" HPOS="295"/>
<SP HEIGHT="50" WIDTH="24" VPOS="3828" HPOS="493"/>
<String CONTENT="&amp;" HEIGHT="50" WIDTH="50" VPOS="3828" HPOS="518"/>
<SP HEIGHT="51" WIDTH="27" VPOS="3828" HPOS="569"/>
<String CONTENT="company," HEIGHT="52" WIDTH="296" VPOS="3845" HPOS="597"/>
<SP HEIGHT="68" WIDTH="27" VPOS="3827" HPOS="894"/>
<String CONTENT="incorporated," HEIGHT="68" WIDTH="416" VPOS="3827" HPOS="922"/>
<SP HEIGHT="62" WIDTH="29" VPOS="3833" HPOS="1339"/>
<String CONTENT="1931." HEIGHT="50" WIDTH="149" VPOS="3831" HPOS="1369"/>
</TextLine>
<TextLine HEIGHT="50" WIDTH="561" VPOS="3903" HPOS="203" CS="1">
<String LANG="en-US" CONTENT="4" HEIGHT="39" WIDTH="28" VPOS="3903" HPOS="203"/>
<SP HEIGHT="49" WIDTH="26" VPOS="3903" HPOS="232"/>
<String LANG="la" CONTENT="p." HEIGHT="37" WIDTH="43" VPOS="3915" HPOS="259"/>
<SP/>
<String LANG="la" CS="1" CONTENT="l.,"/>
<SP HEIGHT="46" WIDTH="27" VPOS="3905" HPOS="376"/>
<String LANG="en-US" CONTENT="312" HEIGHT="40" WIDTH="84" VPOS="3904" HPOS="404"/>
<SP HEIGHT="49" WIDTH="27" VPOS="3904" HPOS="489"/>
<String LANG="en-US" CONTENT="p." HEIGHT="38" WIDTH="43" VPOS="3915" HPOS="517"/>
<SP HEIGHT="39" WIDTH="57" VPOS="3906" HPOS="561"/>
<String LANG="en-US" CS="1" CONTENT="19&#189;&#7580;&#7504;." HEIGHT="41" WIDTH="145" VPOS="3904" HPOS="619"/>
</TextLine>
<TextLine HEIGHT="46" WIDTH="418" VPOS="3971" HPOS="205">
<String CONTENT="&#8220;First" HEIGHT="44" WIDTH="161" VPOS="3971" HPOS="205"/>
<SP HEIGHT="40" WIDTH="28" VPOS="3975" HPOS="367"/>
<String CONTENT="edition.&#8221;" HEIGHT="43" WIDTH="227" VPOS="3974" HPOS="396"/>
</TextLine>
</TextBlock>
</PrintSpace>
</Page>
</Layout>
</alto>