2505 4370
1297 4042 101 52 128

343 377 327 67 Whitman,
698 377 178 65 Walt,
907 383 329 50 1819-1892.

413 457 57 53 A
524 457 202 54 child’s
781 457 418 69 reminiscence,
1253 459 75 69 by
1381 459 160 53 Walt
1595 459 319 68 Whitman,
1969 461 271 54 collected
2292 462 74 69 by

345 536 251 55 Thomas
626 535 67 56 O.
725 536 266 54 Mabbott
1021 539 112 53 and
1164 537 170 55 Rollo
1363 536 67 56 G.
1465 536 206 70 Silver,
1701 538 140 54 with
1873 557 71 36 an
1975 539 392 55 introduction

345 617 113 53 and
511 622 177 47 notes.
768 615 233 70 Seattle,
1056 616 341 71 University
1449 617 66 52 of
1563 617 387 70 Washington
2001 618 150 53 book
2202 625 166 60 store,

345 698 152 50 1930.

414 774 1951 52 6 p. l. , 11-44 p. 42½ᶜᵐ. (Half-title: University of Washington quartos,
343 833 71 40 ed.
443 833 62 48 by
536 833 53 41 G.
620 833 202 49 Hughes.
929 834 15 48 I)

416 889 94 42 “Of
536 890 99 42 this
660 891 126 41 book
810 891 113 40 four
951 891 222 40 hundred
1201 893 96 38 and
1327 890 313 49 seventy-five
1668 890 161 50 copies
1856 892 125 41 have
2009 892 119 41 been
2156 892 208 49 printed,

344 949 96 39 and
469 949 81 40 the
578 951 113 45 type
717 949 274 47 destroyed.
1052 948 119 40 This
1200 959 120 38 copy
1347 948 43 43 is
1417 948 204 41 number
1647 948 132 44 129.”

415 1006 228 40 Includes
680 1006 104 40 also
822 1016 129 30 some
988 1006 144 40 items
1170 1006 160 40 which
1368 1008 243 47 appeared
1649 1006 353 49 anonymously
2041 1007 49 40 in
2129 1008 83 40 the
2249 1008 115 40 New

345 1064 132 39 York
512 1063 249 48 Saturday
793 1072 137 39 press
964 1063 177 47 during
1175 1062 115 42 1859
1325 1065 94 40 and
1455 1063 115 41 1860
1605 1065 96 40 and
1736 1075 83 30 are
1853 1074 111 32 now
1996 1064 273 41 attributed
2306 1065 58 48 by

345 1121 82 40 the
455 1121 184 41 editors
669 1123 47 38 to
746 1122 134 40 Walt
908 1121 267 41 Whitman.

416 1178 316 41 “Additional
759 1178 253 41 Whitman
1042 1178 142 41 items
1214 1179 49 39 in
1297 1178 80 41 the
1405 1179 118 40 New
1551 1180 134 40 York
1716 1178 248 50 Saturday
1994 1179 166 50 press”:
2222 1190 43 38 p.
2293 1179 72 40 44.

345 1244 52 53 ©
426 1250 118 39 Nov.
574 1249 69 49 10,
670 1247 120 43 1930;
842 1249 68 42 2c.
940 1250 110 40 Jan.
1078 1249 70 43 30,
1178 1249 115 40 1931;
1352 1248 82 43 aff.
1464 1249 112 41 Feb.
1605 1249 27 40 2;
1689 1249 43 40 A
1758 1249 145 42 34151;
1963 1250 155 41 Glenn
2148 1251 216 47 Hughes.

415 1306 200 42 Seattle.
687 1305 252 51 (31-3793)

340 1402 210 66 Wiley,
583 1403 280 55 Clarence
892 1402 201 57 Alton.

473 1479 1889 73 … Agriculture and the business cycle since 1920: a study
338 1558 60 53 in
433 1558 95 53 the
560 1563 280 63 post-war
874 1558 290 70 disparity
1198 1557 65 54 of
1297 1558 202 69 prices,
1532 1558 77 71 by
1644 1557 274 56 Clarence
1953 1558 184 54 Alton
2169 1560 193 70 Wiley

399 1636 542 69 … Madison, 1930.
447 1748 9 16 x,
494 1718 87 41 237
621 1728 43 38 p.
726 1719 181 47 diagrs.
968 1718 57 40 24½ᶜᵐ.
1189 1718 312 50 (University
1542 1720 53 39 of
1635 1719 277 41 Wisconsin
1954 1719 189 42 studies
2185 1720 50 40 in
2279 1722 82 41 the

337 1775 152 41 social
522 1775 214 41 sciences
767 1777 97 38 and
898 1775 191 47 history.
1164 1786 74 30 no.
1273 1775 80 48 15)

407 1831 380 49 Bibliography:
822 1842 43 38 p.
900 1831 219 42 231-237.

344 1885 52 53 ©
427 1889 113 42 Dec.
568 1886 71 52 26,
667 1889 142 47 1930;
839 1889 68 42 2c.
937 1891 111 40 Jan.
1076 1890 70 45 23,
1176 1889 142 47 1931;
1351 1890 83 41 aff.
1465 1891 110 41 Jan.
1604 1889 84 48 26;
1720 1890 43 40 A
1790 1889 173 48 33339;
1996 1890 286 50 University
2311 1893 53 40 of

411 1947 291 42 Wisconsin.
735 1948 239 48 Madison,
1006 1948 119 40 Wis.
1197 1946 253 50 (31-3427)

339 2042 310 65 Williams,
680 2045 141 53 Mrs.
857 2043 295 54 Gertrude
1185 2043 436 53 Leavenworth
1664 2043 297 65 (Marvin)

413 2121 124 53 The
575 2121 327 69 passionate
943 2121 266 69 pilgrim;
1254 2140 29 34 a
1326 2120 104 54 life
1470 2119 66 55 of
1572 2120 196 54 Annie
1805 2122 218 54 Besant
2067 2120 94 72 [by]
342 2121 2000 133 Gertrude

533 2198 1830 70 Marvin Williams … New York, Coward-McCann, 1931.
409 2281 1570 51 5 p. l. , [3]-382 p. incl. facsim. front., plates, ports. 23 ᶜᵐ.
410 2342 294 40 Illustrated
737 2340 369 50 lining-papers.

412 2398 354 48 Bibliography:
826 2409 44 38 p.
898 2398 222 44 351-375.

342 2451 52 53 ©
431 2456 112 42 Jan.
577 2455 70 49 29,
682 2455 114 41 1931;
862 2455 68 43 2c.
966 2456 111 41 Jan.
1112 2456 55 40 31;
1234 2454 83 42 aff.
1353 2455 112 42 Jan.
1499 2455 60 41 30;
1621 2455 43 40 A
1696 2454 148 43 34082;
1910 2454 55 42 G.
2001 2456 64 40 M.
2101 2454 258 50 Williams,

409 2514 265 48 Brooklyn.
744 2509 255 54 (31-3383)

336 2609 308 66 Winchell,
680 2611 333 54 Constance
1046 2610 214 56 Mabel.

404 2686 286 70 Locating
728 2687 177 54 books
949 2686 95 54 for
1085 2687 376 70 interlibrary
1501 2688 150 67 loan,
1693 2686 142 53 with
1876 2705 32 35 a
1947 2684 411 71 bibliography

335 2764 66 53 of
444 2764 234 69 printed
722 2765 125 54 aids
892 2765 188 53 which
1124 2766 158 53 show
1325 2765 249 53 location
1619 2765 64 53 of
1724 2764 176 56 books
1944 2764 61 54 in
2049 2764 307 53 American

334 2842 283 71 libraries,
651 2844 76 71 by
764 2843 318 56 Constance
1115 2844 81 54 M.
1228 2844 306 56 Winchell.
1606 2844 141 53 New
1783 2843 180 70 York,
1998 2843 124 55 The
2156 2843 77 53 H.
2268 2844 88 54 W.

334 2922 226 56 Wilson
591 2941 300 51 company,
926 2926 153 50 1930.

407 3006 87 41 170
523 3018 44 37 p.
626 3006 59 40 26½ᶜᵐ.

409 3063 307 49 “Originally
742 3064 240 47 prepared
1010 3074 55 30 as
1092 3074 63 29 an
1182 3074 143 36 essay
1354 3063 49 39 in
1432 3062 183 49 partial
1643 3061 284 42 fulfillment
1957 3063 51 39 of
2036 3063 82 40 the
337 3063 2003 99 requirements

524 3122 80 39 for
634 3122 83 39 the
745 3122 173 47 degree
948 3121 51 40 of
1028 3123 185 37 master
1242 3120 53 40 of
1323 3120 188 40 science
1539 3120 49 39 in
1619 3120 83 40 the
1732 3118 173 43 School
1935 3119 52 41 of
2014 3120 189 47 library
336 3130 2003 90 service

438 3179 51 40 of
520 3177 253 43 Columbia
806 3176 516 50 university.”—Pref.

407 3236 104 40 The
545 3235 341 49 bibliography
919 3234 42 40 is
995 3234 242 48 arranged
1273 3232 383 50 alphabetically
1689 3233 61 48 by
1785 3233 204 48 subject,
2025 3233 120 39 with
2178 3235 179 39 author

337 3294 97 39 and
463 3292 193 49 subject
681 3292 162 40 index.

341 3346 52 53 ©
419 3351 114 40 Dec.
556 3350 70 43 20,
652 3348 118 42 1930;
820 3348 68 42 2c.
914 3350 112 39 Dec.
1052 3349 55 40 31;
1164 3347 82 40 aff.
1274 3348 113 40 Dec.
1411 3346 57 41 27;
1523 3347 42 39 A
1588 3346 144 41 33181;
1791 3346 50 43 C.
1868 3348 64 41 M.
1958 3346 255 50 Winchell,
2238 3348 120 41 New

408 3409 146 39 York.
626 3406 282 50 (31-26395)

339 3502 249 64 Wittke,
618 3502 155 65 Carl,
805 3507 170 50 1892-

406 3579 221 54 Tambo
653 3580 114 53 and
793 3579 201 66 bones;
1025 3598 31 33 a
1084 3578 226 70 history
1335 3576 66 55 of
1426 3578 96 53 the
1551 3576 306 55 American
1886 3577 262 54 minstrel
2177 3582 177 65 stage,

335 3654 2019 73 by Carl Wittke … Durham, N. C., Duke university press,
339 3738 151 50 1930.

404 3815 65 47 ix,
499 3814 88 43 269
615 3826 43 39 p.
719 3815 56 42 20½ᶜᵐ.

405 3871 412 50 Bibliographical
854 3872 278 41 foot-notes.

341 3925 52 53 ©
428 3931 112 39 Dec.
574 3929 69 48 19,
677 3928 142 49 1930;
854 3930 68 41 2c.
955 3930 114 40 Dec.
1101 3928 82 48 19;
1220 3928 83 42 aff.
1338 3929 112 40 Jan.
1483 3929 69 48 13,
1587 3926 141 50 1931;
1764 3929 38 39 A
1837 3927 173 48 32800;
2045 3927 145 42 Duke
2222 3927 132 43 univ.

407 3998 152 38 press.
634 3986 251 49 (31-2026)
