2428 4370
996 4032 135 50 2211

138 483 849 50 ix p., 2 l., 3-308 p. diagrs. 19 ᶜᵐ.
141 542 162 41 “First
326 540 256 50 published
611 539 204 43 October
840 539 159 42 1931.”

140 598 348 49 Bibliography;
547 608 43 38 p.
621 596 216 42 301-305.

77 638 1989 80 © 1c. Nov. 30, 1931; A ad int. 15761; pubd. Oct. 23; C. A. Watts & co.,
144 728 98 46 ltd.,
271 728 210 39 London.
552 726 248 49 (32-3168)

69 825 243 68 Brooks,
342 828 201 66 Collin,
574 832 170 50 1893-

138 901 1923 70 This tariff question, by Collin Brooks … London, E. Arnold
69 982 112 52 and
209 999 79 34 co.
323 983 172 64 [1931]

138 1061 85 40 271
252 1072 45 38 p.
357 1061 55 41 19½ᶜᵐ.

76 1130 1993 52 © 1c. Dec. 16, 1931; A ad int. 15857; pubd. Oct. 20; C. Brooks, Chiswick.
142 1192 236 46 England.
449 1190 249 49 (32-2811)

69 1282 412 56 Callimachus.

138 1360 202 53 Poems
374 1360 64 53 of
472 1360 402 68 Callimachus,
909 1361 134 52 four
1074 1362 205 67 hymns
1314 1361 112 52 and
1459 1360 96 53 the
1589 1360 305 69 epigrams,
1927 1360 138 52 with

70 1454 31 35 a
143 1456 156 34 verse
341 1438 342 53 translation
723 1439 75 69 by
838 1439 215 53 Bobert
1092 1438 241 53 Allason
1375 1439 276 62 Furness;
1697 1438 113 52 and
1850 1438 215 53 sixteen

70 1514 1199 70 illustrations. London, J . Cape, 1931.
139 1597 932 50 xiv p., 1 l., 123, [1] p. plates. 23½ᶜᵐ.
143 1653 1918 50 “500 copies of this edition … have been printed for sale, of which
70 1709 99 42 this
197 1709 42 42 is
268 1711 201 40 number
499 1711 98 41 83.”

141 1767 155 41 Greek
324 1769 96 39 and
450 1768 203 48 English
683 1780 60 28 on
772 1768 217 48 opposite
1019 1779 160 38 pages.

142 1824 127 40 “The
316 1824 155 41 Greek
518 1826 104 39 text
665 1825 115 40 here
824 1825 193 47 printed
1062 1825 41 40 is
1149 1826 108 39 that
1303 1825 52 40 of
1399 1824 669 41 Wilamowitz-Moellendorf

79 1879 313 47 (Callimachi
427 1881 166 47 hymni
630 1884 48 37 et
713 1880 366 49 epigrammata,
1115 1882 171 39 fourth
1323 1881 197 46 edition,
1558 1881 181 46 Berlin,
1777 1881 175 47 1925)”

75 1947 1994 53 © 1c. Dec. 23, 1931; A ad int. 15894; pubd. Oct. 26; Jonathan Cape &
143 2008 243 40 Harrison
417 2008 170 48 Smith,
619 2008 104 47 inc.,
754 2009 115 45 New
900 2009 143 39 York.
1115 2009 250 49 (32-2152)

69 2108 227 68 Carter,
327 2111 274 66 William,
635 2115 169 50 1868-

137 2187 55 52 A
220 2187 244 53 nation’s
495 2187 138 67 sire;
667 2206 71 34 an
769 2187 122 68 epic
920 2186 64 53 of
1015 2186 221 69 George
1265 2186 404 69 Washington,
1698 2186 77 70 by
1805 2186 259 55 William

71 2263 1849 71 Carter … Brooklyn, N. Y., The Weirfield press [ ᶜ19 31]
135 2345 58 41 46
221 2356 43 38 p.
325 2345 55 41 18½
413 2347 44 22 ᶜᵐ

75 2413 51 52 ©
162 2418 110 41 Dec.
305 2417 69 47 19,
409 2417 111 41 1931;
584 2418 67 40 2c.
686 2419 94 39 and
814 2417 81 41 aff.
931 2418 110 40 Dec.
1077 2417 55 41 23;
1194 2417 44 40 A
1268 2417 146 40 46524;
1477 2418 70 40 W.
1586 2417 185 49 Carter,
1806 2418 263 48 Brooklyn.

152 2475 250 47 (32-2753)

70 2578 281 65 Cauvain,
382 2580 223 62 Henry.

201 2650 1865 70 … Un grand Français; Montcalm au Canada; illustrations
69 2729 68 51 de
165 2728 69 53 A.
263 2728 267 55 Galland.
601 2729 201 67 [Paris]
838 2730 284 53 Hachette
1158 2732 171 64 [1931]

139 2809 1030 51 3 p. l., [5]-254 p. incl. front., illus. 28 ᶜᵐ.
75 2878 1883 52 © May 20. 1931; 1c. Oct. 12; A—Foreign 13978; Librairie Hachette.
154 2940 250 47 (32-3169)

70 3039 170 67 Cecil,
306 3041 200 63 Edgar
570 3042 299 64 Algernon
934 3044 221 55 Robert
1222 3044 506 65 Gascoyne-Cecil,
1791 3045 278 54 viscount.

142 3124 171 51 1864-

140 3188 1923 69 A letter to an M. P. on disarmament [by] Viscount Cecil.
70 3268 257 66 London,
356 3268 63 52 L.
451 3271 51 49 &
533 3268 266 69 Virginia
828 3268 201 55 Woolf
1059 3275 57 47 at
1147 3269 95 53 the
1272 3268 272 69 Hogarth
1575 3285 176 51 press,
1782 3269 150 50 1931.

139 3348 56 40 40
219 3358 44 38 p.
323 3348 55 41 18½ᶜᵐ.
539 3349 274 47 (Half-title;
862 3350 225 47 Hogarth
1117 3350 183 40 letters,
1361 3359 73 30 no.
1464 3348 51 48 2)

75 3402 1994 54 © 1c. Dec. 11, 1931; A ad int. 15919; pubd. Oct. 15; Harcourt, Brace &
143 3474 53 29 co.,
252 3464 78 39 inc.,
385 3464 117 39 New
530 3464 142 39 York.
745 3464 248 49 (32-2806)

72 3562 425 69 Changarnier,
524 3565 238 56 Nicolas
788 3568 170 53 Anne
984 3567 314 63 Théodule,
1330 3570 324 52 1793-1877.

138 3641 355 70 Campagnes
515 3643 318 68 d’Afrique,
858 3647 306 49 1830-1848;
1218 3644 292 53 mémoires
1533 3644 70 50 du
1630 3640 223 70 général

70 3640 1971 145 Changarnier;
356 3719 220 68 publiés
604 3739 126 33 sous
755 3721 78 53 les
862 3722 251 66 auspices
1141 3721 67 52 de
1235 3739 71 32 m.
1336 3720 289 53 Théodule
1654 3719 65 52 de
1749 3720 316 63 Fontenay-

72 3794 393 68 Changarnier
502 3797 220 67 d’après
756 3798 49 51 le
841 3799 308 51 manuscrit
1184 3796 273 68 original;
1496 3815 131 35 avec
1663 3794 405 68 introduction,

73 3871 1992 70 raccords et notes de Henry d’Estre [ pseud .] Paris, Berger-
71 3946 289 70 Levrault,
391 3953 149 50 1930.
