2428 4370
1058 4025 130 52 1843

183 471 1299 51 270 p., 1 l. incl. illus., plates, ports., facsims. 21½ ᶜᵐ.
123 528 51 52 ©
210 533 126 47 Sept.
369 530 68 49 23,
471 528 110 41 1931;
645 528 66 41 2c.
745 529 94 40 and
873 527 80 40 aff.
988 527 102 41 Oct.
1123 527 25 38 2;
1211 529 40 37 A
1281 526 145 41 42802;
1491 528 41 38 J.
1568 528 71 39 W.
1676 527 219 45 Brinton,

1932 526 164 38 Minnea
222 589 135 47 polis.
428 586 278 50 (31-32624)

117 681 313 64 Campbell,
459 679 288 63 Malcolm,
783 685 169 49 1839-

186 758 268 52 Malcolm
493 756 315 69 Campbell,
846 755 216 67 sheriff,
1099 756 75 68 by
1211 754 215 53 Kobert
1465 756 66 51 B.
1570 752 224 68 David;
1834 754 95 51 the

118 771 1966 117 reminiscences
449 834 63 53 of
540 835 96 52 the
666 839 245 64 greatest
945 833 245 52 frontier
1220 831 200 54 sheriff
1452 832 59 52 in
1543 832 95 52 the
1668 831 221 68 history
1922 828 64 55 of
2015 831 94 52 the

115 913 191 52 Platte
338 912 204 68 valley,
576 911 109 53 and
722 911 64 53 of
818 911 95 52 the
949 908 226 56 famous
1210 910 258 53 Johnson
1505 914 210 63 county
1749 907 263 54 invasion
2047 908 63 52 of

121 986 1507 71 1892. Casper, Wyo., Wyomingana, inc. [ ᶜ19 32 ]
186 1065 1925 55 4 p. l., [7]-361, [5] p. front., illus. (map) plates, ports., facsims.
0 0 0 0 20ᶜᵐ.
123 1180 1990 51 © Oct. 27, 1931; 2c. Nov. 2; a ff. Nov. 12; A 44744; R. B. David, Casper,
190 1240 101 47 Wy.
363 1240 278 48 (31-32310)

115 1335 122 52 The
268 1333 265 56 Catholic
560 1334 231 63 mirror,
819 1336 375 68 Springfield,
1221 1337 171 51 Mass.

185 1410 55 52 A
275 1415 235 64 century
548 1409 65 54 of
652 1410 368 54 Catholicism
1058 1411 58 51 in
1154 1415 239 48 western
1430 1408 473 68 Massachusetts;
1941 1409 173 69 being

115 1507 27 33 a
181 1486 283 55 chronicle
497 1487 65 53 of
594 1489 96 51 the
724 1488 444 67 establishment,
1203 1488 156 68 early
1394 1487 274 68 struggle,
1703 1505 262 50 progress
2001 1486 109 53 and

115 1564 412 54 achievements
559 1564 64 53 of
653 1565 96 54 the
782 1564 259 55 Catholic
1074 1566 209 52 church
1318 1566 58 51 in
1409 1565 95 54 the
1534 1564 109 52 five
1677 1569 238 48 western

118 1582 1971 113 counties
282 1642 66 53 of
408 1643 336 68 Worcester,
805 1643 329 69 Hampden,
1196 1642 372 71 Hampshire,
1630 1642 309 53 Berkshire
2002 1643 110 52 and

119 1721 298 67 Franklin,
456 1722 58 52 in
554 1721 95 53 the
689 1723 124 67 Bay
851 1727 162 61 state,
1051 1721 185 53 whose
1277 1720 261 55 Catholic
1578 1719 232 56 citizens
1849 1721 144 54 have

115 1740 1974 125 responded
398 1799 175 69 nobly
602 1804 57 48 to
690 1817 167 50 every
886 1799 295 69 challenge
1209 1797 64 55 of
1302 1798 358 69 citizenship,
1690 1799 253 53 whether
1973 1799 45 53 it
2049 1799 66 54 be

117 1896 26 31 a
178 1876 107 52 call
313 1881 58 48 to
399 1876 95 53 the
521 1875 181 55 colors
730 1893 64 36 or
821 1882 57 47 to
907 1878 95 52 the
1029 1876 228 69 highest
1284 1876 144 53 civic
1457 1881 157 63 posts
1642 1876 204 54 within
1873 1878 96 53 the
1998 1877 116 69 gift

117 1953 63 51 of
213 1952 457 54 Massachusetts.
744 1952 370 71 Springfield,
1148 1954 192 67 Mass.,
1374 1954 121 53 The
1529 1954 217 53 Mirror
1782 1972 173 51 press,
1991 1955 89 52 inc.,

121 2030 316 67 publishers
462 2030 64 53 of
550 2031 95 53 the
673 2030 261 54 Catholic
957 2031 210 53 mirror
1307 2034 82 64 [ᶜ1931]

187 2112 1434 51 350, [2], cxxxii, [12] p. illus. (incl. ports., map) 31½ ᶜᵐ.
191 2169 286 42 Illustrated
510 2168 362 50 lining-papers.

190 2227 225 39 Lettered
442 2236 60 30 on
527 2236 142 30 cover;
725 2225 200 40 Diocese
951 2226 50 39 of
1031 2225 303 49 Springfield.

190 2281 341 49 “Supplement
570 2284 49 38 to
659 2284 82 38 the
782 2281 219 41 Catholic
1040 2281 189 48 mirror,
1274 2281 304 49 Springfield.
1620 2284 159 46 Mass.,
1824 2283 292 48 September.

120 2338 154 42 1931.”

191 2394 238 41 “Michael
455 2395 45 41 J.
530 2395 139 48 Shea,
697 2393 199 42 editor.”

189 2450 416 41 Advertisements;
665 2461 42 37 p.
741 2449 266 42 iii-cxxxii.

127 2504 50 52 ©
210 2508 126 48 Sept.
366 2508 69 47 25,
465 2506 113 42 1931;
636 2507 66 40 2c.
734 2508 94 39 and
856 2507 82 40 aff.
968 2507 117 39 Nov.
1114 2508 27 37 4;
1201 2508 40 38 A
1269 2505 144 42 43794;
1473 2508 178 40 Mirror
1681 2519 149 37 press,
1861 2509 90 39 inc.

203 2564 278 48 (31-32633)

123 2659 275 64 Chapple,
426 2659 154 53 John
611 2660 67 54 B.

187 2733 84 53 La
311 2732 243 54 Follette
591 2732 296 70 socialism,
926 2733 73 72 by
1036 2735 157 53 John
1233 2734 65 51 B.
1342 2733 287 69 Chapple;
1670 2738 127 51 how
1838 2736 46 53 it
1923 2734 196 55 affects

123 2829 137 36 vour
308 2810 113 70 job,
468 2829 142 50 your
657 2810 245 69 savings,
950 2828 143 53 your
1141 2810 296 56 insurance
1487 2811 206 70 policy,
1741 2830 143 50 your
1931 2811 187 70 rights

119 2888 111 52 and
265 2907 144 52 your
445 2889 209 52 future.
733 2888 298 69 [Ashland,
1064 2890 160 68 Wis.,
1259 2888 241 54 Printed
1534 2889 75 70 by
1645 2890 55 54 J.
1738 2892 79 52 M.
1858 2890 259 69 Chapple

115 2967 375 67 & co., ᶜ19 31 ]
189 3046 482 50 160 p. ports. 20½ ᶜᵐ.
129 3100 52 53 ©
211 3105 127 48 Sept.
365 3106 40 46 8,
433 3104 140 47 1931;
601 3104 68 41 2c.
700 3104 126 48 Sept.
854 3105 26 40 8;
938 3105 79 39 aff.
1051 3105 127 48 Sept.
1208 3106 54 39 16;
1320 3106 39 38 A
1385 3106 146 40 41670;
1590 3107 40 39 J.
1663 3108 52 39 B.
1748 3107 225 48 Cliapple.
199 3107 1905 101 Ashland,

352 3162 116 40 Wis.
540 3161 277 48 (31-32511)

129 3240 306 70 [Clemens,
465 3241 236 56 Samuel
729 3242 353 64 Langhorne]
1140 3247 323 50 1835-1910.

254 3318 1862 71 … Mark Twain’s The adventures of Tom Sawyer; edited
125 3394 1995 71 with introduction by Bertha Evans Ward … [Boston, New
125 3471 1166 71 York, etc.] Ginn and company [ ᶜ19 31]
191 3552 1362 52 xxiv, 255, [1] p. 19 ᶜᵐ. (Modern literature series)
132 3606 52 53 ©
209 3610 102 41 Oct.
336 3612 39 45 7,
400 3611 111 40 1931;
567 3612 67 41 2c.
659 3612 117 39 Nov.
802 3611 55 40 16;
911 3611 81 40 aff.
1017 3612 118 41 Nov.
1161 3612 56 39 14;
1272 3613 40 38 A
1336 3612 145 41 45009;
1538 3612 126 41 Ginn
1692 3613 33 39 &
1750 3622 66 31 co.
1882 3608 68 53 [©
199 3614 1907 94 introduction

419 3669 96 38 and
537 3668 210 49 preface]
819 3668 278 48 (31-32402)

128 3746 296 64 Crockett,
454 3746 210 55 Albert
693 3749 268 63 Stevens,
994 3751 171 53 1873-

197 3822 114 56 Old
334 3823 274 54 Waldorf
632 3824 103 53 bar
760 3826 140 67 days;
957 3825 139 53 with
1120 3826 97 52 the
1242 3826 337 68 cognomina
1606 3828 113 52 and
1747 3825 376 70 composition

128 3899 63 52 of
239 3899 134 54 four
421 3901 260 54 hundred
734 3902 111 53 and
894 3901 329 69 ninety-one
1275 3903 312 70 appealing
1637 3903 320 68 appetizers
2011 3904 107 53 and
