2505 4370
1321 4023 134 50 1106

436 445 276 49 148 p. 20 ᶜᵐ.
371 499 52 51 ©
460 504 115 46 May
609 503 69 48 10,
713 502 142 47 1931;
892 502 68 41 2c.
997 503 116 48 July
1149 502 52 43 9;
1241 504 83 40 aff.
1361 505 116 47 July
1513 505 51 45 7;
1603 504 42 39 A
1679 503 173 48 40313;
1892 504 138 41 Jesse
2067 505 107 47 Ray
2210 504 175 48 Miller,

451 561 282 49 (31-18851)

367 656 210 64 Breed,
612 656 245 55 Charles
888 656 245 65 Blaney,
1168 658 173 54 1875-

440 738 120 51 The
592 736 311 69 principles
932 738 110 52 and
1074 737 250 67 practice
1351 736 63 53 of
1441 737 326 68 surveying.
1855 756 70 47 [v.]
1980 779 10 10 I.
2018 737 373 68 Elementary

369 816 304 68 surveying.
774 816 97 51 6th
907 816 85 52 ed.
1071 819 151 48 1931.
1301 817 89 68 By
1425 815 238 55 Charles
1698 817 67 50 B.
1800 816 185 53 Breed
2020 815 114 54 and
2169 814 222 71 George

370 893 2023 70 L. Hosmer … New York, J. Wiley & sons, inc.; London,
373 972 301 68 Chapman
704 974 45 49 &
778 973 161 68 Hall,
969 972 242 68 limited,
1243 975 151 49 1931.

444 1052 1948 49 2 p. l. , iii-xxii p., 1 l., 716 p. illus., fold. plates, fold. map, tables,
372 1110 183 48 diagrs.
615 1111 55 39 18½ᶜᵐ.

377 1222 52 51 ©
461 1226 117 47 July
609 1225 39 48 6,
679 1224 109 40 1931;
853 1225 68 40 2c.
954 1225 116 46 July
1103 1224 81 46 10;
1220 1223 80 40 aff.
1336 1224 117 47 July
1485 1224 81 46 18;
1602 1224 40 39 A
1673 1223 172 48 39548;
1882 1223 49 42 C.
1966 1224 53 39 B.
2054 1224 171 47 Breed,
451 1224 1925 105 Newtonville,

703 1284 161 42 Mass.,
900 1283 94 38 and
1032 1282 184 45 George
1253 1284 48 38 L.
1340 1282 221 46 Hosmer,
1598 1282 230 48 Woburn,
1866 1282 148 40 Mass.

461 1340 281 48 (31-18974)

374 1435 269 65 Browne,
675 1435 212 66 Lewis,
923 1436 172 55 1897-

455 1512 169 56 Since
663 1512 282 70 Calvary;
988 1532 71 33 an
1102 1512 445 69 interpretation
1589 1511 65 54 of
1696 1511 298 56 Christian
2035 1512 244 70 history,
2318 1511 77 71 by

381 1591 186 54 Lewis
592 1593 265 67 Browne,
881 1591 142 52 with
1049 1591 359 53 decorations
1433 1591 114 53 and
1573 1608 163 51 maps
1760 1591 76 69 by
1862 1591 180 69 Myna
2069 1591 115 52 and
2209 1590 185 54 Lewis

384 1671 263 53 Browne.
714 1670 138 53 New
883 1668 182 71 York,
1092 1669 123 54 The
1240 1669 340 54 Macmillan
1609 1687 301 52 company,
1942 1670 153 53 1931.

455 1753 103 46 xiii,
594 1753 71 50 [1],
697 1751 86 41 443
814 1762 41 38 p.
919 1752 128 40 illus.
1079 1752 134 48 (incl.
1246 1752 163 48 maps)
1479 1751 56 39 22½ᶜᵐ.

381 1808 52 52 ©
458 1813 129 39 June
608 1812 70 47 30,
703 1810 108 41 1931;
871 1812 67 39 2c.
965 1813 94 38 and
1086 1811 80 40 aff.
1194 1811 115 47 July
1337 1813 16 36 1;
1417 1812 40 38 A
1481 1811 172 47 40214;
1683 1811 50 42 L.
1760 1812 220 47 Browne,
2011 1811 152 40 Santa
2192 1810 205 50 Monica,

453 1869 143 41 Calif.
670 1868 282 48 (31-18837)

376 1964 325 65 Byington,
733 1963 216 55 Eloise.

377 2040 1995 134 Mother Goose fun, more stories in rhyme by Eloise Byington …
603 2119 383 55 illustrations
1014 2121 75 69 by
1119 2120 289 53 Kathleen
1442 2120 234 55 Stowell
1707 2122 234 52 Frantz.
2019 2117 273 73 Chicago,
2324 2122 71 52 A.

375 2199 693 68 Whitman & co. [ ᶜ1 931]
454 2280 993 50 128 p. incl. col. front., col. illus. 21 ᶜᵐ.
452 2339 291 40 Illustrated
772 2341 99 45 t.-p.
898 2339 95 39 and
1023 2338 354 48 lining-papers
1406 2337 49 40 in
1483 2338 171 40 colors.

386 2393 52 51 ©
476 2397 117 47 July
627 2398 24 38 7,
703 2396 112 40 1931;
882 2397 67 40 2c.
986 2397 115 47 July
1137 2396 57 40 24;
1261 2396 81 42 aff.
1381 2397 116 47 July
1532 2396 57 39 25;
1654 2396 41 40 A
1730 2395 147 42 40496;
1942 2396 172 42 Albert
2150 2396 249 41 Whitman

455 2454 37 41 &
517 2465 66 29 co.
656 2453 282 49 (31-19279)

384 2548 174 66 Carb,
588 2548 212 65 David,
832 2554 172 50 1885-

454 2626 236 55 Sunrise
729 2627 59 52 in
826 2627 98 53 the
961 2631 155 64 west,
1154 2628 76 68 by
1267 2626 195 54 David
1502 2625 170 57 Carb.
1747 2628 139 52 New
1928 2626 182 68 York,
2150 2629 249 66 Brewer,

377 2705 247 55 Warren
653 2710 45 50 &
723 2707 270 67 Putnam,
1022 2709 152 51 1931.

452 2788 476 49 3 p. l. , 384 p. 19½ᶜᵐ.
459 2845 164 42 “First
650 2844 261 51 printing.”

388 2900 52 51 ©
469 2904 117 48 July
610 2906 69 42 17,
705 2903 108 42 1931;
874 2905 69 41 2c.
970 2905 115 47 July
1111 2903 59 41 20;
1224 2903 82 42 aff.
1334 2904 116 46 July
1477 2903 82 47 22;
1588 2904 42 39 A
1654 2902 172 49 39616;
1856 2904 58 41 D.
1942 2903 140 49 Carb,
2112 2904 118 40 New
2257 2905 146 40 York.

469 2961 282 50 (31-19276)

385 3042 250 65 Chabot,
666 3042 319 55 Frederick
1016 3045 62 54 C.

450 3119 123 52 The
603 3120 225 56 Alamo,
860 3120 149 53 altar
1038 3120 63 54 of
1130 3121 184 57 Texas
1344 3121 226 68 liberty,
1600 3121 75 70 by
1707 3119 310 56 Frederick
2050 3119 62 56 C.
2146 3118 251 67 Chabot;

379 3196 141 54 with
549 3195 381 57 illustrations
962 3197 111 54 and
1102 3218 128 36 rare
1259 3218 176 50 maps.
1514 3199 117 55 San
1663 3198 272 70 Antonio,
1968 3198 219 70 Naylor
378 3195 1998 150 printing

512 3294 97 51 co.,
643 3279 150 50 1931.

454 3356 86 40 viii
572 3368 57 37 p.,
660 3357 27 39 2
739 3389 22 16 l.,
794 3358 84 39 141
909 3369 42 37 p.
983 3358 110 41 incl.
1126 3358 166 49 front.,
1324 3360 143 46 illus.,
1500 3370 152 37 maps,
1682 3359 216 41 facsims.
1961 3370 77 37 pl.,
2071 3361 150 48 ports.
2282 3358 57 40 22ᶜᵐ.

391 3413 52 51 ©
475 3418 114 46 May
618 3416 69 43 30,
719 3416 141 48 1931;
892 3417 66 40 2c.
992 3418 126 40 June
1149 3417 54 40 12;
1265 3418 82 40 aff.
1380 3418 127 41 June
1538 3419 28 40 8;
1624 3421 40 37 A
1695 3419 149 41 38836;
1902 3420 49 39 F.
1986 3418 50 42 C.
2070 3418 202 43 Chabot.
2308 3417 97 40 San

462 3473 225 41 Antonio.
760 3474 282 48 (31-19250)

386 3555 124 54 The
545 3554 174 54 chain
758 3561 150 50 store
942 3563 226 49 system.
1244 3559 313 54 Resolved:
1591 3558 128 55 that
1754 3559 97 54 the
1887 3556 286 71 principle
2209 3555 66 55 of
2308 3555 98 53 the

454 3632 169 52 chain
654 3637 151 48 store
833 3638 211 63 system
1075 3634 46 53 is
1152 3634 369 53 detrimental
1551 3641 58 47 to
1641 3635 97 53 the
1765 3634 123 53 best
1919 3634 265 53 interests
2215 3631 64 54 of
2307 3630 97 54 the

455 3708 1925 74 American public. New York city, Noble and Noble [ ᶜ1 931]
458 3791 54 40 61
540 3802 43 38 p.
644 3793 27 39 21½ᶜᵐ.

458 3848 187 41 Debate
678 3850 216 41 between
930 3850 286 49 University
1248 3852 54 40 of
1333 3852 274 40 Wisconsin
1643 3853 98 39 and
1777 3849 284 48 University
2095 3849 52 40 of
2181 3848 223 41 Indiana.

393 3901 52 51 ©
482 3905 108 39 Feb.
627 3907 67 40 13,
731 3906 108 43 1931;
909 3908 67 41 2c.
1013 3910 129 39 June
1173 3910 55 38 15;
1295 3909 81 41 aff.
1413 3910 127 41 June
1576 3910 82 47 13;
1696 3909 40 40 A
1773 3907 172 48 37940;
1983 3907 153 41 Noble
2172 3907 36 39 &
2242 3905 164 42 Noble.

474 3962 282 52 (31-18986)
