2428 4370
1200 4053 135 51 1512

332 487 119 48 xxli,
483 487 85 41 968
599 499 43 37 p.
674 487 110 41 incl.
815 487 130 41 illus.
973 487 188 49 (maps)
1201 488 196 49 diagrs.,
1428 489 167 41 forms.
1659 490 55 40 23½ᶜᵐ.
1924 489 129 48 $6.00

333 558 353 50 Bibliography
711 561 51 38 at
787 559 92 40 end
905 559 52 41 of
981 560 119 40 each
1128 560 216 48 chapter.

269 628 51 52 ©
352 632 127 49 Sept.
509 632 70 46 25,
608 630 113 41 1931;
779 632 66 39 2c.
875 632 96 39 and
1000 631 83 42 aff.
1114 632 130 47 Sept.
1272 631 58 40 29;
1387 632 41 39 A
1455 631 148 41 41946;
1661 633 352 40 McGraw-Hill
2044 634 123 39 book
2196 646 81 30 co.,

340 690 91 40 inc.
507 688 281 49 (31-25390)

264 785 322 65 Voorhees,
618 784 134 65 Guy
782 785 72 56 A.

330 862 126 53 Fan
497 859 448 69 fundamentals,
984 860 141 56 with
1163 861 318 67 particular
1521 861 286 54 reference
1846 868 59 48 to
1943 862 97 55 the
2082 879 94 37 use
2214 862 64 53 of

260 938 132 54 fans
440 938 60 52 in
547 938 252 70 heating,
849 939 228 52 written
1127 938 73 71 by
1250 937 67 56 G.
1369 939 70 54 A.
1491 938 286 58 Voorhees
1828 938 95 53 for
1969 939 307 56 American

259 1016 247 67 artisan;
541 1018 97 53 the
674 1034 176 36 warm
887 1015 85 56 air
1004 1016 240 69 heating
1275 1016 114 54 and
1425 1018 156 53 sheet
1612 1019 173 51 metal
1820 1016 245 69 journal.
257 1017 1995 148 Chicago,

445 1093 795 72 Porter-Spofford-Langtry
1272 1112 172 51 corp.,
1476 1097 151 53 1931.

329 1177 661 50 64 p. illus., diagrs. 23 ᶜᵐ.
331 1250 190 39 “Books
547 1250 77 40 for
651 1248 174 49 study”:
883 1259 42 37 p.
955 1248 159 41 59-60.

268 1318 51 52 ©
353 1322 129 40 June
513 1321 69 48 30,
616 1319 113 41 1931;
792 1320 67 40 2c.
895 1320 116 48 July
1044 1320 56 40 27;
1164 1319 81 40 aff.
1281 1320 119 47 Aug.
1437 1319 59 40 10;
1556 1321 41 38 A
1630 1319 149 42 39699;
1840 1321 438 48 Porter-Spofford-

335 1380 217 47 Langtry
583 1378 324 48 corporation.
979 1377 283 49 (31-20806)

264 1472 212 66 Waite,
504 1472 258 56 William
788 1474 225 64 Henry,
1045 1476 170 52 1873-

326 1548 1950 71 Modern dahlia culture, by W. H. Waite … illustrated from
259 1626 394 70 photographs
698 1627 73 71 by
816 1629 95 52 the
959 1627 223 54 author.
1263 1627 138 54 New
1450 1626 179 70 York,
1674 1627 69 55 N.
1792 1628 90 68 Y.,
1926 1628 123 53 The
2092 1629 70 54 A.
2208 1630 65 51 T.

258 1706 83 55 De
369 1707 79 53 La
481 1708 163 54 Mare
674 1724 296 51 company,
999 1705 127 67 inc.,
1159 1709 151 53 1931.

329 1790 1500 49 132 p. incl. illus., plates. col. front., col. plates. 19½ ᶜᵐ.
329 1861 180 42 “Third
544 1861 196 42 edition,
781 1861 230 41 revised.”

330 1917 158 41 Blank
522 1927 145 40 pages
701 1919 77 39 for
812 1919 110 49 “My
956 1917 162 42 dahlia
1156 1920 182 44 garden
1375 1918 195 40 record”
1616 1919 252 48 (125-132)

266 1987 51 52 ©
346 1991 129 48 Sept.
501 1991 70 46 22,
598 1990 112 41 1931;
767 1990 66 41 2c.
864 1990 128 48 Sept.
1019 1990 84 47 25;
1132 1990 82 41 aff.
1244 1990 127 48 Sept.
1398 1990 57 39 24;
1512 1990 40 39 A
1578 1990 144 41 41871;
1781 1991 54 41 A.
1864 1991 51 41 T.
1945 1992 74 38 De
2042 1992 67 40 La
2141 1993 137 39 Mare

334 2061 81 36 co.,
447 2049 89 39 inc.
610 2048 282 48 (31-25013)

262 2145 268 65 Weekes,
562 2144 207 65 Agnes
798 2144 252 54 Russell.

333 2223 121 52 The
492 2222 248 54 emerald
782 2222 279 54 necklace,
1098 2222 72 68 by
1215 2226 66 49 A.
1320 2223 67 53 R.
1429 2222 113 53 and
1580 2223 68 53 R.
1687 2223 73 53 K.
1797 2223 254 53 Weekes.
261 2224 1990 130 London

407 2301 108 53 and
551 2301 353 59 Melbourne,
936 2300 201 68 Ward,
1169 2300 156 53 Lock
1354 2304 45 49 &
1429 2318 98 49 co.,
1558 2298 223 55 limited
1844 2304 131 50 [1931]

333 2381 275 51 320 p. 19 ᶜᵐ.
266 2450 51 52 ©
346 2456 66 39 1c.
442 2455 122 45 Aug.
592 2455 68 41 14,
691 2453 111 41 1931;
862 2454 41 38 A
931 2455 62 39 ad
1022 2454 87 39 int.
1139 2453 171 47 15465;
1342 2454 142 47 pubd.
1516 2453 117 48 July
1660 2453 57 41 27;
1774 2454 55 38 A.
1908 2487 8 7 R.
1946 2453 202 41 Weekes
2178 2455 95 39 and

335 2512 127 40 Rose
494 2511 322 48 Kirkpatrick
849 2511 215 45 Weekes,
1099 2510 230 49 Arundel,
1368 2511 193 48 Sussex,
1597 2511 239 48 England.

345 2569 282 49 (31-25776)

264 2663 288 65 Wheeler,
579 2664 176 65 John,
785 2664 57 69 fl.
876 2668 328 51 1601-1608.

333 2740 1944 74 A treatise of commerce, by John Wheeler … edited, with an
262 2821 2016 72 introduction and notes, by George Burton Hotchkiss … New
264 2901 164 53 York
454 2901 134 70 city,
616 2902 122 52 The
766 2902 138 53 New
934 2901 164 54 York
1124 2900 320 71 university
1472 2918 176 52 press,
1678 2903 150 51 1931.

327 2979 372 48 xi, 484 p. 24 ᶜᵐ.
329 3050 41 39 A
396 3050 246 40 facsimile
673 3050 53 41 of
755 3051 81 40 the
868 3062 110 29 rare
1008 3050 310 49 Middelburg
1346 3050 199 49 edition,
1578 3050 128 49 1601,
1737 3050 43 41 is
1809 3050 241 42 included.

330 3108 131 40 “The
490 3107 148 40 Latin
668 3109 172 39 letters
870 3108 252 48 appended
1154 3111 48 37 to
1232 3109 83 40 the
1344 3108 224 40 Treatise
1600 3108 124 39 have
1754 3110 116 38 here
1900 3107 119 41 been
2052 3107 221 50 replaced

259 3166 61 47 by
358 3165 204 48 English
602 3164 324 41 translations
965 3166 59 47 by
1064 3164 259 41 Professor
1358 3165 212 40 Thomas
1610 3166 73 40 W.
1721 3165 309 39 Edmondson
2070 3166 51 40 of
2158 3166 117 39 New

258 3223 131 40 York
419 3221 596 49 university.”—Editor’s
1048 3222 122 49 pref.

331 3280 449 48 “Bibliographical
810 3282 112 37 note
954 3291 59 28 on
1049 3280 82 39 the
1165 3279 309 48 Middelburg
1506 3276 213 43 edition”:
1784 3289 42 38 p.
1859 3277 208 42 463-468;
258 3277 2000 108 Bibliography:
535 3348 44 37 p.
605 3336 219 41 469-472.

267 3407 51 52 ©
346 3412 127 39 June
498 3410 39 49 9,
564 3410 113 41 1931;
734 3409 67 42 2c.
828 3410 115 47 July
969 3408 52 47 9;
1051 3409 82 40 aff.
1160 3409 121 47 Aug.
1308 3408 56 39 24;
1420 3408 40 39 A
1486 3407 144 41 39385;
1687 3408 117 40 New
1830 3408 131 39 York
1989 3406 286 49 university,

332 3469 119 39 New
481 3468 145 40 York.
708 3463 51 52 [©
791 3478 105 29 new
928 3468 195 47 matter]
1197 3464 282 49 (31-18297)

263 3561 238 64 Wilder,
532 3565 138 52 Mrs.
702 3562 213 53 Louise
954 3560 253 66 (Beebe)
1248 3561 170 55 1878-

326 3636 364 55 Adventures
723 3637 59 52 in
816 3657 27 32 a
880 3636 285 54 suburban
1202 3639 236 66 garden,
1470 3635 75 71 by
1579 3635 205 53 Louise
1819 3633 182 54 Beebe
2035 3632 237 56 Wilder.

259 3714 134 54 New
424 3715 178 70 York,
629 3715 119 53 The
779 3714 335 55 Macmillan
1142 3732 297 51 company,
1470 3716 150 50 1931.

397 3830 8 15 xv,
439 3799 85 40 250
553 3809 43 38 p.
658 3798 161 47 front.,
852 3799 173 48 plates,
1056 3798 152 47 diagr.
1268 3797 56 40 22½ᶜᵐ.

330 3867 288 44 Illustrated
650 3869 362 49 lining-papers.

269 3936 51 52 ©
353 3940 127 48 Sept.
511 3942 68 45 15,
610 3941 112 41 1931;
782 3942 67 41 2c.
879 3943 96 39 and
1004 3940 82 42 aff.
1121 3941 128 52 Sept.
1279 3940 57 40 16;
1394 3940 40 39 A
1463 3938 145 42 42354;
1670 3938 281 41 Macmillan
1982 3947 67 32 co.

347 3998 280 49 (31-25011)
