2505 4370
1033 4042 131 49 1403

216 488 1096 50 x, 420, iv p., 1 l. illus.(plan, music) 24½ ᶜᵐ.
181 559 225 41 Lettered
442 569 59 30 on
536 569 166 31 cover:
743 559 200 49 Chopin.
1004 560 243 41 Collected
1283 561 183 41 letters.

181 616 161 40 “First
374 615 228 42 edition.”

181 673 224 39 Includes
437 673 167 40 music.

120 743 51 51 ©
204 747 125 47 Sept.
359 746 68 46 11,
456 744 140 46 1931;
626 746 67 39 2c.
725 745 126 48 Sept.
881 746 80 46 14;
994 744 80 40 aff.
1106 745 126 47 Sept.
1263 745 82 41 15:
1375 746 40 38 A
1442 745 170 47 41624;
1645 746 170 40 Alfred
1845 747 52 40 A.
1929 745 180 50 Knopf,

186 803 88 40 inc.
346 801 279 49 (31-23932)

114 895 227 64 Clarke,
372 897 162 61 Tom,
570 900 170 50 1884-

179 972 1757 70 My Northcliffe diary, by Tom Clarke … New York,
109 975 1973 142 Cosmopolitan
454 1051 147 53 book
628 1050 380 69 corporation,
1039 1054 150 49 1931.

180 1130 1173 50 xiii p., 1 l. , 301 p. front., pl., facsims. 23 ᶜᵐ.
117 1199 51 51 ©
202 1203 125 47 Sept.
359 1204 39 45 4,
432 1202 139 43 1931;
604 1203 67 40 2c.
706 1203 125 48 Sept.
865 1203 52 47 8;
951 1202 80 41 aff.
1066 1203 126 48 Sept.
1226 1204 52 45 5;
1312 1203 40 39 A
1382 1203 171 48 42210;
1587 1204 51 39 T.
1673 1203 189 48 Clarke,
1895 1204 212 41 London.

195 1259 279 49 (31-23663)

112 1352 184 65 Coles,
323 1353 255 55 William
608 1354 279 65 Bedford,
920 1360 170 49 1865-

175 1430 119 52 The
319 1430 162 54 Coles
506 1430 204 70 family
731 1432 64 51 of
816 1429 296 69 Virginia:
1135 1431 76 52 its
1232 1449 302 34 numerous
1556 1430 371 68 connections,
1953 1430 153 52 from

106 1507 1996 72 the emigration to America to the year 1915 … by William B.
107 1585 175 54 Coles.
358 1585 136 54 New
532 1585 177 68 York,
748 1589 150 50 1931.

106 1664 1998 98 xi p., 2 l., 885 p. front., illus. (incl. coats of arms) plates, ports., map. 26 ᶜᵐ.
176 1793 158 41 Allied
374 1793 242 42 families:
663 1793 335 49 Washington,
1042 1793 237 49 Madison,
1325 1795 177 47 Payne,
1546 1796 148 48 Todd,
1738 1796 225 47 Jackson,
2009 1798 96 39 and

106 1850 175 41 others.

116 1919 50 52 ©
199 1924 124 39 June
356 1924 69 41 17.
458 1923 140 47 1931;
632 1922 65 40 2c.
732 1924 96 38 and
860 1923 82 41 aff.
977 1923 128 47 Sept.
1138 1923 82 47 17;
1255 1923 42 39 A
1326 1923 172 48 41669;
1537 1923 216 41 Strieker
1787 1925 150 48 Coles,
1972 1926 134 47 Bryn

183 1981 166 48 Mawr,
378 1981 83 40 Pa.
532 1979 278 49 (31-23938)

109 2076 54 50 A
195 2072 285 64 complete
511 2075 395 69 pronouncing
938 2080 281 64 gazetteer
1253 2095 62 33 or
1346 2076 407 68 geographical
1786 2075 324 70 dictionary

181 2153 1902 145 of the world, edited by Angelo Heilprin … and Louis Heilprin
422 2230 1685 68 … with a conspectus of the fifteenth census of the
178 2308 1904 131 United States … Philadelphia and London, J. B. Lippincott
319 2405 281 51 company
632 2389 192 64 [ᶜ1931]

181 2466 619 49 1 p. l., v-x. 2106 p. 28 ᶜᵐ.
182 2538 224 40 Lettered
434 2549 59 28 on
522 2548 166 29 cover:
719 2536 317 48 Lippincott’s
1066 2539 245 46 gazetteer
1340 2537 52 40 of
1421 2538 83 40 the
1531 2539 166 40 world.

115 2603 51 51 ©
203 2608 124 39 June
360 2607 69 47 30,
465 2606 139 44 1931;
641 2607 66 40 2c.
744 2609 95 38 and
873 2607 83 41 aff.
990 2608 121 46 Aug.
1144 2606 83 48 28;
1265 2608 41 38 A
1340 2607 171 48 41308;
1549 2608 43 40 J.
1629 2609 54 39 B.
1720 2607 280 49 Lippincott
2033 2617 69 31 co.

203 2660 51 51 [©
281 2663 114 41 1930
421 2673 169 31 census
616 2675 56 29 as
696 2665 221 48 collated]
994 2663 280 49 (31-20144)

111 2756 246 66 Corwin,
388 2759 131 51 Mae
547 2758 283 55 Johnson.

181 2836 1861 71 The science of human living, by Mae Johnson Corwin …
110 2914 1995 71 and Walling Corwin … San Francisco, Calif., Harr Wagner
109 2992 846 69 publishing company [ ᶜ1 931]
181 3074 102 45 xiii,
327 3074 85 39 464
458 3083 41 37 p.
545 3072 109 41 incl.
699 3073 148 40 front.
877 3072 170 49 (port.)
1103 3074 127 41 illus.
1292 3074 55 39 19½ᶜᵐ.
1508 3075 123 48 (The
1680 3074 192 40 Corwin
1919 3076 185 39 science
110 3131 173 47 series)

183 3198 345 41 “References”
548 3210 7 28 :
589 3210 42 37 p.
662 3199 216 41 448-449.

114 3266 51 51 ©
207 3271 111 46 May
357 3269 68 48 19,
466 3268 139 47 1931;
647 3270 65 39 2c.
753 3271 95 38 and
887 3270 81 41 aff.
1008 3271 117 45 Aug.
1167 3270 82 46 31;
1293 3271 40 38 A
1371 3271 171 46 42479;
1587 3273 60 38 M.
1689 3272 42 39 J.
1774 3271 190 41 Corwin
2005 3272 96 39 and

181 3326 212 48 Walling
423 3325 205 47 Corwin,
660 3325 327 49 Wilmington,
1020 3326 143 40 Calif.
1235 3326 279 48 (31-17868)

108 3419 183 62 Crew,
319 3423 138 51 Mrs.
487 3419 184 53 Helen
710 3420 233 64 (Coale)
982 3426 171 50 1866-

174 3496 308 69 Laughing
520 3497 112 68 lad,
674 3515 30 33 a
744 3502 156 63 story
939 3498 64 52 of
1038 3498 236 53 modern
1314 3500 236 59 France,
1587 3500 75 68 by
1698 3500 188 52 Helen
1925 3499 172 56 Coale

106 3574 189 67 Crew;
327 3573 324 54 illustrated
676 3574 75 69 by
778 3575 90 53 W.
898 3576 79 52 M.
1009 3577 230 65 Berger.
1316 3575 136 53 New
1485 3576 178 68 York,
1691 3577 257 68 London,
1977 3577 122 53 The

106 3650 586 69 Century co. [ ᶜ1 931]
175 3730 1151 51 xi, 221 p. incl. front., illus. 20 ᶜᵐ. . $1.75
177 3800 161 41 “First
364 3800 260 50 printing.”

176 3858 286 40 Illustrated
493 3857 362 50 lining-papers.

113 3923 49 51 ©
196 3928 126 48 Sept.
352 3928 39 47 8,
423 3927 139 48 1931;
594 3929 65 39 2c.
690 3930 96 39 and
815 3929 82 40 aff.
930 3929 125 48 Sept.
1087 3929 82 47 12;
1202 3930 41 38 A
1273 3930 171 47 41585;
1478 3930 213 49 Century
1722 3942 66 29 co.
189 3983 279 51 (31-23680)
