<alto xmlns="http://www.loc.gov/standards/alto/ns-v3#" xmlns:xlink="http://www.w3.org/1999/xlink" xmlns:xsi="http://www.w3.org/2001/XMLSchema-instance" xsi:schemaLocation="http://www.loc.gov/standards/alto/ns-v3# http://www.loc.gov/alto/v3/alto-3-0.xsd"><Description>
<MeasurementUnit>pixel</MeasurementUnit>
<sourceImageInformation>
<fileName>1931_v28_Part001.pdf</fileName>
</sourceImageInformation>
<OCRProcessing ID="IdOcr">
<ocrProcessingStep>
<processingDateTime>2019-04-22</processingDateTime>
<processingSoftware>
<softwareCreator>ABBYY</softwareCreator>
<softwareName>ABBYY Recognition Server</softwareName>
<softwareVersion>4.0</softwareVersion>
</processingSoftware>
</ocrProcessingStep>
</OCRProcessing>
</Description>
<Styles>
<ParagraphStyle ID="StyleId-FFFFFFFF-FFFF-FFFF-FFFF-FFFFFFFFFFFF-" ALIGN="Left" LEFT="0." RIGHT="0." FIRSTLINE="0."/>
<ParagraphStyle ID="StyleId-204B5AEB-67A1-44E2-A013-34B3A0F3E0EA-" ALIGN="Right" LEFT="0." RIGHT="0." FIRSTLINE="0." LINESPACE="8.300000191"/>
<ParagraphStyle ID="StyleId-03245871-796C-4429-B3C7-F9019C8C5B89-" ALIGN="Left" LEFT="0." RIGHT="0." FIRSTLINE="0." LINESPACE="12.19999981"/>
<ParagraphStyle ID="StyleId-BDCA8811-25FF-44DB-8D6F-2072A4ABC070-" ALIGN="Center" LEFT="0." RIGHT="0." FIRSTLINE="0." LINESPACE="12.19999981"/>
<ParagraphStyle ID="StyleId-2C5B7DF0-AF87-455E-B9A8-6FE387CB59BD-" ALIGN="Left" LEFT="0." RIGHT="0." FIRSTLINE="-13." LINESPACE="8.479999542"/>
<ParagraphStyle ID="StyleId-9FB72FA1-55D5-4161-8333-823D5732F4D0-" ALIGN="Block" LEFT="0." RIGHT="0." FIRSTLINE="-14." LINESPACE="10."/>
<ParagraphStyle ID="StyleId-212AEB8C-A829-4BF1-8E45-5BFE386A469C-" ALIGN="Block" LEFT="0." RIGHT="0." FIRSTLINE="-14." LINESPACE="11.35000038"/>
<ParagraphStyle ID="StyleId-4EC79CC1-EA62-49CE-ABB6-D84DDFCF4C7D-" ALIGN="Block" LEFT="0." RIGHT="0." FIRSTLINE="-10." LINESPACE="12.19999981"/>
<ParagraphStyle ID="StyleId-DAF2E8EE-6444-4951-9284-36A6C020C887-" ALIGN="Left" LEFT="0." RIGHT="0." FIRSTLINE="0." LINESPACE="9.399999619"/>
<ParagraphStyle ID="StyleId-25241749-1672-4977-B19F-38F59800D6D8-" ALIGN="Left" LEFT="0." RIGHT="0." FIRSTLINE="0." LINESPACE="11.10000038"/>
<ParagraphStyle ID="StyleId-8C523E19-EDEF-4F23-B010-536E1A1AAE1A-" ALIGN="Left" LEFT="0." RIGHT="0." FIRSTLINE="-13." LINESPACE="12.19999981"/>
<ParagraphStyle ID="StyleId-A1F9DE9E-2625-4D8B-AD7E-F0A0034C2989-" ALIGN="Block" LEFT="0." RIGHT="0." FIRSTLINE="0." LINESPACE="12.19999981"/>
<ParagraphStyle ID="StyleId-5725BB01-2B1C-440F-BAF2-696C4F4DF162-" ALIGN="Block" LEFT="0." RIGHT="0." FIRSTLINE="13." LINESPACE="12.19999981"/>
<ParagraphStyle ID="StyleId-F10A2092-61AA-44FD-99C2-123B3A8051CF-" ALIGN="Left" LEFT="0." RIGHT="0." FIRSTLINE="0." LINESPACE="5.5"/>
<ParagraphStyle ID="StyleId-B3CDC8CC-D2E1-4A23-B67C-CDD40993D1DD-" ALIGN="Left" LEFT="0." RIGHT="0." FIRSTLINE="0." LINESPACE="10."/>
<ParagraphStyle ID="StyleId-871EBF53-D909-4C8F-B368-AC7D897344DD-" ALIGN="Left" LEFT="0." RIGHT="0." FIRSTLINE="0."/>
<ParagraphStyle ID="StyleId-C4129744-680B-4878-B2C4-44BA3742C8D7-" ALIGN="Block" LEFT="0." RIGHT="0." FIRSTLINE="-14." LINESPACE="11.35000038"/>
<ParagraphStyle ID="StyleId-9CE98075-0B04-43D4-88D8-CE3BAB51B419-" ALIGN="Block" LEFT="0." RIGHT="0." FIRSTLINE="-10." LINESPACE="12.19999981"/>
<ParagraphStyle ID="StyleId-B2CFB7B3-DFFA-4E0E-94D6-C2BCE88DA9A9-" ALIGN="Left" LEFT="0." RIGHT="0." FIRSTLINE="0." LINESPACE="12.5"/>
<ParagraphStyle ID="StyleId-8D3352F3-1084-4DDE-A35D-B97102CCE686-" ALIGN="Left" LEFT="0." RIGHT="0." FIRSTLINE="0." LINESPACE="11.60000038"/>
<ParagraphStyle ID="StyleId-4A8DDA0D-166D-4E22-A597-BA51B892602D-" ALIGN="Block" LEFT="0." RIGHT="0." FIRSTLINE="0." LINESPACE="11.21000004"/>
<ParagraphStyle ID="StyleId-90EA4001-AA3C-45A1-AEDC-D1E1169EE5E5-" ALIGN="Block" LEFT="0." RIGHT="0." FIRSTLINE="13." LINESPACE="12.19999981"/>
</Styles>
<Layout>
<Page ID="Page1120" PHYSICAL_IMG_NR="1120" HEIGHT="4370" WIDTH="2505">
<TopMargin HEIGHT="368" WIDTH="2505" VPOS="0" HPOS="0">
</TopMargin>
<LeftMargin HEIGHT="3826" WIDTH="310" VPOS="368" HPOS="0">
</LeftMargin>
<RightMargin HEIGHT="3826" WIDTH="135" VPOS="368" HPOS="2370">
</RightMargin>
<BottomMargin HEIGHT="176" WIDTH="2505" VPOS="4194" HPOS="0">
</BottomMargin>
<PrintSpace HEIGHT="3826" WIDTH="2060" VPOS="368" HPOS="310">
<TextBlock ID="Page1120_Block1" HEIGHT="174" WIDTH="252" VPOS="4020" HPOS="1211" LANG="en-US" STYLEREFS="StyleId-73FBECC1-AADA-4FA3-A5CB-47FAB6679D4E-">
<TextLine HEIGHT="52" WIDTH="136" VPOS="4036" HPOS="1264">
<String CONTENT="1120" HEIGHT="52" WIDTH="136" VPOS="4036" HPOS="1264"/>
</TextLine>
</TextBlock>
<TextBlock ID="Page1120_Block2" HEIGHT="3730" WIDTH="2060" VPOS="368" HPOS="310" LANG="en-US" CS="1" STYLEREFS="StyleId-C9C57C69-74F5-47B9-8836-4D8BC054E892-">
<Shape>
<Polygon POINTS="310,368 2370,368 2370,4098 310,4098 310,368"/>
</Shape>
<TextLine HEIGHT="66" WIDTH="815" VPOS="379" HPOS="335" STYLEREFS="StyleId-3CCDC306-6763-4B5F-87B7-CB081A0EA924-" LANG="la">
<String CONTENT="Vergilius" HEIGHT="64" WIDTH="302" VPOS="379" HPOS="335"/>
<SP HEIGHT="53" WIDTH="28" VPOS="380" HPOS="638"/>
<String CONTENT="Maro," HEIGHT="65" WIDTH="187" VPOS="380" HPOS="667"/>
<SP HEIGHT="65" WIDTH="28" VPOS="380" HPOS="855"/>
<String CONTENT="Publius." HEIGHT="56" WIDTH="266" VPOS="379" HPOS="884"/>
</TextLine>
<TextLine HEIGHT="72" WIDTH="1894" VPOS="457" HPOS="467" STYLEREFS="StyleId-790EA9F9-08AF-4A90-9C3B-D0B4BB2CD14C-" LANG="la" CS="1">
<String CS="1" CONTENT="&#8230;"/>
<SP HEIGHT="52" WIDTH="46" VPOS="457" HPOS="467"/>
<String CONTENT="Natales" HEIGHT="53" WIDTH="236" VPOS="457" HPOS="514"/>
<SP HEIGHT="34" WIDTH="42" VPOS="476" HPOS="751"/>
<String CONTENT="sortes" HEIGHT="48" WIDTH="178" VPOS="462" HPOS="794"/>
<SP HEIGHT="54" WIDTH="43" VPOS="457" HPOS="973"/>
<String CONTENT="Vergilianae;" HEIGHT="69" WIDTH="402" VPOS="457" HPOS="1017"/>
<SP HEIGHT="49" WIDTH="46" VPOS="477" HPOS="1420"/>
<String CONTENT="a" HEIGHT="34" WIDTH="32" VPOS="477" HPOS="1467"/>
<SP HEIGHT="53" WIDTH="44" VPOS="460" HPOS="1500"/>
<String CONTENT="Vergilian" HEIGHT="69" WIDTH="304" VPOS="459" HPOS="1545"/>
<SP HEIGHT="53" WIDTH="39" VPOS="459" HPOS="1850"/>
<String CONTENT="birthday-book." HEIGHT="70" WIDTH="471" VPOS="459" HPOS="1890"/>
</TextLine>
<TextLine HEIGHT="74" WIDTH="2025" VPOS="534" HPOS="333" STYLEREFS="StyleId-790EA9F9-08AF-4A90-9C3B-D0B4BB2CD14C-" CS="1">
<String LANG="en-US" CONTENT="compiled" HEIGHT="70" WIDTH="286" VPOS="535" HPOS="333"/>
<SP HEIGHT="55" WIDTH="24" VPOS="535" HPOS="620"/>
<String LANG="en-US" CONTENT="by" HEIGHT="69" WIDTH="76" VPOS="537" HPOS="645"/>
<SP HEIGHT="72" WIDTH="26" VPOS="534" HPOS="722"/>
<String LANG="la" CONTENT="Caro" HEIGHT="57" WIDTH="150" VPOS="534" HPOS="749"/>
<SP HEIGHT="54" WIDTH="24" VPOS="536" HPOS="900"/>
<String LANG="en-US" CONTENT="Lynn" HEIGHT="69" WIDTH="171" VPOS="536" HPOS="925"/>
<SP HEIGHT="35" WIDTH="30" VPOS="557" HPOS="1097"/>
<String LANG="la" CS="1" CONTENT="&#8230;"/>
<SP HEIGHT="54" WIDTH="80" VPOS="536" HPOS="1184"/>
<String LANG="la" CONTENT="Ithaca," HEIGHT="70" WIDTH="223" VPOS="536" HPOS="1265"/>
<SP HEIGHT="69" WIDTH="25" VPOS="537" HPOS="1489"/>
<String LANG="fr" CONTENT="N." HEIGHT="55" WIDTH="70" VPOS="537" HPOS="1515"/>
<SP HEIGHT="53" WIDTH="28" VPOS="538" HPOS="1586"/>
<String LANG="la" CONTENT="Y.," HEIGHT="69" WIDTH="91" VPOS="538" HPOS="1615"/>
<SP HEIGHT="71" WIDTH="26" VPOS="536" HPOS="1707"/>
<String LANG="en-US" CONTENT="Cayuga" HEIGHT="72" WIDTH="240" VPOS="536" HPOS="1734"/>
<SP HEIGHT="51" WIDTH="25" VPOS="556" HPOS="1975"/>
<String LANG="en-US" CONTENT="press," HEIGHT="51" WIDTH="178" VPOS="557" HPOS="2001"/>
<SP HEIGHT="65" WIDTH="29" VPOS="543" HPOS="2180"/>
<String LANG="la" CONTENT="1930." HEIGHT="49" WIDTH="148" VPOS="543" HPOS="2210"/>
</TextLine>
<TextLine HEIGHT="49" WIDTH="578" VPOS="619" HPOS="401" LANG="la" CS="1">
<String CONTENT="3" HEIGHT="40" WIDTH="27" VPOS="619" HPOS="401"/>
<SP HEIGHT="48" WIDTH="28" VPOS="619" HPOS="429"/>
<String CS="1" CONTENT="p."/>
<SP/>
<String CS="1" CONTENT="l.," HEIGHT="16" WIDTH="8" VPOS="651" HPOS="566"/>
<SP HEIGHT="47" WIDTH="28" VPOS="620" HPOS="575"/>
<String CONTENT="84" HEIGHT="40" WIDTH="56" VPOS="620" HPOS="604"/>
<SP HEIGHT="47" WIDTH="28" VPOS="621" HPOS="661"/>
<String CONTENT="p.," HEIGHT="38" WIDTH="56" VPOS="630" HPOS="690"/>
<SP HEIGHT="46" WIDTH="30" VPOS="621" HPOS="747"/>
<String CS="1" CONTENT="1"/>
<SP/>
<String CS="1" CONTENT="l."/>
<SP HEIGHT="38" WIDTH="60" VPOS="622" HPOS="862"/>
<String CONTENT="17" HEIGHT="40" WIDTH="56" VPOS="621" HPOS="923"/>
<String STYLE="superscript" CS="1" CONTENT="&#7580;&#7504;."/>
</TextLine>
<TextLine HEIGHT="52" WIDTH="1898" VPOS="690" HPOS="405" CS="1">
<String LANG="en-US" CONTENT="Half-title:" HEIGHT="41" WIDTH="283" VPOS="690" HPOS="405"/>
<SP HEIGHT="39" WIDTH="33" VPOS="692" HPOS="689"/>
<String LANG="la" CONTENT="American" HEIGHT="39" WIDTH="260" VPOS="692" HPOS="723"/>
<SP HEIGHT="30" WIDTH="29" VPOS="702" HPOS="984"/>
<String LANG="en-US" CONTENT="classical" HEIGHT="41" WIDTH="226" VPOS="691" HPOS="1014"/>
<SP HEIGHT="39" WIDTH="29" VPOS="692" HPOS="1241"/>
<String LANG="en-US" CONTENT="league" HEIGHT="47" WIDTH="172" VPOS="694" HPOS="1271"/>
<SP HEIGHT="30" WIDTH="34" VPOS="703" HPOS="1444"/>
<String LANG="la" CS="1" CONTENT="&#8230;"/>
<SP HEIGHT="40" WIDTH="34" VPOS="693" HPOS="1527"/>
<String LANG="en-US" CONTENT="bimillennium" HEIGHT="41" WIDTH="358" VPOS="692" HPOS="1562"/>
<SP HEIGHT="39" WIDTH="28" VPOS="694" HPOS="1921"/>
<String LANG="en-US" CS="1" CONTENT="V"/>
<String LANG="la" CONTENT="ergilianum." HEIGHT="49" WIDTH="309" VPOS="693" HPOS="1994"/>
</TextLine>
<TextLine HEIGHT="51" WIDTH="1951" VPOS="748" HPOS="407" CS="1">
<String CONTENT="&#8220;A" HEIGHT="39" WIDTH="69" VPOS="748" HPOS="407"/>
<SP HEIGHT="40" WIDTH="22" VPOS="748" HPOS="477"/>
<String CONTENT="contribution" HEIGHT="41" WIDTH="334" VPOS="748" HPOS="500"/>
<SP HEIGHT="38" WIDTH="25" VPOS="751" HPOS="835"/>
<String CONTENT="to" HEIGHT="38" WIDTH="48" VPOS="751" HPOS="861"/>
<SP HEIGHT="37" WIDTH="27" VPOS="752" HPOS="910"/>
<String CONTENT="the" HEIGHT="39" WIDTH="82" VPOS="750" HPOS="938"/>
<SP HEIGHT="30" WIDTH="23" VPOS="759" HPOS="1021"/>
<String CONTENT="celebration" HEIGHT="41" WIDTH="301" VPOS="749" HPOS="1045"/>
<SP HEIGHT="30" WIDTH="23" VPOS="760" HPOS="1347"/>
<String CONTENT="of" HEIGHT="40" WIDTH="52" VPOS="750" HPOS="1371"/>
<SP HEIGHT="40" WIDTH="23" VPOS="750" HPOS="1424"/>
<String CONTENT="the" HEIGHT="40" WIDTH="82" VPOS="750" HPOS="1448"/>
<SP HEIGHT="41" WIDTH="23" VPOS="749" HPOS="1531"/>
<String CONTENT="200th" HEIGHT="41" WIDTH="142" VPOS="749" HPOS="1555"/>
<SP HEIGHT="39" WIDTH="26" VPOS="751" HPOS="1698"/>
<String CONTENT="anniversary" HEIGHT="49" WIDTH="321" VPOS="750" HPOS="1725"/>
<SP HEIGHT="37" WIDTH="28" VPOS="762" HPOS="2047"/>
<String CONTENT="of" HEIGHT="39" WIDTH="53" VPOS="751" HPOS="2076"/>
<SP HEIGHT="40" WIDTH="22" VPOS="751" HPOS="2130"/>
<String CS="1" CONTENT="Vergil&#8217;s" HEIGHT="47" WIDTH="205" VPOS="752" HPOS="2153"/>
</TextLine>
<TextLine HEIGHT="106" WIDTH="2010" VPOS="805" HPOS="331" CS="1">
<String CONTENT="birth," HEIGHT="47" WIDTH="147" VPOS="805" HPOS="334"/>
<SP HEIGHT="36" WIDTH="29" VPOS="816" HPOS="482"/>
<String CONTENT="sponsored" HEIGHT="47" WIDTH="266" VPOS="807" HPOS="512"/>
<SP HEIGHT="40" WIDTH="26" VPOS="806" HPOS="779"/>
<String CONTENT="in" HEIGHT="40" WIDTH="50" VPOS="806" HPOS="806"/>
<SP HEIGHT="38" WIDTH="28" VPOS="809" HPOS="857"/>
<String CONTENT="the" HEIGHT="41" WIDTH="82" VPOS="806" HPOS="886"/>
<SP HEIGHT="40" WIDTH="30" VPOS="807" HPOS="969"/>
<String CONTENT="United" HEIGHT="41" WIDTH="179" VPOS="806" HPOS="1000"/>
<SP HEIGHT="41" WIDTH="33" VPOS="806" HPOS="1180"/>
<String CONTENT="States" HEIGHT="41" WIDTH="165" VPOS="806" HPOS="1214"/>
<SP HEIGHT="29" WIDTH="27" VPOS="818" HPOS="1380"/>
<String CONTENT="of" HEIGHT="39" WIDTH="52" VPOS="808" HPOS="1408"/>
<SP HEIGHT="40" WIDTH="27" VPOS="807" HPOS="1461"/>
<String CONTENT="America" HEIGHT="41" WIDTH="226" VPOS="806" HPOS="1489"/>
<SP HEIGHT="39" WIDTH="29" VPOS="808" HPOS="1716"/>
<String CONTENT="by" HEIGHT="47" WIDTH="60" VPOS="808" HPOS="1746"/>
<SP HEIGHT="44" WIDTH="29" VPOS="811" HPOS="1807"/>
<String CONTENT="the" HEIGHT="40" WIDTH="81" VPOS="808" HPOS="1837"/>
<SP HEIGHT="38" WIDTH="28" VPOS="809" HPOS="1919"/>
<String CONTENT="American" HEIGHT="41" WIDTH="260" VPOS="807" HPOS="1948"/>
<SP HEIGHT="30" WIDTH="28" VPOS="819" HPOS="2209"/>
<String CONTENT="classical" HEIGHT="92" WIDTH="2010" VPOS="811" HPOS="331"/>
<SP HEIGHT="37" WIDTH="27" VPOS="865" HPOS="452"/>
<String CONTENT="league.&#8221;" HEIGHT="49" WIDTH="216" VPOS="862" HPOS="480"/>
</TextLine>
<TextLine HEIGHT="53" WIDTH="2022" VPOS="930" HPOS="336" CS="1">
<String CONTENT="&#169;" HEIGHT="52" WIDTH="51" VPOS="930" HPOS="336"/>
<SP HEIGHT="52" WIDTH="34" VPOS="930" HPOS="388"/>
<String CONTENT="Oct." HEIGHT="41" WIDTH="103" VPOS="934" HPOS="423"/>
<SP HEIGHT="41" WIDTH="28" VPOS="934" HPOS="527"/>
<String CONTENT="30," HEIGHT="48" WIDTH="71" VPOS="934" HPOS="556"/>
<SP HEIGHT="47" WIDTH="32" VPOS="935" HPOS="628"/>
<String CS="1" CONTENT="1930;" HEIGHT="40" WIDTH="113" VPOS="933" HPOS="661"/>
<SP HEIGHT="41" WIDTH="33" VPOS="934" HPOS="802"/>
<String CONTENT="2c." HEIGHT="40" WIDTH="67" VPOS="934" HPOS="836"/>
<SP HEIGHT="40" WIDTH="32" VPOS="934" HPOS="904"/>
<String CONTENT="June" HEIGHT="40" WIDTH="127" VPOS="934" HPOS="937"/>
<SP HEIGHT="38" WIDTH="30" VPOS="935" HPOS="1065"/>
<String CONTENT="11," HEIGHT="41" WIDTH="68" VPOS="935" HPOS="1096"/>
<SP HEIGHT="41" WIDTH="34" VPOS="935" HPOS="1165"/>
<String CS="1" CONTENT="1931;" HEIGHT="42" WIDTH="114" VPOS="933" HPOS="1200"/>
<SP HEIGHT="41" WIDTH="35" VPOS="935" HPOS="1342"/>
<String CONTENT="June" HEIGHT="40" WIDTH="127" VPOS="935" HPOS="1378"/>
<SP HEIGHT="41" WIDTH="30" VPOS="934" HPOS="1506"/>
<String CS="1" CONTENT="25;" HEIGHT="41" WIDTH="56" VPOS="934" HPOS="1537"/>
<SP HEIGHT="47" WIDTH="34" VPOS="935" HPOS="1622"/>
<!-- cceid ECD26A5F-6E8D-1014-9CF5-AEB3FCA41D69 --><String CONTENT="A" HEIGHT="39" WIDTH="40" VPOS="935" HPOS="1657"/>
<SP HEIGHT="41" WIDTH="30" VPOS="935" HPOS="1698"/>
<String CONTENT="39101;" HEIGHT="49" WIDTH="173" VPOS="934" HPOS="1729"/>
<SP HEIGHT="47" WIDTH="34" VPOS="936" HPOS="1903"/>
<String LANG="fr" CS="1" CONTENT="Amer." HEIGHT="39" WIDTH="146" VPOS="936" HPOS="1938"/>
<SP HEIGHT="30" WIDTH="34" VPOS="946" HPOS="2098"/>
<String CONTENT="classical" HEIGHT="42" WIDTH="225" VPOS="934" HPOS="2133"/>
</TextLine>
<TextLine HEIGHT="49" WIDTH="869" VPOS="991" HPOS="405">
<String CONTENT="league," HEIGHT="47" WIDTH="185" VPOS="993" HPOS="405"/>
<SP HEIGHT="47" WIDTH="31" VPOS="992" HPOS="591"/>
<String CONTENT="New" HEIGHT="40" WIDTH="118" VPOS="992" HPOS="623"/>
<SP HEIGHT="39" WIDTH="30" VPOS="993" HPOS="742"/>
<String CONTENT="York." HEIGHT="40" WIDTH="145" VPOS="992" HPOS="773"/>
<SP HEIGHT="47" WIDTH="71" VPOS="993" HPOS="919"/>
<String CONTENT="(31-19100)" HEIGHT="49" WIDTH="283" VPOS="991" HPOS="991"/>
</TextLine>
<TextLine HEIGHT="65" WIDTH="515" VPOS="1087" HPOS="332" STYLEREFS="StyleId-3CCDC306-6763-4B5F-87B7-CB081A0EA924-">
<String CONTENT="Wadsley," HEIGHT="64" WIDTH="299" VPOS="1088" HPOS="332"/>
<SP HEIGHT="64" WIDTH="29" VPOS="1088" HPOS="632"/>
<String CONTENT="Olive." HEIGHT="55" WIDTH="185" VPOS="1087" HPOS="662"/>
</TextLine>
<TextLine HEIGHT="68" WIDTH="986" VPOS="1167" HPOS="400" STYLEREFS="StyleId-790EA9F9-08AF-4A90-9C3B-D0B4BB2CD14C-">
<String LANG="fr" CONTENT="Prima" HEIGHT="51" WIDTH="201" VPOS="1168" HPOS="400"/>
<SP HEIGHT="52" WIDTH="29" VPOS="1167" HPOS="602"/>
<String LANG="en-US" CONTENT="Donna." HEIGHT="54" WIDTH="224" VPOS="1167" HPOS="632"/>
<SP HEIGHT="33" WIDTH="83" VPOS="1201" HPOS="857"/>
<String LANG="en-US" CONTENT="[Instalment" HEIGHT="67" WIDTH="365" VPOS="1167" HPOS="941"/>
<SP HEIGHT="48" WIDTH="32" VPOS="1172" HPOS="1307"/>
<String LANG="en-US" CONTENT="5]" HEIGHT="63" WIDTH="46" VPOS="1172" HPOS="1340"/>
</TextLine>
<TextLine HEIGHT="53" WIDTH="1285" VPOS="1245" HPOS="414">
<String CONTENT="(In" HEIGHT="47" WIDTH="84" VPOS="1247" HPOS="414"/>
<SP HEIGHT="43" WIDTH="27" VPOS="1246" HPOS="499"/>
<String CONTENT="Woman" HEIGHT="43" WIDTH="212" VPOS="1246" HPOS="527"/>
<SP HEIGHT="28" WIDTH="29" VPOS="1260" HPOS="740"/>
<String CONTENT="and" HEIGHT="42" WIDTH="97" VPOS="1246" HPOS="770"/>
<SP HEIGHT="42" WIDTH="27" VPOS="1246" HPOS="868"/>
<String CONTENT="home" HEIGHT="42" WIDTH="149" VPOS="1246" HPOS="896"/>
<SP HEIGHT="29" WIDTH="26" VPOS="1259" HPOS="1046"/>
<String CONTENT="magazine," HEIGHT="52" WIDTH="281" VPOS="1245" HPOS="1073"/>
<SP HEIGHT="52" WIDTH="29" VPOS="1245" HPOS="1355"/>
<String CONTENT="July," HEIGHT="53" WIDTH="134" VPOS="1245" HPOS="1385"/>
<SP HEIGHT="49" WIDTH="32" VPOS="1248" HPOS="1520"/>
<String CONTENT="1931)" HEIGHT="52" WIDTH="146" VPOS="1245" HPOS="1553"/>
</TextLine>
<TextLine HEIGHT="112" WIDTH="2005" VPOS="1315" HPOS="334" CS="1">
<String CONTENT="&#169;" HEIGHT="52" WIDTH="51" VPOS="1317" HPOS="334"/>
<SP/>
<String CS="1" CONTENT="1c."/>
<SP HEIGHT="40" WIDTH="26" VPOS="1322" HPOS="484"/>
<String CONTENT="Aug." HEIGHT="47" WIDTH="120" VPOS="1322" HPOS="511"/>
<SP HEIGHT="40" WIDTH="27" VPOS="1322" HPOS="632"/>
<String CONTENT="14," HEIGHT="46" WIDTH="68" VPOS="1322" HPOS="660"/>
<SP HEIGHT="46" WIDTH="28" VPOS="1322" HPOS="729"/>
<String CS="1" CONTENT="1931;" HEIGHT="41" WIDTH="109" VPOS="1319" HPOS="758"/>
<SP HEIGHT="46" WIDTH="29" VPOS="1322" HPOS="900"/>
<!-- cceid ECD2FDC9-6E8D-1014-9CF5-AEB3FCA41D69 --><String CONTENT="A" HEIGHT="37" WIDTH="41" VPOS="1322" HPOS="930"/>
<SP HEIGHT="39" WIDTH="25" VPOS="1322" HPOS="972"/>
<String CONTENT="ad" HEIGHT="39" WIDTH="62" VPOS="1322" HPOS="998"/>
<SP HEIGHT="40" WIDTH="25" VPOS="1320" HPOS="1061"/>
<String CONTENT="int." HEIGHT="41" WIDTH="88" VPOS="1320" HPOS="1087"/>
<SP HEIGHT="39" WIDTH="27" VPOS="1322" HPOS="1176"/>
<String CONTENT="15392;" HEIGHT="49" WIDTH="172" VPOS="1319" HPOS="1204"/>
<SP HEIGHT="38" WIDTH="29" VPOS="1331" HPOS="1377"/>
<String CONTENT="pubd." HEIGHT="48" WIDTH="143" VPOS="1321" HPOS="1407"/>
<SP HEIGHT="40" WIDTH="29" VPOS="1321" HPOS="1551"/>
<String CONTENT="June" HEIGHT="40" WIDTH="130" VPOS="1321" HPOS="1581"/>
<SP HEIGHT="42" WIDTH="23" VPOS="1319" HPOS="1712"/>
<String CONTENT="20;" HEIGHT="49" WIDTH="83" VPOS="1319" HPOS="1736"/>
<SP HEIGHT="47" WIDTH="30" VPOS="1321" HPOS="1820"/>
<String CONTENT="Olive" HEIGHT="42" WIDTH="139" VPOS="1320" HPOS="1851"/>
<SP HEIGHT="39" WIDTH="26" VPOS="1322" HPOS="1991"/>
<String CONTENT="Mary" HEIGHT="48" WIDTH="142" VPOS="1322" HPOS="2018"/>
<SP HEIGHT="48" WIDTH="28" VPOS="1322" HPOS="2161"/>
<String CONTENT="Wadsley," HEIGHT="112" WIDTH="1936" VPOS="1315" HPOS="403"/>
</TextLine>
<TextLine HEIGHT="39" WIDTH="213" VPOS="1380" HPOS="527">
<String CONTENT="London." HEIGHT="39" WIDTH="213" VPOS="1380" HPOS="527"/>
</TextLine>
<TextLine HEIGHT="66" WIDTH="737" VPOS="1473" HPOS="328" STYLEREFS="StyleId-3CCDC306-6763-4B5F-87B7-CB081A0EA924-">
<String CONTENT="Wallace," HEIGHT="66" WIDTH="275" VPOS="1473" HPOS="328"/>
<SP HEIGHT="65" WIDTH="31" VPOS="1474" HPOS="604"/>
<String CONTENT="Edgar," HEIGHT="65" WIDTH="222" VPOS="1474" HPOS="636"/>
<SP HEIGHT="59" WIDTH="34" VPOS="1480" HPOS="859"/>
<String CONTENT="1875-" HEIGHT="53" WIDTH="171" VPOS="1476" HPOS="894"/>
</TextLine>
<TextLine HEIGHT="72" WIDTH="1893" VPOS="1553" HPOS="463" STYLEREFS="StyleId-790EA9F9-08AF-4A90-9C3B-D0B4BB2CD14C-" CS="1">
<String CS="1" CONTENT="&#8230;"/>
<SP HEIGHT="51" WIDTH="40" VPOS="1556" HPOS="463"/>
<String CONTENT="The" HEIGHT="51" WIDTH="122" VPOS="1556" HPOS="504"/>
<SP HEIGHT="51" WIDTH="34" VPOS="1556" HPOS="627"/>
<String CONTENT="law" HEIGHT="52" WIDTH="110" VPOS="1556" HPOS="662"/>
<SP HEIGHT="33" WIDTH="34" VPOS="1574" HPOS="773"/>
<String CONTENT="of" HEIGHT="53" WIDTH="64" VPOS="1554" HPOS="808"/>
<SP HEIGHT="52" WIDTH="34" VPOS="1554" HPOS="873"/>
<String CONTENT="the" HEIGHT="52" WIDTH="94" VPOS="1555" HPOS="908"/>
<SP HEIGHT="46" WIDTH="35" VPOS="1561" HPOS="1003"/>
<String CONTENT="three" HEIGHT="51" WIDTH="158" VPOS="1556" HPOS="1039"/>
<SP HEIGHT="68" WIDTH="34" VPOS="1554" HPOS="1198"/>
<String CONTENT="just" HEIGHT="68" WIDTH="118" VPOS="1554" HPOS="1233"/>
<SP HEIGHT="46" WIDTH="36" VPOS="1560" HPOS="1352"/>
<String CONTENT="men" HEIGHT="33" WIDTH="128" VPOS="1573" HPOS="1389"/>
<SP HEIGHT="32" WIDTH="41" VPOS="1573" HPOS="1518"/>
<String CS="1" CONTENT="&#8230;"/>
<SP HEIGHT="54" WIDTH="79" VPOS="1553" HPOS="1616"/>
<String CONTENT="Garden" HEIGHT="54" WIDTH="235" VPOS="1553" HPOS="1696"/>
<SP HEIGHT="55" WIDTH="35" VPOS="1554" HPOS="1932"/>
<String CONTENT="City," HEIGHT="70" WIDTH="154" VPOS="1554" HPOS="1968"/>
<SP HEIGHT="66" WIDTH="33" VPOS="1555" HPOS="2123"/>
<String LANG="fr" CONTENT="N." HEIGHT="52" WIDTH="69" VPOS="1555" HPOS="2157"/>
<SP HEIGHT="51" WIDTH="38" VPOS="1556" HPOS="2227"/>
<String CONTENT="Y.," HEIGHT="69" WIDTH="90" VPOS="1556" HPOS="2266"/>
</TextLine>
<TextLine HEIGHT="150" WIDTH="2005" VPOS="1632" HPOS="328" STYLEREFS="StyleId-790EA9F9-08AF-4A90-9C3B-D0B4BB2CD14C-" CS="1">
<String CONTENT="Pub." HEIGHT="52" WIDTH="145" VPOS="1634" HPOS="332"/>
<SP HEIGHT="52" WIDTH="42" VPOS="1634" HPOS="478"/>
<String CONTENT="for" HEIGHT="52" WIDTH="94" VPOS="1634" HPOS="521"/>
<SP HEIGHT="46" WIDTH="36" VPOS="1640" HPOS="616"/>
<String CONTENT="the" HEIGHT="53" WIDTH="95" VPOS="1633" HPOS="653"/>
<SP HEIGHT="55" WIDTH="39" VPOS="1632" HPOS="749"/>
<String CONTENT="Crime" HEIGHT="55" WIDTH="194" VPOS="1632" HPOS="789"/>
<SP HEIGHT="34" WIDTH="35" VPOS="1652" HPOS="984"/>
<String CONTENT="club," HEIGHT="68" WIDTH="147" VPOS="1634" HPOS="1020"/>
<SP HEIGHT="70" WIDTH="39" VPOS="1632" HPOS="1168"/>
<String CONTENT="inc.," HEIGHT="69" WIDTH="126" VPOS="1632" HPOS="1208"/>
<SP HEIGHT="67" WIDTH="36" VPOS="1634" HPOS="1335"/>
<String CONTENT="by" HEIGHT="69" WIDTH="76" VPOS="1634" HPOS="1372"/>
<SP HEIGHT="70" WIDTH="36" VPOS="1633" HPOS="1449"/>
<String CONTENT="Doubleday," HEIGHT="68" WIDTH="360" VPOS="1633" HPOS="1486"/>
<SP HEIGHT="54" WIDTH="37" VPOS="1633" HPOS="1847"/>
<String CONTENT="Doran" HEIGHT="53" WIDTH="201" VPOS="1633" HPOS="1885"/>
<SP HEIGHT="51" WIDTH="38" VPOS="1635" HPOS="2087"/>
<String CONTENT="&amp;" HEIGHT="51" WIDTH="47" VPOS="1635" HPOS="2126"/>
<SP HEIGHT="52" WIDTH="36" VPOS="1635" HPOS="2174"/>
<String CONTENT="company," HEIGHT="129" WIDTH="2005" VPOS="1653" HPOS="328"/>
</TextLine>
<TextLine HEIGHT="68" WIDTH="341" VPOS="1713" HPOS="534" STYLEREFS="StyleId-790EA9F9-08AF-4A90-9C3B-D0B4BB2CD14C-" CS="1">
<String CONTENT="inc." HEIGHT="53" WIDTH="107" VPOS="1713" HPOS="534"/>
<SP HEIGHT="34" WIDTH="39" VPOS="1747" HPOS="642"/>
<String CS="1" CONTENT="["/>
<String STYLE="superscript" CS="1" CONTENT="&#7580;1"/>
<String CONTENT="931]" HEIGHT="64" WIDTH="119" VPOS="1716" HPOS="756"/>
</TextLine>
<TextLine HEIGHT="50" WIDTH="529" VPOS="1792" HPOS="400" CS="1">
<String CONTENT="316" HEIGHT="40" WIDTH="89" VPOS="1794" HPOS="400"/>
<SP HEIGHT="48" WIDTH="28" VPOS="1794" HPOS="490"/>
<String LANG="fr" CONTENT="p." HEIGHT="37" WIDTH="42" VPOS="1805" HPOS="519"/>
<SP HEIGHT="39" WIDTH="61" VPOS="1795" HPOS="562"/>
<String LANG="fr" CS="1" CONTENT="1"/>
<SP HEIGHT="39" WIDTH="31" VPOS="1794" HPOS="649"/>
<String CONTENT="illus." HEIGHT="39" WIDTH="129" VPOS="1794" HPOS="681"/>
<SP HEIGHT="38" WIDTH="60" VPOS="1795" HPOS="811"/>
<String CS="1" CONTENT="19&#189;&#7580;&#7504;." HEIGHT="40" WIDTH="57" VPOS="1792" HPOS="872"/>
</TextLine>
<TextLine HEIGHT="41" WIDTH="429" VPOS="1865" HPOS="400">
<String CONTENT="&#8220;First" HEIGHT="41" WIDTH="166" VPOS="1865" HPOS="400"/>
<SP HEIGHT="39" WIDTH="32" VPOS="1867" HPOS="567"/>
<String CONTENT="edition.&#8221;" HEIGHT="41" WIDTH="229" VPOS="1865" HPOS="600"/>
</TextLine>
<TextLine HEIGHT="53" WIDTH="2019" VPOS="1933" HPOS="335" CS="1">
<String CONTENT="&#169;" HEIGHT="53" WIDTH="52" VPOS="1933" HPOS="335"/>
<SP HEIGHT="53" WIDTH="34" VPOS="1933" HPOS="388"/>
<String CS="1" CONTENT="July" HEIGHT="39" WIDTH="83" VPOS="1939" HPOS="423"/>
<SP HEIGHT="39" WIDTH="34" VPOS="1939" HPOS="541"/>
<String CONTENT="16," HEIGHT="41" WIDTH="69" VPOS="1939" HPOS="576"/>
<SP HEIGHT="42" WIDTH="33" VPOS="1938" HPOS="646"/>
<String CONTENT="1931;" HEIGHT="46" WIDTH="142" VPOS="1937" HPOS="680"/>
<SP HEIGHT="46" WIDTH="37" VPOS="1937" HPOS="823"/>
<String CONTENT="2c." HEIGHT="42" WIDTH="68" VPOS="1937" HPOS="861"/>
<SP HEIGHT="31" WIDTH="35" VPOS="1948" HPOS="930"/>
<String CONTENT="and" HEIGHT="39" WIDTH="96" VPOS="1938" HPOS="966"/>
<SP HEIGHT="39" WIDTH="35" VPOS="1938" HPOS="1063"/>
<String CONTENT="aff." HEIGHT="42" WIDTH="82" VPOS="1936" HPOS="1099"/>
<SP HEIGHT="40" WIDTH="35" VPOS="1938" HPOS="1182"/>
<String CONTENT="July" HEIGHT="47" WIDTH="117" VPOS="1937" HPOS="1218"/>
<SP HEIGHT="48" WIDTH="34" VPOS="1936" HPOS="1336"/>
<String CONTENT="24;" HEIGHT="47" WIDTH="83" VPOS="1936" HPOS="1371"/>
<SP HEIGHT="46" WIDTH="37" VPOS="1937" HPOS="1455"/>
<!-- cceid ECD3B4D6-6E8D-1014-9CF5-AEB3FCA41D69 --><String CONTENT="A" HEIGHT="39" WIDTH="41" VPOS="1937" HPOS="1493"/>
<SP HEIGHT="40" WIDTH="33" VPOS="1937" HPOS="1535"/>
<String CONTENT="39659;" HEIGHT="48" WIDTH="173" VPOS="1935" HPOS="1569"/>
<SP HEIGHT="46" WIDTH="37" VPOS="1937" HPOS="1743"/>
<String CONTENT="E." HEIGHT="41" WIDTH="54" VPOS="1937" HPOS="1781"/>
<SP HEIGHT="42" WIDTH="36" VPOS="1936" HPOS="1836"/>
<String CONTENT="Wallace," HEIGHT="49" WIDTH="232" VPOS="1936" HPOS="1873"/>
<SP HEIGHT="48" WIDTH="35" VPOS="1937" HPOS="2106"/>
<String CONTENT="London." HEIGHT="40" WIDTH="212" VPOS="1936" HPOS="2142"/>
</TextLine>
<TextLine HEIGHT="49" WIDTH="284" VPOS="1995" HPOS="415">
<String CONTENT="(31-19272)" HEIGHT="49" WIDTH="284" VPOS="1995" HPOS="415"/>
</TextLine>
<TextLine HEIGHT="67" WIDTH="1488" VPOS="2088" HPOS="325" STYLEREFS="StyleId-3CCDC306-6763-4B5F-87B7-CB081A0EA924-">
<String CONTENT="Warfield," HEIGHT="65" WIDTH="299" VPOS="2090" HPOS="325"/>
<SP HEIGHT="64" WIDTH="27" VPOS="2091" HPOS="625"/>
<String CONTENT="Benjamin" HEIGHT="65" WIDTH="322" VPOS="2089" HPOS="653"/>
<SP HEIGHT="53" WIDTH="25" VPOS="2090" HPOS="976"/>
<String CONTENT="Breckinridge," HEIGHT="66" WIDTH="450" VPOS="2088" HPOS="1002"/>
<SP HEIGHT="58" WIDTH="29" VPOS="2095" HPOS="1453"/>
<String CONTENT="1851-1921." HEIGHT="52" WIDTH="330" VPOS="2093" HPOS="1483"/>
</TextLine>
<TextLine HEIGHT="71" WIDTH="1943" VPOS="2165" HPOS="410" STYLEREFS="StyleId-790EA9F9-08AF-4A90-9C3B-D0B4BB2CD14C-">
<String CONTENT="The" HEIGHT="52" WIDTH="124" VPOS="2169" HPOS="410"/>
<SP HEIGHT="53" WIDTH="42" VPOS="2169" HPOS="535"/>
<String CONTENT="Westminster" HEIGHT="55" WIDTH="405" VPOS="2167" HPOS="578"/>
<SP HEIGHT="33" WIDTH="61" VPOS="2186" HPOS="984"/>
<String CONTENT="assembly" HEIGHT="69" WIDTH="283" VPOS="2167" HPOS="1046"/>
<SP HEIGHT="51" WIDTH="47" VPOS="2185" HPOS="1330"/>
<String CONTENT="and" HEIGHT="53" WIDTH="114" VPOS="2167" HPOS="1378"/>
<SP HEIGHT="54" WIDTH="46" VPOS="2166" HPOS="1493"/>
<String CONTENT="its" HEIGHT="53" WIDTH="75" VPOS="2166" HPOS="1540"/>
<SP HEIGHT="34" WIDTH="63" VPOS="2185" HPOS="1616"/>
<String CONTENT="work," HEIGHT="69" WIDTH="175" VPOS="2165" HPOS="1680"/>
<SP HEIGHT="69" WIDTH="46" VPOS="2165" HPOS="1856"/>
<String CONTENT="by" HEIGHT="70" WIDTH="76" VPOS="2165" HPOS="1903"/>
<SP HEIGHT="68" WIDTH="60" VPOS="2167" HPOS="1980"/>
<String CONTENT="Benjamin" HEIGHT="70" WIDTH="312" VPOS="2165" HPOS="2041"/>
</TextLine>
<TextLine HEIGHT="151" WIDTH="1991" VPOS="2243" HPOS="337" STYLEREFS="StyleId-790EA9F9-08AF-4A90-9C3B-D0B4BB2CD14C-" CS="1">
<String CONTENT="Breckinridge" HEIGHT="70" WIDTH="422" VPOS="2245" HPOS="339"/>
<SP HEIGHT="63" WIDTH="36" VPOS="2247" HPOS="762"/>
<String CONTENT="Warfield" HEIGHT="64" WIDTH="280" VPOS="2246" HPOS="799"/>
<SP HEIGHT="52" WIDTH="46" VPOS="2247" HPOS="1080"/>
<String CS="1" CONTENT="&#8230;"/>
<SP HEIGHT="53" WIDTH="81" VPOS="2246" HPOS="1184"/>
<String CONTENT="New" HEIGHT="53" WIDTH="140" VPOS="2246" HPOS="1266"/>
<SP HEIGHT="53" WIDTH="41" VPOS="2245" HPOS="1407"/>
<String CONTENT="York" HEIGHT="53" WIDTH="165" VPOS="2245" HPOS="1449"/>
<SP HEIGHT="67" WIDTH="45" VPOS="2245" HPOS="1615"/>
<String CS="1" CONTENT="[etc.]" HEIGHT="62" WIDTH="121" VPOS="2250" HPOS="1679"/>
<SP HEIGHT="69" WIDTH="47" VPOS="2243" HPOS="1801"/>
<String CONTENT="Oxford" HEIGHT="57" WIDTH="232" VPOS="2243" HPOS="1849"/>
<SP HEIGHT="53" WIDTH="41" VPOS="2245" HPOS="2082"/>
<String CONTENT="university" HEIGHT="150" WIDTH="1991" VPOS="2244" HPOS="337"/>
<SP HEIGHT="51" WIDTH="28" VPOS="2343" HPOS="454"/>
<String CONTENT="press," HEIGHT="50" WIDTH="177" VPOS="2343" HPOS="483"/>
<SP HEIGHT="64" WIDTH="32" VPOS="2328" HPOS="661"/>
<String CONTENT="1931." HEIGHT="50" WIDTH="150" VPOS="2327" HPOS="694"/>
</TextLine>
<TextLine HEIGHT="49" WIDTH="631" VPOS="2405" HPOS="406" CS="1">
<String CONTENT="iii" HEIGHT="40" WIDTH="57" VPOS="2406" HPOS="406"/>
<SP HEIGHT="47" WIDTH="24" VPOS="2407" HPOS="464"/>
<String CONTENT="p.," HEIGHT="38" WIDTH="58" VPOS="2416" HPOS="489"/>
<SP HEIGHT="47" WIDTH="25" VPOS="2405" HPOS="548"/>
<String CONTENT="3" HEIGHT="41" WIDTH="27" VPOS="2405" HPOS="574"/>
<SP HEIGHT="41" WIDTH="26" VPOS="2405" HPOS="602"/>
<String CS="1" CONTENT="l.," HEIGHT="17" WIDTH="24" VPOS="2437" HPOS="650"/>
<SP HEIGHT="48" WIDTH="25" VPOS="2406" HPOS="675"/>
<String CONTENT="3-400" HEIGHT="41" WIDTH="147" VPOS="2405" HPOS="701"/>
<SP HEIGHT="49" WIDTH="25" VPOS="2405" HPOS="849"/>
<String CONTENT="p." HEIGHT="38" WIDTH="43" VPOS="2416" HPOS="875"/>
<SP HEIGHT="42" WIDTH="59" VPOS="2405" HPOS="919"/>
<String CONTENT="24" HEIGHT="40" WIDTH="58" VPOS="2405" HPOS="979"/>
<String STYLE="superscript" CS="1" CONTENT="&#7580;&#7504;."/>
</TextLine>
<TextLine HEIGHT="107" WIDTH="1997" VPOS="2474" HPOS="336" CS="1">
<String CONTENT="&#8220;Prefatory" HEIGHT="48" WIDTH="293" VPOS="2475" HPOS="411"/>
<SP HEIGHT="37" WIDTH="28" VPOS="2486" HPOS="705"/>
<String CONTENT="note&#8221;" HEIGHT="42" WIDTH="142" VPOS="2475" HPOS="734"/>
<SP HEIGHT="41" WIDTH="32" VPOS="2475" HPOS="877"/>
<String CONTENT="signed:" HEIGHT="48" WIDTH="196" VPOS="2476" HPOS="910"/>
<SP HEIGHT="40" WIDTH="33" VPOS="2476" HPOS="1107"/>
<String CONTENT="Ethelbert" HEIGHT="41" WIDTH="257" VPOS="2476" HPOS="1141"/>
<SP HEIGHT="41" WIDTH="29" VPOS="2476" HPOS="1399"/>
<String CONTENT="D." HEIGHT="40" WIDTH="57" VPOS="2476" HPOS="1429"/>
<SP HEIGHT="41" WIDTH="33" VPOS="2475" HPOS="1487"/>
<String CONTENT="Warfield," HEIGHT="50" WIDTH="248" VPOS="2475" HPOS="1521"/>
<SP HEIGHT="50" WIDTH="29" VPOS="2475" HPOS="1770"/>
<String CONTENT="William" HEIGHT="41" WIDTH="219" VPOS="2474" HPOS="1800"/>
<SP HEIGHT="39" WIDTH="32" VPOS="2475" HPOS="2020"/>
<String CONTENT="Park" HEIGHT="41" WIDTH="133" VPOS="2475" HPOS="2053"/>
<SP HEIGHT="39" WIDTH="29" VPOS="2475" HPOS="2187"/>
<String CONTENT="Armstrong," HEIGHT="106" WIDTH="1997" VPOS="2475" HPOS="336"/>
<SP HEIGHT="46" WIDTH="30" VPOS="2533" HPOS="519"/>
<String CONTENT="Caspar" HEIGHT="48" WIDTH="189" VPOS="2533" HPOS="550"/>
<SP HEIGHT="39" WIDTH="27" VPOS="2533" HPOS="740"/>
<String CONTENT="Wistar" HEIGHT="41" WIDTH="187" VPOS="2533" HPOS="768"/>
<SP HEIGHT="39" WIDTH="27" VPOS="2533" HPOS="956"/>
<String CONTENT="Hodge," HEIGHT="48" WIDTH="184" VPOS="2533" HPOS="984"/>
<SP HEIGHT="37" WIDTH="29" VPOS="2543" HPOS="1169"/>
<String CONTENT="committee." HEIGHT="41" WIDTH="291" VPOS="2533" HPOS="1199"/>
</TextLine>
<TextLine HEIGHT="51" WIDTH="1940" VPOS="2587" HPOS="409">
<String CONTENT="&#8220;Other" HEIGHT="42" WIDTH="184" VPOS="2589" HPOS="409"/>
<SP HEIGHT="29" WIDTH="29" VPOS="2601" HPOS="594"/>
<String CONTENT="articles" HEIGHT="41" WIDTH="199" VPOS="2590" HPOS="624"/>
<SP HEIGHT="30" WIDTH="29" VPOS="2601" HPOS="824"/>
<String CONTENT="on" HEIGHT="29" WIDTH="61" VPOS="2601" HPOS="854"/>
<SP HEIGHT="39" WIDTH="30" VPOS="2592" HPOS="916"/>
<String CONTENT="the" HEIGHT="41" WIDTH="84" VPOS="2590" HPOS="947"/>
<SP HEIGHT="42" WIDTH="28" VPOS="2589" HPOS="1032"/>
<String CONTENT="Westminster" HEIGHT="43" WIDTH="348" VPOS="2589" HPOS="1061"/>
<SP HEIGHT="29" WIDTH="30" VPOS="2600" HPOS="1410"/>
<String CONTENT="assembly" HEIGHT="49" WIDTH="244" VPOS="2589" HPOS="1441"/>
<SP HEIGHT="38" WIDTH="30" VPOS="2600" HPOS="1686"/>
<String CONTENT="and" HEIGHT="40" WIDTH="97" VPOS="2590" HPOS="1717"/>
<SP HEIGHT="40" WIDTH="32" VPOS="2589" HPOS="1815"/>
<String CONTENT="its" HEIGHT="41" WIDTH="65" VPOS="2589" HPOS="1848"/>
<SP HEIGHT="31" WIDTH="32" VPOS="2599" HPOS="1914"/>
<String CONTENT="work&#8221;:" HEIGHT="42" WIDTH="191" VPOS="2587" HPOS="1947"/>
<SP HEIGHT="40" WIDTH="34" VPOS="2589" HPOS="2139"/>
<String CONTENT="leaf" HEIGHT="43" WIDTH="104" VPOS="2588" HPOS="2174"/>
<SP HEIGHT="40" WIDTH="27" VPOS="2588" HPOS="2279"/>
<String CONTENT="2." HEIGHT="41" WIDTH="42" VPOS="2588" HPOS="2307"/>
</TextLine>
<TextLine HEIGHT="52" WIDTH="2021" VPOS="2659" HPOS="332" CS="1">
<String CONTENT="&#169;" HEIGHT="52" WIDTH="51" VPOS="2659" HPOS="332"/>
<SP HEIGHT="52" WIDTH="24" VPOS="2659" HPOS="384"/>
<String CONTENT="June" HEIGHT="40" WIDTH="129" VPOS="2663" HPOS="409"/>
<SP HEIGHT="39" WIDTH="21" VPOS="2664" HPOS="539"/>
<String CONTENT="11," HEIGHT="42" WIDTH="68" VPOS="2663" HPOS="561"/>
<SP HEIGHT="41" WIDTH="26" VPOS="2664" HPOS="630"/>
<String CS="1" CONTENT="1931;" HEIGHT="40" WIDTH="113" VPOS="2663" HPOS="657"/>
<SP HEIGHT="41" WIDTH="26" VPOS="2663" HPOS="799"/>
<String CONTENT="2c." HEIGHT="39" WIDTH="67" VPOS="2663" HPOS="826"/>
<SP HEIGHT="29" WIDTH="26" VPOS="2673" HPOS="894"/>
<String CONTENT="and" HEIGHT="39" WIDTH="96" VPOS="2663" HPOS="921"/>
<SP HEIGHT="39" WIDTH="23" VPOS="2663" HPOS="1018"/>
<String CONTENT="aff." HEIGHT="40" WIDTH="82" VPOS="2662" HPOS="1042"/>
<SP HEIGHT="40" WIDTH="26" VPOS="2662" HPOS="1125"/>
<String CONTENT="June" HEIGHT="40" WIDTH="128" VPOS="2662" HPOS="1152"/>
<SP HEIGHT="39" WIDTH="23" VPOS="2662" HPOS="1281"/>
<String CONTENT="19;" HEIGHT="47" WIDTH="83" VPOS="2661" HPOS="1305"/>
<SP HEIGHT="46" WIDTH="25" VPOS="2662" HPOS="1389"/>
<!-- cceid ECD61E58-6E8D-1014-9CF5-AEB3FCA41D69 --><String CONTENT="A" HEIGHT="39" WIDTH="41" VPOS="2662" HPOS="1415"/>
<SP HEIGHT="40" WIDTH="23" VPOS="2662" HPOS="1457"/>
<String CS="1" CONTENT="38945;" HEIGHT="43" WIDTH="145" VPOS="2660" HPOS="1481"/>
<SP HEIGHT="47" WIDTH="29" VPOS="2661" HPOS="1655"/>
<String CONTENT="Oxford" HEIGHT="41" WIDTH="189" VPOS="2661" HPOS="1685"/>
<SP HEIGHT="39" WIDTH="24" VPOS="2663" HPOS="1875"/>
<String CONTENT="university" HEIGHT="47" WIDTH="275" VPOS="2661" HPOS="1900"/>
<SP HEIGHT="39" WIDTH="24" VPOS="2671" HPOS="2176"/>
<String CONTENT="press." HEIGHT="37" WIDTH="152" VPOS="2673" HPOS="2201"/>
</TextLine>
<TextLine HEIGHT="50" WIDTH="776" VPOS="2718" HPOS="403">
<String CONTENT="New" HEIGHT="39" WIDTH="119" VPOS="2721" HPOS="403"/>
<SP HEIGHT="38" WIDTH="31" VPOS="2722" HPOS="523"/>
<String CONTENT="York," HEIGHT="44" WIDTH="144" VPOS="2721" HPOS="555"/>
<SP HEIGHT="45" WIDTH="32" VPOS="2720" HPOS="700"/>
<String CONTENT="inc." HEIGHT="40" WIDTH="91" VPOS="2720" HPOS="733"/>
<SP HEIGHT="50" WIDTH="71" VPOS="2718" HPOS="825"/>
<String CONTENT="(31-18836)" HEIGHT="50" WIDTH="282" VPOS="2718" HPOS="897"/>
</TextLine>
<TextLine HEIGHT="73" WIDTH="2028" VPOS="2815" HPOS="324" STYLEREFS="StyleId-790EA9F9-08AF-4A90-9C3B-D0B4BB2CD14C-" CS="1">
<String CONTENT="Weedon&#8217;s" HEIGHT="55" WIDTH="315" VPOS="2817" HPOS="324"/>
<SP HEIGHT="39" WIDTH="35" VPOS="2833" HPOS="640"/>
<String CONTENT="modern" HEIGHT="54" WIDTH="238" VPOS="2819" HPOS="676"/>
<SP HEIGHT="36" WIDTH="39" VPOS="2837" HPOS="915"/>
<String CONTENT="encyclopedia" HEIGHT="72" WIDTH="405" VPOS="2816" HPOS="955"/>
<SP HEIGHT="35" WIDTH="45" VPOS="2836" HPOS="1361"/>
<String CS="1" CONTENT="&#8230;"/>
<SP HEIGHT="57" WIDTH="80" VPOS="2815" HPOS="1464"/>
<String CONTENT="Cleveland," HEIGHT="73" WIDTH="331" VPOS="2815" HPOS="1545"/>
<SP HEIGHT="71" WIDTH="39" VPOS="2817" HPOS="1877"/>
<String CONTENT="Toronto," HEIGHT="70" WIDTH="275" VPOS="2817" HPOS="1917"/>
<SP HEIGHT="70" WIDTH="35" VPOS="2817" HPOS="2193"/>
<String CONTENT="The" HEIGHT="55" WIDTH="123" VPOS="2815" HPOS="2229"/>
</TextLine>
<TextLine HEIGHT="69" WIDTH="975" VPOS="2898" HPOS="400" STYLEREFS="StyleId-790EA9F9-08AF-4A90-9C3B-D0B4BB2CD14C-" CS="1">
<String LANG="fr" CONTENT="S." HEIGHT="55" WIDTH="57" VPOS="2898" HPOS="400"/>
<SP HEIGHT="51" WIDTH="28" VPOS="2899" HPOS="458"/>
<String CONTENT="L." HEIGHT="51" WIDTH="64" VPOS="2899" HPOS="487"/>
<SP HEIGHT="53" WIDTH="30" VPOS="2899" HPOS="552"/>
<String CONTENT="Weedon" HEIGHT="53" WIDTH="253" VPOS="2899" HPOS="583"/>
<SP HEIGHT="33" WIDTH="26" VPOS="2918" HPOS="837"/>
<String CONTENT="company" HEIGHT="51" WIDTH="283" VPOS="2916" HPOS="864"/>
<SP HEIGHT="50" WIDTH="31" VPOS="2917" HPOS="1148"/>
<String CS="1" CONTENT="["/>
<String STYLE="superscript" CS="1" CONTENT="&#7580;1"/>
<String CONTENT="931]" HEIGHT="63" WIDTH="118" VPOS="2900" HPOS="1257"/>
</TextLine>
<TextLine HEIGHT="50" WIDTH="1948" VPOS="2977" HPOS="403" CS="1">
<String CONTENT="2" HEIGHT="39" WIDTH="28" VPOS="2979" HPOS="403"/>
<SP/>
<String CONTENT="V." HEIGHT="28" WIDTH="42" VPOS="2991" HPOS="461"/>
<SP HEIGHT="28" WIDTH="61" VPOS="2991" HPOS="504"/>
<String CONTENT="col." HEIGHT="38" WIDTH="87" VPOS="2981" HPOS="566"/>
<SP HEIGHT="40" WIDTH="29" VPOS="2979" HPOS="654"/>
<String CONTENT="fronts.," HEIGHT="46" WIDTH="193" VPOS="2979" HPOS="684"/>
<SP HEIGHT="46" WIDTH="30" VPOS="2979" HPOS="878"/>
<String CONTENT="illus." HEIGHT="39" WIDTH="130" VPOS="2979" HPOS="909"/>
<SP HEIGHT="47" WIDTH="29" VPOS="2978" HPOS="1040"/>
<String CONTENT="(part" HEIGHT="49" WIDTH="138" VPOS="2978" HPOS="1070"/>
<SP HEIGHT="38" WIDTH="29" VPOS="2980" HPOS="1209"/>
<String CONTENT="col.;" HEIGHT="48" WIDTH="115" VPOS="2977" HPOS="1239"/>
<SP HEIGHT="47" WIDTH="35" VPOS="2978" HPOS="1355"/>
<String CONTENT="incl." HEIGHT="39" WIDTH="109" VPOS="2978" HPOS="1391"/>
<SP HEIGHT="37" WIDTH="31" VPOS="2988" HPOS="1501"/>
<String CONTENT="ports.)" HEIGHT="48" WIDTH="178" VPOS="2978" HPOS="1533"/>
<SP HEIGHT="48" WIDTH="40" VPOS="2978" HPOS="1712"/>
<String CONTENT="col." HEIGHT="41" WIDTH="86" VPOS="2978" HPOS="1753"/>
<SP HEIGHT="37" WIDTH="32" VPOS="2988" HPOS="1840"/>
<String CS="1" CONTENT="pl.," HEIGHT="37" WIDTH="77" VPOS="2988" HPOS="1873"/>
<SP HEIGHT="38" WIDTH="32" VPOS="2987" HPOS="1951"/>
<String CONTENT="maps," HEIGHT="39" WIDTH="153" VPOS="2986" HPOS="1984"/>
<SP HEIGHT="47" WIDTH="31" VPOS="2978" HPOS="2138"/>
<String CONTENT="diagrs." HEIGHT="48" WIDTH="181" VPOS="2977" HPOS="2170"/>
</TextLine>
<TextLine HEIGHT="42" WIDTH="56" VPOS="3035" HPOS="321" CS="1">
<String CS="1" CONTENT="26&#189;&#7580;&#7504;." HEIGHT="42" WIDTH="56" VPOS="3035" HPOS="321"/>
</TextLine>
<TextLine HEIGHT="51" WIDTH="1119" VPOS="3104" HPOS="322">
<String CONTENT="Editor-in-chief:" HEIGHT="45" WIDTH="423" VPOS="3104" HPOS="322"/>
<SP HEIGHT="42" WIDTH="35" VPOS="3107" HPOS="746"/>
<String CONTENT="Garry" HEIGHT="48" WIDTH="158" VPOS="3107" HPOS="782"/>
<SP HEIGHT="48" WIDTH="29" VPOS="3107" HPOS="941"/>
<String CONTENT="Cleveland" HEIGHT="42" WIDTH="262" VPOS="3106" HPOS="971"/>
<SP HEIGHT="42" WIDTH="31" VPOS="3105" HPOS="1234"/>
<String CONTENT="Myers." HEIGHT="49" WIDTH="175" VPOS="3105" HPOS="1266"/>
</TextLine>
<TextLine HEIGHT="53" WIDTH="2017" VPOS="3175" HPOS="332" CS="1">
<String CONTENT="&#169;" HEIGHT="53" WIDTH="52" VPOS="3175" HPOS="332"/>
<SP HEIGHT="53" WIDTH="33" VPOS="3175" HPOS="385"/>
<String CS="1" CONTENT="July" HEIGHT="38" WIDTH="82" VPOS="3181" HPOS="419"/>
<SP HEIGHT="41" WIDTH="29" VPOS="3180" HPOS="537"/>
<String CONTENT="3," HEIGHT="47" WIDTH="41" VPOS="3180" HPOS="567"/>
<SP HEIGHT="47" WIDTH="30" VPOS="3180" HPOS="609"/>
<String CONTENT="1931;" HEIGHT="47" WIDTH="141" VPOS="3179" HPOS="640"/>
<SP HEIGHT="48" WIDTH="34" VPOS="3178" HPOS="782"/>
<String CONTENT="2c." HEIGHT="41" WIDTH="67" VPOS="3178" HPOS="817"/>
<SP HEIGHT="31" WIDTH="32" VPOS="3188" HPOS="885"/>
<String CONTENT="each" HEIGHT="39" WIDTH="119" VPOS="3179" HPOS="918"/>
<SP HEIGHT="39" WIDTH="31" VPOS="3179" HPOS="1038"/>
<String CONTENT="and" HEIGHT="38" WIDTH="95" VPOS="3182" HPOS="1070"/>
<SP HEIGHT="38" WIDTH="32" VPOS="3182" HPOS="1166"/>
<String CONTENT="aff." HEIGHT="41" WIDTH="84" VPOS="3179" HPOS="1199"/>
<SP HEIGHT="40" WIDTH="33" VPOS="3180" HPOS="1284"/>
<String CONTENT="July" HEIGHT="46" WIDTH="117" VPOS="3180" HPOS="1318"/>
<SP HEIGHT="46" WIDTH="30" VPOS="3180" HPOS="1436"/>
<String CONTENT="17;" HEIGHT="46" WIDTH="82" VPOS="3180" HPOS="1467"/>
<SP HEIGHT="48" WIDTH="36" VPOS="3178" HPOS="1550"/>
<!-- cceid ECD71B4E-6E8D-1014-9CF5-AEB3FCA41D69 --><String CONTENT="A" HEIGHT="39" WIDTH="40" VPOS="3178" HPOS="1587"/>
<SP HEIGHT="41" WIDTH="30" VPOS="3178" HPOS="1628"/>
<String CONTENT="39536;" HEIGHT="49" WIDTH="172" VPOS="3176" HPOS="1659"/>
<SP HEIGHT="48" WIDTH="38" VPOS="3177" HPOS="1832"/>
<String LANG="fr" CONTENT="S." HEIGHT="42" WIDTH="44" VPOS="3177" HPOS="1871"/>
<SP HEIGHT="40" WIDTH="32" VPOS="3177" HPOS="1916"/>
<String CONTENT="L." HEIGHT="42" WIDTH="51" VPOS="3177" HPOS="1949"/>
<SP HEIGHT="41" WIDTH="32" VPOS="3178" HPOS="2001"/>
<String CONTENT="Weedon" HEIGHT="41" WIDTH="213" VPOS="3177" HPOS="2034"/>
<SP HEIGHT="31" WIDTH="32" VPOS="3188" HPOS="2248"/>
<String CONTENT="co." HEIGHT="31" WIDTH="68" VPOS="3189" HPOS="2281"/>
</TextLine>
<TextLine HEIGHT="49" WIDTH="283" VPOS="3236" HPOS="411">
<String CONTENT="(31-19005)" HEIGHT="49" WIDTH="283" VPOS="3236" HPOS="411"/>
</TextLine>
<TextLine HEIGHT="67" WIDTH="1127" VPOS="3330" HPOS="325" STYLEREFS="StyleId-3CCDC306-6763-4B5F-87B7-CB081A0EA924-">
<String CONTENT="Wheeler," HEIGHT="67" WIDTH="292" VPOS="3330" HPOS="325"/>
<SP HEIGHT="65" WIDTH="27" VPOS="3332" HPOS="618"/>
<String CONTENT="William" HEIGHT="56" WIDTH="258" VPOS="3330" HPOS="646"/>
<SP HEIGHT="53" WIDTH="28" VPOS="3332" HPOS="905"/>
<String CONTENT="Reginald," HEIGHT="67" WIDTH="310" VPOS="3330" HPOS="934"/>
<SP HEIGHT="61" WIDTH="32" VPOS="3336" HPOS="1245"/>
<String CONTENT="1889-" HEIGHT="51" WIDTH="174" VPOS="3336" HPOS="1278"/>
</TextLine>
<TextLine HEIGHT="70" WIDTH="1943" VPOS="3407" HPOS="398" STYLEREFS="StyleId-790EA9F9-08AF-4A90-9C3B-D0B4BB2CD14C-">
<String CONTENT="The" HEIGHT="52" WIDTH="124" VPOS="3410" HPOS="398"/>
<SP HEIGHT="35" WIDTH="38" VPOS="3427" HPOS="523"/>
<String CONTENT="words" HEIGHT="53" WIDTH="188" VPOS="3410" HPOS="562"/>
<SP HEIGHT="35" WIDTH="40" VPOS="3428" HPOS="751"/>
<String CONTENT="of" HEIGHT="53" WIDTH="64" VPOS="3408" HPOS="792"/>
<SP HEIGHT="57" WIDTH="40" VPOS="3408" HPOS="857"/>
<String CONTENT="God" HEIGHT="55" WIDTH="129" VPOS="3410" HPOS="898"/>
<SP HEIGHT="53" WIDTH="40" VPOS="3410" HPOS="1028"/>
<String CONTENT="in" HEIGHT="52" WIDTH="59" VPOS="3410" HPOS="1069"/>
<SP HEIGHT="34" WIDTH="43" VPOS="3428" HPOS="1129"/>
<String CONTENT="an" HEIGHT="34" WIDTH="72" VPOS="3428" HPOS="1173"/>
<SP HEIGHT="52" WIDTH="41" VPOS="3410" HPOS="1246"/>
<String CONTENT="African" HEIGHT="54" WIDTH="250" VPOS="3408" HPOS="1288"/>
<SP HEIGHT="54" WIDTH="40" VPOS="3407" HPOS="1539"/>
<String CONTENT="forest;" HEIGHT="69" WIDTH="208" VPOS="3407" HPOS="1580"/>
<SP HEIGHT="63" WIDTH="43" VPOS="3413" HPOS="1789"/>
<String CONTENT="the" HEIGHT="52" WIDTH="97" VPOS="3409" HPOS="1833"/>
<SP HEIGHT="34" WIDTH="37" VPOS="3427" HPOS="1931"/>
<String CONTENT="story" HEIGHT="64" WIDTH="159" VPOS="3413" HPOS="1969"/>
<SP HEIGHT="51" WIDTH="40" VPOS="3426" HPOS="2129"/>
<String CONTENT="of" HEIGHT="53" WIDTH="63" VPOS="3407" HPOS="2170"/>
<SP HEIGHT="53" WIDTH="38" VPOS="3407" HPOS="2234"/>
<String CONTENT="an" HEIGHT="33" WIDTH="68" VPOS="3427" HPOS="2273"/>
</TextLine>
<TextLine HEIGHT="73" WIDTH="1959" VPOS="3484" HPOS="326" STYLEREFS="StyleId-790EA9F9-08AF-4A90-9C3B-D0B4BB2CD14C-" CS="1">
<String CONTENT="American" HEIGHT="55" WIDTH="310" VPOS="3486" HPOS="326"/>
<SP HEIGHT="34" WIDTH="27" VPOS="3507" HPOS="637"/>
<String CONTENT="mission" HEIGHT="54" WIDTH="236" VPOS="3487" HPOS="665"/>
<SP HEIGHT="52" WIDTH="24" VPOS="3487" HPOS="902"/>
<String CONTENT="in" HEIGHT="52" WIDTH="60" VPOS="3487" HPOS="927"/>
<SP HEIGHT="52" WIDTH="23" VPOS="3490" HPOS="988"/>
<String CONTENT="West" HEIGHT="52" WIDTH="163" VPOS="3490" HPOS="1012"/>
<SP HEIGHT="53" WIDTH="22" VPOS="3488" HPOS="1176"/>
<String CONTENT="Africa," HEIGHT="72" WIDTH="227" VPOS="3484" HPOS="1199"/>
<SP HEIGHT="69" WIDTH="23" VPOS="3487" HPOS="1427"/>
<String CONTENT="by" HEIGHT="70" WIDTH="76" VPOS="3487" HPOS="1451"/>
<SP HEIGHT="68" WIDTH="25" VPOS="3489" HPOS="1528"/>
<String CONTENT="W." HEIGHT="53" WIDTH="89" VPOS="3489" HPOS="1554"/>
<SP HEIGHT="52" WIDTH="28" VPOS="3488" HPOS="1644"/>
<String CONTENT="Reginald" HEIGHT="70" WIDTH="288" VPOS="3486" HPOS="1673"/>
<SP HEIGHT="54" WIDTH="25" VPOS="3487" HPOS="1962"/>
<String CONTENT="Wheeler" HEIGHT="54" WIDTH="265" VPOS="3486" HPOS="1988"/>
<SP HEIGHT="34" WIDTH="31" VPOS="3505" HPOS="2254"/>
<String CS="1" CONTENT="&#8230;"/>
</TextLine>
<TextLine HEIGHT="70" WIDTH="2017" VPOS="3564" HPOS="328" STYLEREFS="StyleId-790EA9F9-08AF-4A90-9C3B-D0B4BB2CD14C-" CS="1">
<String CONTENT="foreword" HEIGHT="54" WIDTH="286" VPOS="3564" HPOS="328"/>
<SP HEIGHT="52" WIDTH="30" VPOS="3566" HPOS="615"/>
<String CONTENT="by" HEIGHT="67" WIDTH="76" VPOS="3566" HPOS="646"/>
<SP HEIGHT="67" WIDTH="26" VPOS="3566" HPOS="723"/>
<String CONTENT="Jean" HEIGHT="54" WIDTH="148" VPOS="3566" HPOS="750"/>
<SP HEIGHT="52" WIDTH="29" VPOS="3566" HPOS="899"/>
<String CONTENT="Kenyon" HEIGHT="68" WIDTH="246" VPOS="3566" HPOS="929"/>
<SP HEIGHT="54" WIDTH="27" VPOS="3566" HPOS="1176"/>
<String CONTENT="Mackenzie" HEIGHT="53" WIDTH="334" VPOS="3565" HPOS="1204"/>
<SP HEIGHT="35" WIDTH="32" VPOS="3584" HPOS="1539"/>
<String CS="1" CONTENT="&#8230;"/>
<SP HEIGHT="52" WIDTH="79" VPOS="3566" HPOS="1629"/>
<String CONTENT="New" HEIGHT="52" WIDTH="138" VPOS="3566" HPOS="1709"/>
<SP HEIGHT="53" WIDTH="29" VPOS="3565" HPOS="1848"/>
<String CONTENT="York," HEIGHT="68" WIDTH="181" VPOS="3565" HPOS="1878"/>
<SP HEIGHT="69" WIDTH="31" VPOS="3564" HPOS="2060"/>
<String CONTENT="Chicago" HEIGHT="70" WIDTH="253" VPOS="3564" HPOS="2092"/>
</TextLine>
<TextLine HEIGHT="69" WIDTH="1349" VPOS="3643" HPOS="332" STYLEREFS="StyleId-790EA9F9-08AF-4A90-9C3B-D0B4BB2CD14C-" CS="1">
<String CONTENT="[etc.]" HEIGHT="62" WIDTH="139" VPOS="3649" HPOS="332"/>
<SP HEIGHT="66" WIDTH="38" VPOS="3645" HPOS="472"/>
<String CONTENT="Fleming" HEIGHT="69" WIDTH="269" VPOS="3643" HPOS="511"/>
<SP HEIGHT="67" WIDTH="32" VPOS="3645" HPOS="781"/>
<String CONTENT="H." HEIGHT="52" WIDTH="75" VPOS="3645" HPOS="814"/>
<SP HEIGHT="52" WIDTH="36" VPOS="3644" HPOS="890"/>
<String CONTENT="Revell" HEIGHT="54" WIDTH="200" VPOS="3643" HPOS="927"/>
<SP HEIGHT="52" WIDTH="33" VPOS="3644" HPOS="1128"/>
<String CONTENT="company" HEIGHT="52" WIDTH="284" VPOS="3660" HPOS="1162"/>
<SP HEIGHT="51" WIDTH="39" VPOS="3661" HPOS="1447"/>
<String CS="1" CONTENT="["/>
<String STYLE="superscript" CS="1" CONTENT="&#7580;1"/>
<String CONTENT="931]" HEIGHT="65" WIDTH="119" VPOS="3646" HPOS="1562"/>
</TextLine>
<TextLine HEIGHT="51" WIDTH="1367" VPOS="3724" HPOS="399" CS="1">
<String CONTENT="3" HEIGHT="39" WIDTH="26" VPOS="3726" HPOS="399"/>
<SP/>
<String LANG="fr" CS="1" CONTENT="p."/>
<SP/>
<String LANG="fr" CS="1" CONTENT="l."/>
<String CONTENT="," HEIGHT="15" WIDTH="8" VPOS="3757" HPOS="568"/>
<SP HEIGHT="47" WIDTH="31" VPOS="3725" HPOS="577"/>
<String CONTENT="5-318" HEIGHT="42" WIDTH="146" VPOS="3725" HPOS="609"/>
<SP HEIGHT="48" WIDTH="27" VPOS="3726" HPOS="756"/>
<String CONTENT="p." HEIGHT="38" WIDTH="43" VPOS="3736" HPOS="784"/>
<SP HEIGHT="40" WIDTH="58" VPOS="3726" HPOS="828"/>
<String CONTENT="front.," HEIGHT="47" WIDTH="166" VPOS="3726" HPOS="887"/>
<SP HEIGHT="39" WIDTH="31" VPOS="3736" HPOS="1054"/>
<String CONTENT="plates," HEIGHT="49" WIDTH="174" VPOS="3726" HPOS="1086"/>
<SP HEIGHT="48" WIDTH="30" VPOS="3726" HPOS="1261"/>
<String CONTENT="double" HEIGHT="40" WIDTH="175" VPOS="3726" HPOS="1292"/>
<SP HEIGHT="30" WIDTH="29" VPOS="3736" HPOS="1468"/>
<String CONTENT="maps." HEIGHT="38" WIDTH="153" VPOS="3735" HPOS="1498"/>
<SP HEIGHT="42" WIDTH="58" VPOS="3724" HPOS="1652"/>
<String CONTENT="21" HEIGHT="40" WIDTH="55" VPOS="3724" HPOS="1711"/>
<String STYLE="superscript" CS="1" CONTENT="&#7580;&#7504;."/>
</TextLine>
<TextLine HEIGHT="50" WIDTH="1940" VPOS="3794" HPOS="404" CS="1">
<String CONTENT="&#8220;A" HEIGHT="40" WIDTH="69" VPOS="3794" HPOS="404"/>
<SP HEIGHT="39" WIDTH="24" VPOS="3795" HPOS="474"/>
<String CONTENT="brief" HEIGHT="40" WIDTH="129" VPOS="3795" HPOS="499"/>
<SP HEIGHT="39" WIDTH="23" VPOS="3796" HPOS="629"/>
<String CONTENT="reading" HEIGHT="48" WIDTH="204" VPOS="3796" HPOS="653"/>
<SP HEIGHT="47" WIDTH="22" VPOS="3797" HPOS="858"/>
<String CONTENT="list" HEIGHT="40" WIDTH="83" VPOS="3796" HPOS="881"/>
<SP HEIGHT="38" WIDTH="27" VPOS="3798" HPOS="965"/>
<String CONTENT="on" HEIGHT="30" WIDTH="60" VPOS="3806" HPOS="993"/>
<SP HEIGHT="39" WIDTH="24" VPOS="3796" HPOS="1054"/>
<String CONTENT="Africa" HEIGHT="40" WIDTH="171" VPOS="3796" HPOS="1079"/>
<SP HEIGHT="30" WIDTH="28" VPOS="3806" HPOS="1251"/>
<String CONTENT="and" HEIGHT="39" WIDTH="96" VPOS="3797" HPOS="1280"/>
<SP HEIGHT="39" WIDTH="23" VPOS="3797" HPOS="1377"/>
<String CONTENT="the" HEIGHT="41" WIDTH="84" VPOS="3796" HPOS="1401"/>
<SP HEIGHT="40" WIDTH="26" VPOS="3797" HPOS="1486"/>
<String CONTENT="West" HEIGHT="40" WIDTH="134" VPOS="3797" HPOS="1513"/>
<SP HEIGHT="40" WIDTH="25" VPOS="3796" HPOS="1648"/>
<String CONTENT="Africa" HEIGHT="40" WIDTH="170" VPOS="3795" HPOS="1674"/>
<SP HEIGHT="30" WIDTH="26" VPOS="3805" HPOS="1845"/>
<String CS="1" CONTENT="mission&#8221;:" HEIGHT="41" WIDTH="231" VPOS="3794" HPOS="1872"/>
<SP HEIGHT="39" WIDTH="27" VPOS="3804" HPOS="2133"/>
<String CONTENT="p." HEIGHT="38" WIDTH="44" VPOS="3805" HPOS="2161"/>
<SP HEIGHT="41" WIDTH="23" VPOS="3794" HPOS="2206"/>
<String CONTENT="306-" HEIGHT="41" WIDTH="114" VPOS="3794" HPOS="2230"/>
</TextLine>
<TextLine HEIGHT="42" WIDTH="102" VPOS="3850" HPOS="325">
<String CONTENT="309." HEIGHT="42" WIDTH="102" VPOS="3850" HPOS="325"/>
</TextLine>
<TextLine HEIGHT="55" WIDTH="2012" VPOS="3918" HPOS="335">
<String CONTENT="&#169;" HEIGHT="52" WIDTH="51" VPOS="3918" HPOS="335"/>
<SP HEIGHT="52" WIDTH="33" VPOS="3918" HPOS="387"/>
<String CONTENT="July" HEIGHT="47" WIDTH="114" VPOS="3923" HPOS="421"/>
<SP HEIGHT="46" WIDTH="32" VPOS="3924" HPOS="536"/>
<String CONTENT="11," HEIGHT="45" WIDTH="66" VPOS="3924" HPOS="569"/>
<SP HEIGHT="43" WIDTH="32" VPOS="3926" HPOS="636"/>
<String CONTENT="1931;" HEIGHT="48" WIDTH="140" VPOS="3924" HPOS="669"/>
<SP HEIGHT="46" WIDTH="31" VPOS="3926" HPOS="810"/>
<String CONTENT="2c." HEIGHT="40" WIDTH="67" VPOS="3926" HPOS="842"/>
<SP HEIGHT="30" WIDTH="32" VPOS="3936" HPOS="910"/>
<String CONTENT="and" HEIGHT="38" WIDTH="94" VPOS="3926" HPOS="943"/>
<SP HEIGHT="39" WIDTH="32" VPOS="3926" HPOS="1038"/>
<String CONTENT="aff." HEIGHT="41" WIDTH="82" VPOS="3924" HPOS="1071"/>
<SP HEIGHT="37" WIDTH="31" VPOS="3926" HPOS="1154"/>
<String CONTENT="July" HEIGHT="46" WIDTH="116" VPOS="3925" HPOS="1186"/>
<SP HEIGHT="45" WIDTH="32" VPOS="3926" HPOS="1303"/>
<String CONTENT="15;" HEIGHT="40" WIDTH="80" VPOS="3925" HPOS="1336"/>
<SP HEIGHT="40" WIDTH="34" VPOS="3925" HPOS="1417"/>
<!-- cceid ECD7AA4B-6E8D-1014-9CF5-AEB3FCA41D69 --><String CONTENT="A" HEIGHT="38" WIDTH="40" VPOS="3925" HPOS="1452"/>
<SP HEIGHT="40" WIDTH="29" VPOS="3925" HPOS="1493"/>
<String CONTENT="39467;" HEIGHT="47" WIDTH="171" VPOS="3924" HPOS="1523"/>
<SP HEIGHT="47" WIDTH="35" VPOS="3924" HPOS="1695"/>
<String CONTENT="Fleming" HEIGHT="49" WIDTH="221" VPOS="3924" HPOS="1731"/>
<SP HEIGHT="49" WIDTH="31" VPOS="3924" HPOS="1953"/>
<String CONTENT="H." HEIGHT="39" WIDTH="58" VPOS="3924" HPOS="1985"/>
<SP HEIGHT="38" WIDTH="34" VPOS="3924" HPOS="2044"/>
<String CONTENT="Revell" HEIGHT="40" WIDTH="167" VPOS="3923" HPOS="2079"/>
<SP HEIGHT="38" WIDTH="32" VPOS="3925" HPOS="2247"/>
<String CONTENT="co." HEIGHT="33" WIDTH="67" VPOS="3931" HPOS="2280"/>
</TextLine>
<TextLine HEIGHT="47" WIDTH="282" VPOS="3979" HPOS="413">
<String CONTENT="(31-19288)" HEIGHT="47" WIDTH="282" VPOS="3979" HPOS="413"/>
</TextLine>
</TextBlock>
</PrintSpace>
</Page>
</Layout>
</alto>