2428 4370
1242 4070 135 51 1992

306 369 71 56 U.
407 370 57 54 S.
543 371 214 56 Census
788 372 165 69 office.
1029 375 135 52 15th
1194 392 195 37 census
1395 422 12 25 ,
1436 379 151 51 1930.

379 449 214 55 Census
646 451 64 53 of
761 450 403 70 Indianapolis
1215 453 76 71 by
1345 473 195 36 census
1593 461 196 64 tracts,
1840 454 177 70 April
2070 460 48 63 1,
2172 460 150 50 1930.

307 526 222 57 Official
578 534 197 63 report
821 530 64 53 of
934 531 97 55 the
1079 530 219 56 United
1351 531 189 57 States
1588 534 215 53 bureau
1851 534 66 54 of
1964 535 98 53 the
2109 553 212 38 census.

302 606 1819 74 Indianapolis, Ind., Indianapolis census committee, ᶜ19 31.
376 689 587 49 63 numb. l. map. 28 ᶜᵐ.
312 742 52 52 ©
396 747 120 48 Aug.
549 747 39 48 5,
621 745 113 42 1931;
795 747 67 40 2c.
896 747 119 48 Aug.
1049 748 25 40 5;
1137 747 82 41 aff.
1254 749 118 49 Aug.
1407 751 27 40 7;
1496 750 42 40 A
1568 749 147 42 39902;
1778 750 339 49 Indianapolis
2150 763 173 31 census

379 804 289 41 committee.

303 882 282 67 Vannier,
614 884 178 67 Léon,
824 890 172 51 1880-

436 962 1884 73 … La doctrine de l’homœopathie française … Paris, G.
301 1040 154 53 Doin
482 1043 46 50 &
554 1060 27 34 c
585 1040 34 29 ie
623 1084 12 25 ,
663 1044 152 51 1931.

371 1124 292 49 327 p. 18½ ᶜᵐ.
309 1178 1902 55 © June 18, 1931; 1c. Oct. 12; A— Foreign. 13890; Gaston Doin & cⁱᵉ.
387 1239 284 50 (31-31522)

303 1319 317 67 Vaughan,
651 1322 208 65 Henry
889 1320 277 68 William,
1202 1324 174 54 1887-

369 1395 1887 74 Breeds of live stock in America, by Henry W. Vaughan …
299 1473 328 72 Columbus,
658 1474 87 70 O.,
775 1475 67 53 K.
876 1476 68 55 G.
976 1476 220 54 Adams
1227 1477 113 52 and
1371 1494 298 52 company,
1702 1481 150 49 1931.

368 1557 893 50 1 p. l., 7-780 p. front., illus. 23 ½ ᶜᵐ.
309 1613 52 52 ©
393 1618 120 40 Nov.
545 1616 69 49 10,
648 1616 113 42 1931;
823 1616 68 41 2c.
924 1618 119 40 Nov.
1075 1617 60 40 30;
1194 1617 83 42 aff.
1311 1617 118 42 Nov.
1462 1617 56 41 27;
1581 1617 41 40 A
1653 1618 146 40 46055;
1864 1619 60 40 H.
1960 1620 71 39 W.
2067 1620 254 49 Vaughan,

377 1675 257 49 Bozeman,
665 1675 149 41 Mont.
887 1674 284 50 (31-34255)

301 1758 298 65 Waldner,
627 1758 256 53 Edward
910 1758 74 55 H.

373 1835 123 53 The
531 1835 145 70 busy
710 1836 179 53 man’s
930 1835 193 54 friend
1165 1836 113 53 and
1316 1835 175 70 guide
1531 1840 56 49 to
1627 1854 234 50 success,
1900 1836 75 71 by
2016 1835 149 55 facts
2206 1837 107 53 and

300 1913 2020 70 figures … by Edward H. Waldner … [Madison, Wis., Straus
301 1991 576 71 printing co., ᶜ19 31]
387 2073 757 49 1 p. l., 38 p. incl. forms. 20 ᶜᵐ.
308 2128 2012 56 © Oct. 24, 1931; 2c. Nov. 7; aff. Nov. 27; A 46052; E. H. Waldner,
380 2191 250 47 Poynette,
666 2190 116 41 Wis.
854 2190 282 48 (31-34375)

304 2254 195 67 Wells,
527 2258 141 54 Mrs.
697 2257 187 54 Helen
922 2257 270 66 (Butler)
1230 2263 173 50 1862-

367 2333 123 55 The
523 2334 160 55 three
713 2334 235 54 modern
984 2335 360 67 musketeers,
1378 2335 251 53 dictated
1663 2335 73 71 by
1770 2334 351 69 themselves,
299 2333 1995 150 clair-audiently

635 2412 253 55 received
927 2413 75 69 by
1041 2413 186 55 Helen
1266 2413 195 55 Wells.
1562 2413 138 53 [New
1743 2413 180 69 York,
1961 2411 241 54 Printed
2242 2411 75 71 by

297 2489 791 72 Polytype co., inc.] ᶜ19 31.
369 2572 735 48 1 p. l., 5-114 p. ports. 21½ ᶜᵐ.
370 2630 249 47 Messages
646 2629 219 41 received
893 2629 130 41 from
1050 2630 247 40 Bertrand
1324 2629 52 41 L.
1404 2631 164 46 Wells,
1600 2630 201 41 Carlton
1830 2630 170 41 Childs
2027 2631 96 40 and
2153 2631 164 44 Patsy.

309 2686 52 52 ©
395 2688 101 42 Oct.
529 2690 68 47 11,
631 2688 115 42 1931;
806 2688 69 42 2c.
908 2690 112 40 Dec.
1054 2690 25 38 1;
1143 2688 83 42 aff.
1259 2689 120 41 Nov.
1412 2688 59 41 30;
1530 2689 42 39 A
1603 2689 149 40 46084;
1813 2689 157 41 Helen
2004 2689 165 47 Wells,
2203 2689 117 40 New

376 2747 146 41 York.
594 2747 281 48 (31-34217)

301 2812 197 67 Wells,
528 2813 255 57 Rosalie.

377 2890 257 57 Covered
662 2892 231 69 bridges
923 2892 60 52 in
1012 2892 288 68 America,
1328 2892 76 69 by
1433 2891 234 54 Rosalie
1693 2892 208 66 Wells;
1934 2891 143 53 with
2107 2910 32 33 a
304 2888 1994 136 foreword

507 2970 77 70 by
630 2970 238 55 Charles
917 2970 57 55 S.
1021 2970 296 69 Whitney,
1419 3013 10 10 M.
1515 3013 10 10 C.
1611 3013 10 9 E.
1697 2970 141 53 New
1885 2969 182 68 York,
2113 2970 88 54 W.
2250 2968 68 52 E.

300 3049 224 69 Rudge,
564 3052 151 50 1931.

374 3131 1144 51 4 p. l., 7-135, [1] p. incl. front., illus. 26 ᶜᵐ.
308 3186 52 52 ©
388 3191 117 38 Nov.
534 3190 39 41 6,
601 3188 115 42 1931;
772 3190 65 41 2c.
867 3191 118 39 Nov.
1014 3190 55 40 12;
1127 3190 83 41 aff.
1238 3190 118 40 Nov.
1386 3190 55 39 11;
1498 3190 42 39 A
1567 3187 147 42 43962;
1772 3188 55 40 R.
1856 3188 71 39 W.
1961 3186 171 49 Smith,
2162 3187 156 40 Paris.

387 3246 282 49 (31-34119)

300 3310 363 67 Whiteman,
696 3312 275 57 Kalman.

369 3389 119 53 Bar
524 3389 292 68 Mitzvah;
855 3391 260 68 speeches
1151 3390 171 54 based
1359 3408 71 35 on
1466 3390 97 54 the
1599 3389 155 54 sidra
1791 3388 113 54 and
1938 3386 277 54 haftarah
2252 3385 65 54 of

298 3486 170 51 every
509 3465 257 57 Sabbath
806 3468 60 54 in
909 3468 97 53 the
1044 3487 155 51 year,
1240 3468 260 69 together
1541 3467 143 53 with
1725 3467 96 54 the
1863 3470 148 50 most
2052 3462 263 57 essential

298 3545 138 54 laws
479 3546 64 53 of
585 3544 205 56 tefillin
834 3547 113 53 and
992 3548 374 67 appropriate
1410 3545 370 54 instructions
1822 3550 58 49 to
1925 3544 270 55 teachers,
2238 3542 76 70 by

298 3622 252 55 Kalman
581 3622 358 69 Whiteman;
971 3624 317 56 translated
1319 3624 75 70 by
1423 3622 368 56 Maximilian
1821 3623 285 53 Hurwitz.
2176 3620 139 53 New

301 3700 179 69 York,
515 3701 248 56 Hebrew
801 3700 336 71 publishing
1173 3720 296 52 company,
1511 3704 152 50 1931.

370 3780 761 51 ix, x-xiv, x-xiv, 135 p. 21 ᶜᵐ.
373 3837 186 41 “Order
587 3838 52 41 of
667 3839 168 49 laying
862 3841 83 40 the
975 3839 204 41 tefillin”
1208 3841 95 40 and
1337 3839 184 42 “Order
1552 3840 52 40 of
1635 3839 202 47 reading
1869 3840 83 40 the
1979 3840 96 39 law
2106 3839 95 39 and
2236 3838 81 40 the

301 3893 258 49 prophets”
596 3895 67 48 (p.
687 3897 162 47 x-xiv,
876 3897 155 48 paged
1056 3897 51 39 in
1134 3896 273 49 duplicate)
1440 3896 50 41 in
1518 3896 202 46 English
1749 3897 93 39 and
1872 3897 222 38 Hebrew.

309 3949 52 53 ©
391 3953 100 42 Oct.
520 3954 70 48 22,
618 3955 143 50 1931;
788 3956 69 42 2c.
886 3956 104 43 Oct.
1017 3956 84 48 26;
1131 3955 83 44 aff.
1244 3956 102 42 Oct.
1376 3955 83 49 27;
1489 3956 43 41 A
1558 3956 173 48 43517;
1763 3954 209 43 Hebrew
2000 3954 109 50 pub.
2139 3964 70 30 co.

387 4009 283 54 (31-34218)
