2505 4370
1273 4031 104 53 142

325 372 931 64 Shaw, John Robert, b . 1761.
394 449 57 53 A
491 450 295 53 narrative
828 448 64 54 of
936 449 96 53 the
1074 447 107 55 life
1225 451 51 51 &
1321 450 213 52 travels
1579 448 63 55 of
1685 450 158 54 John
1886 450 220 54 Robert
2151 450 191 69 Shaw,

323 528 96 54 the
449 526 380 71 well-digger,
859 545 127 35 now
1019 526 250 55 resident
1301 527 61 54 in
1392 527 345 71 Lexington,
1767 528 327 71 Kentucky.
324 530 1992 129 Written

449 604 1892 71 by himself … Lexington: Printed by D. Bradford. 1807
346 683 334 67 [Louisville,
710 683 135 70 Ky.,
876 682 69 56 G.
980 684 244 68 Fowler,
1260 685 152 66 1930]

394 764 1545 51 3 p. l., [11]-242 p., 1 l. incl. 1 illus., plates. front. 22 ᶜᵐ.
393 836 164 41 “First
587 836 200 46 edition,
820 835 87 42 300
939 836 204 47 copies.”

389 892 328 49 Experiences
758 892 50 40 in
851 894 82 39 the
977 892 190 41 British
1211 902 153 38 army,
1409 894 97 40 and
1548 893 272 42 afterward
1861 893 51 41 in
1954 894 83 42 the
2079 895 260 42 American

321 960 152 38 army,
515 950 179 47 during
735 950 82 40 the
861 948 367 52 revolutionary
1271 959 117 34 war,
1431 949 120 41 with
1595 961 27 29 a
1666 951 254 41 narrative
1963 950 53 42 of
2060 952 184 41 travels
2289 952 48 40 in

321 1008 199 39 various
547 1009 138 46 parts
712 1007 54 39 of
793 1007 83 40 the
906 1006 181 41 United
1120 1005 178 42 States.

330 1074 2013 55 © Dec. 10, 1930; 2c. Dec. 18; aff. Jan. 29, 1931; A 34091; George
397 1136 224 40 Leonard
660 1136 203 39 Fowler.
948 1131 52 52 [©
1040 1136 361 42 introduction;
1443 1136 302 41 subscribers
1781 1137 82 40 for
1899 1136 141 49 1930;
2082 1137 161 48 index,
2283 1138 60 47 by

398 1193 184 47 George
607 1195 223 38 Leonard
856 1194 205 49 Fowler]
1135 1192 254 51 (31-3305)

321 1288 316 66 Sidgwick,
675 1289 199 64 Cecily
912 1288 300 67 (Ullman)
1254 1291 173 54 “Mrs.
1462 1288 213 55 Alfred
1709 1288 353 66 Sidgwick.”

458 1366 1658 70 … Mutterherz auf reisen. Berlin, Universitas [ ᶜ1 930]
392 1449 393 51 222, [1] p. 19 ᶜᵐ.
396 1521 357 42 “Autorisierte
781 1522 353 49 uebersetzung
1160 1533 94 29 von
1283 1523 54 40 E.
1365 1521 51 42 L.
1447 1520 254 43 Schiffer.”

327 1590 2016 52 © Oct. 7, 1930; 1c . Dec. 9; A— Foreign 10535; Universitas deutsche
393 1651 719 49 verlags-aktiengesellschaft.
1184 1650 254 50 (31-4562)

320 1749 275 65 Skinner,
627 1750 331 54 Constance
990 1748 285 64 Lindsay.

458 1824 1777 71 … Der Weisse Häuptling. Köln, H. Schaffstein [ ᶜ1 930]
392 1910 100 50 214,
533 1911 55 49 [2]
627 1921 43 38 p.
732 1910 129 41 illus.
920 1909 56 42 23½ᶜᵐ.

393 1982 66 42 At
485 1983 127 39 head
639 1982 52 40 of
720 1981 108 41 title:
886 1981 165 41 Const.
1080 1981 51 41 L.
1164 1980 224 42 Skinner.

394 2040 199 41 “Erstes
623 2039 75 41 bis
728 2039 178 41 drittes
938 2037 251 43 tausend.”

395 2097 341 49 “Berechtigte
829 2097 290 48 übersetzung
1178 2107 90 29 aus
1327 2096 108 39 dem
1495 2094 426 42 amerikanischen
1992 2094 126 49 (The
2178 2093 162 41 White

321 2156 214 48 Leader)
573 2166 94 30 von
698 2154 191 41 Ellinor
918 2153 252 42 Drösser.”

325 2223 2014 53 © Aug. 27, 1930; 1c . Dec. 9; A —Foreign 10537; Hermann Schaffstein
392 2286 182 48 verlag.
646 2283 252 50 (31-4564)

318 2380 217 65 Smith,
569 2380 147 53 Paul
748 2379 256 56 Samuel.

386 2457 58 53 A
466 2476 123 34 new
614 2456 291 70 approach
930 2461 57 48 to
1013 2456 96 53 the
1134 2454 306 54 American
1470 2452 407 69 Constitution,
1902 2454 74 68 by
2003 2453 150 53 Paul
317 2452 1996 137 Samuel

445 2530 1893 72 Smith … Whittier, Calif., Calart publishing house, ltd.,
318 2617 152 51 1931.

387 2693 473 50 3 p. l. , 150 p. 23 ᶜᵐ.
389 2766 228 40 Includes
648 2762 396 51 bibliographies.

324 2833 52 54 ©
409 2838 110 41 Jan.
552 2837 69 49 17,
653 2835 142 49 1931;
828 2834 68 43 2c.
929 2835 95 40 and
1058 2833 82 44 aff.
1173 2833 112 42 Jan.
1318 2833 56 41 27;
1436 2832 41 41 A
1507 2829 172 51 34029;
1715 2832 51 41 P.
1803 2831 45 43 S.
1883 2829 172 51 Smith,
2089 2828 247 50 Whittier,

394 2895 146 42 Calif.
611 2894 254 49 (31-3200)

318 2992 201 65 Spero,
550 2990 267 65 Sterling
842 2988 302 64 Denhard,
1175 2992 173 51 1896-

387 3071 123 53 The
548 3069 169 53 black
753 3067 251 69 worker;
1044 3067 98 52 the
1179 3083 177 51 negro
1395 3065 114 53 and
1548 3064 96 53 the
1683 3063 161 53 labor
1883 3067 337 63 movement,
2257 3062 75 67 by

319 3147 259 70 Sterling
607 3148 72 53 D.
712 3146 181 68 Spero
924 3146 113 53 and
1068 3144 222 55 Abram
1319 3145 63 51 L.
1415 3141 227 55 Harris.
1719 3142 137 52 New
1891 3140 179 66 York,
314 3140 1992 139 Columbia

439 3224 322 69 university
789 3242 174 50 press,
995 3226 151 50 1931.

425 3339 9 16 x,
463 3306 88 41 509
574 3317 59 38 p.,
660 3307 25 39 1
736 3338 9 9 l.
805 3305 56 39 22½ᶜᵐ.

388 3376 383 49 “Bibliography
799 3376 53 40 of
879 3375 161 41 works
1068 3373 157 42 cited”:
1287 3384 43 38 p.
1357 3372 220 42 485-496.

324 3445 52 52 ©
406 3448 112 41 Feb.
547 3448 39 49 2,
616 3447 107 41 1931;
790 3448 68 39 2c.
888 3446 111 41 Feb.
1029 3446 25 38 2;
1116 3444 81 40 aff.
1230 3445 111 40 Feb.
1372 3445 25 39 3;
1458 3443 41 39 A
1528 3442 147 41 34132;
1735 3440 252 43 Columbia
2020 3440 131 41 univ.
2183 3449 150 39 press.

401 3504 252 51 (31-3610)

318 3601 200 64 Stark,
551 3600 209 55 Saidee
792 3599 196 63 Ethel,
1022 3603 172 50 1892-

385 3678 123 53 The
546 3677 397 68 development
977 3675 64 53 of
1080 3674 225 54 criteria
1349 3673 93 53 for
1478 3673 95 54 the
1611 3670 358 56 educational
2008 3666 320 56 evaluation

316 3756 63 54 of
419 3754 356 70 advertising
811 3752 262 56 material
1111 3752 132 53 used
1291 3752 73 62 by
1401 3751 165 52 home
1603 3748 310 55 economics
1953 3747 265 67 workers,
2258 3745 72 68 by

313 3824 1995 144 Saidee E. Stark … New York city, The Association of national
522 3909 360 72 advertisers,
907 3908 128 70 inc.,
1063 3911 152 51 1930.
