2428 4370
1303 4041 135 49 1814

342 413 273 65 Getman,
645 412 318 56 Frederick
992 414 253 65 Hutton,
1277 416 169 53 1877-

409 489 264 55 Outlines
709 490 63 52 of
806 489 330 53 theoretical
1173 489 325 73 chemistry,
1533 491 73 70 by
1646 489 308 55 Frederick
1991 490 75 52 H.
2107 489 241 55 Getman

398 566 1953 73 … 5th ed., rev. and largely rewritten, by Farrington Daniels
400 644 1952 71 … New York. J. Wiley & sons, inc.; London, Chapman &
338 724 159 68 Hall,
523 723 243 65 limited,
796 726 148 52 1931.

411 809 26 40 2
463 818 40 37 p.
551 839 23 15 l.,
603 804 151 46 iii-ix.
810 807 56 41 643
894 817 39 36 p.
993 806 141 47 illus.,
1162 807 179 47 diagrs.
1396 807 146 40 23½ᶜᵐ.
1660 805 131 50 $3.75

411 876 235 42 Contains
675 878 389 47 bibliographies.

350 947 1989 103 © Oct. 30, 1931 ; 2c. Nov. 6; aff. Nov. 5; A 44641; F. H. Getman, Stamford.
577 1008 161 41 Conn.,
774 1009 94 39 and
906 1008 291 44 Farrington
1234 1007 215 42 Daniels.
1487 1007 236 42 Madison.
1759 1006 116 42 Wis.

432 1065 282 46 (31-32104)

346 1172 356 67 Goldsmith,
735 1173 214 65 Oliver,
986 1178 326 52 1728-1774.

417 1252 121 53 The
581 1253 293 68 grumbler.
936 1271 70 34 an
1054 1252 341 69 adaptation
1441 1252 75 68 by
1563 1250 201 56 Oliver
1810 1250 361 68 Goldsmith;
2219 1250 139 53 with

351 1328 2011 71 introduction and notes by Alice I. Perry Wood … Cambridge,
352 1409 187 67 Mass.,
567 1408 274 53 Harvard
874 1408 318 69 university
1223 1425 177 52 press,
1433 1409 149 52 1931.

484 1488 1876 53 xx p., 1 l., 33 p. front., port., facsim. 23½ ᶜᵐ . (Half-title: Huntington
352 1546 180 51 library
566 1546 349 48 publications)

420 1619 73 38 An
523 1617 290 48 adaptation
845 1618 51 38 of
927 1616 78 41 Sir
1034 1615 204 42 Charles
1271 1616 214 48 Sedley’s
1518 1616 296 41 translation
1847 1616 53 40 of
1934 1616 185 48 Brueys
2166 1618 196 46 comedy

349 1675 52 39 of
430 1674 93 42 “Le
552 1673 269 49 grondeur”
842 1684 8 33 :
886 1675 238 47 produced
1159 1674 126 40 from
1316 1674 83 41 the
1433 1672 244 43 licenser’s
1707 1681 118 41 copy
1858 1673 47 41 in
1941 1673 82 42 the
2054 1672 306 50 Huntington

353 1732 196 46 library,
585 1733 80 40 the
700 1742 144 44 pages
878 1733 94 38 and
1013 1732 121 40 lines
1169 1732 49 38 of
1252 1731 83 41 the
1369 1731 192 48 printed
1600 1734 106 38 text
1741 1731 165 40 follow
1943 1732 81 40 the
2063 1731 298 49 manuscript

350 1788 207 50 exactly.

359 1857 50 51 ©
436 1862 101 40 Oct.
563 1862 57 38 10,
715 1861 52 38 1931;
824 1861 65 39 2c.
917 1862 101 37 Oct.
1047 1862 19 36 19;
1156 1859 81 41 aff.
1266 1859 101 41 Oct.
1394 1860 55 39 24;
1507 1862 37 36 A
1570 1860 145 40 44465;
1772 1861 255 39 President
2055 1861 95 38 and
2176 1860 189 40 fellows

427 1919 51 37 of
511 1919 228 39 Harvard
774 1918 192 45 college.
1002 1918 303 46 Cambridge,
1343 1920 145 37 Mass.
1571 1914 417 52 [©·introduction
2026 1920 95 37 and
2157 1921 151 45 notes]

439 1976 280 47 (31-32027)

355 2073 214 64 Haase,
599 2072 210 54 Albert
839 2072 297 64 Ericssen,
1171 2078 168 50 1896-

420 2147 120 54 The
570 2147 354 69 advertising
952 2147 458 69 appropriation,
1479 2167 84 34 how
1594 2157 55 43 to
1680 2147 309 56 determine
2022 2148 38 53 it
2094 2148 112 53 and
2238 2149 125 51 how

351 2225 1989 148 to administer it, by Albert E. Haase … New York and London,
510 2305 233 67 Harper
768 2306 42 50 &
841 2303 273 55 brothers.
1146 2307 149 52 1931.

424 2386 819 49 xix, 181 p. incl. forms. 22½ ᶜᵐ .
425 2459 162 40 “First
618 2457 227 43 edition.”

363 2526 2006 52 © Nov. 4, 1931; 2c. Nov. 4; aff. Nov. 6; A 43822; A. E. Haase. Yonkers.
432 2589 54 39 N.
520 2589 47 39 Y.
644 2588 279 45 (31-32115)

359 2683 393 62 Haberstroh,
786 2681 152 55 Emil
972 2684 335 55 Frederick.

429 2759 1880 70 How to speak good English, by E. F. Haberstroh …
362 2838 1713 71 Racine. Wis., Whitman publishing company [ ᶜ1 931]
429 2920 623 49 2 p. l., 9-115 p. 13½ ᶜᵐ .
366 2989 1990 52 © Oct. 8 , 19 31 ; 2c. and aff. Oct. 17 ; A 43311 ; L. M. Garrity & co., inc.,
436 3052 222 39 Medford,
711 3053 142 37 Mass.
927 3051 280 46 (31-32034)

360 3145 434 64 Henri-Simon,
825 3146 221 55 Pierre.

495 3224 1879 81 … Les Valentin. Paris, Éditions de La vraie France, 1931.
427 3312 1600 61 239 p. 18 ½ ᶜᵐ . [Éditions de La vraie France. S ⁱᵉ b, n° 83]
431 3389 783 42 On cover: R omans et récits.
369 3459 1728 52 © Feb. 2, 1931 ; 1c. July 31 ; A— Foreign 13293; Dunod. Paris.
449 3522 280 43 (31-32334)

367 3616 310 64 Hermant,
709 3616 165 63 Abel,
914 3622 167 50 1862-

367 3693 1979 146 … Les samedis de monsieur Lancelot. [Paris] E. Flammarion [1931]
437 3852 460 49 272 p., 1 l. 19 ᶜᵐ .
372 3918 1946 53 © Apr. 30, 1931 ; 1c. May 14; A— Foreign 12855; Ernest Flammarion.
477 3982 257 41 (31-32454)
