2428 4370
1252 4062 135 50 1454

290 423 206 62 Fryer,
529 421 281 64 Douglas,
843 427 172 49 1891-

357 498 123 54 The
515 505 414 47 measurement
964 501 64 52 of
1063 499 264 52 interests
1363 499 55 51 in
1458 499 241 53 relation
1738 505 57 46 to
1831 501 210 51 human
288 499 1985 136 adjustment,

502 576 1798 71 by Douglas Fryer … with an introduction by Lewis
289 656 1779 69 M. Terman. New York. H. Holt and company [ ᶜ1 931]
361 738 878 49 xxxvi. 488 p. illus., diagrs. 22 ᶜᵐ.
367 794 444 49 “Bibliographical
847 794 304 41 references”
1184 796 52 39 at
1268 796 92 39 end
1394 794 53 41 of
1477 797 127 38 most
1634 794 54 41 of
1718 796 80 39 the
1832 796 242 47 chapters.

296 862 51 53 ©
380 867 129 48 Sept.
538 867 68 42 12,
632 865 117 41 1931;
807 867 67 40 2c.
904 867 97 39 and
1030 866 81 41 aff.
1146 866 128 47 Sept.
1304 864 81 49 19;
1418 867 40 38 A
1485 865 172 48 41712;
1690 867 169 47 Henry
1889 867 118 39 Holt
2037 866 36 41 &
2101 877 82 36 co.,
2212 867 91 39 inc.

374 924 283 50 (31-24607)

296 1019 247 64 Gilbert,
574 1018 281 56 Ariadne.

365 1094 153 56 Over
571 1094 225 55 famous
847 1095 343 68 thresholds,
1239 1097 76 68 by
1364 1095 260 54 Ariadne
1675 1094 255 69 Gilbert;
1981 1096 326 53 illustrated

293 1174 141 53 with
492 1174 415 69 photographs.
983 1174 140 53 New
1181 1174 182 68 York,
1417 1174 261 69 London,
1733 1174 122 53 The
1915 1173 256 71 Century
2228 1192 79 35 co.

373 1255 100 50 [ ᶜ1 931]
365 1335 100 48 xix,
492 1335 88 41 396
605 1346 44 37 p.
709 1334 164 49 front.,
902 1335 173 49 plates,
1102 1337 151 47 ports.
1312 1334 60 42 20ᶜᵐ.
1548 1332 133 53 $2.00

368 1392 165 42 “First
559 1390 264 51 printing.”

301 1460 51 53 ©
389 1465 129 48 Sept.
549 1464 69 48 15,
650 1463 113 41 1931;
825 1463 68 42 2c.
926 1464 96 39 and
1054 1463 82 40 aff.
1173 1463 128 49 Sept.
1335 1462 55 41 19;
1452 1463 42 40 A
1525 1463 146 41 41725;
1735 1463 215 49 Century
1983 1474 68 31 co.

380 1521 282 50 (31-24500)

302 1616 130 65 Gill,
462 1617 155 64 Eric,
650 1622 171 50 1882-

377 1696 259 67 Clothes;
682 1717 73 33 an
793 1717 159 50 essay
993 1716 155 49 upon
1185 1696 96 53 the
1319 1701 204 50 nature
1563 1698 113 53 and
1715 1695 364 71 significance
2119 1698 64 52 of
2220 1697 95 53 the

302 1779 231 50 natural
573 1778 112 51 and
727 1775 266 53 artificial
1032 1777 385 67 integuments
1454 1793 159 35 worn
1649 1777 76 69 by
1761 1795 129 33 men
1929 1778 114 52 and
2082 1795 235 49 women,

303 1857 76 67 by
429 1856 136 52 Eric
615 1854 149 58 Gill;
816 1854 140 52 with
1005 1860 95 46 ten
1150 1854 293 69 diagrams
1490 1856 289 66 engraved
1824 1856 76 68 by
1947 1855 96 53 the
2092 1855 223 52 author.

302 1935 243 52 London
583 1938 137 62 [etc.]
757 1933 55 54 J.
847 1932 174 69 Cape,
1055 1935 149 50 1931.

371 2013 1166 50 4 p. l. 3-196, [1] p., 1 l. incl. illus., pl. 19½ᶜᵐ.
307 2081 2010 53 © 1c. Sept. 2, 1931; A ad int. 15446; pubd. July 6; Jonathan Cape &
375 2142 244 40 Harrison
652 2141 170 48 Smith,
854 2142 106 47 inc.,
992 2142 118 39 New
1141 2142 144 39 York.
1358 2141 282 50 (31-25172)

306 2237 288 65 Gregory,
624 2237 277 65 Jackson,
938 2242 172 50 1882-

374 2315 120 53 The
538 2315 173 53 silver
753 2320 137 64 star,
932 2313 77 71 by
1054 2313 253 55 Jackson
1351 2312 280 71 Gregory.
1713 2314 139 52 New
1900 2313 181 69 York,
2126 2314 190 53 Dodd.

306 2394 164 52 Mead
504 2396 43 50 &
578 2410 300 52 company,
910 2395 152 51 1931.

371 2476 27 38 3
461 2509 8 6 p.
518 2507 21 10 l.,
568 2474 88 41 306
682 2484 42 38 p.
787 2474 55 41 19½ᶜᵐ.

381 2533 283 39 Illustrated
694 2534 97 45 t-p.
822 2532 94 39 and
946 2530 365 49 lining-papers.

311 2601 51 53 ©
395 2606 128 47 Sept.
613 2637 8 16 18,
651 2604 139 42 1931;
821 2604 67 41 2c.
920 2604 129 48 Sept.
1077 2604 83 46 25;
1192 2603 81 43 aff.
1307 2604 128 48 Sept.
1464 2603 83 48 26;
1579 2604 41 39 A
1647 2603 173 48 41894;
1853 2605 42 39 J.
1927 2604 229 48 Gregory,
413 2605 1887 103 Altadena,

548 2662 145 41 Calif.
765 2661 280 49 (31-24774)

311 2755 225 62 Griffin,
566 2757 236 54 Samuel
834 2757 271 61 Chester,
1139 2761 170 50 1882-

381 2834 246 70 History
668 2833 66 55 of
777 2833 331 69 Galveston,
1151 2835 213 66 Texas;
1412 2833 296 55 narrative
1750 2833 113 55 and
1908 2833 415 71 biographical,

311 2915 73 67 by
415 2913 57 56 S.
504 2913 62 55 C.
596 2912 219 56 Griffin.
892 2913 332 66 Galveston,
1254 2914 155 67 Tex.,
1439 2913 70 52 A.
1540 2913 77 53 H.
1651 2912 287 69 Cawston,
1970 2916 149 50 1931.

386 2996 1308 49 5 p. l. , 19-408 p. incl. plates, ports. front. 27½ᶜᵐ.
315 3064 51 53 ©
404 3068 127 48 Sept.
567 3069 24 38 1,
641 3066 113 41 1931;
817 3066 55 40 2c
922 3068 127 48 Sept.
1083 3068 84 47 24;
1204 3067 82 42 aff.
1324 3068 129 48 Sept,
1487 3067 82 48 23;
1607 3068 40 39 A
1681 3067 172 48 42562;
1891 3068 54 39 A.
1981 3068 60 39 H.
2079 3066 241 48 Cawston,

382 3125 190 40 Austin.
646 3125 280 47 (31-24760)

314 3220 206 62 Guest,
551 3219 202 64 Edgar
781 3218 229 64 Albert,
1042 3226 170 49 1881-

382 3297 120 54 The
530 3296 217 54 friendly
815 3316 142 54 way,
984 3298 34 52 by
1086 3299 201 68 Edgar
1313 3299 69 53 A.
1412 3298 194 55 Guest.
1686 3296 270 71 Chicago,
1985 3299 119 51 The
2131 3296 190 69 Reilly

310 3377 507 67 & Lee co. [ ᶜ1 931]
384 3458 692 49 6 p. l. , 15-186 p., 3 l. 19 ᶜᵐ.
385 3515 186 41 Poems.

318 3568 51 53 ©
404 3573 128 48 Sept.
562 3574 55 38 15,
661 3572 140 48 1931;
832 3573 66 40 2c.
933 3572 128 49 Sept.
1091 3573 83 42 21;
1208 3572 82 42 aff.
1324 3572 128 48 Sept.
1483 3572 82 46 19;
1598 3573 41 38 A
1668 3572 172 46 41743;
1875 3572 160 48 Reilly
2066 3571 37 40 &
2132 3571 95 40 Lee
2255 3581 68 32 co.

400 3630 281 47 (31-24520)

316 3725 328 63 Harkness,
679 3725 253 64 Georgia
965 3724 189 56 Elma.

384 3801 154 53 John
576 3800 203 55 Calvin;
846 3802 96 52 the
976 3821 129 33 man
1142 3803 110 52 and
1288 3802 90 53 his
1409 3802 195 53 ethics,
1636 3802 76 66 by
1746 3800 250 70 Georgia
2029 3799 297 54 Harkness

376 3879 1390 69 … New York. H. Holt and company [ ᶜ1 931]
387 3961 1254 51 xiii p., 2 l., 3-266 p. front., plates, ports. 22½ ᶜᵐ.
