2505 4370
1269 4029 133 49 1102

321 384 346 66 Spaulding,
699 383 224 54 Robert
952 382 273 66 Kilburn,
1258 388 171 51 1898-

393 460 1881 71 Syntax of the Spanish verb, by Robert K. Spaulding …
318 539 1288 71 New York, H. Holt and company [ ᶜ1 931]
424 623 30 48 vi,
482 622 99 49 136,
610 622 92 41 xiii
727 633 44 38 p.
832 623 56 40 17½ᶜᵐ.

392 694 163 40 “First
588 693 219 49 printing.”

326 762 52 53 ©
409 768 116 46 May
554 766 69 47 28,
653 764 113 42 1931;
826 765 68 42 2c.
925 766 95 39 and
1052 765 81 40 aff.
1166 765 127 40 June
1324 765 55 40 23;
1440 766 40 38 A
1510 764 144 42 39057;
1716 766 168 48 Henry
1917 765 119 42 Holt
2066 766 36 40 &
2134 778 67 29 co.,
2249 766 90 41 inc.

408 824 283 49 (31-18187)

321 933 272 66 Springs,
624 933 208 55 Elliott
859 933 221 67 White,
1111 939 173 51 1896-

391 1012 123 53 The
543 1011 110 54 rise
682 1013 112 52 and
825 1011 109 54 fall
963 1012 65 53 of
1056 1012 172 56 Carol
1262 1011 215 69 Banks,
1502 1012 76 69 by
1608 1011 211 54 Elliott
1845 1011 197 55 White
2074 1009 262 71 Springs.

320 1089 235 56 Garden
587 1090 153 69 City,
771 1092 68 53 N.
875 1092 90 56 Y.,
996 1090 361 71 Doubleday,
1386 1092 199 52 Doran
1618 1094 45 50 &
1693 1108 300 52 company,
2026 1091 127 65 inc.,
2190 1096 147 48 1931.

392 1172 465 49 5 p. l., 307 p. 24½ ᶜᵐ.
393 1244 164 41 “First
582 1243 230 41 edition.”

329 1312 51 52 ©
419 1316 116 48 July
572 1315 41 49 9,
651 1315 113 41 1931;
832 1315 67 40 2c.
938 1318 94 38 and
1072 1315 82 42 aff.
1194 1317 117 47 July
1349 1316 82 48 18;
1471 1316 41 40 A
1549 1315 173 49 40410;
1762 1318 53 39 E.
1853 1317 73 40 W.
1969 1316 217 49 Springs.
2226 1317 116 40 Fort

398 1374 121 48 Mill,
550 1374 44 42 S.
624 1374 48 41 C.
745 1374 282 48 (31-18742)

322 1482 334 65 Stackpole,
688 1483 279 54 Edouard
998 1484 92 64 A.,
1124 1488 174 51 1905-

393 1559 356 70 Smuggler’s
778 1560 150 70 luck,
954 1561 173 70 being
1155 1562 96 52 the
1281 1562 343 52 adventures
1651 1561 65 52 of
1745 1562 274 69 Timothy
2049 1562 288 54 Pinkham

322 1639 65 52 of
432 1639 328 54 Nantucket
806 1639 188 54 island
1040 1639 215 69 during
1300 1640 95 52 the
1440 1658 120 34 war
1605 1639 64 54 of
1711 1640 97 52 the
1852 1640 321 53 revolution
2241 1640 93 68 [by]

323 1718 277 53 Edouard
637 1720 70 54 A.
746 1719 324 68 Stackpole.
1148 1718 140 53 New
1325 1718 181 71 York,
1540 1721 90 53 W.
1667 1720 250 52 Morrow
1954 1722 51 50 &
2042 1737 300 51 company.

325 1799 150 51 1931.

397 1878 995 50 vi p., 2 l., 310 p. front., plates. 21 ᶜᵐ.
399 1952 292 39 Illustrated
719 1951 366 49 lining-papers.

331 2018 51 52 ©
416 2023 118 47 July
565 2024 70 48 11,
666 2023 107 40 1931;
842 2024 68 40 2c.
942 2025 95 38 and
1072 2023 79 40 aff.
1187 2025 118 46 July
1337 2025 56 39 15;
1455 2025 41 38 A
1527 2023 144 41 39471;
1736 2025 52 39 E.
1823 2024 54 41 A.
1913 2024 272 48 Stackpole,
399 2025 1929 97 Nantucket

594 2082 182 42 Island,
804 2083 147 39 Mass.
1027 2082 282 47 (31-18174)

325 2203 238 66 Sutton,
596 2204 280 56 Clarence
904 2205 253 66 Wesley,
1190 2207 174 55 1870-

395 2282 1948 70 Brief business arithmetic, by C. W. Sutton … and N. J.
323 2360 1997 147 Lennes … Rev. ed. Boston, New York [etc.] Allyn and Bacon [ ᶜ1 931]
440 2522 785 50 v. 299, 6 p. illus., diagrs. 20½ᶜᵐ.
333 2590 1997 102 © June 9, 1931; 2c. July 15; aff. July 13; A 40360; C . W. Sutton, Cleveland
561 2651 223 50 Heights,
825 2652 67 43 O.,
933 2653 95 39 and
1067 2653 54 39 N.
1162 2653 44 40 J.
1245 2653 202 49 Lennes,
1489 2652 249 49 Missoula,
1780 2654 151 40 Mont.

413 2709 282 49 (31-18719)

327 2805 236 67 Taylor,
594 2805 249 67 Archer,
879 2811 172 52 1890-

331 2885 1991 134 “Edward” and “Sven i Roseng å rd”, a study in the dissemination
556 2966 65 52 of
644 2984 31 33 a
696 2966 197 53 ballad
924 2965 110 69 [by]
1065 2964 224 55 Archer
1311 2966 233 68 Taylor.
1620 2964 273 71 Chicago,
1917 2965 115 71 Ill.,
2057 2965 125 55 The
330 2964 1993 142 University

576 3044 65 53 of
671 3042 253 64 Chicago
955 3062 159 44 press
1168 3046 155 60 [1931]

396 3120 475 51 xi, 110, [1] p. 22 ᶜᵐ.
678 3193 165 39 CONTENTS.—The
878 3192 146 48 study
1060 3192 52 42 of
1147 3193 84 40 the
1264 3192 409 42 ballad.—Texts.

337 3264 51 52 ©
419 3268 127 40 June
574 3267 69 45 23,
673 3266 108 41 1931;
845 3268 67 39 2c.
942 3268 95 38 and
1068 3266 82 40 aff.
1180 3267 131 40 June
1335 3265 56 40 25;
1449 3267 41 38 A
1518 3264 146 43 39092;
1724 3266 285 49 University
2040 3266 52 41 of
2124 3265 223 50 Chicago,

406 3326 224 47 Chicago.
703 3324 281 49 (31-18303)

338 3437 462 69 [Tercentenary
830 3436 350 54 conference
1209 3435 66 55 of
1303 3435 123 66 city
1455 3435 116 54 and
1601 3438 159 51 town
1790 3434 393 64 committees,
2216 3435 109 52 inc.]

400 3512 368 70 Celebrating
800 3534 31 33 a
864 3514 168 52 300th
1068 3512 372 69 anniversary;
1505 3534 31 33 a
1569 3517 193 64 report
1793 3511 64 54 of
1889 3513 96 52 the
327 3511 1993 135 Massachusetts

491 3593 112 68 bay
633 3597 391 62 tercentenary
1052 3591 65 54 of
1146 3594 153 66 1930,
1329 3590 506 69 commemorating
1860 3591 95 52 the
1987 3590 168 53 300th
329 3590 1989 149 anniversary

591 3670 64 53 of
684 3670 97 54 the
811 3669 289 69 founding
1128 3670 75 69 by
1237 3670 96 52 the
1364 3668 275 55 Puritans
1671 3668 64 55 of
1763 3670 96 52 the
1891 3670 128 68 Bay
2052 3668 199 71 colony
2287 3667 54 52 in

328 3746 137 53 New
507 3747 289 69 England.
874 3746 172 71 Story
1089 3748 63 53 of
1193 3747 95 53 the
1334 3746 413 71 organization,
1790 3753 401 63 arrangement
2233 3744 110 55 and

330 3825 242 54 conduct
611 3825 64 54 of
714 3826 94 52 the
848 3824 336 68 state-wide,
1225 3824 270 55 localized
1539 3825 338 54 celebration
1920 3825 56 53 in
2020 3827 103 50 250
2164 3832 182 48 towns

331 3904 112 53 and
479 3901 160 57 cities
672 3903 62 53 of
766 3904 95 54 the
895 3903 465 54 commonwealth
1396 3903 151 54 from
1581 3903 262 73 January
1884 3907 20 49 1
1947 3909 56 48 to
2039 3902 307 55 December
