2505 4370
1337 4046 100 54 180

447 454 763 50 691 p. illus., diagrs. 30 ᶜᵐ .
447 513 126 41 Text
600 523 61 29 on
689 512 124 40 back
840 512 342 49 lining-paper.

448 568 318 51 Advertising
791 572 183 39 matter
1002 569 347 50 interspersed.

383 640 52 53 ©
473 645 128 40 June
636 645 39 47 1,
713 642 141 49 1930;
893 643 67 41 2c.
999 644 112 41 Feb.
1147 644 69 48 13,
1256 642 142 48 1931;
1438 643 83 41 aff.
1559 643 112 42 Feb.
1708 644 83 48 11;
1830 644 42 40 A
1908 644 173 48 34335;
2124 645 273 42 Industrial

451 701 341 49 publications,
823 701 91 42 inc.
989 700 253 51 (31-4785)

380 796 380 65 Chesterton,
791 795 230 56 Gilbert
1048 795 205 67 Keith,
1285 797 173 55 1874-

375 872 1998 152 … Come to think of it … New York, Dodd, Mead & company, 1931.
448 1031 680 52 xiv p., 1 l., 272 p. 19½ ᶜᵐ .
446 1092 66 41 At
540 1091 127 41 head
696 1089 53 42 of
776 1089 110 43 title
904 1101 9 30 :
946 1089 54 42 G.
1028 1090 62 42 K.
1118 1090 307 41 Chesterton.

448 1148 198 49 Essays.

383 1218 52 53 ©
469 1222 112 43 Feb.
614 1222 39 49 6,
686 1221 114 42 1931;
861 1220 67 42 2c.
962 1222 97 39 and
1093 1220 82 43 aff.
1209 1221 113 41 Feb.
1355 1221 54 38 11;
1472 1220 42 40 A
1544 1220 148 41 33664;
1753 1220 153 49 Dodd,
1943 1222 143 39 Mead
2121 1222 38 41 &
2189 1232 82 38 co.,
2306 1222 91 41 inc.

460 1278 254 51 (31-4422)

379 1373 197 66 Clark,
605 1376 139 53 Mrs.
775 1375 129 53 Eva
930 1375 116 53 Lee
1083 1373 291 66 (Turner)
1413 1375 173 54 1871-

446 1450 237 54 Hidden
713 1450 275 55 allusions
1015 1450 61 54 in
1108 1450 435 71 Shakespeare’s
1570 1451 166 70 plays;
1797 1472 33 35 a
1858 1452 172 72 study
2061 1452 64 53 of
2155 1452 96 53 the

377 1450 1996 133 Oxford
540 1530 201 70 theory
767 1529 172 54 based
968 1548 71 34 on
1070 1530 97 54 the
1194 1529 228 54 records
1450 1528 65 55 of
1539 1530 160 70 early
1729 1539 161 47 court
1917 1528 182 56 revels
2127 1530 114 54 and

376 1547 1998 117 personalities
714 1607 63 53 of
821 1608 96 54 the
960 1606 182 70 times,
1184 1608 77 70 by
1306 1607 127 56 Eva
1481 1608 224 53 Turner
1753 1607 195 56 Clark.
2029 1608 140 55 New
2220 1607 178 70 York,

376 1685 694 73 W. F. Payson [ ᶜ1 931 ] .
485 1767 802 51 x, 693 p. front. (port.) 23ᶜᵐ.
448 1825 336 50 Frontispiece
812 1824 345 50 accompanied
1185 1825 62 48 by
1275 1826 155 48 guard
1459 1826 138 42 sheet
1626 1825 117 42 with
1777 1825 293 50 descriptive
2097 1829 300 49 letterpress.

383 1896 53 52 ©
462 1900 111 41 Feb.
597 1899 40 49 2,
661 1899 115 41 1931;
830 1899 68 40 2c.
924 1899 110 40 Feb.
1061 1900 25 39 7;
1140 1898 83 41 aff.
1249 1899 112 39 Feb.
1386 1898 54 39 11;
1495 1898 43 39 A
1560 1897 145 41 34293;
1762 1899 54 40 E.
1839 1899 54 41 T.
1920 1898 162 50 Clark,
2110 1899 117 40 New
2255 1900 143 41 York.

464 1955 253 50 (31-4432)

379 2052 274 65 Costello,
683 2053 156 53 John
868 2052 273 65 Michael,
1172 2057 174 50 1903-

509 2128 1889 70 … Domicile and quasi-domicile … by the Reverend John M.
378 2206 2020 71 Costello … Washington, D. C., The Catholic university of
375 2287 287 68 America,
692 2289 151 51 1930.

448 2368 1949 53 vii, 201, [1] p. 23 ᶜᵐ . (The Catholic university of America. Canon law
376 2428 190 42 studies.
640 2438 75 30 no.
747 2427 82 48 60)

449 2485 174 41 Thesis
651 2484 64 50 (J.
778 2516 7 8 C.
850 2482 330 50 D.)—Catholic
1210 2482 276 48 university
1516 2482 52 40 of
1599 2482 239 48 America,
1871 2482 130 42 1930.

447 2543 131 42 Vita.

449 2600 353 48 Bibliography
821 2609 8 29 :
862 2609 43 37 p.
935 2596 218 42 190-196.

383 2655 52 53 ©
462 2659 127 40 June
613 2658 68 48 11,
707 2655 141 48 1930;
874 2655 68 41 2c.
968 2656 96 39 and
1090 2653 81 42 aff.
1199 2654 112 41 Feb.
1337 2653 68 48 11,
1431 2652 114 41 1931;
1600 2651 42 40 A
1665 2652 172 48 33677;
1866 2653 45 42 J.
1937 2654 64 41 M.
2028 2653 225 50 Costello,
2281 2656 117 40 New

450 2715 146 42 York.
668 2711 252 52 (31-4952)

379 2811 210 65 Crook,
618 2809 242 57 Wilfrid
891 2809 235 54 Harris.

446 2888 123 53 The
591 2887 230 70 general
844 2884 177 57 strike;
1076 2906 30 33 a
1130 2885 173 69 study
1325 2884 64 53 of
1411 2884 207 55 labor’s
1640 2883 187 70 tragic
1850 2903 236 51 weapon
2110 2884 60 54 in
2196 2886 200 71 theory

375 2966 115 55 and
514 2965 267 71 practice,
804 2964 74 71 by
903 2963 246 55 Wilfrid
1173 2961 214 54 Harris
1413 2961 204 56 Crook.
1682 2962 218 69 Chapel
1928 2963 147 68 Hill,
2103 2964 122 55 The

374 2962 1996 153 University
619 3043 65 54 of
713 3043 188 54 North
934 3040 271 57 Carolina
1235 3058 177 51 press,
1441 3043 151 51 1931.

447 3121 1804 54 xvi, 649, [1] p. front., facsims. 24½ ᶜᵐ . [The University of North
376 3125 2003 99 Carolina
537 3182 150 41 social
716 3182 147 47 study
890 3179 168 50 series]

447 3238 353 50 Bibliography
819 3249 9 29 :
858 3248 43 38 p.
932 3235 250 52 [625]-636.

383 3297 52 53 ©
469 3302 110 39 Feb.
609 3301 41 47 4,
681 3298 140 47 1931;
856 3298 66 39 2c.
955 3296 112 41 Feb.
1098 3295 52 47 6;
1185 3294 83 41 aff.
1301 3294 112 41 Feb.
1445 3293 81 47 12;
1559 3293 42 40 A
1631 3293 172 48 33735;
1838 3294 285 48 University
2156 3296 51 39 of
2238 3295 157 40 North

452 3357 229 42 Carolina
707 3366 151 39 press.
929 3352 253 51 (31-4615)

379 3452 288 64 Cushing,
701 3450 201 54 Frank
935 3447 327 64 Hamilton,
1297 3447 327 63 1857-1900,
1660 3464 163 51 comp.
1873 3450 115 53 and
2021 3454 69 47 tr.

512 3523 1875 71 … Zuñi folk tales; with a foreword by J. W. Powell and
378 3629 73 35 an
488 3606 392 57 introduction
917 3605 76 70 by
1030 3605 170 67 Mary
1239 3601 232 55 Austin.
1546 3601 139 53 New
1725 3602 180 69 York,
1944 3603 71 55 A.
2053 3603 72 53 A.
2165 3603 227 71 Knopf,

379 3692 149 50 1931.

450 3761 1801 58 2 p. l., [vii]-xxix p., 3 l., 474 p., 1 l. illus., plates, ports. 24½ ᶜᵐ .
448 3826 131 41 Title
605 3825 175 41 within
810 3823 305 42 ornamental
1147 3821 190 41 border.

453 3883 64 41 At
547 3883 126 40 head
706 3881 51 42 of
791 3880 108 43 title
918 3891 9 30 :
961 3878 168 41 Frank
1161 3875 256 42 Hamilton
1452 3874 229 49 Cushing,
1715 3876 227 41 collector
1975 3877 95 39 and
2108 3878 282 40 translator.

383 3936 52 52 ©
463 3941 110 39 Jan.
598 3938 69 46 23,
695 3938 113 41 1931;
864 3937 67 41 2c.
960 3937 109 40 Jan.
1098 3935 59 40 26;
1211 3934 83 40 aff.
1322 3934 110 39 Feb.
1460 3933 26 39 2;
1544 3933 39 39 A
1609 3932 146 43 33687;
1812 3932 172 43 Alfred
2012 3932 53 43 A.
2095 3932 180 50 Knopf,
2303 3934 92 40 inc.

453 3994 70 58 [©
551 3996 348 49 introduction]
973 3993 253 51 (31-4515)
