2428 4370
1190 4075 139 51 2240

255 495 314 55 entwerfen
616 514 112 35 von
774 495 437 54 kanalisations-
1260 495 117 53 und
1481 495 800 68 wasserversorgungsanlagen,

254 575 905 69 grundstücksentwässerungen,
1205 574 90 52 be-
1346 574 119 53 und
1514 572 768 71 entwässerungsleitungen,

254 653 89 54 bei
381 651 603 56 meliorationsbauten
1021 653 119 52 und
1178 652 379 68 dergleichen,
1594 651 187 54 bearb.
1821 651 119 53 und
1978 653 153 68 hrsg.
2171 671 109 34 von

256 728 2020 71 E. Wild … unter mitwirkung von O. Schöberlein … mit 52
253 809 201 56 tafeln.
527 808 220 69 Berlin,
780 808 55 55 J.
871 807 302 70 Springer,
1208 811 152 52 1931.

323 879 675 52 iv, 57 p., 1 l. 52 pl. 25 ᶜᵐ.
261 939 1852 53 © June 22, 1931; 1c. Aug. 13; A —Foreign 13418; Julius Springer.
338 999 254 50 (32-3483)

253 1105 243 67 Wilner,
529 1107 237 52 Merton
799 1103 348 57 Merriman.

327 1189 261 69 Niagara
621 1187 278 69 frontier;
936 1207 32 34 a
1001 1188 296 53 narrative
1331 1189 114 53 and
1479 1189 414 71 documentary
1925 1190 242 71 history,
2201 1192 76 69 by

254 1268 233 55 Merton
529 1268 79 53 M.
654 1267 239 56 Wilner.
971 1268 359 54 Illustrated,
1408 1287 51 34 v.
1507 1272 45 50 1.
1631 1268 273 71 Chicago,
1948 1271 122 55 The
2117 1272 57 56 S.
2219 1273 54 54 J.

255 1349 213 57 Clarke
496 1347 341 70 publishing
864 1367 99 49 co.,
993 1351 153 50 1931.

327 1422 1268 51 ix, [1], 532 p. front., illus., plates, ports. 26½ ᶜᵐ.
260 1491 53 53 ©
337 1496 114 48 Apr.
477 1494 69 45 27,
573 1493 113 42 1931;
742 1494 66 41 2c.
833 1494 116 47 Apr.
973 1492 56 42 30;
1084 1504 25 29 a
1115 1493 51 40 ff.
1193 1494 114 48 May
1330 1495 28 38 4;
1412 1494 41 39 A
1477 1494 144 41 37151;
1679 1494 198 42 Buffalo
1903 1495 206 50 evening
2132 1507 147 40 news,

327 1552 212 41 Buffalo.

253 1655 244 69 Wilson,
526 1658 225 55 Robert
780 1658 58 56 S.

325 1740 375 72 Community
731 1742 286 70 planning
1048 1742 94 53 for
1174 1742 276 54 homeless
1479 1762 130 35 men
1640 1745 114 52 and
1783 1744 170 69 boys;
1985 1746 97 52 the
253 1765 1999 112 experience
473 1822 66 55 of

571 1822 218 54 sixteen
819 1820 160 57 cities
1012 1821 61 52 in
1103 1822 97 53 the
1232 1822 206 53 winter
1469 1821 64 53 of
1566 1826 261 65 1930-31,
1859 1822 76 70 by
1967 1824 218 53 Robert
2219 1826 56 56 S.

241 1891 2040 70 Wilson … New York city, Family welfare association of
254 1973 289 67 America,
577 1975 151 51 1931.

325 2053 944 53 xiv p., 1 l., 144 p. incl. forms. 23 ᶜᵐ.
327 2115 119 41 This
471 2115 145 47 study
644 2124 102 30 was
773 2113 307 41 undertaken
1107 2115 53 38 at
1185 2113 83 40 the
1294 2116 196 44 request
1518 2113 50 40 of
1595 2113 82 41 the
1704 2112 299 42 President’s
2030 2114 230 49 organization

389 2184 61 28 on
479 2173 395 46 unemployment
905 2171 142 40 relief
1078 2171 97 41 and
1204 2171 42 40 is
1277 2170 165 40 issued
1473 2181 55 30 as
1558 2181 29 29 a
1617 2170 290 49 companion
1936 2173 194 39 volume
2159 2176 50 37 to
2237 2174 38 39 A

254 2229 301 49 community
598 2231 116 47 plan
756 2229 79 39 for
878 2228 185 42 service
1106 2231 49 38 to
1200 2228 284 48 transients,
1529 2230 240 47 prepared
1814 2229 60 47 by
1920 2230 81 40 the
2045 2229 233 41 National

255 2287 300 42 association
585 2288 52 39 of
667 2287 241 40 travelers
938 2285 82 41 aid
1050 2286 237 40 societies,
1351 2286 61 48 cf.
1444 2286 263 41 Foreword
1739 2288 96 38 and
1868 2287 187 41 Introd.

328 2346 325 41 “References
679 2345 80 39 for
788 2343 232 49 reading”;
1081 2353 42 39 p.
1156 2343 221 41 143-144.

259 2413 53 53 ©
340 2418 112 40 Dec.
481 2415 70 49 28,
580 2415 116 42 1931;
752 2416 66 40 2c.
848 2415 96 40 and
972 2413 83 44 aff.
1085 2415 114 41 Dec.
1227 2413 56 41 29;
1341 2414 42 39 A
1409 2414 145 41 45661;
1616 2414 193 50 Family
1838 2415 141 41 welfare
327 2415 1934 101 association
463 2474 53 41 of
545 2474 239 40 America.
856 2472 254 49 (32-3264)

251 2567 114 54 Wu
393 2567 169 64 Ming
590 2568 107 54 Fu.

324 2641 123 52 The
487 2640 241 53 wisdom
769 2638 64 54 of
870 2639 115 55 Wu
1026 2639 170 70 Ming
1238 2640 108 68 Fu,
1387 2639 192 54 edited
1621 2639 76 71 by
1743 2637 146 57 Stan
1893 2640 163 54 wood
2100 2639 174 55 Cobb.

252 2718 1320 69 New York, H. Holt and company [ ᶜ19 31 ]
325 2801 85 46 xii,
440 2801 56 41 50
520 2811 45 38 p.
626 2799 58 41 19½ᶜᵐ.

323 2858 344 49 “Philosophic
697 2857 461 50 poems.”—Introd.

325 2917 166 40 “First
518 2914 265 51 printing.”

259 2986 53 53 ©
345 2990 103 41 Oct.
479 2989 70 48 30,
581 2988 114 41 1931;
756 2988 68 41 2c.
856 2990 97 39 and
984 2988 83 42 aff.
1098 2989 118 40 Nov.
1250 2990 55 39 13;
1367 2989 41 39 A
1439 2988 148 41 45002;
1648 2990 169 46 Henry
1849 2990 122 40 Holt
2001 2989 38 41 &
2069 2999 82 38 co.,
2184 2989 90 40 inc.

338 3047 253 50 (32-2572)

252 3125 279 68 Zilchert,
561 3128 243 65 Robert,
837 3129 173 54 1867-

249 3203 2000 148 … Goethe. “Wehe der nachkommenschaft, die dich verkennt!” Ein bekenntnis. Giessen, Leipzig, E. Roth, 1932.
320 3363 792 53 279, [1] p. front. (port.) 20 ½ ᶜᵐ.
321 3419 343 44 “Verzeichnis
693 3424 85 39 der
808 3420 261 43 benützten
1100 3420 188 41 werke”;
1351 3432 42 37 p.
1426 3422 237 51 278-[280]

259 3490 1592 53 © Oct. 1, 1931; 1c. Nov. 30; A—Foreign 14659; E. Roth.
338 3552 254 49 (32-1478)

252 3641 166 66 Zinn,
448 3642 259 55 William
737 3643 322 65 Davidson,
1091 3644 172 55 1857-

323 3717 1951 71 The story of Woodbine farm, by W. D. Zinn. [ Buckhannon.
253 3795 1191 72 W. Va., Printing by K. Reger] ᶜ19 31.
326 3876 1379 52 3 p. l., 9-265 p. illus. (incl. ports.) 2 fold. pl. 23 ᶜᵐ.
261 3944 53 54 ©
354 3951 119 42 Nov.
516 3952 70 47 25,
629 3953 141 43 1931;
815 3954 67 42 2c.
926 3954 112 42 Dec.
1081 3954 82 47 16;
1208 3952 83 42 aff.
1335 3953 111 41 Dec.
1491 3953 55 41 17;
1620 3953 40 40 A
1701 3952 172 43 45531;
1919 3952 71 41 W.
2036 3951 56 38 D.
2139 3949 133 48 Zinn,

329 4008 229 51 Philippi,
592 4013 71 41 W.
697 4013 84 40 Va.
854 4011 252 50 (32-3356)
