2575 4398
1146 4080 67 50 43

229 467 1373 57 xiii, [1] p., 2 l., 3-463 p. front., pl., ports. 23½ᶜᵐ.
229 530 374 49 Bibliography:
640 539 44 38 p.
715 527 221 41 440-442.

165 600 52 52 ©
247 604 109 40 Jan.
387 603 39 48 5,
455 601 141 47 1931;
627 600 67 40 2c.
724 600 111 40 Jan.
864 600 53 46 8;
948 598 83 41 aff.
1061 598 111 41 Jan.
1202 596 83 48 12;
1317 597 43 39 A
1386 596 173 48 33124;
1593 595 143 42 Univ.
1765 595 54 41 of
1846 594 157 41 North
231 595 1930 105 Carolina
370 671 149 38 press.
591 656 254 51 (31-1908)

223 750 1895 71 … The North eastern reporter, t. 172. Permanent ed. …
229 835 165 56 With
422 834 374 71 key-number
827 832 381 55 annotations.
1285 830 143 71 July
1457 829 427 54 30-November
1916 832 82 66 12,
2031 831 150 51 1930.

234 915 81 55 St.
345 915 167 68 Paul,
536 915 162 53 West
725 913 337 68 publishing
1089 929 100 51 co.,
1219 912 149 51 1930.

233 996 99 48 xix,
369 995 118 41 1006
520 1006 43 37 p.
624 993 116 41 26ᶜᵐ.
813 993 255 49 (National
1106 993 221 47 reporter
1363 990 390 49 system—State
1787 988 177 49 series)

167 1050 53 52 ©
251 1054 111 39 Dec.
395 1051 69 50 19,
497 1051 141 48 1930;
671 1052 68 40 2c.
771 1052 99 39 and
899 1063 26 27 a
932 1050 50 42 if.
1015 1051 110 41 Jan.
1157 1049 70 50 10,
1259 1048 142 48 1931;
1436 1049 43 39 A
1507 1046 173 49 33077;
1715 1048 140 40 West
1884 1047 111 49 pub.
2026 1057 69 31 co.

164 1164 243 65 O’Neill,
435 1164 205 53 James
668 1160 231 66 Milton,
929 1166 171 50 1881-

230 1241 221 54 Debate
483 1241 113 53 and
628 1240 124 53 oral
783 1239 335 67 discussion,
1152 1237 94 54 for
1279 1238 239 66 schools,
1549 1236 275 69 societies,
1856 1236 114 54 and
2005 1235 176 67 clubs,

154 1313 2024 76 by James Milton O’Neill … and Rupert L. Cortright … Rev.
161 1393 1835 72 ed. New York, London, The Century company [ ᶜ1 931]
232 1479 66 47 xi,
328 1478 86 41 274
443 1488 45 39 p.
547 1477 148 42 19½ᶜᵐ.
812 1476 130 50 $1.25

232 1535 266 40 Published
535 1534 52 40 in
623 1533 115 41 1920
776 1534 157 40 under
973 1533 134 42 title:
1151 1534 69 37 “A
1260 1533 200 41 manual
1498 1532 54 42 of
1589 1532 173 42 debate
1803 1532 98 41 and
1940 1532 105 41 oral
162 1530 2001 109 discussion,
403 1592 80 39 for
516 1591 203 48 schools,
756 1590 238 45 societies,
1032 1590 94 40 and
1163 1589 150 47 clubs,
1349 1589 61 47 by
1446 1590 168 40 James
1648 1588 177 42 Milton
1861 1587 230 44 O’Neill.”

169 1646 1600 53 © Jan. 5, 1931; 2c. and aff. Jan. 8; A 32657; Century co.
247 1706 253 51 (31-1729)

167 1801 255 64 Osburn,
453 1801 213 55 Worth
695 1802 223 64 James,
951 1805 172 51 1882-

233 1877 323 68 Enriching
601 1878 96 54 the
743 1877 348 53 curriculum
1138 1877 93 53 for
1276 1877 192 69 gifted
1513 1877 289 68 children;
1852 1896 31 34 a
1929 1877 146 52 book
2121 1877 62 51 of

161 1956 280 69 guidance
479 1955 93 54 for
607 1955 361 58 educational
1004 1955 462 55 administrators
1504 1955 113 54 and
1654 1956 303 54 classroom
163 1957 1996 147 teachers,

305 2034 1877 72 by W. J. Osburn … and Ben J. Rohan … New York,
161 2113 122 53 The
315 2113 337 53 Macmillan
688 2130 298 53 company,
1023 2117 151 51 1931.

236 2196 96 49 xiv,
365 2197 87 42 408
486 2208 42 38 p.
590 2196 127 42 illus.
778 2196 146 42 20½ᶜᵐ.
997 2196 299 51 (Half-title:
1328 2197 365 49 Experimental
1727 2198 257 42 education
2021 2199 162 48 series,

165 2256 71 42 ed.
268 2257 63 47 by
357 2255 65 41 M.
451 2256 52 40 V.
534 2254 210 50 O’Shea)

235 2312 228 41 Includes
495 2311 395 49 bibliographies.

505 2400 9 8 CONTENTS.
530 2392 60 5 —
608 2369 71 50 pt.
727 2375 34 35 I.
810 2367 268 49 Principles
1129 2370 97 40 and
1273 2369 350 50 policies.—pt.
1675 2376 54 34 II.
1781 2370 256 41 Materials
2089 2371 93 39 and

165 2426 234 42 methods.

173 2480 53 52 ©
259 2485 110 40 Jan.
401 2485 69 47 13,
503 2483 142 47 1931;
679 2483 67 41 2c.
780 2484 97 39 and
909 2482 82 40 aff.
1026 2483 111 40 Jan.
1170 2483 82 47 14;
1287 2483 42 39 A
1360 2483 172 47 33134;
1569 2483 286 41 Macmillan
1887 2495 68 31 co.

253 2540 252 51 (31-1911)

172 2638 413 64 Parra-Perez,
622 2639 61 55 C.

240 2716 269 69 Bolivar;
549 2735 31 34 a
618 2715 391 55 contribution
1045 2722 58 47 to
1141 2717 96 52 the
1274 2716 173 71 study
1484 2714 64 55 of
1583 2716 90 55 his
1711 2716 262 70 political
2011 2718 172 68 ideas,

171 2794 1951 71 by C. Parra-Perez; translated by N. Andrew N. Cleven …
170 2872 186 69 Paris,
387 2872 270 54 Editions
687 2872 313 68 Excelsior,
1032 2875 151 52 1928.

242 2953 86 42 198
355 2965 43 38 p.
426 2954 111 41 incl.
565 2954 152 42 front.
745 2953 174 50 (port.)
988 2954 146 41 23½ᶜᵐ.

241 3010 418 49 Bibliographical
688 3011 279 41 foot-notes.

177 3064 51 52 ©
258 3069 110 42 Jan.
397 3069 70 49 12,
496 3068 142 49 1931;
668 3068 68 43 2c.
765 3070 98 39 and
891 3068 81 42 aff.
1004 3070 111 41 Jan.
1145 3070 82 47 14;
1260 3069 41 40 A
1330 3069 172 49 33160';
1535 3070 291 49 Pittsburgh
1855 3071 222 48 printing
2104 3082 83 36 co.,

244 3126 301 50 Pittsburgh.
620 3126 254 52 (31-2002)

172 3222 340 66 Patterson,
546 3222 304 57 Adelaide.

241 3299 151 54 How
430 3305 58 48 to
527 3300 204 68 speak;
771 3300 272 54 exercises
1083 3301 61 53 in
1183 3301 158 53 voice
1380 3302 222 53 culture
1641 3303 115 53 and
1797 3303 389 70 articulation,

171 3377 2014 71 with illustrative poems, by Adelaide Patterson … Boston.
170 3453 198 69 Little,
398 3456 233 68 Brown,
662 3456 113 52 and
807 3473 301 52 company,
1142 3459 151 51 1931.

243 3535 1353 51 viii p., 3 l., [3]-158 p. illus. (incl. music) 19½ᶜᵐ.
180 3588 51 52 ©
262 3593 111 41 Jan.
403 3594 39 47 7,
472 3593 142 48 1931;
645 3593 68 42 2c.
744 3595 96 39 and
871 3594 81 42 aff.
984 3595 110 41 Jan.
1125 3595 83 48 10;
1241 3596 43 39 A
1311 3595 173 49 32789;
1518 3597 165 50 Little,
1715 3598 193 48 Brown,
1940 3600 96 39 and
247 3610 1923 89 company.

460 3651 252 48 (31-1843)

175 3745 300 66 Perowne,
503 3747 213 64 Barry.

245 3825 226 53 Dread!

259 3903 83 48 (In
371 3903 215 44 Thriller
619 3905 277 52 magazine,
929 3906 125 44 Nov.
1087 3907 73 51 29,
1194 3908 145 50 1930)

183 3957 52 53 ©
273 3963 68 41 1c.
380 3964 109 40 Jan.
530 3964 68 48 19,
639 3964 140 48 1931;
821 3966 40 39 A
901 3968 61 38 ad
1001 3967 88 40 int.
1128 3966 172 49 14698;
1341 3968 145 48 pubd.
1527 3968 119 41 Nov.
1686 3968 84 49 22;
1813 3969 166 49 Philip
2015 3970 172 48 Atkey,

251 4019 201 51 Oxford,
482 4022 237 48 England.
