2428 4370
940 4041 132 50 1647

0 0 0 0 Page’s desk edition of the Ohio General code; containing all
161 478 1361 68 Ohio statutes of a general nature in force January 1, 1931 Supplement, containing laws passed
1555 477 74 69 by
1664 477 95 52 the
23 477 1990 133 eighty-ninth
218 555 243 56 General
489 555 294 68 assembly,
815 555 134 53 with
979 555 112 53 full
1118 555 318 69 legislative

1464 555 220 68 history
1713 555 112 52 and
23 553 1966 135 effective
181 635 129 52 date
354 633 64 54 of
463 634 133 52 each
642 634 237 65 section;
929 632 314 54 references
1286 638 57 47 to
1390 632 309 69 analogous
1743 634 267 53 sections;

23 711 426 55 commentaries
487 712 112 51 and
639 730 30 33 a
709 710 281 68 thorough
1033 710 187 67 index,
1258 710 281 67 compiled
1581 711 112 52 and
1732 712 277 68 arranged

24 790 73 68 by
144 790 95 51 the
290 789 336 67 publisher’s
676 788 265 53 editorial
991 787 150 53 staff.
1228 786 346 69 Cincinnati,
1624 789 121 52 The
1794 790 91 52 W.
1935 789 78 53 H.

23 867 828 66 Anderson company [ ᶜ19 31 ]
91 948 566 48 2 p. l., 557 p. 26½ ᶜᵐ.
95 1005 240 40 “Authors
363 1004 51 40 of
441 1005 261 39 comments
730 1004 94 39 and
853 1003 215 47 subjects
1095 1003 230 40 covered”;
1382 1004 59 39 2d
1468 1003 186 48 prelim,
1681 1004 115 41 leaf.

29 1059 51 52 ©
113 1063 101 40 Oct.
247 1062 68 41 15.
348 1061 112 40 1931;
522 1061 66 39 2c.
623 1060 100 40 Oct.
756 1060 80 47 16;
872 1059 80 40 aff.
988 1059 102 40 Oct.
1123 1060 54 40 17;
1240 1059 112 41 1931
1390 1060 176 48 Suppl.,
1604 1056 51 52 ©
1692 1060 102 41 Oct.
1827 1062 82 46 31;
1947 1062 65 39 2c.

96 1120 95 38 and
217 1118 82 41 aff.
326 1119 117 40 Nov.
471 1118 51 41 2;
552 1119 40 37 A
618 1117 158 44 43321,
802 1115 144 41 43729;
1003 1117 71 39 W.
1103 1117 60 39 H.
1192 1117 251 40 Anderson
1471 1127 66 29 co.

103 1174 277 48 (31-30307)

26 1269 163 55 Ohio.
264 1271 276 67 Supreme
570 1276 172 47 court.

94 1347 1922 70 Reports of cases argued and determined … Reported by
26 1428 54 52 J.
103 1426 63 51 L.
188 1426 90 53 W.
302 1425 260 68 Henney.
589 1424 272 68 Supreme
885 1430 159 47 court
1070 1432 270 60 reporter.
1459 1442 80 34 New
1563 1425 183 54 series,
1807 1444 52 34 v.
28 1427 1992 129 119-122.

217 1503 324 55 Columbus.
570 1504 119 50 The
717 1502 64 53 F.
810 1502 54 53 J.
892 1501 155 54 Heer
1073 1501 263 70 printing
1364 1520 96 50 co.,
1492 1505 323 49 1929-1931.

91 1585 29 38 4
149 1594 41 27 v.
250 1582 56 40 22½ᶜᵐ.

27 1625 1987 62 v. 119. © O ct. 12. 1929; v. 120, © Dec. 17; v. 121, © Oct. 13, 1930; v. 122,
98 1692 51 53 ©
177 1697 111 48 Apr.
318 1697 67 40 15.
415 1696 111 41 1931;
587 1696 65 41 2c.
683 1697 118 40 each
828 1697 96 39 and
954 1695 106 41 affs.
1093 1696 102 42 Oct.
1225 1696 54 40 22;
1338 1696 40 40 A
1407 1696 321 42 43385-43388;
1788 1696 43 41 J.
1863 1700 50 39 L.
1944 1698 70 39 W.

97 1755 212 46 Henney.
341 1755 79 39 for
452 1754 81 39 the
565 1756 127 38 state
722 1754 54 40 of
807 1754 135 47 Ohio,
976 1754 260 40 Columbus
1270 1754 51 40 O.

24 1849 340 54 Oklahoma.
443 1850 281 53 Criminal
751 1857 158 46 court
937 1851 64 67 of
1026 1850 250 68 appeals.

94 1927 314 54 Oklahoma
457 1927 262 53 criminal
764 1933 235 62 reports,
1075 1947 50 32 v.
1169 1932 84 54 41,
1296 1930 81 49 42.
1456 1927 167 55 Cases
1667 1928 349 52 determined

25 2004 1967 148 … September, 1928-March, 1929. Howard Parker, state reporter.
306 2082 320 55 Oklahoma
665 2082 150 69 City,
852 2083 239 52 Harlow
1130 2082 333 69 publishing
1499 2102 280 51 company
1929 2087 82 63 [ᶜ1931]

88 2163 218 40 2 v. 22½ ᶜᵐ.
27 2231 41 30 v.
93 2221 69 41 41,
193 2216 51 52 ©
274 2221 120 39 Mar.
423 2218 68 49 25,
521 2220 113 39 1931;
692 2230 41 28 v.
761 2219 69 47 42,
862 2215 55 52 ©
943 2219 116 48 July
1088 2220 53 39 13;
1199 2219 68 41 2c.
1296 2220 116 40 each
1443 2220 102 40 Oct.
1576 2219 25 41 8;
1659 2219 108 42 affs.
1799 2220 102 41 Oct.
1931 2221 55 38 15;

97 2277 40 39 A
167 2277 157 41 43273.
356 2277 144 39 43274;
564 2277 137 39 State
731 2277 53 38 of
814 2276 282 47 Oklahoma,
1132 2276 263 40 Oklahoma
1436 2276 123 47 City,
1595 2277 136 41 Okla.

24 2386 206 63 Rouse,
263 2386 181 52 Louis
472 2387 237 63 Joseph,
745 2392 169 49 1885-

94 2462 1920 69 College algebra, by Louis J. Rouse … New York, J. Wiley
26 2542 42 50 &
96 2559 144 48 sons,
271 2542 106 52 inc.;
439 2542 257 65 London,
729 2540 299 69 Chapman
1058 2544 45 49 &
1132 2542 162 65 Hall,
1326 2542 239 67 limited,
1599 2546 149 49 1931.

92 2622 1180 50 2 p. l., iii-x, 345 p. diagrs. 19 ᶜᵐ. $2.25
31 2674 48 52 ©
106 2680 99 40 Oct.
232 2680 41 40 3.
297 2678 114 42 1931;
466 2680 66 40 2c.
561 2680 101 41 Oct.
689 2680 28 40 9;
771 2680 79 40 aff.
880 2680 102 41 Oct.
1008 2681 26 39 6;
1090 2681 42 39 A
1156 2680 143 41 42963;
1358 2682 48 38 L.
1436 2682 44 40 J.
1508 2682 172 47 Rouse,
1708 2682 108 38 Ann
1844 2683 169 39 Arbor.

103 2735 276 48 (31-30217)

25 2826 252 61 Schmid,
313 2831 157 64 Max,
511 2834 169 52 1875-

95 2909 118 53 The
241 2910 164 53 sister
433 2912 59 51 in
522 2912 205 68 charge;
790 2912 272 67 practical
1093 2912 194 55 advice
1319 2914 93 51 for
1440 2913 96 54 the
1566 2913 295 70 direction,
1890 2931 124 36 care

27 2987 108 52 and
162 3005 349 49 governance
538 2990 63 51 of
628 2989 190 54 sisters
847 2991 113 52 and
988 3008 72 34 on
1088 2990 150 52 their
1264 2992 222 51 mutual
1515 2990 374 69 relationship
1922 2992 92 51 for

27 3064 75 50 all
144 3065 156 52 those
340 3066 57 51 in
443 3067 310 69 authority,
793 3068 314 53 translated
1149 3067 151 52 from
1343 3069 95 51 the
1478 3068 249 54 German
1771 3070 63 51 of
1876 3070 134 51 Max

30 3139 1978 76 Schmid … by Norman F. Speicher … New York, Cincinnati
30 3223 134 62 [etc.]
200 3220 278 69 Benziger
505 3222 276 69 brothers,
812 3225 151 50 1931.

88 3296 806 50 xvi, 17-175 p. incl. front. 15 ᶜᵐ.
89 3353 156 40 Based
275 3364 59 30 on
363 3354 182 41 Father
574 3355 145 41 Fell’s
750 3356 118 41 “Die
897 3357 164 40 rechte
1088 3357 387 41 ordensoberin”.
1534 3360 60 47 cf.
1626 3359 229 42 Author’s
1888 3359 120 50 pref.

27 3407 51 52 ©
108 3412 124 49 Sept.
259 3413 67 43 16.
355 3412 110 42 1931;
524 3414 66 41 2c.
621 3414 125 48 Sept.
775 3414 54 40 21;
887 3415 82 41 aff.
998 3415 102 42 Oct.
1129 3416 59 40 10;
1242 3417 40 38 A
1308 3416 143 41 43192;
1511 3417 236 48 Benziger
1773 3419 126 40 bros.

102 3469 276 48 (31-30127)

22 3547 239 65 Schoch,
293 3552 241 62 Eugene
566 3552 162 63 Paul,
765 3555 168 52 1871-

88 3623 242 56 General
371 3626 332 70 chemistry;
751 3647 72 34 an
863 3628 397 72 introductory
1301 3649 192 35 course
1535 3630 65 54 of
1640 3632 211 54 lessons
1892 3634 109 52 and

19 3702 1986 149 exercises in chemistry, by Eugene Paul Schoch … and William August Felsing … Austin, Tex., Yon Boeckmann-Jones
19 3871 76 35 co.
128 3860 189 65 [ᶜ1931]

87 3935 765 53 vi, 489 p. illus., diagrs. 23 ᶜᵐ.
