<alto xmlns="http://www.loc.gov/standards/alto/ns-v3#" xmlns:xlink="http://www.w3.org/1999/xlink" xmlns:xsi="http://www.w3.org/2001/XMLSchema-instance" xsi:schemaLocation="http://www.loc.gov/standards/alto/ns-v3# http://www.loc.gov/alto/v3/alto-3-0.xsd"><Description>
<MeasurementUnit>pixel</MeasurementUnit>
<sourceImageInformation>
<fileName>1931_v28_Part001.pdf</fileName>
</sourceImageInformation>
<OCRProcessing ID="IdOcr">
<ocrProcessingStep>
<processingDateTime>2019-04-22</processingDateTime>
<processingSoftware>
<softwareCreator>ABBYY</softwareCreator>
<softwareName>ABBYY Recognition Server</softwareName>
<softwareVersion>4.0</softwareVersion>
</processingSoftware>
</ocrProcessingStep>
</OCRProcessing>
</Description>
<Styles>
<ParagraphStyle ID="StyleId-FFFFFFFF-FFFF-FFFF-FFFF-FFFFFFFFFFFF-" ALIGN="Left" LEFT="0." RIGHT="0." FIRSTLINE="0."/>
<ParagraphStyle ID="StyleId-204B5AEB-67A1-44E2-A013-34B3A0F3E0EA-" ALIGN="Right" LEFT="0." RIGHT="0." FIRSTLINE="0." LINESPACE="8.300000191"/>
<ParagraphStyle ID="StyleId-03245871-796C-4429-B3C7-F9019C8C5B89-" ALIGN="Left" LEFT="0." RIGHT="0." FIRSTLINE="0." LINESPACE="12.19999981"/>
<ParagraphStyle ID="StyleId-BDCA8811-25FF-44DB-8D6F-2072A4ABC070-" ALIGN="Center" LEFT="0." RIGHT="0." FIRSTLINE="0." LINESPACE="12.19999981"/>
<ParagraphStyle ID="StyleId-2C5B7DF0-AF87-455E-B9A8-6FE387CB59BD-" ALIGN="Left" LEFT="0." RIGHT="0." FIRSTLINE="-13." LINESPACE="8.479999542"/>
<ParagraphStyle ID="StyleId-9FB72FA1-55D5-4161-8333-823D5732F4D0-" ALIGN="Block" LEFT="0." RIGHT="0." FIRSTLINE="-14." LINESPACE="10."/>
<ParagraphStyle ID="StyleId-212AEB8C-A829-4BF1-8E45-5BFE386A469C-" ALIGN="Block" LEFT="0." RIGHT="0." FIRSTLINE="-14." LINESPACE="11.35000038"/>
<ParagraphStyle ID="StyleId-4EC79CC1-EA62-49CE-ABB6-D84DDFCF4C7D-" ALIGN="Block" LEFT="0." RIGHT="0." FIRSTLINE="-10." LINESPACE="12.19999981"/>
<ParagraphStyle ID="StyleId-DAF2E8EE-6444-4951-9284-36A6C020C887-" ALIGN="Left" LEFT="0." RIGHT="0." FIRSTLINE="0." LINESPACE="9.399999619"/>
<ParagraphStyle ID="StyleId-25241749-1672-4977-B19F-38F59800D6D8-" ALIGN="Left" LEFT="0." RIGHT="0." FIRSTLINE="0." LINESPACE="11.10000038"/>
<ParagraphStyle ID="StyleId-8C523E19-EDEF-4F23-B010-536E1A1AAE1A-" ALIGN="Left" LEFT="0." RIGHT="0." FIRSTLINE="-13." LINESPACE="12.19999981"/>
<ParagraphStyle ID="StyleId-A1F9DE9E-2625-4D8B-AD7E-F0A0034C2989-" ALIGN="Block" LEFT="0." RIGHT="0." FIRSTLINE="0." LINESPACE="12.19999981"/>
<ParagraphStyle ID="StyleId-5725BB01-2B1C-440F-BAF2-696C4F4DF162-" ALIGN="Block" LEFT="0." RIGHT="0." FIRSTLINE="13." LINESPACE="12.19999981"/>
<ParagraphStyle ID="StyleId-F10A2092-61AA-44FD-99C2-123B3A8051CF-" ALIGN="Left" LEFT="0." RIGHT="0." FIRSTLINE="0." LINESPACE="5.5"/>
<ParagraphStyle ID="StyleId-B3CDC8CC-D2E1-4A23-B67C-CDD40993D1DD-" ALIGN="Left" LEFT="0." RIGHT="0." FIRSTLINE="0." LINESPACE="10."/>
<ParagraphStyle ID="StyleId-871EBF53-D909-4C8F-B368-AC7D897344DD-" ALIGN="Left" LEFT="0." RIGHT="0." FIRSTLINE="0."/>
<ParagraphStyle ID="StyleId-C4129744-680B-4878-B2C4-44BA3742C8D7-" ALIGN="Block" LEFT="0." RIGHT="0." FIRSTLINE="-14." LINESPACE="11.35000038"/>
<ParagraphStyle ID="StyleId-9CE98075-0B04-43D4-88D8-CE3BAB51B419-" ALIGN="Block" LEFT="0." RIGHT="0." FIRSTLINE="-10." LINESPACE="12.19999981"/>
<ParagraphStyle ID="StyleId-B2CFB7B3-DFFA-4E0E-94D6-C2BCE88DA9A9-" ALIGN="Left" LEFT="0." RIGHT="0." FIRSTLINE="0." LINESPACE="12.5"/>
<ParagraphStyle ID="StyleId-8D3352F3-1084-4DDE-A35D-B97102CCE686-" ALIGN="Left" LEFT="0." RIGHT="0." FIRSTLINE="0." LINESPACE="11.60000038"/>
<ParagraphStyle ID="StyleId-4A8DDA0D-166D-4E22-A597-BA51B892602D-" ALIGN="Block" LEFT="0." RIGHT="0." FIRSTLINE="0." LINESPACE="11.21000004"/>
<ParagraphStyle ID="StyleId-90EA4001-AA3C-45A1-AEDC-D1E1169EE5E5-" ALIGN="Block" LEFT="0." RIGHT="0." FIRSTLINE="13." LINESPACE="12.19999981"/>
</Styles>
<Layout>
<Page ID="Page71" PHYSICAL_IMG_NR="71" HEIGHT="4398" WIDTH="2575">
<TopMargin HEIGHT="372" WIDTH="2575" VPOS="0" HPOS="0">
</TopMargin>
<LeftMargin HEIGHT="3777" WIDTH="130" VPOS="372" HPOS="0">
</LeftMargin>
<RightMargin HEIGHT="3777" WIDTH="417" VPOS="372" HPOS="2158">
</RightMargin>
<BottomMargin HEIGHT="249" WIDTH="2575" VPOS="4149" HPOS="0">
</BottomMargin>
<PrintSpace HEIGHT="3777" WIDTH="2028" VPOS="372" HPOS="130">
<TextBlock ID="Page71_Block1" HEIGHT="129" WIDTH="310" VPOS="4020" HPOS="1054" LANG="el" CS="1" STYLEREFS="StyleId-DE1A3D41-D68B-465C-8D68-94C5D8C5F47A-">
<TextLine HEIGHT="0" WIDTH="0" VPOS="0" HPOS="0" CS="1">
<String CS="1" CONTENT="71"/>
</TextLine>
</TextBlock>
<TextBlock ID="Page71_Block2" HEIGHT="3622" WIDTH="2028" VPOS="372" HPOS="130" LANG="en-US" CS="1" STYLEREFS="StyleId-636080AF-3F82-4E39-B444-133D7B5E3ED2-">
<TextLine HEIGHT="109" WIDTH="1981" VPOS="458" HPOS="149" CS="1">
<String CONTENT="xiv" HEIGHT="40" WIDTH="84" VPOS="463" HPOS="218"/>
<SP HEIGHT="38" WIDTH="25" VPOS="473" HPOS="303"/>
<String CONTENT="p.," HEIGHT="38" WIDTH="59" VPOS="473" HPOS="329"/>
<SP HEIGHT="49" WIDTH="25" VPOS="462" HPOS="389"/>
<String CONTENT="1" HEIGHT="39" WIDTH="26" VPOS="462" HPOS="415"/>
<SP/>
<String CS="1" CONTENT="l.," HEIGHT="18" WIDTH="10" VPOS="492" HPOS="505"/>
<SP HEIGHT="47" WIDTH="26" VPOS="463" HPOS="516"/>
<String CONTENT="728" HEIGHT="41" WIDTH="86" VPOS="461" HPOS="543"/>
<SP HEIGHT="48" WIDTH="24" VPOS="461" HPOS="630"/>
<String CONTENT="p." HEIGHT="38" WIDTH="44" VPOS="471" HPOS="655"/>
<SP HEIGHT="40" WIDTH="58" VPOS="462" HPOS="700"/>
<String CONTENT="diagrs." HEIGHT="50" WIDTH="180" VPOS="459" HPOS="759"/>
<SP HEIGHT="41" WIDTH="57" VPOS="461" HPOS="940"/>
<String CONTENT="21" HEIGHT="38" WIDTH="54" VPOS="461" HPOS="998"/>
<String STYLE="superscript" CS="1" CONTENT="&#7580;&#7504;"/>
<String CONTENT="." HEIGHT="9" WIDTH="9" VPOS="492" HPOS="1106"/>
<SP/>
<String CONTENT="(Lettered" HEIGHT="48" WIDTH="252" VPOS="461" HPOS="1184"/>
<SP HEIGHT="38" WIDTH="31" VPOS="464" HPOS="1437"/>
<String CONTENT="on" HEIGHT="30" WIDTH="60" VPOS="472" HPOS="1469"/>
<SP HEIGHT="29" WIDTH="30" VPOS="472" HPOS="1530"/>
<String CONTENT="cover:" HEIGHT="34" WIDTH="162" VPOS="469" HPOS="1561"/>
<SP HEIGHT="40" WIDTH="28" VPOS="461" HPOS="1724"/>
<String CONTENT="Teacher" HEIGHT="39" WIDTH="216" VPOS="460" HPOS="1753"/>
<SP HEIGHT="38" WIDTH="28" VPOS="462" HPOS="1970"/>
<String CONTENT="training" HEIGHT="109" WIDTH="1981" VPOS="458" HPOS="149"/>
<SP HEIGHT="37" WIDTH="26" VPOS="530" HPOS="232"/>
<String CONTENT="series)" HEIGHT="49" WIDTH="176" VPOS="518" HPOS="259"/>
</TextLine>
<TextLine HEIGHT="42" WIDTH="419" VPOS="574" HPOS="219">
<String CONTENT="&#8220;First" HEIGHT="40" WIDTH="162" VPOS="576" HPOS="219"/>
<SP HEIGHT="38" WIDTH="30" VPOS="578" HPOS="382"/>
<String CONTENT="edition.&#8221;" HEIGHT="41" WIDTH="225" VPOS="574" HPOS="413"/>
</TextLine>
<TextLine HEIGHT="52" WIDTH="1591" VPOS="629" HPOS="219">
<String CONTENT="&#8220;Suggestions" HEIGHT="49" WIDTH="344" VPOS="632" HPOS="219"/>
<SP HEIGHT="40" WIDTH="22" VPOS="631" HPOS="564"/>
<String CONTENT="for" HEIGHT="40" WIDTH="80" VPOS="631" HPOS="587"/>
<SP HEIGHT="39" WIDTH="22" VPOS="631" HPOS="668"/>
<String CONTENT="further" HEIGHT="39" WIDTH="196" VPOS="631" HPOS="691"/>
<SP HEIGHT="29" WIDTH="27" VPOS="640" HPOS="888"/>
<String CONTENT="reading&#8221;" HEIGHT="48" WIDTH="228" VPOS="629" HPOS="916"/>
<SP HEIGHT="40" WIDTH="29" VPOS="629" HPOS="1145"/>
<String CONTENT="at" HEIGHT="38" WIDTH="53" VPOS="631" HPOS="1175"/>
<SP HEIGHT="38" WIDTH="24" VPOS="631" HPOS="1229"/>
<String CONTENT="end" HEIGHT="39" WIDTH="92" VPOS="630" HPOS="1254"/>
<SP HEIGHT="39" WIDTH="25" VPOS="630" HPOS="1347"/>
<String CONTENT="of" HEIGHT="40" WIDTH="51" VPOS="629" HPOS="1373"/>
<SP HEIGHT="40" WIDTH="25" VPOS="629" HPOS="1425"/>
<String CONTENT="each" HEIGHT="40" WIDTH="118" VPOS="629" HPOS="1451"/>
<SP HEIGHT="40" WIDTH="26" VPOS="629" HPOS="1570"/>
<String CONTENT="chapter." HEIGHT="48" WIDTH="213" VPOS="629" HPOS="1597"/>
</TextLine>
<TextLine HEIGHT="49" WIDTH="780" VPOS="686" HPOS="221" CS="1">
<String CONTENT="&#8220;A" HEIGHT="39" WIDTH="68" VPOS="690" HPOS="221"/>
<SP HEIGHT="39" WIDTH="25" VPOS="690" HPOS="290"/>
<String CONTENT="working" HEIGHT="47" WIDTH="219" VPOS="688" HPOS="316"/>
<SP HEIGHT="47" WIDTH="25" VPOS="688" HPOS="536"/>
<String CS="1" CONTENT="library&#8221;:" HEIGHT="48" WIDTH="214" VPOS="686" HPOS="562"/>
<SP HEIGHT="38" WIDTH="27" VPOS="697" HPOS="805"/>
<String CONTENT="p." HEIGHT="38" WIDTH="42" VPOS="697" HPOS="833"/>
<SP HEIGHT="39" WIDTH="26" VPOS="688" HPOS="876"/>
<String CONTENT="713." HEIGHT="41" WIDTH="98" VPOS="686" HPOS="903"/>
</TextLine>
<TextLine HEIGHT="56" WIDTH="1992" VPOS="755" HPOS="152" CS="1">
<String CONTENT="&#169;" HEIGHT="51" WIDTH="52" VPOS="760" HPOS="152"/>
<SP HEIGHT="51" WIDTH="30" VPOS="760" HPOS="205"/>
<String CONTENT="Jan." HEIGHT="39" WIDTH="109" VPOS="764" HPOS="236"/>
<SP HEIGHT="41" WIDTH="29" VPOS="762" HPOS="346"/>
<String CONTENT="2," HEIGHT="49" WIDTH="39" VPOS="762" HPOS="376"/>
<SP HEIGHT="48" WIDTH="30" VPOS="763" HPOS="416"/>
<String CONTENT="1931;" HEIGHT="47" WIDTH="140" VPOS="760" HPOS="447"/>
<SP HEIGHT="47" WIDTH="30" VPOS="760" HPOS="588"/>
<String CONTENT="2c." HEIGHT="40" WIDTH="67" VPOS="760" HPOS="619"/>
<SP HEIGHT="29" WIDTH="31" VPOS="771" HPOS="687"/>
<String CONTENT="and" HEIGHT="39" WIDTH="95" VPOS="760" HPOS="719"/>
<SP/>
<String CS="1" CONTENT="aff."/>
<SP HEIGHT="40" WIDTH="31" VPOS="758" HPOS="927"/>
<String CONTENT="Jan." HEIGHT="41" WIDTH="110" VPOS="758" HPOS="959"/>
<SP HEIGHT="40" WIDTH="30" VPOS="759" HPOS="1070"/>
<String CS="1" CONTENT="7;" HEIGHT="39" WIDTH="27" VPOS="759" HPOS="1101"/>
<SP HEIGHT="47" WIDTH="33" VPOS="758" HPOS="1154"/>
<!-- cceid DC58B27B-6E8D-1014-9CF5-AEB3FCA41D69 --><String CONTENT="A" HEIGHT="38" WIDTH="40" VPOS="758" HPOS="1188"/>
<SP HEIGHT="40" WIDTH="29" VPOS="757" HPOS="1229"/>
<String CONTENT="32634;" HEIGHT="49" WIDTH="170" VPOS="755" HPOS="1259"/>
<SP HEIGHT="47" WIDTH="34" VPOS="757" HPOS="1430"/>
<String CONTENT="Doubleday," HEIGHT="48" WIDTH="298" VPOS="757" HPOS="1465"/>
<SP HEIGHT="49" WIDTH="31" VPOS="756" HPOS="1764"/>
<String CONTENT="Doran" HEIGHT="40" WIDTH="168" VPOS="756" HPOS="1796"/>
<SP HEIGHT="40" WIDTH="28" VPOS="755" HPOS="1965"/>
<String CONTENT="&amp;" HEIGHT="40" WIDTH="38" VPOS="755" HPOS="1994"/>
<SP HEIGHT="40" WIDTH="28" VPOS="755" HPOS="2033"/>
<String CONTENT="co.," HEIGHT="35" WIDTH="82" VPOS="766" HPOS="2062"/>
</TextLine>
<TextLine HEIGHT="52" WIDTH="413" VPOS="816" HPOS="220">
<String CONTENT="inc." HEIGHT="39" WIDTH="89" VPOS="821" HPOS="220"/>
<SP HEIGHT="49" WIDTH="72" VPOS="819" HPOS="310"/>
<String CONTENT="(31-2702" HEIGHT="52" WIDTH="225" VPOS="816" HPOS="383"/>
<SP HEIGHT="50" WIDTH="8" VPOS="816" HPOS="609"/>
<String CONTENT=")" HEIGHT="48" WIDTH="15" VPOS="818" HPOS="618"/>
</TextLine>
<TextLine HEIGHT="66" WIDTH="1077" VPOS="912" HPOS="151" STYLEREFS="StyleId-1921E89F-E3D5-45F5-AEBD-C498E4DB832A-">
<String CONTENT="Gilliland," HEIGHT="63" WIDTH="291" VPOS="915" HPOS="151"/>
<SP HEIGHT="64" WIDTH="28" VPOS="914" HPOS="443"/>
<String CONTENT="Adam" HEIGHT="53" WIDTH="193" VPOS="914" HPOS="472"/>
<SP HEIGHT="52" WIDTH="28" VPOS="914" HPOS="666"/>
<String CONTENT="Raymond," HEIGHT="64" WIDTH="328" VPOS="912" HPOS="695"/>
<SP HEIGHT="57" WIDTH="31" VPOS="919" HPOS="1024"/>
<String CONTENT="1887-" HEIGHT="54" WIDTH="172" VPOS="912" HPOS="1056"/>
</TextLine>
<TextLine HEIGHT="66" WIDTH="1866" VPOS="987" HPOS="278" STYLEREFS="StyleId-1921E89F-E3D5-45F5-AEBD-C498E4DB832A-" CS="1">
<String CS="1" CONTENT="&#8230;"/>
<SP HEIGHT="52" WIDTH="48" VPOS="994" HPOS="278"/>
<String CONTENT="Educational" HEIGHT="54" WIDTH="382" VPOS="991" HPOS="327"/>
<SP HEIGHT="51" WIDTH="41" VPOS="991" HPOS="710"/>
<String CONTENT="measurements" HEIGHT="49" WIDTH="439" VPOS="993" HPOS="752"/>
<SP HEIGHT="34" WIDTH="42" VPOS="1007" HPOS="1192"/>
<String CONTENT="and" HEIGHT="52" WIDTH="113" VPOS="989" HPOS="1235"/>
<SP HEIGHT="52" WIDTH="41" VPOS="989" HPOS="1349"/>
<String CONTENT="the" HEIGHT="52" WIDTH="96" VPOS="988" HPOS="1391"/>
<SP HEIGHT="34" WIDTH="41" VPOS="1006" HPOS="1488"/>
<String CONTENT="class-room" HEIGHT="53" WIDTH="329" VPOS="987" HPOS="1530"/>
<SP HEIGHT="47" WIDTH="40" VPOS="992" HPOS="1860"/>
<String CONTENT="teacher," HEIGHT="66" WIDTH="243" VPOS="987" HPOS="1901"/>
</TextLine>
<TextLine HEIGHT="74" WIDTH="1932" VPOS="1065" HPOS="149" STYLEREFS="StyleId-1921E89F-E3D5-45F5-AEBD-C498E4DB832A-" CS="1">
<String CONTENT="by" HEIGHT="67" WIDTH="72" VPOS="1072" HPOS="149"/>
<SP HEIGHT="67" WIDTH="30" VPOS="1072" HPOS="222"/>
<String CONTENT="A." HEIGHT="52" WIDTH="69" VPOS="1072" HPOS="253"/>
<SP HEIGHT="52" WIDTH="34" VPOS="1072" HPOS="323"/>
<String CONTENT="R." HEIGHT="52" WIDTH="67" VPOS="1072" HPOS="358"/>
<SP HEIGHT="55" WIDTH="33" VPOS="1071" HPOS="426"/>
<String CONTENT="Gilliland" HEIGHT="57" WIDTH="284" VPOS="1069" HPOS="460"/>
<SP HEIGHT="53" WIDTH="37" VPOS="1069" HPOS="745"/>
<String CS="1" CONTENT="&#8230;"/>
<SP HEIGHT="53" WIDTH="34" VPOS="1069" HPOS="839"/>
<String LANG="fr" CONTENT="R." HEIGHT="53" WIDTH="68" VPOS="1069" HPOS="874"/>
<SP HEIGHT="53" WIDTH="32" VPOS="1069" HPOS="943"/>
<String CONTENT="H." HEIGHT="51" WIDTH="77" VPOS="1069" HPOS="976"/>
<SP HEIGHT="53" WIDTH="32" VPOS="1068" HPOS="1054"/>
<String CONTENT="Jordan" HEIGHT="55" WIDTH="223" VPOS="1066" HPOS="1087"/>
<SP HEIGHT="33" WIDTH="36" VPOS="1087" HPOS="1311"/>
<String CS="1" CONTENT="&#8230;"/>
<SP HEIGHT="52" WIDTH="36" VPOS="1067" HPOS="1405"/>
<String CONTENT="Frank" HEIGHT="52" WIDTH="199" VPOS="1067" HPOS="1442"/>
<SP HEIGHT="56" WIDTH="30" VPOS="1065" HPOS="1642"/>
<String CONTENT="S." HEIGHT="56" WIDTH="58" VPOS="1065" HPOS="1673"/>
<SP HEIGHT="54" WIDTH="32" VPOS="1066" HPOS="1732"/>
<String CONTENT="Freeman" HEIGHT="52" WIDTH="278" VPOS="1066" HPOS="1765"/>
<SP HEIGHT="36" WIDTH="37" VPOS="1083" HPOS="2044"/>
<String CS="1" CONTENT="&#8230;"/>
</TextLine>
<TextLine HEIGHT="67" WIDTH="1487" VPOS="1145" HPOS="148" STYLEREFS="StyleId-1921E89F-E3D5-45F5-AEBD-C498E4DB832A-" CS="1">
<String CONTENT="New" HEIGHT="53" WIDTH="138" VPOS="1149" HPOS="148"/>
<SP HEIGHT="52" WIDTH="31" VPOS="1150" HPOS="287"/>
<String CONTENT="York" HEIGHT="54" WIDTH="163" VPOS="1148" HPOS="319"/>
<SP HEIGHT="51" WIDTH="28" VPOS="1148" HPOS="483"/>
<String CONTENT="&amp;" HEIGHT="49" WIDTH="50" VPOS="1150" HPOS="512"/>
<SP HEIGHT="51" WIDTH="32" VPOS="1148" HPOS="563"/>
<String CONTENT="London," HEIGHT="65" WIDTH="258" VPOS="1147" HPOS="596"/>
<SP HEIGHT="64" WIDTH="29" VPOS="1148" HPOS="855"/>
<String CONTENT="The" HEIGHT="53" WIDTH="122" VPOS="1145" HPOS="885"/>
<SP HEIGHT="55" WIDTH="30" VPOS="1145" HPOS="1008"/>
<String CONTENT="Century" HEIGHT="67" WIDTH="255" VPOS="1145" HPOS="1039"/>
<SP HEIGHT="51" WIDTH="29" VPOS="1161" HPOS="1295"/>
<String CONTENT="co." HEIGHT="38" WIDTH="78" VPOS="1160" HPOS="1325"/>
<SP HEIGHT="35" WIDTH="38" VPOS="1176" HPOS="1404"/>
<String CONTENT="[" HEIGHT="35" WIDTH="13" VPOS="1176" HPOS="1443"/>
<String STYLE="superscript" CS="1" CONTENT="&#7580;193"/>
<String CONTENT="1]" HEIGHT="62" WIDTH="47" VPOS="1148" HPOS="1588"/>
</TextLine>
<TextLine HEIGHT="54" WIDTH="1864" VPOS="1223" HPOS="272" CS="1">
<String CONTENT="xiv," HEIGHT="49" WIDTH="96" VPOS="1228" HPOS="272"/>
<SP HEIGHT="48" WIDTH="29" VPOS="1229" HPOS="369"/>
<String CONTENT="400" HEIGHT="40" WIDTH="87" VPOS="1228" HPOS="399"/>
<SP HEIGHT="48" WIDTH="31" VPOS="1228" HPOS="487"/>
<String CONTENT="p." HEIGHT="37" WIDTH="43" VPOS="1239" HPOS="519"/>
<SP HEIGHT="41" WIDTH="61" VPOS="1227" HPOS="563"/>
<String CONTENT="illus.," HEIGHT="48" WIDTH="143" VPOS="1227" HPOS="625"/>
<SP HEIGHT="47" WIDTH="32" VPOS="1228" HPOS="769"/>
<String CONTENT="diagrs." HEIGHT="48" WIDTH="180" VPOS="1226" HPOS="802"/>
<SP HEIGHT="40" WIDTH="57" VPOS="1226" HPOS="983"/>
<String CS="1" CONTENT="20&#189;&#7580;&#7504;." HEIGHT="40" WIDTH="147" VPOS="1226" HPOS="1041"/>
<SP HEIGHT="47" WIDTH="69" VPOS="1226" HPOS="1189"/>
<String CONTENT="(The" HEIGHT="48" WIDTH="123" VPOS="1225" HPOS="1259"/>
<SP HEIGHT="41" WIDTH="33" VPOS="1224" HPOS="1383"/>
<String CONTENT="Century" HEIGHT="47" WIDTH="213" VPOS="1224" HPOS="1417"/>
<SP HEIGHT="36" WIDTH="34" VPOS="1235" HPOS="1631"/>
<String CONTENT="education" HEIGHT="41" WIDTH="258" VPOS="1223" HPOS="1666"/>
<SP HEIGHT="29" WIDTH="35" VPOS="1234" HPOS="1925"/>
<String CONTENT="series)" HEIGHT="48" WIDTH="175" VPOS="1224" HPOS="1961"/>
</TextLine>
<TextLine HEIGHT="49" WIDTH="130" VPOS="1285" HPOS="146">
<String CONTENT="$2.25" HEIGHT="49" WIDTH="130" VPOS="1285" HPOS="146"/>
</TextLine>
<TextLine HEIGHT="45" WIDTH="970" VPOS="1337" HPOS="217" CS="1">
<String CONTENT="Lettered" HEIGHT="40" WIDTH="226" VPOS="1342" HPOS="217"/>
<SP HEIGHT="39" WIDTH="25" VPOS="1342" HPOS="444"/>
<String CONTENT="on" HEIGHT="29" WIDTH="61" VPOS="1352" HPOS="470"/>
<SP HEIGHT="30" WIDTH="24" VPOS="1351" HPOS="532"/>
<String CS="1" CONTENT="cover:" HEIGHT="30" WIDTH="141" VPOS="1351" HPOS="557"/>
<SP HEIGHT="40" WIDTH="27" VPOS="1340" HPOS="725"/>
<String CONTENT="Revised" HEIGHT="41" WIDTH="209" VPOS="1339" HPOS="753"/>
<SP HEIGHT="40" WIDTH="25" VPOS="1339" HPOS="963"/>
<String CONTENT="edition." HEIGHT="42" WIDTH="198" VPOS="1337" HPOS="989"/>
</TextLine>
<TextLine HEIGHT="51" WIDTH="1641" VPOS="1394" HPOS="218">
<String CONTENT="Earlier" HEIGHT="42" WIDTH="191" VPOS="1397" HPOS="218"/>
<SP HEIGHT="30" WIDTH="32" VPOS="1408" HPOS="410"/>
<String CONTENT="edition" HEIGHT="41" WIDTH="182" VPOS="1397" HPOS="443"/>
<SP HEIGHT="41" WIDTH="32" VPOS="1396" HPOS="626"/>
<String CONTENT="by" HEIGHT="49" WIDTH="60" VPOS="1396" HPOS="659"/>
<SP HEIGHT="48" WIDTH="31" VPOS="1397" HPOS="720"/>
<String CONTENT="A." HEIGHT="41" WIDTH="54" VPOS="1397" HPOS="752"/>
<SP HEIGHT="42" WIDTH="31" VPOS="1396" HPOS="807"/>
<String CONTENT="R." HEIGHT="40" WIDTH="55" VPOS="1396" HPOS="839"/>
<SP HEIGHT="41" WIDTH="33" VPOS="1396" HPOS="895"/>
<String CONTENT="Gilliland" HEIGHT="42" WIDTH="235" VPOS="1395" HPOS="929"/>
<SP HEIGHT="41" WIDTH="32" VPOS="1395" HPOS="1165"/>
<String CONTENT="and" HEIGHT="41" WIDTH="96" VPOS="1395" HPOS="1198"/>
<SP HEIGHT="41" WIDTH="31" VPOS="1395" HPOS="1295"/>
<String LANG="fr" CONTENT="R." HEIGHT="40" WIDTH="56" VPOS="1395" HPOS="1327"/>
<SP HEIGHT="41" WIDTH="31" VPOS="1394" HPOS="1384"/>
<String CONTENT="H." HEIGHT="42" WIDTH="63" VPOS="1394" HPOS="1416"/>
<SP HEIGHT="42" WIDTH="32" VPOS="1394" HPOS="1480"/>
<String CONTENT="Jordan" HEIGHT="41" WIDTH="187" VPOS="1394" HPOS="1513"/>
<SP HEIGHT="30" WIDTH="30" VPOS="1405" HPOS="1701"/>
<String CONTENT="only." HEIGHT="48" WIDTH="127" VPOS="1395" HPOS="1732"/>
</TextLine>
<TextLine HEIGHT="47" WIDTH="1412" VPOS="1452" HPOS="219">
<String CONTENT="&#8220;Selected" HEIGHT="40" WIDTH="247" VPOS="1456" HPOS="219"/>
<SP HEIGHT="39" WIDTH="26" VPOS="1456" HPOS="467"/>
<String CONTENT="references&#8221;" HEIGHT="42" WIDTH="302" VPOS="1453" HPOS="494"/>
<SP HEIGHT="40" WIDTH="26" VPOS="1453" HPOS="797"/>
<String CONTENT="at" HEIGHT="37" WIDTH="51" VPOS="1456" HPOS="824"/>
<SP HEIGHT="37" WIDTH="23" VPOS="1456" HPOS="876"/>
<String CONTENT="end" HEIGHT="39" WIDTH="90" VPOS="1454" HPOS="900"/>
<SP HEIGHT="39" WIDTH="25" VPOS="1454" HPOS="991"/>
<String CONTENT="of" HEIGHT="40" WIDTH="53" VPOS="1453" HPOS="1017"/>
<SP HEIGHT="39" WIDTH="23" VPOS="1453" HPOS="1071"/>
<String CONTENT="all" HEIGHT="40" WIDTH="66" VPOS="1453" HPOS="1095"/>
<SP HEIGHT="40" WIDTH="25" VPOS="1452" HPOS="1162"/>
<String CONTENT="but" HEIGHT="40" WIDTH="85" VPOS="1452" HPOS="1188"/>
<SP HEIGHT="38" WIDTH="27" VPOS="1454" HPOS="1274"/>
<String CONTENT="one" HEIGHT="31" WIDTH="87" VPOS="1462" HPOS="1302"/>
<SP HEIGHT="31" WIDTH="25" VPOS="1462" HPOS="1390"/>
<String CONTENT="chapter." HEIGHT="47" WIDTH="215" VPOS="1452" HPOS="1416"/>
</TextLine>
<TextLine HEIGHT="52" WIDTH="1686" VPOS="1508" HPOS="151" CS="1">
<String CONTENT="&#169;" HEIGHT="51" WIDTH="52" VPOS="1509" HPOS="151"/>
<SP HEIGHT="51" WIDTH="30" VPOS="1509" HPOS="204"/>
<String CONTENT="Jan." HEIGHT="40" WIDTH="109" VPOS="1513" HPOS="235"/>
<SP HEIGHT="39" WIDTH="28" VPOS="1514" HPOS="345"/>
<String CONTENT="12," HEIGHT="48" WIDTH="70" VPOS="1512" HPOS="374"/>
<SP HEIGHT="47" WIDTH="30" VPOS="1513" HPOS="445"/>
<String CONTENT="1931;" HEIGHT="47" WIDTH="139" VPOS="1511" HPOS="476"/>
<SP HEIGHT="47" WIDTH="31" VPOS="1511" HPOS="616"/>
<String CONTENT="2c." HEIGHT="41" WIDTH="67" VPOS="1511" HPOS="648"/>
<SP HEIGHT="30" WIDTH="30" VPOS="1522" HPOS="716"/>
<String CONTENT="and" HEIGHT="39" WIDTH="96" VPOS="1512" HPOS="747"/>
<SP HEIGHT="39" WIDTH="28" VPOS="1512" HPOS="844"/>
<String LANG="de" CONTENT="aff." HEIGHT="41" WIDTH="84" VPOS="1510" HPOS="873"/>
<SP HEIGHT="41" WIDTH="28" VPOS="1510" HPOS="958"/>
<String CONTENT="Jan." HEIGHT="40" WIDTH="109" VPOS="1510" HPOS="987"/>
<SP HEIGHT="40" WIDTH="31" VPOS="1510" HPOS="1097"/>
<String CONTENT="16;" HEIGHT="48" WIDTH="82" VPOS="1509" HPOS="1129"/>
<SP HEIGHT="47" WIDTH="32" VPOS="1510" HPOS="1212"/>
<!-- cceid DC5991E0-6E8D-1014-9CF5-AEB3FCA41D69 --><String CONTENT="A" HEIGHT="38" WIDTH="42" VPOS="1510" HPOS="1245"/>
<SP HEIGHT="40" WIDTH="26" VPOS="1509" HPOS="1288"/>
<String CONTENT="33166;" HEIGHT="48" WIDTH="173" VPOS="1508" HPOS="1315"/>
<SP HEIGHT="48" WIDTH="32" VPOS="1508" HPOS="1489"/>
<String CONTENT="Century" HEIGHT="49" WIDTH="215" VPOS="1508" HPOS="1522"/>
<SP HEIGHT="38" WIDTH="30" VPOS="1519" HPOS="1738"/>
<String CONTENT="co." HEIGHT="30" WIDTH="68" VPOS="1519" HPOS="1769"/>
</TextLine>
<TextLine HEIGHT="51" WIDTH="249" VPOS="1568" HPOS="232">
<String CONTENT="(31-2706)" HEIGHT="51" WIDTH="249" VPOS="1568" HPOS="232"/>
</TextLine>
<TextLine HEIGHT="65" WIDTH="1090" VPOS="1664" HPOS="149" STYLEREFS="StyleId-1921E89F-E3D5-45F5-AEBD-C498E4DB832A-">
<String CONTENT="Gilmore," HEIGHT="65" WIDTH="274" VPOS="1664" HPOS="149"/>
<SP HEIGHT="63" WIDTH="30" VPOS="1666" HPOS="424"/>
<String CONTENT="Melvin" HEIGHT="53" WIDTH="217" VPOS="1664" HPOS="455"/>
<SP HEIGHT="52" WIDTH="32" VPOS="1665" HPOS="673"/>
<String CONTENT="Randolph," HEIGHT="63" WIDTH="328" VPOS="1664" HPOS="706"/>
<SP HEIGHT="56" WIDTH="33" VPOS="1671" HPOS="1035"/>
<String CONTENT="1868-" HEIGHT="50" WIDTH="170" VPOS="1668" HPOS="1069"/>
</TextLine>
<TextLine HEIGHT="71" WIDTH="1868" VPOS="1738" HPOS="214" STYLEREFS="StyleId-1921E89F-E3D5-45F5-AEBD-C498E4DB832A-" CS="1">
<String CONTENT="Indian" HEIGHT="53" WIDTH="213" VPOS="1742" HPOS="214"/>
<SP HEIGHT="51" WIDTH="32" VPOS="1743" HPOS="428"/>
<String CONTENT="lore" HEIGHT="51" WIDTH="117" VPOS="1743" HPOS="461"/>
<SP HEIGHT="34" WIDTH="32" VPOS="1760" HPOS="579"/>
<String CONTENT="and" HEIGHT="52" WIDTH="112" VPOS="1742" HPOS="612"/>
<SP HEIGHT="52" WIDTH="36" VPOS="1741" HPOS="725"/>
<String CONTENT="Indian" HEIGHT="53" WIDTH="213" VPOS="1740" HPOS="762"/>
<SP HEIGHT="51" WIDTH="33" VPOS="1758" HPOS="976"/>
<String CONTENT="gardens," HEIGHT="68" WIDTH="264" VPOS="1741" HPOS="1010"/>
<SP HEIGHT="67" WIDTH="32" VPOS="1740" HPOS="1275"/>
<String CONTENT="by" HEIGHT="68" WIDTH="76" VPOS="1740" HPOS="1308"/>
<SP HEIGHT="68" WIDTH="33" VPOS="1740" HPOS="1385"/>
<String CONTENT="Melvin" HEIGHT="52" WIDTH="219" VPOS="1739" HPOS="1419"/>
<SP HEIGHT="52" WIDTH="37" VPOS="1739" HPOS="1639"/>
<String CONTENT="R." HEIGHT="52" WIDTH="68" VPOS="1739" HPOS="1677"/>
<SP HEIGHT="55" WIDTH="37" VPOS="1738" HPOS="1746"/>
<String CONTENT="Gilmore" HEIGHT="55" WIDTH="257" VPOS="1738" HPOS="1784"/>
<SP HEIGHT="34" WIDTH="40" VPOS="1758" HPOS="2042"/>
<String CS="1" CONTENT="&#8230;"/>
</TextLine>
<TextLine HEIGHT="70" WIDTH="1999" VPOS="1816" HPOS="144" STYLEREFS="StyleId-1921E89F-E3D5-45F5-AEBD-C498E4DB832A-">
<String CONTENT="Ithaca," HEIGHT="67" WIDTH="219" VPOS="1819" HPOS="144"/>
<SP HEIGHT="67" WIDTH="38" VPOS="1819" HPOS="364"/>
<String LANG="fr" CONTENT="N." HEIGHT="52" WIDTH="68" VPOS="1819" HPOS="403"/>
<SP HEIGHT="52" WIDTH="41" VPOS="1819" HPOS="472"/>
<String CONTENT="Y.," HEIGHT="67" WIDTH="91" VPOS="1819" HPOS="514"/>
<SP HEIGHT="68" WIDTH="35" VPOS="1818" HPOS="606"/>
<String CONTENT="Pub." HEIGHT="53" WIDTH="143" VPOS="1818" HPOS="642"/>
<SP HEIGHT="34" WIDTH="39" VPOS="1836" HPOS="786"/>
<String CONTENT="under" HEIGHT="52" WIDTH="180" VPOS="1818" HPOS="826"/>
<SP HEIGHT="47" WIDTH="37" VPOS="1823" HPOS="1007"/>
<String CONTENT="the" HEIGHT="52" WIDTH="96" VPOS="1818" HPOS="1045"/>
<SP HEIGHT="34" WIDTH="38" VPOS="1836" HPOS="1142"/>
<String CONTENT="auspices" HEIGHT="68" WIDTH="254" VPOS="1817" HPOS="1181"/>
<SP HEIGHT="35" WIDTH="41" VPOS="1835" HPOS="1436"/>
<String CONTENT="of" HEIGHT="53" WIDTH="64" VPOS="1816" HPOS="1478"/>
<SP HEIGHT="53" WIDTH="39" VPOS="1816" HPOS="1543"/>
<String CONTENT="the" HEIGHT="52" WIDTH="100" VPOS="1817" HPOS="1583"/>
<SP HEIGHT="55" WIDTH="38" VPOS="1816" HPOS="1684"/>
<String CONTENT="Coordinating" HEIGHT="69" WIDTH="420" VPOS="1816" HPOS="1723"/>
</TextLine>
<TextLine HEIGHT="71" WIDTH="1825" VPOS="1893" HPOS="143" STYLEREFS="StyleId-1921E89F-E3D5-45F5-AEBD-C498E4DB832A-" CS="1">
<String CONTENT="council" HEIGHT="53" WIDTH="219" VPOS="1896" HPOS="143"/>
<SP HEIGHT="51" WIDTH="27" VPOS="1897" HPOS="363"/>
<String CONTENT="on" HEIGHT="34" WIDTH="71" VPOS="1914" HPOS="391"/>
<SP HEIGHT="34" WIDTH="27" VPOS="1914" HPOS="463"/>
<String CONTENT="nature" HEIGHT="46" WIDTH="202" VPOS="1902" HPOS="491"/>
<SP HEIGHT="34" WIDTH="27" VPOS="1914" HPOS="694"/>
<String CONTENT="activities" HEIGHT="53" WIDTH="282" VPOS="1895" HPOS="722"/>
<SP HEIGHT="52" WIDTH="26" VPOS="1896" HPOS="1005"/>
<String CONTENT="by" HEIGHT="68" WIDTH="76" VPOS="1896" HPOS="1032"/>
<SP HEIGHT="63" WIDTH="27" VPOS="1901" HPOS="1109"/>
<String CONTENT="the" HEIGHT="51" WIDTH="97" VPOS="1896" HPOS="1137"/>
<SP HEIGHT="55" WIDTH="27" VPOS="1894" HPOS="1235"/>
<String CONTENT="Slingerland-Comstock" HEIGHT="71" WIDTH="705" VPOS="1893" HPOS="1263"/>
</TextLine>
<TextLine HEIGHT="131" WIDTH="1977" VPOS="1912" HPOS="143" STYLEREFS="StyleId-1921E89F-E3D5-45F5-AEBD-C498E4DB832A-" CS="1">
<String CONTENT="company" HEIGHT="131" WIDTH="1977" VPOS="1912" HPOS="143"/>
<SP HEIGHT="51" WIDTH="37" VPOS="1992" HPOS="297"/>
<String CONTENT="[" HEIGHT="36" WIDTH="13" VPOS="2006" HPOS="335"/>
<String STYLE="superscript" CS="1" CONTENT="&#7580;193"/>
<String CONTENT="0]" HEIGHT="65" WIDTH="48" VPOS="1976" HPOS="479"/>
</TextLine>
<TextLine HEIGHT="49" WIDTH="740" VPOS="2054" HPOS="213" CS="1">
<String CONTENT="1" HEIGHT="37" WIDTH="24" VPOS="2056" HPOS="213"/>
<SP/>
<String CS="1" CONTENT="v." HEIGHT="8" WIDTH="8" VPOS="2088" HPOS="302"/>
<SP HEIGHT="42" WIDTH="57" VPOS="2054" HPOS="311"/>
<String CONTENT="2" HEIGHT="40" WIDTH="27" VPOS="2054" HPOS="369"/>
<SP HEIGHT="40" WIDTH="30" VPOS="2054" HPOS="397"/>
<String CONTENT="illus." HEIGHT="40" WIDTH="126" VPOS="2055" HPOS="428"/>
<SP HEIGHT="48" WIDTH="29" VPOS="2055" HPOS="555"/>
<String CONTENT="(maps)" HEIGHT="48" WIDTH="184" VPOS="2055" HPOS="585"/>
<SP HEIGHT="48" WIDTH="67" VPOS="2055" HPOS="770"/>
<String CONTENT="18" HEIGHT="41" WIDTH="57" VPOS="2055" HPOS="838"/>
<String STYLE="superscript" CS="1" CONTENT="&#7580;&#7504;"/>
<String CONTENT="." HEIGHT="8" WIDTH="8" VPOS="2089" HPOS="945"/>
</TextLine>
<TextLine HEIGHT="41" WIDTH="284" VPOS="2111" HPOS="211">
<String CONTENT="Loose-leaf." HEIGHT="41" WIDTH="284" VPOS="2111" HPOS="211"/>
</TextLine>
<TextLine HEIGHT="49" WIDTH="724" VPOS="2165" HPOS="212">
<String CONTENT="On" HEIGHT="42" WIDTH="71" VPOS="2165" HPOS="212"/>
<SP HEIGHT="30" WIDTH="26" VPOS="2176" HPOS="284"/>
<String CONTENT="cover:" HEIGHT="31" WIDTH="167" VPOS="2176" HPOS="311"/>
<SP HEIGHT="40" WIDTH="29" VPOS="2166" HPOS="479"/>
<String CONTENT="Indian" HEIGHT="40" WIDTH="177" VPOS="2166" HPOS="509"/>
<SP HEIGHT="37" WIDTH="25" VPOS="2177" HPOS="687"/>
<String CONTENT="gardens." HEIGHT="46" WIDTH="223" VPOS="2168" HPOS="713"/>
</TextLine>
<TextLine HEIGHT="48" WIDTH="1543" VPOS="2222" HPOS="212" CS="1">
<String CONTENT="Added" HEIGHT="40" WIDTH="168" VPOS="2223" HPOS="212"/>
<SP HEIGHT="40" WIDTH="32" VPOS="2223" HPOS="381"/>
<String CS="1" CONTENT="t.-p.:" HEIGHT="46" WIDTH="98" VPOS="2224" HPOS="414"/>
<SP HEIGHT="39" WIDTH="37" VPOS="2223" HPOS="541"/>
<String CONTENT="Field" HEIGHT="40" WIDTH="136" VPOS="2223" HPOS="579"/>
<SP HEIGHT="39" WIDTH="35" VPOS="2224" HPOS="716"/>
<String CONTENT="and" HEIGHT="39" WIDTH="97" VPOS="2224" HPOS="752"/>
<SP HEIGHT="39" WIDTH="33" VPOS="2224" HPOS="850"/>
<String CONTENT="camp" HEIGHT="38" WIDTH="137" VPOS="2232" HPOS="884"/>
<SP HEIGHT="38" WIDTH="34" VPOS="2232" HPOS="1022"/>
<String CONTENT="note-book," HEIGHT="47" WIDTH="268" VPOS="2222" HPOS="1057"/>
<SP HEIGHT="47" WIDTH="39" VPOS="2222" HPOS="1326"/>
<String CONTENT="Comstock" HEIGHT="42" WIDTH="255" VPOS="2222" HPOS="1366"/>
<SP HEIGHT="40" WIDTH="35" VPOS="2223" HPOS="1622"/>
<String CONTENT="and" HEIGHT="39" WIDTH="97" VPOS="2224" HPOS="1658"/>
</TextLine>
<TextLine HEIGHT="105" WIDTH="1980" VPOS="2222" HPOS="145" CS="1">
<String CONTENT="Vinal" HEIGHT="41" WIDTH="147" VPOS="2222" HPOS="1792"/>
<SP HEIGHT="50" WIDTH="41" VPOS="2222" HPOS="1940"/>
<String CONTENT="(copyrighted" HEIGHT="103" WIDTH="1980" VPOS="2222" HPOS="145"/>
<SP HEIGHT="40" WIDTH="32" VPOS="2279" HPOS="335"/>
<String CONTENT="1922-1925)" HEIGHT="50" WIDTH="286" VPOS="2277" HPOS="368"/>
</TextLine>
<TextLine HEIGHT="53" WIDTH="1930" VPOS="2333" HPOS="213">
<String CONTENT="Contains" HEIGHT="41" WIDTH="234" VPOS="2333" HPOS="213"/>
<SP HEIGHT="30" WIDTH="28" VPOS="2345" HPOS="448"/>
<String CONTENT="a" HEIGHT="30" WIDTH="27" VPOS="2345" HPOS="477"/>
<SP HEIGHT="41" WIDTH="29" VPOS="2334" HPOS="505"/>
<String CONTENT="list" HEIGHT="41" WIDTH="83" VPOS="2334" HPOS="535"/>
<SP HEIGHT="38" WIDTH="25" VPOS="2337" HPOS="619"/>
<String CONTENT="of" HEIGHT="41" WIDTH="53" VPOS="2334" HPOS="645"/>
<SP HEIGHT="39" WIDTH="29" VPOS="2334" HPOS="699"/>
<String CONTENT="&#8220;Native" HEIGHT="40" WIDTH="204" VPOS="2335" HPOS="729"/>
<SP HEIGHT="37" WIDTH="28" VPOS="2345" HPOS="934"/>
<String CONTENT="plants" HEIGHT="47" WIDTH="164" VPOS="2335" HPOS="963"/>
<SP HEIGHT="29" WIDTH="28" VPOS="2346" HPOS="1128"/>
<String CONTENT="as" HEIGHT="29" WIDTH="55" VPOS="2346" HPOS="1157"/>
<SP HEIGHT="29" WIDTH="29" VPOS="2346" HPOS="1213"/>
<String CONTENT="used" HEIGHT="40" WIDTH="119" VPOS="2336" HPOS="1243"/>
<SP HEIGHT="40" WIDTH="28" VPOS="2335" HPOS="1363"/>
<String CONTENT="by" HEIGHT="51" WIDTH="60" VPOS="2335" HPOS="1392"/>
<SP HEIGHT="51" WIDTH="30" VPOS="2335" HPOS="1453"/>
<String CONTENT="Indians&#8221;" HEIGHT="42" WIDTH="231" VPOS="2334" HPOS="1484"/>
<SP HEIGHT="42" WIDTH="30" VPOS="2334" HPOS="1716"/>
<String CONTENT="and" HEIGHT="40" WIDTH="96" VPOS="2336" HPOS="1747"/>
<SP HEIGHT="41" WIDTH="31" VPOS="2335" HPOS="1844"/>
<String CONTENT="&#8220;A" HEIGHT="39" WIDTH="69" VPOS="2335" HPOS="1876"/>
<SP HEIGHT="39" WIDTH="30" VPOS="2335" HPOS="1946"/>
<String CONTENT="list" HEIGHT="42" WIDTH="85" VPOS="2334" HPOS="1977"/>
<SP HEIGHT="39" WIDTH="26" VPOS="2337" HPOS="2063"/>
<String CONTENT="of" HEIGHT="42" WIDTH="53" VPOS="2334" HPOS="2090"/>
</TextLine>
<TextLine HEIGHT="49" WIDTH="1301" VPOS="2390" HPOS="145">
<String CONTENT="useful" HEIGHT="40" WIDTH="157" VPOS="2390" HPOS="145"/>
<SP HEIGHT="39" WIDTH="27" VPOS="2390" HPOS="303"/>
<String CONTENT="books" HEIGHT="41" WIDTH="148" VPOS="2390" HPOS="331"/>
<SP HEIGHT="40" WIDTH="26" VPOS="2391" HPOS="480"/>
<String CONTENT="for" HEIGHT="40" WIDTH="78" VPOS="2391" HPOS="507"/>
<SP HEIGHT="30" WIDTH="26" VPOS="2401" HPOS="586"/>
<String CONTENT="understanding" HEIGHT="48" WIDTH="388" VPOS="2391" HPOS="613"/>
<SP HEIGHT="37" WIDTH="24" VPOS="2402" HPOS="1002"/>
<String CONTENT="of" HEIGHT="40" WIDTH="54" VPOS="2391" HPOS="1027"/>
<SP HEIGHT="39" WIDTH="24" VPOS="2391" HPOS="1082"/>
<String CONTENT="Indian" HEIGHT="41" WIDTH="178" VPOS="2391" HPOS="1107"/>
<SP HEIGHT="39" WIDTH="27" VPOS="2391" HPOS="1286"/>
<String CONTENT="life&#8221;." HEIGHT="43" WIDTH="132" VPOS="2390" HPOS="1314"/>
</TextLine>
<TextLine HEIGHT="101" WIDTH="1995" VPOS="2444" HPOS="148" CS="1">
<String CONTENT="&#169;" HEIGHT="52" WIDTH="51" VPOS="2444" HPOS="148"/>
<SP HEIGHT="52" WIDTH="30" VPOS="2444" HPOS="200"/>
<String CONTENT="Aug." HEIGHT="48" WIDTH="120" VPOS="2448" HPOS="231"/>
<SP HEIGHT="39" WIDTH="30" VPOS="2449" HPOS="352"/>
<String CONTENT="1," HEIGHT="47" WIDTH="39" VPOS="2449" HPOS="383"/>
<SP HEIGHT="47" WIDTH="32" VPOS="2449" HPOS="423"/>
<String CONTENT="1930;" HEIGHT="48" WIDTH="139" VPOS="2447" HPOS="456"/>
<SP HEIGHT="48" WIDTH="34" VPOS="2447" HPOS="596"/>
<String CONTENT="2c." HEIGHT="42" WIDTH="67" VPOS="2447" HPOS="631"/>
<SP HEIGHT="40" WIDTH="32" VPOS="2449" HPOS="699"/>
<String CONTENT="Jan." HEIGHT="41" WIDTH="109" VPOS="2449" HPOS="732"/>
<SP HEIGHT="41" WIDTH="31" VPOS="2449" HPOS="842"/>
<String CONTENT="21," HEIGHT="48" WIDTH="69" VPOS="2449" HPOS="874"/>
<SP HEIGHT="47" WIDTH="32" VPOS="2450" HPOS="944"/>
<String CONTENT="1931;" HEIGHT="49" WIDTH="140" VPOS="2447" HPOS="977"/>
<SP HEIGHT="36" WIDTH="36" VPOS="2460" HPOS="1118"/>
<String LANG="de" CONTENT="aff." HEIGHT="42" WIDTH="81" VPOS="2448" HPOS="1155"/>
<SP HEIGHT="40" WIDTH="34" VPOS="2450" HPOS="1237"/>
<String CONTENT="Jan." HEIGHT="40" WIDTH="108" VPOS="2450" HPOS="1272"/>
<SP HEIGHT="41" WIDTH="32" VPOS="2449" HPOS="1381"/>
<String CONTENT="20;" HEIGHT="49" WIDTH="83" VPOS="2448" HPOS="1414"/>
<SP HEIGHT="47" WIDTH="35" VPOS="2450" HPOS="1498"/>
<!-- cceid DC5A6341-6E8D-1014-9CF5-AEB3FCA41D69 --><String CONTENT="A" HEIGHT="38" WIDTH="42" VPOS="2450" HPOS="1534"/>
<SP HEIGHT="40" WIDTH="28" VPOS="2450" HPOS="1577"/>
<String CONTENT="32907;" HEIGHT="49" WIDTH="172" VPOS="2447" HPOS="1606"/>
<SP HEIGHT="47" WIDTH="39" VPOS="2449" HPOS="1779"/>
<String CONTENT="Slingerland-Comstock" HEIGHT="96" WIDTH="1923" VPOS="2449" HPOS="220"/>
</TextLine>
<TextLine HEIGHT="50" WIDTH="388" VPOS="2505" HPOS="511">
<String CONTENT="co." HEIGHT="30" WIDTH="66" VPOS="2516" HPOS="511"/>
<SP HEIGHT="42" WIDTH="70" VPOS="2506" HPOS="578"/>
<String CONTENT="(31-2645)" HEIGHT="50" WIDTH="250" VPOS="2505" HPOS="649"/>
</TextLine>
<TextLine HEIGHT="69" WIDTH="1010" VPOS="2598" HPOS="145" STYLEREFS="StyleId-1921E89F-E3D5-45F5-AEBD-C498E4DB832A-" CS="1">
<String CONTENT="Givler," HEIGHT="67" WIDTH="214" VPOS="2598" HPOS="145"/>
<SP HEIGHT="63" WIDTH="28" VPOS="2602" HPOS="360"/>
<String CONTENT="Robert" HEIGHT="53" WIDTH="221" VPOS="2601" HPOS="389"/>
<SP HEIGHT="53" WIDTH="30" VPOS="2602" HPOS="611"/>
<String CONTENT="Chenault," HEIGHT="65" WIDTH="309" VPOS="2602" HPOS="642"/>
<SP HEIGHT="58" WIDTH="32" VPOS="2609" HPOS="952"/>
<String CS="1" CONTENT="1884-" HEIGHT="49" WIDTH="170" VPOS="2608" HPOS="985"/>
</TextLine>
<TextLine HEIGHT="72" WIDTH="1752" VPOS="2676" HPOS="212" STYLEREFS="StyleId-1921E89F-E3D5-45F5-AEBD-C498E4DB832A-" CS="1">
<String CONTENT="The" HEIGHT="52" WIDTH="119" VPOS="2677" HPOS="212"/>
<SP HEIGHT="35" WIDTH="26" VPOS="2695" HPOS="332"/>
<String CONTENT="story" HEIGHT="63" WIDTH="156" VPOS="2683" HPOS="359"/>
<SP HEIGHT="50" WIDTH="27" VPOS="2696" HPOS="516"/>
<String CONTENT="of" HEIGHT="54" WIDTH="64" VPOS="2676" HPOS="544"/>
<SP HEIGHT="54" WIDTH="24" VPOS="2676" HPOS="609"/>
<String CONTENT="our" HEIGHT="34" WIDTH="103" VPOS="2696" HPOS="634"/>
<SP HEIGHT="33" WIDTH="25" VPOS="2697" HPOS="738"/>
<String CS="1" CONTENT="minds;" HEIGHT="54" WIDTH="188" VPOS="2678" HPOS="764"/>
<SP HEIGHT="61" WIDTH="30" VPOS="2685" HPOS="981"/>
<String CONTENT="the" HEIGHT="52" WIDTH="94" VPOS="2680" HPOS="1012"/>
<SP HEIGHT="34" WIDTH="24" VPOS="2698" HPOS="1107"/>
<String CONTENT="science" HEIGHT="53" WIDTH="212" VPOS="2680" HPOS="1132"/>
<SP HEIGHT="35" WIDTH="25" VPOS="2698" HPOS="1345"/>
<String CONTENT="of" HEIGHT="52" WIDTH="65" VPOS="2680" HPOS="1371"/>
<SP HEIGHT="68" WIDTH="25" VPOS="2680" HPOS="1437"/>
<String CONTENT="psychology," HEIGHT="68" WIDTH="370" VPOS="2680" HPOS="1463"/>
<SP HEIGHT="50" WIDTH="24" VPOS="2697" HPOS="1834"/>
<String CONTENT="our" HEIGHT="35" WIDTH="105" VPOS="2697" HPOS="1859"/>
</TextLine>
<TextLine HEIGHT="130" WIDTH="1998" VPOS="2697" HPOS="143" STYLEREFS="StyleId-1921E89F-E3D5-45F5-AEBD-C498E4DB832A-" CS="1">
<String CONTENT="mental" HEIGHT="108" WIDTH="1973" VPOS="2697" HPOS="143"/>
<SP HEIGHT="52" WIDTH="37" VPOS="2755" HPOS="223"/>
<String CONTENT="states" HEIGHT="48" WIDTH="172" VPOS="2759" HPOS="261"/>
<SP HEIGHT="33" WIDTH="38" VPOS="2774" HPOS="434"/>
<String CONTENT="and" HEIGHT="52" WIDTH="112" VPOS="2756" HPOS="473"/>
<SP HEIGHT="67" WIDTH="37" VPOS="2756" HPOS="586"/>
<String CONTENT="processes," HEIGHT="51" WIDTH="299" VPOS="2773" HPOS="624"/>
<SP HEIGHT="48" WIDTH="38" VPOS="2776" HPOS="924"/>
<String CONTENT="what" HEIGHT="52" WIDTH="151" VPOS="2757" HPOS="963"/>
<SP HEIGHT="47" WIDTH="39" VPOS="2763" HPOS="1115"/>
<String CONTENT="they" HEIGHT="69" WIDTH="135" VPOS="2758" HPOS="1155"/>
<SP HEIGHT="51" WIDTH="37" VPOS="2776" HPOS="1291"/>
<String CONTENT="are," HEIGHT="49" WIDTH="112" VPOS="2776" HPOS="1329"/>
<SP HEIGHT="49" WIDTH="38" VPOS="2776" HPOS="1442"/>
<String CONTENT="what" HEIGHT="52" WIDTH="154" VPOS="2758" HPOS="1481"/>
<SP HEIGHT="47" WIDTH="36" VPOS="2763" HPOS="1636"/>
<String CONTENT="they" HEIGHT="68" WIDTH="136" VPOS="2758" HPOS="1673"/>
<SP HEIGHT="50" WIDTH="36" VPOS="2776" HPOS="1810"/>
<String CONTENT="mean," HEIGHT="50" WIDTH="183" VPOS="2775" HPOS="1847"/>
<SP HEIGHT="68" WIDTH="34" VPOS="2757" HPOS="2031"/>
<String CONTENT="by" HEIGHT="70" WIDTH="75" VPOS="2757" HPOS="2066"/>
</TextLine>
<TextLine HEIGHT="56" WIDTH="1092" VPOS="2832" HPOS="143" STYLEREFS="StyleId-1921E89F-E3D5-45F5-AEBD-C498E4DB832A-" CS="1">
<String CONTENT="Robert" HEIGHT="53" WIDTH="214" VPOS="2832" HPOS="143"/>
<SP HEIGHT="55" WIDTH="37" VPOS="2832" HPOS="358"/>
<String CONTENT="Chenault" HEIGHT="55" WIDTH="284" VPOS="2832" HPOS="396"/>
<SP HEIGHT="55" WIDTH="36" VPOS="2833" HPOS="681"/>
<String CONTENT="Givler" HEIGHT="55" WIDTH="200" VPOS="2833" HPOS="718"/>
<SP HEIGHT="33" WIDTH="41" VPOS="2854" HPOS="919"/>
<String CS="1" CONTENT="&#8230;"/>
<SP HEIGHT="52" WIDTH="78" VPOS="2836" HPOS="1018"/>
<String CONTENT="New" HEIGHT="52" WIDTH="138" VPOS="2836" HPOS="1097"/>
</TextLine>
<TextLine HEIGHT="71" WIDTH="866" VPOS="2834" HPOS="1276" STYLEREFS="StyleId-1921E89F-E3D5-45F5-AEBD-C498E4DB832A-">
<String CONTENT="York," HEIGHT="70" WIDTH="178" VPOS="2835" HPOS="1276"/>
<SP HEIGHT="69" WIDTH="37" VPOS="2836" HPOS="1455"/>
<String LANG="fr" CONTENT="P." HEIGHT="52" WIDTH="65" VPOS="2836" HPOS="1493"/>
<SP HEIGHT="52" WIDTH="40" VPOS="2836" HPOS="1559"/>
<String CONTENT="F." HEIGHT="53" WIDTH="64" VPOS="2836" HPOS="1600"/>
<SP HEIGHT="56" WIDTH="42" VPOS="2834" HPOS="1665"/>
<String CONTENT="Collier" HEIGHT="56" WIDTH="214" VPOS="2834" HPOS="1708"/>
<SP HEIGHT="51" WIDTH="36" VPOS="2837" HPOS="1923"/>
<String CONTENT="&amp;" HEIGHT="50" WIDTH="46" VPOS="2837" HPOS="1960"/>
<SP HEIGHT="51" WIDTH="34" VPOS="2837" HPOS="2007"/>
<String CONTENT="son" HEIGHT="35" WIDTH="100" VPOS="2853" HPOS="2042"/>
</TextLine>
<TextLine HEIGHT="66" WIDTH="504" VPOS="2913" HPOS="141" STYLEREFS="StyleId-1921E89F-E3D5-45F5-AEBD-C498E4DB832A-" CS="1">
<String CONTENT="company" HEIGHT="51" WIDTH="279" VPOS="2928" HPOS="141"/>
<SP HEIGHT="50" WIDTH="31" VPOS="2929" HPOS="421"/>
<String CONTENT="[" HEIGHT="33" WIDTH="13" VPOS="2944" HPOS="453"/>
<String STYLE="superscript" CS="1" CONTENT="&#7580;193"/>
<String CONTENT="0]" HEIGHT="64" WIDTH="48" VPOS="2913" HPOS="597"/>
</TextLine>
<TextLine HEIGHT="53" WIDTH="1930" VPOS="2993" HPOS="213" CS="1">
<String CONTENT="2" HEIGHT="40" WIDTH="28" VPOS="2993" HPOS="213"/>
<SP/>
<String LANG="fr" CONTENT="p." HEIGHT="37" WIDTH="44" VPOS="3004" HPOS="268"/>
<SP/>
<String LANG="fr" CS="1" CONTENT="l."/>
<String CONTENT="," HEIGHT="17" WIDTH="9" VPOS="3024" HPOS="375"/>
<SP HEIGHT="48" WIDTH="28" VPOS="2993" HPOS="385"/>
<String CONTENT="3-403" HEIGHT="41" WIDTH="144" VPOS="2993" HPOS="414"/>
<SP HEIGHT="47" WIDTH="27" VPOS="2994" HPOS="559"/>
<String CONTENT="p." HEIGHT="37" WIDTH="43" VPOS="3004" HPOS="587"/>
<SP HEIGHT="29" WIDTH="56" VPOS="3005" HPOS="631"/>
<String CONTENT="col." HEIGHT="40" WIDTH="86" VPOS="2994" HPOS="688"/>
<SP HEIGHT="40" WIDTH="28" VPOS="2994" HPOS="775"/>
<String CONTENT="front.," HEIGHT="48" WIDTH="163" VPOS="2994" HPOS="804"/>
<SP HEIGHT="47" WIDTH="30" VPOS="2995" HPOS="968"/>
<String CONTENT="illus.," HEIGHT="46" WIDTH="143" VPOS="2995" HPOS="999"/>
<SP HEIGHT="37" WIDTH="30" VPOS="3006" HPOS="1143"/>
<String CONTENT="plates," HEIGHT="47" WIDTH="170" VPOS="2996" HPOS="1174"/>
<SP HEIGHT="46" WIDTH="28" VPOS="2997" HPOS="1345"/>
<String CONTENT="diagrs." HEIGHT="48" WIDTH="178" VPOS="2995" HPOS="1374"/>
<SP HEIGHT="38" WIDTH="57" VPOS="2997" HPOS="1553"/>
<String CONTENT="20" HEIGHT="40" WIDTH="56" VPOS="2996" HPOS="1611"/>
<String STYLE="superscript" CS="1" CONTENT="&#7580;&#7504;"/>
<String CONTENT="." HEIGHT="8" WIDTH="7" VPOS="3028" HPOS="1721"/>
<SP/>
<String CONTENT="(Added" HEIGHT="48" WIDTH="193" VPOS="2996" HPOS="1797"/>
<SP HEIGHT="39" WIDTH="30" VPOS="2998" HPOS="1991"/>
<String CS="1" CONTENT="t.-p.:" HEIGHT="39" WIDTH="99" VPOS="3007" HPOS="2044"/>
</TextLine>
<TextLine HEIGHT="51" WIDTH="1820" VPOS="3050" HPOS="143" CS="1">
<String CONTENT="Popular" HEIGHT="46" WIDTH="213" VPOS="3051" HPOS="143"/>
<SP HEIGHT="30" WIDTH="34" VPOS="3060" HPOS="357"/>
<String CONTENT="science" HEIGHT="40" WIDTH="184" VPOS="3050" HPOS="392"/>
<SP HEIGHT="38" WIDTH="35" VPOS="3052" HPOS="577"/>
<String CS="1" CONTENT="library." HEIGHT="48" WIDTH="186" VPOS="3050" HPOS="613"/>
<SP HEIGHT="30" WIDTH="36" VPOS="3062" HPOS="813"/>
<String CONTENT="editor-in-chief," HEIGHT="49" WIDTH="392" VPOS="3051" HPOS="850"/>
<SP HEIGHT="48" WIDTH="38" VPOS="3052" HPOS="1243"/>
<String LANG="fr" CONTENT="G." HEIGHT="40" WIDTH="52" VPOS="3052" HPOS="1282"/>
<SP HEIGHT="38" WIDTH="38" VPOS="3053" HPOS="1335"/>
<String CONTENT="P." HEIGHT="40" WIDTH="51" VPOS="3053" HPOS="1374"/>
<SP HEIGHT="41" WIDTH="38" VPOS="3052" HPOS="1426"/>
<String CONTENT="Serviss" HEIGHT="41" WIDTH="190" VPOS="3052" HPOS="1465"/>
<SP HEIGHT="29" WIDTH="38" VPOS="3064" HPOS="1656"/>
<String CS="1" CONTENT="&#8230;"/>
<SP HEIGHT="29" WIDTH="60" VPOS="3064" HPOS="1742"/>
<String CONTENT="v." HEIGHT="30" WIDTH="43" VPOS="3064" HPOS="1803"/>
<SP HEIGHT="41" WIDTH="35" VPOS="3053" HPOS="1847"/>
<String CONTENT="10)" HEIGHT="49" WIDTH="80" VPOS="3052" HPOS="1883"/>
</TextLine>
<TextLine HEIGHT="49" WIDTH="780" VPOS="3107" HPOS="215">
<String CONTENT="Plates" HEIGHT="39" WIDTH="163" VPOS="3108" HPOS="215"/>
<SP HEIGHT="39" WIDTH="25" VPOS="3117" HPOS="379"/>
<String CONTENT="printed" HEIGHT="49" WIDTH="193" VPOS="3107" HPOS="405"/>
<SP HEIGHT="39" WIDTH="25" VPOS="3108" HPOS="599"/>
<String CONTENT="on" HEIGHT="29" WIDTH="60" VPOS="3118" HPOS="625"/>
<SP HEIGHT="40" WIDTH="24" VPOS="3107" HPOS="686"/>
<String CONTENT="both" HEIGHT="40" WIDTH="115" VPOS="3107" HPOS="711"/>
<SP HEIGHT="39" WIDTH="25" VPOS="3108" HPOS="827"/>
<String CONTENT="sides." HEIGHT="41" WIDTH="142" VPOS="3108" HPOS="853"/>
</TextLine>
<TextLine HEIGHT="98" WIDTH="1979" VPOS="3164" HPOS="143" CS="1">
<String CONTENT="Published" HEIGHT="40" WIDTH="264" VPOS="3164" HPOS="213"/>
<SP HEIGHT="40" WIDTH="27" VPOS="3164" HPOS="478"/>
<String CONTENT="in" HEIGHT="39" WIDTH="50" VPOS="3164" HPOS="506"/>
<SP HEIGHT="38" WIDTH="29" VPOS="3165" HPOS="557"/>
<String CONTENT="1922" HEIGHT="40" WIDTH="114" VPOS="3164" HPOS="587"/>
<SP HEIGHT="39" WIDTH="30" VPOS="3165" HPOS="702"/>
<String CONTENT="under" HEIGHT="38" WIDTH="152" VPOS="3166" HPOS="733"/>
<SP HEIGHT="38" WIDTH="29" VPOS="3167" HPOS="886"/>
<String CS="1" CONTENT="title:" HEIGHT="40" WIDTH="108" VPOS="3165" HPOS="916"/>
<SP HEIGHT="38" WIDTH="33" VPOS="3166" HPOS="1051"/>
<String CS="1" CONTENT="Psychology;" HEIGHT="48" WIDTH="299" VPOS="3166" HPOS="1085"/>
<SP HEIGHT="45" WIDTH="34" VPOS="3168" HPOS="1411"/>
<String CONTENT="the" HEIGHT="39" WIDTH="80" VPOS="3167" HPOS="1446"/>
<SP HEIGHT="29" WIDTH="29" VPOS="3177" HPOS="1527"/>
<String CONTENT="science" HEIGHT="40" WIDTH="185" VPOS="3167" HPOS="1557"/>
<SP HEIGHT="29" WIDTH="29" VPOS="3178" HPOS="1743"/>
<String CONTENT="of" HEIGHT="40" WIDTH="52" VPOS="3167" HPOS="1773"/>
<SP HEIGHT="40" WIDTH="26" VPOS="3167" HPOS="1826"/>
<String CONTENT="human" HEIGHT="39" WIDTH="184" VPOS="3169" HPOS="1853"/>
<SP HEIGHT="40" WIDTH="28" VPOS="3169" HPOS="2038"/>
<String CONTENT="behavior." HEIGHT="93" WIDTH="1979" VPOS="3169" HPOS="143"/>
</TextLine>
<TextLine HEIGHT="53" WIDTH="1995" VPOS="3275" HPOS="147" CS="1">
<String CONTENT="&#169;" HEIGHT="51" WIDTH="52" VPOS="3275" HPOS="147"/>
<SP HEIGHT="51" WIDTH="25" VPOS="3275" HPOS="200"/>
<String CONTENT="Dec." HEIGHT="39" WIDTH="109" VPOS="3280" HPOS="226"/>
<SP HEIGHT="40" WIDTH="24" VPOS="3279" HPOS="336"/>
<String CONTENT="30," HEIGHT="48" WIDTH="69" VPOS="3278" HPOS="361"/>
<SP HEIGHT="47" WIDTH="24" VPOS="3279" HPOS="431"/>
<String CONTENT="1930:" HEIGHT="41" WIDTH="139" VPOS="3277" HPOS="456"/>
<SP HEIGHT="40" WIDTH="27" VPOS="3278" HPOS="596"/>
<String CONTENT="2c." HEIGHT="40" WIDTH="66" VPOS="3278" HPOS="624"/>
<SP HEIGHT="40" WIDTH="26" VPOS="3278" HPOS="691"/>
<String CONTENT="Jan." HEIGHT="39" WIDTH="107" VPOS="3278" HPOS="718"/>
<SP HEIGHT="38" WIDTH="27" VPOS="3279" HPOS="826"/>
<String CONTENT="14," HEIGHT="45" WIDTH="67" VPOS="3279" HPOS="854"/>
<SP HEIGHT="44" WIDTH="26" VPOS="3280" HPOS="922"/>
<String CS="1" CONTENT="1931;" HEIGHT="41" WIDTH="112" VPOS="3277" HPOS="949"/>
<SP/>
<String CS="1" CONTENT="aff."/>
<SP HEIGHT="39" WIDTH="26" VPOS="3279" HPOS="1200"/>
<String CONTENT="Jan." HEIGHT="39" WIDTH="109" VPOS="3279" HPOS="1227"/>
<SP HEIGHT="39" WIDTH="25" VPOS="3279" HPOS="1337"/>
<String CS="1" CONTENT="21;" HEIGHT="39" WIDTH="53" VPOS="3279" HPOS="1363"/>
<SP HEIGHT="46" WIDTH="27" VPOS="3280" HPOS="1446"/>
<!-- cceid DC5B321E-6E8D-1014-9CF5-AEB3FCA41D69 --><String CONTENT="A" HEIGHT="38" WIDTH="42" VPOS="3280" HPOS="1474"/>
<SP HEIGHT="40" WIDTH="22" VPOS="3280" HPOS="1517"/>
<String CS="1" CONTENT="33278;" HEIGHT="42" WIDTH="147" VPOS="3279" HPOS="1540"/>
<SP HEIGHT="46" WIDTH="28" VPOS="3282" HPOS="1712"/>
<String LANG="fr" CONTENT="P." HEIGHT="40" WIDTH="51" VPOS="3282" HPOS="1741"/>
<SP HEIGHT="40" WIDTH="27" VPOS="3282" HPOS="1793"/>
<String CONTENT="F." HEIGHT="40" WIDTH="51" VPOS="3282" HPOS="1821"/>
<SP HEIGHT="40" WIDTH="27" VPOS="3282" HPOS="1873"/>
<String CONTENT="Collier" HEIGHT="41" WIDTH="177" VPOS="3281" HPOS="1901"/>
<SP HEIGHT="39" WIDTH="26" VPOS="3283" HPOS="2079"/>
<String CONTENT="&amp;" HEIGHT="39" WIDTH="36" VPOS="3283" HPOS="2106"/>
</TextLine>
<TextLine HEIGHT="57" WIDTH="1449" VPOS="3331" HPOS="215" CS="1">
<String CONTENT="son" HEIGHT="29" WIDTH="85" VPOS="3347" HPOS="215"/>
<SP HEIGHT="30" WIDTH="26" VPOS="3346" HPOS="301"/>
<String CONTENT="co." HEIGHT="30" WIDTH="66" VPOS="3346" HPOS="328"/>
<SP HEIGHT="29" WIDTH="63" VPOS="3355" HPOS="395"/>
<String CONTENT="[&#169;" HEIGHT="53" WIDTH="69" VPOS="3331" HPOS="459"/>
<SP HEIGHT="51" WIDTH="26" VPOS="3331" HPOS="529"/>
<String CONTENT="new" HEIGHT="29" WIDTH="106" VPOS="3346" HPOS="556"/>
<SP HEIGHT="28" WIDTH="26" VPOS="3346" HPOS="663"/>
<String CONTENT="matter," HEIGHT="45" WIDTH="192" VPOS="3338" HPOS="690"/>
<SP HEIGHT="47" WIDTH="29" VPOS="3336" HPOS="883"/>
<String CONTENT="illustrations," HEIGHT="48" WIDTH="342" VPOS="3336" HPOS="913"/>
<SP HEIGHT="37" WIDTH="29" VPOS="3347" HPOS="1256"/>
<String CONTENT="and" HEIGHT="39" WIDTH="95" VPOS="3337" HPOS="1286"/>
<SP HEIGHT="39" WIDTH="28" VPOS="3337" HPOS="1382"/>
<String CONTENT="revisions]" HEIGHT="51" WIDTH="253" VPOS="3337" HPOS="1411"/>
</TextLine>
<TextLine HEIGHT="50" WIDTH="249" VPOS="3392" HPOS="226">
<String CONTENT="(31-2806)" HEIGHT="50" WIDTH="249" VPOS="3392" HPOS="226"/>
</TextLine>
<TextLine HEIGHT="66" WIDTH="618" VPOS="3486" HPOS="146" STYLEREFS="StyleId-1921E89F-E3D5-45F5-AEBD-C498E4DB832A-">
<String CONTENT="Goodwin," HEIGHT="66" WIDTH="295" VPOS="3486" HPOS="146"/>
<SP HEIGHT="63" WIDTH="31" VPOS="3489" HPOS="442"/>
<String CONTENT="Philip" HEIGHT="64" WIDTH="192" VPOS="3487" HPOS="474"/>
<SP HEIGHT="62" WIDTH="32" VPOS="3489" HPOS="667"/>
<String CONTENT="L." HEIGHT="53" WIDTH="64" VPOS="3489" HPOS="700"/>
</TextLine>
<TextLine HEIGHT="72" WIDTH="1866" VPOS="3567" HPOS="274" STYLEREFS="StyleId-1921E89F-E3D5-45F5-AEBD-C498E4DB832A-" CS="1">
<String CS="1" CONTENT="&#8230;"/>
<SP HEIGHT="50" WIDTH="35" VPOS="3567" HPOS="274"/>
<String CONTENT="French" HEIGHT="52" WIDTH="223" VPOS="3567" HPOS="310"/>
<SP HEIGHT="50" WIDTH="29" VPOS="3568" HPOS="534"/>
<String CONTENT="architecture" HEIGHT="53" WIDTH="374" VPOS="3567" HPOS="564"/>
<SP HEIGHT="33" WIDTH="29" VPOS="3587" HPOS="939"/>
<String CONTENT="as" HEIGHT="33" WIDTH="58" VPOS="3588" HPOS="969"/>
<SP HEIGHT="33" WIDTH="30" VPOS="3588" HPOS="1028"/>
<String CONTENT="source" HEIGHT="34" WIDTH="191" VPOS="3586" HPOS="1059"/>
<SP HEIGHT="32" WIDTH="28" VPOS="3588" HPOS="1251"/>
<String CONTENT="material," HEIGHT="58" WIDTH="280" VPOS="3570" HPOS="1280"/>
<SP HEIGHT="52" WIDTH="28" VPOS="3576" HPOS="1561"/>
<String CONTENT="text" HEIGHT="46" WIDTH="118" VPOS="3576" HPOS="1590"/>
<SP HEIGHT="51" WIDTH="29" VPOS="3572" HPOS="1709"/>
<String CONTENT="by" HEIGHT="67" WIDTH="74" VPOS="3572" HPOS="1739"/>
<SP HEIGHT="67" WIDTH="30" VPOS="3572" HPOS="1814"/>
<String CONTENT="Philip" HEIGHT="69" WIDTH="199" VPOS="3569" HPOS="1845"/>
<SP HEIGHT="66" WIDTH="32" VPOS="3572" HPOS="2045"/>
<String CONTENT="L." HEIGHT="50" WIDTH="62" VPOS="3572" HPOS="2078"/>
</TextLine>
<TextLine HEIGHT="133" WIDTH="1996" VPOS="3643" HPOS="145" STYLEREFS="StyleId-1921E89F-E3D5-45F5-AEBD-C498E4DB832A-" CS="1">
<String CONTENT="Goodwin" HEIGHT="54" WIDTH="280" VPOS="3643" HPOS="145"/>
<SP HEIGHT="33" WIDTH="49" VPOS="3663" HPOS="426"/>
<String CS="1" CONTENT="&#8230;"/>
<SP HEIGHT="33" WIDTH="85" VPOS="3678" HPOS="531"/>
<String CONTENT="[Chicago]" HEIGHT="69" WIDTH="287" VPOS="3644" HPOS="617"/>
<SP HEIGHT="65" WIDTH="49" VPOS="3646" HPOS="905"/>
<String CONTENT="Published" HEIGHT="53" WIDTH="308" VPOS="3646" HPOS="955"/>
<SP HEIGHT="51" WIDTH="49" VPOS="3648" HPOS="1264"/>
<String CONTENT="bi-monthly" HEIGHT="68" WIDTH="346" VPOS="3648" HPOS="1314"/>
<SP HEIGHT="66" WIDTH="42" VPOS="3650" HPOS="1661"/>
<String CONTENT="by" HEIGHT="66" WIDTH="74" VPOS="3650" HPOS="1704"/>
<SP HEIGHT="67" WIDTH="43" VPOS="3649" HPOS="1779"/>
<String CONTENT="Ludowici-Celadon" HEIGHT="127" WIDTH="1995" VPOS="3649" HPOS="146"/>
</TextLine>
<TextLine HEIGHT="64" WIDTH="500" VPOS="3728" HPOS="431" STYLEREFS="StyleId-1921E89F-E3D5-45F5-AEBD-C498E4DB832A-" CS="1">
<String CONTENT="company," HEIGHT="50" WIDTH="296" VPOS="3742" HPOS="431"/>
<SP HEIGHT="54" WIDTH="31" VPOS="3728" HPOS="728"/>
<String STYLE="superscript" CS="1" CONTENT="&#7580;193"/>
<String CONTENT="1." HEIGHT="48" WIDTH="43" VPOS="3728" HPOS="888"/>
</TextLine>
<TextLine HEIGHT="52" WIDTH="1923" VPOS="3802" HPOS="219" CS="1">
<String CONTENT="15" HEIGHT="38" WIDTH="55" VPOS="3803" HPOS="219"/>
<SP HEIGHT="48" WIDTH="38" VPOS="3803" HPOS="275"/>
<String CONTENT="p." HEIGHT="37" WIDTH="42" VPOS="3814" HPOS="314"/>
<SP HEIGHT="40" WIDTH="58" VPOS="3802" HPOS="357"/>
<String CS="1" CONTENT="28&#189;&#7580;&#7504;." HEIGHT="41" WIDTH="115" VPOS="3802" HPOS="416"/>
<SP HEIGHT="46" WIDTH="72" VPOS="3804" HPOS="532"/>
<String CONTENT="(The" HEIGHT="46" WIDTH="123" VPOS="3804" HPOS="605"/>
<SP HEIGHT="39" WIDTH="39" VPOS="3804" HPOS="729"/>
<String LANG="fr" CONTENT="Tuileries" HEIGHT="39" WIDTH="237" VPOS="3804" HPOS="769"/>
<SP HEIGHT="38" WIDTH="40" VPOS="3805" HPOS="1007"/>
<String CONTENT="brochures." HEIGHT="40" WIDTH="274" VPOS="3805" HPOS="1048"/>
<SP HEIGHT="38" WIDTH="63" VPOS="3807" HPOS="1323"/>
<String CONTENT="Edited" HEIGHT="40" WIDTH="176" VPOS="3806" HPOS="1387"/>
<SP HEIGHT="39" WIDTH="38" VPOS="3807" HPOS="1564"/>
<String CONTENT="by" HEIGHT="47" WIDTH="61" VPOS="3807" HPOS="1603"/>
<SP HEIGHT="47" WIDTH="39" VPOS="3807" HPOS="1665"/>
<String CONTENT="William" HEIGHT="40" WIDTH="216" VPOS="3806" HPOS="1705"/>
<SP HEIGHT="39" WIDTH="40" VPOS="3807" HPOS="1922"/>
<String CONTENT="Dewey" HEIGHT="46" WIDTH="179" VPOS="3807" HPOS="1963"/>
</TextLine>
<TextLine HEIGHT="51" WIDTH="1982" VPOS="3860" HPOS="149" CS="1">
<String CONTENT="Foster" HEIGHT="39" WIDTH="170" VPOS="3860" HPOS="149"/>
<SP HEIGHT="29" WIDTH="29" VPOS="3870" HPOS="320"/>
<String CS="1" CONTENT="&#8230;"/>
<SP HEIGHT="37" WIDTH="29" VPOS="3870" HPOS="396"/>
<String CONTENT="photographs" HEIGHT="47" WIDTH="329" VPOS="3860" HPOS="426"/>
<SP HEIGHT="39" WIDTH="28" VPOS="3862" HPOS="756"/>
<String CONTENT="by" HEIGHT="46" WIDTH="60" VPOS="3862" HPOS="785"/>
<SP HEIGHT="47" WIDTH="28" VPOS="3861" HPOS="846"/>
<String LANG="fr" CONTENT="F." HEIGHT="39" WIDTH="51" VPOS="3861" HPOS="875"/>
<SP HEIGHT="38" WIDTH="30" VPOS="3862" HPOS="927"/>
<String CONTENT="R." HEIGHT="40" WIDTH="53" VPOS="3862" HPOS="958"/>
<SP HEIGHT="39" WIDTH="31" VPOS="3863" HPOS="1012"/>
<String CONTENT="Yerbury" HEIGHT="46" WIDTH="219" VPOS="3863" HPOS="1044"/>
<SP HEIGHT="35" WIDTH="32" VPOS="3874" HPOS="1264"/>
<String CS="1" CONTENT="&#8230;"/>
<SP HEIGHT="27" WIDTH="61" VPOS="3875" HPOS="1343"/>
<String CONTENT="v." HEIGHT="28" WIDTH="42" VPOS="3875" HPOS="1405"/>
<SP HEIGHT="39" WIDTH="28" VPOS="3864" HPOS="1448"/>
<String CONTENT="3," HEIGHT="46" WIDTH="39" VPOS="3864" HPOS="1477"/>
<SP HEIGHT="35" WIDTH="30" VPOS="3875" HPOS="1517"/>
<String CONTENT="no." HEIGHT="28" WIDTH="74" VPOS="3875" HPOS="1548"/>
<SP HEIGHT="39" WIDTH="30" VPOS="3864" HPOS="1623"/>
<String CONTENT="1," HEIGHT="45" WIDTH="39" VPOS="3864" HPOS="1654"/>
<SP HEIGHT="45" WIDTH="30" VPOS="3864" HPOS="1694"/>
<String CONTENT="January," HEIGHT="47" WIDTH="236" VPOS="3864" HPOS="1725"/>
<SP HEIGHT="46" WIDTH="30" VPOS="3865" HPOS="1962"/>
<String CONTENT="1931)" HEIGHT="43" WIDTH="138" VPOS="3862" HPOS="1993"/>
</TextLine>
<TextLine HEIGHT="56" WIDTH="1907" VPOS="3912" HPOS="149" CS="1">
<String CONTENT="&#169;" HEIGHT="51" WIDTH="52" VPOS="3912" HPOS="149"/>
<SP HEIGHT="51" WIDTH="25" VPOS="3912" HPOS="202"/>
<String CONTENT="Jan." HEIGHT="40" WIDTH="108" VPOS="3917" HPOS="228"/>
<SP HEIGHT="39" WIDTH="27" VPOS="3918" HPOS="337"/>
<String CONTENT="14," HEIGHT="47" WIDTH="68" VPOS="3918" HPOS="365"/>
<SP HEIGHT="47" WIDTH="26" VPOS="3918" HPOS="434"/>
<String CONTENT="1931;" HEIGHT="47" WIDTH="139" VPOS="3917" HPOS="461"/>
<SP HEIGHT="46" WIDTH="28" VPOS="3918" HPOS="601"/>
<String CONTENT="2c." HEIGHT="41" WIDTH="67" VPOS="3918" HPOS="630"/>
<SP HEIGHT="31" WIDTH="27" VPOS="3928" HPOS="698"/>
<String CONTENT="and" HEIGHT="38" WIDTH="95" VPOS="3919" HPOS="726"/>
<SP/>
<String CS="1" CONTENT="aff."/>
<SP HEIGHT="39" WIDTH="28" VPOS="3920" HPOS="931"/>
<String CONTENT="Jan." HEIGHT="39" WIDTH="109" VPOS="3920" HPOS="960"/>
<SP HEIGHT="38" WIDTH="28" VPOS="3921" HPOS="1070"/>
<String CONTENT="17;" HEIGHT="45" WIDTH="80" VPOS="3921" HPOS="1099"/>
<SP HEIGHT="46" WIDTH="29" VPOS="3920" HPOS="1180"/>
<!-- cceid DC5C0F6A-6E8D-1014-9CF5-AEB3FCA41D69 --><String CONTENT="A" HEIGHT="39" WIDTH="41" VPOS="3920" HPOS="1210"/>
<SP HEIGHT="40" WIDTH="24" VPOS="3920" HPOS="1252"/>
<String CONTENT="32860;" HEIGHT="49" WIDTH="171" VPOS="3919" HPOS="1277"/>
<SP HEIGHT="47" WIDTH="29" VPOS="3921" HPOS="1449"/>
<String CONTENT="Ludowici-Celadon" HEIGHT="41" WIDTH="483" VPOS="3920" HPOS="1479"/>
<SP HEIGHT="30" WIDTH="26" VPOS="3931" HPOS="1963"/>
<String CONTENT="co." HEIGHT="31" WIDTH="66" VPOS="3931" HPOS="1990"/>
</TextLine>
</TextBlock>
</PrintSpace>
</Page>
</Layout>
</alto>