2428 4370
1008 3983 140 56 2147

71 385 295 63 Oulmont,
399 383 262 63 Charles,
695 387 171 49 1883-

69 449 1968 145 … Paris; ce qu’on y voit, ce qu’on y entend. Avec 56 illustrations
338 536 67 54 de
438 537 204 54 Bécan.
713 534 183 69 Paris,
929 531 531 70 Berger-Levrault,
1495 532 151 54 1931.

138 613 720 53 vii, 235 p., 1 l. illus. 19 ½ ᶜᵐ.
76 682 1971 107 © June 16, 1931; 1c. Nov. 16; A— Foreign 14303; Editions Berger-Levrault.
392 744 249 51 (32-1112)

70 858 166 61 Pase,
267 854 246 56 Nevius.

139 932 269 66 Tempest
456 930 65 53 of
568 931 169 69 souls,
783 934 157 63 story
988 928 76 68 by
1112 927 214 54 Nevius
1374 928 173 67 Pase;
1598 924 342 56 translation
1987 926 77 69 by

72 1011 146 51 Zeno
249 1009 87 53 De
367 1010 281 54 Gennaro.
727 1011 83 48 1st
840 1006 82 54 ed.
998 1005 139 54 New
1169 1004 180 70 York,
1378 1004 223 56 Walter
1634 1005 66 52 F.
1733 1004 203 53 Palase
1968 1020 98 53 co.,

70 1084 331 69 inc. [ ᶜ1 931]
140 1165 464 51 3 p. l., 234 p. 21½ᶜᵐ.
79 1233 51 52 ©
157 1238 109 40 Dec.
291 1236 26 40 9;
371 1236 106 39 1931;
537 1235 66 40 2c.
630 1236 94 39 and
750 1234 81 42 aff.
857 1234 111 41 Dec.
995 1234 46 39 11;
1105 1234 40 39 A
1170 1233 145 41 46267;
1371 1233 56 40 N.
1455 1232 136 51 Pase,
1619 1232 116 39 New
1761 1232 143 39 York.

157 1292 277 52 (31-34484)

68 1414 228 62 Pastre,
324 1413 52 52 J.
405 1412 63 56 L.
498 1412 242 55 Gaston.

203 1474 1858 75 … La tragédie de Sedan, par J. L. Gaston Pastre. [Paris]
72 1556 279 56 Hachette
385 1559 173 66 [1931]

142 1629 1208 58 121, [1] p., 1 l. 1 8 ½ᶜᵐ. (Récits d’autrefois)
143 1705 448 52 “Bibliographie”:
630 1718 42 38 p.
708 1703 233 53 119-[120]

81 1774 1879 55 © Mar. 4, 1931; 1c. Oct. 12; A— Foreign 13929; Librairie Hachette.
160 1837 249 49 (32-1309)

74 1945 271 66 Paulsen,
374 1945 178 53 Irwin
584 1945 67 56 G.

145 2022 59 53 It
233 2023 47 54 is
310 2028 58 48 to
399 2021 190 70 share;
623 2041 32 33 a
684 2021 170 71 guide
882 2026 59 49 to
972 2020 377 69 stewardship
1380 2020 297 54 education
1712 2021 60 52 in
1800 2022 96 52 the
1926 2021 141 53 local

76 2100 208 54 church
334 2098 110 70 [by]
494 2098 182 55 Irwin
721 2100 67 54 G.
835 2098 276 69 Paulsen;
1161 2099 280 67 prepared
1487 2092 305 76 especially
1839 2098 93 53 for
1975 2101 94 50 the

78 2196 96 34 use
202 2177 67 53 of
299 2177 318 55 Methodist
649 2175 311 71 Episcopal
991 2177 286 53 churches.
1353 2178 139 52 New
1527 2177 181 68 York,
1741 2176 331 56 Cincinnati

100 2254 1282 70 [etc.] The Methodist book concern [ ᶜ1 931]
147 2338 84 39 141
258 2348 43 38 p.
361 2337 56 41 18½ᶜᵐ.

147 2405 245 50 Prepared
423 2408 154 39 under
607 2407 83 40 the
720 2405 238 43 direction
986 2406 53 41 of
1070 2407 82 40 the
1182 2406 137 42 Joint
1350 2406 275 41 committee
1656 2417 59 29 on
1748 2407 325 48 stewardship

78 2464 52 40 of
172 2464 82 40 the
298 2463 264 43 Methodist
606 2464 255 48 Episcopal
906 2464 197 42 church,
1165 2464 62 48 cf.
1273 2463 260 42 Foreword
1578 2463 166 49 signed:
1822 2465 150 39 Merle
2016 2465 56 40 N.

78 2520 215 49 English,
322 2520 251 42 chairman
602 2521 53 41 of
682 2522 82 40 the
793 2521 289 42 committee.

152 2577 224 42 Includes
407 2577 391 49 bibliographies.

84 2644 51 52 ©
168 2649 100 41 Oct.
297 2648 71 48 21,
397 2648 141 47 1931;
569 2649 68 41 2c.
667 2651 96 39 and
791 2650 81 40 aff.
904 2648 112 43 Dec.
1046 2648 83 49 24;
1162 2649 40 39 A
1231 2648 172 49 45618;
1437 2650 38 43 I.
1508 2648 53 43 G.
1593 2649 225 48 Paulsen,
1849 2648 224 49 Newark,

151 2705 55 41 N.
237 2707 43 39 J.
351 2705 251 51 (32-1174)

79 2812 231 68 Pellett,
343 2814 199 54 Frank
573 2814 322 67 Chapman,
929 2815 170 56 1879-

148 2890 251 56 Flowers
447 2891 64 53 of
557 2892 96 53 the
701 2892 154 58 wild,
903 2892 150 54 their
1099 2893 220 52 culture
1366 2893 113 52 and
1528 2892 424 68 requirements,
1999 2892 76 69 by

79 2965 1997 76 Frank C. Pellett … New York, N. Y., A. T. De La Mare
78 3063 297 52 company,
401 3047 126 67 inc.,
558 3050 151 50 1931.

150 3128 100 48 viii,
288 3128 85 42 160
411 3140 42 37 p.
513 3131 87 39 col.
638 3129 163 48 front.,
841 3129 143 47 illus.,
1022 3131 87 39 col.
1148 3131 170 47 plates.
1378 3129 58 41 19½ᶜᵐ.

87 3195 51 52 ©
173 3200 110 40 Dec.
318 3200 39 45 1,
392 3199 108 41 1931;
568 3201 67 41 2c.
669 3200 109 40 Dec.
812 3201 53 42 3;
902 3199 83 43 aff.
1019 3200 110 41 Jan.
1164 3200 69 47 16,
1267 3199 141 48 1932;
1444 3201 43 39 A
1518 3200 171 48 45305;
1726 3201 53 39 A.
1816 3201 51 38 T.
1903 3201 74 39 De
2007 3201 66 39 La

154 3258 138 40 Mare
320 3267 81 38 co.,
431 3259 91 38 inc.
592 3257 279 50 (31-28584)

80 3365 264 65 Phillips,
372 3368 139 54 Mrs.
543 3368 187 52 Marie
768 3367 216 65 (Tello)

149 3443 120 51 Ten
307 3442 283 54 thousand
631 3443 253 64 candles;
927 3461 30 34 a
996 3443 265 52 souvenir
1300 3442 63 53 of
1401 3443 361 69 Pittsburgh,
83 3443 1969 129 Pennsylvania

340 3519 92 67 [by]
504 3520 185 53 Marie
755 3521 161 52 Tello
982 3520 268 67 Phillips.
1349 3519 378 72 [Pittsburgh,
1795 3520 283 55 Observer

84 3615 169 49 press,
284 3599 151 65 1931]

154 3676 1443 54 5 p. l. , 15-63 p. incl. plates. double pl. (music) 22½ ᶜᵐ.
154 3749 199 41 Printed
380 3760 60 29 on
465 3760 89 29 one
579 3749 102 40 side
707 3749 53 40 of
782 3749 101 40 leaf
907 3751 125 47 only.

155 3805 246 49 “Original
436 3805 246 47 drawings
715 3806 61 47 by
812 3805 207 41 Edward
1059 3805 220 40 Glannon
1316 3805 52 41 of
1401 3804 330 51 Pittsburgh.”

90 3871 51 52 ©
166 3877 110 43 Dec.
302 3877 23 39 1,
366 3874 105 42 1931;
531 3874 68 43 2c.
624 3878 95 38 and
744 3875 80 41 aff.
850 3875 109 41 Dec.
985 3875 56 41 28;
1096 3877 41 37 A
1160 3875 145 41 46578;
1361 3877 61 40 M.
1448 3876 54 41 T.
1527 3875 222 50 Phillips,
1776 3875 300 48 Pittsburgh.

167 3931 250 50 (32-1092)
