2505 4370
1310 4065 68 49 644

317 399 308 58 Columbia
656 398 356 65 university.
1086 400 248 71 Faculty
1365 399 65 69 of
1458 399 263 70 political
1749 399 229 57 science.

388 479 56 53 A
482 477 411 70 bibliography
933 477 65 55 of
1038 479 94 53 the
1175 477 247 71 Faculty
1463 476 64 53 of
1568 476 258 70 political
1869 476 214 55 science
2124 477 63 53 of
319 478 1993 133 Columbia

574 553 338 72 university,
956 560 327 51 1880-1930.
1360 557 139 53 New
1543 555 180 68 York,
1765 555 302 57 Columbia
316 555 1996 149 university
461 652 177 51 press,
670 638 151 50 1931.

391 716 601 51 xi, 365, [1] p., 1 l. 21 ᶜᵐ.
390 774 249 48 Compiled
673 774 60 48 by
766 785 27 29 a
827 772 278 42 committee
1138 774 154 40 under
1327 773 82 41 the
1441 772 239 42 direction
1715 774 51 39 of
1800 774 62 41 M.
1894 773 61 39 H.
1987 773 227 40 Thomas,
2277 774 60 48 cf.

320 830 275 47 Foreword,
626 830 168 49 signed
813 841 9 30 :
853 831 218 41 Howard
1098 831 94 40 Lee
1221 830 222 41 McBain.

671 887 457 50 CONTENTS.—Bibliographies
1165 888 51 40 of
1253 888 82 39 the
1371 888 238 40 members
1645 888 51 40 of
1733 888 80 39 the
1850 888 207 48 Faculty
2095 888 51 39 of
318 887 2001 99 political

425 945 500 42 science.—Doctoral
954 943 349 43 dissertations
1332 945 197 39 written
1561 945 155 40 under
1747 946 81 39 the
1861 945 206 47 Faculty
2099 945 53 40 of
318 944 2003 100 political
420 1002 202 43 science.

324 1070 52 53 ©
407 1076 115 47 May
550 1076 41 46 4,
621 1074 113 41 1931;
795 1074 66 41 2c.
894 1076 113 46 May
1038 1074 25 40 5;
1122 1074 83 40 aff.
1237 1075 115 46 May
1381 1074 28 40 7;
1468 1074 40 39 A
1537 1074 145 40 37174;
1744 1073 254 42 Columbia
2031 1073 130 42 univ.
2191 1082 150 39 press.
401 1132 284 49 (31-11485)

319 1225 251 66 Conger,
599 1226 237 54 Arthur
864 1227 279 64 Latham,
1174 1227 174 54 1872-

388 1307 124 53 The
544 1306 112 54 rise
689 1304 66 55 of
786 1307 72 54 U.
896 1306 57 56 S.
987 1306 207 68 Grant,
1226 1305 78 70 by
1337 1305 71 54 A.
1442 1306 64 52 L.
1543 1305 253 68 Conger;
1834 1304 326 54 illustrated
2198 1304 140 54 with

320 1384 397 70 photographs
756 1385 112 52 and
906 1401 179 50 maps.
1163 1383 139 53 New
1343 1383 181 67 York,
1561 1384 121 53 The
1721 1383 255 68 Century
2015 1402 80 35 co.
2184 1388 150 63 [ᶜ1931]

390 1463 1751 51 xi p., 1 l. , 390 p. front., ports., maps (1 fold.) 23 ᶜᵐ. $5.00
392 1525 141 47 Maps
562 1535 59 30 on
652 1523 368 49 lining-papers.

392 1580 166 42 “First
589 1580 262 50 printing.”

392 1638 70 41 “A
490 1639 139 41 short
658 1637 370 50 bibliography”
1046 1647 10 32 :
1088 1649 43 38 p.
1160 1637 221 42 379-382.

325 1706 52 55 ©
407 1711 115 49 Apr.
553 1712 69 48 17,
652 1712 113 40 1931;
824 1711 67 41 2c.
924 1712 113 47 May
1068 1712 25 40 6;
1154 1711 82 41 aff.
1270 1712 112 47 May
1414 1712 25 40 5;
1499 1711 39 40 A
1569 1711 145 41 37155;
1777 1709 215 50 Century
2023 1723 70 29 co.
402 1769 283 49 (31-11471)

319 1864 285 65 Dobbins,
635 1865 152 54 Fred
820 1864 67 56 E.

389 1940 1953 71 The true thinker, by Fred E. Dobbins … Kansas City, Mo.,
317 2019 1062 71 Divine law publishing co. [ ᶜ1 931]
389 2103 279 49 209 p. 15½ ᶜᵐ.
325 2172 52 53 ©
407 2176 115 48 Apr.
554 2177 68 47 11,
654 2175 113 41 1931;
828 2175 67 41 2c.
928 2177 96 38 and
1056 2175 82 40 aff.
1170 2176 116 48 Apr.
1317 2175 55 40 15;
1434 2175 39 40 A
1504 2175 145 41 37054;
1712 2175 53 42 F.
1797 2176 53 41 E.
1882 2174 233 48 Dobbins,
2147 2175 196 41 Kansas

394 2233 126 50 City,
555 2235 92 39 Mo.
720 2232 281 49 (31-11584)

319 2327 282 67 Downey,
631 2327 251 54 Fairfax
912 2328 204 65 Davis,
1148 2334 172 50 1893-

390 2407 246 69 Burton,
683 2405 262 56 Arabian
990 2406 199 71 nights
1236 2407 364 70 adventurer,
1645 2408 74 68 by
1768 2404 248 56 Fairfax
2063 2409 274 68 Downey.

318 2485 141 54 New
495 2484 181 68 York,
709 2485 261 67 London,
1004 2487 63 55 C.
1105 2485 316 57 Scribner’s
1455 2503 147 50 sons,
1640 2489 149 50 1931.

394 2566 1454 49 xii p., 2 l., 300 p. front., plates, ports., facsim. 21 ᶜᵐ.
325 2634 52 53 ©
412 2639 115 48 Apr.
564 2639 68 47 10,
669 2638 113 42 1931;
848 2639 67 41 2c.
951 2639 114 48 May
1100 2640 24 38 1;
1192 2639 81 40 aff.
1311 2639 114 48 Apr.
1461 2639 58 41 29;
1581 2640 41 39 A
1657 2639 144 42 36861;
1870 2641 51 40 F.
1958 2640 229 47 Downey,
2226 2639 117 40 New

392 2697 145 39 York.
610 2697 281 48 (31-11477)

317 2791 182 67 Dyer,
534 2791 249 67 George.

394 2870 124 55 The
559 2870 458 55 three-cornered
1061 2872 228 68 wound,
1330 2873 76 68 by
1448 2871 224 70 George
1714 2871 175 69 Dyer.
1967 2872 215 53 Boston
2230 2870 109 54 and

325 2949 140 53 New
496 2949 181 68 York,
705 2949 322 70 Houghton
1056 2950 207 53 Mifflin
1293 2968 300 51 company,
1627 2953 153 51 1931.

391 3032 102 49 viii,
525 3031 89 42 296
643 3043 44 38 p.
747 3032 130 42 illus.
906 3033 134 49 (incl.
1074 3045 125 37 map,
1234 3034 130 49 plan,
1396 3033 244 48 facsims.)
1709 3032 57 42 19½ᶜᵐ.

324 3100 52 53 ©
407 3105 115 48 Apr.
551 3103 70 49 29,
652 3103 142 48 1931;
826 3104 68 41 2c.
927 3106 113 47 May
1071 3106 52 46 1;
1157 3104 82 41 aff.
1273 3104 113 49 Apr.
1417 3104 83 48 30;
1534 3105 41 40 A
1604 3104 173 48 37090;
1813 3104 54 42 G.
1899 3105 144 48 Dyer,
2075 3104 264 49 Calistoga,

392 3162 146 41 Calif.
610 3162 281 48 (31-11278)

320 3256 326 68 Edgerton,
676 3257 204 54 James
909 3258 254 65 Arthur,
1197 3263 172 50 1869-

387 3334 297 70 Invading
711 3334 96 54 the
838 3334 284 69 invisible,
1152 3335 76 70 by
1261 3335 195 54 James
1487 3334 228 54 Arthur
1749 3334 314 70 Edgerton.
317 3334 1994 147 Washington,

567 3411 1057 71 D. C., The New age press [ ᶜ1 931 ]
386 3492 250 49 361 p. 21 ᶜᵐ.
323 3546 52 53 ©
408 3551 116 49 Apr.
553 3552 41 47 4,
627 3551 142 48 1931;
802 3551 67 41 2c.
901 3552 113 48 Apr.
1049 3552 52 46 6;
1138 3550 81 43 aff.
1253 3552 115 48 Apr.
1401 3552 83 47 30;
1519 3553 41 39 A
1592 3552 172 47 36878;
1801 3552 117 40 New
1952 3562 88 38 age
2073 3562 152 39 press.
400 3608 283 49 (31-11510)

319 3701 177 66 Eliot,
525 3703 262 55 Thomas
815 3704 233 64 Dawes,
1084 3710 172 50 1889-
1470 3707 83 53 ed.

386 3780 310 55 American
736 3782 308 54 standards
1087 3782 113 54 and
1241 3783 198 68 planes
1481 3782 65 54 of
1585 3782 205 71 living,
1831 3782 269 69 readings
2141 3782 59 52 in
2242 3781 95 53 the

314 3858 176 53 social
527 3859 313 55 economics
877 3860 67 54 of
979 3861 420 68 consumption,
1437 3861 189 53 edited
1664 3861 74 66 by
1778 3860 250 53 Thomas
2066 3860 72 53 D.
2178 3859 158 53 Eliot

377 3937 1781 71 … [Boston, New York, etc.] Ginn and company [ ᶜ1 931]
