2505 4370
1325 4031 136 51 1122

360 369 1999 147 Breshko-Breshkovska i͡a , Ekaterina Konstantinovna (Verigo) 1844-
434 530 239 53 Hidden
698 529 233 70 springs
955 528 65 55 of
1043 529 97 54 the
1166 529 249 54 Russian
1442 528 324 55 revolution;
1823 527 269 70 personal
2114 526 268 55 memoirs

365 608 65 53 of
475 608 285 53 Katerina
809 608 484 70 Breshkovskaia,
1339 608 191 53 edited
1577 607 76 70 by
1701 607 244 53 Lincoln
1993 605 389 55 Hutchinson.

368 686 286 55 Stanford
690 686 359 69 University,
1088 685 198 68 Calif.,
1325 684 283 57 Stanford
1647 685 321 70 university
2005 703 188 50 press;
366 685 1992 146 London,

531 764 77 52 H.
644 763 270 69 Milford,
949 763 233 56 Oxford
1216 764 322 70 university
1571 782 177 51 press,
1785 766 153 51 1931.

434 844 861 49 xxi, 369 p. front. (ports.) 20 ᶜᵐ.
716 901 1669 50 CONTENTS. — The “To the people” movement. — Imprisonment and
364 958 819 49 trial.—Siberia.—Development
1216 960 53 40 of
1302 961 82 40 the
1420 960 287 42 revolution.

372 1027 53 52 ©
457 1032 117 47 July
604 1032 68 46 15,
704 1030 141 48 1931;
878 1031 67 41 2c.
976 1032 116 47 July
1122 1032 82 42 21;
1239 1032 84 40 aff.
1355 1032 117 48 July
1502 1032 83 46 23;
1619 1033 41 38 A
1689 1031 173 48 40466;
1897 1032 164 39 Board
2094 1032 51 40 of
2178 1032 211 40 trustees

443 1089 50 40 of
527 1089 183 40 Leland
746 1089 234 40 Stanford
1015 1089 167 47 junior
1217 1090 288 47 university,
1545 1089 237 41 Stanford
1817 1088 299 50 University,
2154 1088 145 41 Calif.

452 1145 283 49 (31-19547)

368 1240 277 66 Burdett,
676 1240 319 55 Frederick
1024 1240 212 67 David,
1269 1247 174 50 1864-

441 1320 121 52 The
603 1318 261 70 Odyssey
904 1321 65 52 of
1008 1338 32 33 a
1081 1320 160 68 pearl
1281 1320 226 69 hunter,
1545 1320 76 68 by
1660 1320 169 53 Fred.
1870 1321 72 53 D.
1981 1319 252 54 Burdett
2273 1318 113 54 and

368 1397 1806 70 Percy J. King … London, H. Jenkins, limited [1931]
439 1480 88 40 320
554 1492 44 36 p.
658 1480 165 47 front.,
853 1482 173 46 plates.
1086 1480 57 39 22½ᶜᵐ.

443 1537 214 41 Written
687 1538 143 40 down
858 1538 61 47 by
952 1539 91 40 Mr.
1074 1537 131 49 King
1234 1548 56 30 as
1321 1537 38 41 it
1390 1548 103 30 was
1522 1537 103 41 told
1657 1540 49 38 to
1735 1538 101 40 him
1866 1538 62 47 by
1959 1538 91 40 Mr.
2079 1538 226 39 Burdett.

377 1605 52 52 ©
487 1621 37 28 1c.
554 1610 127 39 June
708 1609 69 48 26,
807 1608 142 48 1931;
979 1611 39 37 A
1047 1611 61 38 ad
1136 1611 88 40 int.
1253 1609 145 41 15248;
1456 1610 144 48 pubd.
1628 1610 116 48 Apr.
1772 1609 83 48 30;
1887 1609 53 42 F.
1971 1609 57 41 D.
2058 1610 212 39 Burdett
2299 1608 96 40 and

445 1667 154 49 Percy
631 1667 181 49 Joseph
844 1667 145 49 King,
1023 1668 214 39 London.
1309 1667 282 50 (31-19282)

373 1763 286 67 Burgess,
688 1763 225 54 Robert
940 1763 252 57 Brettle.

440 1838 1954 73 “Bob” tales, by Robert Brettle Burgess … Boston, Meador
369 1918 338 70 publishing
745 1937 298 52 company,
1088 1921 152 52 1931.

443 1999 1039 50 60 p. incl. plates, front. (port.) 19 ᶜᵐ.
381 2069 52 52 ©
465 2074 123 40 June
611 2073 70 44 23,
708 2073 109 41 1931;
876 2074 69 40 2c.
972 2074 116 46 July
1114 2074 55 39 15;
1224 2072 84 42 aff.
1335 2075 117 46 July
1477 2074 82 47 18;
1588 2074 41 39 A
1653 2074 173 47 40414;
1856 2075 213 40 Edward
2096 2075 60 39 K.
2183 2075 214 44 Meador,

450 2131 197 41 Boston.
721 2130 282 47 (31-19447)

376 2225 219 66 Byrne,
627 2227 191 64 Donn,
851 2232 328 50 1889-1928.

452 2304 206 53 Rivers
681 2303 66 54 of
769 2305 316 53 Damascus
1109 2305 112 53 and
1247 2305 165 53 other
1435 2306 219 68 stories,
1678 2305 75 69 by
1778 2305 172 53 Donn
1978 2305 211 70 Byrne.
381 2304 1996 146 London,

543 2380 56 57 S.
628 2383 157 67 Low,
812 2383 263 53 Marston
1102 2386 47 50 &
1175 2401 100 51 co.,
1302 2383 104 54 ltd.
1441 2386 175 66 [1931]

452 2465 389 49 vii, 312 p. 19 ᶜᵐ.
454 2523 163 41 “First
649 2523 334 48 impression.”

731 2581 238 40 CONTENTS.—Rivers
995 2581 53 40 of
1075 2581 798 48 Damascus.—Fosterage.—The
1901 2581 195 42 Colleen
2125 2579 275 42 Rue.—Sea

380 2639 598 49 change.—Graft.—And
1030 2639 82 40 did
1166 2640 139 40 those
1355 2639 448 41 feet—.—The
1855 2639 139 49 thing
2044 2640 156 40 called
383 2638 2000 100 gratitude.—The

718 2698 153 38 sound
914 2697 52 40 of
1006 2697 453 40 millstones.—The
1500 2696 178 41 bride’s
1719 2696 234 50 play.—A
1994 2707 192 30 woman
2228 2697 50 40 in
2319 2696 83 41 the

379 2755 271 41 house.—A
680 2755 115 41 wife
827 2755 50 40 of
907 2765 60 30 no
998 2755 316 48 importance.

388 2824 2016 111 © 1c. July 11, 1931; A ad int. 15280; pubd. July 1; Dorothea Donn-Byrne,
661 2886 255 40 executrix
943 2886 79 39 for
1050 2887 82 39 the
1159 2889 158 38 estate
1345 2886 52 40 of
1424 2886 153 40 Brian
1607 2885 198 41 Oswald
1832 2885 203 41 Patrick
2062 2886 341 46 Donn-Byrne,

457 2944 308 48 Kilbrittain,
805 2944 190 47 County
1032 2944 141 44 Cork,
1212 2944 214 40 Ireland.
1497 2942 282 50 (31-19419)

386 3037 271 66 Callcott,
686 3038 240 56 Wilfrid
955 3040 227 65 Hardy,
1214 3044 174 50 1895-

449 3116 340 54 Liberalism
820 3116 59 52 in
906 3115 242 70 Mexico,
1178 3115 330 71 1857-1929,
1537 3115 74 71 by
1638 3115 246 54 Wilfrid
1913 3114 211 71 Hardy
2154 3113 247 56 Callcott

442 3193 1956 71 … Stanford University, Calif., Stanford university press;
379 3272 258 67 London,
745 3316 10 11 H.
799 3272 267 65 Milford,
1110 3271 231 55 Oxford
1383 3272 319 70 university
1746 3291 175 51 press,
1965 3275 152 50 1931.

453 3352 90 41 xiii
582 3364 58 37 p.,
677 3354 24 38 1
760 3385 24 16 l.,
821 3352 88 41 410
944 3365 43 38 p.
1049 3356 172 47 plates,
1260 3355 27 39 2
1324 3354 194 41 facsim.
1545 3354 103 49 (incl.
1720 3353 177 48 front.)
1967 3354 55 41 23
2025 3356 44 22 ᶜᵐ
2075 3387 9 8 .
2148 3353 252 52 [Stanford

383 3410 152 41 books
561 3410 53 41 in
640 3412 154 39 world
821 3410 211 50 politics]

455 3467 353 49 Bibliography:
866 3478 43 39 p.
938 3467 219 42 384-401.

393 3536 52 52 ©
477 3541 128 40 June
632 3540 69 46 26,
732 3540 141 47 1931;
906 3542 67 39 2c.
1003 3542 119 45 July
1149 3540 53 40 21;
1264 3540 81 41 aff.
1379 3542 115 47 July
1524 3540 83 48 23;
1640 3541 43 40 A
1709 3541 173 49 40468;
1917 3543 164 40 Board
2112 3542 51 41 of
2194 3543 212 39 trustees

463 3597 52 40 of
543 3598 185 41 Leland
761 3598 234 41 Stanford
1034 3598 159 44 junior
1224 3598 288 43 university,
1548 3599 235 41 Stanford
1815 3599 299 44 University,
2149 3598 143 41 Calif.

476 3655 281 48 (31-19242)

392 3748 319 67 Campbell,
740 3752 139 54 Mrs.
910 3750 310 54 Harriette
1258 3750 295 67 (Russell)
1592 3756 171 51 1883-

463 3829 1945 70 The piper’s lad, by Harriette R. Campbell … illustrated by
391 3905 108 53 Lui
532 3908 211 69 Trugo.
820 3909 140 53 New
990 3909 164 54 York
1183 3911 113 52 and
1325 3909 260 70 London,
1612 3910 236 68 Harper
1874 3911 46 51 &
1945 3910 279 67 brothers,
2256 3910 149 51 1931.
