2428 4370
996 3985 131 50 1915

84 358 170 65 Bliss,
282 357 180 54 Louis
485 359 253 62 Denton,
767 358 169 54 1871-

146 433 353 55 Theoretical
533 434 112 53 and
675 433 273 69 practical
981 433 281 54 electrical
1296 432 393 68 engineering;
1726 431 346 68 comprising

78 533 27 33 a
135 531 193 34 course
353 511 63 54 of
439 511 236 54 lectures
699 510 168 69 given
894 515 57 48 at
974 510 96 53 the
1095 510 153 53 Bliss
1274 509 281 55 electrical
1582 509 186 52 school
1796 527 153 50 upon
1976 509 94 51 the

80 590 303 68 principles
413 590 111 53 and
555 587 377 70 applications
962 588 63 53 of
1052 588 137 53 both
1222 587 178 53 direct
1428 588 113 52 and
1570 584 347 71 alternating

80 604 1983 132 current apparatus, by Louis Denton Bliss … 4th ed. Takomn
77 744 169 66 Park,
274 744 397 67 Washington,
700 743 69 53 D.
798 742 79 67 C.,
904 741 123 53 The
1054 742 152 53 Bliss
1232 740 281 55 electrical
1543 742 205 68 school,
1779 744 149 49 1931.

145 821 993 50 2 v. illus., diagrs. (1 fold.) 23½ ᶜᵐ .
85 879 1984 52 © Sept. 26, 1931; 2c. each Oct. 28; aff. Nov. 5; A 44934; Bliss electrical
155 940 174 40 school.
401 938 278 49 (31-33619)

78 1030 327 65 Boccaccio,
437 1030 307 65 Giovanni,
777 1031 324 54 1313-1375.

144 1109 120 52 The
297 1109 349 52 Decameron
681 1108 65 51 of
778 1107 287 54 Giovanni
1102 1106 321 65 Boccaccio,
1456 1106 315 53 translated
1807 1106 72 70 by
1914 1106 155 55 John

75 1187 210 68 Payne,
322 1185 139 52 with
496 1203 121 34 new
653 1184 378 53 illustrations
1066 1183 273 69 specially
1373 1184 165 52 made
1576 1183 93 53 for
1704 1184 113 53 this
1855 1185 212 52 edition

74 1260 1824 71 by Steele Savage. New York, Blue ribbon books [ ᶜ193 1 ]
110 1320 1199 73 " 11 p. l. , 528 p. front., illus., plates. 21½ᶜᵐ.
81 1398 1975 52 © Nov. 18, 1931; 2c. and aff. Nov. 20; A 45135; Blue ribbon books, inc
152 1455 68 54 [©
251 1458 343 49 illustrations]
667 1458 278 47 (31-33518)

76 1551 389 66 Botcharsky,
495 1550 233 66 Sophie.

141 1629 121 53 The
294 1627 259 54 kinsmen
584 1627 168 52 know
783 1627 127 52 how
943 1632 55 48 to
1034 1626 93 54 die
1180 1626 93 69 [by]
1316 1626 212 68 Sophie
1562 1627 360 68 Botcharsky
1956 1628 108 53 and

77 1706 232 54 Florida
348 1705 150 55 Pier.
573 1705 138 53 New
751 1704 177 69 York,
964 1705 90 55 W.
1093 1705 250 53 Morrow
1380 1706 47 51 &
1463 1724 100 49 co.,
1602 1708 150 50 1931.

178 1788 793 49 x, 306 p. front. (port.) 21 ᶜᵐ .
80 1843 1989 52 © Sept. 17, 1931; 2c. and aff. Sept. 19; A 43533; William Morrow & co.,
147 1903 89 41 inc.
308 1903 279 47 (31-33687)

74 1997 268 63 Brokaw,
371 1998 137 53 Mrs.
541 1995 167 56 Clare
739 1996 245 56 Boothe.

141 2072 226 56 Stuffed
411 2072 192 67 shirts,
647 2072 75 68 by
767 2071 166 55 Clare
979 2071 221 54 Boothe
1245 2070 274 69 Brokaw;
1569 2072 378 54 illustrations
1992 2073 73 69 by

72 2148 1610 69 Shermund. New York, H. Liveright, inc. [ ᶜ193 1 ]
141 2231 1254 49 6 p. l., 15-326 p. plates, fold. geneal. tab. 20½ ᶜᵐ
79 2286 51 51 ©
156 2291 115 38 Nov.
297 2290 41 41 5,
363 2288 110 41 1931;
530 2289 65 40 2c.
623 2289 109 39 Dec.
761 2290 22 37 1;
840 2287 82 42 aff.
949 2289 117 38 Nov.
1092 2286 54 41 12;
1202 2289 39 38 A
1266 2289 171 46 46080;
1468 2290 189 40 Horace
1686 2289 263 48 Liveright,
1977 2291 91 41 inc.

158 2346 279 48 (31-33680)

72 2426 271 65 Buehler,
374 2427 151 52 Ezra
555 2425 323 64 Christian,
909 2444 179 51 comp.

77 2502 1965 147 … Selected articles on recognition of soviet Russia, compiled by
382 2580 1681 69 E. C. Buehler … B. W. Maxwell … [and] George
73 2657 1993 72 R. R. Pflaum … New York, The H. W. Wilson company,
73 2738 147 50 1931.

140 2816 1401 50 387 p. 20 ᶜᵐ . (The handbook series, ser. IV, V. 3)
139 2874 348 48 Bibliography:
546 2885 42 38 p.
622 2872 187 51 [69]-95.

77 2926 51 52 ©
157 2931 117 40 Nov.
304 2930 68 44 18,
402 2930 110 41 1931;
572 2930 68 41 2c.
669 2932 117 39 Nov.
815 2930 81 46 23;
929 2930 80 40 aff.
1040 2931 117 40 Nov.
1186 2930 83 47 20;
1300 2931 42 39 A
1368 2931 172 47 45160;
1574 2932 59 38 H.
1664 2933 71 40 W.
1766 2932 185 41 Wilson
1983 2943 81 37 co.,

143 2986 89 41 inc.
304 2988 277 47 (31-33611)

71 3065 328 56 California
437 3075 227 46 current
705 3069 183 69 digest
935 3072 170 64 [1931];
1183 3069 336 69 continuing
1557 3071 138 52 both
1735 3071 138 52 New

140 3072 1901 127 California
365 3147 184 68 digest
583 3149 112 52 and
729 3146 194 54 Kerr’s
958 3147 322 54 California
1317 3147 183 68 digest
1535 3150 113 51 and
1680 3149 386 67 supplements

200 3224 1865 71 … By Edward B. Ellsworth, with a table of cases digested
138 3301 195 54 herein
379 3304 110 51 and
535 3302 58 52 in
639 3304 211 51 annual
895 3302 213 69 digests
1154 3302 94 53 for
1294 3306 325 55 1928-1930,
1665 3304 280 67 compiled
1992 3306 74 68 by

137 3377 221 70 George
390 3380 57 53 J.
480 3380 234 52 Martin.
793 3379 115 55 San
942 3378 323 69 Francisco,
1301 3379 583 73 Bancroft-Whitney
138 3400 1903 125 company,
342 3460 148 49 1931.

140 3536 786 49 1 p. l. , 25, cxiii, 650 p. 26 ᶜᵐ .
74 3588 51 52 ©
151 3594 116 39 Nov.
294 3594 69 45 27,
391 3592 140 48 1931;
561 3594 65 41 2c.
656 3595 111 40 Dec.
795 3595 27 39 7;
877 3594 80 40 aff.
987 3595 112 39 Dec.
1127 3595 52 45 5;
1210 3594 40 39 A
1277 3595 171 45 45338;

1480 3595 486 48 Bancroft-Whitney
1996 3609 66 29 co.

70 3667 254 66 Church,
351 3670 201 63 Harry
578 3669 222 65 Victor,
830 3673 170 52 1870-

137 3746 226 54 Illinois;
418 3747 1086 72 history—geography—government,
1526 3751 77 67 by
1624 3752 78 52 H.
1723 3752 71 52 V.
1819 3749 245 57 Church.

72 3822 135 53 Rev.
239 3824 83 52 ed.
399 3825 235 66 Boston,
664 3824 137 54 New
834 3826 162 53 York
1051 3832 119 61 [etc.]
1208 3828 71 52 D.
1314 3828 62 53 C.
1410 3829 194 52 Heath
1638 3830 108 52 and
1784 3846 235 50 company

74 3904 191 63 [ ᶜ193 1]
