2505 4370
1030 4008 99 50 949

151 473 67 39 “A
256 471 337 42 continuation
631 470 52 40 of
720 472 83 38 the
840 469 134 40 work
1012 468 270 48 attempted
1320 468 60 47 by
1417 469 82 37 the
1536 466 178 39 author
1751 464 49 40 in
1839 464 76 40 his
1954 465 119 39 book

78 527 520 50 Völkerrechtspolitik
626 528 74 40 als
775 525 297 41 wissenschaft
1112 522 410 51 (1922).”—Pref.

83 597 52 52 ©
161 602 126 39 June
310 601 67 47 16,
403 599 142 47 1931;
573 599 67 40 2c.
667 599 94 38 and
788 597 81 40 aff.
898 598 126 39 June
1049 598 81 45 17;
1159 596 41 38 A
1225 594 171 48 38879;
1426 596 197 39 Bureau
1648 594 54 40 of
1729 592 350 41 international

136 658 223 41 research
384 658 52 38 of
459 656 228 40 Harvard
714 655 270 46 university
1010 656 94 38 and
1131 652 242 41 Radcliffe
1397 653 193 47 college,
1612 650 300 48 Cambridge,
1931 651 147 38 Mass.

162 714 280 50 (31-15921)

80 838 339 65 Fraenckel,
452 837 230 55 Alfred.

147 914 241 53 Theorie
429 914 100 53 der
621 912 411 67 wechselströme,
1071 929 111 35 von
1221 909 231 69 dr.-ing.
1496 907 212 54 Alfred
1748 906 329 55 Fraenckel.

77 997 66 66 3.,
180 992 314 53 erweiterte
528 992 118 51 und
682 990 152 52 verb,
872 989 149 68 aufl.,
1057 989 106 52 mit
1198 990 104 50 292
1338 987 527 67 textabbildungen.
76 987 1979 151 Berlin,

204 1071 57 54 J.
293 1068 297 69 Springer,
622 1071 151 49 1930.

147 1163 775 50 vi, 260 p. illus., diagrs. 25 ᶜᵐ.
83 1231 1946 55 © Nov. 24, 1930; 1c. Jan. 27, 1931; A —Foreign 11207; Julius Springer.
162 1293 280 50 (31-15678)

80 1402 205 65 Glenn,
318 1401 281 65 Garrard,
634 1402 171 55 1878-

147 1474 1869 71 The law of fraudulent conveyances, by Garrard Glenn …
78 1557 139 54 New
246 1556 180 68 York,
454 1556 207 67 Baker,
686 1554 249 54 Voorhis
962 1556 45 50 &
1033 1571 299 51 company,
1362 1556 150 50 1931.

148 1652 131 49 xxiv,
305 1653 86 40 774
416 1663 45 37 p.
519 1651 149 41 23½ᶜᵐ.

83 1722 52 52 ©
160 1727 126 39 June
310 1725 38 42 5.
373 1723 115 41 1931;
542 1723 67 41 2c.
635 1723 95 40 and
755 1722 82 42 aff.
863 1723 126 39 June
1011 1720 27 41 9;
1091 1721 40 39 A
1157 1720 145 41 38652;
1358 1721 176 49 Baker,
1561 1720 207 40 Voorhis
1794 1720 37 41 &
1854 1731 69 31 co.

162 1781 280 51 (31-15708)

80 1891 199 64 Grote,
312 1892 169 52 Hans
512 1889 297 63 Henning,
839 1891 267 69 freiherr,
1139 1893 171 50 1896-
1523 1889 84 54 ed.

146 1968 270 54 Vorsicht
436 1967 11 53 !
494 1966 162 53 feind
696 1967 133 51 hört
869 1965 106 53 mit
995 1964 10 54 !
1053 1965 123 53 eine
1218 1964 322 69 geschichte
1585 1965 102 53 der
1730 1964 347 70 weltkriegs-

76 2047 118 51 und
241 2043 634 70 nachkriegsspionage,
923 2044 155 68 hrsg.
1128 2059 111 36 von
1287 2042 166 53 Hans
1502 2041 279 71 Henning
1831 2040 250 55 freiherr

77 2122 205 67 Grote;
316 2122 108 52 mit
456 2127 143 47 etwa
637 2124 99 49 150
769 2120 564 69 photographischen
1367 2118 104 54 auf
1473 2121 247 52 nahmen
1755 2119 105 54 auf
1893 2119 187 54 tafeln

75 2200 170 53 sowie
278 2199 183 53 einem
493 2198 386 54 statistischen
913 2198 247 68 anhang.
1232 2197 220 68 Berlin,
1487 2195 253 56 Neufeld
1774 2199 46 52 &
1855 2197 224 54 Henius

82 2279 193 66 [ ᶜ19 30 ]
143 2368 1652 50 339 p. incl. front., plates, ports., maps, facsims., diagrs. 25 ᶜᵐ.
84 2439 1979 109 © Oct. 30, 1930; 1c. Dec. 31; A —Foreign 10831; Neufeld & Henius verlag. (31-15604)
83 2607 323 66 Gundlach,
438 2608 220 53 Ernest
687 2607 320 65 Theodore,
1038 2608 172 55 1876-

148 2684 170 53 Facts
348 2685 113 52 and
492 2683 235 54 fetishes
757 2684 61 52 in
850 2684 370 69 advertising,
1249 2684 77 69 by
1358 2685 68 51 E.
1457 2685 65 52 T.
1555 2684 321 55 Gundlach.
79 2684 1976 146 Chicago,
260 2762 113 67 Ill.,
402 2761 406 55 Consolidated
833 2761 148 53 book
1006 2761 340 68 publishers,
1371 2763 126 67 inc.,
1527 2765 150 50 1931.

150 2860 95 47 xiv,
274 2860 86 40 672
384 2870 45 37 p.
487 2859 57 39 22½ᶜᵐ.

86 2927 52 52 ©
165 2933 112 46 May
303 2932 68 47 23,
398 2931 141 46 1931;
568 2930 67 41 2c.
662 2931 127 40 June
815 2932 54 39 17;
927 2932 111 46 May
1065 2931 55 40 27;
1176 2931 41 38 A
1242 2930 172 49 37994;
1446 2932 343 41 Consolidated
1817 2934 123 39 book
154 2933 1908 104 publishers,
368 2989 91 40 inc.
521 2987 277 50 (31-15822)

84 3097 148 65 Guy,
261 3097 194 65 Philip
484 3097 352 65 Langstaffe
866 3098 138 63 Ord,
1036 3103 170 50 1885-

217 3174 1865 71 … New light from Armageddon; second provisional report
94 3252 296 70 (1927-29)
449 3271 72 35 on
567 3253 96 53 the
710 3253 360 54 excavations
1118 3259 58 48 at
1223 3254 276 69 Megiddo
1546 3254 61 53 in
1653 3255 308 68 Palestine,
2007 3254 75 71 by

84 3330 65 54 P.
188 3331 65 52 L.
294 3330 68 56 O.
404 3330 149 69 Guy,
592 3330 141 53 with
773 3350 31 33 a
844 3330 236 69 chapter
1120 3349 73 35 on
1233 3350 74 34 an
1347 3331 284 55 inscribed
1672 3332 295 54 scaraboid
2009 3332 72 69 by

84 3408 90 55 W.
198 3408 68 53 E.
293 3407 244 69 Staples.
614 3408 269 69 Chicago,
908 3409 113 67 Ill.,
1046 3409 122 53 The
1191 3408 341 71 University
1556 3409 66 55 of
1648 3409 252 71 Chicago
1926 3429 157 50 press

91 3489 169 64 [1931]

190 3581 1890 51 x, 68 p. front., illus., fold. pl., maps (1 fold.) plans (1 fold.) 24½ᶜᵐ.
96 3638 244 49 (Oriental
368 3638 228 63 institute
624 3638 445 50 communications,
1099 3648 74 32 no.
1203 3640 52 49 9)

154 3709 40 39 A
228 3709 314 48 preliminary
579 3712 162 45 report
775 3710 79 39 for
887 3710 82 41 the
1003 3710 134 40 work
1172 3710 52 40 of
1258 3710 116 41 1925
1408 3711 96 40 and
1540 3710 117 41 1926
1690 3721 101 30 was
1827 3710 252 49 published

87 3765 50 39 in
173 3765 113 41 1929
324 3776 55 30 as
420 3766 219 41 Oriental
677 3766 227 41 institute
942 3767 433 41 communications
1411 3777 75 31 no.
1527 3768 41 47 4,
1609 3768 155 40 under
1802 3769 109 40 title;
1981 3768 101 39 The

87 3823 286 40 excavation
401 3823 53 41 of
478 3823 350 48 Armageddon,
856 3824 60 47 by
946 3823 230 41 Clarence
1204 3824 188 42 Fisher,
1451 3825 63 48 cf.
1541 3836 45 37 p.
1613 3825 42 42 9.

92 3888 52 52 ©
174 3894 118 39 Mar.
324 3895 39 45 3,
395 3893 142 48 1931;
569 3893 66 41 2c.
667 3894 112 47 Apr.
811 3895 80 45 14;
926 3894 82 41 aff.
1038 3896 113 47 Apr.
1183 3895 82 47 13;
1299 3895 40 39 A
1370 3895 171 47 35748;
1577 3895 281 49 University
1891 3896 52 39 of
159 3895 1904 104 Chicago,
315 3950 221 50 Chicago.
602 3951 278 50 (31-16113)
