2428 4370
1196 4083 134 51 1830

307 509 133 40 Each
481 509 183 40 section
707 508 42 40 is
788 509 233 47 preceded
1065 508 59 48 by
1169 509 331 40 unnumbered
1542 507 101 42 leaf
1682 512 84 38 not
1807 508 227 42 included
2074 509 51 40 in
2168 509 81 41 the

231 566 178 49 paging
447 567 49 48 (4
526 565 187 49 leaves)

240 633 52 53 ©
329 637 103 41 Oct.
467 639 39 40 1,
542 636 141 48 1931;
721 636 66 39 2c.
824 637 96 38 and
956 635 82 41 aff.
1074 636 119 41 Nov.
1229 635 81 48 10;
1347 637 43 39 A
1422 636 174 48 44706;
1635 636 159 41 Jessie
1831 638 234 39 Maurene
2101 637 149 48 Flatt,

314 695 252 46 Cleburne,
597 694 114 40 Tex.
784 693 282 49 (31-32218)

237 790 293 64 Fletcher,
563 787 256 56 William
852 787 227 57 Meade.

310 870 347 69 Cyclopedia
697 869 65 51 of
794 870 95 50 the
925 870 109 50 law
1073 868 64 54 of
1173 868 226 69 private
1434 868 414 71 corporations,
1882 869 75 68 by
1993 867 262 55 William

235 947 2023 69 Meade Fletcher … Rev. and permanent ed. By Basil Jones
239 1028 114 52 and
377 1027 96 52 the
496 1026 324 69 publishers’
861 1025 268 53 editorial
1154 1023 135 55 staff
1459 1043 46 34 v.
1532 1029 47 65 8,
1604 1029 47 49 9.
1729 1024 271 72 Chicago,
238 1024 1994 133 Callaghan
383 1106 112 52 and
527 1121 298 51 company,
859 1106 150 50 1931.

308 1186 313 40 2 v . 24½ᶜᵐ.
245 1252 52 53 ©
324 1257 118 39 Nov.
470 1255 69 49 30,
567 1255 113 40 1931;
738 1256 67 40 2c.
831 1255 119 40 each
975 1256 102 40 and
1102 1254 108 41 affs.
1240 1255 111 40 Dec.
1380 1255 25 40 3;
1465 1255 41 39 A
1530 1254 160 41 45260.
1717 1254 146 41 45261;
1922 1255 274 49 Callaghan
2224 1256 34 39 &
313 1325 66 29 co.

241 1407 261 67 Fønhus,
532 1407 272 65 Mikkjel,
837 1412 172 51 1894-

309 1486 270 68 Jaampa,
607 1484 95 53 the
729 1484 175 55 silver
934 1484 119 68 fox,
1081 1485 74 70 by
1184 1485 250 69 Mikkjel
1461 1483 265 70 Fonhus;
1759 1484 247 70 English
2036 1490 121 49 text
2185 1484 72 71 by

240 1564 231 53 Marion
506 1562 319 69 Saunders;
861 1562 328 55 illustrated
1220 1563 77 70 by
1326 1562 205 55 Victor
1562 1562 224 70 George
1818 1563 233 54 Becker.
2121 1564 135 53 New

247 1642 177 69 York,
449 1642 261 70 London,
735 1641 69 56 G.
832 1643 65 52 P.
925 1640 301 55 Putnam’s
1251 1659 148 50 sons,
1428 1644 153 50 1931.

313 1726 83 50 vii,
423 1727 88 39 244
539 1736 45 39 p.
611 1726 113 41 incl.
752 1725 164 49 front.,
946 1726 173 49 plates.
1178 1725 120 42 20ᶜᵐ.

316 1784 323 40 “Translated
675 1783 104 40 into
814 1782 212 42 German
1059 1782 130 40 from
1223 1783 82 40 the
1339 1783 293 47 Norwegian
1666 1783 61 48 by
1762 1783 44 42 J.
1844 1783 285 41 Sandmeier
2164 1786 94 38 and

246 1843 46 41 S.
319 1842 340 48 Angermann;
690 1840 212 48 adapted
929 1839 130 40 from
1090 1840 78 39 the
1198 1839 210 40 German
1438 1840 59 48 by
1529 1839 188 37 Morion
1750 1839 292 41 Saunders.”

250 1897 52 52 ©
334 1900 100 41 Oct.
466 1901 40 44 2,
537 1897 113 41 1931;
710 1899 68 39 2c.
810 1899 100 38 Oct.
941 1897 56 38 28;
1058 1897 82 41 aff.
1171 1897 118 41 Nov.
1322 1901 25 35 6;
1407 1899 39 37 A
1476 1895 145 42 43901;
1683 1898 52 39 G.
1768 1898 51 40 P.
1851 1896 252 43 Putnam’s
2136 1907 126 32 sons.

329 1955 281 50 (31-32389)

248 2052 176 64 Goth,
455 2051 266 56 Anselm.

378 2126 1882 70 … Das jahr ohne ende, roman. 1. bis 10. tausend. Berlin,
247 2205 959 72 Verlag der Zeit-romane [ ᶜ1 931]
317 2286 1201 52 310, [1] p. 19 ᶜᵐ. (Half-title: Zeit-romane)
254 2343 51 52 ©
350 2348 81 39 July
508 2347 56 38 22,
622 2346 105 39 1931;
808 2347 16 37 1c.
917 2345 102 40 Oct.
1065 2345 54 40 10;
1193 2345 310 45 A—Foreign
1551 2345 168 39 13850·
1768 2345 246 41 Deutsche
322 2346 1926 98 vereinsdruckerei.
623 2415 40 28 a.
699 2413 38 35 g.
813 2402 282 47 (31-32534)

249 2499 180 64 Gray,
457 2497 248 56 Charles
732 2498 241 64 Harold,
1004 2502 173 51 1892-

315 2573 326 53 Theatrical
681 2573 272 52 criticism
989 2573 61 53 in
1085 2572 242 55 London
1364 2580 59 46 to
1463 2577 152 67 1795,
1650 2573 73 68 by
1764 2573 236 55 Charles
2037 2573 223 54 Harold

247 2650 1774 72 Gray … New York, Columbia university press, 1931.
321 2733 1947 51 vi p., 1 l., 333 p., 1 l. 21 ᶜᵐ. (Half-title: Columbia university studies
249 2789 45 40 in
325 2792 199 48 English
555 2794 93 39 and
678 2793 331 46 comparative
1036 2791 283 48 literature)

319 2848 264 41 Published
611 2849 103 40 also
743 2862 53 27 as
822 2847 154 41 thesis
1012 2849 107 48 (PH.
1177 2851 35 46 D.)
1250 2848 250 43 Columbia
1532 2847 285 52 university.

321 2904 439 49 “Bibliographical
791 2905 169 42 note”:
993 2917 41 38 p.
1066 2906 115 50 [311]

258 2961 50 52 ©
347 2966 101 40 Oct.
485 2965 38 41 1,
561 2964 109 40 1931;
737 2966 65 38 2c.
841 2965 100 38 Oct.
980 2966 17 36 1;
1071 2963 80 41 aff.
1191 2964 102 39 Oct.
1330 2964 25 38 5;
1421 2964 40 39 A
1496 2964 171 46 42884;
1709 2963 250 42 Columbia
1996 2962 270 41 universitv

326 3033 148 37 press.
549 3021 280 48 (31-32224)

254 3116 325 64 Gruening,
611 3118 220 51 Ernest
863 3117 226 63 Henry,
1123 3120 171 51 1887-

318 3192 122 53 The
482 3190 189 70 public
708 3209 168 51 pays:
917 3212 28 32 a
984 3192 171 70 study
1193 3191 63 52 of
1293 3210 189 50 power
1519 3191 392 70 propaganda,
1947 3190 74 71 by
2058 3191 201 54 Ernest

251 3269 1766 70 Gruening … New York, The Vanguard press [ ᶜ1 931 ]
321 3351 365 52 ix, 273 p. 21 ᶜᵐ.
326 3413 103 50 “An,
468 3409 217 42 abstract
726 3411 51 39 of
817 3410 82 41 the
942 3410 93 40 last
1080 3409 135 43 three
1255 3410 156 47 years’
1454 3409 346 48 investigation
1842 3410 60 48 by
1943 3410 80 41 the
2067 3410 198 41 Federal

253 3466 139 39 trade
431 3466 305 41 commission
778 3468 51 38 of
868 3466 79 40 the
987 3467 308 48 propaganda
1340 3467 52 39 of
1431 3467 81 41 the
1552 3466 160 49 public
1750 3465 221 44 utilities,
2010 3467 255 46 especially

255 3524 136 39 those
419 3524 194 48 dealing
643 3524 45 38 in
721 3533 158 37 power
909 3523 93 40 and
1036 3522 359 46 light.”—Pref.

261 3577 52 52 ©
346 3582 102 40 Oct.
480 3580 57 39 29,
582 3580 105 41 1931;
755 3583 66 38 2c.
853 3582 95 37 and
979 3580 81 39 aff.
1096 3581 118 40 Nov.
1246 3581 53 40 4;
1334 3581 39 38 A
1405 3580 172 46 43763;
1613 3581 265 44 Vanguard
1911 3590 151 39 press,
2096 3581 88 37 inc.

340 3638 280 43 (31-32225)

258 3734 251 62 Harper,
541 3733 155 54 John
726 3735 268 54 Warren.

324 3806 217 62 Moods,
575 3815 180 48 tenses
788 3809 108 52 and
935 3810 261 55 inlenses,
1229 3807 268 56 collected
1531 3826 208 51 poems,
1770 3808 76 70 by
1880 3808 99 52 Dr.
2013 3807 55 54 J.
255 3809 1990 128 Warren

385 3885 1843 69 Harper. Philadelphia, Dorrance & company, inc. [ ᶜ1 931].
256 3966 1996 109 199 p. front. (port.) 20ᶜᵐ. (Half-title: Contemporary poets of Dorrance, 102)
