2505 4370
1061 4007 99 49 525

129 377 422 64 Presbyterian
581 377 218 54 church
829 377 55 51 in
913 376 101 52 the
1041 374 220 56 United
1291 376 204 54 States
1521 375 64 53 of
1611 375 294 55 America.
196 377 1912 132 General
341 456 294 68 assembly.

198 548 204 69 Digest
433 546 63 55 of
526 548 96 52 the
652 551 116 50 acts
800 548 111 52 and
942 545 381 55 deliverances
1354 545 63 53 of
1448 546 95 53 the
1574 545 245 56 General
1851 547 278 70 assembly

129 627 62 50 of
226 627 96 51 the
354 625 403 69 Presbyterian
794 625 209 52 church
1040 624 59 52 in
1135 624 97 53 the
1268 624 216 53 United
1524 624 190 55 States
1747 625 62 52 of
1844 624 286 54 America.

167 703 995 67 v. 2 … Philadelphia, Pa., 1930.
266 783 377 48 xv, 934 p. 24 ᶜᵐ .
131 850 51 52 ©
210 855 110 39 Dec.
348 855 68 44 31,
446 853 140 46 1930;
616 853 65 39 2c.
711 853 120 39 Mar.
858 853 40 45 4,
927 852 104 39 1931;
1096 851 81 40 aff.
1207 852 122 40 Mar.
1357 853 53 45 3;
1441 851 41 39 A
1507 850 172 48 35096;
1709 853 229 40 Trustees
1968 855 51 39 of
2047 855 82 40 the

201 911 205 39 General
439 910 238 47 assembly
711 910 51 39 of
796 910 79 39 the
908 908 342 47 Presbyterian
1285 909 180 39 church
1499 908 51 41 in
1580 909 82 40 the
1696 910 55 39 U.
1789 911 44 40 S.
1867 911 52 38 A.,
199 910 1910 105 Philadelphia.

127 1074 320 65 Raffelock,
477 1074 208 55 David.

199 1166 122 52 The
354 1165 246 53 creative
632 1164 204 69 ability
872 1164 299 67 developer
1229 1164 93 69 [by]
1362 1163 194 54 David
1590 1164 314 54 Raffelock.
131 1165 1975 145 Denver,

272 1243 124 52 The
426 1242 322 68 Simplified
779 1242 260 69 training
1067 1258 213 52 course,
1312 1244 152 51 1931.

224 1324 525 49 87 p. 1 illus. 28 ᶜᵐ .
199 1396 151 39 “How
378 1398 48 37 to
453 1397 80 46 get
559 1395 81 40 the
667 1398 128 37 most
820 1397 84 38 out
932 1394 50 40 of
1008 1404 121 37 your
1157 1393 175 49 ability
1364 1404 68 40 [as
1460 1405 29 30 a
1518 1390 323 53 writer]”—p.
1868 1394 42 42 7.

129 1462 51 52 ©
208 1467 108 40 Jan.
343 1467 69 45 15,
442 1465 111 41 1931;
610 1467 67 38 2c.
706 1465 94 40 and
828 1465 81 41 aff.
937 1466 113 47 Apr.
1077 1466 26 38 4;
1161 1466 40 38 A
1227 1465 144 40 36321;
1431 1466 55 39 D.
1516 1464 267 48 Raffelock,
1812 1466 205 40 Denver.

205 1523 250 48 (31-9031)

123 1631 264 61 Ralston,
418 1629 200 54 Alene.

192 1724 238 51 Present
470 1723 112 66 day
622 1722 366 68 psychology,
1028 1740 72 34 an
1137 1720 280 69 objective
1455 1721 171 68 study
1667 1721 55 52 in
1766 1721 361 53 educational

124 1799 2002 70 psychology, by Alene Ralston and Catharine J. Gage … 38
123 1877 1977 147 illustrations. Chicago, London [etc.] J. B. Lippincott company [ ᶜ19 31]
192 2037 729 49 xiv, 404 p. diagrs. 21½ ᶜᵐ .
194 2108 349 49 Bibliography:
602 2119 43 37 p.
672 2108 219 41 377-385.

127 2177 51 52 ©
209 2182 109 39 Jan.
346 2180 39 49 2,
415 2179 113 41 1931;
588 2183 67 37 2c.
685 2181 95 38 and
809 2179 82 40 aff.
920 2180 113 47 Apr.
1062 2181 26 39 3;
1148 2180 37 38 A
1216 2179 144 41 36253;
1421 2180 43 40 J.
1496 2180 54 40 B.
1581 2180 277 49 Lippincott
1890 2193 66 29 co.

205 2236 250 50 (31-9005)

122 2346 179 64 Read,
329 2347 303 63 Newbury
661 2347 193 62 Frost,
884 2348 85 52 ed.

195 2437 121 53 The
347 2443 160 63 story
540 2437 64 53 of
638 2437 84 55 St.
756 2436 243 68 Mary’s;
1036 2436 99 53 the
1169 2435 228 70 Society
1431 2435 65 54 of
1529 2437 98 53 the
1662 2436 119 54 free
1816 2437 207 53 church
2063 2435 65 54 of

128 2514 82 55 St.
253 2515 170 69 Mary
466 2515 97 53 the
603 2515 229 69 Virgin,
876 2515 138 52 New
1059 2514 164 53 York
1265 2515 133 68 city,
1447 2518 327 65 1868-1931,
1818 2515 189 54 edited
2052 2514 75 70 by

125 2592 2002 70 Newbury Frost Read … New York, Pub. for the Board of
122 2676 255 62 trustees,
414 2674 152 50 1931.

192 2751 1356 50 4 p. l., 7-281 p. incl. front. plates, ports. 23½ ᶜᵐ .
126 2820 51 53 ©
206 2825 122 41 Mar.
354 2825 70 48 27,
453 2824 140 48 1931;
622 2826 67 39 2c.
717 2825 97 41 and
842 2824 81 41 aff.
953 2825 120 41 Mar.
1102 2824 81 48 30;
1215 2824 43 40 A
1284 2824 170 47 35501;
1486 2825 55 41 N.
1572 2824 52 42 F.
1655 2824 149 49 Read,
1833 2825 116 41 New
1978 2824 144 42 York.

203 2881 250 50 (31-9021)

122 2977 162 64 Reid,
315 2978 154 52 John
503 2978 63 54 F.

189 3068 450 52 Fundamentals
669 3066 64 53 of
761 3069 94 51 the
886 3066 430 70 woodworking
1345 3068 207 66 trades,
1583 3067 74 69 by
1687 3067 155 54 John
1875 3069 65 50 F.
1972 3067 145 54 Reid

180 3144 1939 70 … and Gordon H. Higgins … New York, J. Wiley & sons,
119 3220 104 53 inc.;
285 3222 258 68 London,
572 3221 299 68 Chapman
900 3224 45 50 &
973 3220 159 69 Hall,
1163 3222 240 68 limited,
1436 3225 149 49 1931.

186 3300 1929 51 xxi. 244 p. front., illus. 24 ᶜᵐ . (Lettered on cover: Wiley trade
117 3357 173 47 series)
415 3354 130 50 $2.75

123 3424 51 52 ©
205 3430 119 38 Mar.
353 3429 67 45 19,
451 3430 110 38 1931;
622 3431 66 38 2c.
718 3429 121 41 Mar.
868 3430 81 46 25;
981 3430 82 40 aff.
1094 3431 121 39 Mar.
1242 3430 84 46 23;
1358 3431 37 39 A
1425 3431 172 46 36086;
1630 3431 42 41 J.
1706 3431 50 41 F.
1790 3430 114 41 Reid
1937 3432 38 40 &
190 3430 1910 95 Gordon

313 3486 59 40 H.
405 3485 219 49 Higgins,
659 3486 205 40 Buffalo.
936 3486 248 48 (31-9139)

119 3578 227 65 Reitell,
378 3579 246 54 Charles
654 3580 201 64 Ervin,
890 3582 170 54 1887-

182 3668 149 53 Let’s
364 3686 73 50 go
472 3667 225 69 fishing,
733 3669 73 67 by
846 3668 233 56 Charles
1118 3669 234 68 Reitell;
1392 3670 378 55 illustrations
1807 3670 72 70 by
1919 3670 195 54 Elmer

112 3744 2000 72 A. Stephan … New York, Whittlesey house, McGraw-Hill
113 3820 141 53 book
284 3840 294 49 company,
609 3821 125 71 inc.,
767 3826 148 52 1931.

203 3903 1263 53 ix, 196, [2] p. incl. front., illus. 22½ ᶜᵐ . $2.50
