2505 4370
1100 4041 101 56 971

144 403 304 65 Manning,
480 403 226 65 George
737 403 262 64 Charles,
1031 408 171 49 1892-

213 479 321 68 Principles
577 480 64 52 of
680 480 171 51 naval
893 479 378 53 architecture
1312 480 113 52 and
1467 478 250 68 warship
1760 477 387 54 construction

142 553 1981 134 … especially prepared to furnish in compact form the information
387 636 262 67 required
675 635 75 67 by
776 636 98 51 the
899 635 303 68 operating
1229 634 300 68 personnel
1555 633 64 54 of
1645 634 98 53 the
1770 634 72 55 U.
1873 633 58 56 S.
1960 634 185 68 Navy.

144 710 2004 71 By G. C. Manning … and T. L. Schumacher … Annapolis,
143 790 138 71 Md.,
310 790 218 53 United
558 787 187 56 States
771 789 171 52 naval
970 788 280 68 institute,
1278 791 151 51 1930.

286 903 8 17 xx,
333 871 87 41 395
458 882 43 38 p.
560 871 164 48 front.,
762 871 143 48 illus.,
944 871 158 48 plates
1130 871 137 48 (part
1304 871 145 48 fold.)
1494 871 105 41 fold.
1652 872 112 48 tab.,
1803 872 180 49 diagrs.
2011 873 138 48 (part

144 929 267 47 fold.) 24 ᶜᵐ.
213 984 153 41 Third
394 984 199 41 edition.

153 1038 51 52 ©
239 1043 109 38 Dec.
381 1042 70 47 30,
485 1041 140 46 1930;
659 1040 67 41 2c.
760 1042 112 46 May
907 1041 51 38 11,
1009 1039 140 47 1931;
1186 1039 82 41 aff.
1301 1041 126 39 June
1461 1040 52 47 8;
1550 1040 41 39 A
1623 1040 172 47 38087;
1833 1040 55 41 U.
1926 1040 44 41 S.
2004 1041 149 39 naval

218 1100 240 39 institute.
528 1098 279 48 (31-12502)

146 1179 386 65 Meysenbug,
565 1178 275 55 Malwida
870 1195 132 48 von,
1038 1184 327 49 1816-1903.

210 1256 410 53 Märchenfrau
671 1255 117 52 und
831 1255 428 67 malerdichter;
1312 1255 276 53 Malwida
1638 1274 110 34 von
1797 1254 351 69 Meysenbug

143 1337 115 51 und
292 1332 247 70 Ludwig
572 1332 335 69 Sigismund
940 1332 173 68 Ruhl,
1148 1335 91 52 ein
1273 1332 387 54 briefwechsel
1694 1333 454 67 herausgegeben

143 1431 109 34 von
278 1412 175 53 Berta
482 1410 338 55 Schleicher.
883 1410 114 54 Mit
1022 1412 131 51 acht
1181 1410 399 68 abbildungen.
1644 1411 304 68 München,
1978 1409 172 72 Beck,

145 1492 148 50 1929.

215 1569 991 49 2 p. l., 238, [1] p. plates, ports. 20 ᶜᵐ.
217 1625 308 41 “Literatur”:
587 1636 44 37 p.
663 1624 218 41 233-234.

155 1683 51 53 ©
242 1686 101 42 Oct.
379 1686 39 49 9,
454 1684 140 49 1929;
632 1686 66 40 1c.
735 1685 101 41 Oct.
872 1685 68 42 14,
977 1683 140 48 1930;
1153 1684 312 48 A—Foreign
1500 1683 171 49 10961;
1712 1684 48 49 C,
1797 1684 61 41 H.
1895 1682 261 42 Beck’sche

252 1744 540 48 verlagsbuchhandlung
840 1743 184 47 (Oskar
1062 1740 151 47 Beck)
1295 1741 281 50 (31-15595)

151 1809 200 65 Moler,
380 1810 233 52 Arthur
642 1810 86 63 B.,
759 1814 171 49 1866-

217 1884 1938 70 The manual of beauty culture [by] A. B. Moler … [Chicago.
147 1963 847 71 Gentry printing co., ᶜ1 931]
215 2046 708 49 4 p. l ., 7-302 p. illus. 23½ ᶜᵐ.
218 2102 208 41 Revised
454 2103 197 41 edition.

156 2156 51 52 ©
241 2161 112 47 May
385 2160 39 47 8,
458 2159 110 41 1931;
632 2160 68 39 2c.
734 2161 113 45 May
879 2160 54 38 12;
996 2158 82 41 aff.
1113 2159 127 39 June
1271 2159 56 39 10;
1388 2159 42 39 A
1461 2157 145 42 38759;
1669 2159 55 39 A.
1758 2159 55 39 B.
1847 2159 165 45 Moler,
222 2156 1916 109 Chicago.

419 2213 71 54 [©
523 2228 105 28 new
663 2219 193 47 matter]
929 2215 281 51 (31-15953)

151 2283 306 65 Mottram,
489 2282 192 64 Ralph
710 2282 166 65 Hale,
909 2286 171 51 1883-

220 2360 190 55 Castle
468 2360 204 68 island,
729 2360 76 69 by
861 2361 68 53 R.
988 2361 76 53 H.
1124 2361 295 51 Mottram.
1513 2360 259 69 London,
1829 2361 211 55 Chatto
2098 2362 52 51 &

152 2438 258 68 Windus,
440 2441 151 50 1931.

221 2518 496 51 vii, 415, [1] p. 19 ᶜᵐ.
157 2572 51 52 ©
270 2588 37 30 1c.
341 2577 127 39 June
500 2576 68 48 19,
602 2576 140 45 1931;
778 2577 42 38 A
850 2578 61 38 ad
945 2577 86 39 int.
1066 2577 170 46 15214;
1274 2577 142 47 pubd.
1451 2577 114 47 Apr.
1600 2577 83 47 23;
1718 2577 57 39 R.
1810 2577 62 39 H.
1908 2577 249 47 Mottram,

224 2635 170 47 Eaton,
434 2634 239 45 Norwich,
714 2635 237 47 England.
1021 2634 281 49 (31-16446)

153 2700 281 53 National
464 2701 207 63 league
706 2700 64 52 of
800 2716 226 37 women
1061 2702 221 52 voters.
1360 2702 338 54 Committee
1732 2720 75 36 on
1838 2703 156 54 child
219 2698 1916 150 welfare.

220 2855 122 53 The
371 2853 245 55 nation’s
650 2874 237 35 concern
921 2856 94 52 for
1046 2856 98 53 the
1174 2856 196 52 health
1405 2854 65 55 of
1500 2856 251 53 mothers
1786 2856 114 53 and
1933 2856 221 66 babies;

151 2951 164 34 seven
342 2950 164 51 years
534 2932 65 54 of
627 2932 220 55 federal
875 2934 96 53 aid
1002 2932 93 54 for
1123 2934 99 53 the
1248 2933 328 69 promotion
1604 2932 65 54 of
1695 2933 99 53 the
1819 2934 243 68 hygiene
2095 2934 64 51 of

153 3011 308 68 maternity
502 3012 113 52 and
658 3010 239 70 infancy
940 3013 113 52 and
1096 3013 98 52 the
1236 3009 171 55 effort
1446 3017 59 47 to
1548 3030 189 34 secure
1780 3012 74 52 its
1895 3012 260 51 renewal.

153 3089 400 68 Washington,
602 3090 70 51 D.
725 3088 82 68 C.,
859 3088 340 55 Committee
1248 3107 73 35 on
1373 3089 155 53 child
1579 3089 254 67 welfare,
1884 3090 274 52 National

152 3166 969 68 league of women voters [ ᶜ1 931]
222 3246 244 50 23 p. 23 ᶜᵐ.
223 3303 347 42 “References”:
632 3316 43 38 p.
705 3306 71 41 23.

160 3356 51 52 ©
239 3362 125 39 June
393 3362 68 47 10,
490 3361 139 48 1931;
660 3362 66 40 2c.
756 3364 95 38 and
880 3362 82 40 aff.
992 3364 125 38 June
1146 3363 55 39 15;
1261 3362 41 39 A
1329 3362 171 47 38852;
1533 3362 116 40 Natl.
1693 3364 169 46 league
1891 3363 53 40 of
1973 3372 185 30 women

226 3421 173 44 voters,
442 3419 334 48 Washington.
846 3419 279 48 (31-15950)

154 3484 282 54 National
484 3486 175 52 retail
708 3486 110 63 dry
868 3486 182 64 goods
1101 3485 376 54 association.
1554 3488 396 54 Merchandise
225 3507 1907 124 managers’
434 3565 262 52 division.

223 3639 123 52 The
385 3638 223 69 buyer’s
648 3640 247 51 manual.
976 3641 72 52 2d
1093 3641 83 52 ed.
1259 3642 90 67 By
1391 3640 401 54 Merchandise
1836 3641 319 68 managers’

155 3715 246 53 division
442 3716 64 51 of
545 3717 94 51 the
682 3716 273 53 National
997 3717 168 52 retail
1208 3718 109 68 dry
1359 3718 176 68 goods
1578 3716 356 55 association.
2013 3718 140 52 New

156 3791 1605 71 York, National retail dry goods association [ ᶜ1 931]
224 3872 837 49 4 p. l ., 310 p., 2 l. diagrs. 23 ᶜᵐ.
163 3924 51 52 ©
249 3930 108 40 Feb.
388 3931 41 47 4,
463 3929 106 41 1931;
638 3931 67 40 2c.
739 3932 94 38 and
868 3931 82 41 aff.
984 3933 122 39 Mar.
1139 3931 57 39 25;
1259 3933 40 37 A
1333 3931 143 41 36107;
1539 3933 117 40 Natl.
1707 3933 143 39 retail
1885 3934 89 47 dry
2008 3934 148 46 goods

229 3996 126 32 assn.
428 3987 249 50 (31-8510)
