2505 4370
1019 3999 99 51 933

75 376 1592 73 David, Albert Augustus, b p. of Liverpool , 1867-
139 449 1864 78 Marriage and birth control, by the Rt. Rev. A. A. David …
67 527 1973 155 & the Rt. Rev. M. B. Furse … Milwaukee, Morehouse publishing co. [ ᶜ19 31]
138 688 1292 53 48 p. 21½ ᶜᵐ. (On cover: The Lambeth series)
141 749 113 39 Two
291 748 223 47 opinions
548 746 52 41 of
633 746 285 40 Resolution
953 744 56 41 15
1045 745 52 40 of
1130 746 82 39 the
1246 744 238 40 Lambeth
1520 742 309 47 conference;
1868 753 102 37 one,
2006 740 61 48 by

72 806 82 39 the
184 804 181 47 Bishop
394 804 53 40 of
474 802 268 48 Liverpool,
772 801 287 48 supporting
1087 800 53 49 it,
1171 802 98 38 and
1299 801 83 39 the
1411 800 154 47 other,
1594 798 62 48 by
1688 800 83 40 the
1802 798 184 48 Bishop
2017 798 53 40 of

73 859 66 42 St.
173 859 195 47 Albans,
400 859 197 47 against
628 859 53 41 it.

143 914 188 42 “Books
357 913 78 42 for
459 914 174 49 study”
660 915 53 39 at
736 912 261 48 beginning
1022 912 53 41 of
1100 913 119 40 each
1245 921 156 37 essay.

79 981 51 52 ©
156 987 112 46 May
291 984 69 49 25,
385 984 114 41 1931;
553 984 67 41 2c.
645 985 94 39 and
764 995 25 28 aff
796 983 50 42 .
872 984 125 39 June
1023 985 24 37 1;
1101 983 42 38 A
1165 981 145 41 37624;
1366 982 289 40 Morehouse
1678 981 109 48 pub.
1813 992 70 29 co.

156 1043 279 48 (31-15737)

70 1136 234 65 Daviot,
338 1136 253 56 Gordon.

141 1216 120 53 The
310 1215 304 68 expensive
660 1215 149 68 halo,
858 1235 31 33 a
939 1213 155 54 fable
1141 1212 244 54 without
1432 1214 182 51 moral
1684 1212 94 70 [by]
1833 1210 238 56 Gordon

71 1294 230 53 Daviot.
374 1294 259 68 London,
662 1293 67 52 E.
759 1293 179 68 Benn,
966 1291 223 54 limited
1223 1294 173 64 [1931]

136 1373 274 49 288 p. 19 ᶜᵐ.
77 1439 1961 52 © 1c. June 15, 1931; A ad int. 15193; pubd. June 5; D. Appleton & co.,
145 1501 118 40 New
287 1501 144 40 York.
496 1499 279 48 (31-16007)

70 1594 279 65 Davison,
378 1594 210 53 Albert
616 1595 265 63 Watson,
912 1598 172 51 1888-

139 1670 359 70 Laboratory
543 1672 232 52 manual
819 1669 64 54 of
928 1668 260 70 physical
1234 1669 327 69 chemistry,
1606 1669 77 69 by
1726 1668 207 54 Albert
1978 1669 89 55 W.

70 1747 1997 70 Davison .… and Henry S. Van Klooster … 2d ed., rev. and
70 1827 106 52 enl.
251 1826 139 53 New
425 1826 179 67 York,
638 1826 57 54 J.
730 1826 191 69 Wiley
955 1828 46 50 &
1034 1844 147 50 sons,
1215 1826 108 52 inc.;
1390 1825 259 70 London,
1686 1824 302 70 Chapman
2024 1827 45 51 &

69 1904 159 68 Hall,
256 1903 242 69 limited,
531 1906 149 50 1931.

140 1986 64 48 xi,
232 1987 100 47 237,
365 1987 56 49 [4]
453 1997 43 37 p.
524 1985 110 41 incl.
663 1985 143 48 illus.,
836 1985 172 41 tables.
1065 1985 56 41 23½ᶜᵐ.
1329 1984 131 50 $2.50

142 2043 233 41 Contains
406 2043 148 39 blank
583 2052 147 38 pages
761 2043 96 38 and
889 2052 146 38 pages
1068 2041 51 40 of
1149 2042 300 40 co-ordinate
1481 2052 164 38 paper.

77 2110 51 52 ©
154 2115 126 39 June
303 2115 68 46 11,
397 2112 113 41 1931;
564 2112 67 42 2c.
657 2113 126 39 June
807 2113 53 39 17;
916 2112 81 40 aff.
1024 2113 127 39 June
1175 2113 53 39 13;
1285 2113 42 38 A
1349 2112 144 41 38903;
1550 2113 54 41 A.
1631 2113 70 40 W.
1731 2112 216 40 Davison
1973 2114 95 39 and

145 2172 167 47 Henry
339 2171 45 40 S.
453 2181 61 29 Van
540 2171 239 39 Klooster.
806 2171 140 46 Troy,
972 2171 56 39 N.
1054 2170 52 40 Y.
1171 2170 281 49 (31-15679)

73 2264 283 66 Deutsch,
389 2264 256 56 Samuel.

140 2340 1928 70 How to take an appeal, by Samuel Deutsch … and Simon
71 2419 1971 146 Balicer … Rochester, N. Y., The Lawyers co-operative publishing co., 1931.
140 2578 396 49 xiv, 831 p. 24½ ᶜᵐ.
79 2644 51 52 ©
162 2650 125 39 June
318 2651 69 46 11,
421 2648 140 48 1931;
595 2650 67 40 2c.
696 2650 126 40 June
854 2651 81 45 17;
970 2650 81 41 aff.
1086 2651 126 39 June
1245 2650 83 45 16;
1362 2651 41 39 A
1433 2649 172 49 38891;
1644 2651 45 41 S.
1723 2651 217 40 Deutsch
1972 2653 96 39 and

150 2707 161 40 Simon
337 2707 204 48 Balicer,
568 2708 116 39 New
710 2708 142 39 York.
918 2707 280 49 (31-15703)

74 2801 301 66 Donahey,
410 2804 140 53 Mrs.
586 2803 175 63 Mary
794 2801 278 65 Augusta
1117 2801 387 67 (Dickerson)
1549 2804 172 57 1876-

141 2879 119 52 The
310 2878 252 69 Spanish
608 2878 344 69 McQuades,
1000 2880 95 53 the
1144 2880 110 53 lost
1302 2885 251 48 treasure
1602 2879 66 54 of
1716 2881 229 69 Zavala,
1992 2881 76 70 by

72 2955 168 69 Mary
281 2956 316 53 Dickerson
640 2957 306 68 Donahey;
994 2956 326 54 illustrated
1365 2957 73 70 by
1483 2957 262 55 William
1787 2959 280 70 Donahey

73 3031 1994 74 and Robb Beebe … Garden City, N. Y., Doubleday, Doran
71 3111 46 50 &
142 3127 296 51 company,
468 3110 126 68 inc.,
625 3112 151 52 1931.

143 3188 1504 51 viii p., 3 l., 252 p. incl. illus., plates, col. front. 21 ᶜᵐ .
142 3243 139 50 Maps
309 3256 60 29 on
399 3245 361 50 lining-papers.

144 3299 205 42 “Junior
378 3300 192 42 books.”

143 3354 163 43 “First
342 3356 227 42 edition.”

82 3421 50 52 ©
157 3427 113 47 May
292 3426 69 48 20,
386 3426 113 41 1931;
554 3428 66 41 2c.
646 3430 94 39 and
765 3428 81 41 aff.
872 3429 126 40 June
1022 3429 55 40 19;
1133 3430 38 38 A
1194 3429 145 41 38952;
1395 3432 63 40 M.
1485 3431 56 38 D.
1569 3432 248 49 Donahey,
1845 3432 222 48 Chicago.

166 3482 277 48 (31-15690)

77 3575 90 54 Du
196 3576 355 67 Genestoux,
579 3579 382 66 Magdeleine,
993 3587 171 49 1885-

204 3653 1859 74 … Gros Flo-Flo et petit Rip, par Magdeleine du Genestoux:
77 3728 376 57 illustrations
485 3733 67 52 de
583 3734 165 51 Félix
779 3734 268 53 Lorioux.
1123 3735 202 66 [Paris]
1364 3736 284 54 Hachette
1685 3740 171 65 [1930]

144 3808 1544 58 124 p., 2 l. illus. 19½ ᶜᵐ. (Petite bibliothèque blanche)
85 3874 1964 117 © Sept. 17, 1930; 1c. Feb. 20, 1931; A— Foreign 11111; Librairie Hachette. (31-15301)
