<alto xmlns="http://www.loc.gov/standards/alto/ns-v3#" xmlns:xlink="http://www.w3.org/1999/xlink" xmlns:xsi="http://www.w3.org/2001/XMLSchema-instance" xsi:schemaLocation="http://www.loc.gov/standards/alto/ns-v3# http://www.loc.gov/alto/v3/alto-3-0.xsd"><Description>
<MeasurementUnit>pixel</MeasurementUnit>
<sourceImageInformation>
<fileName>1931_v28_Part001.pdf</fileName>
</sourceImageInformation>
<OCRProcessing ID="IdOcr">
<ocrProcessingStep>
<processingDateTime>2019-04-22</processingDateTime>
<processingSoftware>
<softwareCreator>ABBYY</softwareCreator>
<softwareName>ABBYY Recognition Server</softwareName>
<softwareVersion>4.0</softwareVersion>
</processingSoftware>
</ocrProcessingStep>
</OCRProcessing>
</Description>
<Styles>
<ParagraphStyle ID="StyleId-FFFFFFFF-FFFF-FFFF-FFFF-FFFFFFFFFFFF-" ALIGN="Left" LEFT="0." RIGHT="0." FIRSTLINE="0."/>
<ParagraphStyle ID="StyleId-204B5AEB-67A1-44E2-A013-34B3A0F3E0EA-" ALIGN="Right" LEFT="0." RIGHT="0." FIRSTLINE="0." LINESPACE="8.300000191"/>
<ParagraphStyle ID="StyleId-03245871-796C-4429-B3C7-F9019C8C5B89-" ALIGN="Left" LEFT="0." RIGHT="0." FIRSTLINE="0." LINESPACE="12.19999981"/>
<ParagraphStyle ID="StyleId-BDCA8811-25FF-44DB-8D6F-2072A4ABC070-" ALIGN="Center" LEFT="0." RIGHT="0." FIRSTLINE="0." LINESPACE="12.19999981"/>
<ParagraphStyle ID="StyleId-2C5B7DF0-AF87-455E-B9A8-6FE387CB59BD-" ALIGN="Left" LEFT="0." RIGHT="0." FIRSTLINE="-13." LINESPACE="8.479999542"/>
<ParagraphStyle ID="StyleId-9FB72FA1-55D5-4161-8333-823D5732F4D0-" ALIGN="Block" LEFT="0." RIGHT="0." FIRSTLINE="-14." LINESPACE="10."/>
<ParagraphStyle ID="StyleId-212AEB8C-A829-4BF1-8E45-5BFE386A469C-" ALIGN="Block" LEFT="0." RIGHT="0." FIRSTLINE="-14." LINESPACE="11.35000038"/>
<ParagraphStyle ID="StyleId-4EC79CC1-EA62-49CE-ABB6-D84DDFCF4C7D-" ALIGN="Block" LEFT="0." RIGHT="0." FIRSTLINE="-10." LINESPACE="12.19999981"/>
<ParagraphStyle ID="StyleId-DAF2E8EE-6444-4951-9284-36A6C020C887-" ALIGN="Left" LEFT="0." RIGHT="0." FIRSTLINE="0." LINESPACE="9.399999619"/>
<ParagraphStyle ID="StyleId-25241749-1672-4977-B19F-38F59800D6D8-" ALIGN="Left" LEFT="0." RIGHT="0." FIRSTLINE="0." LINESPACE="11.10000038"/>
<ParagraphStyle ID="StyleId-8C523E19-EDEF-4F23-B010-536E1A1AAE1A-" ALIGN="Left" LEFT="0." RIGHT="0." FIRSTLINE="-13." LINESPACE="12.19999981"/>
<ParagraphStyle ID="StyleId-A1F9DE9E-2625-4D8B-AD7E-F0A0034C2989-" ALIGN="Block" LEFT="0." RIGHT="0." FIRSTLINE="0." LINESPACE="12.19999981"/>
<ParagraphStyle ID="StyleId-5725BB01-2B1C-440F-BAF2-696C4F4DF162-" ALIGN="Block" LEFT="0." RIGHT="0." FIRSTLINE="13." LINESPACE="12.19999981"/>
<ParagraphStyle ID="StyleId-F10A2092-61AA-44FD-99C2-123B3A8051CF-" ALIGN="Left" LEFT="0." RIGHT="0." FIRSTLINE="0." LINESPACE="5.5"/>
<ParagraphStyle ID="StyleId-B3CDC8CC-D2E1-4A23-B67C-CDD40993D1DD-" ALIGN="Left" LEFT="0." RIGHT="0." FIRSTLINE="0." LINESPACE="10."/>
<ParagraphStyle ID="StyleId-871EBF53-D909-4C8F-B368-AC7D897344DD-" ALIGN="Left" LEFT="0." RIGHT="0." FIRSTLINE="0."/>
<ParagraphStyle ID="StyleId-C4129744-680B-4878-B2C4-44BA3742C8D7-" ALIGN="Block" LEFT="0." RIGHT="0." FIRSTLINE="-14." LINESPACE="11.35000038"/>
<ParagraphStyle ID="StyleId-9CE98075-0B04-43D4-88D8-CE3BAB51B419-" ALIGN="Block" LEFT="0." RIGHT="0." FIRSTLINE="-10." LINESPACE="12.19999981"/>
<ParagraphStyle ID="StyleId-B2CFB7B3-DFFA-4E0E-94D6-C2BCE88DA9A9-" ALIGN="Left" LEFT="0." RIGHT="0." FIRSTLINE="0." LINESPACE="12.5"/>
<ParagraphStyle ID="StyleId-8D3352F3-1084-4DDE-A35D-B97102CCE686-" ALIGN="Left" LEFT="0." RIGHT="0." FIRSTLINE="0." LINESPACE="11.60000038"/>
<ParagraphStyle ID="StyleId-4A8DDA0D-166D-4E22-A597-BA51B892602D-" ALIGN="Block" LEFT="0." RIGHT="0." FIRSTLINE="0." LINESPACE="11.21000004"/>
<ParagraphStyle ID="StyleId-90EA4001-AA3C-45A1-AEDC-D1E1169EE5E5-" ALIGN="Block" LEFT="0." RIGHT="0." FIRSTLINE="13." LINESPACE="12.19999981"/>
</Styles>
<Layout>
<Page ID="Page325" PHYSICAL_IMG_NR="325" HEIGHT="4370" WIDTH="2505">
<TopMargin HEIGHT="388" WIDTH="2505" VPOS="0" HPOS="0">
</TopMargin>
<LeftMargin HEIGHT="3582" WIDTH="82" VPOS="388" HPOS="0">
</LeftMargin>
<RightMargin HEIGHT="3582" WIDTH="373" VPOS="388" HPOS="2132">
</RightMargin>
<BottomMargin HEIGHT="400" WIDTH="2505" VPOS="3970" HPOS="0">
<TextBlock ID="Page325_Block1" HEIGHT="70" WIDTH="122" VPOS="4006" HPOS="1062" LANG="en-US" STYLEREFS="StyleId-7227BDFD-60F5-4F88-A8E1-308052E3ACFF-">
<TextLine HEIGHT="50" WIDTH="102" VPOS="4016" HPOS="1072">
<String CONTENT="325" HEIGHT="50" WIDTH="102" VPOS="4016" HPOS="1072"/>
</TextLine>
</TextBlock>
</BottomMargin>
<PrintSpace HEIGHT="3582" WIDTH="2050" VPOS="388" HPOS="82">
<TextBlock ID="Page325_Block2" HEIGHT="3582" WIDTH="2050" VPOS="388" HPOS="82" CS="1" STYLEREFS="StyleId-ECA48CA2-2D88-4B61-8BC4-A3936A20EBC6-">
<TextLine HEIGHT="72" WIDTH="1257" VPOS="399" HPOS="96" LANG="en-US">
<String CONTENT="Gann," HEIGHT="64" WIDTH="187" VPOS="407" HPOS="96"/>
<SP HEIGHT="64" WIDTH="26" VPOS="407" HPOS="284"/>
<String CONTENT="Thomas" HEIGHT="52" WIDTH="259" VPOS="406" HPOS="311"/>
<SP HEIGHT="52" WIDTH="27" VPOS="406" HPOS="571"/>
<String CONTENT="William" HEIGHT="56" WIDTH="254" VPOS="402" HPOS="599"/>
<SP HEIGHT="52" WIDTH="30" VPOS="404" HPOS="854"/>
<String CONTENT="Francis," HEIGHT="67" WIDTH="263" VPOS="399" HPOS="885"/>
<SP HEIGHT="59" WIDTH="32" VPOS="407" HPOS="1149"/>
<String CONTENT="1867-" HEIGHT="53" WIDTH="171" VPOS="402" HPOS="1182"/>
</TextLine>
<TextLine HEIGHT="74" WIDTH="1935" VPOS="473" HPOS="159" LANG="en-US">
<String CONTENT="The" HEIGHT="54" WIDTH="122" VPOS="482" HPOS="159"/>
<SP HEIGHT="56" WIDTH="43" VPOS="480" HPOS="282"/>
<String CONTENT="history" HEIGHT="67" WIDTH="220" VPOS="480" HPOS="326"/>
<SP HEIGHT="50" WIDTH="48" VPOS="497" HPOS="547"/>
<String CONTENT="of" HEIGHT="52" WIDTH="62" VPOS="479" HPOS="596"/>
<SP HEIGHT="53" WIDTH="46" VPOS="479" HPOS="659"/>
<String CONTENT="the" HEIGHT="53" WIDTH="94" VPOS="479" HPOS="706"/>
<SP HEIGHT="52" WIDTH="43" VPOS="481" HPOS="801"/>
<String CONTENT="Maya" HEIGHT="66" WIDTH="175" VPOS="481" HPOS="845"/>
<SP HEIGHT="53" WIDTH="45" VPOS="476" HPOS="1021"/>
<String CONTENT="from" HEIGHT="54" WIDTH="152" VPOS="476" HPOS="1067"/>
<SP HEIGHT="48" WIDTH="45" VPOS="482" HPOS="1220"/>
<String CONTENT="the" HEIGHT="55" WIDTH="95" VPOS="475" HPOS="1266"/>
<SP HEIGHT="34" WIDTH="46" VPOS="493" HPOS="1362"/>
<String CONTENT="earliest" HEIGHT="52" WIDTH="223" VPOS="475" HPOS="1409"/>
<SP HEIGHT="47" WIDTH="48" VPOS="479" HPOS="1633"/>
<String CONTENT="times" HEIGHT="53" WIDTH="162" VPOS="473" HPOS="1682"/>
<SP HEIGHT="47" WIDTH="46" VPOS="478" HPOS="1845"/>
<String CONTENT="to" HEIGHT="47" WIDTH="58" VPOS="478" HPOS="1892"/>
<SP HEIGHT="48" WIDTH="48" VPOS="477" HPOS="1951"/>
<String CONTENT="the" HEIGHT="52" WIDTH="94" VPOS="473" HPOS="2000"/>
</TextLine>
<TextLine HEIGHT="78" WIDTH="1940" VPOS="550" HPOS="92" LANG="en-US" CS="1">
<String CONTENT="present" HEIGHT="64" WIDTH="224" VPOS="564" HPOS="92"/>
<SP HEIGHT="55" WIDTH="35" VPOS="557" HPOS="317"/>
<String CONTENT="day," HEIGHT="69" WIDTH="130" VPOS="557" HPOS="353"/>
<SP HEIGHT="67" WIDTH="39" VPOS="556" HPOS="484"/>
<String CONTENT="by" HEIGHT="72" WIDTH="74" VPOS="556" HPOS="524"/>
<SP HEIGHT="72" WIDTH="35" VPOS="556" HPOS="599"/>
<String CONTENT="Thomas" HEIGHT="54" WIDTH="250" VPOS="555" HPOS="635"/>
<SP HEIGHT="55" WIDTH="37" VPOS="554" HPOS="886"/>
<String CONTENT="Gann" HEIGHT="55" WIDTH="168" VPOS="554" HPOS="924"/>
<SP HEIGHT="35" WIDTH="42" VPOS="575" HPOS="1093"/>
<String CS="1" CONTENT="&#8230;"/>
<SP HEIGHT="36" WIDTH="40" VPOS="573" HPOS="1195"/>
<String CONTENT="and" HEIGHT="55" WIDTH="114" VPOS="552" HPOS="1236"/>
<SP HEIGHT="56" WIDTH="36" VPOS="552" HPOS="1351"/>
<String CONTENT="J." HEIGHT="56" WIDTH="56" VPOS="552" HPOS="1388"/>
<SP HEIGHT="55" WIDTH="37" VPOS="552" HPOS="1445"/>
<String CONTENT="Eric" HEIGHT="54" WIDTH="136" VPOS="551" HPOS="1483"/>
<SP HEIGHT="53" WIDTH="38" VPOS="552" HPOS="1620"/>
<String CONTENT="Thompson" HEIGHT="69" WIDTH="323" VPOS="550" HPOS="1659"/>
<SP HEIGHT="37" WIDTH="49" VPOS="568" HPOS="1983"/>
<String CS="1" CONTENT="&#8230;"/>
</TextLine>
<TextLine HEIGHT="72" WIDTH="1200" VPOS="633" HPOS="93" LANG="en-US">
<String CONTENT="New" HEIGHT="56" WIDTH="135" VPOS="636" HPOS="93"/>
<SP HEIGHT="54" WIDTH="43" VPOS="636" HPOS="229"/>
<String CONTENT="York," HEIGHT="71" WIDTH="179" VPOS="634" HPOS="273"/>
<SP HEIGHT="71" WIDTH="40" VPOS="634" HPOS="453"/>
<String CONTENT="C." HEIGHT="55" WIDTH="61" VPOS="634" HPOS="494"/>
<SP HEIGHT="55" WIDTH="41" VPOS="634" HPOS="556"/>
<String CONTENT="Scribner&#8217;s" HEIGHT="56" WIDTH="311" VPOS="633" HPOS="598"/>
<SP HEIGHT="36" WIDTH="41" VPOS="650" HPOS="910"/>
<String CONTENT="sons," HEIGHT="51" WIDTH="145" VPOS="650" HPOS="952"/>
<SP HEIGHT="65" WIDTH="41" VPOS="636" HPOS="1098"/>
<String CONTENT="1931." HEIGHT="53" WIDTH="153" VPOS="634" HPOS="1140"/>
</TextLine>
<TextLine HEIGHT="52" WIDTH="1121" VPOS="714" HPOS="199" STYLEREFS="StyleId-5FB59588-6212-4121-BCF3-1A32A76CB8F2-" LANG="en-US" CS="1">
<String CS="1" CONTENT="x," HEIGHT="16" WIDTH="9" VPOS="750" HPOS="199"/>
<SP HEIGHT="46" WIDTH="27" VPOS="720" HPOS="209"/>
<String CONTENT="264" HEIGHT="40" WIDTH="86" VPOS="719" HPOS="237"/>
<SP HEIGHT="45" WIDTH="26" VPOS="720" HPOS="324"/>
<String CONTENT="p." HEIGHT="37" WIDTH="44" VPOS="728" HPOS="351"/>
<SP HEIGHT="43" WIDTH="31" VPOS="717" HPOS="396"/>
<String CONTENT="incl." HEIGHT="42" WIDTH="107" VPOS="717" HPOS="428"/>
<SP HEIGHT="41" WIDTH="29" VPOS="717" HPOS="536"/>
<String CONTENT="illus.," HEIGHT="48" WIDTH="141" VPOS="717" HPOS="566"/>
<SP HEIGHT="38" WIDTH="27" VPOS="727" HPOS="708"/>
<String CS="1" CONTENT="plates." HEIGHT="48" WIDTH="158" VPOS="717" HPOS="736"/>
<SP HEIGHT="42" WIDTH="58" VPOS="715" HPOS="906"/>
<String CONTENT="front." HEIGHT="41" WIDTH="147" VPOS="715" HPOS="965"/>
<SP HEIGHT="40" WIDTH="59" VPOS="715" HPOS="1113"/>
<String CS="1" CONTENT="20&#189;" HEIGHT="41" WIDTH="59" VPOS="714" HPOS="1173"/>
<String STYLE="superscript" CS="1" CONTENT="&#7580;&#7504;"/>
<String CONTENT="." HEIGHT="8" WIDTH="8" VPOS="747" HPOS="1312"/>
</TextLine>
<TextLine HEIGHT="50" WIDTH="705" VPOS="785" HPOS="163" STYLEREFS="StyleId-5FB59588-6212-4121-BCF3-1A32A76CB8F2-" LANG="en-US">
<String CONTENT="Bibliography:" HEIGHT="49" WIDTH="375" VPOS="786" HPOS="163"/>
<SP HEIGHT="38" WIDTH="34" VPOS="796" HPOS="539"/>
<String CONTENT="p." HEIGHT="38" WIDTH="43" VPOS="796" HPOS="574"/>
<SP HEIGHT="39" WIDTH="30" VPOS="788" HPOS="618"/>
<String CONTENT="255-257." HEIGHT="43" WIDTH="219" VPOS="785" HPOS="649"/>
</TextLine>
<TextLine HEIGHT="56" WIDTH="1999" VPOS="852" HPOS="101" STYLEREFS="StyleId-5FB59588-6212-4121-BCF3-1A32A76CB8F2-" LANG="en-US" CS="1">
<String CONTENT="&#169;" HEIGHT="52" WIDTH="51" VPOS="856" HPOS="101"/>
<SP HEIGHT="52" WIDTH="35" VPOS="856" HPOS="153"/>
<String CONTENT="Feb." HEIGHT="41" WIDTH="109" VPOS="860" HPOS="189"/>
<SP HEIGHT="42" WIDTH="34" VPOS="859" HPOS="299"/>
<String CONTENT="6," HEIGHT="47" WIDTH="39" VPOS="859" HPOS="334"/>
<SP HEIGHT="46" WIDTH="33" VPOS="860" HPOS="374"/>
<String CONTENT="1931;" HEIGHT="47" WIDTH="141" VPOS="857" HPOS="408"/>
<SP HEIGHT="46" WIDTH="35" VPOS="858" HPOS="550"/>
<String CONTENT="2c." HEIGHT="39" WIDTH="67" VPOS="858" HPOS="586"/>
<SP HEIGHT="38" WIDTH="35" VPOS="859" HPOS="654"/>
<String CONTENT="Mar." HEIGHT="40" WIDTH="121" VPOS="859" HPOS="690"/>
<SP HEIGHT="41" WIDTH="34" VPOS="858" HPOS="812"/>
<String CS="1" CONTENT="7;" HEIGHT="39" WIDTH="26" VPOS="858" HPOS="847"/>
<SP HEIGHT="30" WIDTH="38" VPOS="868" HPOS="899"/>
<String CONTENT="aff." HEIGHT="39" WIDTH="81" VPOS="857" HPOS="938"/>
<SP HEIGHT="39" WIDTH="37" VPOS="857" HPOS="1020"/>
<String CONTENT="Mar." HEIGHT="38" WIDTH="118" VPOS="857" HPOS="1058"/>
<SP HEIGHT="40" WIDTH="36" VPOS="855" HPOS="1177"/>
<String CONTENT="6;" HEIGHT="47" WIDTH="54" VPOS="855" HPOS="1214"/>
<SP HEIGHT="47" WIDTH="36" VPOS="855" HPOS="1269"/>
<!-- cceid E1498347-6E8D-1014-9CF5-AEB3FCA41D69 --><String CONTENT="A" HEIGHT="38" WIDTH="41" VPOS="855" HPOS="1306"/>
<SP HEIGHT="40" WIDTH="33" VPOS="854" HPOS="1348"/>
<String CS="1" CONTENT="34696;" HEIGHT="40" WIDTH="144" VPOS="854" HPOS="1382"/>
<SP HEIGHT="42" WIDTH="39" VPOS="854" HPOS="1554"/>
<String CONTENT="Charles" HEIGHT="41" WIDTH="202" VPOS="854" HPOS="1594"/>
<SP HEIGHT="40" WIDTH="37" VPOS="854" HPOS="1797"/>
<String CONTENT="Scribner's" HEIGHT="42" WIDTH="265" VPOS="852" HPOS="1835"/>
</TextLine>
<TextLine HEIGHT="48" WIDTH="446" VPOS="915" HPOS="171" STYLEREFS="StyleId-5FB59588-6212-4121-BCF3-1A32A76CB8F2-" LANG="en-US">
<String CONTENT="sons." HEIGHT="29" WIDTH="124" VPOS="927" HPOS="171"/>
<SP HEIGHT="47" WIDTH="70" VPOS="916" HPOS="296"/>
<String CONTENT="(31-6481)" HEIGHT="48" WIDTH="250" VPOS="915" HPOS="367"/>
</TextLine>
<TextLine HEIGHT="65" WIDTH="507" VPOS="1008" HPOS="98" LANG="en-US">
<String CONTENT="Gerard," HEIGHT="63" WIDTH="244" VPOS="1010" HPOS="98"/>
<SP HEIGHT="64" WIDTH="27" VPOS="1009" HPOS="343"/>
<String CONTENT="Louise." HEIGHT="56" WIDTH="234" VPOS="1008" HPOS="371"/>
</TextLine>
<TextLine HEIGHT="152" WIDTH="1981" VPOS="1081" HPOS="96" LANG="en-US" CS="1">
<String CS="1" CONTENT="&#8230;"/>
<SP HEIGHT="53" WIDTH="29" VPOS="1086" HPOS="229"/>
<String CONTENT="The" HEIGHT="54" WIDTH="122" VPOS="1084" HPOS="259"/>
<SP HEIGHT="34" WIDTH="22" VPOS="1104" HPOS="382"/>
<String CONTENT="strange" HEIGHT="63" WIDTH="231" VPOS="1090" HPOS="405"/>
<SP HEIGHT="50" WIDTH="23" VPOS="1102" HPOS="637"/>
<String CONTENT="young" HEIGHT="51" WIDTH="194" VPOS="1102" HPOS="661"/>
<SP HEIGHT="51" WIDTH="22" VPOS="1102" HPOS="856"/>
<String CONTENT="man." HEIGHT="34" WIDTH="148" VPOS="1102" HPOS="879"/>
<SP HEIGHT="53" WIDTH="74" VPOS="1083" HPOS="1028"/>
<String CONTENT="New" HEIGHT="53" WIDTH="137" VPOS="1083" HPOS="1103"/>
<SP HEIGHT="52" WIDTH="27" VPOS="1082" HPOS="1241"/>
<String CONTENT="York," HEIGHT="68" WIDTH="180" VPOS="1081" HPOS="1269"/>
<SP HEIGHT="67" WIDTH="25" VPOS="1082" HPOS="1450"/>
<String CONTENT="The" HEIGHT="52" WIDTH="121" VPOS="1082" HPOS="1476"/>
<SP HEIGHT="52" WIDTH="24" VPOS="1081" HPOS="1598"/>
<String CONTENT="Macaulay" HEIGHT="68" WIDTH="305" VPOS="1081" HPOS="1623"/>
<SP HEIGHT="50" WIDTH="25" VPOS="1099" HPOS="1929"/>
<String CONTENT="company" HEIGHT="134" WIDTH="1981" VPOS="1099" HPOS="96"/>
<SP HEIGHT="53" WIDTH="36" VPOS="1180" HPOS="253"/>
<String CS="1" CONTENT="["/>
<String STYLE="superscript" CS="1" CONTENT="&#7580;1"/>
<String CONTENT="931]" HEIGHT="64" WIDTH="120" VPOS="1165" HPOS="365"/>
</TextLine>
<TextLine HEIGHT="51" WIDTH="366" VPOS="1243" HPOS="167" STYLEREFS="StyleId-5FB59588-6212-4121-BCF3-1A32A76CB8F2-" LANG="en-US" CS="1">
<String CONTENT="285" HEIGHT="41" WIDTH="88" VPOS="1245" HPOS="167"/>
<SP HEIGHT="49" WIDTH="25" VPOS="1245" HPOS="256"/>
<String CONTENT="p." HEIGHT="38" WIDTH="44" VPOS="1256" HPOS="282"/>
<SP HEIGHT="41" WIDTH="57" VPOS="1246" HPOS="327"/>
<String CS="1" CONTENT="19&#189;&#7580;&#7504;." HEIGHT="42" WIDTH="148" VPOS="1243" HPOS="385"/>
</TextLine>
<TextLine HEIGHT="48" WIDTH="991" VPOS="1313" HPOS="169" STYLEREFS="StyleId-5FB59588-6212-4121-BCF3-1A32A76CB8F2-" LANG="en-US" CS="1">
<String CONTENT="At" HEIGHT="40" WIDTH="65" VPOS="1316" HPOS="169"/>
<SP HEIGHT="41" WIDTH="21" VPOS="1315" HPOS="235"/>
<String CONTENT="head" HEIGHT="40" WIDTH="125" VPOS="1315" HPOS="257"/>
<SP HEIGHT="39" WIDTH="23" VPOS="1316" HPOS="383"/>
<String CONTENT="of" HEIGHT="41" WIDTH="53" VPOS="1314" HPOS="407"/>
<SP HEIGHT="40" WIDTH="21" VPOS="1314" HPOS="461"/>
<String CONTENT="title:" HEIGHT="40" WIDTH="136" VPOS="1314" HPOS="483"/>
<SP HEIGHT="39" WIDTH="27" VPOS="1314" HPOS="620"/>
<String CONTENT="By" HEIGHT="47" WIDTH="74" VPOS="1314" HPOS="648"/>
<SP HEIGHT="48" WIDTH="22" VPOS="1313" HPOS="723"/>
<String CONTENT="Louise" HEIGHT="41" WIDTH="176" VPOS="1313" HPOS="746"/>
<SP HEIGHT="41" WIDTH="23" VPOS="1313" HPOS="923"/>
<String CONTENT="Gerard" HEIGHT="41" WIDTH="186" VPOS="1313" HPOS="947"/>
<SP HEIGHT="40" WIDTH="26" VPOS="1313" HPOS="1134"/>
<String CS="1" CONTENT="&#8230;"/>
</TextLine>
<TextLine HEIGHT="54" WIDTH="1999" VPOS="1381" HPOS="105" STYLEREFS="StyleId-5FB59588-6212-4121-BCF3-1A32A76CB8F2-" LANG="en-US" CS="1">
<String CONTENT="&#169;" HEIGHT="52" WIDTH="51" VPOS="1383" HPOS="105"/>
<SP HEIGHT="52" WIDTH="29" VPOS="1383" HPOS="157"/>
<String CONTENT="Jan." HEIGHT="40" WIDTH="109" VPOS="1388" HPOS="187"/>
<SP HEIGHT="42" WIDTH="27" VPOS="1386" HPOS="297"/>
<String CONTENT="27," HEIGHT="47" WIDTH="70" VPOS="1386" HPOS="325"/>
<SP HEIGHT="45" WIDTH="30" VPOS="1388" HPOS="396"/>
<String CS="1" CONTENT="1931;" HEIGHT="41" WIDTH="112" VPOS="1385" HPOS="427"/>
<SP HEIGHT="46" WIDTH="31" VPOS="1386" HPOS="568"/>
<String CONTENT="2c." HEIGHT="39" WIDTH="65" VPOS="1386" HPOS="600"/>
<SP HEIGHT="39" WIDTH="32" VPOS="1386" HPOS="666"/>
<String CONTENT="Feb." HEIGHT="40" WIDTH="110" VPOS="1386" HPOS="699"/>
<SP HEIGHT="39" WIDTH="30" VPOS="1387" HPOS="810"/>
<String CS="1" CONTENT="6;" HEIGHT="37" WIDTH="27" VPOS="1387" HPOS="841"/>
<SP HEIGHT="30" WIDTH="32" VPOS="1396" HPOS="893"/>
<String CONTENT="aff." HEIGHT="41" WIDTH="81" VPOS="1384" HPOS="926"/>
<SP HEIGHT="40" WIDTH="31" VPOS="1385" HPOS="1008"/>
<String CONTENT="Feb." HEIGHT="38" WIDTH="109" VPOS="1385" HPOS="1040"/>
<SP HEIGHT="40" WIDTH="30" VPOS="1383" HPOS="1150"/>
<String CS="1" CONTENT="28;" HEIGHT="41" WIDTH="56" VPOS="1383" HPOS="1181"/>
<SP HEIGHT="40" WIDTH="32" VPOS="1384" HPOS="1265"/>
<!-- cceid E14A3FE8-6E8D-1014-9CF5-AEB3FCA41D69 --><String CONTENT="A" HEIGHT="38" WIDTH="39" VPOS="1384" HPOS="1298"/>
<SP HEIGHT="40" WIDTH="30" VPOS="1383" HPOS="1338"/>
<String CS="1" CONTENT="35225;" HEIGHT="42" WIDTH="143" VPOS="1381" HPOS="1369"/>
<SP HEIGHT="47" WIDTH="33" VPOS="1383" HPOS="1541"/>
<String CONTENT="L." HEIGHT="40" WIDTH="50" VPOS="1383" HPOS="1575"/>
<SP HEIGHT="41" WIDTH="32" VPOS="1382" HPOS="1626"/>
<String CONTENT="Gerard," HEIGHT="48" WIDTH="200" VPOS="1382" HPOS="1659"/>
<SP HEIGHT="47" WIDTH="31" VPOS="1383" HPOS="1860"/>
<String CONTENT="London." HEIGHT="40" WIDTH="212" VPOS="1383" HPOS="1892"/>
</TextLine>
<TextLine HEIGHT="49" WIDTH="251" VPOS="1442" HPOS="182" STYLEREFS="StyleId-5FB59588-6212-4121-BCF3-1A32A76CB8F2-" LANG="en-US">
<String CONTENT="(31-6489)" HEIGHT="49" WIDTH="251" VPOS="1442" HPOS="182"/>
</TextLine>
<TextLine HEIGHT="64" WIDTH="519" VPOS="1537" HPOS="103" LANG="en-US">
<String CONTENT="Giese," HEIGHT="63" WIDTH="190" VPOS="1538" HPOS="103"/>
<SP HEIGHT="63" WIDTH="30" VPOS="1538" HPOS="294"/>
<String CONTENT="Fritz," HEIGHT="64" WIDTH="182" VPOS="1537" HPOS="325"/>
<SP HEIGHT="44" WIDTH="30" VPOS="1557" HPOS="508"/>
<String CONTENT="ed." HEIGHT="52" WIDTH="83" VPOS="1540" HPOS="539"/>
</TextLine>
<TextLine HEIGHT="66" WIDTH="1600" VPOS="1613" HPOS="233" CS="1">
<String LANG="en-US" CS="1" CONTENT="&#8230;"/>
<SP HEIGHT="51" WIDTH="41" VPOS="1616" HPOS="233"/>
<String LANG="de" CONTENT="Handw&#246;rterbuch" HEIGHT="52" WIDTH="538" VPOS="1616" HPOS="275"/>
<SP HEIGHT="51" WIDTH="37" VPOS="1617" HPOS="814"/>
<String LANG="de" CONTENT="der" HEIGHT="51" WIDTH="100" VPOS="1617" HPOS="852"/>
<SP HEIGHT="33" WIDTH="37" VPOS="1634" HPOS="953"/>
<String LANG="en-US" CONTENT="arbeitswissenschaft;" HEIGHT="66" WIDTH="636" VPOS="1613" HPOS="991"/>
<SP HEIGHT="46" WIDTH="39" VPOS="1633" HPOS="1628"/>
<String LANG="de" CONTENT="unter" HEIGHT="46" WIDTH="165" VPOS="1620" HPOS="1668"/>
</TextLine>
<TextLine HEIGHT="151" WIDTH="2008" VPOS="1613" HPOS="102" CS="1">
<String LANG="de" CONTENT="mitwir" HEIGHT="52" WIDTH="214" VPOS="1613" HPOS="1869"/>
<String LANG="en-US" CONTENT="kung" HEIGHT="69" WIDTH="157" VPOS="1695" HPOS="102"/>
<SP HEIGHT="50" WIDTH="37" VPOS="1714" HPOS="260"/>
<String LANG="en-US" CONTENT="von" HEIGHT="34" WIDTH="110" VPOS="1713" HPOS="298"/>
<SP HEIGHT="50" WIDTH="42" VPOS="1696" HPOS="409"/>
<String LANG="en-US" CONTENT="280" HEIGHT="50" WIDTH="101" VPOS="1696" HPOS="452"/>
<SP HEIGHT="53" WIDTH="41" VPOS="1693" HPOS="554"/>
<String LANG="en-US" CONTENT="fachleuten" HEIGHT="53" WIDTH="325" VPOS="1693" HPOS="596"/>
<SP HEIGHT="52" WIDTH="40" VPOS="1694" HPOS="922"/>
<String LANG="de" CONTENT="des" HEIGHT="52" WIDTH="96" VPOS="1694" HPOS="963"/>
<SP HEIGHT="54" WIDTH="40" VPOS="1692" HPOS="1060"/>
<String LANG="en-US" CONTENT="in-" HEIGHT="53" WIDTH="82" VPOS="1692" HPOS="1101"/>
<SP HEIGHT="32" WIDTH="42" VPOS="1712" HPOS="1184"/>
<String LANG="de" CONTENT="und" HEIGHT="52" WIDTH="117" VPOS="1693" HPOS="1227"/>
<SP HEIGHT="52" WIDTH="41" VPOS="1693" HPOS="1345"/>
<String LANG="en-US" CONTENT="auslandes." HEIGHT="54" WIDTH="315" VPOS="1692" HPOS="1387"/>
<SP HEIGHT="52" WIDTH="73" VPOS="1692" HPOS="1703"/>
<String LANG="de" CS="1" CONTENT="Hrsg." HEIGHT="68" WIDTH="161" VPOS="1692" HPOS="1777"/>
<SP HEIGHT="32" WIDTH="44" VPOS="1712" HPOS="1955"/>
<String LANG="en-US" CONTENT="von" HEIGHT="33" WIDTH="110" VPOS="1711" HPOS="2000"/>
</TextLine>
<TextLine HEIGHT="148" WIDTH="1981" VPOS="1770" HPOS="103" CS="1">
<String LANG="en-US" CONTENT="prof." HEIGHT="68" WIDTH="153" VPOS="1773" HPOS="103"/>
<SP HEIGHT="52" WIDTH="40" VPOS="1773" HPOS="257"/>
<String LANG="en-US" CONTENT="dr." HEIGHT="52" WIDTH="83" VPOS="1773" HPOS="298"/>
<SP HEIGHT="49" WIDTH="41" VPOS="1773" HPOS="382"/>
<String LANG="en-US" CONTENT="Fritz" HEIGHT="52" WIDTH="161" VPOS="1772" HPOS="424"/>
<SP HEIGHT="55" WIDTH="40" VPOS="1771" HPOS="586"/>
<String LANG="en-US" CONTENT="Giese." HEIGHT="55" WIDTH="180" VPOS="1771" HPOS="627"/>
<SP HEIGHT="47" WIDTH="78" VPOS="1775" HPOS="808"/>
<String LANG="en-US" CONTENT="16." HEIGHT="49" WIDTH="78" VPOS="1775" HPOS="887"/>
<SP HEIGHT="50" WIDTH="40" VPOS="1772" HPOS="966"/>
<String LANG="en-US" CONTENT="lfg." HEIGHT="69" WIDTH="108" VPOS="1770" HPOS="1007"/>
<SP HEIGHT="33" WIDTH="19" VPOS="1789" HPOS="1116"/>
<String LANG="en-US" CONTENT=":" HEIGHT="32" WIDTH="10" VPOS="1789" HPOS="1136"/>
<SP HEIGHT="55" WIDTH="49" VPOS="1778" HPOS="1147"/>
<String LANG="en-US" CONTENT="(Schluss-lieferung)" HEIGHT="69" WIDTH="605" VPOS="1770" HPOS="1197"/>
<SP HEIGHT="68" WIDTH="50" VPOS="1771" HPOS="1803"/>
<String LANG="de" CONTENT="W&#228;rmewirtschaft-Zyklische" HEIGHT="147" WIDTH="1981" VPOS="1771" HPOS="103"/>
</TextLine>
<TextLine HEIGHT="146" WIDTH="1982" VPOS="1849" HPOS="102" LANG="de" CS="1">
<String CS="1" CONTENT="verbindungen." HEIGHT="68" WIDTH="407" VPOS="1849" HPOS="852"/>
<SP HEIGHT="51" WIDTH="76" VPOS="1849" HPOS="1260"/>
<String CONTENT="Nachtrag" HEIGHT="67" WIDTH="296" VPOS="1849" HPOS="1337"/>
<SP HEIGHT="49" WIDTH="44" VPOS="1867" HPOS="1634"/>
<String CONTENT="und" HEIGHT="52" WIDTH="118" VPOS="1850" HPOS="1679"/>
<SP HEIGHT="52" WIDTH="44" VPOS="1850" HPOS="1798"/>
<String CONTENT="berichtigungen." HEIGHT="146" WIDTH="1982" VPOS="1849" HPOS="102"/>
<SP HEIGHT="51" WIDTH="57" VPOS="1928" HPOS="347"/>
<String CONTENT="Halle" HEIGHT="53" WIDTH="175" VPOS="1927" HPOS="405"/>
<SP HEIGHT="35" WIDTH="20" VPOS="1945" HPOS="581"/>
<String CONTENT="a./S.," HEIGHT="67" WIDTH="166" VPOS="1925" HPOS="602"/>
<SP HEIGHT="65" WIDTH="22" VPOS="1926" HPOS="769"/>
<String CONTENT="Carl" HEIGHT="54" WIDTH="135" VPOS="1926" HPOS="792"/>
<SP HEIGHT="52" WIDTH="20" VPOS="1926" HPOS="928"/>
<String CONTENT="Marhold" HEIGHT="52" WIDTH="269" VPOS="1926" HPOS="949"/>
</TextLine>
<TextLine HEIGHT="67" WIDTH="828" VPOS="1927" HPOS="1280" LANG="de" CS="1">
<String CS="1" CONTENT="verlagsbuchhandlung," HEIGHT="67" WIDTH="655" VPOS="1927" HPOS="1280"/>
<SP HEIGHT="48" WIDTH="24" VPOS="1932" HPOS="1936"/>
<String CONTENT="1930." HEIGHT="49" WIDTH="147" VPOS="1928" HPOS="1961"/>
</TextLine>
<TextLine HEIGHT="49" WIDTH="1422" VPOS="2006" HPOS="177" STYLEREFS="StyleId-5FB59588-6212-4121-BCF3-1A32A76CB8F2-" CS="1">
<String LANG="en-US" CONTENT="cover-title," HEIGHT="47" WIDTH="283" VPOS="2008" HPOS="177"/>
<SP HEIGHT="36" WIDTH="28" VPOS="2019" HPOS="461"/>
<String LANG="de" CONTENT="xiv" HEIGHT="40" WIDTH="83" VPOS="2007" HPOS="490"/>
<SP HEIGHT="37" WIDTH="27" VPOS="2018" HPOS="574"/>
<String LANG="fr" CONTENT="p.," HEIGHT="37" WIDTH="56" VPOS="2018" HPOS="602"/>
<SP HEIGHT="41" WIDTH="31" VPOS="2009" HPOS="659"/>
<String LANG="de" CONTENT="1" HEIGHT="37" WIDTH="23" VPOS="2009" HPOS="691"/>
<SP/>
<String LANG="de" CS="1" CONTENT="l.,"/>
<SP/>
<String LANG="de" CONTENT="4801-5232" HEIGHT="42" WIDTH="262" VPOS="2006" HPOS="820"/>
<SP HEIGHT="40" WIDTH="29" VPOS="2006" HPOS="1083"/>
<String LANG="en-US" CONTENT="numb." HEIGHT="40" WIDTH="161" VPOS="2008" HPOS="1113"/>
<SP HEIGHT="30" WIDTH="31" VPOS="2018" HPOS="1275"/>
<String LANG="fr" CONTENT="col." HEIGHT="39" WIDTH="84" VPOS="2008" HPOS="1307"/>
<SP HEIGHT="41" WIDTH="60" VPOS="2006" HPOS="1392"/>
<String LANG="de" CONTENT="25" HEIGHT="41" WIDTH="56" VPOS="2006" HPOS="1453"/>
<String LANG="en-US" CS="1" CONTENT="&#189;"/>
<String STYLE="superscript" LANG="de" CS="1" CONTENT="&#7580;&#7504;"/>
<String LANG="de" CONTENT="." HEIGHT="7" WIDTH="7" VPOS="2040" HPOS="1592"/>
</TextLine>
<TextLine HEIGHT="53" WIDTH="1861" VPOS="2073" HPOS="109" STYLEREFS="StyleId-5FB59588-6212-4121-BCF3-1A32A76CB8F2-" CS="1">
<String LANG="de" CONTENT="&#169;" HEIGHT="53" WIDTH="51" VPOS="2073" HPOS="109"/>
<SP HEIGHT="53" WIDTH="35" VPOS="2073" HPOS="161"/>
<String LANG="en-US" CONTENT="Aug." HEIGHT="48" WIDTH="121" VPOS="2078" HPOS="197"/>
<SP HEIGHT="40" WIDTH="34" VPOS="2079" HPOS="319"/>
<String LANG="de" CONTENT="13," HEIGHT="46" WIDTH="70" VPOS="2078" HPOS="354"/>
<SP HEIGHT="45" WIDTH="35" VPOS="2079" HPOS="425"/>
<String LANG="de" CONTENT="1930;" HEIGHT="43" WIDTH="140" VPOS="2076" HPOS="461"/>
<SP/>
<String LANG="de" CS="1" CONTENT="1c."/>
<SP/>
<String LANG="fr" CONTENT="Sept." HEIGHT="48" WIDTH="127" VPOS="2077" HPOS="747"/>
<SP HEIGHT="40" WIDTH="36" VPOS="2077" HPOS="875"/>
<String LANG="fr" CONTENT="24;" HEIGHT="46" WIDTH="81" VPOS="2077" HPOS="912"/>
<SP HEIGHT="45" WIDTH="39" VPOS="2078" HPOS="994"/>
<!-- cceid E14AF883-6E8D-1014-9CF5-AEB3FCA41D69 --><String LANG="fr" CONTENT="A&#8212;" HEIGHT="38" WIDTH="101" VPOS="2078" HPOS="1034"/>
<String LANG="en-US" CONTENT="Foreign" HEIGHT="48" WIDTH="206" VPOS="2077" HPOS="1138"/>
<SP HEIGHT="38" WIDTH="35" VPOS="2078" HPOS="1345"/>
<String LANG="fr" CONTENT="10923;" HEIGHT="49" WIDTH="171" VPOS="2075" HPOS="1381"/>
<SP HEIGHT="47" WIDTH="40" VPOS="2077" HPOS="1553"/>
<String LANG="de" CONTENT="Carl" HEIGHT="40" WIDTH="114" VPOS="2077" HPOS="1594"/>
<SP HEIGHT="39" WIDTH="36" VPOS="2077" HPOS="1709"/>
<String LANG="fr" CONTENT="Marhold" HEIGHT="39" WIDTH="224" VPOS="2077" HPOS="1746"/>
</TextLine>
<TextLine HEIGHT="96" WIDTH="1914" VPOS="2086" HPOS="179" STYLEREFS="StyleId-5FB59588-6212-4121-BCF3-1A32A76CB8F2-" LANG="de" CS="1">
<String LANG="fr" CS="1" CONTENT="v"/>
<String CONTENT="erlagsbuchhandlung." HEIGHT="96" WIDTH="1914" VPOS="2086" HPOS="179"/>
</TextLine>
<TextLine HEIGHT="65" WIDTH="576" VPOS="2227" HPOS="107" LANG="fr" CS="1">
<String CS="1" CONTENT="Gilonne," HEIGHT="65" WIDTH="263" VPOS="2227" HPOS="107"/>
<SP HEIGHT="64" WIDTH="31" VPOS="2228" HPOS="371"/>
<String CONTENT="Georges." HEIGHT="64" WIDTH="280" VPOS="2228" HPOS="403"/>
</TextLine>
<TextLine HEIGHT="70" WIDTH="1937" VPOS="2303" HPOS="174" LANG="fr">
<String CONTENT="Dictionnaire" HEIGHT="55" WIDTH="398" VPOS="2303" HPOS="174"/>
<SP HEIGHT="49" WIDTH="23" VPOS="2323" HPOS="573"/>
<String CONTENT="pratique" HEIGHT="68" WIDTH="264" VPOS="2305" HPOS="597"/>
<SP HEIGHT="52" WIDTH="23" VPOS="2306" HPOS="862"/>
<String CONTENT="des" HEIGHT="52" WIDTH="95" VPOS="2306" HPOS="886"/>
<SP HEIGHT="46" WIDTH="22" VPOS="2312" HPOS="982"/>
<String CONTENT="tissus;" HEIGHT="66" WIDTH="198" VPOS="2306" HPOS="1005"/>
<SP HEIGHT="48" WIDTH="26" VPOS="2324" HPOS="1204"/>
<String CONTENT="sous" HEIGHT="34" WIDTH="129" VPOS="2324" HPOS="1231"/>
<SP HEIGHT="52" WIDTH="22" VPOS="2306" HPOS="1361"/>
<String CONTENT="la" HEIGHT="51" WIDTH="52" VPOS="2306" HPOS="1384"/>
<SP HEIGHT="52" WIDTH="26" VPOS="2306" HPOS="1437"/>
<String CONTENT="direction" HEIGHT="53" WIDTH="279" VPOS="2305" HPOS="1464"/>
<SP HEIGHT="53" WIDTH="23" VPOS="2305" HPOS="1744"/>
<String CONTENT="de" HEIGHT="53" WIDTH="67" VPOS="2305" HPOS="1768"/>
<SP HEIGHT="55" WIDTH="24" VPOS="2304" HPOS="1836"/>
<String CONTENT="Georges" HEIGHT="68" WIDTH="250" VPOS="2304" HPOS="1861"/>
</TextLine>
<TextLine HEIGHT="70" WIDTH="1862" VPOS="2381" HPOS="107" LANG="fr" CS="1">
<String CONTENT="Gilonne," HEIGHT="69" WIDTH="264" VPOS="2381" HPOS="107"/>
<SP HEIGHT="49" WIDTH="36" VPOS="2401" HPOS="372"/>
<String CONTENT="avec" HEIGHT="34" WIDTH="135" VPOS="2401" HPOS="409"/>
<SP HEIGHT="52" WIDTH="36" VPOS="2383" HPOS="545"/>
<String CONTENT="la" HEIGHT="52" WIDTH="56" VPOS="2383" HPOS="582"/>
<SP HEIGHT="34" WIDTH="39" VPOS="2401" HPOS="639"/>
<String CONTENT="collaboration" HEIGHT="53" WIDTH="410" VPOS="2382" HPOS="679"/>
<SP HEIGHT="53" WIDTH="37" VPOS="2383" HPOS="1090"/>
<String CONTENT="de" HEIGHT="53" WIDTH="68" VPOS="2383" HPOS="1128"/>
<SP HEIGHT="34" WIDTH="37" VPOS="2402" HPOS="1197"/>
<String CONTENT="mm." HEIGHT="33" WIDTH="132" VPOS="2402" HPOS="1235"/>
<SP HEIGHT="51" WIDTH="39" VPOS="2383" HPOS="1368"/>
<String CONTENT="Louis" HEIGHT="53" WIDTH="174" VPOS="2383" HPOS="1408"/>
<SP HEIGHT="52" WIDTH="39" VPOS="2384" HPOS="1583"/>
<String CONTENT="Bret," HEIGHT="67" WIDTH="157" VPOS="2384" HPOS="1623"/>
<SP HEIGHT="68" WIDTH="38" VPOS="2383" HPOS="1781"/>
<String CONTENT="Jean" HEIGHT="54" WIDTH="149" VPOS="2383" HPOS="1820"/>
</TextLine>
<TextLine HEIGHT="146" WIDTH="2005" VPOS="2382" HPOS="107" CS="1">
<String LANG="fr" CONTENT="Nicout," HEIGHT="145" WIDTH="1979" VPOS="2382" HPOS="107"/>
<SP HEIGHT="68" WIDTH="27" VPOS="2459" HPOS="253"/>
<String LANG="fr" CONTENT="Joanny" HEIGHT="69" WIDTH="234" VPOS="2459" HPOS="281"/>
<SP HEIGHT="68" WIDTH="23" VPOS="2460" HPOS="516"/>
<String LANG="de" CONTENT="Keck" HEIGHT="52" WIDTH="162" VPOS="2460" HPOS="540"/>
<SP HEIGHT="52" WIDTH="31" VPOS="2460" HPOS="703"/>
<String LANG="fr" CS="1" CONTENT="&#8230;"/>
<SP HEIGHT="33" WIDTH="30" VPOS="2479" HPOS="792"/>
<String LANG="fr" CONTENT="vu" HEIGHT="33" WIDTH="75" VPOS="2479" HPOS="823"/>
<SP HEIGHT="34" WIDTH="26" VPOS="2479" HPOS="899"/>
<String LANG="fr" CONTENT="et" HEIGHT="46" WIDTH="54" VPOS="2467" HPOS="926"/>
<SP HEIGHT="46" WIDTH="25" VPOS="2467" HPOS="981"/>
<String LANG="fr" CONTENT="cor." HEIGHT="34" WIDTH="109" VPOS="2479" HPOS="1007"/>
<SP HEIGHT="49" WIDTH="29" VPOS="2479" HPOS="1117"/>
<String LANG="fr" CONTENT="par" HEIGHT="49" WIDTH="107" VPOS="2479" HPOS="1147"/>
<SP HEIGHT="53" WIDTH="26" VPOS="2460" HPOS="1255"/>
<String LANG="fr" CONTENT="Henri" HEIGHT="53" WIDTH="186" VPOS="2460" HPOS="1282"/>
<SP HEIGHT="52" WIDTH="28" VPOS="2461" HPOS="1469"/>
<String LANG="en-US" CONTENT="Flinders" HEIGHT="54" WIDTH="268" VPOS="2460" HPOS="1498"/>
<SP HEIGHT="33" WIDTH="33" VPOS="2481" HPOS="1767"/>
<String LANG="fr" CS="1" CONTENT="&#8230;"/>
<SP HEIGHT="34" WIDTH="31" VPOS="2479" HPOS="1858"/>
<String LANG="fr" CONTENT="croquis" HEIGHT="68" WIDTH="222" VPOS="2460" HPOS="1890"/>
</TextLine>
<TextLine HEIGHT="71" WIDTH="2003" VPOS="2536" HPOS="110" LANG="fr" CS="1">
<String CONTENT="par" HEIGHT="49" WIDTH="103" VPOS="2555" HPOS="110"/>
<SP HEIGHT="55" WIDTH="32" VPOS="2536" HPOS="214"/>
<String CONTENT="Jean" HEIGHT="55" WIDTH="148" VPOS="2536" HPOS="247"/>
<SP HEIGHT="52" WIDTH="34" VPOS="2538" HPOS="396"/>
<String CONTENT="Pautet." HEIGHT="52" WIDTH="225" VPOS="2538" HPOS="431"/>
<SP HEIGHT="51" WIDTH="73" VPOS="2539" HPOS="657"/>
<String CONTENT="Pr&#233;face" HEIGHT="53" WIDTH="242" VPOS="2537" HPOS="731"/>
<SP HEIGHT="52" WIDTH="33" VPOS="2538" HPOS="974"/>
<String CONTENT="de" HEIGHT="52" WIDTH="68" VPOS="2538" HPOS="1008"/>
<SP HEIGHT="33" WIDTH="33" VPOS="2557" HPOS="1077"/>
<String CONTENT="m." HEIGHT="33" WIDTH="73" VPOS="2557" HPOS="1111"/>
<SP HEIGHT="53" WIDTH="34" VPOS="2537" HPOS="1185"/>
<String CONTENT="&#201;tienne" HEIGHT="53" WIDTH="240" VPOS="2537" HPOS="1220"/>
<SP HEIGHT="52" WIDTH="35" VPOS="2538" HPOS="1461"/>
<String CONTENT="Foug&#232;re" HEIGHT="69" WIDTH="258" VPOS="2538" HPOS="1497"/>
<SP HEIGHT="33" WIDTH="39" VPOS="2557" HPOS="1756"/>
<String CS="1" CONTENT="&#8230;"/>
<SP HEIGHT="51" WIDTH="76" VPOS="2539" HPOS="1854"/>
<String CONTENT="Lyon," HEIGHT="68" WIDTH="182" VPOS="2539" HPOS="1931"/>
</TextLine>
<TextLine HEIGHT="68" WIDTH="1189" VPOS="2613" HPOS="109" LANG="fr">
<String CONTENT="Imprimerie" HEIGHT="68" WIDTH="363" VPOS="2613" HPOS="109"/>
<SP HEIGHT="52" WIDTH="25" VPOS="2614" HPOS="473"/>
<String CONTENT="Bosc" HEIGHT="53" WIDTH="146" VPOS="2614" HPOS="499"/>
<SP HEIGHT="53" WIDTH="25" VPOS="2614" HPOS="646"/>
<String CONTENT="fr&#232;res" HEIGHT="55" WIDTH="178" VPOS="2614" HPOS="672"/>
<SP HEIGHT="51" WIDTH="26" VPOS="2618" HPOS="851"/>
<String CONTENT="&amp;" HEIGHT="50" WIDTH="46" VPOS="2618" HPOS="878"/>
<SP HEIGHT="52" WIDTH="22" VPOS="2616" HPOS="925"/>
<String CONTENT="Riou," HEIGHT="61" WIDTH="168" VPOS="2615" HPOS="948"/>
<SP HEIGHT="57" WIDTH="29" VPOS="2619" HPOS="1117"/>
<String CONTENT="1930." HEIGHT="49" WIDTH="151" VPOS="2619" HPOS="1147"/>
</TextLine>
<TextLine HEIGHT="49" WIDTH="916" VPOS="2697" HPOS="182" STYLEREFS="StyleId-5FB59588-6212-4121-BCF3-1A32A76CB8F2-" LANG="fr" CS="1">
<String CONTENT="550," HEIGHT="48" WIDTH="98" VPOS="2697" HPOS="182"/>
<SP HEIGHT="29" WIDTH="28" VPOS="2717" HPOS="281"/>
<String CONTENT="[2]" HEIGHT="48" WIDTH="54" VPOS="2698" HPOS="310"/>
<SP HEIGHT="38" WIDTH="26" VPOS="2708" HPOS="365"/>
<String CONTENT="p." HEIGHT="37" WIDTH="44" VPOS="2708" HPOS="392"/>
<SP HEIGHT="41" WIDTH="58" VPOS="2697" HPOS="437"/>
<String CONTENT="illus.," HEIGHT="47" WIDTH="143" VPOS="2697" HPOS="496"/>
<SP HEIGHT="46" WIDTH="24" VPOS="2698" HPOS="640"/>
<String CONTENT="4" HEIGHT="39" WIDTH="27" VPOS="2698" HPOS="665"/>
<SP HEIGHT="40" WIDTH="24" VPOS="2698" HPOS="693"/>
<String CONTENT="col." HEIGHT="40" WIDTH="86" VPOS="2698" HPOS="718"/>
<SP HEIGHT="37" WIDTH="24" VPOS="2708" HPOS="805"/>
<String CONTENT="pl." HEIGHT="46" WIDTH="62" VPOS="2699" HPOS="830"/>
<SP HEIGHT="39" WIDTH="58" VPOS="2698" HPOS="893"/>
<String CONTENT="24" HEIGHT="39" WIDTH="56" VPOS="2698" HPOS="952"/>
<String LANG="en-US" CS="1" CONTENT="&#189;"/>
<String STYLE="superscript" CS="1" CONTENT="&#7580;&#7504;"/>
<String CONTENT="." HEIGHT="7" WIDTH="7" VPOS="2731" HPOS="1091"/>
</TextLine>
<TextLine HEIGHT="49" WIDTH="803" VPOS="2767" HPOS="184" STYLEREFS="StyleId-5FB59588-6212-4121-BCF3-1A32A76CB8F2-" LANG="fr">
<String CONTENT="&#8220;Bibliographie&#8221;" HEIGHT="49" WIDTH="422" VPOS="2767" HPOS="184"/>
<SP HEIGHT="41" WIDTH="17" VPOS="2767" HPOS="607"/>
<String CONTENT=":" HEIGHT="30" WIDTH="8" VPOS="2778" HPOS="625"/>
<SP HEIGHT="37" WIDTH="29" VPOS="2778" HPOS="634"/>
<String CONTENT="p." HEIGHT="37" WIDTH="43" VPOS="2778" HPOS="664"/>
<SP HEIGHT="30" WIDTH="29" VPOS="2786" HPOS="708"/>
<String CONTENT="[541]-546." HEIGHT="48" WIDTH="249" VPOS="2768" HPOS="738"/>
</TextLine>
<TextLine HEIGHT="55" WIDTH="1998" VPOS="2834" HPOS="117" STYLEREFS="StyleId-5FB59588-6212-4121-BCF3-1A32A76CB8F2-" CS="1">
<String LANG="fr" CONTENT="&#169;" HEIGHT="53" WIDTH="51" VPOS="2834" HPOS="117"/>
<SP HEIGHT="53" WIDTH="28" VPOS="2834" HPOS="169"/>
<String LANG="fr" CONTENT="Oct." HEIGHT="42" WIDTH="101" VPOS="2839" HPOS="198"/>
<SP HEIGHT="42" WIDTH="26" VPOS="2839" HPOS="300"/>
<String LANG="fr" CONTENT="20," HEIGHT="48" WIDTH="70" VPOS="2839" HPOS="327"/>
<SP HEIGHT="46" WIDTH="27" VPOS="2841" HPOS="398"/>
<String LANG="fr" CONTENT="1930;" HEIGHT="47" WIDTH="140" VPOS="2838" HPOS="426"/>
<SP/>
<String LANG="fr" CS="1" CONTENT="1c."/>
<SP/>
<String LANG="de" CONTENT="Jan." HEIGHT="40" WIDTH="107" VPOS="2839" HPOS="692"/>
<SP HEIGHT="42" WIDTH="28" VPOS="2837" HPOS="800"/>
<String LANG="fr" CS="1" CONTENT="9," HEIGHT="42" WIDTH="25" VPOS="2837" HPOS="829"/>
<SP HEIGHT="41" WIDTH="29" VPOS="2840" HPOS="868"/>
<String LANG="fr" CS="1" CONTENT="1931;" HEIGHT="41" WIDTH="109" VPOS="2838" HPOS="898"/>
<SP HEIGHT="38" WIDTH="32" VPOS="2841" HPOS="1037"/>
<!-- cceid E14BB9A2-6E8D-1014-9CF5-AEB3FCA41D69 --><String LANG="fr" CONTENT="A&#8212;" HEIGHT="37" WIDTH="99" VPOS="2841" HPOS="1070"/>
<String LANG="de" CONTENT="Foreign" HEIGHT="47" WIDTH="207" VPOS="2839" HPOS="1173"/>
<SP HEIGHT="38" WIDTH="26" VPOS="2841" HPOS="1381"/>
<String LANG="fr" CONTENT="10252;" HEIGHT="47" WIDTH="170" VPOS="2839" HPOS="1408"/>
<SP HEIGHT="46" WIDTH="32" VPOS="2840" HPOS="1579"/>
<String LANG="fr" CONTENT="G." HEIGHT="41" WIDTH="52" VPOS="2840" HPOS="1612"/>
<SP HEIGHT="41" WIDTH="30" VPOS="2840" HPOS="1665"/>
<String LANG="fr" CONTENT="Gilonne," HEIGHT="49" WIDTH="215" VPOS="2840" HPOS="1696"/>
<SP HEIGHT="49" WIDTH="29" VPOS="2840" HPOS="1912"/>
<String LANG="de" CONTENT="Lyons." HEIGHT="47" WIDTH="173" VPOS="2840" HPOS="1942"/>
</TextLine>
<TextLine HEIGHT="48" WIDTH="251" VPOS="2896" HPOS="195" STYLEREFS="StyleId-5FB59588-6212-4121-BCF3-1A32A76CB8F2-" LANG="fr">
<String CONTENT="(31-6586)" HEIGHT="48" WIDTH="251" VPOS="2896" HPOS="195"/>
</TextLine>
<TextLine HEIGHT="65" WIDTH="584" VPOS="2990" HPOS="116">
<String LANG="en-US" CONTENT="Gladwin," HEIGHT="65" WIDTH="283" VPOS="2990" HPOS="116"/>
<SP HEIGHT="64" WIDTH="30" VPOS="2991" HPOS="400"/>
<String LANG="fr" CONTENT="Mary" HEIGHT="62" WIDTH="174" VPOS="2991" HPOS="431"/>
<SP HEIGHT="62" WIDTH="27" VPOS="2991" HPOS="606"/>
<String LANG="la" CONTENT="E." HEIGHT="55" WIDTH="66" VPOS="2991" HPOS="634"/>
</TextLine>
<TextLine HEIGHT="130" WIDTH="1977" VPOS="3063" HPOS="113" LANG="en-US" CS="1">
<String CONTENT="The" HEIGHT="53" WIDTH="122" VPOS="3063" HPOS="178"/>
<SP HEIGHT="52" WIDTH="24" VPOS="3064" HPOS="301"/>
<String CONTENT="Red" HEIGHT="53" WIDTH="124" VPOS="3064" HPOS="326"/>
<SP HEIGHT="53" WIDTH="25" VPOS="3064" HPOS="451"/>
<String CONTENT="cross" HEIGHT="35" WIDTH="149" VPOS="3083" HPOS="477"/>
<SP HEIGHT="34" WIDTH="25" VPOS="3084" HPOS="627"/>
<String CONTENT="and" HEIGHT="52" WIDTH="112" VPOS="3065" HPOS="653"/>
<SP HEIGHT="54" WIDTH="26" VPOS="3065" HPOS="766"/>
<String CONTENT="Jane" HEIGHT="55" WIDTH="146" VPOS="3066" HPOS="793"/>
<SP HEIGHT="55" WIDTH="25" VPOS="3066" HPOS="940"/>
<String CONTENT="Arminda" HEIGHT="54" WIDTH="284" VPOS="3065" HPOS="966"/>
<SP HEIGHT="52" WIDTH="27" VPOS="3067" HPOS="1251"/>
<String CONTENT="Delano," HEIGHT="67" WIDTH="235" VPOS="3067" HPOS="1279"/>
<SP HEIGHT="67" WIDTH="25" VPOS="3067" HPOS="1515"/>
<String CONTENT="by" HEIGHT="68" WIDTH="76" VPOS="3067" HPOS="1541"/>
<SP HEIGHT="66" WIDTH="23" VPOS="3069" HPOS="1618"/>
<String CONTENT="Mary" HEIGHT="68" WIDTH="170" VPOS="3069" HPOS="1642"/>
<SP HEIGHT="70" WIDTH="25" VPOS="3067" HPOS="1813"/>
<String CONTENT="E." HEIGHT="52" WIDTH="65" VPOS="3067" HPOS="1839"/>
<SP HEIGHT="53" WIDTH="33" VPOS="3067" HPOS="1905"/>
<String CONTENT="Gladwin" HEIGHT="126" WIDTH="1977" VPOS="3067" HPOS="113"/>
</TextLine>
<TextLine HEIGHT="72" WIDTH="1797" VPOS="3141" HPOS="320" LANG="en-US" CS="1">
<String CS="1" CONTENT="&#8230;"/>
<SP HEIGHT="53" WIDTH="72" VPOS="3142" HPOS="320"/>
<String CONTENT="Philadelphia" HEIGHT="69" WIDTH="406" VPOS="3141" HPOS="393"/>
<SP HEIGHT="36" WIDTH="33" VPOS="3159" HPOS="800"/>
<String CONTENT="and" HEIGHT="53" WIDTH="112" VPOS="3142" HPOS="834"/>
<SP HEIGHT="53" WIDTH="32" VPOS="3142" HPOS="947"/>
<String CONTENT="London," HEIGHT="70" WIDTH="256" VPOS="3142" HPOS="980"/>
<SP HEIGHT="66" WIDTH="33" VPOS="3146" HPOS="1237"/>
<String CONTENT="W." HEIGHT="53" WIDTH="86" VPOS="3146" HPOS="1271"/>
<SP HEIGHT="54" WIDTH="35" VPOS="3144" HPOS="1358"/>
<String CONTENT="B." HEIGHT="52" WIDTH="65" VPOS="3144" HPOS="1394"/>
<SP HEIGHT="55" WIDTH="37" VPOS="3146" HPOS="1460"/>
<String CONTENT="Saunders" HEIGHT="57" WIDTH="288" VPOS="3144" HPOS="1498"/>
<SP HEIGHT="33" WIDTH="33" VPOS="3165" HPOS="1787"/>
<String CONTENT="company," HEIGHT="50" WIDTH="296" VPOS="3163" HPOS="1821"/>
</TextLine>
<TextLine HEIGHT="52" WIDTH="148" VPOS="3222" HPOS="114" LANG="en-US">
<String CONTENT="1931." HEIGHT="52" WIDTH="148" VPOS="3222" HPOS="114"/>
</TextLine>
<TextLine HEIGHT="51" WIDTH="1168" VPOS="3301" HPOS="183" STYLEREFS="StyleId-5FB59588-6212-4121-BCF3-1A32A76CB8F2-" LANG="en-US" CS="1">
<String CONTENT="2" HEIGHT="39" WIDTH="28" VPOS="3301" HPOS="183"/>
<SP/>
<String LANG="la" CONTENT="p." HEIGHT="37" WIDTH="43" VPOS="3312" HPOS="233"/>
<SP/>
<String LANG="la" CS="1" CONTENT="l.,"/>
<SP/>
<String CONTENT="91" HEIGHT="39" WIDTH="58" VPOS="3302" HPOS="373"/>
<SP HEIGHT="46" WIDTH="26" VPOS="3303" HPOS="432"/>
<String CONTENT="p." HEIGHT="36" WIDTH="41" VPOS="3313" HPOS="459"/>
<SP HEIGHT="40" WIDTH="28" VPOS="3302" HPOS="501"/>
<String CONTENT="incl." HEIGHT="43" WIDTH="109" VPOS="3302" HPOS="530"/>
<SP HEIGHT="43" WIDTH="22" VPOS="3302" HPOS="640"/>
<String CONTENT="illus.," HEIGHT="47" WIDTH="142" VPOS="3302" HPOS="663"/>
<SP HEIGHT="38" WIDTH="25" VPOS="3313" HPOS="806"/>
<String CONTENT="plates," HEIGHT="48" WIDTH="169" VPOS="3304" HPOS="832"/>
<SP HEIGHT="38" WIDTH="23" VPOS="3314" HPOS="1002"/>
<String CONTENT="ports." HEIGHT="45" WIDTH="147" VPOS="3307" HPOS="1026"/>
<SP HEIGHT="39" WIDTH="59" VPOS="3305" HPOS="1174"/>
<String CONTENT="20" HEIGHT="40" WIDTH="58" VPOS="3304" HPOS="1234"/>
<String STYLE="superscript" CS="1" CONTENT="&#7580;&#7504;"/>
<String CONTENT="." HEIGHT="10" WIDTH="9" VPOS="3337" HPOS="1342"/>
</TextLine>
<TextLine HEIGHT="50" WIDTH="550" VPOS="3356" HPOS="184" STYLEREFS="StyleId-5FB59588-6212-4121-BCF3-1A32A76CB8F2-" LANG="en-US">
<String CONTENT="Bibliography" HEIGHT="50" WIDTH="349" VPOS="3356" HPOS="184"/>
<SP HEIGHT="37" WIDTH="16" VPOS="3369" HPOS="534"/>
<String CONTENT=":" HEIGHT="27" WIDTH="9" VPOS="3371" HPOS="551"/>
<SP HEIGHT="38" WIDTH="31" VPOS="3368" HPOS="561"/>
<String CONTENT="p." HEIGHT="38" WIDTH="40" VPOS="3368" HPOS="593"/>
<SP HEIGHT="41" WIDTH="30" VPOS="3358" HPOS="634"/>
<String CONTENT="81." HEIGHT="42" WIDTH="69" VPOS="3358" HPOS="665"/>
</TextLine>
<TextLine HEIGHT="55" WIDTH="1830" VPOS="3425" HPOS="123" STYLEREFS="StyleId-5FB59588-6212-4121-BCF3-1A32A76CB8F2-" LANG="en-US" CS="1">
<String CONTENT="&#169;" HEIGHT="53" WIDTH="52" VPOS="3425" HPOS="123"/>
<SP HEIGHT="53" WIDTH="26" VPOS="3425" HPOS="176"/>
<String CONTENT="Mar." HEIGHT="40" WIDTH="122" VPOS="3431" HPOS="203"/>
<SP HEIGHT="39" WIDTH="26" VPOS="3432" HPOS="326"/>
<String CONTENT="4," HEIGHT="45" WIDTH="40" VPOS="3432" HPOS="353"/>
<SP HEIGHT="45" WIDTH="27" VPOS="3432" HPOS="394"/>
<String CS="1" CONTENT="1931;" HEIGHT="41" WIDTH="108" VPOS="3430" HPOS="422"/>
<SP HEIGHT="47" WIDTH="27" VPOS="3430" HPOS="563"/>
<String CONTENT="2c." HEIGHT="42" WIDTH="67" VPOS="3430" HPOS="591"/>
<SP HEIGHT="31" WIDTH="27" VPOS="3441" HPOS="659"/>
<String CONTENT="and" HEIGHT="39" WIDTH="95" VPOS="3431" HPOS="687"/>
<SP HEIGHT="40" WIDTH="27" VPOS="3431" HPOS="783"/>
<String CONTENT="aff." HEIGHT="41" WIDTH="81" VPOS="3431" HPOS="811"/>
<SP HEIGHT="39" WIDTH="27" VPOS="3433" HPOS="893"/>
<String CONTENT="Mar." HEIGHT="40" WIDTH="121" VPOS="3433" HPOS="921"/>
<SP HEIGHT="39" WIDTH="28" VPOS="3434" HPOS="1043"/>
<String CS="1" CONTENT="7;" HEIGHT="38" WIDTH="25" VPOS="3434" HPOS="1072"/>
<SP HEIGHT="46" WIDTH="27" VPOS="3434" HPOS="1126"/>
<!-- cceid E14C7477-6E8D-1014-9CF5-AEB3FCA41D69 --><String CONTENT="A" HEIGHT="38" WIDTH="42" VPOS="3434" HPOS="1154"/>
<SP HEIGHT="39" WIDTH="24" VPOS="3434" HPOS="1197"/>
<String CS="1" CONTENT="35159;" HEIGHT="41" WIDTH="146" VPOS="3432" HPOS="1222"/>
<SP HEIGHT="46" WIDTH="29" VPOS="3434" HPOS="1395"/>
<String CONTENT="W." HEIGHT="40" WIDTH="71" VPOS="3434" HPOS="1425"/>
<SP HEIGHT="39" WIDTH="29" VPOS="3435" HPOS="1497"/>
<String CONTENT="B." HEIGHT="39" WIDTH="53" VPOS="3435" HPOS="1527"/>
<SP HEIGHT="41" WIDTH="31" VPOS="3434" HPOS="1581"/>
<String CONTENT="Saunders" HEIGHT="41" WIDTH="245" VPOS="3434" HPOS="1613"/>
<SP HEIGHT="28" WIDTH="27" VPOS="3446" HPOS="1859"/>
<String CONTENT="co." HEIGHT="27" WIDTH="66" VPOS="3447" HPOS="1887"/>
</TextLine>
<TextLine HEIGHT="48" WIDTH="251" VPOS="3487" HPOS="200" STYLEREFS="StyleId-5FB59588-6212-4121-BCF3-1A32A76CB8F2-" LANG="en-US">
<String CONTENT="(31-6470)" HEIGHT="48" WIDTH="251" VPOS="3487" HPOS="200"/>
</TextLine>
<TextLine HEIGHT="69" WIDTH="1093" VPOS="3579" HPOS="121">
<String LANG="de" CONTENT="Grabau," HEIGHT="66" WIDTH="256" VPOS="3579" HPOS="121"/>
<SP HEIGHT="64" WIDTH="27" VPOS="3581" HPOS="378"/>
<String LANG="en-US" CONTENT="Amadeus" HEIGHT="55" WIDTH="304" VPOS="3581" HPOS="406"/>
<SP HEIGHT="54" WIDTH="26" VPOS="3583" HPOS="711"/>
<String LANG="en-US" CONTENT="William," HEIGHT="66" WIDTH="274" VPOS="3582" HPOS="738"/>
<SP HEIGHT="57" WIDTH="30" VPOS="3591" HPOS="1013"/>
<String LANG="en-US" CONTENT="1870-" HEIGHT="54" WIDTH="170" VPOS="3586" HPOS="1044"/>
</TextLine>
<TextLine HEIGHT="73" WIDTH="1870" VPOS="3656" HPOS="252" LANG="en-US" CS="1">
<String CS="1" CONTENT="&#8230;"/>
<SP HEIGHT="52" WIDTH="48" VPOS="3657" HPOS="252"/>
<String CONTENT="The" HEIGHT="54" WIDTH="123" VPOS="3656" HPOS="301"/>
<SP HEIGHT="52" WIDTH="44" VPOS="3658" HPOS="425"/>
<String CONTENT="Permian" HEIGHT="53" WIDTH="270" VPOS="3658" HPOS="470"/>
<SP HEIGHT="34" WIDTH="43" VPOS="3678" HPOS="741"/>
<String CONTENT="of" HEIGHT="53" WIDTH="64" VPOS="3659" HPOS="785"/>
<SP HEIGHT="53" WIDTH="44" VPOS="3659" HPOS="850"/>
<String CONTENT="Mongolia;" HEIGHT="69" WIDTH="324" VPOS="3660" HPOS="895"/>
<SP HEIGHT="48" WIDTH="50" VPOS="3680" HPOS="1220"/>
<String CONTENT="a" HEIGHT="33" WIDTH="31" VPOS="3681" HPOS="1271"/>
<SP HEIGHT="33" WIDTH="47" VPOS="3681" HPOS="1303"/>
<String CONTENT="report" HEIGHT="60" WIDTH="193" VPOS="3669" HPOS="1351"/>
<SP HEIGHT="46" WIDTH="45" VPOS="3669" HPOS="1545"/>
<String CONTENT="on" HEIGHT="33" WIDTH="71" VPOS="3681" HPOS="1591"/>
<SP HEIGHT="46" WIDTH="44" VPOS="3668" HPOS="1663"/>
<String CONTENT="the" HEIGHT="52" WIDTH="97" VPOS="3663" HPOS="1708"/>
<SP HEIGHT="51" WIDTH="43" VPOS="3664" HPOS="1806"/>
<String CONTENT="Permian" HEIGHT="53" WIDTH="272" VPOS="3662" HPOS="1850"/>
</TextLine>
<TextLine HEIGHT="132" WIDTH="1976" VPOS="3732" HPOS="121" LANG="en-US" CS="1">
<String CONTENT="fauna" HEIGHT="55" WIDTH="178" VPOS="3732" HPOS="122"/>
<SP HEIGHT="34" WIDTH="23" VPOS="3753" HPOS="301"/>
<String CONTENT="of" HEIGHT="52" WIDTH="66" VPOS="3734" HPOS="325"/>
<SP HEIGHT="53" WIDTH="22" VPOS="3734" HPOS="392"/>
<String CONTENT="the" HEIGHT="53" WIDTH="96" VPOS="3734" HPOS="415"/>
<SP HEIGHT="53" WIDTH="25" VPOS="3735" HPOS="512"/>
<String CONTENT="Jisu" HEIGHT="54" WIDTH="130" VPOS="3735" HPOS="538"/>
<SP HEIGHT="53" WIDTH="25" VPOS="3736" HPOS="669"/>
<String CONTENT="Honguer" HEIGHT="69" WIDTH="279" VPOS="3736" HPOS="695"/>
<SP HEIGHT="50" WIDTH="25" VPOS="3739" HPOS="975"/>
<String CONTENT="limestone" HEIGHT="54" WIDTH="295" VPOS="3738" HPOS="1001"/>
<SP HEIGHT="34" WIDTH="25" VPOS="3758" HPOS="1297"/>
<String CONTENT="of" HEIGHT="53" WIDTH="65" VPOS="3739" HPOS="1323"/>
<SP HEIGHT="52" WIDTH="23" VPOS="3739" HPOS="1389"/>
<String CONTENT="Mongolia" HEIGHT="68" WIDTH="296" VPOS="3740" HPOS="1413"/>
<SP HEIGHT="34" WIDTH="27" VPOS="3758" HPOS="1710"/>
<String CONTENT="and" HEIGHT="52" WIDTH="112" VPOS="3740" HPOS="1738"/>
<SP HEIGHT="52" WIDTH="26" VPOS="3740" HPOS="1851"/>
<String CONTENT="its" HEIGHT="53" WIDTH="73" VPOS="3740" HPOS="1878"/>
<SP HEIGHT="34" WIDTH="25" VPOS="3759" HPOS="1952"/>
<String CONTENT="relations" HEIGHT="123" WIDTH="1976" VPOS="3741" HPOS="121"/>
</TextLine>
<TextLine HEIGHT="74" WIDTH="1824" VPOS="3812" HPOS="298" LANG="en-US">
<String CONTENT="to" HEIGHT="47" WIDTH="58" VPOS="3817" HPOS="298"/>
<SP HEIGHT="47" WIDTH="27" VPOS="3817" HPOS="357"/>
<String CONTENT="the" HEIGHT="53" WIDTH="96" VPOS="3812" HPOS="385"/>
<SP HEIGHT="51" WIDTH="27" VPOS="3814" HPOS="482"/>
<String CONTENT="Permian" HEIGHT="52" WIDTH="269" VPOS="3814" HPOS="510"/>
<SP HEIGHT="35" WIDTH="27" VPOS="3832" HPOS="780"/>
<String CONTENT="of" HEIGHT="53" WIDTH="65" VPOS="3814" HPOS="808"/>
<SP HEIGHT="53" WIDTH="24" VPOS="3814" HPOS="874"/>
<String CONTENT="other" HEIGHT="53" WIDTH="162" VPOS="3815" HPOS="899"/>
<SP HEIGHT="49" WIDTH="28" VPOS="3834" HPOS="1062"/>
<String CONTENT="parts" HEIGHT="61" WIDTH="159" VPOS="3822" HPOS="1091"/>
<SP HEIGHT="34" WIDTH="30" VPOS="3835" HPOS="1251"/>
<String CONTENT="of" HEIGHT="52" WIDTH="64" VPOS="3816" HPOS="1282"/>
<SP HEIGHT="52" WIDTH="26" VPOS="3816" HPOS="1347"/>
<String CONTENT="the" HEIGHT="52" WIDTH="96" VPOS="3817" HPOS="1374"/>
<SP HEIGHT="35" WIDTH="27" VPOS="3834" HPOS="1471"/>
<String CONTENT="world," HEIGHT="66" WIDTH="198" VPOS="3817" HPOS="1499"/>
<SP HEIGHT="67" WIDTH="27" VPOS="3816" HPOS="1698"/>
<String CONTENT="by" HEIGHT="70" WIDTH="76" VPOS="3816" HPOS="1726"/>
<SP HEIGHT="69" WIDTH="27" VPOS="3817" HPOS="1803"/>
<String CONTENT="Amadeus" HEIGHT="54" WIDTH="291" VPOS="3817" HPOS="1831"/>
</TextLine>
<TextLine HEIGHT="71" WIDTH="2000" VPOS="3888" HPOS="121" LANG="en-US" CS="1">
<String CONTENT="W." HEIGHT="54" WIDTH="88" VPOS="3888" HPOS="121"/>
<SP HEIGHT="55" WIDTH="26" VPOS="3888" HPOS="210"/>
<String LANG="de" CONTENT="Grabau" HEIGHT="55" WIDTH="234" VPOS="3888" HPOS="237"/>
<SP HEIGHT="34" WIDTH="31" VPOS="3908" HPOS="472"/>
<String CS="1" CONTENT="&#8230;"/>
<SP HEIGHT="34" WIDTH="33" VPOS="3909" HPOS="561"/>
<String CONTENT="with" HEIGHT="54" WIDTH="136" VPOS="3890" HPOS="595"/>
<SP HEIGHT="54" WIDTH="25" VPOS="3891" HPOS="732"/>
<String CONTENT="a" HEIGHT="35" WIDTH="31" VPOS="3910" HPOS="758"/>
<SP HEIGHT="35" WIDTH="24" VPOS="3910" HPOS="790"/>
<String CONTENT="chapter" HEIGHT="67" WIDTH="235" VPOS="3892" HPOS="815"/>
<SP HEIGHT="33" WIDTH="23" VPOS="3912" HPOS="1051"/>
<String CONTENT="on" HEIGHT="33" WIDTH="73" VPOS="3912" HPOS="1075"/>
<SP HEIGHT="46" WIDTH="23" VPOS="3900" HPOS="1149"/>
<String CONTENT="the" HEIGHT="53" WIDTH="97" VPOS="3893" HPOS="1173"/>
<SP HEIGHT="34" WIDTH="24" VPOS="3912" HPOS="1271"/>
<String CONTENT="relations" HEIGHT="53" WIDTH="270" VPOS="3894" HPOS="1296"/>
<SP HEIGHT="34" WIDTH="24" VPOS="3913" HPOS="1567"/>
<String CONTENT="of" HEIGHT="53" WIDTH="64" VPOS="3894" HPOS="1592"/>
<SP HEIGHT="53" WIDTH="23" VPOS="3894" HPOS="1657"/>
<String CONTENT="the" HEIGHT="53" WIDTH="95" VPOS="3895" HPOS="1681"/>
<SP HEIGHT="55" WIDTH="24" VPOS="3895" HPOS="1777"/>
<String CONTENT="Jisu" HEIGHT="55" WIDTH="130" VPOS="3895" HPOS="1802"/>
<SP HEIGHT="51" WIDTH="26" VPOS="3896" HPOS="1933"/>
<String CONTENT="Hon-" HEIGHT="53" WIDTH="161" VPOS="3896" HPOS="1960"/>
</TextLine>
</TextBlock>
</PrintSpace>
</Page>
</Layout>
</alto>