2505 4370
1282 4015 104 52 190

336 360 309 65 Seymour,
677 358 248 55 Francis
955 360 263 65 Eugene,
1251 365 160 50 1883-

404 438 1787 72 Plane geometry, by F. Eugene Seymour … New York,
335 441 1987 146 Cincinnati [etc.] American book company [ ᶜ19 31 ]
407 598 1310 51 xvi, 351 p. incl. front. (port.) illus., diagrs. 19 ᶜᵐ.
341 666 52 53 ©
424 671 110 40 Feb.
563 671 39 48 5,
632 670 113 41 1931;
803 670 69 42 2c.
900 671 96 39 and
1025 670 83 41 aff.
1138 671 111 40 Feb.
1278 671 26 40 7;
1363 670 41 40 A
1430 669 145 42 33639;
1634 671 160 43 Amer.
1823 672 124 41 book
1975 683 67 30 co.
2108 667 70 56 [©
406 674 1932 95 modifications

670 729 97 39 and
804 736 107 31 new
948 738 161 39 pages]
1186 726 254 50 (31-4519)

334 821 277 67 Sheldon,
640 825 139 53 Mrs.
808 822 210 54 Jennie
1047 823 192 53 Maria
1277 822 244 67 (Arms)
1561 828 171 51 1852-

404 899 384 57 Observation
820 902 213 52 lessons
1064 920 73 34 on
1168 901 261 70 animals,
1459 901 301 71 including
1790 902 292 70 drawings
2114 904 113 53 and

332 906 1994 144 descriptive,
663 979 408 70 comparative,
1110 980 113 53 and
1264 980 338 53 inferential
1640 981 159 52 work
1836 980 65 53 of
1938 981 279 68 children,
2257 980 93 55 for

331 1058 97 53 the
456 1077 97 34 use
583 1058 65 53 of
675 1058 256 53 teachers
961 1056 64 54 of
1052 1057 261 70 primary
1344 1058 114 53 and
1487 1076 292 52 grammar
1807 1059 237 69 schools,
2073 1058 77 70 by
2181 1060 54 55 J.
2268 1060 79 54 M.

331 1136 1916 72 Arms Sheldon … courses I and II. Deerfield, Mass., 1931.
404 1217 466 51 549 p. illus. 24½ ᶜᵐ.
409 1288 221 41 “Partial
660 1288 84 42 list
777 1289 51 40 of
860 1289 82 41 the
973 1288 250 41 reference
1255 1288 147 41 books
1435 1289 119 41 used
1585 1289 49 40 in
1666 1290 85 40 the
1780 1290 318 48 preparation
2131 1290 52 41 of
2214 1291 136 40 these

332 1344 217 43 lessons”:
609 1357 43 38 p.
684 1345 250 51 [548]-549.

337 1412 52 53 ©
422 1417 111 40 Feb.
564 1416 40 49 9,
635 1416 112 41 1931;
809 1416 68 41 2c.
909 1418 95 39 and
1035 1416 84 42 aff.
1151 1417 111 40 Feb.
1295 1417 54 38 11;
1411 1416 41 40 A
1481 1415 149 42 33680;
1688 1416 44 41 J.
1765 1418 63 40 M.
1860 1417 55 41 A.
1950 1417 226 48 Sheldon,
404 1418 1932 105 Deerfield,
562 1476 147 38 Mass.
781 1474 253 48 (31-4520)

331 1569 183 64 Sisco,
544 1569 200 53 Frank
772 1569 256 65 Thayer,
1060 1575 172 50 1889-

401 1646 1885 73 The constitution of steel and cast iron, by Frank T. Sisco …
331 1725 333 71 Cleveland,
700 1726 87 64 O.,
821 1726 310 54 American
1166 1726 214 70 society
1415 1726 93 54 for
1543 1727 138 53 steel
1715 1728 272 70 treating,
2023 1732 151 50 1930.

401 1808 976 50 6 p. l., 332 p. illus., diagrs. 23½ᶜᵐ.
403 1877 1943 52 “A series of twenty-four educational articles … [Which] appeared in
331 1935 82 41 the
446 1934 352 42 Transactions
832 1936 52 40 of
914 1937 84 39 the
1030 1936 260 40 American
1324 1935 182 49 society
1539 1936 80 40 for
1651 1937 118 39 steel
1808 1936 215 48 treating
2054 1936 178 47 during
2270 1937 78 40 the

330 1992 253 48 four-year
610 1992 167 49 period
805 1993 130 41 from
960 1993 117 41 1926
1105 1995 48 39 to
1182 1993 355 41 1930.”—Pref.

403 2049 419 49 Bibliographical
852 2050 280 41 foot-notes.

334 2116 52 53 ©
418 2121 129 40 June
576 2122 69 47 17,
678 2119 115 42 1930;
852 2121 68 42 2c.
952 2122 96 39 and
1080 2121 82 41 aff.
1195 2121 112 41 Feb.
1339 2120 39 49 9,
1411 2119 142 49 1931;
1588 2121 41 39 A
1657 2120 147 41 34270;
1864 2120 160 42 Amer.
2057 2121 185 48 society
2272 2121 79 39 for

402 2180 120 39 steel
551 2179 227 48 treating.
850 2178 253 48 (31-4440)

327 2272 192 66 Slack,
551 2274 202 64 Edgar
781 2274 84 64 P.,
897 2279 172 50 1885-

397 2350 1948 71 Elementary electricity, by Edgar P. Slack … 1st ed. New
327 2428 165 54 York
522 2430 116 52 and
666 2429 258 54 London.
957 2429 435 56 McGraw-Hill
1422 2429 149 54 book
1601 2447 301 52 company,
1933 2429 126 70 inc.,
2095 2431 152 51 1931.

398 2511 1945 51 ix, 278 p. illus., diagrs. 21 ᶜᵐ. (Half-title: McGraw-Hill vocational
327 2569 157 48 texts)
610 2568 132 50 $2.00

399 2641 76 41 “It
512 2641 41 41 is
592 2642 83 40 the
712 2641 98 41 aim
849 2641 52 41 of
938 2641 99 42 this
1074 2642 124 40 book
1234 2644 51 38 to
1325 2642 114 40 take
1476 2652 64 38 up
1576 2642 83 40 the
1697 2642 233 40 elements
1968 2640 51 41 of
2056 2639 157 43 direct
2249 2641 95 40 and

325 2699 305 48 alternating
661 2698 465 42 currents.”—Pref.

332 2764 53 56 ©
415 2772 113 41 Jan.
558 2772 69 48 16,
658 2771 141 47 1931;
831 2771 69 41 2c.
931 2772 110 40 Jan.
1072 2770 81 48 19;
1188 2770 82 41 aff.
1303 2771 111 41 Jan.
1444 2769 84 49 22;
1561 2769 41 40 A
1631 2768 172 49 32941;
1838 2769 355 42 McGraw-Hill
2224 2769 124 40 book

399 2838 83 41 co.,
516 2829 92 42 inc.
679 2828 254 51 (31-4632)

327 2924 217 66 Smith,
575 2924 319 55 Frederick
925 2925 247 65 George,
1206 2931 174 49 1880-

391 3003 142 55 Was
588 3004 93 53 die
736 3003 168 54 Bibel
961 3003 180 67 lehrt;
1201 3002 124 54 eine
1383 3001 429 70 systematische
1869 3001 318 68 auslegung
2244 3000 101 54 der

323 3079 2018 72 grundlegenden bibelwahrheiten, von F. G. Smith … aus dem
323 3156 2021 73 englischen übersetzt … York, Neb., Christian unity press
328 3241 175 65 [1931]

395 3321 592 49 1 p. l., 5-441 p. 19 ᶜᵐ .
331 3388 52 53 ©
410 3393 111 41 Dec.
548 3394 40 47 4,
616 3392 141 48 1930;
786 3393 68 41 2c.
883 3393 110 40 Feb.
1020 3393 70 49 13,
1117 3391 113 42 1931;
1290 3391 82 42 aff.
1400 3392 112 41 Feb.
1539 3390 83 48 12;
1652 3390 41 40 A
1719 3390 172 47 34340;
1923 3388 252 43 Christian
2204 3388 139 48 unity

400 3460 151 38 press.
623 3450 253 50 (31-4698)

326 3544 274 65 Sondley,
632 3546 245 52 Forster
908 3545 358 64 Alexander,
1301 3545 171 55 1857-

392 3616 1949 75 My ancestry, by F. A. Sondley … Families; Sondley.
323 3698 328 69 Crawford,
679 3700 348 68 Alexander,
1053 3700 319 57 Davidson,
1401 3699 427 69 Cunningham,
1855 3698 252 65 Forster,
2128 3695 213 65 Heath,

321 3773 1995 232 Young, Sams, Somerville. Ware, Stuart … Privately published by some descendants of the families mentioned. Asheville, N. C., 1930.
