<alto xmlns="http://www.loc.gov/standards/alto/ns-v3#" xmlns:xlink="http://www.w3.org/1999/xlink" xmlns:xsi="http://www.w3.org/2001/XMLSchema-instance" xsi:schemaLocation="http://www.loc.gov/standards/alto/ns-v3# http://www.loc.gov/alto/v3/alto-3-0.xsd"><Description>
<MeasurementUnit>pixel</MeasurementUnit>
<sourceImageInformation>
<fileName>1931_v28_Part001.pdf</fileName>
</sourceImageInformation>
<OCRProcessing ID="IdOcr">
<ocrProcessingStep>
<processingDateTime>2019-04-22</processingDateTime>
<processingSoftware>
<softwareCreator>ABBYY</softwareCreator>
<softwareName>ABBYY Recognition Server</softwareName>
<softwareVersion>4.0</softwareVersion>
</processingSoftware>
</ocrProcessingStep>
</OCRProcessing>
</Description>
<Styles>
<ParagraphStyle ID="StyleId-FFFFFFFF-FFFF-FFFF-FFFF-FFFFFFFFFFFF-" ALIGN="Left" LEFT="0." RIGHT="0." FIRSTLINE="0."/>
<ParagraphStyle ID="StyleId-204B5AEB-67A1-44E2-A013-34B3A0F3E0EA-" ALIGN="Right" LEFT="0." RIGHT="0." FIRSTLINE="0." LINESPACE="8.300000191"/>
<ParagraphStyle ID="StyleId-03245871-796C-4429-B3C7-F9019C8C5B89-" ALIGN="Left" LEFT="0." RIGHT="0." FIRSTLINE="0." LINESPACE="12.19999981"/>
<ParagraphStyle ID="StyleId-BDCA8811-25FF-44DB-8D6F-2072A4ABC070-" ALIGN="Center" LEFT="0." RIGHT="0." FIRSTLINE="0." LINESPACE="12.19999981"/>
<ParagraphStyle ID="StyleId-2C5B7DF0-AF87-455E-B9A8-6FE387CB59BD-" ALIGN="Left" LEFT="0." RIGHT="0." FIRSTLINE="-13." LINESPACE="8.479999542"/>
<ParagraphStyle ID="StyleId-9FB72FA1-55D5-4161-8333-823D5732F4D0-" ALIGN="Block" LEFT="0." RIGHT="0." FIRSTLINE="-14." LINESPACE="10."/>
<ParagraphStyle ID="StyleId-212AEB8C-A829-4BF1-8E45-5BFE386A469C-" ALIGN="Block" LEFT="0." RIGHT="0." FIRSTLINE="-14." LINESPACE="11.35000038"/>
<ParagraphStyle ID="StyleId-4EC79CC1-EA62-49CE-ABB6-D84DDFCF4C7D-" ALIGN="Block" LEFT="0." RIGHT="0." FIRSTLINE="-10." LINESPACE="12.19999981"/>
<ParagraphStyle ID="StyleId-DAF2E8EE-6444-4951-9284-36A6C020C887-" ALIGN="Left" LEFT="0." RIGHT="0." FIRSTLINE="0." LINESPACE="9.399999619"/>
<ParagraphStyle ID="StyleId-25241749-1672-4977-B19F-38F59800D6D8-" ALIGN="Left" LEFT="0." RIGHT="0." FIRSTLINE="0." LINESPACE="11.10000038"/>
<ParagraphStyle ID="StyleId-8C523E19-EDEF-4F23-B010-536E1A1AAE1A-" ALIGN="Left" LEFT="0." RIGHT="0." FIRSTLINE="-13." LINESPACE="12.19999981"/>
<ParagraphStyle ID="StyleId-A1F9DE9E-2625-4D8B-AD7E-F0A0034C2989-" ALIGN="Block" LEFT="0." RIGHT="0." FIRSTLINE="0." LINESPACE="12.19999981"/>
<ParagraphStyle ID="StyleId-5725BB01-2B1C-440F-BAF2-696C4F4DF162-" ALIGN="Block" LEFT="0." RIGHT="0." FIRSTLINE="13." LINESPACE="12.19999981"/>
<ParagraphStyle ID="StyleId-F10A2092-61AA-44FD-99C2-123B3A8051CF-" ALIGN="Left" LEFT="0." RIGHT="0." FIRSTLINE="0." LINESPACE="5.5"/>
<ParagraphStyle ID="StyleId-B3CDC8CC-D2E1-4A23-B67C-CDD40993D1DD-" ALIGN="Left" LEFT="0." RIGHT="0." FIRSTLINE="0." LINESPACE="10."/>
<ParagraphStyle ID="StyleId-871EBF53-D909-4C8F-B368-AC7D897344DD-" ALIGN="Left" LEFT="0." RIGHT="0." FIRSTLINE="0."/>
<ParagraphStyle ID="StyleId-C4129744-680B-4878-B2C4-44BA3742C8D7-" ALIGN="Block" LEFT="0." RIGHT="0." FIRSTLINE="-14." LINESPACE="11.35000038"/>
<ParagraphStyle ID="StyleId-9CE98075-0B04-43D4-88D8-CE3BAB51B419-" ALIGN="Block" LEFT="0." RIGHT="0." FIRSTLINE="-10." LINESPACE="12.19999981"/>
<ParagraphStyle ID="StyleId-B2CFB7B3-DFFA-4E0E-94D6-C2BCE88DA9A9-" ALIGN="Left" LEFT="0." RIGHT="0." FIRSTLINE="0." LINESPACE="12.5"/>
<ParagraphStyle ID="StyleId-8D3352F3-1084-4DDE-A35D-B97102CCE686-" ALIGN="Left" LEFT="0." RIGHT="0." FIRSTLINE="0." LINESPACE="11.60000038"/>
<ParagraphStyle ID="StyleId-4A8DDA0D-166D-4E22-A597-BA51B892602D-" ALIGN="Block" LEFT="0." RIGHT="0." FIRSTLINE="0." LINESPACE="11.21000004"/>
<ParagraphStyle ID="StyleId-90EA4001-AA3C-45A1-AEDC-D1E1169EE5E5-" ALIGN="Block" LEFT="0." RIGHT="0." FIRSTLINE="13." LINESPACE="12.19999981"/>
</Styles>
<Layout>
<Page ID="Page483" PHYSICAL_IMG_NR="483" HEIGHT="4370" WIDTH="2505">
<TopMargin HEIGHT="396" WIDTH="2505" VPOS="0" HPOS="0">
</TopMargin>
<LeftMargin HEIGHT="3606" WIDTH="142" VPOS="396" HPOS="0">
</LeftMargin>
<RightMargin HEIGHT="3606" WIDTH="321" VPOS="396" HPOS="2184">
</RightMargin>
<BottomMargin HEIGHT="368" WIDTH="2505" VPOS="4002" HPOS="0">
<TextBlock ID="Page483_Block1" HEIGHT="72" WIDTH="120" VPOS="4036" HPOS="1110" LANG="en-US" STYLEREFS="StyleId-BD46622D-D4FB-4A35-8577-AAC13B6A71AC-">
<TextLine HEIGHT="51" WIDTH="100" VPOS="4047" HPOS="1120">
<String CONTENT="483" HEIGHT="51" WIDTH="100" VPOS="4047" HPOS="1120"/>
</TextLine>
</TextBlock>
</BottomMargin>
<PrintSpace HEIGHT="3606" WIDTH="2042" VPOS="396" HPOS="142">
<TextBlock ID="Page483_Block2" HEIGHT="3606" WIDTH="2042" VPOS="396" HPOS="142" LANG="en-US" CS="1" STYLEREFS="StyleId-C2F30755-6318-4883-8955-59AFF4981F24-">
<TextLine HEIGHT="73" WIDTH="1135" VPOS="407" HPOS="159" STYLEREFS="StyleId-8544BB9C-09B3-4672-A07F-72DB08956D8F-" LANG="de" CS="1">
<String CONTENT="[Bubna-Litic," HEIGHT="70" WIDTH="424" VPOS="410" HPOS="159"/>
<SP HEIGHT="63" WIDTH="33" VPOS="411" HPOS="584"/>
<String CONTENT="Ina" HEIGHT="51" WIDTH="104" VPOS="411" HPOS="618"/>
<SP HEIGHT="52" WIDTH="31" VPOS="409" HPOS="723"/>
<String CS="1" CONTENT="Albertine]" HEIGHT="54" WIDTH="307" VPOS="407" HPOS="755"/>
<SP HEIGHT="62" WIDTH="39" VPOS="412" HPOS="1082"/>
<String CONTENT="1904-" HEIGHT="49" WIDTH="172" VPOS="411" HPOS="1122"/>
</TextLine>
<TextLine HEIGHT="79" WIDTH="1924" VPOS="479" HPOS="224" STYLEREFS="StyleId-8544BB9C-09B3-4672-A07F-72DB08956D8F-" CS="1">
<String LANG="de" CONTENT="They" HEIGHT="68" WIDTH="161" VPOS="490" HPOS="224"/>
<SP HEIGHT="69" WIDTH="31" VPOS="489" HPOS="386"/>
<String CONTENT="dance" HEIGHT="52" WIDTH="174" VPOS="489" HPOS="418"/>
<SP HEIGHT="36" WIDTH="30" VPOS="504" HPOS="593"/>
<String CONTENT="on" HEIGHT="34" WIDTH="70" VPOS="504" HPOS="624"/>
<SP HEIGHT="34" WIDTH="32" VPOS="504" HPOS="695"/>
<String CONTENT="a" HEIGHT="33" WIDTH="31" VPOS="505" HPOS="728"/>
<SP HEIGHT="34" WIDTH="30" VPOS="504" HPOS="760"/>
<String CONTENT="string," HEIGHT="70" WIDTH="203" VPOS="484" HPOS="791"/>
<SP HEIGHT="69" WIDTH="28" VPOS="484" HPOS="995"/>
<String CONTENT="by" HEIGHT="67" WIDTH="76" VPOS="484" HPOS="1024"/>
<SP HEIGHT="67" WIDTH="30" VPOS="484" HPOS="1101"/>
<String LANG="de" CONTENT="Ina" HEIGHT="52" WIDTH="108" VPOS="484" HPOS="1132"/>
<SP HEIGHT="51" WIDTH="32" VPOS="485" HPOS="1241"/>
<String CONTENT="Blair" HEIGHT="57" WIDTH="164" VPOS="479" HPOS="1274"/>
<SP HEIGHT="50" WIDTH="37" VPOS="500" HPOS="1439"/>
<String CS="1" CONTENT="[pseud.]" HEIGHT="68" WIDTH="213" VPOS="482" HPOS="1494"/>
<SP HEIGHT="66" WIDTH="77" VPOS="483" HPOS="1708"/>
<String CONTENT="London," HEIGHT="67" WIDTH="258" VPOS="480" HPOS="1786"/>
<SP HEIGHT="66" WIDTH="33" VPOS="481" HPOS="2045"/>
<String CONTENT="V." HEIGHT="53" WIDTH="69" VPOS="481" HPOS="2079"/>
</TextLine>
<TextLine HEIGHT="68" WIDTH="603" VPOS="565" HPOS="153" STYLEREFS="StyleId-8544BB9C-09B3-4672-A07F-72DB08956D8F-">
<String CONTENT="Gollancz" HEIGHT="56" WIDTH="273" VPOS="567" HPOS="153"/>
<SP HEIGHT="53" WIDTH="26" VPOS="565" HPOS="427"/>
<String CONTENT="ltd.," HEIGHT="68" WIDTH="121" VPOS="565" HPOS="454"/>
<SP HEIGHT="64" WIDTH="30" VPOS="569" HPOS="576"/>
<String CONTENT="1931." HEIGHT="52" WIDTH="149" VPOS="566" HPOS="607"/>
</TextLine>
<TextLine HEIGHT="50" WIDTH="274" VPOS="646" HPOS="226" CS="1">
<String CONTENT="285" HEIGHT="41" WIDTH="85" VPOS="648" HPOS="226"/>
<SP HEIGHT="48" WIDTH="28" VPOS="648" HPOS="312"/>
<String CONTENT="p." HEIGHT="37" WIDTH="42" VPOS="659" HPOS="341"/>
<SP HEIGHT="43" WIDTH="59" VPOS="646" HPOS="384"/>
<String CONTENT="19" HEIGHT="41" WIDTH="56" VPOS="646" HPOS="444"/>
<String STYLE="superscript" CS="1" CONTENT="&#7580;&#7504;."/>
</TextLine>
<TextLine HEIGHT="59" WIDTH="1992" VPOS="707" HPOS="162" CS="1">
<String CONTENT="&#169;" HEIGHT="52" WIDTH="51" VPOS="714" HPOS="162"/>
<SP/>
<String CS="1" CONTENT="1c."/>
<SP/>
<String CONTENT="Mar." HEIGHT="39" WIDTH="122" VPOS="718" HPOS="347"/>
<SP HEIGHT="41" WIDTH="32" VPOS="716" HPOS="470"/>
<String CONTENT="23," HEIGHT="48" WIDTH="68" VPOS="716" HPOS="503"/>
<SP HEIGHT="46" WIDTH="32" VPOS="718" HPOS="572"/>
<String CONTENT="1931;" HEIGHT="47" WIDTH="140" VPOS="714" HPOS="605"/>
<SP HEIGHT="46" WIDTH="34" VPOS="715" HPOS="746"/>
<!-- cceid E40E8D85-6E8D-1014-9CF5-AEB3FCA41D69 --><String CONTENT="A" HEIGHT="38" WIDTH="40" VPOS="715" HPOS="781"/>
<SP HEIGHT="39" WIDTH="31" VPOS="715" HPOS="822"/>
<String CONTENT="ad" HEIGHT="39" WIDTH="60" VPOS="715" HPOS="854"/>
<SP HEIGHT="40" WIDTH="33" VPOS="714" HPOS="915"/>
<String CONTENT="int." HEIGHT="39" WIDTH="84" VPOS="714" HPOS="949"/>
<SP HEIGHT="39" WIDTH="34" VPOS="714" HPOS="1034"/>
<String CONTENT="14872;" HEIGHT="47" WIDTH="169" VPOS="712" HPOS="1069"/>
<SP HEIGHT="38" WIDTH="35" VPOS="722" HPOS="1239"/>
<String CONTENT="pubd." HEIGHT="49" WIDTH="142" VPOS="711" HPOS="1275"/>
<SP HEIGHT="43" WIDTH="34" VPOS="710" HPOS="1418"/>
<String CONTENT="Jan." HEIGHT="40" WIDTH="109" VPOS="710" HPOS="1453"/>
<SP HEIGHT="41" WIDTH="33" VPOS="709" HPOS="1563"/>
<String CONTENT="26;" HEIGHT="48" WIDTH="83" VPOS="709" HPOS="1597"/>
<SP HEIGHT="46" WIDTH="35" VPOS="711" HPOS="1681"/>
<String LANG="de" CONTENT="Ina" HEIGHT="39" WIDTH="89" VPOS="711" HPOS="1717"/>
<SP HEIGHT="40" WIDTH="33" VPOS="710" HPOS="1807"/>
<String CONTENT="Blair" HEIGHT="41" WIDTH="138" VPOS="708" HPOS="1841"/>
<SP HEIGHT="39" WIDTH="33" VPOS="708" HPOS="1980"/>
<String CONTENT="Litic," HEIGHT="48" WIDTH="140" VPOS="707" HPOS="2014"/>
</TextLine>
<TextLine HEIGHT="50" WIDTH="606" VPOS="770" HPOS="229">
<String CONTENT="New" HEIGHT="40" WIDTH="117" VPOS="775" HPOS="229"/>
<SP HEIGHT="39" WIDTH="23" VPOS="775" HPOS="347"/>
<String CONTENT="York." HEIGHT="40" WIDTH="145" VPOS="774" HPOS="371"/>
<SP HEIGHT="48" WIDTH="68" VPOS="772" HPOS="517"/>
<String CONTENT="(31-9630)" HEIGHT="50" WIDTH="249" VPOS="770" HPOS="586"/>
</TextLine>
<TextLine HEIGHT="65" WIDTH="710" VPOS="864" HPOS="158" STYLEREFS="StyleId-8544BB9C-09B3-4672-A07F-72DB08956D8F-">
<String CONTENT="Caedmon" HEIGHT="54" WIDTH="293" VPOS="869" HPOS="158"/>
<SP HEIGHT="35" WIDTH="29" VPOS="884" HPOS="452"/>
<String CONTENT="manuscript." HEIGHT="65" WIDTH="386" VPOS="864" HPOS="482"/>
</TextLine>
<TextLine HEIGHT="75" WIDTH="1869" VPOS="934" HPOS="221" STYLEREFS="StyleId-8544BB9C-09B3-4672-A07F-72DB08956D8F-" CS="1">
<String CONTENT="The" HEIGHT="54" WIDTH="121" VPOS="942" HPOS="221"/>
<SP HEIGHT="55" WIDTH="33" VPOS="941" HPOS="343"/>
<String CONTENT="Junius" HEIGHT="55" WIDTH="210" VPOS="940" HPOS="377"/>
<SP HEIGHT="35" WIDTH="29" VPOS="958" HPOS="588"/>
<String CONTENT="manuscript," HEIGHT="70" WIDTH="369" VPOS="939" HPOS="618"/>
<SP HEIGHT="51" WIDTH="31" VPOS="958" HPOS="988"/>
<String CONTENT="edited" HEIGHT="54" WIDTH="188" VPOS="938" HPOS="1020"/>
<SP HEIGHT="53" WIDTH="32" VPOS="937" HPOS="1209"/>
<String CONTENT="by" HEIGHT="71" WIDTH="76" VPOS="937" HPOS="1242"/>
<SP HEIGHT="71" WIDTH="35" VPOS="937" HPOS="1319"/>
<String CONTENT="George" HEIGHT="68" WIDTH="219" VPOS="937" HPOS="1355"/>
<SP HEIGHT="55" WIDTH="32" VPOS="936" HPOS="1575"/>
<String CONTENT="Philip" HEIGHT="69" WIDTH="197" VPOS="934" HPOS="1608"/>
<SP HEIGHT="68" WIDTH="33" VPOS="935" HPOS="1806"/>
<String LANG="de" CONTENT="Krapp" HEIGHT="68" WIDTH="207" VPOS="935" HPOS="1840"/>
<SP HEIGHT="50" WIDTH="42" VPOS="952" HPOS="2048"/>
<String CS="1" CONTENT="&#8230;"/>
</TextLine>
<TextLine HEIGHT="72" WIDTH="1397" VPOS="1016" HPOS="153" STYLEREFS="StyleId-8544BB9C-09B3-4672-A07F-72DB08956D8F-">
<String CONTENT="New" HEIGHT="55" WIDTH="135" VPOS="1019" HPOS="153"/>
<SP HEIGHT="54" WIDTH="30" VPOS="1020" HPOS="289"/>
<String CONTENT="York," HEIGHT="70" WIDTH="176" VPOS="1018" HPOS="320"/>
<SP HEIGHT="70" WIDTH="30" VPOS="1018" HPOS="497"/>
<String CONTENT="Columbia" HEIGHT="57" WIDTH="297" VPOS="1016" HPOS="528"/>
<SP HEIGHT="34" WIDTH="26" VPOS="1035" HPOS="826"/>
<String CONTENT="university" HEIGHT="67" WIDTH="314" VPOS="1016" HPOS="853"/>
<SP HEIGHT="50" WIDTH="25" VPOS="1033" HPOS="1168"/>
<String CONTENT="press," HEIGHT="51" WIDTH="174" VPOS="1032" HPOS="1194"/>
<SP HEIGHT="63" WIDTH="30" VPOS="1017" HPOS="1369"/>
<String CONTENT="1931." HEIGHT="50" WIDTH="150" VPOS="1017" HPOS="1400"/>
</TextLine>
<TextLine HEIGHT="52" WIDTH="1931" VPOS="1096" HPOS="225" CS="1">
<String CONTENT="lviii," HEIGHT="46" WIDTH="120" VPOS="1102" HPOS="225"/>
<SP HEIGHT="46" WIDTH="36" VPOS="1102" HPOS="346"/>
<String CONTENT="247" HEIGHT="40" WIDTH="86" VPOS="1102" HPOS="383"/>
<SP HEIGHT="45" WIDTH="37" VPOS="1103" HPOS="470"/>
<String CONTENT="p." HEIGHT="37" WIDTH="43" VPOS="1111" HPOS="508"/>
<SP HEIGHT="40" WIDTH="57" VPOS="1101" HPOS="552"/>
<String CS="1" CONTENT="22&#189;" HEIGHT="40" WIDTH="56" VPOS="1100" HPOS="610"/>
<String STYLE="superscript" CS="1" CONTENT="&#7580;&#7504;."/>
<SP/>
<String CONTENT="(Half-title:" HEIGHT="50" WIDTH="296" VPOS="1098" HPOS="828"/>
<SP HEIGHT="40" WIDTH="38" VPOS="1100" HPOS="1125"/>
<String CONTENT="The" HEIGHT="40" WIDTH="101" VPOS="1098" HPOS="1164"/>
<SP HEIGHT="37" WIDTH="34" VPOS="1100" HPOS="1266"/>
<String CONTENT="Anglo-Saxon" HEIGHT="47" WIDTH="340" VPOS="1098" HPOS="1301"/>
<SP HEIGHT="38" WIDTH="37" VPOS="1107" HPOS="1642"/>
<String CONTENT="poetic" HEIGHT="49" WIDTH="155" VPOS="1096" HPOS="1680"/>
<SP HEIGHT="30" WIDTH="40" VPOS="1107" HPOS="1836"/>
<String CONTENT="records," HEIGHT="46" WIDTH="206" VPOS="1098" HPOS="1877"/>
<SP HEIGHT="38" WIDTH="42" VPOS="1106" HPOS="2084"/>
<String CONTENT="a" HEIGHT="30" WIDTH="29" VPOS="1106" HPOS="2127"/>
</TextLine>
<TextLine HEIGHT="48" WIDTH="576" VPOS="1157" HPOS="153" CS="1">
<String CONTENT="collective" HEIGHT="42" WIDTH="247" VPOS="1158" HPOS="153"/>
<SP HEIGHT="30" WIDTH="32" VPOS="1170" HPOS="401"/>
<String CONTENT="edition," HEIGHT="42" WIDTH="194" VPOS="1157" HPOS="434"/>
<SP HEIGHT="29" WIDTH="58" VPOS="1168" HPOS="629"/>
<String CS="1" CONTENT="I)" HEIGHT="47" WIDTH="13" VPOS="1158" HPOS="716"/>
</TextLine>
<TextLine HEIGHT="102" WIDTH="1983" VPOS="1209" HPOS="155" CS="1">
<String CONTENT="&#8220;The" HEIGHT="40" WIDTH="129" VPOS="1215" HPOS="228"/>
<SP HEIGHT="39" WIDTH="31" VPOS="1216" HPOS="358"/>
<String CONTENT="text" HEIGHT="39" WIDTH="106" VPOS="1216" HPOS="390"/>
<SP HEIGHT="38" WIDTH="30" VPOS="1216" HPOS="497"/>
<String CONTENT="of" HEIGHT="40" WIDTH="51" VPOS="1214" HPOS="528"/>
<SP HEIGHT="40" WIDTH="32" VPOS="1214" HPOS="580"/>
<String CONTENT="the" HEIGHT="40" WIDTH="81" VPOS="1214" HPOS="613"/>
<SP HEIGHT="37" WIDTH="30" VPOS="1224" HPOS="695"/>
<String CONTENT="poems" HEIGHT="39" WIDTH="162" VPOS="1222" HPOS="726"/>
<SP HEIGHT="29" WIDTH="35" VPOS="1224" HPOS="889"/>
<String CS="1" CONTENT="&#8230;"/>
<SP HEIGHT="38" WIDTH="35" VPOS="1214" HPOS="971"/>
<String CONTENT="has" HEIGHT="39" WIDTH="89" VPOS="1214" HPOS="1007"/>
<SP HEIGHT="40" WIDTH="28" VPOS="1213" HPOS="1097"/>
<String CONTENT="been" HEIGHT="38" WIDTH="118" VPOS="1213" HPOS="1126"/>
<SP HEIGHT="29" WIDTH="32" VPOS="1222" HPOS="1245"/>
<String CONTENT="made" HEIGHT="39" WIDTH="139" VPOS="1212" HPOS="1278"/>
<SP HEIGHT="39" WIDTH="32" VPOS="1211" HPOS="1418"/>
<String CONTENT="from" HEIGHT="40" WIDTH="124" VPOS="1211" HPOS="1451"/>
<SP HEIGHT="38" WIDTH="35" VPOS="1213" HPOS="1576"/>
<String CONTENT="the" HEIGHT="42" WIDTH="83" VPOS="1209" HPOS="1612"/>
<SP HEIGHT="31" WIDTH="32" VPOS="1220" HPOS="1696"/>
<String CONTENT="collotype" HEIGHT="49" WIDTH="236" VPOS="1210" HPOS="1729"/>
<SP HEIGHT="31" WIDTH="32" VPOS="1219" HPOS="1966"/>
<String CONTENT="reproductions" HEIGHT="92" WIDTH="1983" VPOS="1219" HPOS="155"/>
<SP HEIGHT="32" WIDTH="33" VPOS="1278" HPOS="378"/>
<String CONTENT="of" HEIGHT="41" WIDTH="51" VPOS="1269" HPOS="412"/>
</TextLine>
<TextLine HEIGHT="108" WIDTH="1983" VPOS="1267" HPOS="156" CS="1">
<String CONTENT="the" HEIGHT="37" WIDTH="80" VPOS="1272" HPOS="501"/>
<SP HEIGHT="40" WIDTH="35" VPOS="1270" HPOS="582"/>
<String CONTENT="Junius" HEIGHT="40" WIDTH="178" VPOS="1270" HPOS="618"/>
<SP HEIGHT="31" WIDTH="34" VPOS="1278" HPOS="797"/>
<String CONTENT="manuscript" HEIGHT="48" WIDTH="301" VPOS="1268" HPOS="832"/>
<SP HEIGHT="42" WIDTH="33" VPOS="1267" HPOS="1134"/>
<String CONTENT="in" HEIGHT="40" WIDTH="48" VPOS="1267" HPOS="1168"/>
<SP HEIGHT="40" WIDTH="39" VPOS="1268" HPOS="1217"/>
<String CONTENT="Gollancz&#8217;s" HEIGHT="41" WIDTH="267" VPOS="1267" HPOS="1257"/>
<SP HEIGHT="37" WIDTH="37" VPOS="1269" HPOS="1525"/>
<String CONTENT="&#8216;The" HEIGHT="40" WIDTH="113" VPOS="1267" HPOS="1563"/>
<SP HEIGHT="41" WIDTH="34" VPOS="1267" HPOS="1677"/>
<String CONTENT="Caedmon" HEIGHT="41" WIDTH="242" VPOS="1267" HPOS="1712"/>
<SP HEIGHT="30" WIDTH="34" VPOS="1277" HPOS="1955"/>
<String CONTENT="manuscript&#8217;" HEIGHT="99" WIDTH="1983" VPOS="1276" HPOS="156"/>
<SP HEIGHT="50" WIDTH="39" VPOS="1325" HPOS="318"/>
<String CONTENT="(Oxford" HEIGHT="49" WIDTH="210" VPOS="1326" HPOS="358"/>
<SP HEIGHT="39" WIDTH="23" VPOS="1328" HPOS="569"/>
<String CONTENT="university" HEIGHT="50" WIDTH="271" VPOS="1324" HPOS="593"/>
</TextLine>
<TextLine HEIGHT="50" WIDTH="547" VPOS="1323" HPOS="890">
<String LANG="en-US" CONTENT="press," HEIGHT="40" WIDTH="149" VPOS="1333" HPOS="890"/>
<SP HEIGHT="47" WIDTH="26" VPOS="1325" HPOS="1040"/>
<String LANG="en-US" CONTENT="1927)&#8221;&#8212;" HEIGHT="50" WIDTH="239" VPOS="1323" HPOS="1067"/>
<String LANG="fr" CONTENT="Bref." HEIGHT="43" WIDTH="129" VPOS="1323" HPOS="1308"/>
</TextLine>
<TextLine HEIGHT="101" WIDTH="1985" VPOS="1380" HPOS="157" CS="1">
<String CONTENT="&#8220;When" HEIGHT="42" WIDTH="181" VPOS="1382" HPOS="226"/>
<SP HEIGHT="39" WIDTH="32" VPOS="1382" HPOS="408"/>
<String CONTENT="in" HEIGHT="40" WIDTH="48" VPOS="1382" HPOS="441"/>
<SP HEIGHT="39" WIDTH="31" VPOS="1383" HPOS="490"/>
<String CONTENT="1654" HEIGHT="40" WIDTH="114" VPOS="1382" HPOS="522"/>
<SP HEIGHT="40" WIDTH="30" VPOS="1383" HPOS="637"/>
<String CONTENT="Junius" HEIGHT="41" WIDTH="178" VPOS="1382" HPOS="668"/>
<SP HEIGHT="38" WIDTH="29" VPOS="1391" HPOS="847"/>
<String CONTENT="published" HEIGHT="49" WIDTH="252" VPOS="1380" HPOS="877"/>
<SP HEIGHT="39" WIDTH="34" VPOS="1383" HPOS="1130"/>
<String CONTENT="at" HEIGHT="39" WIDTH="51" VPOS="1381" HPOS="1165"/>
<SP HEIGHT="38" WIDTH="29" VPOS="1381" HPOS="1217"/>
<String CONTENT="Amsterdam" HEIGHT="40" WIDTH="309" VPOS="1381" HPOS="1247"/>
<SP HEIGHT="38" WIDTH="35" VPOS="1383" HPOS="1557"/>
<String CONTENT="the" HEIGHT="41" WIDTH="81" VPOS="1380" HPOS="1593"/>
<SP HEIGHT="38" WIDTH="31" VPOS="1390" HPOS="1675"/>
<String CONTENT="poems" HEIGHT="39" WIDTH="161" VPOS="1389" HPOS="1707"/>
<SP HEIGHT="30" WIDTH="35" VPOS="1390" HPOS="1869"/>
<String CS="1" CONTENT="&#8230;"/>
<SP HEIGHT="39" WIDTH="34" VPOS="1380" HPOS="1953"/>
<String CONTENT="he" HEIGHT="41" WIDTH="60" VPOS="1380" HPOS="1988"/>
<SP HEIGHT="40" WIDTH="31" VPOS="1381" HPOS="2049"/>
<String CONTENT="described" HEIGHT="100" WIDTH="1985" VPOS="1381" HPOS="157"/>
<SP HEIGHT="39" WIDTH="29" VPOS="1441" HPOS="343"/>
<String CONTENT="them" HEIGHT="40" WIDTH="128" VPOS="1439" HPOS="373"/>
</TextLine>
<TextLine HEIGHT="50" WIDTH="1620" VPOS="1436" HPOS="538">
<String CONTENT="as" HEIGHT="29" WIDTH="55" VPOS="1449" HPOS="538"/>
<SP HEIGHT="29" WIDTH="30" VPOS="1449" HPOS="594"/>
<String CONTENT="a" HEIGHT="27" WIDTH="27" VPOS="1450" HPOS="625"/>
<SP HEIGHT="38" WIDTH="32" VPOS="1448" HPOS="653"/>
<String CONTENT="poetic" HEIGHT="49" WIDTH="157" VPOS="1437" HPOS="686"/>
<SP HEIGHT="38" WIDTH="30" VPOS="1447" HPOS="844"/>
<String CONTENT="paraphrase" HEIGHT="47" WIDTH="298" VPOS="1438" HPOS="875"/>
<SP HEIGHT="29" WIDTH="31" VPOS="1448" HPOS="1174"/>
<String CONTENT="of" HEIGHT="40" WIDTH="53" VPOS="1437" HPOS="1206"/>
<SP HEIGHT="41" WIDTH="29" VPOS="1436" HPOS="1260"/>
<String CONTENT="Genesis" HEIGHT="41" WIDTH="197" VPOS="1436" HPOS="1290"/>
<SP HEIGHT="31" WIDTH="32" VPOS="1445" HPOS="1488"/>
<String CONTENT="and" HEIGHT="39" WIDTH="96" VPOS="1438" HPOS="1521"/>
<SP HEIGHT="39" WIDTH="30" VPOS="1438" HPOS="1618"/>
<String CONTENT="other" HEIGHT="40" WIDTH="137" VPOS="1437" HPOS="1649"/>
<SP HEIGHT="38" WIDTH="30" VPOS="1446" HPOS="1787"/>
<String CONTENT="parts" HEIGHT="45" WIDTH="139" VPOS="1439" HPOS="1818"/>
<SP HEIGHT="29" WIDTH="32" VPOS="1448" HPOS="1958"/>
<String CONTENT="of" HEIGHT="41" WIDTH="53" VPOS="1436" HPOS="1991"/>
<SP HEIGHT="41" WIDTH="28" VPOS="1436" HPOS="2045"/>
<String CONTENT="the" HEIGHT="41" WIDTH="84" VPOS="1436" HPOS="2074"/>
</TextLine>
<TextLine HEIGHT="53" WIDTH="1999" VPOS="1492" HPOS="159">
<String CONTENT="Scriptures" HEIGHT="49" WIDTH="274" VPOS="1495" HPOS="159"/>
<SP HEIGHT="40" WIDTH="35" VPOS="1496" HPOS="434"/>
<String CONTENT="by" HEIGHT="49" WIDTH="61" VPOS="1496" HPOS="470"/>
<SP HEIGHT="47" WIDTH="40" VPOS="1498" HPOS="532"/>
<String CONTENT="the" HEIGHT="40" WIDTH="81" VPOS="1495" HPOS="573"/>
<SP HEIGHT="30" WIDTH="38" VPOS="1504" HPOS="655"/>
<String CONTENT="monk" HEIGHT="38" WIDTH="143" VPOS="1496" HPOS="694"/>
<SP HEIGHT="40" WIDTH="43" VPOS="1495" HPOS="838"/>
<String LANG="fr" CONTENT="C&#230;dmon." HEIGHT="40" WIDTH="232" VPOS="1495" HPOS="882"/>
<SP HEIGHT="38" WIDTH="68" VPOS="1495" HPOS="1115"/>
<String CONTENT="The" HEIGHT="38" WIDTH="103" VPOS="1494" HPOS="1184"/>
<SP HEIGHT="28" WIDTH="41" VPOS="1504" HPOS="1288"/>
<String CONTENT="manuscript" HEIGHT="48" WIDTH="299" VPOS="1493" HPOS="1330"/>
<SP HEIGHT="38" WIDTH="37" VPOS="1495" HPOS="1630"/>
<String CONTENT="now" HEIGHT="32" WIDTH="106" VPOS="1502" HPOS="1668"/>
<SP HEIGHT="29" WIDTH="40" VPOS="1505" HPOS="1775"/>
<String CONTENT="rests" HEIGHT="39" WIDTH="127" VPOS="1495" HPOS="1816"/>
<SP HEIGHT="40" WIDTH="36" VPOS="1492" HPOS="1944"/>
<String CONTENT="in" HEIGHT="41" WIDTH="50" VPOS="1492" HPOS="1981"/>
<SP HEIGHT="39" WIDTH="41" VPOS="1495" HPOS="2032"/>
<String CONTENT="the" HEIGHT="41" WIDTH="84" VPOS="1493" HPOS="2074"/>
</TextLine>
<TextLine HEIGHT="53" WIDTH="2000" VPOS="1547" HPOS="157" CS="1">
<String CONTENT="Bodleian" HEIGHT="41" WIDTH="233" VPOS="1552" HPOS="157"/>
<SP HEIGHT="40" WIDTH="33" VPOS="1552" HPOS="391"/>
<String CONTENT="library" HEIGHT="51" WIDTH="185" VPOS="1549" HPOS="425"/>
<SP HEIGHT="39" WIDTH="32" VPOS="1561" HPOS="611"/>
<String CONTENT="at" HEIGHT="39" WIDTH="51" VPOS="1552" HPOS="644"/>
<SP HEIGHT="44" WIDTH="32" VPOS="1547" HPOS="696"/>
<String CONTENT="Oxford," HEIGHT="51" WIDTH="200" VPOS="1547" HPOS="729"/>
<SP HEIGHT="36" WIDTH="35" VPOS="1562" HPOS="930"/>
<String CONTENT="where" HEIGHT="41" WIDTH="157" VPOS="1550" HPOS="966"/>
<SP HEIGHT="40" WIDTH="34" VPOS="1549" HPOS="1124"/>
<String CONTENT="it" HEIGHT="41" WIDTH="40" VPOS="1549" HPOS="1159"/>
<SP HEIGHT="42" WIDTH="31" VPOS="1548" HPOS="1200"/>
<String CONTENT="is" HEIGHT="40" WIDTH="42" VPOS="1548" HPOS="1232"/>
<SP HEIGHT="30" WIDTH="30" VPOS="1558" HPOS="1275"/>
<String CONTENT="numbered" HEIGHT="41" WIDTH="261" VPOS="1549" HPOS="1306"/>
<SP HEIGHT="41" WIDTH="31" VPOS="1549" HPOS="1568"/>
<String CONTENT="Junius" HEIGHT="40" WIDTH="178" VPOS="1549" HPOS="1600"/>
<SP HEIGHT="30" WIDTH="33" VPOS="1559" HPOS="1779"/>
<String CS="1" CONTENT="XI.&#8221;&#8212;Introd." HEIGHT="41" WIDTH="287" VPOS="1549" HPOS="1870"/>
</TextLine>
<TextLine HEIGHT="51" WIDTH="1658" VPOS="1604" HPOS="504" CS="1">
<String CS="1" CONTENT="CONTENTS."/>
<SP HEIGHT="18" WIDTH="16" VPOS="1629" HPOS="504"/>
<String CONTENT="&#8212;" HEIGHT="5" WIDTH="59" VPOS="1629" HPOS="521"/>
<SP HEIGHT="37" WIDTH="14" VPOS="1608" HPOS="581"/>
<String CONTENT="Introduction.&#8212;Bibliography" HEIGHT="50" WIDTH="758" VPOS="1604" HPOS="596"/>
<SP HEIGHT="48" WIDTH="61" VPOS="1606" HPOS="1355"/>
<String CONTENT="(p." HEIGHT="48" WIDTH="66" VPOS="1606" HPOS="1417"/>
<SP HEIGHT="29" WIDTH="56" VPOS="1626" HPOS="1484"/>
<String CS="1" CONTENT="[xlv]-lviii)&#8212;Genesis.&#8212;" HEIGHT="50" WIDTH="621" VPOS="1605" HPOS="1541"/>
</TextLine>
<TextLine HEIGHT="44" WIDTH="1239" VPOS="1661" HPOS="158">
<String CONTENT="Exodus.&#8212;Daniel.&#8212;Christ" HEIGHT="43" WIDTH="688" VPOS="1662" HPOS="158"/>
<SP HEIGHT="39" WIDTH="30" VPOS="1665" HPOS="847"/>
<String CONTENT="and" HEIGHT="39" WIDTH="95" VPOS="1665" HPOS="878"/>
<SP HEIGHT="43" WIDTH="32" VPOS="1661" HPOS="974"/>
<String CONTENT="Satan.&#8212;Notes." HEIGHT="42" WIDTH="390" VPOS="1661" HPOS="1007"/>
</TextLine>
<TextLine HEIGHT="52" WIDTH="1994" VPOS="1733" HPOS="167" CS="1">
<String CONTENT="&#169;" HEIGHT="52" WIDTH="51" VPOS="1733" HPOS="167"/>
<SP HEIGHT="52" WIDTH="35" VPOS="1733" HPOS="219"/>
<String CONTENT="Feb." HEIGHT="41" WIDTH="111" VPOS="1737" HPOS="255"/>
<SP HEIGHT="41" WIDTH="34" VPOS="1737" HPOS="367"/>
<String CONTENT="20," HEIGHT="49" WIDTH="69" VPOS="1736" HPOS="402"/>
<SP HEIGHT="48" WIDTH="34" VPOS="1737" HPOS="472"/>
<String CS="1" CONTENT="1931;" HEIGHT="41" WIDTH="114" VPOS="1735" HPOS="507"/>
<SP HEIGHT="47" WIDTH="35" VPOS="1735" HPOS="648"/>
<String CONTENT="2c," HEIGHT="43" WIDTH="70" VPOS="1735" HPOS="684"/>
<SP HEIGHT="43" WIDTH="33" VPOS="1735" HPOS="755"/>
<String CONTENT="Mar." HEIGHT="39" WIDTH="121" VPOS="1735" HPOS="789"/>
<SP HEIGHT="38" WIDTH="34" VPOS="1736" HPOS="911"/>
<String CS="1" CONTENT="30;" HEIGHT="40" WIDTH="55" VPOS="1734" HPOS="946"/>
<SP HEIGHT="36" WIDTH="38" VPOS="1745" HPOS="1028"/>
<String CONTENT="aff." HEIGHT="42" WIDTH="81" VPOS="1733" HPOS="1067"/>
<SP HEIGHT="41" WIDTH="36" VPOS="1734" HPOS="1149"/>
<String CONTENT="Feb." HEIGHT="40" WIDTH="111" VPOS="1734" HPOS="1186"/>
<SP HEIGHT="41" WIDTH="35" VPOS="1733" HPOS="1298"/>
<String CS="1" CONTENT="24;" HEIGHT="40" WIDTH="55" VPOS="1733" HPOS="1334"/>
<SP HEIGHT="46" WIDTH="36" VPOS="1734" HPOS="1417"/>
<!-- cceid E40F3B72-6E8D-1014-9CF5-AEB3FCA41D69 --><String CONTENT="A" HEIGHT="38" WIDTH="40" VPOS="1734" HPOS="1454"/>
<SP HEIGHT="41" WIDTH="34" VPOS="1734" HPOS="1495"/>
<String CS="1" CONTENT="35531;" HEIGHT="41" WIDTH="142" VPOS="1734" HPOS="1530"/>
<SP HEIGHT="47" WIDTH="40" VPOS="1734" HPOS="1701"/>
<String CONTENT="Columbia" HEIGHT="41" WIDTH="250" VPOS="1734" HPOS="1742"/>
<SP HEIGHT="29" WIDTH="36" VPOS="1745" HPOS="1993"/>
<String CONTENT="univ." HEIGHT="41" WIDTH="131" VPOS="1733" HPOS="2030"/>
</TextLine>
<TextLine HEIGHT="50" WIDTH="469" VPOS="1792" HPOS="235">
<String CONTENT="press." HEIGHT="38" WIDTH="149" VPOS="1804" HPOS="235"/>
<SP HEIGHT="47" WIDTH="70" VPOS="1795" HPOS="385"/>
<String CONTENT="(31-8589)" HEIGHT="50" WIDTH="248" VPOS="1792" HPOS="456"/>
</TextLine>
<TextLine HEIGHT="69" WIDTH="998" VPOS="1885" HPOS="163" STYLEREFS="StyleId-8544BB9C-09B3-4672-A07F-72DB08956D8F-">
<String CONTENT="Clamp," HEIGHT="65" WIDTH="221" VPOS="1889" HPOS="163"/>
<SP HEIGHT="65" WIDTH="28" VPOS="1889" HPOS="385"/>
<String CONTENT="Helen" HEIGHT="52" WIDTH="186" VPOS="1888" HPOS="414"/>
<SP HEIGHT="52" WIDTH="29" VPOS="1888" HPOS="601"/>
<String CONTENT="Mary" HEIGHT="63" WIDTH="171" VPOS="1888" HPOS="631"/>
<SP HEIGHT="63" WIDTH="30" VPOS="1888" HPOS="803"/>
<String CONTENT="Elizabeth." HEIGHT="54" WIDTH="327" VPOS="1885" HPOS="834"/>
</TextLine>
<TextLine HEIGHT="72" WIDTH="1904" VPOS="1960" HPOS="226" STYLEREFS="StyleId-8544BB9C-09B3-4672-A07F-72DB08956D8F-" CS="1">
<String CONTENT="The" HEIGHT="53" WIDTH="122" VPOS="1962" HPOS="226"/>
<SP HEIGHT="50" WIDTH="31" VPOS="1981" HPOS="349"/>
<String CONTENT="power" HEIGHT="51" WIDTH="190" VPOS="1980" HPOS="381"/>
<SP HEIGHT="34" WIDTH="36" VPOS="1980" HPOS="572"/>
<String CONTENT="and" HEIGHT="53" WIDTH="110" VPOS="1961" HPOS="609"/>
<SP HEIGHT="69" WIDTH="37" VPOS="1961" HPOS="720"/>
<String CONTENT="glory" HEIGHT="71" WIDTH="163" VPOS="1961" HPOS="758"/>
<SP HEIGHT="53" WIDTH="35" VPOS="1979" HPOS="922"/>
<String CONTENT="girl," HEIGHT="70" WIDTH="130" VPOS="1960" HPOS="958"/>
<SP HEIGHT="68" WIDTH="34" VPOS="1962" HPOS="1089"/>
<String CONTENT="by" HEIGHT="70" WIDTH="73" VPOS="1962" HPOS="1124"/>
<SP HEIGHT="70" WIDTH="36" VPOS="1962" HPOS="1198"/>
<String CS="1" CONTENT="H"/>
<String LANG="el" CONTENT="." HEIGHT="9" WIDTH="8" VPOS="2004" HPOS="1302"/>
<SP HEIGHT="52" WIDTH="39" VPOS="1963" HPOS="1311"/>
<String CONTENT="M." HEIGHT="52" WIDTH="77" VPOS="1963" HPOS="1351"/>
<SP HEIGHT="54" WIDTH="41" VPOS="1961" HPOS="1429"/>
<String CONTENT="E." HEIGHT="54" WIDTH="65" VPOS="1961" HPOS="1471"/>
<SP HEIGHT="55" WIDTH="40" VPOS="1960" HPOS="1537"/>
<String CONTENT="Clamp." HEIGHT="68" WIDTH="217" VPOS="1960" HPOS="1578"/>
<SP HEIGHT="34" WIDTH="81" VPOS="1996" HPOS="1796"/>
<String CS="1" CONTENT="[London]" HEIGHT="69" WIDTH="252" VPOS="1961" HPOS="1878"/>
</TextLine>
<TextLine HEIGHT="68" WIDTH="826" VPOS="2039" HPOS="221" STYLEREFS="StyleId-8544BB9C-09B3-4672-A07F-72DB08956D8F-" CS="1">
<String CS="1" CONTENT="Hurst" HEIGHT="47" WIDTH="120" VPOS="2048" HPOS="221"/>
<SP HEIGHT="51" WIDTH="26" VPOS="2043" HPOS="342"/>
<String CONTENT="&amp;" HEIGHT="49" WIDTH="45" VPOS="2043" HPOS="369"/>
<SP HEIGHT="52" WIDTH="31" VPOS="2040" HPOS="415"/>
<String CONTENT="Blackett," HEIGHT="68" WIDTH="278" VPOS="2039" HPOS="447"/>
<SP HEIGHT="68" WIDTH="29" VPOS="2039" HPOS="726"/>
<String CONTENT="ltd." HEIGHT="54" WIDTH="101" VPOS="2039" HPOS="756"/>
<SP HEIGHT="35" WIDTH="35" VPOS="2072" HPOS="858"/>
<String CS="1" CONTENT="[1931]" HEIGHT="49" WIDTH="131" VPOS="2042" HPOS="916"/>
</TextLine>
<TextLine HEIGHT="50" WIDTH="721" VPOS="2121" HPOS="228" CS="1">
<String CONTENT="2" HEIGHT="38" WIDTH="26" VPOS="2125" HPOS="228"/>
<SP/>
<String CS="1" CONTENT="p."/>
<SP/>
<String CS="1" CONTENT="l.," HEIGHT="16" WIDTH="8" VPOS="2155" HPOS="392"/>
<SP HEIGHT="48" WIDTH="29" VPOS="2123" HPOS="401"/>
<String CONTENT="ix-x," HEIGHT="47" WIDTH="128" VPOS="2123" HPOS="431"/>
<SP HEIGHT="46" WIDTH="27" VPOS="2124" HPOS="560"/>
<String CONTENT="11-288" HEIGHT="42" WIDTH="173" VPOS="2121" HPOS="588"/>
<SP HEIGHT="47" WIDTH="28" VPOS="2123" HPOS="762"/>
<String CONTENT="p." HEIGHT="37" WIDTH="42" VPOS="2133" HPOS="791"/>
<SP HEIGHT="40" WIDTH="59" VPOS="2122" HPOS="834"/>
<String CS="1" CONTENT="19&#189;" HEIGHT="41" WIDTH="55" VPOS="2121" HPOS="894"/>
<String STYLE="superscript" CS="1" CONTENT="&#7580;&#7504;."/>
</TextLine>
<TextLine HEIGHT="52" WIDTH="1995" VPOS="2190" HPOS="168" CS="1">
<String CONTENT="&#169;" HEIGHT="52" WIDTH="51" VPOS="2190" HPOS="168"/>
<SP/>
<String CS="1" CONTENT="1c."/>
<SP/>
<String CONTENT="Apr." HEIGHT="48" WIDTH="115" VPOS="2194" HPOS="349"/>
<SP HEIGHT="39" WIDTH="30" VPOS="2195" HPOS="465"/>
<String CONTENT="11," HEIGHT="47" WIDTH="68" VPOS="2194" HPOS="496"/>
<SP HEIGHT="48" WIDTH="31" VPOS="2193" HPOS="565"/>
<String CS="1" CONTENT="1931;" HEIGHT="41" WIDTH="109" VPOS="2192" HPOS="597"/>
<SP HEIGHT="45" WIDTH="32" VPOS="2194" HPOS="737"/>
<!-- cceid E40FE74E-6E8D-1014-9CF5-AEB3FCA41D69 --><String CONTENT="A" HEIGHT="38" WIDTH="42" VPOS="2194" HPOS="770"/>
<SP HEIGHT="38" WIDTH="29" VPOS="2194" HPOS="813"/>
<String CONTENT="ad" HEIGHT="39" WIDTH="61" VPOS="2193" HPOS="843"/>
<SP HEIGHT="40" WIDTH="30" VPOS="2192" HPOS="905"/>
<String CONTENT="int." HEIGHT="40" WIDTH="86" VPOS="2192" HPOS="936"/>
<SP HEIGHT="37" WIDTH="32" VPOS="2194" HPOS="1023"/>
<String CS="1" CONTENT="14939;" HEIGHT="40" WIDTH="142" VPOS="2191" HPOS="1056"/>
<SP HEIGHT="38" WIDTH="34" VPOS="2202" HPOS="1226"/>
<String CONTENT="pubd." HEIGHT="47" WIDTH="142" VPOS="2193" HPOS="1261"/>
<SP HEIGHT="39" WIDTH="33" VPOS="2193" HPOS="1404"/>
<String CONTENT="Feb." HEIGHT="39" WIDTH="110" VPOS="2193" HPOS="1438"/>
<SP HEIGHT="39" WIDTH="31" VPOS="2193" HPOS="1549"/>
<String CS="1" CONTENT="13;" HEIGHT="40" WIDTH="54" VPOS="2193" HPOS="1581"/>
<SP HEIGHT="46" WIDTH="35" VPOS="2193" HPOS="1663"/>
<String LANG="fr" CONTENT="H." HEIGHT="39" WIDTH="61" VPOS="2193" HPOS="1699"/>
<SP HEIGHT="39" WIDTH="32" VPOS="2193" HPOS="1761"/>
<String CONTENT="M." HEIGHT="39" WIDTH="62" VPOS="2193" HPOS="1794"/>
<SP HEIGHT="39" WIDTH="34" VPOS="2194" HPOS="1857"/>
<String CONTENT="E." HEIGHT="39" WIDTH="52" VPOS="2194" HPOS="1892"/>
<SP HEIGHT="42" WIDTH="34" VPOS="2191" HPOS="1945"/>
<String CONTENT="Clamp," HEIGHT="48" WIDTH="183" VPOS="2191" HPOS="1980"/>
</TextLine>
<TextLine HEIGHT="50" WIDTH="1047" VPOS="2248" HPOS="238">
<String CONTENT="Orpington," HEIGHT="48" WIDTH="281" VPOS="2250" HPOS="238"/>
<SP HEIGHT="47" WIDTH="32" VPOS="2251" HPOS="520"/>
<String CONTENT="Kent," HEIGHT="46" WIDTH="142" VPOS="2251" HPOS="553"/>
<SP HEIGHT="46" WIDTH="33" VPOS="2251" HPOS="696"/>
<String CONTENT="England." HEIGHT="47" WIDTH="235" VPOS="2250" HPOS="730"/>
<SP HEIGHT="47" WIDTH="69" VPOS="2250" HPOS="966"/>
<String CONTENT="(31-9906)" HEIGHT="49" WIDTH="249" VPOS="2248" HPOS="1036"/>
</TextLine>
<TextLine HEIGHT="65" WIDTH="932" VPOS="2343" HPOS="164" STYLEREFS="StyleId-8544BB9C-09B3-4672-A07F-72DB08956D8F-">
<String CONTENT="Cook," HEIGHT="64" WIDTH="174" VPOS="2344" HPOS="164"/>
<SP HEIGHT="62" WIDTH="28" VPOS="2346" HPOS="339"/>
<String CONTENT="Mrs." HEIGHT="54" WIDTH="138" VPOS="2346" HPOS="368"/>
<SP HEIGHT="51" WIDTH="31" VPOS="2345" HPOS="507"/>
<String CONTENT="Ellen" HEIGHT="54" WIDTH="164" VPOS="2343" HPOS="539"/>
<SP HEIGHT="52" WIDTH="29" VPOS="2344" HPOS="704"/>
<String CONTENT="A." HEIGHT="54" WIDTH="71" VPOS="2344" HPOS="734"/>
<SP HEIGHT="55" WIDTH="27" VPOS="2343" HPOS="806"/>
<String CONTENT="Pennau." HEIGHT="55" WIDTH="262" VPOS="2343" HPOS="834"/>
</TextLine>
<TextLine HEIGHT="70" WIDTH="1929" VPOS="2418" HPOS="230" STYLEREFS="StyleId-8544BB9C-09B3-4672-A07F-72DB08956D8F-">
<String CONTENT="The" HEIGHT="52" WIDTH="121" VPOS="2420" HPOS="230"/>
<SP HEIGHT="34" WIDTH="27" VPOS="2438" HPOS="352"/>
<String CONTENT="voice" HEIGHT="53" WIDTH="157" VPOS="2420" HPOS="380"/>
<SP HEIGHT="47" WIDTH="27" VPOS="2426" HPOS="538"/>
<String CONTENT="triumphant," HEIGHT="70" WIDTH="378" VPOS="2418" HPOS="566"/>
<SP HEIGHT="63" WIDTH="27" VPOS="2425" HPOS="945"/>
<String CONTENT="the" HEIGHT="51" WIDTH="95" VPOS="2421" HPOS="973"/>
<SP HEIGHT="35" WIDTH="28" VPOS="2437" HPOS="1069"/>
<String CONTENT="revelations" HEIGHT="55" WIDTH="339" VPOS="2418" HPOS="1098"/>
<SP HEIGHT="35" WIDTH="30" VPOS="2438" HPOS="1438"/>
<String CONTENT="of" HEIGHT="52" WIDTH="62" VPOS="2420" HPOS="1469"/>
<SP HEIGHT="54" WIDTH="29" VPOS="2420" HPOS="1532"/>
<String CONTENT="a" HEIGHT="33" WIDTH="30" VPOS="2441" HPOS="1562"/>
<SP HEIGHT="36" WIDTH="27" VPOS="2438" HPOS="1593"/>
<String CONTENT="medium," HEIGHT="69" WIDTH="266" VPOS="2419" HPOS="1621"/>
<SP HEIGHT="69" WIDTH="28" VPOS="2419" HPOS="1888"/>
<String CONTENT="by" HEIGHT="69" WIDTH="74" VPOS="2419" HPOS="1917"/>
<SP HEIGHT="69" WIDTH="27" VPOS="2419" HPOS="1992"/>
<String CONTENT="Mrs." HEIGHT="53" WIDTH="139" VPOS="2419" HPOS="2020"/>
</TextLine>
<TextLine HEIGHT="71" WIDTH="1927" VPOS="2496" HPOS="163" STYLEREFS="StyleId-8544BB9C-09B3-4672-A07F-72DB08956D8F-" CS="1">
<String CONTENT="Cecil" HEIGHT="56" WIDTH="153" VPOS="2496" HPOS="163"/>
<SP HEIGHT="52" WIDTH="32" VPOS="2497" HPOS="317"/>
<String CONTENT="M." HEIGHT="52" WIDTH="79" VPOS="2497" HPOS="350"/>
<SP HEIGHT="56" WIDTH="37" VPOS="2496" HPOS="430"/>
<String CONTENT="Cook" HEIGHT="56" WIDTH="155" VPOS="2496" HPOS="468"/>
<SP HEIGHT="55" WIDTH="36" VPOS="2496" HPOS="624"/>
<String CS="1" CONTENT="&#8230;"/>
<SP HEIGHT="55" WIDTH="71" VPOS="2496" HPOS="718"/>
<String CONTENT="New" HEIGHT="53" WIDTH="135" VPOS="2496" HPOS="790"/>
<SP HEIGHT="52" WIDTH="35" VPOS="2496" HPOS="926"/>
<String CONTENT="York," HEIGHT="69" WIDTH="177" VPOS="2496" HPOS="962"/>
<SP HEIGHT="68" WIDTH="33" VPOS="2497" HPOS="1140"/>
<String CONTENT="London," HEIGHT="68" WIDTH="256" VPOS="2497" HPOS="1174"/>
<SP HEIGHT="68" WIDTH="32" VPOS="2497" HPOS="1431"/>
<String CONTENT="A." HEIGHT="52" WIDTH="69" VPOS="2497" HPOS="1464"/>
<SP HEIGHT="52" WIDTH="37" VPOS="2497" HPOS="1534"/>
<String CONTENT="A." HEIGHT="52" WIDTH="68" VPOS="2497" HPOS="1572"/>
<SP HEIGHT="53" WIDTH="35" VPOS="2497" HPOS="1641"/>
<String CONTENT="Knopf," HEIGHT="71" WIDTH="224" VPOS="2496" HPOS="1677"/>
<SP HEIGHT="67" WIDTH="36" VPOS="2500" HPOS="1902"/>
<String CONTENT="1931." HEIGHT="49" WIDTH="151" VPOS="2500" HPOS="1939"/>
</TextLine>
<TextLine HEIGHT="49" WIDTH="949" VPOS="2576" HPOS="232" CS="1">
<String CONTENT="xiv," HEIGHT="48" WIDTH="96" VPOS="2577" HPOS="232"/>
<SP HEIGHT="49" WIDTH="28" VPOS="2576" HPOS="329"/>
<String CONTENT="323" HEIGHT="42" WIDTH="87" VPOS="2576" HPOS="358"/>
<SP HEIGHT="48" WIDTH="26" VPOS="2577" HPOS="446"/>
<String LANG="fr" CS="1" CONTENT="p.,"/>
<SP/>
<String LANG="fr" CS="1" CONTENT="1"/>
<SP/>
<String LANG="fr" CS="1" CONTENT="l."/>
<SP HEIGHT="42" WIDTH="56" VPOS="2576" HPOS="650"/>
<String CS="1" CONTENT="front."/>
<SP HEIGHT="48" WIDTH="28" VPOS="2577" HPOS="856"/>
<String CONTENT="(port.)" HEIGHT="49" WIDTH="172" VPOS="2576" HPOS="885"/>
<SP HEIGHT="48" WIDTH="66" VPOS="2576" HPOS="1058"/>
<String CS="1" CONTENT="21&#189;" HEIGHT="39" WIDTH="56" VPOS="2577" HPOS="1125"/>
<String STYLE="superscript" CS="1" CONTENT="&#7580;&#7504;."/>
</TextLine>
<TextLine HEIGHT="52" WIDTH="1995" VPOS="2648" HPOS="173" CS="1">
<String CONTENT="&#169;" HEIGHT="52" WIDTH="51" VPOS="2648" HPOS="173"/>
<SP HEIGHT="52" WIDTH="23" VPOS="2648" HPOS="225"/>
<String CONTENT="Mar." HEIGHT="39" WIDTH="121" VPOS="2653" HPOS="249"/>
<SP HEIGHT="41" WIDTH="23" VPOS="2651" HPOS="371"/>
<String CONTENT="27," HEIGHT="48" WIDTH="69" VPOS="2651" HPOS="395"/>
<SP HEIGHT="48" WIDTH="24" VPOS="2651" HPOS="465"/>
<String CS="1" CONTENT="1931;" HEIGHT="41" WIDTH="112" VPOS="2649" HPOS="490"/>
<SP HEIGHT="48" WIDTH="25" VPOS="2649" HPOS="629"/>
<String CONTENT="2c." HEIGHT="41" WIDTH="66" VPOS="2649" HPOS="655"/>
<SP HEIGHT="39" WIDTH="24" VPOS="2651" HPOS="722"/>
<String CONTENT="Mar." HEIGHT="39" WIDTH="121" VPOS="2651" HPOS="747"/>
<SP HEIGHT="40" WIDTH="22" VPOS="2650" HPOS="869"/>
<String CS="1" CONTENT="30;" HEIGHT="41" WIDTH="59" VPOS="2649" HPOS="892"/>
<SP HEIGHT="36" WIDTH="26" VPOS="2660" HPOS="975"/>
<String CONTENT="aff." HEIGHT="42" WIDTH="81" VPOS="2649" HPOS="1002"/>
<SP HEIGHT="40" WIDTH="24" VPOS="2651" HPOS="1084"/>
<String CONTENT="Apr." HEIGHT="46" WIDTH="112" VPOS="2651" HPOS="1109"/>
<SP HEIGHT="40" WIDTH="24" VPOS="2651" HPOS="1222"/>
<String CS="1" CONTENT="17;" HEIGHT="40" WIDTH="56" VPOS="2651" HPOS="1247"/>
<SP HEIGHT="47" WIDTH="26" VPOS="2650" HPOS="1330"/>
<!-- cceid E4109D25-6E8D-1014-9CF5-AEB3FCA41D69 --><String CONTENT="A" HEIGHT="39" WIDTH="40" VPOS="2650" HPOS="1357"/>
<SP HEIGHT="40" WIDTH="21" VPOS="2650" HPOS="1398"/>
<String CS="1" CONTENT="35512;" HEIGHT="40" WIDTH="144" VPOS="2650" HPOS="1420"/>
<SP HEIGHT="46" WIDTH="26" VPOS="2651" HPOS="1592"/>
<String CONTENT="Ellen" HEIGHT="40" WIDTH="141" VPOS="2651" HPOS="1619"/>
<SP HEIGHT="39" WIDTH="20" VPOS="2650" HPOS="1761"/>
<String CONTENT="A." HEIGHT="41" WIDTH="55" VPOS="2650" HPOS="1782"/>
<SP HEIGHT="41" WIDTH="25" VPOS="2650" HPOS="1838"/>
<String CONTENT="Cook," HEIGHT="47" WIDTH="142" VPOS="2650" HPOS="1864"/>
<SP HEIGHT="47" WIDTH="31" VPOS="2650" HPOS="2007"/>
<String CONTENT="West" HEIGHT="40" WIDTH="129" VPOS="2650" HPOS="2039"/>
</TextLine>
<TextLine HEIGHT="50" WIDTH="800" VPOS="2705" HPOS="240">
<String CONTENT="Palm" HEIGHT="39" WIDTH="137" VPOS="2709" HPOS="240"/>
<SP HEIGHT="38" WIDTH="30" VPOS="2709" HPOS="378"/>
<String CONTENT="Beach," HEIGHT="47" WIDTH="175" VPOS="2707" HPOS="409"/>
<SP HEIGHT="47" WIDTH="31" VPOS="2707" HPOS="585"/>
<String CONTENT="Fla." HEIGHT="39" WIDTH="102" VPOS="2707" HPOS="617"/>
<SP HEIGHT="47" WIDTH="69" VPOS="2707" HPOS="720"/>
<String CONTENT="(31-8696)" HEIGHT="50" WIDTH="250" VPOS="2705" HPOS="790"/>
</TextLine>
<TextLine HEIGHT="66" WIDTH="965" VPOS="2799" HPOS="168" STYLEREFS="StyleId-8544BB9C-09B3-4672-A07F-72DB08956D8F-">
<String CONTENT="Cordell," HEIGHT="63" WIDTH="244" VPOS="2799" HPOS="168"/>
<SP HEIGHT="61" WIDTH="26" VPOS="2801" HPOS="413"/>
<String CONTENT="Harry" HEIGHT="64" WIDTH="199" VPOS="2801" HPOS="440"/>
<SP HEIGHT="64" WIDTH="27" VPOS="2801" HPOS="640"/>
<String CONTENT="William," HEIGHT="66" WIDTH="272" VPOS="2799" HPOS="668"/>
<SP HEIGHT="57" WIDTH="30" VPOS="2808" HPOS="941"/>
<String CONTENT="1883-" HEIGHT="51" WIDTH="161" VPOS="2806" HPOS="972"/>
</TextLine>
<TextLine HEIGHT="71" WIDTH="1931" VPOS="2877" HPOS="235" STYLEREFS="StyleId-8544BB9C-09B3-4672-A07F-72DB08956D8F-">
<String CONTENT="Instalment" HEIGHT="54" WIDTH="346" VPOS="2877" HPOS="235"/>
<SP HEIGHT="48" WIDTH="38" VPOS="2883" HPOS="582"/>
<String CONTENT="credit" HEIGHT="54" WIDTH="180" VPOS="2877" HPOS="621"/>
<SP HEIGHT="53" WIDTH="39" VPOS="2878" HPOS="802"/>
<String CONTENT="in" HEIGHT="52" WIDTH="61" VPOS="2878" HPOS="842"/>
<SP HEIGHT="48" WIDTH="37" VPOS="2883" HPOS="904"/>
<String CONTENT="the" HEIGHT="53" WIDTH="97" VPOS="2879" HPOS="942"/>
<SP HEIGHT="35" WIDTH="40" VPOS="2897" HPOS="1040"/>
<String CONTENT="retail" HEIGHT="52" WIDTH="167" VPOS="2879" HPOS="1081"/>
<SP HEIGHT="53" WIDTH="42" VPOS="2878" HPOS="1249"/>
<String CONTENT="furniture" HEIGHT="54" WIDTH="291" VPOS="2878" HPOS="1292"/>
<SP HEIGHT="48" WIDTH="40" VPOS="2884" HPOS="1584"/>
<String CONTENT="trade," HEIGHT="68" WIDTH="181" VPOS="2879" HPOS="1625"/>
<SP HEIGHT="68" WIDTH="37" VPOS="2879" HPOS="1807"/>
<String CONTENT="by" HEIGHT="68" WIDTH="76" VPOS="2879" HPOS="1845"/>
<SP HEIGHT="68" WIDTH="40" VPOS="2879" HPOS="1922"/>
<String CONTENT="Harry" HEIGHT="69" WIDTH="203" VPOS="2879" HPOS="1963"/>
</TextLine>
<TextLine HEIGHT="70" WIDTH="1999" VPOS="2953" HPOS="166" STYLEREFS="StyleId-8544BB9C-09B3-4672-A07F-72DB08956D8F-" CS="1">
<String CONTENT="W." HEIGHT="53" WIDTH="87" VPOS="2956" HPOS="166"/>
<SP HEIGHT="56" WIDTH="38" VPOS="2953" HPOS="254"/>
<String CONTENT="Cordell," HEIGHT="69" WIDTH="249" VPOS="2953" HPOS="293"/>
<SP HEIGHT="49" WIDTH="34" VPOS="2973" HPOS="543"/>
<String CS="1" CONTENT="PH." HEIGHT="9" WIDTH="9" VPOS="2998" HPOS="667"/>
<SP HEIGHT="33" WIDTH="36" VPOS="2974" HPOS="677"/>
<String CS="1" CONTENT="D." HEIGHT="9" WIDTH="9" VPOS="2998" HPOS="752"/>
<SP HEIGHT="34" WIDTH="78" VPOS="2988" HPOS="762"/>
<String CS="1" CONTENT="[Columbus]" HEIGHT="56" WIDTH="308" VPOS="2954" HPOS="861"/>
<SP HEIGHT="66" WIDTH="42" VPOS="2957" HPOS="1188"/>
<String CONTENT="Bureau" HEIGHT="51" WIDTH="229" VPOS="2957" HPOS="1231"/>
<SP HEIGHT="35" WIDTH="37" VPOS="2974" HPOS="1461"/>
<String CONTENT="of" HEIGHT="54" WIDTH="64" VPOS="2955" HPOS="1499"/>
<SP HEIGHT="53" WIDTH="34" VPOS="2955" HPOS="1564"/>
<String CONTENT="business" HEIGHT="53" WIDTH="254" VPOS="2956" HPOS="1599"/>
<SP HEIGHT="34" WIDTH="35" VPOS="2975" HPOS="1854"/>
<String CONTENT="research," HEIGHT="67" WIDTH="275" VPOS="2956" HPOS="1890"/>
</TextLine>
<TextLine HEIGHT="148" WIDTH="1974" VPOS="3030" HPOS="167" STYLEREFS="StyleId-8544BB9C-09B3-4672-A07F-72DB08956D8F-" CS="1">
<String CONTENT="College" HEIGHT="70" WIDTH="229" VPOS="3031" HPOS="169"/>
<SP HEIGHT="35" WIDTH="34" VPOS="3050" HPOS="399"/>
<String CONTENT="of" HEIGHT="54" WIDTH="64" VPOS="3030" HPOS="434"/>
<SP HEIGHT="54" WIDTH="33" VPOS="3030" HPOS="499"/>
<String CONTENT="commerce" HEIGHT="35" WIDTH="304" VPOS="3050" HPOS="533"/>
<SP HEIGHT="34" WIDTH="34" VPOS="3051" HPOS="838"/>
<String CONTENT="and" HEIGHT="53" WIDTH="113" VPOS="3032" HPOS="873"/>
<SP HEIGHT="53" WIDTH="33" VPOS="3032" HPOS="987"/>
<String CONTENT="administration," HEIGHT="69" WIDTH="484" VPOS="3032" HPOS="1021"/>
<SP HEIGHT="62" WIDTH="33" VPOS="3039" HPOS="1506"/>
<String CONTENT="the" HEIGHT="53" WIDTH="95" VPOS="3033" HPOS="1540"/>
<SP HEIGHT="56" WIDTH="35" VPOS="3032" HPOS="1636"/>
<String CONTENT="Ohio" HEIGHT="56" WIDTH="151" VPOS="3032" HPOS="1672"/>
<SP HEIGHT="35" WIDTH="34" VPOS="3052" HPOS="1824"/>
<String CONTENT="state" HEIGHT="48" WIDTH="145" VPOS="3039" HPOS="1859"/>
<SP HEIGHT="34" WIDTH="34" VPOS="3052" HPOS="2005"/>
<String CONTENT="university" HEIGHT="145" WIDTH="1974" VPOS="3033" HPOS="167"/>
<SP HEIGHT="50" WIDTH="39" VPOS="3128" HPOS="381"/>
<String CONTENT="[1930]" HEIGHT="65" WIDTH="171" VPOS="3111" HPOS="421"/>
</TextLine>
<TextLine HEIGHT="54" WIDTH="1929" VPOS="3187" HPOS="238" CS="1">
<String CONTENT="3" HEIGHT="40" WIDTH="27" VPOS="3189" HPOS="238"/>
<SP/>
<String CS="1" CONTENT="p."/>
<SP/>
<String CS="1" CONTENT="l.," HEIGHT="16" WIDTH="8" VPOS="3220" HPOS="426"/>
<SP HEIGHT="47" WIDTH="40" VPOS="3189" HPOS="435"/>
<String CONTENT="154" HEIGHT="41" WIDTH="85" VPOS="3187" HPOS="476"/>
<SP HEIGHT="48" WIDTH="36" VPOS="3188" HPOS="562"/>
<String CONTENT="p." HEIGHT="38" WIDTH="43" VPOS="3198" HPOS="599"/>
<SP HEIGHT="40" WIDTH="39" VPOS="3189" HPOS="643"/>
<String CONTENT="incl." HEIGHT="40" WIDTH="107" VPOS="3189" HPOS="683"/>
<SP HEIGHT="39" WIDTH="40" VPOS="3191" HPOS="791"/>
<String CONTENT="diagrs.," HEIGHT="48" WIDTH="193" VPOS="3190" HPOS="832"/>
<SP HEIGHT="45" WIDTH="41" VPOS="3190" HPOS="1026"/>
<String CONTENT="forms." HEIGHT="41" WIDTH="165" VPOS="3190" HPOS="1068"/>
<SP HEIGHT="40" WIDTH="60" VPOS="3190" HPOS="1234"/>
<String CS="1" CONTENT="25&#189;" HEIGHT="41" WIDTH="57" VPOS="3190" HPOS="1295"/>
<String STYLE="superscript" CS="1" CONTENT="&#7580;&#7504;."/>
<SP HEIGHT="49" WIDTH="68" VPOS="3191" HPOS="1442"/>
<String CONTENT="(On" HEIGHT="49" WIDTH="99" VPOS="3191" HPOS="1511"/>
<SP HEIGHT="31" WIDTH="38" VPOS="3201" HPOS="1611"/>
<String CONTENT="cover:" HEIGHT="32" WIDTH="164" VPOS="3201" HPOS="1650"/>
<SP HEIGHT="39" WIDTH="42" VPOS="3202" HPOS="1815"/>
<String CONTENT="[Ohio" HEIGHT="52" WIDTH="135" VPOS="3189" HPOS="1858"/>
<SP HEIGHT="31" WIDTH="43" VPOS="3201" HPOS="1994"/>
<String CONTENT="state" HEIGHT="42" WIDTH="129" VPOS="3192" HPOS="2038"/>
</TextLine>
<TextLine HEIGHT="52" WIDTH="1991" VPOS="3243" HPOS="167">
<String CONTENT="university," HEIGHT="47" WIDTH="285" VPOS="3245" HPOS="167"/>
<SP HEIGHT="48" WIDTH="23" VPOS="3243" HPOS="453"/>
<String CONTENT="Columbus]" HEIGHT="52" WIDTH="274" VPOS="3243" HPOS="477"/>
<SP HEIGHT="50" WIDTH="53" VPOS="3245" HPOS="752"/>
<String CONTENT="Bureau" HEIGHT="42" WIDTH="195" VPOS="3245" HPOS="806"/>
<SP HEIGHT="30" WIDTH="22" VPOS="3256" HPOS="1002"/>
<String CONTENT="of" HEIGHT="40" WIDTH="53" VPOS="3246" HPOS="1025"/>
<SP HEIGHT="40" WIDTH="19" VPOS="3246" HPOS="1079"/>
<String CONTENT="business" HEIGHT="41" WIDTH="224" VPOS="3246" HPOS="1099"/>
<SP HEIGHT="30" WIDTH="23" VPOS="3257" HPOS="1324"/>
<String CONTENT="research" HEIGHT="40" WIDTH="223" VPOS="3248" HPOS="1348"/>
<SP HEIGHT="39" WIDTH="23" VPOS="3248" HPOS="1572"/>
<String CONTENT="monographs," HEIGHT="49" WIDTH="337" VPOS="3246" HPOS="1596"/>
<SP HEIGHT="31" WIDTH="50" VPOS="3258" HPOS="1934"/>
<String CONTENT="no." HEIGHT="31" WIDTH="74" VPOS="3257" HPOS="1985"/>
<SP HEIGHT="42" WIDTH="16" VPOS="3246" HPOS="2060"/>
<String CONTENT="14)" HEIGHT="49" WIDTH="81" VPOS="3246" HPOS="2077"/>
</TextLine>
<TextLine HEIGHT="49" WIDTH="812" VPOS="3300" HPOS="239">
<String CONTENT="Ohio" HEIGHT="40" WIDTH="123" VPOS="3300" HPOS="239"/>
<SP HEIGHT="29" WIDTH="28" VPOS="3311" HPOS="363"/>
<String CONTENT="state" HEIGHT="39" WIDTH="129" VPOS="3302" HPOS="392"/>
<SP HEIGHT="30" WIDTH="28" VPOS="3311" HPOS="522"/>
<String CONTENT="university" HEIGHT="49" WIDTH="272" VPOS="3300" HPOS="551"/>
<SP HEIGHT="38" WIDTH="27" VPOS="3311" HPOS="824"/>
<String CONTENT="studies." HEIGHT="40" WIDTH="199" VPOS="3302" HPOS="852"/>
</TextLine>
<TextLine HEIGHT="50" WIDTH="1929" VPOS="3356" HPOS="241">
<String CONTENT="Based" HEIGHT="41" WIDTH="159" VPOS="3356" HPOS="241"/>
<SP HEIGHT="39" WIDTH="30" VPOS="3357" HPOS="401"/>
<String CONTENT="on" HEIGHT="29" WIDTH="60" VPOS="3366" HPOS="432"/>
<SP HEIGHT="29" WIDTH="31" VPOS="3366" HPOS="493"/>
<String CONTENT="a" HEIGHT="29" WIDTH="28" VPOS="3366" HPOS="525"/>
<SP HEIGHT="29" WIDTH="29" VPOS="3366" HPOS="554"/>
<String CONTENT="study" HEIGHT="45" WIDTH="145" VPOS="3358" HPOS="584"/>
<SP HEIGHT="37" WIDTH="29" VPOS="3366" HPOS="730"/>
<String CONTENT="of" HEIGHT="39" WIDTH="52" VPOS="3357" HPOS="760"/>
<SP HEIGHT="40" WIDTH="27" VPOS="3357" HPOS="813"/>
<String CONTENT="the" HEIGHT="40" WIDTH="83" VPOS="3358" HPOS="841"/>
<SP HEIGHT="37" WIDTH="30" VPOS="3368" HPOS="925"/>
<String CONTENT="plans" HEIGHT="48" WIDTH="141" VPOS="3357" HPOS="956"/>
<SP HEIGHT="30" WIDTH="30" VPOS="3368" HPOS="1098"/>
<String CONTENT="used" HEIGHT="40" WIDTH="118" VPOS="3358" HPOS="1129"/>
<SP HEIGHT="41" WIDTH="30" VPOS="3357" HPOS="1248"/>
<String CONTENT="by" HEIGHT="49" WIDTH="61" VPOS="3357" HPOS="1279"/>
<SP HEIGHT="47" WIDTH="30" VPOS="3359" HPOS="1341"/>
<String CONTENT="furniture" HEIGHT="41" WIDTH="248" VPOS="3358" HPOS="1372"/>
<SP HEIGHT="30" WIDTH="34" VPOS="3369" HPOS="1621"/>
<String CONTENT="stores" HEIGHT="39" WIDTH="156" VPOS="3360" HPOS="1656"/>
<SP HEIGHT="41" WIDTH="31" VPOS="3358" HPOS="1813"/>
<String CONTENT="in" HEIGHT="40" WIDTH="49" VPOS="3358" HPOS="1845"/>
<SP HEIGHT="38" WIDTH="33" VPOS="3361" HPOS="1895"/>
<String CONTENT="the" HEIGHT="40" WIDTH="82" VPOS="3359" HPOS="1929"/>
<SP HEIGHT="42" WIDTH="33" VPOS="3357" HPOS="2012"/>
<String CONTENT="Ohio" HEIGHT="42" WIDTH="124" VPOS="3357" HPOS="2046"/>
</TextLine>
<TextLine HEIGHT="49" WIDTH="437" VPOS="3411" HPOS="170">
<String CONTENT="valley," HEIGHT="47" WIDTH="169" VPOS="3412" HPOS="170"/>
<SP HEIGHT="30" WIDTH="60" VPOS="3422" HPOS="340"/>
<String CONTENT="cf." HEIGHT="46" WIDTH="61" VPOS="3413" HPOS="401"/>
<SP HEIGHT="38" WIDTH="30" VPOS="3422" HPOS="463"/>
<String CONTENT="p." HEIGHT="38" WIDTH="43" VPOS="3422" HPOS="494"/>
<SP HEIGHT="41" WIDTH="30" VPOS="3411" HPOS="538"/>
<String CONTENT="5." HEIGHT="41" WIDTH="38" VPOS="3411" HPOS="569"/>
</TextLine>
<TextLine HEIGHT="48" WIDTH="693" VPOS="3467" HPOS="240">
<String CONTENT="Bibliography:" HEIGHT="48" WIDTH="375" VPOS="3467" HPOS="240"/>
<SP HEIGHT="38" WIDTH="27" VPOS="3477" HPOS="616"/>
<String CONTENT="p." HEIGHT="38" WIDTH="44" VPOS="3477" HPOS="644"/>
<SP HEIGHT="41" WIDTH="27" VPOS="3468" HPOS="689"/>
<String CONTENT="153-154." HEIGHT="42" WIDTH="216" VPOS="3467" HPOS="717"/>
</TextLine>
<TextLine HEIGHT="55" WIDTH="1995" VPOS="3534" HPOS="178" CS="1">
<String CONTENT="&#169;" HEIGHT="52" WIDTH="51" VPOS="3534" HPOS="178"/>
<SP HEIGHT="52" WIDTH="36" VPOS="3534" HPOS="230"/>
<String CONTENT="Sept." HEIGHT="48" WIDTH="125" VPOS="3538" HPOS="267"/>
<SP HEIGHT="39" WIDTH="34" VPOS="3538" HPOS="393"/>
<String CONTENT="23," HEIGHT="47" WIDTH="68" VPOS="3538" HPOS="428"/>
<SP HEIGHT="46" WIDTH="33" VPOS="3539" HPOS="497"/>
<String CONTENT="1930;" HEIGHT="48" WIDTH="139" VPOS="3537" HPOS="531"/>
<SP HEIGHT="46" WIDTH="34" VPOS="3539" HPOS="671"/>
<String CONTENT="2c." HEIGHT="40" WIDTH="66" VPOS="3539" HPOS="706"/>
<SP HEIGHT="39" WIDTH="33" VPOS="3540" HPOS="773"/>
<String CONTENT="Mar." HEIGHT="39" WIDTH="119" VPOS="3540" HPOS="807"/>
<SP HEIGHT="38" WIDTH="35" VPOS="3542" HPOS="927"/>
<String CONTENT="6," HEIGHT="45" WIDTH="39" VPOS="3542" HPOS="963"/>
<SP HEIGHT="45" WIDTH="33" VPOS="3542" HPOS="1003"/>
<String CS="1" CONTENT="1931;" HEIGHT="40" WIDTH="102" VPOS="3541" HPOS="1037"/>
<SP HEIGHT="36" WIDTH="36" VPOS="3552" HPOS="1175"/>
<String CONTENT="aff." HEIGHT="40" WIDTH="82" VPOS="3542" HPOS="1212"/>
<SP HEIGHT="38" WIDTH="35" VPOS="3544" HPOS="1295"/>
<String CONTENT="Mar." HEIGHT="39" WIDTH="120" VPOS="3544" HPOS="1331"/>
<SP HEIGHT="38" WIDTH="34" VPOS="3543" HPOS="1452"/>
<String CONTENT="23;" HEIGHT="46" WIDTH="81" VPOS="3543" HPOS="1487"/>
<SP HEIGHT="47" WIDTH="35" VPOS="3542" HPOS="1569"/>
<!-- cceid E41149D3-6E8D-1014-9CF5-AEB3FCA41D69 --><String CONTENT="A" HEIGHT="40" WIDTH="39" VPOS="3542" HPOS="1605"/>
<SP HEIGHT="42" WIDTH="33" VPOS="3542" HPOS="1645"/>
<String CONTENT="36081;" HEIGHT="46" WIDTH="170" VPOS="3543" HPOS="1679"/>
<SP HEIGHT="46" WIDTH="38" VPOS="3543" HPOS="1850"/>
<String CONTENT="Ohio" HEIGHT="42" WIDTH="120" VPOS="3542" HPOS="1889"/>
<SP HEIGHT="29" WIDTH="34" VPOS="3553" HPOS="2010"/>
<String CONTENT="state" HEIGHT="39" WIDTH="128" VPOS="3543" HPOS="2045"/>
</TextLine>
<TextLine HEIGHT="49" WIDTH="947" VPOS="3595" HPOS="245">
<String CONTENT="univ.," HEIGHT="47" WIDTH="143" VPOS="3595" HPOS="245"/>
<SP HEIGHT="46" WIDTH="37" VPOS="3596" HPOS="389"/>
<String CONTENT="Columbus," HEIGHT="47" WIDTH="272" VPOS="3596" HPOS="427"/>
<SP HEIGHT="47" WIDTH="36" VPOS="3596" HPOS="700"/>
<String CONTENT="Ohio." HEIGHT="41" WIDTH="136" VPOS="3596" HPOS="737"/>
<SP HEIGHT="47" WIDTH="68" VPOS="3597" HPOS="874"/>
<String CONTENT="(31-8646)" HEIGHT="47" WIDTH="249" VPOS="3597" HPOS="943"/>
</TextLine>
<TextLine HEIGHT="67" WIDTH="931" VPOS="3685" HPOS="175" STYLEREFS="StyleId-8544BB9C-09B3-4672-A07F-72DB08956D8F-">
<String CONTENT="Critzman," HEIGHT="66" WIDTH="319" VPOS="3685" HPOS="175"/>
<SP HEIGHT="63" WIDTH="29" VPOS="3688" HPOS="495"/>
<String CONTENT="Daniel," HEIGHT="65" WIDTH="225" VPOS="3687" HPOS="525"/>
<SP HEIGHT="56" WIDTH="30" VPOS="3696" HPOS="751"/>
<String CONTENT="1863-1928." HEIGHT="51" WIDTH="324" VPOS="3695" HPOS="782"/>
</TextLine>
<TextLine HEIGHT="74" WIDTH="1870" VPOS="3763" HPOS="303" STYLEREFS="StyleId-8544BB9C-09B3-4672-A07F-72DB08956D8F-" CS="1">
<String LANG="en-US" CS="1" CONTENT="&#8230;"/>
<SP HEIGHT="52" WIDTH="37" VPOS="3763" HPOS="303"/>
<String LANG="fr" CONTENT="La" HEIGHT="53" WIDTH="85" VPOS="3763" HPOS="341"/>
<SP HEIGHT="51" WIDTH="34" VPOS="3782" HPOS="427"/>
<String LANG="fr" CONTENT="goutte," HEIGHT="63" WIDTH="212" VPOS="3770" HPOS="462"/>
<SP HEIGHT="48" WIDTH="33" VPOS="3784" HPOS="675"/>
<String LANG="en-US" CONTENT="son" HEIGHT="34" WIDTH="101" VPOS="3784" HPOS="709"/>
<SP HEIGHT="34" WIDTH="31" VPOS="3785" HPOS="811"/>
<String LANG="fr" CONTENT="m&#233;canisme" HEIGHT="53" WIDTH="336" VPOS="3767" HPOS="843"/>
<SP HEIGHT="34" WIDTH="33" VPOS="3786" HPOS="1180"/>
<String LANG="fr" CONTENT="et" HEIGHT="48" WIDTH="56" VPOS="3772" HPOS="1214"/>
<SP HEIGHT="49" WIDTH="31" VPOS="3772" HPOS="1271"/>
<String LANG="en-US" CONTENT="son" HEIGHT="34" WIDTH="102" VPOS="3787" HPOS="1303"/>
<SP HEIGHT="47" WIDTH="32" VPOS="3774" HPOS="1406"/>
<String LANG="fr" CONTENT="traitement," HEIGHT="69" WIDTH="347" VPOS="3768" HPOS="1439"/>
<SP HEIGHT="49" WIDTH="34" VPOS="3788" HPOS="1787"/>
<String LANG="en-US" CONTENT="par" HEIGHT="50" WIDTH="105" VPOS="3787" HPOS="1822"/>
<SP HEIGHT="52" WIDTH="33" VPOS="3770" HPOS="1928"/>
<String LANG="en-US" CONTENT="Daniel" HEIGHT="55" WIDTH="211" VPOS="3767" HPOS="1962"/>
</TextLine>
<TextLine HEIGHT="82" WIDTH="1999" VPOS="3840" HPOS="175" STYLEREFS="StyleId-8544BB9C-09B3-4672-A07F-72DB08956D8F-" LANG="fr" CS="1">
<String LANG="en-US" CONTENT="Critzman" HEIGHT="56" WIDTH="294" VPOS="3840" HPOS="175"/>
<SP HEIGHT="33" WIDTH="30" VPOS="3863" HPOS="470"/>
<String LANG="en-US" CS="1" CONTENT="&#8230;"/>
<SP HEIGHT="53" WIDTH="79" VPOS="3842" HPOS="557"/>
<String CONTENT="&#201;dition" HEIGHT="54" WIDTH="233" VPOS="3842" HPOS="637"/>
<SP HEIGHT="50" WIDTH="26" VPOS="3863" HPOS="871"/>
<String CONTENT="posthume" HEIGHT="67" WIDTH="298" VPOS="3846" HPOS="898"/>
<SP HEIGHT="35" WIDTH="25" VPOS="3864" HPOS="1197"/>
<String CONTENT="recueillie" HEIGHT="53" WIDTH="282" VPOS="3846" HPOS="1223"/>
<SP HEIGHT="34" WIDTH="26" VPOS="3865" HPOS="1506"/>
<String CONTENT="et" HEIGHT="46" WIDTH="53" VPOS="3853" HPOS="1533"/>
<SP HEIGHT="48" WIDTH="21" VPOS="3853" HPOS="1587"/>
<String CONTENT="mise" HEIGHT="54" WIDTH="140" VPOS="3847" HPOS="1609"/>
<SP HEIGHT="34" WIDTH="27" VPOS="3867" HPOS="1750"/>
<String CONTENT="au" HEIGHT="35" WIDTH="71" VPOS="3867" HPOS="1778"/>
<SP HEIGHT="52" WIDTH="25" VPOS="3866" HPOS="1850"/>
<String CONTENT="point" HEIGHT="72" WIDTH="165" VPOS="3846" HPOS="1876"/>
<SP HEIGHT="69" WIDTH="23" VPOS="3853" HPOS="2042"/>
<String CONTENT="par" HEIGHT="58" WIDTH="108" VPOS="3864" HPOS="2066"/>
</TextLine>
<TextLine HEIGHT="77" WIDTH="1455" VPOS="3916" HPOS="173" STYLEREFS="StyleId-8544BB9C-09B3-4672-A07F-72DB08956D8F-" LANG="fr" CS="1">
<String CONTENT="Jacques" HEIGHT="69" WIDTH="239" VPOS="3916" HPOS="173"/>
<SP HEIGHT="53" WIDTH="25" VPOS="3918" HPOS="413"/>
<String CONTENT="Forestier." HEIGHT="55" WIDTH="297" VPOS="3918" HPOS="439"/>
<SP HEIGHT="52" WIDTH="63" VPOS="3919" HPOS="737"/>
<String CONTENT="Paris," HEIGHT="74" WIDTH="184" VPOS="3919" HPOS="801"/>
<SP HEIGHT="72" WIDTH="27" VPOS="3921" HPOS="986"/>
<String CONTENT="G." HEIGHT="55" WIDTH="65" VPOS="3921" HPOS="1014"/>
<SP HEIGHT="52" WIDTH="27" VPOS="3922" HPOS="1080"/>
<String CONTENT="Doin" HEIGHT="51" WIDTH="153" VPOS="3922" HPOS="1108"/>
<SP HEIGHT="34" WIDTH="25" VPOS="3940" HPOS="1262"/>
<String CONTENT="et" HEIGHT="46" WIDTH="53" VPOS="3929" HPOS="1288"/>
<SP HEIGHT="46" WIDTH="25" VPOS="3929" HPOS="1342"/>
<String LANG="en-US" CS="1" CONTENT="c&#8305;&#7497;"/>
<String CONTENT="," HEIGHT="27" WIDTH="11" VPOS="3965" HPOS="1437"/>
<SP HEIGHT="65" WIDTH="29" VPOS="3927" HPOS="1449"/>
<String CONTENT="1931." HEIGHT="48" WIDTH="149" VPOS="3927" HPOS="1479"/>
</TextLine>
</TextBlock>
</PrintSpace>
</Page>
</Layout>
</alto>