2505 4370
1245 4033 135 50 1100

331 445 52 53 ©
422 451 117 47 July
574 451 40 47 3,
651 449 142 49 1931;
832 451 69 42 2c.
938 454 98 40 and
1072 452 83 42 aff.
1194 454 117 48 July
1349 456 53 46 7;
1442 455 42 39 A
1519 455 173 49 40258;
1732 456 260 42 American
2030 457 229 42 institute
2297 459 53 42 of

398 510 337 48 accountants,
767 510 118 40 New
915 510 145 41 York.
1136 511 283 49 (31-18298)

323 604 393 67 Richardson,
746 606 199 55 Julius
972 606 213 67 Miller.
1217 613 175 51 1862-

397 684 504 71 “Schoenbrunn”,
937 707 73 34 an
1043 686 126 70 epic
1202 688 66 53 of
1301 689 95 54 the
1431 708 263 35 romance
1729 692 114 53 and
1875 692 247 71 tragedy
2154 693 65 53 of
2251 695 95 53 the

323 762 2022 74 first village in Ohio, by Julius Miller Richardson … New
321 842 432 71 Philadelphia,
784 842 87 71 O.,
904 847 151 51 1931.

389 919 59 41 60
472 930 44 39 p.
574 920 166 49 front.,
768 921 174 49 plates,
971 924 150 47 ports.
1178 924 150 42 23½ᶜᵐ.

327 991 52 53 ©
414 996 119 48 July
565 997 41 47 7,
640 994 114 43 1931;
818 996 69 42 2c.
923 996 116 49 July
1075 996 52 48 8;
1165 996 82 41 aff.
1284 997 117 49 July
1435 999 83 47 13;
1555 998 42 40 A
1630 998 173 50 39391;
1842 1000 45 43 J.
1923 1002 63 41 M.
2022 1001 323 52 Richardson,

395 1054 120 41 New
540 1054 360 49 Philadelphia,
927 1054 138 41 Ohio.
1137 1054 284 50 (31-18304)

318 1150 250 66 Riddell,
601 1149 300 57 Florence.

389 1232 124 52 The
545 1231 164 53 other
740 1248 240 35 woman.
1062 1230 368 67 [Instalment
1459 1235 52 64 4]

427 1312 62 40 (In
515 1308 213 44 Woman
758 1308 98 43 and
884 1308 187 52 beauty
1104 1309 279 52 magazine,
1415 1309 133 54 July,
1582 1310 146 51 1931)

325 1380 1926 55 © 1c. Aug. 12, 1931; A ad int. 15381; pubd. June 15; F. Riddell, ℅
397 1443 213 47 Barclay
638 1442 129 40 bank
796 1442 100 48 ltd.,
925 1441 213 40 London.

321 1537 388 72 [Rimington,
743 1536 302 72 Critchell]
1082 1537 174 58 1907-

387 1618 122 52 The
550 1616 113 54 bon
707 1634 220 53 voyage
966 1616 176 70 book;
1189 1635 74 36 an
1306 1616 264 54 intimate
1612 1618 173 68 guide
1828 1618 95 53 for
1963 1620 96 53 the
2100 1622 236 52 modern

315 1715 174 36 ocean
522 1696 266 71 traveler,
822 1695 77 72 by
935 1695 153 57 “Old
1123 1695 148 54 salt”
1330 1696 216 69 [pseud.]
1626 1696 139 55 New
1804 1698 182 69 York,
2020 1700 124 53 The
2180 1700 158 56 John

313 1777 674 68 Day company [ ᶜ1 931 ]
386 1857 964 51 7 p. l., 129, [1] p. illus., diagr. 19½ᶜᵐ.
387 1917 163 40 Blank
593 1926 148 39 pages
783 1915 81 41 for
909 1914 177 49 “Daily
1129 1913 122 50 log”,
1299 1914 387 50 “Autographs”,
1732 1915 342 50 “Addresses”,
2124 1918 212 50 “Diary”

347 1973 232 48 (110-129)

320 2029 53 52 ©
406 2033 116 48 May
550 2032 71 49 22,
653 2030 142 49 1931;
827 2031 68 40 2c.
928 2031 116 48 July
1076 2029 83 49 10;
1193 2030 85 42 aff.
1311 2030 117 49 July
1459 2033 53 45 7;
1546 2031 42 39 A
1618 2029 174 51 39346;
1827 2032 129 40 John
1989 2032 111 49 Day
2131 2044 83 38 co.,
2246 2033 92 41 inc.
399 2089 284 50 (31-27007)

311 2183 215 66 Rippy,
555 2184 207 54 James
791 2183 174 66 Fred,
996 2189 173 51 1892-

381 2260 1954 73 The United States and Mexico, by J. Fred Rippy … Rev.
310 2341 85 53 ed.
472 2341 140 53 New
642 2339 182 69 York,
851 2339 66 53 F.
948 2338 58 56 S.
1037 2338 202 56 Crofts
1266 2341 47 51 &
1339 2357 99 51 co.,
1468 2342 152 52 1931.

380 2424 67 48 xi,
477 2424 88 40 423
596 2435 44 37 p.
699 2424 28 39 2
757 2433 140 39 maps
925 2422 49 50 (1
1008 2421 201 49 double)
1277 2423 61 40 22½ᶜᵐ.

381 2480 356 49 Bibliography
754 2491 9 30 :
792 2491 44 38 p.
862 2479 221 42 387-396.

318 2535 52 53 ©
399 2539 117 49 Apr.
545 2540 71 47 17,
646 2537 113 42 1931;
820 2537 65 41 2c.
917 2539 97 39 and
1044 2537 83 41 aff.
1159 2537 118 48 July
1307 2537 82 47 15;
1422 2537 45 39 A
1493 2536 173 49 39472;
1699 2538 52 42 F.
1785 2537 45 42 S.
1863 2537 170 43 Crofts
2061 2539 40 41 &
2128 2549 83 39 co.,
2242 2539 93 44 inc.

395 2597 285 50 (31-18162)

309 2693 278 65 Roberts,
616 2693 116 64 Jay
763 2690 248 67 Gilbert,
1046 2693 173 55 1874-

384 2771 1887 72 Eye, ear, nose and throat for nurses, by Jay G. Roberts …
311 2853 328 54 illustrated
673 2852 141 53 with
850 2854 101 51 102
982 2851 291 54 half-tone
1305 2852 115 53 and
1451 2851 114 53 line
1598 2851 365 70 engravings.
312 2852 1993 149 Philadelphia,

497 2931 66 54 F.
594 2930 71 54 A.
696 2930 183 55 Davis
908 2948 301 51 company,
1240 2932 153 51 1931.

375 3008 698 50 213 p. illus., col. pl. 22½ᶜᵐ.
315 3066 52 53 ©
397 3071 116 47 May
540 3069 69 48 27,
640 3068 141 48 1931;
811 3068 68 41 2c.
909 3070 95 38 and
1035 3067 82 41 aff.
1148 3068 117 47 July
1295 3069 54 45 7;
1380 3068 40 39 A
1448 3066 174 49 40266;
1655 3067 52 42 F.
1736 3068 56 39 A.
1823 3067 154 42 Davis
2005 3078 68 31 co.
393 3126 284 51 (31-18290)

308 3224 224 65 Roney,
565 3223 221 65 Frank,
820 3227 327 51 1841-1925.

380 3303 202 53 Frank
622 3303 217 68 Roney,
879 3302 156 54 Irish
1074 3302 152 53 rebel
1268 3302 114 53 and
1424 3300 329 56 California
1791 3300 163 55 labor
1992 3301 221 67 leader;
2256 3319 69 35 an

310 3381 481 70 autobiography,
820 3380 191 54 edited
1037 3381 78 69 by
1142 3379 101 53 Ira
1272 3380 66 52 B.
1370 3379 185 56 Cross.
1632 3378 298 71 Berkeley,
1959 3378 197 72 Calif.,

309 3378 1992 151 University
550 3460 65 53 of
646 3458 326 57 California
1002 3476 175 51 press,
1209 3460 151 51 1931.

373 3535 1397 51 xxxvi p., 1 l. , 573 p. front., pl., ports., facsim. 22½ᶜᵐ.
313 3594 51 52 ©
393 3598 128 41 June
546 3599 69 45 11,
642 3596 112 42 1931;
813 3596 67 41 2c.
909 3596 126 40 June
1061 3594 83 47 29;
1175 3595 82 40 aff.
1287 3595 116 48 July
1432 3595 52 47 6;
1514 3595 41 40 A
1581 3593 172 50 39215;
1783 3596 227 48 Regents,
2041 3593 285 49 University

381 3656 53 40 of
463 3655 288 47 California,
784 3654 252 47 Berkeley,
1068 3653 145 42 Calif.
1286 3652 283 51 (31-18295)

307 3752 170 63 Ross,
506 3752 203 53 James
738 3750 304 66 Deimage,
1074 3751 172 55 1872-

378 3827 1879 70 New views of space, matter and time, by J. D. Ross …
309 3903 1734 72 Seattle. Wash., Press of Gateway printing co. [ ᶜ1 931 ]
