2428 4370
1035 3981 134 54 1457

111 376 278 64 Kilduffe,
417 376 221 52 Robert
665 375 302 63 Anthony,
998 379 170 49 1884-

178 452 339 68 Pathology,
543 450 383 68 bacteriology
952 452 113 51 and
1092 449 231 67 applied
1350 449 391 68 immunology
1766 450 93 52 for
1884 464 213 49 nurses,

109 525 1986 75 by Robert A. Kilduffe … New York, Milwaukee [etc.] The
109 606 1078 69 Bruce publishing company [ ᶜ1 931]
177 684 887 51 xii, 324 p. illus. (part col.) 20½ ᶜᵐ.
181 745 67 39 “A
290 744 209 40 revision
542 744 52 39 of
636 754 27 29 a
707 745 104 38 text
851 741 276 49 previously
1167 741 256 48 presented
1464 750 127 37 upon
1633 740 326 48 bacteriology
2002 740 95 40 and

108 802 191 47 applied
327 799 560 48 immunology.”—Pref.

113 854 51 52 ©
192 859 118 47 Aug.
339 857 68 47 19,
435 856 113 41 1931;
606 857 67 40 2c.
702 856 94 40 and
826 855 81 42 aff.
939 855 127 48 Sept.
1096 855 55 39 17;
1209 854 41 39 A
1277 853 144 41 42397;
1481 855 159 39 Bruce
1667 855 109 47 pub.
1806 864 66 30 co.

190 913 277 49 (31-24600)

109 995 228 63 Knapp,
369 994 251 53 Edward
652 994 264 55 Everett.

177 1071 337 67 Ah-re-gay,
551 1069 143 68 king
732 1068 64 53 of
833 1069 96 52 the
968 1067 331 68 northland,
1338 1067 76 69 by
1454 1066 256 54 Edward
1752 1067 68 53 E.
1862 1067 237 68 Knapp,

107 1147 322 53 illustrated
467 1147 75 68 by
578 1146 157 54 John
773 1146 71 52 D.
883 1144 284 68 Whiting.
1246 1143 373 72 Springfield,
1656 1144 192 69 Mass.,
1887 1144 212 53 Milton

107 1225 788 67 Bradley company [ ᶜ1 931]
173 1302 830 50 4 p. l. , 384 p. front., illus. 20 ᶜᵐ.
452 1361 333 46 CONTENTS.—Ah-re-gay,
812 1360 115 47 king
951 1360 51 39 of
1028 1359 81 41 the
1133 1358 458 42 northland.—Lost
1617 1369 61 30 on
1704 1359 81 41 the
1812 1358 72 41 ice
1909 1358 192 42 floes.—

106 1416 255 48 Midnight,
389 1416 138 40 black
555 1417 85 39 fox
667 1417 53 39 of
748 1418 78 39 the
857 1416 216 47 Kugruk.

112 1471 51 51 ©
191 1475 126 47 Sept.
342 1475 69 45 15,
436 1473 112 41 1931;
602 1474 65 40 2c.
697 1474 125 48 Sept.
848 1473 54 40 19;
958 1474 79 40 aff.
1067 1474 127 47 Sept.
1219 1474 59 40 26;
1329 1474 41 39 A
1393 1473 145 42 42627;
1594 1474 175 40 Milton
1795 1474 212 48 Bradley
2032 1483 52 30 co.

190 1531 277 47 (31-247711)

109 1595 332 66 Knowlson,
470 1596 259 53 Thomas
758 1596 277 65 Sharper,
1067 1598 171 54 1867-

177 1671 1924 72 The secret of concentration, by T. S. Knowlson … With
107 1750 1971 143 a foreword by S. Parkes Cadman … New York and London,
266 1827 231 68 Harper
528 1830 50 50 &
607 1827 277 68 brothers,
915 1831 149 50 1931.

177 1909 798 49 xi p., 1 l., 235 p. diagrs. 20 ᶜᵐ.
179 1966 162 41 “First
371 1965 225 42 edition.”

115 2020 50 52 ©
192 2024 127 48 Sept.
343 2023 68 48 16,
435 2021 113 42 1931;
602 2023 67 41 2c.
696 2022 125 48 Sept.
848 2023 54 39 15;
956 2022 82 42 aff.
1066 2022 126 49 Sept.
1218 2023 56 40 18;
1327 2023 43 39 A
1391 2023 145 41 42382;
1591 2024 194 48 Harper
1810 2024 37 40 &
1869 2023 126 42 bros.

191 2079 279 50 (31-24506)

112 2145 255 64 Kolmer,
394 2145 154 53 John
575 2145 227 64 Albert,
834 2151 170 49 1886-

177 2221 313 67 Approved
534 2222 327 68 laboratory
904 2222 248 65 technic;
1200 2220 226 56 clinical
1469 2223 407 69 pathological,
111 2224 1965 142 bacteriological,

491 2299 349 69 serological,
909 2299 386 69 biochemical,
1368 2300 380 70 histological,
1819 2302 282 67 prepared

112 2376 175 54 under
317 2377 95 52 the
445 2376 252 67 auspices
728 2377 63 51 of
820 2377 95 52 the
946 2377 307 52 American
1282 2377 211 69 society
1523 2377 64 53 of
1617 2376 227 55 clinical
111 2379 1965 143 pathologists

322 2454 1778 68 by John A. Kolmer … and Fred. Boerner … assisted
111 2530 1990 73 by C. Zent Garber … and committees of the American society
111 2607 1989 70 of clinical pathologists … with eleven colored plates and three
113 2684 257 54 hundred
420 2684 376 54 illustrations
846 2684 59 54 in
952 2687 95 51 the
1095 2690 136 49 text.
1306 2688 139 52 New
1495 2687 180 69 York,
1722 2689 259 67 London,
2027 2690 71 52 D.

114 2761 287 67 Appleton
430 2766 111 51 and
571 2780 294 52 company,
896 2767 150 49 1931.

183 2842 1632 53 xxii p., 1 l., 663 p. illus., XI col. pl., fold. tab., diagr. 25½ ᶜᵐ.
118 2895 52 52 ©
200 2900 126 48 Sept.
356 2901 68 47 18,
453 2900 113 41 1931;
623 2901 68 42 2c.
720 2902 94 39 and
843 2901 82 41 aff.
958 2902 126 47 Sept.
1114 2901 55 41 19;
1228 2903 43 38 A
1296 2903 148 40 41736;
1500 2904 56 39 D.
1587 2903 242 48 Appleton
1857 2904 39 40 &
1922 2915 67 30 co.

198 2956 278 50 (31-24602)

116 3021 214 64 Kuntz,
359 3023 227 63 Albert,
617 3024 170 54 1879-

112 3098 1964 129 A text-book of neuro-anatomy, by Albert Kuntz … illustrated
344 3175 140 53 with
532 3175 98 55 197
675 3177 359 69 engravings.
1115 3177 428 70 Philadelphia,
1586 3179 115 56 Lea
1749 3182 46 51 &
1839 3180 263 69 Febiger,

112 3254 151 51 1931.

178 3331 85 44 xii.
295 3332 203 50 [17]-359
525 3342 42 39 p.
628 3334 141 46 illus.,
799 3334 177 48 diagrs.
1033 3334 58 39 24½ᶜᵐ.

182 3388 332 41 “Literature”
547 3391 50 39 at
626 3391 92 39 end
748 3390 53 40 of
827 3392 119 40 each
975 3392 201 47 chapter
1206 3393 171 48 except
1406 3394 96 40 two;
1565 3393 237 41 “General
110 3394 1973 89 neurological

214 3444 283 41 literature”:
554 3456 44 37 p.
627 3445 100 42 350.

118 3498 51 51 ©
201 3502 125 48 Sept.
355 3503 69 47 15,
451 3502 112 42 1931;
621 3503 66 42 2c.
719 3504 125 48 Sept.
873 3506 55 39 18;
984 3505 83 41 aff.
1098 3506 127 48 Sept.
1254 3507 55 40 17;
1367 3508 41 38 A
1434 3508 144 41 41698;
1636 3510 93 39 Lea
1763 3510 36 40 &
1828 3510 214 48 Febiger.

195 3558 278 50 (31-24640)

114 3624 217 64 Kyber,
363 3626 295 65 Manfred,
693 3633 169 49 1880-

186 3701 513 69 Tiergeschichten,
745 3722 111 33 von
902 3704 273 54 Manfred
1223 3706 225 68 Kyber;
1500 3707 190 54 edited
1738 3708 141 53 with
118 3709 1961 137 introduction,

394 3784 176 63 notes,
599 3779 249 55 German
876 3782 285 67 questions
1192 3784 114 53 and
1335 3784 362 69 vocabulary,
1726 3784 75 70 by
1834 3785 267 54 Edmund

118 3855 1661 78 P. Kremer … New York, Prentice-Hall, inc., 1931.
