2505 4370
1356 4050 102 56 770

452 483 706 52 3 p. l., [9]-254 p., 1 l. 19 ᶜᵐ.
391 553 2014 54 © Jan. 21, 1931; 1c. Apr. 24; A— Foreign 11911; Arthème Fayard & cie.
471 613 283 51 (31-12858)

384 709 203 66 Baird,
616 710 170 54 Jesse
816 710 76 57 H.

459 802 176 57 God’s
665 805 112 51 law
806 803 65 53 of
900 802 134 68 life;
1066 802 250 55 thirteen
1346 821 271 53 sermons,
1645 804 76 69 by
1751 804 161 54 Jesse
1941 803 76 53 H.
2049 802 202 71 Baird,
2318 846 10 11 D.
2396 847 10 10 D.

388 882 297 70 Caldwell,
710 882 109 69 Id.,
846 882 125 54 The
997 881 226 56 Caxton
1250 880 272 72 printers,
1547 883 123 68 ltd.,
1700 884 151 51 1931.

454 972 492 51 2 p. l., 134 p. 20 ᶜᵐ.
393 1046 53 52 ©
480 1051 114 47 Apr.
629 1048 70 49 16,
734 1047 141 48 1931;
911 1047 68 42 2c.
1013 1049 115 47 Apr.
1162 1048 83 47 27;
1283 1048 82 40 aff.
1398 1049 115 48 Apr.
1547 1048 83 48 24;
1666 1048 43 39 A
1741 1048 173 48 38228;
1953 1048 193 42 Caxton
2180 1048 227 50 printers,

461 1108 87 40 ltd.
620 1105 283 50 (31-13256)

386 1203 224 67 Bangs,
640 1204 176 63 Mary
844 1203 251 64 Rogers.

459 1294 116 56 Old
608 1294 157 69 Cape
798 1292 122 56 Cod;
983 1294 98 52 the
1109 1293 138 53 land:
1309 1292 97 54 the
1436 1312 146 52 men,
1611 1294 98 53 the
1739 1312 109 50 sea,
1879 1294 77 71 by
1984 1295 173 70 Mary
2186 1296 220 69 Rogers

388 1372 2017 71 Bangs … New ed., rev. and enl. Boston and New York,
386 1451 324 69 Houghton
739 1450 206 54 Mifflin
975 1468 301 52 company,
1307 1454 152 49 1931.

460 1545 900 52 5 p. l. , 309 p. front., plates. 21½ᶜᵐ.
461 1621 142 47 Maps
630 1630 62 31 on
716 1618 369 50 lining-papers.

396 1688 52 54 ©
475 1693 115 48 May
614 1691 69 50 27,
709 1689 115 43 1931;
878 1690 68 43 2c.
972 1691 129 41 June
1124 1691 24 39 1;
1205 1690 84 43 aff.
1316 1691 113 48 May
1454 1690 82 48 29;
1564 1690 42 41 A
1629 1690 147 43 38559;
1831 1692 62 40 M.
1921 1692 56 41 It.
2004 1688 182 54 Bangs,
2212 1692 198 42 Boston.

474 1749 283 51 (31-26968)

388 1846 282 65 Barford,
698 1845 181 57 Dora.

460 1938 112 53 Mr.
609 1935 371 71 Corrington,
1014 1955 32 35 a
1080 1955 265 35 romance
1378 1936 65 54 of
1474 1938 100 52 the
1606 1938 142 69 days
1783 1938 65 53 of
1881 1937 197 64 Queen
2114 1939 184 68 Anne,
2332 1938 74 70 by

388 2016 161 54 Dora
575 2015 276 56 Barford.
926 2016 261 70 London,
1211 2016 245 53 Hodder
1480 2017 113 53 and
1620 2015 329 71 Stoughton
1973 2013 225 58 limited
2231 2022 171 64 [1931]

462 2112 85 42 312
575 2122 44 38 p.
708 2110 30 42 19½ᶜᵐ.

399 2180 2011 53 © 1c. May 18, 1931; A ad int. 15091; pubd. Mar. 19; D. Barford,
468 2241 257 49 Coventry,
766 2241 238 49 England.
1075 2240 284 50 (31-13717)

390 2336 277 67 Beghtol,
699 2334 268 59 Charles.

463 2433 224 69 Poems,
734 2432 76 70 by
861 2430 238 56 Charles
1151 2429 267 71 Beghtol.
1494 2429 125 54 The
1665 2429 153 55 little
1865 2430 133 54 blue
2044 2429 155 55 flute.
2274 2431 139 54 New

393 2510 838 71 York, H. Harrison [ ᶜ1 930]
462 2602 248 50 62 p. 22½ ᶜᵐ.
401 2675 52 53 ©
479 2679 112 40 Dec.
614 2678 41 48 5,
677 2676 118 42 1930;
845 2676 68 41 2c.
938 2677 114 47 May
1076 2674 71 50 20,
1171 2672 114 42 1931;
1341 2673 83 42 aff.
1449 2675 114 47 May
1587 2673 55 40 21;
1698 2674 40 39 A
1761 2672 145 43 37392;
1961 2675 170 49 Henry
2156 2675 258 44 Harrison.

479 2735 282 50 (31-13266)

392 2831 188 56 Bible.
653 2831 72 55 N.
791 2830 63 55 T.
929 2827 257 73 Epistles
1247 2829 117 55 and
1426 2826 259 73 Gospels,
1745 2827 340 72 Liturgical.
2147 2830 267 71 English.

465 2915 156 53 1931.

467 3007 123 52 The
615 3004 150 55 book
788 3002 66 53 of
876 3004 97 52 the
998 3001 256 69 Epistles;
1311 2999 173 70 being
1508 3000 98 53 the
1631 2998 254 71 Epistles
1913 2998 95 55 for
2033 3000 99 55 the
2157 3001 259 55 church’s

391 3101 136 51 year
556 3081 112 54 and
697 3080 93 52 for
816 3078 196 55 saints’
1039 3076 158 71 days,
1224 3076 138 69 holy
1389 3076 159 69 days,
1573 3076 113 53 and
1715 3076 192 54 votive
1932 3094 226 53 masses,
396 3080 1991 153 according

531 3170 58 46 to
624 3163 97 52 the
754 3180 98 35 use
886 3165 84 48 set
1003 3158 162 53 forth
1199 3157 62 53 in
1294 3158 97 52 the
1423 3155 309 55 American
1766 3156 214 55 missal.
2053 3158 363 71 Milwaukee,

394 3237 1048 71 Morehouse publishing co. [ ᶜ1 931]
462 3317 576 53 3 p. l. , 96 p., 1 l. 32 ᶜᵐ.
465 3393 165 42 “First
660 3389 226 44 edition.”

403 3464 54 53 ©
490 3469 121 39 Mar.
644 3465 69 43 16,
746 3462 113 42 1931;
919 3462 68 41 2c.
1018 3462 115 47 Apr.
1163 3462 28 37 4;
1253 3459 82 41 aff.
1369 3460 112 47 Apr.
1515 3458 28 41 6;
1603 3459 42 40 A
1674 3459 145 41 35631;
1883 3460 289 42 Morehouse
2205 3462 110 48 pub.
2348 3474 67 30 co.

483 3522 282 51 (31-12840)

469 3623 123 52 The
619 3618 149 56 book
794 3617 66 53 of
887 3618 97 52 the
1012 3614 244 69 Gospels:
1313 3611 172 71 being
1512 3612 99 54 the
1639 3610 242 71 Gospels
1911 3613 94 55 for
2033 3614 98 55 the
2159 3615 258 56 church’s

398 3719 137 50 year
561 3700 113 52 and
702 3697 95 53 for
823 3694 196 56 saints’
1045 3694 159 69 days,
1230 3692 139 69 holy
1395 3692 160 68 days,
1580 3692 113 53 and
1719 3690 193 55 votive
1934 3711 228 53 masses,
399 3696 1993 152 according

533 3784 58 47 to
624 3778 98 52 the
754 3792 99 36 use
885 3778 84 49 set
1003 3771 162 54 forth
1198 3770 63 53 in
1294 3771 97 52 the
1424 3768 309 55 American
1768 3769 211 55 missal.
2055 3771 361 70 Milwaukee,

397 3850 1047 72 Morehouse publishing co. [ ᶜ1 931]
467 3929 580 55 3 p. l., 117, [1] p. 32 ᶜᵐ.
468 4006 163 41 “First
660 4003 226 44 edition.”
