2428 4370
1175 4049 138 52 2244

233 486 2007 101 136 p. diagrs. 23 ᶜᵐ . (Bulletin of the Bureau of economic and business research
630 544 53 43 of
709 544 213 50 Rutgers
948 543 290 52 university.
1298 545 101 44 Ser.
1426 555 54 42 n,
1507 556 78 33 no.
1611 545 52 51 1)

242 617 52 52 ©
330 621 118 47 July
480 621 71 48 31,
585 619 142 48 1931;
762 621 66 39 2c.
867 620 129 49 Sept.
1029 620 84 47 24;
1150 619 82 41 aff.
1272 620 127 49 Sept.
1435 619 84 49 21;
1557 621 41 38 A
1629 620 174 48 41836;
1840 622 197 39 Bureau
2074 621 53 41 of
310 632 1931 87 economic
510 678 36 41 &
586 677 225 41 business
850 679 228 39 research

1120 677 53 40 of
1212 678 212 47 Rutgers
1466 677 289 50 university,
1795 678 118 39 New
1954 678 305 45 Brunswick,
310 735 57 42 N.
397 736 44 40 J.
513 734 254 50 (32-4190)

237 839 217 67 Guyot,
485 840 185 66 Jules,
705 841 329 56 1808-1872.

307 921 1951 72 A ritual for married lovers, by Jules Guyot … translated by
237 1000 2024 71 Gertrude Minturn Pinchot … Baltimore, Md., Waverly press,
235 1080 128 68 inc.,
394 1082 152 51 1931.

308 1161 64 44 ix,
404 1160 86 41 130
517 1170 45 39 p.
623 1160 119 42 15ᶜᵐ.

309 1218 174 40 “From
521 1219 83 40 the
642 1218 191 41 French
872 1217 271 42 ‘Bréviaire
1181 1219 57 41 de
1279 1217 205 42 l’amour
1521 1218 369 47 expérimental'
1930 1228 90 38 par
2059 1220 199 41 docteur

238 1275 138 41 Jules
403 1275 176 48 Guyot,
607 1274 129 43 1859.
792 1275 179 41 Edited
998 1275 62 47 by
1087 1274 212 49 Georges
1327 1275 193 47 Barrai,
1549 1274 130 49 1883,
1710 1275 154 47 Paris,
1896 1275 179 41 Ernest
236 1276 2006 104 Flammarion,
469 1332 299 49 publisher.”

245 1401 51 53 ©
340 1406 90 41 Oct
470 1406 69 46 13,
581 1404 142 49 1931;
767 1405 67 41 2c.
875 1406 97 39 and
1013 1404 83 41 aff.
1140 1404 103 43 Oct.
1285 1405 83 47 16;
1412 1405 41 39 A
1491 1404 174 49 44202;
1709 1406 115 39 Natl.
1884 1406 276 41 committee
2201 1417 61 30 on

311 1466 246 38 maternal
585 1463 185 48 health,
800 1464 92 40 inc.
964 1462 253 51 (32-3362)

232 1570 280 53 Harvard
543 1568 356 65 university.
973 1570 160 66 Dept.
1178 1572 65 65 of
1271 1569 351 68 philosophy
1650 1573 115 52 and
1792 1570 371 68 psychology.

372 1645 1886 72 … Examinations in philosophy and psychology, 1926-1931;
236 1727 233 68 general
503 1725 420 54 examinations
957 1725 94 54 for
1084 1725 97 54 the
1216 1725 203 69 degree
1453 1725 65 53 of
1548 1725 268 54 bachelor
1850 1725 65 54 of
1949 1730 148 63 arts;
237 1744 1999 129 preliminary

542 1803 420 55 examinations
993 1803 93 55 for
1116 1804 97 54 the
1242 1805 204 69 degree
1477 1803 65 55 of
1570 1805 199 53 doctor
1799 1803 65 55 of
1894 1804 366 71 philosophy.

239 1882 367 70 Cambridge,
637 1883 192 68 Mass.,
860 1883 122 53 The
1014 1882 360 70 University,
1409 1886 152 51 1931.

306 1955 596 51 4 p. l., 3-135 p. 22ᶜᵐ.
309 2015 63 40 At
398 2016 127 39 head
551 2014 54 40 of
629 2014 110 41 title:
796 2014 234 41 Harvard
1058 2013 289 48 university.

309 2072 233 40 “Printed
564 2071 63 49 by
651 2071 82 41 the
760 2071 324 48 Department
1109 2071 53 41 of
1187 2071 291 48 philosophy
1505 2072 96 40 and
1629 2071 294 49 psychology
1950 2071 54 41 of
2029 2071 231 41 Harvard

238 2128 2024 49 university … to establish … certain requirements for the degrees.”—
240 2186 150 41 Verso
418 2186 53 41 of
496 2187 59 40 3d
581 2186 190 48 prelim,
796 2185 116 42 leaf.

246 2255 51 52 ©
327 2259 129 48 Sept.
482 2258 70 49 29,
578 2258 142 47 1931;
747 2260 66 39 2c.
842 2259 104 40 Oct.
973 2259 53 47 5;
1056 2258 81 41 aff.
1167 2259 102 43 Oct.
1296 2259 52 46 8;
1378 2259 41 39 A
1443 2258 175 48 44078;
1647 2259 262 41 President.
1932 2264 37 41 &
1993 2259 192 41 fellows
2212 2259 53 41 of

314 2318 233 39 Harvard
587 2318 193 47 college,
821 2316 306 49 Cambridge,
1167 2318 147 39 Mass.
1388 2316 253 49 (32-4398)

240 2422 272 66 Hayden,
542 2422 171 54 Jesse
744 2424 82 64 F.,
858 2421 173 56 1875-

309 2505 122 53 The
464 2510 91 47 art
587 2504 64 53 of
681 2505 288 69 marriage;
1036 2528 31 33 a
1100 2505 277 54 scientific
1406 2506 251 67 treatise,
1689 2505 75 69 by
1798 2505 57 55 J.
1892 2506 65 53 F.
1992 2505 270 70 Hayden,

240 2582 2021 71 B. sc. Rev. and enl. ed. … High Point, N. C., Book sales
238 2680 234 51 agency,
524 2665 152 50 ᶜ1931.

309 2743 86 39 221
425 2754 45 38 p.
531 2743 129 41 illus.
720 2743 117 42 23ᶜᵐ.

311 2801 350 48 Bibliography:
728 2812 43 37 p.
808 2800 219 42 219-221.

247 2871 51 52 ©
334 2875 111 40 Dec.
480 2877 41 41 4,
556 2874 114 42 1931;
733 2876 65 41 2c.
835 2876 113 41 Dec.
983 2877 26 39 7;
1073 2876 82 40 aff.
1191 2877 113 41 Dec.
1339 2876 56 41 28;
1459 2877 41 38 A
1534 2876 146 40 46225;
1746 2878 135 39 Book
1917 2877 128 39 sales
2081 2887 181 38 agency

325 2933 66 47 (J.
426 2934 51 39 F.
512 2934 222 47 Hayden,
769 2933 157 49 prop.)
1008 2932 253 49 (32-2902)

239 3039 316 65 Hossbein,
587 3040 234 53 Hubert
851 3040 54 53 J.

315 3123 373 67 Elementary
732 3122 353 52 mechanical
1131 3122 283 69 drawing,
1458 3122 76 69 by
1581 3122 232 53 Hubert
1856 3122 55 54 J.
1959 3121 303 53 Hossbein.

244 3202 329 65 Rochester,
601 3202 69 51 N.
703 3201 89 68 Y.,
821 3201 121 52 The
974 3199 114 56 Cut
1115 3199 156 54 craft
1299 3218 282 51 company
1618 3234 12 34 [
1660 3203 131 50 ᶜ1931]

313 3285 25 39 2
405 3318 8 8 v.
474 3286 172 47 plates,
680 3284 178 49 diagrs.
921 3284 147 41 23½ᶜᵐ.

657 3352 46 30 CONTENTS.—v.
734 3340 41 41 1.
806 3342 453 40 Instructions.—v.
1290 3340 42 41 2.
1364 3342 179 41 Plates.

246 3409 51 52 ©
326 3413 102 41 Oct.
456 3413 39 47 9,
523 3412 113 42 1931;
693 3413 69 42 2c.
788 3414 118 39 each
933 3413 112 40 Dec.
1072 3411 59 41 19;
1184 3412 82 41 aff.
1295 3413 114 41 Dec.
1436 3413 59 40 18;
1550 3413 40 39 A
1616 3412 159 48 45560,
1804 3412 145 41 45561;
2009 3412 93 41 Cut
2129 3411 131 42 craft

314 3482 67 29 co.
454 3471 252 48 (32-2882)

234 3577 205 64 Jouve,
470 3576 389 65 Marguerite.

371 3650 1886 73 … Vie hérétique de Bernard Délicieux, par Marguerite
236 3730 202 54 Jouve.
506 3731 186 66 Paris,
723 3731 228 68 Rieder,
985 3734 152 50 1931.

307 3803 86 40 212
418 3814 58 37 p.,
506 3804 25 40 1
579 3837 8 8 l.
648 3805 117 41 19ᶜᵐ.
838 3805 301 48 (Half-title:
1168 3804 392 47 Christianisme,
1588 3804 81 49 39)

313 3859 160 43 Series
500 3861 109 41 title
637 3862 104 41 also
767 3864 51 38 at
844 3862 125 40 head
996 3862 53 40 of
1075 3864 98 45 t.-p.

242 3917 1897 60 © June 10, 1931; 1c. July 31; A—Foreign 13260; Éditions Rieder.
322 3982 252 50 (32-4403)
