2505 4370
1055 3962 134 54 1277

141 360 159 64 Fish,
330 360 270 55 Eleanor.

206 435 184 67 Tepee
423 435 114 53 and
571 436 260 68 wigwam
864 435 61 53 in
958 435 220 69 picture
1210 437 166 68 strip,
1407 437 76 69 by
1518 438 248 53 Eleanor
1799 439 158 65 Fish,
1991 439 140 52 with

136 512 290 70 drawings
468 512 75 69 by
583 513 195 69 Wally
821 513 219 53 Dubois
1084 513 300 54 Richards.
1466 513 270 72 Chicago,
1779 516 248 56 Thomas
2074 515 57 57 S.

137 589 288 53 Rockwell
456 607 297 52 company,
786 594 150 50 1931.

209 672 708 49 [25] p. illus. 18½ × 28½ᶜᵐ.
207 742 139 47 Maps
379 751 62 30 on
473 740 361 49 lining-papers.

141 808 51 52 ©
221 813 126 39 June
372 810 69 50 23,
469 810 140 49 1931;
638 811 66 41 2c.
732 812 117 47 Aug.
878 811 53 41 3:
962 811 80 39 aff.
1073 812 119 47 Aug.
1220 813 53 46 1;
1303 812 41 39 A
1370 812 171 48 40606;
1573 814 210 40 Thomas
1814 814 43 41 S.
1888 815 244 41 Rockwell

209 880 66 29 co.
346 867 279 49 (31-22245)

138 991 169 64 Ford,
340 992 207 63 Corey,
580 995 170 50 1902-

205 1065 255 56 Coconut
501 1065 94 62 oil,
636 1068 151 53 June
828 1066 297 69 Triplett’s
1165 1066 266 69 amazing
1468 1068 148 52 book
1656 1075 96 46 out
1796 1070 63 51 of
1900 1071 229 53 darkest

133 1141 1972 132 Africa! As told to Corey Ford … with 36 unbelievable illustrations.
467 1222 136 52 New
641 1221 179 66 York,
858 1224 246 66 Brewer,
1139 1222 245 53 Warren
1418 1225 46 49 &
1499 1224 269 65 Putnam,
1805 1227 149 50 1931.

203 1300 83 50 xii,
312 1302 87 41 217
425 1313 43 38 p.
495 1302 109 40 incl.
630 1302 163 47 front.,
820 1304 171 47 plates.
1051 1302 116 41 23ᶜᵐ.

204 1373 289 39 Illustrated
522 1372 362 48 lining-papers.

138 1438 51 52 ©
226 1443 119 48 Aug.
382 1443 70 48 24,
491 1441 139 48 1931;
670 1443 67 40 2c.
772 1443 121 48 Aug.
930 1443 81 46 25;
1052 1443 82 41 aff.
1171 1443 121 48 Aug.
1329 1442 83 49 28;
1452 1443 42 40 A
1529 1443 172 49 41310;
1744 1444 49 41 C.
1832 1444 144 48 Ford,
2013 1445 117 40 New

205 1500 142 39 York.
420 1499 278 49 (31-22426)

134 1608 171 64 Ford,
336 1607 302 54 Jeremiah
669 1607 183 54 Denis
883 1607 312 66 Matthias,
1229 1610 172 53 1873-
1613 1627 178 51 comp.

202 1686 56 53 A
285 1687 276 54 tentative
587 1687 406 71 bibliography
1021 1687 64 54 of
1111 1687 298 55 Brazilian
1435 1688 411 70 belles-lettres,
1871 1689 75 70 by
131 1689 1977 126 Jeremiah

314 1763 1816 56 D. M. Ford … and Arthur F. Whittem … and Maxwell
130 1839 2000 72 I. Raphael … Cambridge, Mass., Harvard university press,
131 1921 150 49 1931.

198 1999 61 49 vi,
294 1999 85 41 201
413 2010 46 38 p.
516 2000 148 42 23½ᶜᵐ.

200 2071 99 41 One
326 2071 52 40 of
406 2081 29 30 a
463 2071 150 40 series
639 2070 52 40 of
718 2070 378 48 bibliographies
1122 2071 51 40 of
1204 2070 210 48 Spanish
1442 2071 256 41 American
1728 2071 258 42 literature
131 2074 1979 95 published
315 2129 154 39 under
499 2129 82 39 the
610 2126 221 48 auspices
863 2127 51 40 of
945 2128 81 39 the
1058 2127 231 40 Harvard
1320 2127 187 40 council
1538 2138 60 30 on
1629 2128 499 48 Hispano-American

129 2184 200 41 studies.

200 2238 383 42 “Periodicals”:
616 2250 43 38 p.
689 2238 217 42 187-201,

199 2297 237 40 “General
468 2295 639 49 works.—Bibliographies,
1139 2296 296 48 catalogues,
1464 2294 147 42 etc.”:
1643 2306 43 38 p.
1718 2296 97 40 1-2.

135 2365 51 52 ©
218 2369 116 47 July
361 2368 72 49 27,
463 2366 140 49 1931;
635 2367 66 40 2c.
732 2367 121 48 Aug.
884 2367 82 44 24;
1000 2366 83 41 aff.
1113 2366 121 48 Aug.
1265 2367 52 46 3;
1351 2366 42 40 A
1422 2365 172 49 40985;
1628 2367 259 41 President
1915 2369 95 38 and
201 2367 1910 99 fellows

352 2425 52 41 of
435 2425 229 39 Harvard
696 2425 193 46 college,
922 2423 300 48 Cambridge,
1257 2423 148 40 Mass.
1475 2423 280 49 (31-22233)

130 2533 140 64 Fox,
302 2533 277 63 Herbert,
613 2537 170 50 1880-

194 2607 366 71 Elementary
608 2606 384 73 bacteriology
1040 2607 113 51 and
1199 2607 389 68 parasitology
1640 2606 90 52 for
1778 2610 96 51 the
1921 2624 95 34 use
2063 2607 63 52 of

123 2683 1976 131 nurses, by Herbert Fox … 5th ed., thoroughly rev. Illustrated
338 2761 140 54 with
508 2766 63 48 91
603 2760 341 70 engravings
972 2761 113 52 and
1113 2759 32 55 7
1174 2761 225 53 colored
1427 2760 196 69 plates.
1700 2760 425 69 Philadelphia,

124 2840 112 54 Lea
262 2841 46 50 &
334 2838 260 70 Febiger,
623 2842 149 52 1931.

262 2920 1861 51 xv, 17-311 p. illus., VII col. pl. (incl. front.) 20½ᶜᵐ. (Lettered on
125 2987 161 32 cover:
309 2978 101 41 The
432 2988 172 30 nurses
627 2980 104 39 text
755 2980 122 39 book
903 2978 171 48 series)

195 3047 189 42 Earlier
608 3059 22 29 éditions
664 3047 254 48 published
956 3049 150 39 under
1145 3048 135 40 title:
1319 3048 307 47 Elementary
1665 3048 323 48 bacteriology
2029 3048 96 39 and

125 3105 335 47 protozoology
485 3105 77 39 for
586 3104 83 40 the
694 3115 86 30 use
804 3104 51 40 of
880 3113 184 31 nurses.

197 3160 374 42 “References”:
602 3170 43 38 p.
672 3159 99 42 293.

133 3227 51 52 ©
214 3232 118 46 Aug.
361 3230 69 48 20,
460 3229 140 48 1931;
630 3230 66 40 2c.
725 3230 121 47 Aug.
872 3230 82 46 21;
986 3229 82 40 aff.
1097 3230 120 46 Aug.
1245 3228 56 41 25
1319 3240 10 36 ;
1361 3229 41 39 A
1429 3228 171 49 40979;
1633 3230 96 40 Lea
1759 3230 37 40 &
1825 3229 215 48 Febiger.

211 3287 279 49 (31-22039)

130 3394 210 65 Fuller,
370 3396 307 62 Raymond
704 3393 166 68 Tifft,
901 3400 168 49 1889-

194 3471 194 69 Along
420 3472 96 51 the
548 3470 206 67 brook;
790 3471 154 52 what
976 3489 111 50 you
1119 3470 120 53 find
1272 3470 158 52 there
1463 3471 113 51 and
1608 3470 127 51 how
1770 3475 58 48 to
1860 3488 165 33 name
2058 3469 65 67 it,

125 3546 1996 71 by Raymond T. Fuller … with drawings of fifty common
125 3627 192 66 plants
365 3626 112 52 and
526 3631 300 61 creatures,
871 3625 75 68 by
992 3625 274 68 Margery
1313 3624 69 53 N.
1430 3624 241 54 Wilson.
1754 3624 137 52 New
1942 3623 180 69 York,

125 3702 1019 69 The John Day company [ ᶜ1 931 ]
195 3783 1186 50 viii, 81, [1] p. incl. front., illus. 12½ × 18½ᶜᵐ.
133 3853 51 52 ©
210 3858 115 47 July
348 3856 70 48 30,
444 3855 106 41 1931
576 3867 7 35 ;
612 3856 67 41 2c.
705 3856 119 47 Aug.
850 3854 81 46 19;
960 3854 81 41 aff.
1068 3856 119 46 Aug.
1213 3854 83 46 20;
1323 3854 41 39 A
1389 3853 171 49 40879;
1590 3855 53 38 R.
1673 3855 50 39 T.
1752 3854 178 45 Fuller,
1959 3854 162 40 White

202 3913 180 48 Plains,
411 3914 58 40 N.
499 3914 51 38 Y.
621 3912 279 49 (31-22338)
