<alto xmlns="http://www.loc.gov/standards/alto/ns-v3#" xmlns:xlink="http://www.w3.org/1999/xlink" xmlns:xsi="http://www.w3.org/2001/XMLSchema-instance" xsi:schemaLocation="http://www.loc.gov/standards/alto/ns-v3# http://www.loc.gov/alto/v3/alto-3-0.xsd"><Description>
<MeasurementUnit>pixel</MeasurementUnit>
<sourceImageInformation>
<fileName>1931_v28_Part001.pdf</fileName>
</sourceImageInformation>
<OCRProcessing ID="IdOcr">
<ocrProcessingStep>
<processingDateTime>2019-04-22</processingDateTime>
<processingSoftware>
<softwareCreator>ABBYY</softwareCreator>
<softwareName>ABBYY Recognition Server</softwareName>
<softwareVersion>4.0</softwareVersion>
</processingSoftware>
</ocrProcessingStep>
</OCRProcessing>
</Description>
<Styles>
<ParagraphStyle ID="StyleId-FFFFFFFF-FFFF-FFFF-FFFF-FFFFFFFFFFFF-" ALIGN="Left" LEFT="0." RIGHT="0." FIRSTLINE="0."/>
<ParagraphStyle ID="StyleId-204B5AEB-67A1-44E2-A013-34B3A0F3E0EA-" ALIGN="Right" LEFT="0." RIGHT="0." FIRSTLINE="0." LINESPACE="8.300000191"/>
<ParagraphStyle ID="StyleId-03245871-796C-4429-B3C7-F9019C8C5B89-" ALIGN="Left" LEFT="0." RIGHT="0." FIRSTLINE="0." LINESPACE="12.19999981"/>
<ParagraphStyle ID="StyleId-BDCA8811-25FF-44DB-8D6F-2072A4ABC070-" ALIGN="Center" LEFT="0." RIGHT="0." FIRSTLINE="0." LINESPACE="12.19999981"/>
<ParagraphStyle ID="StyleId-2C5B7DF0-AF87-455E-B9A8-6FE387CB59BD-" ALIGN="Left" LEFT="0." RIGHT="0." FIRSTLINE="-13." LINESPACE="8.479999542"/>
<ParagraphStyle ID="StyleId-9FB72FA1-55D5-4161-8333-823D5732F4D0-" ALIGN="Block" LEFT="0." RIGHT="0." FIRSTLINE="-14." LINESPACE="10."/>
<ParagraphStyle ID="StyleId-212AEB8C-A829-4BF1-8E45-5BFE386A469C-" ALIGN="Block" LEFT="0." RIGHT="0." FIRSTLINE="-14." LINESPACE="11.35000038"/>
<ParagraphStyle ID="StyleId-4EC79CC1-EA62-49CE-ABB6-D84DDFCF4C7D-" ALIGN="Block" LEFT="0." RIGHT="0." FIRSTLINE="-10." LINESPACE="12.19999981"/>
<ParagraphStyle ID="StyleId-DAF2E8EE-6444-4951-9284-36A6C020C887-" ALIGN="Left" LEFT="0." RIGHT="0." FIRSTLINE="0." LINESPACE="9.399999619"/>
<ParagraphStyle ID="StyleId-25241749-1672-4977-B19F-38F59800D6D8-" ALIGN="Left" LEFT="0." RIGHT="0." FIRSTLINE="0." LINESPACE="11.10000038"/>
<ParagraphStyle ID="StyleId-8C523E19-EDEF-4F23-B010-536E1A1AAE1A-" ALIGN="Left" LEFT="0." RIGHT="0." FIRSTLINE="-13." LINESPACE="12.19999981"/>
<ParagraphStyle ID="StyleId-A1F9DE9E-2625-4D8B-AD7E-F0A0034C2989-" ALIGN="Block" LEFT="0." RIGHT="0." FIRSTLINE="0." LINESPACE="12.19999981"/>
<ParagraphStyle ID="StyleId-5725BB01-2B1C-440F-BAF2-696C4F4DF162-" ALIGN="Block" LEFT="0." RIGHT="0." FIRSTLINE="13." LINESPACE="12.19999981"/>
<ParagraphStyle ID="StyleId-F10A2092-61AA-44FD-99C2-123B3A8051CF-" ALIGN="Left" LEFT="0." RIGHT="0." FIRSTLINE="0." LINESPACE="5.5"/>
<ParagraphStyle ID="StyleId-B3CDC8CC-D2E1-4A23-B67C-CDD40993D1DD-" ALIGN="Left" LEFT="0." RIGHT="0." FIRSTLINE="0." LINESPACE="10."/>
<ParagraphStyle ID="StyleId-871EBF53-D909-4C8F-B368-AC7D897344DD-" ALIGN="Left" LEFT="0." RIGHT="0." FIRSTLINE="0."/>
<ParagraphStyle ID="StyleId-C4129744-680B-4878-B2C4-44BA3742C8D7-" ALIGN="Block" LEFT="0." RIGHT="0." FIRSTLINE="-14." LINESPACE="11.35000038"/>
<ParagraphStyle ID="StyleId-9CE98075-0B04-43D4-88D8-CE3BAB51B419-" ALIGN="Block" LEFT="0." RIGHT="0." FIRSTLINE="-10." LINESPACE="12.19999981"/>
<ParagraphStyle ID="StyleId-B2CFB7B3-DFFA-4E0E-94D6-C2BCE88DA9A9-" ALIGN="Left" LEFT="0." RIGHT="0." FIRSTLINE="0." LINESPACE="12.5"/>
<ParagraphStyle ID="StyleId-8D3352F3-1084-4DDE-A35D-B97102CCE686-" ALIGN="Left" LEFT="0." RIGHT="0." FIRSTLINE="0." LINESPACE="11.60000038"/>
<ParagraphStyle ID="StyleId-4A8DDA0D-166D-4E22-A597-BA51B892602D-" ALIGN="Block" LEFT="0." RIGHT="0." FIRSTLINE="0." LINESPACE="11.21000004"/>
<ParagraphStyle ID="StyleId-90EA4001-AA3C-45A1-AEDC-D1E1169EE5E5-" ALIGN="Block" LEFT="0." RIGHT="0." FIRSTLINE="13." LINESPACE="12.19999981"/>
</Styles>
<Layout>
<Page ID="Page294" PHYSICAL_IMG_NR="294" HEIGHT="4370" WIDTH="2505">
<TopMargin HEIGHT="364" WIDTH="2505" VPOS="0" HPOS="0">
</TopMargin>
<LeftMargin HEIGHT="3640" WIDTH="240" VPOS="364" HPOS="0">
</LeftMargin>
<RightMargin HEIGHT="3640" WIDTH="207" VPOS="364" HPOS="2298">
</RightMargin>
<BottomMargin HEIGHT="366" WIDTH="2505" VPOS="4004" HPOS="0">
<TextBlock ID="Page294_Block1" HEIGHT="72" WIDTH="144" VPOS="4036" HPOS="1182" LANG="en-US" STYLEREFS="StyleId-952D02C3-5044-4564-B4AC-D35D94FAEBED-">
<TextLine HEIGHT="52" WIDTH="106" VPOS="4046" HPOS="1209">
<String CONTENT="294" HEIGHT="52" WIDTH="106" VPOS="4046" HPOS="1209"/>
</TextLine>
</TextBlock>
</BottomMargin>
<PrintSpace HEIGHT="3640" WIDTH="2058" VPOS="364" HPOS="240">
<TextBlock ID="Page294_Block2" HEIGHT="3640" WIDTH="2058" VPOS="364" HPOS="240" LANG="en-US" CS="1" STYLEREFS="StyleId-EB139774-F4EE-4AD9-AC0C-DCD182DA206F-">
<TextLine HEIGHT="110" WIDTH="2007" VPOS="463" HPOS="261" STYLEREFS="StyleId-6A87F9F7-D18A-4A2B-B430-034B3D573920-" CS="1">
<String LANG="fr" CONTENT="viii," HEIGHT="49" WIDTH="103" VPOS="466" HPOS="332"/>
<SP HEIGHT="30" WIDTH="28" VPOS="486" HPOS="436"/>
<String LANG="en-US" CS="1" CONTENT="[vi]," HEIGHT="51" WIDTH="95" VPOS="466" HPOS="465"/>
<SP HEIGHT="49" WIDTH="23" VPOS="466" HPOS="561"/>
<String LANG="fr" CONTENT="414" HEIGHT="39" WIDTH="87" VPOS="466" HPOS="585"/>
<SP HEIGHT="48" WIDTH="24" VPOS="466" HPOS="673"/>
<String LANG="fr" CONTENT="p." HEIGHT="37" WIDTH="43" VPOS="477" HPOS="698"/>
<SP HEIGHT="41" WIDTH="60" VPOS="465" HPOS="742"/>
<String LANG="fr" CONTENT="illus.," HEIGHT="49" WIDTH="144" VPOS="465" HPOS="803"/>
<SP HEIGHT="47" WIDTH="27" VPOS="467" HPOS="948"/>
<String LANG="fr" CONTENT="diagrs." HEIGHT="46" WIDTH="179" VPOS="465" HPOS="976"/>
<SP HEIGHT="40" WIDTH="61" VPOS="466" HPOS="1156"/>
<String LANG="fr" CS="1" CONTENT="17&#189;&#7580;&#7504;." HEIGHT="40" WIDTH="56" VPOS="465" HPOS="1218"/>
<SP HEIGHT="49" WIDTH="70" VPOS="465" HPOS="1366"/>
<String LANG="en-US" CONTENT="(On" HEIGHT="49" WIDTH="100" VPOS="465" HPOS="1437"/>
<SP HEIGHT="30" WIDTH="25" VPOS="476" HPOS="1538"/>
<String LANG="en-US" CONTENT="cover:" HEIGHT="32" WIDTH="163" VPOS="475" HPOS="1564"/>
<SP HEIGHT="40" WIDTH="25" VPOS="466" HPOS="1728"/>
<String LANG="fr" CONTENT="Encyclop&#233;die" HEIGHT="51" WIDTH="355" VPOS="463" HPOS="1754"/>
<SP HEIGHT="31" WIDTH="26" VPOS="475" HPOS="2110"/>
<String LANG="fr" CONTENT="scientifique" HEIGHT="107" WIDTH="2007" VPOS="466" HPOS="261"/>
<SP HEIGHT="29" WIDTH="33" VPOS="535" HPOS="431"/>
<String LANG="fr" CS="1" CONTENT="&#8230;"/>
</TextLine>
<TextLine HEIGHT="52" WIDTH="954" VPOS="521" HPOS="574" STYLEREFS="StyleId-6A87F9F7-D18A-4A2B-B430-034B3D573920-" LANG="fr">
<String CONTENT="Biblioth&#232;que" HEIGHT="50" WIDTH="343" VPOS="523" HPOS="574"/>
<SP HEIGHT="40" WIDTH="30" VPOS="524" HPOS="918"/>
<String CONTENT="de" HEIGHT="39" WIDTH="59" VPOS="524" HPOS="949"/>
<SP HEIGHT="40" WIDTH="28" VPOS="523" HPOS="1009"/>
<String CONTENT="biologie" HEIGHT="50" WIDTH="207" VPOS="523" HPOS="1038"/>
<SP HEIGHT="40" WIDTH="29" VPOS="533" HPOS="1246"/>
<String CONTENT="g&#233;n&#233;rale)" HEIGHT="52" WIDTH="252" VPOS="521" HPOS="1276"/>
</TextLine>
<TextLine HEIGHT="53" WIDTH="2023" VPOS="592" HPOS="263" STYLEREFS="StyleId-6A87F9F7-D18A-4A2B-B430-034B3D573920-" CS="1">
<String LANG="fr" CONTENT="&#169;" HEIGHT="52" WIDTH="53" VPOS="592" HPOS="263"/>
<SP HEIGHT="52" WIDTH="32" VPOS="592" HPOS="317"/>
<String LANG="en-US" CONTENT="July" HEIGHT="47" WIDTH="117" VPOS="597" HPOS="350"/>
<SP HEIGHT="47" WIDTH="30" VPOS="597" HPOS="468"/>
<String LANG="fr" CONTENT="16," HEIGHT="47" WIDTH="70" VPOS="596" HPOS="499"/>
<SP HEIGHT="46" WIDTH="31" VPOS="597" HPOS="570"/>
<String LANG="fr" CONTENT="1930;" HEIGHT="50" WIDTH="143" VPOS="593" HPOS="602"/>
<SP HEIGHT="47" WIDTH="33" VPOS="596" HPOS="746"/>
<String LANG="fr" CS="1" CONTENT="1c." HEIGHT="8" WIDTH="8" VPOS="628" HPOS="839"/>
<SP HEIGHT="40" WIDTH="33" VPOS="596" HPOS="848"/>
<String LANG="de" CONTENT="Jan." HEIGHT="40" WIDTH="111" VPOS="596" HPOS="882"/>
<SP HEIGHT="39" WIDTH="31" VPOS="597" HPOS="994"/>
<String LANG="fr" CONTENT="16," HEIGHT="49" WIDTH="70" VPOS="596" HPOS="1026"/>
<SP HEIGHT="49" WIDTH="32" VPOS="596" HPOS="1097"/>
<String LANG="fr" CONTENT="1931;" HEIGHT="49" WIDTH="143" VPOS="594" HPOS="1130"/>
<SP HEIGHT="48" WIDTH="33" VPOS="595" HPOS="1274"/>
<!-- cceid E0B532B2-6E8D-1014-9CF5-AEB3FCA41D69 --><String LANG="fr" CONTENT="A&#8212;" HEIGHT="39" WIDTH="104" VPOS="595" HPOS="1308"/>
<String LANG="de" CONTENT="Foreign" HEIGHT="49" WIDTH="209" VPOS="594" HPOS="1414"/>
<SP HEIGHT="40" WIDTH="30" VPOS="595" HPOS="1624"/>
<String LANG="fr" CONTENT="10467;" HEIGHT="49" WIDTH="173" VPOS="594" HPOS="1655"/>
<SP HEIGHT="48" WIDTH="36" VPOS="595" HPOS="1829"/>
<String LANG="fr" CONTENT="Gaston" HEIGHT="41" WIDTH="187" VPOS="595" HPOS="1866"/>
<SP HEIGHT="39" WIDTH="33" VPOS="596" HPOS="2054"/>
<String LANG="fr" CONTENT="Doin" HEIGHT="42" WIDTH="127" VPOS="594" HPOS="2088"/>
<SP HEIGHT="41" WIDTH="33" VPOS="594" HPOS="2216"/>
<String LANG="fr" CONTENT="&amp;" HEIGHT="41" WIDTH="36" VPOS="594" HPOS="2250"/>
</TextLine>
<TextLine HEIGHT="31" WIDTH="75" VPOS="664" HPOS="331" STYLEREFS="StyleId-6A87F9F7-D18A-4A2B-B430-034B3D573920-" CS="1">
<String LANG="fr" CONTENT="c" HEIGHT="31" WIDTH="26" VPOS="664" HPOS="331"/>
<String STYLE="superscript" LANG="en-US" CS="1" CONTENT="&#8305;"/>
<String LANG="en-US" CS="1" CONTENT="&#7497;"/>
<String LANG="fr" CONTENT="." HEIGHT="9" WIDTH="9" VPOS="686" HPOS="397"/>
</TextLine>
<TextLine HEIGHT="65" WIDTH="1435" VPOS="748" HPOS="260">
<String CONTENT="Gynecological" HEIGHT="65" WIDTH="453" VPOS="748" HPOS="260"/>
<SP HEIGHT="53" WIDTH="28" VPOS="749" HPOS="714"/>
<String CONTENT="and" HEIGHT="52" WIDTH="115" VPOS="750" HPOS="743"/>
<SP HEIGHT="52" WIDTH="31" VPOS="750" HPOS="859"/>
<String CONTENT="obstetrical" HEIGHT="53" WIDTH="350" VPOS="749" HPOS="891"/>
<SP HEIGHT="52" WIDTH="28" VPOS="749" HPOS="1242"/>
<String CONTENT="monographs." HEIGHT="63" WIDTH="424" VPOS="749" HPOS="1271"/>
</TextLine>
<TextLine HEIGHT="150" WIDTH="2008" VPOS="828" HPOS="258" CS="1">
<String LANG="fr" CONTENT="Composite" HEIGHT="71" WIDTH="334" VPOS="828" HPOS="331"/>
<SP HEIGHT="53" WIDTH="45" VPOS="829" HPOS="666"/>
<String LANG="fr" CONTENT="index" HEIGHT="53" WIDTH="175" VPOS="829" HPOS="712"/>
<SP HEIGHT="34" WIDTH="49" VPOS="847" HPOS="888"/>
<String LANG="en-US" CONTENT="of" HEIGHT="53" WIDTH="65" VPOS="829" HPOS="938"/>
<SP HEIGHT="54" WIDTH="48" VPOS="828" HPOS="1004"/>
<String LANG="en-US" CONTENT="Gynecological" HEIGHT="69" WIDTH="446" VPOS="828" HPOS="1053"/>
<SP HEIGHT="51" WIDTH="50" VPOS="830" HPOS="1500"/>
<String LANG="en-US" CONTENT="and" HEIGHT="53" WIDTH="114" VPOS="830" HPOS="1551"/>
<SP HEIGHT="53" WIDTH="48" VPOS="830" HPOS="1666"/>
<String LANG="en-US" CONTENT="obstetrical" HEIGHT="54" WIDTH="329" VPOS="829" HPOS="1715"/>
<SP HEIGHT="51" WIDTH="48" VPOS="830" HPOS="2045"/>
<String LANG="en-US" CONTENT="monographs." HEIGHT="132" WIDTH="2008" VPOS="846" HPOS="258"/>
</TextLine>
<TextLine HEIGHT="70" WIDTH="1717" VPOS="907" HPOS="570">
<String CONTENT="New" HEIGHT="53" WIDTH="140" VPOS="908" HPOS="570"/>
<SP HEIGHT="53" WIDTH="26" VPOS="908" HPOS="711"/>
<String CONTENT="York," HEIGHT="69" WIDTH="181" VPOS="908" HPOS="738"/>
<SP HEIGHT="69" WIDTH="25" VPOS="908" HPOS="920"/>
<String CONTENT="London," HEIGHT="58" WIDTH="260" VPOS="908" HPOS="946"/>
<SP HEIGHT="58" WIDTH="26" VPOS="908" HPOS="1207"/>
<String CONTENT="D." HEIGHT="51" WIDTH="72" VPOS="908" HPOS="1234"/>
<SP HEIGHT="52" WIDTH="28" VPOS="907" HPOS="1307"/>
<String CONTENT="Appleton" HEIGHT="69" WIDTH="298" VPOS="907" HPOS="1336"/>
<SP HEIGHT="33" WIDTH="27" VPOS="928" HPOS="1635"/>
<String CONTENT="and" HEIGHT="52" WIDTH="113" VPOS="909" HPOS="1663"/>
<SP HEIGHT="52" WIDTH="27" VPOS="909" HPOS="1777"/>
<String CONTENT="company." HEIGHT="50" WIDTH="300" VPOS="926" HPOS="1805"/>
<SP HEIGHT="50" WIDTH="30" VPOS="912" HPOS="2106"/>
<String CONTENT="1931." HEIGHT="51" WIDTH="150" VPOS="909" HPOS="2137"/>
</TextLine>
<TextLine HEIGHT="51" WIDTH="488" VPOS="988" HPOS="333" CS="1">
<String CONTENT="3" HEIGHT="41" WIDTH="28" VPOS="990" HPOS="333"/>
<SP HEIGHT="48" WIDTH="27" VPOS="990" HPOS="362"/>
<String CS="1" CONTENT="p."/>
<SP/>
<String CS="1" CONTENT="l.," HEIGHT="16" WIDTH="8" VPOS="1022" HPOS="502"/>
<SP HEIGHT="49" WIDTH="30" VPOS="989" HPOS="511"/>
<String CONTENT="221" HEIGHT="40" WIDTH="87" VPOS="989" HPOS="542"/>
<SP HEIGHT="49" WIDTH="29" VPOS="990" HPOS="630"/>
<String CONTENT="p." HEIGHT="39" WIDTH="43" VPOS="1000" HPOS="660"/>
<SP HEIGHT="41" WIDTH="59" VPOS="988" HPOS="704"/>
<String CONTENT="25" HEIGHT="42" WIDTH="57" VPOS="988" HPOS="764"/>
<String STYLE="superscript" CS="1" CONTENT="&#7580;&#7504;."/>
</TextLine>
<TextLine HEIGHT="53" WIDTH="1854" VPOS="1057" HPOS="264" STYLEREFS="StyleId-6A87F9F7-D18A-4A2B-B430-034B3D573920-" CS="1">
<String CONTENT="&#169;" HEIGHT="53" WIDTH="52" VPOS="1057" HPOS="264"/>
<SP HEIGHT="53" WIDTH="28" VPOS="1057" HPOS="317"/>
<String CONTENT="Feb." HEIGHT="41" WIDTH="115" VPOS="1061" HPOS="346"/>
<SP HEIGHT="42" WIDTH="25" VPOS="1060" HPOS="462"/>
<String CONTENT="27," HEIGHT="49" WIDTH="71" VPOS="1060" HPOS="488"/>
<SP HEIGHT="48" WIDTH="28" VPOS="1061" HPOS="560"/>
<String CS="1" CONTENT="1931;" HEIGHT="42" WIDTH="115" VPOS="1059" HPOS="589"/>
<SP HEIGHT="47" WIDTH="30" VPOS="1060" HPOS="732"/>
<String CONTENT="2c." HEIGHT="42" WIDTH="69" VPOS="1060" HPOS="763"/>
<SP HEIGHT="31" WIDTH="28" VPOS="1071" HPOS="833"/>
<String CONTENT="and" HEIGHT="39" WIDTH="96" VPOS="1061" HPOS="862"/>
<SP HEIGHT="39" WIDTH="29" VPOS="1061" HPOS="959"/>
<String CS="1" CONTENT="aff." HEIGHT="40" WIDTH="82" VPOS="1060" HPOS="989"/>
<SP HEIGHT="40" WIDTH="30" VPOS="1060" HPOS="1072"/>
<String CONTENT="Mar." HEIGHT="40" WIDTH="122" VPOS="1060" HPOS="1103"/>
<SP HEIGHT="40" WIDTH="30" VPOS="1060" HPOS="1226"/>
<String CS="1" CONTENT="3;" HEIGHT="40" WIDTH="26" VPOS="1060" HPOS="1257"/>
<SP HEIGHT="48" WIDTH="30" VPOS="1059" HPOS="1312"/>
<!-- cceid E0B5F80E-6E8D-1014-9CF5-AEB3FCA41D69 --><String CONTENT="A" HEIGHT="40" WIDTH="42" VPOS="1059" HPOS="1343"/>
<SP HEIGHT="41" WIDTH="27" VPOS="1059" HPOS="1386"/>
<String CS="1" CONTENT="35057;" HEIGHT="42" WIDTH="146" VPOS="1058" HPOS="1414"/>
<SP HEIGHT="49" WIDTH="31" VPOS="1058" HPOS="1588"/>
<String CONTENT="D." HEIGHT="43" WIDTH="59" VPOS="1058" HPOS="1620"/>
<SP HEIGHT="43" WIDTH="28" VPOS="1058" HPOS="1680"/>
<String CONTENT="Appleton" HEIGHT="50" WIDTH="243" VPOS="1058" HPOS="1709"/>
<SP HEIGHT="41" WIDTH="28" VPOS="1058" HPOS="1953"/>
<String CONTENT="&amp;" HEIGHT="41" WIDTH="37" VPOS="1058" HPOS="1982"/>
<SP HEIGHT="42" WIDTH="27" VPOS="1058" HPOS="2020"/>
<String CONTENT="co." HEIGHT="32" WIDTH="70" VPOS="1068" HPOS="2048"/>
</TextLine>
<TextLine HEIGHT="67" WIDTH="1025" VPOS="1170" HPOS="259">
<String CONTENT="Hatfield," HEIGHT="65" WIDTH="281" VPOS="1172" HPOS="259"/>
<SP HEIGHT="64" WIDTH="28" VPOS="1173" HPOS="541"/>
<String CONTENT="Walter" HEIGHT="55" WIDTH="228" VPOS="1172" HPOS="570"/>
<SP HEIGHT="53" WIDTH="28" VPOS="1173" HPOS="799"/>
<String CONTENT="Wilbur," HEIGHT="63" WIDTH="248" VPOS="1170" HPOS="828"/>
<SP HEIGHT="54" WIDTH="34" VPOS="1179" HPOS="1077"/>
<String CONTENT="1882-" HEIGHT="50" WIDTH="172" VPOS="1176" HPOS="1112"/>
</TextLine>
<TextLine HEIGHT="136" WIDTH="2003" VPOS="1245" HPOS="257" CS="1">
<String CS="1" CONTENT="&#8230;"/>
<SP HEIGHT="56" WIDTH="37" VPOS="1247" HPOS="391"/>
<String CONTENT="The" HEIGHT="54" WIDTH="124" VPOS="1247" HPOS="429"/>
<SP HEIGHT="35" WIDTH="30" VPOS="1266" HPOS="554"/>
<String CONTENT="spirit" HEIGHT="69" WIDTH="172" VPOS="1247" HPOS="585"/>
<SP HEIGHT="47" WIDTH="30" VPOS="1255" HPOS="758"/>
<String CONTENT="of" HEIGHT="53" WIDTH="64" VPOS="1247" HPOS="789"/>
<SP HEIGHT="53" WIDTH="35" VPOS="1247" HPOS="854"/>
<String CONTENT="America" HEIGHT="54" WIDTH="263" VPOS="1246" HPOS="890"/>
<SP HEIGHT="53" WIDTH="34" VPOS="1247" HPOS="1154"/>
<String CONTENT="in" HEIGHT="52" WIDTH="61" VPOS="1247" HPOS="1189"/>
<SP HEIGHT="52" WIDTH="34" VPOS="1247" HPOS="1251"/>
<String CONTENT="literature," HEIGHT="68" WIDTH="316" VPOS="1246" HPOS="1286"/>
<SP HEIGHT="68" WIDTH="30" VPOS="1246" HPOS="1603"/>
<String CONTENT="by" HEIGHT="71" WIDTH="75" VPOS="1246" HPOS="1634"/>
<SP HEIGHT="70" WIDTH="32" VPOS="1247" HPOS="1710"/>
<String CONTENT="W." HEIGHT="53" WIDTH="90" VPOS="1247" HPOS="1743"/>
<SP HEIGHT="54" WIDTH="34" VPOS="1246" HPOS="1834"/>
<String CONTENT="Wilbur" HEIGHT="55" WIDTH="231" VPOS="1245" HPOS="1869"/>
<SP HEIGHT="53" WIDTH="32" VPOS="1246" HPOS="2101"/>
<String CONTENT="Hatfield" HEIGHT="133" WIDTH="2003" VPOS="1246" HPOS="257"/>
<SP HEIGHT="55" WIDTH="30" VPOS="1326" HPOS="390"/>
<String CS="1" CONTENT="&#8230;"/>
</TextLine>
<TextLine HEIGHT="74" WIDTH="1772" VPOS="1324" HPOS="511" CS="1">
<String CONTENT="and" HEIGHT="54" WIDTH="115" VPOS="1325" HPOS="511"/>
<SP HEIGHT="53" WIDTH="22" VPOS="1325" HPOS="627"/>
<String LANG="fr" CONTENT="H." HEIGHT="55" WIDTH="78" VPOS="1326" HPOS="650"/>
<SP HEIGHT="56" WIDTH="27" VPOS="1325" HPOS="729"/>
<String CONTENT="D." HEIGHT="54" WIDTH="70" VPOS="1325" HPOS="757"/>
<SP HEIGHT="53" WIDTH="26" VPOS="1326" HPOS="828"/>
<String CONTENT="Roberts" HEIGHT="55" WIDTH="244" VPOS="1324" HPOS="855"/>
<SP HEIGHT="36" WIDTH="30" VPOS="1345" HPOS="1100"/>
<String CS="1" CONTENT="&#8230;"/>
<SP HEIGHT="57" WIDTH="28" VPOS="1324" HPOS="1189"/>
<String CONTENT="illustrated" HEIGHT="56" WIDTH="326" VPOS="1324" HPOS="1218"/>
<SP HEIGHT="54" WIDTH="24" VPOS="1324" HPOS="1545"/>
<String CONTENT="by" HEIGHT="74" WIDTH="77" VPOS="1324" HPOS="1570"/>
<SP HEIGHT="73" WIDTH="23" VPOS="1325" HPOS="1648"/>
<String CONTENT="Keith" HEIGHT="56" WIDTH="180" VPOS="1324" HPOS="1672"/>
<SP HEIGHT="55" WIDTH="26" VPOS="1325" HPOS="1853"/>
<String CONTENT="Ward." HEIGHT="55" WIDTH="196" VPOS="1324" HPOS="1880"/>
<SP HEIGHT="53" WIDTH="67" VPOS="1324" HPOS="2077"/>
<String CONTENT="New" HEIGHT="54" WIDTH="138" VPOS="1324" HPOS="2145"/>
</TextLine>
<TextLine HEIGHT="72" WIDTH="944" VPOS="1403" HPOS="259" CS="1">
<String CONTENT="York," HEIGHT="70" WIDTH="180" VPOS="1403" HPOS="259"/>
<SP HEIGHT="68" WIDTH="23" VPOS="1405" HPOS="440"/>
<String CONTENT="The" HEIGHT="54" WIDTH="124" VPOS="1403" HPOS="464"/>
<SP HEIGHT="56" WIDTH="24" VPOS="1403" HPOS="589"/>
<String CONTENT="Century" HEIGHT="72" WIDTH="255" VPOS="1403" HPOS="614"/>
<SP HEIGHT="52" WIDTH="26" VPOS="1423" HPOS="870"/>
<String CONTENT="co." HEIGHT="37" WIDTH="77" VPOS="1422" HPOS="897"/>
<SP HEIGHT="36" WIDTH="31" VPOS="1439" HPOS="975"/>
<String CS="1" CONTENT="[&#7580;1931]" HEIGHT="68" WIDTH="196" VPOS="1407" HPOS="1007"/>
</TextLine>
<TextLine HEIGHT="53" WIDTH="1919" VPOS="1486" HPOS="364" STYLEREFS="StyleId-6A87F9F7-D18A-4A2B-B430-034B3D573920-" CS="1">
<String CS="1" CONTENT="xiv," HEIGHT="50" WIDTH="63" VPOS="1486" HPOS="364"/>
<SP HEIGHT="47" WIDTH="49" VPOS="1489" HPOS="428"/>
<String CONTENT="650" HEIGHT="41" WIDTH="86" VPOS="1488" HPOS="478"/>
<SP HEIGHT="48" WIDTH="48" VPOS="1489" HPOS="565"/>
<String CONTENT="p." HEIGHT="37" WIDTH="44" VPOS="1500" HPOS="614"/>
<SP HEIGHT="41" WIDTH="75" VPOS="1488" HPOS="659"/>
<String CONTENT="illus." HEIGHT="41" WIDTH="127" VPOS="1487" HPOS="735"/>
<SP HEIGHT="48" WIDTH="30" VPOS="1489" HPOS="863"/>
<String CONTENT="(incl." HEIGHT="51" WIDTH="133" VPOS="1486" HPOS="894"/>
<SP HEIGHT="38" WIDTH="46" VPOS="1498" HPOS="1028"/>
<String CONTENT="ports.)" HEIGHT="50" WIDTH="175" VPOS="1487" HPOS="1075"/>
<SP HEIGHT="48" WIDTH="84" VPOS="1489" HPOS="1251"/>
<String CS="1" CONTENT="20&#189;" HEIGHT="40" WIDTH="57" VPOS="1489" HPOS="1336"/>
<String STYLE="superscript" CS="1" CONTENT="&#7580;&#7504;."/>
<SP HEIGHT="49" WIDTH="69" VPOS="1488" HPOS="1486"/>
<String CONTENT="(The" HEIGHT="49" WIDTH="126" VPOS="1488" HPOS="1556"/>
<SP HEIGHT="42" WIDTH="48" VPOS="1488" HPOS="1683"/>
<String CONTENT="Century" HEIGHT="51" WIDTH="215" VPOS="1488" HPOS="1732"/>
<SP HEIGHT="41" WIDTH="48" VPOS="1498" HPOS="1948"/>
<String CONTENT="studies" HEIGHT="42" WIDTH="190" VPOS="1488" HPOS="1997"/>
<SP HEIGHT="40" WIDTH="46" VPOS="1488" HPOS="2188"/>
<String CONTENT="in" HEIGHT="41" WIDTH="48" VPOS="1488" HPOS="2235"/>
</TextLine>
<TextLine HEIGHT="53" WIDTH="1117" VPOS="1542" HPOS="257" STYLEREFS="StyleId-6A87F9F7-D18A-4A2B-B430-034B3D573920-">
<String CONTENT="literature;" HEIGHT="52" WIDTH="284" VPOS="1543" HPOS="257"/>
<SP HEIGHT="50" WIDTH="32" VPOS="1545" HPOS="542"/>
<String LANG="fr" CONTENT="J." HEIGHT="42" WIDTH="44" VPOS="1545" HPOS="575"/>
<SP HEIGHT="41" WIDTH="30" VPOS="1546" HPOS="620"/>
<String CONTENT="F." HEIGHT="40" WIDTH="51" VPOS="1546" HPOS="651"/>
<SP HEIGHT="42" WIDTH="33" VPOS="1544" HPOS="703"/>
<String CONTENT="Hosic," HEIGHT="50" WIDTH="164" VPOS="1544" HPOS="737"/>
<SP HEIGHT="37" WIDTH="29" VPOS="1557" HPOS="902"/>
<String CONTENT="editor)" HEIGHT="49" WIDTH="183" VPOS="1544" HPOS="932"/>
<SP HEIGHT="52" WIDTH="124" VPOS="1542" HPOS="1116"/>
<String CONTENT="$2.00" HEIGHT="52" WIDTH="133" VPOS="1542" HPOS="1241"/>
</TextLine>
<TextLine HEIGHT="50" WIDTH="643" VPOS="1602" HPOS="327" STYLEREFS="StyleId-6A87F9F7-D18A-4A2B-B430-034B3D573920-">
<String CONTENT="Maps" HEIGHT="48" WIDTH="143" VPOS="1604" HPOS="327"/>
<SP HEIGHT="31" WIDTH="36" VPOS="1614" HPOS="471"/>
<String CONTENT="on" HEIGHT="29" WIDTH="60" VPOS="1614" HPOS="508"/>
<SP HEIGHT="38" WIDTH="36" VPOS="1605" HPOS="569"/>
<String CONTENT="lining-papers." HEIGHT="49" WIDTH="364" VPOS="1602" HPOS="606"/>
</TextLine>
<TextLine HEIGHT="54" WIDTH="841" VPOS="1658" HPOS="330" STYLEREFS="StyleId-6A87F9F7-D18A-4A2B-B430-034B3D573920-" CS="1">
<String CONTENT="Song" HEIGHT="51" WIDTH="129" VPOS="1660" HPOS="330"/>
<SP HEIGHT="39" WIDTH="23" VPOS="1672" HPOS="460"/>
<String CONTENT="with" HEIGHT="42" WIDTH="121" VPOS="1660" HPOS="484"/>
<SP HEIGHT="39" WIDTH="27" VPOS="1661" HPOS="606"/>
<String CS="1" CONTENT="music:" HEIGHT="40" WIDTH="153" VPOS="1660" HPOS="634"/>
<SP HEIGHT="39" WIDTH="25" VPOS="1670" HPOS="816"/>
<String CONTENT="p." HEIGHT="39" WIDTH="44" VPOS="1670" HPOS="842"/>
<SP HEIGHT="31" WIDTH="32" VPOS="1681" HPOS="887"/>
<String CS="1" CONTENT="[550]-551." HEIGHT="54" WIDTH="251" VPOS="1658" HPOS="920"/>
</TextLine>
<TextLine HEIGHT="53" WIDTH="1628" VPOS="1729" HPOS="263" STYLEREFS="StyleId-6A87F9F7-D18A-4A2B-B430-034B3D573920-" CS="1">
<String CONTENT="&#169;" HEIGHT="53" WIDTH="53" VPOS="1729" HPOS="263"/>
<SP HEIGHT="53" WIDTH="26" VPOS="1729" HPOS="317"/>
<String CONTENT="Mar." HEIGHT="39" WIDTH="125" VPOS="1735" HPOS="344"/>
<SP HEIGHT="40" WIDTH="25" VPOS="1734" HPOS="470"/>
<String CONTENT="3," HEIGHT="47" WIDTH="40" VPOS="1734" HPOS="496"/>
<SP HEIGHT="48" WIDTH="26" VPOS="1733" HPOS="537"/>
<String CS="1" CONTENT="1931;" HEIGHT="42" WIDTH="115" VPOS="1731" HPOS="564"/>
<SP HEIGHT="49" WIDTH="27" VPOS="1731" HPOS="707"/>
<String CONTENT="2c." HEIGHT="42" WIDTH="68" VPOS="1731" HPOS="735"/>
<SP HEIGHT="30" WIDTH="26" VPOS="1743" HPOS="804"/>
<String CONTENT="and" HEIGHT="39" WIDTH="97" VPOS="1733" HPOS="831"/>
<SP HEIGHT="39" WIDTH="26" VPOS="1733" HPOS="929"/>
<String CONTENT="aff." HEIGHT="42" WIDTH="82" VPOS="1731" HPOS="956"/>
<SP HEIGHT="40" WIDTH="27" VPOS="1733" HPOS="1039"/>
<String CONTENT="Mar." HEIGHT="41" WIDTH="123" VPOS="1733" HPOS="1067"/>
<SP HEIGHT="43" WIDTH="27" VPOS="1731" HPOS="1191"/>
<String CS="1" CONTENT="6;" HEIGHT="41" WIDTH="29" VPOS="1731" HPOS="1219"/>
<SP HEIGHT="48" WIDTH="29" VPOS="1731" HPOS="1273"/>
<!-- cceid E0B6C17F-6E8D-1014-9CF5-AEB3FCA41D69 --><String CONTENT="A" HEIGHT="40" WIDTH="42" VPOS="1731" HPOS="1303"/>
<SP HEIGHT="41" WIDTH="24" VPOS="1731" HPOS="1346"/>
<String CS="1" CONTENT="34646;" HEIGHT="41" WIDTH="150" VPOS="1731" HPOS="1371"/>
<SP HEIGHT="50" WIDTH="31" VPOS="1730" HPOS="1545"/>
<String CONTENT="Century" HEIGHT="51" WIDTH="217" VPOS="1730" HPOS="1577"/>
<SP HEIGHT="38" WIDTH="26" VPOS="1743" HPOS="1795"/>
<String CONTENT="co." HEIGHT="30" WIDTH="69" VPOS="1744" HPOS="1822"/>
</TextLine>
<TextLine HEIGHT="51" WIDTH="254" VPOS="1789" HPOS="342" STYLEREFS="StyleId-6A87F9F7-D18A-4A2B-B430-034B3D573920-">
<String CONTENT="(31-6132)" HEIGHT="51" WIDTH="254" VPOS="1789" HPOS="342"/>
</TextLine>
<TextLine HEIGHT="65" WIDTH="1373" VPOS="1885" HPOS="259" CS="1">
<String CONTENT="Howes," HEIGHT="64" WIDTH="235" VPOS="1886" HPOS="259"/>
<SP HEIGHT="62" WIDTH="28" VPOS="1888" HPOS="495"/>
<String CONTENT="Mrs." HEIGHT="53" WIDTH="140" VPOS="1888" HPOS="524"/>
<SP HEIGHT="53" WIDTH="31" VPOS="1887" HPOS="665"/>
<String CONTENT="Ethel" HEIGHT="53" WIDTH="179" VPOS="1885" HPOS="697"/>
<SP HEIGHT="52" WIDTH="28" VPOS="1886" HPOS="877"/>
<String CONTENT="Dench" HEIGHT="53" WIDTH="205" VPOS="1886" HPOS="906"/>
<SP HEIGHT="64" WIDTH="37" VPOS="1886" HPOS="1112"/>
<String CONTENT="(Puffer)" HEIGHT="65" WIDTH="269" VPOS="1885" HPOS="1150"/>
<SP HEIGHT="63" WIDTH="39" VPOS="1886" HPOS="1420"/>
<String CS="1" CONTENT="1872-" HEIGHT="51" WIDTH="172" VPOS="1890" HPOS="1460"/>
</TextLine>
<TextLine HEIGHT="72" WIDTH="1958" VPOS="1960" HPOS="324">
<String CONTENT="The" HEIGHT="55" WIDTH="123" VPOS="1961" HPOS="324"/>
<SP HEIGHT="56" WIDTH="39" VPOS="1960" HPOS="448"/>
<String CONTENT="dinner" HEIGHT="54" WIDTH="206" VPOS="1960" HPOS="488"/>
<SP HEIGHT="53" WIDTH="37" VPOS="1961" HPOS="695"/>
<String CONTENT="kitchen" HEIGHT="55" WIDTH="232" VPOS="1960" HPOS="733"/>
<SP HEIGHT="34" WIDTH="40" VPOS="1981" HPOS="966"/>
<String CONTENT="cook" HEIGHT="54" WIDTH="141" VPOS="1961" HPOS="1007"/>
<SP HEIGHT="53" WIDTH="38" VPOS="1961" HPOS="1149"/>
<String CONTENT="book," HEIGHT="71" WIDTH="165" VPOS="1961" HPOS="1188"/>
<SP HEIGHT="71" WIDTH="39" VPOS="1961" HPOS="1354"/>
<String CONTENT="including" HEIGHT="70" WIDTH="302" VPOS="1961" HPOS="1394"/>
<SP HEIGHT="51" WIDTH="39" VPOS="1980" HPOS="1697"/>
<String CONTENT="report" HEIGHT="62" WIDTH="196" VPOS="1968" HPOS="1737"/>
<SP HEIGHT="53" WIDTH="37" VPOS="1962" HPOS="1934"/>
<String CONTENT="for" HEIGHT="52" WIDTH="94" VPOS="1962" HPOS="1972"/>
<SP HEIGHT="48" WIDTH="43" VPOS="1966" HPOS="2067"/>
<String CONTENT="1928-" HEIGHT="49" WIDTH="171" VPOS="1965" HPOS="2111"/>
</TextLine>
<TextLine HEIGHT="73" WIDTH="2022" VPOS="2039" HPOS="259">
<String CONTENT="1929" HEIGHT="49" WIDTH="132" VPOS="2045" HPOS="259"/>
<SP HEIGHT="49" WIDTH="45" VPOS="2045" HPOS="392"/>
<String CONTENT="of" HEIGHT="52" WIDTH="64" VPOS="2042" HPOS="438"/>
<SP HEIGHT="52" WIDTH="40" VPOS="2042" HPOS="503"/>
<String CONTENT="the" HEIGHT="53" WIDTH="95" VPOS="2041" HPOS="544"/>
<SP HEIGHT="56" WIDTH="46" VPOS="2039" HPOS="640"/>
<String CONTENT="Smith" HEIGHT="56" WIDTH="192" VPOS="2039" HPOS="687"/>
<SP HEIGHT="53" WIDTH="44" VPOS="2041" HPOS="880"/>
<String CONTENT="college" HEIGHT="69" WIDTH="211" VPOS="2040" HPOS="925"/>
<SP HEIGHT="35" WIDTH="45" VPOS="2059" HPOS="1137"/>
<String CONTENT="community" HEIGHT="73" WIDTH="353" VPOS="2039" HPOS="1183"/>
<SP HEIGHT="72" WIDTH="41" VPOS="2040" HPOS="1537"/>
<String CONTENT="kitchen," HEIGHT="68" WIDTH="250" VPOS="2040" HPOS="1579"/>
<SP HEIGHT="67" WIDTH="45" VPOS="2041" HPOS="1830"/>
<String CONTENT="by" HEIGHT="70" WIDTH="74" VPOS="2041" HPOS="1876"/>
<SP HEIGHT="70" WIDTH="44" VPOS="2041" HPOS="1951"/>
<String CONTENT="Ethel" HEIGHT="52" WIDTH="174" VPOS="2041" HPOS="1996"/>
<SP HEIGHT="52" WIDTH="45" VPOS="2040" HPOS="2171"/>
<String CONTENT="P." HEIGHT="53" WIDTH="64" VPOS="2040" HPOS="2217"/>
</TextLine>
<TextLine HEIGHT="70" WIDTH="2028" VPOS="2117" HPOS="254" CS="1">
<String CONTENT="Howes" HEIGHT="56" WIDTH="212" VPOS="2117" HPOS="254"/>
<SP HEIGHT="35" WIDTH="29" VPOS="2137" HPOS="467"/>
<String CONTENT="and" HEIGHT="54" WIDTH="114" VPOS="2117" HPOS="497"/>
<SP HEIGHT="53" WIDTH="28" VPOS="2117" HPOS="612"/>
<String CONTENT="Doris" HEIGHT="54" WIDTH="175" VPOS="2118" HPOS="641"/>
<SP HEIGHT="53" WIDTH="26" VPOS="2121" HPOS="817"/>
<String CONTENT="M." HEIGHT="53" WIDTH="81" VPOS="2121" HPOS="844"/>
<SP HEIGHT="56" WIDTH="31" VPOS="2118" HPOS="926"/>
<String CONTENT="Sanborn" HEIGHT="57" WIDTH="264" VPOS="2117" HPOS="958"/>
<SP HEIGHT="37" WIDTH="35" VPOS="2137" HPOS="1223"/>
<String CS="1" CONTENT="&#8230;"/>
<SP HEIGHT="57" WIDTH="71" VPOS="2117" HPOS="1318"/>
<String CONTENT="Northampton," HEIGHT="70" WIDTH="445" VPOS="2117" HPOS="1390"/>
<SP HEIGHT="68" WIDTH="28" VPOS="2119" HPOS="1836"/>
<String CONTENT="Mass.," HEIGHT="66" WIDTH="192" VPOS="2119" HPOS="1865"/>
<SP HEIGHT="65" WIDTH="31" VPOS="2120" HPOS="2058"/>
<String CONTENT="Smith" HEIGHT="58" WIDTH="192" VPOS="2117" HPOS="2090"/>
</TextLine>
<TextLine HEIGHT="71" WIDTH="442" VPOS="2197" HPOS="254" CS="1">
<String CONTENT="college" HEIGHT="69" WIDTH="213" VPOS="2197" HPOS="254"/>
<SP HEIGHT="63" WIDTH="31" VPOS="2205" HPOS="468"/>
<String CS="1" CONTENT="[&#7580;1930]" HEIGHT="67" WIDTH="120" VPOS="2200" HPOS="576"/>
</TextLine>
<TextLine HEIGHT="99" WIDTH="1999" VPOS="2280" HPOS="261" STYLEREFS="StyleId-6A87F9F7-D18A-4A2B-B430-034B3D573920-" CS="1">
<String CONTENT="21," HEIGHT="49" WIDTH="71" VPOS="2281" HPOS="328"/>
<SP HEIGHT="30" WIDTH="33" VPOS="2301" HPOS="400"/>
<String CONTENT="[10]," HEIGHT="49" WIDTH="102" VPOS="2282" HPOS="434"/>
<SP HEIGHT="47" WIDTH="27" VPOS="2282" HPOS="537"/>
<String CONTENT="31-107" HEIGHT="41" WIDTH="176" VPOS="2281" HPOS="565"/>
<SP HEIGHT="47" WIDTH="28" VPOS="2283" HPOS="742"/>
<String CONTENT="p." HEIGHT="37" WIDTH="44" VPOS="2293" HPOS="771"/>
<SP HEIGHT="37" WIDTH="59" VPOS="2293" HPOS="816"/>
<String CS="1" CONTENT="pl." HEIGHT="37" WIDTH="64" VPOS="2293" HPOS="876"/>
<SP HEIGHT="42" WIDTH="60" VPOS="2281" HPOS="941"/>
<String CONTENT="23" HEIGHT="40" WIDTH="56" VPOS="2281" HPOS="1002"/>
<String STYLE="superscript" CS="1" CONTENT="&#7580;&#7504;."/>
<SP/>
<String CONTENT="(Half-title:" HEIGHT="50" WIDTH="305" VPOS="2280" HPOS="1191"/>
<SP HEIGHT="39" WIDTH="27" VPOS="2283" HPOS="1497"/>
<String CONTENT="Institute" HEIGHT="40" WIDTH="236" VPOS="2282" HPOS="1525"/>
<SP HEIGHT="39" WIDTH="29" VPOS="2282" HPOS="1762"/>
<String CONTENT="for" HEIGHT="40" WIDTH="79" VPOS="2282" HPOS="1792"/>
<SP HEIGHT="35" WIDTH="30" VPOS="2286" HPOS="1872"/>
<String CONTENT="the" HEIGHT="39" WIDTH="80" VPOS="2283" HPOS="1903"/>
<SP HEIGHT="29" WIDTH="30" VPOS="2293" HPOS="1984"/>
<String CONTENT="co-ordination" HEIGHT="96" WIDTH="1999" VPOS="2283" HPOS="261"/>
</TextLine>
<TextLine HEIGHT="48" WIDTH="1136" VPOS="2337" HPOS="389" STYLEREFS="StyleId-6A87F9F7-D18A-4A2B-B430-034B3D573920-" CS="1">
<String CONTENT="of" HEIGHT="40" WIDTH="53" VPOS="2339" HPOS="389"/>
<SP HEIGHT="39" WIDTH="24" VPOS="2339" HPOS="443"/>
<String CS="1" CONTENT="women&#8217;s" HEIGHT="29" WIDTH="229" VPOS="2350" HPOS="468"/>
<SP HEIGHT="39" WIDTH="25" VPOS="2340" HPOS="698"/>
<String CONTENT="interests." HEIGHT="39" WIDTH="247" VPOS="2340" HPOS="724"/>
<SP HEIGHT="40" WIDTH="61" VPOS="2339" HPOS="972"/>
<String CONTENT="Publication" HEIGHT="42" WIDTH="312" VPOS="2337" HPOS="1034"/>
<SP HEIGHT="29" WIDTH="23" VPOS="2349" HPOS="1347"/>
<String CONTENT="no." HEIGHT="30" WIDTH="75" VPOS="2349" HPOS="1371"/>
<SP HEIGHT="41" WIDTH="26" VPOS="2338" HPOS="1447"/>
<String CONTENT="9)" HEIGHT="47" WIDTH="51" VPOS="2338" HPOS="1474"/>
</TextLine>
<TextLine HEIGHT="50" WIDTH="1948" VPOS="2395" HPOS="331" STYLEREFS="StyleId-6A87F9F7-D18A-4A2B-B430-034B3D573920-" CS="1">
<String CONTENT="&#8220;The" HEIGHT="40" WIDTH="130" VPOS="2396" HPOS="331"/>
<SP HEIGHT="29" WIDTH="28" VPOS="2407" HPOS="462"/>
<String CONTENT="second" HEIGHT="39" WIDTH="176" VPOS="2397" HPOS="491"/>
<SP HEIGHT="39" WIDTH="27" VPOS="2397" HPOS="668"/>
<String CONTENT="section" HEIGHT="41" WIDTH="184" VPOS="2395" HPOS="696"/>
<SP HEIGHT="38" WIDTH="31" VPOS="2407" HPOS="881"/>
<String CS="1" CONTENT="[p." HEIGHT="37" WIDTH="42" VPOS="2406" HPOS="927"/>
<SP HEIGHT="39" WIDTH="27" VPOS="2396" HPOS="970"/>
<String CONTENT="12-15]" HEIGHT="50" WIDTH="161" VPOS="2395" HPOS="998"/>
<SP HEIGHT="39" WIDTH="31" VPOS="2406" HPOS="1160"/>
<String CONTENT="continues" HEIGHT="39" WIDTH="256" VPOS="2396" HPOS="1192"/>
<SP HEIGHT="37" WIDTH="28" VPOS="2399" HPOS="1449"/>
<String CONTENT="the" HEIGHT="39" WIDTH="82" VPOS="2397" HPOS="1478"/>
<SP HEIGHT="30" WIDTH="28" VPOS="2406" HPOS="1561"/>
<String CONTENT="report" HEIGHT="46" WIDTH="164" VPOS="2398" HPOS="1590"/>
<SP HEIGHT="38" WIDTH="28" VPOS="2398" HPOS="1755"/>
<String CONTENT="of" HEIGHT="39" WIDTH="51" VPOS="2395" HPOS="1784"/>
<SP HEIGHT="41" WIDTH="29" VPOS="2395" HPOS="1836"/>
<String CONTENT="the" HEIGHT="39" WIDTH="81" VPOS="2397" HPOS="1866"/>
<SP HEIGHT="29" WIDTH="29" VPOS="2407" HPOS="1948"/>
<String CONTENT="experiment" HEIGHT="47" WIDTH="301" VPOS="2397" HPOS="1978"/>
</TextLine>
<TextLine HEIGHT="50" WIDTH="1968" VPOS="2452" HPOS="310" STYLEREFS="StyleId-6A87F9F7-D18A-4A2B-B430-034B3D573920-" CS="1">
<String CS="1" CONTENT="&#8230;"/>
<SP HEIGHT="29" WIDTH="31" VPOS="2464" HPOS="310"/>
<String CONTENT="of" HEIGHT="41" WIDTH="54" VPOS="2452" HPOS="342"/>
<SP HEIGHT="41" WIDTH="27" VPOS="2452" HPOS="397"/>
<String CONTENT="a" HEIGHT="29" WIDTH="27" VPOS="2464" HPOS="425"/>
<SP HEIGHT="40" WIDTH="30" VPOS="2453" HPOS="453"/>
<String CONTENT="dinner" HEIGHT="40" WIDTH="173" VPOS="2453" HPOS="484"/>
<SP HEIGHT="40" WIDTH="29" VPOS="2452" HPOS="658"/>
<String CONTENT="kitchen" HEIGHT="41" WIDTH="198" VPOS="2452" HPOS="688"/>
<SP HEIGHT="38" WIDTH="33" VPOS="2464" HPOS="887"/>
<String CONTENT="[Which" HEIGHT="50" WIDTH="173" VPOS="2452" HPOS="921"/>
<SP HEIGHT="40" WIDTH="30" VPOS="2453" HPOS="1095"/>
<String CONTENT="was" HEIGHT="30" WIDTH="103" VPOS="2463" HPOS="1126"/>
<SP HEIGHT="38" WIDTH="31" VPOS="2463" HPOS="1230"/>
<String CONTENT="published," HEIGHT="49" WIDTH="271" VPOS="2452" HPOS="1262"/>
<SP HEIGHT="46" WIDTH="31" VPOS="2454" HPOS="1534"/>
<String CONTENT="1928," HEIGHT="44" WIDTH="129" VPOS="2452" HPOS="1566"/>
<SP HEIGHT="32" WIDTH="34" VPOS="2464" HPOS="1696"/>
<String CONTENT="under" HEIGHT="39" WIDTH="153" VPOS="2454" HPOS="1731"/>
<SP HEIGHT="36" WIDTH="31" VPOS="2457" HPOS="1885"/>
<String CS="1" CONTENT="title:" HEIGHT="40" WIDTH="107" VPOS="2453" HPOS="1917"/>
<SP HEIGHT="41" WIDTH="35" VPOS="2453" HPOS="2053"/>
<String CONTENT="Cooked" HEIGHT="41" WIDTH="189" VPOS="2453" HPOS="2089"/>
</TextLine>
<TextLine HEIGHT="49" WIDTH="2020" VPOS="2509" HPOS="259" STYLEREFS="StyleId-6A87F9F7-D18A-4A2B-B430-034B3D573920-">
<String CONTENT="food" HEIGHT="41" WIDTH="115" VPOS="2509" HPOS="259"/>
<SP HEIGHT="40" WIDTH="31" VPOS="2510" HPOS="375"/>
<String CONTENT="supply" HEIGHT="47" WIDTH="177" VPOS="2511" HPOS="407"/>
<SP HEIGHT="38" WIDTH="31" VPOS="2520" HPOS="585"/>
<String CONTENT="experiments" HEIGHT="49" WIDTH="330" VPOS="2509" HPOS="617"/>
<SP HEIGHT="41" WIDTH="30" VPOS="2509" HPOS="948"/>
<String CONTENT="in" HEIGHT="41" WIDTH="51" VPOS="2509" HPOS="979"/>
<SP HEIGHT="30" WIDTH="31" VPOS="2519" HPOS="1031"/>
<String CONTENT="an" HEIGHT="30" WIDTH="64" VPOS="2519" HPOS="1063"/>
<SP HEIGHT="29" WIDTH="31" VPOS="2521" HPOS="1128"/>
<String CONTENT="eastern" HEIGHT="38" WIDTH="198" VPOS="2512" HPOS="1160"/>
<SP HEIGHT="29" WIDTH="31" VPOS="2521" HPOS="1359"/>
<String CONTENT="college" HEIGHT="45" WIDTH="181" VPOS="2512" HPOS="1391"/>
<SP HEIGHT="31" WIDTH="32" VPOS="2519" HPOS="1573"/>
<String CONTENT="community," HEIGHT="47" WIDTH="313" VPOS="2511" HPOS="1606"/>
<SP HEIGHT="47" WIDTH="36" VPOS="2511" HPOS="1920"/>
<String CONTENT="by" HEIGHT="47" WIDTH="57" VPOS="2511" HPOS="1957"/>
<SP HEIGHT="47" WIDTH="37" VPOS="2511" HPOS="2015"/>
<String CONTENT="Ethel" HEIGHT="38" WIDTH="142" VPOS="2511" HPOS="2053"/>
<SP HEIGHT="39" WIDTH="34" VPOS="2511" HPOS="2196"/>
<String CONTENT="P." HEIGHT="41" WIDTH="48" VPOS="2511" HPOS="2231"/>
</TextLine>
<TextLine HEIGHT="50" WIDTH="1079" VPOS="2566" HPOS="259" STYLEREFS="StyleId-6A87F9F7-D18A-4A2B-B430-034B3D573920-">
<String CONTENT="Howes" HEIGHT="40" WIDTH="180" VPOS="2567" HPOS="259"/>
<SP HEIGHT="29" WIDTH="27" VPOS="2578" HPOS="440"/>
<String CONTENT="and" HEIGHT="40" WIDTH="97" VPOS="2568" HPOS="468"/>
<SP HEIGHT="41" WIDTH="28" VPOS="2567" HPOS="566"/>
<String CONTENT="Dorothea" HEIGHT="40" WIDTH="250" VPOS="2567" HPOS="595"/>
<SP HEIGHT="39" WIDTH="28" VPOS="2568" HPOS="846"/>
<String CONTENT="Beach]&#8221;&#8212;Introd." HEIGHT="50" WIDTH="463" VPOS="2566" HPOS="875"/>
</TextLine>
<TextLine HEIGHT="49" WIDTH="1666" VPOS="2624" HPOS="613" STYLEREFS="StyleId-6A87F9F7-D18A-4A2B-B430-034B3D573920-" CS="1">
<String CS="1" CONTENT="CONTENTS.&#8212;Introductory.&#8212;Summary" HEIGHT="48" WIDTH="752" VPOS="2624" HPOS="613"/>
<SP HEIGHT="37" WIDTH="42" VPOS="2635" HPOS="1366"/>
<String CONTENT="of" HEIGHT="40" WIDTH="51" VPOS="2624" HPOS="1409"/>
<SP HEIGHT="41" WIDTH="42" VPOS="2624" HPOS="1461"/>
<String CONTENT="dinner" HEIGHT="41" WIDTH="174" VPOS="2624" HPOS="1504"/>
<SP HEIGHT="39" WIDTH="40" VPOS="2625" HPOS="1679"/>
<String CONTENT="kitchen" HEIGHT="40" WIDTH="199" VPOS="2625" HPOS="1720"/>
<SP HEIGHT="30" WIDTH="41" VPOS="2635" HPOS="1920"/>
<String CONTENT="experiment," HEIGHT="47" WIDTH="317" VPOS="2626" HPOS="1962"/>
</TextLine>
<TextLine HEIGHT="50" WIDTH="2019" VPOS="2680" HPOS="260" STYLEREFS="StyleId-6A87F9F7-D18A-4A2B-B430-034B3D573920-">
<String CONTENT="1928-29.&#8212;The" HEIGHT="43" WIDTH="383" VPOS="2680" HPOS="260"/>
<SP HEIGHT="38" WIDTH="29" VPOS="2692" HPOS="644"/>
<String CONTENT="practical" HEIGHT="49" WIDTH="238" VPOS="2681" HPOS="674"/>
<SP HEIGHT="40" WIDTH="30" VPOS="2682" HPOS="913"/>
<String CONTENT="dinner" HEIGHT="41" WIDTH="174" VPOS="2681" HPOS="944"/>
<SP HEIGHT="40" WIDTH="27" VPOS="2681" HPOS="1119"/>
<String CONTENT="kitchen.&#8212;The" HEIGHT="42" WIDTH="380" VPOS="2680" HPOS="1147"/>
<SP HEIGHT="39" WIDTH="29" VPOS="2683" HPOS="1528"/>
<String CONTENT="dinner" HEIGHT="39" WIDTH="176" VPOS="2683" HPOS="1558"/>
<SP HEIGHT="38" WIDTH="26" VPOS="2683" HPOS="1735"/>
<String CONTENT="kitchen" HEIGHT="40" WIDTH="197" VPOS="2682" HPOS="1762"/>
<SP HEIGHT="29" WIDTH="30" VPOS="2693" HPOS="1960"/>
<String CONTENT="cook" HEIGHT="39" WIDTH="119" VPOS="2683" HPOS="1991"/>
<SP HEIGHT="39" WIDTH="31" VPOS="2683" HPOS="2111"/>
<String CONTENT="book," HEIGHT="44" WIDTH="136" VPOS="2683" HPOS="2143"/>
</TextLine>
<TextLine HEIGHT="48" WIDTH="524" VPOS="2739" HPOS="260" STYLEREFS="StyleId-6A87F9F7-D18A-4A2B-B430-034B3D573920-">
<String CONTENT="menus" HEIGHT="31" WIDTH="169" VPOS="2748" HPOS="260"/>
<SP HEIGHT="30" WIDTH="27" VPOS="2749" HPOS="430"/>
<String CONTENT="and" HEIGHT="39" WIDTH="96" VPOS="2740" HPOS="458"/>
<SP HEIGHT="39" WIDTH="27" VPOS="2740" HPOS="555"/>
<String CONTENT="recipes." HEIGHT="48" WIDTH="201" VPOS="2739" HPOS="583"/>
</TextLine>
<TextLine HEIGHT="54" WIDTH="1936" VPOS="2791" HPOS="262" STYLEREFS="StyleId-6A87F9F7-D18A-4A2B-B430-034B3D573920-" CS="1">
<String CONTENT="&#169;" HEIGHT="53" WIDTH="52" VPOS="2791" HPOS="262"/>
<SP HEIGHT="53" WIDTH="31" VPOS="2791" HPOS="315"/>
<String CONTENT="May" HEIGHT="47" WIDTH="116" VPOS="2797" HPOS="347"/>
<SP HEIGHT="48" WIDTH="27" VPOS="2796" HPOS="464"/>
<String CS="1" CONTENT="15," HEIGHT="40" WIDTH="55" VPOS="2796" HPOS="492"/>
<SP HEIGHT="39" WIDTH="30" VPOS="2797" HPOS="562"/>
<String CS="1" CONTENT="1930;" HEIGHT="42" WIDTH="118" VPOS="2795" HPOS="593"/>
<SP HEIGHT="48" WIDTH="30" VPOS="2795" HPOS="736"/>
<String CONTENT="2c." HEIGHT="42" WIDTH="68" VPOS="2795" HPOS="767"/>
<SP HEIGHT="30" WIDTH="30" VPOS="2807" HPOS="836"/>
<String CONTENT="and" HEIGHT="39" WIDTH="96" VPOS="2797" HPOS="867"/>
<SP HEIGHT="39" WIDTH="30" VPOS="2797" HPOS="964"/>
<String CONTENT="aff." HEIGHT="40" WIDTH="82" VPOS="2796" HPOS="995"/>
<SP HEIGHT="40" WIDTH="31" VPOS="2796" HPOS="1078"/>
<String CONTENT="Feb." HEIGHT="42" WIDTH="112" VPOS="2796" HPOS="1110"/>
<SP HEIGHT="42" WIDTH="30" VPOS="2796" HPOS="1223"/>
<String CONTENT="13," HEIGHT="48" WIDTH="69" VPOS="2796" HPOS="1254"/>
<SP HEIGHT="47" WIDTH="31" VPOS="2797" HPOS="1324"/>
<String CS="1" CONTENT="1931;" HEIGHT="42" WIDTH="114" VPOS="2795" HPOS="1356"/>
<SP HEIGHT="48" WIDTH="30" VPOS="2796" HPOS="1500"/>
<!-- cceid E0B77CD7-6E8D-1014-9CF5-AEB3FCA41D69 --><String CONTENT="A" HEIGHT="40" WIDTH="42" VPOS="2796" HPOS="1531"/>
<SP HEIGHT="41" WIDTH="27" VPOS="2796" HPOS="1574"/>
<String CS="1" CONTENT="34815;" HEIGHT="41" WIDTH="146" VPOS="2796" HPOS="1602"/>
<SP HEIGHT="49" WIDTH="35" VPOS="2796" HPOS="1777"/>
<String CONTENT="Smith" HEIGHT="42" WIDTH="158" VPOS="2796" HPOS="1813"/>
<SP HEIGHT="41" WIDTH="31" VPOS="2797" HPOS="1972"/>
<String CONTENT="college." HEIGHT="47" WIDTH="194" VPOS="2797" HPOS="2004"/>
</TextLine>
<TextLine HEIGHT="50" WIDTH="285" VPOS="2854" HPOS="339" STYLEREFS="StyleId-6A87F9F7-D18A-4A2B-B430-034B3D573920-">
<String CONTENT="(30-27095)" HEIGHT="50" WIDTH="285" VPOS="2854" HPOS="339"/>
</TextLine>
<TextLine HEIGHT="66" WIDTH="859" VPOS="2949" HPOS="256">
<String CONTENT="Hsiao," HEIGHT="64" WIDTH="206" VPOS="2949" HPOS="256"/>
<SP HEIGHT="62" WIDTH="28" VPOS="2951" HPOS="463"/>
<String CONTENT="Hsiao" HEIGHT="54" WIDTH="187" VPOS="2950" HPOS="492"/>
<SP HEIGHT="53" WIDTH="26" VPOS="2951" HPOS="680"/>
<String CONTENT="Hung," HEIGHT="64" WIDTH="201" VPOS="2951" HPOS="707"/>
<SP HEIGHT="57" WIDTH="31" VPOS="2957" HPOS="909"/>
<String CONTENT="1898-" HEIGHT="51" WIDTH="174" VPOS="2955" HPOS="941"/>
</TextLine>
<TextLine HEIGHT="147" WIDTH="1997" VPOS="3027" HPOS="255" CS="1">
<String CS="1" CONTENT="&#8230;"/>
<SP HEIGHT="53" WIDTH="33" VPOS="3028" HPOS="389"/>
<String CONTENT="The" HEIGHT="54" WIDTH="122" VPOS="3028" HPOS="423"/>
<SP HEIGHT="35" WIDTH="28" VPOS="3047" HPOS="546"/>
<String CONTENT="status" HEIGHT="48" WIDTH="184" VPOS="3033" HPOS="575"/>
<SP HEIGHT="35" WIDTH="31" VPOS="3046" HPOS="760"/>
<String CONTENT="of" HEIGHT="54" WIDTH="64" VPOS="3027" HPOS="792"/>
<SP HEIGHT="53" WIDTH="29" VPOS="3027" HPOS="857"/>
<String CONTENT="the" HEIGHT="52" WIDTH="95" VPOS="3029" HPOS="887"/>
<SP HEIGHT="54" WIDTH="29" VPOS="3027" HPOS="983"/>
<String CONTENT="first-born," HEIGHT="67" WIDTH="317" VPOS="3027" HPOS="1013"/>
<SP HEIGHT="47" WIDTH="29" VPOS="3047" HPOS="1331"/>
<String CONTENT="with" HEIGHT="53" WIDTH="143" VPOS="3028" HPOS="1361"/>
<SP HEIGHT="52" WIDTH="28" VPOS="3029" HPOS="1505"/>
<String CONTENT="special" HEIGHT="69" WIDTH="213" VPOS="3027" HPOS="1534"/>
<SP HEIGHT="53" WIDTH="30" VPOS="3028" HPOS="1748"/>
<String CONTENT="reference" HEIGHT="55" WIDTH="288" VPOS="3027" HPOS="1779"/>
<SP HEIGHT="47" WIDTH="31" VPOS="3034" HPOS="2068"/>
<String CONTENT="to" HEIGHT="47" WIDTH="59" VPOS="3034" HPOS="2100"/>
<SP HEIGHT="53" WIDTH="32" VPOS="3028" HPOS="2160"/>
<String CONTENT="intelligence;" HEIGHT="146" WIDTH="1997" VPOS="3028" HPOS="255"/>
</TextLine>
<TextLine HEIGHT="71" WIDTH="1654" VPOS="3104" HPOS="624">
<String CONTENT="from" HEIGHT="53" WIDTH="153" VPOS="3105" HPOS="624"/>
<SP HEIGHT="47" WIDTH="32" VPOS="3112" HPOS="778"/>
<String CONTENT="the" HEIGHT="52" WIDTH="95" VPOS="3107" HPOS="811"/>
<SP HEIGHT="53" WIDTH="33" VPOS="3106" HPOS="907"/>
<String CONTENT="Institute" HEIGHT="54" WIDTH="276" VPOS="3106" HPOS="941"/>
<SP HEIGHT="36" WIDTH="36" VPOS="3124" HPOS="1218"/>
<String CONTENT="of" HEIGHT="54" WIDTH="64" VPOS="3105" HPOS="1255"/>
<SP HEIGHT="54" WIDTH="33" VPOS="3105" HPOS="1320"/>
<String CONTENT="child" HEIGHT="53" WIDTH="154" VPOS="3106" HPOS="1354"/>
<SP HEIGHT="53" WIDTH="38" VPOS="3106" HPOS="1509"/>
<String CONTENT="welfare," HEIGHT="71" WIDTH="253" VPOS="3104" HPOS="1548"/>
<SP HEIGHT="69" WIDTH="33" VPOS="3106" HPOS="1802"/>
<String CONTENT="University" HEIGHT="68" WIDTH="342" VPOS="3106" HPOS="1836"/>
<SP HEIGHT="50" WIDTH="35" VPOS="3124" HPOS="2179"/>
<String CONTENT="of" HEIGHT="53" WIDTH="63" VPOS="3106" HPOS="2215"/>
</TextLine>
<TextLine HEIGHT="72" WIDTH="2021" VPOS="3182" HPOS="256" CS="1">
<String CONTENT="California;" HEIGHT="67" WIDTH="359" VPOS="3182" HPOS="256"/>
<SP HEIGHT="64" WIDTH="26" VPOS="3185" HPOS="616"/>
<String CONTENT="by" HEIGHT="68" WIDTH="77" VPOS="3185" HPOS="643"/>
<SP HEIGHT="69" WIDTH="23" VPOS="3184" HPOS="721"/>
<String CONTENT="Hsiao" HEIGHT="53" WIDTH="184" VPOS="3184" HPOS="745"/>
<SP HEIGHT="53" WIDTH="26" VPOS="3184" HPOS="930"/>
<String CONTENT="Hung" HEIGHT="70" WIDTH="185" VPOS="3184" HPOS="957"/>
<SP HEIGHT="70" WIDTH="24" VPOS="3184" HPOS="1143"/>
<String CONTENT="Hsiao" HEIGHT="53" WIDTH="185" VPOS="3184" HPOS="1168"/>
<SP HEIGHT="34" WIDTH="31" VPOS="3203" HPOS="1354"/>
<String CS="1" CONTENT="&#8230;"/>
<SP HEIGHT="53" WIDTH="66" VPOS="3184" HPOS="1443"/>
<String CONTENT="Worcester," HEIGHT="68" WIDTH="340" VPOS="3184" HPOS="1510"/>
<SP HEIGHT="68" WIDTH="26" VPOS="3184" HPOS="1851"/>
<String CONTENT="Mass.," HEIGHT="69" WIDTH="192" VPOS="3184" HPOS="1878"/>
<SP HEIGHT="69" WIDTH="28" VPOS="3184" HPOS="2071"/>
<String CONTENT="Clark" HEIGHT="55" WIDTH="177" VPOS="3184" HPOS="2100"/>
</TextLine>
<TextLine HEIGHT="70" WIDTH="546" VPOS="3261" HPOS="255" CS="1">
<String CONTENT="university," HEIGHT="70" WIDTH="340" VPOS="3261" HPOS="255"/>
<SP HEIGHT="61" WIDTH="29" VPOS="3268" HPOS="596"/>
<String STYLE="superscript" CS="1" CONTENT="&#7580;1"/>
<String CONTENT="931." HEIGHT="50" WIDTH="117" VPOS="3264" HPOS="684"/>
</TextLine>
<TextLine HEIGHT="50" WIDTH="1941" VPOS="3342" HPOS="325" STYLEREFS="StyleId-6A87F9F7-D18A-4A2B-B430-034B3D573920-" CS="1">
<String CONTENT="118" HEIGHT="41" WIDTH="86" VPOS="3342" HPOS="325"/>
<SP HEIGHT="49" WIDTH="29" VPOS="3342" HPOS="412"/>
<String CONTENT="p." HEIGHT="38" WIDTH="42" VPOS="3353" HPOS="442"/>
<SP HEIGHT="41" WIDTH="60" VPOS="3342" HPOS="485"/>
<String CS="1" CONTENT="24&#189;" HEIGHT="39" WIDTH="58" VPOS="3342" HPOS="546"/>
<String STYLE="superscript" CS="1" CONTENT="&#7580;&#7504;."/>
<SP HEIGHT="48" WIDTH="71" VPOS="3343" HPOS="694"/>
<String CONTENT="(Genetic" HEIGHT="49" WIDTH="226" VPOS="3342" HPOS="766"/>
<SP HEIGHT="38" WIDTH="29" VPOS="3353" HPOS="993"/>
<String CONTENT="psychology" HEIGHT="47" WIDTH="296" VPOS="3344" HPOS="1023"/>
<SP HEIGHT="37" WIDTH="29" VPOS="3353" HPOS="1320"/>
<String CONTENT="monographs" HEIGHT="48" WIDTH="325" VPOS="3344" HPOS="1350"/>
<SP HEIGHT="30" WIDTH="34" VPOS="3354" HPOS="1676"/>
<String CS="1" CONTENT="&#8230;"/>
<SP HEIGHT="29" WIDTH="63" VPOS="3354" HPOS="1759"/>
<String CONTENT="vol." HEIGHT="41" WIDTH="91" VPOS="3343" HPOS="1823"/>
<SP HEIGHT="30" WIDTH="31" VPOS="3354" HPOS="1915"/>
<String CS="1" CONTENT="IX," HEIGHT="17" WIDTH="9" VPOS="3375" HPOS="2004"/>
<SP HEIGHT="36" WIDTH="33" VPOS="3356" HPOS="2014"/>
<String CONTENT="no." HEIGHT="29" WIDTH="76" VPOS="3355" HPOS="2048"/>
<SP HEIGHT="41" WIDTH="30" VPOS="3343" HPOS="2125"/>
<String CONTENT="1-2)" HEIGHT="48" WIDTH="110" VPOS="3343" HPOS="2156"/>
</TextLine>
<TextLine HEIGHT="49" WIDTH="708" VPOS="3398" HPOS="325" STYLEREFS="StyleId-6A87F9F7-D18A-4A2B-B430-034B3D573920-" CS="1">
<String CS="1" CONTENT="&#8220;References&#8221;:" HEIGHT="42" WIDTH="352" VPOS="3398" HPOS="325"/>
<SP HEIGHT="38" WIDTH="30" VPOS="3409" HPOS="706"/>
<String CONTENT="p." HEIGHT="38" WIDTH="44" VPOS="3409" HPOS="737"/>
<SP HEIGHT="39" WIDTH="31" VPOS="3400" HPOS="782"/>
<String CONTENT="108-116." HEIGHT="42" WIDTH="219" VPOS="3399" HPOS="814"/>
</TextLine>
<TextLine HEIGHT="54" WIDTH="1846" VPOS="3452" HPOS="261" STYLEREFS="StyleId-6A87F9F7-D18A-4A2B-B430-034B3D573920-">
<String CONTENT="&#169;" HEIGHT="53" WIDTH="52" VPOS="3452" HPOS="261"/>
<SP HEIGHT="53" WIDTH="33" VPOS="3452" HPOS="314"/>
<String CONTENT="Feb." HEIGHT="41" WIDTH="113" VPOS="3457" HPOS="348"/>
<SP HEIGHT="42" WIDTH="32" VPOS="3456" HPOS="462"/>
<String CONTENT="9," HEIGHT="49" WIDTH="39" VPOS="3456" HPOS="495"/>
<SP HEIGHT="47" WIDTH="34" VPOS="3458" HPOS="535"/>
<String CONTENT="1931;" HEIGHT="48" WIDTH="142" VPOS="3456" HPOS="570"/>
<SP HEIGHT="47" WIDTH="34" VPOS="3457" HPOS="713"/>
<String CONTENT="2c." HEIGHT="41" WIDTH="67" VPOS="3457" HPOS="748"/>
<SP HEIGHT="40" WIDTH="33" VPOS="3458" HPOS="816"/>
<String CONTENT="Feb." HEIGHT="41" WIDTH="113" VPOS="3458" HPOS="850"/>
<SP HEIGHT="40" WIDTH="32" VPOS="3459" HPOS="964"/>
<String CONTENT="12;" HEIGHT="43" WIDTH="83" VPOS="3457" HPOS="997"/>
<SP HEIGHT="31" WIDTH="35" VPOS="3469" HPOS="1081"/>
<String CONTENT="aff." HEIGHT="41" WIDTH="83" VPOS="3458" HPOS="1117"/>
<SP HEIGHT="41" WIDTH="34" VPOS="3458" HPOS="1201"/>
<String CONTENT="Feb." HEIGHT="41" WIDTH="112" VPOS="3458" HPOS="1236"/>
<SP HEIGHT="40" WIDTH="32" VPOS="3459" HPOS="1349"/>
<String CONTENT="19;" HEIGHT="49" WIDTH="83" VPOS="3456" HPOS="1382"/>
<SP HEIGHT="47" WIDTH="36" VPOS="3458" HPOS="1466"/>
<!-- cceid E0B840FE-6E8D-1014-9CF5-AEB3FCA41D69 --><String CONTENT="A" HEIGHT="39" WIDTH="41" VPOS="3458" HPOS="1503"/>
<SP HEIGHT="40" WIDTH="31" VPOS="3458" HPOS="1545"/>
<String CONTENT="34446;" HEIGHT="48" WIDTH="173" VPOS="3458" HPOS="1577"/>
<SP HEIGHT="49" WIDTH="38" VPOS="3457" HPOS="1751"/>
<String CONTENT="Clark" HEIGHT="42" WIDTH="149" VPOS="3457" HPOS="1790"/>
<SP HEIGHT="41" WIDTH="33" VPOS="3458" HPOS="1940"/>
<String CONTENT="univ." HEIGHT="42" WIDTH="133" VPOS="3457" HPOS="1974"/>
</TextLine>
<TextLine HEIGHT="50" WIDTH="255" VPOS="3514" HPOS="338" STYLEREFS="StyleId-6A87F9F7-D18A-4A2B-B430-034B3D573920-">
<String CONTENT="(31-6237)" HEIGHT="50" WIDTH="255" VPOS="3514" HPOS="338"/>
</TextLine>
<TextLine HEIGHT="66" WIDTH="960" VPOS="3608" HPOS="257">
<String CONTENT="Hume," HEIGHT="65" WIDTH="213" VPOS="3608" HPOS="257"/>
<SP HEIGHT="63" WIDTH="30" VPOS="3610" HPOS="471"/>
<String CONTENT="Edgar" HEIGHT="64" WIDTH="204" VPOS="3610" HPOS="502"/>
<SP HEIGHT="51" WIDTH="29" VPOS="3611" HPOS="707"/>
<String CONTENT="Erskine," HEIGHT="64" WIDTH="276" VPOS="3610" HPOS="737"/>
<SP HEIGHT="57" WIDTH="31" VPOS="3617" HPOS="1014"/>
<String CONTENT="1889-" HEIGHT="50" WIDTH="171" VPOS="3616" HPOS="1046"/>
</TextLine>
<TextLine HEIGHT="71" WIDTH="1951" VPOS="3685" HPOS="323">
<String CONTENT="A" HEIGHT="52" WIDTH="55" VPOS="3685" HPOS="323"/>
<SP HEIGHT="53" WIDTH="43" VPOS="3685" HPOS="379"/>
<String CONTENT="colonial" HEIGHT="53" WIDTH="243" VPOS="3685" HPOS="423"/>
<SP HEIGHT="56" WIDTH="44" VPOS="3685" HPOS="667"/>
<String CONTENT="Scottish" HEIGHT="56" WIDTH="252" VPOS="3685" HPOS="712"/>
<SP HEIGHT="54" WIDTH="43" VPOS="3687" HPOS="965"/>
<String CONTENT="Jacobite" HEIGHT="56" WIDTH="264" VPOS="3685" HPOS="1009"/>
<SP HEIGHT="52" WIDTH="43" VPOS="3687" HPOS="1274"/>
<String CONTENT="family;" HEIGHT="70" WIDTH="236" VPOS="3686" HPOS="1318"/>
<SP HEIGHT="61" WIDTH="45" VPOS="3692" HPOS="1555"/>
<String CONTENT="the" HEIGHT="52" WIDTH="97" VPOS="3687" HPOS="1601"/>
<SP HEIGHT="34" WIDTH="41" VPOS="3705" HPOS="1699"/>
<String CONTENT="establishment" HEIGHT="54" WIDTH="428" VPOS="3686" HPOS="1741"/>
<SP HEIGHT="54" WIDTH="42" VPOS="3686" HPOS="2170"/>
<String CONTENT="in" HEIGHT="53" WIDTH="61" VPOS="3686" HPOS="2213"/>
</TextLine>
<TextLine HEIGHT="70" WIDTH="2021" VPOS="3762" HPOS="253" CS="1">
<String CONTENT="Virginia" HEIGHT="69" WIDTH="267" VPOS="3762" HPOS="253"/>
<SP HEIGHT="35" WIDTH="28" VPOS="3781" HPOS="521"/>
<String CONTENT="of" HEIGHT="52" WIDTH="64" VPOS="3764" HPOS="550"/>
<SP HEIGHT="53" WIDTH="24" VPOS="3764" HPOS="615"/>
<String CONTENT="a" HEIGHT="34" WIDTH="31" VPOS="3783" HPOS="640"/>
<SP HEIGHT="53" WIDTH="23" VPOS="3764" HPOS="672"/>
<String CONTENT="branch" HEIGHT="52" WIDTH="216" VPOS="3764" HPOS="696"/>
<SP HEIGHT="53" WIDTH="25" VPOS="3764" HPOS="913"/>
<String CONTENT="of" HEIGHT="54" WIDTH="64" VPOS="3763" HPOS="939"/>
<SP HEIGHT="54" WIDTH="25" VPOS="3763" HPOS="1004"/>
<String CONTENT="the" HEIGHT="52" WIDTH="95" VPOS="3765" HPOS="1030"/>
<SP HEIGHT="53" WIDTH="26" VPOS="3764" HPOS="1126"/>
<String CONTENT="Humes" HEIGHT="57" WIDTH="222" VPOS="3764" HPOS="1153"/>
<SP HEIGHT="39" WIDTH="23" VPOS="3782" HPOS="1376"/>
<String CONTENT="of" HEIGHT="52" WIDTH="64" VPOS="3765" HPOS="1400"/>
<SP HEIGHT="54" WIDTH="23" VPOS="3765" HPOS="1465"/>
<String CS="1" CONTENT="Wedderburn;" HEIGHT="54" WIDTH="400" VPOS="3765" HPOS="1489"/>
<SP HEIGHT="67" WIDTH="29" VPOS="3765" HPOS="1918"/>
<String CONTENT="illustrated" HEIGHT="55" WIDTH="326" VPOS="3764" HPOS="1948"/>
</TextLine>
<TextLine HEIGHT="75" WIDTH="2021" VPOS="3839" HPOS="251">
<String CONTENT="by" HEIGHT="69" WIDTH="73" VPOS="3839" HPOS="251"/>
<SP HEIGHT="68" WIDTH="49" VPOS="3840" HPOS="325"/>
<String CONTENT="letters" HEIGHT="54" WIDTH="195" VPOS="3840" HPOS="375"/>
<SP HEIGHT="34" WIDTH="51" VPOS="3860" HPOS="571"/>
<String CONTENT="and" HEIGHT="52" WIDTH="113" VPOS="3842" HPOS="623"/>
<SP HEIGHT="52" WIDTH="50" VPOS="3842" HPOS="737"/>
<String CONTENT="other" HEIGHT="52" WIDTH="161" VPOS="3842" HPOS="788"/>
<SP HEIGHT="34" WIDTH="52" VPOS="3861" HPOS="950"/>
<String CONTENT="contemporary" HEIGHT="66" WIDTH="436" VPOS="3846" HPOS="1003"/>
<SP HEIGHT="70" WIDTH="53" VPOS="3842" HPOS="1440"/>
<String CONTENT="documents." HEIGHT="55" WIDTH="342" VPOS="3842" HPOS="1494"/>
<SP HEIGHT="53" WIDTH="88" VPOS="3844" HPOS="1837"/>
<String CONTENT="By" HEIGHT="70" WIDTH="91" VPOS="3844" HPOS="1926"/>
<SP HEIGHT="70" WIDTH="52" VPOS="3844" HPOS="2018"/>
<String CONTENT="Edgar" HEIGHT="70" WIDTH="201" VPOS="3843" HPOS="2071"/>
</TextLine>
<TextLine HEIGHT="77" WIDTH="2019" VPOS="3916" HPOS="250" CS="1">
<String CONTENT="Erskine" HEIGHT="57" WIDTH="246" VPOS="3916" HPOS="250"/>
<SP HEIGHT="54" WIDTH="29" VPOS="3919" HPOS="497"/>
<String CONTENT="Hume" HEIGHT="53" WIDTH="193" VPOS="3919" HPOS="527"/>
<SP HEIGHT="35" WIDTH="34" VPOS="3938" HPOS="721"/>
<String CS="1" CONTENT="&#8230;"/>
<SP HEIGHT="55" WIDTH="71" VPOS="3919" HPOS="813"/>
<String CONTENT="Richmond," HEIGHT="74" WIDTH="341" VPOS="3918" HPOS="885"/>
<SP HEIGHT="73" WIDTH="30" VPOS="3919" HPOS="1227"/>
<String LANG="fr" CONTENT="Va.," HEIGHT="67" WIDTH="126" VPOS="3919" HPOS="1258"/>
<SP HEIGHT="67" WIDTH="31" VPOS="3919" HPOS="1385"/>
<String CONTENT="Old" HEIGHT="54" WIDTH="116" VPOS="3919" HPOS="1417"/>
<SP HEIGHT="53" WIDTH="32" VPOS="3920" HPOS="1534"/>
<String CONTENT="Dominion" HEIGHT="54" WIDTH="310" VPOS="3920" HPOS="1567"/>
<SP HEIGHT="51" WIDTH="28" VPOS="3940" HPOS="1878"/>
<String CONTENT="press," HEIGHT="53" WIDTH="174" VPOS="3940" HPOS="1907"/>
<SP HEIGHT="69" WIDTH="35" VPOS="3924" HPOS="2082"/>
<String CONTENT="1931." HEIGHT="52" WIDTH="151" VPOS="3924" HPOS="2118"/>
</TextLine>
</TextBlock>
</PrintSpace>
</Page>
</Layout>
</alto>