2505 4370
1330 4029 101 55 790

357 391 222 66 Gilson,
610 393 175 64 Mary
812 390 275 67 Barnett,
1121 393 174 55 1877-

427 469 489 69 Unemployment
964 469 301 53 insurance
1314 470 61 52 in
1425 469 180 56 Great
1655 469 261 69 Britain;
1969 471 97 52 the
2114 470 261 54 national

353 554 212 64 system
598 548 114 53 and
745 546 325 55 additional
1101 547 212 54 benefit
1343 547 186 70 plans,
1561 547 76 70 by
1670 548 172 69 Mary
1875 548 247 54 Barnett
2153 546 220 58 Gilson.

355 627 139 52 New
524 626 181 68 York,
734 626 326 53 Industrial
1090 626 274 53 relations
1395 627 340 67 counselors,
1767 626 423 69 incorporated,
2224 630 152 52 1931.

426 706 1455 50 xiii p., 2 l., 3-560 p. tables (1 fold.) diagrs. 23½ᶜᵐ.
426 764 229 40 Lettered
690 774 61 30 on
785 772 168 32 cover:
1033 794 9 9 II.

428 820 130 40 “The
592 821 175 39 second
799 820 50 39 in
882 830 29 29 a
943 820 152 40 series
1128 831 62 30 on
1220 819 398 48 unemployment
1649 820 262 42 insurance
1942 820 146 49 being
2119 820 254 49 published

355 875 64 48 by
450 875 274 42 Industrial
757 877 238 40 relations
1029 876 294 45 counselors,
1358 875 349 43 inc.”—Series
1742 876 259 43 foreword.

430 932 135 41 “List
595 933 52 39 of
678 933 273 40 references
982 932 185 42 cited”:
1199 942 44 38 p.
1295 931 237 52 [507]-517.

365 986 54 53 ©
456 992 114 46 May
620 992 71 47 14,
727 990 141 52 1931;
908 991 67 41 2c.
1013 992 100 39 and
1146 991 83 40 aff.
1270 993 112 45 May
1420 990 59 40 26;
1544 991 39 39 A
1619 990 173 49 37509;
1834 992 273 40 Industrial
2145 993 235 40 relations

436 1049 293 47 counselors,
760 1048 92 41 inc.
923 1049 282 47 (31-13322)

359 1143 230 65 Goblet,
617 1144 175 53 Yann
819 1144 302 55 Morvran.

494 1222 1890 71 … La transformation de la géographie politique de l’Irlande
361 1300 2024 71 au XVII ᵉ siècle dans les cartes et essais anthropogéographiques
360 1380 1797 71 de Sir William Petty … Paris, Berger-Levrault, 1930.
428 1459 746 49 2 v. fronts., maps. 25 ½ᶜᵐ .
428 1517 66 40 At
518 1518 127 41 head
671 1518 56 40 of
746 1517 109 40 title:
911 1518 55 41 Y.
993 1518 64 41 M.
1087 1517 184 42 Goblet.

435 1572 1917 53 “Bibliographie”: v. 1, p. [ix ]-xlix; “Bibliographie de l'H iberniae
359 1630 291 42 delineatio”:
711 1643 42 29 v.
784 1633 42 47 2,
854 1642 44 37 p.
934 1632 248 50 [125]-146.

369 1685 2018 53 © Sept. 1,1930; 1c. each Oct. 2; A—Foreign 9138; L. J. Goblet, Paris.
449 1747 282 49 (31-13057)

365 1829 293 65 Grayson,
685 1831 141 53 Mrs.
853 1828 211 54 Jennie
1092 1828 319 65 Thornley.

435 1907 348 69 Germanna,
842 1925 72 33 an
971 1905 300 55 historical
1327 1907 195 68 novel;
1584 1907 173 53 based
1813 1925 153 51 upon
2026 1908 98 52 the
2182 1908 202 68 “ghost

363 1985 239 54 stories”
653 1985 113 53 and
815 1985 311 53 traditions
1175 1985 188 52 which
1411 1986 185 52 haunt
1642 1986 97 51 the
1788 1985 269 54 one-time
2106 1985 165 53 home
2320 1984 64 54 of

365 2063 292 54 “Parson”
706 2063 158 56 John
914 2064 333 67 Thompson
1299 2063 111 52 and
1461 2063 90 53 his
1600 2062 155 68 wife,
1804 2064 96 52 the
1952 2062 218 54 former
2218 2064 164 68 Lady

367 2141 360 68 Spotswood,
774 2141 77 71 by
899 2141 207 55 Jennie
1157 2141 293 70 Thornley
1501 2141 281 69 Grayson.
1879 2140 332 70 Strasburg,
2258 2143 125 66 Va.,

366 2220 387 55 Shenandoah
784 2217 339 72 publishing
1151 2220 192 70 house,
1374 2218 125 70 inc.,
1533 2223 150 49 1930.

438 2301 84 41 181
553 2312 44 38 p.
656 2301 153 41 front.
868 2300 118 42 20ᶜᵐ.

373 2355 57 52 ©
460 2361 119 39 Nov.
614 2359 70 48 26,
720 2359 115 40 1930;
899 2360 65 39 2c.
1003 2360 96 39 and
1135 2359 83 40 aff.
1254 2359 113 47 Apr.
1405 2359 70 46 23,
1512 2359 112 40 1931;
1692 2360 42 38 A
1767 2359 146 41 35967;
1979 2359 44 41 J.
2059 2359 54 41 T.
2152 2358 236 50 Grayson,

443 2417 411 46 Charlottesville,
890 2417 86 39 Va.
1048 2416 282 48 (31-13712)

374 2499 265 67 [Greene,
671 2500 201 63 Harry
900 2500 202 62 Noyes]
1155 2501 83 53 ed.

503 2576 1884 72 … Uniform laws, annotated, v. 8-10 … Supplement, 1930.
373 2656 279 55 Contains
697 2657 323 53 additional
1066 2656 306 68 adoptions
1418 2658 113 52 and
1577 2657 391 53 amendments
2012 2656 60 53 in
2116 2656 95 54 the
2256 2674 135 50 year

373 2738 153 53 1930,
578 2736 112 52 and
744 2736 78 51 all
873 2754 122 33 new
1048 2735 280 53 decisions
1378 2742 58 46 to
1490 2733 151 54 June
1696 2739 46 63 1,
1796 2737 150 50 1930.
2029 2734 361 69 [Northport,

373 2815 67 51 N.
474 2815 89 67 Y.]
604 2814 251 53 Edward
884 2813 330 69 Thompson
1247 2830 300 53 company,
1600 2816 152 65 ᶜ1931]

443 2895 282 41 3 v . 23ᶜᵐ.
445 2954 157 39 These
632 2953 274 48 pamphlets
939 2964 84 29 are
1055 2956 48 36 to
1134 2953 55 40 be
1220 2952 139 40 fitted
1391 2953 103 39 into
1528 2953 81 40 the
1639 2953 199 47 pockets
1872 2954 55 39 at
1956 2952 81 40 the
2070 2952 124 40 back
2226 2951 52 41 of
2309 2952 82 40 the

375 3013 191 37 volume
592 3011 52 38 of
672 3010 81 40 the
782 3014 71 36 set
882 3014 49 36 to
959 3010 158 40 which
1148 3010 114 47 they
1291 3010 187 47 belong.

377 3064 52 52 ©
460 3069 117 47 Apr.
609 3068 69 42 23,
713 3067 141 46 1931;
888 3069 67 38 2c.
988 3067 118 39 each
1140 3068 127 39 June
1300 3066 82 47 10;
1419 3066 109 41 affs.
1561 3066 128 40 June
1722 3067 81 45 13;
1841 3067 39 38 A
1913 3064 327 43 37946-37948;

446 3066 1926 99 Edward
624 3125 275 47 Thompson
944 3137 67 28 co.

373 3208 219 63 Gregg,
623 3205 154 56 Cecil
807 3207 311 54 Freeman.

444 3283 1947 72 The Rutland mystery, by Cecil Freeman Gregg … New
375 3364 181 70 York,
605 3365 66 52 L.
720 3364 355 69 MacVeagh,
1127 3364 121 53 The
1297 3363 140 53 Dial
1485 3382 186 51 press;
1723 3364 273 70 Toronto,
2043 3363 349 69 Longmans,

373 3444 189 55 Green
591 3444 112 53 and
734 3463 97 49 co.,
863 3445 152 51 1931.

446 3521 718 51 vi p., 1 l., 9-300 p. 19½ᶜᵐ.
380 3577 52 52 ©
462 3582 78 39 May
602 3581 68 43 23,
701 3579 107 40 1931;
870 3580 67 40 2c.
967 3582 113 46 May
1108 3579 83 43 26;
1222 3579 83 41 aff.
1336 3581 113 46 May
1478 3580 55 40 27;
1592 3580 41 39 A
1661 3579 171 46 38488;
1864 3580 114 40 Dial
2008 3589 152 39 press,
2191 3580 89 40 inc.

458 3637 282 49 (31-13598)

372 3721 57 52 A
477 3719 177 64 guide
703 3727 59 47 to
807 3720 298 54 historical
1152 3720 316 69 literature,
1517 3720 191 54 edited
1753 3721 77 68 by
1877 3718 264 55 William
2187 3719 204 68 Henry

445 3796 245 68 Allison,
718 3795 215 71 Sidney
958 3797 320 53 Bradshaw
1303 3798 142 67 Fay,
1470 3798 298 67 Augustus
1792 3798 167 53 Hunt
1989 3796 260 55 Shearer,
2274 3796 112 53 and

451 3874 203 69 Henry
707 3874 296 53 Robinson
1059 3874 302 69 Shipman.
1438 3874 138 52 New
1634 3875 179 54 York.
1869 3875 121 52 The
2044 3874 338 53 Macmillan

445 3968 297 54 company,
776 3956 149 51 1931.
