2505 4370
0 0 0 0 497
119 380 361 65 Allingham,
511 382 298 62 Margery,
843 385 171 49 1904-

247 453 1871 70 … The Gyrth chalice mystery, an Albert Campion detective
115 531 2000 73 story … Garden City, N. Y., Pub. for the Crime club, inc.,
115 610 72 71 by
216 611 351 67 Doubleday,
595 610 196 52 Doran
819 612 46 51 &
891 627 295 51 company,
1215 608 107 56 inc.
1359 612 193 67 [ᶜ1931]

187 692 1010 51 viii, 11-321 p. incl. front. (map) 19½ᶜᵐ.
188 750 195 41 London
414 749 182 42 edition
639 750 244 48 (Jarrolds
918 748 209 49 limited)
1169 750 92 39 has
1291 749 134 41 title:
1459 750 130 39 Look
1622 752 48 39 to
1703 750 83 42 the
1819 751 125 48 lady.

188 807 163 42 “First
386 806 223 43 edition.”

124 874 52 52 ©
202 880 121 39 Mar.
349 880 67 46 13,
442 877 113 42 1931;
609 877 68 41 2c.
702 878 95 39 and
823 876 80 41 aff.
931 878 122 38 Mar.
1079 876 25 39 28;
1190 876 39 39 A
1256 875 142 42 36243;
1456 876 298 49 Doubleday,
1783 878 162 40 Doran
1974 879 36 39 &
2037 889 81 35 co.,

191 936 88 40 inc.
352 935 248 49 (31-8805)

117 1044 442 53 Architectural
588 1044 206 63 league
825 1044 62 52 of
915 1044 145 52 New
1089 1043 181 54 York.

117 1121 1975 133 Year book … and catalogue of the forty-sixth annual exhibition
399 1199 1720 70 … Grand central palace … April eighteenth to April
116 1278 396 71 twenty-fifth,
567 1277 290 70 inclusive,
916 1282 148 49 1931.
1164 1278 140 52 [New
1361 1278 179 69 York,
1595 1276 242 57 Printed
1891 1278 77 70 by
2022 1279 97 52 the

116 1357 279 53 Kalkhoff
424 1375 297 50 company,
747 1356 126 69 inc.,
904 1359 151 64 1931]

186 1438 86 40 306
306 1448 42 37 p.
408 1438 164 47 front.,
608 1437 127 39 illus.
795 1436 116 40 32ᶜᵐ.

121 1504 51 51 ©
202 1508 113 48 Apr.
345 1508 68 47 18,
444 1507 112 41 1931;
615 1507 68 40 2c.
714 1507 113 47 May
854 1506 26 39 2;
940 1506 82 41 aff.
1052 1508 114 46 May
1196 1507 27 39 6;
1280 1507 41 38 A
1350 1505 143 42 36981;
1554 1507 362 40 Architectural
1946 1509 170 46 league

189 1565 51 39 of
269 1566 117 39 New
414 1565 145 45 York,
592 1565 117 39 New
738 1564 143 39 York.

119 1673 236 69 [Axtell,
387 1674 259 53 Frances
676 1672 326 68 Elizabeth]
1039 1678 171 50 1901-

179 1750 121 52 The
331 1750 336 53 adventures
696 1748 63 54 of
788 1748 213 70 Pidgec
1030 1749 210 53 Mouse.
1310 1748 238 70 Omaha,
1581 1749 156 69 Neb.,
1767 1750 122 52 The
1917 1750 191 53 Union

113 1826 208 54 Pacific
348 1829 293 67 magazine
674 1830 193 66 [ᶜ1931]

183 1906 55 40 54
266 1917 42 39 p.
369 1907 130 41 illus.
558 1907 58 41 28½ᶜᵐ.

119 1977 51 51 ©
202 1982 121 39 Mar.
352 1981 70 48 25,
453 1980 111 42 1931;
624 1981 67 40 2c.
721 1982 94 38 and
845 1980 82 40 aff.
959 1981 120 39 Mar.
1109 1980 56 39 27;
1225 1980 40 38 A
1294 1979 171 47 36151;
1500 1979 160 42 Union
1691 1979 177 41 Pacific
1898 1979 216 41 railroad

186 2048 81 38 co.,
301 2038 200 49 Omaha,
531 2039 114 40 Neb.
717 2036 248 49 (31-8954)

112 2147 284 64 Baldwin,
427 2146 317 64 Josephine
773 2147 65 52 L.

179 2221 199 71 Nancy
415 2239 180 37 comes
630 2228 58 46 to
723 2221 95 55 the
852 2223 219 52 scratch
1110 2221 112 52 and
1260 2221 161 54 other
1458 2221 196 53 stories
1693 2221 93 53 for
1821 2221 137 71 boys
1997 2221 113 54 and

108 2298 141 70 girls
303 2299 92 69 [by]
432 2297 308 69 Josephine
768 2299 63 54 L.
863 2297 282 54 Baldwin.
1214 2299 137 53 New
1387 2298 177 68 York,
1601 2298 326 56 Cincinnati
1984 2307 121 62 [etc.]

107 2377 121 53 The
258 2376 310 69 Abingdon
601 2394 153 50 press
863 2378 119 66 [ᶜ1931]

177 2459 468 48 217 p. illus. 20 ᶜᵐ.
119 2527 51 53 ©
197 2532 113 48 Apr.
338 2532 40 48 6,
405 2530 113 41 1931;
576 2530 67 42 2c.
671 2531 95 39 and
794 2529 80 41 aff.
904 2530 114 48 Apr.
1046 2531 26 39 7;
1129 2529 40 40 A
1197 2530 144 40 35622;
1400 2531 43 40 J.
1473 2531 51 41 L.
1553 2531 239 50 Baldwin,
1822 2533 118 39 New
1967 2533 146 40 York.

195 2588 250 49 (31-8806)

112 2699 239 63 Bassoe,
381 2698 194 63 Peter,
607 2700 83 52 ed.

244 2776 1805 70 … Nervous and mental diseases, edited by Peter Bassoe …
114 2856 268 69 Chicago,
410 2855 122 54 The
557 2874 135 50 year
717 2854 147 54 book
892 2853 319 69 publishers
1320 2858 117 65 [ᶜ1931]

184 2934 1921 50 451 p. illus. 18½ᶜᵐ. (The practical medicine series … Series 1930)
117 3004 51 51 ©
196 3008 113 47 May
335 3007 38 48 6,
400 3005 113 41 1931;
570 3005 67 40 2c.
665 3006 94 38 and
786 3005 81 41 aff.
895 3006 112 47 May
1034 3006 54 39 13;
1145 3005 40 39 A
1210 3005 146 41 38140;
1411 3007 127 39 Year
1564 3007 124 41 book
1715 3009 288 48 publishers.

110 3117 174 64 Bliss,
315 3117 212 62 Adam,
558 3117 191 67 pseud.

179 3194 121 52 The
351 3192 253 55 Camden
652 3190 144 69 ruby
843 3191 247 67 murder,
1136 3192 75 69 by
1260 3192 189 53 Adam
1499 3193 168 54 Bliss.
1743 3196 138 52 New
1930 3196 179 68 York,

110 3268 1276 71 N. Y., Newark, N. J., Barse & co. [ ᶜ1 931]
179 3354 86 39 314
294 3364 44 36 p.
398 3351 58 41 19½ᶜᵐ.

116 3422 51 51 ©
195 3426 111 40 Feb.
331 3423 68 43 20,
428 3422 111 41 1931;
596 3422 66 41 2c.
690 3424 94 38 and
810 3422 80 40 aff.
920 3422 110 41 Feb.
1056 3422 56 41 27;
1168 3423 39 39 A
1232 3422 146 43 35389;
1435 3425 154 42 Barse
1616 3426 37 41 &
1678 3438 67 31 co.
193 3480 250 49 (31-8999)

111 3593 230 59 Brown,
371 3587 304 64 Marshall,
707 3593 170 50 1852-

178 3664 1869 72 Wit and humor of bench and bar, by Marshall Brown …
110 3743 425 69 Philadelphia,
561 3742 218 69 George
804 3744 64 52 T.
893 3743 155 54 Bisel
1075 3761 298 52 company,
1401 3747 149 50 1931.

176 3826 266 49 279 p. 21 ᶜᵐ.
116 3893 51 53 ©
197 3898 110 40 Feb.
337 3898 37 46 5,
403 3895 113 41 1931;
575 3895 66 40 2c.
671 3895 110 40 Feb.
809 3894 56 41 10;
921 3894 80 40 aff.
1033 3895 110 40 Feb.
1172 3897 26 38 7;
1258 3896 40 38 A
1326 3895 141 40 36331;
1530 3896 182 51 George
1741 3900 52 46 T,
1824 3901 129 40 Bisel
1985 3914 67 33 co.

193 3953 250 52 (31-8929)
