2505 4370
1290 4027 135 51 1030

397 453 734 49 1 p. l., 7501-8718 p. 24 ½ᶜᵐ .
329 521 51 52 ©
415 526 117 47 July
565 524 71 49 23,
671 523 141 49 1931;
846 524 69 41 2c.
951 525 96 39 and
1081 524 81 40 aff.
1200 525 117 49 July
1350 525 84 48 28;
1471 524 42 40 A
1544 523 173 49 39738;
1755 525 231 48 Lawyers
2021 522 328 50 co-operative

402 584 110 47 pub.
541 594 67 29 co.

325 679 141 64 Coy,
496 679 180 54 Owen
709 679 289 64 Cochran,
1032 684 173 50 1884-

395 756 1952 71 The great trek, by Owen Cochran Coy … Los Angeles,
325 834 1872 72 San Francisco [etc.] Powell publishing company [ ᶜ1 931 ]
397 916 1951 50 6 p. l. , 349 p. incl. illus. (facsims.) plates, maps (1 double) pl. 24½ᶜᵐ.
335 973 316 50 (California,
681 976 72 41 ed.
783 976 61 47 by
874 976 43 40 J.
946 976 57 40 R.
1033 975 295 48 McCarthy)

397 1034 292 39 Illustrated
721 1032 368 49 lining-papers.

402 1090 371 41 “Illustrations
808 1090 234 49 specially
1075 1090 246 47 produced
1353 1090 80 40 for
1467 1088 99 43 this
1599 1090 136 40 work
1766 1090 61 47 by
1863 1090 159 39 Franz
2056 1090 210 41 Geritz.”

398 1149 103 39 The
532 1148 117 47 plan
681 1148 52 39 of
764 1149 82 39 the
878 1148 183 40 author
1090 1148 89 40 has
1211 1148 121 39 been
1364 1150 48 38 to
1445 1147 108 48 give
1585 1158 61 29 an
1681 1151 205 36 account
1921 1148 51 39 of
2005 1149 81 38 the
2119 1149 228 39 overland

328 1204 295 49 emigration
652 1208 48 37 to
731 1206 81 40 the
842 1204 179 42 Pacific
1050 1205 179 48 during
1258 1205 83 40 the
1369 1204 149 48 epoch
1548 1205 51 40 of
1627 1204 116 41 1849
1773 1216 55 29 as
1856 1207 170 45 nearly
2058 1216 55 29 as
2144 1207 207 46 possible

328 1262 49 40 in
420 1263 81 40 the
542 1263 161 40 words
744 1262 52 40 of
834 1264 470 46 contemporaneous
1343 1262 209 40 writers.
1617 1262 176 40 Where
1835 1273 26 29 a
1904 1262 154 48 single
2100 1262 253 41 narrative

330 1320 160 41 would
536 1322 84 38 not
665 1320 176 47 suffice,
888 1320 81 40 the
1013 1319 185 41 diaries
1241 1319 53 41 of
1337 1320 190 39 several
1572 1321 240 38 travelers
1855 1321 125 39 have
2025 1321 118 39 been
2190 1320 159 49 pieced

330 1378 223 47 together
578 1378 49 39 in
655 1387 27 31 a
710 1379 104 39 sort
840 1377 52 40 of
917 1376 208 49 literary
1152 1376 199 43 mosaic,
1412 1377 63 49 cf.
1503 1376 132 42 Pref.

403 1434 381 49 Bibliography:
818 1446 41 38 p.
910 1434 239 51 [323]-336.

338 1502 51 53 ©
421 1507 126 40 June
575 1507 68 40 18.
673 1506 108 40 1931;
905 1538 8 8 2c.
945 1508 94 39 and
1069 1506 83 42 aff.
1183 1507 117 48 July
1328 1506 52 47 6;
1413 1506 42 39 A
1482 1505 172 48 39229;
1688 1507 180 40 Powell
1897 1506 111 49 pub.
2039 1518 69 30 co.

416 1564 285 48 (31-17040)

337 1660 253 69 [Craine,
623 1660 184 54 Edith
840 1659 205 55 Janice]
1104 1665 174 51 1881-

397 1737 124 52 The
586 1743 254 64 mystery
906 1736 147 70 ship,
1119 1737 75 70 by
1261 1737 287 53 Harrison
1616 1737 292 54 Bardwell
1981 1737 199 69 [pseud.]…

328 1814 2003 149 Cleveland, O., New York, N. Y., The World syndicate publishing co. [ ᶜ1 931]
400 1978 636 48 3 p. l. , 9-214 p. 19½ᶜᵐ.
341 2046 53 52 ©
423 2051 127 39 June
575 2050 70 47 30,
673 2049 113 40 1931;
904 2083 7 7 2c.
942 2051 95 39 and
1065 2049 81 41 aff.
1177 2051 117 46 July
1320 2051 53 39 6:
1404 2050 40 38 A
1470 2049 173 48 39212;
1674 2051 169 40 World
1871 2051 254 48 syndicate
2154 2050 108 48 pub.
2293 2061 53 31 co

422 2106 283 50 (31-17021)

342 2204 106 69 [De
482 2203 85 54 La
600 2204 276 64 Pasture,
910 2203 222 53 Edmee
1169 2201 312 56 Elizabeth
1515 2201 254 72 Monica]
1809 2209 174 50 1890-

402 2278 186 68 Diary
619 2278 64 53 of
715 2300 31 33 a
776 2278 321 69 provincial
1127 2279 156 69 lady,
1314 2279 74 70 by
1419 2279 67 52 E.
1518 2280 80 52 M.
1630 2278 281 54 Delafield
1971 2280 193 68 [pseud.]
2218 2281 141 52 with

333 2375 30 33 a
388 2358 233 68 preface
643 2357 75 71 by
741 2358 171 68 Mary
938 2357 260 68 Borden;
1225 2357 143 54 with
1392 2358 382 53 illustrations
1799 2358 76 70 by
1900 2359 226 53 Arthur
2152 2361 206 54 Watts.

333 2435 138 54 New
503 2435 178 69 York,
708 2435 259 70 London,
995 2436 236 67 Harper
1259 2437 45 51 &
1331 2435 278 71 brothers,
1641 2440 152 52 1931.

406 2519 52 40 xi
485 2530 58 38 p.,
570 2521 26 39 1
659 2551 8 14 l.,
695 2519 87 41 388
811 2529 41 38 p.
883 2518 108 42 incl.
1018 2519 172 49 plates.
1253 2519 118 41 20ᶜᵐ.

408 2577 166 41 “First
793 2576 38 41 édition.”

346 2644 51 53 ©
438 2650 128 39 June
602 2649 39 48 5,
680 2648 141 46 1931;
862 2650 67 39 2c.
967 2649 115 47 July
1121 2650 53 45 6;
1214 2648 82 40 aff.
1337 2649 117 48 July
1490 2650 52 45 7;
1584 2650 42 38 A
1659 2649 173 48 40263;
1876 2650 256 41 Elizabeth
2172 2649 191 43 Monica

415 2707 294 46 Dashwood,
738 2706 323 48 Cullompton,
1091 2706 317 48 Devonshire,
1440 2707 239 48 England.
1751 2707 282 49 (31-16917)

341 2802 278 66 Bengier,
652 2802 232 66 Alfred,
918 2803 173 56 1874-

412 2883 290 54 Waldbau
745 2884 104 52 auf
891 2883 395 69 ökologischer
1327 2884 339 70 grundlage,
1706 2884 91 53 ein
1838 2886 147 52 lehr-
2025 2886 121 53 und
2185 2885 179 53 hand-

343 2962 1915 71 buch, von dr. Alfred Dengler … Berlin, J. Springer, 1930.
419 3042 1084 49 x, 560 p. illus., diagrs. (1 fold.) 25 ᶜᵐ .
420 3101 339 40 “Verzeichnis
803 3102 85 39 der
933 3112 88 29 aus
1067 3102 215 39 anderen
1325 3102 193 38 werken
1563 3103 370 39 entnommenen
1979 3100 384 46 abbildungen”:

343 3170 122 37 p. x .
351 3224 51 53 ©
437 3229 111 41 Feb.
581 3232 39 45 8,
653 3229 142 46 1930;
859 3242 36 28 1c.
931 3231 113 47 May
1075 3231 54 44 3;
1163 3230 40 38 A
1207 3229 270 49 —Foreign
1510 3229 115 42 7880
1643 3240 9 37 ;
1689 3229 164 41 Julius
1889 3230 245 48 Springer.

430 3287 123 49 (Agr
569 3287 200 46 30-750)

346 3382 345 66 Dickinson,
726 3384 292 52 Freeman
1053 3382 266 65 Dwight.

415 3460 185 52 “How
634 3460 113 53 and
782 3460 168 69 why”
982 3460 96 53 for
1109 3460 297 69 engineers
1441 3460 113 53 and
1588 3459 252 69 firemen,
1873 3460 76 68 by
1980 3461 66 51 F.
2082 3461 73 52 D.
346 3459 1995 144 Dickinson;

569 3556 30 33 a
627 3538 230 53 treatise
885 3556 72 33 on
984 3538 95 53 the
1108 3556 126 35 care
1265 3538 112 53 and
1407 3543 401 64 management
1837 3536 65 54 of
1930 3543 179 48 steam
2138 3537 226 53 boilers,

345 3616 250 67 engines,
648 3634 225 49 pumps,
927 3616 86 52 air
1064 3634 400 49 compressors,
1517 3616 273 69 turbines,
1842 3616 356 65 condensers,
2251 3615 112 53 and

348 3696 239 67 heating
612 3698 112 51 and
751 3696 348 69 ventilating
1124 3696 348 69 machinery,
1551 3701 78 63 pt.
1684 3738 9 10 I.
1735 3696 241 70 Boilers,
2002 3714 227 52 pumps,
2256 3696 112 53 and

350 3774 1731 71 heating and ventilating machinery … [Boston, 1931]
423 3853 99 48 289,
556 3855 53 49 [1]
639 3866 41 37 p.
744 3854 145 41 19½ᶜᵐ.

355 3905 53 52 ©
454 3912 113 46 May
610 3912 69 47 23,
724 3911 141 44 1931;
910 3912 67 41 2c.
1023 3915 93 37 and
1162 3913 82 41 aff.
1292 3914 76 39 May
1449 3913 83 47 25;
1580 3913 39 40 A
1662 3912 172 42 38395;
1883 3914 51 41 F.
1980 3912 56 39 D.
2083 3912 281 42 Dickinson.

424 3968 253 49 Brighton,
711 3970 146 41 Mass.
930 3970 282 48 (31-16608)
