2505 4370
1315 4083 62 50 574

387 505 147 42 “This
566 505 351 49 investigation
948 505 42 41 is
1020 516 28 30 a
1081 506 341 40 continuation
1453 506 53 40 of
1536 506 256 49 published
1827 507 131 39 work
1993 506 51 40 of
2120 507 213 40 Professor

315 563 53 43 E.
397 564 58 41 D.
487 563 114 50 Roe,
631 561 200 51 jr.”—p.
878 563 43 50 [3]

387 621 131 41 “The
549 620 157 41 tables
737 621 53 40 of
819 620 291 42 coefficients
1142 620 160 41 which
1331 621 174 48 belong
1534 621 119 40 with
1688 621 99 40 this
1819 631 150 38 paper
2001 622 100 39 will
2133 622 56 40 be

315 623 2001 96 published
502 678 50 40 in
582 679 130 40 atlas
739 678 282 49 form.”—p.
1048 678 70 48 48,
1150 678 255 41 foot-note.

319 731 2018 54 © Jan. 28, 1931 ; 2c. Feb. 16 ; aff. Feb. 18 ; A 34411 ; J. R. Roe, Syracuse,
385 793 57 42 N.
475 794 53 40 Y.
600 793 253 48 (31-6253)

314 888 348 67 Rosenthal,
697 889 229 64 George
957 888 212 56 David.

379 964 123 53 The
532 982 257 35 measure
822 964 63 53 of
916 982 104 35 our
1051 963 171 70 faith,
1253 963 75 72 by
1358 963 96 55 the
1485 963 296 55 Reverend
1813 963 67 55 G.
1916 964 70 54 D.
2021 963 307 55 Rosenthal

371 1041 1506 72 … Milwaukee, Morehouse publishing co. [ ᶜ1 931 ]
418 1126 515 51 x, 249, [1] p. 19½ ᶜᵐ .
384 1184 97 40 “To
514 1182 111 49 help
660 1182 251 42 Christian
946 1183 166 49 people
1143 1185 49 39 to
1227 1183 146 48 apply
1407 1183 127 40 their
1572 1182 204 50 religion
1812 1186 47 39 to
1897 1183 129 42 their
2062 1184 132 51 daily
310 1196 2008 86 conduct.”—Pref.

383 1297 165 42 “First
576 1296 198 49 edition,
806 1297 265 49 February,
1100 1296 161 42 1931.”

381 1354 200 42 London
616 1354 183 42 edition
844 1354 73 49 (P.
952 1355 172 47 Allan)
1168 1356 92 39 has
1295 1354 134 41 title:
1467 1354 110 44 The,
1603 1354 129 41 saint
1769 1354 48 40 in
1852 1355 82 41 the
1969 1357 165 40 street.

318 1410 2018 53 © Feb. 21, 1931; 2c. Feb. 28; aff. Feb. 27 ; A 35018; Morehouse pub. co.
395 1471 254 49 (31-7422)

375 1565 1791 71 … The Royal Webster dictionary for home and school,
380 1564 1957 148 self-pronouncing
798 1661 11 50 ;
833 1660 72 34 an
925 1641 415 54 authoritative
1358 1641 327 70 dictionary
1712 1642 337 70 containing
2075 1642 98 53 the
2189 1648 149 47 most

382 1723 328 69 up-to-date
740 1723 187 53 words
956 1740 129 34 now
1120 1722 56 51 in
1207 1739 260 35 common
1496 1739 98 35 use
1623 1722 114 52 and
1768 1728 336 62 acceptance
2136 1723 199 51 drawn

383 1801 155 54 from
578 1801 97 53 the
716 1800 230 53 various
988 1805 163 65 great
1192 1799 279 55 divisions
1513 1799 64 53 of
1616 1799 214 53 human
1872 1800 338 70 knowledge
381 1802 1929 148 including

662 1879 318 67 literature,
1027 1879 242 69 history,
1316 1878 232 68 science,
1597 1879 359 69 technology,
2003 1879 332 71 electricity,

381 1959 276 71 aviation,
701 1958 182 68 radio,
926 1957 297 68 medicine,
1272 1957 245 68 politics,
1561 1957 248 70 physics,
1853 1957 328 71 chemistry,
2225 1959 110 53 law

381 2039 116 53 and
539 2038 96 54 the
676 2037 112 53 fine
832 2041 134 49 arts.
1046 2035 330 68 Cleveland,
1422 2035 88 69 O.,
1553 2037 140 52 New
1738 2036 181 69 York,
1963 2038 69 52 N.
2080 2039 91 66 Y.,
2214 2039 122 52 The

457 2117 128 53 World
612 2115 297 54 syndicate
937 2113 339 70 publishing
1304 2133 99 49 co.,
1433 2118 151 49 1931.

383 2199 564 50 1 p. l., 350 p. 20½ᶜᵐ.
317 2254 2018 54 © Apr. 1, 1931; 2c. and aff. Apr. 10; A 35690; World syndicate pub. co.
396 2315 283 51 (31-10199)

312 2409 293 64 Sabatini,
638 2409 233 63 Rafael,
907 2409 171 55 1875-

381 2486 252 70 Captain
660 2487 186 53 Blood
872 2491 243 62 returns,
1136 2485 76 69 by
1236 2484 206 55 Rafael
1471 2483 278 56 Sabatini.
1813 2486 215 52 Boston
2054 2486 112 54 and
2194 2486 136 54 New

312 2565 178 70 York,
524 2565 320 69 Houghton
878 2563 205 53 Mifflin
1115 2581 298 52 company,
1449 2566 149 49 1931.

381 2644 567 52 3 p. l., 296 p. 19½ ᶜᵐ .
318 2703 2015 54 © Apr. 22, 1931; 2c. Apr. 24 ; aff. Apr. 23 ; A 35981 ; R. Sabatini, London.
395 2764 282 50 (31-10171)

313 2861 188 63 Scott,
535 2861 222 53 Ernest
790 2858 269 65 Findlay,
1094 2863 172 50 1868-

386 2942 124 52 The
544 2940 278 69 kingdom
859 2939 64 54 of
959 2937 128 55 God
1125 2938 59 52 in
1221 2938 95 52 the
1353 2937 139 51 New
1528 2936 348 68 Testament,
1911 2937 73 69 by
2025 2937 210 53 Ernest
2271 2932 61 57 F.

317 3015 1717 70 Scott … New York, The Macmillan company, 1931.
383 3098 370 50 197 p. 19½ ᶜᵐ .
317 3153 1763 54 © Apr. 14, 1931 ; 2c. and aff. Apr. 15; A 36506; Macmillan co.
395 3214 284 49 (31-10055)

313 3294 191 64 Sikes,
533 3293 238 65 Stutely
800 3293 211 63 David,
1043 3298 172 50 1880-

384 3370 1952 73 The slaughter house, by Rev. S. David Sikes … Eugene,
316 3453 119 60 Or.,
468 3454 55 55 S.
554 3454 71 51 D.
660 3452 163 56 Sikes
899 3454 132 49 [ᶜ1931]

381 3506 1283 72 3 p. l., 11-152 p. mounted port. 20ᶜᵐ. $2.00
320 3589 51 53 ©
399 3594 114 47 Apr.
540 3592 54 40 16,
693 3591 52 40 1931
768 3601 8 35 ;
804 3590 67 41 2c.
898 3590 114 48 Apr.
1038 3590 82 41 20;
1151 3601 81 29 aff.
1260 3588 113 48 Apr.
1401 3587 82 48 22;
1514 3588 37 39 A
1578 3587 171 47 36671;
1782 3586 45 42 S.
1856 3588 56 40 D.
1943 3587 152 43 Sikes.
2131 3588 201 47 Eugene,

391 3650 79 40 Or.
543 3648 282 49 (31-10079)

314 3726 283 65 Simkins,
634 3726 312 55 Cleveland
981 3724 326 65 Sylvester,
1345 3728 169 50 1889-

383 3804 300 53 Textbook
730 3803 65 54 of
840 3804 212 51 human
1106 3801 388 68 embryology,
1545 3800 75 68 by
1672 3799 306 54 Cleveland
2039 3797 292 69 Sylvester

315 3878 1646 66 Simkins … with 263 illustrations, some in colors.
314 3875 1990 153 Philadelphia,
501 3960 64 52 F.
598 3958 69 55 A.
700 3959 182 54 Davis
912 3976 299 52 company,
1245 3959 150 51 1931.
