2505 4370
1086 4047 100 49 499

132 403 174 64 Cook,
334 401 255 57 William
620 401 218 64 Edgar.

199 480 221 66 Poems,
466 478 113 53 and
626 476 56 53 A
727 477 195 53 dream
971 475 251 69 fantasy,
1270 475 76 69 by
1393 473 260 55 William
1703 473 200 70 Edgar
1954 471 175 55 Cook.

135 556 268 69 [Walton,
432 556 69 53 N.
532 555 91 67 Y.]
659 554 158 54 Priv.
850 553 196 69 print.,
1078 555 149 51 1931.

200 634 497 52 4 p. l., 3-55 p. 24 ᶜᵐ.
136 704 53 51 ©
218 708 111 41 Feb.
416 738 9 16 18,
455 706 140 46 1931;
625 706 65 39 2c.
721 706 121 39 Mar.
872 704 81 47 19;
984 704 82 41 aff.
1099 704 110 47 Apr.
1245 705 11 36 1;
1323 703 39 40 A
1389 703 173 48 36203;
1592 704 73 39 W.
1695 704 53 39 F.
1780 703 142 45 Cook,
207 703 1909 109 Brooklyn.
374 762 250 50 (31-8797)

133 858 195 64 Craig,
358 858 74 53 H.
459 856 263 63 Stanley,
752 875 178 50 comp.

199 932 154 68 Cape
384 932 137 71 May
555 937 206 66 county
802 931 162 70 (New
998 931 225 69 Jersey)
1265 929 284 69 marriage
1581 928 240 68 records,
1852 929 277 70 compiled

130 1009 72 69 by
243 1010 73 51 H.
362 1008 236 69 Stanley
641 1008 176 68 Craig
858 1008 112 52 and
1010 1007 193 55 Julius
1242 1008 166 69 Way,
1503 1051 11 10 M.
1591 1048 9 10 D.
1676 1007 451 53 Merchantville.

127 1086 69 53 N.
229 1088 73 66 J.,
333 1087 76 55 H.
442 1086 55 55 S.
534 1085 176 70 Craig
744 1089 193 66 [ᶜ1931]

198 1170 85 40 131
310 1180 44 37 p.
412 1170 56 39 22½ᶜᵐ.

138 1223 52 52 ©
219 1228 121 40 Mar.
367 1227 70 48 30,
465 1225 113 41 1931;
636 1225 66 41 2c.
730 1226 114 47 Apr.
870 1225 26 39 2;
954 1225 82 41 aff.
1064 1226 113 47 Apr.
1206 1226 24 38 1;
1289 1224 41 40 A
1357 1224 145 41 36234;
1560 1226 61 41 H.
1653 1225 44 42 S.
1728 1224 159 50 Craig.
214 1283 250 49 (31-8817)

130 1375 200 66 Diller,
361 1376 246 65 Angela,
639 1378 172 54 1877-

198 1453 122 53 The
359 1458 116 49 story
554 1452 63 53 of
659 1451 308 70 Siegfried,
1009 1452 282 69 arranged
1330 1452 75 70 by
1447 1452 222 69 Angela
1713 1452 202 54 Diller.
1992 1452 139 52 New

131 1530 178 70 York,
333 1520 57 65 J.
421 1530 154 69 Cape
599 1530 112 53 and
736 1530 77 53 H.
842 1530 189 55 Smith
1059 1531 60 51 in
1144 1529 386 69 co-operation
1556 1530 138 53 with
1725 1530 68 55 G.
1825 1529 307 70 Schirmer,

129 1606 107 56 inc.
270 1611 175 66 [1931]

201 1689 55 40 33
284 1698 44 38 p.
354 1688 110 42 incl.
492 1688 87 42 col.
606 1688 163 50 front.,
796 1688 128 41 illus.
985 1688 57 42 28½ᶜᵐ.

202 1745 39 40 A
267 1747 146 46 study
438 1746 53 40 of
516 1746 79 40 the
621 1744 203 43 musical
853 1745 204 41 motives
1085 1746 46 39 in
1163 1745 251 49 Wagner’s
1441 1757 159 37 opera.

203 1803 227 41 Includes
455 1802 166 42 music.

139 1859 52 53 ©
225 1864 122 39 Mar.
377 1863 71 48 23,
480 1863 141 45 1931;
654 1863 66 39 2c.
754 1863 94 38 and
882 1861 82 41 aff.
1000 1863 119 37 Mar.
1152 1861 81 46 25;
1272 1861 33 40 A
1342 1861 172 47 36113;
1549 1861 53 41 A.
1640 1861 165 48 Diller,
1841 1862 116 39 New
1991 1861 144 41 York.

216 1920 250 48 (31-8618)

134 2013 254 64 Durkee,
418 2013 204 54 James
648 2012 263 65 Stanley,
945 2018 170 50 1866-

199 2090 122 53 The
348 2090 125 68 pull
505 2090 63 52 of
596 2089 95 55 the
720 2088 281 71 invisible,
1031 2089 112 53 and
1174 2089 163 53 other
1365 2089 307 68 addresses,
1701 2089 75 70 by
1806 2090 56 55 J.
1895 2088 238 70 Stanley

131 2166 1978 149 Durkee … New York, Chicago [etc.] Fleming H. Revell company [ᶜ1931]
202 2325 86 41 197
315 2335 45 39 p.
420 2324 58 41 19½ᶜᵐ.

206 2382 276 47 “Messages
517 2381 141 48 given
695 2383 48 39 to
779 2381 138 41 radio
954 2381 261 41 audiences
1250 2381 179 49 during
1465 2383 82 40 the
1582 2393 212 29 summer
1829 2383 53 41 of
1915 2382 221 42 1930.”—

134 2438 130 42 Pref.

141 2495 51 52 ©
219 2499 111 41 Dec.
357 2498 71 48 20,
455 2496 114 42 1930;
623 2497 67 40 2c.
717 2498 96 39 and
838 2497 82 42 aff.
948 2498 122 40 Mar.
1097 2498 69 46 17,
1194 2496 113 41 1931;
1364 2496 41 41 A
1430 2496 147 42 36105;
1634 2496 220 50 Fleming
1880 2497 61 42 H.
1970 2497 167 40 Revell

208 2566 66 30 co.
345 2554 252 50 (31-8700)

138 2648 324 63 Edmunds,
492 2647 232 54 Palmer
752 2648 227 65 Daniel,
1011 2653 171 50 1890-

205 2725 1871 70 Illinois pleading and practice, by Palmer D. Edmunds …
136 2806 270 71 Chicago,
444 2805 320 70 Callaghan
799 2807 112 54 and
946 2823 298 52 company,
1282 2809 148 50 1931.

209 2887 217 42 1 v. 26 ᶜᵐ.
143 2940 51 52 ©
223 2945 121 40 Mar.
372 2945 69 46 31,
470 2942 113 42 1931;
639 2943 67 41 2c.
734 2945 95 39 and
857 2944 81 41 aff.
967 2944 113 48 Apr.
1109 2944 26 40 6;
1191 2944 40 39 A
1259 2943 145 41 36320;
1462 2944 270 49 Callaghan
1760 2944 36 42 &
1824 2955 67 30 co.

223 3000 251 49 (31-8930)

138 3096 197 63 Ewen,
368 3093 211 54 David.

205 3170 244 55 Hebrew
498 3169 194 68 music,
739 3191 28 33 a
818 3172 169 70 study
1037 3172 112 53 and
1198 3192 73 33 an
1318 3172 455 71 interpretation,
1821 3173 74 70 by
1943 3171 193 54 David

134 3247 190 53 Ewen.
388 3248 137 52 New
556 3247 176 70 York,
760 3249 179 53 Bloch
966 3249 335 70 publishing
1326 3268 294 52 company,
1651 3254 150 50 1931.

204 3327 897 48 4 p. l., 65 p. incl. front. pl. 20½ᶜᵐ.
144 3383 52 52 ©
228 3389 121 39 Mar.
379 3387 68 48 19,
480 3386 112 41 1931;
652 3388 66 39 2c.
748 3390 95 38 and
873 3388 82 41 aff.
986 3391 122 40 Mar.
1138 3389 56 40 24;
1253 3389 41 40 A
1324 3390 143 41 35385;
1529 3391 151 40 Bloch
1710 3392 110 47 pub.
1851 3402 83 37 co.,
1965 3392 91 39 inc.

221 3444 250 48 (31-8617)

140 3537 315 62 Fairchild,
487 3538 150 53 Fred
665 3539 245 65 Rogers,
943 3542 170 55 1877-

209 3612 1930 76 Essentials of economics, by Fred Rogers Fairchild … New
142 3690 178 69 York,
353 3690 330 56 Cincinnati
740 3698 118 63 [etc.]
895 3694 307 55 American
1232 3695 149 54 book
1414 3715 279 51 company
1731 3700 193 64 [ᶜ1931]

211 3772 972 53 543 p. incl. front., illus., diagrs. 19 ᶜᵐ.
211 3829 322 40 “References
556 3830 80 40 for
661 3831 195 42 further
882 3833 173 48 study”
1084 3837 51 37 at
1162 3835 92 40 end
1279 3835 52 40 of
1355 3836 119 40 each
1500 3836 215 48 chapter.

146 3881 52 52 ©
236 3887 114 48 Apr.
387 3888 41 46 1,
467 3885 140 48 1931;
646 3886 67 43 2c.
752 3890 95 39 and
886 3890 81 39 aff.
1006 3891 114 48 Apr.
1157 3892 52 46 3;
1253 3893 40 38 A
1330 3892 170 42 36302;
1543 3893 159 41 Amer.
1740 3894 123 40 book
1905 3906 83 36 co.,
2027 3894 119 40 New

213 3944 143 40 York.
424 3940 68 54 [©
524 3944 224 52 changes]
819 3946 250 52 (31-8826)
