2428 4370
985 4043 131 49 1451

64 421 341 55 California.
478 424 166 52 Laws
650 467 12 25 ,
691 427 236 49 statutes
934 464 12 25 ,
974 427 101 49 etc.

126 499 119 51 The
288 498 176 52 Penal
505 498 132 51 code
681 496 62 53 of
785 497 94 51 the
920 502 142 48 state
1105 496 62 53 of
1209 495 320 55 California
1575 493 289 69 approved
58 493 1964 153 February

263 580 81 64 14,
375 574 150 69 1872,
556 575 139 52 with
729 574 382 53 amendments
1141 592 76 49 up
1249 579 57 46 to
1338 574 94 52 the
1462 574 106 51 end
1604 573 63 53 of
1697 574 93 52 the
1822 573 224 67 regular

57 653 206 54 session
297 652 62 53 of
394 654 93 50 the
523 651 348 69 forty-ninth
904 651 373 68 Legislature,
1313 653 130 48 1931;
1515 649 296 68 including
1846 670 31 33 a
57 654 1966 144 statutory

246 729 219 69 history
491 730 62 51 of
579 729 132 54 code
739 728 234 55 sections
1001 726 235 54 affected
1264 728 74 68 by
1364 727 323 68 legislation
1715 729 334 65 subsequent

56 813 56 47 to
144 805 246 69 original
424 811 312 49 enactment
769 807 110 52 and
913 824 71 35 an
1016 803 289 69 appendix
1338 806 264 67 covering
1635 804 210 53 certain
1881 806 165 66 penal

55 889 234 47 statutes
316 889 99 48 not
442 883 394 67 incorporated
866 882 57 51 in
954 881 176 55 Penal
1161 882 148 52 code.
1378 881 113 54 San
1526 882 318 67 Francisco,
1878 882 66 52 A.
1977 880 69 55 V.

56 961 151 53 Lake
235 963 44 49 &
309 979 78 35 co.
421 964 169 64 [ᶜ1931]

126 1038 758 51 2 p. l., vii-xi, [1], 619 p. 19 ᶜᵐ.
125 1098 226 40 Lettered
381 1107 59 30 on
470 1107 166 30 cover:
667 1095 270 41 California
968 1096 148 39 Penal
1148 1096 127 39 code.

65 1166 50 52 ©
180 1172 49 37 July
291 1170 69 47 25,
390 1168 108 41 1931;
563 1169 67 40 2c.
661 1168 118 47 Aug.
810 1167 55 40 19;
925 1167 82 42 aff.
1037 1167 118 47 Aug.
1189 1167 55 40 20;
1304 1169 41 38 A
1374 1167 145 42 40887;
1579 1169 54 41 A.
1665 1170 54 40 V.
1751 1170 131 39 Lake
1913 1170 37 39 &
1981 1180 67 29 co.

140 1226 278 49 (31-24471)

62 1321 236 63 Cantor,
329 1319 202 65 Eddie,
562 1325 170 49 1893-

129 1396 280 67 Yoo-hoo,
439 1396 355 69 prosperity!
872 1396 121 53 The
1024 1396 187 53 Eddie
1245 1394 215 55 Cantor
1493 1395 269 70 five-year
1795 1397 155 68 plan,
1979 1396 71 67 by

61 1473 184 53 Eddie
283 1474 214 55 Cantor
531 1475 112 52 and
678 1473 192 54 David
906 1474 335 52 Freedman.
1316 1473 139 53 New
1489 1473 181 68 York,
1706 1473 197 56 Simon
1940 1474 108 53 and

62 1551 284 68 Schuster,
375 1555 150 50 1931.

127 1633 662 50 56 p. front., plates. 16 ᶜᵐ.
129 1690 364 43 “Illustrations
521 1692 60 48 by
609 1691 49 43 C.
684 1691 193 41 Vernon
904 1689 243 42 Farrow.”

63 1760 50 52 ©
150 1764 118 48 Aug.
304 1763 69 48 28,
409 1762 140 48 1931;
587 1763 66 41 2c.
690 1763 117 48 Aug.
843 1763 82 45 31;
964 1762 82 41 aff.
1084 1763 118 47 Aug.
1240 1761 80 40 29:
1361 1763 37 38 A
1435 1761 169 46 42089;
1646 1763 51 41 E.
1735 1762 181 40 Cantor
1954 1764 93 38 and

131 1821 158 39 David
321 1821 281 46 Freedman,
635 1821 116 38 New
782 1819 143 41 York.
999 1819 279 47 (31-24168)

61 1914 340 65 Chambers,
436 1915 221 52 Robert
689 1913 272 66 William,
1002 1919 170 49 1865-

128 1994 141 52 War
298 1995 162 66 paint
491 1995 112 51 and
630 2011 190 50 rouge,
848 1995 75 66 by
952 1993 213 51 Robert
1192 1993 88 52 W.
1313 1992 324 54 Chambers.
1705 1992 138 52 New
1873 1991 179 67 York,

60 2073 255 57 London,
346 2072 72 52 D.
450 2071 295 67 Appleton
776 2073 111 51 and
919 2088 297 51 company,
1251 2073 149 49 1931.

127 2150 576 50 5 p. l., 376, [1] p. 20 ᶜᵐ.
64 2204 50 52 ©
145 2209 126 47 Sept.
299 2207 68 49 25,
396 2207 112 41 1931;
565 2207 66 40 2c.
661 2209 95 38 and
785 2207 80 41 aff.
898 2207 125 48 Sept.
1053 2207 56 39 28;
1166 2207 41 38 A
1234 2206 143 40 42656;
1438 2207 55 40 R.
1523 2207 70 39 W.
1626 2206 276 47 Chambers,
1933 2207 117 40 New

129 2265 142 39 York.
343 2264 277 49 (31-24773)

62 2357 206 64 Chase,
296 2357 336 64 Josephine,
659 2361 53 52 d.
743 2363 146 49 1931.

56 2431 1966 148 The green jade necklace, by Josephine Chase … Philadelphia,
234 2510 1175 71 The Penn publishing company [ ᶜ1 931]
126 2590 496 49 203 p. front. 19 ᶜᵐ.
65 2645 50 52 ©
149 2650 125 48 Sept.
303 2649 68 49 21,
402 2649 111 41 1931;
573 2650 66 41 2c.
671 2651 94 39 and
794 2649 80 40 aff.
910 2650 126 47 Sept.
1066 2648 56 41 25;
1182 2649 43 40 A
1251 2649 144 40 42571;
1456 2650 132 40 Penn
1619 2651 109 47 pub.
1758 2661 69 30 co.

142 2707 277 48 (31-24654)

64 2800 400 66 Christensen,
499 2803 254 63 Mayme.

135 2879 315 56 Christmas
504 2881 152 52 week
709 2882 60 51 in
821 2882 95 51 the
971 2880 396 54 intermediate
1421 2881 221 68 grades,
1695 2883 75 68 by
1824 2881 229 68 Mayme

64 2957 378 55 Christensen.
537 2958 265 68 Chicago,
856 2959 123 52 The
1032 2958 298 53 Dramatic
1385 2958 335 69 publishing
1773 2976 279 50 company

143 3038 96 49 [ ᶜ1 931]
129 3115 485 48 75 p. 1 illus. 18½ ᶜᵐ.
64 3167 52 54 ©
144 3173 118 47 Aug.
289 3171 69 47 28,
387 3170 110 42 1931;
555 3172 68 41 2c.
652 3174 95 38 and
775 3172 79 39 aff.
887 3172 127 47 Sept.
1042 3171 24 39 2;
1126 3172 38 38 A
1192 3172 170 46 41368;
1395 3172 253 40 Dramatic
1677 3172 109 48 pub.
1816 3183 67 30 co.

144 3228 14 47 (CA
243 3228 166 40 31-761
434 3229 234 48 Unrev’d)

64 3322 403 63 Christensen,
497 3323 258 52 Thomas
782 3323 63 54 P.

133 3399 119 52 The
299 3403 156 63 story
502 3398 64 53 of
612 3399 184 66 Iowa;
847 3418 30 33 a
926 3399 302 53 children’s
1275 3397 240 70 history,
1562 3398 77 70 by
1687 3399 248 53 Thomas
1985 3399 65 53 P.

64 3475 1867 71 Christensen … Cedar Falls, Ia., Holst printing co. [ ᶜ1 931]
132 3556 85 41 196
247 3569 43 37 p.
323 3558 108 39 incl.
466 3558 162 47 front.,
663 3558 126 40 illus.
849 3558 53 40 23½ᶜᵐ.

64 3609 50 52 ©
147 3615 125 47 Sept.
301 3614 39 48 5,
369 3614 112 40 1931;
538 3614 66 41 2c.
636 3614 126 48 Sept.
788 3614 54 39 21;
902 3614 81 41 aff.
1015 3615 126 48 Sept.
1170 3614 58 40 19;
1283 3615 46 43 A
1351 3613 145 41 42469;
1554 3615 53 41 T.
1636 3615 51 41 P.
1719 3613 328 50 Christensen,

130 3672 131 39 Iowa
291 3670 123 48 City,
472 3680 40 30 Ia.
594 3666 50 52 [©
674 3681 105 29 new
806 3674 179 37 matter
1014 3672 94 39 and
1138 3671 251 49 revisions]
1461 3670 279 50 (31-24752)

62 3763 285 65 Danford,
383 3766 200 62 Harry
617 3765 288 65 Edmund,
943 3766 169 54 1879-

70 3842 1957 132 Ohio valley pioneers, by Harry Edmund Danford … illustrated
290 3920 140 53 with
471 3920 287 71 drawings
796 3922 74 70 by
908 3921 259 54 William
1207 3921 255 54 Wallace
1499 3921 209 55 Clarke
1746 3923 114 54 and
1898 3921 153 56 half-
