2505 4370
1158 4019 67 53 89

178 385 420 65 Metropolitan
634 405 254 35 museum
922 385 213 55 studies.
1227 404 50 33 v.
1316 388 49 66 3,
1398 388 81 65 pt.
1519 387 48 66 1,
1603 386 149 50 1930.
1827 382 140 53 New
2003 381 183 68 York,

247 467 122 52 The
397 465 415 68 Metropolitan
840 482 255 34 museum
1124 463 67 54 of
1216 467 109 65 art,
1354 464 151 51 1930.

253 541 1050 55 2 p. l., 133 p. illus., col. plates. 31 ᶜᵐ .
184 614 52 53 ©
278 619 112 40 Dec.
429 618 70 48 31,
539 616 141 49 1930;
722 616 68 41 2c.
830 617 98 39 and
967 615 82 41 aff.
1090 615 111 42 Jan.
1242 614 70 50 12,
1354 612 141 49 1931;
1538 614 42 39 A
1620 614 171 48 32777;
1836 612 348 49 Metropolitan

251 686 220 30 museum
498 674 53 41 of
575 677 93 38 art.

177 785 233 64 Michie,
441 783 258 54 Thomas
728 781 285 66 Johnson,
1044 785 84 52 ed.

249 864 122 52 The
407 861 421 70 Encyclopedic
864 862 186 68 digest
1086 861 65 52 of
1186 860 189 52 North
1415 858 271 56 Carolina
1724 863 238 64 reports.
179 860 1984 150 Supplement;

495 940 171 69 being
700 959 31 32 a
766 940 276 67 complete
1074 937 403 70 encyclopedia
1512 939 113 51 and
1660 936 187 68 digest
1881 937 65 52 of
1979 938 79 51 all
2093 937 96 52 the

183 1020 187 53 North
415 1018 273 55 Carolina
733 1037 124 34 case
898 1018 110 51 law
1054 1016 153 53 from
1249 1016 110 52 vol.
1407 1020 98 48 185
1549 1021 58 46 to
1650 1016 108 51 vol.
1807 1018 118 66 199,
1968 1034 53 49 p.
2067 1018 121 66 259,

179 1098 188 54 North
400 1096 272 55 Carolina
702 1101 238 62 reports,
971 1094 291 53 inclusive.
1339 1094 199 53 Under
1569 1094 97 52 the
1695 1093 268 54 editorial
180 1110 1986 119 supervision

412 1175 64 52 of
523 1174 70 52 A.
641 1174 251 52 Hewson
938 1171 228 54 Michie.
1242 1191 52 33 v.
1448 1212 9 10 XVI.
1535 1170 482 72 Charlottesville,
2064 1171 126 69 Va.,

179 1255 122 52 The
329 1253 214 54 Michie
573 1269 297 51 company,
904 1253 149 50 1931.

287 1379 9 17 v,
327 1346 117 41 1084
474 1357 43 38 p.
576 1345 147 41 25½ᶜᵐ.

188 1401 52 52 ©
268 1405 110 40 Jan.
406 1402 71 50 20,
505 1401 141 48 1931;
675 1401 67 41 2c.
772 1402 97 39 and
896 1401 82 40 aff.
1008 1401 109 40 Jan.
1146 1400 83 49 23;
1260 1400 43 40 A
1329 1399 172 50 33301;
1532 1399 182 42 Michie
1739 1410 69 32 co.

184 1510 283 65 Mitchell,
499 1509 255 56 William
786 1510 334 64 Augustus,
1153 1510 172 53 1877-

253 1588 264 56 Outlines
568 1587 64 55 of
681 1589 96 51 the
826 1587 227 53 world’s
1102 1585 259 71 military
1412 1586 240 69 history,
1700 1586 76 70 by
1824 1587 186 56 Lieut.
2062 1587 123 56 Col.

180 1664 2007 72 William A. Mitchell … Washington, D. C., Produced for the
181 1743 278 71 Infantry
488 1743 247 70 journal,
762 1743 75 69 by
867 1745 96 51 the
993 1742 275 54 National
1298 1743 212 53 service
1540 1741 336 72 publishing
1905 1761 283 53 company

188 1826 171 66 [1931]

256 1902 894 51 viii, 751 p. illus., diagrs. 24 ᶜᵐ .
256 1974 103 40 “1st
392 1972 198 49 edition,
623 1974 236 47 January,
891 1971 158 43 1931.”

255 2030 253 49 “Reading
534 2040 170 31 course
732 2029 82 40 for
840 2028 213 42 officers”:
1112 2039 44 39 p.
1184 2028 220 43 740-744.

191 2096 52 53 ©
279 2101 112 41 Jan.
425 2100 70 50 20,
531 2100 141 46 1931;
708 2099 69 42 2c.
813 2100 110 41 Jan.
958 2099 83 48 24;
1079 2098 83 43 aff.
1198 2100 112 41 Jan.
1345 2098 83 49 26;
1468 2099 42 40 A
1543 2099 173 48 33328;
1753 2099 75 43 W.
1862 2099 57 42 A.
1956 2098 234 50 Mitchell,

259 2157 337 49 Washington.
666 2155 250 51 (31-2941)

186 2253 218 64 Moore,
437 2252 246 65 George,
716 2257 171 50 1852-

317 2330 1876 71 … Aphrodite in Aulis. London, W. Heinemann ltd.; New
189 2410 180 69 York,
397 2411 123 52 The
547 2409 293 54 Fountain
866 2427 156 51 press
1056 2412 173 65 [1930]

261 2489 812 50 1 p. l. , v-vi, 340 p., 1 l. 27 ᶜᵐ .
194 2557 1999 53 © 1c. Dec. 26, 1930; A ad int. 14689; pubd. Dec. 1; G. Moore, London.
275 2617 250 50 (31-3806)

191 2713 241 67 Muffitt,
460 2714 222 52 Trevor
710 2714 256 56 Samuel.

255 2788 322 71 Biological
610 2789 372 54 foundations
1014 2789 60 54 in
1106 2791 331 68 education;
1474 2809 31 35 a
1537 2790 273 54 textbook
1842 2789 93 54 for
1967 2789 228 54 teacher

188 2867 258 71 training
484 2868 357 54 institutions
882 2870 114 52 and
1036 2870 220 53 schools
1296 2869 65 54 of
1400 2869 319 68 education,
1758 2869 76 69 by
1875 2869 220 52 Trevor
2136 2868 57 56 S.

187 2945 1983 132 Muffitt … with forty illustrations. Philadelphia, P. Blakiston’s
388 3023 664 69 son & co., inc. [ᶜ193 1]
259 3106 837 50 xi, 394 p. illus., diagrs. 20 ᶜᵐ .
263 3176 349 41 “References”
644 3179 53 38 at
730 3177 93 41 end
855 3177 52 41 of
937 3180 127 39 most
1095 3177 54 41 of
1179 3179 83 39 the
1295 3179 241 48 chapters.

602 3247 1449 52 CONTENTS. —pt. I. General biology.—pt. II. Educational biology.
200 3316 52 52 ©
279 3320 108 41 Jan.
414 3319 71 50 19,
511 3319 113 41 1931;
680 3320 68 41 2c.
776 3321 95 40 and
898 3320 83 41 aff.
1008 3321 109 42 Jan.
1144 3320 84 48 20;
1257 3321 42 39 A
1325 3321 172 48 33257;
1527 3321 52 42 P.
1606 3320 303 43 Blakiston’s
1935 3333 88 30 son
2049 3322 37 41 &
2113 3332 83 38 co.,

264 3376 92 42 inc.
427 3376 251 50 (31-2965)

195 3472 265 63 Munroe,
489 3470 192 65 Ralph
709 3471 343 66 Middleton,
1084 3478 172 50 1851-

260 3548 123 53 The
422 3546 419 56 Commodore’s
880 3554 175 63 story,
1093 3549 75 70 by
1206 3550 195 68 Ralph
1437 3550 326 54 Middleton
1799 3551 243 52 Munroe
2081 3551 115 53 and

192 3624 1668 75 Vincent Gilpin … [New York] I. Washburn, 1930.
332 3740 9 17 xv,
375 3708 87 41 384
495 3719 43 38 p.
597 3708 164 49 front.,
796 3708 143 49 illus.,
974 3710 171 48 plates,
1181 3712 150 46 ports.
1391 3710 147 42 24½ᶜᵐ.

265 3780 120 39 Part
416 3780 25 38 1
474 3779 222 40 contains
726 3780 83 40 the
840 3780 369 41 reminiscences
1242 3781 53 40 of
1326 3782 90 40 Mr.
1448 3782 230 48 Munroe;
1711 3784 67 47 pt.
1809 3783 41 48 2,
1882 3784 62 47 by
1976 3784 90 39 Mr.

196 3783 1985 100 Gilpin,
317 3835 166 48 brings
509 3837 82 39 the
616 3835 227 41 material
869 3837 139 40 down
1035 3838 48 39 to
1108 3838 127 39 date.

203 3901 52 52 ©
281 3906 102 41 Oct.
408 3907 70 48 17,
503 3906 140 48 1930;
670 3906 68 41 2c.
764 3907 109 40 Jan.
898 3906 70 49 26,
994 3906 113 41 1931;
1162 3907 83 42 aff.
1273 3908 109 40 Jan.
1408 3908 85 48 24;
1519 3908 43 41 A
1584 3907 145 42 32993;
1786 3910 205 41 Vincent
2019 3910 178 49 Gilpin,

270 3963 134 42 West
435 3962 213 52 Chester,
678 3963 83 42 Pa.
835 3963 251 52 (31-2884)
