2505 4370
1243 4016 105 51 258

364 435 640 51 4 p. l., 3-388 p. 19 ½ᶜᵐ .
299 489 52 53 ©
387 495 110 39 Jan.
534 494 69 41 23,
639 493 143 47 1931;
819 493 66 41 2c.
924 494 111 40 Feb.
1072 494 51 42 5;
1162 493 83 41 aff.
1283 494 111 40 Feb.
1430 493 53 47 3;
1522 494 42 38 A
1597 493 173 48 34163;
1809 492 204 42 Charles
2053 492 267 42 Scribner's

367 562 127 31 sons.

296 662 349 64 Carpenter,
680 662 200 53 Frank
918 662 247 64 George,
1203 667 327 50 1855-1924.

365 739 364 69 Carpenter’s
774 758 121 34 new
944 738 409 70 geographical
1401 739 227 66 reader;
1681 739 183 56 South
1913 740 286 68 America,
2247 738 70 69 by

294 816 2023 71 Frank G. Carpenter … New York, Cincinnati [etc.] American
292 896 686 70 book company [ ᶜ1 931 ]
362 977 89 41 404
483 990 43 37 p.
557 978 111 41 incl.
703 978 143 47 illus.,
879 988 152 38 maps,
1062 976 193 42 facsim.
1317 979 88 40 col.
1438 978 151 41 front.
1650 978 146 41 18½ᶜᵐ.

300 1049 52 52 ©
393 1054 124 39 Mar.
558 1052 39 48 2,
639 1052 141 46 1931;
822 1051 67 41 2c.
932 1053 95 39 and
1069 1051 82 40 aff.
1194 1053 124 38 Mar.
1359 1052 53 47 4;
1454 1051 41 39 A
1535 1050 173 48 34623;
1752 1051 161 41 Amer.
1953 1051 125 41 book
2119 1062 69 30 co.
2251 1046 70 55 [©

368 1110 200 51 change]
642 1109 253 50 (31-5968)

297 1224 167 63 Carr,
495 1222 156 54 John
682 1222 280 54 Dickson.

363 1299 122 53 The
527 1299 107 53 lost
676 1298 255 70 gallows,
973 1299 72 68 by
1087 1298 155 53 John
1288 1297 249 54 Dickson
1584 1297 161 56 Carr.
1824 1298 137 53 New
2005 1297 162 53 York
2208 1298 107 53 and

293 1378 256 68 London,
580 1378 235 68 Harper
842 1378 46 52 &
916 1376 277 69 brothers,
1226 1379 152 50 1931.

393 1457 626 50 v p., 1 l., 344 p. 19½ᶜᵐ.
364 1531 41 39 A
435 1530 196 49 Harper
658 1530 164 41 sealed
851 1532 218 45 mystery
1097 1530 135 46 story
1271 1532 66 46 (p.
1367 1529 204 42 293-344
1602 1530 190 46 sealed)

365 1587 165 42 “First
566 1586 229 42 edition.”

301 1658 51 54 ©
383 1664 123 40 Mar.
534 1663 41 48 4,
605 1660 142 49 1931;
777 1661 67 40 2c.
874 1662 122 39 Mar.
1026 1661 25 39 5;
1111 1660 81 40 aff.
1225 1661 123 39 Mar.
1379 1660 53 47 6;
1462 1660 42 39 A
1532 1659 172 48 34660;
1737 1660 196 49 Harper
1963 1660 37 41 &
2027 1660 128 41 bros.

378 1720 253 50 (31-5882)

297 1815 392 65 Cartwright,
725 1817 197 52 Morse
957 1815 247 63 Adams,
1246 1820 170 49 1890-
1630 1816 83 53 ed.

367 1894 490 70 Unemployment
899 1895 111 52 and
1054 1893 164 54 adult
1259 1893 321 67 education,
1620 1913 29 33 a
1693 1893 354 70 symposium
2089 1912 73 35 on
295 1912 1998 116 certain
461 1973 287 69 problems
790 1972 64 53 of
894 1971 388 54 re-education
1326 1971 220 70 arising
1589 1971 151 54 from
1781 1972 374 68 “permanent
295 1973 1998 132 layoff”—the
608 2051 410 68 displacement
1047 2049 64 53 of
1138 2069 125 35 men
1294 2051 108 52 and
1435 2069 216 34 women
1680 2050 57 53 in
1767 2051 269 71 industry
2063 2052 250 70 through

295 2129 95 53 the
422 2128 393 54 introduction
849 2128 64 53 of
945 2129 333 69 machinery
1312 2129 111 53 and
1458 2129 163 52 other
1652 2128 395 71 labor-saving
2078 2130 240 68 devices,

295 2208 321 52 sometimes
650 2208 208 52 known
897 2227 59 33 as
992 2207 417 68 technological
1446 2207 484 69 unemployment,
1965 2207 75 70 by
2077 2208 239 56 Charles

295 2286 1960 69 A. Beard, Stuart Chase. Paul H. Douglas [and others] …
296 2365 191 52 Morse
523 2366 71 53 A.
635 2364 376 68 Cartwright,
1050 2364 203 53 editor.
1330 2366 138 51 New
1508 2364 181 68 York,
1730 2365 304 53 American
295 2367 1992 128 association
448 2441 94 54 for
571 2443 161 53 adult
762 2442 302 54 education
1100 2447 194 64 [ᶜ1931]

368 2525 57 41 63
460 2536 43 38 p.
564 2524 149 44 25½ᶜᵐ.

367 2596 186 48 Papers
586 2597 96 39 and
718 2599 225 45 excerpts
976 2596 129 40 from
1141 2597 81 40 the
1260 2597 315 48 proceedings
1612 2597 52 40 of
1698 2598 82 40 the
1817 2597 299 42 Conference
2153 2611 57 29 on
295 2609 2004 85 reeducation
581 2653 243 49 problems
848 2653 188 49 arising
1058 2654 131 40 from
1212 2653 352 49 technological
1592 2656 408 47 unemployment,
2024 2656 112 40 held
2162 2657 155 40 under

297 2711 80 39 the
414 2710 225 48 auspices
675 2710 52 41 of
762 2711 83 40 the
881 2710 258 41 American
1177 2711 298 41 association
1510 2711 80 40 for
1624 2712 140 41 adult
1800 2712 273 48 education,
2112 2713 48 40 in
2198 2714 117 40 New

296 2768 132 40 York
456 2780 60 29 on
545 2768 265 40 December
838 2768 70 47 18,
938 2767 128 42 1930.

299 2834 53 53 ©
386 2839 112 42 Feb.
532 2840 68 43 17,
634 2838 142 49 1931;
811 2839 68 42 2c.
912 2840 96 41 and
1042 2839 82 41 aff.
1160 2840 112 41 Feb.
1306 2839 82 48 28;
1426 2841 40 39 A
1499 2838 172 51 35042;
1708 2841 161 43 Amer.
1902 2853 116 30 assn.
2065 2842 80 40 for
2180 2841 139 42 adult

365 2898 277 41 education.
712 2897 253 49 (31-6194)

296 2993 282 65 Chambe,
612 2995 180 55 René.

367 3070 137 57 Still
544 3092 27 33 a
614 3090 239 51 woman,
891 3092 31 33 a
959 3073 165 53 novel
1164 3072 150 54 from
1356 3074 95 52 the
1488 3074 220 53 French
1749 3073 65 54 of
1849 3076 156 53 Rene
2040 3075 270 56 Chambe.

292 3149 1664 72 New York. Sears publishing company, inc. [ ᶜ1 931]
362 3231 562 50 3 p. l., 303 p. 19½ᶜᵐ.
298 3298 52 53 ©
381 3303 111 40 Feb.
522 3303 69 42 20.
622 3303 141 40 1931;
795 3304 65 40 2c.
892 3304 111 40 Feb.
1032 3303 83 48 26;
1147 3304 82 40 aff.
1262 3305 112 40 Feb.
1402 3304 83 48 24;
1518 3305 40 39 A
1587 3305 172 48 34530;
1794 3306 145 42 Sears
1969 3307 110 49 pub.
2112 3319 81 36 co.,
2226 3308 90 41 inc.

375 3359 253 50 (31-5705)

294 3456 234 65 Coates,
558 3460 137 53 Mrs.
724 3459 187 55 Grace
940 3461 200 55 Stone.

362 3534 183 54 Black
576 3536 263 57 cherries,
871 3539 75 67 by
979 3539 183 56 Grace
1198 3540 175 56 Stone
1408 3541 219 54 Coates.
1706 3541 136 52 New
1885 3541 157 52 York
2076 3543 52 49 &
289 3542 1992 131 London,
451 3613 69 54 A.
551 3614 70 55 A.
651 3615 225 70 Knopf,
910 3621 149 50 1931.

361 3694 735 54 6 p. l., 3-213, [1] p. 19½ᶜᵐ.
362 3764 1946 55 “This, the first edition … consists of fifteen hundred numbered copies.
288 3819 119 42 This
436 3820 42 42 is
506 3824 205 40 number
739 3824 130 43 627.”

292 3884 52 53 ©
380 3891 112 43 Feb.
524 3892 69 45 20,
629 3894 141 42 1931;
806 3897 66 41 2c.
908 3900 92 38 and
1037 3899 82 41 aff.
1157 3901 111 40 Feb.
1304 3900 82 49 21;
1424 3900 40 41 A
1497 3898 173 47 33895;
1707 3897 173 41 Alfred
1916 3898 53 40 A.
2004 3896 181 50 Knopf,
2222 3896 92 41 inc.

371 3947 253 52 (31-5703)
