2505 4370
0 0 0 0 1329
178 406 244 63 Adams,
451 406 257 52 Eustace
734 405 66 54 L.

245 479 1923 70 Across the top of the world, by Eustace L. Adams … New
177 558 1001 69 York, Grosset & Dunlap [ ᶜ1 931]
280 672 8 16 v,
318 640 85 41 243
433 651 43 37 p.
538 639 149 42 front.
747 639 145 40 19½ᶜᵐ.

247 696 72 41 On
344 706 167 31 cover:
540 696 75 40 An
640 696 140 48 Andy
806 696 132 39 Lane
964 697 149 46 story.

180 749 51 52 ©
266 754 126 48 Sept.
423 753 41 47 2,
496 753 110 40 1931;
668 752 68 42 2c.
768 754 94 38 and
895 753 82 40 aff.
1012 753 128 47 Sept.
1170 753 53 45 4;
1259 752 40 38 A
1330 752 171 45 41418;
1539 751 198 40 Grosset
1770 751 36 40 &
1838 751 209 48 Dunlap,
2081 751 92 40 inc.

257 809 280 50 (31-22656)

177 903 314 54 American
531 903 279 54 institute
848 904 62 52 of
949 903 229 64 mining
1215 904 116 51 and
1373 901 430 65 metallurgical
1843 902 330 64 engineers.

247 984 140 52 Cool
414 983 265 54 division.

246 1061 403 53 Transactions
674 1061 63 52 of
763 1061 94 52 the
884 1060 306 53 American
1215 1060 261 52 institute
1503 1059 64 52 of
1590 1059 223 69 mining
1839 1061 112 52 and
174 1062 1976 144 metallurgical

451 1138 290 68 engineers
786 1136 452 70 (incorporated)
1327 1137 139 54 Coal
1500 1136 265 70 division,
1802 1141 149 48 1931.
175 1138 1976 146 Containing

439 1233 204 50 papers
682 1216 112 52 and
832 1214 340 54 discussions
1210 1217 297 66 presented
1545 1214 195 54 before
1776 1216 97 52 the
1907 1214 268 55 Division

174 1300 58 45 at
280 1293 360 68 Pittsburgh,
690 1292 156 68 Sept.
897 1296 187 65 11-13,
1136 1296 162 55 1930;
1351 1292 317 69 Fairmont,
1715 1293 220 67 March,
1983 1295 190 66 26-27,

179 1375 150 64 1931,
356 1373 112 51 and
494 1372 137 51 New
659 1370 179 59 York,
864 1371 132 52 Feb.
1029 1374 185 62 16-19,
1244 1374 150 49 1931.
1468 1371 138 51 New
1635 1371 178 66 York,
1839 1371 68 52 N.
1936 1372 90 64 Y.,
2053 1372 122 52 The

174 1449 291 68 Institute,
498 1452 146 49 1931.

242 1529 87 40 426
359 1540 43 37 p.
464 1529 142 46 illus.,
643 1529 168 47 tables,
848 1528 178 48 diagrs.
1087 1528 145 41 23½ᶜᵐ.

177 1581 51 52 ©
264 1586 128 47 Sept.
424 1586 69 47 16,
525 1585 140 46 1931;
698 1586 65 39 2c.
801 1585 126 48 Sept.
960 1585 83 47 21;
1078 1584 82 42 aff.
1195 1585 128 48 Sept.
1358 1584 81 47 19;
1474 1585 41 39 A
1547 1585 170 47 42471;
1754 1586 159 40 Amer.
1945 1585 228 42 institute

245 1642 54 41 of
323 1642 187 48 mining
536 1642 37 40 &
598 1642 356 47 metallurgical
984 1642 264 48 engineers,
1279 1642 104 48 inc.,
1414 1643 119 39 New
1560 1643 145 40 York.

174 1737 316 54 American
530 1738 278 52 institute
848 1738 62 52 of
950 1736 229 65 mining
1217 1739 115 51 and
1371 1737 431 64 metallurgical
1841 1737 331 65 engineers.

242 1818 274 52 Institute
545 1817 63 68 of
630 1817 202 54 metals
860 1817 264 54 division.

244 1895 403 53 Transactions
673 1895 63 52 of
760 1895 94 52 the
880 1894 306 53 American
1213 1895 260 53 institute
1500 1895 63 53 of
1588 1895 223 69 mining
1837 1897 112 51 and
170 1898 1977 142 metallurgical
438 1971 292 69 engineers
764 1972 454 70 (incorporated)
1303 1972 273 53 Institute
1598 1973 66 53 of
1682 1976 200 51 metals
1907 1973 266 69 division,

175 2054 149 48 1931.
400 2051 217 67 Papers
649 2051 298 66 presented
978 2049 193 53 before
1204 2046 96 57 the
1332 2049 266 53 Division
1630 2056 58 46 at
1720 2050 270 69 Chicago,
2014 2051 157 66 Sept.

174 2131 189 63 22-26,
413 2130 133 50 1930
594 2129 111 51 and
751 2127 138 52 New
939 2127 178 68 York,
1163 2127 133 52 Feb.
1347 2131 186 65 16-19,
1581 2132 148 48 1931.
1805 2128 139 53 New
1992 2130 179 68 York,

173 2206 70 52 N.
274 2206 90 67 Y.,
392 2206 121 51 The
543 2205 290 69 Institute,
863 2208 150 49 1931.

242 2286 86 40 500
361 2297 42 37 p.
464 2285 142 47 illus.,
643 2285 168 48 tables,
846 2284 179 48 diagrs.
1085 2285 145 39 23½ᶜᵐ.

176 2338 53 53 ©
255 2344 123 46 Aug.
400 2342 69 45 25,
497 2341 140 47 1931;
666 2342 67 40 2c.
763 2342 126 47 Sept.
917 2341 82 47 21;
1028 2341 82 40 aff.
1142 2342 128 48 Sept.
1299 2342 80 47 19;
1409 2343 41 39 A
1477 2342 170 48 42470;
1678 2343 157 41 Amer.
1865 2344 230 42 institute
2120 2346 51 40 of

243 2399 186 48 mining
455 2399 38 40 &
518 2398 355 48 metallurgical
904 2398 263 48 engineers,
1197 2399 105 48 inc.,
1332 2400 118 40 New
1479 2401 142 39 York.

173 2493 313 53 American
515 2492 246 64 railway
788 2492 376 54 association.
1238 2496 358 54 Mechanical
1622 2497 263 55 division.

241 2570 114 54 Car
393 2569 269 53 builders’
702 2567 326 71 cyclopedia
1069 2569 64 53 of
1170 2571 305 52 American
1520 2572 274 68 practice;
1839 2575 327 53 definitions

171 2647 112 52 and
319 2647 217 67 typical
574 2646 379 54 illustrations
991 2649 64 52 of
1092 2666 140 49 cars,
1269 2648 149 52 their
1457 2654 159 63 parts
1655 2651 113 52 and
1808 2652 353 68 equipment;

170 2722 376 69 descriptions
582 2726 111 51 and
728 2725 379 53 illustrations
1142 2725 64 53 of
1239 2725 172 67 shops
1445 2727 112 52 and
1591 2729 146 51 tools
1772 2729 296 69 employed
2106 2732 56 52 in

171 2800 149 56 their
359 2801 385 54 construction
784 2804 107 52 and
936 2801 217 70 repair;
1196 2821 123 35 cars
1357 2803 147 54 built
1544 2803 56 54 in
1643 2806 263 54 America
1948 2807 94 53 for
170 2809 1969 124 industrial
443 2879 323 68 operations
796 2881 112 52 and
939 2880 92 53 for
1062 2878 228 71 foreign
1318 2881 296 54 railroads.
1692 2885 131 52 13th
1851 2886 313 55 ed.—1931.

171 2954 301 71 Compiled
508 2959 114 52 and
657 2957 188 53 edited
880 2957 93 52 for
1009 2959 96 51 the
1140 2958 305 53 American
1482 2959 239 70 railway
1757 2963 410 54 association—

169 3033 355 54 Mechanical
568 3033 247 55 division
870 3033 304 69 (formerly
1216 3036 218 53 Master
1477 3055 95 34 car
1613 3037 270 55 builders’
169 3042 1971 140 association)

368 3110 1794 74 editor, Roy V. Wright … managing editor, Robert C.
169 3188 1996 76 Augur … associate editor, H. P. Foster … New York, N. Y.,
171 3266 1569 72 Simmons-Boardman publishing company [ ᶜ1 931]
242 3348 68 46 96,
340 3348 234 40 101-1260
598 3358 43 37 p.
701 3348 142 47 illus.,
872 3348 179 47 diagrs.
1113 3348 147 41 30½ᶜᵐ.

177 3402 51 52 ©
270 3406 116 46 July
424 3405 71 48 20,
534 3404 140 47 1931;
746 3416 37 30 1c.
823 3405 120 47 Aug.
982 3404 82 47 12;
1136 3416 36 29 1c.
1214 3408 96 38 and
1350 3407 81 39 aff.
1474 3408 118 48 July
1628 3409 83 47 29;
1755 3412 39 37 A
1834 3412 171 42 41318;

247 3414 1905 89 Simmons-Boardman
708 3462 109 47 pub.
843 3472 68 30 co.
984 3462 279 49 (31-23180)

173 3541 268 65 Atwood,
471 3542 252 53 Wallace
753 3541 241 65 Walter,
1027 3543 169 54 1872-

241 3621 1926 69 The world at work, by Wallace W. Atwood … Boston.
173 3697 1357 72 New York [etc.] Ginn and company [ ᶜ1 931 ]
242 3781 82 46 vii,
374 3781 70 49 [1],
488 3779 86 39 344
618 3789 42 36 p.
723 3778 128 40 illus.
880 3778 132 47 (incl.
1059 3779 161 47 maps)
1289 3779 146 41 26½ᶜᵐ.
1505 3781 227 48 (Atwood
1778 3789 275 48 geography
171 3802 1980 82 series)

177 3891 51 52 ©
264 3895 126 39 June
423 3892 68 42 24,
526 3890 110 41 1931;
701 3890 65 40 2c.
803 3890 115 47 July
950 3890 82 42 23;
1070 3890 79 40 aff.
1186 3892 116 47 July
1335 3892 55 39 22;
1455 3894 40 39 A
1529 3894 170 49 39606;
1737 3899 71 40 W.
1843 3900 71 41 W.
1950 3902 217 43 Atwood,

244 3951 285 45 Worcester,
560 3949 144 37 Mass,
776 3947 83 48 (ca
875 3947 169 39 31-711
1068 3948 234 50 Unrev’d)
