2428 4370
1018 3908 125 49 1841

118 350 242 65 Abbott,
387 352 138 52 Mrs.
555 350 148 54 Jane
731 350 239 53 Ludlow
1006 349 260 67 (Drake)
1304 355 171 50 1881-

185 424 1921 72 Bouquet hill [by] Jane Abbott; illustrations by Josephine
112 504 284 69 Reiniger.
462 502 407 70 Philadelphia
897 505 45 50 &
970 502 258 72 London,
1255 503 57 54 J.
1343 505 65 51 B.
1440 503 340 70 Lippincott
1808 521 297 53 company.

117 586 144 49 1931.

177 662 87 40 819
293 673 41 37 p.
395 662 85 40 col.
511 662 163 46 front.,
707 663 83 41 col.
821 661 170 49 plates.
1052 660 145 44 19½ᶜᵐ.

116 730 50 51 ©
192 734 101 39 Oct.
317 734 39 48 1,
381 733 112 40 1931;
547 733 66 41 2c.
639 734 95 39 and
758 733 79 40 aff.
863 734 116 39 Nov.
1005 734 53 39 13;
1114 733 40 39 A
1177 734 145 40 44758;
1378 735 41 38 J.
1447 734 192 48 Abbott,
1668 736 276 47 Rochester,
1971 736 55 38 N.
2052 737 53 38 Y.

195 790 277 48 (31-32415)

108 899 326 53 Arkansas.
508 902 182 65 Laws,
722 907 255 62 statutes,
1010 908 99 46 etc.

180 977 371 70 Supplement
583 983 59 48 to
675 978 303 54 Crawford
1011 980 45 49 &
1086 978 187 52 Moses'
1320 978 202 68 Digest
1554 979 63 52 of
1645 980 96 51 the
1772 983 239 49 statutes
2042 980 64 52 of

108 1056 308 66 Arkansas,
466 1058 112 51 and
628 1061 56 47 to
737 1055 233 55 Castle’s
1023 1056 135 53 1927
1208 1056 377 68 supplement,
1634 1057 327 69 embracing
2009 1058 95 52 the

106 1135 228 65 general
375 1138 239 47 statutes
658 1135 225 51 enacted
936 1139 55 46 at
1036 1136 94 50 the
1170 1133 211 68 special
1425 1133 320 69 legislative
1787 1134 210 54 session
2042 1135 64 52 of

110 1215 130 48 1928
288 1213 109 51 and
446 1213 93 50 the
585 1211 229 68 regular
858 1213 237 51 sessions
1141 1212 63 51 of
1251 1214 132 49 1929
1431 1214 112 51 and
1593 1215 149 49 1931.
1819 1213 284 68 Together

110 1289 136 51 with
291 1295 157 47 notes
494 1289 63 52 of
603 1289 274 53 decisions
924 1290 63 51 of
1033 1290 94 51 the
1176 1288 274 68 Supreme
1497 1296 160 46 court
1701 1291 65 52 of
1808 1290 295 55 Arkansas

105 1366 331 69 construing
466 1367 93 52 the
590 1367 370 52 constitution
990 1367 63 51 of
1081 1368 94 52 the
1206 1371 144 48 state
1383 1368 112 52 and
1525 1368 97 52 the
1651 1368 136 53 laws
1818 1369 61 51 in
106 1368 1971 129 Crawford

281 1445 112 52 and
435 1444 203 53 Moses’
679 1443 200 69 Digest
925 1446 112 51 and
1080 1445 59 51 in
1184 1444 235 54 Castle’s
1465 1444 379 69 Supplement
1883 1446 219 53 thereto

105 1522 1996 71 published in 1927. By John T. Castle … St. Louis, Mo.,
103 1601 245 52 Thomas
378 1600 110 53 law
516 1600 148 52 book
693 1618 295 51 company,
1022 1604 148 50 1931.

177 1681 26 38 2
231 1691 41 39 p.
324 1713 22 12 l.,
378 1680 166 48 vii-lvi,
601 1681 61 40 640
691 1691 41 38 p.
792 1680 55 42 26½
880 1683 44 21 cm.

108 1748 50 52 ©
188 1753 115 40 Nov.
334 1753 68 46 25,
433 1751 105 41 1931;
604 1754 66 38 2c.
702 1753 113 39 Nov.
847 1754 55 38 27;
962 1752 80 41 aff.
1074 1753 116 40 Nov.
1221 1753 83 46 30;
1337 1754 35 38 A
1414 1755 137 40 10037;
1611 1755 210 39 Thomas
1853 1756 93 38 law
1980 1755 118 40 book

173 1821 65 27 co.

101 1917 301 65 Aurières,
431 1917 229 56 Albert.

163 1991 1932 72 Méthode de dactylographie, par Albert Aurières … Paris,
97 2069 221 70 Dunod,
351 2073 149 51 1931.

165 2152 793 49 2 p. l., 142 p. illus. 27½ × 22 ᶜᵐ.
103 2221 1532 51 © Jan. 4, 1931; 1c. July 31; A—Foreign 13301; Dunod.
184 2281 278 48 (31-32721)

97 2388 233 66 Baines,
361 2389 191 54 Jessie
581 2390 130 63 Joy,
746 2395 168 50 1898-

163 2465 1928 73 Seventh sin, by Joy Baines … New York, Sears publishing
93 2562 291 50 company,
413 2545 107 53 inc.
598 2547 152 65 [ᶜ1931]

163 2623 461 49 3 p. l., 305 p. 19½ᶜᵐ.
101 2694 51 52 ©
181 2699 117 39 Nov.
328 2697 69 48 10,
426 2697 113 41 1931;
597 2696 67 42 2c.
695 2699 93 37 and
818 2697 81 41 aff.
929 2698 116 38 Nov.
1078 2698 55 38 14;
1190 2699 40 37 A
1259 2699 144 39 44771;
1466 2699 143 40 Sears
1639 2701 108 46 pub.
1780 2712 80 38 co.,
1892 2703 91 41 inc.

178 2755 278 48 (31-32340)

94 2865 212 64 Baker,
335 2865 226 63 George
590 2863 212 65 Philip,
833 2865 172 54 1879-

162 2940 1925 74 Justinian, by G. P. Baker … New York. Dodd, Mead &
91 3036 296 51 company,
417 3023 149 50 1931.

162 3099 1835 51 xiii p., 2 l., 340 p. front. (2 port.) pl., maps, plan, geneal. tab. 22½ᶜᵐ.
165 3156 296 42 Silhouettes
488 3157 52 40 of
567 3155 250 42 Justinian
845 3166 60 30 on
932 3155 350 49 lining-papers
1308 3158 95 39 and
1432 3160 97 46 t.-p.

97 3225 51 52 ©
182 3229 100 42 Oct.
317 3228 68 49 30,
419 3227 113 41 1931;
595 3228 65 39 2c.
695 3228 116 40 Nov.
847 3229 23 37 7;
935 3227 81 40 aff.
1049 3227 116 39 Nov.
1202 3228 25 39 6;
1291 3229 40 37 A
1363 3229 144 39 43871;
1571 3230 154 45 Dodd,
1761 3234 142 39 Mead
1937 3234 36 40 &
2006 3247 66 28 co.

163 3286 90 40 inc.
328 3285 278 48 (31-32523)

89 3381 245 63 Barnes,
364 3380 204 54 James
596 3380 330 54 Anderson.

157 3456 158 56 John
352 3455 68 56 G.
460 3455 258 67 Carlisle,
753 3454 268 53 financial
1056 3459 326 63 statesman,
1417 3456 76 69 by
1527 3457 196 56 James
1758 3460 70 53 A.
1869 3463 216 54 Barnes

149 3532 1423 68 … New York, Dodd, Mead & company, 1931.
159 3613 1905 53 xiii p. [ 1 l., 552 p. front., plates, ports. 24½ᶜᵐ. (Lettered on cover;
90 3672 255 42 American
371 3670 218 50 political
614 3669 217 47 leaders)

158 3728 349 48 Bibliography;
564 3737 45 38 p.
635 3725 215 41 523-533.

95 3798 51 53 ©
174 3802 100 41 Oct.
299 3801 69 46 30,
394 3798 113 41 1931;
561 3798 67 40 2c.
653 3798 118 38 Nov.
798 3797 25 38 7;
877 3796 80 40 aff.
984 3797 117 38 Nov.
1129 3796 27 39 6;
1208 3797 41 38 A
1274 3797 144 40 43868;
1474 3799 154 43 Dodd.
1656 3803 139 41 Mead
1824 3806 35 39 &
1887 3817 79 36 co.
1996 3809 75 40 inc.

172 3857 280 47 (31-32426)
