2505 4370
0 0 0 0 1434
312 413 215 64 Arant,
556 413 289 54 Herschel
874 412 321 64 Whitfield,
1228 415 172 54 1887-

380 490 171 55 Cases
587 509 70 34 on
695 490 95 53 the
829 489 109 54 law
978 490 64 53 of
1077 489 327 71 suretyship
1444 489 114 54 and
1597 495 303 64 guaranty,
1937 490 74 69 by
2050 489 274 54 Herschel

306 566 2022 73 Whitfield Arant … 2d ed. Chicago, Callaghan and company,
309 650 152 50 1931.

453 726 1191 49 xx, 637 p. 26 ᶜᵐ. (National casebook series)
317 783 51 52 ©
401 788 130 47 Sept.
561 786 54 40 12,
660 786 114 41 1931;
832 786 69 43 2c.
931 788 95 39 and
1056 786 82 40 aff.
1172 786 130 49 Sept.
1331 786 55 40 15;
1446 787 40 38 A
1515 786 145 41 42321;
1722 787 273 47 Callaghan
2024 788 36 40 &
2092 798 66 30 co.

395 845 284 48 (31-24477)

315 923 264 66 Aubrey,
613 925 175 65 John,
824 926 328 55 1626-1697.

382 1002 125 53 The
534 1003 234 52 scandal
795 1003 115 52 and
939 1002 329 54 credulities
1295 1002 66 54 of
1386 1003 158 54 John
1570 1002 256 69 Aubrey,
1852 1002 191 54 edited
2070 1003 77 69 by
2175 1003 158 54 John

313 1080 233 55 Collier.
640 1080 168 56 With
866 1081 350 69 engravings
1274 1080 77 70 by
1409 1080 188 54 Helen
1656 1081 197 68 Kapp.
1950 1082 142 52 New
2153 1080 181 68 York,

312 1158 73 53 D.
415 1158 300 69 Appleton
747 1160 114 52 and
894 1176 301 52 company,
1228 1157 155 55 1931.

385 1240 366 51 li, 206 p. 20 ᶜᵐ.
385 1298 306 49 Tail-pieces.

387 1356 189 48 Mainly
612 1355 259 42 selections
906 1354 131 42 from
1071 1354 141 41 Brief
1247 1354 138 49 lives,
1422 1354 412 50 chronologically
1869 1356 259 48 arranged.

320 1410 51 52 ©
406 1414 129 48 Sept.
563 1414 70 48 18,
664 1412 113 42 1931;
837 1413 68 42 2c.
935 1416 96 38 and
1061 1412 83 43 aff.
1178 1412 130 49 Sept.
1337 1412 58 40 19;
1451 1413 41 38 A
1520 1413 145 40 41731;
1727 1413 56 40 D.
1814 1413 241 48 Appleton
2088 1413 36 40 &
2154 1422 67 30 co.

398 1470 283 50 (31-24498)

318 1552 245 64 Baxter,
593 1550 258 56 William
879 1552 242 64 Joseph,
1154 1557 173 50 1899-

386 1629 190 55 Chain
618 1635 151 48 store
812 1628 375 55 distribution
1231 1630 115 52 and
1389 1633 419 65 management,
1849 1628 77 71 by
1968 1628 265 55 William
2276 1628 57 55 J.

316 1707 2019 71 Baxter … 2d completely rev. ed. New York and London,
314 1787 829 69 Harper & brothers [ ᶜ1 931]
389 1867 1948 51 xvi p., 1 l., 347 p. front., illus. (incl. maps, plans) plates, diagrs.
314 1925 57 40 22
374 1928 46 21 ᶜᵐ

323 1980 51 52 ©
404 1984 128 49 Sept.
558 1984 69 47 16,
653 1983 112 41 1931;
822 1984 67 41 2c.
918 1984 127 48 Sept.
1071 1984 56 40 16;
1180 1984 84 41 aff.
1292 1985 127 47 Sept.
1445 1984 59 41 18;
1555 1985 41 39 A
1620 1983 146 42 42389;
1822 1985 197 47 Harper
2042 1984 36 40 &
2104 1985 126 41 bros.

405 2041 284 49 (31-24463)

320 2108 144 65 Bell,
491 2111 139 53 Mrs.
660 2109 331 53 Katherine
1020 2111 78 53 M.
1135 2109 190 65 (Den)
1362 2114 328 50 1844-1926.

391 2185 306 70 Swinging
719 2187 96 53 the
841 2205 191 35 censer;
1088 2186 430 54 reminiscences
1544 2185 65 54 of
1633 2187 96 53 old
1759 2185 180 56 Santa
1962 2186 280 66 Barbara,
2262 2185 76 69 by

317 2263 1959 71 Katherine M. Bell; compiled by Katherine Bell Cheney …
319 2341 182 56 Santa
532 2342 281 69 Barbara,
844 2342 198 70 Calif.,
1074 2346 151 51 1931.

459 2423 1126 51 xx p., 2 l., 3-287 p. front., illus., ports. 20½ᶜᵐ.
389 2481 292 41 Illustrated
711 2481 364 49 lining-papers.

327 2536 51 52 ©
406 2540 122 48 Aug.
556 2539 69 49 28,
652 2539 142 43 1931;
825 2540 67 41 2c.
920 2541 96 39 and
1043 2540 82 40 aff.
1157 2541 127 47 Sept.
1315 2541 83 46 16;
1427 2541 42 39 A
1492 2541 145 40 42361;
1695 2541 271 41 Katherine
1995 2541 107 40 Bell
2132 2541 207 47 Cheney.

397 2597 154 40 South
586 2598 325 47 Manchester,
946 2598 146 40 Conn.
1165 2597 281 49 (31-24458)

324 2664 389 65 Bergerman,
741 2664 212 54 Milton
982 2666 79 55 M.

390 2741 139 52 New
579 2741 161 53 York
788 2743 305 52 annotated
1143 2743 117 52 real
1310 2750 276 64 property
1633 2744 197 63 forms,
1876 2743 35 52 by
1997 2741 213 54 Milton
2256 2741 79 53 M.

319 2819 2020 74 Bergerman … and Morton Both … Albany, N. Y., New York,
320 2898 67 52 N.
423 2898 91 69 Y.,
542 2898 80 55 M.
652 2899 227 54 Bender
906 2901 45 50 &
980 2918 297 52 company,
1306 2900 418 69 incorporated,
1755 2904 151 50 1931.

498 3011 9 16 xxx,
536 2980 116 39 1624
679 2990 42 38 p.
783 2979 58 41 26½ᶜᵐ.

329 3035 51 52 ©
408 3039 128 48 Sept.
563 3040 68 47 14,
656 3039 114 41 1931;
823 3039 68 42 2c.
919 3040 129 48 Sept.
1073 3041 55 40 17;
1184 3040 83 42 aff.
1295 3040 128 49 Sept.
1448 3041 55 40 16;
1556 3042 43 39 A
1622 3041 146 41 42368;
1824 3042 238 41 Matthew
2088 3042 191 40 Bender
2306 3046 36 40 &

397 3108 84 36 co.,
507 3097 90 40 inc.
670 3096 282 48 (31-24478)

325 3162 247 65 Bogart,
603 3164 221 53 Ernest
852 3163 260 66 Ludlow,
1145 3166 173 55 1870-

323 3240 1993 147 The Young plan and other papers, by Ernest Ludlow Bogart …
634 3318 349 67 Claremont,
1018 3320 196 71 Calif.,
1247 3323 254 52 Pomona
1542 3322 230 69 college,
1810 3326 150 49 1931.

397 3399 1763 53 164 p. 25½ ᶜᵐ. (Half-title: Political science monograph series)
331 3453 51 52 ©
410 3459 121 48 Aug.
558 3460 70 45 31,
659 3458 111 41 1931;
829 3459 66 41 2c.
928 3460 128 49 Sept.
1085 3461 26 39 9;
1169 3460 82 40 aff.
1283 3461 128 49 Sept.
1440 3462 57 39 14;
1552 3462 41 39 A
1620 3461 148 41 42297;
1824 3462 214 40 Pomona
2068 3461 193 46 college.

408 3514 283 50 (31-24418)

327 3580 212 66 Booth,
570 3582 229 54 Walter
828 3584 312 66 Sherman,
1174 3586 328 55 1827-1901.

392 3657 122 53 The
544 3656 251 69 justice’s
826 3662 233 51 manual
1092 3661 94 53 for
1214 3663 96 52 the
1341 3667 147 52 state
1520 3662 64 55 of
1615 3662 353 67 Minnesota;
2003 3682 31 33 a
2068 3661 274 68 complete

322 3734 173 67 guide
529 3736 94 52 for
654 3736 233 69 justices
920 3738 64 53 of
1013 3740 96 53 the
1142 3758 169 51 peace
1343 3741 114 54 and
1491 3740 314 54 constables
1837 3742 61 53 in
1931 3738 149 57 their
2115 3737 230 55 various

324 3812 1957 76 duties under the laws of Minnesota. By James D. Shearer …
324 3889 134 52 20th
494 3890 104 69 ed.,
638 3896 151 52 1931.
866 3894 403 72 Minneapolis,
1307 3896 203 73 Minn.,
1545 3896 92 54 W.
1677 3896 56 55 S.
1775 3896 188 53 Booth
2000 3898 46 50 &
2081 3914 117 51 son,
2235 3894 106 54 inc.

403 3970 100 50 [ ᶜ1 931]
