2428 4370
1168 4058 136 49 1468

236 401 185 65 Dean,
453 400 355 66 Alexander,
843 407 172 49 1893-
1228 403 85 55 ed.

302 479 183 54 Seven
521 483 58 48 to
616 483 310 65 seventeen,
962 479 166 69 plays
1165 479 92 53 for
1293 479 190 53 school
1519 478 114 54 and
1671 497 193 50 camp;
1902 485 345 63 twenty-one

230 577 121 34 new
375 559 166 68 plays
564 556 94 55 for
679 557 137 70 boys
840 556 111 55 and
975 555 161 72 girls,
1158 557 226 69 printed
1415 557 93 54 for
1531 558 95 54 the
1651 556 125 57 first
1800 558 155 69 time,
1978 557 267 56 collected

232 636 112 53 and
395 636 188 55 edited
635 637 35 51 by
759 635 328 54 Alexander
1138 636 178 53 Dean.
1403 636 138 53 New
1592 637 179 70 York,
1819 637 112 54 Los
1982 637 265 68 Angeles,

234 713 59 55 S.
325 713 253 68 French;
612 714 256 70 London,
902 713 56 55 S.
994 714 241 70 French,
1268 714 122 69 ltd.,
1426 717 153 50 1931.

302 794 475 49 xiii, 466 p. 21 ᶜᵐ .
241 864 51 53 ©
320 869 117 48 July
462 868 70 44 26,
559 868 142 48 1931;
729 869 66 40 2c.
824 871 96 38 and
947 869 83 39 aff.
1059 870 128 41 Sent,
1216 870 84 47 24;
1328 870 42 39 A
1394 870 174 47 41854;
1602 871 195 40 Samuel
1825 871 203 42 French.

319 925 283 50 (31-25175)

237 1021 283 66 Delayen,
551 1023 245 66 Gaston,
828 1028 172 50 1866-

309 1098 228 68 Cicero;
578 1100 318 53 translated
934 1100 155 53 from
1125 1101 97 53 the
1257 1101 227 53 French
1522 1100 65 53 of
1624 1100 220 55 Gaston
1881 1102 258 70 Delayen
2175 1102 80 69 by

237 1177 226 54 Farrell
499 1176 264 71 Symons,
796 1178 142 53 with
974 1197 75 34 an
1082 1178 397 69 appreciation
1512 1179 76 70 by
1621 1179 83 53 M.
1737 1180 307 69 Raymond
236 1180 1991 129 Poincare

458 1256 1440 70 … New York, E. P. Dutton & co., inc., 1931.
308 1338 1487 51 xvii, 303 p. incl. facsim. front. (port.) plates. 21 ᶜᵐ .
310 1396 266 41 “Crowned
601 1396 63 48 by
691 1397 82 39 the
799 1396 190 41 French
1016 1396 277 49 academy.”

311 1453 163 41 “First
499 1452 231 42 edition.”

243 1521 51 52 ©
324 1526 130 47 Sept.
478 1526 69 47 15,
574 1524 115 41 1931;
744 1523 67 42 2c.
839 1526 96 39 and
962 1524 81 42 aff.
1073 1525 127 48 Sept.
1229 1526 56 39 17;
1340 1524 43 40 A
1406 1525 146 40 41667;
1610 1526 53 41 E.
1691 1526 52 41 P.
1770 1526 191 40 Dutton
1986 1525 37 41 &
2049 1536 83 37 co.,
2159 1526 91 39 inc.

322 1582 282 49 (31-24884)

239 1677 326 66 Dresbach,
597 1677 187 56 Glenn
813 1678 200 66 Ward,
1046 1684 172 50 1889-

313 1755 257 55 Selected
624 1773 211 51 poems,
887 1756 76 69 by
1016 1755 187 56 Glenn
1257 1757 183 54 Ward
1492 1755 313 55 Dresbach.
1879 1757 140 53 New
2074 1755 180 69 York,

236 1833 78 53 H.
340 1833 148 53 Holt
514 1835 114 52 and
654 1852 283 52 company
1010 1837 153 65 [ᶜ1931]

309 1917 490 49 xvi, 260 p. 21½ ᶜᵐ .
311 1974 164 41 “First
503 1973 262 50 printing.”

244 2040 51 55 ©
329 2048 128 47 Sept.
488 2046 42 48 9,
560 2046 113 40 1931;
733 2045 66 41 2c.
831 2047 96 39 and
958 2045 83 41 aff.
1075 2047 128 47 Sept.
1236 2045 58 41 10;
1350 2047 42 38 A
1420 2047 150 40 41548;
1627 2047 170 48 Henry
1828 2047 123 41 Holt
1980 2047 37 41 &
2046 2057 82 38 co.,
2159 2047 93 40 inc.

323 2104 281 49 (31-24885)

241 2198 299 66 Ebersole,
568 2199 156 53 John
754 2198 304 66 Franklin,
1089 2204 172 50 1884-

308 2276 1878 70 Bank management; a case book, by J. Franklin Ebersole …
241 2359 84 49 1st
356 2355 84 53 ed.
516 2357 140 52 New
688 2356 163 53 York
880 2356 111 52 and
1022 2355 260 69 London,
1311 2355 434 56 McGraw-Hill
1773 2356 149 54 book
1952 2374 299 53 company,

237 2432 126 67 inc.,
396 2437 150 50 1931.

308 2515 98 49 xiv,
437 2515 86 41 636
551 2527 43 37 p.
658 2515 130 41 illus.
815 2514 190 50 (plans)
1046 2515 181 48 diagrs.
1286 2516 148 40 23½ᶜᵐ.

243 2583 52 52 ©
324 2588 127 47 Sept.
477 2588 69 48 14,
572 2587 114 41 1931;
741 2586 66 42 2c.
837 2588 114 47 Sept.
992 2588 55 40 18;
1103 2586 82 44 aff.
1215 2588 127 48 Sept.
1370 2589 58 39 17;
1481 2588 41 39 A
1546 2588 145 40 41693;
1749 2587 352 41 McGraw-Hill
2129 2588 124 40 book

311 2654 82 39 co.,
427 2645 91 40 inc.
590 2644 280 49 (31-24925)

240 2738 189 67 Eddy,
462 2740 228 65 George
720 2741 338 65 Sherwood,
1089 2743 172 53 1871-

304 2817 122 55 The
451 2818 292 70 challenge
770 2818 62 54 of
860 2819 94 54 the
982 2819 159 69 East,
1167 2820 74 69 by
1267 2818 309 55 Sherwood
1603 2817 174 71 Eddy;
1834 2817 136 56 Asia
2004 2819 61 54 in

233 2835 1992 130 revolution—India,
744 2896 205 71 China,
1009 2898 211 70 Japan,
1282 2898 208 69 Korea,
1553 2896 384 70 Philippines,
1998 2896 250 70 Turkey,

234 2974 2010 72 Palestine. New York, Farrar & Rinehart, incorporated [ ᶜ1 931 ]
376 3055 406 49 xx, 265 p. 21½ ᶜᵐ .
244 3110 51 52 ©
334 3116 126 47 Sept.
496 3116 68 47 16,
600 3117 16 38 4
628 3116 83 41 931;
776 3116 69 42 2c.
881 3116 91 48 Sept.
1048 3117 82 47 18;
1168 3116 81 40 aff.
1290 3117 127 48 Sept.
1453 3117 82 47 17;
1572 3116 41 40 A
1646 3116 173 45 42544;
1860 3117 43 40 S.
1942 3118 153 47 Eddy.
2131 3118 119 39 New

311 3173 145 40 York.
527 3173 282 51 (31-24858)

240 3268 183 63 Edey,
452 3267 258 55 Birdsall
738 3269 151 57 Otis.

303 3344 207 53 Butter
545 3365 219 51 money,
800 3348 75 68 by
912 3347 254 56 Birdsall
1207 3348 129 57 Otis
1373 3349 179 70 Edey.
1626 3347 300 68 Portland,
1961 3346 130 69 Me.,
2126 3345 123 53 The

230 3420 231 55 Mosher
493 3442 173 50 press,
700 3428 150 50 1931.

303 3502 642 52 viii, [1], 58, [1] p. 19 ᶜᵐ .
303 3560 185 40 Poems.

242 3614 51 53 ©
327 3620 128 49 Sept.
485 3620 41 48 9,
557 3622 113 40 1931;
731 3622 66 41 2c.
833 3623 128 48 Sept.
993 3624 55 39 14;
1109 3623 81 42 aff.
1225 3625 129 48 Sept.
1385 3624 56 39 12;
1501 3625 42 39 A
1572 3624 149 41 41606;
1780 3625 52 38 B.
1867 3624 54 40 O.
1952 3624 147 47 Edey,
2131 3623 117 39 New

309 3678 143 39 York.
525 3678 280 49 (31-25185)

237 3770 299 67 Endicott,
568 3775 280 64 Stephen,
879 3778 197 67 pseud.

303 3846 208 71 Mayor
537 3852 275 69 Harding
840 3853 65 53 of
932 3855 139 53 New
1099 3853 181 66 York,
1309 3874 31 34 a
1369 3856 167 53 novel
1562 3856 76 68 by
1668 3855 255 70 Stephen
1952 3853 291 54 Endicott.

232 3924 140 56 New
402 3928 180 72 York,
609 3931 122 53 The
756 3932 274 54 Mohawk
1058 3951 176 51 press,
1265 3938 150 49 1931.
