2505 4370
1288 4074 103 52 132

395 501 29 40 6
490 533 8 7 v.
559 500 163 40 fronts.
766 499 65 48 (v.
868 500 110 49 1-6)
1022 500 144 48 illus.,
1201 501 173 46 plates,
1411 501 164 48 ports.,
1614 499 194 49 diagrs.,
1844 499 171 41 forms.
2074 498 58 40 22½ᶜᵐ.

392 571 267 41 Published
691 568 116 43 1925
840 572 154 39 under
1030 571 109 40 title:
1203 569 237 42 Business
1475 569 186 48 library
1694 569 82 41 for
1809 569 224 42 business
2067 581 124 31 men.

675 626 1663 49 CONTENTS. — I. The executive business administration, by A. H.
323 686 209 41 Church.
548 708 60 5 —
667 716 11 10 II.
723 685 236 40 Business
1001 684 285 48 economics,
1329 685 61 47 by
1432 685 62 40 H.
1536 685 53 40 T.
1633 684 229 49 Collings.
1924 684 311 47 Production,
2279 685 59 46 by

322 743 53 41 B.
407 743 63 40 H.
502 742 133 41 Fish.
698 741 115 42 Cost
845 742 304 47 accounting,
1184 743 59 47 by
1278 743 42 39 J.
1355 741 51 42 L.
1438 740 279 43 Nicholson.
1779 743 277 45 Personnel,
2089 742 62 47 by
2184 742 73 40 W.
2288 741 53 41 L.

322 799 378 41 Fletcher.—III.
730 800 194 39 Income
954 801 100 46 tax,
1084 800 61 47 by
1176 800 43 40 J.
1249 800 45 40 J.
1323 800 248 46 Herndon,
1600 800 61 47 jr.
1727 799 363 48 Corporations,
2119 800 61 46 by
2210 799 56 40 R.
2295 825 44 13 .J.

322 858 226 39 Bennett.
610 855 317 49 Accounting,
970 856 62 49 by
1073 857 57 39 N.
1173 856 61 41 H.
1279 857 333 48 Prouty.—IV.
1657 856 240 48 Banking,
1940 857 58 47 by
2044 856 52 40 F.
2139 856 200 41 Parker.

322 912 216 43 Finance
573 914 97 40 and
705 913 336 48 investments,
1078 914 61 47 by
1174 913 52 40 L.
1264 915 51 39 P.
1354 913 241 48 Stradley.
1661 913 208 49 Foreign
1906 914 154 47 trade,
2097 914 61 47 by
2194 914 54 39 B.
2287 912 53 42 O.

322 970 308 48 Hough.—V.
665 970 331 49 Advertising,
1031 971 61 47 by
1129 970 49 41 C.
1214 970 202 40 Ellison.
1481 970 381 48 Salesmanship,
1898 972 61 47 by
1998 971 55 40 R.
2088 970 51 42 L.
2174 970 166 41 Wood.

323 1027 552 49 Credits—collections,
908 1028 61 47 by
1002 1028 45 41 S.
1081 1028 56 40 R.
1169 1027 133 41 Hall.
1365 1027 436 49 Correspondence,
1835 1028 60 48 by
1928 1029 51 39 P.
2015 1028 44 41 S.
2142 1027 201 41 Keiser.—

383 1116 11 10 VI.
438 1084 427 49 Transportation,
910 1086 61 46 by
1014 1084 53 41 A.
1115 1084 188 42 Colton.
1366 1085 282 48 Insurance,
1692 1086 60 47 by
1797 1085 53 41 G.
1896 1086 55 39 R.
1997 1086 161 39 Dette.
2220 1085 118 40 Real

321 1145 172 46 estate,
524 1144 61 46 by
616 1144 72 40 W.
720 1142 49 42 C.
802 1142 194 42 Harris.

329 1208 52 53 ©
415 1214 119 47 July
567 1214 38 47 1,
640 1212 142 49 1930;
817 1213 68 41 2c.
920 1213 118 40 each
1073 1214 110 39 Jan.
1218 1212 69 48 30,
1324 1211 141 49 1931;
1503 1212 109 41 affs.
1648 1213 111 41 Jan.
1793 1212 83 49 28;
1915 1213 41 39 A
1990 1210 351 49 33444-33449;

399 1271 131 40 John
561 1271 48 42 C.
639 1271 227 40 Winston
896 1281 67 30 co.
1028 1266 69 54 [©
1128 1270 241 41 revisions
1400 1271 97 39 and
1526 1268 265 52 additions]

408 1328 254 50 (31-3255)

325 1422 316 67 Eidmann,
672 1424 202 53 Frank
902 1422 212 68 Lewis,
1147 1426 172 53 1887-

391 1499 308 54 Economic
754 1501 217 53 control
1025 1500 64 53 of
1140 1500 372 70 engineering
1563 1499 112 54 and
1729 1499 490 69 manufacturing,
2271 1499 75 69 by

320 1577 2002 135 Frank L. Eidmann … 1st ed. New York and London, McGraw-Hill
686 1656 149 53 book
869 1674 296 52 company,
1201 1656 127 70 inc.,
1364 1659 151 50 1931.

391 1740 1137 52 xi, 402 p. illus., diagrs. 23½ ᶜᵐ. $4.00
392 1812 351 49 Bibliography
774 1815 51 40 at
855 1815 92 39 end
976 1814 52 39 of
1055 1813 229 49 chapters
1312 1824 88 29 one
1430 1816 94 39 and
1555 1816 108 39 two.

330 1881 52 53 ©
408 1887 111 40 Jan.
544 1885 69 49 21,
639 1884 110 42 1931;
808 1885 67 41 2c.
902 1886 110 40 Jan.
1036 1884 84 48 26;
1148 1884 81 41 aff.
1257 1886 110 39 Jan.
1393 1883 57 41 29;
1497 1885 41 39 A
1555 1883 147 42 34049;
1750 1885 355 41 McGraw-Hill
2122 1885 125 41 book
2264 1896 82 38 co.,

397 1943 93 41 inc.
562 1942 252 50 (31-3708)

327 2038 207 66 Engel,
574 2039 155 66 Carl,
771 2044 170 49 1883-

393 2116 279 55 Discords
711 2117 276 69 mingled,
1028 2117 36 53 by
1147 2117 139 55 Carl
1327 2118 215 68 Engel;
1589 2135 189 51 essays
1819 2135 71 35 on
1931 2118 196 54 music.
2204 2119 139 54 New

325 2194 181 67 York,
537 2196 71 52 A.
641 2196 72 54 A.
746 2194 226 70 Knopf,
1009 2199 150 50 1931.

396 2276 1229 51 6 p. l ., [3]-232, xi p., 1 l. plates, facsim. 21½ ᶜᵐ.
399 2347 130 42 “The
558 2357 182 39 essays,
771 2349 224 46 lectures,
1027 2349 97 39 and
1153 2347 218 49 reviews,
1402 2349 248 48 reprinted
1681 2349 116 40 here
1823 2349 120 40 with
1974 2360 131 30 some
2134 2351 210 47 changes

327 2405 2018 50 and many … corrections, first appeared in the ‘Musical quarterly’, the
329 2461 234 42 ‘Atlantic
602 2462 252 49 monthly’,
894 2464 96 38 and
1031 2464 81 38 the
1155 2463 199 39 ‘Boston
1395 2463 206 48 evening
1640 2464 477 48 transcript’.”—4th
2156 2465 186 48 prelim,

325 2519 116 41 leaf.

333 2587 52 53 ©
426 2592 110 40 Jan.
573 2592 70 43 23,
682 2590 114 42 1931;
863 2591 68 41 2c.
970 2592 111 40 Jan.
1118 2591 83 48 26;
1243 2591 83 42 aff.
1366 2592 110 41 Jan.
1513 2591 85 48 24;
1639 2592 43 40 A
1717 2592 174 49 34002;
1934 2593 48 41 C.
2023 2594 166 48 Engel,
2230 2593 118 41 New

400 2650 146 40 York.
622 2649 252 49 (31-3142)

328 2745 257 55 Florida.
659 2747 181 53 Hotel
870 2747 376 53 commission.

396 2823 260 69 Florida,
690 2823 215 69 empire
942 2821 65 55 of
1039 2824 94 53 the
1169 2841 134 51 sun;
1343 2842 31 35 a
1410 2822 352 71 description
1797 2823 66 55 of
1895 2825 97 54 the
2023 2825 188 71 living
327 2827 1990 144 advantages

642 2902 65 53 of
744 2903 241 54 Florida
1026 2902 177 67 cities,
1240 2903 99 52 the
1377 2902 306 70 pleasures,
1724 2903 344 56 recreations
2108 2906 112 52 and
327 2924 1994 110 resort

488 2980 274 54 facilities
799 2999 128 35 now
967 2980 282 53 available
1288 2986 58 47 to
1386 2980 232 54 visitors
1658 2982 112 51 and
1811 2982 358 69 prospective
326 2984 1990 128 residents.

584 3058 383 70 Tallahassee,
991 3059 144 66 Fla.,
1162 3058 237 53 Florida
1431 3063 144 50 state
1603 3060 153 52 hotel
1784 3060 380 71 commission,
2192 3066 150 49 1930.

398 3139 572 51 159, [1] p. illus. 23 ᶜᵐ.
402 3197 155 41 “Text
596 3199 62 46 by
696 3197 171 41 Carita
909 3198 212 48 Doggett
1162 3197 148 41 Corse
1350 3197 237 48 compiled
1628 3199 93 38 and
1764 3198 163 41 edited
1968 3200 26 37 by
2069 3201 179 39 Bernal
2290 3202 53 39 E.

329 3253 193 43 Clark.”

403 3310 294 43 “Published
739 3322 54 30 as
835 3312 191 40 volume
1062 3310 71 49 40,
1174 3313 205 39 number
1415 3312 40 47 4,
1497 3312 82 40 the
1618 3313 253 47 quarterly
1912 3314 217 39 Bulletin
2171 3314 51 41 of
2264 3316 79 39 the

332 3368 232 51 [Florida]
600 3370 324 47 Department
958 3369 52 40 of
1045 3368 300 48 agriculture
1379 3368 79 41 for
1496 3368 219 42 October.
1751 3369 158 41 1930.”

336 3436 51 52 ©
425 3441 113 40 Dec.
574 3441 39 47 1,
650 3440 114 41 1930;
829 3439 68 42 2c.
934 3440 96 39 and
1066 3439 83 42 aff.
1186 3440 111 39 Jan.
1335 3440 38 47 7,
1411 3437 114 42 1931;
1593 3439 41 39 A
1669 3439 145 41 33025;
1881 3440 209 50 Loomis,
2129 3443 146 40 Bevis
2311 3444 37 39 &

407 3498 132 47 Hall,
570 3498 105 43 inc.,
707 3498 344 48 Jacksonville,
1083 3497 104 40 Fla.
1259 3494 252 52 (31-3609)

332 3593 300 66 Frankau,
661 3593 259 55 Pamela.

397 3667 1945 73 She and I [by] Pamela Frankau … Garden City, N. Y.,
325 3746 357 71 Doubleday,
712 3747 198 53 Doran
940 3749 46 50 &
1015 3764 297 52 company,
1344 3746 126 69 inc.,
1505 3750 149 51 1931.

395 3830 552 50 3 p. l. , 3-312 p. 20 ᶜᵐ.
400 3888 163 41 “First
597 3888 226 42 edition.”

336 3956 51 53 ©
418 3961 109 40 Jan.
558 3960 68 49 30,
658 3960 112 42 1931;
831 3960 67 45 2c.
928 3961 96 41 and
1053 3960 81 42 aff.
1166 3960 112 41 Feb.
1310 3960 27 37 5;
1395 3959 38 40 A
1463 3958 171 49 34172;
1667 3960 300 51 Doubleday,
2000 3961 168 43 Doran
2199 3963 36 41 &
2265 3973 81 35 co.,

402 4018 92 42 inc.
565 4019 253 49 (31-3403)
