2505 4370
0 0 0 0 794
374 447 141 48 Maps
546 458 60 29 on
635 445 368 50 lining-papers.

311 500 52 52 ©
394 505 118 47 May
540 503 69 48 12,
641 504 113 40 1931;
816 503 65 41 2c.
916 506 96 39 and
1043 505 82 41 aff.
1158 506 115 48 May
1303 505 56 41 23;
1422 507 41 38 A
1492 507 145 40 37453;
1700 507 170 48 Henry
1902 507 122 40 Holt
2055 507 37 41 &
2123 518 82 37 co.,
2237 508 91 41 inc.

389 561 284 51 (31-13703)

305 627 329 65 Mahrholz,
664 629 267 64 Werner,
964 634 330 51 1889-1930.

434 704 1893 73 … Deutsche literatur der gegenwart; problème —ergebnisse—
298 783 295 68 gestalten.
657 783 441 69 Durchgesehen
1126 785 119 52 und
1274 785 285 54 erweitert
1584 805 110 34 von
1720 786 139 54 Max
1885 774 233 66 Wieset.
299 787 2000 142 Berlin,

442 860 633 71 Sieben-stäbe-verlag,
1119 866 151 51 1930.

373 941 582 50 528 p. ports. 19 ½ᶜᵐ .
375 1000 172 41 “1.-30.
584 999 254 42 tausend.”

373 1057 139 42 First
535 1057 186 41 edition
745 1057 258 49 published
1030 1059 155 39 under
1210 1057 112 41 title:
1380 1058 247 41 Deutsche
1655 1058 239 50 dichtung
1920 1062 86 39 der
2031 1064 294 45 gegenwart.

300 1113 132 46 1926.

311 1171 2001 110 © Dec. 10, 1930; 1c. Feb. 26, 1931; A —Foreign 11570; Sieben-stäbeverlags-und druckereigesellschaft m. b. h. (31-12995)
302 1298 249 66 Maltby,
582 1301 139 52 Mrs.
752 1299 261 53 Frances
1051 1296 298 67 (Goggin)

377 1377 125 54 The
554 1376 211 69 dimity
815 1376 366 67 sweetheart;
1239 1374 68 57 O.
1361 1375 253 69 Henry’s
1666 1394 128 35 own
1847 1376 127 54 love
2026 1382 178 64 story,
2255 1376 77 70 by

308 1457 250 52 Frances
599 1454 235 70 Goggin
873 1454 245 69 Maltby.
1195 1454 255 54 Limited
1493 1455 83 52 ed.
1653 1454 346 69 Richmond,
2040 1456 128 67 Va.,
2210 1454 121 53 The

307 1535 170 53 Dietz
509 1533 269 70 printing
808 1551 100 51 co.,
942 1535 151 51 1930.

379 1615 1331 51 5 p. l., 7-84 p., 1 l. front., plates, ports. 24½ᶜᵐ.
380 1675 94 42 “Of
505 1674 99 42 this
637 1674 184 41 edition
852 1673 85 42 855
970 1674 160 49 copies
1163 1674 129 41 have
1321 1674 118 41 been
1472 1672 240 51 printed.”
1773 1673 122 42 This
1927 1684 121 39 copy
2079 1676 87 40 not
307 1683 2007 93 numbered.

311 1788 52 52 ©
393 1791 103 40 Oct.
523 1790 70 48 25,
620 1789 116 41 1930;
791 1789 68 42 2c.
888 1790 115 47 May
1030 1789 68 47 19,
1128 1789 113 40 1931;
1302 1788 83 42 aff.
1414 1789 116 48 May
1556 1788 55 40 22;
1669 1789 42 40 A
1738 1789 148 41 38378;
1942 1789 144 41 Dietz
2114 1789 218 49 printing

379 1859 69 30 co.
520 1848 283 48 (31-13816)

309 1901 229 69 [Miller,
570 1901 230 64 George
829 1898 339 70 Frederick]
1206 1903 173 52 1880-

375 1982 227 51 Letters
644 1981 154 52 from
838 1997 31 34 a
910 1978 367 55 hard-boiled
1316 1978 228 54 teacher
1583 1983 59 51 to
1683 1978 91 54 his
1811 1978 342 54 half-baked
2195 1997 129 49 son;

305 2055 2023 69 some letters written by William H. Patterson [pseud.] … after
306 2135 270 70 teaching
608 2135 161 68 forty
800 2153 182 51 years,
1016 2140 59 47 to
1106 2135 91 52 his
1229 2152 260 51 younger
1521 2153 118 49 son,
1672 2136 159 53 John
1863 2135 203 68 Henry
304 2137 2000 145 Patterson,
451 2234 31 33 a

511 2210 1817 72 tenderfoot teacher … Washington, D. C., The Daylion
306 2309 300 52 company,
637 2295 150 50 1931.

376 2374 26 40 1
434 2386 44 37 p.
508 2374 31 40 l.
586 2372 49 50 ii,
666 2373 87 41 348
784 2386 44 37 p.
888 2373 148 42 18½ᶜᵐ.

313 2428 52 52 ©
398 2432 115 48 Apr.
543 2431 70 48 25,
646 2430 143 48 1931;
822 2431 68 40 2c.
925 2432 97 38 and
1054 2430 82 41 aff.
1172 2432 114 47 May
1319 2431 81 47 11;
1437 2431 41 39 A
1509 2430 174 48 38088;
1720 2430 54 42 G.
1809 2431 52 41 F.
1896 2431 176 48 Miller,
2108 2430 223 49 Billings,

382 2490 151 39 Mont.
605 2488 283 49 (31-13841)

307 2542 235 65 Morris,
572 2542 224 53 Robert
825 2541 221 65 Tuttle,
1077 2542 174 54 1857-

377 2620 123 54 Nut
542 2619 281 71 growing,
866 2620 76 70 by
985 2620 217 53 Robert
1247 2622 66 50 T.
1358 2619 243 69 Morris;
1648 2619 238 54 revised.
1963 2621 140 52 New
2148 2621 181 68 York,

307 2698 121 52 The
458 2698 338 53 Macmillan
826 2716 300 50 company,
1160 2701 151 49 1931.

377 2777 1161 51 vii p., 2 l., 3-236 p. front., plates. 19½ᶜᵐ.
381 2837 231 41 Lettered
639 2847 61 31 on
728 2848 142 31 cover:
931 2837 185 42 Second
1144 2836 193 41 revised
1363 2835 199 43 edition.

314 2891 52 52 ©
398 2896 115 47 May
541 2895 69 48 19,
642 2894 141 48 1931;
816 2895 66 42 2c.
914 2897 95 39 and
1041 2895 82 41 aff.
1155 2897 115 46 May
1301 2895 82 48 20;
1417 2896 41 39 A
1487 2895 145 41 38273;
1695 2895 282 40 Macmillan
2012 2906 66 30 co.

393 2952 282 49 (13-13834)

308 3007 286 52 National
621 3007 226 53 bureau
879 3007 64 52 of
972 3005 298 55 economic
1298 3005 299 64 research,
1627 3005 111 54 inc.

379 3086 426 53 International
833 3085 359 70 migrations,
1270 3105 51 32 v.
1348 3088 48 49 2.
1473 3085 486 68 Interpretations
1984 3086 76 69 by
2089 3106 31 33 a
2147 3102 185 53 group

311 3164 64 52 of
420 3165 252 53 scholars
714 3165 59 53 in
820 3163 270 55 different
1132 3164 300 53 countries.
1511 3163 215 54 Edited
1772 3182 71 35 on
1885 3164 204 54 behalf
2131 3164 65 53 of
2238 3165 96 51 the

310 3243 277 52 National
612 3244 215 52 bureau
855 3243 64 53 of
946 3242 285 54 economic
1259 3243 277 67 research,
1564 3244 126 67 inc.,
1717 3244 76 68 by
1819 3242 225 54 Walter
2070 3242 66 51 F.
311 3241 1996 133 Willcox.

507 3321 140 52 New
685 3320 181 69 York,
904 3320 276 53 National
1216 3321 215 52 bureau
1471 3321 64 52 of
1572 3320 286 53 economic
1893 3321 279 68 research,
2206 3320 128 68 inc.,

312 3403 152 50 1931.

384 3481 86 40 715
502 3492 44 37 p.
608 3490 150 38 maps,
794 3480 169 48 tables,
999 3480 180 45 diagrs.
1240 3478 146 41 23½ᶜᵐ.
1482 3480 279 49 (Half-title:
1795 3479 336 42 Publications
2167 3480 52 40 of
2253 3479 80 40 the

314 3536 1664 49 National bureau of economic research, incorporated, no. 18)
317 3590 51 53 ©
402 3595 128 40 June
563 3594 69 47 10,
667 3593 142 47 1931;
845 3594 67 41 2c.
947 3595 96 39 and
1078 3594 82 41 aff.
1196 3595 128 39 June
1357 3594 83 46 20;
1475 3596 41 38 A
1550 3593 172 47 39020;
1759 3595 132 40 Natl,
1927 3595 184 39 bureau
2148 3594 52 40 of
386 3604 1928 88 economic
579 3652 239 47 research,
852 3651 91 41 inc.

311 3705 285 54 National
626 3705 320 54 industrial
977 3705 350 54 conference
1358 3703 203 56 board.

379 3781 393 69 Preliminary
797 3782 174 69 study
998 3780 66 55 of
1088 3780 189 69 major
1305 3780 185 54 forces
1519 3781 60 52 in
1607 3781 182 53 world
1817 3781 257 54 business
308 3781 1997 129 depression.

526 3858 139 53 New
706 3859 181 68 York,
925 3859 276 53 National
1241 3858 311 53 industrial
1591 3857 334 55 conference
1964 3859 200 68 board,
2202 3859 127 57 inc.,

313 3935 150 52 1931.
