2505 4370
1050 4005 101 51 225

101 380 333 64 Abingdon,
462 380 353 64 Alexander,
845 399 179 50 comp.

168 468 240 66 Boners;
451 468 169 68 being
656 487 28 33 a
724 467 291 53 collection
1054 467 63 53 of
1153 467 301 67 schoolboy
1490 468 254 67 wisdom,

1782 485 62 34 or
98 466 1969 148 knowledge
266 564 60 35 as
355 545 45 54 it
431 545 47 53 is
506 545 313 54 sometimes
852 544 243 68 written,
1128 545 278 68 compiled
1439 544 151 53 from
1622 545 328 54 classrooms
1983 544 107 53 and

97 622 381 53 examination
519 640 204 51 papers
765 623 74 70 by
883 622 325 53 Alexander
1250 622 326 69 Abingdon,
1621 623 109 52 and
1776 623 313 53 illustrated

99 700 70 71 by
198 700 99 54 Dr.
328 700 181 54 Seuss.
576 701 135 53 New
742 700 177 66 York,
947 701 121 53 The
1096 700 220 68 Viking
1343 718 172 51 press,
1547 704 149 49 1931.

166 780 907 52 3 p. l., v-viii, 101 p. illus. 16 ᶜᵐ .
105 851 51 52 ©
191 856 109 39 Feb.
334 856 38 45 7,
407 854 139 47 1931;
582 854 66 41 2c.
684 855 111 40 Feb.
828 855 82 46 13;
947 854 81 39 aff.
1064 855 111 40 Feb.
1209 855 83 46 14;
1328 855 42 39 A
1402 854 171 49 34362;
1611 856 179 48 Viking
1823 866 147 37 press,
2008 855 90 40 inc.

185 910 250 50 (31-5541)

103 1022 297 63 Academy
429 1022 64 51 of
520 1020 257 64 political
804 1020 245 64 science,
1076 1023 138 52 New
1245 1023 178 52 York.

234 1110 1862 70 … The Young plan in operation; a series of addresses and
104 1209 205 50 papers
349 1190 298 68 presented
688 1196 58 46 at
786 1190 94 51 the
921 1190 212 51 annual
1173 1190 250 69 meeting
1463 1188 65 54 of
1568 1191 94 52 the
1702 1189 295 69 Academy
2037 1191 62 52 of

104 1268 257 68 political
387 1268 231 66 science,
644 1266 317 54 November
992 1270 81 64 14,
1103 1270 153 64 1930,
1284 1267 188 53 edited
1501 1266 75 70 by
1603 1266 222 55 Parker
1851 1268 248 53 Thomas

101 1347 190 52 Moon.
372 1345 157 67 [New
557 1344 179 67 York]
769 1346 119 51 The
916 1344 293 69 Academy
1235 1344 66 54 of
1327 1344 259 69 political
1613 1344 231 69 science,
99 1344 1977 133 Columbia

225 1422 337 70 university,
596 1425 151 51 1931.

168 1504 1921 49 xii, 118 p. 22 ᶜᵐ . (Its Proceedings … vol. xiv, no. 2, January, 1931)
450 1575 1646 48 CONTENTS. — Preface. — Liquidating the war.—America’s interest in
99 1634 81 40 the
215 1633 710 42 settlement.—International
964 1633 366 41 collaboration.

105 1700 51 53 ©
184 1705 108 41 Jan.
319 1704 39 49 9,
387 1702 140 48 1931;
556 1705 66 39 2c.
652 1704 109 41 Jan.
788 1703 81 47 15;
900 1703 81 41 aff.
1011 1703 110 41 Feb.
1150 1703 81 47 14;
1263 1703 41 40 A
1330 1703 170 47 34358;
1532 1703 242 50 Academy
1803 1704 52 41 of
1882 1704 215 49 political

171 1762 198 41 science.
441 1761 250 48 (31-5200)

99 1856 265 64 Adamic,
392 1856 198 64 Louis,
622 1861 170 49 1899-

166 1946 329 69 Dynamite,
527 1946 97 52 the
657 1952 158 63 story
846 1945 64 53 of
942 1946 142 52 class
1118 1945 249 53 violence
1403 1945 57 53 in
1496 1946 285 70 America,
1813 1946 75 69 by
1922 1946 172 54 Louis

99 2023 258 54 Adamic.
432 2025 140 52 New
610 2023 178 68 York,
826 2024 120 52 The
984 2023 222 69 Viking
1243 2042 174 50 press,
1456 2027 148 49 1931.

201 2104 1062 49 x p., 2 l., 3-452 p. plates, ports. 21½ ᶜᵐ .
170 2177 289 40 Illustrated
489 2175 364 49 lining-papers.

169 2233 349 48 Bibliography:
577 2243 44 37 p.
651 2232 217 40 439-443.

105 2300 1996 53 © Feb. 24, 1931; 2c. Mar. 2; aff. Feb. 27; A 34572; L. Adamic, New
173 2361 144 41 York.
388 2359 250 50 (31-5359)

99 2456 243 64 Adams,
371 2455 208 53 Edwin
606 2454 252 65 Wesley.

163 2545 56 52 A
251 2544 336 69 qualitative
621 2544 247 69 analysis
898 2544 64 52 of
994 2544 214 54 certain
1238 2545 267 68 teaching
1537 2545 193 67 traits;
1766 2565 31 34 a
1832 2546 170 72 study
2036 2551 63 48 of

95 2623 93 55 the
216 2623 253 68 problem
498 2622 63 52 of
590 2621 325 69 measuring
942 2622 95 52 the
1067 2621 276 70 efficiency
1373 2622 64 52 of
1466 2623 227 52 student
1723 2623 251 55 teachers

97 2643 1977 127 engaged in practice teaching … [by] Edwin W. Adams.
95 2699 1978 148 Philadelphia, Pa., [ ᶜ193 0]
166 2857 881 52 3 p. l. , [5]-98 p. diagrs. 23½ᶜᵐ.
167 2929 173 41 Thesis
376 2929 94 48 (ED.
530 2928 301 48 D.)—Temple
856 2927 285 48 university,
1170 2927 130 41 1928.

170 2986 72 41 On
273 2996 140 31 cover:
472 2986 196 47 Temple
698 2984 285 47 university.

170 3043 349 48 Bibliography:
575 3052 43 37 p.
644 3040 158 42 95-98.

107 3114 51 52 ©
199 3118 111 41 Feb.
350 3116 40 49 9,
431 3116 113 40 1931;
612 3115 66 40 2c.
722 3114 110 39 Feb.
872 3113 60 38 20;
998 3112 82 40 aff.
1122 3112 111 40 Feb.
1276 3111 55 40 19;
1400 3111 42 40 A
1481 3112 146 41 34445;
1696 3114 53 39 E.
1790 3114 72 40 W.
1903 3113 196 51 Adams,

176 3175 355 46 Germantown,
565 3174 83 38 Pa.
718 3171 225 47 (31-5507
959 3177 9 38 )

103 3271 186 62 Allen,
321 3268 334 55 Chalinder.

169 3356 445 55 Fundamentals
653 3356 59 52 in
752 3355 96 54 the
888 3354 156 53 stock
1084 3352 238 69 market,
1475 3352 311 56 Chalinder
1825 3355 168 52 Allen;
2067 3377 31 33 a

101 3435 351 70 monograph
486 3433 169 54 based
686 3451 71 33 on
788 3431 89 55 his
910 3432 200 68 theory
1142 3430 63 52 of
1236 3429 95 55 the
1363 3429 217 54 revised
1613 3432 220 53 normal
1866 3432 231 68 applied

102 3518 56 49 to
188 3514 95 51 the
314 3511 148 54 ratio
494 3511 59 52 in
586 3507 478 70 demand-supply
1098 3507 62 52 of
1192 3506 274 69 non-gold
1501 3508 287 55 securities
1823 3508 112 54 and

102 3528 1971 131 concerning
373 3590 97 53 the
512 3586 370 55 formulation
925 3586 111 53 and
1078 3603 95 34 use
1215 3584 63 52 of
1319 3605 32 34 a
1391 3584 397 54 fundamental
1830 3585 168 55 index
2040 3594 59 48 to

101 3666 387 71 approaching
518 3664 185 69 major
733 3663 218 54 market
983 3660 455 69 readjustments.
1532 3661 137 55 [New
1704 3662 177 69 York,
1912 3664 75 52 H.
2024 3665 73 51 K.

103 3745 629 66 Brewer & co., ᶜ193 1]
169 3818 1094 56 2 p. l. , ii-xiv, 62 p., 1 l., diagrs. 15½ᶜᵐ.
111 3896 51 51 ©
199 3900 111 40 Feb.
347 3899 38 46 5,
424 3896 113 41 1931;
602 3895 68 41 2c.
708 3895 94 39 and
841 3892 82 41 aff.
960 3893 110 39 Feb.
1108 3890 56 41 20;
1231 3891 42 39 A
1309 3890 142 40 33863;
1522 3890 48 41 C.
1610 3891 153 49 Allen,
1803 3892 297 46 Greenwich,

178 3956 146 42 Conn.
394 3951 249 53 (31-5583)
