2428 4370
1218 4060 143 57 2070

303 498 51 52 ©
382 504 113 39 Dec.
521 503 24 39 1,
587 501 113 42 1931;
755 502 68 42 2c.
849 504 95 39 and
971 503 83 40 aff.
1081 503 111 41 Dec.
1220 503 25 40 5;
1301 503 41 39 A
1366 504 150 41 45308;
1569 504 52 41 P.
1648 503 52 40 V.
1731 502 160 48 Shaw,
1918 503 118 40 New
2061 503 147 43 York.

379 557 283 52 (31-35535)

296 652 184 67 Sinai,
509 654 267 65 Nathan,
808 660 174 51 1894-

426 732 1886 71 … A survey of the medical facilities of San Joaquin county,
294 810 342 71 California,
667 814 154 67 1929,
846 811 76 68 by
950 810 233 56 Nathan
1214 812 182 70 Sinai,
1464 855 10 9 D.
1542 855 10 9 P.
1635 854 9 9 H.
1710 810 321 56 Statistical
2063 812 247 68 analysis

290 888 1995 134 and presentation, by Maurice Leven, PH . D., assisted by Elizabeth
471 966 294 71 Sulloway
810 968 113 53 and
971 968 273 71 Kathryn
1292 968 332 54 Robertson.
1711 967 270 69 Chicago,
2031 967 111 69 Ill.,
2188 969 120 52 The

292 1043 338 72 University
662 1046 64 53 of
756 1045 253 70 Chicago
1039 1064 157 51 press
1233 1049 174 68 [1931]

399 1126 1912 51 x, 214, [5] p. incl. illus. (maps) tables. 23 ᶜᵐ. (Publications of the
292 1183 290 43 Committee
609 1195 61 29 on
696 1184 84 41 the
806 1187 130 38 costs
963 1183 54 42 of
1042 1184 207 41 medical
1276 1195 112 30 care
1406 1195 10 30 :
1446 1196 74 30 no.
1549 1183 81 48 12)

361 1254 132 41 “The
519 1256 167 47 report
711 1266 101 29 was
839 1253 162 43 edited
1030 1256 60 48 by
1118 1256 198 40 Martha
1346 1257 58 40 D.
1430 1255 584 50 Ring.”—Introductory
2042 1256 125 43 note.

297 1324 52 53 ©
379 1330 119 40 Nov.
529 1329 70 50 30,
630 1328 142 49 1931;
803 1328 67 42 2c.
903 1331 96 39 and
1030 1329 82 41 aff.
1145 1331 112 39 Dec.
1289 1327 83 49 12;
1405 1329 42 40 A
1476 1329 174 48 45430;
1684 1329 285 50 University
2002 1330 51 41 of
2086 1330 225 49 Chicago,

368 1386 224 49 Chicago.
666 1386 193 49 (32-12)

289 1481 305 67 Sinclaire,
625 1481 309 67 Marjorie.

359 1561 155 52 Zoan
556 1559 65 54 of
662 1560 158 68 Zion,
860 1560 77 70 by
977 1560 282 69 Marjorie
1303 1559 298 56 Sinclaire.
1680 1561 166 69 Long
1886 1561 210 67 Beach,
2136 1561 65 52 L.
2242 1560 69 67 I.,

289 1637 805 71 Marjorie Sinclaire [ ᶜ1 931]
359 1723 528 49 2 p. l., 7-218 p. 19½ᶜᵐ.
296 1792 52 52 ©
383 1797 112 40 Dec.
530 1796 67 42 16.
632 1795 113 41 1931;
805 1795 67 41 2c.
907 1797 94 39 and
1036 1795 82 42 aff.
1155 1796 111 40 Dec.
1298 1795 55 39 24;
1417 1795 40 40 A
1490 1795 145 40 45622;
1700 1797 62 38 M.
1800 1795 251 42 Sinclaire.
373 1853 225 49 (32-316)

288 1946 217 68 Smith,
535 1949 231 54 Horace
794 1948 243 66 Joseph,
1068 1954 173 50 1892-

358 2025 290 56 Scientific
681 2026 430 55 fundamentals
1143 2027 94 52 for
1268 2027 96 52 the
1396 2027 206 68 beauty
1638 2025 305 70 specialist,
1977 2027 73 69 by
2082 2027 223 52 Horace

284 2104 2019 70 J. Smith … illustrated by the author. 3d ed. (rev.) New
287 2182 1713 71 York, N. Y., H. R. Howell publishing co., inc. [ ᶜ1 931 ]
356 2246 1486 68 xvii, 249 p. illus. 20ᶜᵐ. [The green book series, vol . I]
357 2335 295 41 “Published
681 2334 201 49 serially
912 2335 49 39 in
994 2336 82 40 the
1105 2334 259 42 American
1396 2335 321 49 hairdresser,
1750 2338 128 46 May,
1910 2337 128 46 1922,
2073 2341 46 37 to
2153 2336 148 49 April,

285 2391 159 44 1923.”

294 2464 52 52 ©
379 2468 112 41 Dec.
525 2467 69 44 13,
628 2466 142 47 1931;
802 2466 68 41 2c.
904 2467 95 39 and
1033 2466 83 42 aff.
1151 2466 112 40 Dec.
1296 2467 83 45 12;
1413 2466 40 40 A
1485 2466 173 47 45557;
1694 2466 192 42 Horace
1920 2468 43 40 J.
2001 2467 171 47 Smith,
2210 2469 62 41 San

362 2525 275 41 Francisco.
710 2524 193 48 (32-31)

287 2617 217 68 Smith,
532 2619 156 55 John
717 2618 213 54 Merlin
958 2617 212 66 Powis,
1202 2623 173 51 1866-

361 2699 124 53 The
528 2697 192 70 origin
765 2697 113 54 and
922 2697 224 69 history
1191 2697 66 53 of
1299 2696 249 54 Hebrew
1593 2698 129 68 law,
1766 2697 77 70 by
1885 2699 58 54 J.
1988 2698 81 54 M.
2114 2698 192 54 Powis

292 2776 208 56 Smith.
580 2777 272 70 Chicago,
882 2776 115 68 Ill.,
1027 2776 125 53 The
1181 2776 341 69 University
1552 2776 65 53 of
1647 2775 255 71 Chicago
1934 2796 157 50 press
2130 2779 152 65 [1931]

361 2862 64 48 ix,
455 2861 87 42 285
573 2872 42 38 p.
676 2860 57 41 20ᶜᵐ.
868 2860 303 49 (Half-title:
1200 2860 101 41 The
1335 2859 284 50 University
1652 2860 52 41 of
1736 2860 210 49 Chicago
1979 2860 327 49 publications

288 2918 1703 50 in religious education … Handbooks of ethics and religion)
360 2988 1943 52 Appendixes: I Did Moses write the Pentateuch? By J. M. P. Smith,
531 3047 1772 49 II. The code of Hammurabi, tr. by the late Prof. D. D. Luckenbill. III.
288 3107 101 41 The
431 3106 239 48 Assyrian
713 3107 129 44 code,
887 3108 60 38 tr.
991 3106 62 47 by
1097 3106 82 40 the
1223 3105 97 41 late
1364 3105 132 41 Prof.
1544 3105 56 40 D.
1646 3106 57 40 D.
1748 3104 299 41 Luckenbill.
2163 3137 7 7 IV.
2205 3104 101 42 The

288 3163 185 42 Hittite
502 3165 130 47 code,
665 3166 60 40 tr.
757 3164 60 47 by
850 3165 84 40 Dr.
967 3164 185 39 Arnold
1185 3163 239 41 Walther.

291 3232 52 52 ©
372 3236 119 40 Nov.
523 3236 70 48 24,
624 3235 113 41 1931;
797 3235 67 40 2c.
896 3236 95 39 and
1024 3234 81 41 aff.
1138 3235 113 40 Dec.
1283 3235 81 44 12;
1397 3234 41 39 A
1468 3234 174 47 45429;
1680 3233 281 49 University
1994 3234 53 40 of
2079 3233 224 49 Chicago,

360 3293 224 49 Chicago.
657 3292 281 49 (31-35707)

284 3387 217 66 Smith,
530 3388 148 54 Paul
705 3387 257 57 Samuel.

353 3467 56 53 A
454 3485 124 34 new
624 3467 293 67 approach
965 3471 59 48 to
1070 3467 96 51 the
1212 3462 310 57 American
1571 3465 411 67 Constitution,
2027 3465 76 69 by
2150 3464 148 55 Paul

285 3541 1995 73 Samuel Smith … Whittier. Calif., Calart publishing house.
283 3622 122 69 ltd.,
435 3626 149 51 1931.

353 3704 480 49 3 p. l., 166 p. 20½ᶜᵐ.
356 3776 215 41 “Second
603 3776 186 42 edition
829 3776 296 50 (revised).”

358 3833 227 41 Includes
616 3833 394 50 bibliographies.

291 3898 52 53 ©
375 3903 127 48 Sept.
531 3906 70 43 25,
632 3905 141 49 1931;
803 3905 68 42 2c.
901 3908 119 40 Nov.
1050 3908 53 44 4;
1137 3907 81 41 aff.
1252 3908 109 39 Dec.
1393 3907 82 46 21;
1508 3906 38 39 A
1577 3906 144 41 46481;
1783 3906 50 40 P.
1867 3907 45 40 S.
1946 3904 170 42 Smith,
359 3903 1923 102 Whittier,
499 3961 145 43 Calif.
715 3963 223 51 (32-299)
