2575 4398
1131 4056 65 51 33

159 383 264 68 [Agnew,
453 383 139 52 Mrs.
622 379 201 65 Emily
849 379 209 53 Dutilh
1097 377 335 68 (Grugan)]
1471 381 171 51 1881-

219 459 143 54 This
393 459 114 53 and
537 459 145 66 that,
714 476 31 34 a
777 455 259 55 cheerful
1066 455 149 54 book
1246 455 142 52 with
1420 472 105 35 one
1558 452 277 69 footnote,
1866 453 76 70 by
1974 454 68 52 E.
2076 451 91 69 A.,

150 536 382 55 illustrations
562 536 75 69 by
668 534 155 56 Otho
855 534 277 69 Cushing.
1202 534 140 51 New
1374 532 182 68 York,
1587 532 160 52 Priv.
1781 531 198 69 print.,
2014 533 151 51 1930.

221 619 64 46 xi,
317 638 11 30 [
331 618 57 49 l],
418 616 86 41 109
531 627 58 38 p.,
617 616 26 40 1
691 648 8 8 l.
760 616 173 49 plates.
1103 646 8 9 21ᶜᵐ.

222 674 95 41 “Of
353 674 100 41 this
488 673 125 40 book
649 674 96 39 two
784 673 224 40 hundred
1047 672 96 40 and
1183 670 112 47 fifty
1334 670 161 49 copies
1535 680 128 31 were
1702 670 196 48 printed
1937 670 61 48 by
2041 670 125 40 Fred

148 731 314 40 Anthoensen
502 731 53 39 at
594 730 83 40 the
719 728 316 42 Southworth
1075 738 151 37 press,
1268 728 250 41 Portland.
1560 726 210 41 Maine.”

154 783 2016 54 © Dec. 19, 1930; 2c. Dec. 26; aff. Jan. 5, 1931; A 31990; Southworth
221 856 150 39 press,
405 846 252 48 Portland,
691 846 91 40 Me.
855 843 252 51 (31-1730)

156 943 378 64 Armstrong,
565 942 307 64 Anthony,
905 943 195 69 pseud.

280 1015 1883 72 … The trail of the Black King [by] Anthony Armstrong.
150 1095 1424 63 Philadelphia, Macrae Smith company [ ᶜ1 931]
215 1179 371 49 320 p. 19 ½ᶜᵐ .
217 1238 66 41 At
311 1238 124 40 head
465 1237 53 41 of
545 1236 136 43 title:
710 1237 218 41 Another
956 1236 199 41 Jimmie
1182 1235 206 41 Rezaire
1417 1239 148 45 story.

220 1294 164 42 “First
415 1294 225 42 edition.”

155 1348 52 53 ©
239 1353 110 40 Jan.
379 1351 69 50 12,
479 1350 141 49 1931;
653 1351 68 41 2c.
753 1352 111 40 Jan.
895 1351 83 47 15;
1011 1350 83 41 aff.
1126 1351 111 40 Jan.
1269 1351 82 46 14;
1385 1350 41 40 A
1456 1349 173 49 32869;
1665 1351 198 40 Macrae
1897 1350 172 48 Smith,
2102 1362 68 29 co.

233 1408 251 53 (31-1921)

152 1494 148 64 Ash,
332 1494 256 53 Edward
622 1493 173 64 Cecil,
827 1498 174 50 1888-

221 1572 124 53 The
372 1572 279 68 practical
681 1572 115 68 dog
823 1570 177 68 book;
1032 1571 142 52 with
1205 1570 267 69 chapters
1502 1589 73 34 on
1606 1570 95 54 the
1732 1571 294 53 authentic
151 1570 1995 148 history

323 1651 64 54 of
431 1650 78 53 all
552 1650 271 53 varieties
861 1650 256 53 hitherto
1159 1649 409 69 unpublished,
1610 1649 114 53 and
1769 1668 31 34 a
1844 1650 327 68 veterinary

151 1730 171 69 guide
353 1728 113 54 and
497 1729 208 69 dosage
736 1728 233 68 section,
1000 1728 115 53 and
1146 1727 383 54 information
1562 1747 72 34 on
1666 1728 359 71 advertising
2058 1729 110 52 and

152 1827 72 34 on
249 1808 308 68 exporting
581 1812 59 48 to
665 1808 79 52 all
769 1813 162 63 parts
956 1805 65 56 of
1045 1807 98 53 the
1165 1806 200 54 world.
1440 1805 57 54 A
1522 1806 468 69 comprehensive
2014 1807 158 53 work

151 1886 234 70 dealing
414 1886 142 53 with
587 1887 98 52 the
715 1886 239 69 buying,
985 1886 225 69 selling,
1241 1885 295 70 breeding,
1569 1886 280 69 showing,
1881 1904 144 49 care,
2059 1887 113 53 and

152 1962 2018 73 feeding of the dog. By Edward C. Ash … Illustrated with
152 2064 29 33 a
219 2045 264 53 coloured
519 2045 160 68 plate
709 2044 76 70 by
818 2043 228 54 Arthur
1079 2043 258 69 Wardle,
1373 2044 114 54 and
1522 2043 111 55 five
1666 2044 266 54 hundred
151 2045 1995 147 photographs,

413 2123 290 54 woodcuts
730 2123 114 53 and
871 2123 310 69 drawings.
1255 2123 166 54 With
1450 2141 73 35 an
1553 2123 395 54 introduction
1973 2123 76 70 by
2075 2124 100 54 the

151 2202 153 53 Hon.
354 2202 277 53 Florence
674 2201 293 55 Amherst.
1049 2202 262 68 London,
1361 2201 289 70 Simpkin,
1698 2202 302 69 Marshall,
2049 2203 124 68 ltd.,

152 2283 151 51 1930.

221 2363 1086 49 xxxii, 343 p. front., illus., 43 pl. 26ᶜᵐ.
220 2421 129 48 Page
376 2421 85 40 343
489 2422 172 47 pasted
687 2423 51 39 to
766 2431 155 31 cover.

159 2473 52 53 ©
276 2489 38 30 1c.
349 2478 109 40 Jan.
494 2477 41 50 5,
569 2477 141 48 1931;
748 2478 41 39 A
823 2479 59 39 ad
921 2478 86 40 int.
1043 2477 144 41 14653;
1253 2478 144 48 pubd.
1433 2478 119 41 Nov.
1589 2477 69 50 10,
1695 2476 143 50 1930;
1877 2479 55 42 E.
2010 2511 10 10 C.
2054 2478 117 51 Ash,

226 2535 279 50 Billericay,
537 2536 167 49 Essex,
737 2536 238 49 England.
1047 2534 253 52 (31-2149)

152 2617 2022 153 Atlantic reporter digest, covering all cases reported in Atlantic reporter … Compiled and edited by the publisher’s
224 2777 1952 73 editorial staff, v. 5, 6 … St. Paul, Minn., West publishing
225 2877 77 35 co.
386 2861 152 64 [1930]

225 2939 287 41 2 v . 26ᶜᵐ.
498 3020 117 17 CONTENTS.—v.
644 2993 41 43 5.
714 2996 564 48 Bail-Blasphemy.—v.
1307 2994 43 43 6.
1377 2995 439 44 Bonds-Carriers.

161 3050 51 52 ©
241 3055 113 40 Dec.
382 3054 70 49 18,
480 3053 141 48 1930;
651 3053 68 41 2c.
747 3054 119 40 each
895 3055 96 38 and
1021 3053 107 40 affs.
1159 3053 111 42 Jan.
1299 3053 70 50 10,
1398 3053 143 48 1931;
1572 3054 43 40 A
1641 3054 161 50 33096,
1832 3056 173 47 33097;
2037 3057 136 41 West

226 3112 109 49 pub.
370 3123 68 30 co.

157 3194 273 64 Attiwill,
472 3194 299 54 Kenneth.

284 3267 1882 74 … Windjammer; introduction by Captain David W. Bone.
154 3347 231 54 Garden
419 3348 151 68 City,
599 3347 68 55 N.
705 3347 90 65 Y.,
828 3346 356 71 Doubleday,
1216 3347 199 53 Doran
1445 3349 47 51 &
1523 3366 297 52 company,
1852 3348 126 70 inc.,
2015 3353 151 52 1931.

222 3432 98 48 xiv,
353 3432 86 40 312
473 3441 41 39 p.
575 3431 146 40 21½ᶜᵐ.

226 3490 63 40 At
316 3489 126 39 head
468 3488 52 41 of
545 3487 136 42 title:
714 3489 106 39 Ken
847 3486 226 44 Attiwill.

226 3545 163 41 “First
422 3544 225 42 edition.”

162 3599 52 51 ©
245 3603 110 41 Jan.
384 3602 40 49 2,
455 3600 112 42 1931;
627 3601 69 42 2c.
726 3602 95 40 and
852 3600 82 42 aff.
965 3601 111 40 Jan.
1106 3600 84 48 12;
1221 3600 43 40 A
1291 3601 172 48 33183;
1497 3601 61 43 K.
1586 3601 228 51 Attiwill,
1845 3604 215 42 London.

239 3659 252 50 (31-1920)

161 3743 254 63 Aurner,
449 3742 280 55 Clarence
759 3742 150 63 Ray.

226 3818 97 53 An
352 3817 392 55 introduction
774 3823 59 49 to
864 3819 98 53 the
989 3818 226 69 history
1245 3817 115 54 and
1391 3825 375 63 government
1794 3819 67 55 of
1888 3820 178 69 Iowa,
2095 3822 77 69 by

158 3896 1990 149 C. Ray Aurner … Boston, New York [etc.] Houghton Mifflin company [ᶜ1931]
