2575 4398
1351 4095 68 51 40

340 385 295 63 Houston,
667 383 313 64 Margaret
1008 380 146 56 Bell.

407 457 1969 73 Moon of delight [ by] Margaret Bell Houston. New York.
337 542 193 67 Dodd,
557 540 175 54 Mead
758 541 48 52 &
832 557 304 53 company,
1165 540 154 53 1931.

407 623 564 50 3 p. l., 282 p. 19 ½ᶜᵐ .
345 691 52 53 ©
426 696 111 41 Jan.
564 694 41 50 2,
634 693 142 49 1931;
808 693 67 42 2c.
905 694 112 41 Jan.
1047 694 25 40 6;
1131 692 83 42 aff.
1244 694 112 41 Jan.
1385 692 54 49 9;
1469 693 44 40 A
1538 691 174 50 33222;
1743 693 157 50 Dodd,
1931 694 144 39 Mead
2106 693 38 41 &
2170 703 83 38 co.,
2284 694 92 41 inc.

423 752 254 50 (31-1819)

341 850 160 65 Hull,
534 848 186 56 Edith
749 849 237 56 Maude.

415 932 123 52 The
566 931 117 71 city
714 930 66 53 of
807 935 205 49 stones.
1096 930 368 68 [Instalment
1494 932 50 65 2]

426 1010 85 49 (In
541 1009 139 44 Good
709 1007 318 45 needlework
1058 1007 282 54 magazine,
1372 1008 132 52 Dec.,
1538 1007 148 53 1930)

348 1080 53 54 ©
463 1097 37 30 1c.
533 1086 111 40 Jan.
676 1083 69 51 21,
778 1083 142 49 1931;
954 1085 42 39 A
1027 1085 62 39 ad
1119 1085 89 41 int.
1240 1083 173 49 14704;
1446 1084 147 49 pubd.
1625 1084 119 41 Nov.
1777 1083 70 50 25,
1881 1083 143 49 1930;
2060 1085 52 39 E.
2147 1085 65 40 M.
2245 1084 135 48 Hull,

417 1144 312 48 Hazelwood,
761 1143 315 48 Derbyshire,
1108 1143 241 49 England.

346 1240 257 64 Hunter,
635 1239 232 65 George
895 1238 279 67 William,
1207 1240 173 55 1873-

413 1317 298 53 Teachers’
748 1317 235 55 manual
1021 1318 114 52 and
1173 1316 107 72 key
1318 1316 94 53 for
1447 1316 297 55 Problems
1782 1316 61 52 in
1879 1315 233 71 general
2147 1315 233 69 science,

345 1395 2034 72 by George W. Hunter … and Walter G. Whitman … New
345 1474 1771 73 York, Cincinnati [etc.] American book company [ ᶜ1 931]
414 1561 70 49 iii,
522 1562 87 41 249
646 1572 46 38 p.
751 1561 130 40 illus.
1052 1594 10 9 19ᶜᵐ.

417 1619 236 42 Contains
688 1619 290 41 references.

353 1687 53 54 ©
436 1692 112 41 Jan.
577 1693 39 47 7,
646 1690 143 48 1931;
820 1691 68 40 2c.
919 1691 97 40 and
1044 1689 84 42 aff.
1157 1690 113 41 Jan.
1299 1689 53 48 9;
1384 1690 43 39 A
1453 1689 175 50 32732;
1660 1690 162 43 Amer.
1852 1690 127 41 book
2005 1700 69 32 co.

434 1748 255 52 (31-1988)

352 1845 199 66 Irwin,
583 1845 297 56 Beatrice.

421 1923 124 54 The
578 1928 161 65 gates
773 1922 65 54 of
869 1922 182 70 light;
1088 1942 31 34 a
1155 1924 199 53 record
1388 1923 65 53 of
1487 1942 267 51 progress
1789 1924 59 51 in
1882 1924 98 52 the
2012 1922 376 70 engineering

351 2000 2039 74 of colour and light, by Beatrice Irwin … London, Rider &
351 2102 79 34 co.
467 2085 175 66 [1930]

425 2167 89 41 160
545 2178 44 38 p.
651 2167 88 41 col.
773 2166 166 49 front.,
976 2166 131 41 illus.
1137 2166 167 49 (plan)
1349 2167 173 48 plates,
1558 2167 125 48 port.
1743 2166 59 40 22½ᶜᵐ

428 2225 300 41 “Reference
758 2224 152 40 books
940 2235 61 29 on
1030 2225 168 39 colour
1227 2225 97 39 and
1355 2223 183 49 light”:
1571 2235 43 37 p.
1644 2223 101 42 153.

359 2280 53 53 ©
438 2285 68 40 1c.
533 2283 111 41 Jan.
671 2284 39 47 7,
737 2281 143 48 1931;
908 2282 41 40 A
975 2283 62 39 ad
1063 2282 87 40 int.
1178 2281 173 48 14658;
1379 2281 145 49 pubd.
1552 2281 119 42 Nov.
1698 2282 71 50 14,
1796 2280 143 50 1930;
1969 2283 55 40 B.
2053 2281 167 50 Irwin,
430 2281 1945 109 Richmond,
629 2341 195 48 Surrey,
862 2341 241 48 England.
1175 2338 255 50 (31-1980)

358 2436 222 66 Isham,
611 2435 194 66 Ralph
834 2436 321 64 Heyward,
1189 2441 173 49 1890-

423 2513 123 53 The
577 2514 227 69 private
834 2532 207 51 papers
1073 2513 64 53 of
1164 2513 196 55 James
1391 2514 265 56 Boswell,
1690 2514 153 54 from
1870 2513 299 55 Malahide
2200 2513 190 72 castle,

353 2594 61 52 in
443 2593 97 55 the
570 2592 295 55 collection
895 2592 65 54 of
988 2592 342 56 Lt-Colonel
1360 2592 196 70 Ralph
1585 2594 296 69 Heyward
1914 2594 226 68 Isham;
2176 2614 31 33 a

354 2599 2011 143 catalogue
546 2672 74 71 by
650 2672 312 53 Frederick
988 2671 71 55 A.
1087 2672 192 53 Pottle
1308 2676 52 51 &
1385 2672 234 55 Marion
1647 2674 57 55 S.
1734 2672 207 54 Pottle.
2004 2673 245 54 London
2277 2673 113 53 and

355 2751 138 53 New
527 2751 180 68 York,
738 2750 232 54 Oxford
1001 2750 321 72 university
1354 2769 173 50 press,
1561 2753 152 51 1931.

428 2846 113 37 xxv,
576 2835 116 52 [229]
721 2845 58 39 p.,
810 2838 25 38 1
888 2868 8 8 l.
958 2835 117 42 24ᶜᵐ.

432 2892 95 42 “Of
567 2893 102 42 this
709 2893 182 42 edition
935 2894 114 39 four
1088 2893 223 42 hundred
1351 2893 169 41 fifteen
1563 2894 163 47 copies
1767 2895 125 40 have
1934 2895 118 42 been
2091 2895 201 50 printed
2333 2895 61 50 by

357 2950 217 43 William
606 2950 174 42 Edwin
811 2951 183 48 Rudge,
1027 2951 170 41 Mount
1229 2952 207 41 Vernon.
1469 2952 117 40 New
1616 2951 174 41 York.”

430 3008 173 42 Issued
635 3010 104 39 also
772 3008 203 41 without
1012 3008 199 48 preface
1241 3009 96 40 and
1368 3008 283 40 “addenda”
1684 3009 153 41 under
1870 3008 137 43 title:
2044 3010 270 47 Catalogue
2344 3010 51 41 of

359 3076 62 30 an
460 3065 270 42 exhibition
772 3065 52 40 of
859 3064 83 42 the
977 3065 194 48 private
1205 3074 177 39 papers
1418 3065 53 40 of
1506 3065 168 40 James
1712 3066 224 48 Boswell,
1977 3066 126 41 from
2143 3066 251 43 Malahide

360 3125 167 41 castle,
563 3124 111 41 held
712 3125 52 39 at
800 3123 81 42 the
919 3122 191 43 Grolier
1148 3122 123 49 club,
1308 3123 115 42 New
1463 3123 145 49 York,
1646 3123 265 42 December
1947 3124 295 49 eighteenth,
2278 3124 117 44 1930

361 3183 48 38 to
436 3183 253 48 February
720 3182 215 43 seventh,
966 3181 129 41 1931.

434 3238 185 42 “Titles
646 3240 53 40 of
723 3241 149 39 books
900 3238 281 49 frequently
1211 3237 218 41 referred
1459 3237 106 42 to”:
1597 3248 42 39 p.
1717 3259 10 30 [1]

704 3296 593 40 CONTENTS.—Preface.—Journals
1332 3296 52 39 of
1415 3294 170 42 James
1617 3296 485 42 Boswell.—Letters
2133 3298 62 49 by
2230 3297 167 41 James

363 3353 623 48 Boswell.—-Manuscripts
1018 3353 61 48 by
1113 3353 168 40 James
1314 3353 222 45 Boswell,
1574 3355 84 39 not
1692 3352 225 48 journals
1953 3363 52 31 or
362 3355 2017 99 letters.—Letters

502 3412 220 41 received
754 3411 62 50 by
851 3412 168 40 James
1052 3410 225 48 Boswell,
1311 3411 96 40 and
1442 3409 139 41 other
1617 3410 332 49 manuscripts
1982 3414 85 39 not
2103 3413 198 41 written
2339 3413 57 48 by

363 3469 353 41 him.—Books,
747 3468 300 47 broadsides,
1081 3466 172 50 prints,
1287 3466 403 42 etc.—Addenda.

371 3523 52 53 ©
453 3529 113 40 Dec.
595 3527 70 41 26.
696 3525 119 42 1930;
869 3525 69 41 2c.
968 3526 110 40 Jan.
1110 3525 69 47 16,
1210 3523 114 42 1931;
1385 3523 83 43 aff.
1499 3524 110 41 Jan.
1640 3525 83 47 15;
1755 3525 44 40 A
1826 3525 175 49 33182;
2033 3526 58 42 R.
2121 3527 62 41 H.
2215 3527 181 49 Isham,

441 3586 120 40 Glen
590 3587 155 46 Plead,
774 3585 137 48 Long
938 3584 184 47 Island,
1151 3584 57 40 N.
1237 3583 54 39 Y.
1363 3581 254 49 (31-2118)

366 3683 203 64 Jeans,
598 3685 101 53 Sir
724 3683 206 53 James
958 3682 321 64 Hopwood.

443 3764 163 55 Stars
646 3764 59 52 in
744 3764 152 53 their
934 3781 240 35 courses.
1253 3764 47 50 1.
1340 3762 123 53 The
1501 3762 152 54 sun’s
1694 3761 225 70 family.
1997 3766 46 48 2.
2084 3760 319 70 Weighing

370 3844 113 52 and
513 3842 331 68 measuring
872 3843 95 52 the
999 3847 163 47 stars.
1246 3874 12 32 [
1264 3842 139 53 Two
1434 3841 381 67 instalments]

453 3920 85 49 (In
567 3920 233 44 Listener
831 3920 279 53 magazine,
1145 3920 125 43 Nov.
1305 3920 72 51 19,
1411 3920 71 50 26,
1517 3920 147 50 1930)

375 3977 52 52 ©
488 3992 38 31 1c.
557 3982 119 40 each
709 3982 111 41 Jan.
852 3981 70 48 10,
954 3980 144 48 1931;
1132 3981 40 39 A
1205 3982 61 39 ad
1300 3981 86 40 int.
1420 3980 174 47 14676;
1628 3980 145 49 pubd.
1807 3979 120 43 Nov.
1960 3979 69 50 19,
2064 3979 69 50 26,
2168 3977 142 45 1930;

443 4039 287 41 Macmillan
759 4050 82 38 co.,
871 4040 119 39 New
1019 4039 147 41 York.
