2428 4370
987 4011 136 56 1867

223 471 377 50 xxx, 764 p. 23 ᶜᵐ .
54 538 1987 54 © Nov. 19, 1931; 2c. and aff. Dec. 4; A 46167; Herbert T. Tiffany, for
121 602 79 38 the
227 602 130 38 state
380 600 52 38 of
459 600 271 46 Maryland.
759 598 280 40 Baltimore.

46 707 253 62 Matzen,
327 705 155 53 John
510 703 358 64 Mathiason,
901 704 170 54 1877-

119 782 160 55 State
316 778 428 57 constitutional
783 780 321 68 provisions
1141 780 95 51 for
1272 779 328 68 education;
1643 779 398 53 fundamental

49 858 244 55 attitude
337 859 64 52 of
441 859 97 52 the
578 858 305 53 American
924 856 201 68 people
1165 856 310 69 regarding
1515 856 302 54 education
1857 874 61 34 as
47 874 1971 115 revealed

277 936 75 68 by
388 941 145 47 state
568 933 428 54 constitutional
1032 932 340 69 provisions,
1410 934 328 67 1776-1929,
1772 933 75 69 by
1884 932 158 56 John

47 1009 1967 133 Mathiason Matzen … New York city, Teachers college, Columbia
170 1089 333 69 university,
537 1093 151 50 1931.

117 1167 1754 51 viii p., 1 l., 159 p. 23½ ᶜᵐ . (Teachers college, Columbia university.
51 1168 1976 99 Contributions
334 1230 48 37 to
406 1226 256 41 education
685 1237 74 30 no.
782 1225 111 48 462)

119 1296 170 41 Issued
317 1298 104 39 also
446 1308 55 29 as
527 1296 152 41 thesis
713 1297 108 48 (ph.
849 1296 66 47 d.)
950 1295 250 42 Columbia
1229 1295 286 49 university.

121 1352 375 49 Bibliography:
530 1352 280 49 p.153-157.

55 1420 51 51 ©
142 1424 127 48 Sept.
301 1424 69 47 10,
402 1423 140 46 1931;
576 1422 66 41 2c.
678 1423 101 40 Oct.
810 1423 81 46 22;
928 1423 80 39 aff.
1044 1423 102 40 Oct.
1180 1424 81 46 15;
1297 1423 42 38 A
1370 1421 172 48 43426;
1578 1423 241 40 Teachers
1853 1422 191 48 college,

128 1481 248 40 Columbia
406 1480 288 47 university.
764 1478 278 49 (31-32698)

48 1574 215 53 Michie
291 1589 304 48 company,
628 1574 479 69 Charlottesville,
1137 1575 100 52 Va.

122 1652 210 54 Michie
367 1671 73 33 on
474 1652 178 53 banks
688 1654 111 51 and
833 1652 273 69 banking,
1141 1653 75 69 by
1252 1652 97 51 the
1384 1650 267 55 editorial
1685 1650 134 56 staff
1855 1652 64 53 of
1954 1652 98 52 the

51 1731 213 53 Michie
296 1749 278 49 company
608 1731 180 51 under
820 1731 93 52 the
947 1730 358 67 supervision
1337 1730 65 53 of
1433 1730 70 52 A.
1537 1730 250 53 Hewson
1820 1729 231 69 Michie,

51 1810 235 52 assisted
336 1809 74 69 by
462 1808 208 52 Beirne
723 1808 288 54 Stedman.
1087 1809 346 52 Permanent
1484 1808 83 53 ed.
1644 1827 49 33 v.
1748 1811 47 50 6.
51 1807 1975 147 Charlottesville,
400 1887 123 68 Va.,

553 1887 120 52 The
702 1886 212 52 Michie
942 1903 297 53 company,
1270 1888 149 50 1931.

128 1963 492 53 xii, 434 p. 24 ᶜᵐ .
57 2034 51 51 ©
135 2039 109 37 Dec.
270 2038 39 46 4,
337 2036 110 40 1931;
505 2036 65 41 2c.
599 2038 95 38 and
721 2037 79 39 aff.
828 2037 109 38 Dec.
965 2037 26 39 7;
1046 2036 39 38 A
1111 2035 171 48 46199;
1312 2036 176 40 Michie
1515 2047 67 31 co.

51 2131 353 53 Minnesota.
478 2133 277 67 Supreme
789 2137 173 47 court.

122 2210 321 52 Minnesota
490 2213 221 64 reports.
801 2229 51 32 v.
903 2213 255 49 181-183.
1236 2209 169 54 Cases
1450 2212 215 67 argued
1711 2211 114 52 and

44 2212 1984 220 determined … June 20, 1930-June 26, 1931. Henry Burleigh Wenzell,
190 2369 256 63 reporter;
499 2364 173 53 Ethel
693 2365 78 51 M.
795 2364 238 70 Martin,
1056 2364 268 54 assistant
1347 2368 271 65 reporter.
1696 2364 167 57 Saint
1886 2366 165 52 Paul.

55 2443 225 52 Review
310 2442 334 69 publishing
671 2461 295 51 company,
997 2444 148 51 1931.

123 2522 307 41 3 V. 22½ ᶜᵐ .
59 2605 38 29 v.
126 2593 98 47 181,
255 2589 51 51 ©
334 2593 114 47 Apr.
477 2593 52 38 21,
575 2592 111 40 1931;
746 2605 42 29 v.
817 2592 98 49 182,
947 2589 51 51 ©
1028 2594 115 47 July
1172 2593 82 47 25;
1286 2605 41 28 v.
1356 2594 99 47 183,
1488 2590 57 51 ©
1571 2595 117 39 Nov.
1719 2594 82 47 23;
1834 2594 66 40 2c.
1933 2595 117 40 each

128 2651 116 40 Nov.
279 2650 81 46 27;
429 2650 75 39 affs.
541 2650 111 41 Dec.
687 2651 26 39 7;
778 2651 39 38 A
850 2649 321 41 45360-45362;
1238 2650 130 41 Mike
1404 2651 159 47 Holm,
1601 2653 246 45 secretary
1884 2651 52 40 of
1971 2652 80 40 the

128 2709 127 37 state
282 2707 51 39 of
361 2708 271 39 Minnesota
660 2707 48 38 in
737 2709 128 38 trust
892 2706 79 40 for
997 2707 82 40 the
1105 2707 175 40 benefit
1310 2708 51 39 of
1390 2707 80 41 the
1498 2709 169 47 people
1692 2708 53 40 of
1772 2708 107 40 said
1908 2710 141 46 state,

130 2763 65 41 St.
226 2765 135 38 Paul.

55 2858 309 64 Morelock,
392 2859 259 53 Thomas
679 2858 170 56 Cecil.

126 2931 204 57 School
355 2950 334 52 newspaper
714 2934 358 69 production,
1099 2935 333 70 containing
1459 2956 30 33 a
1516 2936 277 69 complete
1818 2937 231 53 manual

58 3010 91 54 for
180 3011 95 53 the
309 3011 243 70 adviser,
585 3011 229 68 editors,
845 3030 318 51 managers,
1196 3014 113 51 and
1343 3013 77 53 all
1455 3014 162 52 other
1648 3014 190 54 school

55 3033 1993 126 newspaper workers, by Thomas Cecil Morelock … Columbia, Mo.,
54 3166 680 67 Lucas brothers [ ᶜ193 1]
125 3245 853 50 xiii, 206 p. front., illus. 23½ ᶜᵐ .
128 3316 295 47 “Suggested
445 3316 255 49 readings”
722 3320 52 37 at
793 3319 92 39 end
908 3318 53 40 of
980 3328 130 30 some
1132 3318 51 40 of
1204 3320 81 39 the
1310 3319 239 48 chapters.

63 3384 1819 53 © Oct. 31, 1931; 2c. and aff. Nov. 2; A 43752; Lucas brothers.
141 3444 278 47 (31-32705)

57 3536 263 65 Moreux,
350 3538 338 64 Théophile,
723 3542 169 53 1867-

127 3614 1922 72 Pour continuer l’algèbre, par l’abbé Moreux … Paris, G.
58 3690 544 69 Doin & c ie [ ᶜ193 1 ]
61 3770 1973 106 2 p. l. , [7]-197 p., 1 l. diagrs. 18 ᶜᵐ . (Half-title: Bibliothèque d’éducation scientifique)
67 3893 1874 57 © May 26, 1931; 1c. Oct. 12; A— Foreign 13895; Gaston Doin & cie.
143 3954 278 51 (31-33718)
