2505 4370
1337 4055 66 52 566

349 479 84 42 the
461 478 224 42 Catholic
708 479 126 41 hour
859 480 155 40 under
1043 480 78 40 the
1150 479 224 49 auspices
1402 481 50 39 of
1479 482 81 40 the
1588 480 232 41 National
1851 482 183 40 council
2067 482 51 40 of
2147 482 221 41 Catholic

348 535 495 44 men.”—Foreword.

356 595 2017 52 © Mar. 28, 1981, 2c. Apr. 8; aff. Apr. 6; A 35665; Missionary society
428 657 52 38 of
508 656 68 41 St.
607 656 121 39 Paul
758 656 82 39 the
868 658 189 45 apostle
1084 656 50 39 in
1163 657 81 38 the
1273 658 129 37 state
1431 656 52 39 of
1511 656 116 40 New
1662 656 139 48 York,
1832 656 117 40 New
1981 657 143 39 York.

438 712 252 51 (31-9792)

353 807 222 65 Golieb,
604 808 191 53 David
827 808 228 65 Edwin,
1087 813 173 50 1885-

427 887 1949 72 Credit and collections, by David E. Golieb … New York,
351 967 1205 66 Alexander Hamilton institute [ ᶜ1 931 ]
426 1045 1948 52 xxii p., 1 l., 369 p. illus. 19ᶜᵐ. (Added t.-p.: Modern business: a
357 1107 152 39 series
550 1107 52 38 of
643 1108 130 38 texts
814 1106 237 48 prepared
1094 1116 54 29 as
1190 1107 115 47 part
1344 1106 50 40 of
1438 1106 81 40 the
1561 1107 198 38 modern
1802 1106 224 41 business
2069 1117 170 29 course
2283 1105 94 40 and

357 1163 1184 48 service … Alexander Hamilton institute)
361 1218 2015 52 © Apr. 6, 1931; 2c. and aff. Apr. 11; A 36436; Alexander Hamilton
432 1280 241 41 institute.
746 1275 281 53 (31-10064)

358 1375 363 65 Goodspeed,
754 1376 204 63 Edgar
988 1374 287 68 Johnson,
1311 1376 173 55 1871-

434 1455 247 69 Strange
705 1474 123 34 new
854 1456 243 68 gospels,
1121 1456 74 69 by
1224 1454 202 70 Edgar
1451 1456 55 52 J.
1535 1454 357 69 Goodspeed.
1971 1455 272 68 Chicago,
2353 1499 29 25 Ill.,

359 1535 123 53 The
514 1534 339 69 University
884 1534 64 52 of
979 1532 254 71 Chicago
1267 1553 157 49 press
1507 1537 149 64 [ᶜ1981]

428 1611 429 50 xi, 111 p. 20ᶜᵐ.
430 1668 1948 52 “Study … [of] writings claiming to be genuine documents of Christian
358 1727 190 48 antiqui
556 1730 64 44 ty.
627 1727 8 16 ’
642 1727 204 41 ’—Pref.

365 1783 1998 111 © Mar. 3, 1931; 2c. Apr. 14; aff. Apr. 13; A 35737; University of Chicago,
599 1843 224 49 Chicago.
896 1842 283 50 (31-10058)

359 1923 156 66 Hall,
547 1924 259 53 Howard
836 1923 247 65 Judson,
1118 1929 173 49 1869-
1505 1923 85 55 ed.

431 2001 191 70 Types
653 2000 65 53 of
748 2005 221 65 poetry,
1002 2001 284 54 exclusive
1318 2001 64 52 of
1414 2002 96 52 the
1542 2001 218 68 drama,
1790 2001 192 53 edited
2014 2002 77 68 by
2123 2002 259 53 Howard

358 2079 2027 71 Judson Hall … revised and abridged by John Robert Moore
423 2157 1751 71 … Boston, New York [etc.] Ginn and company [ ᶜ1 931]
433 2241 486 49 xxii, 542 p. 19 ᶜᵐ .
435 2298 351 49 Bibliography
805 2310 10 29 :
846 2309 44 38 p.
921 2297 221 42 528-534.

369 2354 2016 53 © Apr. 10, 1931; 2c. and aff. Apr. 20; A 35925; H. J. Hall, Stanford
439 2415 297 47 University,
772 2414 159 49 Calif.,
966 2414 95 40 and
1096 2414 129 40 John
1259 2414 183 40 Robert
1476 2416 177 47 Moore,
1690 2415 355 50 Bloomington,
2081 2417 57 39 Ind.

449 2471 282 51 (31-10192)

365 2553 228 66 Hardy,
623 2553 279 64 Thomas,
937 2559 329 50 1840-1928.

501 2633 1887 70 … Thomas Hardy’s The return of the native; edited with
364 2707 2027 75 introduction and notes by Irene M. Haworth … [Boston] Ginn
368 2793 660 70 and company [ ᶜ1 931]
437 2870 1313 49 xxii, 506 p. 19½ ᶜᵐ . (Modern literature series)
439 2927 354 49 Bibliography
812 2938 8 29 :
851 2938 43 38 p.
920 2926 120 43 xxii.

375 2984 2017 54 © Apr. 10, 1931; 2c. and aff. Apr. 20; A 35922; Ginn & co. [© editing
442 3046 119 41 with
608 3045 332 40 introduction
988 3045 95 39 and
1130 3047 139 37 notes
1316 3046 60 46 by
1424 3046 139 38 Irene
1611 3047 62 38 M.
1721 3045 241 40 Haworth;
2038 3045 244 40 foreword
2323 3043 66 49 by

444 3104 231 41 Clarence
711 3104 238 48 Stratton]
1024 3102 283 50 (31-10088)

370 3184 251 65 Haring,
652 3186 202 63 Harry
885 3184 230 64 Albert,
1151 3185 173 54 1875-
1538 3185 83 52 ed.

443 3267 122 52 The
598 3265 293 56 Slabsides
916 3264 149 53 book
1095 3264 64 54 of
1187 3264 158 55 John
1379 3264 357 69 Burroughs,
1765 3265 187 52 edited
1987 3264 94 53 for
2112 3264 96 53 the
2237 3264 152 52 John

372 3341 2018 72 Burroughs memorial association, by H. A. Haring … Boston
375 3424 113 52 and
514 3422 140 54 New
680 3421 180 66 York,
884 3421 321 68 Houghton
1233 3418 203 54 Mifflin
1463 3437 299 52 company,
1790 3424 150 49 1931.

514 3498 1214 52 xx, [2], 167, [1] p. front., plates, ports. 20½ ᶜᵐ .
378 3557 1893 52 © Apr. 8, 1931; 2c. Apr. 10; aff. Apr. 9; A 35682; John Burroughs
447 3566 1928 93 memorial
659 3627 143 38 assn.,
840 3622 91 35 inc.
1003 3616 282 49 (31-10074)

374 3699 312 65 Harrison,
719 3699 330 64 Elizabeth,
1083 3704 173 50 1849-

444 3776 70 51 In
563 3776 96 55 the
707 3780 156 65 story
910 3774 210 68 world;
1171 3775 123 54 best
1341 3774 233 68 legends
1622 3774 94 55 for
1761 3774 137 68 boys
1949 3773 110 53 and
2108 3773 159 69 girls,
2315 3773 75 68 by

375 3853 303 54 Elizabeth
747 3852 316 67 Harrison;
1136 3852 321 53 illustrated
1529 3851 75 71 by
1675 3852 322 68 Hildegard
2071 3851 317 69 Luppriun.

374 3930 1447 73 Springfield, Mass., Milton Bradley co. [ ᶜ1 931]
