2505 4370
1059 4014 131 50 1443

117 398 663 66 N á dai, Arp á d, 1883-
184 473 333 70 Plasticity;
563 493 31 34 a
635 472 316 55 mechanics
991 474 64 52 of
1094 476 96 50 the
1230 473 207 69 plastic
1478 478 145 49 state
1663 472 65 54 of
1767 477 224 64 matter,
2030 472 77 69 by

114 547 1992 75 A. N á dai … assisted by A. M. Wahl … revised and enlarged
117 628 151 55 from
300 631 95 52 the
429 628 124 53 first
586 630 249 54 German
871 625 231 57 edition.
1177 628 141 53 New
1352 629 164 52 York
1551 631 112 51 and
1696 629 259 68 London,
113 625 1970 139 McGraw-Hill

471 706 148 53 book
648 723 296 51 company,
975 703 126 69 inc.,
1136 708 151 51 1931.

186 785 136 50 xxiii,
351 786 86 42 349
468 798 43 37 p.
574 786 142 49 illus.,
750 786 179 48 diagrs.
988 786 55 40 23½ᶜᵐ.
1204 785 300 49 (Half-title:
1534 784 323 49 Engineering
1889 786 222 40 societies

119 841 344 51 monographs)

188 899 89 42 Mr.
310 899 144 41 Wahl
488 898 188 42 revised
710 900 85 40 the
823 897 301 49 manuscript
1157 899 98 40 and
1287 899 237 48 prepared
1555 899 82 41 the
1669 898 202 48 English
120 897 1972 102 translation.
296 955 62 48 cf.
384 956 131 41 Pref.

188 1011 348 49 Bibliography:
591 1022 42 38 p.
660 1011 102 43 340.

119 1064 52 52 ©
198 1070 117 45 Aug.
343 1068 70 44 29,
442 1068 139 48 1931;
611 1069 66 40 2c.
707 1070 128 47 Sept.
862 1069 53 47 4;
946 1067 81 42 aff.
1059 1068 127 49 Sept.
1214 1069 83 46 12;
1327 1069 42 38 A
1392 1068 173 47 41610;
1597 1068 178 41 United
1804 1068 311 49 engineering

191 1127 222 47 trustees,
448 1126 104 46 inc.,
587 1127 116 38 New
736 1126 144 39 York.
954 1124 278 50 (31-24282)

121 1218 120 52 The
279 1218 280 53 National
597 1220 340 67 cyclopædia
981 1222 63 51 of
1081 1219 308 54 American
1425 1220 352 69 biography;
1816 1218 172 70 being
2025 1219 93 53 the

192 1296 220 70 history
439 1298 64 52 of
528 1298 94 52 the
651 1297 215 54 United
899 1296 186 56 States
1115 1317 58 34 as
1202 1297 326 54 illustrated
1559 1297 56 52 in
1642 1299 98 51 the
1766 1298 138 53 lives
1933 1297 63 51 of
2023 1296 99 54 the

193 1373 289 60 founders,
510 1374 269 59 builders,
808 1376 111 51 and
948 1375 300 53 defenders
1278 1376 63 51 of
1367 1377 94 51 the
1491 1374 272 69 republic,
1792 1377 111 51 and
1933 1376 62 51 of
2025 1377 94 50 the

192 1470 123 33 men
350 1453 108 51 and
496 1471 212 32 women
743 1453 125 52 who
900 1471 97 35 are
1026 1452 176 68 doing
1233 1453 96 51 the
1361 1451 157 53 work
1550 1454 111 51 and
1693 1451 299 70 moulding
2023 1453 99 51 the

191 1528 244 70 thought
467 1529 63 53 of
559 1531 95 50 the
684 1536 225 61 present
937 1528 151 54 time.
1164 1528 215 54 Edited
1406 1530 76 69 by
1512 1528 421 70 distinguished
191 1527 1906 148 biographers,

479 1607 238 52 selected
756 1607 151 51 from
942 1607 132 52 each
1110 1611 164 64 state,
1308 1608 220 52 revised
1564 1609 112 51 and
1714 1609 293 66 approved
2044 1608 75 69 by

191 1684 96 52 the
321 1687 145 50 most
504 1682 246 55 eminent
786 1683 326 69 historians,
1148 1684 250 53 scholars
1436 1686 111 53 and
1585 1688 302 50 statesmen
1925 1686 63 52 of
2025 1686 95 53 the

192 1762 128 68 day.
395 1781 50 33 V.
478 1764 83 48 21.
636 1761 138 52 New
806 1761 179 68 York,
1016 1762 193 54 James
1241 1761 65 53 T.
1333 1761 197 55 White
1562 1765 44 50 &
1637 1781 297 51 company,
1969 1767 149 49 1931.

189 1839 790 52 2 p. l., 488, [4] p. ports. 28 ᶜᵐ.
123 1893 51 52 ©
203 1898 125 48 Sept.
355 1898 40 49 4,
422 1897 112 40 1931;
590 1898 67 41 2c.
683 1900 94 38 and
804 1897 81 41 aff.
916 1898 127 49 Sept.
1070 1899 51 46 5;
1150 1899 41 39 A
1216 1899 172 46 42516;
1417 1900 167 40 James
1609 1900 51 40 T.
1688 1900 161 40 White
1878 1901 36 39 &
1941 1912 65 29 co.

120 1976 196 53 North
346 1976 253 54 Dakota.
672 1979 278 67 Supreme
982 1987 173 47 court.

193 2054 1929 74 Reports of cases decided … September 25, 1930 to May 22,
126 2136 147 49 1931.
359 2133 131 68 (106
514 2134 179 68 cases)
777 2134 67 51 E.
872 2133 58 54 J.
956 2135 233 68 Taylor,
1214 2140 259 62 reporter.
1562 2155 52 35 v.
1641 2140 83 48 60.
1797 2137 326 68 Rochester,

123 2211 69 51 N.
225 2211 89 67 Y.,
344 2211 120 53 The
495 2211 238 68 Lawyer
764 2211 380 69 co-operative
1176 2213 336 69 publishing
1540 2230 297 54 company,
1871 2218 148 50 1931.

192 2290 404 48 xvi, 844 p. 23 ᶜᵐ.
127 2342 51 52 ©
213 2347 118 46 Aug.
367 2345 69 49 28,
471 2346 139 48 1931;
647 2348 66 40 2c.
753 2349 127 46 Sept.
916 2349 52 46 2;
1008 2348 79 40 aff.
1129 2350 127 47 Sept.
1293 2350 82 46 24;
1414 2351 42 38 A
1489 2349 171 48 42613;
1703 2351 138 39 State
1875 2351 51 40 of
1962 2351 157 39 North

194 2403 207 47 Dakota,
428 2403 267 48 Bismarck,
724 2405 54 40 N.
805 2405 56 40 D.

127 2482 436 54 Northeastern
594 2488 287 59 reporter.

198 2561 353 70 Temporary
582 2563 186 52 North
801 2567 220 50 eastern
1051 2569 257 63 reporter
1341 2565 188 68 digest
1558 2567 62 52 of
1652 2567 250 52 volumes
1937 2566 97 53 171
2068 2582 56 37 to

131 2637 1993 75 175 North eastern reporter … edited by the editorial staff of the
126 2714 1998 75 American digest system … St. Paul, West publishing co., 1931.
195 2795 272 49 404 p. 25½ ᶜᵐ.
131 2846 51 53 ©
209 2851 114 49 July
346 2852 69 48 24,
442 2853 110 40 1931;
607 2853 67 43 2c.
700 2858 93 38 and
821 2855 81 41 aff.
931 2856 126 49 Sept.
1083 2857 56 38 24;
1195 2858 39 38 A
1261 2858 143 40 41823;
1461 2859 134 41 West
1619 2859 110 48 pub.
1756 2870 66 29 co.

132 2935 119 50 The
287 2932 148 55 Ohio
472 2937 107 51 law
615 2942 254 63 reporter.
957 2958 49 34 v.
1045 2943 82 48 34.
1199 2940 56 51 A
1289 2940 214 70 weekly
1539 2939 246 69 journal,
1821 2942 304 68 published

202 3011 58 52 in
295 3012 93 53 the
426 3013 231 54 interest
691 3015 63 51 of
787 3017 94 51 the
916 3017 149 67 legal
1099 3017 322 67 profession
1455 3018 59 52 in
1549 3020 94 51 the
1679 3024 146 48 state
1858 3021 63 51 of
1955 3019 168 54 Ohio.

202 3088 217 54 Vinton
458 3090 67 52 R.
568 3090 278 68 Shepard,
884 3093 198 54 editor.
1159 3094 347 70 Cincinnati,
1545 3097 120 52 The
1705 3096 151 54 Ohio
1893 3098 109 51 law
199 3114 1901 122 reporter
428 3186 294 51 company,
759 3173 147 50 1931.

199 3244 826 53 xvi, 696 p. illus. (ports.) 23½ ᶜᵐ.
133 3298 54 51 ©
213 3302 127 48 Sept.
365 3301 26 41 28,
462 3304 112 39 1931;
629 3304 67 41 2c.
725 3306 126 47 Sept.
878 3305 82 46 30;
990 3307 82 41 aff.
1102 3308 126 47 Sept.
1255 3308 55 40 29;
1368 3310 40 38 A
1432 3308 144 43 41973;
1635 3310 122 40 Ohio
1784 3313 95 38 law
1904 3313 223 44 reporter

200 3369 65 30 co.

131 3437 235 64 Patton,
398 3439 308 55 Cornelius
730 3442 274 64 Howard,
1038 3449 170 49 1860-

196 3511 1926 81 God’s world, by Cornelius Howard Patton … New York,
126 3588 66 53 R.
218 3588 65 56 R.
312 3589 208 71 Smith,
546 3593 125 64 inc.,
699 3596 150 53 1931.

195 3671 104 47 xiii,
325 3672 85 41 297
437 3684 42 37 p.
540 3674 56 39 19½ᶜᵐ.

198 3725 293 52 “Suggested
517 3729 227 47 reading”
772 3733 51 38 at
850 3734 90 39 end
967 3732 53 40 of
1044 3735 116 39 each
1185 3734 215 47 chapter.

475 3785 131 48 CONTENTS.—pt.
631 3785 41 40 1.
697 3786 164 42 World
888 3787 275 50 facts.—pt.
1189 3788 42 42 2.
1256 3792 165 40 World
1448 3792 417 52 conditions.—pt.
1890 3794 42 43 3.
1958 3796 166 42 World

126 3838 169 41 forces.

135 3890 52 51 ©
218 3895 113 47 Sept
374 3896 40 47 8,
445 3895 113 42 1931;
617 3897 65 40 2c.
712 3900 95 38 and
835 3898 83 42 aff.
949 3900 127 49 Sept.
1107 3902 55 40 10;
1221 3903 42 38 A
1290 3903 144 40 41524;
1495 3904 216 43 Richard
1740 3908 56 41 R.
1829 3908 171 48 Smith,
2030 3909 94 41 inc.

211 3942 280 58 (31-24026)
