2505 4370
1311 4043 103 56 772

354 457 159 71 phia,
545 456 341 71 University
921 457 65 53 of
1019 456 428 69 Pennsylvania
1482 476 186 51 press;
1703 458 259 70 London,
1995 458 79 53 H.
2110 456 267 75 Milford,

356 535 231 56 Oxford
614 534 319 71 university
963 553 175 52 press,
1168 538 154 52 1931.

426 617 83 49 vii,
542 616 86 42 223
660 628 45 38 p.
764 615 149 43 19½ᶜᵐ.

365 689 54 52 ©
444 692 116 49 Apr.
584 690 71 51 29,
681 690 116 42 1931;
851 690 68 42 2c.
947 692 116 47 May
1088 691 56 40 13;
1200 690 83 41 aff.
1312 691 115 48 May
1453 690 56 40 12;
1565 691 41 39 A
1633 689 147 42 37304;
1836 688 288 51 University
2151 692 52 40 of
435 692 1929 107 Pennsylvania

690 759 151 38 press.
913 747 283 50 (31-26964)

358 843 198 67 Clark,
585 844 247 65 Eugene
860 844 267 65 Francis,
1156 844 331 57 1879-1930.

429 924 59 54 A
513 925 148 55 son’s
686 924 252 69 portrait
964 925 66 54 of
1053 925 104 53 Dr.
1186 924 243 55 Francis
1457 924 68 54 E.
1555 922 198 72 Clark,
1775 926 78 69 by
1878 924 238 69 Eugene
2141 923 243 56 Francis

361 1003 208 68 Clark;
612 1024 31 34 a
684 1003 139 54 final
863 1004 239 69 chapter
1137 1004 76 69 by
1255 1002 234 71 Sydney
1526 1002 72 55 A.
1640 1002 197 71 Clark,
1874 1003 396 55 introduction
2306 1005 78 69 by

357 1081 106 55 Dr.
495 1082 211 54 Daniel
737 1082 72 53 A.
841 1083 230 69 Poling.
1148 1083 239 69 Boston,
1419 1080 274 72 Chicago,
1724 1082 123 54 The
1875 1081 302 56 Williston
2207 1101 176 51 press,

360 1165 154 50 1930.

426 1239 101 49 xix,
560 1238 87 42 255
679 1250 44 38 p.
783 1239 166 49 front.,
984 1239 173 49 plates,
1191 1240 154 47 ports.
1403 1238 119 42 23ᶜᵐ.

365 1311 54 53 ©
445 1315 115 41 Dec.
583 1315 41 48 1,
650 1312 118 43 1930;
819 1312 69 44 2c.
915 1314 114 47 May
1054 1313 71 49 18,
1151 1311 114 42 1931;
1323 1312 83 42 aff.
1433 1314 116 47 May
1574 1312 59 41 16;
1685 1313 43 40 A
1752 1312 148 42 38220;
1954 1313 249 42 Williston
2231 1324 151 39 press.

444 1371 283 51 (31-13254)

357 1466 258 68 D’Arcy,
647 1464 249 57 Charles
925 1464 341 67 Frederick,
1297 1468 130 68 abp.
1460 1468 65 70 of
1553 1466 285 71 Armagh,
1868 1470 172 51 1859-

432 1544 1953 72 God in science, by the Most Rev. C. F. D’Arcy … London,
358 1625 56 55 J.
445 1625 202 54 Nisbet
676 1626 114 53 and
819 1644 101 52 co.,
945 1624 226 55 limited
1226 1628 155 64 [1931]

432 1703 150 52 [3]-46
608 1716 44 38 p.
712 1703 150 43 21½ᶜᵐ.
931 1703 101 50 (On
1059 1717 165 30 cover:
1249 1704 105 41 The
1381 1704 239 42 Lambeth
1651 1704 177 49 series)

430 1762 192 42 “Books
650 1762 81 40 for
758 1760 177 50 study”:
995 1772 46 39 p.
1068 1761 43 43 9.

365 1834 2017 53 © 1c May 1, 1931; A ad int. 15015; pubd. Mar. 6; C. F. D’Arcy, Armagh,
434 1896 213 41 Ireland.
719 1893 284 50 (31-13252)

357 1989 335 67 Delafosse,
722 1988 285 66 Maurice,
1042 1989 330 56 1870-1926.

430 2071 124 54 The
599 2088 240 52 negroes
884 2069 67 54 of
994 2068 239 69 Africa;
1282 2068 225 70 history
1555 2070 114 53 and
1717 2070 240 68 culture,
2001 2070 76 69 by
2126 2068 259 55 Maurice

357 2146 2025 72 Delafosse … translated from the French by F. Fligelman.
356 2228 408 70 Washington,
798 2227 72 53 D.
908 2226 83 70 C.,
1024 2226 125 54 The
1180 2226 340 54 Associated
1553 2225 345 72 publishers,
1929 2227 110 53 inc.
2121 2228 153 66 [ᶜ1931]

427 2307 175 50 xxxiii,
635 2305 87 43 313
754 2317 44 38 p.
858 2306 131 41 illus.
1018 2305 200 50 (double
1250 2306 164 49 maps)
1483 2304 148 43 20½ᶜᵐ.

432 2363 149 42 “This
615 2362 302 43 translation
950 2363 43 41 is
1028 2374 27 30 a
1092 2361 333 43 combination
1460 2362 55 41 of
1547 2365 97 39 two
1679 2361 129 43 little
1843 2362 151 42 books
2030 2373 64 31 on
2128 2363 86 41 the
2249 2373 133 31 same

357 2417 2021 51 subject by the same author, namely: Les noirs de l’Afrique … published
355 2475 2023 50 first in 1921, and Civilizations négro-africaines … which followed in
357 2532 2020 49 1925 … At the last minute four chapters were added from a third
354 2587 2008 108 book by M. Delafosse, namely, Les nègres … Paris, 1927.”—Translator’s pref.
428 2702 353 49 Bibliography
812 2704 52 39 at
896 2703 94 41 end
1022 2702 54 40 of
1105 2704 128 40 most
1264 2702 54 42 of
1347 2703 83 41 the
1461 2702 257 48 chapters;
1753 2702 172 42 “Brief
1954 2702 343 49 bibliography
2327 2702 54 41 of

355 2760 85 41 the
464 2759 243 49 principal
732 2760 162 40 works
919 2760 54 40 of
997 2759 64 41 M.
1087 2757 292 43 Delafosse”:
1433 2769 46 38 p.
1503 2757 223 44 283-286.

365 2828 53 53 ©
451 2833 123 41 Mar.
606 2832 69 49 16,
707 2830 116 43 1931;
882 2830 68 43 2c.
982 2832 114 48 Apr.
1129 2830 26 41 9;
1218 2831 83 42 aff.
1334 2832 116 48 Apr.
1481 2830 59 43 20;
1600 2832 41 40 A
1672 2831 147 42 36644;
1881 2831 289 42 Associated
2202 2831 179 49 pubrs.,

434 2890 91 41 inc.
597 2889 283 51 (31-26965)

359 2984 161 65 Dilly
547 2986 209 64 Tante,
783 2987 218 70 pseud.,
1028 2986 87 55 ed.

429 3062 216 71 Living
694 3063 264 69 authors;
1013 3082 32 34 a
1094 3063 149 54 book
1293 3061 66 55 of
1405 3062 387 71 biographies,
1844 3064 190 53 edited
2083 3064 78 69 by
2210 3063 164 69 Dilly

357 3143 187 53 Tante
589 3142 112 52 and
750 3142 327 53 illustrated
1123 3141 142 54 with
1313 3143 100 53 371
1460 3142 399 69 photographs
1906 3142 113 53 and
2065 3141 309 70 drawings.

358 3219 140 53 New
525 3220 181 64 York,
732 3220 122 52 The
879 3220 77 52 H.
981 3220 91 54 W.
1096 3218 225 56 Wilson
1350 3237 299 52 company,
1678 3223 151 50 1931.

429 3300 877 50 vii, 466 p. illus. (ports.) 26 ᶜᵐ .
430 3358 292 41 Illustrated
754 3357 368 50 lining-papers.

364 3424 54 53 ©
445 3430 115 48 May
584 3429 39 49 5,
650 3428 112 42 1931;
820 3429 68 42 2c.
914 3430 114 47 May
1055 3430 54 40 13;
1166 3429 83 42 aff.
1279 3431 111 46 May
1420 3432 24 38 7;
1500 3430 41 39 A
1567 3430 149 41 38136;
1769 3431 61 40 H.
1860 3430 72 41 W.
1959 3429 190 42 Wilson
2174 3440 82 37 co.,
2285 3430 92 42 inc.

444 3485 282 50 (31-26859)

358 3582 238 64 Dorset,
629 3582 64 55 F.
724 3582 74 54 H.

430 3658 258 72 Surging
723 3659 120 54 tide
885 3660 110 69 [by]
1039 3661 66 52 F.
1142 3661 78 53 H.
1260 3662 226 52 Dorset.
1560 3661 261 68 London,
355 3659 1992 130 Cobden-Sanderson
492 3740 172 65 [1931]

428 3818 87 41 286
544 3830 44 39 p.
652 3817 119 44 20ᶜᵐ.

363 3884 2009 56 © 1c May 13, 1931; A ad int. 15068; pubd. Mar. 17; B. L. Thomas,
431 3946 134 41 West
593 3947 283 50 Hounslow,
906 3947 285 51 Middlesex,
1222 3949 237 49 England.
1532 3948 283 52 (31-13713)
