2428 4370
1038 3994 136 51 2125

99 444 186 67 Mass.,
321 443 121 51 The
477 442 232 54 Central
744 441 314 53 committee
1094 459 72 35 on
1200 441 96 53 the
1332 441 195 53 united
1563 438 170 70 study
1769 437 63 53 of
1867 435 224 71 foreign

98 519 272 70 missions,
407 522 148 49 1932.

168 598 1283 50 237 p. front., 1 illus., plates, double map. 19 ᶜᵐ.
169 656 376 48 Bibliography:
579 665 44 38 p.
658 655 99 40 227.

109 727 51 51 ©
193 730 112 41 Dec.
337 729 69 48 19,
438 728 113 40 1931;
612 728 68 39 2c.
713 729 95 38 and
841 727 82 39 aff.
956 727 112 40 Dec.
1100 727 55 40 31;
1218 726 42 39 A
1290 725 145 42 45719;
1499 727 199 40 Central
1730 726 276 41 committee
2037 736 61 31 on

175 787 81 40 the
281 786 167 39 united
474 786 144 47 study
644 784 52 41 of
718 784 190 48 foreign
933 783 240 41 missions.
1244 783 221 48 (32-871)

103 881 170 65 Katz,
308 879 199 54 Jacob.

169 953 308 68 Attaining
538 953 216 54 Jewish
816 953 300 66 manhood,
1182 952 406 53 Bar-Mitzvah
1652 952 306 70 addresses,
2023 952 74 69 by

102 1027 1994 71 Rabbi Jacob Katz … New York, Bloch publishing company,
102 1111 148 51 1931.

170 1185 598 54 xix, 236, 23, [1] p. 21 ᶜᵐ.
169 1244 168 41 Added
365 1248 96 43 t.-p.
490 1246 94 38 and
612 1243 241 49 appendix
882 1242 49 40 in
960 1241 220 42 Hebrew.

111 1298 51 53 ©
192 1303 110 40 Dec.
331 1302 68 46 14,
428 1300 107 40 1931;
598 1300 66 40 2c.
694 1300 95 39 and
816 1298 81 40 aff.
928 1299 111 41 Dec.
1069 1298 82 48 16;
1182 1298 41 39 A
1249 1297 171 49 46398;
1453 1299 44 40 J.
1527 1300 142 47 Katz,
1699 1300 116 39 New
1845 1301 143 39 York.

187 1358 221 48 (32-992)

104 1450 332 64 Lawrence,
465 1450 155 53 John
648 1447 334 66 Benjamin,
1013 1449 172 55 1873-

169 1524 1930 71 Missions in the Bible, by J. B. Lawrence … Atlanta, Ga.,
102 1602 1805 70 Home mission board, Southern Baptist convention [ ᶜ1 931]
174 1682 582 52 5 p. l. , 15-186 p. 20 ᶜᵐ.
111 1741 51 52 ©
193 1746 110 39 Dec.
333 1745 68 46 15,
430 1742 112 41 1931;
601 1745 67 40 2c.
697 1744 93 39 and
820 1742 81 40 aff.
932 1743 110 39 Dec.
1072 1742 56 40 18;
1186 1742 42 38 A
1254 1742 144 40 46451;
1457 1744 154 39 Home
1641 1743 201 41 mission
1873 1744 150 40 board
2053 1745 52 39 of

180 1803 81 39 the
288 1802 239 40 Southern
554 1799 196 49 Baptist
776 1799 298 40 convention.
1146 1798 221 49 (32-872)

104 1894 268 65 Lawson,
403 1893 211 54 Alfred
647 1892 271 66 William,
953 1899 171 49 1869-

173 1971 199 53 Direct
410 1970 208 54 credits
659 1969 95 54 for
790 1970 339 69 everybody,
1168 1970 74 68 by
1280 1969 213 54 Alfred
1531 1971 270 67 Lawson;
1844 1970 260 69 showing

103 2049 127 52 how
265 2047 324 69 capitalism
622 2047 120 53 will
777 2047 172 53 work.
1020 2047 427 69 Philadelphia,
1481 2047 228 54 Arnold
1743 2050 46 51 &
1824 2067 280 49 company

183 2129 119 64 [ ᶜ1 931]
174 2207 443 50 2 p. l. , 75 p. 19 ᶜᵐ.
113 2261 51 52 ©
196 2266 111 39 Dec.
338 2265 70 49 12,
439 2264 112 40 1931;
611 2264 69 40 2c.
710 2265 95 40 and
837 2263 81 41 aff.
951 2264 112 40 Dec.
1094 2264 55 39 14;
1210 2264 42 39 A
1281 2263 145 41 43379;
1486 2264 173 42 Alfred
1692 2265 220 48 Lawson,
181 2265 1905 105 Philadelphia.

459 2321 221 49 (32-635)

106 2416 133 64 Lee,
266 2417 139 52 Mrs.
434 2415 162 53 Ruth
624 2414 201 56 Webb.

175 2492 180 69 Early
396 2490 304 53 American
741 2492 225 66 pressed
1005 2490 180 69 glass;
1229 2511 31 33 a
1303 2489 398 55 classification
1742 2490 64 55 of
1846 2495 257 64 patterns

105 2569 309 54 collectible
440 2567 60 53 in
526 2575 109 48 sets
661 2568 257 68 together
944 2569 140 53 with
1114 2567 324 55 individual
1466 2568 183 69 pieces
1679 2568 94 53 for
1799 2568 151 54 table
105 2570 1973 145 decorations,

411 2646 75 70 by
527 2645 158 54 Ruth
726 2645 179 55 Webb
943 2646 125 52 Lee.
1145 2645 306 71 Pittsford,
1493 2646 70 52 N.
1607 2647 89 68 Y.,
1736 2647 122 52 The
1897 2647 207 55 author

184 2727 99 49 [ ᶜ1 931]
175 2803 119 49 xxii,
328 2803 85 41 630
446 2814 43 38 p.
521 2803 109 40 incl.
664 2803 163 49 front.,
859 2803 129 41 illus.
1050 2804 58 39 22½ᶜᵐ.

178 2862 164 41 “First
378 2860 227 41 edition.”

116 2918 51 51 ©
201 2922 110 40 Dec.
345 2921 70 46 21,
448 2919 140 46 1931;
624 2920 67 40 2c.
723 2921 95 38 and
851 2919 83 41 aff.
967 2919 111 40 Dec.
1112 2919 82 47 23;
1231 2920 39 38 A
1302 2920 172 48 46552;
1511 2922 55 40 R.
1602 2922 70 41 W.
1707 2924 106 45 Lee,
1848 2921 258 48 Pittsford,

183 2977 55 40 N.
265 2979 51 38 Y.
388 2976 220 50 (32-797)

109 3070 147 65 Lull,
284 3069 257 55 Richard
570 3071 232 64 Swann,
833 3070 170 55 1867-

179 3147 241 68 Fossils;
453 3147 155 52 what
633 3147 135 68 they
794 3148 101 51 tell
923 3164 66 36 us
1016 3146 65 53 of
1109 3147 191 68 plants
1330 3146 114 54 and
1472 3147 243 54 animals
1744 3147 64 53 of
1835 3148 97 52 the
1960 3153 146 62 past,

110 3223 1998 72 by Richard Swann Lull … New York, The University society,
111 3301 625 68 incorporated [ ᶜ1 931]
181 3383 1926 50 iv p., 2 l., 114 p. illus. 23 ᶜᵐ. (The University series; highlights of
111 3441 196 39 modern
341 3440 294 47 knowledge.
695 3439 370 48 Paleontology)

182 3496 342 48 “Suggestions
549 3495 79 40 for
654 3495 195 40 further
876 3494 228 49 reading”:
1162 3506 43 37 p.
1232 3494 217 42 106-107.

118 3550 51 51 ©
199 3554 111 40 Dec.
339 3554 38 41 7,
406 3552 112 40 1931;
575 3552 67 40 2c.
672 3552 95 39 and
795 3551 81 40 aff.
905 3551 112 42 Dec.
1046 3552 25 39 8;
1130 3552 39 38 A
1197 3551 144 40 46232;
1401 3551 282 49 University
1713 3563 106 38 soc.,
1850 3553 92 39 inc.

196 3609 221 49 (32-649)

114 3700 227 66 McFee,
377 3701 274 66 William,
689 3706 170 50 1881-

183 3780 121 51 The
342 3780 477 66 harbourmaster,
863 3798 31 32 a
936 3779 181 67 novel,
1157 3778 76 69 by
1272 3776 261 58 William
1573 3780 224 53 McFee.
1874 3780 233 55 Garden

114 3857 151 68 City,
295 3859 69 53 N.
398 3859 90 59 Y.,
516 3855 355 71 Doubleday,
900 3857 198 51 Doran
1128 3860 46 49 &
1202 3873 296 52 company,
1530 3857 126 69 inc.,
1690 3861 149 50 1931.

182 3938 466 49 6 p. l., 439 p. 22½ᶜᵐ.
