2505 4370
1102 3959 133 51 1211

121 368 283 66 Meunier,
436 367 203 61 Ernst,
672 368 169 51 1891-

194 448 119 51 Das
344 442 266 55 deutsche
641 439 326 65 feuilleton;
1003 435 90 54 ein
1122 433 226 69 beitrag
1380 449 100 34 zur
1510 424 467 73 zeitungskunde,
2009 439 109 36 von

127 525 176 53 Ernst
329 519 261 55 Meunier
616 517 117 55 und
760 516 165 51 Hans
953 513 214 56 Jessen.
1242 508 221 70 Berlin,
1490 505 64 58 C.
1582 503 289 69 Duncker,
1901 503 148 52 1931.

197 607 28 39 3
251 616 43 37 p.
357 636 10 17 l.,
396 602 86 41 220
509 613 42 37 p.
610 600 144 40 23½ᶜᵐ.
827 598 14 47 (
850 597 166 40 Added
1048 598 119 45 t.-p.:
1199 593 205 49 Zeitung
1431 591 98 40 und
1560 590 107 47 zeit,
1697 584 309 45 fortschritte
2035 585 87 40 der

126 649 1231 58 internationalen Zeitungsforschung … bd. II)
199 716 399 48 “Anmerkungen
624 714 98 40 und
746 708 258 45 literatur”:
1061 720 41 37 p.
1134 705 247 52 [210]-214.

133 770 1933 68 © Jan. 1, 1931; 1c. Feb. 13; A —Foreign 11410; Carl Duncker Verlag.
210 843 279 51 (31-20347)

129 953 376 66 Meyenberg,
536 952 66 52 E.
632 950 62 55 C.
723 948 71 54 A.

197 1032 274 68 Zeugung
502 1030 118 51 und
654 1023 563 71 zeugungsregelung;
1283 1016 610 73 gemeinverständlich
130 1016 1975 152 dargestellt,

328 1126 109 35 von
469 1108 66 51 E.
566 1106 61 53 C.
659 1104 68 53 A.
757 1101 359 70 Meyenberg.
1194 1100 217 67 Berlin,
1440 1095 400 71 Büchergilde,
1872 1097 149 50 1930.

201 1204 26 38 1
287 1235 7 7 v.

139 1244 1991 64 © Jan. 1, 1930; 1c. Oct. 14; A —Foreign 9597; Büchergilde Gutenberg.
132 1367 178 66 Mieli,
344 1366 293 64 Giacomo,
673 1368 170 51 1863-

265 1432 1863 80 … Tra gli scogli delle opere di Dante … Riflessioni d’un
135 1510 1972 143 camiciaio sul primo canto · Inferno … Roma, Societ à anonima
316 1595 333 71 poligrafica
676 1595 257 68 italiana,
963 1597 148 51 1931.

207 1674 891 55 124 p. incl. front. (port.) 19 ½ ᶜᵐ .
145 1742 1821 60 © May 28, 1931; 1c. July 1; A—Foreign 12421; G. Mieli, Rome.
225 1807 280 51 (31-20833)

142 1915 241 67 Milkau,
418 1915 179 66 Fritz,
632 1920 171 51 1859-
1014 1915 84 53 ed.

207 1991 325 55 Handbuch
564 1992 99 52 der
694 1987 754 73 bibliothekswissenschaft,
1477 1987 152 70 hrsg.
1665 2006 108 35 von

142 1983 1973 160 Fritz Milkau … Leipzig, O. Harrassowitz, 1931.
218 2153 98 48 xix,
347 2152 87 41 876
461 2164 42 36 p.
563 2153 128 40 illus.
721 2151 132 47 (incl.
884 2150 240 49 facsims.)
1194 2149 146 42 28½ᶜᵐ.

491 2219 105 41 CONTENTS.—1.
617 2218 80 44 bd.
721 2219 188 41 Schrift
927 2220 98 40 und
1047 2220 124 39 buch:
1224 2219 92 41 Die
1337 2218 238 48 sprachen
1597 2219 98 39 und
1718 2216 106 42 ihre
144 2225 1983 101 Zusammenhänge,

336 2287 93 29 von
452 2275 62 41 H.
541 2275 212 42 Schnorr
773 2286 92 29 von
890 2275 289 42 Carolsfeld.
1230 2274 94 42 Die
1347 2275 178 41 schrift
1549 2276 98 39 und
1670 2276 109 38 ihre
1801 2273 344 50 entwicklung,

146 2344 91 31 von
272 2334 54 40 A.
363 2332 189 45 Börner.
617 2331 91 42 Die
743 2331 342 50 buchmalerei,
1124 2343 92 30 von
1255 2333 54 41 A.
1349 2331 248 42 Boeckler.
1664 2331 296 48 Allgemeine
145 2330 1983 108 handschriftenkunde,

590 2401 92 29 von
711 2389 59 40 K.
800 2388 181 42 Löffler.
1041 2389 97 41 Zur
1166 2388 392 51 papyruskunde,
1590 2400 92 30 von
1711 2390 60 41 K.
1803 2387 342 44 Preisendanz.

147 2446 291 43 Buchdruck
471 2447 99 39 und
603 2443 430 45 buchillustration
1066 2446 73 41 bis
1174 2456 111 30 zum
1317 2447 142 47 jahre
1494 2445 128 50 1600,
1657 2458 93 29 von
1784 2446 53 41 E.
1871 2457 92 29 von
2001 2446 144 42 Rath.

149 2505 99 40 Der
287 2503 281 42 buchdruck
607 2515 91 28 von
740 2502 116 41 1600
893 2502 74 42 bis
1007 2514 86 28 zur
1130 2505 292 46 gegenwart,
1462 2514 93 29 von
1594 2503 44 42 J.
1680 2503 297 49 Rodenberg.
2049 2504 101 41 Der

149 2560 430 43 buchillustration
600 2560 66 39 im
686 2559 70 42 17.
779 2560 99 39 und
900 2559 71 42 18.
991 2559 344 49 Jahrhundert,
1359 2571 94 29 von
1475 2560 61 42 H.
1560 2560 248 48 Wegener.
1860 2558 290 44 Geschichte

151 2619 85 41 der
267 2617 302 41 illustration
602 2627 92 29 von
728 2616 114 40 1800
873 2616 74 40 bis
980 2616 159 50 heute,
1171 2627 95 29 von
1302 2617 41 40 J.
1381 2615 298 50 Rodenberg.
1744 2617 287 42 Geschichte
2065 2619 84 40 des

151 2674 402 48 bucheinbandes,
584 2685 92 28 von
707 2673 62 40 M.
801 2673 44 41 J.
878 2672 220 48 Husung.
1160 2672 286 42 Geschichte
1480 2674 83 41 des
1595 2674 344 49 buchhandeis,
1972 2687 92 28 von
2097 2676 53 40 E.

152 2733 238 40 Kuhnert.
455 2729 204 41 Theorie
692 2731 98 40 und
825 2727 275 50 geschichte
1134 2731 86 39 der
1254 2728 365 54 bibliographie,
1654 2743 92 28 von
1782 2731 52 43 G.
1874 2730 277 49 Schneider.

153 2789 91 41 Die
272 2787 287 42 akademien
588 2788 86 39 der
698 2784 419 52 Wissenschaften,
1145 2797 93 29 von
1266 2787 54 41 A.
1349 2798 92 29 von
1468 2786 248 43 Harnack.

162 2852 1995 63 © Apr. 28. 1931; 1c. June 10; A—Foreign 12922; Otto Harrassowitz.
242 2917 280 50 (31-20933)

159 3012 355 66 Mondstein,
562 3012 286 70 magische
895 3011 388 70 geschichten;
1333 3016 68 50 20
1447 3015 259 55 novellen
1753 3034 111 36 von
1911 3015 249 72 Ludwig

228 3083 1928 83 Alwens, Werner Bergengruen, Otto Brües [ u. a.] … Mit
231 3168 179 52 einem
453 3173 248 46 vorwort
741 3184 110 35 von
894 3167 187 52 Franz
1126 3165 421 57 Schauwecker.
1642 3169 217 70 Berlin,
229 3172 1902 142 Frundsbergverlag

593 3244 535 70 g. m. b. h. [ᶜ193 0]
232 3325 436 52 249, [2] p. 18 ᶜᵐ .
171 3385 1992 71 © Oct. 10, 1930; 1c . Dec. 18; A—Foreign 10713; Frundsberg-verlag,
241 3464 39 36 g.
364 3486 7 8 m.
401 3453 42 41 b.
477 3453 43 40 h.
593 3453 278 49 (31-20838)

170 3548 215 63 Moore,
419 3548 168 53 Anne
620 3548 240 55 Carroll.

240 3627 120 51 The
391 3626 156 54 three
578 3627 151 53 owls.
806 3629 70 50 3d
907 3627 159 52 book.
1144 3626 456 74 Contemporary
1630 3629 272 55 criticism
1932 3632 64 52 of

171 3630 1970 126 children’s
384 3703 190 69 books,
605 3703 322 54 1927-1930.
1000 3705 251 54 Written
1284 3709 111 50 and

1425 3706 188 56 edited
1640 3709 75 67 by
1742 3707 168 57 Anne
1941 3709 222 54 Carroll

174 3780 210 51 Moore.
461 3780 136 53 New
629 3781 177 58 York,
841 3780 549 71 Coward-McCann,
1425 3787 147 50 1931.

311 3857 1078 55 xv p., 1 l., 462 p. incl, front., illus. 22½ ᶜᵐ .
