2428 4370
1004 3992 137 51 2095

57 452 48 37 to
148 447 329 41 demonstrate
516 445 82 40 the
637 443 271 47 feasibility
950 443 51 39 of
1041 441 216 49 crossing
1297 442 81 40 the
1422 440 186 42 Sahara
1652 439 61 47 by
1753 437 293 41 automobile

56 504 128 40 from
211 502 196 48 Algeria
440 504 49 38 to
519 500 214 49 Nigeria.
792 500 116 47 Gao,
938 499 49 39 in
1020 499 82 39 the
1133 498 188 40 French
1356 497 178 47 Sudan,
1566 506 101 30 was
1700 495 82 41 the
1814 495 232 39 southern

56 559 236 49 objective
319 560 58 41 of.
399 560 82 40 the
507 559 220 48 journey.

128 616 268 48 “Quelques
419 617 138 39 notes
581 613 304 50 géologiques
911 624 85 29 sur
1021 614 44 37 le
1090 611 164 48 région
1284 608 456 50 Soudan-Hoggar”,
1767 610 58 46 by
1846 608 201 42 Charles

56 674 204 39 Jambon:
319 684 43 37 p.
407 672 234 49 [273]-281.

62 722 1986 57 © Nov. 12, 1931; 1c. Nov. 25; A— Foreign 14385; Ernest Flammarion.
140 787 219 49 (32-137)

54 879 182 65 Petri,
263 878 155 57 Olaf.

52 948 1975 135 … und die toten leben doch! Die geschichte einer seltsamen
273 1030 151 67 frau,
453 1048 110 34 von
595 1028 142 55 Olaf
769 1028 172 55 Petri.
1010 1027 431 68 Wolfenbüttel,
1473 1028 216 66 Verlag
1721 1026 97 52 der
1851 1025 199 54 freude

166 1110 83 65 [ᶜ1930]

124 1191 28 39 2
178 1200 43 39 p.
287 1220 9 17 l.,
325 1189 144 42 7-262
496 1200 43 38 p.
597 1191 121 46 port.
776 1187 145 41 21½ᶜᵐ.

65 1241 1878 54 © Oct. 14, 1930; 1c. Dec. 9; A —Foreign 10525; Verlag der freude.
143 1303 220 49 (32-361)

57 1394 309 67 Philibert,
397 1395 202 54 André
627 1395 147 53 Paul
803 1394 205 64 Henri,
1044 1394 171 55 1875-

191 1470 1865 71 … Précis de bactériologie médicale; avec 21 planches hors
62 1548 1771 67 texte en couleurs. 2. éd. rev. Paris, Masson et c ⁱᵉ , 1931.
130 1628 1074 53 xi, 551, [21] p. XXI pl. (19 col.) 20½ ᶜᵐ .
133 1688 64 41 At
221 1689 125 40 head
373 1688 53 40 of
447 1687 109 41 title:
609 1687 164 41 André
798 1686 251 42 Philibert.

132 1745 133 39 Each
298 1745 132 47 plate
466 1744 340 48 accompanied
842 1744 60 46 by
940 1745 105 39 text
1080 1754 61 29 on
1178 1742 217 48 opposite
1431 1752 120 37 page
1600 1742 107 48 (not
1745 1741 224 40 included
2008 1740 50 40 in

59 1801 200 48 paging)

69 1855 1795 52 © Sept. 19, 1931; 1c. Nov. 16; A—Foreign 14326; Masson & cie.
146 1913 221 51 (32-425)

63 2007 149 65 Salz,
241 2008 251 65 Arthur,
525 2014 172 50 1881-

130 2086 119 54 Das
278 2104 179 36 wesen
489 2085 95 55 des
613 2085 468 68 imperialismus;
1113 2084 234 54 umrisse
1380 2083 154 54 einer
1566 2084 231 69 theorie,
1829 2102 112 34 von
1974 2082 84 54 dr.

62 2161 1820 70 Arthur Salz … Leipzig und Berlin, B. G. Teubner, 1931.
133 2242 650 50 vi p., 1 l., 201 p. 23 ½ᶜᵐ .
72 2298 1802 52 © July 24, 1931; 1c. Sept. 15; A —Foreign 13625; B. G. Teubner.
150 2358 220 49 (32-118)

65 2449 339 67 Schneider,
433 2451 297 65 Manfred,
762 2456 171 50 1884-

66 2527 1971 148 … Mittelmeer-Orient-fahrt; reise nach Griechenland, Syrien,
234 2605 315 69 Palästina,
578 2604 269 69 Ägypten
875 2608 118 52 und
1023 2607 99 53 der
1152 2604 213 56 Türkei;
1427 2604 108 56 mit
1567 2611 63 49 63
1662 2606 227 54 bildern
1917 2607 146 53 nach

68 2680 348 55 aufnahmen
473 2701 109 34 von
638 2684 190 52 Marta
890 2683 746 69 Schneider-Fassbaender,
1694 2684 153 53 einer
68 2684 1972 129 übersichtskarte

434 2763 118 51 und
579 2760 178 54 einem
787 2761 363 68 praktischen
1179 2763 246 67 anhang.
1503 2761 312 71 Stuttgart,
1843 2763 70 53 V.
70 2763 1971 142 Hädecke,

285 2841 150 51 1930.

140 2919 87 41 246
253 2931 44 37 p.
326 2920 110 41 incl.
467 2930 125 38 map.
652 2921 163 48 front.,
845 2923 172 47 plates.
1079 2922 147 40 20½ᶜᵐ.

142 2976 258 49 “Quellen”:
467 2988 42 38 p.
543 2978 100 40 234.

79 3030 1990 54 © Mar. 6, 1930; 1c. Oct. 1, 1931; A—Foreign 13761; Walter Hädecke
144 3093 177 46 verlag.
394 3091 220 50 (32-133)

71 3170 237 65 Staack,
336 3171 246 64 Jürgen.

139 3246 260 53 Rahmen
439 3248 118 53 und
599 3249 232 66 balken;
878 3250 121 53 eine
1041 3250 383 69 vollständige
1465 3249 443 54 leichtfassliche
73 3253 1972 140 entwicklung

401 3325 531 70 gebrauchfertiger
975 3327 488 54 rahmenformeln
1505 3327 103 53 auf
1650 3327 420 53 rechnerischer

72 3402 319 68 grundlage
437 3402 98 53 für
580 3406 64 49 23
691 3404 393 53 verschiedene
1131 3404 465 53 rahmenformen;
1670 3405 108 52 mit
1823 3404 245 54 formein

75 3477 98 54 für
207 3478 89 53 die
328 3478 364 70 berechnung
723 3499 108 34 von
864 3482 205 53 balken
1104 3482 104 52 auf
1239 3486 33 48 2
1304 3483 85 53 bis
1426 3486 29 48 6
1488 3486 225 51 stützen
1745 3482 107 53 mit
1887 3481 184 54 freien

74 3556 117 52 und
223 3556 107 53 mit
362 3556 444 69 eingespannten
840 3559 422 69 endauflagern,
1295 3560 162 53 nebst
1489 3560 180 53 einem
1702 3560 231 69 anhang
1964 3560 108 53 mit

74 3632 727 70 durchbiegungsformein,
830 3636 610 69 bemessungstabellen
1473 3637 99 53 für
1603 3637 320 54 eisenbeton
1953 3638 118 53 und

75 3709 1996 74 tabeilen über pfahlrammungen, von Jürgen Staack … Mit
74 3786 160 53 mehr
272 3788 82 52 als
395 3791 133 50 1000
566 3789 257 53 rahmen-
864 3791 116 52 und
1019 3791 137 52 über
1196 3794 99 50 300
1334 3792 738 70 balkenbelastungsfällen,

76 3864 167 53 sowie
274 3868 98 49 448
403 3866 400 70 abbildungen.
880 3868 217 66 Berlin,
1125 3870 57 52 J.
1216 3868 296 71 Springer,
1544 3873 151 50 1931.
