2505 4370
1244 4085 66 50 338

366 504 66 40 At
458 505 125 39 head
610 504 51 40 of
688 504 110 40 title:
853 504 55 42 A.
934 505 267 41 Besredka.

366 560 419 51 Bibliographical
817 560 281 45 foot-notes.

301 630 1771 54 © July 19, 1930; 1c. Dec. 19; A—Foreign 10000; Masson & cie.
379 692 253 49 (31-6582)

295 800 309 68 Bispham,
634 803 230 64 George
893 802 250 65 Tucker,
1177 808 327 50 1838-1906.

369 881 125 54 The
522 880 315 70 principles
868 880 65 54 of
962 880 223 70 equity;
1220 900 31 34 a
1283 881 236 54 treatise
1547 900 74 35 on
1651 882 97 53 the
1777 887 212 64 system
2020 881 66 54 of
2117 881 203 71 justice

297 958 1962 71 administered in courts of chancery, by Geo. Tucker Bispham …
298 1037 2023 71 Revised by Joseph D. McCoy … 11th ed. New York, Baker,
298 1117 251 55 Voorhis
576 1119 47 51 &
651 1135 98 50 co.,
782 1120 153 51 1931.

367 1199 447 50 xxiv, 491 p. 24 ᶜᵐ.
301 1268 52 53 ©
382 1273 113 41 Feb.
521 1272 40 49 9,
589 1271 114 42 1931;
761 1273 68 42 2c.
857 1274 97 39 and
982 1272 82 41 aff.
1095 1274 123 40 Mar.
1248 1273 56 40 10;
1362 1272 39 40 A
1429 1272 148 42 35206;
1635 1272 185 50 George
1849 1272 190 41 Tucker
2068 1271 251 50 Bispham,

367 1330 78 49 jr.,
475 1330 360 49 Philadelphia.
906 1329 253 50 (31-6692)

295 1426 347 65 Bontemps,
674 1425 187 56 Arna.

367 1505 131 56 God
537 1507 168 54 sends
746 1506 257 71 Sunday,
1039 1506 75 70 by
1152 1505 165 53 Arna
1359 1507 330 67 Bontemps.
1767 1506 138 52 New
1950 1505 179 70 York,
296 1506 2000 149 Harcourt,

506 1586 870 68 Brace and company [ ᶜ19 31]
364 1664 529 51 4 p. l., 3-199 p. 19½ᶜᵐ.
300 1734 52 54 ©
385 1739 124 41 Mar.
540 1738 39 48 5,
611 1737 142 48 1931;
786 1737 68 42 2c.
885 1739 96 40 and
1013 1737 84 41 aff.
1129 1739 122 39 Mar.
1285 1738 82 47 16;
1402 1737 40 40 A
1473 1737 172 48 34853;
1681 1737 264 50 Harcourt,
1979 1738 157 40 Brace
2168 1738 37 40 &
2236 1748 83 36 co.,

368 1796 93 42 inc.
532 1795 252 49 (31-6793)

293 1891 252 66 Burton,
576 1892 243 65 Robert,
853 1893 327 54 1577-1640.

362 1969 220 54 Robert
622 1969 275 54 Burton’s
937 1970 495 68 Philosophaster,
1475 1969 141 52 with
1660 1987 72 35 an
1776 1968 249 70 English
291 1969 1999 131 translation

450 2046 65 54 of
545 2049 97 52 the
675 2066 167 36 same.
912 2048 289 69 Together
1235 2047 142 54 with
1410 2047 90 55 his
1534 2048 163 53 other
1729 2046 190 54 minor
1953 2046 268 71 writings
2255 2047 61 53 in

292 2143 167 50 prose
493 2126 114 53 and
645 2144 187 50 verse;
872 2126 95 53 the
1005 2125 367 69 translation,
1409 2124 441 70 introductions,
1889 2126 114 53 and
2040 2131 163 49 notes
2240 2125 75 71 by

291 2202 2023 71 Paul J ord an-Smith. Stanford University, Calif., Stanford
291 2281 321 69 university
634 2299 186 51 press;
849 2282 261 68 London,
1133 2281 78 54 H.
1238 2281 270 69 Milford,
1534 2281 233 57 Oxford
1791 2281 323 71 university
2139 2300 176 51 press,

293 2362 152 50 1931.

361 2439 1284 52 xxi, 283, [1] p. front. (port.) pl., facsim. 24½ ᶜᵐ.
363 2511 131 41 “The
534 2510 147 42 Latin
722 2510 404 49 Philosophaster
1166 2511 42 41 is
1247 2512 129 40 from
1416 2512 82 40 the
1539 2511 193 48 printed
1775 2512 107 40 text
1921 2510 164 43 edited
2128 2511 62 50 by
2231 2513 80 41 the

291 2567 98 41 late
427 2567 219 41 William
687 2567 213 41 Edward
941 2567 216 50 Buckley
1197 2569 97 40 and
1335 2569 165 40 issued
1543 2568 62 48 by
1647 2569 81 41 the
1774 2567 292 49 Roxburghe
2110 2568 109 42 club
2261 2568 52 42 in

291 2623 555 43 1862.”—Translator’s
882 2625 348 41 introduction.

363 2681 398 48 “Bibliographic
798 2682 256 40 check-list
1088 2681 52 41 of
1178 2680 233 42 Burton’s
1449 2680 252 50 writings”:
1769 2691 43 39 p.
1851 2681 104 43 viii.

298 2748 52 53 ©
379 2753 124 41 Mar.
530 2753 41 49 2,
598 2751 142 49 1931;
769 2752 67 43 2c.
866 2754 124 40 Mar.
1018 2752 52 47 9;
1101 2753 83 41 aff.
1214 2755 123 39 Mar.
1366 2753 82 47 10;
1478 2753 41 40 A
1545 2753 173 48 35195;
1751 2754 163 41 Board
1942 2754 52 40 of
2024 2756 211 39 trustees
2266 2754 50 41 of

365 2810 186 42 Leland
591 2810 237 43 Stanford
865 2811 168 49 junior
1071 2811 143 50 univ.,
1257 2811 237 42 Stanford
1533 2811 300 50 University,
1873 2811 146 43 Calif.

375 2869 253 48 (31-6622)

292 2964 251 66 Burton,
572 2965 243 65 Spence,
848 2970 173 50 1881-

360 3042 124 53 The
525 3047 354 63 atonement;
926 3042 164 55 Good
1134 3042 222 69 Friday
1398 3042 295 54 addresses
1735 3060 73 35 on
1850 3043 98 52 the
1989 3060 169 36 seven
2200 3042 113 54 last

289 3118 1997 144 words from the cross, by the Reverend Spence Burton … Milwaukee,
564 3196 1048 72 Morehouse publishing co. [ ᶜ19 31]
359 3277 668 52 4 p. l., [3]-82 p., 1 l. 18 ᶜᵐ.
296 3346 52 53 ©
379 3350 113 41 Feb.
522 3350 68 49 16,
622 3350 112 41 1931;
795 3350 67 42 2c.
894 3352 95 39 and
1020 3351 84 42 aff.
1135 3352 110 41 Feb.
1277 3351 58 41 20;
1395 3352 39 39 A
1463 3352 145 41 33864;
1670 3351 288 41 Morehouse
1989 3352 111 49 pub.
2132 3362 67 30 co.

374 3407 253 50 (31-6618)

351 3500 1960 75 … Callaghan’s Iowa digest, embodying all reported decisions
360 3582 66 51 of
449 3582 97 53 the
572 3581 278 70 Supreme
872 3589 162 48 court
1059 3584 63 54 of
1145 3583 156 54 Iowa
1332 3583 152 53 from
1509 3584 112 53 and
1645 3583 301 68 including
1969 3585 103 50 220

360 3582 1925 131 Northwestern
643 3667 276 64 reporter,
961 3680 146 51 page
1148 3662 121 69 273,
1310 3662 254 69 through
1606 3664 100 50 231
1751 3661 434 53 Northwestern

358 3680 1928 127 reporter,
594 3757 147 52 page
765 3743 115 50 959.
960 3740 302 69 Compiled
1284 3741 75 69 by
1382 3741 97 52 the
1501 3738 341 71 publishers’
1867 3738 267 55 editorial
2158 3736 150 56 staff,

399 3817 1908 71 v . 10. [Supplement] Chicago, Callaghan and company, 1931.
360 3896 494 51 2 p. l., 453 p. 26 ᶜᵐ.
293 3963 52 54 ©
376 3968 124 42 Mar.
528 3968 69 52 26,
628 3968 112 44 1931;
801 3970 68 43 2c.
900 3972 122 41 Mar.
1051 3971 57 43 30;
1167 3971 83 42 aff.
1280 3971 115 50 Apr.
1425 3970 27 42 6;
1511 3970 42 41 A
1580 3968 144 44 36352;
1786 3966 272 50 Callaghan
2089 3969 37 42 &
2156 3978 66 30 co.
