2428 4370
1164 4098 136 49 1462

236 431 230 64 Sforza,
496 431 190 65 Carlo,
715 439 159 48 conte
880 478 13 25 ,
922 435 173 53 1872-

304 507 309 70 European
653 509 429 70 dictatorships,
1118 511 77 54 by
1234 510 190 55 Count
1464 510 173 55 Carlo
1680 511 204 55 Sforza;
1961 512 282 54 foreword

233 588 75 68 by
345 586 236 55 Colonel
616 586 255 56 Edward
905 589 81 54 M.
1021 589 213 53 House.
1310 590 140 53 New
1487 591 180 68 York,
1702 592 356 67 Brentano’s,
2097 596 149 49 1931.

304 670 680 49 xvi p., 1 l., 257 p. 21½ ᶜᵐ .
306 727 351 49 Bibliography
688 730 51 38 at
769 729 89 39 end
891 729 53 39 of
973 730 118 39 each
1123 730 203 47 chapter
1356 733 171 45 except
1556 731 138 48 chap,
1725 741 19 29 i
1774 732 93 39 and
1988 764 8 7 XIV.

241 781 51 52 ©
329 786 128 48 Sept.
490 786 69 46 18,
593 785 107 41 1931;
769 785 66 42 2c.
871 786 127 49 Sept.
1032 787 82 42 21;
1150 787 82 40 aff.
1270 787 128 48 Sept.
1431 788 83 42 19;
1549 788 41 39 A
1621 788 173 48 42476;
1830 789 291 41 Brentano’s
2155 790 90 41 inc.

321 842 281 49 (31-24611)

235 923 223 64 Smart,
486 923 226 54 Walter
740 924 152 65 Kay,
923 926 172 54 1878-

305 1000 1939 73 English review grammar, by Walter Kay Smart … Rev.
233 1078 86 53 ed.
394 1079 140 54 New
562 1081 180 67 York,
769 1082 64 53 F.
866 1082 56 55 S.
952 1080 201 57 Crofts
1180 1086 45 49 &
1252 1101 98 49 co.,
1381 1086 152 49 1930.

340 1162 371 49 x, 271 p. 17 ᶜᵐ .
310 1218 1905 51 “First printing, September, 1925 … Sixth printing, January, 1930.”
239 1273 51 52 ©
321 1276 111 42 Feb.
461 1278 39 46 7,
529 1276 115 42 1930;
701 1278 68 41 2c.
797 1279 96 39 and
922 1277 81 41 aff.
1036 1278 128 48 Sept.
1193 1277 70 50 19,
1293 1277 141 47 1931;
1465 1278 43 40 A
1533 1279 173 47 41704;
1739 1279 52 40 F.
1824 1279 44 40 S.
1900 1279 171 41 Crofts
2097 1280 37 40 &
2162 1292 83 36 co.,

305 1334 91 41 inc.
468 1334 282 49 (31-24516)

233 1416 453 54 Southwestern
720 1419 271 61 reporter
1031 1417 104 65 (2d
1168 1416 147 65 ser.)

303 1495 273 54 Missouri
601 1496 277 54 decisions
901 1498 268 66 reported
1192 1496 61 53 in
1278 1496 182 55 South
1483 1500 239 50 western
1746 1502 276 63 reporter,
2046 1498 203 53 second

234 1574 1990 132 series. vols. 35 (2d) to 37 (2d) March to May, 1931. Annotated …
515 1653 140 52 with
684 1653 151 54 table
864 1654 63 53 of
954 1656 240 50 statutes
1223 1655 319 52 construed.
1612 1654 82 55 St.
1724 1655 167 69 Paul,
1917 1655 163 53 West
233 1654 1990 148 publishing
488 1751 98 48 co.,
627 1736 151 50 1931.

302 1813 641 49 Various pagings. 26 ᶜᵐ .
235 1866 53 53 ©
314 1871 121 48 Aug.
461 1871 71 46 27,
560 1870 115 42 1931;
730 1871 66 41 2c.
825 1873 96 39 and
948 1871 83 41 aff.
1061 1871 128 49 Sept.
1215 1871 57 39 24;
1329 1871 41 40 A
1396 1872 146 40 41817;
1600 1873 134 40 West
1762 1872 110 48 pub.
1900 1883 68 29 co.

233 1949 318 67 Spingarn,
579 1952 127 54 Joel
736 1951 182 65 Elias,
951 1954 171 54 1875-

305 2027 269 57 Creative
605 2029 273 54 criticism
912 2031 113 52 and
1060 2030 164 53 other
1257 2049 207 51 essays,
1496 2030 77 70 by
1605 2029 57 56 J.
1697 2030 69 54 E.
1804 2029 313 71 Spingarn.
2193 2030 51 54 A

232 2126 125 35 new
391 2109 113 52 and
540 2109 107 52 enl.
683 2109 85 52 ed.
844 2109 139 53 New
1019 2107 180 70 York,
1233 2109 313 68 Harcourt,
1582 2109 181 53 Brace
1799 2109 114 53 and
1950 2126 299 52 company,

233 2190 153 50 1931.

303 2269 750 50 viii p., 2 l., 3-221 p. 19½ ᶜᵐ .
305 2327 163 42 “First
497 2327 229 41 edition.”

574 2385 142 49 CONTENTS.—pt.
751 2382 39 43 1.
825 2384 226 42 Creative
1084 2384 234 42 criticism
1337 2396 10 29 :
1381 2385 102 41 The
1516 2395 107 30 new
1655 2383 253 43 criticism.
1968 2384 149 41 Prose
2149 2385 96 41 and

232 2452 151 32 verse.
445 2442 257 41 Dramatic
729 2441 234 42 criticism
991 2444 94 39 and
1115 2443 81 40 the
1223 2441 206 42 theatre.
1491 2441 226 43 Creative
1745 2441 502 49 connoisseurship.—

234 2500 71 50 pt.
343 2498 41 42 2.
423 2500 151 41 Other
612 2510 168 38 essays
798 2511 9 29 :
847 2500 103 41 The
986 2509 214 39 younger
1238 2499 286 49 generation
1540 2509 10 31 :
1591 2509 29 30 a
1657 2509 108 31 new
1802 2499 279 41 manifesto.
2145 2499 101 40 The

232 2557 260 41 American
537 2557 154 41 critic.
752 2557 101 42 The
899 2557 260 41 American
1206 2557 208 40 scholar.
1478 2556 100 42 The
1626 2557 191 49 growth
1864 2557 52 40 of
1964 2567 27 30 a
2040 2557 205 47 literary

233 2615 497 48 myth.—Appendix:
768 2615 106 40 Non
908 2616 157 39 credo.
1126 2615 148 40 Notes
1309 2625 61 30 on
1404 2614 82 41 the
1520 2624 108 31 new
1660 2613 280 42 humanism
1984 2612 253 51 (1913-14)

233 2672 41 40 A
296 2675 113 38 note
434 2684 60 29 on
520 2672 188 41 French
734 2671 319 49 scholarship.
1118 2671 101 41 The
1245 2681 144 31 seven
1416 2674 105 38 arts
1548 2673 95 39 and
1670 2671 82 42 the
1779 2682 146 31 seven
1948 2670 296 42 confusions.

234 2726 51 52 ©
314 2731 127 47 Sept.
465 2731 40 47 3,
531 2729 114 42 1931;
697 2729 68 43 2c.
789 2732 96 38 and
910 2729 82 41 aff.
1021 2730 128 48 Sept.
1175 2730 26 40 8;
1254 2730 41 39 A
1318 2729 147 41 41478;
1520 2729 43 41 J.
1589 2731 53 40 E.
1672 2729 256 49 Spingarn,
1953 2729 119 40 New
2096 2728 146 42 York.

311 2787 283 48 (31-24167)

230 2870 234 64 Staton,
496 2869 209 56 Willis.

294 2946 261 69 Tangled
593 2947 181 68 trails,
808 2947 35 52 by
918 2946 194 57 Willis
1148 2946 219 55 Staton.
1442 2947 235 68 Boston,
1710 2945 239 53 Meador
223 2942 1992 152 publishing
354 3043 297 52 company,
683 3028 150 49 1931.

295 3104 369 50 315 p. 20½ ᶜᵐ .
234 3162 51 52 ©
317 3166 117 47 July
462 3164 70 48 20,
562 3164 142 48 1931;
735 3165 67 42 2c.
836 3166 127 47 Sept.
995 3166 83 46 14;
1112 3164 82 43 aff.
1227 3165 128 48 Sept.
1386 3165 84 47 25;
1502 3165 41 39 A
1572 3164 174 48 42618;
1780 3166 72 40 W.
1884 3164 188 47 Staton,
300 3164 1924 107 Pikeville,
466 3224 91 47 Ky.
630 3222 280 49 (31-24651)

230 3304 315 67 Stephens,
574 3306 222 64 James,
830 3310 169 50 1882-

305 3381 181 57 Strict
533 3382 116 70 joy,
699 3401 210 50 poems,
956 3383 76 69 by
1080 3384 195 53 James
1327 3382 300 69 Stephens.
1702 3381 141 55 New
1894 3380 181 60 York,
2124 3381 120 52 The

231 3462 338 53 Macmillan
598 3479 300 51 company,
930 3464 153 51 1931.

300 3544 599 49 4 p. l., 3-53 p. 19½ ᶜᵐ .
234 3597 51 52 ©
315 3601 128 48 Sept.
472 3602 55 39 15,
627 3602 83 43 1931;
740 3601 67 41 2c.
834 3603 96 39 and
958 3601 81 41 aff.
1070 3602 129 49 Sept.
1228 3602 82 47 16;
1340 3602 41 39 A
1407 3600 173 49 42352;
1612 3600 282 41 Macmillan
1924 3611 68 31 co.

316 3657 282 51 (31-24166)

231 3738 392 65 Stephenson,
659 3740 246 54 Charles
938 3740 279 64 Herbert,
1253 3741 172 55 1875-

304 3814 231 56 Samuel
561 3817 340 54 Henderson
929 3818 112 52 and
1069 3818 170 68 Mary
1265 3818 183 53 Howe
1474 3816 66 54 of
1564 3815 409 71 Huntingdon,
2001 3813 242 66 Quebec,

231 3893 113 52 and
374 3894 151 53 their
555 3895 390 69 descendants,
975 3896 74 69 by
1083 3896 238 55 Charles
1352 3897 76 52 H.
1465 3893 375 71 Stephenson.
1916 3891 326 68 Rochester,

230 3970 1804 73 N. Y., Henderson-Mosher incorporated, printers, ᶜ1 931.
