2505 4370
1262 4079 135 51 1088

349 402 224 65 Walsh,
604 405 53 53 J.
688 405 97 65 M.,
820 407 173 54 1897-

418 480 1951 80 The company of shadows, by J. M. Walsh … New York,
345 558 234 53 Brewer
606 561 46 51 &
677 560 264 69 Warren,
968 562 127 69 inc.,
1126 566 152 51 1931.

415 642 89 41 298
530 654 45 37 p.
635 644 58 40 19½ᶜᵐ.

415 700 74 40 On
519 703 101 45 t.-p.
637 712 11 28 :
677 700 43 40 A
748 701 172 41 Walsh
949 703 212 42 thriller.

351 768 51 53 ©
434 773 117 47 July
579 772 69 41 10.
678 771 113 43 1931;
852 773 67 41 2c.
949 774 117 47 July
1096 776 55 38 13;
1211 775 84 42 aff.
1326 776 116 49 July
1472 778 83 46 14;
1588 779 40 38 A
1655 777 174 49 40345;
1865 780 43 40 J.
1940 781 61 38 M.
2032 781 186 47 Walsh,
420 779 1929 95 London.
599 830 284 49 (31-18064)

346 936 265 64 Weston,
642 937 262 54 Thomas
933 938 73 55 A.

410 1011 100 51 All
553 1011 170 53 about
763 1010 297 71 flowering
1097 1012 167 56 bulbs
1305 1014 93 53 for
1438 1015 164 52 home
1641 1016 114 54 and
1793 1017 235 70 garden,
2065 1017 76 71 by
2180 1017 66 54 T.
2291 1018 69 53 A.

338 1089 250 53 Weston.
658 1089 138 55 New
833 1090 179 71 York,
1046 1091 69 52 N.
1151 1091 90 69 Y.,
1274 1093 70 53 A.
1377 1094 66 52 T.
1479 1094 86 52 De
1597 1094 82 54 La
1712 1094 164 55 Mare
1907 1114 298 53 company,
2237 1099 126 66 inc.,

339 1170 152 50 1931.

408 1249 89 40 184
526 1260 42 38 p.
626 1250 87 41 col.
740 1248 167 51 front.,
937 1250 146 49 illus.,
1112 1252 88 41 col.
1228 1252 175 49 plates.
1458 1252 149 43 19½ᶜᵐ.

409 1306 54 41 “I
494 1307 126 40 have
654 1306 177 51 simply
863 1308 227 41 modified
1123 1309 168 41 ‘Bulbs
1324 1310 110 41 that
1468 1310 157 41 bloom
1659 1311 49 40 in
1741 1311 82 41 the
1858 1311 181 50 spring’
2074 1315 95 40 and
2204 1313 155 44 added

336 1366 99 39 two
466 1365 141 40 other
636 1364 226 47 sections,
893 1366 160 39 which
1082 1376 143 30 cover
1256 1377 213 30 summer
1502 1368 250 49 flowering
1781 1370 96 40 and
1909 1371 172 40 tender
2112 1382 55 29 or
335 1378 2008 89 greenhouse
519 1420 460 51 subjects.”—Pref.

344 1493 52 52 ©
430 1498 129 39 June
588 1497 56 40 26,
691 1496 112 42 1931;
866 1497 68 42 2c.
967 1499 95 38 and
1095 1496 83 43 aff.
1212 1498 116 48 July
1361 1499 23 38 1;
1447 1499 43 38 A
1519 1498 174 48 40196;
1728 1498 55 44 A.
1816 1500 52 39 T.
1902 1501 71 39 De
2007 1501 69 40 La
2111 1501 136 41 Mare
2280 1513 67 29 co.,
412 1555 92 40 inc.
577 1554 282 49 (31-18007)

339 1661 309 65 Williams,
680 1661 299 56 Brendan.

406 1736 89 55 Go
533 1754 215 51 marry,
788 1755 31 33 a
858 1737 167 52 novel
1065 1736 76 70 by
1181 1737 273 53 Brendan
1493 1737 308 56 Williams.
1878 1739 138 53 New
2060 1738 182 70 York,
2281 1740 77 53 H.

333 1815 692 70 Liveright, inc. [ ᶜ1 931 ]
404 1897 570 51 3 p. l., 283, [1] p. 19½ᶜᵐ.
340 1967 53 54 ©
426 1973 127 39 June
584 1972 56 38 15,
686 1969 112 43 1931;
860 1971 67 39 2c.
960 1971 127 40 June
1118 1971 58 38 22;
1235 1969 82 43 aff.
1353 1970 116 49 July
1500 1973 52 40 1;
1588 1972 40 39 A
1659 1971 146 42 40347;
1867 1973 192 40 Horace
2093 1972 266 51 Liveright.

408 2030 90 40 inc.
572 2028 283 49 (31-18065)

334 2124 309 64 Williams,
676 2124 193 64 Ralph
900 2123 372 66 Coplestone,
1309 2126 171 54 1887-

398 2201 386 71 Bibliography
872 2202 66 53 of
982 2203 96 52 the
1122 2202 636 71 seventeenth-century
1801 2206 166 50 novel
2015 2203 58 53 in
2119 2204 239 64 France,

326 2278 2028 76 by Ralph Coplestone Williams … New York, The Century
326 2377 79 34 co.
447 2359 95 53 for
578 2360 97 53 the
712 2360 246 53 Modern
996 2361 287 69 language
1322 2361 341 52 association
1704 2358 65 56 of
1805 2360 287 68 America,
2133 2362 151 51 1931.

396 2440 724 52 xiii, 355 p. 23 ᶜᵐ. $3.50
398 2497 1955 54 “A definite effort has been made to give … the call number of every
325 2559 192 39 volume
551 2557 146 40 listed
732 2557 50 41 in
815 2562 49 36 at
900 2559 124 39 least
1059 2568 89 30 one
1183 2556 50 42 of
1269 2558 82 41 the
1386 2558 135 40 three
1556 2556 229 43 libraries
1820 2558 180 39 richest
2036 2558 48 38 in
2124 2556 96 42 this
323 2565 2009 95 material.”—Pref.

393 2671 384 49 Bibliography:
811 2683 42 38 p.
887 2672 129 40 ix-x.

676 2728 133 48 CONTENTS.—pt.
845 2735 32 33 I.
912 2728 342 51 Alphabetical
1291 2728 85 41 list
1413 2728 51 41 of
1500 2728 354 49 authors.—pt.
1891 2735 52 33 II.
1980 2727 367 49 Chronological

323 2783 86 43 list
441 2787 52 39 of
523 2786 315 49 novels.—pt.
870 2792 73 33 III.
975 2784 341 51 Alphabetical
1349 2786 85 40 list
1465 2785 51 41 of
1546 2785 135 41 titles
1713 2785 95 41 and
1840 2784 481 51 index.—Appendix
2341 2795 7 29 :

324 2843 176 41 Works
525 2843 158 40 which
711 2843 176 43 border
914 2844 179 47 closely
1119 2855 58 29 on
1209 2843 83 43 the
1319 2842 195 42 domain
1543 2843 51 41 of
1621 2844 82 40 the
1728 2843 154 41 novel.

333 2898 52 52 ©
414 2902 118 48 July
560 2904 39 44 1,
629 2900 110 41 1931;
801 2902 65 40 2c.
898 2904 94 37 and
1023 2902 82 40 aff.
1136 2902 115 49 July
1282 2903 26 38 7;
1366 2901 40 40 A
1434 2901 172 47 40268;
1640 2901 202 41 Modern
1871 2904 242 45 language
402 2897 1929 106 association
543 2960 52 38 of
631 2958 239 43 America.
908 2960 133 45 Bryn

1081 2960 170 42 Mawr,
1291 2960 84 39 Pa.
1450 2958 281 48 (31-17863)

328 3065 310 65 Williams,
670 3064 271 58 Roswell.

395 3139 125 54 The
551 3139 387 69 professional
970 3139 194 70 virgin
1220 3138 96 71 [by]
1354 3140 249 53 Roswell
1632 3137 309 57 Williams.
2010 3139 141 53 New
2184 3136 165 56 York

323 3216 1132 73 city, The Lantern press, inc. [ ᶜ1 931]
393 3301 283 48 281 p. 20 ᶜᵐ.
331 3354 1903 114 © May 15. 1931; 2c. and aff. July 11; A 39369; Lantern press, inc. (31-18060)
324 3510 337 65 Wurlitzer,
695 3510 292 65 Rudolph,
1022 3527 310 49 company.

394 3588 153 55 Rare
587 3588 227 57 violins,
854 3590 199 56 violas,
1092 3588 368 54 violoncellos
1499 3588 64 53 of
1602 3590 97 51 the
1734 3588 386 67 seventeenth,
321 3584 1991 139 eighteenth
524 3670 113 51 and

669 3661 1610 63 nineteenth centuries, of the Wurlitzer collection …
325 3752 80 60 pt.
452 3751 44 48 1.
573 3747 139 53 New
756 3747 181 58 York,
982 3746 331 56 Cincinnati
1362 3751 136 63 [etc.]
1549 3748 120 52 The
1711 3746 274 69 Rudolph
2028 3745 315 54 Wurlitzer

324 3828 509 67 company [ ᶜ1 931 ]
401 3904 999 49 210 p. col. front., illus., pla tes. 28 ᶜᵐ.
328 3956 52 54 ©
411 3961 127 41 June
567 3963 25 37 4,
638 3962 105 40 1931;
812 3962 67 43 2c.
910 3965 94 38 and
1037 3963 83 43 aff.
1151 3963 128 42 June
1310 3964 81 40 18;
1426 3965 37 38 A
1495 3963 172 47 39007;
1702 3962 225 50 Rudolph
1961 3960 267 44 Wurlitzer
2259 3973 65 29 co.,
396 4019 118 39 New
556 4020 143 38 York.
775 4020 282 48 (31-16785)
