2505 4370
1212 4046 104 53 278

258 383 300 64 Frankau,
591 383 246 54 Gilbert.

330 476 84 55 Of
444 478 386 67 independent
860 496 207 34 means.

342 556 85 47 (In
458 554 187 45 Strand
677 554 278 53 magazine,
988 555 139 54 Apr.,
1161 555 147 53 1931)

263 626 52 53 ©
376 641 35 30 1c.
443 631 124 40 Mar.
595 630 70 48 26,
696 628 108 43 1931;
870 632 40 38 A
940 633 61 38 ad
1030 632 86 40 int.
1148 630 148 42 14890;
1353 634 145 47 pubd.
1528 634 123 40 Mar.
1681 632 56 42 25;
1799 633 53 42 G.
1884 634 248 47 Frankau,
332 635 1933 95 London.

259 782 182 65 Gage,
472 783 280 65 Thomas,
786 789 329 51 1721-1787.

329 878 122 53 The
491 881 481 66 correspondence
1012 880 64 52 of
1117 879 247 54 General
1407 880 250 53 Thomas
1697 880 177 70 Gage.
1975 900 49 33 [v.
2072 888 45 60 1]
2164 882 120 52 The

257 959 482 66 correspondence
775 958 64 51 of
876 958 247 53 General
1160 959 251 53 Thomas
1449 958 160 70 Gage
1647 960 140 52 with
1825 960 94 51 the
1957 960 328 53 secretaries

258 1036 65 51 of
351 1043 164 52 state,
549 1036 328 54 1763-1775.
957 1037 303 68 Compiled
1293 1040 111 51 and
1438 1038 190 53 edited
1660 1039 75 68 by
1768 1038 271 54 Clarence
2073 1038 210 52 Edwin

260 1114 2024 72 Carter … New Haven, Yale university press; London, H.
257 1192 268 61 Milford,
556 1192 230 55 Oxford
819 1194 320 69 university
1167 1214 177 49 press,
1376 1198 148 50 1931.

330 1275 84 44 xii,
457 1275 86 39 455
585 1286 42 37 p.
688 1274 55 39 25½ᶜᵐ.
907 1275 302 49 (Half-title:
1250 1276 121 40 Yale
1413 1277 255 40 historical
1711 1275 342 49 publications.
259 1276 2006 104 Manuscripts

474 1334 96 38 and
605 1333 163 40 edited
805 1336 144 46 texts,
1050 1335 13 48 XI)

328 1388 293 41 “Published
663 1389 153 39 under
856 1389 83 40 the
980 1389 238 41 direction
1259 1390 52 40 of
1349 1390 83 41 the
1472 1392 319 46 Department
1835 1391 49 38 of
1926 1392 186 45 history
2159 1392 74 38 from

257 1445 82 41 the
367 1445 188 41 income
581 1445 54 41 of
661 1446 83 40 the
771 1445 265 41 Frederick
1064 1447 127 39 John
1220 1446 284 49 Kingsbury
1533 1447 250 40 memorial
1818 1447 163 40 fund.”

263 1515 52 53 ©
348 1520 112 41 Feb.
490 1519 70 48 20,
591 1518 115 41 1931;
766 1519 67 40 2c.
867 1521 120 39 Mar.
1018 1519 26 39 2;
1106 1520 82 41 aff.
1222 1520 111 41 Feb.
1365 1519 82 48 27;
1482 1520 40 39 A
1552 1519 174 48 34574;
1761 1519 119 40 Yale
1911 1519 131 41 univ.
2075 1528 151 39 press.

341 1577 254 49 (31-5971)

259 1672 401 67 Galsworthy,
690 1674 176 65 John,
900 1675 171 55 1867-

388 1751 1889 70 … Auf der Forsyte-börse, autorisierte übersetzung aus dem
256 1831 328 68 englischen
625 1850 110 33 von
774 1831 157 53 Leon
972 1829 239 56 Schalit.
1292 1829 198 54 Berlin
1535 1836 139 61 [etc.]
1720 1831 66 52 P.
1824 1830 264 68 Zsolnay.
2134 1833 145 50 1930.

325 1913 1955 51 404. [1] p., 1 l. 18 ½ ᶜᵐ. (Added t.-p.: John Galsworthy. Gesammelte
260 1971 184 49 werke)

329 2029 173 41 “1.-30.
532 2027 254 43 tausend.”

262 2098 51 52 ©
352 2102 103 41 Oct.
490 2102 41 47 2,
567 2100 142 48 1930;
778 2112 37 30 1c.
852 2101 119 40 Nov.
1007 2101 82 46 17;
1129 2101 40 37 A
1171 2100 272 47 —Foreign
1480 2099 171 47 10300;
1693 2100 122 39 Paul
1855 2099 208 48 Zsolnay
2101 2100 181 46 verlag,

330 2171 95 37 ges.
457 2171 60 30 m.
547 2160 42 40 b.
620 2160 44 39 h.
737 2157 252 50 (31-6149)

259 2255 248 65 Garrod,
539 2254 336 54 Heathcote
905 2253 276 65 William,
1214 2256 171 53 1878—

255 2343 1998 150 Poetry and the criticism of life … by H. W. Garrod. Cambridge,
503 2426 190 63 Mass.,
725 2424 273 53 Harvard
1033 2423 317 72 university
1381 2442 173 50 press,
1588 2426 150 49 1931.

327 2507 1952 50 viii p., 2 l., 3-168 p. 21½ ᶜᵐ. (The Charles Eliot Norton lectures for
252 2566 288 46 1929-1930)

326 2624 227 40 Lettered
585 2633 58 29 on
676 2632 142 30 cover:
881 2623 174 47 Poetry
1088 2624 93 40 and
1216 2621 99 41 life.

606 2680 239 48 CONTENTS.—Poetry
876 2681 94 38 and
1002 2681 83 39 the
1115 2679 234 41 criticism
1382 2680 52 37 of
1468 2680 262 40 life.—The
1761 2683 167 45 poetry
1964 2679 51 39 of
2045 2681 232 41 Matthew

258 2737 499 42 Arnold.—Matthew
813 2737 180 40 Arnold
1049 2748 55 28 as
1155 2736 927 49 critic.—Emerson.—Clough.—“The
255 2740 2005 95 testament

416 2795 54 39 of
500 2793 512 50 beauty.”—Methods
1042 2794 53 40 of
1124 2792 233 42 criticism
1393 2793 44 39 in
1471 2796 183 47 poetry.

262 2864 52 53 ©
344 2869 111 41 Feb.
484 2870 67 41 17,
582 2867 109 40 1931;
752 2867 67 41 2c.
849 2868 110 39 Feb.
987 2867 56 39 24;
1101 2866 82 43 aff.
1212 2867 113 40 Feb.
1354 2867 56 40 28;
1467 2867 41 38 A
1535 2866 144 41 35031;
1739 2867 257 40 President
2026 2872 36 40 &
2090 2867 190 39 fellows

330 2926 52 40 of
412 2927 232 38 Harvard
676 2926 192 46 college,
902 2925 303 47 Cambridge,
1239 2925 149 40 Mass.
1460 2923 252 49 (31-5985)

258 3021 299 65 Gellhorn,
591 3022 249 63 George,
876 3022 171 54 1870-

326 3112 453 69 Non-operative
809 3117 307 48 treatment
1148 3113 58 52 in
1238 3113 373 68 gynecology,
1639 3112 75 68 by
1744 3111 223 69 George
1997 3111 276 55 Gellhorn

316 3190 1961 68 … with one hundred seventy-six illustrations. New York.
256 3271 259 66 London,
542 3270 72 52 D.
643 3269 297 68 Appleton
968 3269 112 52 and
1110 3286 302 51 company,
1445 3271 149 49 1931.

329 3351 117 47 xvii,
501 3350 86 40 432
645 3361 40 37 p.
749 3350 144 45 illus.,
950 3350 180 47 diagrs.
1192 3350 56 38 25ᶜᵐ.
1383 3348 393 48 (Gynecological
1837 3350 95 39 and
1990 3350 281 41 obstetrical

255 3408 339 47 monographs,
628 3408 91 41 vol.
847 3408 13 46 XIV)

327 3463 339 42 “Literature”
696 3465 53 39 at
778 3464 90 39 end
900 3463 54 40 of
982 3466 124 37 most
1137 3464 52 37 of
1220 3464 82 39 the
1331 3463 239 48 chapters.

261 3532 52 53 ©
360 3538 108 39 Feb.
511 3538 69 42 27,
624 3536 107 40 1931;
808 3537 68 39 2c.
919 3538 95 38 and
1057 3537 83 40 aff.
1184 3538 122 38 Mar.
1349 3537 25 38 3;
1447 3537 41 38 A
1529 3535 145 41 35055;
1747 3536 57 42 D.
1847 3537 242 48 Appleton
2132 3536 36 40 &
2208 3546 69 30 co.

349 3589 742 54 [ © new matter] (31-5957)
258 3690 130 64 Gill,
420 3690 331 55 Elizabeth.

386 3765 1881 70 … The crime coast, a murder mystery of the French Riviera
316 3843 1954 71 … Garden City, N. Y., Pub. for the Crime club, inc., by
255 3922 1374 71 Doubleday, Doran & company, inc. [ ᶜ1 931]
