2428 4370
1253 4069 132 53 1996

289 404 328 66 Crowther,
645 406 175 63 Mary
847 404 233 55 Owens.

358 483 123 53 The
524 483 132 53 blue
699 483 150 53 book
892 482 65 54 of
1001 481 175 55 social
1221 483 113 53 and
1382 480 258 72 friendly
1684 484 497 67 correspondence,
2224 483 75 68 by

287 558 173 73 Mary
498 559 209 58 Owens
747 559 315 57 Crowther.
1143 560 253 69 [Garden
1437 560 153 71 City,
1630 561 70 54 N.
1739 561 92 68 Y.]
1874 560 315 55 Published
2225 561 78 70 by

288 637 360 70 Doubleday,
691 639 201 53 Doran
933 642 48 51 &
1022 656 300 53 company,
1365 639 126 70 inc.,
1538 638 95 53 for
1677 640 69 53 N.
1790 639 359 70 Doubleday,
2195 636 110 56 inc.

294 719 195 65 [ᶜ1931]

394 797 1022 51 x p., 1 l., 225 p. incl. illus., plates. 19½ ᶜᵐ.
363 854 164 42 “First
554 854 230 42 edition.”

362 912 267 41 Published
662 912 52 39 in
746 911 116 41 1922
894 913 155 40 under
1082 913 85 40 the
1197 911 109 43 title;
1369 913 102 40 The
1505 913 124 40 book
1665 912 53 41 of
1747 914 186 40 letters.

298 978 52 53 ©
379 984 119 41 Nov.
525 983 71 43 27,
625 982 114 42 1931;
796 983 67 41 2c.
894 985 96 38 and
1019 982 82 41 aff.
1131 984 112 41 Dec.
1273 983 29 40 5;
1358 984 42 39 A
1425 982 147 42 46194;
1631 983 299 48 Doubleday,
1962 984 168 39 Doran
2160 983 37 41 &
2226 992 83 39 co.,

366 1039 90 42 inc.
529 1040 281 48 (31-34418)

294 1134 226 66 Cuppy,
547 1134 259 56 William
833 1132 202 69 Jacob,
1067 1142 172 49 1884-

361 1213 150 52 How
551 1217 57 49 to
647 1212 101 54 tell
785 1232 143 51 your
969 1213 222 54 friends
1230 1213 151 53 from
1419 1213 97 55 the
1556 1232 133 50 apes
1732 1214 93 69 [by]
1886 1211 142 56 Will
2068 1212 239 69 Cuppy;

291 1290 1789 71 pictures by Jacks. New York, H. Liveright, inc. [ ᶜ19 31]
363 1370 88 42 154
477 1382 45 38 p.
579 1371 131 42 illus.
767 1372 55 41 19½ᶜᵐ.

301 1442 52 53 ©
386 1448 118 39 Nov.
538 1446 69 48 27,
641 1445 114 42 1931;
817 1446 67 41 2c.
920 1447 113 42 Dec.
1066 1446 55 40 10;
1184 1446 83 41 aff.
1301 1447 113 39 Dec.
1449 1447 25 40 8;
1537 1447 43 39 A
1609 1447 147 40 45377;
1818 1447 193 40 Horace
2045 1445 270 49 Liveright,

370 1503 91 41 inc.
533 1504 282 48 (31-34682)

297 1600 159 65 Curl,
541 1616 130 49 Vega.

366 1676 355 56 Pasteboard
751 1677 219 69 masks;
1007 1677 122 57 fact
1159 1698 60 36 as
1249 1677 273 71 spiritual
1552 1678 222 70 symbol
1806 1678 60 54 in
1897 1678 97 54 the
2025 1677 196 55 novels
2252 1676 67 55 of

294 1755 2025 72 Hawthorne and Melville, by Vega Curl. Cambridge, Mass.,
295 1834 277 55 Harvard
601 1835 322 70 university
949 1854 175 50 press,
1157 1839 152 50 1931.

367 1919 71 47 49,
491 1918 55 50 [1]
596 1929 44 38 p.
700 1919 58 40 19½ᶜᵐ.
917 1919 280 49 (Half-title;
1267 1919 241 41 Radcliffe
1558 1920 179 40 honors
1785 1920 163 41 theses
1997 1919 51 40 in
2097 1919 219 50 English.

297 1986 78 32 no.
398 1974 55 52 2)

305 2044 52 53 ©
386 2049 102 40 Oct.
517 2047 39 49 5,
584 2035 115 53 1934;
755 2047 66 41 2c.
850 2047 102 41 Oct.
980 2047 57 41 19;
1092 2047 82 42 aff.
1203 2047 103 42 Oct.
1333 2048 57 39 24;
1447 2047 41 40 A
1513 2047 150 40 44460;
1717 2047 258 41 President
2003 2049 97 39 and
2128 2047 190 41 fellows

375 2105 52 41 of
452 2107 232 41 Harvard
710 2107 192 46 college,
931 2105 303 49 Cambridge,
1263 2106 147 39 Mass.
1482 2104 283 50 (31-34430)

302 2203 212 64 Curry,
542 2202 253 53 Preston
825 2202 67 55 E.

373 2278 1944 72 Business arithmetic, by Preston E. Curry … and Victor M.
302 2355 1990 134 Hubert … for use in all schools offering the subject of business arithmetic.
303 2433 1990 150 2d ed. Cincinnati, New York [etc.] Southwestern publishing company [ ᶜ19 31 ]
374 2594 1014 50 379 p. incl. illus., diagrs., forms. 22 ᶜᵐ.
311 2648 51 52 ©
392 2653 110 40 Dec.
531 2653 41 43 3,
600 2651 113 42 1931;
773 2653 66 41 2c.
869 2655 96 39 and
994 2653 81 41 aff.
1107 2653 111 41 Dec.
1248 2655 28 39 7;
1332 2654 41 39 A
1400 2653 173 48 46215;
1608 2653 367 41 Southwestern
2002 2653 112 48 pub.
2143 2663 68 31 co.

389 2709 283 51 (31-34593)

306 2804 173 66 Dahl,
509 2807 140 55 Mrs.
682 2807 174 56 Crete
886 2808 80 55 M.

375 2882 447 73 Housekeeping
857 2891 402 64 management
1293 2886 61 52 in
1389 2885 184 54 hotels
1610 2886 113 52 and
1759 2884 388 55 institutions;
305 2903 1992 127 purchasing,
595 2962 240 70 upkeep,
872 2964 111 54 and

1019 2961 488 69 administration,
1538 2964 76 70 by
1650 2963 169 56 Crete
1851 2964 80 53 M.
1967 2962 174 67 Dahl,
2233 3005 10 9 M.
2310 3004 10 10 S.

307 3036 140 55 New
484 3039 165 54 York
683 3041 111 53 and
831 3042 260 67 London,
1127 3042 236 68 Harper
1394 3044 48 51 &
1471 3041 281 66 brothers,
1791 3044 154 51 1931.

448 3122 1070 50 xv, 447 p. incl. illus., diagrs., forms. 24½ ᶜᵐ.
380 3177 164 42 “First
574 3178 227 41 edition.”

380 3233 234 48 “Buyer’s
640 3235 191 49 quality
858 3235 173 49 guide”;
1091 3247 43 38 p.
1165 3235 252 51 [399]-435.

380 3290 353 50 Bibliography;
788 3304 44 37 p.
859 3293 219 43 396-398.

314 3344 52 52 ©
395 3349 112 40 Dec.
537 3351 41 42 1,
607 3349 107 41 1931;
778 3350 65 42 2c.
874 3351 114 40 Dec.
1017 3350 52 43 2;
1103 3350 82 43 aff.
1214 3352 113 41 Dec.
1357 3352 54 46 3;
1442 3351 41 39 A
1512 3350 172 48 45291;
1718 3351 195 48 Harper
1942 3351 36 40 &
2007 3351 125 40 bros.

393 3405 282 51 (31-34599)

309 3500 87 53 De
426 3498 180 69 Blois,
637 3502 233 55 Austen
901 3504 309 64 Kennedy,
1243 3509 172 50 1866-
1629 3504 86 54 ed.

381 3579 123 53 The
541 3581 352 69 evangelical
933 3580 184 64 faith;
1160 3604 32 33 a
1228 3580 172 55 series
1438 3580 65 54 of
1542 3599 209 50 papers
1788 3581 77 69 by
1904 3579 322 70 professors
2266 3580 59 53 in

310 3656 97 53 the
436 3657 245 54 Eastern
714 3659 235 68 Baptist
979 3658 346 70 theological
1356 3659 306 69 seminary,
1694 3658 190 54 edited
1915 3658 77 69 by
2023 3658 303 54 President

311 3732 222 55 Austen
574 3735 285 71 Kennedy
902 3738 69 53 de
1014 3736 179 54 Blois.
1273 3736 432 70 Philadelphia,
1749 3738 219 53 Boston
2035 3741 121 63 [etc.]
2205 3736 124 54 The

311 3810 226 55 Judson
568 3832 158 49 press
783 3818 132 50 [1931]

382 3890 477 54 3 p. l., 274 p. 20 ᶜᵐ.
317 3944 52 54 ©
398 3950 116 42 Nov.
542 3952 40 44 6,
609 3952 112 43 1931;
779 3954 65 44 2c.
873 3956 118 43 Nov.
1018 3955 57 43 25;
1132 3956 82 43 aff.
1243 3956 119 42 Nov.
1389 3955 56 42 27;
1502 3956 41 41 A
1569 3956 146 42 45233;
1773 3956 187 41 Judson
1989 3965 149 39 press.

395 4007 282 54 (31-34504)
