2505 4370
1199 4038 106 52 292

247 375 143 65 Ede,
424 375 224 55 Harold
681 376 267 65 Stanley,
985 381 171 51 1895-

376 451 1603 73 … Savage messiah. New York, A. A. Knopf, 1931.
315 532 1432 53 6 p. l., 3-260 p., 1 l. front., illus., plates, ports. 26 ½ ᶜᵐ.
314 592 65 40 At
403 592 127 40 head
555 591 54 41 of
631 591 110 42 title:
795 592 73 49 By
895 592 62 42 H.
985 592 45 42 S.
1058 593 116 41 Ede.

317 649 72 40 An
414 651 209 39 account
647 648 53 42 of
724 649 83 41 the
832 649 88 41 life
947 650 52 40 of
1026 649 155 41 Henri
1208 650 219 41 Gaudier
1453 651 121 40 with
1601 651 177 49 Sophie
1803 652 231 42 Brzeska.

250 721 52 52 ©
332 724 124 41 Mar.
485 724 39 48 6,
553 722 114 42 1931;
725 722 68 42 2c.
823 724 122 40 Mar.
975 722 26 41 9;
1060 723 82 41 aff.
1174 724 122 40 Mar.
1326 725 26 39 7;
1410 723 41 39 A
1479 722 147 42 36008;
1683 724 62 40 H.
1778 723 46 43 S.
1854 724 114 49 Ede,
1998 724 216 43 London.

327 781 286 50 (31-26574)

247 878 339 67 Edelhertz,
616 879 291 63 Bernard,
940 883 169 50 1880-

311 955 125 53 The
472 954 248 54 Russian
759 954 287 69 paradox;
1087 974 29 34 a
1158 952 307 57 first-hand
1502 954 171 71 study
1712 954 64 54 of
1810 954 108 57 life
1953 955 184 53 under
2174 955 97 56 the

241 1036 226 65 soviets,
491 1034 76 69 by
596 1032 263 55 Bernard
887 1032 310 53 Edelhertz;
1260 1032 140 54 with
1431 1051 70 36 an
1532 1032 388 55 introduction
1949 1033 76 71 by
2050 1031 219 72 Major-

242 1111 245 55 General
524 1110 262 55 William
825 1110 68 54 N.
935 1110 257 53 Haskell.
1270 1109 137 55 New
1448 1110 178 71 York,
1664 1110 232 54 Walton
1938 1110 146 54 book
243 1128 2003 132 company,
445 1192 152 51 1930.

348 1269 759 50 x, 155 p. front., plates. 19½ ᶜᵐ.
249 1344 52 52 ©
334 1347 130 49 Sept.
494 1347 68 48 17,
593 1344 119 42 1930;
767 1344 69 41 2c.
867 1344 111 40 Feb.
1009 1343 70 48 28,
1111 1341 113 43 1931;
1287 1342 82 41 aff.
1401 1344 124 40 Mar.
1555 1342 27 40 2;
1641 1343 41 40 A
1711 1343 146 42 34583;
1918 1344 200 41 Walton
2148 1342 124 42 book

316 1417 68 29 co.
457 1402 254 50 (31-6176)

244 1498 294 65 Ellsberg,
571 1498 277 62 Edward,
883 1502 171 50 1891-

312 1572 1956 74 Pigboats, by Commander Edward Ellsberg … New York,
242 1653 189 67 Dodd,
462 1654 172 53 Mead
667 1654 46 51 &
744 1669 299 53 company,
1076 1654 151 52 1931.

310 1737 479 51 4 p. l. , 329 p. 19½ᶜᵐ.
249 1808 52 52 ©
335 1811 113 41 Feb.
481 1811 69 48 27,
583 1809 143 47 1931;
761 1810 68 40 2c.
863 1810 123 39 Mar.
1018 1810 54 44 4;
1109 1808 82 40 aff.
1227 1809 124 39 Mar.
1386 1809 52 46 7;
1473 1807 43 40 A
1547 1808 173 47 35173;
1758 1809 53 41 E.
1846 1809 236 48 Ellsberg,
315 1809 1938 108 Westfield,

478 1869 57 41 N.
570 1869 43 39 J.
685 1866 255 50 (31-6275)

246 1964 129 66 Ely,
406 1963 262 55 Richard
698 1963 325 63 Theodore,
1058 1967 172 50 1854-

314 2043 172 53 Hard
528 2041 337 54 times—the
907 2059 86 35 way
1076 2041 59 52 in
1177 2041 115 53 and
1333 2040 99 55 the
1472 2058 126 51 way
1639 2043 116 67 out,
1796 2039 142 54 with
1980 2060 32 34 a
2051 2040 214 69 special

244 2119 424 56 consideration
695 2119 65 56 of
787 2120 98 52 the
911 2119 162 53 “seen
1105 2119 113 52 and
1248 2120 99 52 the
1373 2119 263 68 unseen”,
1661 2117 78 71 by
1767 2117 257 55 Richard
2053 2121 67 52 T.
2151 2119 115 72 Ely

307 2196 1958 72 … A program for action based on research. New York, The
243 2277 338 54 Macmillan
611 2294 300 52 company,
944 2279 150 51 1931.

351 2391 9 17 x,
389 2359 85 41 193
503 2370 44 38 p.
608 2357 58 43 19½ᶜᵐ.

315 2417 228 41 Includes
576 2416 290 42 references.

316 2473 333 49 Appendices:
693 2473 64 41 As
799 2483 28 29 a
869 2472 185 41 banker
1093 2472 136 41 looks
1273 2474 52 39 at
1364 2471 66 48 it;
1474 2472 204 41 address
1719 2472 53 41 of
1809 2473 213 41 Thomas
2064 2474 73 40 W.
245 2474 2000 99 Lamont.—As

560 2531 79 40 the
670 2530 259 40 American
960 2529 280 41 federation
1273 2529 52 40 of
1354 2530 139 40 labor
1520 2530 138 40 looks
1690 2532 53 37 at
1774 2529 182 42 it.—As
1988 2531 83 41 the
245 2532 2003 97 American

387 2587 301 42 association
721 2587 80 41 for
833 2587 139 41 labor
1007 2586 280 49 legislation
1321 2587 136 40 looks
1492 2588 53 39 at
1578 2586 266 42 it.—What
1879 2598 89 30 can
2003 2588 262 42 insurance

244 2645 92 41 do?
394 2647 75 48 By
497 2647 72 40 W.
599 2645 54 42 A.
682 2644 251 50 Berridge.

249 2714 52 52 ©
335 2719 112 39 Feb.
478 2717 71 49 24,
582 2716 107 41 1931;
758 2715 68 42 2c.
860 2717 94 39 and
989 2716 82 40 aff.
1106 2716 110 39 Feb.
1250 2715 84 46 25;
1370 2715 41 39 A
1442 2715 173 47 34517;
1652 2714 285 43 Macmillan
1970 2727 68 31 co.

327 2774 254 49 (31-6191)

245 2872 279 65 Farjeon,
555 2871 272 55 Eleanor.

310 2945 1952 72 Ladybrook, by Eleanor Farjeon … New York, Frederick A.
239 3026 204 56 Stokes
479 3043 298 52 company,
815 3028 151 50 1931.

312 3108 1118 50 4 p. l. , 3-310 p., 1 l. incl. geneal. tab. 19½ᶜᵐ.
249 3165 52 52 ©
332 3170 124 39 Mar.
487 3169 39 46 5,
557 3166 142 48 1931;
732 3167 68 40 2c.
832 3168 95 40 and
958 3166 83 41 aff.
1073 3168 123 39 Mar.
1228 3166 83 46 10;
1345 3165 41 40 A
1415 3165 173 48 35203;
1621 3166 53 41 E.
1708 3166 227 50 Farjeon,
1968 3166 215 42 London.

326 3225 254 50 (31-6269)

244 3320 199 66 Foleÿ,
477 3319 266 65 Charles,
777 3323 171 52 1861-

375 3394 1853 66 … La bête noire, roman inédit. Paris, A. Fayard & c ⁱ ᵉ
249 3479 156 66 [1930]

315 3555 1947 53 2 p. l. , [7]-251 p., 1 l. 19 ᶜᵐ. (“Jeunes femmes et jeunes filles.”
246 3617 112 51 [25])

248 3673 52 52 ©
339 3676 129 48 Sept.
503 3674 70 49 30,
609 3672 118 42 1930;
848 3704 8 9 1c.
894 3672 113 39 Dec.
1042 3670 55 41 31;
1163 3669 103 40 A—
1269 3669 209 50 Foreign
1513 3668 147 43 10098;
1724 3670 233 41 Arthème
1995 3672 198 49 Fayard
2229 3672 36 41 &

314 3734 86 40 cie.
472 3730 253 51 (31-6148)

244 3828 309 63 Fournier,
585 3826 196 63 Alain,
814 3828 326 53 1886-1914.

375 3898 1846 75 … Der grosse kamerad. Berlin, Transmare verlag [ ᶜ1 930]
313 3984 634 56 6 p. l., 3-309, [1] p. 19ᶜᵐ.
