2505 4370
1248 4042 104 51 306

271 367 318 66 Buchheit,
621 367 165 66 Gert,
819 372 173 51 1900-

339 443 120 54 Das
497 447 315 65 papsttum,
847 462 113 34 von
998 443 183 54 seiner
1217 443 333 70 einsetzung
1585 443 89 55 bis
1712 462 101 35 zur
269 443 2002 149 wiederherstellung

473 521 183 54 seiner
718 521 409 70 Souveränität,
1188 541 111 34 von
1364 521 142 56 Gert
1568 522 303 58 Buchheit.
1972 522 325 70 Nürnberg,

268 600 739 71 Sebaldus-verlag [ ᶜ1 930]
341 684 1957 52 4 p. l., 533, [1] p. col. front., illus., plates (part col.) ports., facsim.,
268 742 662 49 double col. plan. 31½ ᶜᵐ .
345 799 133 39 “Das
521 801 133 40 werk
697 799 192 42 enthält
932 800 87 41 576
1063 798 490 44 textillustrationen,
1601 801 58 41 36
1704 812 108 29 zum
1859 801 86 42 teil
1991 800 313 50 fünffarbige

271 854 158 43 tafeln
465 858 98 40 und
595 858 57 40 43
687 855 300 50 ganzzeitige
1022 856 323 49 abbildungen
1385 858 124 39 nach
1545 857 271 49 originalen
1853 858 126 41 alter
2016 860 101 40 und
2151 868 150 33 neuer

270 914 242 42 meister.”

347 970 260 41 Facsimile
640 973 96 39 and
770 974 114 45 part
919 972 52 39 of
1007 970 82 42 the
1121 971 161 49 plates
1318 971 341 48 accompanied
1694 974 60 46 by
1790 975 156 46 guard
1983 973 163 41 sheets
2182 974 119 41 with

271 1026 295 51 descriptive
594 1029 300 47 letterpress.

343 1084 354 50 “Chronologie
727 1086 87 40 der
844 1084 200 50 päpste”
1065 1097 8 28 :
1107 1094 44 38 p.
1183 1085 220 41 517-519.

280 1140 2023 53 © July 16, 1930; 1c. Nov. 17; A— Foreign 10204; Sebaldus verlag,
348 1212 42 38 g.
427 1213 60 30 m.
523 1203 42 40 b.
600 1201 45 40 h.
718 1199 254 50 (31-6404)

274 1296 323 65 Buranelli,
629 1297 274 64 Prosper,
941 1302 172 48 1890-
1329 1298 84 52 ed.

346 1375 124 54 The
511 1394 152 34 cross
703 1374 159 53 word
904 1374 199 68 puzzle
1144 1373 165 53 book.
1390 1374 348 53 Nineteenth
1779 1374 187 54 series.
2045 1374 59 53 A
275 1374 2002 132 nineteenth

505 1452 318 70 anthology
856 1450 64 55 of
951 1451 274 70 fifty-five
1259 1470 123 35 new
1417 1470 153 35 cross
1605 1452 159 53 word
1797 1452 229 69 puzzles
2060 1452 241 55 selected

276 1550 61 35 as
383 1531 98 54 the
530 1531 122 53 best
701 1529 64 54 of
813 1530 95 53 the
959 1530 319 53 thousands
1327 1529 313 54 submitted
1690 1536 58 47 to
1799 1530 96 54 the
1945 1530 139 54 New
2138 1530 166 54 York

275 1610 225 56 World,
551 1608 307 70 published
914 1609 130 52 here
1099 1607 349 71 exclusively
1501 1606 95 55 for
1649 1608 95 54 the
1798 1608 127 55 first
1978 1608 157 69 time,
2189 1610 114 54 and

275 1687 193 55 edited
518 1686 75 71 by
645 1688 251 68 Prosper
946 1686 321 54 Buranelli,
1319 1687 64 53 F.
1437 1685 264 72 Gregory
1753 1687 336 55 Hartswick
2166 1688 133 68 [and]

275 1766 300 69 Margaret
602 1765 436 69 Petherbridge.
1103 1766 138 52 New
1272 1766 181 55 York,
1484 1765 200 55 Simon
1713 1767 113 53 and
1859 1765 290 69 Schuster,
2179 1767 126 68 inc.,

281 1847 151 51 1931.

349 1925 609 49 127 p. diagrs. 19½ ᶜᵐ .
347 1982 320 49 Advertising
696 1984 182 39 matter
896 1993 9 29 :
939 1993 43 38 p.
1014 1982 219 42 125-127.

286 2036 52 52 ©
368 2041 111 40 Jan.
510 2039 69 49 19,
608 2039 143 48 1931;
782 2041 67 39 2c.
880 2042 96 39 and
1006 2041 82 39 aff.
1119 2041 112 39 Feb.
1262 2041 83 46 26;
1377 2040 40 40 A
1446 2039 173 49 33960;
1654 2040 166 42 Simon
1850 2041 38 41 &
1919 2040 247 45 Schuster,
2199 2041 91 41 inc.
355 2099 149 39 Plaza
538 2099 111 47 pub.

682 2109 67 30 co.
822 2097 252 49 (31-6242)

283 2195 279 55 Charaka
590 2195 150 55 club.

352 2275 1958 70 The proceedings of the Charaka club … v. 7. New York,
281 2355 150 53 Paul
462 2356 65 51 B.
559 2355 248 66 Hoeber,
837 2357 126 57 inc.,
997 2358 151 49 1931.

393 2467 8 16 x,
430 2435 87 41 190
544 2447 43 37 p.
615 2436 111 40 incl.
755 2436 165 48 front.,
950 2437 128 39 illus.,
1124 2437 173 47 plates,
1327 2437 122 47 port.
1513 2434 120 43 24ᶜᵐ.

289 2489 51 53 ©
373 2494 124 41 Mar.
531 2494 68 47 11,
632 2493 142 48 1931;
808 2493 68 41 2c.
910 2495 122 39 Mar.
1066 2493 82 48 12;
1184 2493 83 41 aff.
1302 2495 122 40 Mar.
1457 2494 83 47 13;
1575 2494 41 39 A
1648 2493 173 48 34804;
1855 2494 126 40 Paul
2013 2494 55 40 B.
2102 2494 207 45 Hoeber,

356 2551 92 41 inc.

284 2646 381 66 Chatterton,
701 2647 255 54 Edward
990 2647 203 63 Keble,
1232 2653 170 49 1878-

279 2722 2009 137 The sea-raiders, by E. Keble Chatterton … with 35 illustrations.
612 2803 276 70 [London]
923 2804 188 56 Hurst
1141 2805 45 52 &
1214 2802 285 69 Blackett,
1526 2803 104 56 ltd.
1667 2806 175 68 [1931]

355 2887 1201 49 285 p., 1 l. incl. front. plates, ports. 24 ᶜᵐ .
358 2945 148 41 “This
548 2945 42 40 is
632 2946 83 39 the
757 2947 137 46 story
934 2945 52 39 of
1028 2944 286 49 Germany’s
1358 2946 297 39 marvellous
1698 2944 148 49 raids,
1889 2946 85 39 not
2016 2945 61 48 by
285 2944 2005 99 submarines
447 3003 87 40 but
562 3002 62 48 by

651 3002 137 40 surfa
797 3002 192 49 ceships
1018 3002 177 48 during
1225 3003 82 39 the
1335 3002 167 48 period
1530 3000 445 43 1914-18.”—Pref.

358 3059 354 49 Bibliography
730 3070 9 30 :
769 3060 24 38 1
823 3059 104 41 leaf
952 3061 52 39 at
1031 3060 108 41 end.

291 3114 52 52 ©
406 3129 39 30 1c.
478 3118 123 39 Mar.
632 3118 40 42 4,
706 3115 107 42 1931
838 3127 9 35 ;
881 3116 41 40 A
955 3118 61 39 ad
1048 3117 88 40 int.
1170 3116 172 46 14792;
1378 3117 142 48 pubd.
1557 3116 111 41 Jan.
1701 3115 83 48 23;
1820 3116 54 40 E.
1908 3116 60 38 K.
2004 3114 305 45 Chatterton,

358 3175 215 41 London.
646 3173 252 49 (31-7535)

289 3270 202 65 Coffin,
519 3270 225 54 Robert
770 3271 178 52 Peter
976 3268 319 65 Tristram,
1327 3274 173 51 1892-

357 3349 123 54 The
517 3349 178 53 dukes
732 3347 66 54 of
834 3348 435 69 Buckingham;
1311 3348 279 69 playboys
1628 3346 65 54 of
1729 3348 97 53 the
1866 3348 199 55 Stuart
2109 3346 196 54 world,

287 3426 74 70 by
400 3426 218 55 Robert
653 3428 64 52 P.
757 3426 287 54 Tristram
1084 3426 196 57 Coffin.
1357 3426 139 52 New
1537 3426 179 60 York,
1757 3426 358 53 Brentano’s.
2156 3428 149 52 1931.

357 3507 933 50 xvii, 358 p. front., ports. 22½ ᶜᵐ .
361 3565 191 41 “Books
580 3565 283 42 consulted”
882 3576 9 29 :
923 3577 44 38 p.
995 3565 220 41 345-347.

295 3617 52 52 ©
375 3624 124 39 Mar.
527 3622 40 48 2,
595 3622 112 41 1931;
767 3622 66 42 2c.
863 3624 122 39 Mar.
1015 3623 52 47 5;
1098 3622 83 41 aff.
1211 3623 123 39 Mar.
1363 3623 53 46 4;
1447 3622 39 39 A
1515 3622 172 47 34651;
1719 3620 305 49 Brentano’s,
2054 3620 92 42 inc.

372 3679 253 49 (31-6388)

291 3759 232 64 Corpus
547 3762 164 69 juris,
737 3763 172 69 being
936 3783 27 34 a
993 3762 277 68 complete
1300 3764 113 52 and
1441 3761 326 70 systematic
1796 3766 304 49 statement
2127 3760 64 55 of
2218 3761 95 52 the

362 3841 181 52 whole
574 3841 152 68 body
759 3841 64 54 of
854 3842 94 52 the
979 3842 110 51 law
1123 3862 60 32 as
1215 3841 295 53 embodied
1547 3840 56 53 in
1638 3842 110 51 and
1785 3841 310 66 developed
2128 3840 35 52 by
2236 3838 75 54 all

361 3917 1951 71 reported decisions. Edited by William Mack … and Donald
