2505 4370
1270 4018 101 48 1266

389 442 1329 50 3 p. l. , 9-222 p. illus. (incl. map) 21½ × 12½ ᶜᵐ .
392 499 281 47 “Privately
705 499 239 49 printed.”

390 557 152 41 Prose
573 557 98 40 and
702 567 153 31 verse.

329 613 2012 53 © July 24, 1931; 2c. and aff. Aug, 18; A 40828; R. M. Blodget, Santa
402 674 206 50 Monica,
640 674 144 41 Calif.
857 674 259 48 (31-23618
1124 674 14 47 )

324 752 382 67 Brightman,
740 754 204 64 Edgar
973 752 294 67 Sheffield,
1300 759 174 51 1884-

397 831 1944 71 The finding of God [by ] Edgar Sheffield Brightman … New
328 909 1630 70 York, Cincinnati [etc. ] The Abingdon press [ᶜ1931]
396 992 364 50 200 p. 21½ ᶜᵐ .
331 1046 51 52 ©
409 1051 121 47 Aug.
556 1052 40 42 1,
623 1050 112 41 1931;
791 1051 67 42 2c.
885 1052 95 39 and
1008 1051 82 40 aff.
1116 1051 122 48 Aug.
1266 1050 82 47 10;
1377 1051 40 39 A
1443 1050 172 48 39940;
1646 1052 52 38 E.
1730 1050 44 41 S.
1802 1050 308 49 Brightman,
2138 1050 208 40 Newton

401 1108 189 48 Center,
619 1110 145 39 Mass.
841 1108 282 49 (31-21548)

325 1187 212 66 Brock,
569 1189 297 54 Jefferson
899 1189 337 64 Columbus,
1273 1194 171 50 1858-

395 1267 124 52 The
549 1267 220 68 genesis
800 1266 65 53 of
897 1267 270 68 creation,
1199 1266 78 69 by
1309 1267 56 54 J.
1401 1264 63 57 C.
1501 1265 206 54 Brock.
1783 1265 293 70 [Chicago,
2109 1265 234 69 Rayner

324 1344 163 53 litho.
519 1363 99 49 co.,
671 1347 153 65 ᶜ1931]

393 1424 58 41 76
480 1435 30 38 p
584 1424 148 42 23½ᶜᵐ.

396 1483 150 40 “This
573 1482 203 41 treatise
805 1483 42 40 is
876 1494 63 29 an
966 1483 381 48 interpretation
1377 1482 54 41 of
1456 1485 83 39 the
1571 1482 278 49 Scriptures
1876 1482 160 41 which
2064 1480 200 50 pertain
2292 1483 50 40 to

323 1540 83 40 the
436 1540 158 40 Adam
624 1540 453 49 allegory.”—Pref.

333 1593 51 52 ©
413 1599 117 47 July
556 1597 70 43 29,
653 1597 107 41 1931;
823 1599 67 41 2c.
918 1600 95 39 and
1041 1598 82 41 aff.
1151 1599 121 44 Aug.
1300 1600 25 39 3;
1385 1600 38 38 A
1449 1599 144 40 40611;
1653 1599 42 40 J.
1727 1598 49 43 C.
1806 1599 174 49 Brock,
2010 1598 225 48 Chicago.

410 1655 284 49 (31-21721)

333 1722 252 70 [Brown,
615 1724 236 53 Arthur
879 1723 380 70 Wellington]
1295 1729 171 51 1852-
1682 1743 179 51 comp.

395 1801 215 53 Leaves
649 1801 153 54 from
838 1801 143 54 lives
1017 1803 228 53 trained
1282 1822 73 33 on
1393 1803 117 55 Old
1545 1802 320 69 Ironsides;
1905 1804 137 52 such
2081 1822 59 34 as

325 1803 1992 129 Samuel
452 1881 243 66 Barron,
729 1881 158 54 John
922 1883 206 67 Barry,
1162 1879 263 57 William
1463 1880 376 70 Bainbridge,
1875 1879 255 69 Stephen

326 1882 1992 143 Decatur,
478 1956 90 69 jr.,
607 1958 223 68 George
869 1959 230 68 Dewey,
1139 1958 269 70 Dulaney
1445 1960 251 65 Forrest,
1737 1959 165 52 Isaac
1941 1958 166 68 Hull,
2147 1957 192 69 Ralph

326 2034 191 69 Izard,
561 2036 181 53 Jacob
786 2037 192 67 Jones,
1022 2039 195 52 James
1260 2038 322 66 Lawrence,
1625 2036 251 53 Thomas
1919 2035 426 70 Macdonough,

326 2111 239 56 Charles
597 2115 231 66 Morris,
862 2115 201 55 Oliver
1095 2115 240 52 Hazard
1368 2116 201 66 Perry,
1601 2113 195 54 David
1828 2115 224 64 Porter,
2088 2113 256 53 Edward

326 2191 223 54 Preble.
600 2192 239 55 Charles
889 2191 266 71 Stewart,
1204 2193 153 56 Silas
1405 2193 227 68 Talbot,
1679 2189 263 56 William
1989 2193 71 52 Y.
2111 2191 233 67 Taylor,

325 2268 2020 71 Daniel Turner, and numerous others … [Providence, R. I.,
325 2347 1632 73 Press work by William R. Brown company, ᶜ193 1]
399 2430 1134 49 112 p. front., illus. (incl. ports.) 24½ ᶜᵐ .
401 2487 74 41 On
506 2498 141 30 cover:
706 2489 144 40 Tales
879 2489 53 40 of
962 2489 90 40 Old
1085 2487 263 42 Ironsides.

399 2545 150 41 Prose
578 2547 96 39 and
704 2548 184 46 poetry.

402 2601 1032 50 “Copyright … by Arthur W. Brown.”
335 2655 2014 53 © Aug. 5, 1931; 2c. and aff. Aug. 22; A 40959; A. W. Brown, Providence.
407 2717 56 41 R.
498 2718 36 40 I.
606 2718 283 50 (31-22415)

328 2782 228 68 Bullen,
588 2786 207 65 Henry
824 2786 212 66 Lewis,
1068 2788 170 55 1857-

397 2862 122 53 The
554 2862 359 72 Nuremberg
946 2865 314 67 chronicle;
1296 2884 82 49 or,
1410 2865 122 54 The
1564 2864 149 55 book
1746 2862 64 54 of
1843 2861 315 55 chronicles
2192 2859 158 53 from

326 2940 97 53 the
455 2940 318 71 beginning
807 2942 64 52 of
904 2943 96 54 the
1035 2944 199 67 world,
1269 2945 96 52 the
1399 2949 148 48 most
1581 2942 227 54 famous
1841 2940 65 54 of
1940 2939 254 56 German

326 2938 1994 133 picture
483 3018 176 55 books
687 3020 65 53 of
783 3022 96 52 the
908 3021 267 54 fifteenth
1210 3027 256 64 century,
1497 3021 232 69 printed
1760 3021 61 52 in
1850 3021 97 51 the
1978 3018 123 53 free
2133 3018 117 68 city
2282 3015 67 55 of

328 3096 359 71 Nuremberg
740 3099 60 52 in
852 3099 265 54 fourteen
1168 3100 260 54 hundred
1485 3102 46 51 &
1581 3098 417 69 ninety-three:
2051 3097 75 54 its
326 3095 1997 152 background,

612 3177 74 53 its
729 3195 372 50 provenance,
1144 3180 73 52 its
1259 3184 265 62 creators,
1566 3179 74 53 its
1683 3183 254 63 patrons,
1977 3176 74 53 its
326 3175 1994 133 illustrations

524 3256 111 51 and
683 3256 74 53 its
801 3256 240 68 literary
1085 3258 136 67 plan:
1297 3276 32 34 a
1375 3257 378 70 monograph,
1793 3256 78 69 by
1913 3256 208 68 Henry
2159 3252 192 55 Lewis

329 3330 2022 59 Bullen … With a leaf from the first Latin edition. San
327 3410 325 62 Francisco,
690 3412 240 53 Printed
972 3413 93 52 for
1101 3414 96 53 the
1234 3414 163 53 Book
1434 3413 129 53 club
1599 3412 66 54 of
1697 3412 328 55 California
2060 3411 79 70 by
2174 3411 56 53 J.
2266 3410 83 53 H.

325 3488 177 70 Nash,
552 3492 151 51 1930.

398 3571 1686 53 2 p. l. , [iii]-xxv p. front., illus. (incl. map) facsims. 48 ᶜᵐ .
401 3628 1946 53 “Three hundred copies have been printed … This is copy no. 246.”
400 3686 130 40 “The
572 3697 120 38 copy
734 3687 53 40 of
826 3688 82 40 the
950 3688 303 48 Nuremberg
1293 3688 245 42 chronicle
1582 3690 119 39 used
1743 3688 50 40 in
1838 3688 83 41 the
1961 3687 199 48 present
2202 3686 147 48 study

329 3742 51 39 of
415 3743 83 40 the
531 3744 124 41 book
691 3745 41 38 is
767 3745 52 40 of
854 3746 82 39 the
970 3745 208 48 original
1215 3746 147 40 Latin
1397 3746 201 46 edition,
1634 3756 109 31 now
1779 3745 50 40 in
1866 3746 81 40 the
1983 3742 278 51 possession
2296 3742 54 41 of

329 3798 81 40 the
441 3799 341 50 Typographic
814 3801 187 48 library
1032 3803 98 39 and
1160 3812 221 30 museum
1416 3802 49 41 in
1500 3804 173 45 Jersey
1707 3801 262 49 City.”—p.
2020 3800 54 40 [iii]

335 3850 51 53 ©
415 3856 119 42 Nov.
563 3858 68 44 15,
660 3858 115 40 1930;
830 3858 67 42 2c.
929 3861 112 46 May
1069 3860 70 45 25,
1169 3858 85 40 1931;
1342 3860 82 41 aff.
1454 3862 122 47 Aug.
1607 3860 58 40 10;
1722 3860 43 39 A
1790 3859 174 46 41218;
1996 3857 135 41 Book
2162 3855 109 42 club
2300 3856 51 38 of

404 3912 289 45 California,
725 3916 94 40 San
851 3917 275 40 Francisco.
1198 3917 285 52 (31-22232)
