2505 4370
1290 4026 101 53 798

336 375 173 64 Ross,
540 373 184 65 Colin,
757 379 172 50 1885-

470 452 1885 74 … Der unvollendete kontinent; mit 104 abbildungen und
336 529 155 55 einer
518 531 179 52 karte.
774 529 258 72 Leipzig,
1062 532 65 53 F.
1157 531 70 55 A.
1258 531 352 70 Brockhaus,
1643 536 150 50 1930.

408 612 1171 49 282 p. front., illus. (map) plates. 19 ½ᶜᵐ .
343 680 1850 53 © May 15, 1930; 1c. Dec. 18; A— Foreign 10907; F. A. Brockhaus.
423 741 282 50 (31-12979)

335 836 356 66 Rouquerol,
720 836 150 54 Jean
896 836 242 65 Joseph.

332 915 1998 146 … Le drame de Douaumont; avec 1 croquis et 18 photographies
637 993 331 52 hors-texte.
1045 993 187 68 Paris,
1267 994 205 67 Payot,
1508 997 151 50 1931.

336 1073 2004 166 2 p. l., [7]-152, [2] p. illus. (map) plates. 23 ᶜᵐ . (Collection de mémoires, études et documents pour servir à l’histoire de la guerre mondiale)
405 1248 67 40 At
500 1248 125 40 head
654 1247 52 40 of
733 1246 138 41 title:
902 1245 209 42 Général
1140 1246 45 41 J.
1214 1246 295 48 Rouquerol.

341 1301 1563 110 © Mar. 14, 1931; 1c. Apr. 24; A— Foreign 11937; Payot. (31-12980)
334 1457 196 66 Rugg,
560 1456 225 55 Harold
817 1456 276 65 Ordway,
1127 1461 175 51 1886-

410 1533 1887 72 Culture and education in America [by] Harold Rugg …
338 1613 1636 69 New York, Harcourt, Brace and company [ ᶜ 1931 ]
406 1696 464 50 xii, 404 p. 22 ᶜᵐ .
341 1753 51 52 ©
426 1758 81 38 May
568 1757 70 41 18,
669 1753 114 42 1931;
844 1755 66 40 2c.
941 1755 97 39 and
1069 1754 83 41 aff.
1183 1755 116 47 May
1330 1754 56 39 22;
1447 1754 42 39 A
1515 1754 146 41 38323;
1723 1755 265 42 Harcourt.
2020 1756 157 40 Brace
2208 1756 36 40 &
2275 1767 82 35 co.,

408 1815 92 40 inc.
572 1813 282 48 (31-13354)

333 1908 413 65 Salomonsky,
777 1910 140 53 Mrs.
947 1907 201 54 Verna
1187 1906 222 66 (Cook)
1450 1912 173 50 1890-

400 1986 409 69 Masterpieces
846 1985 64 54 of
949 1985 293 53 furniture
1279 1984 230 70 design;
1551 2006 32 35 a
1621 1984 299 54 collection
1957 1984 65 55 of
2057 1985 299 54 measured

330 2065 295 69 drawings
660 2064 407 68 accompanied
1100 2063 77 69 by
1211 2063 400 69 photographs
1648 2063 115 53 and
1800 2064 382 70 explanatory
2216 2068 141 65 text,

330 2143 65 54 of
423 2144 184 67 pieces
637 2141 64 54 of
733 2141 292 53 furniture
1056 2142 242 52 selected
1332 2140 152 53 from
1516 2141 161 53 those
1708 2160 72 34 on
1813 2141 321 54 exhibition
2167 2142 61 52 in
2258 2143 97 52 the

330 2221 420 68 Metropolitan
773 2238 256 35 museum
1055 2219 65 53 of
1144 2225 109 62 art,
1276 2220 96 52 the
1399 2218 299 71 Brooklyn
1722 2238 257 35 museum
2005 2219 63 53 of
2096 2225 118 48 arts
2242 2220 110 52 and

329 2298 262 68 sciences,
630 2299 97 52 the
768 2299 221 52 Boston
1027 2297 266 53 Museum
1333 2297 65 54 of
1438 2297 111 53 fine
1591 2303 136 63 arts,
1768 2298 97 53 the
1908 2298 203 53 Rhode
2153 2298 199 54 Island

329 2377 194 54 school
567 2376 65 54 of
676 2376 203 69 design
925 2377 114 52 and
1083 2376 98 52 the
1228 2375 180 54 Essex
1451 2376 281 53 institute.
1815 2376 92 69 By
1952 2376 195 54 Verna
2196 2375 158 55 Cook

332 2455 400 68 Salomonsky.
802 2453 203 55 Grand
1039 2453 244 69 Rapids,
1318 2453 327 53 Periodical
1680 2453 339 70 publishing
2054 2472 300 51 company,

333 2536 152 50 1931.

403 2613 41 51 [8]
489 2623 60 39 p.,
582 2613 87 41 101
700 2624 61 37 pl.
822 2612 118 42 31ᶜᵐ.

402 2671 135 40 Each
567 2670 132 48 plate
731 2671 345 46 accompanied
1105 2669 62 47 by
1198 2669 104 41 leaf
1330 2669 121 41 with
1483 2669 294 49 descriptive
1809 2671 121 40 text.

401 2727 173 41 Issued
601 2727 50 39 in
674 2727 116 40 four
814 2725 262 49 portfolios
1101 2726 225 41 enclosed
1353 2726 52 40 in
1430 2737 29 30 a
1487 2737 124 33 case.

767 2814 11 10 CONTENTS.—I.
807 2783 168 40 Index.
1035 2781 191 49 Chairs,
1258 2784 313 40 settees.—II.
1601 2782 190 50 Chairs,
1822 2782 313 43 tables.—III.
2162 2782 191 48 Tables,

331 2839 301 49 sideboards,
671 2840 313 41 chests.—IV.
1024 2838 173 49 Desks,
1239 2839 305 50 secretaries,
1587 2838 252 51 highboys,
1881 2839 131 43 beds,
330 2839 2007 100 miscellaneous.

339 2952 52 53 ©
424 2958 113 46 May
567 2956 39 48 2,
637 2955 114 41 1931;
810 2956 68 40 2c.
908 2955 118 40 each
1058 2956 113 47 May
1203 2956 47 37 11;
1318 2954 81 42 aff.
1432 2956 114 47 May
1576 2955 27 40 9;
1663 2956 40 39 A
1733 2954 145 43 38295;
1939 2956 275 41 Periodical
2244 2957 109 48 pub.

407 3025 68 29 co.
547 3012 283 50 (31-13973)

332 3107 280 65 Sanders,
640 3106 203 54 Jewell
874 3106 275 56 Edward.

332 3183 1993 134 Safety and health in organized camps, by J. Edward Sanders … New
821 3264 180 65 York,
1041 3263 276 53 National
1352 3262 214 54 bureau
1607 3262 65 53 of
1708 3263 258 69 casualty
2005 3264 114 52 and
2157 3269 192 63 surety

330 3339 428 69 underwriters,
793 3344 152 50 1931.

404 3421 102 48 viii,
538 3422 84 41 133
656 3433 42 37 p.
731 3423 110 40 incl.
875 3422 195 48 diagrs.,
1103 3422 169 40 forms.
1334 3421 116 41 23ᶜᵐ.
1526 3421 358 49 (Publications
1918 3422 52 40 of
2004 3422 81 40 the
2118 3422 230 40 National

334 3479 185 40 bureau
557 3479 53 40 of
646 3481 224 46 casualty
907 3481 97 39 and
1042 3482 168 46 surety
1248 3478 366 42 underwriters.
1691 3478 325 41 Educational
2055 3479 165 43 series,
2258 3482 91 38 vol.

434 3535 14 49 VIII)

339 3590 52 53 ©
419 3596 114 46 May
560 3596 38 46 1,
625 3594 113 41 1931;
794 3594 67 41 2c.
888 3596 114 46 May
1028 3595 54 39 11;
1140 3593 82 41 aff.
1250 3596 114 46 May
1391 3593 54 40 12;
1500 3595 41 38 A
1567 3593 145 42 37369;
1769 3595 117 40 Natl.
1927 3595 187 40 bureau
2140 3595 54 39 of
408 3605 1926 94 casualty
548 3653 36 39 &
617 3654 168 45 surety
820 3652 365 40 underwriters.
1259 3651 281 48 (31-13833)

336 3746 217 65 Smith,
584 3748 191 53 Alven
807 3749 264 62 Martyn.

408 3826 250 55 Thomas
686 3827 164 53 Flint
878 3828 111 53 and
1017 3827 264 54 William
1309 3827 179 67 Flint,
1516 3827 66 54 of
1608 3826 208 69 Salem,
1842 3827 191 68 Mass.,
2061 3827 114 53 and
2202 3826 150 52 their

338 3904 389 53 descendants.
804 3905 141 54 Also
998 3905 65 52 of
1115 3905 95 53 the
1264 3905 280 69 probably
1598 3906 297 54 unrelated
1948 3906 144 54 lines
2145 3905 64 52 of
2258 3904 93 52 Lt.
