2575 4398
1411 4094 29 49 48

471 474 251 43 “Selected
754 476 85 40 list
869 476 51 39 of
950 479 80 38 art
1061 478 191 46 works;
1284 488 132 30 some
1447 478 52 40 of
1529 479 84 40 the
1643 478 323 51 outstanding
1996 480 163 41 works
2189 479 53 42 of
2271 483 80 39 art
2380 482 51 41 in

397 532 78 42 six
507 532 54 41 of
595 534 83 39 the
712 537 140 45 great
886 534 165 48 public
1082 534 230 48 galleries
1347 534 52 42 of
1435 536 82 40 the
1552 535 180 42 United
1772 536 166 41 States
1972 540 48 37 to
2056 538 56 41 be
2147 538 198 42 studied
2380 540 51 40 in

397 590 286 41 connection
711 591 120 40 with
859 592 229 48 chapters
1115 592 53 40 of
1195 591 100 41 this
1324 592 180 42 book”.:
1534 604 43 38 p.
1605 593 189 42 91-129.

402 658 52 53 ©
492 663 103 42 Oct.
631 664 71 46 30,
739 662 143 48 1930;
920 664 68 40 2c.
1026 665 96 39 and
1160 663 82 41 aff.
1281 664 111 41 Jan.
1430 665 39 48 8,
1506 663 144 50 1931;
1689 665 42 40 A
1766 664 174 50 32648;
1981 666 55 42 R.
2075 667 61 41 H.
2174 668 257 51 Wilenski,

471 721 288 49 Middlesex,
798 722 240 49 England.
1111 721 255 48 (31-1532)

397 832 310 68 Williams,
744 832 168 57 Elva.

391 910 2014 150 Step lively, by Elva Williams. New York, Sears publishing company, inc. [ ᶜ1 931 ]
464 1074 564 50 3 p. l., 306 p. 19½ᶜᵐ.
400 1141 52 54 ©
484 1146 110 41 Jan.
625 1145 40 50 2,
698 1145 141 43 1931;
873 1146 69 42 2c.
973 1148 97 39 and
1102 1146 81 42 aff.
1218 1148 110 40 Jan.
1361 1147 53 47 6;
1447 1147 42 40 A
1518 1147 175 49 32564;
1730 1148 146 42 Sears
1907 1149 112 49 pub.
2050 1159 84 39 co.,
2166 1149 94 42 inc.

478 1204 224 51 (31-603)

399 1314 310 67 Williams,
738 1317 240 55 Samuel
1008 1317 324 66 Robinson,
1365 1320 173 54 1879-

463 1392 298 71 Magnetic
810 1395 387 69 phenomena;
1250 1414 75 35 an
1371 1396 352 70 elementary
1770 1396 253 69 treatise,
2068 1397 76 70 by
2196 1396 234 57 Samuel

392 1473 2013 153 Robinson Williams … 1st ed. New York and London, McGraw-Hill book company, inc., 1931.
465 1637 121 48 xxii,
629 1638 87 41 230
759 1649 43 38 p.
846 1638 114 41 incl.
999 1639 168 43 front.,
1210 1638 146 46 illus.,
1402 1638 182 50 diagrs.
1656 1639 118 41 24ᶜᵐ.
1858 1638 305 50 (Half-title:
395 1642 2013 95 International
580 1695 153 42 series
763 1695 50 40 in
845 1694 223 50 physics)
1196 1694 131 49 $3.00

464 1752 356 50 Bibliography
859 1756 53 38 at
949 1754 91 40 end
1080 1753 53 41 of
1170 1754 139 48 chap.
1346 1754 27 39 2;
1442 1753 408 49 bibliographical
1890 1754 282 42 foot-notes.

399 1822 52 54 ©
480 1827 113 42 Jan.
621 1826 39 48 5,
690 1824 142 48 1931;
863 1826 68 40 2c.
961 1826 111 40 Jan.
1101 1826 53 40 7:
1187 1825 82 42 aff.
1300 1826 110 39 Jan.
1442 1825 52 47 8;
1526 1825 42 40 A
1595 1825 175 49 32652;
1803 1826 358 42 McGraw-Hill
2191 1828 127 40 book
2346 1839 83 39 co.,

466 1885 92 41 inc.
630 1884 255 50 (31-1544)

397 1994 310 66 Williams,
740 1995 228 55 Walter
1000 1994 352 62 Wilkinson,
1389 2000 173 51 1892-

461 2072 112 55 Sex
604 2073 244 69 hygiene
883 2073 110 53 and
1028 2073 404 69 reproduction
1469 2073 63 53 of
1563 2073 188 68 cattle,
1782 2073 74 70 by
1889 2076 88 53 W.
2015 2075 84 53 W.
2134 2073 291 55 Williams

451 2151 1258 70 … Springfield, Mass., The author, 1930.
463 2236 96 48 xvi,
587 2237 99 47 252,
717 2238 54 50 [4]
800 2247 42 39 p.
874 2237 107 41 incl.
1009 2238 87 40 col.
1124 2237 163 44 front.,
1317 2237 143 47 illus.,
1488 2236 155 50 diagr.
1706 2237 146 43 19½ᶜᵐ.

462 2295 160 40 Blank
650 2305 150 38 pages
826 2295 78 41 for
934 2295 208 40 “Notes”
1184 2295 49 48 (4
1262 2298 51 38 at
1344 2295 116 48 end)

463 2351 353 43 “References”
847 2354 51 39 at
925 2354 91 39 end
1043 2352 52 40 of
1121 2353 118 39 each
1268 2352 202 49 chapter
1498 2354 171 46 except
1695 2354 109 39 two.

398 2421 52 53 ©
490 2426 120 41 Nov.
648 2426 40 48 1,
729 2424 142 47 1930;
913 2424 67 42 2c.
1021 2425 113 41 Dec.
1175 2425 53 47 8;
1270 2436 25 29 aff.
1394 2425 113 41 Dec.
1545 2425 56 47 4;
1643 2425 41 39 A
1722 2423 175 49 32583;
1939 2425 72 41 W.
2052 2425 74 42 W.
2166 2424 261 50 Williams,

467 2483 308 49 Springfield,
809 2484 148 40 Mass.
1033 2483 255 50 (31-1263)

392 2594 403 67 Willoughby,
825 2597 223 54 Westel
1078 2596 361 65 Woodbury,
1471 2596 172 55 1867-

459 2672 325 69 Principles
813 2673 64 52 of
907 2673 94 53 the
1034 2672 433 55 constitutional
1497 2673 111 52 law
1639 2672 65 53 of
1732 2673 95 53 the
1857 2671 218 56 United
2111 2673 210 67 States,
2348 2671 76 70 by

389 2750 2034 72 Westel W. Willoughby … 2d ed. New York, Baker, Voorhis
387 2832 45 50 &
458 2849 97 49 co.,
589 2834 151 52 1930.

461 2914 189 49 lxxxix,
683 2916 86 41 884
799 2925 43 39 p.
903 2916 119 43 24ᶜᵐ.

463 2972 103 41 “An
605 2973 308 49 abridgment
953 2974 50 39 of
1040 2973 84 42 the
1161 2973 221 41 author’s
1420 2974 163 44 larger
1622 2973 147 46 work,
1813 2972 83 41 the
1935 2973 173 41 second
2150 2972 185 41 edition
2375 2972 52 41 of

393 3030 158 41 which
658 3041 22 30 was
706 3030 257 49 published
991 3031 49 40 in
1065 3031 116 41 1929
1209 3031 45 40 in
1285 3032 138 39 three
1448 3031 218 40 volumes
1694 3030 152 42 under
1871 3030 84 41 the
1981 3029 110 42 title
2118 3029 103 42 The
388 3030 2018 99 constitutional

635 3089 95 41 law
762 3089 53 40 of
843 3088 83 42 the
959 3088 177 42 United
1175 3087 403 42 States.”—Pref.

462 3147 229 42 Lettered
720 3158 57 30 on
810 3156 168 32 cover:
1016 3147 181 41 Second
1231 3145 225 42 students
1485 3144 196 42 edition.

398 3214 52 53 ©
486 3219 112 41 Jan.
633 3219 40 48 2,
708 3216 143 50 1931;
887 3218 68 41 2c.
993 3219 110 41 Jan.
1140 3218 52 47 6;
1263 3218 51 41 aff.
1350 3218 110 39 Jan.
1498 3217 25 38 5;
1588 3217 43 39 A
1664 3215 174 49 32595;
1875 3217 75 41 W.
1985 3217 73 41 W.
2095 3215 329 49 Willoughby,

465 3277 286 40 Baltimore.
827 3276 254 49 (31-1175)

393 3371 244 66 Wilson,
672 3373 222 54 Archie
929 3373 148 63 Dell,
1114 3374 171 54 1875-

462 3451 295 54 Elements
787 3450 66 53 of
883 3450 156 54 farm
1070 3450 269 69 practice,
1371 3450 285 69 prepared
1687 3448 309 70 especially
2028 3447 97 54 for
2154 3447 269 69 teaching

392 3529 349 69 elementary
795 3529 383 69 agriculture;
1236 3548 32 34 a
1321 3529 280 68 complete
1655 3527 250 55 revision
1959 3528 115 52 and
2127 3525 293 55 extension

390 3605 2029 73 of “Agriculture for young folks”, by A. D. Wilson … and
393 3688 67 53 E.
498 3688 92 54 W.
627 3687 243 56 Wilson.
951 3687 132 54 14th
1124 3688 85 53 ed.
1287 3685 84 58 St.
1412 3686 168 60 Paul,
1618 3685 207 68 Minn.,
1861 3684 183 57 Webb
2083 3683 340 72 publishing

391 3785 99 39 co.,
521 3770 152 51 1930.

463 3851 89 41 368
578 3862 44 37 p.
648 3850 112 42 incl.
789 3850 167 48 front.,
986 3850 145 48 illus.,
1161 3850 182 49 diagrs.
1515 3882 7 7 20ᶜᵐ.

465 3907 383 50 Bibliography:
879 3919 43 38 p.
952 3907 220 42 356-358.

399 3976 52 53 ©
486 3980 129 49 Sept.
648 3981 70 48 17,
751 3980 140 43 1930;
927 3979 67 41 2c.
1028 3980 111 41 Jan.
1173 3979 68 42 12,
1275 3977 106 41 1931;
1453 3988 25 30 a
1485 3977 50 41 ff.
1570 3978 110 40 Jan.
1714 3976 83 49 10;
1832 3977 42 40 A
1905 3976 173 48 32747;
2114 3976 151 42 Webb
2299 3976 124 40 book

467 4038 111 49 pub.
619 4049 68 30 co.
759 4037 254 50 (31-1799)
