2428 4370
1153 4045 134 53 1472

212 467 134 54 filed
388 468 59 51 in
487 467 176 68 April
703 469 112 51 and
856 468 170 66 June,
1069 470 152 66 1931,
1262 470 113 52 and
1415 487 153 35 cases
1605 469 250 52 wherein
1896 468 330 70 rehearings

213 564 144 35 were
392 546 206 53 denied
633 551 60 48 at
729 546 93 53 the
857 546 152 54 June
1044 550 163 66 term,
1247 549 150 51 1931.
1474 546 229 56 Samuel
1741 547 249 70 Pashley
2027 547 200 67 Irwin,

211 630 259 63 reporter
496 625 65 53 of
585 624 295 54 decisions.
944 624 431 69 Bloomington,
1402 626 113 69 Ill.,
1545 630 150 49 1931.

279 706 63 45 ix,
469 705 117 40 [11]-680
621 716 41 37 p.
725 705 145 40 22½ᶜᵐ.

266 762 1940 106 © Sept. 28, 1931; 2c. and aff. Oct. 2; A 42782; Samuel P. Irwin, Bloomington, Ill.
210 918 121 52 The
356 914 434 54 International
813 918 274 53 unbound
1113 918 330 69 anthology.
1521 917 260 55 Consuls’
1804 919 185 53 series.
2073 918 156 67 [New

281 991 179 64 York,
488 993 122 52 The
638 993 188 52 Poets’
853 993 183 69 guild,
1065 996 154 65 1930]

283 1074 370 52 [260] p. 24 ᶜᵐ .
280 1133 104 40 The
419 1132 267 49 anthology
721 1132 209 41 consists
965 1132 53 40 of
1052 1143 29 30 a
1115 1133 171 48 4-page
1321 1132 165 42 leaflet
1518 1132 81 42 for
1633 1134 122 40 each
1790 1134 220 49 country,
2046 1133 183 51 having

210 1189 123 48 title,
360 1190 187 41 edition
571 1191 115 39 note
710 1190 97 40 and
832 1190 26 39 1
884 1199 121 39 page
1032 1189 52 41 of
1110 1191 120 40 text.

280 1247 175 40 Issued
481 1246 53 41 in
561 1246 248 49 portfolio.

214 1300 51 52 ©
294 1305 115 47 Apr.
437 1305 68 47 13,
535 1303 114 42 1931;
706 1303 68 42 2c.
802 1304 97 40 and
927 1302 82 41 aff.
1042 1302 128 49 Sept.
1200 1303 59 40 10;
1313 1303 44 40 A
1380 1303 150 41 42484;
1586 1303 164 42 Poet’s
1773 1303 150 50 guild.

296 1361 283 49 (31-24887)

213 1458 221 63 James,
465 1459 139 52 Mrs.
634 1456 205 54 Bessie
868 1455 304 57 Rowland.

287 1534 104 55 Six
432 1533 118 54 feet
588 1534 107 69 six,
735 1534 95 53 the
871 1534 192 53 heroic
1104 1539 159 63 story
1303 1533 65 53 of
1412 1532 138 57 Sam
1590 1534 287 68 Houston,
1919 1534 75 70 by
2037 1535 193 53 Bessie

214 1613 284 53 Rowland
533 1612 197 55 James
765 1613 114 52 and
915 1612 262 68 Marquis
1212 1612 224 68 James;
1476 1612 142 53 with
1656 1612 384 54 illustrations
2078 1612 151 54 from

214 1689 1994 151 woodcuts by Lowell Balcom. Indianapolis, The Bobbs-Merrill company [ ᶜ1 931]
283 1853 1105 49 251 p. incl. illus., plates. front. 23½ ᶜᵐ .
283 1911 165 40 “First
481 1911 228 41 edition.”

283 1969 226 47 Adapted
539 1968 127 40 from
702 1968 128 40 “The
862 1967 199 41 Raven”
1093 1969 61 47 by
1186 1968 221 48 Marquis
1440 1969 180 39 James.

217 2021 52 53 ©
302 2026 128 48 Sept.
459 2026 55 38 12,
616 2026 83 46 1931;
729 2025 66 41 2c.
824 2027 96 39 and
949 2025 82 42 aff.
1063 2025 129 49 Sept.
1220 2025 84 47 24;
1335 2026 42 38 A
1403 2024 173 48 41790;
1608 2027 55 39 B.
1693 2026 56 38 R.

1779 2025 166 40 James
1975 2026 97 39 and
285 2026 1924 104 Marquis
427 2084 181 45 James,
642 2083 364 48 Pleasantville,
1042 2083 56 41 N.
1133 2084 52 38 Y.
1258 2082 283 50 (31-24759)

220 2176 322 72 [Jouvenel,
577 2179 171 52 Mme.
788 2177 293 54 Gabrielle
1119 2177 284 55 Claudine
1448 2176 292 67 (Colette)
1786 2177 88 68 de]

283 2258 122 52 The
429 2258 161 53 other
615 2276 120 50 one,
759 2259 74 68 by
859 2257 223 55 Colette
1110 2258 214 67 [pseud.]
1370 2257 320 53 translated
1716 2257 153 53 from
1890 2258 96 51 the
2008 2257 224 52 French

214 2336 75 69 by
320 2335 172 55 Viola
523 2335 223 55 Gerard
777 2335 49 55 G
834 2335 182 53 atwin.
1083 2336 140 52 New
1255 2336 182 69 York,
1470 2335 435 69 Cosmopolitan
1934 2335 148 54 book
214 2354 1993 129 corporation,
531 2417 152 50 1931.

285 2495 684 50 3 p. l., 240-, [1] p. 19½ ᶜᵐ .
218 2548 52 53 ©
298 2553 128 47 Sept.
450 2553 70 48 25,
546 2552 113 41 1931;
714 2553 68 41 2c.
808 2553 128 48 Sept.
961 2553 57 40 28;
1072 2553 83 41 aff.
1184 2554 126 47 Sept.
1338 2552 57 41 26;
1449 2554 41 38 A
1513 2551 146 42 41934;
1716 2551 363 49 Cosmopolitan
2105 2553 123 39 book

287 2610 325 48 corporation.
684 2610 282 50 (31-25050)

220 2704 430 68 [Katzenstein,
681 2704 212 69 Julius]
934 2711 173 50 1890-

281 2782 120 52 The
450 2782 247 54 Messiah
745 2781 62 53 of
854 2782 189 71 Ismir,
1090 2781 268 56 Sabbatai
1407 2782 151 69 Zevi,
1602 2782 75 71 by
1722 2782 215 69 Joseph
1984 2779 243 55 Kastein

233 2860 215 69 [pseud.]
505 2861 314 52 translated
871 2862 73 69 by
994 2862 261 71 Huntley
1307 2862 289 52 Paterson.
1685 2861 137 53 New
1877 2860 180 69 York,
2106 2860 122 52 The

212 2938 220 70 Viking
459 2958 173 49 press,
663 2942 149 51 1931.

281 3019 1187 50 4 p. l., 3-346 p. front., plates, ports. 22 ᶜᵐ .
283 3077 351 48 Bibliography
653 3088 9 28 :
696 3088 43 37 p.
769 3076 217 42 341-343.

220 3133 51 52 ©
305 3138 127 47 Sept.
463 3138 39 46 8,
532 3136 107 41 1931;
706 3137 68 41 2c.
806 3137 127 48 Sept.
966 3138 49 38 11;
1080 3136 81 41 aff.
1197 3137 127 48 Sept.
1356 3136 59 41 10;
1472 3137 40 39 A
1541 3137 145 41 42285;
1748 3137 180 49 Viking
1956 3147 150 39 press,
2138 3137 90 40 inc.

298 3193 282 49 (31-24862)

216 3275 260 64 Kerwin,
504 3277 140 53 Mrs.
675 3276 346 55 Madeleine.

285 3352 240 54 Kerwin
562 3372 72 34 on
671 3359 274 62 contract,
981 3356 97 53 the
1114 3353 202 54 official
1351 3359 228 64 system,
1614 3354 75 69 by
1725 3354 324 55 Madeleine

214 3354 1989 148 Kerwin. New York & London, The Century co. [ ᶜ1 931]
286 3512 84 46 xii,
402 3512 57 41 89
486 3524 44 37 p.
589 3513 57 40 17½ᶜᵐ.
854 3512 130 49 $1.00

292 3569 163 42 “First
484 3569 261 49 printing.”

221 3623 51 52 ©
317 3628 129 47 Sept.
487 3628 69 47 16,
597 3627 142 47 1931;
781 3628 66 40 2c.
890 3631 98 41 and
1028 3628 81 42 aff.
1154 3628 128 49 Sept.
1324 3628 82 47 19;
1450 3630 42 38 A
1529 3628 173 48 41719;
1747 3630 62 39 M.
1852 3629 215 48 Kerwin,
2109 3630 118 39 New

288 3685 145 40 York.
505 3685 281 47 (31-25053)

218 3762 230 66 Knapp,
483 3766 229 64 George
741 3767 289 64 Leonard,
1065 3768 170 54 1872-

286 3841 1941 72 The lone star of courage, by George L. Knapp … New
218 3919 158 52 York,
421 3921 191 65 Dodd,
639 3922 169 53 Mead
839 3922 112 53 and
981 3940 299 52 company,
1313 3925 151 51 1931.
