2428 4370
1026 4042 134 51 1575

82 494 186 56 States
312 494 86 70 (in
435 511 149 36 cases
616 492 215 70 having
866 491 150 53 their
1048 489 187 70 origin
1271 490 60 53 in
1363 493 94 51 the
1491 496 189 46 courts
1713 489 63 53 of
1809 490 94 51 the
78 489 1966 139 District

245 572 65 54 of
344 571 326 70 Columbia)
717 572 111 52 and
865 572 96 51 the
996 569 275 68 Supreme
1306 574 162 47 court
1501 567 64 54 of
1597 567 96 55 the
1727 565 246 56 District
2007 563 63 56 of

82 649 313 67 Columbia,
430 648 151 53 from
613 649 260 66 January
907 653 45 62 1,
986 649 151 66 1920,
1168 651 59 47 to
1257 647 263 65 January
1554 650 45 60 1,
1633 648 150 50 1931.
1814 644 74 68 by
1919 645 149 53 Wm.

82 720 1966 137 S. Torbert … Published under the direction of the Bar association
317 802 64 53 of
406 803 95 53 the
529 800 244 55 District
799 800 64 53 of
890 800 316 56 Columbia.
1281 798 402 69 Washington,
1710 800 71 51 D.
1811 798 81 66 C.,
1921 802 150 49 1931.

152 883 106 47 cvii,
285 884 85 40 729
394 895 43 37 p.
500 883 145 40 23½ᶜᵐ.

87 937 51 51 ©
164 940 100 41 Oct.
291 942 39 46 1,
356 940 140 46 1931;
523 939 66 41 2c.
616 941 95 38 and
737 938 80 41 aff.
845 938 104 42 Oct.
973 938 52 47 1;
1054 938 41 38 A
1119 936 171 47 42778;
1319 937 72 40 W.
1421 936 44 41 S.
1492 936 218 47 Torbert,
1739 935 334 47 Washington.

163 996 278 49 (31-29042)

84 1090 282 65 Towsley,
395 1091 178 53 Lena.

155 1171 198 67 Peggy
378 1170 111 52 and
513 1170 194 54 Peter;
735 1170 152 50 what
910 1169 134 66 they
1068 1169 101 51 did
1193 1167 191 68 today,
1408 1167 75 69 by
1505 1166 155 53 Lena
1684 1166 259 68 Towsley
1968 1164 112 53 and

85 1250 99 50 her
234 1264 234 35 camera.
545 1246 137 52 New
735 1246 178 54 York.
963 1245 216 51 Farrar
1229 1244 51 50 &
1332 1243 298 65 Rinehart,
1682 1242 397 67 incorporated

164 1329 116 62 [ ᶜ1 931]
258 1403 632 51 [111] p. illus. 23½ × 23½ᶜᵐ.
158 1462 163 39 “First
347 1460 259 49 printing.”

91 1514 50 52 ©
170 1518 102 41 Oct.
296 1518 39 47 5,
362 1516 140 47 1931;
531 1517 65 39 2c.
625 1515 101 42 Oct.
755 1518 49 38 7:
833 1516 82 40 aff.
945 1516 102 40 Oct.
1073 1515 82 47 10;
1184 1516 42 38 A
1250 1515 171 46 43147;
1452 1515 50 38 L.
1530 1515 233 47 Towsley,
1792 1514 116 39 New
1936 1514 144 39 York.

167 1572 278 50 (31-28042)

86 1666 190 66 Tyler,
308 1668 206 63 Henry
542 1667 206 65 Teller,
780 1673 168 50 1900-

150 1743 122 54 The
298 1742 235 70 bearing
561 1743 63 53 of
652 1743 210 53 certain
892 1743 349 71 personality
1270 1743 215 55 factors
1514 1742 160 54 other
1702 1741 138 55 than
84 1741 1971 146 intelligence

283 1838 71 34 on
389 1819 281 53 academic
704 1837 237 50 success;
980 1840 31 33 a
1045 1819 171 71 study
1250 1820 63 52 of
1344 1826 135 47 tests
1512 1819 164 56 made
1712 1825 59 47 at
1804 1819 277 53 Teachers

87 1895 1993 73 college, Columbia university, by Henry T. Tyler … New
89 1973 159 54 York
292 1973 131 68 city,
467 1974 276 53 Teachers
788 1973 225 69 college,
1059 1973 300 55 Columbia
1405 1973 333 69 university,
1786 1976 149 49 1931.

155 2054 61 49 vi,
252 2056 55 40 89
342 2065 43 38 p.
420 2055 107 41 incl.
566 2056 140 40 form.
766 2055 144 42 23½ᶜᵐ.
986 2056 263 47 (Teachers
1284 2056 191 48 college,
1514 2055 248 42 Columbia
1800 2055 284 47 university.

88 2111 360 41 Contributions
475 2115 49 39 to
554 2112 266 45 education,
851 2124 74 29 no.
953 2112 112 48 468)

156 2167 259 42 Published
442 2169 103 40 also
570 2179 56 29 as
652 2166 151 44 thesis
840 2169 106 48 (PH.
1005 2171 34 46 D.)
1077 2168 247 42 Columbia
1354 2167 283 49 university.

159 2222 1928 52 “The present study deals with the data from … the Self-ordinary-
88 2280 126 40 ideal
242 2280 163 49 rating
432 2279 275 49 scale.”—p.
735 2279 68 41 16.

158 2334 370 50 Bibliography:
561 2347 43 37 p.
636 2335 156 43 85-89.

97 2389 50 52 ©
182 2395 113 46 May
327 2393 69 49 28,
431 2393 140 47 1931;
607 2393 68 41 2c.
709 2393 115 47 July
857 2393 53 47 3;
947 2392 82 42 aff.
1064 2393 117 47 July
1215 2393 82 47 16;
1334 2394 41 38 A
1407 2393 171 47 40384;
1616 2393 241 41 Teachers
1892 2393 192 49 college,

162 2450 246 41 Columbia
440 2451 283 47 university.
795 2448 280 50 (31-29053)

95 2543 288 65 Stillman,
414 2547 139 52 Mrs.
584 2545 246 52 Mildred
871 2544 342 66 (Whitney)

163 2624 119 51 The
320 2623 254 69 parson’s
609 2624 233 68 garden,
877 2624 75 69 by
986 2623 252 54 Mildred
1275 2623 275 70 Whitney
1590 2623 286 55 Stillman.
1952 2624 137 52 New

96 2699 1083 70 York city, Duffield & Green [ ᶜ1 931]
160 2778 683 53 5 p. l., 3-79, [1] p. 17½ᶜᵐ.
161 2836 191 49 Essays.

101 2889 50 52 ©
180 2894 126 48 Sept.
332 2894 70 46 25,
428 2892 140 45 1931;
597 2894 65 39 2c.
691 2895 95 39 and
811 2894 83 41 aff.
924 2894 125 47 Sept.
1076 2892 83 48 29;
1189 2895 41 38 A
1254 2893 172 48 41950;
1456 2894 207 41 Duffield
1688 2896 38 39 &
1755 2895 168 41 Green.

177 2950 276 48 (31-28909)

99 3044 270 67 Strange,
400 3045 155 54 John
587 3046 279 64 Stephen.

231 3124 1861 72 … Murder on the ten-yard line … Garden City, N. Y., Pub.
104 3200 92 53 for
220 3202 95 52 the
343 3202 189 54 Crime
560 3202 144 67 club,
730 3203 123 67 inc.,
880 3203 35 53 by
982 3203 356 70 Doubleday,
1365 3204 199 52 Doran
1590 3206 47 50 &
1662 3221 298 52 company,
1986 3204 105 53 inc.

107 3281 170 63 [ ᶜ1 931]
163 3357 533 50 4 p. l., 307 p. 20ᶜᵐ.
168 3412 160 42 “First
356 3414 225 43 edition.”

105 3465 50 52 ©
191 3471 125 47 Sept.
349 3472 68 47 17,
449 3470 113 41 1931;
623 3471 68 41 2c.
722 3473 94 39 and
848 3472 81 39 aff.
966 3473 128 48 Sept.
1126 3472 83 48 25;
1242 3474 41 38 A
1314 3472 171 48 42971;
1522 3474 297 48 Doubleday,
1853 3474 168 41 Doran
2054 3475 37 40 &

174 3536 79 36 co.,
283 3527 88 40 inc.
443 3526 279 51 (31-28913)

104 3604 217 67 Unger,
349 3608 274 55 Eckhard
647 3609 150 53 Axel
821 3610 161 64 Otto,
1011 3617 170 49 1885-

176 3686 286 68 Babylon;
497 3688 90 53 die
616 3688 208 70 heilige
853 3692 155 51 stadt
1036 3690 144 53 nach
1212 3692 101 51 der
1340 3690 409 70 beschreibung
1778 3692 99 53 der
105 3690 1963 138 Babylonier,

333 3782 108 34 von
473 3765 268 54 Eckhard
773 3767 213 68 Unger.
1061 3767 114 52 Mit
1207 3772 64 49 56
1303 3767 361 70 einfarbigen
1696 3769 118 52 und
1850 3773 27 48 1
109 3769 1962 138 mehrfarbigen

403 3842 142 53 tafel
578 3844 116 52 und
727 3844 104 52 mit
864 3845 181 53 einem
1077 3844 137 68 plan
1249 3863 111 34 von
1394 3846 277 66 Babylon.
1747 3846 201 53 Berlin
1977 3846 117 54 und

108 3916 250 71 Leipzig,
383 3919 89 52 W.
498 3920 69 53 de
591 3920 250 69 Gruyter
867 3924 45 50 &
938 3942 97 49 co.,
1064 3926 149 49 1931.
