<alto xmlns="http://www.loc.gov/standards/alto/ns-v3#" xmlns:xlink="http://www.w3.org/1999/xlink" xmlns:xsi="http://www.w3.org/2001/XMLSchema-instance" xsi:schemaLocation="http://www.loc.gov/standards/alto/ns-v3# http://www.loc.gov/alto/v3/alto-3-0.xsd"><Description>
<MeasurementUnit>pixel</MeasurementUnit>
<sourceImageInformation>
<fileName>1931_v28_Part001.pdf</fileName>
</sourceImageInformation>
<OCRProcessing ID="IdOcr">
<ocrProcessingStep>
<processingDateTime>2019-04-22</processingDateTime>
<processingSoftware>
<softwareCreator>ABBYY</softwareCreator>
<softwareName>ABBYY Recognition Server</softwareName>
<softwareVersion>4.0</softwareVersion>
</processingSoftware>
</ocrProcessingStep>
</OCRProcessing>
</Description>
<Styles>
<ParagraphStyle ID="StyleId-FFFFFFFF-FFFF-FFFF-FFFF-FFFFFFFFFFFF-" ALIGN="Left" LEFT="0." RIGHT="0." FIRSTLINE="0."/>
<ParagraphStyle ID="StyleId-204B5AEB-67A1-44E2-A013-34B3A0F3E0EA-" ALIGN="Right" LEFT="0." RIGHT="0." FIRSTLINE="0." LINESPACE="8.300000191"/>
<ParagraphStyle ID="StyleId-03245871-796C-4429-B3C7-F9019C8C5B89-" ALIGN="Left" LEFT="0." RIGHT="0." FIRSTLINE="0." LINESPACE="12.19999981"/>
<ParagraphStyle ID="StyleId-BDCA8811-25FF-44DB-8D6F-2072A4ABC070-" ALIGN="Center" LEFT="0." RIGHT="0." FIRSTLINE="0." LINESPACE="12.19999981"/>
<ParagraphStyle ID="StyleId-2C5B7DF0-AF87-455E-B9A8-6FE387CB59BD-" ALIGN="Left" LEFT="0." RIGHT="0." FIRSTLINE="-13." LINESPACE="8.479999542"/>
<ParagraphStyle ID="StyleId-9FB72FA1-55D5-4161-8333-823D5732F4D0-" ALIGN="Block" LEFT="0." RIGHT="0." FIRSTLINE="-14." LINESPACE="10."/>
<ParagraphStyle ID="StyleId-212AEB8C-A829-4BF1-8E45-5BFE386A469C-" ALIGN="Block" LEFT="0." RIGHT="0." FIRSTLINE="-14." LINESPACE="11.35000038"/>
<ParagraphStyle ID="StyleId-4EC79CC1-EA62-49CE-ABB6-D84DDFCF4C7D-" ALIGN="Block" LEFT="0." RIGHT="0." FIRSTLINE="-10." LINESPACE="12.19999981"/>
<ParagraphStyle ID="StyleId-DAF2E8EE-6444-4951-9284-36A6C020C887-" ALIGN="Left" LEFT="0." RIGHT="0." FIRSTLINE="0." LINESPACE="9.399999619"/>
<ParagraphStyle ID="StyleId-25241749-1672-4977-B19F-38F59800D6D8-" ALIGN="Left" LEFT="0." RIGHT="0." FIRSTLINE="0." LINESPACE="11.10000038"/>
<ParagraphStyle ID="StyleId-8C523E19-EDEF-4F23-B010-536E1A1AAE1A-" ALIGN="Left" LEFT="0." RIGHT="0." FIRSTLINE="-13." LINESPACE="12.19999981"/>
<ParagraphStyle ID="StyleId-A1F9DE9E-2625-4D8B-AD7E-F0A0034C2989-" ALIGN="Block" LEFT="0." RIGHT="0." FIRSTLINE="0." LINESPACE="12.19999981"/>
<ParagraphStyle ID="StyleId-5725BB01-2B1C-440F-BAF2-696C4F4DF162-" ALIGN="Block" LEFT="0." RIGHT="0." FIRSTLINE="13." LINESPACE="12.19999981"/>
<ParagraphStyle ID="StyleId-F10A2092-61AA-44FD-99C2-123B3A8051CF-" ALIGN="Left" LEFT="0." RIGHT="0." FIRSTLINE="0." LINESPACE="5.5"/>
<ParagraphStyle ID="StyleId-B3CDC8CC-D2E1-4A23-B67C-CDD40993D1DD-" ALIGN="Left" LEFT="0." RIGHT="0." FIRSTLINE="0." LINESPACE="10."/>
<ParagraphStyle ID="StyleId-871EBF53-D909-4C8F-B368-AC7D897344DD-" ALIGN="Left" LEFT="0." RIGHT="0." FIRSTLINE="0."/>
<ParagraphStyle ID="StyleId-C4129744-680B-4878-B2C4-44BA3742C8D7-" ALIGN="Block" LEFT="0." RIGHT="0." FIRSTLINE="-14." LINESPACE="11.35000038"/>
<ParagraphStyle ID="StyleId-9CE98075-0B04-43D4-88D8-CE3BAB51B419-" ALIGN="Block" LEFT="0." RIGHT="0." FIRSTLINE="-10." LINESPACE="12.19999981"/>
<ParagraphStyle ID="StyleId-B2CFB7B3-DFFA-4E0E-94D6-C2BCE88DA9A9-" ALIGN="Left" LEFT="0." RIGHT="0." FIRSTLINE="0." LINESPACE="12.5"/>
<ParagraphStyle ID="StyleId-8D3352F3-1084-4DDE-A35D-B97102CCE686-" ALIGN="Left" LEFT="0." RIGHT="0." FIRSTLINE="0." LINESPACE="11.60000038"/>
<ParagraphStyle ID="StyleId-4A8DDA0D-166D-4E22-A597-BA51B892602D-" ALIGN="Block" LEFT="0." RIGHT="0." FIRSTLINE="0." LINESPACE="11.21000004"/>
<ParagraphStyle ID="StyleId-90EA4001-AA3C-45A1-AEDC-D1E1169EE5E5-" ALIGN="Block" LEFT="0." RIGHT="0." FIRSTLINE="13." LINESPACE="12.19999981"/>
</Styles>
<Layout>
<Page ID="Page1264" PHYSICAL_IMG_NR="1264" HEIGHT="4370" WIDTH="2505">
<TopMargin HEIGHT="352" WIDTH="2505" VPOS="0" HPOS="0">
</TopMargin>
<LeftMargin HEIGHT="3709" WIDTH="292" VPOS="352" HPOS="0">
</LeftMargin>
<RightMargin HEIGHT="3709" WIDTH="153" VPOS="352" HPOS="2352">
</RightMargin>
<BottomMargin HEIGHT="309" WIDTH="2505" VPOS="4061" HPOS="0">
</BottomMargin>
<PrintSpace HEIGHT="3709" WIDTH="2060" VPOS="352" HPOS="292">
<TextBlock ID="Page1264_Block1" HEIGHT="51" WIDTH="217" VPOS="4010" HPOS="1240" LANG="en-US" STYLEREFS="StyleId-B9B13ED9-8CAD-488B-9A3E-F76365D4E252-">
<TextLine HEIGHT="47" WIDTH="137" VPOS="4013" HPOS="1246">
<String CONTENT="1264" HEIGHT="47" WIDTH="137" VPOS="4013" HPOS="1246"/>
</TextLine>
</TextBlock>
<TextBlock ID="Page1264_Block2" HEIGHT="3668" WIDTH="2060" VPOS="352" HPOS="292" CS="1" STYLEREFS="StyleId-9C4CB43E-A0A3-4B54-9809-0773BC487600-">
<Shape>
<Polygon POINTS="292,352 2352,352 2352,3953 1028,3953 1028,4020 292,4020 292,352"/>
</Shape>
<TextLine HEIGHT="52" WIDTH="1231" VPOS="446" HPOS="393" LANG="en-US" CS="1">
<String LANG="fr" CONTENT="v," HEIGHT="39" WIDTH="44" VPOS="455" HPOS="393"/>
<SP HEIGHT="30" WIDTH="30" VPOS="465" HPOS="438"/>
<String CONTENT="[1]" HEIGHT="48" WIDTH="56" VPOS="448" HPOS="469"/>
<SP HEIGHT="39" WIDTH="28" VPOS="457" HPOS="526"/>
<String LANG="fr" CONTENT="p.," HEIGHT="38" WIDTH="58" VPOS="457" HPOS="555"/>
<SP HEIGHT="47" WIDTH="26" VPOS="448" HPOS="614"/>
<String CONTENT="1" HEIGHT="38" WIDTH="25" VPOS="448" HPOS="641"/>
<SP/>
<String CS="1" CONTENT="l.," HEIGHT="17" WIDTH="9" VPOS="478" HPOS="730"/>
<SP HEIGHT="49" WIDTH="26" VPOS="446" HPOS="740"/>
<String CONTENT="247," HEIGHT="50" WIDTH="100" VPOS="446" HPOS="767"/>
<SP HEIGHT="30" WIDTH="31" VPOS="467" HPOS="868"/>
<String CONTENT="[1]" HEIGHT="49" WIDTH="55" VPOS="449" HPOS="900"/>
<SP HEIGHT="40" WIDTH="28" VPOS="458" HPOS="956"/>
<String CONTENT="p." HEIGHT="38" WIDTH="45" VPOS="458" HPOS="985"/>
<SP HEIGHT="41" WIDTH="56" VPOS="448" HPOS="1031"/>
<String CONTENT="front.," HEIGHT="50" WIDTH="168" VPOS="448" HPOS="1088"/>
<SP HEIGHT="50" WIDTH="26" VPOS="448" HPOS="1257"/>
<String CONTENT="illus." HEIGHT="42" WIDTH="132" VPOS="448" HPOS="1284"/>
<SP HEIGHT="38" WIDTH="58" VPOS="452" HPOS="1417"/>
<String CS="1" CONTENT="19&#189;&#7580;&#7504;." HEIGHT="44" WIDTH="148" VPOS="449" HPOS="1476"/>
</TextLine>
<TextLine HEIGHT="61" WIDTH="1848" VPOS="511" HPOS="327" LANG="en-US" CS="1">
<String CONTENT="&#169;" HEIGHT="53" WIDTH="52" VPOS="511" HPOS="327"/>
<SP HEIGHT="53" WIDTH="24" VPOS="511" HPOS="380"/>
<String CONTENT="Aug." HEIGHT="48" WIDTH="123" VPOS="516" HPOS="405"/>
<SP HEIGHT="40" WIDTH="25" VPOS="517" HPOS="529"/>
<String CONTENT="14," HEIGHT="47" WIDTH="69" VPOS="517" HPOS="555"/>
<SP HEIGHT="46" WIDTH="26" VPOS="518" HPOS="625"/>
<String CS="1" CONTENT="1931;" HEIGHT="43" WIDTH="115" VPOS="515" HPOS="652"/>
<SP HEIGHT="48" WIDTH="26" VPOS="517" HPOS="796"/>
<String CONTENT="2c." HEIGHT="42" WIDTH="68" VPOS="517" HPOS="823"/>
<SP HEIGHT="31" WIDTH="26" VPOS="528" HPOS="892"/>
<String CONTENT="and" HEIGHT="40" WIDTH="97" VPOS="519" HPOS="919"/>
<SP/>
<String CS="1" CONTENT="aff."/>
<SP HEIGHT="39" WIDTH="26" VPOS="520" HPOS="1127"/>
<String CONTENT="Aug." HEIGHT="47" WIDTH="122" VPOS="520" HPOS="1154"/>
<SP HEIGHT="40" WIDTH="25" VPOS="521" HPOS="1277"/>
<String CONTENT="17;" HEIGHT="47" WIDTH="82" VPOS="521" HPOS="1303"/>
<SP HEIGHT="47" WIDTH="28" VPOS="521" HPOS="1386"/>
<!-- cceid EE55B1CA-6E8D-1014-9CF5-AEB3FCA41D69 --><String CONTENT="A" HEIGHT="38" WIDTH="41" VPOS="521" HPOS="1415"/>
<SP HEIGHT="39" WIDTH="23" VPOS="521" HPOS="1457"/>
<String CS="1" CONTENT="41055;" HEIGHT="43" WIDTH="147" VPOS="519" HPOS="1481"/>
<SP HEIGHT="48" WIDTH="29" VPOS="521" HPOS="1656"/>
<String CONTENT="D." HEIGHT="41" WIDTH="57" VPOS="521" HPOS="1686"/>
<SP HEIGHT="41" WIDTH="27" VPOS="521" HPOS="1744"/>
<String CONTENT="Appleton" HEIGHT="51" WIDTH="243" VPOS="521" HPOS="1772"/>
<SP HEIGHT="42" WIDTH="25" VPOS="523" HPOS="2016"/>
<String CONTENT="&amp;" HEIGHT="42" WIDTH="38" VPOS="523" HPOS="2042"/>
<SP HEIGHT="42" WIDTH="25" VPOS="523" HPOS="2081"/>
<String CONTENT="co." HEIGHT="31" WIDTH="68" VPOS="534" HPOS="2107"/>
</TextLine>
<TextLine HEIGHT="51" WIDTH="284" VPOS="574" HPOS="405" LANG="en-US">
<String CONTENT="(31-21503)" HEIGHT="51" WIDTH="284" VPOS="574" HPOS="405"/>
</TextLine>
<TextLine HEIGHT="65" WIDTH="650" VPOS="671" HPOS="318" STYLEREFS="StyleId-495A0939-7F7D-4A52-818C-26EB0F359FD1-" LANG="en-US">
<String CONTENT="Wechssler," HEIGHT="65" WIDTH="356" VPOS="671" HPOS="318"/>
<SP HEIGHT="64" WIDTH="31" VPOS="672" HPOS="675"/>
<String CONTENT="Eduard." HEIGHT="56" WIDTH="261" VPOS="672" HPOS="707"/>
</TextLine>
<TextLine HEIGHT="73" WIDTH="1750" VPOS="750" HPOS="390" STYLEREFS="StyleId-6F6A5A63-0CDD-4B0D-B21D-E7B7384DF419-" CS="1">
<String LANG="en-US" CONTENT="Die" HEIGHT="54" WIDTH="112" VPOS="750" HPOS="390"/>
<SP HEIGHT="50" WIDTH="26" VPOS="770" HPOS="503"/>
<String LANG="en-US" CONTENT="generation" HEIGHT="69" WIDTH="336" VPOS="751" HPOS="530"/>
<SP HEIGHT="35" WIDTH="28" VPOS="771" HPOS="867"/>
<String LANG="de" CONTENT="als" HEIGHT="53" WIDTH="82" VPOS="753" HPOS="896"/>
<SP HEIGHT="70" WIDTH="29" VPOS="751" HPOS="979"/>
<String LANG="de" CONTENT="jugendreihe" HEIGHT="70" WIDTH="376" VPOS="751" HPOS="1009"/>
<SP HEIGHT="34" WIDTH="26" VPOS="772" HPOS="1386"/>
<String LANG="de" CONTENT="und" HEIGHT="53" WIDTH="119" VPOS="754" HPOS="1413"/>
<SP HEIGHT="54" WIDTH="26" VPOS="753" HPOS="1533"/>
<String LANG="de" CONTENT="ihr" HEIGHT="53" WIDTH="94" VPOS="753" HPOS="1560"/>
<SP HEIGHT="52" WIDTH="24" VPOS="754" HPOS="1655"/>
<String LANG="de" CS="1" CONTENT="kampf" HEIGHT="69" WIDTH="210" VPOS="754" HPOS="1680"/>
<SP HEIGHT="53" WIDTH="25" VPOS="755" HPOS="1891"/>
<String LANG="de" CONTENT="um" HEIGHT="34" WIDTH="99" VPOS="774" HPOS="1917"/>
<SP HEIGHT="52" WIDTH="27" VPOS="757" HPOS="2017"/>
<String LANG="de" CONTENT="die" HEIGHT="56" WIDTH="95" VPOS="754" HPOS="2045"/>
</TextLine>
<TextLine HEIGHT="144" WIDTH="2021" VPOS="757" HPOS="321" STYLEREFS="StyleId-6F6A5A63-0CDD-4B0D-B21D-E7B7384DF419-" LANG="de" CS="1">
<String CONTENT="denkform," HEIGHT="140" WIDTH="1998" VPOS="757" HPOS="321"/>
<SP HEIGHT="49" WIDTH="28" VPOS="848" HPOS="495"/>
<String CONTENT="von" HEIGHT="35" WIDTH="112" VPOS="848" HPOS="524"/>
<SP HEIGHT="53" WIDTH="29" VPOS="830" HPOS="637"/>
<String CONTENT="Eduard" HEIGHT="54" WIDTH="241" VPOS="830" HPOS="667"/>
<SP HEIGHT="54" WIDTH="28" VPOS="830" HPOS="909"/>
<String CONTENT="Wechssler." HEIGHT="55" WIDTH="336" VPOS="830" HPOS="938"/>
<SP HEIGHT="52" WIDTH="75" VPOS="831" HPOS="1275"/>
<String CONTENT="Mit" HEIGHT="53" WIDTH="114" VPOS="831" HPOS="1351"/>
<SP HEIGHT="53" WIDTH="26" VPOS="831" HPOS="1466"/>
<String CONTENT="figuren" HEIGHT="71" WIDTH="224" VPOS="830" HPOS="1493"/>
<SP HEIGHT="52" WIDTH="27" VPOS="833" HPOS="1718"/>
<String CONTENT="im" HEIGHT="52" WIDTH="79" VPOS="833" HPOS="1746"/>
<SP HEIGHT="47" WIDTH="28" VPOS="839" HPOS="1826"/>
<String LANG="en-US" CONTENT="text" HEIGHT="48" WIDTH="121" VPOS="839" HPOS="1855"/>
<SP HEIGHT="47" WIDTH="28" VPOS="840" HPOS="1977"/>
<String CONTENT="und" HEIGHT="53" WIDTH="120" VPOS="836" HPOS="2006"/>
<SP HEIGHT="53" WIDTH="29" VPOS="836" HPOS="2127"/>
<String CONTENT="vielen" HEIGHT="55" WIDTH="185" VPOS="835" HPOS="2157"/>
</TextLine>
<TextLine HEIGHT="73" WIDTH="1340" VPOS="907" HPOS="317" STYLEREFS="StyleId-6F6A5A63-0CDD-4B0D-B21D-E7B7384DF419-" LANG="de">
<String CONTENT="tabellen." HEIGHT="54" WIDTH="264" VPOS="907" HPOS="317"/>
<SP HEIGHT="52" WIDTH="75" VPOS="908" HPOS="582"/>
<String CONTENT="Leipzig," HEIGHT="70" WIDTH="261" VPOS="908" HPOS="658"/>
<SP HEIGHT="71" WIDTH="28" VPOS="907" HPOS="920"/>
<String CONTENT="Quelle" HEIGHT="64" WIDTH="201" VPOS="907" HPOS="949"/>
<SP HEIGHT="51" WIDTH="29" VPOS="912" HPOS="1151"/>
<String CONTENT="&amp;" HEIGHT="50" WIDTH="46" VPOS="912" HPOS="1181"/>
<SP HEIGHT="52" WIDTH="27" VPOS="910" HPOS="1228"/>
<String CONTENT="Meyer," HEIGHT="70" WIDTH="217" VPOS="910" HPOS="1256"/>
<SP HEIGHT="65" WIDTH="30" VPOS="915" HPOS="1474"/>
<String CONTENT="1930." HEIGHT="52" WIDTH="152" VPOS="913" HPOS="1505"/>
</TextLine>
<TextLine HEIGHT="38" WIDTH="97" VPOS="991" HPOS="388" CS="1">
<String LANG="de" CONTENT="1" HEIGHT="38" WIDTH="25" VPOS="991" HPOS="388"/>
<SP/>
<String LANG="fr" CONTENT="v." HEIGHT="30" WIDTH="44" VPOS="999" HPOS="441"/>
</TextLine>
<TextLine HEIGHT="57" WIDTH="1899" VPOS="1042" HPOS="323" LANG="de" CS="1">
<String CONTENT="&#169;" HEIGHT="53" WIDTH="52" VPOS="1042" HPOS="323"/>
<SP HEIGHT="53" WIDTH="36" VPOS="1042" HPOS="376"/>
<String LANG="fr" CONTENT="Sept." HEIGHT="50" WIDTH="131" VPOS="1045" HPOS="413"/>
<SP HEIGHT="42" WIDTH="33" VPOS="1046" HPOS="545"/>
<String CONTENT="10," HEIGHT="49" WIDTH="70" VPOS="1045" HPOS="579"/>
<SP HEIGHT="47" WIDTH="33" VPOS="1047" HPOS="650"/>
<String CS="1" CONTENT="1930;" HEIGHT="42" WIDTH="119" VPOS="1045" HPOS="684"/>
<SP HEIGHT="46" WIDTH="36" VPOS="1048" HPOS="828"/>
<String CONTENT="1c." HEIGHT="40" WIDTH="68" VPOS="1048" HPOS="865"/>
<SP HEIGHT="42" WIDTH="35" VPOS="1046" HPOS="934"/>
<String CONTENT="Oct." HEIGHT="41" WIDTH="102" VPOS="1046" HPOS="970"/>
<SP HEIGHT="38" WIDTH="36" VPOS="1049" HPOS="1073"/>
<String CS="1" CONTENT="14;" HEIGHT="39" WIDTH="55" VPOS="1048" HPOS="1110"/>
<SP HEIGHT="47" WIDTH="36" VPOS="1047" HPOS="1193"/>
<!-- cceid EE561988-6E8D-1014-9CF5-AEB3FCA41D69 --><String CONTENT="A&#8212;Foreign" HEIGHT="49" WIDTH="318" VPOS="1047" HPOS="1230"/>
<SP HEIGHT="42" WIDTH="30" VPOS="1047" HPOS="1549"/>
<String CS="1" CONTENT="9643;" HEIGHT="43" WIDTH="116" VPOS="1047" HPOS="1580"/>
<SP HEIGHT="49" WIDTH="38" VPOS="1048" HPOS="1725"/>
<String CONTENT="Quelle" HEIGHT="49" WIDTH="171" VPOS="1048" HPOS="1764"/>
<SP HEIGHT="42" WIDTH="32" VPOS="1049" HPOS="1936"/>
<String CONTENT="&amp;" HEIGHT="42" WIDTH="37" VPOS="1049" HPOS="1969"/>
<SP HEIGHT="42" WIDTH="34" VPOS="1049" HPOS="2007"/>
<String CONTENT="Meyer." HEIGHT="47" WIDTH="180" VPOS="1052" HPOS="2042"/>
</TextLine>
<TextLine HEIGHT="68" WIDTH="828" VPOS="1156" HPOS="315" STYLEREFS="StyleId-495A0939-7F7D-4A52-818C-26EB0F359FD1-">
<String LANG="en-US" CONTENT="White," HEIGHT="68" WIDTH="221" VPOS="1156" HPOS="315"/>
<SP HEIGHT="65" WIDTH="29" VPOS="1159" HPOS="537"/>
<String LANG="en-US" CONTENT="Eliza" HEIGHT="57" WIDTH="166" VPOS="1156" HPOS="567"/>
<SP HEIGHT="56" WIDTH="25" VPOS="1157" HPOS="734"/>
<String LANG="fr" CONTENT="Orne," HEIGHT="67" WIDTH="177" VPOS="1157" HPOS="760"/>
<SP HEIGHT="60" WIDTH="30" VPOS="1164" HPOS="938"/>
<String LANG="de" CONTENT="1856-" HEIGHT="52" WIDTH="174" VPOS="1163" HPOS="969"/>
</TextLine>
<TextLine HEIGHT="132" WIDTH="2000" VPOS="1236" HPOS="315" STYLEREFS="StyleId-6F6A5A63-0CDD-4B0D-B21D-E7B7384DF419-" LANG="en-US" CS="1">
<String CONTENT="When" HEIGHT="55" WIDTH="190" VPOS="1236" HPOS="386"/>
<SP HEIGHT="54" WIDTH="28" VPOS="1236" HPOS="577"/>
<String CONTENT="Abigail" HEIGHT="70" WIDTH="243" VPOS="1236" HPOS="606"/>
<SP HEIGHT="53" WIDTH="30" VPOS="1236" HPOS="850"/>
<String CONTENT="was" HEIGHT="37" WIDTH="119" VPOS="1253" HPOS="881"/>
<SP HEIGHT="34" WIDTH="27" VPOS="1256" HPOS="1001"/>
<String CONTENT="seven," HEIGHT="50" WIDTH="187" VPOS="1254" HPOS="1029"/>
<SP HEIGHT="68" WIDTH="27" VPOS="1236" HPOS="1217"/>
<String CONTENT="by" HEIGHT="69" WIDTH="77" VPOS="1236" HPOS="1245"/>
<SP HEIGHT="69" WIDTH="31" VPOS="1236" HPOS="1323"/>
<String CONTENT="Eliza" HEIGHT="55" WIDTH="168" VPOS="1236" HPOS="1355"/>
<SP HEIGHT="57" WIDTH="32" VPOS="1236" HPOS="1524"/>
<String CS="1" CONTENT="Orne" HEIGHT="57" WIDTH="159" VPOS="1236" HPOS="1557"/>
<SP HEIGHT="55" WIDTH="24" VPOS="1238" HPOS="1717"/>
<String CS="1" CONTENT="White;" HEIGHT="56" WIDTH="199" VPOS="1237" HPOS="1742"/>
<SP HEIGHT="50" WIDTH="33" VPOS="1256" HPOS="1970"/>
<String CONTENT="with" HEIGHT="53" WIDTH="142" VPOS="1239" HPOS="2004"/>
<SP HEIGHT="53" WIDTH="33" VPOS="1239" HPOS="2147"/>
<String CONTENT="illustrations" HEIGHT="128" WIDTH="2000" VPOS="1240" HPOS="315"/>
</TextLine>
<TextLine HEIGHT="73" WIDTH="1742" VPOS="1313" HPOS="596" STYLEREFS="StyleId-6F6A5A63-0CDD-4B0D-B21D-E7B7384DF419-" LANG="en-US">
<String CONTENT="from" HEIGHT="54" WIDTH="155" VPOS="1313" HPOS="596"/>
<SP HEIGHT="36" WIDTH="28" VPOS="1333" HPOS="752"/>
<String CONTENT="scissor-cuts" HEIGHT="54" WIDTH="357" VPOS="1315" HPOS="781"/>
<SP HEIGHT="53" WIDTH="26" VPOS="1316" HPOS="1139"/>
<String CONTENT="by" HEIGHT="70" WIDTH="77" VPOS="1316" HPOS="1166"/>
<SP HEIGHT="72" WIDTH="29" VPOS="1314" HPOS="1244"/>
<String CONTENT="Lisl" HEIGHT="57" WIDTH="124" VPOS="1314" HPOS="1274"/>
<SP HEIGHT="56" WIDTH="29" VPOS="1315" HPOS="1399"/>
<String CONTENT="Hummel." HEIGHT="54" WIDTH="293" VPOS="1315" HPOS="1429"/>
<SP HEIGHT="51" WIDTH="75" VPOS="1318" HPOS="1723"/>
<String CONTENT="Boston" HEIGHT="52" WIDTH="220" VPOS="1318" HPOS="1799"/>
<SP HEIGHT="35" WIDTH="30" VPOS="1335" HPOS="2020"/>
<String CONTENT="and" HEIGHT="53" WIDTH="113" VPOS="1318" HPOS="2051"/>
<SP HEIGHT="53" WIDTH="35" VPOS="1318" HPOS="2165"/>
<String CONTENT="New" HEIGHT="53" WIDTH="137" VPOS="1318" HPOS="2201"/>
</TextLine>
<TextLine HEIGHT="71" WIDTH="1282" VPOS="1393" HPOS="316" STYLEREFS="StyleId-6F6A5A63-0CDD-4B0D-B21D-E7B7384DF419-" LANG="en-US">
<String CONTENT="York," HEIGHT="69" WIDTH="183" VPOS="1393" HPOS="316"/>
<SP HEIGHT="69" WIDTH="24" VPOS="1393" HPOS="500"/>
<String CONTENT="Houghton" HEIGHT="70" WIDTH="325" VPOS="1393" HPOS="525"/>
<SP HEIGHT="53" WIDTH="26" VPOS="1394" HPOS="851"/>
<String CONTENT="Mifflin" HEIGHT="53" WIDTH="207" VPOS="1394" HPOS="878"/>
<SP HEIGHT="35" WIDTH="26" VPOS="1412" HPOS="1086"/>
<String CONTENT="company," HEIGHT="53" WIDTH="303" VPOS="1411" HPOS="1113"/>
<SP HEIGHT="65" WIDTH="28" VPOS="1398" HPOS="1417"/>
<String CONTENT="1931." HEIGHT="50" WIDTH="152" VPOS="1397" HPOS="1446"/>
</TextLine>
<TextLine HEIGHT="51" WIDTH="1021" VPOS="1476" HPOS="384" CS="1">
<String LANG="en-US" CONTENT="4" HEIGHT="40" WIDTH="29" VPOS="1477" HPOS="384"/>
<SP/>
<String LANG="fr" CONTENT="p." HEIGHT="38" WIDTH="44" VPOS="1487" HPOS="439"/>
<SP/>
<String LANG="fr" CS="1" CONTENT="l."/>
<String LANG="en-US" CONTENT="," HEIGHT="17" WIDTH="9" VPOS="1508" HPOS="545"/>
<SP HEIGHT="48" WIDTH="25" VPOS="1477" HPOS="555"/>
<String LANG="en-US" CONTENT="200," HEIGHT="49" WIDTH="100" VPOS="1476" HPOS="581"/>
<SP HEIGHT="30" WIDTH="32" VPOS="1497" HPOS="682"/>
<String LANG="en-US" CONTENT="[1]" HEIGHT="49" WIDTH="54" VPOS="1478" HPOS="715"/>
<SP HEIGHT="38" WIDTH="26" VPOS="1488" HPOS="770"/>
<String LANG="en-US" CONTENT="p." HEIGHT="38" WIDTH="44" VPOS="1488" HPOS="797"/>
<SP HEIGHT="41" WIDTH="58" VPOS="1477" HPOS="842"/>
<String LANG="en-US" CONTENT="front.," HEIGHT="49" WIDTH="167" VPOS="1477" HPOS="901"/>
<SP HEIGHT="48" WIDTH="24" VPOS="1478" HPOS="1069"/>
<String LANG="en-US" CONTENT="illus." HEIGHT="39" WIDTH="131" VPOS="1478" HPOS="1094"/>
<SP HEIGHT="40" WIDTH="59" VPOS="1477" HPOS="1226"/>
<String LANG="fr" CONTENT="20" HEIGHT="41" WIDTH="59" VPOS="1476" HPOS="1286"/>
<String LANG="en-US" CS="1" CONTENT="&#7580;&#7504;"/>
<String LANG="fr" CONTENT="." HEIGHT="9" WIDTH="8" VPOS="1509" HPOS="1397"/>
</TextLine>
<TextLine HEIGHT="54" WIDTH="2020" VPOS="1529" HPOS="315" LANG="en-US" CS="1">
<String CONTENT="&#169;" HEIGHT="53" WIDTH="57" VPOS="1529" HPOS="315"/>
<SP HEIGHT="53" WIDTH="38" VPOS="1529" HPOS="373"/>
<String CONTENT="Aug." HEIGHT="49" WIDTH="121" VPOS="1534" HPOS="412"/>
<SP HEIGHT="38" WIDTH="38" VPOS="1536" HPOS="534"/>
<String CONTENT="19," HEIGHT="49" WIDTH="70" VPOS="1533" HPOS="573"/>
<SP HEIGHT="47" WIDTH="38" VPOS="1535" HPOS="644"/>
<String CS="1" CONTENT="1931;" HEIGHT="41" WIDTH="115" VPOS="1533" HPOS="683"/>
<SP HEIGHT="46" WIDTH="39" VPOS="1534" HPOS="826"/>
<String CONTENT="2c." HEIGHT="42" WIDTH="69" VPOS="1534" HPOS="866"/>
<SP HEIGHT="41" WIDTH="38" VPOS="1535" HPOS="936"/>
<String CONTENT="Aug." HEIGHT="48" WIDTH="120" VPOS="1535" HPOS="975"/>
<SP HEIGHT="39" WIDTH="38" VPOS="1534" HPOS="1096"/>
<String CS="1" CONTENT="21;" HEIGHT="39" WIDTH="56" VPOS="1534" HPOS="1135"/>
<SP HEIGHT="38" WIDTH="42" VPOS="1544" HPOS="1219"/>
<String CONTENT="aff." HEIGHT="42" WIDTH="83" VPOS="1534" HPOS="1262"/>
<SP HEIGHT="41" WIDTH="37" VPOS="1535" HPOS="1346"/>
<String CONTENT="Aug." HEIGHT="48" WIDTH="122" VPOS="1535" HPOS="1384"/>
<SP HEIGHT="40" WIDTH="38" VPOS="1535" HPOS="1507"/>
<String CS="1" CONTENT="20;" HEIGHT="41" WIDTH="59" VPOS="1534" HPOS="1546"/>
<SP HEIGHT="48" WIDTH="40" VPOS="1535" HPOS="1630"/>
<!-- cceid EE567EF8-6E8D-1014-9CF5-AEB3FCA41D69 --><String CONTENT="A" HEIGHT="40" WIDTH="43" VPOS="1535" HPOS="1671"/>
<SP HEIGHT="40" WIDTH="34" VPOS="1535" HPOS="1715"/>
<String CS="1" CONTENT="40930;" HEIGHT="43" WIDTH="151" VPOS="1533" HPOS="1750"/>
<SP HEIGHT="47" WIDTH="41" VPOS="1536" HPOS="1925"/>
<String CONTENT="E." HEIGHT="40" WIDTH="53" VPOS="1536" HPOS="1967"/>
<SP HEIGHT="41" WIDTH="41" VPOS="1536" HPOS="2021"/>
<String CONTENT="O." HEIGHT="42" WIDTH="53" VPOS="1536" HPOS="2063"/>
<SP HEIGHT="41" WIDTH="39" VPOS="1537" HPOS="2117"/>
<String CONTENT="White," HEIGHT="44" WIDTH="178" VPOS="1536" HPOS="2157"/>
</TextLine>
<TextLine HEIGHT="50" WIDTH="813" VPOS="1592" HPOS="391" LANG="en-US">
<String CONTENT="Brookline," HEIGHT="48" WIDTH="279" VPOS="1592" HPOS="391"/>
<SP HEIGHT="47" WIDTH="24" VPOS="1593" HPOS="671"/>
<String CONTENT="Mass." HEIGHT="39" WIDTH="148" VPOS="1593" HPOS="696"/>
<SP HEIGHT="48" WIDTH="74" VPOS="1593" HPOS="845"/>
<String CONTENT="(31-21535)" HEIGHT="50" WIDTH="284" VPOS="1592" HPOS="920"/>
</TextLine>
<TextLine HEIGHT="67" WIDTH="511" VPOS="1687" HPOS="312" STYLEREFS="StyleId-495A0939-7F7D-4A52-818C-26EB0F359FD1-" LANG="en-US">
<String CONTENT="Widdis," HEIGHT="67" WIDTH="247" VPOS="1687" HPOS="312"/>
<SP HEIGHT="66" WIDTH="30" VPOS="1688" HPOS="560"/>
<String CONTENT="Albert." HEIGHT="58" WIDTH="232" VPOS="1687" HPOS="591"/>
</TextLine>
<TextLine HEIGHT="71" WIDTH="1889" VPOS="1765" HPOS="382" STYLEREFS="StyleId-6F6A5A63-0CDD-4B0D-B21D-E7B7384DF419-" LANG="en-US" CS="1">
<String CONTENT="Communism," HEIGHT="69" WIDTH="414" VPOS="1765" HPOS="382"/>
<SP HEIGHT="62" WIDTH="34" VPOS="1772" HPOS="797"/>
<String CONTENT="the" HEIGHT="53" WIDTH="99" VPOS="1766" HPOS="832"/>
<SP HEIGHT="53" WIDTH="33" VPOS="1766" HPOS="932"/>
<String CONTENT="first" HEIGHT="55" WIDTH="128" VPOS="1766" HPOS="966"/>
<SP HEIGHT="54" WIDTH="33" VPOS="1767" HPOS="1095"/>
<String CONTENT="law" HEIGHT="52" WIDTH="112" VPOS="1767" HPOS="1129"/>
<SP HEIGHT="35" WIDTH="37" VPOS="1785" HPOS="1242"/>
<String CONTENT="of" HEIGHT="55" WIDTH="66" VPOS="1765" HPOS="1280"/>
<SP HEIGHT="54" WIDTH="33" VPOS="1765" HPOS="1347"/>
<String CONTENT="nature," HEIGHT="62" WIDTH="224" VPOS="1772" HPOS="1381"/>
<SP HEIGHT="67" WIDTH="34" VPOS="1767" HPOS="1606"/>
<String CONTENT="by" HEIGHT="69" WIDTH="76" VPOS="1767" HPOS="1641"/>
<SP HEIGHT="71" WIDTH="35" VPOS="1765" HPOS="1718"/>
<String CONTENT="Albert" HEIGHT="55" WIDTH="208" VPOS="1765" HPOS="1754"/>
<SP HEIGHT="55" WIDTH="32" VPOS="1767" HPOS="1963"/>
<String CONTENT="Widdis" HEIGHT="56" WIDTH="233" VPOS="1766" HPOS="1996"/>
<SP HEIGHT="34" WIDTH="41" VPOS="1787" HPOS="2230"/>
<String CS="1" CONTENT="&#8230;"/>
</TextLine>
<TextLine HEIGHT="71" WIDTH="1054" VPOS="1844" HPOS="313" STYLEREFS="StyleId-6F6A5A63-0CDD-4B0D-B21D-E7B7384DF419-" LANG="en-US" CS="1">
<String CONTENT="[Long" HEIGHT="70" WIDTH="186" VPOS="1844" HPOS="313"/>
<SP HEIGHT="69" WIDTH="25" VPOS="1845" HPOS="500"/>
<String CONTENT="Beach," HEIGHT="67" WIDTH="211" VPOS="1845" HPOS="526"/>
<SP HEIGHT="68" WIDTH="27" VPOS="1844" HPOS="738"/>
<String CONTENT="Calif.," HEIGHT="68" WIDTH="198" VPOS="1844" HPOS="766"/>
<SP HEIGHT="67" WIDTH="24" VPOS="1845" HPOS="965"/>
<String CONTENT="A." HEIGHT="53" WIDTH="72" VPOS="1845" HPOS="990"/>
<SP HEIGHT="55" WIDTH="25" VPOS="1845" HPOS="1063"/>
<String CONTENT="Widdis," HEIGHT="70" WIDTH="251" VPOS="1845" HPOS="1089"/>
<SP HEIGHT="64" WIDTH="26" VPOS="1851" HPOS="1341"/>
<String STYLE="superscript" CS="1" CONTENT="&#7580;1931]"/>
</TextLine>
<TextLine HEIGHT="49" WIDTH="596" VPOS="1927" HPOS="378" CS="1">
<String LANG="en-US" CONTENT="2" HEIGHT="40" WIDTH="29" VPOS="1927" HPOS="378"/>
<SP/>
<String LANG="fr" CONTENT="p." HEIGHT="38" WIDTH="44" VPOS="1938" HPOS="434"/>
<SP/>
<String LANG="fr" CS="1" CONTENT="l."/>
<String LANG="en-US" CONTENT="," HEIGHT="17" WIDTH="9" VPOS="1959" HPOS="541"/>
<SP HEIGHT="48" WIDTH="25" VPOS="1928" HPOS="551"/>
<String LANG="en-US" CONTENT="4-70" HEIGHT="42" WIDTH="122" VPOS="1927" HPOS="577"/>
<SP HEIGHT="49" WIDTH="21" VPOS="1927" HPOS="700"/>
<String LANG="en-US" CONTENT="p." HEIGHT="37" WIDTH="44" VPOS="1939" HPOS="722"/>
<SP HEIGHT="40" WIDTH="58" VPOS="1928" HPOS="767"/>
<String LANG="en-US" CS="1" CONTENT="22&#189;&#7580;&#7504;." HEIGHT="40" WIDTH="148" VPOS="1928" HPOS="826"/>
</TextLine>
<TextLine HEIGHT="110" WIDTH="2001" VPOS="1981" HPOS="316" LANG="en-US" CS="1">
<String CONTENT="&#169;" HEIGHT="53" WIDTH="52" VPOS="1981" HPOS="316"/>
<SP HEIGHT="53" WIDTH="25" VPOS="1981" HPOS="369"/>
<String CONTENT="July" HEIGHT="48" WIDTH="118" VPOS="1986" HPOS="395"/>
<SP HEIGHT="48" WIDTH="23" VPOS="1986" HPOS="514"/>
<String CONTENT="30," HEIGHT="43" WIDTH="71" VPOS="1985" HPOS="538"/>
<SP HEIGHT="41" WIDTH="24" VPOS="1987" HPOS="610"/>
<String CS="1" CONTENT="1931;" HEIGHT="42" WIDTH="114" VPOS="1984" HPOS="635"/>
<SP HEIGHT="48" WIDTH="25" VPOS="1985" HPOS="779"/>
<String CONTENT="2c." HEIGHT="42" WIDTH="68" VPOS="1985" HPOS="805"/>
<SP HEIGHT="41" WIDTH="24" VPOS="1986" HPOS="874"/>
<String CONTENT="Aug." HEIGHT="47" WIDTH="122" VPOS="1986" HPOS="899"/>
<SP HEIGHT="40" WIDTH="23" VPOS="1985" HPOS="1022"/>
<String CS="1" CONTENT="4;" HEIGHT="40" WIDTH="29" VPOS="1985" HPOS="1046"/>
<SP HEIGHT="37" WIDTH="27" VPOS="1996" HPOS="1103"/>
<String CONTENT="aff." HEIGHT="42" WIDTH="84" VPOS="1985" HPOS="1131"/>
<SP HEIGHT="42" WIDTH="24" VPOS="1985" HPOS="1216"/>
<String CONTENT="Aug." HEIGHT="49" WIDTH="122" VPOS="1985" HPOS="1241"/>
<SP HEIGHT="40" WIDTH="26" VPOS="1985" HPOS="1364"/>
<String CS="1" CONTENT="5;" HEIGHT="40" WIDTH="26" VPOS="1985" HPOS="1391"/>
<SP HEIGHT="48" WIDTH="28" VPOS="1985" HPOS="1444"/>
<!-- cceid EE56E380-6E8D-1014-9CF5-AEB3FCA41D69 --><String CONTENT="A" HEIGHT="40" WIDTH="43" VPOS="1985" HPOS="1473"/>
<SP HEIGHT="41" WIDTH="22" VPOS="1985" HPOS="1517"/>
<String CS="1" CONTENT="39883;" HEIGHT="43" WIDTH="145" VPOS="1984" HPOS="1540"/>
<SP HEIGHT="47" WIDTH="28" VPOS="1986" HPOS="1714"/>
<String CONTENT="A." HEIGHT="42" WIDTH="55" VPOS="1986" HPOS="1743"/>
<SP HEIGHT="43" WIDTH="25" VPOS="1985" HPOS="1799"/>
<String CONTENT="L." HEIGHT="41" WIDTH="51" VPOS="1985" HPOS="1825"/>
<SP HEIGHT="41" WIDTH="26" VPOS="1986" HPOS="1877"/>
<String CONTENT="Widdis," HEIGHT="50" WIDTH="206" VPOS="1984" HPOS="1904"/>
<SP HEIGHT="47" WIDTH="26" VPOS="1987" HPOS="2111"/>
<String CONTENT="Harrisville," HEIGHT="105" WIDTH="1936" VPOS="1986" HPOS="381"/>
</TextLine>
<TextLine HEIGHT="50" WIDTH="499" VPOS="2041" HPOS="550" LANG="en-US">
<String CONTENT="Mich." HEIGHT="41" WIDTH="145" VPOS="2042" HPOS="550"/>
<SP HEIGHT="48" WIDTH="70" VPOS="2043" HPOS="696"/>
<String CONTENT="(31-20740)" HEIGHT="50" WIDTH="282" VPOS="2041" HPOS="767"/>
</TextLine>
<TextLine HEIGHT="66" WIDTH="857" VPOS="2138" HPOS="308" STYLEREFS="StyleId-495A0939-7F7D-4A52-818C-26EB0F359FD1-" LANG="en-US">
<String CONTENT="Williamson," HEIGHT="66" WIDTH="391" VPOS="2138" HPOS="308"/>
<SP HEIGHT="65" WIDTH="30" VPOS="2139" HPOS="700"/>
<String CONTENT="Henry," HEIGHT="65" WIDTH="226" VPOS="2139" HPOS="731"/>
<SP HEIGHT="59" WIDTH="31" VPOS="2145" HPOS="958"/>
<String CONTENT="1897-" HEIGHT="55" WIDTH="175" VPOS="2140" HPOS="990"/>
</TextLine>
<TextLine HEIGHT="72" WIDTH="1954" VPOS="2214" HPOS="375" STYLEREFS="StyleId-6F6A5A63-0CDD-4B0D-B21D-E7B7384DF419-" LANG="en-US">
<String CONTENT="The" HEIGHT="54" WIDTH="123" VPOS="2216" HPOS="375"/>
<SP HEIGHT="54" WIDTH="41" VPOS="2216" HPOS="499"/>
<String CONTENT="dream" HEIGHT="53" WIDTH="196" VPOS="2216" HPOS="541"/>
<SP HEIGHT="35" WIDTH="39" VPOS="2234" HPOS="738"/>
<String CONTENT="of" HEIGHT="53" WIDTH="63" VPOS="2216" HPOS="778"/>
<SP HEIGHT="52" WIDTH="41" VPOS="2216" HPOS="842"/>
<String CONTENT="fair" HEIGHT="53" WIDTH="119" VPOS="2215" HPOS="884"/>
<SP HEIGHT="34" WIDTH="41" VPOS="2235" HPOS="1004"/>
<String CONTENT="women," HEIGHT="51" WIDTH="238" VPOS="2235" HPOS="1046"/>
<SP HEIGHT="69" WIDTH="38" VPOS="2217" HPOS="1285"/>
<String CONTENT="by" HEIGHT="69" WIDTH="75" VPOS="2217" HPOS="1324"/>
<SP HEIGHT="70" WIDTH="40" VPOS="2216" HPOS="1400"/>
<String CONTENT="Henry" HEIGHT="70" WIDTH="203" VPOS="2216" HPOS="1441"/>
<SP HEIGHT="71" WIDTH="40" VPOS="2215" HPOS="1645"/>
<String CONTENT="Williamson," HEIGHT="69" WIDTH="383" VPOS="2215" HPOS="1686"/>
<SP HEIGHT="49" WIDTH="43" VPOS="2235" HPOS="2070"/>
<String CONTENT="with" HEIGHT="53" WIDTH="140" VPOS="2214" HPOS="2114"/>
<SP HEIGHT="56" WIDTH="42" VPOS="2215" HPOS="2255"/>
<String CONTENT="a" HEIGHT="33" WIDTH="31" VPOS="2238" HPOS="2298"/>
</TextLine>
<TextLine HEIGHT="71" WIDTH="1521" VPOS="2293" HPOS="304" STYLEREFS="StyleId-6F6A5A63-0CDD-4B0D-B21D-E7B7384DF419-" LANG="en-US" CS="1">
<String CONTENT="valediction" HEIGHT="56" WIDTH="347" VPOS="2293" HPOS="304"/>
<SP HEIGHT="48" WIDTH="21" VPOS="2299" HPOS="652"/>
<String CONTENT="to" HEIGHT="49" WIDTH="59" VPOS="2299" HPOS="674"/>
<SP HEIGHT="53" WIDTH="22" VPOS="2295" HPOS="734"/>
<String CONTENT="The" HEIGHT="56" WIDTH="123" VPOS="2294" HPOS="757"/>
<SP HEIGHT="57" WIDTH="21" VPOS="2293" HPOS="881"/>
<String CONTENT="flax" HEIGHT="55" WIDTH="116" VPOS="2293" HPOS="903"/>
<SP HEIGHT="34" WIDTH="23" VPOS="2314" HPOS="1020"/>
<String CONTENT="of" HEIGHT="54" WIDTH="65" VPOS="2294" HPOS="1044"/>
<SP HEIGHT="54" WIDTH="22" VPOS="2294" HPOS="1110"/>
<String CONTENT="dream" HEIGHT="53" WIDTH="198" VPOS="2295" HPOS="1133"/>
<SP HEIGHT="37" WIDTH="24" VPOS="2312" HPOS="1332"/>
<String CS="1" CONTENT="&#8230;"/>
<SP HEIGHT="56" WIDTH="63" VPOS="2294" HPOS="1415"/>
<String CONTENT="New" HEIGHT="53" WIDTH="139" VPOS="2294" HPOS="1479"/>
<SP HEIGHT="52" WIDTH="25" VPOS="2294" HPOS="1619"/>
<String CONTENT="York," HEIGHT="71" WIDTH="180" VPOS="2293" HPOS="1645"/>
</TextLine>
<TextLine HEIGHT="55" WIDTH="480" VPOS="2294" HPOS="1850" STYLEREFS="StyleId-6F6A5A63-0CDD-4B0D-B21D-E7B7384DF419-" LANG="en-US">
<String CONTENT="E." HEIGHT="55" WIDTH="69" VPOS="2294" HPOS="1850"/>
<SP HEIGHT="55" WIDTH="23" VPOS="2294" HPOS="1920"/>
<String CONTENT="P." HEIGHT="52" WIDTH="65" VPOS="2294" HPOS="1944"/>
<SP HEIGHT="52" WIDTH="26" VPOS="2294" HPOS="2010"/>
<String CONTENT="Dutton" HEIGHT="54" WIDTH="225" VPOS="2294" HPOS="2037"/>
<SP HEIGHT="51" WIDTH="20" VPOS="2295" HPOS="2263"/>
<String CONTENT="&amp;" HEIGHT="51" WIDTH="46" VPOS="2295" HPOS="2284"/>
</TextLine>
<TextLine HEIGHT="71" WIDTH="470" VPOS="2372" HPOS="303" STYLEREFS="StyleId-6F6A5A63-0CDD-4B0D-B21D-E7B7384DF419-" LANG="en-US" CS="1">
<String CONTENT="co.," HEIGHT="48" WIDTH="100" VPOS="2393" HPOS="303"/>
<SP HEIGHT="69" WIDTH="26" VPOS="2372" HPOS="404"/>
<String CONTENT="inc." HEIGHT="56" WIDTH="108" VPOS="2372" HPOS="431"/>
<SP HEIGHT="35" WIDTH="35" VPOS="2408" HPOS="540"/>
<String STYLE="subscript" CONTENT="[" HEIGHT="35" WIDTH="14" VPOS="2408" HPOS="576"/>
<String STYLE="superscript" CS="1" CONTENT="&#7580;193"/>
<String CONTENT="1" HEIGHT="50" WIDTH="27" VPOS="2376" HPOS="725"/>
<String STYLE="subscript" CONTENT="]" HEIGHT="34" WIDTH="14" VPOS="2408" HPOS="759"/>
</TextLine>
<TextLine HEIGHT="52" WIDTH="667" VPOS="2452" HPOS="376" LANG="en-US" CS="1">
<String CONTENT="5" HEIGHT="42" WIDTH="28" VPOS="2452" HPOS="376"/>
<SP/>
<String LANG="fr" CONTENT="p." HEIGHT="38" WIDTH="43" VPOS="2465" HPOS="435"/>
<SP/>
<String LANG="fr" CS="1" CONTENT="l."/>
<String CONTENT="," HEIGHT="18" WIDTH="10" VPOS="2485" HPOS="547"/>
<SP HEIGHT="49" WIDTH="27" VPOS="2454" HPOS="558"/>
<String CONTENT="13-446" HEIGHT="42" WIDTH="178" VPOS="2454" HPOS="586"/>
<SP HEIGHT="50" WIDTH="25" VPOS="2454" HPOS="765"/>
<String CONTENT="p." HEIGHT="38" WIDTH="43" VPOS="2466" HPOS="791"/>
<SP HEIGHT="39" WIDTH="60" VPOS="2456" HPOS="835"/>
<String CS="1" CONTENT="19&#189;" HEIGHT="41" WIDTH="57" VPOS="2454" HPOS="896"/>
<String STYLE="superscript" CS="1" CONTENT="&#7580;&#7504;"/>
<String CONTENT="." HEIGHT="10" WIDTH="9" VPOS="2486" HPOS="1034"/>
</TextLine>
<TextLine HEIGHT="50" WIDTH="1066" VPOS="2510" HPOS="376" LANG="en-US">
<String CONTENT="&#8220;New" HEIGHT="41" WIDTH="149" VPOS="2511" HPOS="376"/>
<SP HEIGHT="30" WIDTH="28" VPOS="2522" HPOS="526"/>
<String CONTENT="and" HEIGHT="40" WIDTH="98" VPOS="2512" HPOS="555"/>
<SP HEIGHT="40" WIDTH="29" VPOS="2512" HPOS="654"/>
<String CONTENT="entirely" HEIGHT="49" WIDTH="210" VPOS="2511" HPOS="684"/>
<SP HEIGHT="37" WIDTH="29" VPOS="2523" HPOS="895"/>
<String CONTENT="rewritten" HEIGHT="42" WIDTH="255" VPOS="2511" HPOS="925"/>
<SP HEIGHT="29" WIDTH="30" VPOS="2523" HPOS="1181"/>
<String CONTENT="edition.&#8221;" HEIGHT="42" WIDTH="230" VPOS="2510" HPOS="1212"/>
</TextLine>
<TextLine HEIGHT="51" WIDTH="1404" VPOS="2567" HPOS="376" LANG="en-US">
<String CONTENT="Book" HEIGHT="41" WIDTH="138" VPOS="2570" HPOS="376"/>
<SP HEIGHT="40" WIDTH="23" VPOS="2570" HPOS="515"/>
<String CONTENT="m" HEIGHT="31" WIDTH="64" VPOS="2579" HPOS="539"/>
<SP HEIGHT="31" WIDTH="21" VPOS="2579" HPOS="604"/>
<String CONTENT="of" HEIGHT="41" WIDTH="53" VPOS="2569" HPOS="626"/>
<SP HEIGHT="41" WIDTH="24" VPOS="2569" HPOS="680"/>
<String CONTENT="the" HEIGHT="40" WIDTH="81" VPOS="2570" HPOS="705"/>
<SP HEIGHT="30" WIDTH="27" VPOS="2580" HPOS="787"/>
<String CONTENT="author&#8217;s" HEIGHT="43" WIDTH="221" VPOS="2567" HPOS="815"/>
<SP HEIGHT="31" WIDTH="24" VPOS="2579" HPOS="1037"/>
<String CONTENT="series," HEIGHT="50" WIDTH="168" VPOS="2568" HPOS="1062"/>
<SP HEIGHT="48" WIDTH="27" VPOS="2570" HPOS="1231"/>
<String CONTENT="The" HEIGHT="40" WIDTH="102" VPOS="2570" HPOS="1259"/>
<SP HEIGHT="41" WIDTH="27" VPOS="2569" HPOS="1362"/>
<String CONTENT="flax" HEIGHT="41" WIDTH="101" VPOS="2569" HPOS="1390"/>
<SP HEIGHT="30" WIDTH="25" VPOS="2580" HPOS="1492"/>
<String CONTENT="of" HEIGHT="41" WIDTH="53" VPOS="2569" HPOS="1518"/>
<SP HEIGHT="41" WIDTH="25" VPOS="2569" HPOS="1572"/>
<String CONTENT="dream." HEIGHT="42" WIDTH="182" VPOS="2570" HPOS="1598"/>
</TextLine>
<TextLine HEIGHT="53" WIDTH="2015" VPOS="2625" HPOS="312" LANG="en-US" CS="1">
<String CONTENT="&#169;" HEIGHT="53" WIDTH="52" VPOS="2625" HPOS="312"/>
<SP HEIGHT="53" WIDTH="25" VPOS="2625" HPOS="365"/>
<String CONTENT="Aug." HEIGHT="48" WIDTH="122" VPOS="2630" HPOS="391"/>
<SP HEIGHT="40" WIDTH="26" VPOS="2631" HPOS="514"/>
<String CONTENT="11," HEIGHT="49" WIDTH="69" VPOS="2629" HPOS="541"/>
<SP HEIGHT="48" WIDTH="26" VPOS="2630" HPOS="611"/>
<String CS="1" CONTENT="1931;" HEIGHT="41" WIDTH="114" VPOS="2628" HPOS="638"/>
<SP HEIGHT="47" WIDTH="27" VPOS="2628" HPOS="781"/>
<String CONTENT="2c." HEIGHT="40" WIDTH="67" VPOS="2628" HPOS="809"/>
<SP HEIGHT="30" WIDTH="27" VPOS="2638" HPOS="877"/>
<String CONTENT="and" HEIGHT="40" WIDTH="97" VPOS="2628" HPOS="905"/>
<SP HEIGHT="40" WIDTH="26" VPOS="2628" HPOS="1003"/>
<String CONTENT="aff." HEIGHT="41" WIDTH="81" VPOS="2627" HPOS="1030"/>
<SP HEIGHT="40" WIDTH="28" VPOS="2628" HPOS="1112"/>
<String CONTENT="Aug." HEIGHT="48" WIDTH="122" VPOS="2628" HPOS="1141"/>
<SP HEIGHT="40" WIDTH="26" VPOS="2629" HPOS="1264"/>
<String CS="1" CONTENT="13;" HEIGHT="40" WIDTH="56" VPOS="2629" HPOS="1291"/>
<SP HEIGHT="46" WIDTH="29" VPOS="2629" HPOS="1375"/>
<!-- cceid EE574CBB-6E8D-1014-9CF5-AEB3FCA41D69 --><String CONTENT="A" HEIGHT="38" WIDTH="41" VPOS="2629" HPOS="1405"/>
<SP HEIGHT="39" WIDTH="24" VPOS="2629" HPOS="1447"/>
<String CS="1" CONTENT="40729;" HEIGHT="42" WIDTH="148" VPOS="2627" HPOS="1472"/>
<SP HEIGHT="47" WIDTH="29" VPOS="2629" HPOS="1647"/>
<String LANG="fr" CONTENT="E." HEIGHT="41" WIDTH="55" VPOS="2629" HPOS="1677"/>
<SP HEIGHT="41" WIDTH="26" VPOS="2629" HPOS="1733"/>
<String CONTENT="P." HEIGHT="41" WIDTH="52" VPOS="2629" HPOS="1760"/>
<SP HEIGHT="41" WIDTH="27" VPOS="2629" HPOS="1813"/>
<String CONTENT="Dutton" HEIGHT="41" WIDTH="190" VPOS="2629" HPOS="1841"/>
<SP HEIGHT="42" WIDTH="27" VPOS="2629" HPOS="2032"/>
<String CONTENT="&amp;" HEIGHT="42" WIDTH="38" VPOS="2629" HPOS="2060"/>
<SP HEIGHT="42" WIDTH="25" VPOS="2629" HPOS="2099"/>
<String CONTENT="co.," HEIGHT="36" WIDTH="82" VPOS="2641" HPOS="2125"/>
<SP HEIGHT="47" WIDTH="28" VPOS="2630" HPOS="2208"/>
<String CONTENT="inc." HEIGHT="40" WIDTH="90" VPOS="2630" HPOS="2237"/>
</TextLine>
<TextLine HEIGHT="49" WIDTH="284" VPOS="2686" HPOS="391" LANG="en-US">
<String CONTENT="(31-20919)" HEIGHT="49" WIDTH="284" VPOS="2686" HPOS="391"/>
</TextLine>
<TextLine HEIGHT="67" WIDTH="600" VPOS="2783" HPOS="306" STYLEREFS="StyleId-495A0939-7F7D-4A52-818C-26EB0F359FD1-" LANG="en-US">
<String CONTENT="Wyckoff," HEIGHT="67" WIDTH="294" VPOS="2783" HPOS="306"/>
<SP HEIGHT="66" WIDTH="30" VPOS="2784" HPOS="601"/>
<String CONTENT="Capwell." HEIGHT="65" WIDTH="274" VPOS="2783" HPOS="632"/>
</TextLine>
<TextLine HEIGHT="151" WIDTH="1999" VPOS="2859" HPOS="303" STYLEREFS="StyleId-6F6A5A63-0CDD-4B0D-B21D-E7B7384DF419-" LANG="en-US" CS="1">
<String CONTENT="The" HEIGHT="53" WIDTH="124" VPOS="2862" HPOS="375"/>
<SP HEIGHT="35" WIDTH="33" VPOS="2880" HPOS="500"/>
<String CONTENT="challenge" HEIGHT="69" WIDTH="297" VPOS="2861" HPOS="534"/>
<SP HEIGHT="34" WIDTH="31" VPOS="2880" HPOS="832"/>
<String CONTENT="of" HEIGHT="53" WIDTH="65" VPOS="2861" HPOS="864"/>
<SP HEIGHT="53" WIDTH="31" VPOS="2861" HPOS="930"/>
<String CONTENT="the" HEIGHT="52" WIDTH="98" VPOS="2863" HPOS="962"/>
<SP HEIGHT="55" WIDTH="32" VPOS="2860" HPOS="1061"/>
<String CONTENT="hills," HEIGHT="73" WIDTH="154" VPOS="2860" HPOS="1094"/>
<SP HEIGHT="72" WIDTH="32" VPOS="2861" HPOS="1249"/>
<String CONTENT="by" HEIGHT="69" WIDTH="77" VPOS="2861" HPOS="1282"/>
<SP HEIGHT="70" WIDTH="36" VPOS="2860" HPOS="1360"/>
<String CONTENT="Capwell" HEIGHT="69" WIDTH="258" VPOS="2860" HPOS="1397"/>
<SP HEIGHT="55" WIDTH="30" VPOS="2860" HPOS="1656"/>
<String CONTENT="Wyckoff" HEIGHT="69" WIDTH="271" VPOS="2859" HPOS="1687"/>
<SP HEIGHT="54" WIDTH="36" VPOS="2859" HPOS="1959"/>
<String CS="1" CONTENT="&#8230;"/>
<SP HEIGHT="52" WIDTH="75" VPOS="2861" HPOS="2054"/>
<String CONTENT="Philadelphia," HEIGHT="151" WIDTH="1999" VPOS="2859" HPOS="303"/>
<SP HEIGHT="70" WIDTH="30" VPOS="2940" HPOS="560"/>
<String CONTENT="Pub." HEIGHT="53" WIDTH="144" VPOS="2940" HPOS="591"/>
</TextLine>
<TextLine HEIGHT="71" WIDTH="1555" VPOS="2937" HPOS="773" STYLEREFS="StyleId-6F6A5A63-0CDD-4B0D-B21D-E7B7384DF419-" LANG="en-US" CS="1">
<String CONTENT="for" HEIGHT="54" WIDTH="95" VPOS="2939" HPOS="773"/>
<SP HEIGHT="47" WIDTH="30" VPOS="2946" HPOS="869"/>
<String CONTENT="the" HEIGHT="52" WIDTH="98" VPOS="2941" HPOS="900"/>
<SP HEIGHT="53" WIDTH="30" VPOS="2940" HPOS="999"/>
<String CS="1" CONTENT="Dept." HEIGHT="68" WIDTH="157" VPOS="2940" HPOS="1030"/>
<SP HEIGHT="35" WIDTH="33" VPOS="2958" HPOS="1204"/>
<String CONTENT="of" HEIGHT="54" WIDTH="66" VPOS="2938" HPOS="1238"/>
<SP HEIGHT="56" WIDTH="32" VPOS="2938" HPOS="1305"/>
<String CONTENT="Sunday" HEIGHT="70" WIDTH="240" VPOS="2938" HPOS="1338"/>
<SP HEIGHT="50" WIDTH="30" VPOS="2958" HPOS="1579"/>
<String CONTENT="school" HEIGHT="53" WIDTH="193" VPOS="2940" HPOS="1610"/>
<SP HEIGHT="51" WIDTH="30" VPOS="2940" HPOS="1804"/>
<String CONTENT="missions" HEIGHT="54" WIDTH="268" VPOS="2938" HPOS="1835"/>
<SP HEIGHT="35" WIDTH="30" VPOS="2957" HPOS="2104"/>
<String CONTENT="of" HEIGHT="54" WIDTH="66" VPOS="2937" HPOS="2135"/>
<SP HEIGHT="53" WIDTH="28" VPOS="2937" HPOS="2202"/>
<String CONTENT="the" HEIGHT="52" WIDTH="97" VPOS="2939" HPOS="2231"/>
</TextLine>
<TextLine HEIGHT="70" WIDTH="2023" VPOS="3016" HPOS="304" STYLEREFS="StyleId-6F6A5A63-0CDD-4B0D-B21D-E7B7384DF419-" LANG="en-US">
<String CONTENT="Board" HEIGHT="53" WIDTH="198" VPOS="3018" HPOS="304"/>
<SP HEIGHT="54" WIDTH="31" VPOS="3018" HPOS="503"/>
<String CONTENT="of" HEIGHT="54" WIDTH="67" VPOS="3018" HPOS="535"/>
<SP HEIGHT="52" WIDTH="27" VPOS="3018" HPOS="603"/>
<String CONTENT="national" HEIGHT="53" WIDTH="262" VPOS="3018" HPOS="631"/>
<SP HEIGHT="51" WIDTH="29" VPOS="3019" HPOS="894"/>
<String CONTENT="missions" HEIGHT="53" WIDTH="266" VPOS="3018" HPOS="924"/>
<SP HEIGHT="35" WIDTH="31" VPOS="3036" HPOS="1191"/>
<String CONTENT="of" HEIGHT="53" WIDTH="66" VPOS="3017" HPOS="1223"/>
<SP HEIGHT="53" WIDTH="28" VPOS="3017" HPOS="1290"/>
<String CONTENT="the" HEIGHT="52" WIDTH="98" VPOS="3018" HPOS="1319"/>
<SP HEIGHT="52" WIDTH="29" VPOS="3018" HPOS="1418"/>
<String CONTENT="Presbyterian" HEIGHT="70" WIDTH="409" VPOS="3016" HPOS="1448"/>
<SP HEIGHT="34" WIDTH="32" VPOS="3035" HPOS="1858"/>
<String CONTENT="church" HEIGHT="52" WIDTH="213" VPOS="3018" HPOS="1891"/>
<SP HEIGHT="52" WIDTH="32" VPOS="3017" HPOS="2105"/>
<String CONTENT="in" HEIGHT="52" WIDTH="60" VPOS="3017" HPOS="2138"/>
<SP HEIGHT="47" WIDTH="31" VPOS="3022" HPOS="2199"/>
<String CONTENT="the" HEIGHT="51" WIDTH="96" VPOS="3018" HPOS="2231"/>
</TextLine>
<TextLine HEIGHT="72" WIDTH="2024" VPOS="3094" HPOS="303" STYLEREFS="StyleId-6F6A5A63-0CDD-4B0D-B21D-E7B7384DF419-" LANG="en-US">
<String LANG="fr" CONTENT="U." HEIGHT="55" WIDTH="73" VPOS="3097" HPOS="303"/>
<SP HEIGHT="56" WIDTH="44" VPOS="3096" HPOS="377"/>
<String CONTENT="S." HEIGHT="56" WIDTH="57" VPOS="3096" HPOS="422"/>
<SP HEIGHT="54" WIDTH="39" VPOS="3097" HPOS="480"/>
<String CONTENT="A." HEIGHT="52" WIDTH="73" VPOS="3097" HPOS="520"/>
<SP HEIGHT="52" WIDTH="40" VPOS="3097" HPOS="594"/>
<String CONTENT="by" HEIGHT="69" WIDTH="75" VPOS="3097" HPOS="635"/>
<SP HEIGHT="64" WIDTH="38" VPOS="3102" HPOS="711"/>
<String CONTENT="the" HEIGHT="53" WIDTH="98" VPOS="3096" HPOS="750"/>
<SP HEIGHT="52" WIDTH="37" VPOS="3097" HPOS="849"/>
<String CONTENT="Presbyterian" HEIGHT="69" WIDTH="411" VPOS="3096" HPOS="887"/>
<SP HEIGHT="54" WIDTH="36" VPOS="3095" HPOS="1299"/>
<String CONTENT="board" HEIGHT="54" WIDTH="181" VPOS="3095" HPOS="1336"/>
<SP HEIGHT="53" WIDTH="40" VPOS="3096" HPOS="1518"/>
<String CONTENT="of" HEIGHT="55" WIDTH="66" VPOS="3094" HPOS="1559"/>
<SP HEIGHT="57" WIDTH="38" VPOS="3094" HPOS="1626"/>
<String CONTENT="Christian" HEIGHT="55" WIDTH="298" VPOS="3096" HPOS="1665"/>
<SP HEIGHT="34" WIDTH="40" VPOS="3115" HPOS="1964"/>
<String CONTENT="education," HEIGHT="68" WIDTH="322" VPOS="3095" HPOS="2005"/>
</TextLine>
<TextLine HEIGHT="50" WIDTH="152" VPOS="3178" HPOS="306" STYLEREFS="StyleId-6F6A5A63-0CDD-4B0D-B21D-E7B7384DF419-" LANG="en-US">
<String CONTENT="1931." HEIGHT="50" WIDTH="152" VPOS="3178" HPOS="306"/>
</TextLine>
<TextLine HEIGHT="49" WIDTH="314" VPOS="3258" HPOS="375" LANG="en-US" CS="1">
<String CONTENT="64" HEIGHT="41" WIDTH="59" VPOS="3258" HPOS="375"/>
<SP HEIGHT="48" WIDTH="31" VPOS="3259" HPOS="435"/>
<String CONTENT="p." HEIGHT="38" WIDTH="44" VPOS="3269" HPOS="467"/>
<SP HEIGHT="39" WIDTH="58" VPOS="3260" HPOS="512"/>
<String CONTENT="19" HEIGHT="41" WIDTH="58" VPOS="3258" HPOS="571"/>
<String STYLE="superscript" CS="1" CONTENT="&#7580;&#7504;"/>
<String CONTENT="." HEIGHT="9" WIDTH="9" VPOS="3291" HPOS="680"/>
</TextLine>
<TextLine HEIGHT="53" WIDTH="2015" VPOS="3311" HPOS="311" LANG="en-US">
<String CONTENT="&#169;" HEIGHT="53" WIDTH="52" VPOS="3311" HPOS="311"/>
<SP HEIGHT="53" WIDTH="29" VPOS="3311" HPOS="364"/>
<String CONTENT="June" HEIGHT="41" WIDTH="130" VPOS="3316" HPOS="394"/>
<SP HEIGHT="41" WIDTH="24" VPOS="3316" HPOS="525"/>
<String CONTENT="29," HEIGHT="50" WIDTH="70" VPOS="3314" HPOS="550"/>
<SP HEIGHT="47" WIDTH="29" VPOS="3317" HPOS="621"/>
<String CONTENT="1931;" HEIGHT="48" WIDTH="142" VPOS="3314" HPOS="651"/>
<SP HEIGHT="47" WIDTH="30" VPOS="3315" HPOS="794"/>
<String CONTENT="2c." HEIGHT="40" WIDTH="67" VPOS="3315" HPOS="825"/>
<SP HEIGHT="40" WIDTH="32" VPOS="3315" HPOS="893"/>
<String CONTENT="July" HEIGHT="47" WIDTH="116" VPOS="3315" HPOS="926"/>
<SP HEIGHT="47" WIDTH="28" VPOS="3315" HPOS="1043"/>
<String CONTENT="1;" HEIGHT="47" WIDTH="53" VPOS="3315" HPOS="1072"/>
<SP HEIGHT="38" WIDTH="32" VPOS="3324" HPOS="1126"/>
<String CONTENT="aff." HEIGHT="43" WIDTH="83" VPOS="3313" HPOS="1159"/>
<SP HEIGHT="42" WIDTH="31" VPOS="3314" HPOS="1243"/>
<String CONTENT="June" HEIGHT="41" WIDTH="129" VPOS="3314" HPOS="1275"/>
<SP HEIGHT="41" WIDTH="25" VPOS="3314" HPOS="1405"/>
<String CONTENT="30;" HEIGHT="47" WIDTH="84" VPOS="3314" HPOS="1431"/>
<SP HEIGHT="48" WIDTH="31" VPOS="3313" HPOS="1516"/>
<!-- cceid EE57AFD8-6E8D-1014-9CF5-AEB3FCA41D69 --><String CONTENT="A" HEIGHT="40" WIDTH="43" VPOS="3313" HPOS="1548"/>
<SP HEIGHT="42" WIDTH="26" VPOS="3313" HPOS="1592"/>
<String CONTENT="39646;" HEIGHT="49" WIDTH="174" VPOS="3313" HPOS="1619"/>
<SP HEIGHT="48" WIDTH="30" VPOS="3314" HPOS="1794"/>
<String CONTENT="Board" HEIGHT="41" WIDTH="166" VPOS="3314" HPOS="1825"/>
<SP HEIGHT="41" WIDTH="29" VPOS="3314" HPOS="1992"/>
<String CONTENT="of" HEIGHT="42" WIDTH="52" VPOS="3313" HPOS="2022"/>
<SP HEIGHT="40" WIDTH="29" VPOS="3313" HPOS="2075"/>
<String CONTENT="national" HEIGHT="41" WIDTH="221" VPOS="3314" HPOS="2105"/>
</TextLine>
<TextLine HEIGHT="49" WIDTH="1446" VPOS="3371" HPOS="382" LANG="en-US" CS="1">
<String CONTENT="missions" HEIGHT="41" WIDTH="231" VPOS="3373" HPOS="382"/>
<SP HEIGHT="30" WIDTH="24" VPOS="3384" HPOS="614"/>
<String CONTENT="of" HEIGHT="40" WIDTH="54" VPOS="3373" HPOS="639"/>
<SP HEIGHT="40" WIDTH="25" VPOS="3373" HPOS="694"/>
<String CONTENT="the" HEIGHT="40" WIDTH="81" VPOS="3373" HPOS="720"/>
<SP HEIGHT="40" WIDTH="27" VPOS="3373" HPOS="802"/>
<String CONTENT="Presbyterian" HEIGHT="48" WIDTH="349" VPOS="3372" HPOS="830"/>
<SP HEIGHT="29" WIDTH="26" VPOS="3382" HPOS="1180"/>
<String CONTENT="church" HEIGHT="41" WIDTH="185" VPOS="3371" HPOS="1207"/>
<SP HEIGHT="39" WIDTH="25" VPOS="3371" HPOS="1393"/>
<String CONTENT="in" HEIGHT="40" WIDTH="51" VPOS="3371" HPOS="1419"/>
<SP HEIGHT="38" WIDTH="26" VPOS="3374" HPOS="1471"/>
<String CONTENT="the" HEIGHT="42" WIDTH="84" VPOS="3371" HPOS="1498"/>
<SP HEIGHT="41" WIDTH="26" VPOS="3372" HPOS="1583"/>
<String LANG="fr" CONTENT="U." HEIGHT="40" WIDTH="55" VPOS="3372" HPOS="1610"/>
<SP HEIGHT="42" WIDTH="32" VPOS="3371" HPOS="1666"/>
<String CONTENT="S." HEIGHT="42" WIDTH="45" VPOS="3371" HPOS="1699"/>
<SP HEIGHT="41" WIDTH="27" VPOS="3372" HPOS="1745"/>
<String CONTENT="A." HEIGHT="40" WIDTH="55" VPOS="3372" HPOS="1773"/>
</TextLine>
<TextLine HEIGHT="49" WIDTH="283" VPOS="3431" HPOS="389" LANG="en-US">
<String CONTENT="(31-20408)" HEIGHT="49" WIDTH="283" VPOS="3431" HPOS="389"/>
</TextLine>
<TextLine HEIGHT="66" WIDTH="574" VPOS="3526" HPOS="305" STYLEREFS="StyleId-495A0939-7F7D-4A52-818C-26EB0F359FD1-" LANG="en-US">
<String CONTENT="Zechlin," HEIGHT="66" WIDTH="258" VPOS="3526" HPOS="305"/>
<SP HEIGHT="64" WIDTH="33" VPOS="3528" HPOS="564"/>
<String CONTENT="Egmont." HEIGHT="64" WIDTH="281" VPOS="3528" HPOS="598"/>
</TextLine>
<TextLine HEIGHT="72" WIDTH="1948" VPOS="3603" HPOS="378" STYLEREFS="StyleId-6F6A5A63-0CDD-4B0D-B21D-E7B7384DF419-">
<String LANG="en-US" CONTENT="Bismarck" HEIGHT="55" WIDTH="303" VPOS="3606" HPOS="378"/>
<SP HEIGHT="52" WIDTH="36" VPOS="3607" HPOS="682"/>
<String LANG="de" CONTENT="und" HEIGHT="51" WIDTH="120" VPOS="3609" HPOS="719"/>
<SP HEIGHT="52" WIDTH="41" VPOS="3608" HPOS="840"/>
<String LANG="en-US" CONTENT="die" HEIGHT="54" WIDTH="92" VPOS="3606" HPOS="882"/>
<SP HEIGHT="50" WIDTH="37" VPOS="3625" HPOS="975"/>
<String LANG="en-US" CONTENT="grundlegung" HEIGHT="69" WIDTH="409" VPOS="3606" HPOS="1013"/>
<SP HEIGHT="67" WIDTH="38" VPOS="3606" HPOS="1423"/>
<String LANG="de" CONTENT="der" HEIGHT="52" WIDTH="102" VPOS="3606" HPOS="1462"/>
<SP HEIGHT="52" WIDTH="37" VPOS="3606" HPOS="1565"/>
<String LANG="de" CONTENT="deutschen" HEIGHT="53" WIDTH="308" VPOS="3605" HPOS="1603"/>
<SP HEIGHT="51" WIDTH="40" VPOS="3622" HPOS="1912"/>
<String LANG="de" CONTENT="grossmacht," HEIGHT="70" WIDTH="373" VPOS="3603" HPOS="1953"/>
</TextLine>
<TextLine HEIGHT="137" WIDTH="1996" VPOS="3679" HPOS="306" STYLEREFS="StyleId-6F6A5A63-0CDD-4B0D-B21D-E7B7384DF419-" LANG="de" CS="1">
<String CONTENT="von" HEIGHT="35" WIDTH="109" VPOS="3701" HPOS="306"/>
<SP HEIGHT="51" WIDTH="39" VPOS="3685" HPOS="416"/>
<String CONTENT="Egmont" HEIGHT="68" WIDTH="254" VPOS="3685" HPOS="456"/>
<SP HEIGHT="54" WIDTH="33" VPOS="3685" HPOS="711"/>
<String CONTENT="Zechlin.-" HEIGHT="53" WIDTH="269" VPOS="3684" HPOS="745"/>
<SP HEIGHT="51" WIDTH="52" VPOS="3684" HPOS="1015"/>
<String CONTENT="Mit" HEIGHT="52" WIDTH="112" VPOS="3684" HPOS="1068"/>
<SP HEIGHT="52" WIDTH="32" VPOS="3685" HPOS="1181"/>
<String CONTENT="bildnissen" HEIGHT="53" WIDTH="317" VPOS="3684" HPOS="1214"/>
<SP HEIGHT="35" WIDTH="32" VPOS="3702" HPOS="1532"/>
<String CONTENT="und" HEIGHT="52" WIDTH="119" VPOS="3684" HPOS="1565"/>
<SP HEIGHT="52" WIDTH="34" VPOS="3684" HPOS="1685"/>
<String CONTENT="handschriften" HEIGHT="55" WIDTH="443" VPOS="3680" HPOS="1720"/>
<SP HEIGHT="53" WIDTH="33" VPOS="3681" HPOS="2164"/>
<String CONTENT="faksimiles." HEIGHT="137" WIDTH="1995" VPOS="3679" HPOS="307"/>
</TextLine>
<TextLine HEIGHT="70" WIDTH="1106" VPOS="3761" HPOS="614" STYLEREFS="StyleId-6F6A5A63-0CDD-4B0D-B21D-E7B7384DF419-" LANG="de">
<String CONTENT="Berlin" HEIGHT="55" WIDTH="201" VPOS="3762" HPOS="614"/>
<SP HEIGHT="34" WIDTH="28" VPOS="3782" HPOS="816"/>
<String CONTENT="und" HEIGHT="52" WIDTH="119" VPOS="3765" HPOS="845"/>
<SP HEIGHT="56" WIDTH="33" VPOS="3761" HPOS="965"/>
<String CONTENT="Stuttgart," HEIGHT="70" WIDTH="314" VPOS="3761" HPOS="999"/>
<SP HEIGHT="70" WIDTH="33" VPOS="3761" HPOS="1314"/>
<String CONTENT="Cotta," HEIGHT="67" WIDTH="190" VPOS="3761" HPOS="1348"/>
<SP HEIGHT="64" WIDTH="30" VPOS="3764" HPOS="1539"/>
<String CONTENT="1930." HEIGHT="50" WIDTH="150" VPOS="3763" HPOS="1570"/>
</TextLine>
<TextLine HEIGHT="40" WIDTH="98" VPOS="3845" HPOS="376">
<String LANG="de" CONTENT="1" HEIGHT="38" WIDTH="25" VPOS="3845" HPOS="376"/>
<SP HEIGHT="38" WIDTH="29" VPOS="3845" HPOS="402"/>
<String LANG="fr" CONTENT="v." HEIGHT="30" WIDTH="42" VPOS="3855" HPOS="432"/>
</TextLine>
<TextLine HEIGHT="52" WIDTH="1433" VPOS="3896" HPOS="311" LANG="de" CS="1">
<String CONTENT="&#169;" HEIGHT="52" WIDTH="53" VPOS="3896" HPOS="311"/>
<SP HEIGHT="52" WIDTH="33" VPOS="3896" HPOS="365"/>
<String CONTENT="Oct." HEIGHT="41" WIDTH="104" VPOS="3900" HPOS="399"/>
<SP HEIGHT="40" WIDTH="30" VPOS="3901" HPOS="504"/>
<String CONTENT="10," HEIGHT="47" WIDTH="70" VPOS="3900" HPOS="535"/>
<SP HEIGHT="45" WIDTH="31" VPOS="3902" HPOS="606"/>
<String CS="1" CONTENT="1930;" HEIGHT="42" WIDTH="117" VPOS="3899" HPOS="638"/>
<SP/>
<String CS="1" CONTENT="1c."/>
<SP HEIGHT="41" WIDTH="35" VPOS="3900" HPOS="882"/>
<String CONTENT="Oct." HEIGHT="43" WIDTH="102" VPOS="3900" HPOS="918"/>
<SP HEIGHT="42" WIDTH="31" VPOS="3901" HPOS="1021"/>
<String CS="1" CONTENT="31;" HEIGHT="40" WIDTH="57" VPOS="3901" HPOS="1053"/>
<SP HEIGHT="48" WIDTH="33" VPOS="3900" HPOS="1138"/>
<!-- cceid EE580DD0-6E8D-1014-9CF5-AEB3FCA41D69 --><String LANG="en-US" CONTENT="A" HEIGHT="39" WIDTH="43" VPOS="3900" HPOS="1172"/>
<String CONTENT="&#8212;Foreign" HEIGHT="48" WIDTH="273" VPOS="3899" HPOS="1215"/>
<SP HEIGHT="41" WIDTH="32" VPOS="3898" HPOS="1489"/>
<String CS="1" CONTENT="9521;" HEIGHT="41" WIDTH="114" VPOS="3898" HPOS="1522"/>
<SP HEIGHT="49" WIDTH="34" VPOS="3898" HPOS="1665"/>
<String LANG="fr" CONTENT="J." HEIGHT="41" WIDTH="44" VPOS="3898" HPOS="1700"/>
</TextLine>
<TextLine HEIGHT="112" WIDTH="1924" VPOS="3896" HPOS="382" LANG="de" CS="1">
<String CONTENT="G." HEIGHT="42" WIDTH="53" VPOS="3897" HPOS="1781"/>
<SP HEIGHT="43" WIDTH="35" VPOS="3896" HPOS="1835"/>
<String CONTENT="Cotta&#8217;sche" HEIGHT="43" WIDTH="275" VPOS="3896" HPOS="1871"/>
<SP HEIGHT="41" WIDTH="33" VPOS="3896" HPOS="2147"/>
<String CONTENT="buchhandlung" HEIGHT="111" WIDTH="1924" VPOS="3896" HPOS="382"/>
<SP HEIGHT="38" WIDTH="25" VPOS="3969" HPOS="636"/>
<String CONTENT="nachfolger." HEIGHT="50" WIDTH="299" VPOS="3958" HPOS="662"/>
</TextLine>
</TextBlock>
</PrintSpace>
</Page>
</Layout>
</alto>