2428 4370
1200 4047 135 51 1846

242 472 1994 108 XX, 341 p. illus. (incl. maps) diagrs. 21 ᶜᵐ. [The Union graded series,
380 532 71 41 ed.
483 532 59 48 by
571 532 53 41 E.
656 530 245 42 Gamoran]

315 588 148 40 “This
500 592 136 44 story
673 589 42 40 is
753 589 81 40 the
873 589 175 39 second
1085 592 111 45 part
1234 589 53 40 of
1322 588 83 41 the
1446 589 250 50 [author’s]
1736 592 134 45 story
1908 590 51 38 of
1996 590 168 39 ‘Israel
2209 590 44 38 in

241 646 513 43 Canaan’.”—Introd.

313 702 315 41 “Additional
654 702 257 47 readings”
937 707 52 36 at
1017 703 80 40 the
1122 704 93 39 end
1242 703 53 40 of
1319 703 121 40 each
1466 703 199 41 section.

248 771 51 52 ©
335 776 127 47 Sept.
495 776 68 42 15,
597 773 108 41 1931;
771 776 64 37 2c.
870 774 116 40 Nov.
1020 779 25 33 2;
1106 774 81 40 aff.
1223 774 102 41 Oct.
1358 778 17 35 1;
1445 777 40 37 A
1516 774 172 43 44588;
1727 774 157 40 Union
1918 774 52 40 of
2001 774 256 41 American

316 833 210 39 Hebrew
558 832 384 48 congregations,
979 831 292 41 Cincinnati.
1344 832 284 49 (31-32445)

242 927 309 64 Grousset,
582 926 180 55 René.

313 1008 121 52 The
468 1007 382 54 civilizations
882 1008 64 51 of
977 1008 96 53 the
1106 1007 158 52 East.
1364 1026 48 33 [v.
1447 1011 50 63 2]
1535 1007 192 68 India,
1756 1008 76 69 by
1863 1006 157 53 René

242 1006 1995 146 Grousset;
386 1087 318 51 translated
738 1086 153 52 from
922 1087 95 51 the
1050 1085 226 53 French
1306 1087 74 68 by
1417 1085 308 55 Catherine
1755 1085 207 54 Alison
1991 1085 270 70 Phillips.

242 1164 163 55 With
438 1168 101 49 249
572 1164 399 54 illustrations.
1047 1164 140 53 New
1220 1164 181 66 York,
1432 1163 213 54 Alfred
1677 1165 72 52 A.
1780 1163 227 71 Knopf,
2040 1167 150 50 1931.

321 1245 858 49 5 p. l., 3-404 p., 1 l. illus. 23½ᶜᵐ.
321 1304 134 40 Each
484 1303 192 41 volume
703 1304 90 40 has
819 1304 107 39 also
956 1302 181 49 special
1167 1306 98 45 t.-p.

250 1370 2012 53 © Nov. 20. 1931; 2c. and aff. Nov. 21; A 46030; Alfred A. Knopf, inc.
244 1487 254 62 Harper,
530 1485 201 53 Frank
762 1486 61 54 C.

316 1560 335 68 Pittsburgh
691 1561 65 53 of
789 1560 192 70 today,
1020 1562 71 51 its
1129 1577 280 40 resources
1448 1561 112 52 and
1598 1563 219 68 people,
1852 1562 74 68 by
1964 1562 197 54 Frank
2199 1563 61 54 C.

243 1637 2019 75 Harper … New York. The American historical society, inc.,
242 1721 150 50 1931.

311 1803 27 38 4
368 1812 38 30 v.
466 1803 188 41 fronts.,
682 1803 171 47 plates,
882 1804 148 46 ports.
1088 1803 147 40 27½ᶜᵐ.

315 1859 125 40 Vols.
472 1860 86 39 1-2
586 1862 95 38 and
711 1861 84 38 3-1
823 1861 155 46 paged
1008 1859 353 47 continuously.

314 1915 130 43 Vols.
470 1916 28 40 3
523 1918 97 39 and
644 1917 28 39 4
698 1914 346 49 biographical.

252 1984 1601 52 © Nov. 11. 1931; 2c. each Nov. 16; aff. Nov. 13; A 44819;
1884 1987 259 41 American
322 1989 1926 97 historical
531 2046 197 47 society,
765 2046 89 40 inc.
930 2045 283 48 (31-32501)

249 2139 311 66 Harrison,
591 2140 247 55 Charles
865 2139 166 65 Yale,
1062 2146 173 50 1898-

320 2217 272 55 Clarence
628 2220 245 51 Harrow
933 2219 92 67 [by]
1069 2219 238 55 Charles
1344 2219 146 53 Yale
1530 2219 301 53 Harrison.
1909 2221 138 51 New
2085 2220 180 53 York,

249 2297 860 68 J. Cape & H. Smith [ ᶜ1 931]
323 2389 77 36 XV,
429 2379 88 41 380
544 2390 42 37 p.
647 2378 163 42 front.,
839 2383 151 44 ports.
1051 2379 147 41 22½ᶜᵐ.

322 2436 352 48 Bibliography;
731 2447 42 38 p.
799 2436 218 42 367-369.

256 2502 52 53 ©
334 2509 118 39 Nov.
477 2510 41 39 2.
546 2508 104 40 1931;
714 2508 67 41 2c.
808 2510 94 38 and
930 2509 84 57 aff,
1040 2509 117 40 Nov.
1185 2509 25 38 6;
1267 2510 39 38 A
1332 2508 146 41 43805;
1536 2508 47 40 C.
1613 2510 52 38 Y.
1695 2509 257 46 Harrison,
1979 2509 117 39 New
2124 2508 142 40 York.

338 2566 282 41 (31-32525)

251 2661 174 63 Hart,
456 2661 247 54 Francis
732 2661 252 64 Russell,
1018 2667 169 50 1868-

321 2736 1741 70 The siege of Havana, 1762 [by] Francis Russell Hart.
250 2739 1995 130 Boston
389 2816 112 54 and
543 2816 138 53 New
723 2816 180 68 York,
941 2817 321 70 Houghton
1301 2816 206 55 Mifflin
1545 2835 312 51 company;
1898 2817 261 68 London,
2199 2815 67 56 G.

252 2894 169 53 Allen
450 2897 44 51 &
521 2895 233 68 Unwin,
781 2896 122 68 ltd.,
934 2900 150 49 1931.

323 2978 1659 50 4 p. 1., [3]-54 p. front., plates, ports., 2 plans (1 fold.) 27 ᶜᵐ.
325 3036 132 40 Each
485 3037 133 46 plate
643 3036 343 47 accompanied
1012 3036 62 48 by
1100 3037 154 47 guard
1282 3037 136 39 sheet
1445 3037 120 40 with
1593 3036 294 49 descriptive
1913 3038 299 47 letterpress.

325 3093 115 41 “Six
469 3093 221 40 hundred
720 3094 92 39 and
843 3093 315 48 seventy-five
1185 3093 160 49 copies
1373 3093 52 40 of
1453 3093 98 40 this
1580 3094 120 40 book
1729 3104 128 29 were
1885 3092 193 50 printed
2108 3097 51 38 at
2189 3094 81 40 the

258 3149 2008 50 Riverside press. Cambridge, U. S. A. … of which one hundred and
255 3209 173 39 twelve
462 3217 84 29 are
581 3206 78 40 for
695 3208 221 45 England
953 3208 95 40 and
1086 3207 91 39 five
1213 3208 222 39 hundred
1471 3208 97 40 and
1602 3207 298 49 twenty-five
1936 3218 84 29 are
2052 3207 81 40 for
2168 3208 101 39 sale

257 3266 44 37 in
355 3265 59 39 the
443 3265 175 39 United
650 3264 206 40 States."

261 3318 2008 52 © Nov. 6. 1931; 2c. Nov. 12; aff. Nov. 11; A 43958; F. R. Hart. Boston.
339 3380 281 42 (31-32423)

258 3482 378 63 Hausbrand,
671 3485 226 63 Eugen,
932 3490 172 49 1845-

327 3559 417 64 Verdampfon.
809 3560 410 53 kondensieren
1289 3559 112 53 und
1473 3559 232 53 kühlen,
1771 3576 108 35 von
1948 3557 66 52 E.
256 3558 1992 130 Hausbrand

255 3636 1993 145 † . 7. aufl., unter besonderer berücksichtigung der verdampfanlagen vollständig neu
1263 3715 190 53 bearb.
1484 3733 110 35 von
1626 3715 289 69 dipl.-ing.
1945 3714 80 53 M.
2056 3714 211 53 Hirsch

318 3792 1752 70 … mit 218 textabbildungen. Berlin, J. Springer, 1931.
331 3874 1005 50 xvi, 359. [1] p. illus., diagrs. 23 ½ᶜᵐ .
266 3926 2004 55 © Dec. 11, 1930; 1c . May 5, 1931; A— Foreign 12776; Julius Springer.
345 3988 280 50 (31-32823)
