2428 4370
1220 4016 138 52 2088

349 454 85 50 xii,
463 454 85 41 393
579 465 43 38 p.
680 454 165 48 front.,
875 455 173 48 plates,
1078 456 165 47 ports.,
1272 454 192 42 facsim.
1523 455 147 40 22½ᶜᵐ.

353 525 165 41 “First
553 525 185 40 edition
773 525 190 41 limited
1001 527 50 39 to
1088 525 130 49 1,000
1254 525 205 50 copies.”

351 583 382 49 Bibliography:
774 594 42 37 p.
854 582 221 42 357-379.

289 654 51 52 ©
374 659 113 40 Dec.
520 656 69 49 19,
622 656 113 42 1931;
797 656 67 41 2c.
898 658 96 38 and
1027 656 83 40 aff.
1145 657 113 39 Dec.
1290 657 55 38 21;
1407 656 41 39 A
1479 656 146 40 46507;
1689 656 54 41 A.
1779 658 38 40 I.
1850 655 169 49 Tobin,
2055 657 248 49 Brooklyn

357 716 97 39 and
484 716 165 39 Elmer
681 714 159 47 Gertz,
872 713 226 50 Chicago.
1171 713 224 49 (32-345)

287 808 248 71 [Vahey,
567 809 156 54 John
757 810 229 63 George
1017 808 277 54 Haslette]
1353 814 171 50 1881-

351 888 125 53 Red
520 888 152 53 stain
721 887 110 69 [by]
879 886 236 54 Vernon
1156 886 190 53 Loder
1419 886 211 69 [pseud.]
1713 886 262 69 London,
2017 886 145 54 Pub.
2208 886 94 55 for

283 967 95 52 the
413 965 192 55 Crime
638 966 148 62 club,
818 966 124 62 ltd.,
973 964 77 64 by
1081 965 91 54 W.
1210 964 221 55 Collins
1463 983 130 35 sons
1626 967 47 50 &
1705 982 100 46 co.,
1838 963 105 54 ltd.
2003 967 154 61 [1931]

349 1046 276 50 266 p. 19 ᶜᵐ.
288 1116 2016 53 © 1c. Dec. 30, 1931; A ad int. 15913; pubd. Nov. 2; John Haslette Vahey,
356 1178 384 47 Bournemouth,
774 1179 237 47 England.
1084 1176 223 49 (32-974)

281 1272 175 66 Vose,
484 1272 223 58 Persis.

349 1350 118 70 Say
499 1350 48 55 it
577 1351 190 69 again,
798 1371 30 33 a
859 1351 147 53 book
1036 1350 64 54 of
1130 1370 205 51 essays,
1364 1351 76 70 by
1473 1349 191 55 Persis
1695 1350 178 68 Vose;
1909 1350 390 54 introduction

278 1429 74 70 by
393 1429 249 53 Earnest
683 1429 171 53 Elmo
898 1429 254 55 Calkins.
1233 1429 302 70 Portland,
1577 1429 110 53 Me.
1740 1430 139 68 [The
1926 1429 375 55 Southworth

277 1527 175 50 press]
494 1511 152 50 1931.

348 1589 103 49 viii,
485 1588 57 42 80
571 1600 44 38 p.
674 1588 58 42 19½ᶜᵐ.

351 1660 131 41 Most
521 1660 54 41 of
615 1660 84 40 the
739 1660 225 41 sketches
1003 1662 110 39 deal
1154 1660 122 41 with
1317 1660 232 41 deafness
1588 1661 97 40 and
1728 1662 82 40 the
1852 1661 313 48 experiences
2205 1664 95 40 and

278 1718 291 50 philosophy
600 1718 53 41 of
684 1719 84 40 the
800 1718 255 41 deafened,
1118 1721 62 48 cf.
1216 1718 187 41 Introd.

288 1789 51 53 ©
374 1795 111 39 Dec.
518 1795 41 47 4,
594 1793 111 41 1931;
770 1794 66 39 2c.
870 1794 95 39 and
1000 1792 82 42 aff.
1118 1793 112 40 Dec.
1265 1792 55 40 16;
1383 1792 41 39 A
1454 1791 146 41 46391;
1665 1793 51 39 P.
1751 1793 138 47 Vose,
1925 1794 251 47 Portland,
2212 1795 90 38 Me.
366 1851 222 49 (32-346)

281 1947 252 64 Yeaton,
563 1945 145 66 Lyle
736 1946 66 56 B.

346 2021 301 54 Linoleum
674 2022 166 54 block
867 2020 267 70 printing
1161 2021 95 54 for
1283 2025 96 52 the
1407 2028 274 64 amateur,
1708 2021 74 72 by
1809 2023 142 68 Lyle
1979 2023 66 51 B.
2077 2023 223 54 Yeaton

339 2099 1821 70 … New York and Los Angeles, The Yeaton press, 1931.
347 2181 1055 55 ix, [1], 11-125, [1] p. illus., diagrs. 18 ᶜᵐ.
287 2253 51 52 ©
382 2257 102 40 Oct
525 2257 69 47 30,
637 2256 142 47 1931;
820 2255 68 42 2c.
930 2257 95 39 and
1067 2255 82 41 aff.
1190 2256 119 39 Nov.
1352 2255 54 40 16;
1478 2255 41 39 A
1558 2255 173 48 45031;
1777 2257 51 40 L.
1869 2257 55 40 B.
1965 2257 202 46 Yeaton,
2210 2257 94 41 Los

355 2314 222 48 Angeles.
648 2313 282 48 (31-32895)

277 2407 278 66 Yeaxlee,
585 2408 165 53 Basil
780 2407 232 67 Alfred,
1045 2414 174 49 1883-

351 2487 122 53 The
509 2488 292 66 approach
837 2493 59 47 to
932 2485 275 71 religious
1243 2485 303 55 education
1583 2487 59 53 in
1682 2488 240 69 Sunday
1958 2489 193 53 school
2186 2488 113 54 and

280 2565 2019 70 day school, by Basil A. Yeaxlee … London, Student Christian
279 2650 322 48 movement
627 2663 159 50 press
821 2648 173 64 [1931]

351 2726 379 52 143, [1] p. 19½ ᶜᵐ.
353 2796 71 41 “A
447 2798 139 39 short
610 2806 170 32 course
804 2797 52 40 of
879 2798 213 39 lectures
1116 2796 247 41 delivered
1387 2796 51 41 in
1464 2798 83 39 the
1573 2796 284 49 University
1883 2796 52 41 of
1960 2796 339 49 Birmingham

331 2854 991 50 … during the winter 1930-31.”—Pref.
353 2912 446 50 “Bibliographical
824 2912 142 42 note”
985 2923 10 30 :
1023 2923 45 38 p.
1092 2913 41 41 8.

287 2980 2016 53 © 1c. Nov. 5, 1931; A ad int. 15617; pubd. Oct. 26; Macmillan co., New
355 3043 144 39 York.
572 3041 281 49 (31-33132)

279 3137 233 64 Young,
546 3136 249 55 Francis
826 3138 195 63 Brett,
1055 3142 172 50 1884-

414 3214 1886 71 … Mrs. and Mrs. Pennington. New York, London, Harper
281 3296 49 50 &
361 3294 281 69 brothers,
675 3296 152 51 1931.

352 3374 470 50 5 p. l., 546 p. 21½ᶜᵐ.
353 3446 165 41 “First
551 3445 231 43 edition.”

288 3514 51 52 ©
366 3519 102 40 Oct.
494 3519 68 48 26,
589 3518 112 40 1931;
758 3520 66 39 2c.
850 3520 95 39 and
970 3519 83 42 aff.
1078 3520 119 38 Nov.
1222 3519 84 43 27;
1334 3520 40 38 A
1399 3520 172 45 45214;
1601 3520 50 39 F.
1678 3520 54 41 B.
1760 3520 183 47 Young,
1971 3518 329 48 Hawkshead,

354 3586 72 30 nr.
457 3576 291 48 Ambleside,
780 3577 238 47 England.
1090 3576 283 49 (31-33381)

284 3670 208 65 Zanta,
522 3670 307 57 Léontine.

409 3744 1507 74 … Sainte-Odile. [Paris] E. Flammarion [ ᶜ1931]
349 3826 65 46 ix,
445 3828 220 51 [11]-210,
708 3830 43 50 [4]
780 3841 41 37 p.
884 3830 117 41 19ᶜᵐ.
1068 3832 117 48 (Les
1210 3831 327 49 pèlerinages)

289 3894 2011 58 © June 25, 1931; 1c. July 20; A—Foreign 12739; Ernest Flammarion.
367 3955 281 52 (31-31369)
