2428 4370
1006 3974 138 55 2087

55 446 308 56 Frederick
393 444 258 54 Holland
681 442 228 66 Dewey,
981 481 10 9 A.
1064 479 9 9 B.
1148 437 138 53 New
1320 433 162 55 York
1513 431 134 69 city,
1679 426 368 57 Translation

54 517 1022 80 publishing company, inc. [ ᶜ1 931]
130 590 1595 64 2 p. l., 156 p. 19 ᶜᵐ. (Students’ interlinear translations)
62 643 1989 72 © Nov. 20, 1931; 2c. Dec. 10; aff. Jan. 12, 1932; A 45493; Translation
130 719 279 50 publishing
432 729 79 36 co.,
536 717 91 39 inc.
691 711 71 53 [©
782 711 344 48 introduction]
1200 707 279 51 (31-35517)

58 813 251 65 Sample,
338 812 174 54 Anna
541 807 182 58 Eliza.

126 888 199 69 Fluffy
371 885 153 57 Cat’s
567 884 122 68 tail,
731 884 74 68 by
846 882 137 54 Ann
1028 881 165 52 Eliza
1240 878 249 68 Sample,
1533 876 324 54 illustrated
1902 872 152 54 from

58 966 247 70 original
335 963 118 55 free
483 963 155 53 hand
667 961 250 68 cuttings
944 959 76 68 by
1046 959 95 52 the
1170 956 222 54 author.
1469 954 271 70 Chicago,
1766 953 72 52 A.
57 950 1974 148 Whitman
222 1045 52 50 &

307 1043 309 66 co. [ ᶜ1 931]
130 1119 908 56 58, [1] p. incl. front., illus. 7 × 22 ᶜᵐ.
67 1178 52 54 ©
144 1183 121 47 Aug.
291 1181 71 48 20,
388 1178 113 43 1931;
556 1178 67 41 2c.
653 1177 127 49 Sept.
806 1177 57 39 17;
918 1174 82 42 aff.
1029 1175 110 40 Dec.
1167 1172 56 43 30;
1280 1173 41 38 A
1346 1170 147 42 46646;
1548 1171 168 40 Albert
1744 1168 249 43 Whitman
2023 1167 36 43 &

134 1249 69 30 co.
272 1235 221 51 (32-328)

62 1317 241 66 Seifert,
332 1314 325 66 Friedrich,
691 1319 169 50 1891-

193 1383 1864 79 … Charakterologie, von Friedrich Seifert. München und
64 1472 215 69 Berlin,
305 1474 67 52 R.
404 1470 387 69 Oldenbourg,
819 1471 151 51 1929.

135 1550 554 52 cover-title, 65 p. 25 ᶜᵐ.
135 1610 65 41 At
223 1611 127 39 head
371 1610 54 40 of
448 1609 108 41 title
574 1619 9 29 :
610 1607 273 41 Handbuch
908 1606 85 41 der
1018 1603 317 50 philosophie.

139 1665 428 50 “Sonderausgabe
604 1674 89 31 aus
732 1666 106 38 dem
876 1662 275 41 Handbuch
1188 1662 84 40 der
1308 1658 345 51 philosophie.”

71 1714 1992 61 © July 26, 1929; 1c. Apr. 16, 1931; A —Foreign 12677; R. Oldenbourg.
149 1780 280 50 (31-35510)

67 1861 269 65 Sieburg,
373 1858 324 57 Friedrich.

133 1935 59 55 Is
224 1935 126 54 God
381 1953 31 35 a
442 1935 389 54 Frenchman?
866 1951 80 51 or,
976 1933 119 52 The
1127 1932 193 69 gospel
1353 1932 63 51 of
1446 1932 82 56 St.
1562 1931 168 59 Joan,
1760 1928 73 69 by
64 1927 1974 139 Friedrich

208 2011 260 69 Sieburg.
526 2011 58 52 A
607 2009 247 57 German
877 2011 172 68 study
1071 2009 66 56 of
1161 2010 219 54 France
1404 2009 61 53 in
1489 2010 95 52 the
1608 2005 234 57 modern
1866 2004 199 70 world,

65 2081 1975 71 translated by Alan Harris. London, Toronto, J. Cape [19 31]
135 2170 217 52 303 p. 20½ᶜᵐ
139 2217 1929 57 “The open letter to the author which follows this translation … was
66 2281 254 51 published
361 2290 56 32 as
455 2291 62 30 an
557 2280 273 42 addendum
869 2283 47 38 to
959 2280 82 40 the
1080 2278 186 42 French
1307 2277 183 43 edition
1530 2279 53 40 of
1618 2280 82 38 the
1740 2279 121 40 book
1901 2279 61 47 by
2001 2277 66 42 its

68 2330 2001 60 publisher M. Bernard Grasset … Following this is also printed the
69 2393 219 42 author’s
318 2393 136 50 reply
483 2396 49 38 to
565 2393 61 40 M.
661 2391 242 42 Grasset.”
906 2389 357 44 —Publisher’s
1293 2393 126 38 note.

77 2440 1994 62 © 1c. Dec. 9, 1931; A ad int. 15816; pubd. Nov. 9; Macmillan co., New
145 2508 143 40 York.
359 2505 222 51 (32-982)

71 2587 235 66 Tatum,
334 2588 138 55 Mrs.
503 2584 202 66 Edith,
735 2586 171 54 1877-

71 2654 1971 139 Patteran, by Edith Tatum … Emory University, Ga., Banner
193 2757 156 50 press
423 2741 130 49 [ᶜ1931]

142 2820 56 43 72
226 2831 43 39 p.
328 2820 57 40 20½ᶜᵐ.
537 2819 163 52 [Verse
727 2819 129 42 craft
886 2819 165 52 series]

82 2874 53 54 ©
172 2879 117 40 Nov.
327 2877 56 43 23,
434 2877 140 41 1931;
614 2877 67 41 2c.
720 2879 93 38 and
852 2877 83 42 aff.
973 2878 117 40 Nov.
1129 2876 83 48 27;
1252 2878 40 38 A
1328 2877 149 40 46000;
1542 2877 259 41 Lawrence
1838 2878 72 40 W.
1949 2876 123 51 Neff,

150 2937 177 46 Emory
355 2934 295 48 University,
680 2934 85 40 Ga.
835 2932 221 51 (32-373)

77 3012 231 68 Taylor,
336 3013 247 67 Archer,
614 3018 171 52 1890-

141 3088 119 53 The
303 3090 260 68 proverb,
602 3089 75 70 by
717 3090 219 53 Archer
976 3089 230 69 Taylor.
1285 3088 362 71 Cambridge,
1688 3091 190 68 Mass.,
75 3089 1974 131 Harvard

249 3165 317 72 university
603 3183 170 50 press,
811 3169 148 50 1931.

142 3249 66 40 xi.
247 3249 86 41 223
372 3258 44 39 p.
475 3248 57 40 20½ᶜᵐ.

148 3303 123 41 “For
301 3303 81 42 the
415 3303 230 40 scholar’s
673 3302 315 43 convenience
1020 3306 21 39 I
1073 3306 123 40 have
1227 3306 234 47 compiled
1491 3316 60 30 an
1582 3306 146 41 index
1759 3306 52 41 of
1840 3306 82 40 the
76 3306 1982 102 English,
217 3358 219 49 German,

75 3354 1983 103 and Latin proverbs cited, and in it I have given … references from works on
77 3411 1996 108 the comparative study of proverbs … This index will appear in FF communications
1060 3468 517 51 (Helsinki).”—Pref.

85 3522 52 54 ©
167 3528 109 40 Dec.
307 3529 40 45 8,
375 3526 112 42 1931;
546 3526 66 40 2c.
643 3527 110 41 Dec.
784 3528 53 38 11;
897 3526 82 43 aff.
1009 3527 111 41 Dec.
1149 3527 56 40 19;
1263 3529 40 38 A
1331 3529 145 40 45575;
1536 3528 257 42 President
1822 3529 36 40 &
1886 3528 189 42 fellows

153 3584 52 40 of
233 3584 229 41 Harvard
492 3583 190 49 college,
715 3582 300 50 Cambridge,
1048 3585 145 39 Mass.
1265 3584 221 50 (32-359)

78 3673 203 66 Tobin,
313 3674 72 55 A.
414 3675 45 54 I.

146 3741 196 54 Frank
363 3741 227 68 Harris,
615 3762 31 33 a
669 3742 169 71 study
863 3742 59 53 in
944 3742 166 54 black
1135 3743 111 53 and
1271 3742 190 67 white,
1482 3742 76 71 by
1582 3742 69 55 A.
1679 3743 47 52 I.
1750 3740 183 56 Tobin
1960 3741 110 54 and

76 3817 195 54 Elmer
296 3816 199 70 Gertz;
527 3838 69 33 an
625 3816 399 58 “authorized”
1050 3819 337 69 biography.
1454 3818 267 72 Chicago,
1748 3818 322 56 Madelaine

75 3893 389 72 Mendelsohn,
501 3898 149 50 1931.
