2428 4370
1022 4053 133 53 1479

62 434 300 60 Trattner,
391 431 217 51 Ernest
638 428 239 63 Robert,
908 431 170 50 1898-

129 508 82 52 As
249 527 31 33 a
320 507 123 53 Jew
484 523 113 36 sees
636 504 182 68 Jesus,
855 503 75 70 by
969 502 206 52 Ernest
1217 501 67 51 R.
1327 500 286 54 Trattner.
1691 497 135 53 New
1871 495 177 69 York,

60 584 251 69 London,
343 584 61 54 C.
437 582 311 55 Scribner’s
779 599 142 49 sons,
955 583 149 49 1931.

128 661 634 52 xii p., 1 l., 232 p. 20ᶜᵐ.
132 722 211 40 “Jewish
372 718 336 48 bibliography
737 729 58 28 on
825 715 171 41 Jesus”
1015 726 10 29 :
1055 726 44 37 p.
1129 712 217 43 200-208.

69 778 51 51 ©
156 782 126 46 Sept.
314 780 68 47 11,
413 777 113 40 1931;
587 776 68 42 2c.
686 777 95 38 and
813 774 81 41 aff.
930 774 127 48 Sept.
1090 773 54 40 15;
1205 773 44 39 A
1278 771 143 41 41626;
1484 773 53 38 E.
1571 772 54 39 R.
1659 772 246 46 Trattner,
1937 771 117 39 New

135 837 143 40 York.
352 833 277 50 (31-24868)

65 931 436 60 T’Serstevens,
531 927 71 54 A.

133 1006 122 53 The
291 1005 216 53 distant
547 1003 268 68 princess,
852 997 76 73 by
965 999 71 54 A.
1076 998 429 65 T’Serstevens;
1546 998 316 53 translated
1904 998 150 53 from

65 1085 93 51 the
186 1082 222 53 French
435 1082 76 68 by
538 1081 301 51 Lawrence
869 1079 252 52 Riesner.
1187 1078 140 51 New
1357 1075 181 69 York,
1566 1076 217 52 Farrar
1812 1078 46 50 &
64 1076 1968 152 Rinehart,

242 1158 628 69 incorporated [ ᶜ1 931]
169 1238 413 49 v, 275 p. 19½ ᶜᵐ .
74 1295 51 52 ©
153 1299 127 47 Sept.
304 1297 70 47 24,
399 1294 112 43 1931;
565 1296 67 41 2c.
658 1297 94 38 and
779 1294 80 41 aff.
889 1295 125 40 Sent.
1041 1293 83 48 25;
1152 1294 41 38 A
1217 1293 143 40 42591;
1418 1294 182 39 Farrar
1627 1294 36 39 &
1688 1293 253 48 Rinehart,
1969 1294 91 41 inc.

155 1354 277 49 (31-24900)

71 1451 244 61 Turner,
343 1446 226 55 Wilbur
596 1446 52 54 J.

75 1521 1962 135 A police manual, by Wilbur J. Turner … Being an outline
239 1602 93 52 for
383 1619 136 35 zone
570 1600 190 53 school
813 1598 359 68 instruction,
1224 1599 140 52 with
1419 1617 71 34 an
1543 1598 390 56 introduction
1984 1600 76 69 by

71 1676 1159 69 Austin J. Roche … [Buffalo] ᶜ1 931.
143 1758 780 51 243 p. illus., diagrs. 21½ ᶜᵐ .
146 1818 206 41 Follows
387 1821 49 37 to
470 1827 129 30 some
635 1818 166 38 extent
835 1817 81 39 the
950 1825 168 30 course
1155 1815 50 40 of
1240 1816 145 46 study
1420 1816 232 47 provided
1687 1816 79 40 for
1797 1816 51 39 in
1881 1818 81 38 the
77 1828 1971 95 regional

263 1873 216 48 training
503 1873 188 40 schools
715 1873 49 39 in
788 1873 118 39 New
931 1873 130 39 York
1088 1873 128 39 state.
1291 1873 61 48 cf.
1378 1872 131 42 Pref.

81 1928 51 52 ©
156 1933 111 39 Feb.
287 1932 68 44 12,
380 1930 111 41 1931;
544 1930 66 40 2c.
637 1930 109 40 Feb.
771 1929 54 40 19;
878 1929 82 41 aff.
985 1929 109 40 Feb.
1120 1928 55 42 27;
1228 1930 41 38 A
1292 1930 143 39 34553;
1484 1930 71 40 W.
1575 1930 43 41 J.
1638 1930 202 47 Turner,
1860 1930 210 39 Buffalo.

158 1987 276 49 (31-24920)

81 2082 199 63 Uhler,
314 2081 154 54 John
502 2082 172 52 Earle.

154 2159 152 55 Cane
344 2159 165 69 juice,
549 2180 30 33 a
619 2167 157 61 story
814 2160 64 52 of
915 2160 270 51 southern
1224 2159 326 71 Louisiana,
1588 2161 74 69 by
1702 2162 156 52 John
1899 2162 171 51 Earle

85 2237 1676 70 Uhler. New York, London, The Century co. [ ᶜ1 931 ]
149 2315 874 51 4 p. l., 3-340 p. 19½ ᶜᵐ . $2.50
153 2375 162 39 “First
343 2374 258 48 printing.”

88 2426 51 52 ©
168 2431 126 47 Sept.
321 2431 68 47 22,
417 2429 111 41 1931;
585 2430 67 41 2c.
680 2432 95 39 and
803 2430 81 41 aff.
915 2430 127 48 Sept.
1068 2430 59 40 26;
1182 2431 43 39 A
1250 2431 146 40 41890;
1453 2431 213 49 Century
1694 2442 67 30 co.

166 2486 276 49 (31-24895)

86 2566 217 54 United
332 2568 200 53 States
559 2568 152 52 lawn
739 2567 199 54 tennis
964 2568 376 57 association.

155 2642 167 69 Fifty
347 2661 161 50 years
533 2644 63 52 of
620 2645 149 52 lawn
791 2646 186 53 tennis
1001 2646 60 52 in
1086 2647 94 51 the
1204 2646 217 54 United
1449 2648 204 54 States.
1728 2651 139 52 New
1895 2651 177 54 York,

86 2717 215 56 United
336 2719 186 56 States
553 2722 150 51 lawn
735 2721 185 54 tennis
952 2722 355 70 association,
1343 2728 150 50 1931.

159 2800 892 51 256 p. illus. (incl. ports.) 26 ᶜᵐ .
162 2857 144 42 “This
335 2859 188 40 volume
553 2859 42 40 is
628 2860 191 48 printed
851 2861 49 40 in
934 2872 88 29 one
1054 2861 183 41 edition
1273 2863 125 48 only,
1433 2865 95 38 and
1560 2864 42 40 is
1636 2865 187 40 limited
1859 2869 49 37 to
1941 2868 136 39 three

91 2915 241 40 thousand
358 2914 200 49 copies.”

96 2967 51 52 ©
176 2972 124 47 Sept.
329 2973 67 45 14,
423 2971 111 41 1931;
589 2972 66 41 2c.
683 2975 94 39 and
803 2974 81 40 aff.
915 2975 127 48 Sept.
1069 2974 54 41 19;
1179 2976 41 39 A
1245 2977 144 40 41718;
1447 2978 56 41 U.
1533 2978 44 40 S.
1605 2980 129 38 lawn
1761 2980 160 41 tennis
1948 2991 128 30 assn.

175 3027 277 50 (31-25173)

148 3122 188 50 Vecsey,
365 3108 283 56 Armand.

163 3183 1913 78 The fiddler of the Ritz, by Armand V ecsey; introduction
93 3260 1778 79 by Cosmo Hamilton. New York, W. F. Payson [ ᶜ1 931 ]
163 3341 456 49 xxi, 308 p. 21 ᶜᵐ .
165 3397 384 42 Reminiscences
576 3401 95 39 and
697 3401 185 41 stories.

100 3450 51 52 ©
179 3455 127 48 Sept.
330 3456 67 47 11,
423 3454 112 42 1931;
589 3456 67 41 2c.
685 3457 125 48 Sept.
835 3459 56 38 14;
945 3459 81 40 aff.
1055 3460 126 48 Sept.
1208 3462 55 39 17;
1317 3462 41 39 A
1382 3463 144 40 42605;
1583 3464 215 41 William
1826 3467 257 48 Farquhar

168 3512 204 46 Payson.
401 3512 90 40 inc.
561 3513 276 49 (31-25043)

98 3590 273 65 Wagner,
400 3591 207 55 Albert
635 3593 198 63 Malte,
863 3601 170 50 1886-

99 3666 1987 144 … Lessing; das erwachen des deutschen geistes. Leipzig-Berlin,
345 3743 438 71 Horen-verlag,
818 3750 148 50 1931.

167 3824 455 49 276 p., 1 l. 23 ᶜᵐ .
171 3880 195 41 “Erstes
390 3881 73 40 bis
489 3881 174 42 drittes
690 3884 247 41 tausend.”

106 3932 1964 68 © Mar. 11, 1931; 1c. June 10; A—Foreign 12913; Horen-verlag, g. m.
172 3994 42 41 b.
242 3995 44 40 h.
357 3995 278 51 (31-24889)
