2505 4370
1058 3979 99 52 683

75 426 1995 64 pascha; oder, V on der nationalen farce zur nationalen revolution. —Ein
74 496 119 48 kopf
231 496 66 40 ist
338 495 136 41 mehr
516 493 74 40 als
632 491 320 41 dreihundert
994 487 287 48 kehlköpfe;
1329 488 128 45 oder,
1501 485 267 43 Benedetto
1813 483 148 42 Croce
2006 482 64 40 im

74 554 152 39 senat.
229 550 151 43 —Die
415 547 283 43 “moderne”
734 547 97 41 und
867 547 77 39 ihr
979 544 327 42 Widersacher
1342 542 52 42 G.
1431 542 59 41 K.
1528 542 363 42 Chesterton.—
1892 538 180 42 Panaït

76 609 172 40 Istrati;
319 607 129 47 oder,
490 605 91 41 Die
623 602 244 42 romantik
909 611 79 31 um
1032 599 411 49 Byzanz.—Hans
1483 597 245 43 Delbrück;
1800 598 129 45 oder,
1973 597 100 39 Der

75 665 102 46 sieg
207 665 84 39 des
322 660 406 44 Welthistorikers
759 658 117 41 über
908 658 91 41 den
1032 653 600 49 fachmann.—Reklame;
1670 654 129 47 oder,
1833 651 238 42 Abschied

76 730 91 29 von
197 717 466 50 Europa.—Mythos
692 716 85 39 der
806 713 236 43 diktatur.

83 780 1993 59 © Mar. 31, 1930; 1c. Sept. 24; A —Foreign 9615; Gustav Kiepenheuer
150 848 179 47 verlag,
361 855 107 38 a.-g.
538 842 279 50 (31-11506)

79 939 298 61 Merriam,
410 937 245 56 Charles
685 934 272 65 Wolcott,
990 936 170 54 1876-
1372 933 84 55 ed.

82 1008 1972 153 Church worship book [by ] Charles Wolcott Merriam. Boston,
226 1088 1101 72 Chicago, The Pilgrim press [ ᶜ193 1]
149 1170 499 50 xiii, 208 p. 20½ ᶜᵐ .
150 1241 372 49 Bibliography:
554 1250 44 37 p.
630 1238 218 44 202-208.

89 1311 52 52 ©
179 1315 111 48 Apr.
329 1314 69 48 11,
437 1312 139 48 1931;
616 1312 67 40 2c.
721 1313 113 47 Apr.
874 1312 79 47 14;
996 1311 81 41 aff.
1115 1312 113 48 Apr.
1268 1310 83 48 22;
1392 1311 38 39 A
1470 1309 171 50 36742;
1684 1309 177 48 Sidney
1903 1309 180 39 Adams

161 1371 203 47 Weston,
400 1371 196 39 Boston.
667 1369 279 49 (31-11928)

83 1464 299 63 Michigan
414 1466 161 51 state
605 1463 244 53 medical
881 1463 242 64 society.

151 1535 1929 76 Medical history of Michigan … compiled and edited by a
83 1615 331 70 committee,
441 1615 61 56 C.
527 1616 65 52 B.
620 1616 169 68 Burr,
867 1658 10 10 M.
939 1656 30 30 D.,
990 1614 309 70 chairman,
1324 1615 110 54 and
1460 1614 299 69 published
1785 1615 178 52 under
1988 1616 93 53 the

86 1694 252 70 auspices
375 1694 63 54 of
478 1694 93 52 the
608 1694 295 68 Michigan
941 1699 141 49 state
1120 1692 239 54 medical
1400 1692 224 74 society.
1700 1691 383 71 Minneapolis

85 1772 111 53 and
225 1770 167 56 Saint
421 1772 164 69 Paul,
615 1771 120 52 The
764 1771 184 54 Bruce
978 1770 335 69 publishing
1341 1788 296 54 company,
1669 1774 149 51 1930.

156 1850 1108 51 2 v. front. (port.) illus., diagrs. 26½ ᶜᵐ .
158 1920 350 42 “References”
535 1922 53 39 at
612 1921 92 40 end
732 1920 51 40 of
808 1921 118 40 each
956 1921 201 48 chapter
1183 1924 170 45 except
1382 1924 109 38 two.

128 2029 7 8 v.
171 1997 39 47 1,
249 1992 52 53 ©
338 1996 113 49 May
485 1995 70 49 27,
591 1995 116 40 1930;
768 2007 43 29 v.
846 1995 39 48 2,
924 1990 52 53 ©
1015 1995 111 41 Dec.
1162 1995 56 40 20;
1282 1994 67 41 2c.
1387 1995 116 40 each
1541 1994 114 51 Apr.
1693 1994 69 49 24,
1801 1994 107 40 1931;
1981 1994 108 40 affs.

162 2054 112 47 May
303 2053 52 47 6;
386 2054 42 38 A
455 2051 156 49 36979,
640 2051 170 48 36980;
842 2052 157 41 Bruce
1027 2052 110 48 pub.
1167 2062 67 30 co.
1306 2050 255 50 (31-11995
1571 2052 14 48 )

91 2147 216 63 Moore,
338 2147 245 53 Nathan
613 2146 188 65 Grier,
834 2151 171 51 1853-

221 2220 1868 75 … The theory of evolution (an inquiry); part I. As applied
91 2307 56 46 to
176 2318 148 49 man,
349 2305 133 64 part
560 2344 10 9 II.
599 2299 82 53 As
708 2299 229 69 applied
967 2305 56 48 to
1049 2305 201 49 nature;
1312 2300 151 53 from
1492 2323 30 32 a
1552 2300 255 72 lawyer’s
1837 2300 160 69 point
2026 2302 64 51 of

91 2377 158 68 view,
280 2377 73 70 by
387 2376 232 55 Nathan
653 2375 66 55 G.
751 2376 210 56 Moore.
1036 2377 268 71 Chicago,
1337 2378 113 52 For
1482 2379 222 67 private
1738 2377 353 70 circulation,

91 2454 119 52 The
238 2452 276 56 Lakeside
544 2472 171 53 press,
747 2457 150 50 1931.

162 2531 1077 53 ix, 374 p. front. (port.) plates. 21½ ᶜᵐ .
164 2604 132 40 Each
319 2605 204 48 chapter
545 2604 233 48 preceded
803 2605 59 46 by
886 2603 237 43 half-title
1146 2608 84 38 not
1254 2606 224 40 included
1503 2606 48 41 in
1578 2608 81 40 the
1684 2606 189 50 paging.

165 2661 64 40 At
253 2660 124 41 head
403 2661 53 41 of
483 2661 109 41 title:
647 2661 152 40 Third
826 2659 197 44 edition.

102 2729 52 53 ©
181 2734 113 49 Apr.
321 2734 70 50 13,
420 2733 140 47 1931;
588 2734 69 42 2c.
683 2735 95 39 and
808 2733 80 41 aff.
918 2734 114 49 May
1059 2734 54 48 6;
1141 2735 42 39 A
1208 2734 174 50 36988;
1411 2736 58 41 N.
1498 2734 55 45 G.
1583 2736 178 49 Moore,
1790 2735 226 49 Chicago.

181 2790 280 49 (31-12000)

102 2885 263 65 Morgan,
395 2885 155 53 John
578 2886 180 53 Jacob
787 2885 247 66 Brooke,
1066 2891 169 50 1888-

168 2958 1927 79 Child psychology, by John J. B. Morgan … New York,
100 3040 63 51 R.
195 3040 67 51 R.
296 3037 209 72 Smith,
534 3039 126 67 inc.,
691 3041 149 51 1931.

170 3117 1048 52 ix p., 1 l., 474 p. illus., diagrs. 22 ᶜᵐ .
171 3187 294 43 “Collateral
496 3188 253 49 readings”
783 3192 51 38 at
865 3192 90 38 end
985 3190 51 40 of
1066 3192 117 39 each
1216 3192 214 47 chapter.

108 3258 52 52 ©
190 3263 114 47 Apr.
334 3261 69 50 28,
436 3261 142 49 1931;
611 3263 66 40 2c.
711 3264 95 39 and
838 3263 82 42 aff.
953 3264 113 49 May
1096 3265 54 47 1;
1184 3264 41 40 A
1258 3265 169 48 37108;
1465 3265 213 43 Richard
1712 3267 54 40 R.
1803 3266 170 48 Smith,
2010 3267 91 40 inc.

185 3318 281 51 (31-11987)

107 3413 233 62 Mottet,
372 3412 204 53 Jeanie
616 3412 267 65 (Gallup)
923 3415 169 55 “Mrs.
1126 3416 207 64 Henry
1361 3416 273 54 Mottet.”

173 3489 110 51 Art
312 3486 60 54 in
404 3488 371 68 exhibitions;
809 3489 258 54 Museum
1097 3492 63 52 of
1193 3492 220 53 French
1447 3497 107 64 art,
1594 3494 213 52 French
1843 3494 257 53 institute

104 3562 1996 81 in the United States, by Mrs. Henry Mottet … New York [The
106 3641 614 70 Harbor press, ᶜ193 1]
177 3718 1099 55 55, [1] p. front. (ports.) plates. 23½ᶜᵐ.
179 3790 146 42 “Five
353 3791 221 42 hundred
606 3792 158 48 copies
793 3794 50 39 of
873 3794 97 42 this
999 3796 122 39 book
1152 3797 125 39 have
1304 3798 117 38 been
1452 3796 235 48 printed.”

117 3859 50 52 ©
195 3864 112 47 Apr.
339 3865 66 48 16,
435 3863 107 42 1931;
605 3865 67 42 2c.
701 3868 93 39 and
824 3867 82 42 aff.
938 3868 112 48 May
1079 3869 24 38 1;
1163 3869 37 38 A
1230 3868 142 41 36881;
1435 3869 43 42 J.
1510 3869 53 43 G.
1597 3870 186 46 Mottet,
1815 3871 115 39 New
1960 3872 145 42 York.

194 3920 278 51 (31-11821)
