2428 4370
973 4010 135 54 1931

65 454 1928 71 be obtained free or at small cost, by Mary Josephine Booth …
65 537 96 53 5th
188 555 113 35 rev.
328 536 85 53 ed.
477 534 354 69 Charleston,
857 534 114 68 Ill.,
995 533 170 70 Mary
1193 533 56 56 J.
1277 533 207 69 Booth,
1515 536 150 51 1931.

164 615 559 51 x p., 1 l., 108 p. 22 ᶜᵐ .
69 671 51 52 ©
148 676 117 40 Nov.
294 674 69 47 16,
391 673 140 47 1931;
561 674 66 40 2c.
656 673 116 41 Nov.
873 683 9 37 18;
914 671 79 41 aff.
1023 672 117 40 Nov.
1170 672 81 47 19;
1282 674 40 38 A
1348 673 172 47 44876;
1553 674 62 40 M.
1645 673 43 40 J.
1719 673 171 40 Booth.

145 729 279 51 (31-28522)

62 824 216 65 Castle,
309 823 326 56 Elizabeth.

130 903 55 51 A
222 920 157 35 verse
414 901 64 53 of
513 900 141 54 bells
713 901 91 68 [by]
849 900 300 52 Elizabeth
1189 899 207 56 Castle.
1471 900 234 64 Boston,
1743 901 76 52 H.
1859 897 170 55 Vinal

59 978 123 53 l’t’d
359 982 47 64 [ᶜ1931]

129 1058 561 50 5 p. l. , 9-71 p. 20 ᶜᵐ .
66 1111 51 53 ©
148 1116 101 40 Oct.
276 1116 40 48 2,
345 1114 140 44 1931;
515 1115 67 41 2c.
611 1116 117 40 Nov.
757 1115 81 47 25;
870 1114 80 41 aff.
980 1115 118 40 Nov.
1127 1114 82 47 23;
1241 1114 40 39 A
1309 1113 144 41 46005;
1514 1115 52 39 E.

1598 1113 177 48 Castle,
1807 1113 245 48 Roxbury.

133 1172 145 41 Conn.
353 1171 279 50 (31-33700)

59 1263 293 66 Coleman,
381 1267 140 53 Mrs.
551 1264 162 55 Satis
740 1265 275 52 Narrona
1053 1262 286 68 (Barton)
1380 1264 171 55 1878-

124 1344 56 52 A
213 1341 304 54 children’s
550 1342 337 69 symphony,
923 1360 60 34 as
1020 1341 309 67 developed
1364 1339 58 54 in
1461 1342 97 51 the
1592 1340 246 56 creative
1873 1340 175 54 music

55 1417 201 55 classes
286 1419 64 52 of
379 1419 240 53 Lincoln
650 1419 183 53 school
872 1419 64 53 of
967 1418 279 54 Teachers
1278 1418 229 69 college,
1537 1418 139 52 with
1712 1419 95 52 the
1837 1419 212 52 themes

54 1497 298 65 composed
377 1495 241 70 entirely
640 1497 76 70 by
740 1495 256 53 children
1020 1496 64 51 of
1109 1495 345 68 elementary
1478 1495 207 67 school,
1709 1495 113 52 and
1841 1495 202 68 played

53 1571 74 68 by
162 1572 155 54 them
351 1591 72 34 on
458 1572 369 54 instruments
863 1572 65 53 of
960 1571 151 54 their
1145 1591 126 34 own
1306 1572 236 69 making
1576 1572 112 53 and
1723 1573 161 51 other
54 1572 1969 145 simple
176 1648 398 71 instruments;

602 1649 75 70 by
709 1649 152 56 Satis
890 1651 69 53 N.
993 1649 288 68 Coleman,
1396 1693 9 9 PH.
1472 1692 9 9 D.
1557 1649 138 53 New
1725 1648 164 55 York
1916 1648 134 70 city,

53 1727 141 53 Pub.
232 1727 76 70 by
348 1729 229 52 Bureau
614 1728 64 52 of
717 1726 381 70 publications
1136 1727 65 53 of
1238 1728 279 53 Teachers
1554 1727 228 69 college,
51 1727 1972 129 Columbia
175 1801 334 71 university,

541 1803 92 54 for
665 1803 239 55 Lincoln
935 1804 190 54 school
1159 1804 64 53 of
1254 1806 278 54 Teachers
1564 1804 228 69 college,
1827 1808 151 49 1931.

125 1885 63 46 ix,
227 1885 88 41 218
350 1896 42 38 p.
456 1885 164 48 front.,
659 1886 127 40 illus.
815 1885 202 50 (music)
1064 1888 170 46 plates.
1294 1887 145 40 23½ᶜᵐ.
1511 1885 299 49 (Half-title:
1849 1884 201 41 Lincoln

53 1942 1982 105 school of Teachers college, Columbia university … Lincoln school research studies)
125 2055 171 40 Issued
327 2056 103 39 also
462 2065 54 30 as
551 2054 152 42 thesis
745 2053 107 49 (PH.
917 2055 34 48 D.)
993 2055 247 41 Columbia
1279 2055 284 48 university.

126 2110 128 41 “The
281 2111 269 40 orchestral
579 2121 135 31 score
743 2111 51 41 of
821 2111 199 40 Lincoln
1049 2112 163 40 school
1243 2113 268 47 symphony
1541 2123 74 29 no.
1644 2111 84 41 3”:
1759 2123 43 36 p.
1832 2111 214 40 125-210.

123 2166 348 49 Bibliography:
528 2179 43 37 p.
599 2166 100 43 218.

59 2219 51 52 ©
153 2224 99 40 Oct.
295 2223 38 48 8,
375 2223 141 48 1931;
558 2224 66 41 2c.
668 2225 102 41 Oct.
809 2226 83 46 23;
937 2225 82 42 aff.
1062 2226 100 40 Oct.
1205 2225 82 48 26;
1332 2226 41 39 A
1412 2226 172 47 44487;
1629 2225 199 40 Lincoln
1872 2225 175 47 school,

125 2280 240 41 Teachers
395 2281 191 49 college,
619 2281 250 41 Columbia
901 2281 285 50 university,
1219 2283 118 40 New
1369 2282 144 41 York.

135 2336 279 48 (31-34322)

53 2429 355 67 Crawshaw,
438 2431 256 55 William
727 2432 222 64 Henry,
983 2437 171 50 1861-

125 2508 121 53 The
290 2508 422 68 indispensable
756 2510 140 67 soul,
940 2510 75 68 by
1058 2509 263 55 William
1365 2510 78 52 H.
1492 2509 344 55 Crawshaw.
1910 2508 136 53 New

55 2585 1220 70 York, The Macmillan company, 1931.
118 2667 630 49 4 p. l. , 3-315 p. 19½ᶜᵐ.
57 2717 1739 56 © Nov. 24, 1931; 2c. and aff. Nov. 25; A 45204; Macmillan co.
134 2779 280 51 (31-33777)

51 2873 339 65 Dickinson,
420 2874 214 67 Emily,
668 2882 323 50 1830-1886.

115 2949 220 55 Letters
366 2950 63 53 of
459 2950 196 72 Emily
688 2951 331 67 Dickinson,
1051 2951 189 56 edited
1270 2952 76 71 by
1378 2952 189 54 Mabel
1601 2951 227 55 Loomis
1860 2950 180 56 Todd.

46 3023 135 54 New
212 3025 111 52 and
353 3028 107 54 enl.
490 3027 84 52 ed.
641 3028 136 53 New
810 3028 162 54 York
1003 3029 111 54 and
1145 3030 259 67 London,
1433 3030 231 67 Harper
1694 3031 45 49 &
1768 3028 273 56 brothers,

46 3105 149 51 1931.

115 3185 1843 53 xxxi p., 1 l., 457 p. front., plates, ports., facsims. (1 fold.) 23 ᶜᵐ .
114 3239 165 45 “First
307 3241 225 43 edition.”

54 3294 51 52 ©
138 3299 116 39 Nov.
286 3300 40 46 4,
359 3299 140 44 1931;
533 3300 68 41 2c.
633 3301 117 39 Nov.
783 3301 52 43 3;
870 3301 81 40 aff.
984 3302 119 41 Nov.
1134 3302 55 40 17;
1252 3302 40 39 A
1324 3302 171 46 43826;
1533 3301 237 41 Millicent
1804 3301 239 47 Bingham

122 3356 95 39 and
249 3355 157 40 Mabel
438 3356 195 40 Loomis
661 3358 147 42 Todd,
840 3357 118 41 New
988 3358 145 41 York.
1214 3354 51 52 [©
1298 3369 106 30 new
1435 3360 94 39 and
1564 3370 93 28 rev.
1692 3360 69 38 ed.
1796 3357 249 47 including

120 3411 344 50 introduction]
537 3412 280 51 (31-32229)

49 3488 200 65 Dobie,
278 3490 204 54 James
510 3492 218 65 Frank,
761 3499 170 50 1888-

113 3564 1926 74 On the open range, by J. Frank Dobie … illustrated by Ben
45 3641 1831 77 Carlton Mead. Dallas, Tex., The Southwest press [ ᶜ193 1]
113 3722 85 46 xii,
224 3723 86 41 312
337 3734 44 38 p.
436 3726 87 39 col.
549 3724 165 51 front.,
743 3726 143 45 illus.,
915 3727 86 41 col.
1030 3729 171 47 plates.
1257 3728 145 42 19½ᶜᵐ.

115 3779 146 42 “This
290 3780 123 41 book
438 3791 102 30 was
567 3780 197 42 written
791 3782 184 48 mainly
1004 3784 81 39 for
1109 3786 117 46 boys
1255 3787 94 40 and
1379 3786 162 47 girls.”

114 3835 295 50 “Suggested
443 3837 256 49 readings”:
758 3849 43 38 p.
833 3839 218 42 297-302.

53 3890 51 53 ©
135 3896 128 48 Sept.
292 3897 67 46 12,
390 3895 114 42 1931;
561 3896 67 41 2c.
661 3896 127 49 Sept.
818 3898 81 42 11;
934 3898 81 41 aff.
1046 3899 116 39 Nov.
1193 3900 59 41 30;
1308 3901 40 39 A
1378 3901 173 47 45244;
1588 3901 274 43 Southwest
1894 3912 148 38 press,

129 3951 279 50 (31-33763)
