2428 4370
1260 4061 134 52 1598

303 472 86 50 1st
416 467 85 53 ed.
578 467 139 53 New
751 467 164 53 York
942 468 114 52 and
1086 468 262 68 London,
1378 467 434 56 McGraw-Hill
1841 468 150 54 book
2019 487 300 52 company,

302 545 126 68 inc.,
460 547 152 52 1931.

373 628 1943 50 ix, 287 p. illus., diagrs. 21 ᶜᵐ . (Half-title: International chemical
302 685 1379 50 series, J. F. Norris … consulting editor) $2.75
306 752 51 52 ©
393 757 103 40 Oct.
528 757 40 48 1,
601 755 143 48 1931;
780 755 66 41 2c.
882 755 103 43 Oct.
1018 756 53 47 6;
1108 756 84 43 aff.
1226 757 103 41 Oct.
1364 758 52 47 3;
1452 758 43 39 A
1525 757 174 49 43081;
1736 758 50 41 L.
1822 758 42 41 J.
1903 758 245 49 Gillespie,
373 760 1930 102 Cambridge,
581 815 148 38 Mass.
800 813 284 50 (31-29637)

305 907 314 66 Goldberg,
651 910 140 52 Mrs.
825 908 339 54 Rosamond
1205 910 337 65 (Webster)
1585 916 171 50 1900-

376 984 418 69 Occupational
822 986 245 55 diseases
1094 987 61 53 in
1178 987 246 54 relation
1449 994 59 47 to
1534 989 430 68 compensation
1991 990 113 53 and
2130 988 191 54 health

309 1064 2018 72 insurance, by Rosamond W. Goldberg, PH. D. New York,
309 1141 301 56 Columbia
652 1143 322 70 university
1014 1162 187 51 press;
1244 1144 263 69 London,
1547 1146 66 52 P.
1658 1144 58 57 S.
1757 1145 164 70 King
1961 1148 47 50 &
2046 1164 119 47 son,
2206 1147 102 52 ltd.,

309 1224 150 51 1931.

376 1304 1949 51 3 p. l., 5-280 p. 23 ᶜᵐ . (Half-title: Studies in history, economics and
309 1362 161 50 public
493 1366 110 44 law,
626 1363 72 40 ed.
724 1363 61 48 by
808 1364 83 40 the
916 1363 208 49 Faculty
1148 1363 54 42 of
1223 1362 221 50 political
1470 1362 188 43 science
1681 1364 53 41 of
1757 1363 254 42 Columbia
2040 1363 287 49 university,

309 1431 74 30 no.
408 1420 112 47 345)

379 1477 265 41 Published
669 1478 105 41 also
797 1489 55 29 as
878 1478 155 41 thesis
1067 1478 15 49 (PH.
1255 1478 15 49 D.)
1305 1476 254 43 Columbia
1588 1477 288 49 university.

379 1534 381 49 Bibliography:
792 1546 45 38 p.
866 1534 221 42 254-266.

313 1601 51 52 ©
399 1607 121 47 Aug.
557 1606 70 47 11,
663 1605 115 41 1931;
842 1606 67 41 2c.
946 1607 97 39 and
1078 1606 81 39 aff.
1196 1606 123 49 Aug.
1354 1606 60 40 26;
1476 1606 43 41 A
1551 1605 146 41 41231;
1764 1605 254 41 Columbia
2055 1606 272 47 university

379 1673 152 39 press.
602 1663 282 50 (31-29615)

312 1758 235 66 Gowen,
576 1760 260 52 Herbert
864 1761 225 63 Henry,
1123 1765 172 49 1864-

382 1839 56 52 A
465 1840 224 69 history
718 1841 64 52 of
810 1839 215 53 Indian
1053 1839 299 54 literature
1381 1840 154 52 from
1562 1839 183 54 Vedic
1773 1839 165 55 times
1966 1847 59 46 to
2053 1842 96 52 the
313 1857 1994 113 present

449 1918 1884 72 day, by Herbert H. Gowen … New York and London,
311 1997 71 51 D.
410 1996 299 69 Appleton
736 1998 113 52 and
875 2015 301 52 company,
1204 2000 152 50 1931.

381 2077 663 50 xvi p., 1 l., 593 p. 21ᶜᵐ.
383 2135 352 49 Bibliography
754 2146 9 29 :
800 2145 44 39 p.
880 2135 218 42 573-582.

317 2188 51 52 ©
402 2193 128 47 Sept.
561 2193 70 48 25,
662 2192 114 41 1931;
833 2193 69 41 2c.
932 2194 97 39 and
1060 2193 83 40 aff.
1176 2193 130 48 Sept.
1334 2192 60 42 28;
1451 2194 42 38 A
1519 2192 147 42 42657;
1727 2194 56 41 D.
1816 2194 241 48 Appleton
2087 2193 38 41 &
2152 2204 68 30 co.

396 2249 283 50 (31-29769)

315 2344 351 66 Halverson,
702 2346 209 64 Henry
944 2347 184 64 Marc,
1166 2351 128 50 1884-

445 2422 1887 70 … An experimental study of prehension in infants by means
313 2500 64 53 of
417 2501 329 69 systematic
789 2502 219 52 cinema
1053 2502 255 67 records;
1358 2502 154 52 from
1554 2502 96 52 the
1696 2501 190 55 Clinic
1930 2502 63 53 of
2038 2502 156 53 child
316 2501 1991 147 development,

313 2579 1996 147 Yale university; by H. M. Halverson … Worcester, Mass.,
758 2657 750 70 Clark university, ᶜ1 931.
384 2739 1943 50 p. 107-286 incl. illus., plates, diagrs. 25 ᶜᵐ . (Genetic psychology
317 2797 870 49 monographs … vol. X, no. 2-3)
386 2854 354 42 “References”
759 2865 7 29 :
800 2865 43 38 p.
874 2853 220 44 281-284.

322 2909 51 52 ©
405 2915 121 47 Aug.
557 2913 70 47 26,
659 2912 141 49 1931;
833 2914 67 41 2c.
931 2914 120 48 Aug.
1084 2914 84 47 31;
1203 2913 83 42 aff.
1316 2914 119 48 Aug.
1468 2913 84 48 28;
1585 2915 42 38 A
1657 2914 174 47 41348;
1868 2914 149 41 Clark
2048 2913 262 48 university

398 2970 282 49 (31-29665)

320 3065 226 63 Hardy,
583 3065 247 55 Charles
864 3065 204 66 Oscar,
1105 3072 172 49 1884-

394 3142 1942 71 Risk and risk-bearing, by Charles O. Hardy … Rev. ed.
326 3220 1741 71 Chicago, Ill., The University of Chicago press [ ᶜ1 931]
387 3302 1951 51 xxi, 364 p. diagrs. 23½ ᶜᵐ . (Half-title: Materials for the study of
316 3359 246 50 business)

390 3413 323 45 “References
740 3416 77 41 for
844 3416 197 41 further
1068 3416 259 49 reading”:
1358 3427 41 38 p.
1429 3416 220 42 359-362.

323 3470 51 52 ©
403 3474 127 48 Sept.
554 3473 70 49 22,
651 3472 112 42 1931;
816 3473 67 40 2c.
910 3474 104 41 Oct.
1038 3474 83 47 12;
1147 3473 84 42 aff.
1256 3474 102 41 Oct.
1381 3473 54 48 9;
1461 3475 42 38 A
1525 3474 174 48 44088;
1726 3474 284 47 University
2035 3473 51 39 of
2110 3472 225 46 Chicago,

394 3531 225 48 Chicago.
694 3530 280 49 (31-29621)

322 3625 254 64 Harner,
613 3627 191 52 Nevin
843 3627 263 63 Cowger,
1147 3632 170 49 1901-

393 3702 240 55 Factors
664 3704 217 53 related
912 3708 59 49 to
1006 3702 241 71 Sunday
1277 3704 193 54 school
1500 3704 225 69 growth
1758 3704 114 53 and
1906 3702 219 54 decline
2154 3701 59 53 in
2245 3700 93 53 the

326 3780 244 54 Eastern
603 3783 181 67 synod
819 3782 66 53 of
919 3782 95 53 the
1049 3781 314 54 Reformed
1401 3782 211 53 church
1650 3782 58 53 in
1744 3782 96 52 the
1874 3781 219 55 United
2134 3779 205 56 States,

325 3858 1996 71 by Nevin C. Harner … New York city, Teachers college,
324 3934 300 57 Columbia
654 3939 340 71 university,
1024 3940 154 55 1931.
