2428 4370
1037 4014 134 56 1773

110 377 324 64 Schennen,
460 375 303 65 Heinrich,
788 380 53 52 d.
875 382 144 49 1918.

237 449 1860 69 … Lehrbuch der erz- und steinkohlenaufbereitung. 2., völlig
111 527 1984 73 umgearb. aufl., von Ernst Blümel … mit 428 abbildungen und
106 611 30 49 2
161 608 202 53 tafeln.
439 606 312 70 Stuttgart,
776 607 64 52 F.
867 606 182 67 Enke,
1075 609 150 49 1930.

175 688 1157 50 xxviii p., 1 l., 720 p. illus., II fold. pl. 24 ½ ᶜᵐ.
177 748 62 39 At
265 747 124 39 head
414 746 52 40 of
489 745 109 41 title:
654 745 249 41 Schennen
929 746 95 39 und
1051 744 192 49 Jüngst.

178 800 307 43 “Literatur”:
545 812 43 37 p.
621 800 292 51 [xxv]-xxvi.

178 858 383 48 “Nachweisung
593 858 84 39 der
708 856 343 41 wesentlichen
1083 854 196 42 zusätze
1312 855 47 39 in
1393 856 85 38 der
1509 855 39 39 2.
1582 856 191 47 auflage
1802 866 93 30 von
106 855 1977 108 Schennen-Jüngst”:

481 915 25 39 5
532 913 326 49 type-written
885 913 161 39 leaves
1071 912 99 40 laid
1195 912 65 40 in.

113 981 1988 54 © Oct. 31, 1930; 1c . Sept. 15, 1931; A— Foreign 13564; Ferdinand Enke.
190 1043 279 49 (31-31907)

108 1136 424 65 Shakespeare,
562 1134 272 66 William,
868 1139 323 50 1564-1616.

179 1209 1919 72 Spiritual truths from Shakespeare … compiled by Lulu W.
111 1290 423 69 Langehennig.
606 1288 339 67 [Oklahoma
979 1287 153 70 City,
1162 1287 243 53 Printed
1436 1287 75 69 by
1543 1287 430 69 Trave-Taylor
2004 1304 80 35 co.,

160 1370 121 64 ᶜ1 931]
178 1447 366 48 54 p. 24 × 14 ᶜᵐ.
113 1501 1970 101 © Oct. 30, 1931; 2c. and aff. Nov. 2; A 43749; L. W . Langehennig, Oklahoma
351 1562 123 47 City,
504 1562 137 40 Okla.
712 1561 279 48 (31-32035)

107 1655 213 67 Smith,
349 1658 140 54 Mrs.
517 1656 191 53 Dama
736 1657 324 64 Margaret.

176 1736 159 69 Hopi
365 1736 131 69 girl,
523 1737 74 69 by
623 1737 183 53 Dama
835 1737 293 68 Margaret
1160 1735 188 55 Smith
1389 1736 167 70 (Mrs.
1576 1735 196 54 White
1801 1735 304 55 Mountain

113 1811 1994 73 Smith) with a foreword by Ray Lyman Wilbur … Stanford
109 1892 354 70 University,
518 1891 194 68 Calif.,
770 1891 280 55 Stanford
1103 1892 319 68 university
1474 1908 184 51 press;
1715 1891 259 67 London,
2028 1891 77 52 H.

108 1969 265 70 Milford,
401 1969 230 55 Oxford
657 1969 317 70 university
1003 1988 173 50 press,
1206 1972 150 50 1931.

179 2049 50 40 ix
259 2061 58 37 p.,
349 2052 24 37 1
428 2080 21 17 l.,
483 2050 84 40 273
600 2060 41 40 p.
702 2049 56 41 20½ᶜᵐ.

114 2102 53 52 ©
199 2106 102 41 Oct.
332 2108 39 46 1,
403 2105 140 48 1931;
576 2107 68 41 2c.
676 2107 116 39 Nov.
825 2106 53 48 9;
914 2106 79 40 aff.
1028 2106 102 42 Oct.
1163 2107 52 46 8;
1250 2107 42 39 A
1321 2105 172 48 44689;
1529 2107 163 40 Board
1725 2106 53 41 of
1810 2108 211 39 trustees
2054 2107 52 40 of

181 2164 184 39 Leland
399 2163 235 41 Stanford
665 2163 165 46 junior
864 2163 286 48 university,
1188 2163 234 41 Stanford
1457 2163 297 48 University,
1790 2163 145 42 Calif.

190 2219 279 49 (31-32059)

107 2311 215 66 Smith,
346 2314 220 63 Joseph
592 2314 251 65 Russell,
873 2318 170 52 1874-

175 2390 1928 70 World folks, by J. Russell Smith … Philadelphia, Chicago
129 2468 1367 69 [ ete.] The John C. Winston company [ ᶜ1 931]
177 2549 1226 50 vi, 336 p. col. front., illus. (incl. maps) 25 ᶜᵐ.
114 2603 51 51 ©
195 2607 127 48 Sept.
347 2607 69 47 22,
442 2607 113 41 1931;
611 2607 67 40 2c.
707 2610 95 38 and
829 2608 80 40 aff.
939 2608 101 40 Oct.
1067 2609 26 40 3;
1150 2609 41 39 A
1215 2609 146 40 42867;
1418 2608 128 41 John
1575 2609 49 41 C.
1652 2608 225 41 Winston
1904 2618 66 30 co.
2052 2604 53 52 [©

182 2664 237 41 revisions
447 2665 36 40 &
508 2665 263 49 additions]
842 2665 281 49 (31-31902)

107 2758 390 65 Stephenson,
523 2760 188 62 Terry
739 2761 65 55 E.

178 2833 274 56 Shadows
484 2835 64 53 of
578 2834 115 57 Old
727 2835 384 63 Saddleback;
1144 2837 142 55 tales
1316 2837 64 53 of
1409 2838 95 53 the
1538 2835 178 57 Santa
1747 2837 131 53 Ana
106 2855 1974 124 mountains,

302 2914 95 52 the
430 2912 295 70 Santiago,
754 2914 93 53 the
878 2915 278 67 Trabuco,
1185 2915 151 53 their
1367 2933 247 51 canyons
1646 2916 113 53 and
1789 2915 151 54 their
1969 2914 135 55 hills

109 2988 145 54 from
297 2990 92 53 the
423 2991 112 68 day
569 2991 64 52 of
665 2993 96 52 the
795 2993 140 53 dons
970 2993 167 52 down
1171 2994 251 68 through
1457 2994 95 53 the
1588 3011 162 50 years
1785 2994 163 52 when
106 2992 1974 129 pioneers

306 3067 148 54 built
496 3068 151 53 their
689 3069 191 54 cabins
925 3088 208 51 among
1176 3071 95 53 the
1314 3071 136 53 oaks
1495 3072 112 52 and
1650 3089 336 51 sycamores,
2028 3071 75 70 by

107 3145 181 70 Terry
327 3146 66 53 E.
435 3145 371 69 Stephenson.
885 3146 179 56 Santa
1105 3148 146 67 Ana,
1289 3147 195 60 Calif.,
1520 3149 144 53 Pub.
1703 3167 73 34 on
1813 3151 95 51 the
1948 3168 156 49 press

106 3222 66 52 of
199 3222 96 54 the
327 3222 179 56 Santa
536 3223 131 54 Ana
697 3224 138 69 high
868 3225 190 53 school
1090 3226 110 53 and
1232 3226 210 53 Junior
1474 3226 211 71 college
1714 3226 77 70 by
1822 3227 73 54 its
107 3227 1973 132 director,

239 3301 64 52 T.
331 3299 68 55 E.
425 3301 307 68 Williams,
759 3305 150 49 1931.

177 3382 1231 52 7 p. l ., 3-209 p. incl. front. plates, map. 26 ᶜᵐ.
179 3439 146 40 “This
357 3440 123 39 book
515 3440 41 40 is
588 3450 88 30 one
710 3440 52 40 of
793 3451 61 29 an
889 3440 181 41 edition
1106 3441 52 40 of
1189 3441 92 40 five
1315 3442 221 41 hundred
1571 3442 204 50 copies.”
1834 3442 120 43 This
1986 3454 117 39 copy

106 3497 86 40 not
217 3496 278 41 numbered.

114 3549 53 52 ©
194 3553 126 48 Sept.
346 3554 39 46 1,
410 3552 113 41 1931;
577 3552 67 41 2c.
672 3552 101 42 Oct.
797 3553 53 39 21;
907 3553 82 42 aff.
1016 3553 101 41 Oct.
1144 3553 56 41 20;
1255 3555 40 40 A
1318 3555 146 41 44567;
1519 3556 51 39 T.
1598 3557 53 40 E.
1681 3556 300 48 Stephenson
2008 3558 96 39 and

185 3610 212 39 Thomas
428 3610 50 39 E.
514 3609 255 41 Williams.
806 3610 152 41 Santa
993 3611 120 42 Ana,
1150 3610 144 42 Calif.
1364 3612 280 48 (31-31892)

111 3700 267 66 Stevens,
406 3705 137 52 Mrs.
570 3703 148 54 Jane
747 3702 305 55 Elizabeth
1090 3705 222 65 (Hoyt)
1351 3711 168 50 1860-

181 3776 165 57 Some
385 3778 365 69 impressions
788 3779 64 53 of
887 3780 297 54 Mahatma
1225 3780 252 66 Gandhi,
1515 3799 64 36 or
1617 3780 374 70 “Gandhiji”,
2026 3782 77 69 by

109 3855 1993 76 J. Elizabeth Hoyt-Stevens … Concord, N. H. [Printed by the
111 3931 284 56 Rumford
424 3952 175 52 press]
634 3937 150 51 1931.
