2428 4370
1220 4109 137 51 2018

287 537 114 54 and
435 533 256 57 districts
725 535 65 55 of
820 536 95 54 the
948 534 221 55 United
1206 534 208 69 States,
1447 536 286 69 arranged
1765 536 184 53 under
1981 556 31 34 a
2045 533 260 56 uniform

288 613 430 68 classification;
755 615 99 52 the
885 612 260 54 uniform
1178 613 161 53 stock
1371 614 256 53 transfer
1662 619 107 64 act,
1803 614 138 53 laws
1977 613 330 70 regulating

287 694 96 52 the
414 693 115 53 sale
560 691 64 54 of
653 696 299 64 corporate
983 691 186 54 stocks
1200 693 113 52 and
1344 691 292 54 securities
1666 693 114 52 and
1810 693 98 52 the
1938 692 221 53 federal
2191 694 113 52 and

287 775 148 49 state
478 770 301 53 anti-trust
823 771 157 65 laws,
1025 769 142 53 with
1213 770 181 54 forms
1441 771 113 52 and
1599 771 351 69 precedents,
1996 770 191 53 edited
2230 772 77 68 by

287 850 158 51 John
474 847 55 56 S.
553 848 222 53 Parker
800 849 113 52 and
941 848 56 54 J.
1022 848 65 51 B.
1112 848 67 51 R.
1206 846 209 69 Smith,
1438 848 238 53 assisted
1701 849 76 69 by
1804 868 31 33 a
1862 849 181 52 board
2070 848 65 54 of
286 866 1998 115 associated
526 926 214 55 editors
794 926 61 53 in
909 927 97 52 the
1062 928 217 51 several
1334 931 193 48 states.
1602 927 108 53 33d
1766 926 84 53 ed.
1926 926 141 53 New
2124 926 182 71 York,

284 1004 220 55 United
535 1004 190 56 States
755 1003 367 69 corporation
1151 1022 299 51 company,
1482 1006 151 52 1932.

424 1084 650 51 xv p., 1 l., 2694 p. 25½ᶜᵐ.
292 1154 2014 52 © Dec. 29. 1931; 1c. and aff. Dec. 30; 1c. Dec. 31; A 46658; Corporation
361 1216 200 39 manual
593 1225 83 37 co.,
708 1214 118 40 New
858 1214 146 40 York.

285 1309 376 65 Petersham,
687 1311 141 52 Mrs.
854 1309 201 56 Maud.

358 1388 122 53 The
520 1387 198 56 Christ
756 1388 174 68 child,
970 1406 60 35 as
1067 1388 124 54 told
1226 1388 78 67 by
1339 1386 282 54 Matthew
1659 1387 114 52 and
1810 1387 177 69 Luke,
2026 1389 165 52 made
2227 1388 73 68 by

285 1465 179 54 Maud
493 1466 113 53 and
633 1465 191 53 Miska
852 1466 352 53 Petersham.
1281 1464 233 56 Garden
1546 1465 153 69 City,
1727 1466 70 53 N.
1826 1465 92 68 Y.,
1943 1464 360 71 Doubleday,

284 1542 1035 70 Doran and company, inc. [ ᶜ1 931]
359 1624 86 50 [63]
472 1635 44 37 p.
577 1623 129 41 illus.
735 1623 136 49 (part
897 1624 114 47 col.)
1079 1625 148 41 28½ᶜᵐ.

357 1681 293 42 Illustrated
680 1684 99 46 t.-p.
807 1683 97 40 and
934 1681 353 50 lining-papers
1318 1681 48 41 in
1401 1682 170 42 colors.

357 1738 231 41 “Printed
617 1740 51 39 in
699 1739 288 48 Germany.”

360 1796 164 42 “First
553 1795 229 43 edition.”

292 1850 51 52 ©
373 1855 119 42 Nov.
522 1855 39 47 5,
591 1853 142 49 1931;
765 1853 64 41 2c.
861 1855 97 40 and
988 1853 83 42 aff.
1102 1854 118 40 Nov.
1252 1853 82 48 16;
1368 1854 41 39 A
1436 1852 173 50 46195;
1643 1855 150 39 Maud
1824 1855 96 40 and
1952 1854 160 40 Miska
360 1854 1927 106 Petersham,
541 1912 306 47 Woodstock,
875 1912 56 41 N.
957 1912 53 39 Y.
1083 1910 283 50 (31-28341)

287 2006 304 66 Quennell,
621 2007 197 56 Peter.

355 2083 1947 72 The phoenix-kind [by] Peter Quennell … New York, The
286 2163 219 69 Viking
533 2182 176 50 press,
739 2166 149 50 1931.

356 2245 28 41 3
410 2256 44 38 p.
514 2276 10 18 l.,
551 2245 146 41 3-268
723 2255 43 38 p.
826 2244 148 42 19½ᶜᵐ.

291 2299 51 52 ©
376 2303 112 42 Dec.
520 2302 70 47 10,
621 2301 142 48 1931;
795 2302 69 42 2c.
896 2303 112 39 Dec.
1041 2302 82 42 14;
1158 2301 82 42 aff.
1275 2302 111 40 Dec.
1420 2303 82 47 11;
1533 2302 46 40 A
1606 2302 175 48 45485;
1816 2302 181 49 Viking
2027 2311 152 41 press,
2211 2302 91 41 inc.

369 2359 283 50 (31-34775)

286 2454 207 66 Quirk,
524 2455 250 55 Charles
799 2454 54 56 J.

356 2531 249 55 Candles
634 2531 59 53 in
721 2532 96 53 the
845 2531 175 68 wind,
1046 2531 77 70 by
1152 2530 239 56 Charles
1420 2532 56 54 J.
1507 2529 208 71 Quirk,
1744 2549 41 37 s.
1814 2550 69 52 j.,
1910 2531 145 54 with
2080 2551 33 34 a
284 2531 1995 149 prefatory
489 2616 132 47 note
660 2611 77 68 by
774 2610 251 54 Brother
1062 2610 133 54 Leo.
1272 2610 141 54 New
1454 2609 183 73 York,
1676 2610 64 54 L.
1781 2610 358 70 MacVeagh,
2179 2610 121 54 The

283 2689 138 53 Dial
449 2707 176 50 press,
655 2691 151 51 1931.

354 2771 64 46 xi,
449 2770 56 51 [1]
531 2781 59 38 p.,
618 2769 27 40 2
707 2802 8 16 l.,
741 2770 116 42 3-88
882 2780 44 39 p.
986 2769 119 42 21ᶜᵐ.

353 2826 282 49 Quatrains.

290 2882 52 53 ©
373 2888 118 39 Nov.
524 2886 69 49 28,
626 2886 142 48 1931;
801 2886 67 42 2c.
902 2888 113 41 Dec.
1047 2889 25 39 7;
1134 2887 82 40 aff.
1250 2888 112 40 Dec.
1396 2888 29 39 5;
1485 2887 40 40 A
1555 2887 173 48 45341;
1765 2886 114 41 Dial
1913 2898 149 38 press,
2097 2888 91 39 inc.

367 2944 283 50 (31-34673)

283 3039 477 65 Schaafhausen,
792 3039 309 54 Friedrich
1131 3039 295 55 Wilhelm.

417 3117 1882 70 … Der durchbruch des deutschen geistes im mittelalter.
283 3197 121 52 Der
439 3196 250 70 eingang
723 3198 95 53 des
856 3197 429 55 Christentums
1317 3198 60 52 in
1412 3198 100 52 das
1547 3197 268 53 deutsche
1850 3215 201 35 wesen.
2124 3199 48 50 2.
2207 3197 93 52 bd.

286 3274 2009 70 Von der gotik bis zur reformation. Jena, E. Diederichs [ ᶜ1 931]
355 3354 27 41 2
412 3366 42 38 p.
524 3388 8 15 l.,
562 3356 100 48 271,
698 3358 55 48 [1]
787 3368 43 37 p.
889 3356 166 49 front.,
1087 3356 172 49 plates.
1320 3355 147 43 24½ᶜᵐ.

357 3414 64 39 At
448 3414 126 40 head
601 3414 54 40 of
681 3413 134 41 title:
848 3414 51 39 F.
929 3414 72 40 W.
1033 3412 386 42 Schaafhausen.

288 3466 2011 53 © May 28, 1931; 1c. Nov. 30; A—Foreign 14560; Eugen Diederichs
356 3529 181 47 verlag.

283 3623 286 64 Sechrist,
599 3626 138 52 Mrs.
769 3623 310 54 Elizabeth
1118 3623 281 65 (Hough)
1435 3642 182 51 comp.

355 3698 320 56 Christmas
716 3702 376 68 everywhere,
1133 3700 231 53 written
1402 3700 114 53 and
1557 3699 281 69 compiled
1878 3700 75 68 by
1995 3698 299 53 Elizabeth

283 3776 218 61 Hough
548 3777 282 65 Sechrist;
876 3779 328 53 illustrated
1248 3778 74 64 by
1368 3777 133 65 Guy
1543 3778 136 64 Fry.
1756 3776 429 66 Philadelphia,
2228 3776 67 53 R.

286 3852 212 65 Swain,
531 3858 152 52 1931.

354 3935 64 48 xi,
449 3938 86 39 155
564 3949 43 37 p.
668 3940 87 39 col.
786 3940 171 48 plates.
1018 3940 117 42 21ᶜᵐ.

356 3993 163 41 “First
546 3995 228 42 edition.”

356 4049 236 43 Contains
621 4052 168 42 music.
