2575 4398
0 0 0 0 59
196 385 189 63 Mohs,
418 385 210 51 Emma
659 382 233 55 Louise.

262 458 319 68 Principles
607 458 63 51 of
695 458 163 53 home
885 457 269 68 nursing;
1184 475 30 33 a
1244 455 292 53 text-book
1563 455 92 52 for
1684 454 210 68 college
1919 453 271 68 students,

193 530 1975 151 by Emma Louise Mohs … 3d ed., thoroughly rev. Philadelphia
361 613 112 53 and
504 613 256 68 London,
791 613 88 54 W.
914 612 66 53 B.
1017 611 287 55 Saunders
1338 628 297 51 company,
1669 613 149 51 1931.

264 695 766 50 1 p. l., 9-303 p. illus. 20 ᶜᵐ .
264 752 371 48 Bibliography:
670 762 41 37 p.
744 751 100 42 275.

200 808 51 51 ©
282 812 108 39 Jan.
421 810 39 48 9,
489 808 141 48 1931;
662 810 67 40 2c.
760 810 110 39 Jan.
900 809 81 45 17;
1015 807 82 41 aff.
1129 808 109 40 Jan.
1269 806 82 48 20;
1383 807 44 39 A
1453 805 172 49 32881;
1658 807 72 40 W.
1762 807 55 41 B.
1850 806 246 41 Saunders
2127 817 68 30 co.

277 868 250 49 (31-2377)

196 937 303 50 Montana.
572 938 278 65 Supreme
882 942 174 46 court.

267 1011 1932 71 Reports of cases argued and determined … from February
201 1095 81 66 14,
312 1094 152 66 1930,
490 1099 58 46 to
577 1092 151 53 June
756 1094 85 63 24,
870 1093 148 50 1930.
1097 1088 220 55 Official
1345 1092 209 65 report,
1630 1108 51 33 v.
1713 1090 79 52 87.
1871 1088 119 56 San
197 1089 1979 150 Francisco,

386 1169 585 71 Bancroft-Whitney
1000 1185 297 52 company,
1328 1170 149 50 1930.

285 1261 42 37 lv,
360 1249 88 41 740
478 1260 44 38 p.
692 1282 7 8 23ᶜᵐ.

201 1304 52 50 ©
291 1307 110 40 Dec.
438 1308 68 46 31,
545 1305 113 41 1930:
724 1306 68 41 2c.
829 1307 109 39 Jan.
976 1306 68 47 12,
1082 1303 140 49 1931;
1262 1304 83 42 aff.
1383 1306 110 40 Jan.
1531 1304 82 48 10;
1653 1305 44 39 A
1731 1303 171 49 32740;
269 1305 1930 106 Bancroft-Whitney

523 1374 67 30 co.

199 1417 216 65 Moore,
444 1418 155 54 John
629 1418 263 63 Bassett,
958 1421 136 51 1860-
1307 1417 84 54 ed.

265 1494 416 54 International
705 1493 439 68 adjudications,
1168 1493 223 53 ancient
1416 1493 111 52 and
1552 1492 262 67 modern;
1841 1493 220 71 history
2086 1492 108 53 and

196 1572 342 68 documents,
575 1572 257 68 together
872 1571 140 54 with
1052 1570 360 53 mediatorial
1450 1577 238 62 reports,
1729 1571 267 70 advisory
201 1572 1973 148 opinions,

381 1652 114 53 and
531 1652 99 52 the
665 1651 277 53 decisions
981 1650 64 53 of
1084 1651 272 53 domestic
1395 1650 406 68 commissions,
1840 1669 74 34 on
200 1651 1979 134 international

200 1730 1978 135 claims, edited by John Bassett Moore … Modern series.
400 1830 50 32 v.
492 1814 47 48 2.
587 1810 186 67 [Saint
816 1809 176 54 Croix
1033 1809 152 52 river
1226 1809 361 66 arbitration]
1666 1810 141 52 New
1849 1809 165 52 York
2061 1813 136 63 [etc.]

199 1888 230 54 Oxford
457 1887 317 69 university
803 1906 175 49 press,
1009 1890 149 49 1930.

338 2000 9 19 xv,
375 1968 88 42 503
487 1979 44 38 p.
587 1978 140 39 maps
753 1968 136 49 (part
914 1968 133 49 fold.,
1066 1970 24 37 1
1121 1967 253 49 mounted)
1440 1967 148 43 24½ᶜᵐ.
1655 1967 301 51 (Half-title:
202 1967 1983 100 Publications

364 2027 51 40 of
449 2027 81 40 the
566 2026 235 48 Carnegie
834 2027 304 39 endowment
1170 2026 82 40 for
1285 2025 352 42 international
1673 2036 158 38 peace.
1892 2025 224 41 Division
2153 2026 52 40 of

201 2084 352 40 international
580 2085 108 47 law,
719 2083 347 50 Washington)

273 2141 133 41 Each
434 2142 189 40 volume
653 2141 89 40 has
773 2140 180 49 special
983 2143 98 46 t.-p.

270 2199 224 40 Includes
526 2198 286 42 references.

203 2252 51 51 ©
289 2256 117 40 Nov.
439 2257 39 47 1,
512 2254 140 47 1930;
688 2255 68 40 2c.
790 2256 95 39 and
919 2255 81 41 aff.
1036 2256 109 40 Jan.
1179 2255 69 48 23,
1284 2255 140 47 1931;
1461 2255 41 39 A
1535 2255 171 48 33360;
1746 2254 235 49 Carnegie
272 2255 1914 98 endowment
427 2313 81 40 for
533 2313 216 39 internatl.
809 2323 157 38 peace,
994 2313 336 47 Washington.
1401 2311 252 51 (31-2371)

203 2366 337 63 Moorhead,
568 2366 155 54 John
750 2366 238 66 Joseph,
1019 2367 171 54 1874-

267 2442 584 68 Traumatotherapy;
883 2442 97 54 the
1009 2447 303 48 treatment
1346 2442 63 52 of
1440 2442 95 54 the
1567 2441 246 69 injured,
1843 2441 76 70 by
1953 2442 156 55 John
2143 2442 53 54 J.

198 2518 2000 71 Moorhead … with 625 illustrations. Philadelphia and London,
198 2596 85 55 W.
316 2597 66 52 B.
415 2597 287 56 Saunders
730 2616 295 50 company,
1057 2601 150 52 1931.

268 2680 828 49 2 p. l ., 13-574 p. illus. 24½ᶜᵐ.
207 2734 51 51 ©
288 2739 109 39 Jan.
428 2738 39 48 6,
498 2738 141 47 1931;
670 2737 66 42 2c.
768 2739 110 40 Jan.
907 2740 82 46 17;
1023 2738 82 42 aff.
1136 2740 110 39 Jan.
1275 2738 83 48 20;
1391 2739 41 39 A
1461 2738 171 49 32883;
1665 2740 73 41 W.
1769 2740 55 40 B.
1857 2739 246 41 Saunders
2135 2750 67 30 co.

283 2793 250 49 (31-2379)

204 2848 178 63 Moss,
415 2849 152 52 Fred
599 2849 258 64 August,
894 2854 170 49 1893-

270 2924 1929 71 Psychology for nurses, by Fred A. Moss … Boston, New
204 3002 1426 72 York c etc.] Houghton Mifflin company [ ᶜ1 931]
271 3082 64 47 ix,
366 3082 87 41 289
480 3093 42 38 p.
584 3083 142 48 illus.,
758 3084 180 47 diagrs.
1105 3116 9 9 21ᶜᵐ.

207 3139 51 52 ©
286 3144 109 40 Jan.
420 3143 69 48 14,
517 3141 141 48 1931;
686 3143 67 42 2c.
781 3144 95 40 and
903 3143 82 43 aff.
1013 3144 109 42 Jan.
1150 3142 81 50 19;
1261 3144 41 40 A
1327 3142 171 50 33215;
1529 3144 52 42 F.
1609 3144 54 42 A.
1693 3145 144 48 Moss,
1866 3144 336 49 Washington.

287 3200 250 49 (31-2566)

203 3254 281 53 National
515 3255 347 53 conference
893 3255 63 52 of
985 3255 222 53 Jewish
1239 3255 181 53 social
1449 3255 244 55 service.

274 3334 1930 70 Proceedings … at the annual session held in Boston, Mass.,
203 3411 2000 68 June 7-11, 1930 … [New York] National conference of Jewish
202 3489 172 52 social
400 3489 227 68 service,
656 3493 148 49 1930.

271 3569 48 39 vi
347 3579 57 38 p.,
435 3569 25 39 1
512 3601 21 15 l.,
563 3569 86 40 402
678 3581 43 36 p.
781 3569 146 42 23½ᶜᵐ.

207 3621 51 51 ©
286 3625 109 41 Jan.
422 3625 38 49 6,
487 3625 141 47 1931;
657 3625 66 42 2c.
751 3628 94 38 and
872 3627 82 41 aff.
983 3628 109 39 Jan.
1119 3626 52 49 9;
1201 3627 41 39 A
1267 3626 170 48 33069;
1468 3628 129 39 Natl,
1627 3627 283 41 conference
1938 3627 52 41 of
2018 3627 182 41 Jewish

273 3682 150 40 social
448 3683 196 40 service.

202 3736 280 54 National
513 3738 393 53 tuberculosis
935 3738 376 55 association.

271 3816 402 53 Transactions
706 3817 63 52 of
799 3818 96 51 the
927 3816 396 70 twenty-sixth
1356 3819 211 51 annual
1598 3818 264 67 meeting.
1895 3817 305 68 Memphis.

202 3894 1975 144 Tennessee, May 7, 8, 9, 10. 1930. New York, National tuberculosis association [ ᶜ1 930]
