<alto xmlns="http://www.loc.gov/standards/alto/ns-v3#" xmlns:xlink="http://www.w3.org/1999/xlink" xmlns:xsi="http://www.w3.org/2001/XMLSchema-instance" xsi:schemaLocation="http://www.loc.gov/standards/alto/ns-v3# http://www.loc.gov/alto/v3/alto-3-0.xsd"><Description>
<MeasurementUnit>pixel</MeasurementUnit>
<sourceImageInformation>
<fileName>1931_v28_Part001.pdf</fileName>
</sourceImageInformation>
<OCRProcessing ID="IdOcr">
<ocrProcessingStep>
<processingDateTime>2019-04-22</processingDateTime>
<processingSoftware>
<softwareCreator>ABBYY</softwareCreator>
<softwareName>ABBYY Recognition Server</softwareName>
<softwareVersion>4.0</softwareVersion>
</processingSoftware>
</ocrProcessingStep>
</OCRProcessing>
</Description>
<Styles>
<ParagraphStyle ID="StyleId-FFFFFFFF-FFFF-FFFF-FFFF-FFFFFFFFFFFF-" ALIGN="Left" LEFT="0." RIGHT="0." FIRSTLINE="0."/>
<ParagraphStyle ID="StyleId-204B5AEB-67A1-44E2-A013-34B3A0F3E0EA-" ALIGN="Right" LEFT="0." RIGHT="0." FIRSTLINE="0." LINESPACE="8.300000191"/>
<ParagraphStyle ID="StyleId-03245871-796C-4429-B3C7-F9019C8C5B89-" ALIGN="Left" LEFT="0." RIGHT="0." FIRSTLINE="0." LINESPACE="12.19999981"/>
<ParagraphStyle ID="StyleId-BDCA8811-25FF-44DB-8D6F-2072A4ABC070-" ALIGN="Center" LEFT="0." RIGHT="0." FIRSTLINE="0." LINESPACE="12.19999981"/>
<ParagraphStyle ID="StyleId-2C5B7DF0-AF87-455E-B9A8-6FE387CB59BD-" ALIGN="Left" LEFT="0." RIGHT="0." FIRSTLINE="-13." LINESPACE="8.479999542"/>
<ParagraphStyle ID="StyleId-9FB72FA1-55D5-4161-8333-823D5732F4D0-" ALIGN="Block" LEFT="0." RIGHT="0." FIRSTLINE="-14." LINESPACE="10."/>
<ParagraphStyle ID="StyleId-212AEB8C-A829-4BF1-8E45-5BFE386A469C-" ALIGN="Block" LEFT="0." RIGHT="0." FIRSTLINE="-14." LINESPACE="11.35000038"/>
<ParagraphStyle ID="StyleId-4EC79CC1-EA62-49CE-ABB6-D84DDFCF4C7D-" ALIGN="Block" LEFT="0." RIGHT="0." FIRSTLINE="-10." LINESPACE="12.19999981"/>
<ParagraphStyle ID="StyleId-DAF2E8EE-6444-4951-9284-36A6C020C887-" ALIGN="Left" LEFT="0." RIGHT="0." FIRSTLINE="0." LINESPACE="9.399999619"/>
<ParagraphStyle ID="StyleId-25241749-1672-4977-B19F-38F59800D6D8-" ALIGN="Left" LEFT="0." RIGHT="0." FIRSTLINE="0." LINESPACE="11.10000038"/>
<ParagraphStyle ID="StyleId-8C523E19-EDEF-4F23-B010-536E1A1AAE1A-" ALIGN="Left" LEFT="0." RIGHT="0." FIRSTLINE="-13." LINESPACE="12.19999981"/>
<ParagraphStyle ID="StyleId-A1F9DE9E-2625-4D8B-AD7E-F0A0034C2989-" ALIGN="Block" LEFT="0." RIGHT="0." FIRSTLINE="0." LINESPACE="12.19999981"/>
<ParagraphStyle ID="StyleId-5725BB01-2B1C-440F-BAF2-696C4F4DF162-" ALIGN="Block" LEFT="0." RIGHT="0." FIRSTLINE="13." LINESPACE="12.19999981"/>
<ParagraphStyle ID="StyleId-F10A2092-61AA-44FD-99C2-123B3A8051CF-" ALIGN="Left" LEFT="0." RIGHT="0." FIRSTLINE="0." LINESPACE="5.5"/>
<ParagraphStyle ID="StyleId-B3CDC8CC-D2E1-4A23-B67C-CDD40993D1DD-" ALIGN="Left" LEFT="0." RIGHT="0." FIRSTLINE="0." LINESPACE="10."/>
<ParagraphStyle ID="StyleId-871EBF53-D909-4C8F-B368-AC7D897344DD-" ALIGN="Left" LEFT="0." RIGHT="0." FIRSTLINE="0."/>
<ParagraphStyle ID="StyleId-C4129744-680B-4878-B2C4-44BA3742C8D7-" ALIGN="Block" LEFT="0." RIGHT="0." FIRSTLINE="-14." LINESPACE="11.35000038"/>
<ParagraphStyle ID="StyleId-9CE98075-0B04-43D4-88D8-CE3BAB51B419-" ALIGN="Block" LEFT="0." RIGHT="0." FIRSTLINE="-10." LINESPACE="12.19999981"/>
<ParagraphStyle ID="StyleId-B2CFB7B3-DFFA-4E0E-94D6-C2BCE88DA9A9-" ALIGN="Left" LEFT="0." RIGHT="0." FIRSTLINE="0." LINESPACE="12.5"/>
<ParagraphStyle ID="StyleId-8D3352F3-1084-4DDE-A35D-B97102CCE686-" ALIGN="Left" LEFT="0." RIGHT="0." FIRSTLINE="0." LINESPACE="11.60000038"/>
<ParagraphStyle ID="StyleId-4A8DDA0D-166D-4E22-A597-BA51B892602D-" ALIGN="Block" LEFT="0." RIGHT="0." FIRSTLINE="0." LINESPACE="11.21000004"/>
<ParagraphStyle ID="StyleId-90EA4001-AA3C-45A1-AEDC-D1E1169EE5E5-" ALIGN="Block" LEFT="0." RIGHT="0." FIRSTLINE="13." LINESPACE="12.19999981"/>
</Styles>
<Layout>
<Page ID="Page2119" PHYSICAL_IMG_NR="2119" HEIGHT="4370" WIDTH="2428">
<TopMargin HEIGHT="315" WIDTH="2428" VPOS="0" HPOS="0">
</TopMargin>
<LeftMargin HEIGHT="3754" WIDTH="92" VPOS="315" HPOS="0">
</LeftMargin>
<RightMargin HEIGHT="3754" WIDTH="293" VPOS="315" HPOS="2135">
</RightMargin>
<BottomMargin HEIGHT="301" WIDTH="2428" VPOS="4069" HPOS="0">
</BottomMargin>
<PrintSpace HEIGHT="3754" WIDTH="2043" VPOS="315" HPOS="92">
<TextBlock ID="Page2119_Block1" HEIGHT="81" WIDTH="197" VPOS="3988" HPOS="1011" LANG="en-US" STYLEREFS="StyleId-F7CA6C37-0FFC-4E4A-B706-909F5E8590C2-">
<TextLine HEIGHT="51" WIDTH="138" VPOS="3995" HPOS="1052">
<String CONTENT="2119" HEIGHT="51" WIDTH="138" VPOS="3995" HPOS="1052"/>
</TextLine>
</TextBlock>
<TextBlock ID="Page2119_Block2" HEIGHT="3655" WIDTH="2043" VPOS="315" HPOS="92" LANG="en-US" CS="1" STYLEREFS="StyleId-D7D96465-E13C-45ED-BA17-E7A08A8EF2CB-">
<Shape>
<Polygon POINTS="730,315 1060,315 1060,376 2128,376 2128,737 2129,737 2129,1219 2130,1219 2130,1701 2131,1701 2131,2183 2132,2183 2132,2665 2133,2665 2133,3147 2134,3147 2134,3629 2135,3629 2135,3966 1698,3966 1698,3967 1216,3967 1216,3968 734,3968 734,3969 252,3969 252,3970 99,3970 99,3633 98,3633 98,3151 97,3151 97,2669 96,2669 96,2187 95,2187 95,1705 94,1705 94,1223 93,1223 93,741 92,741 92,317 248,317 248,316 730,316 730,315"/>
</Shape>
<TextLine HEIGHT="69" WIDTH="943" VPOS="371" HPOS="106" STYLEREFS="StyleId-BD7641BF-A946-454E-8CA2-D7C34F4E134E-">
<String CONTENT="Wall," HEIGHT="66" WIDTH="166" VPOS="374" HPOS="106"/>
<SP HEIGHT="63" WIDTH="27" VPOS="376" HPOS="273"/>
<String CONTENT="Edward" HEIGHT="54" WIDTH="252" VPOS="373" HPOS="301"/>
<SP HEIGHT="54" WIDTH="26" VPOS="373" HPOS="554"/>
<String CONTENT="Everett," HEIGHT="64" WIDTH="267" VPOS="371" HPOS="581"/>
<SP HEIGHT="59" WIDTH="27" VPOS="375" HPOS="849"/>
<String CONTENT="1860-" HEIGHT="50" WIDTH="172" VPOS="374" HPOS="877"/>
</TextLine>
<TextLine HEIGHT="86" WIDTH="1923" VPOS="436" HPOS="175" STYLEREFS="StyleId-BD7641BF-A946-454E-8CA2-D7C34F4E134E-">
<String CONTENT="Engineers," HEIGHT="72" WIDTH="334" VPOS="450" HPOS="175"/>
<SP HEIGHT="50" WIDTH="36" VPOS="467" HPOS="510"/>
<String CONTENT="engineering," HEIGHT="70" WIDTH="384" VPOS="446" HPOS="547"/>
<SP HEIGHT="50" WIDTH="38" VPOS="463" HPOS="932"/>
<String CONTENT="and" HEIGHT="52" WIDTH="113" VPOS="445" HPOS="971"/>
<SP HEIGHT="52" WIDTH="36" VPOS="445" HPOS="1085"/>
<String CONTENT="some" HEIGHT="35" WIDTH="150" VPOS="461" HPOS="1122"/>
<SP HEIGHT="34" WIDTH="37" VPOS="461" HPOS="1273"/>
<String CONTENT="vagaries," HEIGHT="69" WIDTH="277" VPOS="441" HPOS="1311"/>
<SP HEIGHT="66" WIDTH="35" VPOS="440" HPOS="1589"/>
<String CONTENT="by" HEIGHT="70" WIDTH="73" VPOS="439" HPOS="1625"/>
<SP HEIGHT="68" WIDTH="39" VPOS="440" HPOS="1699"/>
<String CONTENT="Edward" HEIGHT="53" WIDTH="252" VPOS="437" HPOS="1739"/>
<SP HEIGHT="53" WIDTH="40" VPOS="436" HPOS="1992"/>
<String CONTENT="E." HEIGHT="51" WIDTH="65" VPOS="436" HPOS="2033"/>
</TextLine>
<TextLine HEIGHT="80" WIDTH="1990" VPOS="515" HPOS="105" STYLEREFS="StyleId-BD7641BF-A946-454E-8CA2-D7C34F4E134E-" CS="1">
<String CONTENT="Wall" HEIGHT="57" WIDTH="153" VPOS="529" HPOS="105"/>
<SP HEIGHT="52" WIDTH="43" VPOS="530" HPOS="259"/>
<String CS="1" CONTENT="&#8230;"/>
<SP HEIGHT="56" WIDTH="79" VPOS="527" HPOS="361"/>
<String CONTENT="St." HEIGHT="56" WIDTH="83" VPOS="527" HPOS="441"/>
<SP HEIGHT="55" WIDTH="38" VPOS="526" HPOS="525"/>
<String CONTENT="Louis," HEIGHT="71" WIDTH="192" VPOS="523" HPOS="564"/>
<SP HEIGHT="70" WIDTH="35" VPOS="523" HPOS="757"/>
<String CONTENT="Mo." HEIGHT="53" WIDTH="115" VPOS="523" HPOS="793"/>
<SP HEIGHT="35" WIDTH="46" VPOS="555" HPOS="909"/>
<String CONTENT="[Carter" HEIGHT="69" WIDTH="222" VPOS="521" HPOS="956"/>
<SP HEIGHT="53" WIDTH="36" VPOS="522" HPOS="1179"/>
<String CONTENT="&amp;" HEIGHT="51" WIDTH="46" VPOS="522" HPOS="1216"/>
<SP HEIGHT="53" WIDTH="36" VPOS="521" HPOS="1263"/>
<String CONTENT="Wilson," HEIGHT="67" WIDTH="240" VPOS="519" HPOS="1300"/>
<SP HEIGHT="50" WIDTH="35" VPOS="536" HPOS="1541"/>
<String CONTENT="master" HEIGHT="50" WIDTH="211" VPOS="521" HPOS="1577"/>
<SP HEIGHT="51" WIDTH="39" VPOS="534" HPOS="1789"/>
<String CONTENT="printers]" HEIGHT="70" WIDTH="266" VPOS="515" HPOS="1829"/>
</TextLine>
<TextLine HEIGHT="52" WIDTH="151" VPOS="609" HPOS="108" STYLEREFS="StyleId-BD7641BF-A946-454E-8CA2-D7C34F4E134E-">
<String CONTENT="1931." HEIGHT="52" WIDTH="151" VPOS="609" HPOS="108"/>
</TextLine>
<TextLine HEIGHT="51" WIDTH="333" VPOS="687" HPOS="175" CS="1">
<String CONTENT="306" HEIGHT="43" WIDTH="88" VPOS="688" HPOS="175"/>
<SP HEIGHT="48" WIDTH="23" VPOS="689" HPOS="264"/>
<String CONTENT="p." HEIGHT="37" WIDTH="44" VPOS="700" HPOS="288"/>
<SP HEIGHT="41" WIDTH="57" VPOS="688" HPOS="333"/>
<String CONTENT="20" HEIGHT="41" WIDTH="57" VPOS="687" HPOS="391"/>
<String STYLE="superscript" CS="1" CONTENT="&#7580;&#7504;"/>
<String CONTENT="." HEIGHT="9" WIDTH="9" VPOS="718" HPOS="499"/>
</TextLine>
<TextLine HEIGHT="63" WIDTH="1988" VPOS="745" HPOS="115" CS="1">
<String CONTENT="&#169;" HEIGHT="52" WIDTH="52" VPOS="756" HPOS="115"/>
<SP HEIGHT="52" WIDTH="29" VPOS="756" HPOS="168"/>
<String CONTENT="Dec." HEIGHT="41" WIDTH="112" VPOS="759" HPOS="198"/>
<SP HEIGHT="38" WIDTH="28" VPOS="759" HPOS="311"/>
<String CONTENT="16," HEIGHT="48" WIDTH="69" VPOS="758" HPOS="340"/>
<SP HEIGHT="48" WIDTH="30" VPOS="758" HPOS="410"/>
<String CONTENT="1931;" HEIGHT="46" WIDTH="140" VPOS="757" HPOS="441"/>
<SP HEIGHT="48" WIDTH="32" VPOS="755" HPOS="582"/>
<String CONTENT="2c." HEIGHT="41" WIDTH="66" VPOS="755" HPOS="615"/>
<SP HEIGHT="29" WIDTH="32" VPOS="767" HPOS="682"/>
<String CONTENT="and" HEIGHT="41" WIDTH="94" VPOS="755" HPOS="715"/>
<SP HEIGHT="40" WIDTH="29" VPOS="755" HPOS="810"/>
<String CONTENT="aff." HEIGHT="40" WIDTH="82" VPOS="753" HPOS="840"/>
<SP HEIGHT="40" WIDTH="31" VPOS="753" HPOS="923"/>
<String CONTENT="Dec." HEIGHT="40" WIDTH="112" VPOS="753" HPOS="955"/>
<SP HEIGHT="41" WIDTH="30" VPOS="752" HPOS="1068"/>
<String CONTENT="18;" HEIGHT="40" WIDTH="82" VPOS="752" HPOS="1099"/>
<SP HEIGHT="42" WIDTH="32" VPOS="750" HPOS="1182"/>
<!-- cceid F3075A80-6E8D-1014-9CF5-AEB3FCA41D69 --><String CONTENT="A" HEIGHT="40" WIDTH="41" VPOS="750" HPOS="1215"/>
<SP HEIGHT="40" WIDTH="27" VPOS="750" HPOS="1257"/>
<String CS="1" CONTENT="46450;" HEIGHT="40" WIDTH="149" VPOS="750" HPOS="1285"/>
<SP HEIGHT="41" WIDTH="33" VPOS="751" HPOS="1458"/>
<String LANG="fr" CONTENT="E." HEIGHT="39" WIDTH="52" VPOS="751" HPOS="1492"/>
<SP HEIGHT="40" WIDTH="31" VPOS="750" HPOS="1545"/>
<String CONTENT="E." HEIGHT="39" WIDTH="53" VPOS="750" HPOS="1577"/>
<SP HEIGHT="40" WIDTH="31" VPOS="749" HPOS="1631"/>
<String CONTENT="Wall," HEIGHT="48" WIDTH="143" VPOS="748" HPOS="1663"/>
<SP HEIGHT="47" WIDTH="34" VPOS="748" HPOS="1807"/>
<String CONTENT="St." HEIGHT="41" WIDTH="67" VPOS="748" HPOS="1842"/>
<SP HEIGHT="42" WIDTH="31" VPOS="747" HPOS="1910"/>
<String CONTENT="Louis." HEIGHT="42" WIDTH="161" VPOS="745" HPOS="1942"/>
</TextLine>
<TextLine HEIGHT="51" WIDTH="221" VPOS="815" HPOS="193">
<String CONTENT="(32-438)" HEIGHT="51" WIDTH="221" VPOS="815" HPOS="193"/>
</TextLine>
<TextLine HEIGHT="70" WIDTH="634" VPOS="919" HPOS="109" STYLEREFS="StyleId-517C322D-0A7C-48DA-8558-0CB201C6BF9A-">
<String CONTENT="Waugh," HEIGHT="67" WIDTH="251" VPOS="922" HPOS="109"/>
<SP HEIGHT="65" WIDTH="26" VPOS="923" HPOS="361"/>
<String CONTENT="Maurice" HEIGHT="56" WIDTH="262" VPOS="920" HPOS="388"/>
<SP HEIGHT="54" WIDTH="29" VPOS="921" HPOS="651"/>
<String CONTENT="C." HEIGHT="57" WIDTH="62" VPOS="920" HPOS="681"/>
</TextLine>
<TextLine HEIGHT="79" WIDTH="1928" VPOS="987" HPOS="175" STYLEREFS="StyleId-BD7641BF-A946-454E-8CA2-D7C34F4E134E-" CS="1">
<String CONTENT="Hearthside" HEIGHT="58" WIDTH="348" VPOS="997" HPOS="175"/>
<SP HEIGHT="34" WIDTH="43" VPOS="1016" HPOS="524"/>
<String CONTENT="musings," HEIGHT="68" WIDTH="270" VPOS="997" HPOS="568"/>
<SP HEIGHT="69" WIDTH="43" VPOS="995" HPOS="839"/>
<String CONTENT="by" HEIGHT="69" WIDTH="74" VPOS="995" HPOS="883"/>
<SP HEIGHT="70" WIDTH="41" VPOS="994" HPOS="958"/>
<String CONTENT="Maurice" HEIGHT="57" WIDTH="257" VPOS="990" HPOS="1000"/>
<SP HEIGHT="55" WIDTH="47" VPOS="991" HPOS="1258"/>
<String CONTENT="C." HEIGHT="55" WIDTH="60" VPOS="991" HPOS="1306"/>
<SP HEIGHT="52" WIDTH="44" VPOS="992" HPOS="1367"/>
<String CS="1" CONTENT="Waugh" HEIGHT="67" WIDTH="189" VPOS="992" HPOS="1412"/>
<SP HEIGHT="36" WIDTH="51" VPOS="1010" HPOS="1641"/>
<String CS="1" CONTENT="&#8230;"/>
<SP HEIGHT="54" WIDTH="84" VPOS="990" HPOS="1750"/>
<String CONTENT="Wichita," HEIGHT="71" WIDTH="268" VPOS="987" HPOS="1835"/>
</TextLine>
<TextLine HEIGHT="72" WIDTH="948" VPOS="1074" HPOS="106" STYLEREFS="StyleId-BD7641BF-A946-454E-8CA2-D7C34F4E134E-">
<String CONTENT="Kan.," HEIGHT="69" WIDTH="170" VPOS="1077" HPOS="106"/>
<SP HEIGHT="68" WIDTH="29" VPOS="1077" HPOS="277"/>
<String CONTENT="The" HEIGHT="53" WIDTH="121" VPOS="1076" HPOS="307"/>
<SP HEIGHT="53" WIDTH="29" VPOS="1076" HPOS="429"/>
<String CONTENT="Travis" HEIGHT="53" WIDTH="206" VPOS="1075" HPOS="459"/>
<SP HEIGHT="50" WIDTH="30" VPOS="1092" HPOS="666"/>
<String CONTENT="press," HEIGHT="52" WIDTH="172" VPOS="1091" HPOS="697"/>
<SP HEIGHT="67" WIDTH="33" VPOS="1075" HPOS="870"/>
<String CONTENT="1931." HEIGHT="51" WIDTH="150" VPOS="1074" HPOS="904"/>
</TextLine>
<TextLine HEIGHT="51" WIDTH="308" VPOS="1155" HPOS="177" CS="1">
<String CONTENT="47" HEIGHT="41" WIDTH="59" VPOS="1158" HPOS="177"/>
<SP HEIGHT="49" WIDTH="27" VPOS="1157" HPOS="237"/>
<String CONTENT="p." HEIGHT="39" WIDTH="44" VPOS="1166" HPOS="265"/>
<SP HEIGHT="41" WIDTH="59" VPOS="1156" HPOS="310"/>
<String CONTENT="18" HEIGHT="41" WIDTH="56" VPOS="1155" HPOS="370"/>
<String STYLE="superscript" CS="1" CONTENT="&#7580;&#7504;"/>
<String CONTENT="." HEIGHT="10" WIDTH="9" VPOS="1187" HPOS="476"/>
</TextLine>
<TextLine HEIGHT="41" WIDTH="183" VPOS="1226" HPOS="181">
<String CONTENT="Poems." HEIGHT="41" WIDTH="183" VPOS="1226" HPOS="181"/>
</TextLine>
<TextLine HEIGHT="59" WIDTH="1988" VPOS="1289" HPOS="119" CS="1">
<String CONTENT="&#169;" HEIGHT="52" WIDTH="51" VPOS="1296" HPOS="119"/>
<SP HEIGHT="52" WIDTH="32" VPOS="1296" HPOS="171"/>
<String CONTENT="Oct." HEIGHT="42" WIDTH="102" VPOS="1298" HPOS="204"/>
<SP HEIGHT="39" WIDTH="29" VPOS="1299" HPOS="307"/>
<String CONTENT="3," HEIGHT="47" WIDTH="40" VPOS="1299" HPOS="337"/>
<SP HEIGHT="46" WIDTH="32" VPOS="1300" HPOS="378"/>
<String CS="1" CONTENT="1931;" HEIGHT="42" WIDTH="111" VPOS="1296" HPOS="411"/>
<SP/>
<String CONTENT="2c." HEIGHT="40" WIDTH="66" VPOS="1297" HPOS="585"/>
<SP HEIGHT="30" WIDTH="32" VPOS="1307" HPOS="652"/>
<String CONTENT="and" HEIGHT="41" WIDTH="95" VPOS="1296" HPOS="685"/>
<SP HEIGHT="40" WIDTH="29" VPOS="1296" HPOS="781"/>
<String CONTENT="aff." HEIGHT="43" WIDTH="83" VPOS="1293" HPOS="811"/>
<SP HEIGHT="42" WIDTH="31" VPOS="1293" HPOS="895"/>
<String CONTENT="Oct." HEIGHT="42" WIDTH="102" VPOS="1293" HPOS="927"/>
<SP HEIGHT="40" WIDTH="32" VPOS="1295" HPOS="1030"/>
<String CS="1" CONTENT="17;" HEIGHT="40" WIDTH="54" VPOS="1294" HPOS="1063"/>
<SP/>
<!-- cceid F30762D1-6E8D-1014-9CF5-AEB3FCA41D69 --><String CONTENT="A" HEIGHT="39" WIDTH="39" VPOS="1293" HPOS="1180"/>
<SP HEIGHT="38" WIDTH="31" VPOS="1293" HPOS="1220"/>
<String CS="1" CONTENT="44231;" HEIGHT="40" WIDTH="145" VPOS="1292" HPOS="1252"/>
<SP/>
<String LANG="fr" CONTENT="M." HEIGHT="39" WIDTH="63" VPOS="1293" HPOS="1461"/>
<SP HEIGHT="41" WIDTH="33" VPOS="1291" HPOS="1525"/>
<String CONTENT="C." HEIGHT="41" WIDTH="47" VPOS="1291" HPOS="1559"/>
<SP HEIGHT="40" WIDTH="34" VPOS="1292" HPOS="1607"/>
<String CONTENT="Waugh," HEIGHT="50" WIDTH="203" VPOS="1291" HPOS="1642"/>
<SP HEIGHT="48" WIDTH="33" VPOS="1292" HPOS="1846"/>
<String CONTENT="Wichita." HEIGHT="42" WIDTH="227" VPOS="1289" HPOS="1880"/>
</TextLine>
<TextLine HEIGHT="51" WIDTH="415" VPOS="1353" HPOS="186">
<String CONTENT="Kan." HEIGHT="41" WIDTH="124" VPOS="1355" HPOS="186"/>
<SP HEIGHT="48" WIDTH="69" VPOS="1355" HPOS="311"/>
<String CONTENT="(32-347)" HEIGHT="50" WIDTH="220" VPOS="1353" HPOS="381"/>
</TextLine>
<TextLine HEIGHT="68" WIDTH="560" VPOS="1460" HPOS="112" STYLEREFS="StyleId-517C322D-0A7C-48DA-8558-0CB201C6BF9A-">
<String CONTENT="Weinberg," HEIGHT="67" WIDTH="334" VPOS="1461" HPOS="112"/>
<SP HEIGHT="65" WIDTH="26" VPOS="1462" HPOS="447"/>
<String CONTENT="Louis." HEIGHT="57" WIDTH="198" VPOS="1460" HPOS="474"/>
</TextLine>
<TextLine HEIGHT="75" WIDTH="1926" VPOS="1532" HPOS="183" STYLEREFS="StyleId-BD7641BF-A946-454E-8CA2-D7C34F4E134E-">
<String CONTENT="The" HEIGHT="54" WIDTH="121" VPOS="1538" HPOS="183"/>
<SP HEIGHT="34" WIDTH="32" VPOS="1557" HPOS="305"/>
<String CONTENT="world" HEIGHT="52" WIDTH="181" VPOS="1539" HPOS="338"/>
<SP HEIGHT="52" WIDTH="33" VPOS="1540" HPOS="520"/>
<String CONTENT="we" HEIGHT="34" WIDTH="82" VPOS="1558" HPOS="554"/>
<SP HEIGHT="53" WIDTH="33" VPOS="1538" HPOS="637"/>
<String CONTENT="live" HEIGHT="57" WIDTH="114" VPOS="1536" HPOS="671"/>
<SP HEIGHT="56" WIDTH="29" VPOS="1536" HPOS="786"/>
<String CONTENT="in," HEIGHT="69" WIDTH="78" VPOS="1536" HPOS="816"/>
<SP HEIGHT="50" WIDTH="36" VPOS="1555" HPOS="895"/>
<String CONTENT="an" HEIGHT="34" WIDTH="73" VPOS="1555" HPOS="932"/>
<SP HEIGHT="52" WIDTH="32" VPOS="1536" HPOS="1006"/>
<String CONTENT="introduction" HEIGHT="56" WIDTH="390" VPOS="1534" HPOS="1039"/>
<SP HEIGHT="49" WIDTH="31" VPOS="1540" HPOS="1430"/>
<String CONTENT="to" HEIGHT="46" WIDTH="59" VPOS="1540" HPOS="1462"/>
<SP HEIGHT="46" WIDTH="34" VPOS="1540" HPOS="1522"/>
<String CONTENT="the" HEIGHT="52" WIDTH="95" VPOS="1535" HPOS="1557"/>
<SP HEIGHT="35" WIDTH="33" VPOS="1553" HPOS="1653"/>
<String CONTENT="social" HEIGHT="56" WIDTH="171" VPOS="1532" HPOS="1687"/>
<SP HEIGHT="52" WIDTH="35" VPOS="1534" HPOS="1859"/>
<String CONTENT="studies" HEIGHT="53" WIDTH="214" VPOS="1533" HPOS="1895"/>
</TextLine>
<TextLine HEIGHT="76" WIDTH="1992" VPOS="1610" HPOS="115" STYLEREFS="StyleId-BD7641BF-A946-454E-8CA2-D7C34F4E134E-" CS="1">
<String CONTENT="for" HEIGHT="55" WIDTH="94" VPOS="1614" HPOS="115"/>
<SP HEIGHT="46" WIDTH="33" VPOS="1623" HPOS="210"/>
<String CONTENT="the" HEIGHT="55" WIDTH="96" VPOS="1617" HPOS="244"/>
<SP HEIGHT="55" WIDTH="34" VPOS="1616" HPOS="341"/>
<String CONTENT="intermediate" HEIGHT="55" WIDTH="396" VPOS="1613" HPOS="376"/>
<SP HEIGHT="51" WIDTH="32" VPOS="1633" HPOS="773"/>
<String CONTENT="grades," HEIGHT="69" WIDTH="221" VPOS="1615" HPOS="806"/>
<SP HEIGHT="70" WIDTH="31" VPOS="1614" HPOS="1028"/>
<String CONTENT="by" HEIGHT="69" WIDTH="76" VPOS="1614" HPOS="1060"/>
<SP HEIGHT="67" WIDTH="34" VPOS="1616" HPOS="1137"/>
<String CONTENT="Louis" HEIGHT="55" WIDTH="174" VPOS="1612" HPOS="1172"/>
<SP HEIGHT="53" WIDTH="33" VPOS="1614" HPOS="1347"/>
<String CONTENT="Weinberg" HEIGHT="70" WIDTH="310" VPOS="1612" HPOS="1381"/>
<SP HEIGHT="52" WIDTH="40" VPOS="1630" HPOS="1692"/>
<String CS="1" CONTENT="&#8230;"/>
<SP HEIGHT="53" WIDTH="36" VPOS="1613" HPOS="1791"/>
<String CONTENT="Zenos" HEIGHT="51" WIDTH="176" VPOS="1613" HPOS="1828"/>
<SP HEIGHT="51" WIDTH="35" VPOS="1613" HPOS="2005"/>
<String CONTENT="E." HEIGHT="51" WIDTH="66" VPOS="1613" HPOS="2041"/>
</TextLine>
<TextLine HEIGHT="76" WIDTH="1994" VPOS="1689" HPOS="116" STYLEREFS="StyleId-BD7641BF-A946-454E-8CA2-D7C34F4E134E-" CS="1">
<String CONTENT="Scott" HEIGHT="57" WIDTH="162" VPOS="1694" HPOS="116"/>
<SP HEIGHT="49" WIDTH="29" VPOS="1700" HPOS="278"/>
<String CS="1" CONTENT="&#8230;"/>
<SP HEIGHT="53" WIDTH="31" VPOS="1696" HPOS="365"/>
<String CONTENT="Evelyn" HEIGHT="70" WIDTH="224" VPOS="1694" HPOS="396"/>
<SP HEIGHT="53" WIDTH="28" VPOS="1696" HPOS="620"/>
<String CONTENT="T." HEIGHT="54" WIDTH="67" VPOS="1696" HPOS="648"/>
<SP HEIGHT="55" WIDTH="27" VPOS="1695" HPOS="715"/>
<String CONTENT="Holston" HEIGHT="54" WIDTH="248" VPOS="1693" HPOS="742"/>
<SP HEIGHT="35" WIDTH="33" VPOS="1712" HPOS="991"/>
<String CS="1" CONTENT="&#8230;"/>
<SP HEIGHT="54" WIDTH="80" VPOS="1692" HPOS="1079"/>
<String CONTENT="Experimental" HEIGHT="70" WIDTH="436" VPOS="1690" HPOS="1159"/>
<SP HEIGHT="53" WIDTH="26" VPOS="1691" HPOS="1595"/>
<String CONTENT="ed." HEIGHT="56" WIDTH="86" VPOS="1690" HPOS="1621"/>
<SP HEIGHT="10" WIDTH="32" VPOS="1735" HPOS="1708"/>
<String CS="1" CONTENT="&#8230;"/>
<SP HEIGHT="52" WIDTH="80" VPOS="1692" HPOS="1797"/>
<String CONTENT="Boston," HEIGHT="65" WIDTH="233" VPOS="1692" HPOS="1877"/>
</TextLine>
<TextLine HEIGHT="73" WIDTH="1626" VPOS="1768" HPOS="115" STYLEREFS="StyleId-BD7641BF-A946-454E-8CA2-D7C34F4E134E-" CS="1">
<String CONTENT="New" HEIGHT="55" WIDTH="138" VPOS="1773" HPOS="115"/>
<SP HEIGHT="52" WIDTH="30" VPOS="1774" HPOS="254"/>
<String CONTENT="York" HEIGHT="53" WIDTH="163" VPOS="1773" HPOS="285"/>
<SP HEIGHT="67" WIDTH="34" VPOS="1773" HPOS="449"/>
<String CS="1" CONTENT="[etc.]" HEIGHT="62" WIDTH="119" VPOS="1778" HPOS="502"/>
<SP HEIGHT="67" WIDTH="34" VPOS="1773" HPOS="622"/>
<String CONTENT="D." HEIGHT="52" WIDTH="71" VPOS="1773" HPOS="657"/>
<SP HEIGHT="56" WIDTH="33" VPOS="1773" HPOS="729"/>
<String CONTENT="C." HEIGHT="55" WIDTH="62" VPOS="1773" HPOS="763"/>
<SP HEIGHT="52" WIDTH="32" VPOS="1774" HPOS="826"/>
<String CONTENT="Heath" HEIGHT="53" WIDTH="195" VPOS="1772" HPOS="859"/>
<SP HEIGHT="51" WIDTH="28" VPOS="1772" HPOS="1055"/>
<String CONTENT="and" HEIGHT="52" WIDTH="113" VPOS="1770" HPOS="1084"/>
<SP HEIGHT="54" WIDTH="32" VPOS="1769" HPOS="1198"/>
<String CONTENT="company" HEIGHT="50" WIDTH="280" VPOS="1788" HPOS="1231"/>
<SP HEIGHT="49" WIDTH="36" VPOS="1789" HPOS="1512"/>
<String CS="1" CONTENT="[&#7580;1931]" HEIGHT="65" WIDTH="192" VPOS="1772" HPOS="1549"/>
</TextLine>
<TextLine HEIGHT="52" WIDTH="562" VPOS="1852" HPOS="221" CS="1">
<String CS="1" CONTENT="x," HEIGHT="17" WIDTH="9" VPOS="1887" HPOS="221"/>
<SP HEIGHT="48" WIDTH="26" VPOS="1856" HPOS="231"/>
<String CONTENT="257" HEIGHT="41" WIDTH="86" VPOS="1855" HPOS="258"/>
<SP HEIGHT="46" WIDTH="27" VPOS="1857" HPOS="345"/>
<String CONTENT="p." HEIGHT="37" WIDTH="44" VPOS="1866" HPOS="373"/>
<SP HEIGHT="42" WIDTH="60" VPOS="1853" HPOS="418"/>
<String CONTENT="illus." HEIGHT="42" WIDTH="128" VPOS="1853" HPOS="479"/>
<SP HEIGHT="41" WIDTH="58" VPOS="1854" HPOS="608"/>
<String CONTENT="19" HEIGHT="39" WIDTH="56" VPOS="1854" HPOS="667"/>
<String STYLE="superscript" CS="1" CONTENT="&#7580;&#7504;"/>
<String CONTENT="." HEIGHT="8" WIDTH="8" VPOS="1885" HPOS="775"/>
</TextLine>
<TextLine HEIGHT="113" WIDTH="1964" VPOS="1919" HPOS="117" CS="1">
<String CONTENT="&#8220;Children&#8217;s" HEIGHT="43" WIDTH="301" VPOS="1924" HPOS="189"/>
<SP HEIGHT="29" WIDTH="40" VPOS="1936" HPOS="491"/>
<String CONTENT="reference" HEIGHT="43" WIDTH="248" VPOS="1922" HPOS="532"/>
<SP HEIGHT="39" WIDTH="34" VPOS="1925" HPOS="781"/>
<String CS="1" CONTENT="list&#8221;:" HEIGHT="41" WIDTH="112" VPOS="1923" HPOS="816"/>
<SP/>
<String CONTENT="p." HEIGHT="38" WIDTH="43" VPOS="1934" HPOS="998"/>
<SP HEIGHT="41" WIDTH="39" VPOS="1923" HPOS="1042"/>
<String CS="1" CONTENT="255-256;" HEIGHT="43" WIDTH="204" VPOS="1920" HPOS="1082"/>
<SP/>
<String CONTENT="&#8220;Teachers&#8217;" HEIGHT="41" WIDTH="282" VPOS="1921" HPOS="1358"/>
<SP HEIGHT="40" WIDTH="41" VPOS="1921" HPOS="1641"/>
<String CONTENT="reference" HEIGHT="41" WIDTH="247" VPOS="1921" HPOS="1683"/>
<SP HEIGHT="39" WIDTH="38" VPOS="1922" HPOS="1931"/>
<String CS="1" CONTENT="list&#8221;:" HEIGHT="40" WIDTH="111" VPOS="1921" HPOS="1970"/>
<SP/>
<String CONTENT="p." HEIGHT="39" WIDTH="43" VPOS="1993" HPOS="117"/>
<SP HEIGHT="41" WIDTH="24" VPOS="1983" HPOS="161"/>
<String CONTENT="257." HEIGHT="44" WIDTH="100" VPOS="1981" HPOS="186"/>
</TextLine>
<TextLine HEIGHT="57" WIDTH="1992" VPOS="2046" HPOS="123" CS="1">
<String CONTENT="&#169;" HEIGHT="52" WIDTH="51" VPOS="2050" HPOS="123"/>
<SP HEIGHT="52" WIDTH="27" VPOS="2050" HPOS="175"/>
<String CONTENT="Sept." HEIGHT="51" WIDTH="127" VPOS="2052" HPOS="203"/>
<SP HEIGHT="41" WIDTH="22" VPOS="2053" HPOS="331"/>
<String CONTENT="25," HEIGHT="49" WIDTH="70" VPOS="2053" HPOS="354"/>
<SP HEIGHT="49" WIDTH="23" VPOS="2053" HPOS="425"/>
<String CS="1" CONTENT="1931;" HEIGHT="42" WIDTH="112" VPOS="2051" HPOS="449"/>
<SP/>
<String CONTENT="2c." HEIGHT="41" WIDTH="67" VPOS="2052" HPOS="616"/>
<SP HEIGHT="29" WIDTH="23" VPOS="2064" HPOS="684"/>
<String CONTENT="and" HEIGHT="40" WIDTH="96" VPOS="2053" HPOS="708"/>
<SP HEIGHT="39" WIDTH="24" VPOS="2053" HPOS="805"/>
<String CONTENT="aff." HEIGHT="43" WIDTH="82" VPOS="2051" HPOS="830"/>
<SP HEIGHT="42" WIDTH="25" VPOS="2052" HPOS="913"/>
<String CONTENT="Oct." HEIGHT="40" WIDTH="102" VPOS="2052" HPOS="939"/>
<SP HEIGHT="40" WIDTH="25" VPOS="2052" HPOS="1042"/>
<String CS="1" CONTENT="8;" HEIGHT="40" WIDTH="26" VPOS="2052" HPOS="1068"/>
<SP/>
<!-- cceid F3076A63-6E8D-1014-9CF5-AEB3FCA41D69 --><String CONTENT="A" HEIGHT="39" WIDTH="39" VPOS="2052" HPOS="1149"/>
<SP HEIGHT="39" WIDTH="24" VPOS="2052" HPOS="1189"/>
<String CS="1" CONTENT="43099;" HEIGHT="41" WIDTH="144" VPOS="2050" HPOS="1214"/>
<SP/>
<String CONTENT="L." HEIGHT="39" WIDTH="49" VPOS="2052" HPOS="1414"/>
<SP HEIGHT="41" WIDTH="24" VPOS="2051" HPOS="1464"/>
<String CONTENT="Weinberg," HEIGHT="51" WIDTH="271" VPOS="2049" HPOS="1489"/>
<SP HEIGHT="48" WIDTH="26" VPOS="2051" HPOS="1761"/>
<String CONTENT="Long" HEIGHT="47" WIDTH="133" VPOS="2051" HPOS="1788"/>
<SP HEIGHT="48" WIDTH="24" VPOS="2050" HPOS="1922"/>
<String CONTENT="Island" HEIGHT="39" WIDTH="168" VPOS="2050" HPOS="1947"/>
</TextLine>
<TextLine HEIGHT="54" WIDTH="1923" VPOS="2105" HPOS="192">
<String CONTENT="City," HEIGHT="51" WIDTH="124" VPOS="2108" HPOS="192"/>
<SP HEIGHT="46" WIDTH="27" VPOS="2110" HPOS="317"/>
<String LANG="fr" CONTENT="N." HEIGHT="40" WIDTH="57" VPOS="2110" HPOS="345"/>
<SP HEIGHT="39" WIDTH="27" VPOS="2111" HPOS="403"/>
<String CONTENT="Y.," HEIGHT="46" WIDTH="68" VPOS="2111" HPOS="431"/>
<SP HEIGHT="47" WIDTH="27" VPOS="2110" HPOS="500"/>
<String CONTENT="Zenos" HEIGHT="40" WIDTH="151" VPOS="2110" HPOS="528"/>
<SP HEIGHT="39" WIDTH="28" VPOS="2111" HPOS="680"/>
<String CONTENT="E." HEIGHT="39" WIDTH="51" VPOS="2110" HPOS="709"/>
<SP HEIGHT="40" WIDTH="30" VPOS="2109" HPOS="761"/>
<String CONTENT="Scott" HEIGHT="40" WIDTH="135" VPOS="2109" HPOS="792"/>
<SP HEIGHT="38" WIDTH="26" VPOS="2111" HPOS="928"/>
<String CONTENT="and" HEIGHT="39" WIDTH="95" VPOS="2110" HPOS="955"/>
<SP HEIGHT="39" WIDTH="29" VPOS="2110" HPOS="1051"/>
<String CONTENT="Evelyn" HEIGHT="49" WIDTH="184" VPOS="2108" HPOS="1081"/>
<SP HEIGHT="38" WIDTH="27" VPOS="2109" HPOS="1266"/>
<String CONTENT="T." HEIGHT="38" WIDTH="51" VPOS="2109" HPOS="1294"/>
<SP HEIGHT="38" WIDTH="30" VPOS="2109" HPOS="1346"/>
<String CONTENT="Holston," HEIGHT="46" WIDTH="223" VPOS="2109" HPOS="1377"/>
<SP HEIGHT="48" WIDTH="31" VPOS="2107" HPOS="1601"/>
<String CONTENT="Springfield," HEIGHT="50" WIDTH="303" VPOS="2106" HPOS="1633"/>
<SP HEIGHT="47" WIDTH="31" VPOS="2107" HPOS="1937"/>
<String CONTENT="Mass." HEIGHT="39" WIDTH="146" VPOS="2107" HPOS="1969"/>
</TextLine>
<TextLine HEIGHT="51" WIDTH="222" VPOS="2165" HPOS="201">
<String CONTENT="(32-302)" HEIGHT="51" WIDTH="222" VPOS="2165" HPOS="201"/>
</TextLine>
<TextLine HEIGHT="71" WIDTH="1166" VPOS="2269" HPOS="123" STYLEREFS="StyleId-BD7641BF-A946-454E-8CA2-D7C34F4E134E-">
<String CONTENT="White," HEIGHT="69" WIDTH="213" VPOS="2271" HPOS="123"/>
<SP HEIGHT="63" WIDTH="27" VPOS="2276" HPOS="337"/>
<String CONTENT="Mrs." HEIGHT="54" WIDTH="139" VPOS="2276" HPOS="365"/>
<SP HEIGHT="56" WIDTH="28" VPOS="2274" HPOS="505"/>
<String CONTENT="Alma" HEIGHT="54" WIDTH="173" VPOS="2273" HPOS="534"/>
<SP HEIGHT="64" WIDTH="36" VPOS="2275" HPOS="708"/>
<String CONTENT="(Bridwell)" HEIGHT="67" WIDTH="333" VPOS="2271" HPOS="745"/>
<SP HEIGHT="63" WIDTH="38" VPOS="2274" HPOS="1079"/>
<String CONTENT="1862-" HEIGHT="51" WIDTH="171" VPOS="2278" HPOS="1118"/>
</TextLine>
<TextLine HEIGHT="76" WIDTH="1888" VPOS="2347" HPOS="187" STYLEREFS="StyleId-BD7641BF-A946-454E-8CA2-D7C34F4E134E-" CS="1">
<String CONTENT="Hymns" HEIGHT="71" WIDTH="228" VPOS="2350" HPOS="187"/>
<SP HEIGHT="33" WIDTH="39" VPOS="2371" HPOS="416"/>
<String CONTENT="and" HEIGHT="51" WIDTH="112" VPOS="2353" HPOS="456"/>
<SP HEIGHT="67" WIDTH="36" VPOS="2353" HPOS="569"/>
<String CONTENT="poems," HEIGHT="51" WIDTH="209" VPOS="2369" HPOS="606"/>
<SP HEIGHT="67" WIDTH="35" VPOS="2352" HPOS="816"/>
<String CONTENT="by" HEIGHT="69" WIDTH="75" VPOS="2352" HPOS="852"/>
<SP HEIGHT="69" WIDTH="36" VPOS="2352" HPOS="928"/>
<String CONTENT="Alma" HEIGHT="53" WIDTH="173" VPOS="2351" HPOS="965"/>
<SP HEIGHT="54" WIDTH="34" VPOS="2353" HPOS="1139"/>
<String CONTENT="White" HEIGHT="57" WIDTH="196" VPOS="2350" HPOS="1174"/>
<SP HEIGHT="35" WIDTH="44" VPOS="2371" HPOS="1371"/>
<String CS="1" CONTENT="&#8230;"/>
<SP HEIGHT="52" WIDTH="79" VPOS="2353" HPOS="1471"/>
<String CONTENT="Zarephath," HEIGHT="69" WIDTH="342" VPOS="2351" HPOS="1551"/>
<SP HEIGHT="67" WIDTH="35" VPOS="2352" HPOS="1894"/>
<String LANG="fr" CONTENT="N." HEIGHT="53" WIDTH="70" VPOS="2352" HPOS="1930"/>
<SP HEIGHT="53" WIDTH="37" VPOS="2353" HPOS="2001"/>
<String CS="1" CONTENT="J.," HEIGHT="53" WIDTH="36" VPOS="2353" HPOS="2039"/>
</TextLine>
<TextLine HEIGHT="71" WIDTH="607" VPOS="2429" HPOS="118" STYLEREFS="StyleId-BD7641BF-A946-454E-8CA2-D7C34F4E134E-">
<String CONTENT="Pillar" HEIGHT="54" WIDTH="186" VPOS="2429" HPOS="118"/>
<SP HEIGHT="35" WIDTH="25" VPOS="2448" HPOS="305"/>
<String CONTENT="of" HEIGHT="54" WIDTH="65" VPOS="2429" HPOS="331"/>
<SP HEIGHT="53" WIDTH="25" VPOS="2429" HPOS="397"/>
<String CONTENT="fire," HEIGHT="69" WIDTH="117" VPOS="2430" HPOS="423"/>
<SP HEIGHT="64" WIDTH="33" VPOS="2435" HPOS="541"/>
<String CONTENT="1931." HEIGHT="50" WIDTH="150" VPOS="2433" HPOS="575"/>
</TextLine>
<TextLine HEIGHT="56" WIDTH="1146" VPOS="2506" HPOS="188" CS="1">
<String CONTENT="xi," HEIGHT="51" WIDTH="65" VPOS="2508" HPOS="188"/>
<SP HEIGHT="46" WIDTH="28" VPOS="2512" HPOS="254"/>
<String CONTENT="13-224" HEIGHT="41" WIDTH="174" VPOS="2511" HPOS="283"/>
<SP HEIGHT="48" WIDTH="24" VPOS="2512" HPOS="458"/>
<String CONTENT="p." HEIGHT="39" WIDTH="44" VPOS="2521" HPOS="483"/>
<SP HEIGHT="41" WIDTH="57" VPOS="2511" HPOS="528"/>
<String CONTENT="front.," HEIGHT="49" WIDTH="163" VPOS="2510" HPOS="586"/>
<SP HEIGHT="37" WIDTH="28" VPOS="2522" HPOS="750"/>
<String CONTENT="plates," HEIGHT="47" WIDTH="170" VPOS="2512" HPOS="779"/>
<SP HEIGHT="37" WIDTH="28" VPOS="2523" HPOS="950"/>
<String CONTENT="ports." HEIGHT="48" WIDTH="149" VPOS="2512" HPOS="979"/>
<SP HEIGHT="40" WIDTH="58" VPOS="2511" HPOS="1129"/>
<String CS="1" CONTENT="19&#189;" HEIGHT="43" WIDTH="56" VPOS="2509" HPOS="1188"/>
<String STYLE="superscript" CS="1" CONTENT="&#7580;&#7504;"/>
<String CONTENT="." HEIGHT="9" WIDTH="9" VPOS="2543" HPOS="1325"/>
</TextLine>
<TextLine HEIGHT="45" WIDTH="429" VPOS="2580" HPOS="191">
<String CONTENT="Contains" HEIGHT="44" WIDTH="235" VPOS="2580" HPOS="191"/>
<SP HEIGHT="31" WIDTH="23" VPOS="2592" HPOS="427"/>
<String CONTENT="music." HEIGHT="42" WIDTH="169" VPOS="2582" HPOS="451"/>
</TextLine>
<TextLine HEIGHT="54" WIDTH="877" VPOS="2636" HPOS="188">
<String CONTENT="Advertising" HEIGHT="51" WIDTH="316" VPOS="2637" HPOS="188"/>
<SP HEIGHT="37" WIDTH="30" VPOS="2650" HPOS="504"/>
<String CONTENT="matter:" HEIGHT="41" WIDTH="206" VPOS="2640" HPOS="534"/>
<SP HEIGHT="40" WIDTH="34" VPOS="2648" HPOS="740"/>
<String CONTENT="p." HEIGHT="37" WIDTH="42" VPOS="2651" HPOS="774"/>
<SP HEIGHT="40" WIDTH="29" VPOS="2639" HPOS="816"/>
<String CONTENT="220-224." HEIGHT="42" WIDTH="220" VPOS="2638" HPOS="845"/>
</TextLine>
<TextLine HEIGHT="59" WIDTH="1694" VPOS="2702" HPOS="129" CS="1">
<String CONTENT="&#169;" HEIGHT="52" WIDTH="51" VPOS="2706" HPOS="129"/>
<SP HEIGHT="52" WIDTH="27" VPOS="2706" HPOS="181"/>
<String CONTENT="Dec." HEIGHT="43" WIDTH="110" VPOS="2710" HPOS="209"/>
<SP HEIGHT="42" WIDTH="25" VPOS="2710" HPOS="320"/>
<String CONTENT="23," HEIGHT="48" WIDTH="70" VPOS="2710" HPOS="346"/>
<SP HEIGHT="47" WIDTH="25" VPOS="2711" HPOS="417"/>
<String CONTENT="1931;" HEIGHT="48" WIDTH="141" VPOS="2710" HPOS="443"/>
<SP HEIGHT="48" WIDTH="26" VPOS="2710" HPOS="585"/>
<String CONTENT="2c." HEIGHT="42" WIDTH="67" VPOS="2710" HPOS="612"/>
<SP HEIGHT="30" WIDTH="27" VPOS="2722" HPOS="680"/>
<String CONTENT="and" HEIGHT="40" WIDTH="93" VPOS="2712" HPOS="708"/>
<SP HEIGHT="39" WIDTH="26" VPOS="2712" HPOS="802"/>
<String CONTENT="aff." HEIGHT="40" WIDTH="83" VPOS="2711" HPOS="829"/>
<SP HEIGHT="40" WIDTH="25" VPOS="2711" HPOS="913"/>
<String CONTENT="Dec." HEIGHT="40" WIDTH="111" VPOS="2711" HPOS="939"/>
<SP HEIGHT="39" WIDTH="26" VPOS="2711" HPOS="1051"/>
<String CS="1" CONTENT="28;" HEIGHT="41" WIDTH="57" VPOS="2711" HPOS="1078"/>
<SP/>
<!-- cceid F30772E8-6E8D-1014-9CF5-AEB3FCA41D69 --><String CONTENT="A" HEIGHT="41" WIDTH="40" VPOS="2710" HPOS="1192"/>
<SP HEIGHT="40" WIDTH="23" VPOS="2710" HPOS="1233"/>
<String CONTENT="46583;" HEIGHT="47" WIDTH="172" VPOS="2711" HPOS="1257"/>
<SP HEIGHT="46" WIDTH="29" VPOS="2712" HPOS="1430"/>
<String CONTENT="Pillar" HEIGHT="41" WIDTH="155" VPOS="2711" HPOS="1460"/>
<SP HEIGHT="30" WIDTH="26" VPOS="2723" HPOS="1616"/>
<String CONTENT="of" HEIGHT="42" WIDTH="53" VPOS="2711" HPOS="1643"/>
<SP HEIGHT="41" WIDTH="23" VPOS="2710" HPOS="1697"/>
<String CONTENT="fire." HEIGHT="41" WIDTH="102" VPOS="2710" HPOS="1721"/>
</TextLine>
<TextLine HEIGHT="51" WIDTH="222" VPOS="2765" HPOS="206">
<String CONTENT="(32-555)" HEIGHT="51" WIDTH="222" VPOS="2765" HPOS="206"/>
</TextLine>
<TextLine HEIGHT="75" WIDTH="1031" VPOS="2866" HPOS="122" STYLEREFS="StyleId-517C322D-0A7C-48DA-8558-0CB201C6BF9A-">
<String CONTENT="White," HEIGHT="69" WIDTH="215" VPOS="2867" HPOS="122"/>
<SP HEIGHT="63" WIDTH="27" VPOS="2872" HPOS="338"/>
<String CONTENT="Margaret" HEIGHT="63" WIDTH="305" VPOS="2872" HPOS="366"/>
<SP HEIGHT="52" WIDTH="26" VPOS="2873" HPOS="672"/>
<String CONTENT="Bourke," HEIGHT="68" WIDTH="252" VPOS="2872" HPOS="699"/>
<SP HEIGHT="60" WIDTH="29" VPOS="2879" HPOS="952"/>
<String CONTENT="1905-" HEIGHT="49" WIDTH="171" VPOS="2878" HPOS="982"/>
</TextLine>
<TextLine HEIGHT="74" WIDTH="1866" VPOS="2946" HPOS="255" STYLEREFS="StyleId-BD7641BF-A946-454E-8CA2-D7C34F4E134E-" CS="1">
<String CS="1" CONTENT="&#8230;"/>
<SP HEIGHT="54" WIDTH="30" VPOS="2949" HPOS="255"/>
<String CONTENT="Eyes" HEIGHT="68" WIDTH="148" VPOS="2949" HPOS="286"/>
<SP HEIGHT="33" WIDTH="23" VPOS="2971" HPOS="435"/>
<String CONTENT="on" HEIGHT="34" WIDTH="73" VPOS="2970" HPOS="459"/>
<SP HEIGHT="51" WIDTH="22" VPOS="2952" HPOS="533"/>
<String CONTENT="Russia;" HEIGHT="69" WIDTH="233" VPOS="2949" HPOS="556"/>
<SP HEIGHT="47" WIDTH="26" VPOS="2970" HPOS="790"/>
<String CONTENT="with" HEIGHT="52" WIDTH="140" VPOS="2952" HPOS="817"/>
<SP HEIGHT="52" WIDTH="23" VPOS="2953" HPOS="958"/>
<String CONTENT="a" HEIGHT="33" WIDTH="31" VPOS="2972" HPOS="982"/>
<SP HEIGHT="49" WIDTH="23" VPOS="2969" HPOS="1014"/>
<String CONTENT="preface" HEIGHT="68" WIDTH="230" VPOS="2950" HPOS="1038"/>
<SP HEIGHT="52" WIDTH="22" VPOS="2954" HPOS="1269"/>
<String CONTENT="by" HEIGHT="64" WIDTH="74" VPOS="2954" HPOS="1292"/>
<SP HEIGHT="65" WIDTH="23" VPOS="2953" HPOS="1367"/>
<String CONTENT="Maurice" HEIGHT="55" WIDTH="256" VPOS="2951" HPOS="1391"/>
<SP HEIGHT="54" WIDTH="23" VPOS="2952" HPOS="1648"/>
<String CONTENT="Hindus." HEIGHT="55" WIDTH="248" VPOS="2951" HPOS="1672"/>
<SP HEIGHT="53" WIDTH="61" VPOS="2952" HPOS="1921"/>
<String CONTENT="New" HEIGHT="53" WIDTH="138" VPOS="2952" HPOS="1983"/>
</TextLine>
<TextLine HEIGHT="70" WIDTH="1040" VPOS="3027" HPOS="124" STYLEREFS="StyleId-BD7641BF-A946-454E-8CA2-D7C34F4E134E-">
<String CONTENT="York," HEIGHT="66" WIDTH="180" VPOS="3028" HPOS="124"/>
<SP HEIGHT="65" WIDTH="27" VPOS="3028" HPOS="305"/>
<String CONTENT="Simon" HEIGHT="55" WIDTH="197" VPOS="3028" HPOS="333"/>
<SP HEIGHT="33" WIDTH="26" VPOS="3049" HPOS="531"/>
<String CONTENT="and" HEIGHT="52" WIDTH="111" VPOS="3031" HPOS="558"/>
<SP HEIGHT="56" WIDTH="28" VPOS="3029" HPOS="670"/>
<String CONTENT="Schuster," HEIGHT="68" WIDTH="285" VPOS="3028" HPOS="699"/>
<SP HEIGHT="62" WIDTH="28" VPOS="3033" HPOS="985"/>
<String CONTENT="1931." HEIGHT="49" WIDTH="150" VPOS="3033" HPOS="1014"/>
</TextLine>
<TextLine HEIGHT="53" WIDTH="965" VPOS="3098" HPOS="196" CS="1">
<String CONTENT="135" HEIGHT="42" WIDTH="87" VPOS="3099" HPOS="196"/>
<SP HEIGHT="47" WIDTH="26" VPOS="3100" HPOS="284"/>
<String CONTENT="p." HEIGHT="36" WIDTH="42" VPOS="3111" HPOS="311"/>
<SP HEIGHT="39" WIDTH="59" VPOS="3100" HPOS="354"/>
<String CONTENT="front.," HEIGHT="48" WIDTH="163" VPOS="3100" HPOS="414"/>
<SP HEIGHT="38" WIDTH="28" VPOS="3110" HPOS="578"/>
<String CONTENT="plates," HEIGHT="48" WIDTH="171" VPOS="3100" HPOS="607"/>
<SP HEIGHT="37" WIDTH="27" VPOS="3112" HPOS="779"/>
<String CONTENT="ports." HEIGHT="46" WIDTH="148" VPOS="3103" HPOS="807"/>
<SP HEIGHT="39" WIDTH="58" VPOS="3100" HPOS="956"/>
<String CS="1" CONTENT="28&#189;&#7580;&#7504;." HEIGHT="43" WIDTH="146" VPOS="3100" HPOS="1015"/>
</TextLine>
<TextLine HEIGHT="53" WIDTH="1161" VPOS="3168" HPOS="197" CS="1">
<String CONTENT="At" HEIGHT="41" WIDTH="64" VPOS="3170" HPOS="197"/>
<SP HEIGHT="40" WIDTH="26" VPOS="3170" HPOS="262"/>
<String CONTENT="head" HEIGHT="41" WIDTH="124" VPOS="3170" HPOS="289"/>
<SP HEIGHT="39" WIDTH="27" VPOS="3172" HPOS="414"/>
<String CONTENT="of" HEIGHT="39" WIDTH="52" VPOS="3171" HPOS="442"/>
<SP HEIGHT="40" WIDTH="27" VPOS="3171" HPOS="495"/>
<String CS="1" CONTENT="title:" HEIGHT="41" WIDTH="108" VPOS="3170" HPOS="523"/>
<SP/>
<String CONTENT="Margaret" HEIGHT="49" WIDTH="250" VPOS="3171" HPOS="689"/>
<SP HEIGHT="41" WIDTH="26" VPOS="3172" HPOS="940"/>
<String CONTENT="Bourke-White." HEIGHT="43" WIDTH="391" VPOS="3171" HPOS="967"/>
</TextLine>
<TextLine HEIGHT="108" WIDTH="1977" VPOS="3224" HPOS="129" CS="1">
<String CONTENT="&#8220;This" HEIGHT="40" WIDTH="146" VPOS="3227" HPOS="200"/>
<SP HEIGHT="39" WIDTH="32" VPOS="3228" HPOS="347"/>
<String CONTENT="book" HEIGHT="40" WIDTH="123" VPOS="3228" HPOS="380"/>
<SP HEIGHT="39" WIDTH="31" VPOS="3228" HPOS="504"/>
<String CONTENT="records," HEIGHT="46" WIDTH="208" VPOS="3229" HPOS="536"/>
<SP HEIGHT="37" WIDTH="33" VPOS="3239" HPOS="745"/>
<String CONTENT="partly" HEIGHT="48" WIDTH="165" VPOS="3229" HPOS="779"/>
<SP HEIGHT="48" WIDTH="30" VPOS="3229" HPOS="945"/>
<String CONTENT="in" HEIGHT="39" WIDTH="51" VPOS="3229" HPOS="976"/>
<SP HEIGHT="29" WIDTH="33" VPOS="3239" HPOS="1028"/>
<String CONTENT="words," HEIGHT="48" WIDTH="173" VPOS="3229" HPOS="1062"/>
<SP HEIGHT="37" WIDTH="33" VPOS="3240" HPOS="1236"/>
<String CONTENT="partly" HEIGHT="47" WIDTH="164" VPOS="3230" HPOS="1270"/>
<SP HEIGHT="48" WIDTH="32" VPOS="3229" HPOS="1435"/>
<String CONTENT="in" HEIGHT="39" WIDTH="51" VPOS="3229" HPOS="1468"/>
<SP HEIGHT="39" WIDTH="31" VPOS="3238" HPOS="1520"/>
<String CONTENT="photographs," HEIGHT="50" WIDTH="345" VPOS="3228" HPOS="1552"/>
<SP HEIGHT="35" WIDTH="34" VPOS="3240" HPOS="1898"/>
<String CONTENT="my" HEIGHT="37" WIDTH="80" VPOS="3240" HPOS="1933"/>
<SP HEIGHT="37" WIDTH="32" VPOS="3240" HPOS="2014"/>
<String CONTENT="experiences" HEIGHT="92" WIDTH="1977" VPOS="3240" HPOS="129"/>
</TextLine>
<TextLine HEIGHT="53" WIDTH="1714" VPOS="3281" HPOS="411">
<String CONTENT="in" HEIGHT="39" WIDTH="50" VPOS="3284" HPOS="411"/>
<SP HEIGHT="38" WIDTH="37" VPOS="3286" HPOS="462"/>
<String CONTENT="the" HEIGHT="39" WIDTH="82" VPOS="3285" HPOS="500"/>
<SP HEIGHT="30" WIDTH="35" VPOS="3295" HPOS="583"/>
<String CONTENT="soviet" HEIGHT="43" WIDTH="156" VPOS="3284" HPOS="619"/>
<SP HEIGHT="38" WIDTH="34" VPOS="3288" HPOS="776"/>
<String CONTENT="union" HEIGHT="40" WIDTH="148" VPOS="3286" HPOS="811"/>
<SP HEIGHT="39" WIDTH="37" VPOS="3287" HPOS="960"/>
<String CONTENT="during" HEIGHT="47" WIDTH="177" VPOS="3286" HPOS="998"/>
<SP HEIGHT="44" WIDTH="36" VPOS="3289" HPOS="1176"/>
<String CONTENT="the" HEIGHT="42" WIDTH="82" VPOS="3286" HPOS="1213"/>
<SP HEIGHT="29" WIDTH="37" VPOS="3297" HPOS="1296"/>
<String CONTENT="summer" HEIGHT="31" WIDTH="211" VPOS="3296" HPOS="1334"/>
<SP HEIGHT="29" WIDTH="37" VPOS="3296" HPOS="1546"/>
<String CONTENT="of" HEIGHT="39" WIDTH="51" VPOS="3286" HPOS="1584"/>
<SP HEIGHT="40" WIDTH="35" VPOS="3286" HPOS="1636"/>
<String CONTENT="1980.&#8221;&#8212;Author&#8217;s" HEIGHT="45" WIDTH="453" VPOS="3283" HPOS="1672"/>
</TextLine>
<TextLine HEIGHT="39" WIDTH="124" VPOS="3343" HPOS="126">
<String CONTENT="note." HEIGHT="39" WIDTH="124" VPOS="3343" HPOS="126"/>
</TextLine>
<TextLine HEIGHT="62" WIDTH="1991" VPOS="3403" HPOS="132" CS="1">
<String CONTENT="&#169;" HEIGHT="52" WIDTH="51" VPOS="3407" HPOS="132"/>
<SP HEIGHT="52" WIDTH="35" VPOS="3407" HPOS="184"/>
<String CONTENT="Dec." HEIGHT="42" WIDTH="110" VPOS="3410" HPOS="220"/>
<SP HEIGHT="37" WIDTH="37" VPOS="3413" HPOS="331"/>
<String CONTENT="1," HEIGHT="46" WIDTH="39" VPOS="3413" HPOS="369"/>
<SP HEIGHT="45" WIDTH="36" VPOS="3414" HPOS="409"/>
<String CS="1" CONTENT="1931;" HEIGHT="41" WIDTH="113" VPOS="3411" HPOS="446"/>
<SP/>
<String CONTENT="2c." HEIGHT="41" WIDTH="66" VPOS="3412" HPOS="624"/>
<SP HEIGHT="29" WIDTH="37" VPOS="3424" HPOS="691"/>
<String CONTENT="and" HEIGHT="39" WIDTH="93" VPOS="3415" HPOS="729"/>
<SP HEIGHT="39" WIDTH="37" VPOS="3415" HPOS="823"/>
<String CONTENT="aff." HEIGHT="41" WIDTH="81" VPOS="3413" HPOS="861"/>
<SP HEIGHT="38" WIDTH="36" VPOS="3414" HPOS="943"/>
<String CONTENT="Dec." HEIGHT="39" WIDTH="112" VPOS="3414" HPOS="980"/>
<SP HEIGHT="40" WIDTH="37" VPOS="3413" HPOS="1093"/>
<String CS="1" CONTENT="5;" HEIGHT="40" WIDTH="25" VPOS="3413" HPOS="1131"/>
<SP/>
<String CONTENT="aff." HEIGHT="40" WIDTH="82" VPOS="3413" HPOS="1223"/>
<SP HEIGHT="39" WIDTH="36" VPOS="3414" HPOS="1306"/>
<String CONTENT="Dec." HEIGHT="39" WIDTH="111" VPOS="3414" HPOS="1343"/>
<SP HEIGHT="38" WIDTH="35" VPOS="3415" HPOS="1455"/>
<String CS="1" CONTENT="4;" HEIGHT="38" WIDTH="27" VPOS="3415" HPOS="1491"/>
<SP/>
<!-- cceid F3077AE0-6E8D-1014-9CF5-AEB3FCA41D69 --><String CONTENT="A" HEIGHT="39" WIDTH="41" VPOS="3413" HPOS="1584"/>
<SP HEIGHT="41" WIDTH="34" VPOS="3413" HPOS="1626"/>
<String CS="1" CONTENT="46196;" HEIGHT="43" WIDTH="147" VPOS="3412" HPOS="1661"/>
<SP/>
<String CONTENT="Margaret" HEIGHT="47" WIDTH="250" VPOS="3414" HPOS="1873"/>
</TextLine>
<TextLine HEIGHT="56" WIDTH="1060" VPOS="3465" HPOS="199">
<String CONTENT="Bourke-White," HEIGHT="51" WIDTH="390" VPOS="3467" HPOS="199"/>
<SP HEIGHT="47" WIDTH="29" VPOS="3470" HPOS="590"/>
<String CONTENT="New" HEIGHT="41" WIDTH="117" VPOS="3469" HPOS="620"/>
<SP HEIGHT="39" WIDTH="26" VPOS="3470" HPOS="738"/>
<String CONTENT="York." HEIGHT="39" WIDTH="143" VPOS="3470" HPOS="765"/>
<SP HEIGHT="49" WIDTH="69" VPOS="3469" HPOS="909"/>
<String CONTENT="(31-28578)" HEIGHT="51" WIDTH="280" VPOS="3468" HPOS="979"/>
</TextLine>
<TextLine HEIGHT="77" WIDTH="1996" VPOS="3565" HPOS="125" STYLEREFS="StyleId-F7CA6C37-0FFC-4E4A-B706-909F5E8590C2-">
<String CONTENT="White" HEIGHT="57" WIDTH="197" VPOS="3568" HPOS="125"/>
<SP HEIGHT="54" WIDTH="53" VPOS="3570" HPOS="323"/>
<String CONTENT="house" HEIGHT="55" WIDTH="182" VPOS="3570" HPOS="377"/>
<SP HEIGHT="36" WIDTH="53" VPOS="3589" HPOS="560"/>
<String CONTENT="conference" HEIGHT="54" WIDTH="344" VPOS="3573" HPOS="614"/>
<SP HEIGHT="37" WIDTH="50" VPOS="3589" HPOS="959"/>
<String CONTENT="on" HEIGHT="36" WIDTH="72" VPOS="3590" HPOS="1010"/>
<SP HEIGHT="36" WIDTH="54" VPOS="3591" HPOS="1083"/>
<String CONTENT="child" HEIGHT="54" WIDTH="153" VPOS="3573" HPOS="1138"/>
<SP HEIGHT="51" WIDTH="54" VPOS="3574" HPOS="1292"/>
<String CONTENT="health" HEIGHT="53" WIDTH="203" VPOS="3573" HPOS="1347"/>
<SP HEIGHT="52" WIDTH="53" VPOS="3574" HPOS="1551"/>
<String CONTENT="and" HEIGHT="52" WIDTH="113" VPOS="3574" HPOS="1605"/>
<SP HEIGHT="64" WIDTH="55" VPOS="3574" HPOS="1719"/>
<String CONTENT="protection." HEIGHT="65" WIDTH="347" VPOS="3573" HPOS="1774"/>
</TextLine>
<TextLine HEIGHT="76" WIDTH="1930" VPOS="3646" HPOS="194" STYLEREFS="StyleId-56DEACCE-A051-4160-8467-34E5F7A6938A-" CS="1">
<String CONTENT="Sect." HEIGHT="55" WIDTH="148" VPOS="3649" HPOS="194"/>
<SP HEIGHT="33" WIDTH="46" VPOS="3667" HPOS="343"/>
<String CS="1" CONTENT="III."/>
<SP HEIGHT="52" WIDTH="48" VPOS="3651" HPOS="476"/>
<String CONTENT="Education" HEIGHT="57" WIDTH="326" VPOS="3649" HPOS="525"/>
<SP HEIGHT="34" WIDTH="43" VPOS="3671" HPOS="852"/>
<String CONTENT="and" HEIGHT="52" WIDTH="117" VPOS="3654" HPOS="896"/>
<SP HEIGHT="52" WIDTH="46" VPOS="3654" HPOS="1014"/>
<String CONTENT="training." HEIGHT="68" WIDTH="270" VPOS="3651" HPOS="1061"/>
<SP HEIGHT="53" WIDTH="75" VPOS="3652" HPOS="1332"/>
<String CONTENT="Committee" HEIGHT="56" WIDTH="336" VPOS="3651" HPOS="1408"/>
<SP HEIGHT="36" WIDTH="48" VPOS="3671" HPOS="1745"/>
<String CONTENT="on" HEIGHT="35" WIDTH="74" VPOS="3672" HPOS="1794"/>
<SP HEIGHT="35" WIDTH="43" VPOS="3672" HPOS="1869"/>
<String CONTENT="special" HEIGHT="64" WIDTH="211" VPOS="3654" HPOS="1913"/>
</TextLine>
<TextLine HEIGHT="59" WIDTH="217" VPOS="3722" HPOS="196" STYLEREFS="StyleId-56DEACCE-A051-4160-8467-34E5F7A6938A-">
<String CONTENT="classes." HEIGHT="59" WIDTH="217" VPOS="3722" HPOS="196"/>
</TextLine>
<TextLine HEIGHT="80" WIDTH="1922" VPOS="3798" HPOS="200" STYLEREFS="StyleId-BD7641BF-A946-454E-8CA2-D7C34F4E134E-" CS="1">
<String CONTENT="Special" HEIGHT="70" WIDTH="225" VPOS="3801" HPOS="200"/>
<SP HEIGHT="51" WIDTH="24" VPOS="3806" HPOS="426"/>
<String CONTENT="education," HEIGHT="61" WIDTH="316" VPOS="3803" HPOS="451"/>
<SP HEIGHT="51" WIDTH="23" VPOS="3812" HPOS="768"/>
<String CONTENT="the" HEIGHT="53" WIDTH="95" VPOS="3806" HPOS="792"/>
<SP HEIGHT="53" WIDTH="23" VPOS="3806" HPOS="888"/>
<String CONTENT="handicapped" HEIGHT="68" WIDTH="399" VPOS="3805" HPOS="912"/>
<SP HEIGHT="51" WIDTH="25" VPOS="3809" HPOS="1312"/>
<String CONTENT="and" HEIGHT="52" WIDTH="112" VPOS="3809" HPOS="1338"/>
<SP HEIGHT="52" WIDTH="22" VPOS="3809" HPOS="1451"/>
<String CONTENT="the" HEIGHT="53" WIDTH="96" VPOS="3808" HPOS="1474"/>
<SP HEIGHT="48" WIDTH="23" VPOS="3825" HPOS="1571"/>
<String CS="1" CONTENT="gifted;" HEIGHT="68" WIDTH="188" VPOS="3805" HPOS="1595"/>
<SP/>
<String CONTENT="report" HEIGHT="61" WIDTH="195" VPOS="3813" HPOS="1839"/>
<SP HEIGHT="50" WIDTH="24" VPOS="3813" HPOS="2035"/>
<String CONTENT="of" HEIGHT="54" WIDTH="62" VPOS="3809" HPOS="2060"/>
</TextLine>
<TextLine HEIGHT="83" WIDTH="1995" VPOS="3874" HPOS="127" STYLEREFS="StyleId-BD7641BF-A946-454E-8CA2-D7C34F4E134E-" CS="1">
<String CONTENT="the" HEIGHT="56" WIDTH="94" VPOS="3878" HPOS="127"/>
<SP HEIGHT="56" WIDTH="35" VPOS="3880" HPOS="222"/>
<String CONTENT="Committee" HEIGHT="56" WIDTH="335" VPOS="3880" HPOS="258"/>
<SP HEIGHT="34" WIDTH="32" VPOS="3902" HPOS="594"/>
<String CONTENT="on" HEIGHT="34" WIDTH="72" VPOS="3902" HPOS="627"/>
<SP HEIGHT="34" WIDTH="29" VPOS="3902" HPOS="700"/>
<String CONTENT="special" HEIGHT="68" WIDTH="208" VPOS="3882" HPOS="730"/>
<SP HEIGHT="52" WIDTH="32" VPOS="3884" HPOS="939"/>
<String CONTENT="classes," HEIGHT="65" WIDTH="217" VPOS="3884" HPOS="972"/>
<SP HEIGHT="66" WIDTH="34" VPOS="3883" HPOS="1190"/>
<String CONTENT="Charles" HEIGHT="56" WIDTH="236" VPOS="3883" HPOS="1225"/>
<SP HEIGHT="54" WIDTH="33" VPOS="3885" HPOS="1462"/>
<String CONTENT="Scott" HEIGHT="54" WIDTH="159" VPOS="3885" HPOS="1496"/>
<SP HEIGHT="52" WIDTH="33" VPOS="3887" HPOS="1656"/>
<String CONTENT="Berry," HEIGHT="68" WIDTH="200" VPOS="3886" HPOS="1690"/>
<SP HEIGHT="51" WIDTH="31" VPOS="3902" HPOS="1891"/>
<String CS="1" CONTENT="PH."/>
<SP/>
<String CS="1" CONTENT="D.," HEIGHT="24" WIDTH="10" VPOS="3929" HPOS="2112"/>
</TextLine>
</TextBlock>
</PrintSpace>
</Page>
</Layout>
</alto>