2428 4370
1036 4024 133 56 1607

135 501 361 50 1147 p. 19 ᶜᵐ .
136 561 62 39 At
226 558 123 41 head
375 557 53 41 of
450 555 136 43 title:
618 553 171 44 Edited
819 555 60 48 by
908 552 216 49 Dorothy
1153 553 49 40 L.
1234 552 188 47 Sayers.

74 620 1987 59 © 1c. Sept. 14, 1931; A ad int. 15496; pubd. July 13; Coward-McCann,
141 687 104 46 inc.,
268 690 121 39 New
415 686 143 39 York.
629 681 278 50 (31-29827)

73 792 275 65 Schleier,
377 791 178 54 Louis
582 789 241 66 Martin,
855 794 171 50 1894-

143 873 293 53 Problems
478 872 61 51 in
581 871 95 52 the
714 868 258 69 training
1013 869 64 52 of
1120 867 213 52 certain
1378 865 379 68 special-class
1800 866 270 66 teachers,

74 942 1997 78 by Louis M. Schleier … New York city, Teachers college,
78 1029 295 54 Columbia
405 1024 335 69 university,
772 1026 147 51 1931.

147 1109 79 45 vii,
254 1108 84 39 138
363 1118 42 37 p.
468 1104 145 42 23½ᶜᵐ.
685 1104 261 48 (Teachers
974 1103 190 47 college,
1194 1101 252 41 Columbia
1474 1101 285 48 university.
76 1100 1979 106 Contributions
232 1167 48 38 to
310 1162 270 48 education,
610 1172 74 29 no.
714 1162 108 46 475)

147 1220 260 40 Published
438 1220 102 39 also
571 1229 54 29 as
655 1218 150 40 thesis
847 1219 13 45 (PH.
1037 1217 12 43 D.)
1092 1215 248 41 Columbia
1375 1215 283 47 university.

145 1275 347 49 Bibliography
511 1287 8 28 :
554 1286 42 37 p.
631 1274 156 41 79-91.

82 1344 50 53 ©
167 1348 114 47 July
315 1347 38 48 5,
389 1345 139 48 1931;
563 1346 66 39 2c.
663 1347 120 45 Aug.
816 1345 82 46 20;
935 1344 82 41 aff.
1051 1345 118 46 Aug.
1205 1343 81 47 18;
1324 1344 40 37 A
1397 1342 172 47 41169;
1606 1342 240 40 Teachers
1881 1342 191 47 college,

148 1403 251 42 Columbia
428 1402 284 47 university.
784 1400 278 48 (31-29670)

83 1495 322 65 Sedgwick,
434 1496 206 62 Henry
669 1493 261 65 Dwight,
963 1499 170 50 1861-

150 1572 206 54 Alfred
387 1572 66 53 de
480 1572 233 67 Musset,
742 1570 326 69 1810-1857,
1097 1591 28 33 a
1157 1570 319 68 biography
1505 1570 74 70 by
1608 1570 201 68 Henry
1838 1567 240 70 Dwight

79 1647 1971 72 Sedgwick … Indianapolis, The Bobbs-Merrill company [ ᶜ1 931]
148 1730 741 49 343 p. front., ports. 24 ᶜᵐ .
152 1788 161 40 “First
343 1786 227 42 edition.”

151 1844 167 40 “Brief
348 1841 365 50 bibliography”
733 1853 10 28 :
777 1853 40 37 p.
854 1841 247 51 [327]-330.

87 1912 50 51 ©
168 1916 101 40 Oct.
298 1917 39 45 7,
367 1914 113 40 1931;
537 1914 66 41 2c.
634 1916 94 38 and
759 1912 79 43 aff.
870 1914 101 40 Oct.
1002 1913 58 40 10;
1116 1914 40 39 A
1184 1913 145 41 43165;
1390 1915 369 39 Bobbs-Merrill
1789 1926 66 29 co.

164 1971 280 50 (31-29759)

86 2065 235 64 Seidlin,
357 2065 239 65 Joseph,
635 2070 169 50 1892-

154 2142 55 52 A
233 2142 221 54 critical
479 2143 172 67 study
675 2141 66 54 of
764 2142 97 53 the
883 2141 268 70 teaching
1174 2141 65 54 of
1263 2142 347 69 elementary
1636 2143 211 68 college
90 2142 1972 146 mathematics,

325 2219 1763 70 by Joseph Seidlin … New York city, Teachers college,
90 2297 297 54 Columbia
413 2297 337 70 university,
779 2300 150 51 1931.

157 2378 1929 51 viii p., 1 l., 107 p. illus., diagrs. 23½ ᶜᵐ . (Teachers college, Columbia
91 2437 279 47 university.
433 2437 365 40 Contributions
827 2439 50 38 to
902 2435 272 48 education,
1202 2447 74 29 no.
1304 2437 112 45 482)

160 2493 260 41 Published
445 2495 103 39 also
574 2504 53 29 as
653 2493 152 41 thesis
839 2494 15 48 (PH.
1024 2493 14 47 D.)
1072 2492 252 42 Columbia
1352 2493 284 49 university.

97 2558 50 53 ©
181 2565 115 46 July
327 2564 39 48 3,
401 2563 111 41 1931;
575 2564 68 40 2c.
676 2565 118 47 Aug.
828 2563 59 39 20;
948 2563 82 41 aff.
1063 2564 121 46 Aug.
1219 2563 59 40 18;
1338 2564 41 38 A
1410 2564 147 40 41157;
1620 2564 239 40 Teachers
1896 2564 191 49 college,

162 2621 249 40 Columbia
437 2621 285 47 university.
792 2620 281 49 (31-29644)

94 2714 226 64 Singer,
356 2715 244 54 Charles
634 2715 238 63 Joseph,
909 2716 171 53 1876-

163 2791 118 52 The
311 2796 158 64 story
499 2790 65 53 of
592 2791 186 70 living
805 2789 196 71 things;
1064 2809 31 34 a
1124 2790 160 54 short
1314 2797 239 47 account
1581 2790 64 54 of
1674 2793 95 52 the
1800 2792 291 54 evolution

95 2868 1998 70 of the biological sciences, by Charles Singer … New York
96 2947 110 52 and
233 2947 257 64 London,
518 2946 234 68 Harper
778 2948 45 50 &
849 2946 280 63 brothers,
1158 2949 152 50 1931.

300 3028 1272 49 xxxv, 572 p. incl. front. (port.) illus., diagrs. 23 ᶜᵐ .
169 3086 160 39 “First
353 3084 226 41 edition.”

169 3140 1924 53 “His Short history of medicine … is, in some degree, a companion
100 3200 185 38 volume
312 3201 48 37 to
388 3196 336 41 this.”—Pref.

169 3255 259 40 Published
460 3254 50 39 in
542 3254 221 47 England
795 3254 153 39 under
980 3253 108 40 title
1106 3264 10 28 :
1152 3254 39 39 A
1221 3254 137 40 short
1390 3254 189 48 history
1610 3256 53 39 of
1693 3256 204 49 biology.

108 3321 50 52 ©
189 3326 125 48 Sept.
342 3326 69 48 15,
439 3324 113 41 1931;
609 3324 66 40 2c.
706 3324 100 40 Oct.
835 3325 25 38 1;
917 3324 83 41 aff.
1030 3324 101 40 Oct.
1160 3325 27 40 3;
1244 3324 43 39 A
1312 3324 147 41 43047;
1516 3327 194 48 Harper
1738 3328 39 40 &
1803 3328 124 41 bros.

182 3382 277 47 (31-29639)

107 3475 346 65 Sparkman,
484 3474 198 65 Colley
709 3474 336 65 Fredward,
1076 3481 173 50 1885-

173 3552 327 70 Beginning
556 3551 267 70 Spanish,
876 3551 259 71 training
1188 3552 94 54 for
1337 3554 257 71 reading,
1645 3556 76 69 by
1777 3558 199 70 Colley
2029 3562 66 53 F.

108 3629 1963 146 Sparkman … and Carlos Castillo … Chicago, Ill., The University
342 3707 752 69 of Chicago press [ ᶜ1 931]
179 3787 1857 56 xxiii, 193 p. illus. 20 ᶜᵐ . (Half-title: The Chicago Spanish series)
179 3845 112 48 Map
317 3856 59 29 on
402 3844 362 49 lining-papers.

115 3908 50 51 ©
193 3914 124 49 Sept.
343 3916 38 46 8,
407 3915 113 41 1931;
575 3915 65 40 2c.
669 3915 101 41 Oct.
796 3915 53 40 12;
905 3916 81 40 aff.
1015 3916 101 41 Oct.
1141 3915 27 41 9;
1222 3917 42 39 A
1288 3917 171 47 44083;
1488 3919 283 50 University
1797 3923 51 39 of
1876 3921 224 52 Chicago,

182 3969 218 51 Chicago.
474 3971 280 50 (31-29779)
