2575 4398
1342 4077 69 57 70

423 489 1399 50 xi, 598 p. front., illus. (incl. ports.) maps. 19½ ᶜᵐ .
425 548 134 40 “List
588 548 50 40 of
667 547 177 40 books”
865 557 9 29 :
909 557 43 38 p.
980 547 125 40 v-vi.

361 614 51 53 ©
443 619 111 40 Jan.
583 618 69 47 26,
682 615 142 49 1931;
855 617 68 40 2c.
954 618 96 39 and
1080 617 82 40 aff.
1192 617 110 40 Jan.
1331 616 84 48 28;
1447 616 43 39 A
1517 616 173 48 33367;
1722 616 140 48 Benj.
1893 617 61 40 H.
1988 616 222 41 Sanborn
2240 616 37 40 &
2306 626 67 31 co.

439 675 251 50 (31-2763)

361 771 301 65 Flaubert,
694 771 284 64 Gustave,
1013 776 327 49 1821-1880.

426 846 1946 73 The temptation of Saint Antony [by] Gustave Flaubert;
359 929 160 52 wood
555 927 348 70 engravings
937 928 75 69 by
1048 927 115 53 Ilse
1199 927 275 53 Bischoff.
1546 928 141 52 New
1724 926 182 69 York,
1940 926 49 53 I.
2025 926 351 56 Washburn,

360 1009 150 49 1930.

425 1085 1508 51 5 p. l. , 3-253, [1] p., 1 l. front., illus., plates. 24½ᶜᵐ.
428 1142 1949 50 “Of this edition … there have been printed on water-marked rag
357 1209 161 39 paper,
567 1202 96 38 two
711 1201 247 40 thousand
1007 1199 175 49 copies,
1231 1201 83 40 the
1363 1200 333 41 illustrations
1745 1200 79 40 for
1871 1199 161 41 which
2081 1200 126 40 have
2254 1199 122 41 been

357 1256 193 47 printed
579 1256 128 41 from
741 1257 82 41 the
853 1257 213 47 original
1097 1258 137 39 wood
1266 1256 338 48 engravings.”

770 1313 102 41 CONTENTS.—The
911 1313 295 48 temptation
1245 1313 53 41 of
1338 1313 141 42 Saint
1515 1313 376 49 Antony.—The
1930 1314 172 47 legend
2141 1312 53 41 of
2237 1311 142 43 Saint

370 1369 171 41 Julian.

365 1423 51 53 ©
451 1427 129 50 Sept.
611 1426 69 51 19,
713 1426 141 50 1930;
887 1427 56 42 2c.
988 1428 111 41 Jan.
1130 1428 69 50 26,
1233 1427 142 50 1931;
1409 1427 82 42 aff.
1525 1429 111 42 Jan.
1667 1427 84 50 24;
1785 1429 43 40 A
1858 1427 173 50 32994;
2068 1429 110 40 Ives
434 1426 1928 109 Washburn,

603 1487 91 40 inc.
759 1482 71 53 [©
859 1486 348 50 illustrations]
1283 1485 254 52 (31-2791)

364 1582 217 64 Frank,
611 1581 224 54 Robert
866 1582 223 65 Tilden,
1125 1585 171 53 1875-

430 1657 445 71 Gynecological
907 1661 114 52 and
1053 1660 329 53 obstetrical
1415 1662 336 68 pathology,
1783 1659 301 70 including
2114 1660 267 68 chapters

359 1755 72 34 on
476 1738 98 52 the
615 1738 225 52 normal
885 1738 291 70 histology
1222 1739 115 53 and
1382 1740 98 52 the
1525 1738 346 70 physiology
1916 1738 66 54 of
2027 1740 96 51 the
2171 1737 210 54 female

359 1815 1959 71 genital tract, and the peritoneum, by Robert Tilden Frank …
360 1895 72 52 2d
467 1895 107 52 enl.
610 1895 113 52 and
757 1913 114 35 rev.
907 1895 85 53 ed.
1028 1895 141 53 with
1203 1898 101 49 423
1338 1895 403 69 illustrations,
1775 1897 102 53 307
1913 1896 65 53 of
2012 1895 188 54 which
2238 1914 143 34 were

360 1974 201 52 drawn
595 1973 75 70 by
705 1975 97 53 the
837 1973 223 54 author.
1137 1974 139 54 New
1312 1974 181 69 York,
1526 1974 263 70 London,
1823 1975 72 54 D.
1931 1975 300 69 Appleton
2266 1975 110 54 and

361 2070 299 53 company,
690 2055 152 51 1931.

431 2135 870 50 XX p., 1 l., 547 p. illus. 25½ ᶜᵐ .
435 2192 338 42 “Literature”
815 2196 54 38 at
907 2194 93 39 end
1039 2193 52 41 of
1130 2194 119 39 each
1289 2194 203 48 chapter
1531 2195 171 47 except
1743 2195 83 40 the
1864 2194 122 42 first.

369 2249 51 52 ©
455 2253 110 40 Jan.
597 2251 71 49 23,
700 2250 143 49 1931;
877 2250 67 41 2c.
980 2251 110 40 Jan.
1122 2251 83 47 26;
1242 2250 82 41 aff.
1359 2251 112 40 Feb.
1504 2250 54 49 2;
1594 2251 43 39 A
1668 2251 172 48 33346;
1877 2252 58 40 D.
1969 2252 246 48 Appleton
2245 2253 39 40 &
2314 2263 69 30 co.

446 2309 252 49 (31-2813)

367 2406 210 64 Garth,
613 2405 260 53 Thomas
907 2405 253 64 Russell,
1198 2407 171 54 1872-

434 2483 149 53 Race
625 2482 380 71 psychology;
1050 2503 31 34 a
1122 2482 173 71 study
1337 2481 63 54 of
1441 2482 178 55 racial
1662 2484 211 53 mental
1919 2482 349 70 differences,
2309 2484 73 70 by

363 2559 1996 137 Thomas Russell Garth … with an introduction by R. S. Woodworth.
628 2640 137 53 New
798 2640 181 69 York,
1008 2639 343 70 Whittlesey
1378 2640 192 69 house,
1598 2639 431 56 McGraw-Hill
2058 2640 149 54 book
367 2659 1991 129 company,
562 2718 128 72 inc.,
721 2722 151 50 1931.

435 2800 97 48 xiv,
559 2799 88 41 260
676 2810 42 37 p.
779 2800 181 47 diagrs.
1022 2799 118 42 21ᶜᵐ.
1257 2797 131 51 $2.50

437 2857 164 41 “First
628 2855 229 43 edition.”

438 2914 352 49 Bibliography
809 2924 9 29 :
849 2924 43 38 p.
923 2913 218 41 222-232.

372 2971 52 52 ©
455 2976 110 40 Jan.
596 2974 69 49 16,
697 2973 141 47 1931;
870 2973 67 40 2c.
970 2973 110 40 Jan.
1111 2972 82 47 19;
1227 2971 83 41 aff.
1341 2972 112 41 Jan.
1483 2971 83 49 22;
1599 2973 41 38 A
1669 2970 173 50 32946;
1877 2971 355 42 McGraw-Hill
2262 2973 124 40 book

439 3042 80 38 co.,
562 3033 92 40 inc.
725 3030 252 50 (31-2665)

369 3128 246 65 George,
646 3127 233 54 Marian
910 3128 98 64 M.,
1042 3132 172 50 1865-

437 3205 54 53 A
513 3204 150 54 little
686 3204 241 70 journey
952 3210 58 47 to
1032 3204 278 67 Holland,
1334 3203 268 69 Belgium
1626 3203 113 53 and
1763 3204 309 54 Denmark.
2132 3203 138 55 Rev.
2298 3204 83 54 ed.

373 3285 84 68 By
488 3283 231 53 Marian
750 3283 78 52 M.
866 3281 220 70 George
1117 3283 114 53 and
1262 3282 81 52 M.
1379 3282 107 55 Ida
1519 3281 177 55 Dean.
1768 3281 270 69 Chicago,
2070 3281 70 54 A.
366 3281 1993 149 Flanagan

506 3379 298 52 company,
835 3363 151 50 1931.

438 3444 26 39 3
500 3453 43 37 p.
612 3473 9 17 l.,
662 3441 176 51 [3]-210
872 3452 42 38 p.
950 3441 111 41 incl.
1097 3441 145 48 illus.,
1275 3441 173 48 plates.
1509 3440 147 42 19½ᶜᵐ.
1727 3440 254 48 (Lettered
2017 3453 62 31 on
2113 3451 165 33 cover:
369 3439 1999 108 Library

543 3499 54 41 of
624 3497 185 49 travel)

441 3556 235 42 Contains
706 3554 169 42 music.

374 3613 51 53 ©
457 3617 109 41 Jan.
595 3617 69 47 13,
695 3615 141 48 1931;
867 3614 67 42 2c.
965 3615 110 40 Jan.
1105 3613 55 40 19;
1219 3613 83 42 aff.
1333 3613 110 40 Jan.
1474 3613 55 39 15;
1587 3612 42 40 A
1657 3612 148 42 32867;
1862 3611 55 42 A.
1949 3612 254 49 Flanagan
2233 3621 69 32 co.

451 3673 252 51 (31-2579)

372 3769 248 64 Gifford,
651 3768 226 55 Walter
907 3769 175 62 John,
1116 3773 172 49 1884-

438 3840 1885 74 Problems in educational psychology, by Walter J. Gifford …
369 3919 2012 74 and Clyde P. Shorts … Garden City, N. Y., Doubleday, Doran
367 4001 738 70 & company, inc. [ ᶜ193 1 ]
