<alto xmlns="http://www.loc.gov/standards/alto/ns-v3#" xmlns:xlink="http://www.w3.org/1999/xlink" xmlns:xsi="http://www.w3.org/2001/XMLSchema-instance" xsi:schemaLocation="http://www.loc.gov/standards/alto/ns-v3# http://www.loc.gov/alto/v3/alto-3-0.xsd"><Description>
<MeasurementUnit>pixel</MeasurementUnit>
<sourceImageInformation>
<fileName>1931_v28_Part001.pdf</fileName>
</sourceImageInformation>
<OCRProcessing ID="IdOcr">
<ocrProcessingStep>
<processingDateTime>2019-04-22</processingDateTime>
<processingSoftware>
<softwareCreator>ABBYY</softwareCreator>
<softwareName>ABBYY Recognition Server</softwareName>
<softwareVersion>4.0</softwareVersion>
</processingSoftware>
</ocrProcessingStep>
</OCRProcessing>
</Description>
<Styles>
<ParagraphStyle ID="StyleId-FFFFFFFF-FFFF-FFFF-FFFF-FFFFFFFFFFFF-" ALIGN="Left" LEFT="0." RIGHT="0." FIRSTLINE="0."/>
<ParagraphStyle ID="StyleId-204B5AEB-67A1-44E2-A013-34B3A0F3E0EA-" ALIGN="Right" LEFT="0." RIGHT="0." FIRSTLINE="0." LINESPACE="8.300000191"/>
<ParagraphStyle ID="StyleId-03245871-796C-4429-B3C7-F9019C8C5B89-" ALIGN="Left" LEFT="0." RIGHT="0." FIRSTLINE="0." LINESPACE="12.19999981"/>
<ParagraphStyle ID="StyleId-BDCA8811-25FF-44DB-8D6F-2072A4ABC070-" ALIGN="Center" LEFT="0." RIGHT="0." FIRSTLINE="0." LINESPACE="12.19999981"/>
<ParagraphStyle ID="StyleId-2C5B7DF0-AF87-455E-B9A8-6FE387CB59BD-" ALIGN="Left" LEFT="0." RIGHT="0." FIRSTLINE="-13." LINESPACE="8.479999542"/>
<ParagraphStyle ID="StyleId-9FB72FA1-55D5-4161-8333-823D5732F4D0-" ALIGN="Block" LEFT="0." RIGHT="0." FIRSTLINE="-14." LINESPACE="10."/>
<ParagraphStyle ID="StyleId-212AEB8C-A829-4BF1-8E45-5BFE386A469C-" ALIGN="Block" LEFT="0." RIGHT="0." FIRSTLINE="-14." LINESPACE="11.35000038"/>
<ParagraphStyle ID="StyleId-4EC79CC1-EA62-49CE-ABB6-D84DDFCF4C7D-" ALIGN="Block" LEFT="0." RIGHT="0." FIRSTLINE="-10." LINESPACE="12.19999981"/>
<ParagraphStyle ID="StyleId-DAF2E8EE-6444-4951-9284-36A6C020C887-" ALIGN="Left" LEFT="0." RIGHT="0." FIRSTLINE="0." LINESPACE="9.399999619"/>
<ParagraphStyle ID="StyleId-25241749-1672-4977-B19F-38F59800D6D8-" ALIGN="Left" LEFT="0." RIGHT="0." FIRSTLINE="0." LINESPACE="11.10000038"/>
<ParagraphStyle ID="StyleId-8C523E19-EDEF-4F23-B010-536E1A1AAE1A-" ALIGN="Left" LEFT="0." RIGHT="0." FIRSTLINE="-13." LINESPACE="12.19999981"/>
<ParagraphStyle ID="StyleId-A1F9DE9E-2625-4D8B-AD7E-F0A0034C2989-" ALIGN="Block" LEFT="0." RIGHT="0." FIRSTLINE="0." LINESPACE="12.19999981"/>
<ParagraphStyle ID="StyleId-5725BB01-2B1C-440F-BAF2-696C4F4DF162-" ALIGN="Block" LEFT="0." RIGHT="0." FIRSTLINE="13." LINESPACE="12.19999981"/>
<ParagraphStyle ID="StyleId-F10A2092-61AA-44FD-99C2-123B3A8051CF-" ALIGN="Left" LEFT="0." RIGHT="0." FIRSTLINE="0." LINESPACE="5.5"/>
<ParagraphStyle ID="StyleId-B3CDC8CC-D2E1-4A23-B67C-CDD40993D1DD-" ALIGN="Left" LEFT="0." RIGHT="0." FIRSTLINE="0." LINESPACE="10."/>
<ParagraphStyle ID="StyleId-871EBF53-D909-4C8F-B368-AC7D897344DD-" ALIGN="Left" LEFT="0." RIGHT="0." FIRSTLINE="0."/>
<ParagraphStyle ID="StyleId-C4129744-680B-4878-B2C4-44BA3742C8D7-" ALIGN="Block" LEFT="0." RIGHT="0." FIRSTLINE="-14." LINESPACE="11.35000038"/>
<ParagraphStyle ID="StyleId-9CE98075-0B04-43D4-88D8-CE3BAB51B419-" ALIGN="Block" LEFT="0." RIGHT="0." FIRSTLINE="-10." LINESPACE="12.19999981"/>
<ParagraphStyle ID="StyleId-B2CFB7B3-DFFA-4E0E-94D6-C2BCE88DA9A9-" ALIGN="Left" LEFT="0." RIGHT="0." FIRSTLINE="0." LINESPACE="12.5"/>
<ParagraphStyle ID="StyleId-8D3352F3-1084-4DDE-A35D-B97102CCE686-" ALIGN="Left" LEFT="0." RIGHT="0." FIRSTLINE="0." LINESPACE="11.60000038"/>
<ParagraphStyle ID="StyleId-4A8DDA0D-166D-4E22-A597-BA51B892602D-" ALIGN="Block" LEFT="0." RIGHT="0." FIRSTLINE="0." LINESPACE="11.21000004"/>
<ParagraphStyle ID="StyleId-90EA4001-AA3C-45A1-AEDC-D1E1169EE5E5-" ALIGN="Block" LEFT="0." RIGHT="0." FIRSTLINE="13." LINESPACE="12.19999981"/>
</Styles>
<Layout>
<Page ID="Page600" PHYSICAL_IMG_NR="600" HEIGHT="4370" WIDTH="2505">
<TopMargin HEIGHT="416" WIDTH="2505" VPOS="0" HPOS="0">
</TopMargin>
<LeftMargin HEIGHT="3650" WIDTH="368" VPOS="416" HPOS="0">
</LeftMargin>
<RightMargin HEIGHT="3650" WIDTH="89" VPOS="416" HPOS="2416">
</RightMargin>
<BottomMargin HEIGHT="304" WIDTH="2505" VPOS="4066" HPOS="0">
<TextBlock ID="Page600_Block1" HEIGHT="72" WIDTH="122" VPOS="4070" HPOS="1334" LANG="en-US" CS="1" STYLEREFS="StyleId-991B6064-9D0E-4DAD-9DF4-BEDC70091552-">
<TextLine HEIGHT="0" WIDTH="0" VPOS="0" HPOS="0" CS="1">
<String CS="1" CONTENT="600"/>
</TextLine>
</TextBlock>
</BottomMargin>
<PrintSpace HEIGHT="3650" WIDTH="2048" VPOS="416" HPOS="368">
<TextBlock ID="Page600_Block2" HEIGHT="3650" WIDTH="2048" VPOS="416" HPOS="368" LANG="en-US" CS="1" STYLEREFS="StyleId-CE86FDCA-6A14-44A7-850D-126840E2149E-">
<TextLine HEIGHT="50" WIDTH="621" VPOS="508" HPOS="449" CS="1">
<String CONTENT="3" HEIGHT="41" WIDTH="27" VPOS="510" HPOS="449"/>
<SP HEIGHT="48" WIDTH="25" VPOS="510" HPOS="477"/>
<String LANG="fr" CONTENT="p." HEIGHT="38" WIDTH="45" VPOS="520" HPOS="503"/>
<SP HEIGHT="40" WIDTH="24" VPOS="511" HPOS="549"/>
<String CS="1" CONTENT="l.," HEIGHT="16" WIDTH="8" VPOS="540" HPOS="610"/>
<SP HEIGHT="47" WIDTH="26" VPOS="509" HPOS="619"/>
<String CONTENT="5-293" HEIGHT="41" WIDTH="145" VPOS="509" HPOS="646"/>
<SP HEIGHT="49" WIDTH="25" VPOS="509" HPOS="792"/>
<String CONTENT="p." HEIGHT="38" WIDTH="44" VPOS="520" HPOS="818"/>
<SP HEIGHT="40" WIDTH="58" VPOS="510" HPOS="863"/>
<String CS="1" CONTENT="19&#189;&#7580;&#7504;." HEIGHT="44" WIDTH="148" VPOS="508" HPOS="922"/>
</TextLine>
<TextLine HEIGHT="54" WIDTH="1679" VPOS="563" HPOS="385" CS="1">
<String CONTENT="&#169;" HEIGHT="54" WIDTH="53" VPOS="563" HPOS="385"/>
<SP HEIGHT="54" WIDTH="25" VPOS="563" HPOS="439"/>
<String CONTENT="Apr." HEIGHT="49" WIDTH="115" VPOS="568" HPOS="465"/>
<SP HEIGHT="44" WIDTH="24" VPOS="567" HPOS="581"/>
<String CONTENT="3," HEIGHT="49" WIDTH="40" VPOS="567" HPOS="606"/>
<SP HEIGHT="48" WIDTH="25" VPOS="568" HPOS="647"/>
<String CS="1" CONTENT="1931;" HEIGHT="42" WIDTH="114" VPOS="566" HPOS="673"/>
<SP/>
<String CONTENT="2c." HEIGHT="42" WIDTH="68" VPOS="566" HPOS="843"/>
<SP HEIGHT="29" WIDTH="26" VPOS="579" HPOS="912"/>
<String CONTENT="and" HEIGHT="40" WIDTH="95" VPOS="567" HPOS="939"/>
<SP HEIGHT="41" WIDTH="26" VPOS="567" HPOS="1035"/>
<String CONTENT="aff." HEIGHT="43" WIDTH="83" VPOS="566" HPOS="1062"/>
<SP HEIGHT="41" WIDTH="26" VPOS="568" HPOS="1146"/>
<String CONTENT="Apr." HEIGHT="48" WIDTH="115" VPOS="568" HPOS="1173"/>
<SP HEIGHT="42" WIDTH="23" VPOS="567" HPOS="1289"/>
<String CS="1" CONTENT="27;" HEIGHT="41" WIDTH="56" VPOS="567" HPOS="1313"/>
<SP/>
<!-- cceid E5F64CDA-6E8D-1014-9CF5-AEB3FCA41D69 --><String CONTENT="A" HEIGHT="39" WIDTH="42" VPOS="568" HPOS="1426"/>
<SP HEIGHT="42" WIDTH="23" VPOS="567" HPOS="1469"/>
<String CS="1" CONTENT="36776;" HEIGHT="49" WIDTH="172" VPOS="567" HPOS="1493"/>
<SP HEIGHT="49" WIDTH="29" VPOS="567" HPOS="1666"/>
<String CONTENT="Penn" HEIGHT="41" WIDTH="133" VPOS="567" HPOS="1696"/>
<SP HEIGHT="40" WIDTH="26" VPOS="577" HPOS="1830"/>
<String CONTENT="pub." HEIGHT="50" WIDTH="110" VPOS="567" HPOS="1857"/>
<SP HEIGHT="31" WIDTH="27" VPOS="578" HPOS="1968"/>
<String CONTENT="co." HEIGHT="31" WIDTH="68" VPOS="578" HPOS="1996"/>
</TextLine>
<TextLine HEIGHT="50" WIDTH="282" VPOS="625" HPOS="463">
<String CONTENT="(31-10363)" HEIGHT="50" WIDTH="282" VPOS="625" HPOS="463"/>
</TextLine>
<TextLine HEIGHT="65" WIDTH="550" VPOS="720" HPOS="379" STYLEREFS="StyleId-9FAD584B-941C-45A3-AE14-7F1BAA729A8C-">
<String CONTENT="Hellinger," HEIGHT="65" WIDTH="326" VPOS="720" HPOS="379"/>
<SP HEIGHT="64" WIDTH="29" VPOS="721" HPOS="706"/>
<String CONTENT="Mark." HEIGHT="56" WIDTH="193" VPOS="720" HPOS="736"/>
</TextLine>
<TextLine HEIGHT="71" WIDTH="1884" VPOS="796" HPOS="513" STYLEREFS="StyleId-58F9F57A-0EE0-4803-A9D6-E5C96532EDE8-" CS="1">
<String CS="1" CONTENT="&#8230;"/>
<SP HEIGHT="53" WIDTH="38" VPOS="796" HPOS="513"/>
<String CONTENT="Moon" HEIGHT="54" WIDTH="179" VPOS="796" HPOS="552"/>
<SP HEIGHT="35" WIDTH="30" VPOS="814" HPOS="732"/>
<String CONTENT="over" HEIGHT="35" WIDTH="134" VPOS="815" HPOS="763"/>
<SP HEIGHT="51" WIDTH="35" VPOS="798" HPOS="898"/>
<String CONTENT="Broadway." HEIGHT="70" WIDTH="343" VPOS="797" HPOS="934"/>
<SP HEIGHT="54" WIDTH="74" VPOS="797" HPOS="1278"/>
<String CONTENT="New" HEIGHT="54" WIDTH="141" VPOS="797" HPOS="1353"/>
<SP HEIGHT="54" WIDTH="36" VPOS="796" HPOS="1495"/>
<String CONTENT="York," HEIGHT="70" WIDTH="181" VPOS="796" HPOS="1532"/>
<SP HEIGHT="68" WIDTH="32" VPOS="798" HPOS="1714"/>
<String CONTENT="W." HEIGHT="54" WIDTH="90" VPOS="798" HPOS="1747"/>
<SP HEIGHT="52" WIDTH="36" VPOS="798" HPOS="1838"/>
<String CONTENT="Faro," HEIGHT="66" WIDTH="172" VPOS="798" HPOS="1875"/>
<SP HEIGHT="67" WIDTH="32" VPOS="797" HPOS="2048"/>
<String CONTENT="inc.," HEIGHT="67" WIDTH="129" VPOS="797" HPOS="2081"/>
<SP HEIGHT="63" WIDTH="36" VPOS="801" HPOS="2211"/>
<String CONTENT="1931." HEIGHT="49" WIDTH="149" VPOS="799" HPOS="2248"/>
</TextLine>
<TextLine HEIGHT="49" WIDTH="766" VPOS="880" HPOS="451" CS="1">
<String LANG="en-US" CONTENT="5" HEIGHT="39" WIDTH="26" VPOS="880" HPOS="451"/>
<SP HEIGHT="48" WIDTH="23" VPOS="880" HPOS="478"/>
<String LANG="fr" CONTENT="p." HEIGHT="38" WIDTH="44" VPOS="890" HPOS="502"/>
<SP HEIGHT="41" WIDTH="23" VPOS="880" HPOS="547"/>
<String LANG="en-US" CS="1" CONTENT="l.," HEIGHT="17" WIDTH="9" VPOS="911" HPOS="606"/>
<SP HEIGHT="47" WIDTH="26" VPOS="881" HPOS="616"/>
<String LANG="en-US" CONTENT="15-318" HEIGHT="41" WIDTH="176" VPOS="880" HPOS="643"/>
<SP HEIGHT="49" WIDTH="22" VPOS="880" HPOS="820"/>
<String LANG="fr" CONTENT="p.," HEIGHT="38" WIDTH="58" VPOS="891" HPOS="843"/>
<SP HEIGHT="46" WIDTH="24" VPOS="882" HPOS="902"/>
<String LANG="en-US" CONTENT="1" HEIGHT="38" WIDTH="24" VPOS="882" HPOS="927"/>
<SP HEIGHT="38" WIDTH="24" VPOS="882" HPOS="952"/>
<String LANG="en-US" CS="1" CONTENT="l."/>
<SP HEIGHT="41" WIDTH="57" VPOS="881" HPOS="1010"/>
<String LANG="en-US" CS="1" CONTENT="24&#189;&#7580;&#7504;." HEIGHT="41" WIDTH="149" VPOS="881" HPOS="1068"/>
</TextLine>
<TextLine HEIGHT="48" WIDTH="1026" VPOS="937" HPOS="452" CS="1">
<String CONTENT="At" HEIGHT="39" WIDTH="63" VPOS="938" HPOS="452"/>
<SP HEIGHT="39" WIDTH="24" VPOS="938" HPOS="516"/>
<String CONTENT="head" HEIGHT="39" WIDTH="127" VPOS="938" HPOS="541"/>
<SP HEIGHT="39" WIDTH="23" VPOS="938" HPOS="669"/>
<String CONTENT="of" HEIGHT="40" WIDTH="52" VPOS="937" HPOS="693"/>
<SP HEIGHT="41" WIDTH="24" VPOS="937" HPOS="746"/>
<String CS="1" CONTENT="title:" HEIGHT="41" WIDTH="109" VPOS="937" HPOS="771"/>
<SP/>
<String CONTENT="By" HEIGHT="47" WIDTH="75" VPOS="938" HPOS="936"/>
<SP HEIGHT="47" WIDTH="26" VPOS="938" HPOS="1012"/>
<String CONTENT="Mark" HEIGHT="40" WIDTH="141" VPOS="937" HPOS="1039"/>
<SP HEIGHT="40" WIDTH="26" VPOS="937" HPOS="1181"/>
<String CONTENT="Hellinger." HEIGHT="48" WIDTH="270" VPOS="937" HPOS="1208"/>
</TextLine>
<TextLine HEIGHT="42" WIDTH="367" VPOS="994" HPOS="454">
<String CONTENT="Short" HEIGHT="41" WIDTH="148" VPOS="994" HPOS="454"/>
<SP HEIGHT="38" WIDTH="25" VPOS="997" HPOS="603"/>
<String CONTENT="stories." HEIGHT="42" WIDTH="192" VPOS="994" HPOS="629"/>
</TextLine>
<TextLine HEIGHT="55" WIDTH="1933" VPOS="1048" HPOS="387" CS="1">
<String CONTENT="&#169;" HEIGHT="53" WIDTH="53" VPOS="1048" HPOS="387"/>
<SP HEIGHT="53" WIDTH="25" VPOS="1048" HPOS="441"/>
<String CONTENT="Apr." HEIGHT="50" WIDTH="115" VPOS="1053" HPOS="467"/>
<SP HEIGHT="40" WIDTH="25" VPOS="1053" HPOS="583"/>
<String CONTENT="3," HEIGHT="48" WIDTH="40" VPOS="1053" HPOS="609"/>
<SP HEIGHT="48" WIDTH="26" VPOS="1053" HPOS="650"/>
<String CONTENT="1931;" HEIGHT="48" WIDTH="141" VPOS="1051" HPOS="677"/>
<SP HEIGHT="45" WIDTH="29" VPOS="1054" HPOS="819"/>
<String CONTENT="2c." HEIGHT="39" WIDTH="67" VPOS="1054" HPOS="849"/>
<SP HEIGHT="40" WIDTH="26" VPOS="1052" HPOS="917"/>
<String CONTENT="Apr." HEIGHT="47" WIDTH="113" VPOS="1052" HPOS="944"/>
<SP HEIGHT="37" WIDTH="26" VPOS="1053" HPOS="1058"/>
<String CONTENT="4;" HEIGHT="45" WIDTH="54" VPOS="1053" HPOS="1085"/>
<SP HEIGHT="36" WIDTH="29" VPOS="1062" HPOS="1140"/>
<String CONTENT="aff." HEIGHT="41" WIDTH="84" VPOS="1051" HPOS="1170"/>
<SP HEIGHT="41" WIDTH="25" VPOS="1051" HPOS="1255"/>
<String CONTENT="Apr." HEIGHT="48" WIDTH="114" VPOS="1051" HPOS="1281"/>
<SP HEIGHT="40" WIDTH="29" VPOS="1052" HPOS="1396"/>
<String CS="1" CONTENT="17;" HEIGHT="40" WIDTH="54" VPOS="1052" HPOS="1426"/>
<SP/>
<!-- cceid E5F705DB-6E8D-1014-9CF5-AEB3FCA41D69 --><String CONTENT="A" HEIGHT="38" WIDTH="39" VPOS="1052" HPOS="1538"/>
<SP HEIGHT="40" WIDTH="27" VPOS="1051" HPOS="1578"/>
<String CONTENT="36701;" HEIGHT="50" WIDTH="173" VPOS="1050" HPOS="1606"/>
<SP HEIGHT="48" WIDTH="34" VPOS="1052" HPOS="1780"/>
<String CONTENT="William" HEIGHT="42" WIDTH="210" VPOS="1051" HPOS="1815"/>
<SP HEIGHT="40" WIDTH="33" VPOS="1051" HPOS="2026"/>
<String CONTENT="Faro," HEIGHT="49" WIDTH="139" VPOS="1051" HPOS="2060"/>
<SP HEIGHT="49" WIDTH="30" VPOS="1051" HPOS="2200"/>
<String CONTENT="inc." HEIGHT="41" WIDTH="89" VPOS="1051" HPOS="2231"/>
</TextLine>
<TextLine HEIGHT="49" WIDTH="282" VPOS="1109" HPOS="466">
<String CONTENT="(31-10360)" HEIGHT="49" WIDTH="282" VPOS="1109" HPOS="466"/>
</TextLine>
<TextLine HEIGHT="66" WIDTH="597" VPOS="1204" HPOS="379" STYLEREFS="StyleId-9FAD584B-941C-45A3-AE14-7F1BAA729A8C-">
<String CONTENT="Heyer," HEIGHT="65" WIDTH="220" VPOS="1205" HPOS="379"/>
<SP HEIGHT="66" WIDTH="32" VPOS="1204" HPOS="600"/>
<String CONTENT="Georgette." HEIGHT="65" WIDTH="343" VPOS="1204" HPOS="633"/>
</TextLine>
<TextLine HEIGHT="134" WIDTH="1996" VPOS="1280" HPOS="379" STYLEREFS="StyleId-58F9F57A-0EE0-4803-A9D6-E5C96532EDE8-" CS="1">
<String LANG="en-US" CONTENT="The" HEIGHT="53" WIDTH="123" VPOS="1282" HPOS="451"/>
<SP HEIGHT="35" WIDTH="37" VPOS="1300" HPOS="575"/>
<String LANG="en-US" CONTENT="conqueror," HEIGHT="51" WIDTH="331" VPOS="1300" HPOS="613"/>
<SP HEIGHT="69" WIDTH="37" VPOS="1282" HPOS="945"/>
<String LANG="en-US" CONTENT="by" HEIGHT="69" WIDTH="76" VPOS="1282" HPOS="983"/>
<SP HEIGHT="70" WIDTH="38" VPOS="1281" HPOS="1060"/>
<String LANG="en-US" CONTENT="Georgette" HEIGHT="69" WIDTH="309" VPOS="1281" HPOS="1099"/>
<SP HEIGHT="52" WIDTH="39" VPOS="1282" HPOS="1409"/>
<String LANG="en-US" CONTENT="Heyer." HEIGHT="69" WIDTH="211" VPOS="1282" HPOS="1449"/>
<SP HEIGHT="52" WIDTH="93" VPOS="1283" HPOS="1661"/>
<String LANG="en-US" CONTENT="London," HEIGHT="68" WIDTH="260" VPOS="1282" HPOS="1755"/>
<SP HEIGHT="67" WIDTH="35" VPOS="1283" HPOS="2016"/>
<String LANG="fr" CONTENT="W." HEIGHT="55" WIDTH="91" VPOS="1283" HPOS="2052"/>
<SP HEIGHT="53" WIDTH="44" VPOS="1282" HPOS="2144"/>
<String LANG="fr" CONTENT="Heinemann" HEIGHT="134" WIDTH="1996" VPOS="1280" HPOS="379"/>
</TextLine>
<TextLine HEIGHT="68" WIDTH="312" VPOS="1361" HPOS="583" STYLEREFS="StyleId-58F9F57A-0EE0-4803-A9D6-E5C96532EDE8-">
<String CONTENT="ltd." HEIGHT="53" WIDTH="103" VPOS="1361" HPOS="583"/>
<SP HEIGHT="34" WIDTH="35" VPOS="1395" HPOS="687"/>
<String CONTENT="[1931]" HEIGHT="65" WIDTH="172" VPOS="1364" HPOS="723"/>
</TextLine>
<TextLine HEIGHT="51" WIDTH="592" VPOS="1441" HPOS="454" CS="1">
<String CONTENT="5" HEIGHT="40" WIDTH="27" VPOS="1442" HPOS="454"/>
<SP/>
<String LANG="fr" CONTENT="p." HEIGHT="38" WIDTH="44" VPOS="1454" HPOS="508"/>
<SP HEIGHT="42" WIDTH="25" VPOS="1443" HPOS="553"/>
<String CS="1" CONTENT="l.," HEIGHT="18" WIDTH="9" VPOS="1473" HPOS="615"/>
<SP HEIGHT="49" WIDTH="24" VPOS="1442" HPOS="625"/>
<String CONTENT="3-405" HEIGHT="42" WIDTH="148" VPOS="1441" HPOS="650"/>
<SP HEIGHT="49" WIDTH="25" VPOS="1441" HPOS="799"/>
<String CONTENT="p." HEIGHT="38" WIDTH="43" VPOS="1452" HPOS="825"/>
<SP HEIGHT="40" WIDTH="59" VPOS="1443" HPOS="869"/>
<String CONTENT="19" HEIGHT="41" WIDTH="56" VPOS="1441" HPOS="929"/>
<String STYLE="superscript" CS="1" CONTENT="&#7580;&#7504;"/>
<String CONTENT="." HEIGHT="9" WIDTH="9" VPOS="1474" HPOS="1037"/>
</TextLine>
<TextLine HEIGHT="50" WIDTH="625" VPOS="1498" HPOS="454">
<String CONTENT="Maps" HEIGHT="48" WIDTH="140" VPOS="1500" HPOS="454"/>
<SP HEIGHT="31" WIDTH="27" VPOS="1510" HPOS="595"/>
<String CONTENT="on" HEIGHT="31" WIDTH="61" VPOS="1510" HPOS="623"/>
<SP HEIGHT="40" WIDTH="26" VPOS="1500" HPOS="685"/>
<String CONTENT="lining-papers." HEIGHT="49" WIDTH="367" VPOS="1498" HPOS="712"/>
</TextLine>
<TextLine HEIGHT="53" WIDTH="2016" VPOS="1552" HPOS="387">
<String CONTENT="&#169;" HEIGHT="53" WIDTH="53" VPOS="1552" HPOS="387"/>
<SP HEIGHT="53" WIDTH="29" VPOS="1552" HPOS="441"/>
<String CONTENT="1c." HEIGHT="41" WIDTH="67" VPOS="1558" HPOS="471"/>
<SP HEIGHT="41" WIDTH="26" VPOS="1558" HPOS="539"/>
<String CONTENT="Apr." HEIGHT="47" WIDTH="114" VPOS="1558" HPOS="566"/>
<SP HEIGHT="41" WIDTH="27" VPOS="1556" HPOS="681"/>
<String CONTENT="20," HEIGHT="48" WIDTH="71" VPOS="1556" HPOS="709"/>
<SP HEIGHT="46" WIDTH="28" VPOS="1558" HPOS="781"/>
<String CONTENT="1931;" HEIGHT="49" WIDTH="141" VPOS="1555" HPOS="810"/>
<SP HEIGHT="46" WIDTH="31" VPOS="1558" HPOS="952"/>
<!-- cceid E5F7AC17-6E8D-1014-9CF5-AEB3FCA41D69 --><String CONTENT="A" HEIGHT="37" WIDTH="40" VPOS="1558" HPOS="984"/>
<SP HEIGHT="38" WIDTH="28" VPOS="1558" HPOS="1025"/>
<String CONTENT="ad" HEIGHT="39" WIDTH="60" VPOS="1557" HPOS="1054"/>
<SP HEIGHT="40" WIDTH="31" VPOS="1556" HPOS="1115"/>
<String CONTENT="int." HEIGHT="41" WIDTH="85" VPOS="1556" HPOS="1147"/>
<SP HEIGHT="40" WIDTH="31" VPOS="1557" HPOS="1233"/>
<String CONTENT="14968;" HEIGHT="48" WIDTH="171" VPOS="1555" HPOS="1265"/>
<SP HEIGHT="38" WIDTH="31" VPOS="1566" HPOS="1437"/>
<String CONTENT="pubd." HEIGHT="48" WIDTH="143" VPOS="1556" HPOS="1469"/>
<SP HEIGHT="41" WIDTH="30" VPOS="1557" HPOS="1613"/>
<String CONTENT="Mar." HEIGHT="40" WIDTH="122" VPOS="1557" HPOS="1644"/>
<SP HEIGHT="41" WIDTH="31" VPOS="1556" HPOS="1767"/>
<String CONTENT="6;" HEIGHT="48" WIDTH="52" VPOS="1556" HPOS="1799"/>
<SP HEIGHT="48" WIDTH="33" VPOS="1556" HPOS="1852"/>
<String CONTENT="Georgette" HEIGHT="47" WIDTH="259" VPOS="1556" HPOS="1886"/>
<SP HEIGHT="40" WIDTH="30" VPOS="1556" HPOS="2146"/>
<String CONTENT="Rougier," HEIGHT="48" WIDTH="226" VPOS="1554" HPOS="2177"/>
</TextLine>
<TextLine HEIGHT="50" WIDTH="566" VPOS="1612" HPOS="456" CS="1">
<String CONTENT="London." HEIGHT="40" WIDTH="212" VPOS="1615" HPOS="456"/>
<SP HEIGHT="48" WIDTH="70" VPOS="1614" HPOS="669"/>
<String CS="1" CONTENT="(31-11389)" HEIGHT="50" WIDTH="282" VPOS="1612" HPOS="740"/>
</TextLine>
<TextLine HEIGHT="67" WIDTH="919" VPOS="1708" HPOS="382" STYLEREFS="StyleId-9FAD584B-941C-45A3-AE14-7F1BAA729A8C-">
<String CONTENT="Hopkins," HEIGHT="66" WIDTH="290" VPOS="1709" HPOS="382"/>
<SP HEIGHT="64" WIDTH="29" VPOS="1711" HPOS="673"/>
<String CONTENT="Walter" HEIGHT="56" WIDTH="228" VPOS="1708" HPOS="703"/>
<SP HEIGHT="53" WIDTH="27" VPOS="1709" HPOS="932"/>
<String CONTENT="Lee," HEIGHT="66" WIDTH="134" VPOS="1709" HPOS="960"/>
<SP HEIGHT="59" WIDTH="31" VPOS="1716" HPOS="1095"/>
<String CONTENT="1889-" HEIGHT="50" WIDTH="174" VPOS="1715" HPOS="1127"/>
</TextLine>
<TextLine HEIGHT="70" WIDTH="1948" VPOS="1787" HPOS="452" STYLEREFS="StyleId-58F9F57A-0EE0-4803-A9D6-E5C96532EDE8-">
<String CONTENT="Hopkins" HEIGHT="69" WIDTH="273" VPOS="1787" HPOS="452"/>
<SP HEIGHT="34" WIDTH="38" VPOS="1807" HPOS="726"/>
<String CONTENT="of" HEIGHT="54" WIDTH="65" VPOS="1787" HPOS="765"/>
<SP HEIGHT="56" WIDTH="37" VPOS="1787" HPOS="831"/>
<String CONTENT="Virginia" HEIGHT="68" WIDTH="273" VPOS="1788" HPOS="869"/>
<SP HEIGHT="33" WIDTH="40" VPOS="1807" HPOS="1143"/>
<String CONTENT="and" HEIGHT="53" WIDTH="109" VPOS="1788" HPOS="1184"/>
<SP HEIGHT="53" WIDTH="47" VPOS="1788" HPOS="1294"/>
<String CONTENT="related" HEIGHT="54" WIDTH="214" VPOS="1787" HPOS="1342"/>
<SP HEIGHT="54" WIDTH="42" VPOS="1787" HPOS="1557"/>
<String CONTENT="families," HEIGHT="70" WIDTH="270" VPOS="1787" HPOS="1600"/>
<SP HEIGHT="69" WIDTH="38" VPOS="1788" HPOS="1871"/>
<String CONTENT="by" HEIGHT="68" WIDTH="73" VPOS="1788" HPOS="1910"/>
<SP HEIGHT="67" WIDTH="40" VPOS="1789" HPOS="1984"/>
<String CONTENT="Walter" HEIGHT="55" WIDTH="224" VPOS="1789" HPOS="2025"/>
<SP HEIGHT="51" WIDTH="40" VPOS="1790" HPOS="2250"/>
<String CONTENT="Lee" HEIGHT="51" WIDTH="109" VPOS="1790" HPOS="2291"/>
</TextLine>
<TextLine HEIGHT="149" WIDTH="1997" VPOS="1866" HPOS="380" STYLEREFS="StyleId-58F9F57A-0EE0-4803-A9D6-E5C96532EDE8-" CS="1">
<String CONTENT="Hopkins" HEIGHT="68" WIDTH="273" VPOS="1866" HPOS="381"/>
<SP HEIGHT="33" WIDTH="39" VPOS="1886" HPOS="655"/>
<String CS="1" CONTENT="&#8230;"/>
<SP HEIGHT="52" WIDTH="79" VPOS="1867" HPOS="752"/>
<String CONTENT="Richmond," HEIGHT="68" WIDTH="343" VPOS="1866" HPOS="832"/>
<SP HEIGHT="67" WIDTH="34" VPOS="1867" HPOS="1176"/>
<String LANG="fr" CONTENT="Va.," HEIGHT="66" WIDTH="127" VPOS="1867" HPOS="1211"/>
<SP HEIGHT="66" WIDTH="32" VPOS="1867" HPOS="1339"/>
<String LANG="fr" CONTENT="J." HEIGHT="54" WIDTH="55" VPOS="1867" HPOS="1372"/>
<SP HEIGHT="54" WIDTH="35" VPOS="1867" HPOS="1428"/>
<String CONTENT="W." HEIGHT="54" WIDTH="90" VPOS="1867" HPOS="1464"/>
<SP HEIGHT="53" WIDTH="37" VPOS="1867" HPOS="1555"/>
<String CONTENT="Fergusson" HEIGHT="67" WIDTH="325" VPOS="1867" HPOS="1593"/>
<SP HEIGHT="51" WIDTH="32" VPOS="1868" HPOS="1919"/>
<String CS="1" CONTENT="&amp;"/>
<SP HEIGHT="33" WIDTH="32" VPOS="1886" HPOS="1999"/>
<String CONTENT="sons," HEIGHT="50" WIDTH="149" VPOS="1885" HPOS="2032"/>
<SP HEIGHT="49" WIDTH="35" VPOS="1886" HPOS="2182"/>
<String CONTENT="printers," HEIGHT="149" WIDTH="1997" VPOS="1866" HPOS="380"/>
</TextLine>
<TextLine HEIGHT="51" WIDTH="151" VPOS="1947" HPOS="521" STYLEREFS="StyleId-58F9F57A-0EE0-4803-A9D6-E5C96532EDE8-">
<String CONTENT="1931." HEIGHT="51" WIDTH="151" VPOS="1947" HPOS="521"/>
</TextLine>
<TextLine HEIGHT="49" WIDTH="1144" VPOS="2025" HPOS="453" CS="1">
<String CONTENT="xiii," HEIGHT="49" WIDTH="102" VPOS="2025" HPOS="453"/>
<SP HEIGHT="47" WIDTH="26" VPOS="2027" HPOS="556"/>
<String CONTENT="405" HEIGHT="41" WIDTH="90" VPOS="2025" HPOS="583"/>
<SP HEIGHT="49" WIDTH="23" VPOS="2025" HPOS="674"/>
<String CONTENT="p." HEIGHT="38" WIDTH="43" VPOS="2036" HPOS="698"/>
<SP HEIGHT="37" WIDTH="60" VPOS="2037" HPOS="742"/>
<String CONTENT="ports.," HEIGHT="47" WIDTH="163" VPOS="2027" HPOS="803"/>
<SP HEIGHT="37" WIDTH="29" VPOS="2037" HPOS="967"/>
<String CONTENT="coats" HEIGHT="40" WIDTH="136" VPOS="2027" HPOS="997"/>
<SP HEIGHT="30" WIDTH="27" VPOS="2036" HPOS="1134"/>
<String CONTENT="of" HEIGHT="41" WIDTH="52" VPOS="2025" HPOS="1162"/>
<SP HEIGHT="41" WIDTH="26" VPOS="2025" HPOS="1215"/>
<String CONTENT="arms." HEIGHT="31" WIDTH="147" VPOS="2035" HPOS="1242"/>
<SP HEIGHT="41" WIDTH="58" VPOS="2025" HPOS="1390"/>
<String CS="1" CONTENT="23&#189;&#7580;&#7504;." HEIGHT="42" WIDTH="148" VPOS="2025" HPOS="1449"/>
</TextLine>
<TextLine HEIGHT="108" WIDTH="1997" VPOS="2074" HPOS="387" CS="1">
<String CONTENT="&#169;" HEIGHT="53" WIDTH="53" VPOS="2079" HPOS="387"/>
<SP HEIGHT="53" WIDTH="31" VPOS="2079" HPOS="441"/>
<String CONTENT="Apr." HEIGHT="47" WIDTH="113" VPOS="2085" HPOS="473"/>
<SP HEIGHT="40" WIDTH="32" VPOS="2085" HPOS="587"/>
<String CONTENT="17," HEIGHT="47" WIDTH="69" VPOS="2085" HPOS="620"/>
<SP HEIGHT="47" WIDTH="33" VPOS="2085" HPOS="690"/>
<String CONTENT="1931;" HEIGHT="49" WIDTH="141" VPOS="2082" HPOS="724"/>
<SP HEIGHT="49" WIDTH="33" VPOS="2082" HPOS="866"/>
<String CONTENT="2c." HEIGHT="42" WIDTH="67" VPOS="2082" HPOS="900"/>
<SP HEIGHT="30" WIDTH="33" VPOS="2094" HPOS="968"/>
<String CONTENT="and" HEIGHT="39" WIDTH="94" VPOS="2084" HPOS="1002"/>
<SP HEIGHT="39" WIDTH="34" VPOS="2084" HPOS="1097"/>
<String CONTENT="aff." HEIGHT="41" WIDTH="83" VPOS="2084" HPOS="1132"/>
<SP HEIGHT="41" WIDTH="28" VPOS="2084" HPOS="1216"/>
<String CONTENT="Apr." HEIGHT="47" WIDTH="117" VPOS="2084" HPOS="1245"/>
<SP HEIGHT="43" WIDTH="31" VPOS="2082" HPOS="1363"/>
<String CONTENT="24;" HEIGHT="44" WIDTH="83" VPOS="2082" HPOS="1395"/>
<SP HEIGHT="52" WIDTH="35" VPOS="2074" HPOS="1479"/>
<!-- cceid E5F85910-6E8D-1014-9CF5-AEB3FCA41D69 --><String CONTENT="A" HEIGHT="48" WIDTH="39" VPOS="2074" HPOS="1515"/>
<SP HEIGHT="50" WIDTH="32" VPOS="2074" HPOS="1555"/>
<String CONTENT="36736;" HEIGHT="48" WIDTH="171" VPOS="2083" HPOS="1588"/>
<SP HEIGHT="47" WIDTH="36" VPOS="2084" HPOS="1760"/>
<String LANG="fr" CONTENT="W." HEIGHT="41" WIDTH="72" VPOS="2084" HPOS="1797"/>
<SP HEIGHT="42" WIDTH="32" VPOS="2083" HPOS="1870"/>
<String CONTENT="L." HEIGHT="43" WIDTH="51" VPOS="2083" HPOS="1903"/>
<SP HEIGHT="43" WIDTH="33" VPOS="2083" HPOS="1955"/>
<String CONTENT="Hopkins," HEIGHT="50" WIDTH="239" VPOS="2081" HPOS="1989"/>
<SP HEIGHT="47" WIDTH="35" VPOS="2083" HPOS="2229"/>
<String CONTENT="Richmond." HEIGHT="99" WIDTH="1928" VPOS="2083" HPOS="456"/>
</TextLine>
<TextLine HEIGHT="49" WIDTH="282" VPOS="2141" HPOS="686">
<String CONTENT="(31-10487)" HEIGHT="49" WIDTH="282" VPOS="2141" HPOS="686"/>
</TextLine>
<TextLine HEIGHT="65" WIDTH="582" VPOS="2235" HPOS="381" STYLEREFS="StyleId-9FAD584B-941C-45A3-AE14-7F1BAA729A8C-">
<String CONTENT="Houlder," HEIGHT="65" WIDTH="282" VPOS="2235" HPOS="381"/>
<SP HEIGHT="65" WIDTH="35" VPOS="2235" HPOS="664"/>
<String CONTENT="Graccio." HEIGHT="56" WIDTH="263" VPOS="2235" HPOS="700"/>
</TextLine>
<TextLine HEIGHT="70" WIDTH="1816" VPOS="2312" HPOS="450" STYLEREFS="StyleId-58F9F57A-0EE0-4803-A9D6-E5C96532EDE8-" CS="1">
<String CONTENT="Dryosophy" HEIGHT="69" WIDTH="353" VPOS="2313" HPOS="450"/>
<SP HEIGHT="52" WIDTH="33" VPOS="2330" HPOS="804"/>
<String CONTENT="and" HEIGHT="52" WIDTH="114" VPOS="2314" HPOS="838"/>
<SP HEIGHT="52" WIDTH="34" VPOS="2314" HPOS="953"/>
<String CS="1" CONTENT="dryology;" HEIGHT="69" WIDTH="285" VPOS="2313" HPOS="988"/>
<SP/>
<String CONTENT="the" HEIGHT="53" WIDTH="96" VPOS="2313" HPOS="1339"/>
<SP HEIGHT="35" WIDTH="35" VPOS="2331" HPOS="1436"/>
<String CONTENT="wisdom" HEIGHT="54" WIDTH="239" VPOS="2312" HPOS="1472"/>
<SP HEIGHT="35" WIDTH="33" VPOS="2330" HPOS="1712"/>
<String CONTENT="and" HEIGHT="54" WIDTH="115" VPOS="2312" HPOS="1746"/>
<SP HEIGHT="69" WIDTH="34" VPOS="2312" HPOS="1862"/>
<String CONTENT="philosophy," HEIGHT="70" WIDTH="369" VPOS="2312" HPOS="1897"/>
</TextLine>
<TextLine HEIGHT="149" WIDTH="2022" VPOS="2311" HPOS="380" STYLEREFS="StyleId-58F9F57A-0EE0-4803-A9D6-E5C96532EDE8-" CS="1">
<String CONTENT="science" HEIGHT="133" WIDTH="1998" VPOS="2311" HPOS="380"/>
<SP HEIGHT="35" WIDTH="44" VPOS="2409" HPOS="513"/>
<String CONTENT="and" HEIGHT="52" WIDTH="113" VPOS="2392" HPOS="558"/>
<SP HEIGHT="67" WIDTH="46" VPOS="2392" HPOS="672"/>
<String CONTENT="psychology," HEIGHT="69" WIDTH="372" VPOS="2391" HPOS="719"/>
<SP HEIGHT="50" WIDTH="40" VPOS="2410" HPOS="1092"/>
<String CONTENT="of" HEIGHT="53" WIDTH="65" VPOS="2391" HPOS="1133"/>
<SP HEIGHT="69" WIDTH="43" VPOS="2391" HPOS="1199"/>
<String CONTENT="prohibition." HEIGHT="70" WIDTH="375" VPOS="2390" HPOS="1243"/>
<SP HEIGHT="51" WIDTH="76" VPOS="2393" HPOS="1619"/>
<String CONTENT="By" HEIGHT="67" WIDTH="92" VPOS="2393" HPOS="1696"/>
<SP HEIGHT="70" WIDTH="42" VPOS="2390" HPOS="1789"/>
<String CONTENT="Graccio" HEIGHT="55" WIDTH="243" VPOS="2390" HPOS="1832"/>
<SP HEIGHT="53" WIDTH="44" VPOS="2391" HPOS="2076"/>
<String CONTENT="Houlder." HEIGHT="53" WIDTH="281" VPOS="2390" HPOS="2121"/>
</TextLine>
<TextLine HEIGHT="70" WIDTH="2023" VPOS="2469" HPOS="379" STYLEREFS="StyleId-58F9F57A-0EE0-4803-A9D6-E5C96532EDE8-">
<String CONTENT="A" HEIGHT="53" WIDTH="58" VPOS="2470" HPOS="379"/>
<SP HEIGHT="54" WIDTH="54" VPOS="2469" HPOS="438"/>
<String CONTENT="book" HEIGHT="53" WIDTH="149" VPOS="2469" HPOS="493"/>
<SP HEIGHT="53" WIDTH="53" VPOS="2469" HPOS="643"/>
<String CONTENT="of" HEIGHT="53" WIDTH="65" VPOS="2469" HPOS="697"/>
<SP HEIGHT="53" WIDTH="55" VPOS="2469" HPOS="763"/>
<String CONTENT="fundamental" HEIGHT="54" WIDTH="402" VPOS="2469" HPOS="819"/>
<SP HEIGHT="52" WIDTH="57" VPOS="2470" HPOS="1222"/>
<String CONTENT="ideas," HEIGHT="67" WIDTH="176" VPOS="2470" HPOS="1280"/>
<SP HEIGHT="63" WIDTH="53" VPOS="2474" HPOS="1457"/>
<String CONTENT="true" HEIGHT="49" WIDTH="127" VPOS="2474" HPOS="1511"/>
<SP HEIGHT="54" WIDTH="55" VPOS="2469" HPOS="1639"/>
<String CONTENT="illustrations," HEIGHT="68" WIDTH="403" VPOS="2469" HPOS="1695"/>
<SP HEIGHT="49" WIDTH="54" VPOS="2488" HPOS="2099"/>
<String CONTENT="original" HEIGHT="70" WIDTH="248" VPOS="2469" HPOS="2154"/>
</TextLine>
<TextLine HEIGHT="70" WIDTH="2024" VPOS="2548" HPOS="380" STYLEREFS="StyleId-58F9F57A-0EE0-4803-A9D6-E5C96532EDE8-">
<String CONTENT="aphorisms," HEIGHT="68" WIDTH="343" VPOS="2548" HPOS="380"/>
<SP HEIGHT="49" WIDTH="33" VPOS="2567" HPOS="724"/>
<String CONTENT="epigrams," HEIGHT="70" WIDTH="307" VPOS="2548" HPOS="758"/>
<SP HEIGHT="49" WIDTH="34" VPOS="2567" HPOS="1066"/>
<String CONTENT="essences," HEIGHT="50" WIDTH="266" VPOS="2566" HPOS="1101"/>
<SP HEIGHT="49" WIDTH="32" VPOS="2567" HPOS="1368"/>
<String CONTENT="observations" HEIGHT="53" WIDTH="392" VPOS="2549" HPOS="1401"/>
<SP HEIGHT="35" WIDTH="34" VPOS="2567" HPOS="1794"/>
<String CONTENT="and" HEIGHT="53" WIDTH="114" VPOS="2549" HPOS="1829"/>
<SP HEIGHT="53" WIDTH="34" VPOS="2549" HPOS="1944"/>
<String CONTENT="valuations" HEIGHT="52" WIDTH="326" VPOS="2549" HPOS="1979"/>
<SP HEIGHT="34" WIDTH="33" VPOS="2567" HPOS="2306"/>
<String CONTENT="of" HEIGHT="53" WIDTH="64" VPOS="2548" HPOS="2340"/>
</TextLine>
<TextLine HEIGHT="71" WIDTH="2024" VPOS="2626" HPOS="381" STYLEREFS="StyleId-58F9F57A-0EE0-4803-A9D6-E5C96532EDE8-">
<String CONTENT="prohibition&#8212;as" HEIGHT="68" WIDTH="497" VPOS="2627" HPOS="381"/>
<SP HEIGHT="52" WIDTH="25" VPOS="2628" HPOS="879"/>
<String CONTENT="delivered" HEIGHT="53" WIDTH="289" VPOS="2627" HPOS="905"/>
<SP HEIGHT="54" WIDTH="30" VPOS="2626" HPOS="1195"/>
<String CONTENT="from" HEIGHT="53" WIDTH="153" VPOS="2626" HPOS="1226"/>
<SP HEIGHT="49" WIDTH="29" VPOS="2646" HPOS="1380"/>
<String CONTENT="platform," HEIGHT="69" WIDTH="300" VPOS="2626" HPOS="1410"/>
<SP HEIGHT="50" WIDTH="27" VPOS="2645" HPOS="1711"/>
<String CONTENT="pulpit," HEIGHT="68" WIDTH="212" VPOS="2628" HPOS="1739"/>
<SP HEIGHT="48" WIDTH="27" VPOS="2648" HPOS="1952"/>
<String CONTENT="radio," HEIGHT="69" WIDTH="183" VPOS="2627" HPOS="1980"/>
<SP HEIGHT="69" WIDTH="29" VPOS="2627" HPOS="2164"/>
<String CONTENT="forum," HEIGHT="70" WIDTH="211" VPOS="2627" HPOS="2194"/>
</TextLine>
<TextLine HEIGHT="148" WIDTH="1997" VPOS="2705" HPOS="381" STYLEREFS="StyleId-58F9F57A-0EE0-4803-A9D6-E5C96532EDE8-" CS="1">
<String CONTENT="and" HEIGHT="52" WIDTH="116" VPOS="2706" HPOS="381"/>
<SP HEIGHT="53" WIDTH="41" VPOS="2705" HPOS="498"/>
<String CONTENT="in" HEIGHT="53" WIDTH="60" VPOS="2705" HPOS="540"/>
<SP HEIGHT="52" WIDTH="40" VPOS="2706" HPOS="601"/>
<String CONTENT="debate," HEIGHT="68" WIDTH="219" VPOS="2705" HPOS="642"/>
<SP HEIGHT="68" WIDTH="39" VPOS="2705" HPOS="862"/>
<String CONTENT="by" HEIGHT="69" WIDTH="76" VPOS="2705" HPOS="902"/>
<SP HEIGHT="63" WIDTH="38" VPOS="2711" HPOS="979"/>
<String CONTENT="the" HEIGHT="53" WIDTH="96" VPOS="2705" HPOS="1018"/>
<SP HEIGHT="35" WIDTH="41" VPOS="2723" HPOS="1115"/>
<String CONTENT="author." HEIGHT="53" WIDTH="225" VPOS="2705" HPOS="1157"/>
<SP HEIGHT="33" WIDTH="81" VPOS="2739" HPOS="1383"/>
<String CS="1" CONTENT="[Los" HEIGHT="53" WIDTH="112" VPOS="2706" HPOS="1482"/>
<SP HEIGHT="53" WIDTH="40" VPOS="2706" HPOS="1595"/>
<String CONTENT="Angeles," HEIGHT="69" WIDTH="270" VPOS="2706" HPOS="1636"/>
<SP HEIGHT="67" WIDTH="39" VPOS="2707" HPOS="1907"/>
<String CONTENT="Wolf" HEIGHT="55" WIDTH="166" VPOS="2706" HPOS="1947"/>
<String LANG="de" CONTENT="er" HEIGHT="34" WIDTH="59" VPOS="2725" HPOS="2116"/>
<SP HEIGHT="49" WIDTH="42" VPOS="2726" HPOS="2176"/>
<String CONTENT="printing" HEIGHT="146" WIDTH="1997" VPOS="2707" HPOS="381"/>
</TextLine>
<TextLine HEIGHT="67" WIDTH="302" VPOS="2786" HPOS="510" STYLEREFS="StyleId-58F9F57A-0EE0-4803-A9D6-E5C96532EDE8-" CS="1">
<String CONTENT="co.," HEIGHT="51" WIDTH="99" VPOS="2802" HPOS="510"/>
<SP HEIGHT="64" WIDTH="25" VPOS="2789" HPOS="610"/>
<String STYLE="superscript" CS="1" CONTENT="&#7580;19"/>
<String CONTENT="31]" HEIGHT="66" WIDTH="84" VPOS="2786" HPOS="728"/>
</TextLine>
<TextLine HEIGHT="52" WIDTH="1374" VPOS="2867" HPOS="454" CS="1">
<String CONTENT="185," HEIGHT="48" WIDTH="99" VPOS="2867" HPOS="454"/>
<SP HEIGHT="32" WIDTH="36" VPOS="2887" HPOS="554"/>
<String CONTENT="[5]" HEIGHT="51" WIDTH="54" VPOS="2868" HPOS="591"/>
<SP HEIGHT="39" WIDTH="35" VPOS="2878" HPOS="646"/>
<String CONTENT="p." HEIGHT="38" WIDTH="44" VPOS="2878" HPOS="682"/>
<SP HEIGHT="39" WIDTH="57" VPOS="2868" HPOS="727"/>
<String CS="1" CONTENT="front."/>
<SP HEIGHT="48" WIDTH="28" VPOS="2867" HPOS="937"/>
<String CONTENT="(port.)" HEIGHT="48" WIDTH="174" VPOS="2867" HPOS="966"/>
<SP HEIGHT="48" WIDTH="41" VPOS="2867" HPOS="1141"/>
<String CONTENT="illus." HEIGHT="41" WIDTH="131" VPOS="2867" HPOS="1183"/>
<SP HEIGHT="49" WIDTH="28" VPOS="2868" HPOS="1315"/>
<String CONTENT="(facsims.)" HEIGHT="50" WIDTH="267" VPOS="2867" HPOS="1344"/>
<SP HEIGHT="47" WIDTH="67" VPOS="2868" HPOS="1612"/>
<String CS="1" CONTENT="20&#189;&#7580;&#7504;." HEIGHT="42" WIDTH="148" VPOS="2868" HPOS="1680"/>
</TextLine>
<TextLine HEIGHT="55" WIDTH="2015" VPOS="2922" HPOS="388" CS="1">
<String CONTENT="&#169;" HEIGHT="53" WIDTH="53" VPOS="2922" HPOS="388"/>
<SP HEIGHT="53" WIDTH="40" VPOS="2922" HPOS="442"/>
<String CS="1" CONTENT="Mar." HEIGHT="39" WIDTH="110" VPOS="2927" HPOS="483"/>
<SP HEIGHT="38" WIDTH="39" VPOS="2928" HPOS="606"/>
<String CONTENT="11," HEIGHT="47" WIDTH="68" VPOS="2927" HPOS="646"/>
<SP HEIGHT="48" WIDTH="40" VPOS="2926" HPOS="715"/>
<String CONTENT="1931;" HEIGHT="48" WIDTH="141" VPOS="2925" HPOS="756"/>
<SP HEIGHT="48" WIDTH="40" VPOS="2925" HPOS="898"/>
<String CONTENT="2c." HEIGHT="41" WIDTH="67" VPOS="2925" HPOS="939"/>
<SP HEIGHT="39" WIDTH="40" VPOS="2927" HPOS="1007"/>
<String CONTENT="Mar." HEIGHT="38" WIDTH="122" VPOS="2927" HPOS="1048"/>
<SP HEIGHT="38" WIDTH="40" VPOS="2927" HPOS="1171"/>
<String CONTENT="19;" HEIGHT="49" WIDTH="84" VPOS="2924" HPOS="1212"/>
<SP HEIGHT="38" WIDTH="41" VPOS="2935" HPOS="1297"/>
<String CONTENT="aff." HEIGHT="41" WIDTH="82" VPOS="2925" HPOS="1339"/>
<SP HEIGHT="39" WIDTH="40" VPOS="2927" HPOS="1422"/>
<String CONTENT="Mar." HEIGHT="41" WIDTH="124" VPOS="2927" HPOS="1463"/>
<SP HEIGHT="40" WIDTH="38" VPOS="2928" HPOS="1588"/>
<String CS="1" CONTENT="18;" HEIGHT="37" WIDTH="9" VPOS="2937" HPOS="1700"/>
<SP HEIGHT="47" WIDTH="41" VPOS="2927" HPOS="1710"/>
<!-- cceid E5F90242-6E8D-1014-9CF5-AEB3FCA41D69 --><String CONTENT="A" HEIGHT="39" WIDTH="41" VPOS="2927" HPOS="1752"/>
<SP HEIGHT="42" WIDTH="38" VPOS="2927" HPOS="1794"/>
<String CONTENT="34975;" HEIGHT="48" WIDTH="173" VPOS="2926" HPOS="1833"/>
<SP HEIGHT="48" WIDTH="43" VPOS="2926" HPOS="2007"/>
<String CONTENT="Grace" HEIGHT="43" WIDTH="156" VPOS="2926" HPOS="2051"/>
<SP HEIGHT="40" WIDTH="38" VPOS="2928" HPOS="2208"/>
<String CONTENT="Leggo" HEIGHT="49" WIDTH="156" VPOS="2928" HPOS="2247"/>
</TextLine>
<TextLine HEIGHT="50" WIDTH="853" VPOS="2982" HPOS="458">
<String CONTENT="Holder," HEIGHT="48" WIDTH="198" VPOS="2984" HPOS="458"/>
<SP HEIGHT="49" WIDTH="36" VPOS="2983" HPOS="657"/>
<String CONTENT="St." HEIGHT="41" WIDTH="67" VPOS="2983" HPOS="694"/>
<SP HEIGHT="40" WIDTH="32" VPOS="2984" HPOS="762"/>
<String CONTENT="Louis." HEIGHT="41" WIDTH="162" VPOS="2982" HPOS="795"/>
<SP HEIGHT="48" WIDTH="70" VPOS="2983" HPOS="958"/>
<String CONTENT="(31-10257)" HEIGHT="49" WIDTH="282" VPOS="2982" HPOS="1029"/>
</TextLine>
<TextLine HEIGHT="65" WIDTH="636" VPOS="3063" HPOS="384" STYLEREFS="StyleId-9FAD584B-941C-45A3-AE14-7F1BAA729A8C-">
<String CONTENT="Howell," HEIGHT="65" WIDTH="243" VPOS="3063" HPOS="384"/>
<SP HEIGHT="64" WIDTH="33" VPOS="3064" HPOS="628"/>
<String CONTENT="William" HEIGHT="55" WIDTH="257" VPOS="3063" HPOS="662"/>
<SP HEIGHT="52" WIDTH="29" VPOS="3064" HPOS="920"/>
<String CONTENT="R." HEIGHT="54" WIDTH="70" VPOS="3064" HPOS="950"/>
</TextLine>
<TextLine HEIGHT="71" WIDTH="1944" VPOS="3140" HPOS="454" STYLEREFS="StyleId-58F9F57A-0EE0-4803-A9D6-E5C96532EDE8-">
<String CONTENT="The" HEIGHT="52" WIDTH="122" VPOS="3142" HPOS="454"/>
<SP HEIGHT="51" WIDTH="36" VPOS="3160" HPOS="577"/>
<String CONTENT="government" HEIGHT="65" WIDTH="374" VPOS="3146" HPOS="614"/>
<SP HEIGHT="47" WIDTH="35" VPOS="3146" HPOS="989"/>
<String CONTENT="of" HEIGHT="53" WIDTH="65" VPOS="3140" HPOS="1025"/>
<SP HEIGHT="54" WIDTH="34" VPOS="3140" HPOS="1091"/>
<String CONTENT="Kent" HEIGHT="52" WIDTH="159" VPOS="3142" HPOS="1126"/>
<SP HEIGHT="48" WIDTH="34" VPOS="3146" HPOS="1286"/>
<String CONTENT="county," HEIGHT="64" WIDTH="230" VPOS="3146" HPOS="1321"/>
<SP HEIGHT="67" WIDTH="32" VPOS="3142" HPOS="1552"/>
<String CONTENT="Maryland," HEIGHT="70" WIDTH="331" VPOS="3141" HPOS="1585"/>
<SP HEIGHT="69" WIDTH="35" VPOS="3142" HPOS="1917"/>
<String CONTENT="historical" HEIGHT="54" WIDTH="297" VPOS="3142" HPOS="1953"/>
<SP HEIGHT="52" WIDTH="35" VPOS="3143" HPOS="2251"/>
<String CONTENT="and" HEIGHT="53" WIDTH="111" VPOS="3144" HPOS="2287"/>
</TextLine>
<TextLine HEIGHT="134" WIDTH="1993" VPOS="3218" HPOS="383" STYLEREFS="StyleId-58F9F57A-0EE0-4803-A9D6-E5C96532EDE8-" CS="1">
<String CONTENT="descriptive," HEIGHT="70" WIDTH="365" VPOS="3218" HPOS="383"/>
<SP HEIGHT="68" WIDTH="20" VPOS="3220" HPOS="749"/>
<String CONTENT="by" HEIGHT="68" WIDTH="77" VPOS="3220" HPOS="770"/>
<SP HEIGHT="67" WIDTH="21" VPOS="3221" HPOS="848"/>
<String CONTENT="William" HEIGHT="56" WIDTH="263" VPOS="3218" HPOS="870"/>
<SP HEIGHT="52" WIDTH="22" VPOS="3221" HPOS="1134"/>
<String CONTENT="R." HEIGHT="52" WIDTH="68" VPOS="3221" HPOS="1157"/>
<SP HEIGHT="53" WIDTH="23" VPOS="3220" HPOS="1226"/>
<String CONTENT="Howell" HEIGHT="54" WIDTH="229" VPOS="3219" HPOS="1250"/>
<SP HEIGHT="54" WIDTH="30" VPOS="3219" HPOS="1480"/>
<String CS="1" CONTENT="&#8230;"/>
<SP HEIGHT="55" WIDTH="80" VPOS="3220" HPOS="1567"/>
<String CONTENT="Chestertown," HEIGHT="69" WIDTH="412" VPOS="3220" HPOS="1648"/>
<SP HEIGHT="68" WIDTH="22" VPOS="3221" HPOS="2061"/>
<String CONTENT="Md.," HEIGHT="68" WIDTH="140" VPOS="3220" HPOS="2084"/>
<SP HEIGHT="65" WIDTH="23" VPOS="3223" HPOS="2225"/>
<String CONTENT="Published" HEIGHT="131" WIDTH="1993" VPOS="3221" HPOS="383"/>
</TextLine>
<TextLine HEIGHT="74" WIDTH="1792" VPOS="3294" HPOS="603" STYLEREFS="StyleId-58F9F57A-0EE0-4803-A9D6-E5C96532EDE8-" CS="1">
<String CONTENT="through" HEIGHT="69" WIDTH="251" VPOS="3297" HPOS="603"/>
<SP HEIGHT="52" WIDTH="35" VPOS="3298" HPOS="855"/>
<String CONTENT="the" HEIGHT="52" WIDTH="97" VPOS="3297" HPOS="891"/>
<SP HEIGHT="35" WIDTH="33" VPOS="3315" HPOS="989"/>
<String CONTENT="cooperation" HEIGHT="71" WIDTH="367" VPOS="3294" HPOS="1023"/>
<SP HEIGHT="35" WIDTH="34" VPOS="3315" HPOS="1391"/>
<String CONTENT="of" HEIGHT="54" WIDTH="64" VPOS="3296" HPOS="1426"/>
<SP HEIGHT="57" WIDTH="32" VPOS="3296" HPOS="1491"/>
<String CONTENT="Washington" HEIGHT="70" WIDTH="388" VPOS="3297" HPOS="1524"/>
<SP HEIGHT="35" WIDTH="34" VPOS="3316" HPOS="1913"/>
<String CONTENT="college" HEIGHT="70" WIDTH="212" VPOS="3298" HPOS="1948"/>
<SP HEIGHT="50" WIDTH="40" VPOS="3317" HPOS="2161"/>
<String CONTENT="[" HEIGHT="35" WIDTH="12" VPOS="3332" HPOS="2202"/>
<String STYLE="superscript" CS="1" CONTENT="&#7580;19"/>
<String CONTENT="31]" HEIGHT="65" WIDTH="84" VPOS="3303" HPOS="2311"/>
</TextLine>
<TextLine HEIGHT="51" WIDTH="1295" VPOS="3378" HPOS="457" STYLEREFS="StyleId-58F9F57A-0EE0-4803-A9D6-E5C96532EDE8-" CS="1">
<String CONTENT="1" HEIGHT="40" WIDTH="25" VPOS="3379" HPOS="457"/>
<SP HEIGHT="50" WIDTH="26" VPOS="3379" HPOS="483"/>
<String LANG="fr" CONTENT="p." HEIGHT="39" WIDTH="43" VPOS="3390" HPOS="510"/>
<SP HEIGHT="40" WIDTH="27" VPOS="3380" HPOS="554"/>
<String CS="1" CONTENT="l.," HEIGHT="17" WIDTH="8" VPOS="3411" HPOS="618"/>
<SP HEIGHT="37" WIDTH="26" VPOS="3391" HPOS="627"/>
<String CONTENT="v-xii" HEIGHT="41" WIDTH="133" VPOS="3378" HPOS="654"/>
<SP HEIGHT="49" WIDTH="23" VPOS="3378" HPOS="788"/>
<String CONTENT="p.," HEIGHT="38" WIDTH="58" VPOS="3389" HPOS="812"/>
<SP HEIGHT="48" WIDTH="26" VPOS="3379" HPOS="871"/>
<String CONTENT="2" HEIGHT="39" WIDTH="27" VPOS="3379" HPOS="898"/>
<SP HEIGHT="40" WIDTH="24" VPOS="3379" HPOS="926"/>
<String CS="1" CONTENT="l.," HEIGHT="17" WIDTH="8" VPOS="3410" HPOS="988"/>
<SP HEIGHT="47" WIDTH="27" VPOS="3380" HPOS="997"/>
<String CONTENT="199" HEIGHT="41" WIDTH="87" VPOS="3378" HPOS="1025"/>
<SP HEIGHT="49" WIDTH="25" VPOS="3378" HPOS="1113"/>
<String CONTENT="p." HEIGHT="38" WIDTH="42" VPOS="3389" HPOS="1139"/>
<SP HEIGHT="38" WIDTH="63" VPOS="3389" HPOS="1182"/>
<String CONTENT="plates," HEIGHT="48" WIDTH="172" VPOS="3379" HPOS="1246"/>
<SP HEIGHT="37" WIDTH="28" VPOS="3390" HPOS="1419"/>
<String CONTENT="map." HEIGHT="37" WIDTH="126" VPOS="3390" HPOS="1448"/>
<SP HEIGHT="41" WIDTH="58" VPOS="3380" HPOS="1575"/>
<String CONTENT="21" HEIGHT="39" WIDTH="55" VPOS="3380" HPOS="1634"/>
<String STYLE="superscript" CS="1" CONTENT="&#7580;&#7504;"/>
<String CONTENT="." HEIGHT="8" WIDTH="9" VPOS="3414" HPOS="1743"/>
</TextLine>
<TextLine HEIGHT="49" WIDTH="566" VPOS="3436" HPOS="457">
<String CONTENT="Errata" HEIGHT="40" WIDTH="181" VPOS="3437" HPOS="457"/>
<SP HEIGHT="32" WIDTH="29" VPOS="3446" HPOS="639"/>
<String CONTENT="slip" HEIGHT="49" WIDTH="95" VPOS="3436" HPOS="669"/>
<SP HEIGHT="49" WIDTH="25" VPOS="3436" HPOS="765"/>
<String CONTENT="inserted." HEIGHT="41" WIDTH="232" VPOS="3436" HPOS="791"/>
</TextLine>
<TextLine HEIGHT="51" WIDTH="743" VPOS="3492" HPOS="460">
<String CONTENT="Bibliography:" HEIGHT="49" WIDTH="380" VPOS="3493" HPOS="460"/>
<SP HEIGHT="38" WIDTH="32" VPOS="3504" HPOS="841"/>
<String CONTENT="p." HEIGHT="38" WIDTH="44" VPOS="3504" HPOS="874"/>
<SP HEIGHT="31" WIDTH="33" VPOS="3512" HPOS="919"/>
<String CONTENT="[196]-199." HEIGHT="51" WIDTH="250" VPOS="3492" HPOS="953"/>
</TextLine>
<TextLine HEIGHT="53" WIDTH="2013" VPOS="3546" HPOS="390" CS="1">
<String CONTENT="&#169;" HEIGHT="53" WIDTH="53" VPOS="3546" HPOS="390"/>
<SP HEIGHT="53" WIDTH="26" VPOS="3546" HPOS="444"/>
<String CONTENT="Mar." HEIGHT="41" WIDTH="123" VPOS="3552" HPOS="471"/>
<SP HEIGHT="41" WIDTH="24" VPOS="3552" HPOS="595"/>
<String CONTENT="30," HEIGHT="48" WIDTH="69" VPOS="3551" HPOS="620"/>
<SP HEIGHT="46" WIDTH="25" VPOS="3553" HPOS="690"/>
<String CS="1" CONTENT="1931;" HEIGHT="40" WIDTH="114" VPOS="3551" HPOS="716"/>
<SP HEIGHT="42" WIDTH="27" VPOS="3551" HPOS="859"/>
<String CONTENT="2c." HEIGHT="40" WIDTH="68" VPOS="3551" HPOS="887"/>
<SP HEIGHT="40" WIDTH="24" VPOS="3551" HPOS="956"/>
<String CONTENT="Apr." HEIGHT="47" WIDTH="115" VPOS="3551" HPOS="981"/>
<SP HEIGHT="42" WIDTH="23" VPOS="3549" HPOS="1097"/>
<String CONTENT="24;" HEIGHT="48" WIDTH="83" VPOS="3549" HPOS="1121"/>
<SP HEIGHT="37" WIDTH="29" VPOS="3560" HPOS="1205"/>
<String CONTENT="aff." HEIGHT="42" WIDTH="83" VPOS="3549" HPOS="1235"/>
<SP HEIGHT="41" WIDTH="25" VPOS="3550" HPOS="1319"/>
<String CONTENT="Apr." HEIGHT="48" WIDTH="115" VPOS="3550" HPOS="1345"/>
<SP HEIGHT="41" WIDTH="25" VPOS="3551" HPOS="1461"/>
<String CONTENT="13;" HEIGHT="47" WIDTH="82" VPOS="3550" HPOS="1487"/>
<SP HEIGHT="46" WIDTH="29" VPOS="3551" HPOS="1570"/>
<!-- cceid E5F9A838-6E8D-1014-9CF5-AEB3FCA41D69 --><String CONTENT="A" HEIGHT="39" WIDTH="38" VPOS="3551" HPOS="1600"/>
<SP HEIGHT="40" WIDTH="25" VPOS="3551" HPOS="1639"/>
<String CONTENT="36746;" HEIGHT="48" WIDTH="173" VPOS="3551" HPOS="1665"/>
<SP HEIGHT="47" WIDTH="28" VPOS="3552" HPOS="1839"/>
<String CONTENT="William" HEIGHT="41" WIDTH="217" VPOS="3551" HPOS="1868"/>
<SP HEIGHT="39" WIDTH="29" VPOS="3552" HPOS="2086"/>
<String CONTENT="R." HEIGHT="40" WIDTH="56" VPOS="3552" HPOS="2116"/>
<SP HEIGHT="40" WIDTH="26" VPOS="3552" HPOS="2173"/>
<String CONTENT="Howell," HEIGHT="46" WIDTH="203" VPOS="3551" HPOS="2200"/>
</TextLine>
<TextLine HEIGHT="49" WIDTH="839" VPOS="3606" HPOS="459">
<String CONTENT="Chestertown," HEIGHT="47" WIDTH="351" VPOS="3608" HPOS="459"/>
<SP HEIGHT="45" WIDTH="36" VPOS="3610" HPOS="811"/>
<String CONTENT="Md." HEIGHT="39" WIDTH="97" VPOS="3609" HPOS="848"/>
<SP HEIGHT="47" WIDTH="70" VPOS="3608" HPOS="946"/>
<String CONTENT="(31-10489)" HEIGHT="49" WIDTH="281" VPOS="3606" HPOS="1017"/>
</TextLine>
<TextLine HEIGHT="135" WIDTH="1994" VPOS="3688" HPOS="386" STYLEREFS="StyleId-58F9F57A-0EE0-4803-A9D6-E5C96532EDE8-" CS="1">
<String CONTENT="International" HEIGHT="53" WIDTH="435" VPOS="3688" HPOS="386"/>
<SP HEIGHT="56" WIDTH="42" VPOS="3689" HPOS="822"/>
<String CONTENT="clinics;" HEIGHT="58" WIDTH="224" VPOS="3691" HPOS="865"/>
<SP HEIGHT="40" WIDTH="47" VPOS="3709" HPOS="1090"/>
<String CONTENT="a" HEIGHT="33" WIDTH="31" VPOS="3709" HPOS="1138"/>
<SP HEIGHT="51" WIDTH="41" VPOS="3708" HPOS="1170"/>
<String CONTENT="quarterly" HEIGHT="68" WIDTH="296" VPOS="3691" HPOS="1212"/>
<SP HEIGHT="50" WIDTH="41" VPOS="3709" HPOS="1509"/>
<String CONTENT="of" HEIGHT="53" WIDTH="64" VPOS="3690" HPOS="1551"/>
<SP HEIGHT="53" WIDTH="41" VPOS="3690" HPOS="1616"/>
<String CONTENT="illustrated" HEIGHT="54" WIDTH="326" VPOS="3690" HPOS="1658"/>
<SP HEIGHT="52" WIDTH="41" VPOS="3692" HPOS="1985"/>
<String CONTENT="clinical" HEIGHT="54" WIDTH="228" VPOS="3689" HPOS="2027"/>
<SP HEIGHT="52" WIDTH="41" VPOS="3689" HPOS="2256"/>
<String CONTENT="lectures" HEIGHT="134" WIDTH="1923" VPOS="3689" HPOS="457"/>
</TextLine>
<TextLine HEIGHT="71" WIDTH="1765" VPOS="3767" HPOS="639" STYLEREFS="StyleId-58F9F57A-0EE0-4803-A9D6-E5C96532EDE8-" CS="1">
<String CONTENT="and" HEIGHT="53" WIDTH="111" VPOS="3770" HPOS="639"/>
<SP HEIGHT="53" WIDTH="26" VPOS="3770" HPOS="751"/>
<String CONTENT="especially" HEIGHT="69" WIDTH="305" VPOS="3769" HPOS="778"/>
<SP HEIGHT="50" WIDTH="25" VPOS="3788" HPOS="1084"/>
<String CONTENT="prepared" HEIGHT="67" WIDTH="283" VPOS="3770" HPOS="1110"/>
<SP HEIGHT="51" WIDTH="25" VPOS="3770" HPOS="1394"/>
<String CONTENT="original" HEIGHT="69" WIDTH="250" VPOS="3767" HPOS="1420"/>
<SP HEIGHT="52" WIDTH="26" VPOS="3769" HPOS="1671"/>
<String CONTENT="articles" HEIGHT="53" WIDTH="225" VPOS="3769" HPOS="1698"/>
<SP HEIGHT="34" WIDTH="27" VPOS="3788" HPOS="1924"/>
<String CS="1" CONTENT="&#8230;"/>
<SP HEIGHT="53" WIDTH="80" VPOS="3768" HPOS="2009"/>
<String CONTENT="Edited" HEIGHT="53" WIDTH="214" VPOS="3768" HPOS="2090"/>
<SP HEIGHT="53" WIDTH="24" VPOS="3768" HPOS="2305"/>
<String CONTENT="by" HEIGHT="68" WIDTH="74" VPOS="3769" HPOS="2330"/>
</TextLine>
<TextLine HEIGHT="71" WIDTH="1945" VPOS="3845" HPOS="459" STYLEREFS="StyleId-58F9F57A-0EE0-4803-A9D6-E5C96532EDE8-" CS="1">
<String CONTENT="Henry" HEIGHT="70" WIDTH="202" VPOS="3846" HPOS="459"/>
<SP HEIGHT="68" WIDTH="36" VPOS="3848" HPOS="662"/>
<String CONTENT="W." HEIGHT="53" WIDTH="90" VPOS="3848" HPOS="699"/>
<SP HEIGHT="55" WIDTH="44" VPOS="3847" HPOS="790"/>
<String CONTENT="Cattell" HEIGHT="55" WIDTH="213" VPOS="3847" HPOS="835"/>
<SP HEIGHT="66" WIDTH="43" VPOS="3848" HPOS="1049"/>
<String CS="1" CONTENT="[and" HEIGHT="52" WIDTH="112" VPOS="3848" HPOS="1112"/>
<SP HEIGHT="52" WIDTH="40" VPOS="3848" HPOS="1225"/>
<String CONTENT="others]" HEIGHT="66" WIDTH="207" VPOS="3847" HPOS="1266"/>
<SP HEIGHT="33" WIDTH="52" VPOS="3880" HPOS="1474"/>
<String CS="1" CONTENT="&#8230;"/>
<SP HEIGHT="33" WIDTH="78" VPOS="3865" HPOS="1583"/>
<String CONTENT="v." HEIGHT="33" WIDTH="49" VPOS="3865" HPOS="1662"/>
<SP HEIGHT="48" WIDTH="43" VPOS="3851" HPOS="1712"/>
<String CONTENT="1." HEIGHT="48" WIDTH="44" VPOS="3851" HPOS="1756"/>
<SP HEIGHT="53" WIDTH="39" VPOS="3846" HPOS="1801"/>
<String CONTENT="Forty-first" HEIGHT="71" WIDTH="337" VPOS="3845" HPOS="1841"/>
<SP HEIGHT="47" WIDTH="37" VPOS="3852" HPOS="2179"/>
<String CONTENT="series," HEIGHT="68" WIDTH="187" VPOS="3845" HPOS="2217"/>
</TextLine>
<TextLine HEIGHT="72" WIDTH="1941" VPOS="3922" HPOS="463" STYLEREFS="StyleId-58F9F57A-0EE0-4803-A9D6-E5C96532EDE8-">
<String LANG="en-US" CONTENT="1931." HEIGHT="49" WIDTH="149" VPOS="3928" HPOS="463"/>
<SP HEIGHT="51" WIDTH="74" VPOS="3926" HPOS="613"/>
<String LANG="en-US" CONTENT="Philadelphia" HEIGHT="70" WIDTH="407" VPOS="3924" HPOS="688"/>
<SP HEIGHT="35" WIDTH="32" VPOS="3944" HPOS="1096"/>
<String LANG="en-US" CONTENT="and" HEIGHT="53" WIDTH="110" VPOS="3926" HPOS="1129"/>
<SP HEIGHT="55" WIDTH="28" VPOS="3924" HPOS="1240"/>
<String LANG="en-US" CONTENT="London." HEIGHT="55" WIDTH="260" VPOS="3924" HPOS="1269"/>
<SP HEIGHT="55" WIDTH="26" VPOS="3924" HPOS="1530"/>
<String LANG="fr" CONTENT="J." HEIGHT="53" WIDTH="57" VPOS="3924" HPOS="1557"/>
<SP HEIGHT="53" WIDTH="26" VPOS="3924" HPOS="1615"/>
<String LANG="fr" CONTENT="B." HEIGHT="53" WIDTH="66" VPOS="3924" HPOS="1642"/>
<SP HEIGHT="53" WIDTH="27" VPOS="3924" HPOS="1709"/>
<String LANG="fr" CONTENT="Lippincott" HEIGHT="72" WIDTH="338" VPOS="3922" HPOS="1737"/>
<SP HEIGHT="47" WIDTH="28" VPOS="3930" HPOS="2076"/>
<String LANG="en-US" CONTENT="company," HEIGHT="54" WIDTH="299" VPOS="3940" HPOS="2105"/>
</TextLine>
<TextLine HEIGHT="50" WIDTH="149" VPOS="4006" HPOS="462" STYLEREFS="StyleId-58F9F57A-0EE0-4803-A9D6-E5C96532EDE8-">
<String CONTENT="1931." HEIGHT="50" WIDTH="149" VPOS="4006" HPOS="462"/>
</TextLine>
</TextBlock>
</PrintSpace>
</Page>
</Layout>
</alto>