2428 4370
970 4010 134 59 1971

35 402 297 60 Petrarca,
365 399 342 61 Francesco,
745 394 322 56 1304-1374.

101 477 121 52 The
264 482 224 45 sonnets
526 474 62 50 of
631 473 289 66 Petrarch,
959 469 312 56 translated
1315 469 71 68 by
1428 467 213 68 Joseph
1686 464 336 53 Auslander.

34 553 251 66 London,
310 552 136 52 New
476 549 160 53 York
789 584 12 33 [etc.]
834 549 341 67 Longmans,
1202 544 183 56 Green
1414 549 51 51 &
1491 563 96 49 co.,
1615 546 149 50 1931.

103 628 818 52 xiii, 336 p. front. (port.) 20½ᶜᵐ.
43 682 1986 59 © Nov. 18, 1931; 2c. and aff. Dec. 1; A 46096; Longmans, Green & co.
122 748 278 48 (31-28480)

35 844 66 51 Pi
131 842 192 63 kappa
354 840 175 54 delta.

105 921 121 51 The
256 919 256 67 winning
540 918 244 67 debates,
812 917 252 52 orations
1093 916 112 51 and
1235 915 260 67 speeches
1522 912 65 53 of
1614 914 96 52 the
1738 913 71 52 Pi
1838 911 192 69 kappa

37 988 1996 75 delta national honorary forensic society … Compiled and
39 1065 1995 76 edited by George W. Finley … v. 3. New York city, Noble
38 1152 111 52 and
179 1150 181 53 Noble
501 1152 83 63 [ᶜ1931]

110 1228 590 49 viii, 199 p. illus. 21 ᶜᵐ.
45 1280 1878 54 © Nov. 4, 1931; 2c. Dec. 10; aff. Dec. 11; A 46261; Noble & Noble.
37 1395 226 63 Powys,
293 1393 312 65 Llewelyn,
637 1399 170 49 1884-

105 1467 1924 73 Impassioned clay, by Llewelyn Powys … with a woodcut by
35 1549 166 69 Lynd
232 1548 194 54 AVard.
496 1548 254 68 London,
783 1548 134 52 New
952 1546 162 53 York
1274 1581 12 33 [etc.]
1325 1546 343 67 Longmans,
1701 1543 182 54 Green
1918 1544 107 53 and

35 1646 97 49 co.,
163 1629 150 50 1931.

107 1704 941 52 2 p. l., 120 p. mounted front. 21½ ᶜᵐ.
107 1765 229 39 “Printed
369 1764 50 38 in
452 1765 81 38 the
567 1763 178 39 United
781 1764 160 39 States
974 1762 52 38 of
1057 1761 267 41 America.”

108 1821 163 40 “First
300 1819 225 41 edition.”

46 1861 1989 68 © Nov. 4. 1931; 2c. and aff. Nov. 11; A 44749; Longmans, Green & co.
123 1937 278 49 (31-33631)

38 2029 202 53 Punch.
375 2073 9 10 v.
417 2034 117 64 181,
559 2047 89 34 no.
676 2028 153 67 4712,
859 2027 124 55 Oct.
1012 2031 84 65 28,
1126 2031 150 49 1931.

47 2107 1988 52 © 1c. Dec. 23, 1931; A ad int. 15885; pubd. Oct. 28; Herbert Heather,
115 2169 209 39 London.

41 2261 202 52 Punch
275 2263 313 68 almanack,
621 2265 148 49 1932.
844 2263 217 51 Punch,
1136 2280 87 34 no.
1254 2261 212 71 4712A,
1494 2262 143 52 Nov.
1668 2265 49 65 2,
1749 2265 150 50 1931.

47 2340 1990 52 © 1c. Dec. 30. 1931; A ad int. 15918; pubd. Nov. 2; Herbert Heather,
115 2401 210 41 London.

42 2494 384 64 Richardson,
458 2494 199 52 Frank
687 2493 274 55 Herbert.

112 2571 402 54 Richardson’s
545 2571 303 53 handbook
878 2572 64 52 of
974 2571 344 68 projection;
1354 2574 94 51 the
1477 2573 130 52 blue
1637 2572 148 52 book
1815 2572 66 53 of
41 2591 1972 126 projection.

40 2648 1974 146 5th ed. … v. 3 … New York city, Chalmers publishing company [ ᶜ19 30]
115 2805 1022 49 xxxii, 961-1379 p. illus., diagrs. 19 ᶜᵐ.
49 2860 51 52 ©
131 2865 127 39 June
284 2864 69 48 30,
384 2862 139 49 1930;
555 2864 65 39 2c.
651 2865 95 38 and
776 2862 80 41 aff.
888 2864 111 41 Dec.
1029 2865 39 46 8,
1099 2864 141 47 1931;
1272 2865 42 38 A
1342 2865 171 46 45356;
1548 2865 251 40 Chalmers
1830 2866 109 48 pub.
1971 2876 66 31 co.

43 2972 271 64 Roberts,
345 2972 202 53 James
575 2973 293 64 Brendan,
904 2978 170 50 1906-

43 3048 1969 146 … The banns of marriage; an historical synopsis and commentary … by the
42 3126 1972 146 Reverend James B. Roberts … Washington,
188 3204 72 51 D.
295 3202 81 69 C.,
406 3204 120 52 The
560 3202 260 55 Catholic
851 3203 319 69 university
1203 3203 66 54 of
1296 3204 285 68 America,
1617 3208 151 50 1931.

113 3282 1924 49 xiv, 140 p. 23 ᶜᵐ. (The Catholic university of America. Canon law
42 3340 200 39 studies,
296 3349 75 29 no.
398 3338 79 48 64)

112 3395 172 40 Thesis
322 3395 62 48 (J.
445 3427 8 8 C.
512 3395 327 48 D.)—Catholic
868 3395 272 47 university
1169 3395 53 41 of
1249 3396 236 50 America,
1515 3396 129 43 1931.

112 3450 126 41 Vita.

113 3506 347 48 Bibliography;
515 3518 44 37 p.
588 3506 216 41 124-128.

49 3559 1989 58 © May 21, 1931; 2c. and aff. Nov. 10; A 44685; Catholic university of
116 3621 235 40 America.
426 3620 279 49 (31-34136)

42 3699 209 64 Roper,
281 3699 196 55 Willet
506 3701 242 64 Crosby,
781 3707 170 50 1910-

111 3776 120 53 The
269 3777 251 66 problem
560 3776 63 53 of
658 3778 227 69 pricing
919 3778 60 53 in
1017 3800 31 34 a
1086 3780 250 53 socialist
1372 3786 162 62 state,
1570 3781 79 70 by
1764 3826 10 9 W.
1814 3782 219 71 Crosby

42 3851 1991 78 Roper, jr. … Cambridge, Mass., Harvard university press,
43 3931 151 52 1931.
