<alto xmlns="http://www.loc.gov/standards/alto/ns-v3#" xmlns:xlink="http://www.w3.org/1999/xlink" xmlns:xsi="http://www.w3.org/2001/XMLSchema-instance" xsi:schemaLocation="http://www.loc.gov/standards/alto/ns-v3# http://www.loc.gov/alto/v3/alto-3-0.xsd"><Description>
<MeasurementUnit>pixel</MeasurementUnit>
<sourceImageInformation>
<fileName>1931_v28_Part001.pdf</fileName>
</sourceImageInformation>
<OCRProcessing ID="IdOcr">
<ocrProcessingStep>
<processingDateTime>2019-04-22</processingDateTime>
<processingSoftware>
<softwareCreator>ABBYY</softwareCreator>
<softwareName>ABBYY Recognition Server</softwareName>
<softwareVersion>4.0</softwareVersion>
</processingSoftware>
</ocrProcessingStep>
</OCRProcessing>
</Description>
<Styles>
<ParagraphStyle ID="StyleId-FFFFFFFF-FFFF-FFFF-FFFF-FFFFFFFFFFFF-" ALIGN="Left" LEFT="0." RIGHT="0." FIRSTLINE="0."/>
<ParagraphStyle ID="StyleId-204B5AEB-67A1-44E2-A013-34B3A0F3E0EA-" ALIGN="Right" LEFT="0." RIGHT="0." FIRSTLINE="0." LINESPACE="8.300000191"/>
<ParagraphStyle ID="StyleId-03245871-796C-4429-B3C7-F9019C8C5B89-" ALIGN="Left" LEFT="0." RIGHT="0." FIRSTLINE="0." LINESPACE="12.19999981"/>
<ParagraphStyle ID="StyleId-BDCA8811-25FF-44DB-8D6F-2072A4ABC070-" ALIGN="Center" LEFT="0." RIGHT="0." FIRSTLINE="0." LINESPACE="12.19999981"/>
<ParagraphStyle ID="StyleId-2C5B7DF0-AF87-455E-B9A8-6FE387CB59BD-" ALIGN="Left" LEFT="0." RIGHT="0." FIRSTLINE="-13." LINESPACE="8.479999542"/>
<ParagraphStyle ID="StyleId-9FB72FA1-55D5-4161-8333-823D5732F4D0-" ALIGN="Block" LEFT="0." RIGHT="0." FIRSTLINE="-14." LINESPACE="10."/>
<ParagraphStyle ID="StyleId-212AEB8C-A829-4BF1-8E45-5BFE386A469C-" ALIGN="Block" LEFT="0." RIGHT="0." FIRSTLINE="-14." LINESPACE="11.35000038"/>
<ParagraphStyle ID="StyleId-4EC79CC1-EA62-49CE-ABB6-D84DDFCF4C7D-" ALIGN="Block" LEFT="0." RIGHT="0." FIRSTLINE="-10." LINESPACE="12.19999981"/>
<ParagraphStyle ID="StyleId-DAF2E8EE-6444-4951-9284-36A6C020C887-" ALIGN="Left" LEFT="0." RIGHT="0." FIRSTLINE="0." LINESPACE="9.399999619"/>
<ParagraphStyle ID="StyleId-25241749-1672-4977-B19F-38F59800D6D8-" ALIGN="Left" LEFT="0." RIGHT="0." FIRSTLINE="0." LINESPACE="11.10000038"/>
<ParagraphStyle ID="StyleId-8C523E19-EDEF-4F23-B010-536E1A1AAE1A-" ALIGN="Left" LEFT="0." RIGHT="0." FIRSTLINE="-13." LINESPACE="12.19999981"/>
<ParagraphStyle ID="StyleId-A1F9DE9E-2625-4D8B-AD7E-F0A0034C2989-" ALIGN="Block" LEFT="0." RIGHT="0." FIRSTLINE="0." LINESPACE="12.19999981"/>
<ParagraphStyle ID="StyleId-5725BB01-2B1C-440F-BAF2-696C4F4DF162-" ALIGN="Block" LEFT="0." RIGHT="0." FIRSTLINE="13." LINESPACE="12.19999981"/>
<ParagraphStyle ID="StyleId-F10A2092-61AA-44FD-99C2-123B3A8051CF-" ALIGN="Left" LEFT="0." RIGHT="0." FIRSTLINE="0." LINESPACE="5.5"/>
<ParagraphStyle ID="StyleId-B3CDC8CC-D2E1-4A23-B67C-CDD40993D1DD-" ALIGN="Left" LEFT="0." RIGHT="0." FIRSTLINE="0." LINESPACE="10."/>
<ParagraphStyle ID="StyleId-871EBF53-D909-4C8F-B368-AC7D897344DD-" ALIGN="Left" LEFT="0." RIGHT="0." FIRSTLINE="0."/>
<ParagraphStyle ID="StyleId-C4129744-680B-4878-B2C4-44BA3742C8D7-" ALIGN="Block" LEFT="0." RIGHT="0." FIRSTLINE="-14." LINESPACE="11.35000038"/>
<ParagraphStyle ID="StyleId-9CE98075-0B04-43D4-88D8-CE3BAB51B419-" ALIGN="Block" LEFT="0." RIGHT="0." FIRSTLINE="-10." LINESPACE="12.19999981"/>
<ParagraphStyle ID="StyleId-B2CFB7B3-DFFA-4E0E-94D6-C2BCE88DA9A9-" ALIGN="Left" LEFT="0." RIGHT="0." FIRSTLINE="0." LINESPACE="12.5"/>
<ParagraphStyle ID="StyleId-8D3352F3-1084-4DDE-A35D-B97102CCE686-" ALIGN="Left" LEFT="0." RIGHT="0." FIRSTLINE="0." LINESPACE="11.60000038"/>
<ParagraphStyle ID="StyleId-4A8DDA0D-166D-4E22-A597-BA51B892602D-" ALIGN="Block" LEFT="0." RIGHT="0." FIRSTLINE="0." LINESPACE="11.21000004"/>
<ParagraphStyle ID="StyleId-90EA4001-AA3C-45A1-AEDC-D1E1169EE5E5-" ALIGN="Block" LEFT="0." RIGHT="0." FIRSTLINE="13." LINESPACE="12.19999981"/>
</Styles>
<Layout>
<Page ID="Page162" PHYSICAL_IMG_NR="162" HEIGHT="4370" WIDTH="2505">
<TopMargin HEIGHT="370" WIDTH="2505" VPOS="0" HPOS="0">
</TopMargin>
<LeftMargin HEIGHT="3627" WIDTH="308" VPOS="370" HPOS="0">
</LeftMargin>
<RightMargin HEIGHT="3627" WIDTH="143" VPOS="370" HPOS="2362">
</RightMargin>
<BottomMargin HEIGHT="373" WIDTH="2505" VPOS="3997" HPOS="0">
<TextBlock ID="Page162_Block1" HEIGHT="159" WIDTH="418" VPOS="4022" HPOS="1197" LANG="en-US" STYLEREFS="StyleId-34493EEA-3218-40F3-86B7-D5C96181946F-">
<TextLine HEIGHT="53" WIDTH="102" VPOS="4042" HPOS="1287">
<String CONTENT="162" HEIGHT="53" WIDTH="102" VPOS="4042" HPOS="1287"/>
</TextLine>
</TextBlock>
</BottomMargin>
<PrintSpace HEIGHT="3627" WIDTH="2054" VPOS="370" HPOS="308">
<TextBlock ID="Page162_Block2" HEIGHT="3627" WIDTH="2054" VPOS="370" HPOS="308" LANG="en-US" CS="1" STYLEREFS="StyleId-DB664E83-C1F4-4759-8DE7-0848BDE207F4-">
<TextLine HEIGHT="50" WIDTH="682" VPOS="460" HPOS="388" CS="1">
<String CONTENT="3" HEIGHT="41" WIDTH="28" VPOS="461" HPOS="388"/>
<SP HEIGHT="49" WIDTH="28" VPOS="461" HPOS="417"/>
<String CONTENT="p." HEIGHT="39" WIDTH="43" VPOS="471" HPOS="446"/>
<SP/>
<String CS="1" CONTENT="l.,"/>
<SP/>
<String CONTENT="93" HEIGHT="43" WIDTH="57" VPOS="460" HPOS="598"/>
<SP HEIGHT="49" WIDTH="28" VPOS="461" HPOS="656"/>
<String CONTENT="p.," HEIGHT="38" WIDTH="59" VPOS="472" HPOS="685"/>
<SP HEIGHT="48" WIDTH="29" VPOS="462" HPOS="745"/>
<String CONTENT="1" HEIGHT="39" WIDTH="26" VPOS="462" HPOS="775"/>
<SP HEIGHT="40" WIDTH="27" VPOS="462" HPOS="802"/>
<String CS="1" CONTENT="l." HEIGHT="9" WIDTH="9" VPOS="494" HPOS="852"/>
<SP HEIGHT="41" WIDTH="58" VPOS="462" HPOS="862"/>
<String CS="1" CONTENT="23&#189;" HEIGHT="42" WIDTH="57" VPOS="462" HPOS="921"/>
<String STYLE="superscript" CS="1" CONTENT="&#7580;&#7504;"/>
<String CONTENT="." HEIGHT="10" WIDTH="11" VPOS="494" HPOS="1059"/>
</TextLine>
<TextLine HEIGHT="50" WIDTH="1006" VPOS="517" HPOS="390" STYLEREFS="StyleId-2F0F8BA6-8BF0-44D0-93B6-65F875A9596A-" CS="1">
<String CONTENT="Thesis" HEIGHT="41" WIDTH="175" VPOS="518" HPOS="390"/>
<SP HEIGHT="49" WIDTH="28" VPOS="518" HPOS="566"/>
<String CS="1" CONTENT="(B." HEIGHT="49" WIDTH="62" VPOS="518" HPOS="595"/>
<SP HEIGHT="32" WIDTH="16" VPOS="528" HPOS="658"/>
<String CS="1" CONTENT="LITT.)&#8212;Oxford" HEIGHT="49" WIDTH="300" VPOS="517" HPOS="788"/>
<SP HEIGHT="41" WIDTH="16" VPOS="519" HPOS="1089"/>
<String CONTENT="university." HEIGHT="49" WIDTH="290" VPOS="518" HPOS="1106"/>
</TextLine>
<TextLine HEIGHT="53" WIDTH="2019" VPOS="576" HPOS="325" STYLEREFS="StyleId-2F0F8BA6-8BF0-44D0-93B6-65F875A9596A-" CS="1">
<String CONTENT="&#169;" HEIGHT="53" WIDTH="52" VPOS="576" HPOS="325"/>
<SP HEIGHT="53" WIDTH="36" VPOS="576" HPOS="378"/>
<String CONTENT="Sept." HEIGHT="48" WIDTH="129" VPOS="581" HPOS="415"/>
<SP HEIGHT="40" WIDTH="32" VPOS="581" HPOS="545"/>
<String CONTENT="16," HEIGHT="49" WIDTH="69" VPOS="580" HPOS="578"/>
<SP HEIGHT="49" WIDTH="32" VPOS="580" HPOS="648"/>
<String CS="1" CONTENT="1930;" HEIGHT="41" WIDTH="118" VPOS="579" HPOS="681"/>
<SP HEIGHT="41" WIDTH="34" VPOS="580" HPOS="824"/>
<String CONTENT="2c." HEIGHT="40" WIDTH="66" VPOS="580" HPOS="859"/>
<SP HEIGHT="29" WIDTH="35" VPOS="591" HPOS="926"/>
<String CONTENT="and" HEIGHT="40" WIDTH="96" VPOS="580" HPOS="962"/>
<SP HEIGHT="40" WIDTH="32" VPOS="580" HPOS="1059"/>
<String CONTENT="aff." HEIGHT="42" WIDTH="82" VPOS="578" HPOS="1092"/>
<SP HEIGHT="39" WIDTH="34" VPOS="579" HPOS="1175"/>
<String CONTENT="Feb." HEIGHT="40" WIDTH="113" VPOS="579" HPOS="1210"/>
<SP HEIGHT="39" WIDTH="31" VPOS="580" HPOS="1324"/>
<String CONTENT="4" HEIGHT="38" WIDTH="26" VPOS="580" HPOS="1356"/>
<SP HEIGHT="45" WIDTH="18" VPOS="580" HPOS="1383"/>
<String CONTENT=";" HEIGHT="36" WIDTH="8" VPOS="589" HPOS="1402"/>
<SP HEIGHT="46" WIDTH="36" VPOS="579" HPOS="1411"/>
<!-- cceid DE26CFF2-6E8D-1014-9CF5-AEB3FCA41D69 --><String CS="1" CONTENT="A"/>
<SP HEIGHT="41" WIDTH="31" VPOS="579" HPOS="1489"/>
<String CONTENT="33537" HEIGHT="41" WIDTH="144" VPOS="579" HPOS="1521"/>
<SP HEIGHT="46" WIDTH="16" VPOS="580" HPOS="1666"/>
<String CONTENT=";" HEIGHT="37" WIDTH="10" VPOS="589" HPOS="1683"/>
<SP HEIGHT="46" WIDTH="35" VPOS="580" HPOS="1694"/>
<String CONTENT="Princeton" HEIGHT="42" WIDTH="261" VPOS="578" HPOS="1730"/>
<SP HEIGHT="29" WIDTH="33" VPOS="590" HPOS="1992"/>
<String CONTENT="univ." HEIGHT="42" WIDTH="133" VPOS="578" HPOS="2026"/>
<SP HEIGHT="37" WIDTH="32" VPOS="590" HPOS="2160"/>
<String CONTENT="press." HEIGHT="38" WIDTH="151" VPOS="589" HPOS="2193"/>
</TextLine>
<TextLine HEIGHT="51" WIDTH="254" VPOS="637" HPOS="403" STYLEREFS="StyleId-2F0F8BA6-8BF0-44D0-93B6-65F875A9596A-">
<String CONTENT="(31-4211)" HEIGHT="51" WIDTH="254" VPOS="637" HPOS="403"/>
</TextLine>
<TextLine HEIGHT="66" WIDTH="473" VPOS="719" HPOS="321">
<String CONTENT="Burke," HEIGHT="65" WIDTH="220" VPOS="720" HPOS="321"/>
<SP HEIGHT="64" WIDTH="29" VPOS="721" HPOS="542"/>
<String CONTENT="Edgar." HEIGHT="65" WIDTH="222" VPOS="719" HPOS="572"/>
</TextLine>
<TextLine HEIGHT="71" WIDTH="1952" VPOS="795" HPOS="390">
<String CONTENT="American" HEIGHT="54" WIDTH="312" VPOS="797" HPOS="390"/>
<SP HEIGHT="52" WIDTH="33" VPOS="798" HPOS="703"/>
<String CONTENT="dry" HEIGHT="68" WIDTH="109" VPOS="798" HPOS="737"/>
<SP HEIGHT="70" WIDTH="33" VPOS="796" HPOS="847"/>
<String CONTENT="flies" HEIGHT="54" WIDTH="122" VPOS="796" HPOS="881"/>
<SP HEIGHT="35" WIDTH="34" VPOS="815" HPOS="1004"/>
<String CONTENT="and" HEIGHT="53" WIDTH="115" VPOS="797" HPOS="1039"/>
<SP HEIGHT="54" WIDTH="32" VPOS="796" HPOS="1155"/>
<String CONTENT="how" HEIGHT="53" WIDTH="131" VPOS="796" HPOS="1188"/>
<SP HEIGHT="47" WIDTH="34" VPOS="802" HPOS="1320"/>
<String CONTENT="to" HEIGHT="48" WIDTH="60" VPOS="802" HPOS="1355"/>
<SP HEIGHT="47" WIDTH="33" VPOS="803" HPOS="1416"/>
<String CONTENT="tie" HEIGHT="54" WIDTH="79" VPOS="796" HPOS="1450"/>
<SP HEIGHT="49" WIDTH="35" VPOS="801" HPOS="1530"/>
<String CONTENT="them," HEIGHT="68" WIDTH="174" VPOS="796" HPOS="1566"/>
<SP HEIGHT="69" WIDTH="32" VPOS="795" HPOS="1741"/>
<String CONTENT="by" HEIGHT="71" WIDTH="77" VPOS="795" HPOS="1774"/>
<SP HEIGHT="70" WIDTH="35" VPOS="796" HPOS="1852"/>
<String CONTENT="Edgar" HEIGHT="70" WIDTH="202" VPOS="796" HPOS="1888"/>
<SP HEIGHT="51" WIDTH="37" VPOS="798" HPOS="2091"/>
<String CONTENT="Burke," HEIGHT="68" WIDTH="213" VPOS="795" HPOS="2129"/>
</TextLine>
<TextLine HEIGHT="71" WIDTH="1964" VPOS="873" HPOS="378" CS="1">
<String CS="1" CONTENT="M"/>
<String LANG="el" CONTENT="." HEIGHT="10" WIDTH="11" VPOS="919" HPOS="378"/>
<SP HEIGHT="34" WIDTH="40" VPOS="895" HPOS="390"/>
<String CONTENT="D." HEIGHT="33" WIDTH="48" VPOS="895" HPOS="431"/>
<SP HEIGHT="35" WIDTH="85" VPOS="908" HPOS="480"/>
<String CONTENT="[New" HEIGHT="68" WIDTH="158" VPOS="875" HPOS="566"/>
<SP HEIGHT="53" WIDTH="41" VPOS="875" HPOS="725"/>
<String CONTENT="York]" HEIGHT="68" WIDTH="182" VPOS="875" HPOS="767"/>
<SP HEIGHT="68" WIDTH="46" VPOS="875" HPOS="950"/>
<String CONTENT="Priv." HEIGHT="53" WIDTH="160" VPOS="874" HPOS="997"/>
<SP HEIGHT="50" WIDTH="43" VPOS="893" HPOS="1158"/>
<String CONTENT="print.," HEIGHT="68" WIDTH="199" VPOS="875" HPOS="1202"/>
<SP HEIGHT="68" WIDTH="41" VPOS="875" HPOS="1402"/>
<String CONTENT="The" HEIGHT="54" WIDTH="123" VPOS="874" HPOS="1444"/>
<SP HEIGHT="54" WIDTH="39" VPOS="874" HPOS="1568"/>
<String CONTENT="Anglers&#8217;" HEIGHT="70" WIDTH="268" VPOS="874" HPOS="1608"/>
<SP HEIGHT="54" WIDTH="42" VPOS="874" HPOS="1877"/>
<String CONTENT="club" HEIGHT="54" WIDTH="129" VPOS="874" HPOS="1920"/>
<SP HEIGHT="53" WIDTH="41" VPOS="875" HPOS="2050"/>
<String CONTENT="of" HEIGHT="55" WIDTH="66" VPOS="873" HPOS="2092"/>
<SP HEIGHT="55" WIDTH="41" VPOS="873" HPOS="2159"/>
<String CONTENT="New" HEIGHT="54" WIDTH="141" VPOS="874" HPOS="2201"/>
</TextLine>
<TextLine HEIGHT="69" WIDTH="366" VPOS="953" HPOS="321">
<String CONTENT="York," HEIGHT="69" WIDTH="183" VPOS="953" HPOS="321"/>
<SP HEIGHT="65" WIDTH="29" VPOS="957" HPOS="505"/>
<String CONTENT="1931." HEIGHT="50" WIDTH="152" VPOS="956" HPOS="535"/>
</TextLine>
<TextLine HEIGHT="51" WIDTH="961" VPOS="1033" HPOS="389" STYLEREFS="StyleId-2F0F8BA6-8BF0-44D0-93B6-65F875A9596A-" CS="1">
<String CONTENT="3" HEIGHT="41" WIDTH="27" VPOS="1034" HPOS="389"/>
<SP HEIGHT="48" WIDTH="25" VPOS="1034" HPOS="417"/>
<String CONTENT="p." HEIGHT="39" WIDTH="44" VPOS="1043" HPOS="443"/>
<SP/>
<String CS="1" CONTENT="l.,"/>
<SP/>
<String CONTENT="24," HEIGHT="48" WIDTH="71" VPOS="1033" HPOS="588"/>
<SP HEIGHT="30" WIDTH="32" VPOS="1054" HPOS="660"/>
<String CONTENT="[1]" HEIGHT="49" WIDTH="55" VPOS="1035" HPOS="693"/>
<SP HEIGHT="40" WIDTH="27" VPOS="1044" HPOS="749"/>
<String CONTENT="p." HEIGHT="38" WIDTH="44" VPOS="1044" HPOS="777"/>
<SP HEIGHT="39" WIDTH="59" VPOS="1034" HPOS="822"/>
<String CONTENT="front.," HEIGHT="49" WIDTH="167" VPOS="1034" HPOS="882"/>
<SP HEIGHT="39" WIDTH="25" VPOS="1044" HPOS="1050"/>
<String CS="1" CONTENT="pl." HEIGHT="39" WIDTH="62" VPOS="1044" HPOS="1076"/>
<SP HEIGHT="40" WIDTH="61" VPOS="1034" HPOS="1139"/>
<String CS="1" CONTENT="19&#189;" HEIGHT="41" WIDTH="57" VPOS="1033" HPOS="1201"/>
<String STYLE="superscript" CS="1" CONTENT="&#7580;&#7504;"/>
<String CONTENT="." HEIGHT="9" WIDTH="10" VPOS="1066" HPOS="1340"/>
</TextLine>
<TextLine HEIGHT="50" WIDTH="1948" VPOS="1090" HPOS="393" STYLEREFS="StyleId-2F0F8BA6-8BF0-44D0-93B6-65F875A9596A-" CS="1">
<String CONTENT="&#8220;Five" HEIGHT="42" WIDTH="148" VPOS="1090" HPOS="393"/>
<SP HEIGHT="40" WIDTH="29" VPOS="1092" HPOS="542"/>
<String CONTENT="hundred" HEIGHT="39" WIDTH="224" VPOS="1092" HPOS="572"/>
<SP HEIGHT="39" WIDTH="30" VPOS="1092" HPOS="797"/>
<String CONTENT="copies" HEIGHT="49" WIDTH="161" VPOS="1090" HPOS="828"/>
<SP HEIGHT="30" WIDTH="34" VPOS="1102" HPOS="990"/>
<String CS="1" CONTENT="&#8230;"/>
<SP HEIGHT="39" WIDTH="35" VPOS="1092" HPOS="1071"/>
<String CONTENT="have" HEIGHT="40" WIDTH="125" VPOS="1092" HPOS="1107"/>
<SP HEIGHT="42" WIDTH="30" VPOS="1090" HPOS="1233"/>
<String CONTENT="been" HEIGHT="41" WIDTH="120" VPOS="1090" HPOS="1264"/>
<SP HEIGHT="39" WIDTH="31" VPOS="1100" HPOS="1385"/>
<String CONTENT="printed" HEIGHT="49" WIDTH="197" VPOS="1090" HPOS="1417"/>
<SP HEIGHT="40" WIDTH="29" VPOS="1091" HPOS="1615"/>
<String CONTENT="by" HEIGHT="48" WIDTH="62" VPOS="1091" HPOS="1645"/>
<SP HEIGHT="46" WIDTH="32" VPOS="1093" HPOS="1708"/>
<String CONTENT="the" HEIGHT="39" WIDTH="81" VPOS="1092" HPOS="1741"/>
<SP HEIGHT="41" WIDTH="30" VPOS="1090" HPOS="1823"/>
<String CONTENT="Derrydale" HEIGHT="49" WIDTH="274" VPOS="1090" HPOS="1854"/>
<SP HEIGHT="38" WIDTH="31" VPOS="1102" HPOS="2129"/>
<String CONTENT="press.&#8221;" HEIGHT="49" WIDTH="180" VPOS="1091" HPOS="2161"/>
</TextLine>
<TextLine HEIGHT="54" WIDTH="2018" VPOS="1144" HPOS="329" STYLEREFS="StyleId-2F0F8BA6-8BF0-44D0-93B6-65F875A9596A-">
<String CONTENT="&#169;" HEIGHT="53" WIDTH="51" VPOS="1144" HPOS="329"/>
<SP HEIGHT="53" WIDTH="38" VPOS="1144" HPOS="381"/>
<String CONTENT="Jan." HEIGHT="40" WIDTH="109" VPOS="1150" HPOS="420"/>
<SP HEIGHT="40" WIDTH="37" VPOS="1150" HPOS="530"/>
<String CONTENT="5," HEIGHT="47" WIDTH="39" VPOS="1150" HPOS="568"/>
<SP HEIGHT="48" WIDTH="36" VPOS="1149" HPOS="608"/>
<String CONTENT="1931;" HEIGHT="48" WIDTH="141" VPOS="1148" HPOS="645"/>
<SP HEIGHT="47" WIDTH="37" VPOS="1149" HPOS="787"/>
<String CONTENT="2c." HEIGHT="41" WIDTH="69" VPOS="1149" HPOS="825"/>
<SP HEIGHT="29" WIDTH="36" VPOS="1161" HPOS="895"/>
<String CONTENT="and" HEIGHT="39" WIDTH="96" VPOS="1150" HPOS="932"/>
<SP HEIGHT="39" WIDTH="37" VPOS="1150" HPOS="1029"/>
<String CONTENT="aff." HEIGHT="41" WIDTH="82" VPOS="1148" HPOS="1067"/>
<SP HEIGHT="40" WIDTH="37" VPOS="1149" HPOS="1150"/>
<String CONTENT="Feb." HEIGHT="41" WIDTH="113" VPOS="1149" HPOS="1188"/>
<SP HEIGHT="40" WIDTH="36" VPOS="1150" HPOS="1302"/>
<String CONTENT="4;" HEIGHT="46" WIDTH="53" VPOS="1150" HPOS="1339"/>
<SP HEIGHT="47" WIDTH="39" VPOS="1149" HPOS="1393"/>
<!-- cceid DE2797F9-6E8D-1014-9CF5-AEB3FCA41D69 --><String CONTENT="A" HEIGHT="39" WIDTH="41" VPOS="1149" HPOS="1433"/>
<SP HEIGHT="40" WIDTH="35" VPOS="1149" HPOS="1475"/>
<String CONTENT="33540;" HEIGHT="50" WIDTH="173" VPOS="1147" HPOS="1511"/>
<SP HEIGHT="49" WIDTH="38" VPOS="1148" HPOS="1685"/>
<String CONTENT="Derrydale" HEIGHT="52" WIDTH="279" VPOS="1145" HPOS="1724"/>
<SP HEIGHT="38" WIDTH="34" VPOS="1159" HPOS="2004"/>
<String CONTENT="press," HEIGHT="39" WIDTH="152" VPOS="1159" HPOS="2039"/>
<SP HEIGHT="49" WIDTH="37" VPOS="1149" HPOS="2192"/>
<String CONTENT="New" HEIGHT="40" WIDTH="117" VPOS="1149" HPOS="2230"/>
</TextLine>
<TextLine HEIGHT="50" WIDTH="472" VPOS="1206" HPOS="398" STYLEREFS="StyleId-2F0F8BA6-8BF0-44D0-93B6-65F875A9596A-">
<String CONTENT="York." HEIGHT="40" WIDTH="147" VPOS="1207" HPOS="398"/>
<SP HEIGHT="49" WIDTH="70" VPOS="1206" HPOS="546"/>
<String CONTENT="(31-4079)" HEIGHT="50" WIDTH="253" VPOS="1206" HPOS="617"/>
</TextLine>
<TextLine HEIGHT="67" WIDTH="1479" VPOS="1287" HPOS="325">
<String CONTENT="Cady," HEIGHT="64" WIDTH="183" VPOS="1289" HPOS="325"/>
<SP HEIGHT="63" WIDTH="27" VPOS="1290" HPOS="509"/>
<String CONTENT="Mrs." HEIGHT="54" WIDTH="140" VPOS="1290" HPOS="537"/>
<SP HEIGHT="54" WIDTH="28" VPOS="1289" HPOS="678"/>
<String CONTENT="Bertha" HEIGHT="53" WIDTH="228" VPOS="1289" HPOS="707"/>
<SP HEIGHT="53" WIDTH="28" VPOS="1289" HPOS="936"/>
<String CONTENT="Louise" HEIGHT="55" WIDTH="216" VPOS="1287" HPOS="965"/>
<SP HEIGHT="64" WIDTH="36" VPOS="1290" HPOS="1182"/>
<String CONTENT="(Chapman)" HEIGHT="66" WIDTH="373" VPOS="1288" HPOS="1219"/>
<SP HEIGHT="64" WIDTH="38" VPOS="1288" HPOS="1593"/>
<String CONTENT="1873-" HEIGHT="53" WIDTH="172" VPOS="1290" HPOS="1632"/>
</TextLine>
<TextLine HEIGHT="72" WIDTH="1956" VPOS="1364" HPOS="391">
<String CONTENT="Animal" HEIGHT="54" WIDTH="241" VPOS="1365" HPOS="391"/>
<SP HEIGHT="69" WIDTH="31" VPOS="1366" HPOS="633"/>
<String CONTENT="pets," HEIGHT="64" WIDTH="144" VPOS="1371" HPOS="665"/>
<SP HEIGHT="50" WIDTH="29" VPOS="1385" HPOS="810"/>
<String CONTENT="a" HEIGHT="34" WIDTH="28" VPOS="1385" HPOS="840"/>
<SP HEIGHT="35" WIDTH="33" VPOS="1385" HPOS="869"/>
<String CONTENT="study" HEIGHT="69" WIDTH="174" VPOS="1367" HPOS="903"/>
<SP HEIGHT="70" WIDTH="31" VPOS="1366" HPOS="1078"/>
<String CONTENT="in" HEIGHT="53" WIDTH="60" VPOS="1366" HPOS="1110"/>
<SP HEIGHT="34" WIDTH="30" VPOS="1385" HPOS="1171"/>
<String CONTENT="character" HEIGHT="53" WIDTH="298" VPOS="1366" HPOS="1202"/>
<SP HEIGHT="34" WIDTH="30" VPOS="1385" HPOS="1501"/>
<String CONTENT="and" HEIGHT="53" WIDTH="114" VPOS="1366" HPOS="1532"/>
<SP HEIGHT="53" WIDTH="30" VPOS="1366" HPOS="1647"/>
<String CONTENT="nature" HEIGHT="49" WIDTH="207" VPOS="1371" HPOS="1678"/>
<SP HEIGHT="36" WIDTH="27" VPOS="1384" HPOS="1886"/>
<String CONTENT="education," HEIGHT="69" WIDTH="323" VPOS="1366" HPOS="1914"/>
<SP HEIGHT="71" WIDTH="29" VPOS="1364" HPOS="2238"/>
<String CONTENT="by" HEIGHT="72" WIDTH="79" VPOS="1364" HPOS="2268"/>
</TextLine>
<TextLine HEIGHT="71" WIDTH="2022" VPOS="1443" HPOS="323" CS="1">
<String CONTENT="Bertha" HEIGHT="53" WIDTH="220" VPOS="1444" HPOS="323"/>
<SP HEIGHT="56" WIDTH="39" VPOS="1443" HPOS="544"/>
<String CONTENT="Chapman" HEIGHT="70" WIDTH="305" VPOS="1443" HPOS="584"/>
<SP HEIGHT="56" WIDTH="41" VPOS="1443" HPOS="890"/>
<String CONTENT="Cady" HEIGHT="71" WIDTH="165" VPOS="1443" HPOS="932"/>
<SP HEIGHT="51" WIDTH="43" VPOS="1463" HPOS="1098"/>
<String CS="1" CONTENT="&#8230;"/>
<SP HEIGHT="53" WIDTH="45" VPOS="1444" HPOS="1199"/>
<String CONTENT="illustrations" HEIGHT="54" WIDTH="387" VPOS="1444" HPOS="1245"/>
<SP HEIGHT="35" WIDTH="38" VPOS="1463" HPOS="1633"/>
<String CONTENT="and" HEIGHT="54" WIDTH="115" VPOS="1444" HPOS="1672"/>
<SP HEIGHT="54" WIDTH="40" VPOS="1444" HPOS="1788"/>
<String CONTENT="cover" HEIGHT="37" WIDTH="167" VPOS="1461" HPOS="1829"/>
<SP HEIGHT="69" WIDTH="39" VPOS="1444" HPOS="1997"/>
<String CONTENT="jacket" HEIGHT="69" WIDTH="192" VPOS="1444" HPOS="2037"/>
<SP HEIGHT="55" WIDTH="38" VPOS="1443" HPOS="2230"/>
<String CONTENT="by" HEIGHT="70" WIDTH="76" VPOS="1443" HPOS="2269"/>
</TextLine>
<TextLine HEIGHT="70" WIDTH="1652" VPOS="1521" HPOS="322" CS="1">
<String CONTENT="Jessie" HEIGHT="55" WIDTH="184" VPOS="1522" HPOS="322"/>
<SP HEIGHT="56" WIDTH="24" VPOS="1521" HPOS="507"/>
<String CONTENT="Stewart;" HEIGHT="68" WIDTH="278" VPOS="1521" HPOS="532"/>
<SP HEIGHT="50" WIDTH="29" VPOS="1541" HPOS="811"/>
<String CONTENT="published" HEIGHT="69" WIDTH="307" VPOS="1522" HPOS="841"/>
<SP HEIGHT="53" WIDTH="23" VPOS="1523" HPOS="1149"/>
<String CONTENT="under" HEIGHT="54" WIDTH="185" VPOS="1522" HPOS="1173"/>
<SP HEIGHT="47" WIDTH="22" VPOS="1528" HPOS="1359"/>
<String CONTENT="the" HEIGHT="54" WIDTH="98" VPOS="1522" HPOS="1382"/>
<SP HEIGHT="35" WIDTH="21" VPOS="1541" HPOS="1481"/>
<String CONTENT="auspices" HEIGHT="69" WIDTH="258" VPOS="1522" HPOS="1503"/>
<SP HEIGHT="36" WIDTH="24" VPOS="1540" HPOS="1762"/>
<String CONTENT="of" HEIGHT="54" WIDTH="65" VPOS="1522" HPOS="1787"/>
<SP HEIGHT="54" WIDTH="23" VPOS="1522" HPOS="1853"/>
<String CONTENT="the" HEIGHT="54" WIDTH="97" VPOS="1522" HPOS="1877"/>
</TextLine>
<TextLine HEIGHT="228" WIDTH="2001" VPOS="1521" HPOS="322" CS="1">
<String CONTENT="Coordinating" HEIGHT="149" WIDTH="2001" VPOS="1521" HPOS="322"/>
<SP HEIGHT="52" WIDTH="31" VPOS="1618" HPOS="426"/>
<String CONTENT="council" HEIGHT="54" WIDTH="223" VPOS="1599" HPOS="458"/>
<SP HEIGHT="54" WIDTH="30" VPOS="1600" HPOS="682"/>
<String CONTENT="on" HEIGHT="35" WIDTH="74" VPOS="1619" HPOS="713"/>
<SP HEIGHT="34" WIDTH="32" VPOS="1619" HPOS="788"/>
<String CONTENT="nature" HEIGHT="49" WIDTH="206" VPOS="1606" HPOS="821"/>
<SP HEIGHT="36" WIDTH="32" VPOS="1619" HPOS="1028"/>
<String CONTENT="activities." HEIGHT="54" WIDTH="305" VPOS="1600" HPOS="1061"/>
<SP HEIGHT="53" WIDTH="69" VPOS="1600" HPOS="1367"/>
<String CONTENT="Ithaca," HEIGHT="69" WIDTH="223" VPOS="1600" HPOS="1437"/>
<SP HEIGHT="69" WIDTH="33" VPOS="1600" HPOS="1661"/>
<String LANG="fr" CONTENT="N." HEIGHT="53" WIDTH="71" VPOS="1600" HPOS="1695"/>
<SP HEIGHT="53" WIDTH="34" VPOS="1600" HPOS="1767"/>
<String CONTENT="Y.," HEIGHT="69" WIDTH="92" VPOS="1600" HPOS="1802"/>
<SP HEIGHT="69" WIDTH="33" VPOS="1600" HPOS="1895"/>
<String CONTENT="The" HEIGHT="54" WIDTH="124" VPOS="1600" HPOS="1929"/>
<SP HEIGHT="56" WIDTH="34" VPOS="1600" HPOS="2054"/>
<String CONTENT="Slingerland-Comstock" HEIGHT="134" WIDTH="1999" VPOS="1600" HPOS="323"/>
<SP HEIGHT="56" WIDTH="28" VPOS="1678" HPOS="800"/>
<String CONTENT="company" HEIGHT="53" WIDTH="284" VPOS="1696" HPOS="829"/>
<SP HEIGHT="51" WIDTH="35" VPOS="1698" HPOS="1114"/>
<String CS="1" CONTENT="["/>
<String STYLE="superscript" CS="1" CONTENT="&#7580;1"/>
<String CONTENT="930]" HEIGHT="66" WIDTH="120" VPOS="1681" HPOS="1225"/>
</TextLine>
<TextLine HEIGHT="49" WIDTH="499" VPOS="1759" HPOS="392" STYLEREFS="StyleId-2F0F8BA6-8BF0-44D0-93B6-65F875A9596A-" CS="1">
<String CONTENT="61" HEIGHT="41" WIDTH="56" VPOS="1760" HPOS="392"/>
<SP HEIGHT="47" WIDTH="30" VPOS="1761" HPOS="449"/>
<String CONTENT="p." HEIGHT="38" WIDTH="42" VPOS="1770" HPOS="480"/>
<SP HEIGHT="40" WIDTH="60" VPOS="1761" HPOS="523"/>
<String CONTENT="illus." HEIGHT="43" WIDTH="129" VPOS="1760" HPOS="584"/>
<SP HEIGHT="43" WIDTH="59" VPOS="1760" HPOS="714"/>
<String CONTENT="23" HEIGHT="42" WIDTH="57" VPOS="1759" HPOS="774"/>
<String STYLE="superscript" CS="1" CONTENT="&#7580;&#7504;"/>
<String CONTENT="." HEIGHT="8" WIDTH="7" VPOS="1796" HPOS="884"/>
</TextLine>
<TextLine HEIGHT="49" WIDTH="651" VPOS="1817" HPOS="393" STYLEREFS="StyleId-2F0F8BA6-8BF0-44D0-93B6-65F875A9596A-">
<String CONTENT="Bibliography" HEIGHT="48" WIDTH="354" VPOS="1817" HPOS="393"/>
<SP HEIGHT="37" WIDTH="15" VPOS="1827" HPOS="748"/>
<String CONTENT=":" HEIGHT="30" WIDTH="9" VPOS="1827" HPOS="764"/>
<SP HEIGHT="39" WIDTH="34" VPOS="1827" HPOS="774"/>
<String CONTENT="p." HEIGHT="37" WIDTH="44" VPOS="1829" HPOS="809"/>
<SP HEIGHT="42" WIDTH="29" VPOS="1817" HPOS="854"/>
<String CONTENT="60-61." HEIGHT="42" WIDTH="160" VPOS="1817" HPOS="884"/>
</TextLine>
<TextLine HEIGHT="56" WIDTH="2021" VPOS="1870" HPOS="331" STYLEREFS="StyleId-2F0F8BA6-8BF0-44D0-93B6-65F875A9596A-">
<String CONTENT="&#169;" HEIGHT="53" WIDTH="53" VPOS="1870" HPOS="331"/>
<SP HEIGHT="53" WIDTH="26" VPOS="1870" HPOS="385"/>
<String CONTENT="Nov." HEIGHT="40" WIDTH="120" VPOS="1876" HPOS="412"/>
<SP HEIGHT="39" WIDTH="28" VPOS="1876" HPOS="533"/>
<String CONTENT="15," HEIGHT="48" WIDTH="68" VPOS="1876" HPOS="562"/>
<SP HEIGHT="47" WIDTH="29" VPOS="1877" HPOS="631"/>
<String CONTENT="1930" HEIGHT="41" WIDTH="118" VPOS="1875" HPOS="661"/>
<SP HEIGHT="43" WIDTH="14" VPOS="1876" HPOS="780"/>
<String CONTENT=";" HEIGHT="32" WIDTH="8" VPOS="1887" HPOS="795"/>
<SP HEIGHT="43" WIDTH="29" VPOS="1876" HPOS="804"/>
<String CONTENT="2c." HEIGHT="41" WIDTH="68" VPOS="1876" HPOS="834"/>
<SP HEIGHT="40" WIDTH="29" VPOS="1877" HPOS="903"/>
<String CONTENT="Jan." HEIGHT="39" WIDTH="110" VPOS="1877" HPOS="933"/>
<SP HEIGHT="40" WIDTH="28" VPOS="1876" HPOS="1044"/>
<String CONTENT="21," HEIGHT="48" WIDTH="70" VPOS="1876" HPOS="1073"/>
<SP HEIGHT="47" WIDTH="30" VPOS="1877" HPOS="1144"/>
<String CONTENT="1931;" HEIGHT="47" WIDTH="140" VPOS="1876" HPOS="1175"/>
<SP HEIGHT="37" WIDTH="33" VPOS="1886" HPOS="1316"/>
<String CONTENT="aff." HEIGHT="40" WIDTH="82" VPOS="1876" HPOS="1350"/>
<SP HEIGHT="40" WIDTH="30" VPOS="1877" HPOS="1433"/>
<String CONTENT="Jan." HEIGHT="40" WIDTH="111" VPOS="1877" HPOS="1464"/>
<SP HEIGHT="40" WIDTH="26" VPOS="1876" HPOS="1576"/>
<String CONTENT="20;" HEIGHT="48" WIDTH="84" VPOS="1876" HPOS="1603"/>
<SP HEIGHT="48" WIDTH="31" VPOS="1876" HPOS="1688"/>
<!-- cceid DE286643-6E8D-1014-9CF5-AEB3FCA41D69 --><String CONTENT="A" HEIGHT="40" WIDTH="42" VPOS="1876" HPOS="1720"/>
<SP HEIGHT="42" WIDTH="26" VPOS="1876" HPOS="1763"/>
<String CONTENT="32910;" HEIGHT="46" WIDTH="172" VPOS="1876" HPOS="1790"/>
<SP HEIGHT="46" WIDTH="33" VPOS="1876" HPOS="1963"/>
<String CONTENT="Coordinating" HEIGHT="50" WIDTH="355" VPOS="1876" HPOS="1997"/>
</TextLine>
<TextLine HEIGHT="50" WIDTH="1417" VPOS="1933" HPOS="401" STYLEREFS="StyleId-2F0F8BA6-8BF0-44D0-93B6-65F875A9596A-">
<String CONTENT="council" HEIGHT="40" WIDTH="189" VPOS="1934" HPOS="401"/>
<SP HEIGHT="39" WIDTH="27" VPOS="1935" HPOS="591"/>
<String CONTENT="on" HEIGHT="31" WIDTH="60" VPOS="1943" HPOS="619"/>
<SP HEIGHT="30" WIDTH="25" VPOS="1943" HPOS="680"/>
<String CONTENT="nature" HEIGHT="36" WIDTH="179" VPOS="1938" HPOS="706"/>
<SP HEIGHT="29" WIDTH="25" VPOS="1945" HPOS="886"/>
<String CONTENT="activities," HEIGHT="49" WIDTH="260" VPOS="1934" HPOS="912"/>
<SP HEIGHT="48" WIDTH="28" VPOS="1935" HPOS="1173"/>
<String CONTENT="New" HEIGHT="39" WIDTH="118" VPOS="1935" HPOS="1202"/>
<SP HEIGHT="39" WIDTH="26" VPOS="1935" HPOS="1321"/>
<String CONTENT="York." HEIGHT="40" WIDTH="146" VPOS="1935" HPOS="1348"/>
<SP HEIGHT="48" WIDTH="69" VPOS="1934" HPOS="1495"/>
<String CONTENT="(31-4080)" HEIGHT="49" WIDTH="253" VPOS="1933" HPOS="1565"/>
</TextLine>
<TextLine HEIGHT="73" WIDTH="1239" VPOS="2013" HPOS="327" STYLEREFS="StyleId-BC20C124-EF74-4393-A83C-18944364FF03-">
<String CONTENT="California." HEIGHT="55" WIDTH="347" VPOS="2013" HPOS="327"/>
<SP HEIGHT="50" WIDTH="73" VPOS="2018" HPOS="675"/>
<String CONTENT="District" HEIGHT="54" WIDTH="248" VPOS="2016" HPOS="749"/>
<SP HEIGHT="46" WIDTH="29" VPOS="2024" HPOS="998"/>
<String CONTENT="courts" HEIGHT="47" WIDTH="188" VPOS="2023" HPOS="1028"/>
<SP HEIGHT="35" WIDTH="29" VPOS="2035" HPOS="1217"/>
<String CONTENT="of" HEIGHT="68" WIDTH="64" VPOS="2018" HPOS="1247"/>
<SP HEIGHT="68" WIDTH="29" VPOS="2018" HPOS="1312"/>
<String CONTENT="appeal." HEIGHT="67" WIDTH="224" VPOS="2018" HPOS="1342"/>
</TextLine>
<TextLine HEIGHT="70" WIDTH="1954" VPOS="2094" HPOS="398" CS="1">
<String CONTENT="Reports" HEIGHT="68" WIDTH="249" VPOS="2094" HPOS="398"/>
<SP HEIGHT="34" WIDTH="33" VPOS="2113" HPOS="648"/>
<String CONTENT="of" HEIGHT="53" WIDTH="64" VPOS="2094" HPOS="682"/>
<SP HEIGHT="54" WIDTH="32" VPOS="2094" HPOS="747"/>
<String CONTENT="cases" HEIGHT="35" WIDTH="151" VPOS="2114" HPOS="780"/>
<SP HEIGHT="52" WIDTH="34" VPOS="2097" HPOS="932"/>
<String CONTENT="determined" HEIGHT="54" WIDTH="354" VPOS="2095" HPOS="967"/>
<SP HEIGHT="52" WIDTH="40" VPOS="2097" HPOS="1322"/>
<String CS="1" CONTENT="&#8230;"/>
<SP HEIGHT="52" WIDTH="42" VPOS="2095" HPOS="1418"/>
<String CONTENT="from" HEIGHT="52" WIDTH="152" VPOS="2095" HPOS="1461"/>
<SP HEIGHT="51" WIDTH="34" VPOS="2095" HPOS="1614"/>
<String CONTENT="February" HEIGHT="68" WIDTH="299" VPOS="2095" HPOS="1649"/>
<SP HEIGHT="63" WIDTH="37" VPOS="2100" HPOS="1949"/>
<String CONTENT="10," HEIGHT="64" WIDTH="80" VPOS="2098" HPOS="1987"/>
<SP HEIGHT="61" WIDTH="37" VPOS="2101" HPOS="2068"/>
<String CONTENT="1930," HEIGHT="66" WIDTH="151" VPOS="2098" HPOS="2106"/>
<SP HEIGHT="62" WIDTH="38" VPOS="2102" HPOS="2258"/>
<String CONTENT="to" HEIGHT="47" WIDTH="55" VPOS="2102" HPOS="2297"/>
</TextLine>
<TextLine HEIGHT="71" WIDTH="2023" VPOS="2173" HPOS="325" CS="1">
<String CONTENT="March" HEIGHT="53" WIDTH="206" VPOS="2173" HPOS="325"/>
<SP HEIGHT="52" WIDTH="34" VPOS="2174" HPOS="532"/>
<String CONTENT="31," HEIGHT="64" WIDTH="84" VPOS="2177" HPOS="567"/>
<SP HEIGHT="63" WIDTH="35" VPOS="2178" HPOS="652"/>
<String CONTENT="1930." HEIGHT="49" WIDTH="148" VPOS="2177" HPOS="688"/>
<SP HEIGHT="51" WIDTH="78" VPOS="2174" HPOS="837"/>
<String CONTENT="Randolph" HEIGHT="68" WIDTH="313" VPOS="2174" HPOS="916"/>
<SP HEIGHT="52" WIDTH="34" VPOS="2174" HPOS="1230"/>
<String CS="1" CONTENT="V." HEIGHT="9" WIDTH="9" VPOS="2217" HPOS="1325"/>
<SP HEIGHT="53" WIDTH="33" VPOS="2173" HPOS="1335"/>
<String CONTENT="Whiting," HEIGHT="69" WIDTH="288" VPOS="2173" HPOS="1369"/>
<SP HEIGHT="49" WIDTH="33" VPOS="2193" HPOS="1658"/>
<String CONTENT="reporter." HEIGHT="61" WIDTH="275" VPOS="2180" HPOS="1692"/>
<SP HEIGHT="52" WIDTH="74" VPOS="2174" HPOS="1968"/>
<String CONTENT="Henry" HEIGHT="70" WIDTH="205" VPOS="2174" HPOS="2043"/>
<SP HEIGHT="69" WIDTH="35" VPOS="2175" HPOS="2249"/>
<String CONTENT="F." HEIGHT="53" WIDTH="63" VPOS="2175" HPOS="2285"/>
</TextLine>
<TextLine HEIGHT="71" WIDTH="2026" VPOS="2251" HPOS="325">
<String CONTENT="Wrigley," HEIGHT="71" WIDTH="283" VPOS="2251" HPOS="325"/>
<SP HEIGHT="68" WIDTH="33" VPOS="2253" HPOS="609"/>
<String CONTENT="William" HEIGHT="54" WIDTH="264" VPOS="2252" HPOS="643"/>
<SP HEIGHT="51" WIDTH="36" VPOS="2253" HPOS="908"/>
<String CONTENT="F." HEIGHT="51" WIDTH="64" VPOS="2253" HPOS="945"/>
<SP HEIGHT="50" WIDTH="39" VPOS="2254" HPOS="1010"/>
<String CONTENT="Traverso," HEIGHT="65" WIDTH="301" VPOS="2254" HPOS="1050"/>
<SP HEIGHT="66" WIDTH="32" VPOS="2253" HPOS="1352"/>
<String CONTENT="Wm." HEIGHT="53" WIDTH="150" VPOS="2253" HPOS="1385"/>
<SP HEIGHT="52" WIDTH="37" VPOS="2252" HPOS="1536"/>
<String CONTENT="Nankervis," HEIGHT="69" WIDTH="342" VPOS="2252" HPOS="1574"/>
<SP HEIGHT="69" WIDTH="35" VPOS="2252" HPOS="1917"/>
<String CONTENT="jr.," HEIGHT="70" WIDTH="90" VPOS="2252" HPOS="1953"/>
<SP HEIGHT="50" WIDTH="37" VPOS="2272" HPOS="2044"/>
<String CONTENT="assistant" HEIGHT="53" WIDTH="269" VPOS="2253" HPOS="2082"/>
</TextLine>
<TextLine HEIGHT="72" WIDTH="2026" VPOS="2330" HPOS="326" CS="1">
<String CS="1" CONTENT="reporters." HEIGHT="64" WIDTH="287" VPOS="2335" HPOS="326"/>
<SP HEIGHT="33" WIDTH="77" VPOS="2350" HPOS="629"/>
<String CONTENT="v." HEIGHT="33" WIDTH="49" VPOS="2350" HPOS="707"/>
<SP HEIGHT="48" WIDTH="28" VPOS="2335" HPOS="757"/>
<String CONTENT="104." HEIGHT="49" WIDTH="113" VPOS="2334" HPOS="786"/>
<SP HEIGHT="55" WIDTH="79" VPOS="2331" HPOS="900"/>
<String CONTENT="San" HEIGHT="55" WIDTH="116" VPOS="2331" HPOS="980"/>
<SP HEIGHT="52" WIDTH="23" VPOS="2331" HPOS="1097"/>
<String CONTENT="Francisco," HEIGHT="61" WIDTH="325" VPOS="2331" HPOS="1121"/>
<SP HEIGHT="60" WIDTH="24" VPOS="2332" HPOS="1447"/>
<String CONTENT="Bancoft-Whitney" HEIGHT="72" WIDTH="556" VPOS="2330" HPOS="1472"/>
<SP HEIGHT="50" WIDTH="23" VPOS="2352" HPOS="2029"/>
<String CONTENT="company," HEIGHT="50" WIDTH="299" VPOS="2350" HPOS="2053"/>
</TextLine>
<TextLine HEIGHT="50" WIDTH="152" VPOS="2412" HPOS="330">
<String CONTENT="1931." HEIGHT="50" WIDTH="152" VPOS="2412" HPOS="330"/>
</TextLine>
<TextLine HEIGHT="50" WIDTH="561" VPOS="2489" HPOS="397" STYLEREFS="StyleId-2F0F8BA6-8BF0-44D0-93B6-65F875A9596A-" CS="1">
<String CONTENT="xxxvii," HEIGHT="50" WIDTH="188" VPOS="2489" HPOS="397"/>
<SP HEIGHT="50" WIDTH="31" VPOS="2489" HPOS="586"/>
<String CONTENT="928" HEIGHT="41" WIDTH="88" VPOS="2489" HPOS="618"/>
<SP HEIGHT="49" WIDTH="29" VPOS="2490" HPOS="707"/>
<String CONTENT="p." HEIGHT="38" WIDTH="44" VPOS="2501" HPOS="737"/>
<SP HEIGHT="42" WIDTH="58" VPOS="2489" HPOS="782"/>
<String CONTENT="23" HEIGHT="43" WIDTH="56" VPOS="2489" HPOS="841"/>
<String STYLE="superscript" CS="1" CONTENT="&#7580;&#7504;"/>
<String CONTENT="." HEIGHT="8" WIDTH="8" VPOS="2523" HPOS="950"/>
</TextLine>
<TextLine HEIGHT="54" WIDTH="2017" VPOS="2543" HPOS="332" STYLEREFS="StyleId-2F0F8BA6-8BF0-44D0-93B6-65F875A9596A-" CS="1">
<String CONTENT="&#169;" HEIGHT="53" WIDTH="52" VPOS="2543" HPOS="332"/>
<SP HEIGHT="53" WIDTH="24" VPOS="2543" HPOS="385"/>
<String CONTENT="Feb." HEIGHT="40" WIDTH="112" VPOS="2548" HPOS="410"/>
<SP HEIGHT="38" WIDTH="23" VPOS="2550" HPOS="523"/>
<String CONTENT="13," HEIGHT="48" WIDTH="68" VPOS="2548" HPOS="547"/>
<SP/>
<String CONTENT="1931" HEIGHT="41" WIDTH="113" VPOS="2547" HPOS="638"/>
<SP HEIGHT="46" WIDTH="19" VPOS="2549" HPOS="752"/>
<String CONTENT=";" HEIGHT="37" WIDTH="7" VPOS="2558" HPOS="772"/>
<SP HEIGHT="48" WIDTH="25" VPOS="2547" HPOS="780"/>
<String CONTENT="2c." HEIGHT="43" WIDTH="67" VPOS="2547" HPOS="806"/>
<SP HEIGHT="41" WIDTH="25" VPOS="2549" HPOS="874"/>
<String CONTENT="Feb." HEIGHT="40" WIDTH="110" VPOS="2549" HPOS="900"/>
<SP HEIGHT="41" WIDTH="24" VPOS="2548" HPOS="1011"/>
<String CONTENT="21" HEIGHT="40" WIDTH="55" VPOS="2548" HPOS="1036"/>
<SP HEIGHT="48" WIDTH="17" VPOS="2548" HPOS="1092"/>
<String CONTENT=";" HEIGHT="37" WIDTH="9" VPOS="2559" HPOS="1110"/>
<SP HEIGHT="37" WIDTH="25" VPOS="2559" HPOS="1120"/>
<String CONTENT="aff." HEIGHT="42" WIDTH="82" VPOS="2548" HPOS="1146"/>
<SP HEIGHT="41" WIDTH="25" VPOS="2549" HPOS="1229"/>
<String CONTENT="Feb." HEIGHT="40" WIDTH="111" VPOS="2549" HPOS="1255"/>
<SP HEIGHT="40" WIDTH="23" VPOS="2549" HPOS="1367"/>
<String CONTENT="18" HEIGHT="40" WIDTH="55" VPOS="2549" HPOS="1391"/>
<SP HEIGHT="47" WIDTH="17" VPOS="2549" HPOS="1447"/>
<String CONTENT=";" HEIGHT="38" WIDTH="8" VPOS="2558" HPOS="1465"/>
<SP HEIGHT="48" WIDTH="25" VPOS="2548" HPOS="1474"/>
<!-- cceid DE293AF3-6E8D-1014-9CF5-AEB3FCA41D69 --><String CONTENT="A" HEIGHT="39" WIDTH="41" VPOS="2548" HPOS="1500"/>
<SP HEIGHT="41" WIDTH="22" VPOS="2548" HPOS="1542"/>
<String CONTENT="33923" HEIGHT="43" WIDTH="144" VPOS="2546" HPOS="1565"/>
<SP HEIGHT="48" WIDTH="17" VPOS="2548" HPOS="1710"/>
<String CONTENT=";" HEIGHT="37" WIDTH="9" VPOS="2559" HPOS="1728"/>
<SP HEIGHT="47" WIDTH="26" VPOS="2549" HPOS="1738"/>
<String CONTENT="Bancroft-Whitney" HEIGHT="49" WIDTH="493" VPOS="2548" HPOS="1765"/>
<SP HEIGHT="37" WIDTH="22" VPOS="2560" HPOS="2259"/>
<String CONTENT="co." HEIGHT="31" WIDTH="67" VPOS="2559" HPOS="2282"/>
</TextLine>
<TextLine HEIGHT="66" WIDTH="556" VPOS="2629" HPOS="333">
<String CONTENT="Carr," HEIGHT="64" WIDTH="168" VPOS="2631" HPOS="333"/>
<SP HEIGHT="64" WIDTH="26" VPOS="2631" HPOS="502"/>
<String CONTENT="William" HEIGHT="56" WIDTH="256" VPOS="2629" HPOS="529"/>
<SP HEIGHT="54" WIDTH="28" VPOS="2631" HPOS="786"/>
<String CONTENT="H." HEIGHT="56" WIDTH="74" VPOS="2631" HPOS="815"/>
</TextLine>
<TextLine HEIGHT="75" WIDTH="1950" VPOS="2707" HPOS="398">
<String CONTENT="Glimpses" HEIGHT="69" WIDTH="291" VPOS="2707" HPOS="398"/>
<SP HEIGHT="35" WIDTH="26" VPOS="2726" HPOS="690"/>
<String CONTENT="of" HEIGHT="54" WIDTH="65" VPOS="2707" HPOS="717"/>
<SP HEIGHT="53" WIDTH="27" VPOS="2707" HPOS="783"/>
<String CONTENT="familiar" HEIGHT="55" WIDTH="261" VPOS="2707" HPOS="811"/>
<SP HEIGHT="53" WIDTH="25" VPOS="2710" HPOS="1073"/>
<String CONTENT="birds;" HEIGHT="68" WIDTH="190" VPOS="2709" HPOS="1099"/>
<SP HEIGHT="67" WIDTH="30" VPOS="2710" HPOS="1290"/>
<String CONTENT="land" HEIGHT="55" WIDTH="139" VPOS="2710" HPOS="1321"/>
<SP HEIGHT="54" WIDTH="25" VPOS="2711" HPOS="1461"/>
<String CONTENT="birds," HEIGHT="71" WIDTH="178" VPOS="2711" HPOS="1487"/>
<SP HEIGHT="69" WIDTH="27" VPOS="2713" HPOS="1666"/>
<String CONTENT="North" HEIGHT="54" WIDTH="190" VPOS="2713" HPOS="1694"/>
<SP HEIGHT="53" WIDTH="26" VPOS="2713" HPOS="1885"/>
<String CONTENT="America," HEIGHT="69" WIDTH="288" VPOS="2713" HPOS="1912"/>
<SP HEIGHT="50" WIDTH="28" VPOS="2732" HPOS="2201"/>
<String CONTENT="east" HEIGHT="49" WIDTH="118" VPOS="2718" HPOS="2230"/>
</TextLine>
<TextLine HEIGHT="135" WIDTH="1995" VPOS="2784" HPOS="328" CS="1">
<String CONTENT="of" HEIGHT="55" WIDTH="65" VPOS="2784" HPOS="328"/>
<SP HEIGHT="54" WIDTH="31" VPOS="2784" HPOS="394"/>
<String CONTENT="the" HEIGHT="52" WIDTH="97" VPOS="2786" HPOS="426"/>
<SP HEIGHT="52" WIDTH="32" VPOS="2787" HPOS="524"/>
<String CONTENT="Rocky" HEIGHT="72" WIDTH="200" VPOS="2786" HPOS="557"/>
<SP HEIGHT="53" WIDTH="31" VPOS="2805" HPOS="758"/>
<String CONTENT="mountains" HEIGHT="53" WIDTH="331" VPOS="2788" HPOS="790"/>
<SP HEIGHT="70" WIDTH="44" VPOS="2789" HPOS="1122"/>
<String CONTENT="(excluding" HEIGHT="72" WIDTH="338" VPOS="2789" HPOS="1167"/>
<SP HEIGHT="71" WIDTH="30" VPOS="2790" HPOS="1506"/>
<String CONTENT="birds" HEIGHT="55" WIDTH="161" VPOS="2789" HPOS="1537"/>
<SP HEIGHT="36" WIDTH="32" VPOS="2808" HPOS="1699"/>
<String CONTENT="of" HEIGHT="53" WIDTH="65" VPOS="2790" HPOS="1732"/>
<SP HEIGHT="70" WIDTH="32" VPOS="2790" HPOS="1798"/>
<String CONTENT="prey)" HEIGHT="71" WIDTH="168" VPOS="2791" HPOS="1831"/>
<SP HEIGHT="71" WIDTH="50" VPOS="2791" HPOS="2000"/>
<String CS="1" CONTENT="[by]" HEIGHT="71" WIDTH="96" VPOS="2791" HPOS="2066"/>
<SP HEIGHT="69" WIDTH="37" VPOS="2792" HPOS="2163"/>
<String CONTENT="William" HEIGHT="128" WIDTH="1995" VPOS="2791" HPOS="328"/>
</TextLine>
<TextLine HEIGHT="75" WIDTH="1843" VPOS="2866" HPOS="504" CS="1">
<String CONTENT="H." HEIGHT="53" WIDTH="77" VPOS="2866" HPOS="504"/>
<SP HEIGHT="55" WIDTH="38" VPOS="2866" HPOS="582"/>
<String CONTENT="Carr" HEIGHT="55" WIDTH="148" VPOS="2866" HPOS="621"/>
<SP HEIGHT="36" WIDTH="41" VPOS="2885" HPOS="770"/>
<String CS="1" CONTENT="&#8230;"/>
<SP HEIGHT="54" WIDTH="42" VPOS="2867" HPOS="868"/>
<String CONTENT="illustrated" HEIGHT="57" WIDTH="328" VPOS="2866" HPOS="911"/>
<SP HEIGHT="53" WIDTH="34" VPOS="2868" HPOS="1240"/>
<String CONTENT="by" HEIGHT="69" WIDTH="76" VPOS="2868" HPOS="1275"/>
<SP HEIGHT="67" WIDTH="34" VPOS="2870" HPOS="1352"/>
<String CONTENT="Merle" HEIGHT="54" WIDTH="182" VPOS="2868" HPOS="1387"/>
<SP HEIGHT="53" WIDTH="34" VPOS="2871" HPOS="1570"/>
<String CS="1" CONTENT="V." HEIGHT="10" WIDTH="10" VPOS="2914" HPOS="1666"/>
<SP HEIGHT="54" WIDTH="36" VPOS="2870" HPOS="1677"/>
<String CONTENT="Keith." HEIGHT="56" WIDTH="196" VPOS="2868" HPOS="1714"/>
<SP HEIGHT="53" WIDTH="75" VPOS="2871" HPOS="1911"/>
<String CONTENT="New" HEIGHT="53" WIDTH="142" VPOS="2871" HPOS="1987"/>
<SP HEIGHT="53" WIDTH="36" VPOS="2872" HPOS="2130"/>
<String CONTENT="York," HEIGHT="71" WIDTH="180" VPOS="2870" HPOS="2167"/>
</TextLine>
<TextLine HEIGHT="73" WIDTH="1085" VPOS="2942" HPOS="329" CS="1">
<String CONTENT="S." HEIGHT="57" WIDTH="58" VPOS="2942" HPOS="329"/>
<SP HEIGHT="56" WIDTH="26" VPOS="2943" HPOS="388"/>
<String CONTENT="Gabriel" HEIGHT="56" WIDTH="238" VPOS="2943" HPOS="415"/>
<SP HEIGHT="53" WIDTH="23" VPOS="2944" HPOS="654"/>
<String CONTENT="sons" HEIGHT="35" WIDTH="130" VPOS="2962" HPOS="678"/>
<SP HEIGHT="50" WIDTH="23" VPOS="2948" HPOS="809"/>
<String CONTENT="&amp;" HEIGHT="50" WIDTH="46" VPOS="2948" HPOS="833"/>
<SP HEIGHT="50" WIDTH="24" VPOS="2948" HPOS="880"/>
<String CONTENT="company" HEIGHT="52" WIDTH="281" VPOS="2963" HPOS="905"/>
<SP HEIGHT="51" WIDTH="32" VPOS="2964" HPOS="1187"/>
<String CS="1" CONTENT="[&#7580;1931]" HEIGHT="65" WIDTH="194" VPOS="2950" HPOS="1220"/>
</TextLine>
<TextLine HEIGHT="51" WIDTH="876" VPOS="3024" HPOS="399" STYLEREFS="StyleId-2F0F8BA6-8BF0-44D0-93B6-65F875A9596A-" CS="1">
<String CONTENT="1" HEIGHT="40" WIDTH="27" VPOS="3024" HPOS="399"/>
<SP HEIGHT="49" WIDTH="27" VPOS="3024" HPOS="427"/>
<String CONTENT="p." HEIGHT="38" WIDTH="43" VPOS="3035" HPOS="455"/>
<SP/>
<String CS="1" CONTENT="l.,"/>
<SP/>
<String CONTENT="157" HEIGHT="42" WIDTH="86" VPOS="3025" HPOS="601"/>
<SP HEIGHT="48" WIDTH="27" VPOS="3027" HPOS="688"/>
<String CONTENT="p." HEIGHT="39" WIDTH="42" VPOS="3036" HPOS="716"/>
<SP HEIGHT="30" WIDTH="60" VPOS="3037" HPOS="759"/>
<String CONTENT="col." HEIGHT="41" WIDTH="87" VPOS="3027" HPOS="820"/>
<SP HEIGHT="41" WIDTH="27" VPOS="3026" HPOS="908"/>
<String CONTENT="illus." HEIGHT="42" WIDTH="130" VPOS="3026" HPOS="936"/>
<SP HEIGHT="39" WIDTH="60" VPOS="3027" HPOS="1067"/>
<String CS="1" CONTENT="16&#189;&#7580;&#7504;." HEIGHT="8" WIDTH="8" VPOS="3061" HPOS="1267"/>
</TextLine>
<TextLine HEIGHT="51" WIDTH="689" VPOS="3082" HPOS="404" STYLEREFS="StyleId-2F0F8BA6-8BF0-44D0-93B6-65F875A9596A-">
<String CONTENT="Illustrated" HEIGHT="41" WIDTH="292" VPOS="3082" HPOS="404"/>
<SP HEIGHT="39" WIDTH="28" VPOS="3084" HPOS="697"/>
<String CONTENT="lining-papers." HEIGHT="51" WIDTH="367" VPOS="3082" HPOS="726"/>
</TextLine>
<TextLine HEIGHT="57" WIDTH="2014" VPOS="3134" HPOS="335" STYLEREFS="StyleId-2F0F8BA6-8BF0-44D0-93B6-65F875A9596A-" CS="1">
<String CONTENT="&#169;" HEIGHT="53" WIDTH="52" VPOS="3134" HPOS="335"/>
<SP HEIGHT="53" WIDTH="27" VPOS="3134" HPOS="388"/>
<String CONTENT="Jan." HEIGHT="41" WIDTH="111" VPOS="3139" HPOS="416"/>
<SP HEIGHT="39" WIDTH="27" VPOS="3141" HPOS="528"/>
<String CONTENT="30," HEIGHT="43" WIDTH="69" VPOS="3140" HPOS="556"/>
<SP HEIGHT="41" WIDTH="29" VPOS="3142" HPOS="626"/>
<String CONTENT="1931;" HEIGHT="49" WIDTH="140" VPOS="3139" HPOS="656"/>
<SP HEIGHT="48" WIDTH="29" VPOS="3140" HPOS="797"/>
<String CONTENT="2c." HEIGHT="42" WIDTH="68" VPOS="3140" HPOS="827"/>
<SP HEIGHT="30" WIDTH="28" VPOS="3152" HPOS="896"/>
<String CONTENT="and" HEIGHT="39" WIDTH="95" VPOS="3143" HPOS="925"/>
<SP HEIGHT="39" WIDTH="28" VPOS="3143" HPOS="1021"/>
<String CONTENT="aff." HEIGHT="40" WIDTH="83" VPOS="3142" HPOS="1050"/>
<SP HEIGHT="39" WIDTH="28" VPOS="3143" HPOS="1134"/>
<String CONTENT="Feb." HEIGHT="39" WIDTH="112" VPOS="3143" HPOS="1163"/>
<SP HEIGHT="39" WIDTH="29" VPOS="3144" HPOS="1276"/>
<String CONTENT="7;" HEIGHT="46" WIDTH="51" VPOS="3144" HPOS="1306"/>
<SP HEIGHT="47" WIDTH="31" VPOS="3143" HPOS="1358"/>
<!-- cceid DE2A0670-6E8D-1014-9CF5-AEB3FCA41D69 --><String CONTENT="A" HEIGHT="39" WIDTH="36" VPOS="3143" HPOS="1390"/>
<SP HEIGHT="40" WIDTH="30" VPOS="3143" HPOS="1427"/>
<String CONTENT="34225;" HEIGHT="48" WIDTH="173" VPOS="3143" HPOS="1458"/>
<SP HEIGHT="47" WIDTH="33" VPOS="3144" HPOS="1632"/>
<String CS="1" CONTENT="Saml." HEIGHT="42" WIDTH="146" VPOS="3144" HPOS="1666"/>
<SP HEIGHT="42" WIDTH="31" VPOS="3144" HPOS="1813"/>
<String CONTENT="Gabriel" HEIGHT="42" WIDTH="197" VPOS="3144" HPOS="1845"/>
<SP HEIGHT="40" WIDTH="28" VPOS="3146" HPOS="2043"/>
<String CONTENT="sons" HEIGHT="30" WIDTH="117" VPOS="3156" HPOS="2072"/>
<SP HEIGHT="41" WIDTH="24" VPOS="3146" HPOS="2190"/>
<String CONTENT="&amp;" HEIGHT="41" WIDTH="38" VPOS="3146" HPOS="2215"/>
<SP HEIGHT="41" WIDTH="26" VPOS="3146" HPOS="2254"/>
<String CONTENT="co." HEIGHT="30" WIDTH="68" VPOS="3157" HPOS="2281"/>
</TextLine>
<TextLine HEIGHT="52" WIDTH="255" VPOS="3195" HPOS="412" STYLEREFS="StyleId-2F0F8BA6-8BF0-44D0-93B6-65F875A9596A-">
<String CONTENT="(31-4152)" HEIGHT="52" WIDTH="255" VPOS="3195" HPOS="412"/>
</TextLine>
<TextLine HEIGHT="68" WIDTH="949" VPOS="3277" HPOS="331">
<String CONTENT="Casey," HEIGHT="66" WIDTH="211" VPOS="3277" HPOS="331"/>
<SP HEIGHT="64" WIDTH="31" VPOS="3279" HPOS="543"/>
<String CONTENT="Robert" HEIGHT="55" WIDTH="223" VPOS="3279" HPOS="575"/>
<SP HEIGHT="54" WIDTH="30" VPOS="3280" HPOS="799"/>
<String CONTENT="Joseph," HEIGHT="65" WIDTH="242" VPOS="3280" HPOS="830"/>
<SP HEIGHT="58" WIDTH="32" VPOS="3287" HPOS="1073"/>
<String CONTENT="1890-" HEIGHT="51" WIDTH="174" VPOS="3287" HPOS="1106"/>
</TextLine>
<TextLine HEIGHT="77" WIDTH="1950" VPOS="3352" HPOS="401" CS="1">
<String CONTENT="Cambodian" HEIGHT="55" WIDTH="355" VPOS="3352" HPOS="401"/>
<SP HEIGHT="51" WIDTH="50" VPOS="3373" HPOS="757"/>
<String CONTENT="quest," HEIGHT="62" WIDTH="177" VPOS="3363" HPOS="808"/>
<SP HEIGHT="67" WIDTH="50" VPOS="3358" HPOS="986"/>
<String CONTENT="by" HEIGHT="70" WIDTH="76" VPOS="3358" HPOS="1037"/>
<SP HEIGHT="71" WIDTH="49" VPOS="3357" HPOS="1114"/>
<String CONTENT="Robert" HEIGHT="55" WIDTH="215" VPOS="3357" HPOS="1164"/>
<SP HEIGHT="54" WIDTH="50" VPOS="3360" HPOS="1380"/>
<String CONTENT="J." HEIGHT="54" WIDTH="55" VPOS="3360" HPOS="1431"/>
<SP HEIGHT="55" WIDTH="56" VPOS="3359" HPOS="1487"/>
<String CS="1" CONTENT="Casey" HEIGHT="55" WIDTH="142" VPOS="3359" HPOS="1544"/>
<SP HEIGHT="34" WIDTH="57" VPOS="3380" HPOS="1725"/>
<String CS="1" CONTENT="&#8230;"/>
<SP HEIGHT="53" WIDTH="93" VPOS="3360" HPOS="1839"/>
<String CONTENT="Indianapolis," HEIGHT="70" WIDTH="418" VPOS="3359" HPOS="1933"/>
</TextLine>
<TextLine HEIGHT="77" WIDTH="1146" VPOS="3430" HPOS="326" CS="1">
<String CONTENT="The" HEIGHT="53" WIDTH="123" VPOS="3430" HPOS="326"/>
<SP HEIGHT="52" WIDTH="28" VPOS="3431" HPOS="450"/>
<String CONTENT="Bobbs-Merrill" HEIGHT="56" WIDTH="445" VPOS="3431" HPOS="479"/>
<SP HEIGHT="53" WIDTH="31" VPOS="3435" HPOS="925"/>
<String CONTENT="company" HEIGHT="53" WIDTH="280" VPOS="3453" HPOS="957"/>
<SP HEIGHT="52" WIDTH="39" VPOS="3455" HPOS="1238"/>
<String CONTENT="[" HEIGHT="35" WIDTH="11" VPOS="3472" HPOS="1278"/>
<String STYLE="superscript" CS="1" CONTENT="&#7580;1"/>
<String CONTENT="931]" HEIGHT="66" WIDTH="119" VPOS="3440" HPOS="1353"/>
</TextLine>
<TextLine HEIGHT="51" WIDTH="669" VPOS="3516" HPOS="397" STYLEREFS="StyleId-2F0F8BA6-8BF0-44D0-93B6-65F875A9596A-" CS="1">
<String CONTENT="4" HEIGHT="39" WIDTH="30" VPOS="3516" HPOS="397"/>
<SP HEIGHT="48" WIDTH="28" VPOS="3516" HPOS="428"/>
<String CONTENT="p." HEIGHT="39" WIDTH="47" VPOS="3525" HPOS="457"/>
<SP/>
<String CS="1" CONTENT="l.,"/>
<SP/>
<String CONTENT="11-304" HEIGHT="42" WIDTH="176" VPOS="3517" HPOS="608"/>
<SP HEIGHT="49" WIDTH="30" VPOS="3518" HPOS="785"/>
<String CONTENT="p." HEIGHT="39" WIDTH="43" VPOS="3528" HPOS="816"/>
<SP HEIGHT="41" WIDTH="59" VPOS="3518" HPOS="860"/>
<String CS="1" CONTENT="19&#189;" HEIGHT="41" WIDTH="57" VPOS="3518" HPOS="920"/>
<String STYLE="superscript" CS="1" CONTENT="&#7580;&#7504;"/>
<String CONTENT="." HEIGHT="8" WIDTH="8" VPOS="3551" HPOS="1058"/>
</TextLine>
<TextLine HEIGHT="45" WIDTH="430" VPOS="3571" HPOS="398" STYLEREFS="StyleId-2F0F8BA6-8BF0-44D0-93B6-65F875A9596A-">
<String CONTENT="&#8220;First" HEIGHT="44" WIDTH="166" VPOS="3571" HPOS="398"/>
<SP HEIGHT="40" WIDTH="34" VPOS="3575" HPOS="565"/>
<String CONTENT="edition.&#8221;" HEIGHT="43" WIDTH="228" VPOS="3573" HPOS="600"/>
</TextLine>
<TextLine HEIGHT="63" WIDTH="2015" VPOS="3623" HPOS="335" STYLEREFS="StyleId-2F0F8BA6-8BF0-44D0-93B6-65F875A9596A-">
<String CONTENT="&#169;" HEIGHT="53" WIDTH="52" VPOS="3623" HPOS="335"/>
<SP HEIGHT="53" WIDTH="26" VPOS="3623" HPOS="388"/>
<String CONTENT="Feb." HEIGHT="41" WIDTH="112" VPOS="3630" HPOS="415"/>
<SP HEIGHT="39" WIDTH="24" VPOS="3632" HPOS="528"/>
<String CONTENT="4," HEIGHT="47" WIDTH="41" VPOS="3632" HPOS="553"/>
<SP HEIGHT="47" WIDTH="25" VPOS="3632" HPOS="595"/>
<String CONTENT="1931" HEIGHT="42" WIDTH="112" VPOS="3630" HPOS="621"/>
<SP HEIGHT="47" WIDTH="18" VPOS="3632" HPOS="734"/>
<String CONTENT=";" HEIGHT="36" WIDTH="9" VPOS="3643" HPOS="753"/>
<SP HEIGHT="48" WIDTH="27" VPOS="3631" HPOS="763"/>
<String CONTENT="2c." HEIGHT="42" WIDTH="67" VPOS="3631" HPOS="791"/>
<SP HEIGHT="41" WIDTH="27" VPOS="3632" HPOS="859"/>
<String CONTENT="Feb." HEIGHT="42" WIDTH="110" VPOS="3632" HPOS="887"/>
<SP HEIGHT="40" WIDTH="27" VPOS="3634" HPOS="998"/>
<String CONTENT="13" HEIGHT="40" WIDTH="54" VPOS="3634" HPOS="1026"/>
<SP HEIGHT="47" WIDTH="17" VPOS="3634" HPOS="1081"/>
<String CONTENT=";" HEIGHT="36" WIDTH="8" VPOS="3645" HPOS="1099"/>
<SP HEIGHT="36" WIDTH="29" VPOS="3645" HPOS="1108"/>
<String CONTENT="aff." HEIGHT="41" WIDTH="81" VPOS="3634" HPOS="1138"/>
<SP HEIGHT="40" WIDTH="28" VPOS="3635" HPOS="1220"/>
<String CONTENT="Feb." HEIGHT="42" WIDTH="111" VPOS="3635" HPOS="1249"/>
<SP HEIGHT="42" WIDTH="26" VPOS="3635" HPOS="1361"/>
<String CONTENT="14" HEIGHT="39" WIDTH="54" VPOS="3635" HPOS="1388"/>
<SP HEIGHT="47" WIDTH="17" VPOS="3636" HPOS="1443"/>
<String CONTENT=";" HEIGHT="38" WIDTH="9" VPOS="3645" HPOS="1461"/>
<SP HEIGHT="48" WIDTH="27" VPOS="3635" HPOS="1471"/>
<!-- cceid DE2AD36C-6E8D-1014-9CF5-AEB3FCA41D69 --><String CONTENT="A" HEIGHT="40" WIDTH="42" VPOS="3635" HPOS="1499"/>
<SP HEIGHT="42" WIDTH="22" VPOS="3635" HPOS="1542"/>
<String CONTENT="34372" HEIGHT="41" WIDTH="146" VPOS="3636" HPOS="1565"/>
<SP HEIGHT="47" WIDTH="16" VPOS="3636" HPOS="1712"/>
<String CONTENT=";" HEIGHT="36" WIDTH="9" VPOS="3647" HPOS="1729"/>
<SP HEIGHT="45" WIDTH="29" VPOS="3638" HPOS="1739"/>
<String LANG="fr" CONTENT="R." HEIGHT="39" WIDTH="54" VPOS="3638" HPOS="1769"/>
<SP HEIGHT="41" WIDTH="28" VPOS="3637" HPOS="1824"/>
<String CONTENT="J." HEIGHT="42" WIDTH="44" VPOS="3637" HPOS="1853"/>
<SP HEIGHT="42" WIDTH="27" VPOS="3637" HPOS="1898"/>
<String CONTENT="Casey," HEIGHT="49" WIDTH="169" VPOS="3637" HPOS="1926"/>
<SP HEIGHT="48" WIDTH="27" VPOS="3638" HPOS="2096"/>
<String CONTENT="Chicago." HEIGHT="48" WIDTH="226" VPOS="3638" HPOS="2124"/>
</TextLine>
<TextLine HEIGHT="51" WIDTH="254" VPOS="3686" HPOS="412" STYLEREFS="StyleId-2F0F8BA6-8BF0-44D0-93B6-65F875A9596A-">
<String CONTENT="(31-4178)" HEIGHT="51" WIDTH="254" VPOS="3686" HPOS="412"/>
</TextLine>
<TextLine HEIGHT="70" WIDTH="724" VPOS="3754" HPOS="331">
<String CONTENT="Chicago." HEIGHT="66" WIDTH="278" VPOS="3754" HPOS="331"/>
<SP HEIGHT="54" WIDTH="74" VPOS="3758" HPOS="610"/>
<String CONTENT="University." HEIGHT="66" WIDTH="370" VPOS="3758" HPOS="685"/>
</TextLine>
<TextLine HEIGHT="79" WIDTH="1950" VPOS="3833" HPOS="399" CS="1">
<String CONTENT="Abstracts" HEIGHT="56" WIDTH="304" VPOS="3833" HPOS="399"/>
<SP HEIGHT="34" WIDTH="36" VPOS="3856" HPOS="704"/>
<String CONTENT="of" HEIGHT="52" WIDTH="64" VPOS="3838" HPOS="741"/>
<SP HEIGHT="54" WIDTH="36" VPOS="3838" HPOS="806"/>
<String CONTENT="theses." HEIGHT="54" WIDTH="197" VPOS="3840" HPOS="843"/>
<SP HEIGHT="51" WIDTH="79" VPOS="3841" HPOS="1041"/>
<String CONTENT="Science" HEIGHT="54" WIDTH="229" VPOS="3840" HPOS="1121"/>
<SP HEIGHT="34" WIDTH="35" VPOS="3861" HPOS="1351"/>
<String CS="1" CONTENT="series." HEIGHT="53" WIDTH="169" VPOS="3842" HPOS="1387"/>
<SP HEIGHT="32" WIDTH="75" VPOS="3862" HPOS="1574"/>
<String CONTENT="v." HEIGHT="33" WIDTH="50" VPOS="3862" HPOS="1650"/>
<SP HEIGHT="54" WIDTH="36" VPOS="3843" HPOS="1701"/>
<String CONTENT="7." HEIGHT="54" WIDTH="46" VPOS="3843" HPOS="1738"/>
<SP HEIGHT="55" WIDTH="42" VPOS="3842" HPOS="1785"/>
<String CONTENT="Ogden" HEIGHT="70" WIDTH="204" VPOS="3842" HPOS="1828"/>
<SP HEIGHT="50" WIDTH="37" VPOS="3862" HPOS="2033"/>
<String CONTENT="graduate" HEIGHT="70" WIDTH="278" VPOS="3842" HPOS="2071"/>
</TextLine>
<TextLine HEIGHT="79" WIDTH="2022" VPOS="3912" HPOS="328">
<String CONTENT="school" HEIGHT="53" WIDTH="192" VPOS="3912" HPOS="328"/>
<SP HEIGHT="50" WIDTH="36" VPOS="3915" HPOS="521"/>
<String CONTENT="of" HEIGHT="51" WIDTH="64" VPOS="3914" HPOS="558"/>
<SP HEIGHT="54" WIDTH="34" VPOS="3914" HPOS="623"/>
<String CONTENT="science." HEIGHT="55" WIDTH="228" VPOS="3916" HPOS="658"/>
<SP HEIGHT="55" WIDTH="79" VPOS="3917" HPOS="887"/>
<String CONTENT="Submitted" HEIGHT="56" WIDTH="326" VPOS="3917" HPOS="967"/>
<SP HEIGHT="52" WIDTH="36" VPOS="3921" HPOS="1294"/>
<String CONTENT="to" HEIGHT="45" WIDTH="57" VPOS="3926" HPOS="1331"/>
<SP HEIGHT="50" WIDTH="36" VPOS="3926" HPOS="1389"/>
<String CONTENT="the" HEIGHT="55" WIDTH="93" VPOS="3921" HPOS="1426"/>
<SP HEIGHT="53" WIDTH="38" VPOS="3920" HPOS="1520"/>
<String CONTENT="Graduate" HEIGHT="57" WIDTH="296" VPOS="3920" HPOS="1559"/>
<SP HEIGHT="55" WIDTH="37" VPOS="3922" HPOS="1856"/>
<String CONTENT="faculty" HEIGHT="69" WIDTH="223" VPOS="3922" HPOS="1894"/>
<SP HEIGHT="53" WIDTH="34" VPOS="3938" HPOS="2118"/>
<String CONTENT="of" HEIGHT="53" WIDTH="64" VPOS="3920" HPOS="2153"/>
<SP HEIGHT="52" WIDTH="35" VPOS="3920" HPOS="2218"/>
<String CONTENT="the" HEIGHT="51" WIDTH="96" VPOS="3920" HPOS="2254"/>
</TextLine>
</TextBlock>
</PrintSpace>
</Page>
</Layout>
</alto>