2505 4370
968 4032 137 57 1137

57 390 303 53 Alabama.
437 392 276 67 Supreme
744 396 174 47 court.

126 465 1724 71 Report of cases argued and determined … during the
55 464 1971 135 October
177 550 161 65 term,
366 549 323 49 1930-1931.
767 546 90 69 By
883 545 179 53 Noble
1087 545 77 52 H.
1195 543 165 70 Seay,
1386 549 255 63 reporter
1669 544 63 54 of
1758 543 290 55 decisions.

96 667 9 8 v.
134 628 117 47 222.
329 624 81 54 St.
443 625 164 64 Paul,
632 624 158 53 West
819 622 334 68 publishing
1180 640 99 51 co.,
1309 626 148 49 1931.

197 704 371 49 xv, 772 p. 26 ᶜᵐ .
59 772 51 51 ©
140 776 115 47 July
283 775 69 47 14,
381 773 142 48 1931;
553 774 66 41 2c.
648 774 119 47 Aug.
798 774 57 38 15;
912 773 81 41 aff.
1023 773 117 47 Aug.
1172 773 55 39 17;
1287 773 40 38 A
1356 772 171 47 40810;
1560 774 52 38 B.
1646 774 62 40 M.
1739 773 173 46 Miller,
126 782 1906 91 governor

293 832 52 40 of
369 831 251 48 Alabama,
646 830 80 40 for
752 841 86 30 use
864 830 51 40 of
941 829 107 41 said
1076 831 140 46 state,
1247 831 347 47 Montgomery,
1624 830 105 40 Ala.

53 939 262 65 Aldrich,
344 941 138 54 Mrs.
511 940 150 52 Bess
697 938 327 67 (Streeter)
1065 944 170 49 1881-

119 1016 1927 70 A white bird flying, by Bess Streeter Aldrich … New York,
49 1095 256 67 London,
333 1096 71 53 D.
435 1094 293 68 Appleton
758 1095 112 52 and
900 1111 296 51 company,
1228 1098 149 48 1931.

121 1175 651 50 3 p. l., 335, [1] p. 19½ᶜᵐ.
57 1244 51 52 ©
138 1249 119 47 Aug.
286 1248 39 47 3,
357 1247 140 48 1931;
527 1246 67 41 2c.
625 1249 92 38 and
749 1247 83 40 aff.
861 1248 119 47 Aug.
1054 1257 9 37 6;
1094 1247 42 39 A
1163 1246 173 49 40646;
1370 1248 54 37 D.
1456 1248 240 47 Appleton
1724 1248 36 39 &
1789 1258 69 30 co.

134 1304 278 49 (31-27209)

52 1413 1996 72 American law reports, annotated … v. 73. Rochester, N. Y.,
121 1493 118 52 The
274 1493 268 67 Lawyers
578 1493 379 68 co-operative
995 1493 335 68 publishing
1363 1510 307 51 company;
1710 1493 339 68 Northport,

122 1571 61 50 L.
223 1571 67 61 L,
327 1570 68 53 N.
437 1571 90 66 Y.,
564 1571 252 53 Edward
855 1571 329 67 Thompson
1221 1588 307 50 company;
1572 1570 116 55 San
1726 1570 322 68 Francisco,

121 1648 193 59 Calif.,
348 1648 584 71 Bancroft-Whitney
967 1666 296 52 company,
1301 1651 147 49 1931.

122 1729 99 49 viii,
251 1729 113 40 1613
390 1739 44 38 p.
495 1730 55 39 25½ᶜᵐ.

55 1796 51 52 ©
137 1801 118 46 Aug.
288 1801 67 47 11,
387 1800 106 40 1931;
560 1800 68 41 2c.
658 1801 120 42 Aug.
810 1801 81 45 15;
925 1800 80 39 aff.
1039 1800 117 47 Aug.
1188 1800 55 39 14;
1306 1800 40 38 A
1375 1798 172 49 41060;
1581 1800 229 47 Lawyers
122 1811 1909 86 co-operative
284 1857 109 47 pub.
428 1868 82 36 co.,

544 1857 209 39 Edward
789 1857 273 47 Thompson
1096 1868 81 33 co.,
1214 1858 96 38 and
1344 1857 487 48 Bancroft-Whitney
1866 1869 67 29 co.

51 1966 236 65 Atkins,
318 1966 164 54 Ruth
514 1966 185 57 Ellen.

117 2043 120 52 The
273 2048 412 47 measurement
721 2042 64 54 of
821 2043 94 52 the
952 2043 360 68 intelligence
1349 2042 64 53 of
1446 2060 195 51 young
1676 2043 257 54 children
1971 2043 74 69 by

47 2119 1999 72 an object-fitting test, by Ruth Ellen Atkins … Minneapolis,
51 2196 1330 70 The University of Minnesota press [ ᶜ1 931 ]
117 2280 83 48 xii,
238 2279 55 41 89
328 2291 43 37 p.
432 2280 164 47 front.,
633 2279 142 49 illus.,
813 2279 193 49 diagrs.,
1042 2280 26 39 2
1102 2280 154 40 forms
1293 2291 59 29 on
1390 2281 24 39 1
1449 2281 119 40 fold.
1626 2313 8 8 l.
1693 2281 117 41 23ᶜᵐ.
49 2282 1996 95 (Half-title:
212 2336 283 48 University

524 2336 52 40 of
610 2336 288 40 Minnesota.
958 2337 101 39 The
1093 2337 235 40 Institute
1360 2337 52 41 of
1443 2337 129 41 child
1606 2338 216 41 welfare.
46 2340 1980 102 Monograph
230 2392 152 42 series
407 2405 77 29 no.
552 2393 15 47 V)

117 2463 376 49 Bibliography:
525 2474 44 38 p.
598 2463 158 40 83-85.

384 2534 142 47 CONTENTS.—pt.
554 2540 33 34 I.
614 2534 101 39 The
742 2534 333 48 development
1103 2535 94 39 and
1226 2534 424 42 standardization
1679 2535 51 40 of
1759 2538 81 38 the
47 2537 1977 103 objectfitting

240 2590 243 48 test.—pt.
518 2596 52 34 II.
606 2591 200 38 Manual
840 2589 52 40 of
924 2589 262 41 directions
1218 2590 79 40 for
1332 2591 81 40 the
1446 2590 398 42 administration
1877 2592 52 41 of
1962 2595 82 39 the

46 2647 342 49 object-fitting
414 2648 112 40 test.

52 2715 51 52 ©
143 2719 117 47 July
297 2720 69 44 11,
405 2717 142 48 1931;
587 2717 66 40 2c.
695 2717 115 48 July
849 2717 58 40 23;
974 2717 80 39 aff.
1097 2718 116 47 July
1251 2717 84 48 22;
1378 2719 40 39 A
1457 2718 171 48 39613;
1672 2719 282 48 University
1995 2720 51 40 of

124 2776 287 47 Minnesota,
443 2775 336 47 Minneapolis.
850 2772 279 51 (31-19662)

48 2886 259 64 Aulaire,
337 2889 138 52 Mrs.
505 2887 164 63 Ingri
707 2885 405 67 (Mortenson)
1150 2886 73 56 d’.

121 2963 119 52 The
276 2962 187 69 magic
500 2980 125 51 rug,
659 2962 76 69 by
771 2962 166 69 Ingri
975 2964 44 50 &
1055 2962 201 69 Edgar
1291 2962 179 53 Parin
1509 2962 312 54 d’Aulaire.
52 2962 1966 130 Garden

192 3039 152 70 City,
373 3040 69 52 N.
474 3040 90 67 Y.,
592 3039 357 68 Doubleday,
976 3040 199 52 Doran
1205 3042 46 50 &
1280 3058 98 49 co.,
1407 3040 126 67 inc.,
1565 3042 149 51 1931.

139 3118 754 53 [63] p. col. illus. 21 × 27 ᶜᵐ .
124 3190 286 40 Illustrated
441 3192 97 45 t.-p.
568 3190 95 39 and
694 3190 346 47 lining-papers
1069 3190 50 40 in
1149 3190 170 42 colors.

123 3246 163 41 “First
317 3246 229 41 edition.”

53 3313 51 52 ©
139 3319 127 40 June
296 3317 69 48 22,
400 3317 105 41 1931;
576 3317 67 41 2c.
676 3319 95 38 and
805 3317 83 41 aff.
922 3318 115 47 July
1071 3318 82 42 24;
1190 3319 40 38 A
1264 3319 172 47 39662;
1474 3320 298 49 Doubleday,
1809 3321 166 38 Doran
2011 3324 35 40 &

120 3386 80 36 co.,
231 3375 91 40 inc.
392 3374 279 48 (31-19688)

47 3466 228 66 Balkin,
305 3468 202 63 Harry
534 3469 260 63 Harvey.

114 3544 121 52 The
260 3563 122 34 new
407 3544 212 53 science
645 3545 64 52 of
735 3545 306 70 analyzing
1065 3547 310 68 character,
1399 3548 76 68 by
1499 3548 197 68 Harry
1723 3549 77 52 H.
1828 3546 212 55 Balkin

106 3622 1783 72 … illustrated from photographs … Philadelphia, David
46 3626 1969 142 McKay company [ ᶜ1 931]
116 3780 771 49 313 p. plates, ports. 20½ ᶜᵐ .
118 3850 279 41 “Fifteenth
427 3851 196 47 edition,
654 3852 231 40 revised.”

53 3916 51 52 ©
143 3922 115 47 July
295 3922 70 47 15,
405 3921 140 48 1931;
584 3923 68 39 2c.
691 3924 94 38 and
825 3923 81 40 aff.
947 3925 114 47 July
1100 3924 82 47 25;
1224 3925 41 38 A
1302 3924 172 48 40487;
1515 3926 60 39 H.
1616 3927 60 40 H.
1718 3926 191 44 Balkin,
1950 3926 93 39 Los

118 3978 218 49 Angeles.
409 3978 281 50 (31-19766)
