2428 4370
1236 4073 137 53 1850

297 416 210 66 Miller,
535 419 202 53 Frank
766 419 320 64 Ebenezer,
1118 425 172 50 1859-

368 495 121 53 The
526 495 174 68 voice,
735 496 73 54 its
845 497 362 67 production,
1241 515 128 35 care
1405 498 114 53 and
1557 497 411 69 preservation,
2001 498 77 69 by
2116 498 199 53 Frank

298 575 66 52 E.
402 574 214 59 Miller,
709 617 10 10 M.
793 617 10 10 D.;
873 575 140 52 with
1051 594 33 34 a
1120 575 303 70 prefatory
1458 581 133 48 note
1624 576 76 69 by
1732 578 92 53 W.
1861 576 57 55 J.
1953 576 356 54 Henderson.

296 653 98 53 7th
422 652 164 54 issue.
649 653 140 53 New
817 652 181 69 York,
1025 652 68 55 G.
1126 652 291 56 Schirmer
1454 653 166 70 (inc.)
1775 657 84 65 [ᶜ1931]

369 735 1380 50 vii, [1], 196 p. illus. (incl. music) 2 pl. on 1 l. 18 ᶜᵐ.
306 803 52 52 ©
395 807 116 47 July
547 808 40 48 8,
625 805 141 49 1931;
804 807 68 42 2c.
908 808 95 39 and
1042 807 81 39 aff.
1161 807 119 41 Nov.
1318 808 51 47 5;
1411 808 40 39 A
1486 808 173 47 43832;
1700 808 52 40 G.
1794 808 257 49 Schirmer,
2091 808 91 41 inc.
2262 805 53 52 [©

375 864 254 48 prefatory
654 867 111 38 note
788 865 94 39 and
910 864 225 50 changes]
1208 864 283 51 (31-32629)

299 957 239 55 Miriam
571 959 237 65 Teresa,
840 961 203 70 Sister,
1076 963 328 53 1901-1927.

363 1034 122 53 The
533 1035 308 53 seventieth
894 1036 173 69 week,
1116 1038 111 53 and
1280 1038 161 53 other
1491 1054 191 51 poems
1731 1036 64 55 of
1847 1038 181 55 Sister
2077 1038 236 52 Miriam

290 1112 1999 147 Teresa … edited by Rev. Charles C. Demjanovich … Darlington,
434 1192 68 54 N.
527 1192 77 68 J.,
631 1193 152 53 1931.

364 1273 1077 52 ix p., 1 l., 13-152 p. front. (port.) 20½ᶜᵐ.
302 1328 52 54 ©
379 1334 121 41 Nov.
524 1334 39 48 7,
589 1332 118 42 1931;
759 1332 66 42 2c.
852 1333 118 40 Nov.
998 1332 56 41 16;
1110 1333 81 40 aff.
1218 1333 119 42 Nov.
1364 1334 56 39 14;
1476 1334 42 39 A
1542 1332 145 42 44795;
1745 1334 205 41 Charles
1977 1334 50 42 C.
376 1334 1918 105 Demjanovich,
528 1391 225 49 Ramsey,
781 1391 53 39 N.
864 1391 43 40 J.
980 1390 283 49 (31-32609)

295 1487 257 64 Morton,
583 1484 211 67 David,
828 1492 172 51 1886-
1214 1506 181 50 comp.

363 1560 104 55 Six
503 1561 94 54 for
629 1562 172 66 them,
833 1562 276 69 gathered
1141 1563 76 69 by
1250 1562 195 54 David
1478 1564 248 52 Morton.
1797 1563 291 69 Amherst,
2120 1564 192 65 Mass.,

289 1638 123 56 The
437 1640 213 69 Poetry
679 1640 209 69 society
916 1640 64 53 of
1007 1638 274 56 Amherst
1307 1640 211 69 college
1661 1644 63 49 [ᶜ1931]

363 1725 56 41 17
446 1735 43 38 p.
545 1726 57 40 20½ᶜᵐ.

366 1781 202 42 Printed
592 1793 59 29 on
679 1793 89 29 one
794 1780 102 42 side
922 1781 54 41 of
999 1781 104 41 leaf
1126 1781 127 49 only.

362 1838 173 40 Poems
560 1839 62 49 by
651 1838 159 48 Ralph
839 1836 244 50 Hodgson,
1114 1839 166 40 James
1313 1838 250 48 Stephens,
1593 1837 217 42 William
1837 1839 175 41 Butler
2037 1839 152 41 Yeats
2216 1838 98 41 and

293 1894 161 41 David
481 1895 208 40 Morton.

302 1949 51 52 ©
385 1953 120 42 Nov.
538 1953 41 48 5,
612 1951 114 42 1931;
788 1952 67 40 2c.
888 1952 120 40 Nov.
1041 1951 56 41 16;
1160 1951 82 41 aff.
1277 1952 120 41 Nov.
1430 1952 55 40 13;
1549 1953 41 38 A
1621 1952 148 41 44784;
1832 1953 179 47 Poetry
2045 1951 183 49 society
2262 1952 54 41 of

368 2011 231 41 Amherst
625 2009 191 49 college.
890 2009 283 49 (31-32613)

299 2104 227 65 Mullin,
561 2107 141 52 Mrs.
742 2106 152 54 Cora
927 2105 199 53 Phebe
1171 2103 261 67 (Smith)
1478 2109 173 50 1866-

363 2184 436 56 Pita-le-Sharu
825 2187 46 50 &
897 2186 121 52 The
1045 2184 192 68 Hako,
1261 2186 76 68 by
1367 2184 149 55 Cora
1544 2185 192 52 Phebe
1764 2185 229 53 Mullin.
2069 2181 244 73 Omaha,

297 2265 123 53 The
449 2262 225 56 Citizen
702 2263 265 69 printing
994 2281 300 52 company,
1325 2266 152 51 1931.

371 2343 1110 51 4 p. l., 11-72 p. illus. (1 mounted) 20 ᶜᵐ.
376 2402 254 41 Half-title;
690 2403 178 40 Needle
898 2402 53 40 of
979 2403 146 39 cedar;
1185 2402 103 41 The
1317 2404 136 46 story
1484 2402 51 40 of
1566 2402 361 40 Pita-le-Sharu
1959 2401 36 41 &
2025 2400 102 42 The
2156 2400 157 47 Hako,

300 2472 23 29 a
360 2461 208 40 Pawnee
598 2470 268 38 ceremony.

370 2518 152 40 Notes;
582 2528 42 38 p.
655 2517 158 41 47-48.

305 2571 51 52 ©
389 2575 102 40 Oct.
521 2575 71 47 31,
624 2573 113 42 1931;
799 2574 68 42 2c.
898 2575 119 40 Nov.
1049 2575 53 42 4;
1139 2573 82 42 aff.
1253 2574 118 40 Nov.
1406 2575 53 46 7;
1493 2574 40 39 A
1565 2573 172 48 44663;
1774 2573 187 41 Citizen
1994 2572 221 48 printing
2246 2583 68 31 co.

381 2631 283 49 (31-32502)

297 2727 268 65 Murray,
595 2725 258 57 William
881 2727 227 64 Henry,
1143 2731 171 51 1869-

366 2802 1947 71 The speeches of William Henry Murray … compiled by
294 2883 70 53 A.
409 2884 66 53 L.
522 2883 258 69 Beckett,
825 2883 141 53 with
1013 2902 73 34 an
1131 2881 391 55 introduction
1567 2881 77 70 by
1688 2880 205 56 Victor
1937 2882 68 53 E.
2051 2881 260 54 Harlow.

295 2960 325 57 Oklahoma
649 2960 153 72 City,
828 2960 244 54 Harlow
1100 2960 338 70 publishing
1463 2979 99 47 co.,
1591 2962 152 51 1931.

434 3044 937 51 xv, [1], 221 p. incl. front. (port.) 21½ ᶜᵐ.
302 3099 51 52 ©
382 3103 102 41 Oct.
510 3103 69 47 30,
607 3101 113 42 1931;
776 3101 67 42 2c.
871 3102 95 39 and
993 3101 80 41 aff.
1101 3102 119 41 Nov.
1247 3102 26 38 6;
1329 3101 40 40 A
1394 3101 147 41 43807;
1597 3101 204 40 Harlow
1827 3099 284 50 publishing
2135 3110 67 31 co.

384 3159 282 49 (31-32424)

297 3255 189 64 Nash,
517 3254 226 66 Ogden,
774 3260 171 50 1902-

426 3329 1883 72 … Free wheeling, illustrated by Soglow. New York, Simon
296 3411 113 52 and
443 3410 289 58 Schuster,
764 3413 150 51 1931.

366 3490 468 51 100 p. illus. 19 ᶜᵐ.
365 3548 177 41 Verses

305 3602 51 52 ©
385 3606 119 42 Nov.
533 3608 40 46 7,
603 3605 106 42 1931;
776 3605 64 42 2c.
871 3606 118 40 Nov.
1019 3605 28 41 9;
1105 3606 83 41 aff.
1217 3605 119 42 Nov.
1366 3606 47 39 11;
1481 3605 38 39 A
1548 3603 171 49 43930;
1755 3604 50 41 O.
1837 3602 150 48 Nash,
2017 3603 118 39 New
2165 3602 146 40 York.

381 3663 281 47 (31-32452)

297 3758 147 52 New
469 3758 182 53 York.
728 3760 273 52 Museum
1031 3759 65 52 of
1124 3758 243 53 modern
1396 3759 116 53 art.

301 3829 1986 136 … Henri-Matisse retrospective exhibition, November 3-December
557 3910 1754 70 6, 1931 … New York. [New York, Plandome press,
300 3993 152 65 1931]
