2428 4370
1215 4040 135 50 1524

294 407 315 66 Morrison,
639 408 133 54 Olin
800 409 141 56 Dec.

290 498 1986 150 An interpretation of American history, by Olin Dee Morrison … Parkersburg,
1015 581 89 54 W.
1139 582 126 67 Va.,
1300 582 121 52 The
1454 582 236 67 Baptist
1722 583 216 53 banner
1971 585 335 71 publishing

290 676 101 51 co.,
423 661 151 50 1931.

362 739 531 49 2 p. l., 7-302 p. 24 ᶜᵐ.
364 808 130 41 “The
530 809 264 47 viewpoint
827 810 42 40 is
905 809 394 50 predominantly
1333 811 627 44 economic.”—Foreword.

364 866 250 41 “Selected
643 868 283 40 documents
955 868 207 48 quoted”;
1224 879 45 37 p.
1297 868 220 41 255-302.

362 922 352 50 Bibliography
746 926 53 39 at
828 926 94 39 end
952 925 53 40 of
1034 926 121 39 each
1183 927 204 46 chapter
1418 929 172 45 except
1618 928 82 40 the
1730 927 122 42 first.

295 991 2010 59 © Sept. 25, 1931; 2c. and aff. Sept. 28; A 42633; O. D. Morrison, Athens,
366 1052 138 41 Ohio.
575 1052 282 51 (31-25536)

288 1175 305 66 Mulvany,
622 1177 143 63 May
792 1176 254 55 Melanie
1083 1177 334 66 (Dauteur)
1456 1184 174 49 1904-

287 1266 1996 148 Joan and Pierre, written and illustrated by May N. [ !] Mulvany-Dauteur. Garden
286 1344 1997 148 City, N. Y., Doubleday, Doran & company, inc. [ ᶜ19 31]
360 1507 84 50 [64]
475 1517 45 38 p.
581 1508 88 41 col.
698 1506 132 43 illus.
887 1507 120 42 26ᶜᵐ.

358 1579 293 40 Illustrated
676 1580 99 46 t.-p.
799 1579 98 39 and
921 1578 355 49 lining-papers
1299 1577 51 42 in
1373 1579 174 42 colors.

359 1635 165 42 “First
551 1634 230 43 edition.”

293 1704 2014 55 © Sept. 17, 1931; 2c. and aff. Sept. 23; A 42543; Doubleday, Doran &
363 1776 82 39 co.,
473 1767 91 39 inc.
639 1765 282 50 (31-25568)

286 1892 192 54 Music
507 1892 379 64 supervisors
911 1891 267 53 national
1208 1892 370 54 conference.

358 1984 1947 72 Journal of proceedings … twenty-third year, 1930. Second
287 2065 255 53 biennial
574 2064 250 69 meeting
858 2064 133 53 held
1027 2070 59 47 at
1122 2062 271 70 Chicago,
1426 2062 248 71 Illinois,
1706 2063 204 54 March
1945 2067 191 67 23-28,
2172 2067 134 50 1930

349 2141 1954 72 … Editor; Paul J. Weaver. [Ithaca, N. Y., The Cayuga
287 2241 176 50 press,
495 2225 152 64 1930]

352 2303 87 41 339
472 2313 44 39 p.
578 2303 56 40 23½ᶜᵐ.

289 2370 1822 53 © Oct. 15, 1930; 2c. July 18, 1931; aff. July 16; A 43014; Music
358 2382 1927 90 supervisors
541 2431 224 40 national
789 2430 299 48 conference,
1117 2429 187 49 Ithaca,
1330 2429 57 41 N.
1413 2430 54 40 Y.

285 2555 305 65 Napoléon
617 2564 39 56 I,
686 2573 261 53 emperor
972 2558 65 69 of
1064 2558 93 52 the
1185 2555 245 69 French,
1460 2558 328 52 1769-1821.

349 2647 223 53 Letters
604 2646 65 53 of
703 2646 295 68 Napoleon
1031 2653 58 47 to
1122 2644 340 70 Josephine;
1498 2645 277 68 complete
1809 2645 313 67 collection,
2161 2644 135 52 with

279 2725 228 68 preface
552 2725 36 52 by
674 2725 102 52 Dr.
821 2725 156 53 Léon
1025 2723 169 68 Cerf;
1241 2723 317 53 translated
1603 2723 73 69 by
1725 2723 201 66 Henry
1973 2722 87 55 W.
2108 2723 186 53 Bunn.

278 2803 948 70 New York, Brentano’s [ ᶜ19 31 ]
348 2885 889 48 236 p. front., plates, ports. 21½ ᶜᵐ.
350 2956 381 48 “Bibliography
762 2957 97 39 and
889 2955 225 41 sources”;
1177 2967 42 38 p.
1251 2955 220 42 235-236.

288 3026 1842 53 © Sept. 25, 1931; 2c. and aff. Sept. 28; A 42637; Brentano’s, inc.
366 3086 281 50 (31-25509)

282 3212 147 53 New
459 3212 164 53 York
665 3213 192 72 (City)
945 3214 291 55 Charters.

349 3303 415 54 Amendments
802 3302 65 53 of
905 3306 136 51 1930
1078 3305 114 52 and
1233 3306 135 50 1931
1405 3309 58 47 to
1502 3303 183 69 Eagle
1721 3303 221 69 library
1978 3302 218 53 edition
2233 3300 66 54 of

279 3383 121 52 The
431 3382 227 53 charter
690 3380 65 54 of
783 3381 97 54 the
910 3382 118 68 city
1057 3381 65 53 of
1153 3381 141 54 New
1326 3381 181 68 York,
1539 3381 335 69 containing
1906 3381 390 53 amendments

278 3461 167 52 made
473 3466 59 47 to
563 3460 227 53 charter
820 3466 60 47 at
909 3460 99 53 the
1038 3458 322 71 legislative
1392 3460 211 53 session
1636 3459 64 54 of
1733 3462 135 50 1931
1899 3459 112 53 and
2044 3458 76 69 by
2152 3459 143 52 local

278 3538 139 53 laws
456 3538 65 53 of
557 3538 97 53 the
693 3538 116 69 city
849 3537 64 53 of
951 3537 140 54 New
1130 3538 165 53 York
1334 3537 153 54 from
1526 3538 140 69 May
1707 3542 47 59 1,
1796 3540 134 50 1930
1967 3543 59 47 to
2065 3538 144 68 July
2250 3541 45 64 1,

281 3620 163 63 1931;
487 3617 119 52 also
646 3621 189 48 errata
873 3616 338 69 containing
1248 3616 343 54 corrections
1631 3616 114 53 and
1783 3621 160 48 notes
1984 3615 313 70 regarding

281 3697 135 50 1930
463 3694 219 53 edition
730 3694 62 53 of
839 3694 124 53 The
1006 3694 242 53 charter.
1332 3694 306 69 Arranged
1687 3694 76 69 by
1810 3694 204 69 Henry
2063 3694 56 54 J.
2166 3694 127 53 Lee.

280 3771 1649 70 Brooklyn, N. Y., Eagle library publications [ ᶜ19 31]
350 3854 55 40 17
432 3865 43 37 p.
528 3855 56 40 25½ᶜᵐ.
741 3855 13 48 (Half-title:
1069 3856 149 47 Eagle
1246 3854 213 48 library)

286 3921 2008 54 © July 31, 1931; 2c. and aff. Aug. 4; A 40617; Henrv J. Lee. Brooklyn.
363 3981 282 53 (31-25391)
