2428 4370
985 3973 136 50 2115

137 434 1923 53 “It will be supplemented … by pamphlets that will compile … stories
63 498 96 39 and
191 497 140 48 plays
363 495 345 47 subsequently
740 491 608 50 acquired.”—Foreword.

70 563 51 53 ©
156 568 116 40 Nov.
309 567 69 48 24,
413 565 111 42 1931;
591 564 66 42 2c.
694 565 96 40 and
824 563 81 40 aff.
942 564 110 39 Dec.
1088 562 58 41 16;
1207 563 44 39 A
1281 560 145 42 45509;
1493 562 102 39 Fox
1629 561 101 40 film
1766 572 141 38 corp.,
1943 561 118 40 New

138 625 142 39 York.
351 623 221 49 (32-568)

65 718 213 64 Fuller,
306 720 139 52 Mrs.
475 716 176 54 Ethel
679 713 230 66 Romig.

129 794 250 53 Kitchen
407 796 222 50 sonnets
668 791 141 70 (and
835 790 173 70 lyrics
1034 790 63 53 of
1124 788 384 70 domesticity)
1544 788 75 71 by
1648 789 172 52 Ethel
1849 788 211 69 Romig

60 866 1661 73 Fuller … Portland, Ore., Metropolitan press, 1931.
129 949 735 50 8 p. l., 3-108 p., 1 l. 20½ᶜᵐ.
69 1021 51 52 ©
150 1025 110 40 Dec.
288 1024 69 47 18,
386 1022 114 42 1931;
556 1023 68 40 2c.
654 1023 110 39 Dec.
793 1022 57 39 24;
907 1020 81 40 aff.
1018 1021 111 40 Dec.
1157 1020 54 41 23;
1272 1020 42 39 A
1340 1020 145 40 46554;
1545 1022 52 39 E.
1629 1021 55 39 R.
1716 1021 178 48 Fuller,
134 1021 1910 107 Portland,

298 1080 79 41 Or.
448 1078 220 50 (32-469)

63 1173 169 53 Funk
279 1172 52 54 &
374 1172 302 64 Wagnalls
722 1191 121 34 new
890 1173 277 52 standard
1215 1171 400 70 encyclopedia
1664 1173 63 52 of
1776 1173 282 53 universal

130 1250 349 68 knowledge,
511 1251 280 67 prepared
822 1249 182 53 under
1032 1250 96 51 the
1160 1248 266 53 editorial
1456 1247 279 54 direction
1767 1248 64 53 of
1861 1249 197 52 Frank

129 1324 1903 135 H. Vizetelly … by an editorial staff of experts and specialists
255 1405 141 54 with
422 1405 95 53 the
542 1406 133 67 help
702 1404 64 53 of
788 1404 95 53 the
910 1402 232 71 leading
1169 1403 268 68 scholars,
1462 1402 300 71 scientists,
1788 1405 112 52 and
1928 1423 128 36 men

129 1480 1926 71 of affairs of the English-speaking world … New York and
129 1559 1409 70 London, Funk & Wagnalls company [ ᶜ19 31 ]
129 1639 1095 51 25 v. illus. (incl. maps) diagrs. 15½ ᶜᵐ .
130 1713 227 41 Lettered
386 1724 60 29 on
472 1723 141 31 cover:
673 1713 245 41 Standard
945 1711 354 49 encyclopedia.

65 1781 51 52 ©
147 1786 112 41 Dec.
288 1784 68 48 21,
387 1783 140 49 1931;
558 1784 66 39 2c.
655 1784 118 41 each
802 1786 97 38 and
927 1782 81 41 aff.
1039 1784 110 39 Dec.
1180 1783 83 48 28;
1295 1784 42 38 A
1363 1783 173 48 45671;
1570 1783 143 41 Funk
1742 1784 38 41 &
1807 1783 252 49 Wagnalls

133 1853 67 29 co.
270 1840 221 50 (32-542)

63 1933 351 71 [Galbraith,
443 1936 257 52 Earnest
729 1933 333 70 Frederick]
1097 1939 170 50 1889-

126 2011 314 54 Authentic
491 2011 408 69 bibliography
951 2011 63 53 of
1067 2017 189 48 states.
1350 2011 271 68 [Wichita
1675 2013 177 67 Falls,
1903 2013 156 67 Tex.,

57 2089 204 69 Railey
290 2089 265 69 printing
581 2107 297 51 company,
908 2092 153 64 1931]

127 2172 403 50 51, [1] p. 23 ᶜᵐ .
128 2227 987 50 “Copyright … [by] E. F. Galbraith.”
126 2286 43 39 A
194 2285 130 40 brief
347 2286 207 39 account
578 2284 52 41 of
655 2284 119 40 each
799 2286 128 38 state
954 2284 51 40 of
1032 2286 81 38 the
1142 2285 55 40 U.
1219 2284 60 48 S.,
1297 2284 121 41 with
1444 2295 131 30 some
1602 2284 266 42 statistical
1895 2287 133 39 data.

128 2342 163 48 Upper
315 2341 109 40 half
449 2340 51 42 of
525 2342 119 39 each
669 2350 119 39 page
814 2341 42 40 is
881 2341 162 41 blank.

65 2410 51 52 ©
148 2414 110 40 Dec.
290 2413 40 48 5,
360 2412 113 40 1931;
533 2412 67 40 2c.
631 2413 96 39 and
758 2411 81 41 aff.
871 2412 112 40 Dec.
1014 2411 57 40 10;
1129 2411 42 39 A
1198 2411 145 40 45400;
1406 2413 51 39 E.
1492 2412 51 41 F.
1577 2411 273 49 Galbraith,
1883 2412 174 50 Hollis,

131 2470 104 41 Okl.
307 2469 221 49 (32-563)

58 2561 219 68 Gilson,
305 2563 277 64 Howard,
611 2567 326 51 1896-1930.

124 2640 199 54 Poems
345 2639 112 53 and
479 2639 191 53 letters
693 2640 65 52 of
779 2639 274 69 Howard,
1076 2640 184 69 ‘Bud’,
1285 2639 217 55 Gilson.
1563 2641 233 68 Boston,
1818 2640 237 53 Meador

55 2717 334 69 publishing
417 2734 295 52 company,
745 2718 149 51 1931.

125 2796 704 50 90 p. front., port. 22½ ᶜᵐ .
65 2867 51 52 ©
146 2871 100 41 Oct.
275 2872 69 48 13,
373 2870 113 41 1931;
544 2870 68 43 2c.
641 2872 118 39 Nov.
787 2870 54 41 23;
901 2870 83 43 aff.
1012 2871 111 41 Dec.
1151 2872 27 39 3;
1236 2872 42 39 A
1305 2871 146 44 46149;
1511 2874 212 40 Edward
1753 2874 58 39 K.
1843 2874 213 47 Meador,

130 2929 196 40 Boston.
398 2928 220 49 (32-468)

58 3032 200 64 Greer,
288 3031 205 55 Hilton
522 3033 169 54 Ross.

189 3111 1867 68 … Best short stories from the Southwest (contemporary
58 3187 260 67 authors)
404 3188 212 54 Edited
656 3188 76 67 by
771 3189 208 52 Hilton
1022 3189 143 54 Ross
1209 3189 193 54 Greer.
1476 3190 219 65 Dallas,
1738 3192 155 65 Tex.,
1936 3192 121 51 The

60 3264 733 68 Southwest press [ ᶜ19 31]
129 3336 691 49 iii p., 2 l., 3-380 p. 21 ᶜᵐ .
129 3394 183 41 Second
340 3393 163 42 series.

64 3460 51 52 ©
148 3465 114 46 May
290 3463 70 50 24,
392 3463 112 42 1931;
566 3463 67 42 2c.
667 3464 116 48 July
813 3465 57 40 18;
930 3464 81 41 aff.
1047 3465 115 48 July
1195 3465 56 40 22;
1314 3466 40 39 A
1385 3465 145 41 39609;
1595 3466 279 41 Southwest
1904 3476 149 39 press,

131 3520 89 41 inc.

57 3600 249 66 Hanley,
333 3601 220 56 James.

127 3678 143 68 Boy,
299 3676 77 69 by
403 3678 192 53 James
626 3678 246 69 Hanley.
938 3680 260 67 London,
1229 3680 352 65 Boriswood,
1613 3679 223 54 limited
1875 3683 171 64 [1931]

125 3757 363 49 271 p. 19½ ᶜᵐ .
65 3825 1989 55 © 1c. Dec. 11, 1931; A ad int. 15836; pubd. Oct. 15; J. Hanley, Penllwyn,
131 3886 206 49 Tynant,
370 3886 213 48 Corwen,
616 3888 156 40 North
803 3888 176 49 Wales,
1012 3889 235 46 England.
1320 3888 221 50 (32-770)
