2428 4370
1043 4057 133 53 1605

119 415 166 64 Pink,
317 413 180 54 Louis
527 414 254 53 Heaton.

189 490 252 69 Gaynor,
465 491 97 52 the
587 491 320 68 Tammany
930 507 200 50 mayor
1156 490 126 51 who
1310 490 322 53 swallowed
1659 490 96 52 the
1781 490 149 68 tiger;
120 490 1976 149 lawyer,

270 568 192 70 judge,
500 568 387 69 philosopher,
924 567 76 70 by
1036 567 176 54 Louis
1249 567 232 54 Heaton
1517 567 168 53 Pink.
1762 567 139 53 New
1942 565 179 69 York,

120 646 1185 69 N. Y., The International press [ ᶜ1 931]
189 727 1312 51 5 p. l., 3-256 p. incl. plates. front., ports. 23 ᶜᵐ .
125 783 50 52 ©
204 787 102 40 Oct.
333 787 38 47 8,
401 784 113 42 1931;
568 785 67 41 2c.
665 787 94 38 and
788 785 80 40 aff.
898 785 101 40 Oct.
1028 784 55 40 12;
1141 785 42 38 A
1208 783 145 41 44062;
1411 787 51 38 L.
1490 785 60 38 H.
1580 783 139 48 Pink,
1748 784 260 48 Brooklyn.

203 842 279 50 (31-29400)

117 939 167 63 Poor,
314 937 212 54 Alfred
556 938 244 54 Easton.

249 1011 1872 73 … Formal design in minor French buildings, text by Alfred
119 1091 2002 71 Easton Poor … [Chicago, Ill.] Ludowici-Celadon company,
175 1175 116 49 ᶜ1 931.
189 1247 1928 54 1 p. l., 67-79, [1] p. illus., plans. 28 ᶜᵐ . (The Tuileries brochures,
119 1306 1948 51 edited by William Dewey Foster … photographs by F. R. Yerbury …
149 1396 8 9 v.
186 1366 40 48 3,
256 1375 73 30 no.
362 1366 39 46 5,
436 1366 290 47 September,
758 1364 137 48 1931)

121 1418 51 53 ©
198 1424 128 46 Sept.
349 1422 70 47 12,
443 1421 112 41 1931;
609 1421 67 41 2c.
702 1423 127 46 Sept.
854 1422 55 39 15;
964 1421 81 41 aff.
1072 1421 102 41 Oct.
1197 1422 27 39 3;
1277 1422 41 38 A
1341 1421 149 40 42852;
1542 1420 483 41 Ludowici-Celadon
2050 1430 67 40 co.,

122 1573 346 53 Protestant
509 1572 310 65 Episcopal
860 1573 222 53 church
1123 1572 58 53 in
1221 1572 104 53 the
1366 1572 72 55 U.
1477 1572 57 54 S.
1575 1571 72 53 A.
1724 1572 232 54 Church
181 1589 1916 128 congress,
383 1648 345 69 Cincinnati,
761 1652 148 50 1931.

186 1725 326 54 Cincinnati
549 1743 234 51 papers;
825 1746 30 33 a
893 1726 196 53 record
1127 1727 63 52 of
1226 1727 95 54 the
1363 1725 229 56 Church
1632 1742 259 53 congress
1928 1725 61 54 in
2025 1725 94 54 the

113 1803 215 53 United
361 1802 190 54 States
583 1821 71 36 on
685 1803 75 53 its
790 1803 393 68 fifty-seventh
1216 1803 386 69 anniversary,
1678 1846 10 10 A.
1761 1846 10 11 D.
2105 1820 13 49 MCMXXXI;

115 1879 138 52 with
292 1897 71 35 an
404 1880 387 54 introduction
830 1881 74 67 by
945 1882 94 53 the
1078 1883 230 66 general
1346 1888 301 62 secretary,
1688 1880 225 54 Harold
1955 1880 164 69 Adye

116 1957 293 53 Prichard.
498 1959 264 69 Spencer,
810 1959 191 67 Mass.,
1049 1959 122 55 The
1222 1958 316 53 Heffernan
1589 1976 173 52 press,
1816 1961 151 50 1931.

216 2042 603 48 x p., 1 l., 271 p. 19½ ᶜᵐ .
454 2097 347 41 CONTENTS.—Christians
848 2099 93 39 and
990 2098 81 41 the
1117 2109 106 30 new
1269 2097 544 49 morality.—Congress
1861 2108 264 31 sermon.—

117 2152 71 41 Do
219 2164 73 29 we
322 2154 141 38 make
495 2153 83 41 the
608 2155 105 40 best
748 2165 80 32 use
862 2155 52 39 of
945 2154 82 40 the
1060 2154 400 49 clergy?—What
1492 2156 61 39 do
1586 2165 71 29 we
1689 2165 138 30 mean
1863 2155 60 47 by
1958 2166 26 28 a
118 2164 1986 85 personal

291 2211 100 40 God
428 2211 49 39 in
517 2211 82 40 the
635 2209 121 50 light
795 2211 52 39 of
884 2210 378 41 science?—The
1303 2211 151 41 South
1494 2211 138 40 India
1677 2211 187 40 scheme
1904 2212 97 39 and
2038 2210 83 42 the

117 2264 198 42 historic
350 2266 446 48 episcopate.—Are
832 2267 137 42 there
1004 2266 145 40 social
1188 2267 262 47 objectives
1486 2267 47 39 in
1571 2267 83 41 the
1692 2266 209 40 Russian
117 2266 1988 96 experiment
275 2323 157 40 which

465 2321 276 43 Christians
771 2325 130 39 must
931 2323 406 47 accept?—What
1368 2323 42 39 is
1441 2323 82 41 the
1555 2325 135 47 place
1722 2323 53 40 of
1808 2323 187 41 schools
2026 2322 95 41 and

117 2377 236 49 hospitals
393 2379 49 39 in
485 2379 248 42 Christian
776 2377 441 43 missions?—How
1256 2388 90 32 can
1387 2379 203 48 religion
1628 2380 57 40 be
1725 2377 142 43 made
1908 2379 119 41 vital
2072 2378 47 40 in

115 2435 81 40 the
229 2436 198 40 modern
463 2436 168 40 home?

123 2488 50 52 ©
202 2494 125 47 Sept.
353 2493 68 47 20,
449 2491 113 41 1931;
616 2492 67 42 2c.
711 2492 101 41 Oct.
839 2493 26 39 5;
920 2491 81 40 aff.
1030 2492 102 41 Oct.
1158 2491 26 39 2;
1240 2493 43 38 A
1306 2492 148 41 42854;
1507 2492 272 42 Heffernan
1802 2502 150 38 press.

198 2549 278 48 (31-29496)

119 2643 265 66 Randall,
413 2643 355 66 Alexander,
801 2649 172 50 1883-

188 2719 265 70 Surgical
486 2721 314 69 pathology
836 2720 64 54 of
935 2720 277 69 prostatic
1246 2721 400 68 obstructions,
1680 2721 37 54 by
1790 2721 331 54 Alexander

118 2797 2002 74 Randall … Baltimore, The Williams & Wilkins company,
119 2879 148 50 1931.

185 2954 1149 54 xiii, 266 p. incl. plates, diagrs. pl. 27½ ᶜᵐ .
183 3013 305 48 Descriptive
520 3014 281 48 letterpress
833 3026 60 29 on
925 3025 166 31 versos
1123 3015 167 48 facing
1320 3013 170 50 plates.

124 3066 50 52 ©
207 3072 126 47 Sept.
363 3072 57 38 24,
521 3073 83 46 1931;
636 3072 67 42 2c.
733 3074 92 39 and
857 3073 82 40 aff.
973 3074 101 40 Oct.
1106 3074 26 39 5;
1192 3075 41 38 A
1261 3073 172 48 42830;
1466 3074 245 41 Williams
1742 3074 36 40 &
1808 3074 210 40 Wilkins
2050 3085 67 30 co.

198 3127 278 49 (31-29462)

122 3221 223 65 Ripley,
372 3226 138 52 Mrs.
540 3224 333 53 Katharine
911 3225 188 66 (Ball)

189 3297 157 55 Sand
379 3299 60 52 in
469 3318 98 50 my
598 3300 161 53 shoes
797 3300 110 69 [by]
944 3301 325 53 Katharine
1301 3302 135 52 Ball
1468 3301 229 69 Ripley.
1765 3302 140 53 New
1939 3301 183 69 York,

120 3375 243 69 Brewer,
386 3376 246 54 Warren
657 3380 45 50 &
726 3379 269 67 Putnam,
1023 3382 151 50 1931.

185 3458 337 49 332 p. 21 ᶜᵐ .
187 3514 128 41 Title
343 3514 229 50 vignette.

186 3570 74 40 An
286 3574 205 37 account
517 3572 51 39 of
594 3573 83 39 the
702 3572 308 48 experiences
1038 3573 52 40 of
1117 3573 82 40 the
1225 3572 220 42 author’s
1471 3573 89 41 life
1586 3585 62 29 on
1675 3584 29 35 a
1730 3574 151 48 peach
1908 3574 208 40 orchard

118 3629 52 38 at
198 3626 311 49 Samarcand,
535 3629 159 40 North
721 3628 241 41 Carolina.

121 3679 50 52 ©
204 3684 100 41 Oct.
333 3685 25 38 2,
462 3685 54 40 1931;
576 3686 66 39 2c.
674 3687 97 38 and
800 3685 82 40 aff.
915 3685 101 41 Oct.
1048 3686 25 39 5;
1133 3686 42 39 A
1203 3686 145 40 43069;
1408 3687 60 40 K.
1500 3688 54 38 B.
1585 3686 187 49 Ripley,
1806 3687 304 48 Charleston,

190 3740 43 41 S.
261 3740 46 41 C.
379 3741 280 49 (31-29418)

119 3820 236 66 Robins,
389 3823 235 55 Denise.

191 3898 217 56 Second
434 3901 137 69 best,
599 3903 75 68 by
700 3902 209 58 Denise
938 3902 231 58 Robins.
1235 3902 257 68 London,
1518 3902 162 56 Mills
1708 3905 46 53 &
1775 3905 186 67 Boon,
118 3902 1972 130 limited
265 3982 170 64 [1931]
