2505 4370
1259 4063 137 51 1430

403 487 737 51 vii, 103, [1] p. diagrs. 23 ᶜᵐ.
337 540 51 53 ©
421 545 120 50 Aug.
570 546 69 47 11,
670 544 113 42 1931;
844 544 66 42 2c.
941 547 96 40 and
1068 546 83 43 aff.
1181 547 120 49 Aug.
1332 547 60 41 28;
1449 548 41 40 A
1518 547 150 42 42046;
1725 549 284 50 University
2040 550 53 41 of
2123 549 224 52 Chicago,

406 602 226 49 Chicago.
703 603 283 50 (31-23947)

332 695 218 67 Smith,
579 701 139 53 Mrs.
750 700 213 63 Susan,
994 705 173 50 1885-

399 774 120 54 The
551 774 227 56 Glories
809 775 65 54 of
903 777 213 68 Venus,
1148 798 32 34 a
1210 778 169 52 novel
1410 777 64 54 of
1505 778 238 53 modern
1774 778 244 69 Mexico,
2049 779 77 70 by
2162 778 185 57 Susan

330 851 221 69 Smith;
603 853 142 54 with
794 854 293 70 drawings
1138 856 59 52 in
1249 856 156 53 color
1454 856 75 69 by
1579 856 134 54 Jose
1767 855 290 56 Clemente
2110 856 235 57 Orozco.

327 930 141 54 New
499 932 165 53 York
693 934 114 52 and
837 933 262 69 London,
1127 933 238 69 Harper
1395 936 52 51 &
1477 933 282 70 brothers,
1790 936 154 52 1931.

398 1012 1311 54 vii p., 1 l. , 263, [1] p. col. front., col. plates. 21½ᶜᵐ.
397 1069 166 42 “First
596 1071 230 41 edition.”

334 1124 51 52 ©
423 1128 127 49 Sept.
585 1130 69 48 16,
688 1129 141 48 1931;
864 1130 69 42 2c.
969 1131 127 48 Sept.
1131 1132 54 39 15;
1249 1130 84 42 aff.
1370 1131 128 49 Sept.
1534 1132 82 47 18;
1653 1133 40 38 A
1726 1132 172 47 42381;
1939 1132 44 42 S.
2021 1132 173 49 Smith,
2229 1134 118 40 New

402 1186 145 40 York.
620 1186 282 50 (31-24068)

328 1280 323 67 Southard,
684 1282 209 65 Lydia,
931 1284 172 55 1875-

325 1357 1994 134 … Institutional household administration, by Lydia Southard … 91
701 1436 399 57 illustrations.
1177 1440 68 52 2d
1283 1438 104 70 ed.,
1418 1458 114 34 rev.
1608 1437 429 72 Philadelphia,
2071 1440 272 71 Chicago,
324 1515 56 55 J.
410 1516 69 53 B.
506 1514 342 70 Lippincott

874 1520 512 66 company [ ᶜ1 931 ]
395 1596 661 51 214 p front., illus. 22 ᶜᵐ.
398 1654 353 41 “References”
780 1657 52 39 at
858 1658 92 39 end
978 1655 54 41 of
1055 1657 119 40 each
1202 1656 219 49 chapter.

332 1709 51 53 ©
413 1714 122 48 Aug.
564 1716 40 45 3,
633 1714 142 47 1931;
806 1714 67 42 2c.
904 1716 94 39 and
1030 1715 83 42 aff.
1146 1715 128 48 Sept.
1306 1715 82 47 16;
1421 1715 41 39 A
1490 1715 173 47 42325;
1696 1716 43 40 J.
1771 1717 53 40 B.
1856 1716 279 48 Lippincott
2166 1727 66 31 co.
409 1771 283 48 (31-24015)

324 1864 192 55 South
540 1869 259 51 western
822 1875 272 63 reporter.
1176 1869 222 55 Second
1419 1869 187 54 series.
1684 1868 170 56 Cases
1877 1871 216 67 argued
2117 1872 113 52 and
398 1871 1925 130 determined

709 1948 60 52 in
797 1947 96 54 the
925 1947 277 69 Supreme
1228 1953 191 49 courts
1447 1947 64 54 of
1538 1947 315 71 Arkansas,
1880 1947 292 67 Missouri,
396 1947 1925 145 Tennessee,
635 2027 114 52 and
779 2027 213 67 Texas;

1028 2025 211 56 Courts
1269 2026 65 54 of
1362 2026 237 68 appeals
1629 2026 65 54 of
1723 2025 309 70 Kentucky
2063 2027 114 53 and
397 2026 1924 130 Missouri;
617 2104 208 55 Courts
855 2105 64 53 of
948 2105 136 53 civil
1114 2106 113 52 and

1257 2105 266 53 criminal
1552 2105 237 68 appeals
1819 2106 113 52 and
1965 2104 380 55 Commission
393 2182 64 52 of
479 2185 236 66 appeals
736 2183 65 53 of
822 2184 201 67 Texas,
1046 2183 141 52 with

1208 2182 376 70 key-number
1606 2183 383 53 annotations,
2043 2202 53 34 v.
2119 2185 67 50 38
2208 2181 127 70 (2d)

395 2261 155 54 June
576 2262 223 54 2-June
828 2264 84 66 30,
943 2265 150 49 1931.
1170 2262 349 52 Permanent
1545 2262 84 52 ed.
1710 2260 81 56 St.
1822 2261 166 68 Paul,
2017 2261 161 53 West
395 2260 1926 150 publishing

642 2357 99 51 co.,
773 2343 149 50 1931.

397 2419 466 51 xvii, 1205 p. 26 ᶜᵐ.
329 2476 51 52 ©
405 2479 122 48 Aug.
551 2479 71 47 27,
646 2478 109 40 1931;
816 2479 66 39 2c.
909 2479 95 39 and
1030 2477 82 42 aff.
1142 2478 128 48 Sept.
1296 2477 57 40 24;
1407 2478 41 39 A
1471 2477 145 41 41822;
1671 2479 137 40 West
1833 2479 110 47 puh.
1970 2489 67 29 co.

329 2572 381 68 [Southwold,
739 2572 284 69 Stephen]
1061 2575 172 54 1887-

390 2648 1950 72 Precious porcelain, by Neil Bell [pseud.] … New York,
318 2729 262 66 London,
606 2728 68 56 G.
701 2730 66 52 P.
796 2729 300 53 Putnam’s
1123 2746 148 50 sons,
1302 2730 151 51 1931.

389 2809 826 51 viii, 358 p. front. (plan) 19½ᶜᵐ.
327 2867 51 52 ©
423 2871 127 48 Sept.
591 2871 40 48 2,
671 2869 142 48 1931;
855 2870 67 40 2c.
966 2870 129 49 Sept.
1134 2872 53 45 3;
1229 2869 83 41 aff.
1357 2869 127 48 Sept.
1526 2870 82 46 15;
1652 2869 41 39 A
1731 2868 173 48 42485;
1950 2868 45 42 S.
2039 2868 298 48 Southwold,

395 2928 316 49 Georgeham,
738 2929 159 39 North
923 2928 182 48 Devon,
1134 2927 240 48 England.
1445 2925 282 51 (31-24062)

323 3009 306 65 Springer,
665 3012 179 53 Sister
870 3011 216 68 M[ary]
1117 3009 265 54 Theresa
1409 3009 64 53 of
1501 3008 103 53 the
1635 3009 197 61 Cross,
1863 3012 169 49 1889-

450 3081 1885 77 … Nature-imagery in the works of Saint Ambrose … by
317 3159 2019 74 Sister M. Theresa of the Cross Springer … Washington,
314 3242 71 55 D.
416 3242 83 69 C.,
523 3243 122 54 The
672 3241 263 58 Catholic
959 3243 321 71 university
1307 3242 65 54 of
1396 3240 284 72 America,
1709 3244 151 50 1931.

386 3322 1802 51 xxii, 147 p., 1 l. , 23½ ᶜᵐ. (The Catholic university of America.
316 3321 1997 103 Patristic
503 3382 199 42 studies,
764 3383 91 41 vol.
992 3384 15 46 XXX)

385 3436 175 42 Thesis
598 3437 109 48 (PH.
769 3436 332 48 D.)—Catholic
1130 3436 275 49 university
1433 3436 53 41 of
1514 3436 240 40 America.

385 3494 130 41 Vita.

387 3551 190 42 “Select
605 3550 368 49 bibliography”
994 3560 9 30 :
1036 3561 44 38 p.
1111 3549 144 42 v.-ix.

325 3607 51 52 ©
408 3611 119 48 July
556 3610 70 50 20,
659 3610 113 42 1931;
834 3610 68 41 2c.
934 3611 97 39 and
1062 3609 84 42 aff.
1178 3608 118 47 July
1327 3608 56 41 27;
1445 3608 43 40 A
1517 3608 146 41 39712;
1727 3607 221 42 Catholic
1982 3606 272 48 university
2286 3606 51 41 of

392 3667 239 42 America.
706 3666 281 49 (31-23946)

320 3749 273 66 Stevens,
620 3752 138 55 Mrs.
788 3750 165 53 Reba
980 3748 242 57 Mahan.

387 3825 117 55 Old
535 3832 154 47 town
722 3826 160 54 clock
913 3826 112 53 and
1060 3826 164 53 other
1257 3824 220 67 stories,
1509 3824 76 68 by
1617 3823 158 54 Reba
1809 3823 218 53 Mahan
2065 3820 266 57 Stevens:

318 3903 326 55 illustrated
683 3904 76 69 by
798 3905 278 53 Florence
1110 3903 171 69 Liley
1318 3902 231 70 Young.
1627 3902 236 66 Boston,
1903 3900 281 68 Lothrop,
2221 3898 113 54 Lee

315 3979 697 74 & Shepard co. [ ᶜ1 931]
