2505 4370
1061 4030 103 52 409

179 492 230 40 “Printed
440 490 52 41 in
525 486 272 45 Scotland.”

177 547 377 51 Bibliography:
587 556 43 41 p.
662 544 220 44 155-157.

113 599 2000 56 © 1c. Mar. 4, 1931; A ad int. 14803; pubd. Feb. 12; Basil Mathews.
180 665 212 40 London.
463 660 250 50 (31-7608)

105 756 322 64 Michigan.
500 757 278 67 Supreme
811 760 174 49 court.

175 830 1940 74 Michigan reports; cases decided … from December 3, 1929,
107 919 58 47 to
191 914 202 53 March
423 917 47 65 6,
498 914 149 51 1930.
724 911 256 53 Richard
1005 911 90 53 W.
1128 910 240 68 Cooper,
1394 914 146 48 state
1566 914 274 63 reporter,
1915 927 51 34 v.
1996 912 118 49 249.

109 996 83 48 1st
220 993 84 52 ed.
382 990 269 68 Chicago,
682 989 321 68 Callaghan
1033 989 113 52 and
1176 1005 299 52 company,
1506 990 150 49 1931.

178 1072 153 47 xxxii,
369 1070 85 41 772
490 1081 44 38 p.
593 1070 116 41 23ᶜᵐ.

114 1124 51 53 ©
199 1130 113 47 Apr.
346 1128 70 48 14,
450 1126 113 41 1931;
626 1126 68 41 2c.
728 1128 97 38 and
859 1126 83 42 aff.
975 1126 113 48 Apr.
1124 1125 55 40 16;
1243 1125 42 39 A
1316 1124 147 41 35865;
1526 1124 167 41 Frank
1727 1124 58 42 D.
1821 1124 294 48 Fitzgerald,

181 1188 247 44 secretary
451 1184 52 40 of
527 1186 130 39 state
679 1185 81 38 for
784 1184 82 39 the
890 1185 128 38 state
1044 1183 51 39 of
1119 1182 262 49 Michigan,
1408 1181 228 50 Lansing,
1664 1181 145 42 Mich.

107 1276 301 64 Michigan
447 1278 203 69 digest,
688 1278 268 68 covering
993 1276 278 55 decisions
1307 1277 65 52 of
1407 1277 97 52 the
1542 1276 279 69 Supreme
1855 1281 161 49 court
2054 1275 65 54 of

177 1356 316 70 Michigan,
530 1357 267 66 reported
836 1356 60 52 in
932 1354 299 69 Michigan
1270 1359 240 65 reports,
1548 1356 137 53 vols.
1724 1358 121 67 233,
1886 1353 135 54 *234
2059 1362 59 46 to

177 1437 120 66 251,
339 1434 156 70 252*,
538 1435 187 52 North
768 1439 239 47 western
1049 1439 276 63 reporter,
1367 1433 138 54 vols.
1548 1435 122 67 206,
1709 1451 148 51 page
1899 1436 118 66 641,
2059 1440 60 46 to

177 1515 120 66 233,
325 1531 148 50 page
501 1515 105 49 464
644 1509 56 73 (*
725 1512 61 52 in
812 1514 160 69 part)
1046 1512 163 53 With
1239 1512 181 53 tables
1450 1512 65 52 of
1545 1516 238 50 statutes
1816 1512 302 53 construed

178 1592 113 52 and
332 1610 154 34 cases
527 1591 272 68 digested.
877 1589 301 68 Compiled
1220 1590 182 53 under
1444 1590 97 53 the
1580 1589 309 54 American
1932 1589 187 70 digest

178 1667 1940 72 classification … v. 10. St. Paul, West publishing co., 1931.
182 1750 68 48 iii,
287 1750 87 40 576
409 1760 45 38 p.
513 1749 117 41 26ᶜᵐ.

182 1807 226 40 Lettered
442 1815 60 30 on
536 1816 139 30 cover:
742 1805 324 49 Supplement.

115 1859 51 52 ©
199 1864 123 41 Mar.
354 1863 70 48 19,
455 1862 113 41 1931;
630 1863 68 41 2c.
728 1863 113 47 Apr.
875 1863 54 40 17;
992 1862 83 42 aff.
1106 1862 115 49 Apr.
1255 1861 58 42 18;
1370 1863 45 39 A
1444 1859 146 45 36584;
1652 1864 136 40 West
1819 1863 110 49 pub.
1963 1873 68 31 co.

109 1941 210 65 Miller,
347 1943 199 54 Janet.

176 2019 243 69 Jungles
445 2019 317 69 preferred,
787 2021 76 68 by
889 2021 175 54 Janet
1088 2019 212 55 Miller.
1377 2022 218 51 Boston
1624 2022 112 53 and
1765 2022 140 53 New
1932 2021 182 69 York,

106 2097 321 69 Houghton
457 2097 204 54 Mifflin
693 2115 297 52 company,
1026 2101 150 50 1931.

179 2177 1091 51 3 p. l., 320, [1] p. front., plates. 21 ½ᶜᵐ .
181 2235 325 48 Experiences
537 2235 53 40 of
620 2246 27 29 a
680 2245 189 30 woman
902 2236 168 39 doctor
1101 2235 49 39 in
1182 2236 85 40 the
1298 2236 205 48 Belgian
1536 2236 174 48 Congo.

117 2288 51 53 ©
194 2293 122 40 Mar.
341 2293 68 48 18,
436 2292 112 41 1931;
603 2292 69 42 2c.
698 2293 121 40 Mar.
845 2292 58 40 20;
956 2292 81 41 aff.
1064 2293 123 41 Mar.
1212 2292 56 41 19;
1322 2294 44 39 A
1389 2293 147 42 35330;
1589 2295 44 41 J.
1660 2294 176 49 Miller,
1863 2296 254 49 Memphis,

183 2350 149 40 Tenn.
401 2348 252 49 (31-7738)

110 2428 230 66 Milner,
372 2429 213 53 Alfred
615 2429 230 65 Milner,
877 2435 88 49 1st
994 2431 277 54 viscount.

183 2507 299 55 Socialism
510 2509 112 53 and
650 2508 214 53 Robert
891 2507 195 55 Owen.

193 2587 84 48 (In
306 2584 242 45 National
577 2584 183 44 review
792 2586 275 52 magazine,
1100 2587 142 52 Mar.,
1279 2588 145 51 1931)

116 2641 2002 57 © 1c. Apr. 25, 1931; A ad int. 14989; pubd. Feb. 27; Violet Georgina
186 2702 188 50 Milner,
406 2702 213 41 London.

112 2781 243 65 Mundy,
385 2782 230 65 Talbot,
648 2784 172 54 1879-

179 2857 1939 78 Jimgrim, by Talbot Mundy … New York & London, The
110 2934 253 71 Century
398 2954 78 35 co.
516 2971 14 35 [
557 2939 133 50 ᶜ1931
696 2970 14 36 ]

179 3015 104 48 xiii,
309 3015 86 41 385
421 3026 42 38 p.
524 3015 117 42 20ᶜᵐ.
757 3015 132 51 $2.00

182 3071 162 42 “First
370 3072 261 49 printing.”

120 3128 51 52 ©
202 3134 123 39 Mar.
353 3132 71 49 20,
454 3131 113 42 1931;
626 3132 68 41 2c.
724 3134 97 39 and
850 3133 81 41 aff.
965 3135 122 40 Mar.
1117 3135 56 40 27;
1233 3135 42 39 A
1305 3135 146 41 36120;
1509 3136 54 43 T.
1595 3138 197 50 Mundy,
1824 3139 118 40 New
1974 3139 146 41 York.

199 3188 251 49 (31-7640)

112 3268 231 63 Munro,
372 3268 257 55 William
658 3270 279 65 Bennett,
970 3272 172 55 1875-

184 3342 191 56 Social
397 3344 172 55 civics;
624 3364 103 35 our
751 3347 332 70 democracy
1108 3349 113 53 and
1248 3349 75 54 its
1347 3349 303 69 problems.
1710 3352 139 53 Rev.
1878 3352 84 53 ed.
2024 3354 92 68 By

111 3421 262 55 William
414 3423 247 53 Bennett
704 3423 227 54 Munro.
1011 3426 140 53 New
1195 3426 180 70 York,
1420 3428 123 53 The
1587 3428 337 54 Macmillan
112 3448 1979 119 company,
317 3500 152 52 1931.

183 3578 104 47 xiii,
317 3577 85 42 693
430 3589 43 38 p.
533 3579 164 50 front.,
726 3580 129 41 illus.
884 3581 132 48 (incl.
1046 3584 162 48 maps)
1246 3584 173 50 plates,
1450 3585 179 48 diagrs.
1689 3584 148 43 20½ᶜᵐ.

184 3633 195 42 Earlier
426 3634 184 42 edition
658 3636 63 49 by
768 3637 217 42 William
1032 3638 213 43 Bennett
1296 3640 174 42 Munro
1520 3643 97 39 and
1667 3640 203 43 Charles
1921 3643 194 49 Eugene

115 3688 207 43 Ozanne.

183 3744 125 42 Text
334 3756 61 29 on
422 3756 139 30 verso
589 3747 53 40 of
666 3748 314 49 frontispiece
1010 3751 97 40 and
1134 3750 172 48 plates.

186 3799 238 42 “General
460 3801 315 52 references”,
814 3803 193 50 “Group
1042 3806 286 49 problems”,
1369 3806 177 43 “Short
1586 3809 215 42 studies”
1842 3813 53 40 at
1933 3813 93 40 end
2065 3812 55 41 of

114 3856 118 39 each
263 3856 215 48 chapter.

124 3908 51 52 ©
208 3914 120 39 Mar.
362 3915 70 46 17,
464 3913 112 42 1931;
638 3915 67 43 2c.
738 3918 96 39 and
866 3918 81 40 aff.
982 3920 120 39 Mar.
1137 3920 57 40 18;
1255 3921 40 38 A
1327 3919 148 42 34916;
1536 3923 282 42 Macmillan
1851 3936 67 30 co.

200 3969 251 51 (31-7504)
