2505 4370
1275 4021 134 51 1082

391 436 73 42 On
494 447 142 31 cover
655 447 9 30 :
701 437 213 41 Sixième
942 437 149 43 mille.

327 494 1958 52 © Mar. 5, 1931; 1c. Mar. 19; A— Foreign 11476; Ernest Flammarion.
408 554 283 51 (31-18021)

321 650 135 60 Lee,
488 651 329 64 Umphrey,
847 656 173 51 1893-

392 730 124 51 The
549 729 298 53 historical
881 730 404 69 backgrounds
1321 728 63 54 of
1421 731 157 68 early
1615 730 319 53 Methodist
1970 730 370 56 enthusiasm,

322 806 2017 73 by Umphrey Lee, PH . D. New York, Columbia university
322 904 158 49 press;
542 886 261 66 London,
834 888 66 52 P.
936 886 58 56 S.
1024 886 165 69 King
1220 890 46 50 &
1296 905 118 49 son,
1446 887 123 67 ltd.,
1604 890 150 50 1931.

324 967 2017 107 176 p. 23 ᶜᵐ. (Half-title: Studies in history, economics and public law, ed. by the Faculty
1075 1026 53 40 of
1169 1025 221 50 political
1433 1025 187 41 science
1662 1026 52 40 of
1757 1026 251 41 Columbia
2053 1026 287 47 university,
321 1093 76 31 no.
428 1082 111 47 339)

394 1140 353 48 Bibliography
766 1150 9 30 :
806 1151 44 38 p.
879 1140 220 41 149-172.

331 1194 52 52 ©
420 1199 116 47 May
570 1198 54 39 11,
677 1197 142 47 1931;
856 1197 69 42 2c.
962 1200 96 38 and
1095 1197 82 40 aff.
1216 1199 115 46 May
1367 1197 82 48 21;
1488 1197 42 40 A
1566 1197 172 48 37426;
1781 1198 251 41 Columbia
2073 1197 272 49 university
398 1266 151 37 press.
624 1256 282 47 (31-18047)

322 1351 211 64 Locke,
566 1350 236 56 Clinton
833 1352 90 54 W.

455 1427 1891 70 … Who opened the safe; or, Perry Pierce and the secret
321 1505 1998 134 cipher mystery, by Clinton W. Locke … illustrated by Russell
451 1584 1888 70 H. Tandy. Philadelphia, Henry Altemus company [ ᶜ1 931 ]
394 1667 1942 51 iv, 5-216 p. front., plates. 19½ ᶜᵐ. (His Perry Pierce mystery stories)
331 1723 52 52 ©
423 1727 118 48 July
578 1728 55 40 13,
687 1726 142 43 1931;
870 1727 68 40 2c.
977 1728 96 38 and
1113 1726 81 40 aff.
1236 1726 117 47 July
1392 1727 81 42 14;
1516 1727 40 39 A
1593 1726 173 48 40337;
1808 1727 170 40 Henry
2016 1727 223 40 Altemus
2278 1738 68 32 co.
409 1783 285 50 (31-18069)

325 1866 386 64 MacDonald,
741 1866 256 58 Aeneas.

390 1943 265 70 Whisky,
702 1943 75 69 by
825 1943 222 55 Aeneas
1094 1943 385 54 MacDonald.
1563 1942 230 55 Garden
1845 1943 153 70 City,
2047 1943 204 71 Henry
2299 1944 46 51 &

320 2021 314 71 Longwell,
664 2025 152 50 1930.

393 2102 1801 50 3 p. l., 9-24 p., 1 l. 21½ ᶜᵐ. (Half-title: Briefcase breviaries, III)
393 2161 352 49 Autographed
772 2161 62 48 by
862 2161 83 41 the
974 2160 180 41 author
1182 2162 98 39 and
1308 2161 62 47 by
1397 2160 168 40 Frank
1593 2160 184 49 Henry,
1808 2160 323 50 Christopher
2158 2159 188 48 Morley

323 2219 98 41 and
452 2220 112 40 Dan
589 2217 265 49 Longweli.

396 2276 117 42 “307
543 2275 161 49 copies
735 2274 181 50 privily
945 2273 210 50 printed,
1188 2273 89 42 300
1306 2273 80 41 for
1416 2272 191 49 gainful
1639 2274 156 41 traffic
1827 2275 95 40 and
1955 2275 27 41 7
2011 2275 83 40 for
2124 2272 221 51 hilarity,

323 2334 269 41 December
622 2332 130 49 1930,
785 2332 101 42 this
920 2330 144 50 being
1095 2340 121 39 copy
1250 2331 206 40 number
1488 2330 100 41 23.”

333 2391 52 52 ©
421 2396 114 40 Dec.
567 2393 56 41 23,
673 2392 117 41 1930;
851 2392 68 41 2c.
954 2392 97 40 and
1086 2390 83 42 aff.
1205 2391 123 40 Mar.
1365 2390 69 47 11,
1470 2389 114 40 1931;
1651 2390 41 39 A
1726 2390 145 40 36788;
1935 2390 55 39 A.
2028 2390 320 42 MacDonald.

401 2453 215 39 London.
691 2449 257 49 (31-18035

331 2530 302 68 Maritain,
662 2531 277 65 Jacques,
971 2534 173 51 1882-

455 2603 1890 74 … Peligion and culture, by Jacques Maritain, translated by
322 2686 55 55 J.
426 2687 64 52 F.
540 2685 267 65 Scanlan,
851 2683 143 53 with
1039 2703 72 33 an
1155 2683 391 55 introduction
1593 2690 58 46 to
1697 2683 212 68 Essays
1952 2682 59 53 in
2059 2682 167 56 order
2271 2682 75 71 by

324 2763 376 69 Christopher
736 2763 267 54 Dawson.
1078 2760 260 68 London,
1376 2761 183 57 Sheed
1597 2763 45 50 &
1677 2761 199 68 Ward,
1916 2764 151 49 1931.

409 2845 1312 54 xxvii, 66. [1] p. 19 ᶜᵐ. (Essays in order: no. 1)
335 2903 2015 52 © 1c. May 2, 1931; A ad int. 15025; pubd. Mar. 26; Macmillan co., New
403 2966 146 39 York.
644 2962 259 47 (31-18989)

329 3043 773 66 Micha ë lis, Karin, 1872-
395 3118 1953 68 Herr und mädchen; roman von Karin Micha ë lis. Berlin,
324 3198 67 55 G.
427 3197 418 70 Kiepenheuer,
878 3200 151 52 1930.

394 3282 278 49 313 p. 20 ᶜᵐ.
399 3337 142 42 “1.-5.
574 3337 251 43 tausend.”

337 3393 1996 107 © Sept. 18, 1930; 1c. Jan. 27, 1931; A—Foreign 11340; Gustav Kiepenheuer verlag,
838 3464 42 27 a.
931 3464 41 35 g.
1044 3451 284 48 (31-19004)

333 3532 198 65 Miley,
560 3534 187 54 Sister
774 3534 175 63 Mary
976 3532 195 65 Hilda,
1206 3538 171 50 1881-

401 3611 124 53 The
558 3610 179 54 ideals
773 3610 65 53 of
872 3610 230 53 Mother
1136 3610 291 69 McAuley
1462 3611 112 52 and
1611 3610 151 53 their
1796 3610 305 66 influence;
333 3609 1990 145 foundress,

508 3688 286 67 educator,
835 3687 175 54 social
1052 3687 238 54 welfare
1331 3688 239 68 worker,
1610 3688 75 69 by
1729 3687 183 56 Sister
1952 3689 170 68 Mary
2165 3688 183 52 Hilda

331 3764 1593 70 Miley … New York, P. J. Kenedy & sons [ ᶜ1 931 ]
404 3846 56 41 68
489 3858 42 37 p.
591 3848 27 39 2
648 3850 123 46 port.
801 3848 134 48 (incl.
963 3848 177 47 front.)
1210 3848 57 41 19½ᶜᵐ.

341 3900 52 52 ©
428 3903 126 42 June
586 3905 68 48 10,
688 3905 112 41 1931;
863 3906 66 41 2c.
964 3906 126 40 June
1123 3907 54 39 18;
1241 3906 84 41 aff.
1359 3907 125 38 June
1517 3905 82 48 22;
1636 3907 39 38 A
1707 3906 172 48 40011;
1917 3907 51 40 P.
2001 3906 44 41 J.
2080 3906 201 47 Kenedy
2315 3906 35 40 &

408 3971 128 31 sons.
607 3963 282 50 (31-18165)
