2505 4370
1113 4035 68 55 77

189 478 676 53 4 p. l. , 252. xiii p. 20½ᶜᵐ.
129 536 51 53 ©
213 540 126 41 June
369 538 71 49 27,
475 536 139 48 1930;
650 535 66 43 2c.
751 535 109 42 Jan.
895 534 38 49 2,
968 533 140 48 1931;
1145 532 82 43 aff.
1264 533 109 40 Jan.
1407 531 54 49 9;
1497 532 43 40 A
1571 531 171 48 32831;
1779 531 167 41 World
1981 539 144 40 peace

193 596 306 40 foundation.
573 592 279 49 (30-27112)

126 693 239 63 Phelan,
404 691 254 54 Vincent
699 690 66 54 B.

194 770 120 52 The
354 767 307 55 American
700 767 164 52 home
901 766 147 52 book
1087 765 63 52 of
1189 764 249 69 repairs;
1481 764 95 51 the
1613 782 127 34 care
1779 764 112 52 and
1935 763 188 68 repair

123 845 62 54 of
228 845 94 52 the
367 844 180 68 home,
591 842 76 69 by
713 841 244 55 Vincent
1003 842 69 52 B.
1120 840 234 53 Phelan.
1438 839 232 55 Garden
1717 839 152 69 City,
1916 839 67 51 N.
2037 838 89 68 Y.,

124 924 355 68 Doubleday,
507 924 197 51 Doran
733 925 45 49 &
806 938 297 50 company,
1131 919 106 54 inc.
1315 922 151 64 [ᶜ1931]

196 1000 1931 53 xiv, 306 p. incl. front., illus., diagrs. 18½ ᶜᵐ . (Lettered on cover:
127 1060 254 41 American
411 1061 140 39 home
578 1058 211 49 library)

198 1113 1925 51 “This manuscript … was prepared by the Division of building and
130 1173 204 49 housing
366 1174 54 40 of
453 1174 81 40 the
569 1173 177 41 United
786 1172 161 41 States
984 1172 321 46 Department
1340 1170 51 41 of
1425 1170 500 41 commerce.”—Pref.

133 1228 51 52 ©
212 1232 108 40 Jan.
346 1230 40 48 2,
413 1230 108 41 1931;
582 1230 66 40 2c.
677 1230 95 39 and
799 1229 82 41 aff.
909 1230 109 39 Jan.
1046 1228 81 42 12;
1159 1229 38 38 A
1224 1228 171 45 33184;
1427 1228 169 39 Better
1623 1228 165 39 homes
1815 1228 50 39 in
1893 1226 238 47 America,

198 1289 104 47 inc.,
335 1288 336 46 Washington.
742 1284 251 51 (31-2712)

130 1384 232 64 Phelps,
396 1384 182 53 Edith
608 1385 157 64 May,
798 1403 178 49 comp.

257 1458 1871 70 … The socialization of medicine, compiled by Edith M.
127 1538 225 67 Phelps.
418 1536 137 55 New
586 1536 179 69 York,
792 1536 122 53 The
943 1536 75 53 H.
1050 1538 88 53 W.
1169 1535 220 55 Wilson
1422 1554 294 53 company,
1749 1540 149 49 1930.

196 1619 1374 50 190 p. 20 ᶜᵐ . (The reference shelf, vol. vii, no. 1)
198 1676 372 49 Bibliography:
610 1686 41 39 p.
696 1676 187 52 [27]-43.

136 1732 1997 52 © Dec. 31, 1930; 2c. Jan. 22, 1931; aff. Jan. 9; A 33309; H. W. Wilson
203 1803 81 38 co.,
316 1793 90 40 inc.
478 1791 250 49 (31-2373)

133 1872 322 65 Philipson,
493 1872 210 64 David,
745 1878 171 49 1862-

199 1948 1874 71 The reform movement in Judaism, by David Philipson …
130 2026 1934 71 New and rev. ed. New York, The Macmillan company, 1931.
200 2106 562 49 4 p. l. , 503 p. 22½ ᶜᵐ .
204 2164 292 40 “Published
519 2163 152 49 April,
694 2163 128 42 1907.
872 2164 119 40 New
1014 2165 95 39 and
1133 2163 191 42 revised
1347 2164 197 42 edition.
1598 2165 277 49 Published,
1901 2167 234 46 January.

133 2220 159 42 1931.”

206 2278 195 42 Several
432 2277 52 41 of
509 2277 82 41 the
621 2276 186 41 studies
835 2277 127 39 have
986 2277 242 47 appeared
1260 2277 47 39 in
1337 2278 83 40 the
1450 2278 183 40 Jewish
1665 2278 251 48 quarterly
1947 2279 187 41 review.

140 2334 1743 52 © Jan. 20, 1931; 2c. and aff. Jan. 21; A 33283; Macmillan co.
217 2394 250 49 (31-2670)

137 2476 263 64 Phillips,
438 2475 226 64 George
694 2475 274 54 Wallace.

206 2553 215 69 Living
454 2553 203 66 issues;
696 2571 30 34 a
764 2553 169 53 series
968 2551 66 55 of
1071 2551 238 71 Sunday
1346 2553 244 69 evening
1626 2553 291 54 addresses
1952 2559 58 48 to
2046 2554 95 52 the

136 2632 2007 71 American crowd, by Geo. W. Phillips, v. l. Oakland, Calif.,
141 2715 145 49 1930.

210 2791 100 49 viii,
343 2790 87 41 296
459 2802 44 37 p.
562 2790 146 41 20½ᶜᵐ.

145 2844 1997 55 © Dec. 1, 1930; 2c. Jan. 24, 1931; aff. Jan. 19; A 33361; G. W. Phillips.
213 2906 236 48 Oakland,
481 2906 144 40 Calif.
696 2906 250 47 (31-2771)

143 2988 227 63 Porter,
403 2987 190 53 Hollis
624 2987 200 55 Paine.

210 3064 326 53 Petroleum
570 3064 323 70 dictionary
926 3064 95 53 for
1052 3065 165 68 office,
1248 3066 133 53 field
1416 3067 113 52 and
1564 3066 244 67 factory,
1839 3067 77 68 by
1947 3068 194 53 Hollis

141 3141 2001 75 P. Porter … 1st ed. Houston, Tex., The Gulf publishing
142 3225 507 62 company [ᶜ193 0]
216 3300 563 49 3 p. l. , 234 p. 23½ᶜᵐ.
150 3352 1995 56 © Dec. 31, 1930; 2c. Jan. 16, 1931; aff. Jan. 15; A 32832; H. P. Porter,
217 3414 163 47 Tulsa,
412 3414 104 41 Okl.
591 3414 251 50 (31-2713)

148 3494 220 64 Pound,
399 3495 210 56 Olivia.

274 3569 1868 76 … Extra curricular activities of high school girls, by Olivia
146 3647 1976 143 Pound … New York, A. S. Barnes and company, incorporated, 1931.
219 3807 1606 54 viii p., 1 l., 97 p. 19 ᶜᵐ . (The Extra curricular library)
221 3864 348 49 Bibliography:
628 3876 42 38 p.
702 3866 156 41 95-97.

157 3916 1991 58 © Jan. 14, 1931; 2c. Jan. 14; aff. Jan. 22; A 32954; A. S. Barnes & co.,
222 3977 91 42 inc.
383 3978 280 52 (31-26391)
