2428 4370
1169 4042 136 50 1444

240 394 459 65 Pennsylvania.
779 397 269 68 Orphans
1053 398 11 25 ’
1094 404 161 48 court
1295 395 353 73 (Allegheny
1677 399 108 71 co.)

307 472 147 52 Rule
487 475 60 64 3;
585 471 233 70 stating,
853 471 167 70 filing
1055 473 112 52 and
1204 473 266 68 auditing
1506 479 265 47 accounts
1806 473 113 54 and
1952 475 302 68 excepting

237 558 57 48 to
330 550 219 54 decrees
583 549 63 55 of
682 549 370 57 distribution
1088 551 61 53 in
1184 551 96 53 the
1315 549 288 71 Orphans’
1638 557 161 48 court
1834 551 62 54 of
1930 551 321 72 Allegheny

236 629 1990 132 county, prepared by Thomas P. Trimble … H. Walton Mitchell …
462 706 1789 71 Edward C. Chalfant … Frank C. Osburn, chairman,
236 784 2015 71 William F. Knox, John E. Winner … [and others] committee
235 863 64 53 of
334 864 96 53 the
463 861 323 72 Allegheny
823 868 208 65 county
1066 863 103 53 bar
1208 862 366 69 association;
1612 864 331 55 Alexander
1978 864 63 52 P.
2081 864 171 68 Reed,

233 941 157 54 John
430 941 88 53 W.
561 940 298 70 Chalfant,
899 941 157 54 John
1094 941 89 54 W.
1230 940 434 70 Cunningham:
1706 942 317 53 committee
235 961 1992 127 representing

509 1022 291 65 approved
849 1018 339 69 fiduciaries,
1236 1020 113 52 and
1396 1020 77 53 H.
1522 1020 243 53 Warren
1814 1020 302 56 Edwards,
234 1040 1993 112 accountant.

602 1097 271 68 Adopted
911 1097 153 54 June
1176 1141 11 25 20,
1267 1139 10 10 A.
1356 1139 10 10 D.
1409 1100 150 50 1931.
1642 1095 378 74 [Pittsburgh,
2060 1097 193 57 Smith

234 1175 626 70 bros. co., inc., ᶜ1 931]
305 1256 68 40 vii
402 1267 58 37 p.,
487 1256 56 40 64
569 1257 161 40 numb.
782 1288 21 16 l.,
831 1255 146 42 65-75
1005 1268 43 37 p.
1109 1256 55 41 23½ᶜᵐ.

306 1314 229 40 Lettered
566 1324 59 28 on
657 1324 141 29 cover:
859 1312 305 49 Accounting
1194 1314 105 39 rule
1331 1315 96 39 and
1458 1314 156 41 forms
1645 1315 52 40 of
1727 1317 84 39 the
1842 1316 239 48 Orphans’
2114 1322 138 37 court

234 1372 53 40 of
314 1371 269 48 Allegheny
614 1373 192 45 county,
836 1370 141 39 Fifth
1006 1370 208 47 judicial
1244 1370 209 49 district,
1486 1371 376 47 Pennsylvania.

242 1428 52 52 ©
321 1432 121 47 Aug.
472 1432 70 44 14,
570 1430 141 47 1931;
743 1429 65 41 2c.
840 1430 96 39 and
965 1429 82 42 aff.
1076 1430 121 47 Aug.
1227 1429 56 39 15;
1342 1429 41 39 A
1410 1429 173 47 42082;
1618 1430 158 41 Smith
1805 1432 126 41 bros.
1962 1443 82 35 co.,
2076 1433 89 38 inc.

320 1488 282 49 (31-24483)

242 1582 261 72 [Porché,
533 1585 171 51 Mme.
736 1581 236 56 Simone
1012 1581 291 69 (Benda)]

305 1660 297 68 Disorder,
643 1659 77 70 by
763 1658 232 56 Simone
1060 1659 183 69 [pseud
1247 1701 10 11 .]
1324 1659 319 54 translated
1689 1658 155 55 from
1886 1661 98 54 the
2026 1661 226 54 French

235 1741 75 68 by
350 1740 205 69 Henry
596 1739 75 53 K.
713 1738 216 53 Marks.
1009 1738 140 53 New
1192 1737 181 69 York,
1417 1738 69 54 E.
1529 1739 66 53 P.
1639 1740 225 52 Dutton
1909 1741 47 51 &
1998 1758 98 50 co.,
2142 1741 109 53 inc.

239 1821 195 65 [ ᶜ1 931]
300 1898 278 50 245 p. 20 ᶜᵐ.
303 1957 165 40 “First
501 1955 231 42 edition.”

240 2011 52 53 ©
321 2016 129 47 Sept.
477 2016 54 38 15,
574 2015 111 40 1931;
743 2014 67 40 2c.
837 2015 95 39 and
960 2013 81 41 aff.
1072 2014 128 48 Sept.
1228 2015 58 39 17;
1340 2015 40 38 A
1405 2014 148 40 41666;
1610 2016 52 40 E.
1690 2016 50 38 P.
1770 2016 192 40 Dutton
1987 2016 36 40 &
2050 2027 81 37 co.,
2159 2016 91 40 inc.

318 2071 282 51 (31-24137)

236 2166 258 66 Pringle,
523 2166 194 64 Ralph
744 2167 86 64 W,
863 2172 172 49 1865-

305 2246 122 52 The
480 2245 351 69 psychology
887 2243 64 54 of
1004 2244 363 70 high-school
1423 2244 322 68 discipline,
1797 2245 76 69 by
1927 2246 194 68 Ralph
2175 2247 74 54 W

233 2321 1991 150 Pringle … Boston, New York [etc.] D. C. Heath and company [ᶜ1931]
304 2482 389 51 xii, 362 p. 20 ᶜᵐ.
307 2541 353 48 Bibliography:
717 2552 44 37 p.
789 2540 219 41 351-353.

586 2596 553 50 CONTENTS.—Introduction.—pt.
1198 2627 11 11 I.
1247 2597 102 40 The
1386 2598 294 47 psychology
1716 2597 52 40 of
1802 2598 357 48 conduct.—pt.
2237 2627 11 11 II.

235 2657 143 47 Pupil
407 2657 202 40 control.

238 2711 52 52 ©
326 2715 129 48 Sept.
487 2714 69 47 10,
591 2713 141 48 1931;
768 2713 66 40 2c.
872 2713 129 47 Sept.
1035 2713 82 46 15;
1154 2712 82 42 aff.
1274 2713 127 48 Sept.
1437 2712 82 48 16;
1557 2713 40 38 A
1630 2711 171 48 42318;
1838 2713 56 41 R.
1929 2713 71 40 W.
2037 2711 209 49 Pringle,

304 2772 215 46 Normal,
552 2773 74 38 Ill.
702 2770 281 49 (31-24420)

232 2854 266 64 Rheims,
532 2854 249 64 George.

301 2930 95 53 An
446 2931 227 68 elegant
720 2930 332 68 peccadillo,
1099 2930 76 68 by
1223 2929 224 70 George
1492 2929 265 67 Rheims;
1807 2930 318 52 translated
2172 2928 77 71 by

233 3009 231 55 Samuel
512 3010 281 66 Putnam;
844 3008 328 53 illustrated
1220 3008 76 69 by
1347 3006 228 56 Carroll
1627 3006 175 57 Snell.
1877 3007 140 54 New
2069 3007 180 68 York,

230 3087 77 54 H.
336 3086 148 54 Holt
511 3088 114 52 and
653 3104 282 51 company
968 3089 195 64 [ᶜ1931]

302 3170 63 47 ix,
397 3170 87 41 187
511 3181 43 37 p.
615 3170 172 47 plates.
848 3169 56 40 19½ᶜᵐ.

303 3227 164 41 “First
495 3226 262 49 printing.”

236 3282 52 52 ©
320 3286 128 47 Sept.
477 3285 69 47 18,
575 3283 113 41 1931;
748 3284 67 40 2c.
844 3284 95 39 and
968 3282 81 41 aff.
1083 3283 128 48 Sept.
1241 3281 57 40 19;
1355 3283 40 38 A
1422 3282 149 41 41710;
1628 3283 168 47 Henry
1826 3283 120 40 Holt
1975 3282 38 41 &
2040 3293 81 38 co.,
2153 3282 90 40 inc.

319 3342 282 49 (31-24445)

232 3424 158 64 Rice,
422 3423 225 64 Gladys
674 3423 207 53 Leora.

303 3502 158 51 Tack
498 3499 64 54 of
598 3501 96 52 the
734 3499 86 53 air
859 3498 183 68 trails,
1077 3498 173 70 being
1287 3499 97 52 the
1422 3498 330 68 experience
1792 3500 112 52 and
1943 3498 106 53 life
2086 3498 157 53 work

232 3578 64 52 of
330 3597 96 49 my
466 3579 265 66 personal
771 3576 210 69 friend,
1018 3576 144 54 Miss
1198 3577 157 53 Tack
1394 3576 297 69 Aphidae;
1733 3577 318 53 translated
2090 3575 153 55 from

231 3655 97 53 the
352 3655 301 68 beelingua
683 3656 117 54 into
827 3657 96 54 the
951 3655 484 69 child-language.
1512 3656 90 67 By
1631 3654 221 69 Gladys
1878 3656 183 51 Leora
2088 3654 155 65 Rice,

231 3732 326 55 illustrated
586 3734 75 68 by
693 3733 250 54 Eleanor
973 3733 163 54 Alice
1165 3732 306 56 Williams.
1547 3734 113 51 Los
1691 3732 267 70 Angeles,
1990 3736 149 49 1931.

303 3814 673 49 6 p. l., 187 p. illus. 20 ᶜᵐ.
304 3871 288 42 Illustrated
622 3875 98 46 t.-p.

237 3922 51 53 ©
316 3928 127 39 June
468 3929 68 47 16,
563 3929 140 47 1931;
732 3929 67 41 2c.
826 3931 94 38 and
948 3929 81 41 aff.
1056 3929 120 48 Aug.
1204 3930 57 39 17;
1316 3929 39 38 A
1381 3928 172 46 41066;
1584 3928 53 41 G.
1666 3929 47 37 L.
1744 3928 129 47 Rice,
1903 3928 92 39 Los
2022 3928 219 45 Angeles.

316 3984 280 50 (31-24291)
