<alto xmlns="http://www.loc.gov/standards/alto/ns-v3#" xmlns:xlink="http://www.w3.org/1999/xlink" xmlns:xsi="http://www.w3.org/2001/XMLSchema-instance" xsi:schemaLocation="http://www.loc.gov/standards/alto/ns-v3# http://www.loc.gov/alto/v3/alto-3-0.xsd"><Description>
<MeasurementUnit>pixel</MeasurementUnit>
<sourceImageInformation>
<fileName>1931_v28_Part001.pdf</fileName>
</sourceImageInformation>
<OCRProcessing ID="IdOcr">
<ocrProcessingStep>
<processingDateTime>2019-04-22</processingDateTime>
<processingSoftware>
<softwareCreator>ABBYY</softwareCreator>
<softwareName>ABBYY Recognition Server</softwareName>
<softwareVersion>4.0</softwareVersion>
</processingSoftware>
</ocrProcessingStep>
</OCRProcessing>
</Description>
<Styles>
<ParagraphStyle ID="StyleId-FFFFFFFF-FFFF-FFFF-FFFF-FFFFFFFFFFFF-" ALIGN="Left" LEFT="0." RIGHT="0." FIRSTLINE="0."/>
<ParagraphStyle ID="StyleId-204B5AEB-67A1-44E2-A013-34B3A0F3E0EA-" ALIGN="Right" LEFT="0." RIGHT="0." FIRSTLINE="0." LINESPACE="8.300000191"/>
<ParagraphStyle ID="StyleId-03245871-796C-4429-B3C7-F9019C8C5B89-" ALIGN="Left" LEFT="0." RIGHT="0." FIRSTLINE="0." LINESPACE="12.19999981"/>
<ParagraphStyle ID="StyleId-BDCA8811-25FF-44DB-8D6F-2072A4ABC070-" ALIGN="Center" LEFT="0." RIGHT="0." FIRSTLINE="0." LINESPACE="12.19999981"/>
<ParagraphStyle ID="StyleId-2C5B7DF0-AF87-455E-B9A8-6FE387CB59BD-" ALIGN="Left" LEFT="0." RIGHT="0." FIRSTLINE="-13." LINESPACE="8.479999542"/>
<ParagraphStyle ID="StyleId-9FB72FA1-55D5-4161-8333-823D5732F4D0-" ALIGN="Block" LEFT="0." RIGHT="0." FIRSTLINE="-14." LINESPACE="10."/>
<ParagraphStyle ID="StyleId-212AEB8C-A829-4BF1-8E45-5BFE386A469C-" ALIGN="Block" LEFT="0." RIGHT="0." FIRSTLINE="-14." LINESPACE="11.35000038"/>
<ParagraphStyle ID="StyleId-4EC79CC1-EA62-49CE-ABB6-D84DDFCF4C7D-" ALIGN="Block" LEFT="0." RIGHT="0." FIRSTLINE="-10." LINESPACE="12.19999981"/>
<ParagraphStyle ID="StyleId-DAF2E8EE-6444-4951-9284-36A6C020C887-" ALIGN="Left" LEFT="0." RIGHT="0." FIRSTLINE="0." LINESPACE="9.399999619"/>
<ParagraphStyle ID="StyleId-25241749-1672-4977-B19F-38F59800D6D8-" ALIGN="Left" LEFT="0." RIGHT="0." FIRSTLINE="0." LINESPACE="11.10000038"/>
<ParagraphStyle ID="StyleId-8C523E19-EDEF-4F23-B010-536E1A1AAE1A-" ALIGN="Left" LEFT="0." RIGHT="0." FIRSTLINE="-13." LINESPACE="12.19999981"/>
<ParagraphStyle ID="StyleId-A1F9DE9E-2625-4D8B-AD7E-F0A0034C2989-" ALIGN="Block" LEFT="0." RIGHT="0." FIRSTLINE="0." LINESPACE="12.19999981"/>
<ParagraphStyle ID="StyleId-5725BB01-2B1C-440F-BAF2-696C4F4DF162-" ALIGN="Block" LEFT="0." RIGHT="0." FIRSTLINE="13." LINESPACE="12.19999981"/>
<ParagraphStyle ID="StyleId-F10A2092-61AA-44FD-99C2-123B3A8051CF-" ALIGN="Left" LEFT="0." RIGHT="0." FIRSTLINE="0." LINESPACE="5.5"/>
<ParagraphStyle ID="StyleId-B3CDC8CC-D2E1-4A23-B67C-CDD40993D1DD-" ALIGN="Left" LEFT="0." RIGHT="0." FIRSTLINE="0." LINESPACE="10."/>
<ParagraphStyle ID="StyleId-871EBF53-D909-4C8F-B368-AC7D897344DD-" ALIGN="Left" LEFT="0." RIGHT="0." FIRSTLINE="0."/>
<ParagraphStyle ID="StyleId-C4129744-680B-4878-B2C4-44BA3742C8D7-" ALIGN="Block" LEFT="0." RIGHT="0." FIRSTLINE="-14." LINESPACE="11.35000038"/>
<ParagraphStyle ID="StyleId-9CE98075-0B04-43D4-88D8-CE3BAB51B419-" ALIGN="Block" LEFT="0." RIGHT="0." FIRSTLINE="-10." LINESPACE="12.19999981"/>
<ParagraphStyle ID="StyleId-B2CFB7B3-DFFA-4E0E-94D6-C2BCE88DA9A9-" ALIGN="Left" LEFT="0." RIGHT="0." FIRSTLINE="0." LINESPACE="12.5"/>
<ParagraphStyle ID="StyleId-8D3352F3-1084-4DDE-A35D-B97102CCE686-" ALIGN="Left" LEFT="0." RIGHT="0." FIRSTLINE="0." LINESPACE="11.60000038"/>
<ParagraphStyle ID="StyleId-4A8DDA0D-166D-4E22-A597-BA51B892602D-" ALIGN="Block" LEFT="0." RIGHT="0." FIRSTLINE="0." LINESPACE="11.21000004"/>
<ParagraphStyle ID="StyleId-90EA4001-AA3C-45A1-AEDC-D1E1169EE5E5-" ALIGN="Block" LEFT="0." RIGHT="0." FIRSTLINE="13." LINESPACE="12.19999981"/>
</Styles>
<Layout>
<Page ID="Page997" PHYSICAL_IMG_NR="997" HEIGHT="4370" WIDTH="2505">
<TopMargin HEIGHT="380" WIDTH="2505" VPOS="0" HPOS="0">
</TopMargin>
<LeftMargin HEIGHT="3684" WIDTH="78" VPOS="380" HPOS="0">
</LeftMargin>
<RightMargin HEIGHT="3684" WIDTH="162" VPOS="380" HPOS="2343">
</RightMargin>
<BottomMargin HEIGHT="306" WIDTH="2505" VPOS="4064" HPOS="0">
</BottomMargin>
<PrintSpace HEIGHT="3684" WIDTH="2265" VPOS="380" HPOS="78">
<TextBlock ID="Page997_Block1" HEIGHT="74" WIDTH="122" VPOS="3990" HPOS="1028" LANG="en-US" STYLEREFS="StyleId-FD3FFC46-CADE-47BE-975D-C470F1414795-">
<TextLine HEIGHT="55" WIDTH="102" VPOS="3999" HPOS="1038">
<String CONTENT="997" HEIGHT="55" WIDTH="102" VPOS="3999" HPOS="1038"/>
</TextLine>
</TextBlock>
<TextBlock ID="Page997_Block2" HEIGHT="3616" WIDTH="2028" VPOS="380" HPOS="78" LANG="en-US" CS="1" STYLEREFS="StyleId-58C0548B-77B6-4939-AA7F-38454060E1F8-">
<TextLine HEIGHT="66" WIDTH="806" VPOS="390" HPOS="99" STYLEREFS="StyleId-5C70079B-8452-4507-9319-F7C3EAF4D513-">
<String CONTENT="Galsworthy," HEIGHT="65" WIDTH="395" VPOS="391" HPOS="99"/>
<SP HEIGHT="65" WIDTH="29" VPOS="391" HPOS="495"/>
<String CONTENT="John," HEIGHT="63" WIDTH="173" VPOS="391" HPOS="525"/>
<SP HEIGHT="57" WIDTH="34" VPOS="397" HPOS="699"/>
<String CONTENT="1867-" HEIGHT="55" WIDTH="171" VPOS="390" HPOS="734"/>
</TextLine>
<TextLine HEIGHT="68" WIDTH="1913" VPOS="463" HPOS="179" STYLEREFS="StyleId-C37BE2B6-1419-40E9-95CD-BFE03703D678-">
<String CONTENT="&#8220;Literature" HEIGHT="52" WIDTH="358" VPOS="466" HPOS="179"/>
<SP HEIGHT="34" WIDTH="39" VPOS="484" HPOS="538"/>
<String CONTENT="and" HEIGHT="52" WIDTH="112" VPOS="465" HPOS="578"/>
<SP HEIGHT="52" WIDTH="39" VPOS="465" HPOS="691"/>
<String CONTENT="life&#8221;;" HEIGHT="67" WIDTH="167" VPOS="464" HPOS="731"/>
<SP HEIGHT="48" WIDTH="44" VPOS="483" HPOS="899"/>
<String CONTENT="a" HEIGHT="33" WIDTH="30" VPOS="483" HPOS="944"/>
<SP HEIGHT="52" WIDTH="41" VPOS="464" HPOS="975"/>
<String CONTENT="lecture" HEIGHT="53" WIDTH="209" VPOS="464" HPOS="1017"/>
<SP HEIGHT="52" WIDTH="41" VPOS="464" HPOS="1227"/>
<String CONTENT="delivered" HEIGHT="54" WIDTH="284" VPOS="463" HPOS="1269"/>
<SP HEIGHT="52" WIDTH="40" VPOS="463" HPOS="1554"/>
<String CONTENT="April" HEIGHT="67" WIDTH="172" VPOS="464" HPOS="1595"/>
<SP HEIGHT="51" WIDTH="43" VPOS="466" HPOS="1768"/>
<String CONTENT="13," HEIGHT="63" WIDTH="82" VPOS="466" HPOS="1812"/>
<SP HEIGHT="63" WIDTH="43" VPOS="466" HPOS="1895"/>
<String CONTENT="1931," HEIGHT="65" WIDTH="153" VPOS="466" HPOS="1939"/>
</TextLine>
<TextLine HEIGHT="73" WIDTH="2000" VPOS="540" HPOS="92" STYLEREFS="StyleId-C37BE2B6-1419-40E9-95CD-BFE03703D678-" CS="1">
<String CONTENT="at" HEIGHT="47" WIDTH="56" VPOS="550" HPOS="92"/>
<SP HEIGHT="53" WIDTH="35" VPOS="544" HPOS="149"/>
<String CONTENT="Princeton" HEIGHT="54" WIDTH="304" VPOS="543" HPOS="185"/>
<SP HEIGHT="34" WIDTH="37" VPOS="561" HPOS="490"/>
<String CONTENT="university," HEIGHT="70" WIDTH="333" VPOS="542" HPOS="528"/>
<SP HEIGHT="71" WIDTH="33" VPOS="541" HPOS="862"/>
<String CONTENT="by" HEIGHT="72" WIDTH="75" VPOS="541" HPOS="896"/>
<SP HEIGHT="71" WIDTH="35" VPOS="542" HPOS="972"/>
<String CONTENT="John" HEIGHT="54" WIDTH="155" VPOS="542" HPOS="1008"/>
<SP HEIGHT="56" WIDTH="40" VPOS="540" HPOS="1164"/>
<String CONTENT="Galsworthy" HEIGHT="73" WIDTH="363" VPOS="540" HPOS="1205"/>
<SP HEIGHT="50" WIDTH="42" VPOS="563" HPOS="1569"/>
<String CS="1" CONTENT="&#8230;"/>
<SP HEIGHT="33" WIDTH="82" VPOS="577" HPOS="1668"/>
<String CONTENT="[Princeton," HEIGHT="69" WIDTH="341" VPOS="541" HPOS="1751"/>
</TextLine>
<TextLine HEIGHT="70" WIDTH="1256" VPOS="620" HPOS="91" STYLEREFS="StyleId-C37BE2B6-1419-40E9-95CD-BFE03703D678-">
<String LANG="fr" CONTENT="N." HEIGHT="55" WIDTH="69" VPOS="621" HPOS="91"/>
<SP HEIGHT="54" WIDTH="32" VPOS="622" HPOS="161"/>
<String CONTENT="J.]" HEIGHT="68" WIDTH="74" VPOS="622" HPOS="194"/>
<SP HEIGHT="68" WIDTH="36" VPOS="622" HPOS="269"/>
<String CONTENT="Princeton" HEIGHT="55" WIDTH="306" VPOS="620" HPOS="306"/>
<SP HEIGHT="36" WIDTH="30" VPOS="639" HPOS="613"/>
<String CONTENT="university" HEIGHT="70" WIDTH="315" VPOS="620" HPOS="644"/>
<SP HEIGHT="52" WIDTH="29" VPOS="638" HPOS="960"/>
<String CONTENT="press," HEIGHT="51" WIDTH="173" VPOS="637" HPOS="990"/>
<SP HEIGHT="65" WIDTH="32" VPOS="623" HPOS="1164"/>
<String CONTENT="1931." HEIGHT="48" WIDTH="150" VPOS="623" HPOS="1197"/>
</TextLine>
<TextLine HEIGHT="47" WIDTH="336" VPOS="718" HPOS="160" CS="1">
<String CONTENT="14" HEIGHT="37" WIDTH="55" VPOS="720" HPOS="160"/>
<SP HEIGHT="45" WIDTH="31" VPOS="720" HPOS="216"/>
<String CONTENT="p." HEIGHT="37" WIDTH="43" VPOS="728" HPOS="248"/>
<SP HEIGHT="41" WIDTH="56" VPOS="718" HPOS="292"/>
<String CS="1" CONTENT="21&#189;" HEIGHT="39" WIDTH="57" VPOS="718" HPOS="349"/>
<String STYLE="superscript" CS="1" CONTENT="&#7580;&#7504;"/>
<String CONTENT="." HEIGHT="8" WIDTH="9" VPOS="751" HPOS="487"/>
</TextLine>
<TextLine HEIGHT="52" WIDTH="1994" VPOS="786" HPOS="101" CS="1">
<String CONTENT="&#169;" HEIGHT="52" WIDTH="51" VPOS="786" HPOS="101"/>
<SP/>
<String CS="1" CONTENT="May"/>
<SP/>
<String CONTENT="14," HEIGHT="46" WIDTH="68" VPOS="791" HPOS="327"/>
<SP HEIGHT="46" WIDTH="30" VPOS="791" HPOS="396"/>
<String CS="1" CONTENT="1931;" HEIGHT="40" WIDTH="111" VPOS="789" HPOS="427"/>
<SP HEIGHT="47" WIDTH="30" VPOS="788" HPOS="568"/>
<String CS="1" CONTENT="2c." HEIGHT="40" WIDTH="68" VPOS="788" HPOS="599"/>
<SP HEIGHT="39" WIDTH="30" VPOS="789" HPOS="668"/>
<String CONTENT="May" HEIGHT="46" WIDTH="115" VPOS="789" HPOS="699"/>
<SP HEIGHT="46" WIDTH="27" VPOS="789" HPOS="815"/>
<String CS="1" CONTENT="19;" HEIGHT="40" WIDTH="55" VPOS="787" HPOS="843"/>
<SP HEIGHT="30" WIDTH="32" VPOS="798" HPOS="926"/>
<String CONTENT="aff." HEIGHT="42" WIDTH="82" VPOS="787" HPOS="959"/>
<SP HEIGHT="41" WIDTH="30" VPOS="788" HPOS="1042"/>
<String CONTENT="June" HEIGHT="39" WIDTH="126" VPOS="788" HPOS="1073"/>
<SP HEIGHT="38" WIDTH="27" VPOS="789" HPOS="1200"/>
<String CS="1" CONTENT="4;" HEIGHT="37" WIDTH="28" VPOS="789" HPOS="1228"/>
<SP HEIGHT="47" WIDTH="31" VPOS="787" HPOS="1284"/>
<!-- cceid EB78F576-6E8D-1014-9CF5-AEB3FCA41D69 --><String CONTENT="A" HEIGHT="39" WIDTH="42" VPOS="787" HPOS="1316"/>
<SP HEIGHT="40" WIDTH="27" VPOS="787" HPOS="1359"/>
<String CS="1" CONTENT="38681;" HEIGHT="40" WIDTH="143" VPOS="787" HPOS="1387"/>
<SP HEIGHT="46" WIDTH="34" VPOS="788" HPOS="1559"/>
<String CONTENT="Charles" HEIGHT="41" WIDTH="202" VPOS="788" HPOS="1594"/>
<SP HEIGHT="40" WIDTH="32" VPOS="788" HPOS="1797"/>
<String CONTENT="Scribner&#8217;s" HEIGHT="41" WIDTH="265" VPOS="787" HPOS="1830"/>
</TextLine>
<TextLine HEIGHT="50" WIDTH="795" VPOS="845" HPOS="169">
<String CONTENT="sons," HEIGHT="38" WIDTH="124" VPOS="857" HPOS="169"/>
<SP HEIGHT="47" WIDTH="27" VPOS="848" HPOS="294"/>
<String CONTENT="New" HEIGHT="39" WIDTH="119" VPOS="848" HPOS="322"/>
<SP HEIGHT="38" WIDTH="27" VPOS="847" HPOS="442"/>
<String CONTENT="York." HEIGHT="42" WIDTH="144" VPOS="845" HPOS="470"/>
<SP HEIGHT="48" WIDTH="68" VPOS="845" HPOS="615"/>
<String CONTENT="(31-16371)" HEIGHT="48" WIDTH="280" VPOS="845" HPOS="684"/>
</TextLine>
<TextLine HEIGHT="74" WIDTH="957" VPOS="939" HPOS="98" STYLEREFS="StyleId-5C70079B-8452-4507-9319-F7C3EAF4D513-">
<String LANG="en-US" CONTENT="Gilson," HEIGHT="65" WIDTH="218" VPOS="948" HPOS="98"/>
<SP HEIGHT="74" WIDTH="28" VPOS="939" HPOS="317"/>
<String LANG="fr" CONTENT="&#201;tienne" HEIGHT="63" WIDTH="253" VPOS="939" HPOS="346"/>
<SP HEIGHT="52" WIDTH="28" VPOS="949" HPOS="600"/>
<String LANG="en-US" CONTENT="Henry," HEIGHT="63" WIDTH="225" VPOS="949" HPOS="629"/>
<SP HEIGHT="57" WIDTH="29" VPOS="955" HPOS="855"/>
<String LANG="en-US" CONTENT="1884-" HEIGHT="50" WIDTH="170" VPOS="953" HPOS="885"/>
</TextLine>
<TextLine HEIGHT="70" WIDTH="1933" VPOS="1020" HPOS="161" STYLEREFS="StyleId-C37BE2B6-1419-40E9-95CD-BFE03703D678-">
<String CONTENT="Moral" HEIGHT="52" WIDTH="188" VPOS="1024" HPOS="161"/>
<SP HEIGHT="51" WIDTH="31" VPOS="1025" HPOS="350"/>
<String CONTENT="values" HEIGHT="52" WIDTH="193" VPOS="1024" HPOS="382"/>
<SP HEIGHT="34" WIDTH="32" VPOS="1042" HPOS="576"/>
<String CONTENT="and" HEIGHT="52" WIDTH="113" VPOS="1023" HPOS="609"/>
<SP HEIGHT="52" WIDTH="31" VPOS="1023" HPOS="723"/>
<String CONTENT="the" HEIGHT="51" WIDTH="96" VPOS="1024" HPOS="755"/>
<SP HEIGHT="34" WIDTH="30" VPOS="1041" HPOS="852"/>
<String CONTENT="moral" HEIGHT="52" WIDTH="183" VPOS="1023" HPOS="883"/>
<SP HEIGHT="51" WIDTH="29" VPOS="1023" HPOS="1067"/>
<String CONTENT="life," HEIGHT="68" WIDTH="123" VPOS="1021" HPOS="1097"/>
<SP HEIGHT="61" WIDTH="33" VPOS="1028" HPOS="1221"/>
<String CONTENT="the" HEIGHT="51" WIDTH="97" VPOS="1023" HPOS="1255"/>
<SP HEIGHT="33" WIDTH="30" VPOS="1041" HPOS="1353"/>
<String CONTENT="system" HEIGHT="62" WIDTH="210" VPOS="1028" HPOS="1384"/>
<SP HEIGHT="34" WIDTH="31" VPOS="1040" HPOS="1595"/>
<String CONTENT="of" HEIGHT="52" WIDTH="63" VPOS="1022" HPOS="1627"/>
<SP HEIGHT="56" WIDTH="35" VPOS="1020" HPOS="1691"/>
<String CONTENT="St." HEIGHT="56" WIDTH="82" VPOS="1020" HPOS="1727"/>
<SP HEIGHT="52" WIDTH="33" VPOS="1022" HPOS="1810"/>
<String CONTENT="Thomas" HEIGHT="53" WIDTH="250" VPOS="1022" HPOS="1844"/>
</TextLine>
<TextLine HEIGHT="70" WIDTH="2000" VPOS="1099" HPOS="91" STYLEREFS="StyleId-C37BE2B6-1419-40E9-95CD-BFE03703D678-" CS="1">
<String CONTENT="Aquinas," HEIGHT="68" WIDTH="279" VPOS="1101" HPOS="91"/>
<SP HEIGHT="68" WIDTH="41" VPOS="1101" HPOS="371"/>
<String CONTENT="by" HEIGHT="68" WIDTH="77" VPOS="1101" HPOS="413"/>
<SP HEIGHT="70" WIDTH="44" VPOS="1099" HPOS="491"/>
<String LANG="fr" CONTENT="&#201;tienne" HEIGHT="54" WIDTH="239" VPOS="1099" HPOS="536"/>
<SP HEIGHT="55" WIDTH="45" VPOS="1099" HPOS="776"/>
<String CONTENT="Gilson" HEIGHT="55" WIDTH="202" VPOS="1099" HPOS="822"/>
<SP HEIGHT="33" WIDTH="52" VPOS="1118" HPOS="1025"/>
<String CS="1" CONTENT="&#8230;"/>
<SP HEIGHT="46" WIDTH="52" VPOS="1105" HPOS="1134"/>
<String CONTENT="translated" HEIGHT="52" WIDTH="317" VPOS="1100" HPOS="1187"/>
<SP HEIGHT="52" WIDTH="46" VPOS="1100" HPOS="1505"/>
<String CONTENT="by" HEIGHT="67" WIDTH="75" VPOS="1100" HPOS="1552"/>
<SP HEIGHT="68" WIDTH="46" VPOS="1099" HPOS="1628"/>
<String CONTENT="Leo" HEIGHT="53" WIDTH="113" VPOS="1099" HPOS="1675"/>
<SP HEIGHT="52" WIDTH="46" VPOS="1100" HPOS="1789"/>
<String CONTENT="Richard" HEIGHT="51" WIDTH="255" VPOS="1100" HPOS="1836"/>
</TextLine>
<TextLine HEIGHT="69" WIDTH="2001" VPOS="1176" HPOS="92" STYLEREFS="StyleId-C37BE2B6-1419-40E9-95CD-BFE03703D678-" CS="1">
<String CONTENT="Ward" HEIGHT="53" WIDTH="180" VPOS="1179" HPOS="92"/>
<SP HEIGHT="52" WIDTH="41" VPOS="1179" HPOS="273"/>
<String CS="1" CONTENT="&#8230;"/>
<SP HEIGHT="55" WIDTH="81" VPOS="1177" HPOS="372"/>
<String CS="1" CONTENT="St." HEIGHT="55" WIDTH="66" VPOS="1177" HPOS="454"/>
<SP HEIGHT="53" WIDTH="37" VPOS="1178" HPOS="539"/>
<String CONTENT="Louis," HEIGHT="67" WIDTH="194" VPOS="1178" HPOS="577"/>
<SP HEIGHT="67" WIDTH="34" VPOS="1178" HPOS="772"/>
<String CONTENT="Mo.," HEIGHT="67" WIDTH="136" VPOS="1178" HPOS="807"/>
<SP HEIGHT="50" WIDTH="37" VPOS="1195" HPOS="944"/>
<String CONTENT="and" HEIGHT="52" WIDTH="112" VPOS="1178" HPOS="982"/>
<SP HEIGHT="53" WIDTH="36" VPOS="1177" HPOS="1095"/>
<String CONTENT="London," HEIGHT="67" WIDTH="262" VPOS="1177" HPOS="1132"/>
<SP HEIGHT="66" WIDTH="37" VPOS="1178" HPOS="1395"/>
<String CONTENT="B." HEIGHT="51" WIDTH="66" VPOS="1178" HPOS="1433"/>
<SP HEIGHT="52" WIDTH="39" VPOS="1177" HPOS="1500"/>
<String CONTENT="Herder" HEIGHT="52" WIDTH="228" VPOS="1177" HPOS="1540"/>
<SP HEIGHT="52" WIDTH="38" VPOS="1177" HPOS="1769"/>
<String CONTENT="book" HEIGHT="53" WIDTH="148" VPOS="1176" HPOS="1808"/>
<SP HEIGHT="53" WIDTH="37" VPOS="1176" HPOS="1957"/>
<String CONTENT="co.," HEIGHT="47" WIDTH="98" VPOS="1196" HPOS="1995"/>
</TextLine>
<TextLine HEIGHT="50" WIDTH="150" VPOS="1258" HPOS="94" STYLEREFS="StyleId-C37BE2B6-1419-40E9-95CD-BFE03703D678-">
<String CONTENT="1931." HEIGHT="50" WIDTH="150" VPOS="1258" HPOS="94"/>
</TextLine>
<TextLine HEIGHT="50" WIDTH="565" VPOS="1348" HPOS="158" CS="1">
<String LANG="en-US" CONTENT="3" HEIGHT="42" WIDTH="27" VPOS="1349" HPOS="158"/>
<SP/>
<String LANG="fr" CONTENT="p." HEIGHT="37" WIDTH="45" VPOS="1361" HPOS="213"/>
<SP/>
<String LANG="fr" CS="1" CONTENT="l.,"/>
<SP/>
<String LANG="en-US" CONTENT="337" HEIGHT="42" WIDTH="89" VPOS="1348" HPOS="360"/>
<SP HEIGHT="48" WIDTH="22" VPOS="1349" HPOS="450"/>
<String LANG="en-US" CONTENT="p." HEIGHT="37" WIDTH="44" VPOS="1360" HPOS="473"/>
<SP HEIGHT="40" WIDTH="58" VPOS="1349" HPOS="518"/>
<String LANG="en-US" CS="1" CONTENT="19&#189;" HEIGHT="41" WIDTH="57" VPOS="1348" HPOS="577"/>
<String STYLE="superscript" LANG="en-US" CS="1" CONTENT="&#7580;&#7504;"/>
<String LANG="en-US" CONTENT="." HEIGHT="10" WIDTH="9" VPOS="1382" HPOS="714"/>
</TextLine>
<TextLine HEIGHT="50" WIDTH="1655" VPOS="1417" HPOS="160">
<String CONTENT="Includes" HEIGHT="41" WIDTH="224" VPOS="1419" HPOS="160"/>
<SP HEIGHT="30" WIDTH="25" VPOS="1429" HPOS="385"/>
<String CONTENT="selections" HEIGHT="42" WIDTH="257" VPOS="1418" HPOS="411"/>
<SP HEIGHT="41" WIDTH="24" VPOS="1418" HPOS="669"/>
<String CONTENT="from" HEIGHT="41" WIDTH="127" VPOS="1418" HPOS="694"/>
<SP HEIGHT="29" WIDTH="29" VPOS="1428" HPOS="822"/>
<String CONTENT="various" HEIGHT="41" WIDTH="196" VPOS="1418" HPOS="852"/>
<SP HEIGHT="30" WIDTH="25" VPOS="1429" HPOS="1049"/>
<String CONTENT="works" HEIGHT="41" WIDTH="161" VPOS="1418" HPOS="1075"/>
<SP HEIGHT="30" WIDTH="25" VPOS="1429" HPOS="1237"/>
<String CONTENT="of" HEIGHT="41" WIDTH="55" VPOS="1418" HPOS="1263"/>
<SP HEIGHT="40" WIDTH="23" VPOS="1418" HPOS="1319"/>
<String CONTENT="Thomas" HEIGHT="41" WIDTH="212" VPOS="1418" HPOS="1343"/>
<SP HEIGHT="41" WIDTH="25" VPOS="1417" HPOS="1556"/>
<String CONTENT="Aquinas." HEIGHT="50" WIDTH="233" VPOS="1417" HPOS="1582"/>
</TextLine>
<TextLine HEIGHT="51" WIDTH="983" VPOS="1473" HPOS="161">
<String CONTENT="&#8220;Bibliographical" HEIGHT="50" WIDTH="442" VPOS="1474" HPOS="161"/>
<SP HEIGHT="39" WIDTH="25" VPOS="1474" HPOS="604"/>
<String CONTENT="notes&#8221;" HEIGHT="42" WIDTH="165" VPOS="1474" HPOS="630"/>
<SP HEIGHT="41" WIDTH="18" VPOS="1474" HPOS="796"/>
<String CONTENT=":" HEIGHT="30" WIDTH="9" VPOS="1485" HPOS="815"/>
<SP HEIGHT="39" WIDTH="27" VPOS="1484" HPOS="825"/>
<String CONTENT="p." HEIGHT="39" WIDTH="45" VPOS="1484" HPOS="853"/>
<SP HEIGHT="42" WIDTH="26" VPOS="1474" HPOS="899"/>
<String CONTENT="329-331." HEIGHT="42" WIDTH="218" VPOS="1473" HPOS="926"/>
</TextLine>
<TextLine HEIGHT="51" WIDTH="1667" VPOS="1543" HPOS="425" CS="1">
<String CS="1" CONTENT="CONTENTS.&#8212;pt." HEIGHT="47" WIDTH="142" VPOS="1547" HPOS="425"/>
<SP HEIGHT="41" WIDTH="30" VPOS="1544" HPOS="568"/>
<String CONTENT="1." HEIGHT="42" WIDTH="39" VPOS="1544" HPOS="599"/>
<SP HEIGHT="42" WIDTH="28" VPOS="1544" HPOS="639"/>
<String CONTENT="The" HEIGHT="41" WIDTH="100" VPOS="1544" HPOS="668"/>
<SP HEIGHT="41" WIDTH="27" VPOS="1544" HPOS="769"/>
<String CONTENT="Thomistic" HEIGHT="41" WIDTH="269" VPOS="1544" HPOS="797"/>
<SP HEIGHT="38" WIDTH="25" VPOS="1546" HPOS="1067"/>
<String CONTENT="theory" HEIGHT="47" WIDTH="174" VPOS="1544" HPOS="1093"/>
<SP HEIGHT="37" WIDTH="26" VPOS="1554" HPOS="1268"/>
<String CONTENT="of" HEIGHT="42" WIDTH="53" VPOS="1543" HPOS="1295"/>
<SP HEIGHT="40" WIDTH="23" VPOS="1543" HPOS="1349"/>
<String CONTENT="morals.&#8212;pt." HEIGHT="50" WIDTH="330" VPOS="1544" HPOS="1373"/>
<SP HEIGHT="42" WIDTH="28" VPOS="1543" HPOS="1704"/>
<String CONTENT="2." HEIGHT="43" WIDTH="41" VPOS="1543" HPOS="1733"/>
<SP HEIGHT="42" WIDTH="28" VPOS="1544" HPOS="1775"/>
<String CONTENT="The" HEIGHT="41" WIDTH="101" VPOS="1544" HPOS="1804"/>
<SP HEIGHT="31" WIDTH="30" VPOS="1554" HPOS="1906"/>
<String CONTENT="moral" HEIGHT="40" WIDTH="155" VPOS="1545" HPOS="1937"/>
</TextLine>
<TextLine HEIGHT="48" WIDTH="419" VPOS="1601" HPOS="89">
<String CONTENT="life" HEIGHT="41" WIDTH="85" VPOS="1601" HPOS="89"/>
<SP HEIGHT="40" WIDTH="26" VPOS="1602" HPOS="175"/>
<String CONTENT="in" HEIGHT="39" WIDTH="51" VPOS="1602" HPOS="202"/>
<SP HEIGHT="37" WIDTH="25" VPOS="1612" HPOS="254"/>
<String CONTENT="practice." HEIGHT="47" WIDTH="228" VPOS="1602" HPOS="280"/>
</TextLine>
<TextLine HEIGHT="53" WIDTH="1994" VPOS="1669" HPOS="99" CS="1">
<String CONTENT="&#169;" HEIGHT="53" WIDTH="51" VPOS="1669" HPOS="99"/>
<SP HEIGHT="53" WIDTH="34" VPOS="1669" HPOS="151"/>
<String CONTENT="June" HEIGHT="41" WIDTH="129" VPOS="1673" HPOS="186"/>
<SP HEIGHT="40" WIDTH="28" VPOS="1673" HPOS="316"/>
<String CONTENT="10," HEIGHT="49" WIDTH="68" VPOS="1672" HPOS="345"/>
<SP HEIGHT="48" WIDTH="35" VPOS="1673" HPOS="414"/>
<String CONTENT="1931;" HEIGHT="49" WIDTH="139" VPOS="1671" HPOS="450"/>
<SP HEIGHT="48" WIDTH="36" VPOS="1672" HPOS="590"/>
<String CS="1" CONTENT="2c." HEIGHT="41" WIDTH="67" VPOS="1672" HPOS="627"/>
<SP HEIGHT="30" WIDTH="33" VPOS="1683" HPOS="695"/>
<String CONTENT="and" HEIGHT="40" WIDTH="99" VPOS="1673" HPOS="729"/>
<SP HEIGHT="40" WIDTH="30" VPOS="1673" HPOS="829"/>
<String CONTENT="aff." HEIGHT="43" WIDTH="83" VPOS="1671" HPOS="860"/>
<SP HEIGHT="42" WIDTH="34" VPOS="1672" HPOS="944"/>
<String CONTENT="June" HEIGHT="41" WIDTH="130" VPOS="1672" HPOS="979"/>
<SP HEIGHT="39" WIDTH="29" VPOS="1674" HPOS="1110"/>
<String CONTENT="15;" HEIGHT="48" WIDTH="81" VPOS="1672" HPOS="1140"/>
<SP HEIGHT="48" WIDTH="38" VPOS="1672" HPOS="1222"/>
<!-- cceid EB796D7B-6E8D-1014-9CF5-AEB3FCA41D69 --><String CONTENT="A" HEIGHT="40" WIDTH="42" VPOS="1672" HPOS="1261"/>
<SP HEIGHT="41" WIDTH="32" VPOS="1672" HPOS="1304"/>
<String CS="1" CONTENT="38850;" HEIGHT="42" WIDTH="144" VPOS="1671" HPOS="1337"/>
<SP HEIGHT="47" WIDTH="38" VPOS="1673" HPOS="1509"/>
<String CONTENT="B." HEIGHT="41" WIDTH="54" VPOS="1673" HPOS="1548"/>
<SP HEIGHT="41" WIDTH="36" VPOS="1673" HPOS="1603"/>
<String CONTENT="Herder" HEIGHT="41" WIDTH="190" VPOS="1673" HPOS="1640"/>
<SP HEIGHT="40" WIDTH="33" VPOS="1672" HPOS="1831"/>
<String CONTENT="book" HEIGHT="41" WIDTH="125" VPOS="1672" HPOS="1865"/>
<SP HEIGHT="40" WIDTH="33" VPOS="1673" HPOS="1991"/>
<String CONTENT="co." HEIGHT="32" WIDTH="68" VPOS="1682" HPOS="2025"/>
</TextLine>
<TextLine HEIGHT="48" WIDTH="280" VPOS="1731" HPOS="178">
<String CONTENT="(31-16356)" HEIGHT="48" WIDTH="280" VPOS="1731" HPOS="178"/>
</TextLine>
<TextLine HEIGHT="65" WIDTH="1011" VPOS="1824" HPOS="95" STYLEREFS="StyleId-5C70079B-8452-4507-9319-F7C3EAF4D513-">
<String CONTENT="Godecker," HEIGHT="64" WIDTH="317" VPOS="1825" HPOS="95"/>
<SP HEIGHT="61" WIDTH="29" VPOS="1828" HPOS="413"/>
<String CONTENT="Sister" HEIGHT="53" WIDTH="186" VPOS="1827" HPOS="443"/>
<SP HEIGHT="53" WIDTH="27" VPOS="1826" HPOS="630"/>
<String CONTENT="Mary" HEIGHT="62" WIDTH="175" VPOS="1826" HPOS="658"/>
<SP HEIGHT="63" WIDTH="28" VPOS="1825" HPOS="834"/>
<String CONTENT="Salesia." HEIGHT="55" WIDTH="243" VPOS="1824" HPOS="863"/>
</TextLine>
<TextLine HEIGHT="70" WIDTH="1930" VPOS="1899" HPOS="162" STYLEREFS="StyleId-C37BE2B6-1419-40E9-95CD-BFE03703D678-" CS="1">
<String CONTENT="Simon" HEIGHT="56" WIDTH="198" VPOS="1900" HPOS="162"/>
<SP HEIGHT="51" WIDTH="29" VPOS="1902" HPOS="361"/>
<String CS="1" CONTENT="Brut&#233;" HEIGHT="51" WIDTH="149" VPOS="1902" HPOS="391"/>
<SP HEIGHT="52" WIDTH="28" VPOS="1901" HPOS="572"/>
<String LANG="fr" CONTENT="de" HEIGHT="53" WIDTH="68" VPOS="1901" HPOS="601"/>
<SP HEIGHT="53" WIDTH="25" VPOS="1901" HPOS="670"/>
<String LANG="fr" CONTENT="R&#233;mur," HEIGHT="67" WIDTH="233" VPOS="1901" HPOS="696"/>
<SP HEIGHT="68" WIDTH="25" VPOS="1900" HPOS="930"/>
<String CONTENT="first" HEIGHT="53" WIDTH="124" VPOS="1900" HPOS="956"/>
<SP HEIGHT="52" WIDTH="26" VPOS="1900" HPOS="1081"/>
<String CONTENT="bishop" HEIGHT="69" WIDTH="205" VPOS="1899" HPOS="1108"/>
<SP HEIGHT="49" WIDTH="30" VPOS="1919" HPOS="1314"/>
<String CONTENT="of" HEIGHT="53" WIDTH="64" VPOS="1899" HPOS="1345"/>
<SP HEIGHT="55" WIDTH="25" VPOS="1899" HPOS="1410"/>
<String CONTENT="Vincennes," HEIGHT="68" WIDTH="340" VPOS="1900" HPOS="1436"/>
<SP HEIGHT="68" WIDTH="24" VPOS="1900" HPOS="1777"/>
<String CONTENT="by" HEIGHT="69" WIDTH="76" VPOS="1900" HPOS="1802"/>
<SP HEIGHT="70" WIDTH="31" VPOS="1899" HPOS="1879"/>
<String CONTENT="Sister" HEIGHT="56" WIDTH="181" VPOS="1899" HPOS="1911"/>
</TextLine>
<TextLine HEIGHT="70" WIDTH="2003" VPOS="1977" HPOS="89" STYLEREFS="StyleId-C37BE2B6-1419-40E9-95CD-BFE03703D678-" CS="1">
<String CONTENT="Mary" HEIGHT="68" WIDTH="171" VPOS="1979" HPOS="89"/>
<SP HEIGHT="70" WIDTH="31" VPOS="1977" HPOS="261"/>
<String CONTENT="Salesia" HEIGHT="55" WIDTH="217" VPOS="1977" HPOS="293"/>
<SP HEIGHT="54" WIDTH="34" VPOS="1978" HPOS="511"/>
<String CONTENT="Godecker" HEIGHT="54" WIDTH="293" VPOS="1978" HPOS="546"/>
<SP HEIGHT="33" WIDTH="35" VPOS="1997" HPOS="840"/>
<String CS="1" CONTENT="&#8230;"/>
<SP HEIGHT="33" WIDTH="37" VPOS="1997" HPOS="933"/>
<String CONTENT="with" HEIGHT="52" WIDTH="142" VPOS="1978" HPOS="971"/>
<SP HEIGHT="52" WIDTH="30" VPOS="1978" HPOS="1114"/>
<String CONTENT="a" HEIGHT="34" WIDTH="31" VPOS="1996" HPOS="1145"/>
<SP HEIGHT="50" WIDTH="33" VPOS="1996" HPOS="1177"/>
<String CONTENT="preface" HEIGHT="68" WIDTH="233" VPOS="1978" HPOS="1211"/>
<SP HEIGHT="53" WIDTH="30" VPOS="1978" HPOS="1445"/>
<String CONTENT="by" HEIGHT="69" WIDTH="77" VPOS="1978" HPOS="1476"/>
<SP HEIGHT="69" WIDTH="29" VPOS="1978" HPOS="1554"/>
<String CONTENT="His" HEIGHT="53" WIDTH="113" VPOS="1978" HPOS="1584"/>
<SP HEIGHT="53" WIDTH="34" VPOS="1978" HPOS="1698"/>
<String CONTENT="Excellency," HEIGHT="69" WIDTH="359" VPOS="1978" HPOS="1733"/>
</TextLine>
<TextLine HEIGHT="70" WIDTH="2003" VPOS="2054" HPOS="89" STYLEREFS="StyleId-C37BE2B6-1419-40E9-95CD-BFE03703D678-" CS="1">
<String CONTENT="the" HEIGHT="52" WIDTH="95" VPOS="2057" HPOS="89"/>
<SP HEIGHT="53" WIDTH="27" VPOS="2056" HPOS="185"/>
<String CONTENT="Right" HEIGHT="69" WIDTH="183" VPOS="2055" HPOS="213"/>
<SP HEIGHT="52" WIDTH="26" VPOS="2056" HPOS="397"/>
<String CONTENT="Reverend" HEIGHT="52" WIDTH="296" VPOS="2056" HPOS="424"/>
<SP HEIGHT="53" WIDTH="29" VPOS="2056" HPOS="721"/>
<String CONTENT="Joseph" HEIGHT="67" WIDTH="217" VPOS="2056" HPOS="751"/>
<SP HEIGHT="55" WIDTH="32" VPOS="2054" HPOS="969"/>
<String CONTENT="Chartrand" HEIGHT="55" WIDTH="331" VPOS="2054" HPOS="1002"/>
<SP HEIGHT="52" WIDTH="35" VPOS="2056" HPOS="1334"/>
<String CS="1" CONTENT="&#8230;"/>
<SP HEIGHT="55" WIDTH="80" VPOS="2055" HPOS="1427"/>
<String CONTENT="St." HEIGHT="55" WIDTH="84" VPOS="2055" HPOS="1508"/>
<SP HEIGHT="52" WIDTH="31" VPOS="2056" HPOS="1593"/>
<String LANG="de" CONTENT="Meinrad," HEIGHT="68" WIDTH="285" VPOS="2055" HPOS="1625"/>
<SP HEIGHT="67" WIDTH="29" VPOS="2056" HPOS="1911"/>
<String CONTENT="Ind.," HEIGHT="67" WIDTH="151" VPOS="2056" HPOS="1941"/>
</TextLine>
<TextLine HEIGHT="69" WIDTH="1119" VPOS="2132" HPOS="91" STYLEREFS="StyleId-C37BE2B6-1419-40E9-95CD-BFE03703D678-">
<String LANG="en-US" CONTENT="St." HEIGHT="56" WIDTH="83" VPOS="2132" HPOS="91"/>
<SP HEIGHT="52" WIDTH="27" VPOS="2133" HPOS="175"/>
<String LANG="de" CONTENT="Meinrad" HEIGHT="53" WIDTH="267" VPOS="2133" HPOS="203"/>
<SP HEIGHT="52" WIDTH="25" VPOS="2134" HPOS="471"/>
<String LANG="en-US" CONTENT="historical" HEIGHT="53" WIDTH="296" VPOS="2133" HPOS="497"/>
<SP HEIGHT="52" WIDTH="27" VPOS="2134" HPOS="794"/>
<String LANG="en-US" CONTENT="essays," HEIGHT="50" WIDTH="205" VPOS="2151" HPOS="822"/>
<SP HEIGHT="64" WIDTH="30" VPOS="2137" HPOS="1028"/>
<String LANG="en-US" CONTENT="1931." HEIGHT="51" WIDTH="151" VPOS="2135" HPOS="1059"/>
</TextLine>
<TextLine HEIGHT="51" WIDTH="1876" VPOS="2226" HPOS="157" CS="1">
<String CONTENT="3" HEIGHT="41" WIDTH="27" VPOS="2227" HPOS="157"/>
<SP/>
<String LANG="fr" CONTENT="p." HEIGHT="39" WIDTH="43" VPOS="2237" HPOS="214"/>
<SP/>
<String LANG="fr" CS="1" CONTENT="l.,"/>
<SP/>
<String CONTENT="[ix]-xliii," HEIGHT="50" WIDTH="238" VPOS="2227" HPOS="367"/>
<SP HEIGHT="46" WIDTH="30" VPOS="2228" HPOS="606"/>
<String CONTENT="441" HEIGHT="38" WIDTH="86" VPOS="2227" HPOS="637"/>
<SP HEIGHT="48" WIDTH="28" VPOS="2227" HPOS="724"/>
<String CONTENT="p." HEIGHT="38" WIDTH="43" VPOS="2237" HPOS="753"/>
<SP HEIGHT="39" WIDTH="58" VPOS="2227" HPOS="797"/>
<String CONTENT="front.," HEIGHT="47" WIDTH="164" VPOS="2227" HPOS="856"/>
<SP HEIGHT="37" WIDTH="30" VPOS="2237" HPOS="1021"/>
<String CONTENT="plates," HEIGHT="48" WIDTH="171" VPOS="2227" HPOS="1052"/>
<SP HEIGHT="37" WIDTH="32" VPOS="2238" HPOS="1224"/>
<String CONTENT="ports.," HEIGHT="46" WIDTH="164" VPOS="2229" HPOS="1257"/>
<SP HEIGHT="38" WIDTH="30" VPOS="2237" HPOS="1422"/>
<String CONTENT="map," HEIGHT="38" WIDTH="124" VPOS="2237" HPOS="1453"/>
<SP HEIGHT="48" WIDTH="33" VPOS="2227" HPOS="1578"/>
<String CS="1" CONTENT="facsims." HEIGHT="41" WIDTH="216" VPOS="2226" HPOS="1612"/>
<SP HEIGHT="40" WIDTH="57" VPOS="2227" HPOS="1829"/>
<String CS="1" CONTENT="24&#189;" HEIGHT="40" WIDTH="57" VPOS="2226" HPOS="1887"/>
<String STYLE="superscript" CS="1" CONTENT="&#7580;&#7504;"/>
<String CONTENT="." HEIGHT="9" WIDTH="9" VPOS="2259" HPOS="2024"/>
</TextLine>
<TextLine HEIGHT="50" WIDTH="1932" VPOS="2296" HPOS="156">
<String CONTENT="A" HEIGHT="39" WIDTH="42" VPOS="2297" HPOS="156"/>
<SP HEIGHT="48" WIDTH="22" VPOS="2297" HPOS="199"/>
<String CONTENT="portion" HEIGHT="48" WIDTH="194" VPOS="2297" HPOS="222"/>
<SP HEIGHT="30" WIDTH="27" VPOS="2307" HPOS="417"/>
<String CONTENT="of" HEIGHT="40" WIDTH="52" VPOS="2297" HPOS="445"/>
<SP HEIGHT="40" WIDTH="25" VPOS="2297" HPOS="498"/>
<String CONTENT="this" HEIGHT="40" WIDTH="100" VPOS="2297" HPOS="524"/>
<SP HEIGHT="30" WIDTH="26" VPOS="2307" HPOS="625"/>
<String CONTENT="work" HEIGHT="40" WIDTH="134" VPOS="2297" HPOS="652"/>
<SP HEIGHT="39" WIDTH="24" VPOS="2297" HPOS="787"/>
<String CONTENT="was" HEIGHT="31" WIDTH="102" VPOS="2307" HPOS="812"/>
<SP HEIGHT="37" WIDTH="26" VPOS="2307" HPOS="915"/>
<String CONTENT="published" HEIGHT="48" WIDTH="257" VPOS="2296" HPOS="942"/>
<SP HEIGHT="38" WIDTH="27" VPOS="2299" HPOS="1200"/>
<String CONTENT="also," HEIGHT="46" WIDTH="118" VPOS="2299" HPOS="1228"/>
<SP HEIGHT="46" WIDTH="31" VPOS="2299" HPOS="1347"/>
<String CONTENT="in" HEIGHT="38" WIDTH="50" VPOS="2299" HPOS="1379"/>
<SP HEIGHT="29" WIDTH="26" VPOS="2308" HPOS="1430"/>
<String CONTENT="slightly" HEIGHT="48" WIDTH="201" VPOS="2297" HPOS="1457"/>
<SP HEIGHT="45" WIDTH="28" VPOS="2299" HPOS="1659"/>
<String CONTENT="different" HEIGHT="41" WIDTH="232" VPOS="2297" HPOS="1688"/>
<SP HEIGHT="40" WIDTH="25" VPOS="2298" HPOS="1921"/>
<String CONTENT="form," HEIGHT="48" WIDTH="141" VPOS="2298" HPOS="1947"/>
</TextLine>
<TextLine HEIGHT="50" WIDTH="2003" VPOS="2352" HPOS="88" CS="1">
<String CONTENT="as" HEIGHT="31" WIDTH="55" VPOS="2363" HPOS="88"/>
<SP HEIGHT="38" WIDTH="30" VPOS="2356" HPOS="144"/>
<String CONTENT="the" HEIGHT="39" WIDTH="82" VPOS="2355" HPOS="175"/>
<SP HEIGHT="30" WIDTH="30" VPOS="2364" HPOS="258"/>
<String CONTENT="author&#8217;s" HEIGHT="42" WIDTH="220" VPOS="2352" HPOS="289"/>
<SP HEIGHT="38" WIDTH="32" VPOS="2355" HPOS="510"/>
<String CONTENT="thesis" HEIGHT="40" WIDTH="154" VPOS="2353" HPOS="543"/>
<SP HEIGHT="46" WIDTH="43" VPOS="2354" HPOS="698"/>
<String LANG="el" CONTENT="(" HEIGHT="46" WIDTH="14" VPOS="2354" HPOS="742"/>
<String CS="1" CONTENT="PH"/>
<String LANG="el" CONTENT="." HEIGHT="7" WIDTH="7" VPOS="2387" HPOS="840"/>
<SP HEIGHT="29" WIDTH="35" VPOS="2365" HPOS="848"/>
<String CS="1" CONTENT="D.)" HEIGHT="47" WIDTH="34" VPOS="2354" HPOS="915"/>
<SP HEIGHT="49" WIDTH="45" VPOS="2352" HPOS="950"/>
<String CONTENT="Catholic" HEIGHT="42" WIDTH="221" VPOS="2352" HPOS="996"/>
<SP HEIGHT="28" WIDTH="34" VPOS="2365" HPOS="1218"/>
<String CONTENT="university," HEIGHT="48" WIDTH="286" VPOS="2353" HPOS="1253"/>
<SP HEIGHT="36" WIDTH="35" VPOS="2365" HPOS="1540"/>
<String CONTENT="under" HEIGHT="38" WIDTH="154" VPOS="2356" HPOS="1576"/>
<SP HEIGHT="38" WIDTH="32" VPOS="2356" HPOS="1731"/>
<String CONTENT="title:" HEIGHT="41" WIDTH="136" VPOS="2354" HPOS="1764"/>
<SP HEIGHT="39" WIDTH="38" VPOS="2355" HPOS="1901"/>
<String CONTENT="Right" HEIGHT="48" WIDTH="151" VPOS="2354" HPOS="1940"/>
</TextLine>
<TextLine HEIGHT="104" WIDTH="1983" VPOS="2408" HPOS="88" CS="1">
<String LANG="en-US" CONTENT="Reverend" HEIGHT="41" WIDTH="250" VPOS="2409" HPOS="90"/>
<SP HEIGHT="41" WIDTH="31" VPOS="2408" HPOS="341"/>
<String LANG="en-US" CONTENT="Simon" HEIGHT="41" WIDTH="165" VPOS="2408" HPOS="373"/>
<SP HEIGHT="40" WIDTH="31" VPOS="2409" HPOS="539"/>
<String LANG="en-US" CONTENT="William" HEIGHT="40" WIDTH="214" VPOS="2409" HPOS="571"/>
<SP HEIGHT="41" WIDTH="32" VPOS="2409" HPOS="786"/>
<String LANG="en-US" CONTENT="Gabriel" HEIGHT="41" WIDTH="195" VPOS="2409" HPOS="819"/>
<SP HEIGHT="39" WIDTH="30" VPOS="2409" HPOS="1015"/>
<String LANG="fr" CONTENT="Brut&#233;" HEIGHT="41" WIDTH="154" VPOS="2409" HPOS="1046"/>
<SP HEIGHT="41" WIDTH="31" VPOS="2409" HPOS="1201"/>
<String LANG="fr" CONTENT="de" HEIGHT="38" WIDTH="57" VPOS="2412" HPOS="1233"/>
<SP HEIGHT="41" WIDTH="30" VPOS="2409" HPOS="1291"/>
<String LANG="fr" CONTENT="Remur," HEIGHT="48" WIDTH="193" VPOS="2409" HPOS="1322"/>
<SP HEIGHT="48" WIDTH="35" VPOS="2409" HPOS="1516"/>
<String LANG="en-US" CONTENT="first" HEIGHT="41" WIDTH="108" VPOS="2409" HPOS="1552"/>
<SP HEIGHT="41" WIDTH="29" VPOS="2409" HPOS="1661"/>
<String LANG="en-US" CONTENT="bishop" HEIGHT="48" WIDTH="172" VPOS="2409" HPOS="1691"/>
<SP HEIGHT="37" WIDTH="31" VPOS="2420" HPOS="1864"/>
<String LANG="en-US" CONTENT="of" HEIGHT="39" WIDTH="53" VPOS="2411" HPOS="1896"/>
<SP HEIGHT="39" WIDTH="30" VPOS="2411" HPOS="1950"/>
<String LANG="en-US" CONTENT="Vincennes," HEIGHT="101" WIDTH="1983" VPOS="2411" HPOS="88"/>
</TextLine>
<TextLine HEIGHT="48" WIDTH="1614" VPOS="2465" HPOS="306" CS="1">
<String CONTENT="Indiana." HEIGHT="41" WIDTH="223" VPOS="2465" HPOS="306"/>
<SP HEIGHT="41" WIDTH="59" VPOS="2465" HPOS="530"/>
<String CONTENT="Part" HEIGHT="41" WIDTH="120" VPOS="2465" HPOS="590"/>
<SP HEIGHT="38" WIDTH="25" VPOS="2468" HPOS="711"/>
<String CS="1" CONTENT="II." HEIGHT="8" WIDTH="9" VPOS="2498" HPOS="781"/>
<SP HEIGHT="41" WIDTH="31" VPOS="2465" HPOS="791"/>
<String CONTENT="Priestly" HEIGHT="48" WIDTH="212" VPOS="2465" HPOS="823"/>
<SP HEIGHT="38" WIDTH="28" VPOS="2475" HPOS="1036"/>
<String CONTENT="career" HEIGHT="31" WIDTH="166" VPOS="2475" HPOS="1065"/>
<SP HEIGHT="40" WIDTH="27" VPOS="2465" HPOS="1232"/>
<String CONTENT="in" HEIGHT="41" WIDTH="51" VPOS="2465" HPOS="1260"/>
<SP HEIGHT="40" WIDTH="28" VPOS="2466" HPOS="1312"/>
<String CONTENT="Maryland." HEIGHT="46" WIDTH="273" VPOS="2466" HPOS="1341"/>
<SP HEIGHT="43" WIDTH="29" VPOS="2467" HPOS="1615"/>
<String CONTENT="1810-1834." HEIGHT="43" WIDTH="275" VPOS="2465" HPOS="1645"/>
</TextLine>
<TextLine HEIGHT="49" WIDTH="828" VPOS="2521" HPOS="156">
<String CONTENT="Bibliography:" HEIGHT="48" WIDTH="376" VPOS="2521" HPOS="156"/>
<SP HEIGHT="38" WIDTH="32" VPOS="2531" HPOS="533"/>
<String CONTENT="p." HEIGHT="38" WIDTH="44" VPOS="2531" HPOS="566"/>
<SP HEIGHT="29" WIDTH="34" VPOS="2541" HPOS="611"/>
<String CONTENT="[xxxvi]-xliii." HEIGHT="49" WIDTH="338" VPOS="2521" HPOS="646"/>
</TextLine>
<TextLine HEIGHT="110" WIDTH="1975" VPOS="2588" HPOS="99" CS="1">
<String CONTENT="&#169;" HEIGHT="52" WIDTH="51" VPOS="2588" HPOS="99"/>
<SP HEIGHT="52" WIDTH="30" VPOS="2588" HPOS="151"/>
<String CONTENT="May" HEIGHT="46" WIDTH="114" VPOS="2594" HPOS="182"/>
<SP HEIGHT="45" WIDTH="28" VPOS="2595" HPOS="297"/>
<String CONTENT="15," HEIGHT="47" WIDTH="68" VPOS="2593" HPOS="326"/>
<SP HEIGHT="46" WIDTH="31" VPOS="2594" HPOS="395"/>
<String CONTENT="1931;" HEIGHT="46" WIDTH="139" VPOS="2592" HPOS="427"/>
<SP HEIGHT="46" WIDTH="31" VPOS="2592" HPOS="567"/>
<String CS="1" CONTENT="2c." HEIGHT="40" WIDTH="68" VPOS="2592" HPOS="599"/>
<SP HEIGHT="39" WIDTH="31" VPOS="2593" HPOS="668"/>
<String CONTENT="June" HEIGHT="39" WIDTH="125" VPOS="2593" HPOS="700"/>
<SP HEIGHT="39" WIDTH="29" VPOS="2593" HPOS="826"/>
<String CONTENT="17;" HEIGHT="46" WIDTH="81" VPOS="2593" HPOS="856"/>
<SP HEIGHT="35" WIDTH="33" VPOS="2604" HPOS="938"/>
<String CONTENT="aff." HEIGHT="41" WIDTH="83" VPOS="2593" HPOS="972"/>
<SP HEIGHT="40" WIDTH="30" VPOS="2594" HPOS="1056"/>
<String CONTENT="June" HEIGHT="39" WIDTH="126" VPOS="2594" HPOS="1087"/>
<SP HEIGHT="38" WIDTH="29" VPOS="2595" HPOS="1214"/>
<String CONTENT="15;" HEIGHT="47" WIDTH="83" VPOS="2593" HPOS="1244"/>
<SP HEIGHT="46" WIDTH="32" VPOS="2594" HPOS="1328"/>
<!-- cceid EB79E50E-6E8D-1014-9CF5-AEB3FCA41D69 --><String CONTENT="A" HEIGHT="38" WIDTH="43" VPOS="2594" HPOS="1361"/>
<SP HEIGHT="40" WIDTH="27" VPOS="2594" HPOS="1405"/>
<String CONTENT="38894;" HEIGHT="47" WIDTH="171" VPOS="2593" HPOS="1433"/>
<SP HEIGHT="46" WIDTH="36" VPOS="2594" HPOS="1605"/>
<String CONTENT="Sister" HEIGHT="41" WIDTH="156" VPOS="2594" HPOS="1642"/>
<SP HEIGHT="37" WIDTH="29" VPOS="2596" HPOS="1799"/>
<String CONTENT="M." HEIGHT="38" WIDTH="63" VPOS="2596" HPOS="1829"/>
<SP HEIGHT="41" WIDTH="33" VPOS="2594" HPOS="1893"/>
<String CONTENT="S." HEIGHT="41" WIDTH="43" VPOS="2594" HPOS="1927"/>
<SP HEIGHT="40" WIDTH="33" VPOS="2594" HPOS="1971"/>
<String CONTENT="Godecker," HEIGHT="104" WIDTH="1910" VPOS="2594" HPOS="164"/>
<SP HEIGHT="48" WIDTH="37" VPOS="2650" HPOS="351"/>
<String CONTENT="Ferdinand.," HEIGHT="48" WIDTH="307" VPOS="2649" HPOS="389"/>
<SP HEIGHT="46" WIDTH="39" VPOS="2651" HPOS="697"/>
<String CONTENT="Ind." HEIGHT="39" WIDTH="104" VPOS="2651" HPOS="737"/>
<SP HEIGHT="48" WIDTH="69" VPOS="2650" HPOS="842"/>
<String CONTENT="(31-16355)" HEIGHT="48" WIDTH="279" VPOS="2650" HPOS="912"/>
</TextLine>
<TextLine HEIGHT="66" WIDTH="966" VPOS="2742" HPOS="94" STYLEREFS="StyleId-C37BE2B6-1419-40E9-95CD-BFE03703D678-">
<String CONTENT="Greenman," HEIGHT="66" WIDTH="351" VPOS="2742" HPOS="94"/>
<SP HEIGHT="63" WIDTH="30" VPOS="2745" HPOS="446"/>
<String CONTENT="Milton" HEIGHT="55" WIDTH="209" VPOS="2742" HPOS="477"/>
<SP HEIGHT="53" WIDTH="32" VPOS="2744" HPOS="687"/>
<String CONTENT="Jay," HEIGHT="64" WIDTH="132" VPOS="2744" HPOS="720"/>
<SP HEIGHT="58" WIDTH="34" VPOS="2750" HPOS="853"/>
<String CONTENT="1866-" HEIGHT="50" WIDTH="172" VPOS="2749" HPOS="888"/>
</TextLine>
<TextLine HEIGHT="73" WIDTH="1927" VPOS="2819" HPOS="162" STYLEREFS="StyleId-C37BE2B6-1419-40E9-95CD-BFE03703D678-">
<String CONTENT="Breeding" HEIGHT="72" WIDTH="289" VPOS="2819" HPOS="162"/>
<SP HEIGHT="51" WIDTH="35" VPOS="2840" HPOS="452"/>
<String CONTENT="and" HEIGHT="53" WIDTH="112" VPOS="2822" HPOS="488"/>
<SP HEIGHT="53" WIDTH="36" VPOS="2822" HPOS="601"/>
<String CONTENT="care" HEIGHT="34" WIDTH="126" VPOS="2840" HPOS="638"/>
<SP HEIGHT="35" WIDTH="34" VPOS="2840" HPOS="765"/>
<String CONTENT="of" HEIGHT="54" WIDTH="63" VPOS="2821" HPOS="800"/>
<SP HEIGHT="54" WIDTH="34" VPOS="2821" HPOS="864"/>
<String CONTENT="the" HEIGHT="52" WIDTH="96" VPOS="2823" HPOS="899"/>
<SP HEIGHT="35" WIDTH="35" VPOS="2840" HPOS="996"/>
<String CONTENT="albino" HEIGHT="54" WIDTH="191" VPOS="2821" HPOS="1032"/>
<SP HEIGHT="34" WIDTH="38" VPOS="2841" HPOS="1224"/>
<String CONTENT="rat" HEIGHT="47" WIDTH="89" VPOS="2828" HPOS="1263"/>
<SP HEIGHT="52" WIDTH="36" VPOS="2823" HPOS="1353"/>
<String CONTENT="for" HEIGHT="52" WIDTH="93" VPOS="2823" HPOS="1390"/>
<SP HEIGHT="34" WIDTH="36" VPOS="2841" HPOS="1484"/>
<String CONTENT="research" HEIGHT="52" WIDTH="256" VPOS="2824" HPOS="1521"/>
<SP HEIGHT="68" WIDTH="35" VPOS="2824" HPOS="1778"/>
<String CONTENT="purposes" HEIGHT="51" WIDTH="275" VPOS="2841" HPOS="1814"/>
</TextLine>
<TextLine HEIGHT="71" WIDTH="1991" VPOS="2899" HPOS="98" STYLEREFS="StyleId-C37BE2B6-1419-40E9-95CD-BFE03703D678-">
<String CONTENT="[by]" HEIGHT="68" WIDTH="108" VPOS="2900" HPOS="98"/>
<SP HEIGHT="66" WIDTH="46" VPOS="2901" HPOS="207"/>
<String CONTENT="Milton" HEIGHT="54" WIDTH="210" VPOS="2899" HPOS="254"/>
<SP HEIGHT="53" WIDTH="42" VPOS="2902" HPOS="465"/>
<String CONTENT="J." HEIGHT="53" WIDTH="55" VPOS="2902" HPOS="508"/>
<SP HEIGHT="55" WIDTH="45" VPOS="2900" HPOS="564"/>
<String CONTENT="Greenman" HEIGHT="55" WIDTH="321" VPOS="2900" HPOS="610"/>
<SP HEIGHT="34" WIDTH="43" VPOS="2918" HPOS="932"/>
<String CONTENT="and" HEIGHT="51" WIDTH="113" VPOS="2904" HPOS="976"/>
<SP HEIGHT="52" WIDTH="40" VPOS="2903" HPOS="1090"/>
<String CONTENT="F." HEIGHT="50" WIDTH="66" VPOS="2903" HPOS="1131"/>
<SP HEIGHT="51" WIDTH="42" VPOS="2902" HPOS="1198"/>
<String CONTENT="Louise" HEIGHT="51" WIDTH="208" VPOS="2902" HPOS="1241"/>
<SP HEIGHT="50" WIDTH="39" VPOS="2904" HPOS="1450"/>
<String CONTENT="Duhring." HEIGHT="68" WIDTH="287" VPOS="2902" HPOS="1490"/>
<SP HEIGHT="49" WIDTH="90" VPOS="2906" HPOS="1778"/>
<String CONTENT="2d" HEIGHT="51" WIDTH="72" VPOS="2904" HPOS="1869"/>
<SP HEIGHT="51" WIDTH="42" VPOS="2904" HPOS="1942"/>
<String CONTENT="ed.," HEIGHT="66" WIDTH="104" VPOS="2903" HPOS="1985"/>
</TextLine>
<TextLine HEIGHT="71" WIDTH="1995" VPOS="2977" HPOS="90" STYLEREFS="StyleId-C37BE2B6-1419-40E9-95CD-BFE03703D678-">
<String CONTENT="April," HEIGHT="68" WIDTH="191" VPOS="2977" HPOS="90"/>
<SP HEIGHT="62" WIDTH="37" VPOS="2983" HPOS="282"/>
<String CONTENT="1931." HEIGHT="49" WIDTH="150" VPOS="2982" HPOS="320"/>
<SP HEIGHT="51" WIDTH="74" VPOS="2979" HPOS="471"/>
<String CONTENT="Philadelphia," HEIGHT="68" WIDTH="426" VPOS="2978" HPOS="546"/>
<SP HEIGHT="66" WIDTH="33" VPOS="2980" HPOS="973"/>
<String CONTENT="The" HEIGHT="51" WIDTH="120" VPOS="2980" HPOS="1007"/>
<SP HEIGHT="54" WIDTH="34" VPOS="2979" HPOS="1128"/>
<String CONTENT="Wistar" HEIGHT="56" WIDTH="220" VPOS="2977" HPOS="1163"/>
<SP HEIGHT="51" WIDTH="35" VPOS="2979" HPOS="1384"/>
<String CONTENT="institute" HEIGHT="53" WIDTH="262" VPOS="2978" HPOS="1420"/>
<SP HEIGHT="33" WIDTH="34" VPOS="2998" HPOS="1683"/>
<String CONTENT="of" HEIGHT="51" WIDTH="64" VPOS="2981" HPOS="1718"/>
<SP HEIGHT="51" WIDTH="34" VPOS="2981" HPOS="1783"/>
<String CONTENT="anatomy" HEIGHT="61" WIDTH="267" VPOS="2987" HPOS="1818"/>
</TextLine>
<TextLine HEIGHT="69" WIDTH="566" VPOS="3055" HPOS="91" STYLEREFS="StyleId-C37BE2B6-1419-40E9-95CD-BFE03703D678-" CS="1">
<String CONTENT="and" HEIGHT="51" WIDTH="112" VPOS="3056" HPOS="91"/>
<SP HEIGHT="52" WIDTH="25" VPOS="3055" HPOS="204"/>
<String CS="1" CONTENT="biology," HEIGHT="69" WIDTH="249" VPOS="3055" HPOS="230"/>
<SP HEIGHT="64" WIDTH="28" VPOS="3060" HPOS="480"/>
<String CONTENT="1931." HEIGHT="50" WIDTH="148" VPOS="3058" HPOS="509"/>
</TextLine>
<TextLine HEIGHT="50" WIDTH="1527" VPOS="3149" HPOS="162" CS="1">
<String CONTENT="121" HEIGHT="39" WIDTH="83" VPOS="3150" HPOS="162"/>
<SP HEIGHT="47" WIDTH="33" VPOS="3151" HPOS="246"/>
<String CONTENT="p." HEIGHT="37" WIDTH="43" VPOS="3161" HPOS="280"/>
<SP HEIGHT="41" WIDTH="56" VPOS="3150" HPOS="324"/>
<String CS="1" CONTENT="front." HEIGHT="40" WIDTH="137" VPOS="3150" HPOS="381"/>
<SP HEIGHT="48" WIDTH="27" VPOS="3149" HPOS="533"/>
<String CS="1" CONTENT="(fold." HEIGHT="48" WIDTH="126" VPOS="3149" HPOS="561"/>
<SP HEIGHT="37" WIDTH="32" VPOS="3161" HPOS="703"/>
<String CONTENT="plan)" HEIGHT="49" WIDTH="139" VPOS="3149" HPOS="736"/>
<SP HEIGHT="47" WIDTH="41" VPOS="3149" HPOS="876"/>
<String CONTENT="illus.," HEIGHT="47" WIDTH="142" VPOS="3151" HPOS="918"/>
<SP HEIGHT="37" WIDTH="35" VPOS="3162" HPOS="1061"/>
<String CONTENT="plates," HEIGHT="47" WIDTH="171" VPOS="3152" HPOS="1097"/>
<SP HEIGHT="46" WIDTH="35" VPOS="3152" HPOS="1269"/>
<String CONTENT="diagrs." HEIGHT="49" WIDTH="178" VPOS="3150" HPOS="1305"/>
<SP HEIGHT="41" WIDTH="58" VPOS="3150" HPOS="1484"/>
<String CS="1" CONTENT="25&#189;" HEIGHT="40" WIDTH="56" VPOS="3150" HPOS="1543"/>
<String STYLE="superscript" CS="1" CONTENT="&#7580;&#7504;"/>
<String CONTENT="." HEIGHT="8" WIDTH="8" VPOS="3183" HPOS="1681"/>
</TextLine>
<TextLine HEIGHT="49" WIDTH="835" VPOS="3219" HPOS="167">
<String CONTENT="&#8220;Literature" HEIGHT="41" WIDTH="305" VPOS="3219" HPOS="167"/>
<SP HEIGHT="29" WIDTH="26" VPOS="3231" HPOS="473"/>
<String CONTENT="cited&#8221;" HEIGHT="41" WIDTH="155" VPOS="3219" HPOS="500"/>
<SP HEIGHT="40" WIDTH="17" VPOS="3220" HPOS="656"/>
<String CONTENT=":" HEIGHT="30" WIDTH="10" VPOS="3230" HPOS="674"/>
<SP HEIGHT="38" WIDTH="28" VPOS="3230" HPOS="685"/>
<String CONTENT="p." HEIGHT="37" WIDTH="43" VPOS="3231" HPOS="714"/>
<SP HEIGHT="39" WIDTH="27" VPOS="3222" HPOS="758"/>
<String CONTENT="120-121." HEIGHT="42" WIDTH="216" VPOS="3220" HPOS="786"/>
</TextLine>
<TextLine HEIGHT="53" WIDTH="1990" VPOS="3287" HPOS="99" CS="1">
<String CONTENT="&#169;" HEIGHT="52" WIDTH="51" VPOS="3287" HPOS="99"/>
<SP HEIGHT="52" WIDTH="31" VPOS="3287" HPOS="151"/>
<String CONTENT="May" HEIGHT="46" WIDTH="114" VPOS="3293" HPOS="183"/>
<SP HEIGHT="49" WIDTH="28" VPOS="3290" HPOS="298"/>
<String CONTENT="29," HEIGHT="48" WIDTH="69" VPOS="3290" HPOS="327"/>
<SP HEIGHT="44" WIDTH="32" VPOS="3294" HPOS="397"/>
<String CONTENT="1931;" HEIGHT="47" WIDTH="140" VPOS="3290" HPOS="430"/>
<SP HEIGHT="46" WIDTH="32" VPOS="3291" HPOS="571"/>
<String CS="1" CONTENT="2c." HEIGHT="41" WIDTH="67" VPOS="3291" HPOS="604"/>
<SP HEIGHT="40" WIDTH="31" VPOS="3292" HPOS="672"/>
<String CONTENT="June" HEIGHT="41" WIDTH="129" VPOS="3292" HPOS="704"/>
<SP HEIGHT="40" WIDTH="26" VPOS="3293" HPOS="834"/>
<String CONTENT="4;" HEIGHT="45" WIDTH="54" VPOS="3293" HPOS="861"/>
<SP HEIGHT="35" WIDTH="33" VPOS="3303" HPOS="916"/>
<String CONTENT="aff." HEIGHT="40" WIDTH="81" VPOS="3292" HPOS="950"/>
<SP HEIGHT="39" WIDTH="33" VPOS="3293" HPOS="1032"/>
<String CONTENT="June" HEIGHT="39" WIDTH="126" VPOS="3293" HPOS="1066"/>
<SP HEIGHT="38" WIDTH="32" VPOS="3294" HPOS="1193"/>
<String CONTENT="18;" HEIGHT="46" WIDTH="82" VPOS="3293" HPOS="1226"/>
<SP/>
<!-- cceid EB7A5A77-6E8D-1014-9CF5-AEB3FCA41D69 --><String CONTENT="A" HEIGHT="38" WIDTH="44" VPOS="3293" HPOS="1343"/>
<SP HEIGHT="38" WIDTH="28" VPOS="3293" HPOS="1388"/>
<String CONTENT="40021;" HEIGHT="48" WIDTH="171" VPOS="3292" HPOS="1417"/>
<SP HEIGHT="46" WIDTH="36" VPOS="3294" HPOS="1589"/>
<String CONTENT="M." HEIGHT="40" WIDTH="63" VPOS="3294" HPOS="1626"/>
<SP HEIGHT="40" WIDTH="34" VPOS="3294" HPOS="1690"/>
<String CONTENT="J." HEIGHT="39" WIDTH="43" VPOS="3294" HPOS="1725"/>
<SP HEIGHT="39" WIDTH="35" VPOS="3294" HPOS="1769"/>
<String CONTENT="Greenman," HEIGHT="43" WIDTH="284" VPOS="3294" HPOS="1805"/>
</TextLine>
<TextLine HEIGHT="49" WIDTH="1318" VPOS="3349" HPOS="166" CS="1">
<String CONTENT="Philadelphia" HEIGHT="47" WIDTH="339" VPOS="3349" HPOS="166"/>
<SP HEIGHT="40" WIDTH="33" VPOS="3349" HPOS="506"/>
<String CONTENT="&amp;" HEIGHT="40" WIDTH="35" VPOS="3349" HPOS="540"/>
<SP HEIGHT="40" WIDTH="34" VPOS="3349" HPOS="576"/>
<String CONTENT="F." HEIGHT="41" WIDTH="51" VPOS="3349" HPOS="611"/>
<SP HEIGHT="41" WIDTH="33" VPOS="3349" HPOS="663"/>
<String CONTENT="Louise" HEIGHT="40" WIDTH="174" VPOS="3349" HPOS="697"/>
<SP HEIGHT="39" WIDTH="33" VPOS="3350" HPOS="872"/>
<String CONTENT="Duhring," HEIGHT="47" WIDTH="235" VPOS="3350" HPOS="906"/>
<SP HEIGHT="46" WIDTH="35" VPOS="3351" HPOS="1142"/>
<String LANG="fr" CONTENT="Emilie," HEIGHT="48" WIDTH="188" VPOS="3350" HPOS="1178"/>
<SP HEIGHT="48" WIDTH="33" VPOS="3350" HPOS="1367"/>
<String CONTENT="Pa." HEIGHT="40" WIDTH="83" VPOS="3350" HPOS="1401"/>
</TextLine>
<TextLine HEIGHT="48" WIDTH="278" VPOS="3405" HPOS="176">
<String CONTENT="(31-16442)" HEIGHT="48" WIDTH="278" VPOS="3405" HPOS="176"/>
</TextLine>
<TextLine HEIGHT="68" WIDTH="1112" VPOS="3496" HPOS="97" STYLEREFS="StyleId-C37BE2B6-1419-40E9-95CD-BFE03703D678-">
<String CONTENT="Groves," HEIGHT="66" WIDTH="239" VPOS="3496" HPOS="97"/>
<SP HEIGHT="64" WIDTH="28" VPOS="3498" HPOS="337"/>
<String CONTENT="Ernest" HEIGHT="53" WIDTH="219" VPOS="3498" HPOS="366"/>
<SP HEIGHT="53" WIDTH="29" VPOS="3498" HPOS="586"/>
<String CONTENT="Rutherford," HEIGHT="66" WIDTH="389" VPOS="3498" HPOS="616"/>
<SP HEIGHT="58" WIDTH="31" VPOS="3506" HPOS="1006"/>
<String CONTENT="1878-" HEIGHT="54" WIDTH="171" VPOS="3501" HPOS="1038"/>
</TextLine>
<TextLine HEIGHT="133" WIDTH="1967" VPOS="3574" HPOS="94" STYLEREFS="StyleId-C37BE2B6-1419-40E9-95CD-BFE03703D678-" CS="1">
<String CONTENT="Sex" HEIGHT="55" WIDTH="110" VPOS="3574" HPOS="165"/>
<SP HEIGHT="53" WIDTH="37" VPOS="3574" HPOS="276"/>
<String CONTENT="in" HEIGHT="53" WIDTH="60" VPOS="3574" HPOS="314"/>
<SP HEIGHT="33" WIDTH="35" VPOS="3594" HPOS="375"/>
<String CONTENT="marriage," HEIGHT="69" WIDTH="303" VPOS="3575" HPOS="411"/>
<SP HEIGHT="66" WIDTH="35" VPOS="3576" HPOS="715"/>
<String CONTENT="by" HEIGHT="68" WIDTH="76" VPOS="3576" HPOS="751"/>
<SP HEIGHT="66" WIDTH="37" VPOS="3578" HPOS="828"/>
<String CONTENT="Ernest" HEIGHT="51" WIDTH="208" VPOS="3578" HPOS="866"/>
<SP HEIGHT="51" WIDTH="37" VPOS="3578" HPOS="1075"/>
<String CONTENT="R." HEIGHT="51" WIDTH="67" VPOS="3578" HPOS="1113"/>
<SP HEIGHT="54" WIDTH="39" VPOS="3577" HPOS="1181"/>
<String CONTENT="Groves" HEIGHT="54" WIDTH="217" VPOS="3577" HPOS="1221"/>
<SP HEIGHT="33" WIDTH="39" VPOS="3596" HPOS="1439"/>
<String CONTENT="and" HEIGHT="52" WIDTH="110" VPOS="3578" HPOS="1479"/>
<SP HEIGHT="55" WIDTH="40" VPOS="3578" HPOS="1590"/>
<String CONTENT="Gladys" HEIGHT="68" WIDTH="219" VPOS="3578" HPOS="1631"/>
<SP HEIGHT="50" WIDTH="37" VPOS="3580" HPOS="1851"/>
<String CONTENT="Hoagland" HEIGHT="125" WIDTH="1967" VPOS="3580" HPOS="94"/>
<SP HEIGHT="55" WIDTH="32" VPOS="3652" HPOS="229"/>
<String CONTENT="Groves" HEIGHT="55" WIDTH="216" VPOS="3652" HPOS="262"/>
</TextLine>
<TextLine HEIGHT="70" WIDTH="1440" VPOS="3653" HPOS="574" STYLEREFS="StyleId-C37BE2B6-1419-40E9-95CD-BFE03703D678-" CS="1">
<String CS="1" CONTENT="&#8230;"/>
<SP HEIGHT="53" WIDTH="77" VPOS="3653" HPOS="574"/>
<String CONTENT="New" HEIGHT="53" WIDTH="139" VPOS="3653" HPOS="652"/>
<SP HEIGHT="50" WIDTH="34" VPOS="3656" HPOS="792"/>
<String CONTENT="York," HEIGHT="57" WIDTH="177" VPOS="3654" HPOS="827"/>
<SP HEIGHT="54" WIDTH="34" VPOS="3657" HPOS="1005"/>
<String CONTENT="The" HEIGHT="54" WIDTH="121" VPOS="3655" HPOS="1040"/>
<SP HEIGHT="54" WIDTH="30" VPOS="3655" HPOS="1162"/>
<String CONTENT="Macaulay" HEIGHT="68" WIDTH="307" VPOS="3655" HPOS="1193"/>
<SP HEIGHT="50" WIDTH="30" VPOS="3673" HPOS="1501"/>
<String CONTENT="company," HEIGHT="50" WIDTH="296" VPOS="3673" HPOS="1532"/>
<SP HEIGHT="60" WIDTH="36" VPOS="3661" HPOS="1829"/>
<String CONTENT="1931." HEIGHT="49" WIDTH="148" VPOS="3660" HPOS="1866"/>
</TextLine>
<TextLine HEIGHT="48" WIDTH="710" VPOS="3747" HPOS="163" STYLEREFS="StyleId-C37BE2B6-1419-40E9-95CD-BFE03703D678-" CS="1">
<String CONTENT="ix" HEIGHT="39" WIDTH="49" VPOS="3747" HPOS="163"/>
<SP HEIGHT="36" WIDTH="26" VPOS="3758" HPOS="213"/>
<String LANG="fr" CONTENT="p.," HEIGHT="37" WIDTH="56" VPOS="3758" HPOS="240"/>
<SP HEIGHT="47" WIDTH="28" VPOS="3748" HPOS="297"/>
<String CONTENT="1" HEIGHT="38" WIDTH="25" VPOS="3748" HPOS="326"/>
<SP/>
<String CS="1" CONTENT="l.,"/>
<SP/>
<String CONTENT="13-250" HEIGHT="40" WIDTH="173" VPOS="3747" HPOS="453"/>
<SP HEIGHT="48" WIDTH="26" VPOS="3747" HPOS="627"/>
<String CONTENT="p." HEIGHT="37" WIDTH="42" VPOS="3758" HPOS="654"/>
<SP HEIGHT="39" WIDTH="58" VPOS="3749" HPOS="697"/>
<String CONTENT="21" HEIGHT="39" WIDTH="55" VPOS="3748" HPOS="756"/>
<String STYLE="superscript" CS="1" CONTENT="&#7580;&#7504;"/>
<String CONTENT="." HEIGHT="9" WIDTH="9" VPOS="3780" HPOS="864"/>
</TextLine>
<TextLine HEIGHT="50" WIDTH="1520" VPOS="3817" HPOS="166">
<String CONTENT="&#8220;Books" HEIGHT="40" WIDTH="187" VPOS="3817" HPOS="166"/>
<SP HEIGHT="29" WIDTH="32" VPOS="3828" HPOS="354"/>
<String CONTENT="suggested" HEIGHT="46" WIDTH="257" VPOS="3819" HPOS="387"/>
<SP HEIGHT="40" WIDTH="32" VPOS="3818" HPOS="645"/>
<String CONTENT="for" HEIGHT="40" WIDTH="78" VPOS="3818" HPOS="678"/>
<SP HEIGHT="29" WIDTH="33" VPOS="3829" HPOS="757"/>
<String CONTENT="additional" HEIGHT="41" WIDTH="271" VPOS="3818" HPOS="791"/>
<SP HEIGHT="37" WIDTH="34" VPOS="3822" HPOS="1063"/>
<String CONTENT="reading&#8221;" HEIGHT="48" WIDTH="229" VPOS="3819" HPOS="1098"/>
<SP HEIGHT="40" WIDTH="18" VPOS="3819" HPOS="1328"/>
<String CONTENT=":" HEIGHT="29" WIDTH="9" VPOS="3830" HPOS="1347"/>
<SP HEIGHT="37" WIDTH="34" VPOS="3830" HPOS="1357"/>
<String CONTENT="p." HEIGHT="37" WIDTH="43" VPOS="3830" HPOS="1392"/>
<SP HEIGHT="39" WIDTH="32" VPOS="3820" HPOS="1436"/>
<String CONTENT="249-250." HEIGHT="41" WIDTH="217" VPOS="3820" HPOS="1469"/>
</TextLine>
<TextLine HEIGHT="59" WIDTH="1900" VPOS="3881" HPOS="101" CS="1">
<String CONTENT="&#169;" HEIGHT="52" WIDTH="51" VPOS="3881" HPOS="101"/>
<SP HEIGHT="52" WIDTH="29" VPOS="3881" HPOS="153"/>
<String CONTENT="June" HEIGHT="41" WIDTH="124" VPOS="3887" HPOS="183"/>
<SP HEIGHT="38" WIDTH="26" VPOS="3890" HPOS="308"/>
<String CONTENT="15," HEIGHT="48" WIDTH="68" VPOS="3887" HPOS="335"/>
<SP HEIGHT="46" WIDTH="31" VPOS="3889" HPOS="404"/>
<String CS="1" CONTENT="1931;" HEIGHT="41" WIDTH="112" VPOS="3887" HPOS="436"/>
<SP HEIGHT="41" WIDTH="30" VPOS="3888" HPOS="576"/>
<String CS="1" CONTENT="2c." HEIGHT="41" WIDTH="68" VPOS="3888" HPOS="607"/>
<SP HEIGHT="39" WIDTH="30" VPOS="3890" HPOS="676"/>
<String CONTENT="June" HEIGHT="39" WIDTH="127" VPOS="3890" HPOS="707"/>
<SP HEIGHT="39" WIDTH="26" VPOS="3890" HPOS="835"/>
<String CONTENT="27;" HEIGHT="46" WIDTH="82" VPOS="3890" HPOS="862"/>
<SP HEIGHT="35" WIDTH="32" VPOS="3901" HPOS="945"/>
<String CONTENT="aff." HEIGHT="40" WIDTH="81" VPOS="3890" HPOS="978"/>
<SP HEIGHT="39" WIDTH="31" VPOS="3891" HPOS="1060"/>
<String CONTENT="June" HEIGHT="40" WIDTH="126" VPOS="3891" HPOS="1092"/>
<SP HEIGHT="41" WIDTH="28" VPOS="3890" HPOS="1219"/>
<String CONTENT="26;" HEIGHT="47" WIDTH="83" VPOS="3890" HPOS="1248"/>
<SP HEIGHT="45" WIDTH="32" VPOS="3892" HPOS="1332"/>
<!-- cceid EB7AD314-6E8D-1014-9CF5-AEB3FCA41D69 --><String CONTENT="A" HEIGHT="38" WIDTH="41" VPOS="3892" HPOS="1365"/>
<SP HEIGHT="38" WIDTH="28" VPOS="3892" HPOS="1407"/>
<String CONTENT="40133;" HEIGHT="48" WIDTH="171" VPOS="3891" HPOS="1436"/>
<SP HEIGHT="46" WIDTH="34" VPOS="3893" HPOS="1608"/>
<String CONTENT="Macaulay" HEIGHT="48" WIDTH="257" VPOS="3892" HPOS="1643"/>
<SP HEIGHT="37" WIDTH="32" VPOS="3903" HPOS="1901"/>
<String CONTENT="co." HEIGHT="30" WIDTH="67" VPOS="3903" HPOS="1934"/>
</TextLine>
<TextLine HEIGHT="49" WIDTH="278" VPOS="3943" HPOS="178">
<String CONTENT="(31-16557)" HEIGHT="49" WIDTH="278" VPOS="3943" HPOS="178"/>
</TextLine>
</TextBlock>
</PrintSpace>
</Page>
</Layout>
</alto>