2505 4370
1248 4037 103 51 680

285 359 419 65 Hasselmann,
734 359 162 66 Otto,
928 366 173 50 1890-

352 438 209 53 Pastor
596 437 196 55 Julius
827 437 350 70 Dammann,
1213 438 359 70 volksmann,
1635 439 299 70 seelsorger,
1970 439 334 70 evangelist.

284 514 2019 71 Ein lebensbild, von Otto Hasselmann … Mit drei bildern.
285 593 296 56 Schwerin
612 595 18 52 i
662 594 266 70 Mecklb.,
960 596 64 53 F.
1060 596 167 52 Bahn
1289 598 152 65 [1930]

351 674 88 42 190
466 686 46 38 p.
572 674 164 48 front.,
767 676 150 48 ports.
977 675 117 42 22ᶜᵐ.

289 743 1874 55 © Oct. 10, 1930; 1c. Dec. 18; A— Foreign 10714; Friedrich Bahn.
367 804 283 50 (31-10783)

286 897 137 65 Hill,
451 900 205 65 Harry
683 899 315 67 Granison,
1030 903 172 54 1874-

354 976 1955 74 Rational religion, by Harry Granison Hill … Cincinnati,
282 1054 89 69 O.,
403 1056 123 53 The
560 1054 227 57 Caxton
820 1075 177 51 press,
1031 1059 152 52 1931.

353 1136 1153 51 xviii p., 1 l., 321 p. front. (port.) 20½ᶜᵐ.
354 1192 189 41 “Radio
578 1203 220 31 sermons
834 1194 142 48 given
1013 1196 50 39 in
1098 1196 83 40 the
1217 1195 180 48 temple
1433 1195 53 41 of
1524 1197 82 40 the
1645 1196 77 41 air
1759 1197 95 40 and
1893 1196 264 41 broadcast
2193 1206 115 32 over

284 1248 158 41 WLW
470 1250 179 48 during
674 1250 83 41 the
786 1251 177 40 winter
989 1251 53 41 of
1069 1250 310 43 1930-1931.”

287 1302 53 53 ©
369 1308 116 47 Apr.
515 1309 68 47 17,
614 1307 114 42 1931;
787 1309 68 41 2c.
884 1310 115 48 Apr.
1028 1309 57 42 20;
1144 1310 82 41 aff.
1257 1311 115 47 Apr.
1401 1311 57 39 22;
1518 1312 40 39 A
1586 1310 146 42 36682;
1793 1312 59 39 H.
1930 1344 8 9 G.
1971 1311 117 47 Hill,
352 1310 1939 95 Cincinnati.
547 1363 284 52 (31-11929)

285 1459 383 67 Holderness,
694 1464 102 53 Sir
823 1461 221 54 Ernest
1071 1460 259 56 William
1361 1462 242 66 Elsmie,
1669 1470 108 48 bart.

359 1538 219 57 Should
611 1541 129 68 golf
768 1547 286 49 amateurs
1082 1543 67 53 be
1178 1542 140 69 paid
1348 1561 270 50 expenses
1648 1544 60 52 in
1738 1542 428 54 tournaments?

393 1620 62 41 (In
484 1618 140 44 Field
655 1619 279 52 magazine,
965 1619 121 53 Apr.
1122 1620 71 51 11,
1226 1620 147 52 1931)

287 1673 1783 58 © 1c. June 6, 1931; A ad int. 15166; pubd. Apr. 11; E. W. E.
340 1680 1951 105 Holderness,
502 1737 524 50 Walton-on-the-Hill,
1066 1739 196 47 Surrey,
1300 1740 239 48 England.

286 1831 263 69 Holmes,
578 1832 205 66 Harry
808 1833 287 65 Nicholls,
1126 1835 174 54 1879-

354 1908 1950 74 Introductory college chemistry, by Harry N. Holmes … Rev.
282 1988 83 53 ed.
434 1987 138 55 New
602 1987 179 70 York,
809 1988 123 53 The
956 1988 336 55 Macmillan
1322 2007 298 53 company,
1650 1992 151 52 1931.

355 2067 1724 53 viii p., 1 l., 550 p. front., illus., plates (1 col.) diagrs. 22½ᶜᵐ.
354 2126 180 40 Tables
565 2136 61 30 on
654 2125 370 49 lining-papers.

356 2182 297 42 References
681 2186 52 38 at
759 2184 92 40 end
879 2183 53 41 of
958 2186 127 38 most
1113 2185 51 39 of
1194 2185 83 40 the
1305 2184 242 48 chapters.

291 2239 53 54 ©
372 2245 115 48 May
513 2243 39 49 5,
581 2243 111 42 1931;
750 2243 68 42 2c.
846 2245 96 39 and
969 2243 82 41 aff.
1080 2244 114 48 May
1221 2243 27 40 6;
1306 2244 40 39 A
1371 2242 146 42 36963;
1576 2243 281 41 Macmillan
1887 2255 67 31 co.

369 2300 283 51 (31-11829)

286 2399 318 54 Homerus.

420 2474 1826 70 … Iliade; traduction française par Victor Magnien …
286 2555 187 68 Paris,
501 2555 206 68 Payot,
740 2556 151 51 1930.

359 2634 1117 52 2 p. l., [7]-621 p., 1 l. fold. map. 19½ᶜᵐ.
358 2693 65 41 At
454 2693 126 41 head
610 2693 52 40 of
692 2692 110 42 title:
862 2691 226 42 Homère.

289 2745 1757 53 © Dec. 13, 1930; 1c. Mar. 6, 1931; A-Foreign 11265; Payot.
371 2808 283 51 (31-11640)

286 2905 198 66 Huna,
512 2903 269 66 Ludwig,
814 2905 173 54 1872-

357 2979 1951 71 The maid of Nettuno, by Ludwig Huna … translated by
286 3061 214 68 Madge
525 3060 361 53 Pemberton.
963 3059 140 53 New
1131 3059 182 68 York,
1338 3060 231 51 Brewer
1594 3060 112 51 and
1731 3060 245 53 Warren
2002 3058 127 66 inc.,
2158 3061 149 50 1931.

357 3142 625 50 3 p. l., 5-310 p. 19½ᶜᵐ.
293 3197 53 53 ©
376 3202 115 47 May
520 3201 39 48 1,
590 3200 142 48 1931;
761 3201 69 40 2c.
860 3201 114 47 May
1003 3201 54 46 4;
1090 3198 83 42 aff.
1204 3200 115 47 May
1349 3200 52 46 5;
1436 3200 40 39 A
1503 3199 173 47 37142;
1711 3200 50 41 L·.
1792 3199 162 48 Huna,
1987 3196 322 46 Oesterreich,

360 3258 218 41 Austria.
650 3257 281 50 (31-11915)

290 3351 241 66 Ingalls,
561 3351 227 55 Walter
819 3353 254 64 Renton,
1107 3357 172 50 1865-

356 3429 206 55 World
607 3446 208 51 survey
858 3428 65 53 of
965 3428 97 54 the
1107 3428 125 53 zinc
1277 3428 286 69 industry,
1603 3428 35 53 by
1723 3429 89 54 W.
1859 3429 69 51 R.
1974 3426 254 70 Ingalls;
2277 3445 31 34 a

287 3507 173 70 study
484 3506 166 55 made
679 3506 93 53 for
796 3506 96 54 the
919 3505 343 57 Committee
1287 3525 72 34 on
1388 3505 225 70 foreign
1643 3507 113 52 and
1784 3506 274 53 domestic
2083 3505 226 68 mining

290 3585 190 70 policy
521 3585 65 53 of
626 3586 96 53 the
763 3585 233 69 Mining
1039 3585 113 53 and
1195 3585 422 68 metallurgical
1661 3584 212 70 society
1915 3583 66 53 of
2023 3583 286 68 America,

290 3661 1994 151 1931. [New York, Mining and metallurgical society of America, ᶜ19 31]
361 3824 99 49 128,
492 3825 55 50 [2]
578 3837 42 36 p.
680 3825 117 40 23ᶜᵐ.

294 3878 2010 52 © Apr. 24, 1931; 2c. and aff. Apr. 28; A 37009; Mining & metallurgical
362 3939 182 48 society
578 3941 52 38 of
661 3939 236 41 America.
969 3939 282 47 (31-11814)
