2505 4370
1058 3995 102 54 267

192 443 599 52 64 p. pl. , port. 19½ᶜᵐ.
100 515 51 51 ©
189 519 110 40 Dec.
335 517 68 48 17,
442 515 140 46 1930;
621 514 66 41 2c.
725 515 109 39 Jan.
871 513 68 47 19,
979 511 138 47 1931;
1157 510 82 41 aff.
1279 510 111 40 Feb.
1426 509 83 47 26;
1549 509 42 39 A
1626 507 171 48 33976;
1838 506 259 41 Henrietta

168 575 211 48 Conway
410 575 96 39 and
539 573 158 40 Marie
728 573 224 47 Conway,
989 570 149 41 Sioux
1171 569 149 47 Falls,
1357 567 45 43 S.
1436 567 57 42 D.
1564 564 251 51 (31-5868)

95 670 169 62 Peck,
295 668 224 54 Martin
550 666 273 64 William,
858 669 169 52 1880—

222 736 1874 76 … The meaning of psychoanalysis; with an introduction by
96 822 254 53 Bernard
379 820 233 56 Glueck,
696 863 9 9 M.
771 862 9 9 D.
844 819 135 54 New
1008 818 178 67 York,
1212 816 258 68 London,
1500 817 66 52 A.
1595 817 69 51 A.
1694 814 224 68 Knopf,
1949 816 148 49 1931.

162 903 114 46 xvii,
306 901 98 48 273,
435 901 48 39 iv
509 912 57 37 p.,
594 901 23 38 1
666 932 7 8 l.
842 931 8 8 20ᶜᵐ.

100 974 54 53 ©
186 978 112 39 Feb.
330 975 70 50 20,
434 974 111 41 1931;
608 974 67 41 2c.
709 975 97 39 and
839 973 82 42 aff.
955 973 110 40 Feb.
1099 973 84 46 21;
1217 972 41 38 A
1290 968 174 50 34562;
1497 969 173 41 Alfred
1705 969 55 42 A.
1794 968 180 48 Knopf,
2009 968 93 40 inc.

178 1032 251 52 (31-5982)

99 1132 118 51 The
244 1128 177 52 Peter
448 1127 218 53 Rabbit
695 1127 275 70 playtime
998 1133 155 61 story
1185 1125 161 65 book,
1376 1125 133 50 with
1542 1122 381 55 illustrations
1951 1122 150 51 from

163 1201 247 69 original
442 1201 288 68 drawings
759 1201 70 69 by
860 1200 136 54 Bess
1025 1200 117 53 Goe
1170 1198 207 57 Willis.
1446 1196 422 70 Philadelphia,
1901 1196 201 68 Henry

164 1281 774 69 Altemus company [ ᶜ1 931]
166 1364 57 41 62
248 1375 58 37 p.,
331 1365 27 39 1
404 1396 9 9 l.
443 1362 108 42 incl.
579 1362 83 42 col.
694 1362 161 45 front.,
883 1362 84 41 col.
998 1360 125 42 illus.
1185 1361 146 41 24½ᶜᵐ.

436 1418 173 42 CONTENTS.—The
660 1419 101 39 tale
808 1420 52 38 of
946 1422 103 36 Peter
1146 1417 148 46 Rabbit,
1342 1418 59 46 by
1454 1415 199 41 Beatrix
1709 1415 391 41 Potter.—When

101 1477 139 41 Peter
273 1474 179 44 Rabbit
485 1482 126 34 went
645 1474 237 48 a-fishing,
919 1475 56 49 by
1014 1474 145 39 Linda
1200 1474 43 39 S.
1279 1472 423 43 Almond.—Peter
1737 1472 216 40 Rabbit’s
97 1472 1985 109 holiday,

232 1534 61 47 by
322 1530 155 43 Linda
512 1533 44 40 S.
585 1531 281 40 Almond.—
870 1530 140 42 reter
1042 1529 174 40 Rabbit
1246 1532 95 38 and
1373 1530 82 41 the
1489 1529 125 42 little
1642 1529 105 48 girl,
1780 1530 58 49 by
1874 1529 146 39 Linda
2059 1533 41 34 S.

97 1588 426 44 Almond.—Peter
552 1586 220 42 Rabbit’s
801 1585 221 50 wedding
1052 1589 109 44 day,
1193 1588 59 46 by
1288 1588 112 47 May
1433 1587 186 48 Wynne
1665 1586 165 47 [pseud.]

105 1658 52 51 ©
185 1662 108 40 Feb.
321 1661 68 47 17,
414 1659 142 48 1931;
582 1661 68 39 2c.
676 1660 112 39 Feb.
813 1659 82 46 19;
923 1657 82 42 aff.
1032 1658 110 40 Feb.
1170 1657 79 48 18;
1280 1659 40 37 A
1345 1657 172 48 34621;
1546 1657 218 41 Howard
1790 1659 54 39 E.
1870 1657 236 50 Altemus,

174 1718 355 50 Philadelphia.
600 1718 251 49 (31-5757)

102 1815 224 64 Peters,
354 1814 260 54 Thomas
639 1812 251 63 Pollock,
924 1816 166 51 1868-

172 1890 280 56 Criminal
499 1891 108 52 law
654 1890 63 52 of
762 1889 96 53 the
902 1895 146 48 state
1094 1887 65 57 of
1205 1889 139 52 New
1393 1887 179 70 York,
1618 1887 77 70 by
1742 1888 249 52 Thomas
2037 1889 66 51 P.

105 1966 1062 71 Peters … Brooklyn, N. Y., 1931.
171 2050 102 47 xiii,
308 2047 85 42 219
429 2058 43 38 p.
533 2048 126 40 illus.
690 2049 158 47 (map)
918 2046 146 43 23½ᶜᵐ.

198 2105 149 41 “Table
373 2104 55 42 of
451 2114 138 31 cases
615 2103 183 41 cited”:
828 2113 41 38 p.
898 2101 217 44 213-216.

108 2174 53 51 ©
190 2178 112 40 Feb.
330 2176 69 49 18,
430 2175 141 48 1931;
601 2175 69 41 2c.
698 2177 96 38 and
823 2175 82 41 aff.
937 2174 112 43 Feb.
1077 2174 85 48 25;
1192 2175 42 39 A
1262 2173 173 49 34502;
1465 2175 55 43 T.
1549 2174 51 41 P.
1631 2175 183 49 Peters,
1846 2173 264 48 Brooklyn.

185 2233 252 50 (31-5665)

104 2327 266 54 Political
396 2330 304 54 handbook
723 2330 63 51 of
807 2330 95 51 the
927 2329 209 67 world;
1163 2327 391 71 parliaments,
1578 2328 215 68 parties
1817 2329 113 53 and
1954 2347 157 50 press

175 2428 59 34 as
260 2409 63 53 of
346 2408 264 70 January
639 2414 46 61 1,
713 2411 148 48 1931.
940 2406 212 55 Edited
1178 2409 75 67 by
1281 2408 219 52 Walter
1525 2406 77 55 H.
1629 2407 267 67 Mallory.
1972 2407 137 52 New

174 2486 224 70 Haven,
435 2486 312 53 Published
784 2487 76 67 by
898 2485 143 54 Yale
1079 2485 319 70 university
1436 2503 156 50 press
1632 2486 92 52 for
1764 2485 237 54 Council
2040 2504 70 34 on

175 2562 911 71 foreign relations, inc. [ ᶜ1 931 ]
175 2643 572 50 4 p. l., 200 p. 25½ᶜᵐ.
110 2698 52 51 ©
193 2702 111 40 Feb.
334 2700 70 51 20,
435 2700 140 47 1931;
608 2701 67 41 2c.
706 2702 122 40 Mar.
859 2701 52 47 2;
945 2699 82 43 aff.
1060 2701 111 40 Feb.
1201 2701 83 46 27;
1318 2700 42 39 A
1388 2699 172 50 34573;
1596 2699 200 42 Council
1828 2711 59 29 on
1919 2699 192 49 foreign

177 2757 249 50 relations,
456 2758 106 48 inc.,
592 2759 119 39 New
739 2758 145 40 York.

108 2855 227 64 Powell,
368 2854 316 54 Frederick
714 2854 220 55 James.

175 2930 213 54 Parent
430 2931 113 52 and
586 2930 325 70 subsidiary
953 2930 423 70 corporations;
1423 2929 252 71 liability
1719 2929 65 55 of
1827 2950 31 34 a
1903 2937 202 62 parent

106 3006 363 68 corporation
501 3008 94 52 for
622 3008 94 52 the
747 3006 346 70 obligations
1123 3008 63 53 of
1215 3007 75 54 its
1320 3006 343 71 subsidiary,
1690 3007 76 69 by
1798 3008 308 53 Frederick

109 3082 1707 74 J. Powell … Chicago, Callaghan and company, 1931.
177 3166 133 43 xviii,
344 3165 85 41 172
462 3175 44 38 p.
672 3198 9 9 23ᶜᵐ.

114 3219 51 51 ©
198 3223 110 41 Feb.
337 3222 68 49 21,
437 3221 139 43 1931:
609 3222 67 41 2c.
706 3224 96 39 and
833 3223 81 40 aff.
947 3223 109 43 Feb.
1087 3224 55 39 25;
1202 3224 42 38 A
1273 3222 172 49 34499;
1479 3223 273 50 Callaghan
1781 3223 38 41 &
1848 3233 67 32 co.

192 3277 251 53 (31-5669)

111 3371 285 64 Progress
427 3376 63 51 of
518 3376 254 55 nations;
804 3377 95 53 the
928 3382 157 64 story
1114 3376 64 52 of
1207 3377 96 51 the
1334 3378 179 53 world
1545 3378 113 53 and
1688 3378 63 52 of
1780 3379 74 51 its
1884 3378 230 67 peoples

181 3450 152 54 from
356 3454 96 53 the
477 3454 166 51 dawn
669 3454 63 53 of
755 3453 221 70 history
1001 3460 57 45 to
1082 3455 97 51 the
1203 3460 227 62 present
1453 3456 141 68 day;
1623 3455 322 53 chronicled
1973 3456 143 52 with

180 3531 93 51 the
311 3530 302 54 assistance
651 3532 62 50 of
749 3531 246 54 eminent
1034 3531 309 54 historians
1381 3532 151 53 from
1569 3533 231 67 leading
180 3532 1903 128 universities

321 3610 111 51 and
470 3610 237 66 colleges
745 3610 111 52 and
894 3609 300 69 published
1229 3611 60 51 in
1327 3611 94 51 the
1458 3610 260 54 interests
1753 3611 63 51 of
1850 3611 96 52 the
181 3610 1908 128 Disabled

371 3684 305 56 American
705 3691 257 48 veterans
988 3688 64 51 of
1077 3689 95 50 the
1199 3689 180 52 world
1408 3707 117 33 war
1553 3689 112 52 and
1692 3688 63 51 of
1783 3706 31 34 a
1842 3687 271 69 patriotic

181 3760 1933 76 and intelligent Americanism. Volumes VII to X. Chicago.
181 3839 379 68 Department
584 3842 62 52 of
670 3840 445 59 rehabilitation.
1139 3843 273 52 Disabled
1440 3842 301 55 American
1768 3849 258 48 veterans
2051 3844 64 53 of

180 3917 678 69 the world war [ ᶜ1 930]
