2505 4370
1286 4040 102 44 922

331 373 148 54 New
508 373 165 54 York
718 375 218 72 (State)
1021 376 186 72 Laws,
1238 382 260 66 statutes,
1530 382 103 51 etc.

334 465 1995 150 … Parsons’ practice manual of the state of New York, containing the
735 543 202 56 official
975 545 218 54 edition
1231 545 66 55 of
1333 546 97 55 the
1469 545 156 57 Civil
1663 547 253 70 practice
1952 554 109 64 act,
2099 548 152 55 rules
2289 546 64 55 of

335 623 137 54 civil
500 623 269 69 practice,
800 622 361 71 Surrogate’s
1191 630 164 48 court
1383 629 108 64 act,
1519 625 142 54 New
1691 624 165 55 York
1885 625 139 72 City
2052 632 166 49 court
2246 631 108 64 act,

334 702 141 54 New
506 701 166 54 York
701 701 119 70 city
847 702 325 69 Municipal
1203 708 163 48 court
1397 705 155 66 code,
1583 702 224 57 Justice
1837 708 162 50 court
2032 708 110 65 act,
2173 702 181 57 Court

333 780 66 53 of
440 780 199 53 claims
680 785 109 63 act,
829 779 291 71 judiciary
1162 781 203 54 article
1404 781 66 54 of
1510 782 99 54 the
1649 781 378 56 constitution
2069 783 115 54 and
2227 792 125 45 rent

333 859 141 53 laws;
534 858 115 54 and
679 863 163 49 court
870 859 151 54 rules
1050 858 66 54 of
1146 858 181 56 Court
1357 859 66 53 of
1452 860 255 69 appeals,
1736 861 292 68 appellate
2056 860 298 68 divisions,

332 937 294 69 appellate
658 941 193 64 terms,
888 935 278 71 Supreme
1202 942 180 64 court,
1420 936 361 71 Surrogates’
1817 944 209 62 courts,
2062 940 115 53 and
2213 940 138 54 New

335 1016 166 53 York
533 1014 138 71 City
702 1020 163 49 court
897 1016 114 53 and
1043 1016 327 69 Municipal
1403 1021 179 64 court,
1615 1035 61 36 as
1709 1017 278 54 amended
2021 1023 59 49 to
2113 1018 99 54 the
2244 1017 106 54 end

333 1094 66 53 of
439 1095 97 52 the
578 1094 324 70 legislative
945 1094 213 54 session
1200 1094 67 54 of
1312 1097 153 65 1931,
1508 1094 143 54 with
1693 1099 160 50 notes
1898 1095 65 54 of
2005 1114 154 36 cases
2202 1096 150 53 since

336 1171 155 57 Civil
513 1172 251 69 practice
788 1178 91 48 act
902 1172 61 53 in
988 1172 163 54 effect
1176 1191 73 35 on
1274 1172 248 57 October
1549 1176 48 65 1,
1623 1176 151 50 1921.
1852 1173 99 54 8th
1977 1174 84 54 ed.
2138 1174 211 53 Edited

333 1250 1958 71 and annotated by Austin B. Griffin and John T. Fitzpatrick …
332 1330 142 54 New
513 1329 182 68 York,
734 1329 210 68 Baker,
982 1330 251 55 Voorhis
1272 1332 47 51 &
1356 1347 312 52 company;
1710 1330 141 54 New
1891 1331 165 53 York
2097 1332 113 53 and
334 1329 1994 149 Albany,
539 1408 82 54 M.
659 1408 229 53 Bender
926 1410 45 51 &
1008 1426 301 52 company,
1347 1409 425 69 incorporated,
1811 1411 153 52 1931.

400 1503 484 52 viii, [1632] p. 25 ᶜᵐ.
400 1578 67 40 At
497 1577 128 42 head
658 1576 53 41 of
744 1577 136 41 title:
919 1577 249 41 Standard
1199 1575 202 45 edition.

399 1649 212 42 Various
651 1649 219 49 pagings.

401 1723 229 40 Includes
661 1721 305 49 Clevenger’s
997 1722 189 41 Justice
1216 1724 141 39 court
1391 1722 226 49 practice,
1652 1722 154 42 Court
1833 1722 53 41 of
1917 1721 175 42 claims
2123 1720 227 51 practice,

331 1779 155 42 Court
514 1781 145 47 rules,
692 1781 178 40 Tables
898 1780 51 41 of
979 1780 216 49 practice
1226 1783 106 38 acts
1364 1781 97 39 and
1493 1779 242 50 Carmody
1767 1779 321 42 distribution
2120 1781 144 41 table.

334 1845 2015 55 © June 17, 1931; 2c. June 19; aff. June 18; A 39003; Matthew Bender
401 1907 37 41 &
472 1920 82 38 co.,
589 1909 105 49 inc.,
732 1909 176 49 Baker,
945 1909 209 41 Voorhis
1190 1909 36 40 &
1261 1920 69 30 co.
1401 1907 282 50 (31-16026)

327 2027 340 67 Newcomb,
696 2029 313 56 Ambrose.

397 2117 220 69 Flying
654 2117 98 53 the
785 2123 157 48 coast
977 2117 295 70 skyways;
1311 2136 82 50 or,
1428 2117 149 54 Jack
1613 2116 290 54 Ralston’s
1939 2115 164 56 swift
2139 2117 209 68 patrol,

325 2194 1997 150 by Ambrose Newcomb … New York, The Goldsmith publishing
572 2277 311 65 co. [ ᶜ19 31 ]
398 2370 568 50 2 p. l., 13-251 p. 19½ ᶜᵐ.
333 2438 52 53 ©
415 2445 117 47 May
560 2443 39 48 6,
630 2441 141 49 1931;
804 2444 68 41 2c.
901 2445 97 38 and
1029 2443 82 42 aff.
1142 2444 129 39 June
1299 2444 56 40 17;
1413 2443 41 39 A
1483 2442 173 49 38909;
1691 2442 277 42 Goldsmith
1998 2442 111 49 pub.
2141 2453 82 37 co.,
2255 2442 91 41 inc.

412 2500 285 51 (31-15410)

397 2610 123 53 The
554 2610 109 69 sky
695 2610 335 67 detectives;
1067 2628 82 50 or,
1183 2610 155 53 How
1370 2609 151 55 Jack
1552 2608 244 55 Ralston
1831 2615 100 64 got
1964 2609 90 53 his
2086 2627 153 50 man,
2271 2608 78 68 by

325 2686 2022 74 Ambrose Newcomb … New York, Chicago, The Goldsmith
326 2766 341 70 publishing
694 2785 80 35 co.
921 2769 85 65 [ᶜ1930]

397 2864 565 49 3 p. l., 13-254 p. 19½ᶜᵐ.
333 2932 53 54 ©
420 2937 115 48 Apr.
568 2937 69 48 16,
672 2936 141 48 1930;
848 2936 68 42 2c.
950 2940 96 38 and
1079 2936 82 41 aff.
1197 2937 127 39 June
1357 2938 69 48 17,
1461 2935 142 48 1931;
1639 2937 41 39 A
1713 2935 173 49 38910;
1925 2935 276 41 Goldsmith
2235 2935 110 49 pub.

403 3006 83 37 co.,
522 2995 91 40 inc.
684 2994 283 49 (31-15411)

398 3105 122 52 The
561 3104 106 69 sky
706 3103 194 69 pilot’s
938 3109 164 64 great
1141 3104 194 66 chase;
1377 3122 82 48 or,
1498 3102 149 55 Jack
1684 3101 290 55 Ralston’s
2014 3103 145 52 dead
2200 3101 147 54 stick

326 3179 2019 73 landing, by Ambrose Newcomb … New York, Chicago, The
328 3260 1038 69 Goldsmith publishing co. [ ᶜ19 30 ]
398 3356 561 50 3 p. l., 13-254 p. 19½ᶜᵐ.
333 3426 53 53 ©
410 3429 117 50 Apr.
551 3430 69 48 16,
645 3428 117 43 1930;
814 3429 68 42 2c.
907 3430 96 39 and
1029 3440 24 29 aff
1061 3428 50 42 .
1138 3429 127 40 June
1291 3429 68 48 17,
1386 3427 113 42 1931;
1555 3429 41 39 A
1620 3427 145 42 38912;
1823 3427 274 42 Goldsmith
2125 3428 109 48 pub.
2261 3437 83 37 co.,

402 3489 92 39 inc.
566 3486 281 50 (31-15412)

398 3596 281 53 Trackers
710 3595 65 54 of
804 3596 96 53 the
932 3595 104 70 fog
1069 3596 173 68 pack;
1278 3614 81 48 or,
1390 3595 149 54 Jack
1569 3594 244 54 Ralston
1843 3594 184 69 flying
2055 3594 183 67 blind,
2268 3592 78 69 by

328 3671 2015 69 Ambrose Newcomb … New York, The Goldsmith publishing
329 3756 313 65 co. [ ᶜ19 31 ]
399 3848 524 51 2 p. l., 7-242 p. 19½ ᶜᵐ.
336 3916 51 52 ©
420 3922 114 47 May
562 3922 39 48 6,
632 3921 140 47 1931;
803 3921 66 39 2c.
901 3922 94 39 and
1026 3920 82 41 aff.
1142 3922 126 39 June
1298 3921 81 45 17;
1414 3920 39 38 A
1481 3918 172 48 38913;
1689 3918 274 42 Goldsmith
1996 3918 110 49 pub.
2138 3927 81 35 co.,
2250 3918 92 40 inc.

415 3977 282 51 (31-15413)
