2505 4370
1054 4006 100 51 951

178 443 161 41 “First
366 443 228 41 edition.”

177 500 76 39 An
283 500 178 40 Indian
492 501 116 40 hero
638 503 136 45 story
804 500 52 41 of
886 501 285 40 Tchamsem
1202 501 83 40 the
1316 501 181 46 Raven,
1529 501 148 40 based
1709 511 59 29 on
1803 499 306 41 “Tsimshian

108 555 307 50 mythology”
441 557 62 48 by
527 556 159 41 Franz
711 558 142 40 Boas.

116 624 51 52 ©
199 629 125 39 June
354 629 39 46 5,
425 627 141 47 1931;
597 628 66 41 2c.
698 629 126 39 June
855 630 82 46 17;
970 628 82 41 aff.
1085 629 125 40 June
1242 629 83 47 16;
1359 629 41 39 A
1431 628 172 48 38890;
1638 628 170 40 Alfred
1841 629 55 41 A.
1929 627 181 49 Knopf,

182 686 89 40 inc.
345 685 280 49 (31-15936)

108 780 259 64 Hodson,
398 781 200 52 Moses
627 779 283 57 Mitchell.

173 856 229 68 Among
428 857 95 52 the
551 855 235 71 flowers,
814 856 75 68 by
916 857 184 53 Moses
1128 857 78 52 M.
1237 857 255 68 Hodson,
1521 856 209 69 “Mose,
1760 857 96 53 the
1885 855 219 53 miller”

166 932 1434 71 … New Castle, Ind., Dale printing co. [ ᶜ1 931]
175 1013 676 49 6 p. l., 176 p. front. 19 ᶜᵐ.
175 1071 184 40 Poems.

115 1140 51 52 ©
206 1145 114 47 May
355 1143 70 49 21,
465 1143 140 47 1931;
645 1142 68 42 2c.
751 1143 127 40 June
914 1144 54 46 4;
1011 1142 82 42 aff.
1134 1143 126 40 June
1299 1142 25 41 5;
1393 1142 43 41 A
1472 1141 173 49 37693;
1689 1144 62 41 M.
1792 1144 63 40 M.
1895 1143 214 47 Hodson,

180 1201 360 48 Knightstown,
576 1201 104 39 Ind.
751 1199 280 49 (31-15840)

107 1294 369 66 Humphrey,
508 1295 254 53 Edward
794 1295 217 64 Frank,
1043 1295 172 55 1878-

238 1369 1868 72 … An economic history of the United States, by Edward
104 1447 1875 71 Frank Humphrey … New York, The Century co. [ ᶜ1 931]
173 1529 52 40 ix
259 1539 59 38 p.,
353 1529 27 40 2
438 1560 23 17 l.,
497 1527 146 42 3-639
678 1539 42 37 p.
782 1529 163 47 front.,
982 1528 144 48 illus.,
1162 1529 175 48 plates,
1374 1539 138 39 maps
1560 1529 136 50 (part
1732 1528 145 50 fold.)
1926 1528 180 49 diagrs.

101 1583 1307 51 23 ᶜᵐ. (The Century historical series) $3.75
174 1641 350 48 Bibliography:
576 1652 44 37 p.
646 1641 55 40 11
728 1642 95 39 and
850 1644 52 38 at
927 1642 92 40 end
1046 1641 53 41 of
1122 1641 120 42 each
1268 1641 215 49 chapter.

113 1708 51 53 ©
191 1714 127 39 June
374 1744 8 16 8,
410 1712 140 48 1931;
581 1713 67 40 2c.
676 1714 95 38 and
798 1713 82 41 aff.
908 1714 126 40 June
1062 1713 80 43 10;
1174 1715 40 38 A
1240 1713 174 49 38679;
1445 1713 215 49 Century
1687 1725 68 30 co.

175 1770 280 50 (31-15722)

108 1864 252 64 Huxley,
392 1864 226 54 Aldous
646 1865 288 65 Leonard,
968 1870 171 50 1894-

172 1939 185 54 Music
393 1946 59 48 at
487 1940 170 69 night
691 1941 113 54 and
840 1942 162 53 other
1038 1960 202 52 essays,
1275 1941 75 70 by
1387 1942 221 53 Aldous
1645 1943 249 67 Huxley.
1967 1941 136 55 New

104 2018 177 69 York,
310 2019 122 52 The
461 2019 288 54 Fountain
778 2037 182 50 press;
990 2019 257 67 London,
1278 2018 209 55 Chatto
1515 2021 46 50 &
1590 2018 262 71 Windus,
1883 2022 150 49 1931.

174 2098 406 49 146 p., 1 l. 22ᶜᵐ.
175 2155 146 41 “This
345 2155 112 41 first
477 2155 184 41 edition
687 2155 53 42 of
763 2155 156 41 Music
943 2158 51 38 at
1020 2155 140 48 night
1185 2156 96 40 and
1306 2157 140 40 other
1470 2166 168 36 essays
1663 2156 209 41 consists
1897 2158 52 40 of
1973 2158 134 47 eight

103 2211 2004 50 hundred and forty-two copies … Each copy is signed by the author.
103 2269 118 41 This
249 2269 42 41 is
319 2269 205 41 number
549 2269 96 41 Out
672 2268 53 41 of
751 2267 194 43 series.”

113 2339 51 52 ©
191 2343 125 40 June
343 2342 68 49 15,
440 2341 113 41 1931;
609 2342 67 40 2c.
704 2343 96 39 and
827 2341 82 41 aff.
936 2341 126 41 June
1090 2342 54 39 17;
1201 2340 40 40 A
1269 2339 142 42 38923;
1470 2341 183 40 Aldous
1680 2342 209 49 Huxley,
1921 2341 189 47 Sanary

190 2399 145 50 (Var)
364 2400 200 40 France.
634 2398 280 49 (31-15841)

108 2492 307 65 Jacobsen,
450 2493 247 55 Charles
725 2494 89 54 W.

173 2570 168 53 Facts
373 2569 171 53 about
575 2566 240 56 oriental
848 2587 153 50 rugs,
1032 2569 75 68 by
1142 2568 236 55 Charles
1409 2569 88 53 W.
1532 2568 296 67 Jacobsen,
1861 2566 141 56 with
2040 2570 64 50 68

104 2646 111 53 full
247 2665 145 51 page
424 2646 393 55 illustrations.
892 2647 339 69 [Rochester,
1261 2647 70 53 N.
1365 2647 90 68 Y.,
1484 2647 121 51 The
1637 2647 94 51 Du
1763 2646 138 54 Bois
1932 2663 174 52 press,

158 2727 119 66 ᶜ1931]

175 2804 959 50 7 p. l. , 152 p. illus., fold. map. 23½ᶜᵐ.
175 2863 119 40 Part
320 2862 52 41 of
399 2864 83 39 the
508 2861 329 42 illustrations
865 2873 83 29 are
976 2862 263 39 numbered
1268 2872 55 30 as
1351 2862 171 47 plates.

113 2918 52 53 ©
191 2924 113 47 Apr.
329 2923 69 46 22,
427 2922 111 40 1931;
595 2921 67 41 2c.
689 2922 77 39 May
827 2920 53 47 9;
909 2921 82 41 aff.
1018 2922 112 46 May
1157 2922 52 45 7;
1238 2921 42 38 A
1305 2919 145 41 37529;
1508 2920 49 41 C.
1586 2921 71 40 W.
1685 2920 251 41 Jacobsen,
181 2919 1904 109 Syracuse,

330 2980 55 40 N.
410 2981 54 38 Y.
527 2979 279 48 (31-15831)

114 3072 276 69 [Jeffries,
422 3072 261 55 Graham
713 3073 341 67 Montague]
1090 3076 171 50 1900-

243 3148 1866 71 … A murder of some importance; foreword by Sir Basil
109 3228 1998 70 Thomson … Philadelphia, J. B. Lippincott company, 1981.
173 3309 86 42 316
294 3320 42 39 p.
395 3309 57 40 19½ᶜᵐ.

174 3364 231 41 Author’s
428 3364 179 49 pseud.,
635 3366 155 39 Bruce
819 3365 215 46 Graeme,
1063 3367 50 38 at
1139 3363 128 42 head
1291 3363 53 42 of
1368 3363 120 43 title.

115 3419 51 52 ©
191 3424 113 47 Apr.
328 3422 56 41 30,
422 3421 112 41 1931;
588 3421 66 41 2c.
681 3423 94 38 and
800 3421 81 41 aff.
908 3422 126 40 June
1056 3421 56 40 24;
1166 3421 40 40 A
1228 3421 148 41 40067;
1430 3422 43 41 J.
1499 3422 55 41 B.
1580 3420 278 49 Lippincott
1883 3431 68 30 co.

192 3479 279 50 (31-16004)

110 3573 315 64 Kap-herr,
456 3573 166 64 Egon
654 3573 211 64 Georg,
891 3574 250 68 freiherr
1166 3589 133 47 von,
1329 3573 171 56 1877-

174 3651 112 52 Mit
311 3650 172 53 kreuz
508 3649 119 53 und
651 3649 203 68 knute;
884 3650 101 55 das
1012 3649 435 70 Kosakenbuch,
1473 3668 109 35 von
1610 3650 167 68 Egon
1805 3668 109 33 von
105 3648 1973 133 Kapherr.

309 3728 115 53 Mit
450 3727 176 53 einem
652 3727 316 68 geleitwort
992 3746 109 34 von
1128 3728 65 51 F.
1222 3725 285 54 freiherrn
1534 3746 108 33 von
1670 3726 246 69 Gagern,
106 3724 1970 134 kapitelleisten

432 3805 116 52 und
639 3809 253 64 vignetten
942 3824 109 33 von
1103 3804 151 68 prof.
1304 3804 79 52 M.
1437 3803 183 70 Tilke,
1670 3807 30 50 8
1751 3803 183 55 tafeln
1985 3804 117 52 und

106 3884 287 51 mehreren
421 3883 220 53 karten.
707 3881 216 69 Berlin,
951 3882 65 55 P.
1049 3882 204 68 Parey,
1285 3883 150 50 1931.
