2505 4370
1072 4048 98 45 529

123 432 256 64 Achard,
409 430 164 55 Paul.

187 522 56 52 A
285 539 120 36 new
451 520 150 55 slant
645 537 71 35 on
759 517 282 71 America,
1086 517 131 56 “Un
1263 517 92 51 œil
1398 516 139 53 neuf
1581 534 95 37 sur
1760 515 357 69 l’Amérique”,

120 598 166 68 being
319 618 28 32 a
383 597 337 53 translation
755 596 150 54 from
938 596 94 52 the
1066 594 220 55 French
1318 594 62 53 of
1412 594 146 53 Paul
1592 594 233 54 Achard
1852 595 77 69 by
117 596 1977 147 Margaret

314 675 204 68 Gaffey
551 673 132 69 Mel,
718 673 139 52 with
894 672 288 68 drawings
1217 672 152 52 from
1406 672 95 53 the
1538 672 220 53 French
1794 671 214 54 edition
2043 672 76 68 by

119 753 67 51 D.
233 752 181 53 Olère.
494 750 249 69 Chicago
786 750 112 51 and
941 750 134 53 New
1124 749 177 66 York,
1344 749 185 66 Rand,
1573 750 270 70 McNally
1885 751 45 49 &
116 768 1976 130 company,
320 832 149 52 1931.

188 909 893 51 203 p. incl. front., pintes. 20½ ᶜᵐ .
129 980 51 51 ©
217 985 111 47 Apr.
363 985 39 47 4,
441 982 138 47 1931;
614 981 67 42 2c.
716 982 114 48 Apr.
867 982 80 45 10;
985 981 80 40 aff.
1105 981 112 47 Apr.
1254 981 52 46 8;
1344 981 40 39 A
1418 981 171 48 36447;
1632 983 60 38 M.
1730 982 52 39 G.
1820 983 108 41 Mol,
1970 983 151 40 Santa

195 1042 204 41 Monica,
432 1040 143 41 Calif.
647 1038 248 49 (31-9366)

120 1164 250 64 Adolph,
401 1164 240 53 Robert.

189 1257 152 51 Love
382 1254 114 53 and
536 1252 122 69 life,
697 1253 75 69 by
812 1253 212 53 Robert
1068 1251 253 69 Adolph.
1421 1254 137 51 [New
1600 1254 180 66 York,
1821 1254 302 54 Mortimer

119 1332 766 69 and Walling, inc., ᶜ19 30]
188 1413 25 41 3
243 1424 41 37 p.
352 1444 9 16 l.,
390 1412 56 41 89
475 1423 42 38 p.
579 1412 146 41 23½ᶜᵐ.

189 1484 181 42 Poems.

127 1551 52 52 ©
202 1556 118 39 Nov.
344 1554 68 47 20,
442 1552 113 42 1930;
606 1553 66 39 2c.
699 1553 93 39 and
818 1552 81 41 aff.
924 1553 112 46 Apr.
1061 1554 39 42 3,
1129 1552 110 40 1931;
1297 1553 37 38 A
1359 1552 171 47 36295;
1560 1554 53 38 R.
1641 1553 203 49 Adolph,
1871 1554 251 49 Flushing,

195 1612 55 40 N.
282 1612 54 39 Y.
407 1610 250 48 (31-9440)

122 1736 245 63 Archer,
396 1735 255 54 William
682 1737 60 53 C.

188 1825 1930 73 Arrows, by William C. Archer. New York [Printed by J. J.
120 1905 175 52 Little
324 1907 44 48 &
396 1904 130 52 Ives
555 1922 296 49 company]
889 1907 147 48 1931.

188 1985 86 39 viii
302 1994 58 38 p.,
391 1984 23 38 1
480 2014 8 18 l.,
518 1983 55 40 53
601 1993 42 39 p.
705 1983 147 41 front
883 1984 170 48 (port.)
1122 1983 117 42 24ᶜᵐ.

190 2054 182 41 Poems.

127 2122 52 52 ©
209 2127 119 39 Mar.
356 2125 71 48 30,
454 2123 112 42 1931;
623 2124 68 41 2c.
716 2125 115 47 Apr.
858 2125 26 39 G;
941 2125 81 39 aff.
1050 2124 113 49 Apr.
1192 2126 27 39 7;
1276 2125 41 40 A
1343 2127 115 39 35626;
1547 2128 70 40 W.
1648 2128 48 41 C.
1727 2128 196 49 Archer,
1952 2131 172 40 Mount

193 2184 205 46 Vernon,
432 2183 56 38 N.
522 2182 53 40 Y.
647 2182 249 48 (31-9318)

121 2307 207 63 Artus,
359 2307 181 53 Louis
573 2306 263 63 Charles,
871 2308 170 53 1870-

251 2397 1864 75 … Au soir de Port-Royal, roman. Paris, B. Grasset [1930]
187 2478 476 49 286 p., 2 l. 19 ᶜᵐ .
189 2550 61 40 At
277 2550 125 40 head
431 2549 52 40 of
510 2548 109 41 title:
675 2547 148 41 Louis
850 2548 164 41 Artus.

121 2624 1995 53 © Oct. 27, 1930; 1c. Jan. 9, 1931; A—Foreign 10247; Éditions Bernard
196 2683 213 41 Grasset.
481 2682 249 48 (31-8791)

120 2808 212 63 Baker,
362 2806 191 54 Lilian
586 2806 172 55 Clara
789 2805 306 55 Williams.

192 2897 276 70 Clothing
498 2896 266 54 selection
800 2897 111 52 and
947 2897 292 68 purchase,
1273 2897 75 70 by
1380 2898 194 54 Lilian
1610 2900 62 55 C.
1706 2904 90 52 W.
1833 2905 189 55 Baker

119 2976 139 52 New
288 2975 179 68 York,
495 2976 121 52 The
644 2974 334 53 Macmillan
1006 2992 297 53 company,
1335 2979 149 51 1931.

294 3090 9 16 xxv,
330 3058 85 41 272
444 3069 43 37 p.
547 3056 145 41 19½ᶜᵐ.

195 3127 348 42 “References”
569 3129 52 39 at
646 3128 90 39 end
764 3127 51 40 of
840 3128 118 39 each
984 3127 121 41 unit.

128 3198 51 51 ©
210 3202 112 47 Apr.
353 3202 25 39 7,
481 3201 53 39 1931;
595 3200 66 39 2c.
693 3200 93 39 and
818 3199 81 39 aff.
931 3200 111 47 Apr.
1075 3199 25 40 8;
1159 3199 39 38 A
1229 3200 145 40 36374;
1435 3201 281 44 Macmillan
1746 3219 68 29 co.

206 3258 249 49 (31-9396)

123 3380 282 64 Baldwin,
435 3380 258 52 Thomas
718 3378 318 65 Whitfield,
1066 3384 170 49 1890-

189 3470 262 54 William
488 3467 387 69 Shakespeare
912 3469 204 67 adapts
1154 3488 31 33 a
1222 3468 276 71 hanging,
1533 3470 75 69 by
1646 3470 248 54 Thomas
122 3470 1974 130 Whitfield

285 3545 1833 71 Baldwin … Princeton, Princeton university press, 1931.
190 3625 1177 52 xii, 201, [1] p. illus. (map) facsims. 24 ᶜᵐ .
191 3698 39 38 A
263 3699 264 38 treatment
556 3696 52 40 of
639 3697 81 39 the
751 3695 230 47 religious
1011 3694 282 42 executions
1327 3695 51 42 of
1408 3696 127 47 1588,
1570 3697 322 49 particularly
1927 3699 108 42 that
2067 3700 55 42 of

183 3753 153 40 William
386 3752 221 45 Hartley,
658 3752 94 39 and
804 3751 128 40 their
980 3750 237 41 influence
1269 3762 59 28 on
1382 3751 373 49 Shakespeare’s
1808 3752 210 51 Comedy
2067 3756 56 42 of

121 3818 162 31 errors;
349 3808 119 40 with
505 3806 211 48 reprints
751 3806 52 41 of
837 3808 463 46 contemporaneous
1339 3808 281 41 documents
1655 3808 50 40 in
1743 3810 82 41 the
1862 3812 257 47 appendix.

194 3863 440 48 “Bibliographical
666 3861 347 41 information”:
1073 3871 44 38 p.
1150 3861 216 42 187-192.

131 3931 52 52 ©
218 3936 113 47 Apr.
366 3935 39 47 3,
444 3933 104 40 1931;
622 3933 66 40 2c.
727 3934 94 38 and
858 3932 81 40 aff.
980 3934 110 46 Apr.
1129 3932 52 46 8;
1220 3933 41 38 A
1297 3932 169 47 36391;
1508 3934 259 42 Princeton
1806 3938 128 41 univ.
1973 3950 151 37 press.

207 3990 249 50 (31-9317)
