2505 4370
1066 4000 102 56 927

165 455 391 43 3 v. in 1. 27 ᶜᵐ.
101 524 51 53 ©
180 529 113 48 May
317 528 69 48 16,
411 526 115 41 1929;
580 526 67 41 2c.
673 527 95 40 and
794 525 82 41 aff.
903 525 115 49 July
1044 524 68 50 10,
1140 523 111 41 1931;
1310 524 40 38 A
1376 521 144 43 39329;
1576 523 168 40 Banks
1769 524 95 38 law
1889 521 110 50 pub.
2026 531 68 31 co.

98 638 220 63 Villiot,
344 638 149 53 Jean
519 637 87 64 de,
632 637 194 69 pseud.

165 713 180 53 Black
378 715 133 66 lust,
542 712 76 69 by
650 712 146 54 Jean
830 712 68 53 de
930 711 223 54 Villiot.
1224 711 140 52 New
1399 708 180 69 York,
1613 709 158 53 Priv.
1808 708 176 69 print,
2017 708 78 70 by

93 791 801 67 the Panurge press [ ᶜ19 31]
163 869 724 49 2 p. l., 3-312 p. illus. 22 ᶜᵐ.
168 922 1928 51 ‘Only 2000 copies of this translation … by Lawrence Ecker have
97 982 117 40 been
260 980 195 49 printed
507 982 95 39 and
651 980 419 48 press-numbered
1122 979 80 41 for
1250 981 192 46 private
1494 979 252 41 collectors
1796 978 53 42 of
1898 978 200 43 erotica.

93 1037 66 39 N°
187 1036 157 42 1573.”

105 1104 51 52 ©
186 1110 114 45 May
329 1109 67 46 18,
427 1108 140 46 1931;
599 1108 66 40 2c.
695 1109 94 38 and
820 1107 81 42 aff.
932 1109 113 46 May
1074 1108 82 46 27;
1189 1109 39 37 A
1257 1107 116 41 38468;
1463 1108 224 47 Panurge
1716 1117 150 38 press,
1896 1107 92 40 inc.

168 1165 280 48 (31-15556)

100 1258 309 66 Vornholt,
440 1260 164 54 Paul.

167 1334 371 68 Silhouettes;
574 1354 79 50 or,
684 1336 226 67 Higher
939 1336 339 68 heartbeats,
1310 1336 74 69 by
1415 1336 146 52 Paul
1592 1335 299 55 Vornholt.
96 1335 1979 146 Boston,

243 1412 1320 70 The Christopher publishing house [ ᶜ19 31 ]
167 1491 86 42 100
285 1503 43 38 p.
387 1492 129 42 illus.
578 1492 56 41 20½ᶜᵐ.

170 1550 184 40 Poems.

108 1619 51 52 ©
188 1624 113 47 May
328 1623 69 47 26,
428 1621 110 42 1931;
597 1623 67 41 2c.
693 1623 94 39 and
816 1622 82 42 aff.
929 1624 112 46 May
1069 1622 56 40 29;
1182 1623 40 38 A
1248 1622 146 41 38547;
1455 1622 317 48 Christopher
1800 1622 110 48 pub.
1940 1622 150 40 house

185 1679 280 50 (31-15460)

105 1775 265 65 Warner,
399 1776 307 64 Margaret
735 1776 65 54 L.

169 1851 221 53 French
433 1851 93 53 for
562 1850 315 69 beginners,
918 1851 260 54 étudions
1215 1870 68 33 en
1323 1856 334 64 voyageant,
1695 1852 75 68 by
1809 1851 295 69 Margaret

101 1927 1977 148 L. Warner … and Marie Tricou Fortier … New York, Chicago
270 2006 957 70 [etc.] C. Scribner’s sons [ ᶜ19 31]
171 2086 909 49 xvi p., 1 l., 124, 14 p. illus. 18½ᶜᵐ.
174 2143 234 42 Contains
441 2143 167 41 music.

182 2205 295 47 “Suggested
508 2204 202 47 reading
738 2203 112 40 list”:
911 2214 44 37 p.
990 2203 79 49 [xi]

114 2272 51 52 ©
199 2276 121 40 Mar.
353 2276 69 46 13,
456 2273 140 48 1931;
631 2274 66 40 2c.
733 2275 112 47 May
878 2273 53 48 2;
968 2273 82 42 aff.
1083 2275 114 47 Apr.
1232 2275 53 45 6;
1322 2274 41 40 A
1395 2274 170 47 37139;
1605 2275 200 41 Charles
1844 2273 265 42 Scribner’s

180 2342 125 31 sons.
378 2332 280 48 (31-15586)

106 2425 264 66 Watson,
405 2427 220 53 Ernest
657 2425 267 65 Bradlee,
960 2427 172 55 1879-
1345 2444 179 50 comp.

179 2503 1927 70 Contemporary drama: European plays … selected by E.
112 2581 1999 71 Bradlee Watson … and Benfield Pressey … v. 1. New York,
112 2659 1252 71 Chicago [etc.] C. Scribner’s sons [ ᶜ19 31]
185 2740 661 48 viii p., 2 l., 3-522 p. 17 ᶜᵐ.
185 2797 262 48 “Working
468 2798 123 39 book
613 2798 84 39 list
719 2798 51 38 in
788 2797 256 40 American
1068 2799 169 38 drama
1265 2798 95 40 and
1379 2797 316 41 dramatists”:
1749 2809 44 30 v.
1812 2800 39 46 1,
1870 2809 43 37 p.
1931 2797 183 41 vi-viii.

117 2866 51 52 ©
199 2872 113 46 May
341 2871 67 47 15,
440 2869 139 48 1931;
610 2870 66 40 2c.
708 2872 113 45 May
851 2870 81 41 23:
965 2870 82 41 aff.
1078 2871 113 46 May
1219 2870 83 48 26;
1335 2872 40 38 A
1405 2871 171 47 37521;
1612 2871 201 41 Charles
1847 2871 267 42 Scribners

171 2938 125 29 sons.
367 2927 280 48 (31-13704)

183 3019 1927 71 Contemporary drama: English and Irish plays … selected
114 3098 1998 74 by E. Bradlee Watson … and Benfield Pressey … v. 1.
117 3176 1618 71 New York, Chicago [etc.] C. Scribner’s sons [ ᶜ19 31]
188 3257 644 49 viii p., 2 l., 3-443 p. 17 ᶜᵐ.
191 3312 67 39 “A
291 3313 220 48 working
541 3314 209 40 booklist
785 3325 59 29 on
877 3315 82 40 the
993 3314 202 48 English
1228 3316 96 39 and
1358 3315 130 40 Irish
1522 3315 219 41 theatre”:
1806 3328 43 28 v.
1883 3317 39 46 1,
1956 3328 42 37 p.
116 3316 1997 92 vi-viii.

122 3421 51 52 ©
203 3427 113 46 May
345 3425 68 47 15,
443 3426 112 41 1931;
615 3427 67 41 2c.
712 3428 113 47 May
853 3428 55 40 23;
967 3428 83 41 aff.
1080 3430 114 47 May
1222 3428 60 41 26;
1338 3430 40 38 A
1408 3429 145 40 37522;
1613 3429 205 41 Charles
1849 3428 266 44 Scribner’s

190 3492 125 30 sons.
385 3482 279 50 (31-13706)

122 3574 302 65 Wayland,
453 3576 155 53 John
636 3579 242 64 Walter,
910 3581 171 53 1872-

184 3650 54 52 A
262 3650 219 71 history
507 3653 62 52 of
592 3652 268 69 Virginia
889 3654 92 53 for
1004 3655 136 68 boys
1166 3656 111 53 and
1305 3656 154 68 girls.
1526 3657 135 52 Rev.
1690 3657 83 52 ed.
1837 3657 90 68 By
1955 3657 157 54 John

118 3727 1991 75 W. Wayland … with helps for teachers and pupils by Alice E.
118 3804 1726 76 Carter … New York, The Macmillan company, 1931.
189 3884 1250 54 ix, 432 p. incl. front., illus., ports., maps. 19 ᶜᵐ.
190 3942 139 49 Maps
356 3952 62 30 on
445 3942 136 42 front
609 3942 363 51 lining-papers.
