2428 4370
1019 4031 134 51 1555

140 500 62 47 xi,
230 500 87 39 188
341 509 41 36 p.
444 498 144 39 18½ᶜᵐ.
658 494 297 48 (Half-title:
983 493 103 40 Our
1109 492 111 40 debt
1248 495 49 36 to
1327 491 175 40 Greece
1532 491 93 40 and
1655 490 176 45 Rome;
1861 487 197 45 editors,

65 549 961 49 G. D. Hadzsits … D. M. Robinson)
137 612 159 39 “First
328 610 225 41 edition."'

135 667 374 48 Bibliography:
543 677 43 36 p.
619 664 216 42 184-188.

71 720 50 52 ©
149 724 127 47 Sept.
299 723 39 41 9.
365 722 139 46 1931;
531 722 68 40 2c.
627 721 127 48 Sept.
779 719 82 48 22;
888 720 81 39 aff.
999 720 128 47 Sept.
1152 720 83 47 21;
1262 720 40 38 A
1325 718 171 49 42527;
1526 720 287 48 Longmans,
1842 718 155 41 Green
2024 717 37 41 &

135 789 66 30 co.
273 778 278 49 (31-28235)

71 871 316 62 Mumford,
417 868 209 66 Lewis,
658 875 169 49 1895-

143 948 121 52 The
295 948 196 52 brown
527 947 261 61 decades;
826 965 31 34 a
893 946 172 67 study
1099 944 65 54 of
1196 945 96 53 the
1328 951 117 47 arts
1481 945 59 52 in
1575 945 286 67 America,
1903 948 166 50 1865-

78 1029 149 63 1895,
262 1024 75 69 by
374 1024 183 53 Lewis
594 1022 316 54 Mumford.
986 1023 139 54 New
1164 1022 180 68 York,
1382 1022 312 66 Harcourt,
1734 1023 179 52 Brace
1954 1022 109 53 and

73 1105 508 66 company [ ᶜ1 931]
144 1186 82 45 xii,
259 1184 84 40 266
375 1194 42 37 p.
477 1185 147 38 front.
655 1185 170 46 (port.)
868 1183 171 48 plates.
1098 1182 115 41 21ᶜᵐ.

150 1242 128 40 “The
307 1240 256 41 substance
593 1240 50 39 of
673 1241 98 38 this
800 1240 122 40 book
952 1251 100 28 was
1082 1239 107 40 first
1219 1241 255 46 presented
1506 1241 154 39 under
1689 1239 82 41 the
1802 1240 120 47 title,
1956 1239 113 40 ‘The

76 1302 103 37 arts
211 1298 48 39 in
293 1297 216 40 America
548 1297 130 40 since
713 1296 139 43 1870',
887 1297 49 39 in
972 1296 81 40 the
1089 1296 247 48 Guernsey
1371 1296 174 41 Center
1581 1297 163 40 Moore
1777 1295 290 41 foundation

77 1352 1680 49 lectures … at Dartmouth college in December, 1929.”—Pref.
147 1411 160 40 “First
339 1410 227 41 edition.”

148 1468 232 40 “Sources
411 1468 91 38 and
535 1466 175 39 books”:
773 1478 39 36 p.
844 1466 215 40 249-258.

76 1520 50 52 ©
158 1523 124 48 Sept.
313 1525 67 39 24.
409 1524 138 40 1931;
577 1524 67 39 2c.
673 1524 94 38 and
796 1523 79 39 aff.
908 1522 125 48 Sept.
1062 1522 81 47 28;
1174 1523 40 38 A
1241 1522 172 48 42654;
1444 1524 261 46 Harcourt,
1736 1524 156 39 Brace
1920 1523 35 40 &
1984 1532 83 37 co.,

144 1580 87 40 inc.
304 1580 279 48 (31-28174)

77 1675 260 64 Nathan,
362 1677 138 53 Mrs.
531 1673 181 55 Adele
742 1674 278 56 Gutman.

141 1752 120 52 The
291 1752 123 51 iron
446 1752 160 52 horse
657 1751 92 69 [by]
783 1750 179 54 Adele
993 1750 253 56 Gutman
1277 1751 232 53 Nathan
1541 1751 112 53 and
1684 1751 294 69 Margaret
2011 1751 54 55 S.

79 1830 186 51 Ernst.
331 1829 137 52 New
498 1829 178 66 York,
703 1829 69 52 A.
800 1829 71 52 A.
898 1827 227 70 Knopf,
1154 1831 151 51 1931.

142 1908 809 49 5 p. l., 37 p. illus. 21 × 28ᶜᵐ.
144 1965 162 41 “First
339 1965 227 41 edition.”

81 2019 50 52 ©
161 2024 120 46 Aug.
310 2023 70 47 28,
410 2023 140 46 1931;
581 2022 67 40 2c.
678 2023 119 47 Aug.
827 2024 84 46 31;
943 2023 82 42 aff.
1058 2023 128 48 Sept.
1217 2024 52 46 5;
1301 2024 43 39 A
1370 2025 137 39 41471;
1574 2025 53 39 A.
1662 2025 53 41 G.
1746 2025 198 40 Nathan
1976 2026 95 39 and

151 2081 247 45 Margaret
428 2079 44 41 S.
501 2081 161 47 Ernst,
690 2079 117 40 New
833 2080 144 41 York.
1048 2080 280 50 (31-28059)

82 2158 226 64 Norris,
337 2160 139 52 Mrs.
507 2158 293 54 Kathleen
839 2160 397 64 (Thompson)
1277 2167 171 49 1880-

82 2235 1962 148 Belle-mere [by] Kathleen Norris. Garden City, N. Y.. Doubleday, Doran & company, inc. [ ᶜ1 931 ]
148 2393 86 40 349
263 2404 42 37 p.
365 2393 117 42 21ᶜᵐ.

150 2450 285 40 Illustrated
466 2450 361 49 lining-papers.

151 2506 160 41 “First
341 2506 225 42 edition.”

80 2566 50 52 ©
157 2572 118 47 Aug.
302 2570 70 49 20,
399 2570 141 48 1931;
570 2571 67 42 2c.
666 2574 95 39 and
788 2573 83 42 aff.
902 2574 128 47 Sept.
1058 2573 54 41 12;
1172 2575 41 39 A
1238 2575 173 49 41590;
1442 2577 244 40 Kathleen
1714 2578 185 49 Norris,
152 2579 1902 103 Saratoga,
308 2634 143 41 Calif.
521 2635 279 48 (31-28035)

84 2712 260 65 Parrish,
372 2714 144 52 Paul
543 2714 286 65 Leonard,
859 2717 172 53 1876-

152 2788 1865 76 Prevention of disease in childhood, by Paul L. Parrish …
89 2867 1744 75 [New York, Printed by O. E. Saunders & sons, ᶜ1 931]
155 2948 585 50 2 p. l ., 3-89 p. 21½ᶜᵐ.
86 3008 50 52 ©
166 3013 126 48 Sept.
318 3015 38 42 5.
383 3013 140 48 1931;
550 3015 68 41 2c.
644 3017 95 38 and
765 3016 81 40 aff.
876 3016 129 49 Sept.
1031 3017 83 47 24;
1143 3019 41 38 A
1209 3019 170 47 41862;
1411 3020 50 40 P.
1489 3021 49 40 L.
1567 3021 217 49 Parrish,
1814 3024 261 48 Brooklyn.

162 3076 277 49 (31-28892)

90 3155 246 63 Peattie,
366 3158 137 52 Mrs.
534 3157 213 52 Louise
785 3158 320 65 (Redfield)

158 3231 168 54 Pan’s
373 3233 212 66 parish,
628 3234 74 67 by
747 3234 205 53 Louise
997 3235 258 54 Redfield
1302 3238 239 54 Peattie.
1635 3240 138 53 New
1820 3244 162 51 York
2028 3246 50 50 &

91 3309 998 70 London, The Century co. [ ᶜ1 931]
164 3390 930 50 4 p. l., 3-233, [1] p. 20ᶜᵐ. $2.00
164 3445 159 42 “First
350 3447 258 48 printing.”

97 3497 50 52 ©
172 3503 117 46 Aug.
315 3505 69 46 18,
409 3504 111 40 1931;
576 3505 65 40 2c.
668 3507 95 38 and
789 3506 80 39 aff.
900 3506 127 48 Sept.
1052 3508 27 38 4;
1134 3508 40 38 A
1198 3509 173 46 41431;
1400 3509 214 49 Century
1640 3522 68 30 co.

174 3559 277 48 (31-28060)

95 3638 157 63 Post,
281 3638 204 66 Wiley,
517 3647 168 49 1899-

165 3713 234 55 Around
439 3716 94 53 the
571 3718 178 52 world
786 3718 56 52 in
882 3719 159 67 eight
1077 3720 168 67 days:
1284 3722 96 53 the
1417 3722 170 69 flight
1623 3724 65 53 of
1724 3726 95 53 the
1856 3728 231 54 Winnie

100 3791 140 58 Mae,
270 3792 75 68 by
376 3794 190 67 Wiley
598 3795 138 52 Post
769 3796 109 51 and
911 3796 226 53 Harold
1172 3796 207 69 Gatty;
1417 3799 388 57 introduction
1838 3804 74 69 by
1945 3806 141 55 Will

99 3867 227 57 Rogers.
401 3870 137 53 New
565 3871 178 57 York,
771 3871 251 70 Chicago
1072 3880 119 61 [etc.]
1224 3875 187 67 Rand,
1436 3877 273 69 McNally
1736 3883 45 51 &
1807 3900 280 46 company

143 3948 148 65 [ᶜ1931]
