2428 4370
1208 4002 133 50 1902

263 342 265 61 Duncan,
559 339 155 55 John
745 338 280 63 Christie,
1058 344 171 50 1881-

332 417 325 68 Principles
706 417 64 53 of
816 417 307 67 analytical
1175 415 361 71 accounting,
1579 417 75 68 by
1699 418 157 54 John
1906 417 62 56 C.
2014 419 260 52 Duncan.

263 494 1937 70 Cincinnati, Printed for the author by the Puter press [ ᶜ1 931 ]
333 578 85 49 xii,
453 579 85 40 534
571 589 43 38 p.
650 579 110 41 incl.
792 578 170 41 forms,
998 577 156 40 tables
1183 578 137 47 (part
1353 578 144 48 fold.)
1542 577 180 48 diagrs.
1786 578 147 40 23½ᶜᵐ.

269 647 51 52 ©
349 652 118 40 Nov.
495 650 69 46 18,
593 649 141 47 1931;
764 649 67 42 2c.
858 650 119 40 Nov.
1006 649 82 47 19;
1120 648 81 40 aff.
1230 648 121 45 Nov.
1376 649 82 48 21;
1489 650 40 38 A
1557 648 172 48 44893;
1762 650 43 40 J.
1835 650 48 40 C.
1914 649 219 48 Duncan,
2164 650 116 39 New

337 710 144 38 York.
558 707 280 47 (31-33321)

265 818 295 65 Eberlein,
590 818 222 53 Harold
842 817 360 56 Donaldson.

396 894 1883 71 … The American home book of decoration; downstairs, by
263 974 227 53 Harold
517 974 336 53 Donaldson
884 972 271 53 Eberlein
1173 992 11 48 ;
1216 972 141 54 with
1388 973 398 69 photographs
1813 973 114 54 and
1956 973 321 70 diagrams;

264 1050 2017 71 edited by Reginald T. Townsend … Garden City, N. Y.,
264 1130 359 70 Doubleday,
650 1131 199 52 Doran
878 1132 46 51 &
951 1148 301 51 company,
1281 1130 128 68 inc.,
1441 1132 151 51 1931.

334 1223 63 28 xv
426 1222 57 37 p.,
514 1213 23 37 1
606 1246 8 15 l.,
646 1211 86 41 169
763 1221 40 38 p.
864 1212 164 48 front.,
1060 1211 171 48 plates,
1262 1210 183 49 diagrs.
1506 1211 116 42 19ᶜᵐ.
1694 1211 125 49 (The
1851 1211 257 41 American
2141 1213 138 40 home

266 1269 208 48 library)

335 1340 164 40 “First
532 1338 230 42 edition.”

272 1409 51 52 ©
364 1413 101 40 Oct.
503 1413 69 47 22,
611 1411 83 40 1931;
790 1412 68 41 2c.
896 1413 96 38 and
1030 1422 24 29 aff
1062 1411 48 39 .
1150 1412 119 41 Nov.
1306 1411 53 42 2:
1400 1412 40 38 A
1477 1410 172 44 43722;
1690 1413 60 40 H.
1791 1412 55 39 D.
1888 1412 239 45 Eberlein,
2168 1413 117 39 New

340 1471 144 39 York.
557 1469 281 48 (31-33392)

270 1580 233 64 Family
539 1581 135 68 fun;
712 1600 191 50 games
938 1582 112 52 and
1085 1581 149 69 good
1266 1579 167 54 times
1469 1580 94 52 for
1595 1580 260 55 children
1889 1582 113 53 and
2036 1587 251 63 parents,

339 1658 284 70 compiled
667 1659 139 52 with
852 1658 97 54 the
990 1657 368 69 cooperation
1401 1656 66 55 of
1509 1657 96 54 the
1649 1658 276 54 National
1969 1658 312 54 recreation

340 1737 1775 70 association. New York, The Parents’ magazine [ ᶜ1 931]
338 1820 104 47 xiii,
475 1821 85 40 175
591 1830 41 38 p.
698 1820 127 40 illus.
856 1819 132 49 (incl.
1023 1820 141 48 plan)
1204 1820 181 47 diagrs.
1447 1818 147 44 19½ᶜᵐ.

274 1888 51 52 ©
356 1892 117 39 Nov.
503 1893 40 40 4.
575 1890 141 47 1931;
748 1892 65 39 2c.
846 1892 119 40 Nov.
996 1890 27 41 9
1041 1902 9 31 :
1084 1891 82 41 aff.
1197 1892 119 40 Nov.
1349 1892 82 46 18;
1465 1892 40 38 A
1534 1891 174 47 45079;
1743 1890 221 42 Parents'
1998 1892 109 47 pub.
2141 1902 143 36 assn.,

340 1948 106 42 inc..
485 1950 118 38 New
640 1949 144 39 York.
855 1949 283 48 (31-33522)
2042 1948 147 41 12151

267 2059 357 63 Fleitmann,
656 2058 147 54 Lida
832 2058 235 56 Louise.

337 2138 121 51 The
499 2137 165 52 horse
704 2137 57 52 in
803 2142 108 61 art,
951 2135 152 54 from
1146 2136 296 68 primitive
1481 2135 166 54 times
1688 2142 59 47 to
1786 2136 95 54 the
1924 2142 246 63 present,
2210 2137 72 69 by

266 2216 146 52 Lida
449 2216 63 52 L.
550 2215 331 53 Fleitmann
927 2215 169 69 (Mrs.
1134 2214 156 55 John
1327 2215 130 53 Van
1497 2213 57 56 S.
1593 2214 359 69 Bloodgood,
1987 2233 68 36 m.
2094 2233 48 35 f.
2181 2216 92 66 h.)

266 2289 2015 152 … foreword by A. J. Munnings, r. a. With 112 full-tone illustrations; chapter head- and tail-pieces by Edward King. New
270 2450 178 64 York,
477 2451 89 53 W.
598 2450 65 54 F.
694 2451 246 68 Payson,
974 2453 151 50 1931.

339 2532 101 39 xxii
475 2542 57 37 p..
566 2532 21 38 1
659 2564 7 10 l..
701 2531 85 41 372
819 2542 42 38 p.
897 2531 109 42 incl.
1042 2532 164 43 front.,
1244 2531 127 40 illus.
1434 2532 173 48 plates.
1666 2531 149 43 27½ᶜᵐ.

338 2589 351 48 Bibliography
709 2600 8 29 :
748 2599 41 38 p.
818 2588 220 41 359-363.

275 2657 51 52 ©
357 2663 117 38 Nov.
506 2662 39 42 5,
574 2661 142 47 1931;
748 2662 67 40 2c.
846 2663 96 38 and
973 2661 81 40 aff.
1085 2662 119 40 Nov.
1235 2660 83 44 20;
1351 2662 40 39 A
1420 2661 172 48 45121;
1626 2662 217 40 William
1877 2662 258 48 Farquhar
2168 2663 118 46 Payson

347 2730 99 32 ,
474 2720 90 39 inc.
638 2718 281 49 (31-33394)

268 2833 122 52 The
420 2828 386 66 Fortnightly
835 2831 223 53 review,
1135 2849 87 36 no.
1252 2830 120 68 778,
1397 2851 53 33 n.
1480 2851 61 47 s.,
1568 2829 125 56 Oct.
1725 2836 47 66 1,
1801 2834 151 52 1931.

275 2910 51 52 ©
360 2915 65 39 1c.
460 2915 102 40 Oct.
595 2913 40 44 9,
669 2913 140 47 1931;
845 2914 39 38 A
918 2915 61 38 ad
1012 2914 87 40 int.
1133 2913 171 42 15812;
1341 2884 147 77 pubd.
1519 2914 102 39 Oct.
1656 2915 53 45 1;
1747 2913 313 48 Fortnightly
2095 2914 190 41 review,

341 2973 71 38 ltd
435 3003 7 10 .
471 2973 213 39 London.

271 3066 303 66 Franklin,
606 3067 339 64 Benjamin,
979 3069 326 54 1706-1790.

339 3146 122 52 The
509 3145 299 69 ingenious
854 3146 104 53 Dr.
1007 3146 314 59 Franklin;
1370 3147 237 53 selected
1658 3146 275 54 scientific
1980 3147 194 52 letters
2221 3146 63 51 of

276 3224 304 68 Benjamin
622 3224 303 67 Franklin,
963 3224 190 53 edited
1193 3224 75 69 by
1308 3224 235 53 Nathan
1583 3223 70 55 G.
1694 3223 319 56 Goodman.
272 3224 1985 147 Philadelphia,
563 3302 338 69 University
939 3302 65 53 of
1041 3302 429 70 Pennsylvania
1510 3321 186 50 press;
1736 3303 261 67 London,
2034 3303 77 52 H.
273 3302 1983 143 Milford,
459 3380 233 55 Oxford
727 3380 318 69 university
1082 3399 176 50 press,
1295 3384 152 50 1931.

342 3464 63 39 xi.
440 3464 84 38 244
561 3475 41 36 p.
664 3464 148 39 front.
842 3463 175 48 (port.)
1061 3464 144 46 illus.,
1241 3463 179 49 diagrs.
1482 3463 146 42 21½ᶜᵐ.

275 3516 51 52 ©
358 3522 116 38 Nov.
506 3521 68 40 13.
605 3520 83 40 1931;
778 3519 66 43 2c.
876 3523 96 38 and
1002 3521 83 42 aff.
1117 3521 118 42 Nov.
1266 3521 82 41 30:
1382 3522 39 38 A
1451 3521 173 42 46035:
1658 3520 283 48 University
1974 3520 53 41 of
342 3520 1921 98 Pennsylvania
515 3590 149 36 press.
730 3579 281 47 (31-34123)

271 3671 303 64 Frederix,
607 3671 220 58 Pierre.

396 3736 1735 81 … Irlande, exfreme-occidentl Paris, Gallimard [1931,
336 3826 697 53 3 p. ]., 9-216 p., 1 l. 19ᶜᵐ.
276 3881 51 52 ©
364 3887 126 39 June
525 3888 39 42 6,
598 3887 85 39 1931;
779 3890 64 38 1c.
880 3889 120 45 Aug.
1038 3889 81 41 10;
1158 3889 311 42 A—Foreign
1507 3888 170 42 13356:
1716 3888 242 41 Librairie
1996 3888 286 40 Gallimard.

354 3944 281 47 (31-33490)
