2505 4370
1246 4046 104 52 308

281 365 239 64 Farina,
553 365 330 65 Salvatore,
919 371 328 50 1846-1918.

407 441 1623 73 … Il signor Io, edited with introduction, notes, and
278 445 2028 148 vocabulary by William Oliver Farnsworth … New York & London,
276 600 747 70 The Century co. [ ᶜ1 931 ]
347 680 1959 53 xxi, 173 p. front. (port.) illus. (plan) plates. 19½ ᶜᵐ . (The Century
278 739 201 40 modern
504 738 244 49 language
776 738 166 49 series,
971 739 58 39 K.
1062 739 277 48 McKenzie,
1368 739 183 48 editor)
1665 740 131 50 $1.50

350 795 382 49 Bibliography:
763 806 43 37 p.
835 795 216 40 xvii-xx.

287 852 52 53 ©
371 857 124 39 Mar.
527 856 39 47 6,
598 854 115 42 1931
731 866 9 37 ;
774 855 67 41 2c.
875 856 95 39 and
1003 854 81 41 aff.
1119 856 123 39 Mar.
1275 854 57 41 10
1349 866 9 36 ;
1393 855 42 40 A
1465 855 146 40 35184
1628 865 10 38 ;
1675 855 217 49 Century
1922 866 70 31 co.

2055 851 75 55 [©
357 855 1933 104 introduction,
601 916 152 41 notes,
784 914 298 46 vocabulary
1112 912 37 41 &
1177 913 67 39 all
1275 913 324 48 explanatory
1628 914 198 49 matter]

364 970 254 51 (31-6452)

282 1066 323 63 Farnham,
638 1066 248 55 Charles
915 1067 229 61 Mason,
1179 1071 171 49 1885-

350 1144 466 53 Determination
852 1147 64 51 of
952 1144 96 52 the
1085 1162 219 50 opaque
1340 1144 290 69 minerals,
1666 1145 75 69 by
1780 1146 61 55 C.
1878 1146 204 51 Mason
280 1147 1998 129 Farnham.

511 1228 82 49 1st
639 1224 84 52 ed.
818 1224 141 51 New
1005 1223 163 53 York
1213 1223 114 52 and
1374 1223 259 69 London,
1677 1223 436 55 McGraw-Hill
2157 1223 148 53 book

281 1320 300 51 company,
613 1302 126 67 inc.,
773 1305 151 50 1931.

351 1383 83 49 vii,
464 1383 89 42 236
581 1394 43 38 p.
686 1383 146 42 23½ᶜᵐ.
954 1381 132 51 $3.50

354 1440 353 49 Bibliography
727 1452 9 29 :
768 1451 43 38 p.
842 1440 159 41 14-20.

287 1494 52 53 ©
371 1499 111 40 Feb.
512 1498 71 48 20,
613 1497 115 42 1931
746 1509 9 35 ;
788 1498 67 41 2c.
887 1498 111 40 Feb.
1030 1497 55 41 25
1104 1508 9 37 ;
1146 1498 83 40 aff.
1261 1498 112 40 Feb.
1404 1497 60 42 28
1478 1508 9 37 ;
1519 1497 42 40 A
1591 1496 148 43 33994
1753 1508 10 38 ;
1798 1498 356 41 McGraw-Hill
2185 1499 125 40 book

355 1567 83 37 co.,
477 1556 92 41 inc.
641 1555 254 50 (31-6251)

283 1653 232 64 Foster,
548 1652 289 66 Reginald
873 1651 265 55 Francis.

285 1730 1995 149 … Murder from beyond. New York, The Macaulay company [ ᶜ1 931]
353 1891 712 51 vi p., 1 l., 9-318 p. 19½ ᶜᵐ .
354 1950 65 42 At
445 1951 125 40 head
597 1949 53 41 of
676 1949 109 41 title
803 1960 9 29 :
842 1950 55 39 R.
927 1949 203 41 Francis
1160 1949 188 40 Foster.

289 2003 2021 53 © Jan. 29, 1931 ; 2c. Feb. 6 ; aff. Feb. 28 ; A 35224 ; R. F. Foster, London.
365 2064 254 50 (31-6378)

284 2160 249 55 Francis
561 2163 88 52 W.
678 2160 227 53 Parker
934 2160 217 63 school,
1185 2161 270 68 Chicago.

417 2238 1678 72 … The morning exercise as a socializing influence [by]
284 2241 2002 228 Francis W. Parker school … v. 2. … [Chicago, Ill., Gentry printing
416 2420 101 37 co.,
551 2402 152 64 1930]

358 2477 1144 52 1 p. l., v-ix. 213 p. illus., diagrs. 25 ½ᶜᵐ .
358 2539 64 40 At
450 2539 125 40 head
606 2538 52 40 of
685 2538 137 40 title:
857 2537 196 41 Studies
1082 2537 51 39 in
1161 2535 277 41 education.

358 2597 136 39 Book
525 2595 224 41 contains
781 2595 169 41 music.

290 2650 52 53 ©
370 2655 113 40 Dec.
510 2653 70 48 19,
607 2653 142 46 1930;
779 2653 66 40 2c.
874 2653 95 39 and
997 2651 82 41 aff.
1108 2651 110 41 Jan.
1246 2651 70 48 10,
1346 2650 140 48 1931;
1517 2651 42 39 A
1584 2650 173 48 33300;
1788 2651 204 41 Francis
2021 2653 74 40 W.
2124 2651 186 42 Parker

359 2713 178 47 school,
576 2710 226 50 Chicago.

286 2806 301 64 Frankau,
620 2806 249 56 Gilbert.

354 2888 57 52 A
439 2887 298 54 first-class
766 2888 279 52 doormat.

369 2966 85 48 (In
484 2965 265 43 Pearson’s
782 2963 279 54 magazine,
1093 2964 133 50 Feb.,
1261 2962 146 51 1931)

291 3022 52 53 ©
374 3028 123 39 Mar.
528 3026 70 47 28,
629 3025 115 41 1931;
803 3026 43 39 A
875 3026 61 39 ad
967 3026 87 40 int.
1086 3023 172 48 14896;
1292 3025 144 47 pubd.
1468 3024 109 40 Jan.
1610 3022 83 49 30;
1729 3024 53 40 G.
1814 3024 248 47 Frankau,
2096 3024 214 41 London.

286 3107 259 54 Frankie
574 3108 114 52 and
717 3106 242 63 Johnny
996 3106 221 64 (Song)

354 3185 124 52 The
522 3202 137 51 saga
704 3182 65 55 of
812 3182 255 54 Frankie
1110 3185 46 50 &
1199 3182 258 69 Johnny,
1500 3180 352 71 beautifully
1899 3184 286 69 engraved
2232 3183 75 70 by

284 3263 157 56 John
469 3262 176 53 Held.
669 3261 70 69 jr.
823 3261 158 66 [New
1009 3260 181 68 York,
1216 3261 92 53 W.
1333 3260 73 54 V.
1433 3260 237 68 McKee,
1698 3260 423 69 incorporated,
2151 3265 152 65 1930]

357 3343 795 52 3 p. l., 49, [2] p. illus. 26 ᶜᵐ .
358 3399 1949 53 “This first edition … is limited to two thousand and fifty copies,
285 3463 113 47 fifty
430 3461 53 41 of
513 3460 160 41 which
706 3460 124 39 have
862 3459 117 39 been
1011 3456 235 49 specially
1277 3457 176 41 bound,
1487 3456 194 41 contain
1715 3468 64 29 an
1810 3460 139 39 extra
1985 3461 75 38 set
2091 3459 52 41 of
288 3459 2002 105 illustrations,

544 3518 96 40 and
671 3518 126 38 have
825 3516 119 39 been
975 3514 166 48 signed
1174 3514 61 45 by
1269 3515 90 39 Mr.
1390 3513 173 40 Held.”
1625 3513 119 41 This
1774 3524 120 37 copy
1923 3518 83 37 not
2038 3515 185 42 signed.

292 3575 52 52 ©
380 3578 110 39 Dec.
524 3576 55 39 18,
684 3573 83 47 1930;
803 3574 67 38 2c.
905 3574 122 38 Mar.
1060 3572 40 46 4,
1134 3570 142 46 1931;
1313 3570 82 40 aff.
1430 3570 111 40 Feb.
1576 3570 82 48 25;
1695 3570 40 40 A
1767 3571 173 47 34654;
1977 3572 44 40 J.
2056 3573 142 47 Held,
2232 3572 75 48 jr.,

362 3635 262 48 Westport,
656 3632 149 40 Conn.
870 3625 68 55 [©
969 3630 79 39 for
1079 3628 82 41 the
1190 3628 198 48 preface
1419 3627 97 41 and
1547 3627 348 52 illustrations]

373 3690 254 51 (31-6286)

290 3775 275 60 Getman,
596 3771 235 54 Arthur
861 3767 269 64 Kendall,
1165 3769 173 53 1887-

354 3849 123 54 The
516 3847 213 54 church
768 3844 185 55 school
995 3842 61 54 in
1096 3841 189 55 action
1331 3841 111 70 [by]
1487 3840 225 55 Arthur
1751 3842 247 55 Kendall
2042 3844 260 56 Getman.

286 3918 1841 78 New York, Cincinnati [etc.] The Abingdon press [ ᶜ1 931]
