2428 4370
1028 4043 135 51 2041

100 404 349 63 Aeschylus.

230 479 1862 70 … Prometheus bound; translated into English rhyming
98 555 1932 73 verse, with introduction and notes, by Gilbert Murray …
97 638 256 66 London,
380 637 69 55 G.
475 637 172 52 Allen
676 638 50 51 &
753 635 213 55 Unwin
992 636 103 52 ltd.
1130 639 171 64 [1931]

167 717 585 50 2 p. l., 7-80 p. 18½ ᶜᵐ .
103 771 1990 52 © 1c. Nov. 25, 1931; A ad int. 15726; pubd. Nov. 17; Oxford univ. press.
172 833 116 39 New
317 833 142 45 York,
489 832 106 46 inc.,
624 833 118 38 New
768 832 143 39 York.
982 830 280 48 (31-35518)

97 911 316 54 American
443 911 228 64 society
698 912 96 52 for
821 911 228 64 testing
1078 910 325 55 materials.

231 989 1864 69 … Selected A. S. T. M. standards for students in chemistry,
98 1067 1998 70 chemical engineering and metallurgy, 1931 … Philadelphia,
97 1144 1590 70 Pa., American society for testing materials, ᶜ1 931]
171 1198 1052 77 184, [4] p. illus., tables, diagrs. 23 ᶜᵐ .
103 1278 51 52 ©
182 1284 110 40 Dec.
321 1283 68 47 15,
417 1282 140 47 1931;
585 1283 66 40 2c.
681 1283 110 40 Dec.
818 1283 50 39 21;
932 1283 81 40 aff.
1043 1284 110 39 Dec.
1181 1282 82 46 24;
1295 1283 40 38 A
1362 1281 172 43 45655;
1565 1282 158 39 Amer.
1754 1294 91 28 soc.
1875 1283 79 39 for
172 1286 1904 99 testing

279 1340 264 40 materials.

98 1420 315 53 American
443 1418 227 65 society
697 1419 65 53 of
789 1418 362 54 mechanical
1182 1418 329 64 engineers.

169 1499 173 53 Rules
379 1499 94 52 for
509 1498 383 53 construction
929 1499 63 51 of
1030 1504 176 47 steam
1242 1498 205 52 boilers
1488 1499 111 51 and
1639 1498 162 51 other
1837 1516 259 49 pressure

98 1577 204 52 vessels
333 1577 113 52 and
478 1576 93 52 for
600 1575 150 53 their
779 1594 125 35 care
932 1577 61 51 in
1024 1576 213 52 service
1264 1575 211 51 known
1505 1594 60 35 as
1595 1576 96 52 the
1720 1575 71 52 A.
1826 1574 55 55 S.
1913 1575 79 52 M.
2028 1576 65 51 E.

95 1652 179 54 boiler
311 1653 384 53 construction
731 1655 150 57 code,
920 1653 347 53 formulated
1303 1653 76 69 by
1415 1654 95 52 the
1549 1652 195 53 Boiler
1779 1654 134 52 code
96 1671 1976 115 committee.

381 1732 139 53 New
548 1732 180 56 York,
756 1732 119 53 The
903 1730 306 54 American
1238 1731 210 69 society
1476 1731 64 53 of
1565 1731 350 53 mechanical
96 1731 1976 148 engineers,
303 1812 150 49 1931.

172 1889 1924 49 a-k p., 1 l., 571 p. illus., plates, tables, diagrs. (1 fold.) 2 fold. forms.
98 1946 145 41 20½ ᶜᵐ .
174 2003 221 41 Lettered
432 2015 60 27 on
526 2013 140 30 cover
685 2014 8 28 :
734 2004 50 39 A.
823 2003 42 40 S.
905 2004 62 38 M.
1005 2004 50 37 E.
1094 2002 150 40 boiler
1278 2002 332 41 construction
1645 2004 128 39 code.
1837 2001 259 43 Combined

101 2059 844 47 edition, sections I to VIII, 1931.
173 2116 177 40 Pocket
375 2118 228 38 mounted
630 2127 58 28 on
714 2115 322 49 lining-paper
1064 2117 123 39 “For
1213 2116 237 40 insertion
1476 2115 53 40 of
1553 2117 217 39 addenda
1802 2115 189 50 pages”.

105 2168 51 52 ©
197 2174 110 39 Dec.
348 2173 68 47 16,
456 2172 141 43 1931;
638 2173 66 41 2c.
746 2173 111 40 Dec.
896 2173 81 46 19;
1022 2173 79 39 aff.
1144 2174 110 39 Dec.
1369 2184 9 34 18;
1419 2173 41 39 A
1498 2173 172 47 45672;
1711 2173 159 41 Amer.
1912 2184 93 29 soc.
2046 2174 52 40 of

171 2229 298 41 mechanical
495 2230 266 48 engineers.

95 2310 116 53 Art
238 2309 289 55 directors
554 2309 149 56 club.

229 2387 1868 71 … Annual of advertising art [10th] from advertisements
97 2466 195 52 shown
326 2472 58 46 at
416 2467 95 53 the
543 2466 316 53 exhibition
891 2466 65 52 of
985 2467 97 51 the
1113 2465 114 52 Art
1258 2466 274 53 directors
1566 2467 144 67 club,
1744 2466 113 53 Art
1892 2472 205 64 center,

98 2543 1998 70 New York, April 18 to May 18 … 1931. New York, Published
101 2621 93 53 for
229 2622 95 51 the
358 2621 115 53 Art
507 2621 275 54 directors
817 2622 126 52 club
980 2621 65 52 of
1078 2621 140 52 New
1254 2621 164 52 York
1449 2622 75 69 by
1558 2622 97 53 the
1690 2622 164 52 Book
1888 2621 210 55 service

98 2701 505 67 company [ ᶜ1 931]
171 2778 1780 51 3 p. l., 114, [32] p. illus. (part col.) col. mounted plate. 29½ ᶜᵐ .
105 2831 51 53 ©
188 2835 102 42 Oct.
318 2835 70 48 23,
418 2835 113 42 1931;
589 2835 67 42 2c.
688 2837 109 40 Dec.
828 2836 55 41 10;
943 2836 81 41 aff.
1056 2838 111 40 Dec.
1198 2837 54 40 31;
1312 2837 40 39 A
1380 2835 145 43 45396;
1584 2837 91 41 Art
1707 2837 236 42 directors
1974 2838 121 44 club,

170 2893 91 41 inc.

97 2960 378 63 Beardwood,
505 2958 181 56 Alice.

165 3036 170 53 Alien
374 3036 322 53 merchants
731 3036 60 52 in
828 3036 289 67 England,
1156 3039 134 49 1350
1325 3043 58 46 to
1423 3035 151 56 1377,
1610 3036 151 53 their
1796 3037 149 69 legal
1982 3038 111 52 and

97 3112 1998 71 economic position [by] Alice Beardwood … Cambridge,
96 3191 189 67 Mass.,
313 3192 120 52 The
459 3190 322 53 Mediaeval
807 3191 270 67 academy
1104 3190 65 53 of
1193 3191 283 68 America,
1506 3195 150 48 1931.

168 3272 1925 50 xii, 212 p. 1 illus. 26 ᶜᵐ . (Half-title: Monographs of the Mediaeval
98 3330 231 47 academy
356 3329 51 41 of
432 3328 238 48 America,
697 3339 75 30 no.
798 3328 52 48 3)

170 3387 271 46 “Academy
475 3384 325 49 publications.
872 3395 77 31 no.
985 3383 69 42 8.”

170 3443 129 40 “The
331 3441 300 49 publication
663 3441 52 39 of
746 3440 99 41 this
876 3441 124 39 book
1032 3451 101 30 was
1166 3441 141 39 made
1339 3440 209 48 possible
1580 3442 61 46 by
1674 3452 23 29 a
1734 3442 122 40 fund
1890 3445 204 46 granted

101 3500 80 40 the
211 3499 241 46 Academy
480 3498 61 47 by
570 3498 82 39 the
682 3496 235 48 Carnegie
946 3496 307 48 corporation
1283 3497 52 39 of
1363 3497 116 39 New
1508 3497 280 48 York.”—p.
1838 3499 61 49 [iv]

171 3554 134 41 “List
333 3554 52 40 of
412 3552 362 42 abbreviations
801 3552 51 41 of
878 3552 327 47 manuscripts
1233 3553 93 38 and
1356 3552 191 47 printed
1577 3564 193 29 sources”
1819 3565 7 27 :
1857 3565 42 36 p.
1927 3555 168 40 xi-xii.

107 3609 51 52 ©
192 3614 109 38 Dec.
333 3613 40 46 7,
405 3610 139 46 1931;
577 3609 67 40 2c.
676 3609 111 38 Dec.
820 3609 54 38 11;
937 3608 80 41 aff.
1051 3609 110 39 Dec.
1196 3608 52 41 8;
1283 3609 40 38 A
1353 3608 171 47 46282;
1562 3610 273 40 Mediaeval
1867 3612 196 40 academy

175 3669 51 40 of
251 3667 235 40 America.
558 3664 279 50 (31-35398)

99 3733 314 64 Bellinger,
447 3731 209 53 Alfred
688 3730 327 63 Raymond.

173 3811 138 51 Two
362 3810 222 50 Roman
637 3807 210 53 hoards
900 3805 152 54 from
1105 3807 472 67 Dura-Europos,
1629 3808 75 70 by
1757 3810 206 54 Alfred
2021 3814 67 51 R.

102 3886 307 69 Bellinger.
502 3885 139 52 New
693 3884 179 60 York,
923 3886 120 51 The
1096 3882 306 54 American
1453 3885 363 56 numismatic
1867 3889 227 69 society,

105 3968 147 50 1931.
