2505 4370
1067 3968 131 49 1261

198 459 29 40 2
255 470 44 38 p.
364 490 9 17 l.,
407 459 148 49 [7]-18
582 470 58 38 p.,
671 459 25 40 1
761 490 9 17 l.,
804 457 218 51 [19]-288,
1070 457 41 49 [2]
1146 468 42 37 p.
1246 457 171 48 plates,
1450 458 163 46 ports.,
1645 465 138 38 maps
1811 454 135 49 (part
1975 454 144 48 fold.;

127 515 118 43 23 ᶜᵐ .
202 588 292 40 “Presented
528 586 260 48 originally
826 596 54 30 as
916 596 26 29 a
981 585 318 40 dissertation
1335 584 50 39 in
1420 584 183 49 partial
1639 584 282 40 fulfillment
1959 583 52 42 of
2047 586 82 37 the

130 643 352 50 requirements
517 644 81 39 for
632 644 82 40 the
750 643 171 46 degree
957 642 52 40 of
1046 643 166 39 doctor
1248 641 53 41 of
1336 641 286 48 philosophy
1660 643 51 38 at
1750 643 81 38 the
1871 641 170 41 School
2077 641 53 40 of

128 695 2001 54 foreign service of Georgetown university in 1928 … It has been revised,
129 757 267 49 completed
426 757 96 39 and
552 755 208 48 brought
788 766 65 37 up
882 757 47 38 to
960 754 351 42 date.”—Pref.

200 813 348 48 Bibliography:
608 823 44 37 p.
699 810 234 50 [266]-275.

139 884 52 52 ©
220 888 115 47 July
363 888 40 45 1,
432 885 141 48 1931;
602 885 67 40 2c.
698 886 95 38 and
823 884 81 40 aff.
935 884 120 47 Aug.
1084 883 52 42 5;
1168 883 40 39 A
1236 882 146 41 40650;
1439 883 55 40 A.
1525 883 208 48 Popovici
1797 883 336 46 Washington.

217 943 279 50 (31-21555)

133 1054 160 63 Popp
323 1052 344 63 Serboianu,
698 1051 62 55 C.
790 1050 53 56 J.

129 1137 1978 151 … Les Tsiganes; histoire, ethnographie, linguistique, grammaire,
358 1216 390 56 dictionnaire.
823 1216 184 68 Paris,
1042 1217 202 68 Payot,
1282 1219 149 49 1930.

201 1297 1922 51 2 p. l., [7]-397 p., 1 l. fold. tables. 23 ᶜᵐ . (Bibliothèque scientifique)
202 1367 421 50 “Bibliographie”:
689 1379 43 37 p.
772 1366 247 51 [387]-397.

141 1438 1691 53 © Oct. 29, 1930; 1c. Jan. 23, 1931; A— Foreign 10618; Payot.
221 1500 281 48 (31-21850)

134 1610 270 63 Provost,
433 1608 304 64 Marjorie.

207 1699 366 70 Vagabond’s
595 1700 176 68 ward,
790 1698 76 70 by
888 1697 280 71 Marjorie
1189 1699 275 68 Provost;
1492 1699 325 53 illustrated
1840 1698 74 70 by
1939 1699 165 52 Harvé

141 1776 176 57 Stein.
381 1778 140 53 New
549 1777 163 53 York
742 1778 112 53 and
884 1777 260 68 London,
1172 1777 233 68 Harper
1437 1777 113 53 and
1579 1777 279 67 brothers,
1890 1781 149 49 1931.

240 1858 1622 50 X p., 1 l., 236 p. col. front., illus., plates (1 double) 19½ᶜᵐ.
208 1930 161 42 “First
399 1930 228 42 edition.”

141 1997 52 52 ©
221 2001 120 47 Aug.
369 2003 68 45 17,
467 2000 140 44 1931;
638 2001 64 40 2c.
732 2002 119 42 Aug.
881 2002 81 41 18;
994 2001 81 42 aff.
1105 2001 119 42 Aug.
1255 2001 81 47 19;
1367 2002 42 38 A
1435 2000 146 42 41095;
1639 2002 194 48 Harper
1862 2006 37 40 &
1927 2002 123 40 bros.

219 2057 280 50 (31-21538)

139 2168 2000 69 Quarterly cumulative index medicus … v. 9. January-June,
210 2251 149 49 1931.
438 2248 269 68 Chicago,
734 2247 305 54 American
1064 2247 243 53 medical
1334 2248 338 53 association
1725 2250 151 64 [1931]

207 2327 112 42 1324
349 2339 42 37 p.
452 2327 145 41 26½ᶜᵐ.

142 2395 52 52 ©
232 2400 121 48 Aug.
392 2398 70 50 28,
502 2398 112 41 1931;
684 2399 66 40 2c.
793 2400 95 39 and
929 2398 80 40 aff.
1050 2400 119 46 Aug.
1210 2399 51 40 31;
1337 2399 41 39 A
1416 2399 146 40 41332;
1632 2399 258 41 American
1932 2399 206 41 medical

210 2467 127 30 assn.

136 2550 243 66 Reeves,
408 2552 181 54 Jacob
617 2551 243 66 Walter,
893 2557 172 50 1884-

204 2641 1932 71 Parliamentary procedure, by J. Walter Reeves … Boston,
134 2719 1580 70 New York [etc. ] D. C. Heath and company [ ᶜ193 1 ]
242 2800 373 51 x, 102 p. 17 ᶜᵐ .
144 2869 52 52 ©
232 2873 119 48 Aug.
389 2873 70 47 10,
495 2872 140 48 1931;
674 2873 67 41 2c.
778 2874 118 47 Aug.
935 2874 81 47 15;
1057 2873 82 42 aff.
1176 2875 120 47 Aug.
1334 2875 82 46 14;
1455 2874 42 40 A
1533 2874 172 48 41026;
1746 2875 44 41 J.
1828 2876 70 40 W.
1939 2876 196 47 Reeves,

212 2930 327 48 Hightstown,
565 2931 55 40 N.
647 2931 43 40 J.
761 2930 278 48 (31-21412)

139 3025 187 64 Riley,
352 3025 255 54 William
634 3026 141 55 Bell.

211 3105 120 52 The
363 3105 165 52 Bible
560 3105 63 52 of
653 3106 96 52 the
779 3105 287 68 expositor
1097 3107 112 52 and
1242 3105 95 53 the
1369 3105 329 69 evangelist.

1773 3104 139 54 New
1943 3106 166 52 Testa
140 3187 169 47 ment.
385 3200 52 34 v.
494 3186 79 49 16.
613 3182 208 54 James,
898 3184 91 67 By
1038 3183 91 53 W.

1183 3182 955 71 B. Riley … Cleveland, O.,
140 3258 829 70 Union gospel press [ ᶜ193 1]
210 3338 335 49 242 p. 20 ᶜᵐ .
143 3406 53 52 ©
222 3410 115 47 July
361 3409 71 48 23,
458 3408 140 48 1931;
627 3410 65 40 2c.
721 3411 115 47 July
862 3411 82 47 30;
973 3411 81 41 aff.
1083 3412 119 47 Aug.
1228 3410 83 49 28;
1340 3412 44 39 A
1407 3411 172 48 41296;
1609 3412 160 41 Union
1796 3413 163 47 gospel
1985 3421 151 38 press.

137 3518 311 67 Rinehart,
476 3520 115 55 Ira.

204 3609 220 68 Report
451 3628 71 33 on
551 3609 95 54 the
673 3610 78 52 oil
776 3609 161 55 fields
965 3610 63 54 of
1054 3612 312 54 northwest
1396 3611 308 69 Germany,
1729 3611 75 69 by
1833 3611 99 53 Ira

134 3611 1975 142 Rinehart;
344 3686 141 53 with
534 3686 378 55 information
958 3707 73 34 on
1079 3689 297 68 operation
1422 3689 294 68 practices,
1761 3689 260 54 methods
2069 3688 65 54 of

134 3764 236 70 leasing,
411 3769 176 62 taxes,
631 3769 244 50 customs
919 3766 203 68 duties,
1164 3766 77 52 oil
1285 3767 267 58 markets,
1596 3772 98 47 etc.
1781 3767 351 70 [Baltimore,

134 3840 1049 70 The Lord Baltimore press, ᶜ193 0]
