2575 4398
1152 4027 69 57 57

245 450 129 41 Title
409 450 241 48 vignette;
688 449 291 48 descriptive
1013 450 284 46 letterpress
1333 459 60 29 on
1428 458 166 29 versos
1628 446 166 49 facing
1827 448 172 47 plates.

247 507 182 40 “Seven
466 507 221 39 hundred
722 505 97 40 and
854 505 112 48 fifty
1003 504 159 48 copies
1199 504 51 40 of
1287 503 299 49 Marguerite
1622 502 235 41 Kirmse’s
1894 504 117 47 dogs
2048 504 124 40 have

177 565 116 38 been
321 562 236 49 printed.”

179 617 51 52 ©
258 621 111 39 Dec.
396 618 68 50 19,
491 619 117 40 1930:
660 619 66 40 2c.
755 619 110 40 Jan.
891 619 38 47 7,
958 616 140 48 1931;
1128 616 82 41 aff.
1238 617 110 41 Jan.
1375 616 52 49 8;
1456 616 43 40 A
1523 615 172 49 32665;
1725 616 271 48 Derrydale
2021 627 150 38 press.

260 676 248 50 (31-2586)

181 771 360 63 Lamartine,
573 770 300 63 Alphonse
904 769 186 53 Marie
1121 768 179 53 Louis
1331 768 88 64 de,
1452 769 325 55 1790-1869.

305 844 1865 71 … Toussaint Louverture, poëme dramatique en cinq actes et
176 944 65 34 en
271 944 141 49 vers,
442 943 105 50 par
576 925 71 52 A.
678 925 68 52 de
774 924 359 67 Lamartine;
1168 923 188 53 edited
1386 923 140 52 with
1558 923 409 68 introduction,
1997 928 176 62 notes,

176 999 1972 148 and vocabulary by George Raffalovich … New York & London,
334 1078 740 69 The Century co. [ ᶜ1 931]
244 1161 131 46 xxiv,
418 1160 86 39 174
542 1169 42 38 p.
645 1160 148 39 front.
823 1159 170 48 (port.)
1046 1159 128 40 illus.
1204 1159 184 48 (maps)
1440 1159 171 48 plates.
1673 1157 145 41 19½ᶜᵐ.
1890 1158 125 49 (The
177 1158 1979 105 Century

318 1217 198 39 modern
548 1216 239 46 language
819 1215 164 47 series,
1018 1215 58 41 K.
1109 1215 276 48 McKenzie,
1419 1215 181 48 editor)
1727 1213 129 50 $1.20

243 1271 348 48 Bibliography
622 1272 223 39 included
877 1272 49 38 in
960 1270 352 43 Introduction.

183 1325 52 53 ©
264 1330 108 40 Jan.
401 1329 39 49 5,
469 1329 139 47 1931;
639 1329 64 40 2c.
735 1330 95 38 and
858 1328 81 41 aff.
969 1329 109 40 Jan.
1108 1328 50 47 8;
1191 1329 42 38 A
1259 1328 170 48 32658;
1463 1329 216 48 Century
1705 1339 68 31 co.
1854 1325 51 53 [©
251 1329 1910 107 introduction,

392 1388 150 47 notes,
570 1387 294 46 vocabulary
891 1386 36 40 &
953 1387 320 46 explanatory
1301 1387 194 50 matter]
1568 1385 250 51 (31-2287)

180 1482 241 65 Lamon,
449 1483 202 63 Harry
677 1482 189 64 Miles,
897 1486 170 51 1872-

250 1559 1929 70 Practical poultry production, by Harry M. Lamon … and
182 1636 1997 71 Jos. Wm. Kinghorne … Rev. St. Paul, Minn., Webb book
184 1716 333 69 publishing
546 1733 297 52 company,
876 1717 150 52 1930.

249 1796 1049 51 438 p. incl. front., illus., diagrs. 20 ᶜᵐ .
254 1854 346 41 “References”
627 1857 52 38 at
703 1855 92 40 end
821 1854 53 40 of
897 1857 126 38 most
1050 1854 52 41 of
1127 1853 83 42 the
1233 1853 242 50 chapters.

184 1908 52 52 ©
263 1912 102 42 Oct.
391 1912 39 49 9,
456 1911 140 47 1930;
624 1912 67 40 2c.
718 1912 110 40 Jan.
855 1911 68 49 12,
950 1910 140 49 1931;
1119 1910 82 42 aff.
1229 1912 109 40 Jan.
1366 1911 82 48 10;
1476 1912 43 39 A
1543 1911 171 48 32748;
1744 1912 148 41 Webb
1920 1913 122 40 book
2069 1913 109 48 pub.

251 1980 67 31 co.
389 1968 250 51 (31-2426)

184 2065 332 63 Lawrence,
545 2065 222 63 Joseph
796 2065 209 63 Stagg.

249 2141 272 70 Banking
574 2141 425 53 concentration
1053 2141 60 53 in
1167 2144 97 51 the
1320 2141 216 56 United
1593 2141 217 71 States;
1869 2160 31 35 a
1955 2142 217 53 critical

181 2217 1996 73 analysis, by Joseph Stagg Lawrence … New York, The
182 2296 1152 70 Bankers publishing company [ ᶜ1 930]
252 2389 76 37 XV,
361 2379 87 41 318
478 2389 44 37 p.
585 2379 156 40 tables
768 2377 136 50 (part
934 2378 144 48 fold.)
1120 2379 180 48 diagrs.
1359 2379 116 40 22ᶜᵐ.

187 2430 51 52 ©
266 2435 110 42 Jan.
403 2435 39 48 5,
470 2434 140 49 1931;
639 2435 68 41 2c.
735 2436 109 41 Jan.
873 2435 81 48 10;
985 2435 82 43 aff.
1095 2436 110 41 Jan.
1234 2436 52 48 9;
1317 2436 41 39 A
1384 2435 144 42 33073;
1587 2437 225 39 Bankers
1837 2437 110 47 pub.
1976 2447 67 29 co.

264 2491 250 51 (31-2009)

186 2587 344 66 Lockridge,
559 2590 154 52 Ross
738 2588 301 65 Franklin,
1071 2590 171 54 1877-

249 2663 1931 70 La Salle, by Ross F. Lockridge … Yonkers-on-Hudson,
182 2741 65 54 N.
281 2741 87 70 Y,
397 2740 201 56 World
629 2741 144 53 book
801 2760 294 53 company,
1126 2746 149 50 1931.

251 2824 95 48 xvi,
378 2824 84 41 312
492 2835 43 38 p.
567 2824 106 43 incl.
705 2825 162 48 front.,
897 2825 127 41 illus.
1192 2858 10 10 20ᶜᵐ.

191 2877 51 52 ©
270 2882 109 41 Jan.
405 2882 69 48 15,
503 2881 140 48 1931;
672 2882 68 41 2c.
768 2883 96 39 and
891 2882 83 42 aff.
1003 2883 108 40 Jan.
1139 2883 83 48 21;
1253 2883 41 39 A
1320 2882 170 49 33260;
1521 2884 169 41 World
1717 2884 126 40 book
1869 2894 68 30 co.

267 2938 249 49 (31-2113)

187 3034 335 54 Louisiana.
596 3037 278 68 Supreme
904 3043 175 48 court.

255 3114 308 54 Louisiana
590 3119 236 65 reports,
902 3134 51 35 v.
984 3115 113 54 170.
1176 3115 169 55 Cases
1371 3116 213 69 argued
1612 3117 112 53 and
1751 3116 351 54 determined
2128 3116 59 53 in

188 3194 93 53 the
309 3193 273 68 Supreme
607 3199 159 48 court
793 3194 63 54 of
880 3193 307 54 Louisiana
1215 3194 204 70 sitting
1443 3200 58 47 at
1526 3194 139 54 New
1692 3193 242 56 Orleans
1959 3200 57 48 at
2041 3198 146 49 term

187 3270 2000 149 beginning first Monday of October, 1929, and at term beginning first Monday of October, 1930 … Edited under the
189 3427 276 53 direction
497 3427 64 53 of
589 3429 97 52 the
716 3432 174 48 court.
969 3428 82 54 St.
1085 3429 165 68 Paul,
1279 3429 159 53 West
1470 3428 335 69 publishing
1836 3446 96 51 co.,
1967 3430 148 51 1930.

259 3508 116 39 xxvi
403 3519 56 36 p.,
490 3507 118 40 1220
631 3508 161 40 numb.
821 3509 86 39 col.
967 3507 145 42 22½ᶜᵐ.

193 3560 51 52 ©
271 3565 119 41 Nov.
418 3563 68 51 12,
515 3563 140 49 1930;
686 3565 68 41 2c.
783 3566 95 38 and
907 3563 81 43 aff.
1018 3565 109 40 Jan.
1157 3564 68 50 10,
1255 3564 141 48 1931;
1427 3565 43 39 A
1496 3564 171 49 33080;
1699 3565 137 41 West
1863 3566 110 48 pub.
2003 3574 66 31 co.

195 3673 275 65 McNeile,
500 3675 261 52 Herman
791 3674 178 67 Cyril,
1001 3679 170 51 1888-

319 3751 1805 72 … The finger of fate; fourteen thrilling short stories …
191 3829 230 54 Garden
452 3830 151 68 City,
633 3830 70 53 N.
733 3831 91 66 Y.,
854 3830 143 53 Pub.
1029 3830 95 53 for
1151 3831 96 54 the
1280 3830 190 56 Crime
1500 3830 146 69 club,
1677 3831 126 68 inc.,
1832 3831 75 69 by
190 3830 1971 146 Doubleday,

342 3908 946 69 Doran & company, inc. [ ᶜ1 931 ]
