2505 4370
1059 3976 133 48 1169

142 332 316 66 Ammann,
492 333 160 64 Otto,
688 333 171 55 1879-

215 405 1861 79 Bergbahnen, von O. Ammann … und C. v. Gruenewaldt …
140 490 107 52 mit
272 489 640 68 205 textabbildungen
941 489 117 52 und
1088 487 153 53 einer
1270 486 160 54 tafel.
1507 488 217 68 Berlin,
1753 487 54 54 J.
1842 486 297 70 Springer,

143 571 151 51 1930.

137 641 1983 106 vii, [1], 178 p. illus., fold. tab., diagrs. 25 ᶜᵐ . (Added t.-p.; Handbibliothek
441 699 1697 53 für bauingenieure … II. t. Eisenbahnwesen und städtebau.
134 760 40 41 9.
200 760 102 48 bd.)

206 815 179 42 Folded
414 816 130 41 table
574 814 51 39 in
652 815 183 47 pocket.

207 867 604 46 “Literaturverzeichnis”;
872 880 43 38 p.
950 868 246 51 [166]-176.

144 936 1797 59 © Oct. 16, 1930; 1c. Dec. 9; A —Foreign 10383; Julius Springer.
223 999 279 50 (31-20008)

141 1095 329 63 Anderson,
498 1095 87 53 W.
616 1095 91 62 H.,
737 1109 305 48 company,
1072 1093 345 55 Cincinnati.

209 1173 120 54 The
354 1192 123 34 new
500 1171 332 71 Intangible
859 1177 98 48 tax
984 1174 110 50 law
1131 1170 237 70 (Senate
1393 1172 124 68 bill,
1541 1190 90 34 no.
1660 1171 128 71 323)
1827 1173 312 69 providing

140 1250 93 53 for
263 1250 95 54 the
388 1252 130 67 levy
548 1250 69 52 of
642 1256 157 48 taxes
831 1269 72 33 on
935 1249 321 70 intangible
1283 1256 275 62 property
1588 1255 59 48 at
1677 1248 281 56 classified
1988 1255 149 48 rates

141 1330 112 51 and
287 1327 93 54 for
410 1329 96 52 the
536 1333 330 49 assessment
899 1327 65 54 of
993 1328 254 67 tangible
1280 1329 264 67 personal
1576 1331 292 67 property,
1901 1331 113 51 and
2043 1329 97 52 the

139 1425 121 33 new
298 1405 192 53 Motor
526 1405 213 53 vehicle
776 1404 205 54 license
1016 1406 109 51 law
1172 1403 238 70 (Senate
1443 1406 106 52 bill
1583 1425 87 33 no.
1711 1405 128 70 328)
1888 1406 139 53 with
2066 1426 73 34 an

140 1480 2000 75 introduction and comments by Robert A. Taft … including
138 1579 72 34 an
244 1559 215 55 outline
492 1559 63 53 of
588 1558 365 70 intervening
985 1559 244 54 General
1265 1562 134 52 code
1433 1561 239 54 sections
1707 1563 112 52 and
1856 1583 30 33 a
1921 1563 217 54 concise

138 1636 218 70 subject
406 1638 185 53 index.
670 1635 347 62 Cincinnati,
1066 1637 122 53 The
1236 1637 91 55 W.
1379 1638 76 52 H.
1506 1639 303 54 Anderson
1859 1659 280 50 company

216 1719 118 65 [ᶜ1 931]
210 1795 542 51 1 p. 1., [5]-66 p. 26 ᶜᵐ.
142 1864 51 51 ©
220 1868 116 47 July
360 1867 71 48 24,
456 1865 112 41 1931;
625 1867 65 39 2c.
719 1865 115 49 July
860 1866 81 47 25;
972 1865 80 41 aff.
1081 1867 116 47 July
1222 1866 82 48 27;
1334 1868 36 38 A
1400 1867 171 49 39686;
1602 1871 70 39 W.
1701 1870 60 41 H.
1790 1871 252 40 Anderson
2069 1883 68 30 co.

219 1922 280 51 (31-20295)

136 2017 280 67 Asquith,
448 2019 192 63 Mary.

202 2095 106 54 We
344 2100 157 48 actor
538 2094 168 68 folks,
744 2094 96 54 the
873 2100 158 64 story
1067 2095 65 53 of
1166 2114 72 34 an
1273 2097 140 69 ugly
1449 2102 226 63 actress,
1709 2097 75 70 by
1819 2100 173 68 Mary
133 2096 1978 149 Asquith.

389 2170 311 70 Orrtanna,
731 2173 121 68 Pa.,
881 2173 196 54 White
1107 2191 193 52 squaw
1333 2193 155 50 press
1526 2179 194 64 [ᶜ1931]

207 2252 883 53 7 p. l., 312 p. front. (port.) 19 ᶜᵐ.
142 2323 51 51 ©
224 2326 116 49 July
367 2326 70 48 27,
468 2325 140 47 1931;
639 2325 67 41 2c.
736 2326 95 40 and
862 2325 81 41 aff.
974 2326 117 48 Aug.
1123 2326 52 48 6;
1207 2327 41 39 A
1277 2327 171 49 40672;
1482 2329 163 41 White
1675 2340 169 39 squaw
1874 2343 148 37 press.

223 2381 279 51 (31-20403)

138 2476 212 64 Bacon,
379 2479 137 51 Mrs·
547 2476 319 65 Josephine
896 2477 203 65 Dodge
1138 2478 326 67 (Daskam)
1501 2482 171 55 1876-

199 2552 160 54 Luck
387 2552 64 53 of
478 2553 226 69 Lowry,
732 2554 76 69 by
836 2554 311 68 Josephine
1175 2555 256 54 Daskam
1460 2558 212 67 Bacon,
1701 2558 325 56 illustrated
2056 2562 80 69 by

130 2629 152 54 Joan
314 2630 191 68 Esley.
573 2630 260 70 London,
865 2632 140 52 New
1038 2633 166 51 York
1260 2639 121 62 [etc.]
1417 2635 347 70 Longmans,
1796 2637 188 55 Green
2018 2641 114 52 and

131 2725 97 49 co.,
260 2710 148 51 1931.

201 2786 1242 53 ix p., 1 l., 303 p. incl. front., illus., plates. 20 ᶜᵐ.
204 2843 228 42 “Printed
460 2846 49 39 in
533 2846 82 40 the
640 2845 180 43 United
848 2845 164 43 States
1038 2847 52 41 of
1115 2847 267 43 America.”

202 2901 287 42 Illustrated
523 2902 361 49 lining-papers.

202 2957 163 43 “First
393 2958 229 40 edition.”

141 3024 52 51 ©
224 3029 118 47 Aug.
376 3029 39 47 5,
449 3028 111 41 1931;
623 3029 66 38 2c.
723 3030 96 40 and
851 3030 81 41 aff.
964 3032 120 45 Aug.
1117 3034 24 38 7;
1204 3033 41 38 A
1277 3032 144 41 39922;
1483 3038 288 49 Longmans,
1808 3040 156 40 Green
1997 3042 36 39 &
2066 3053 67 29 co.

218 3084 280 50 (31-20307)

136 3179 244 65 Bâillon,
412 3180 220 53 André.

265 3255 1649 80 … Délires. Paris, Librairie Valois; [etc., etc., 1931]
204 3335 1832 61 3 p. l., [9]-156 p., 2 l. 18½ᶜᵐ. (On cover; Collection “Les Belges”)
482 3396 159 39 CONTENTS.—Des
673 3397 125 39 mots
841 3396 190 47 (drame
1064 3398 428 48 cérébral).—Eve
1524 3407 47 36 et
1605 3403 117 41 Kiki
1766 3406 191 47 (drame
134 3404 1976 98 familial)

142 3504 1992 64 © Feb. 14, 1931; 1c. Apr. 17; A— Foreign 11685; Société française
209 3562 231 42 d’édition
464 3566 49 38 et
538 3566 60 39 de
621 3565 234 49 librairie,
880 3568 156 40 Paris.
1106 3568 281 51 (33-20174)

135 3658 255 64 Ballard,
420 3658 186 53 Adela
632 3659 53 55 J.

201 3732 1924 79 Roving with the migrants, by Adela J. Ballard … New
132 3810 177 67 York,
354 3811 237 54 Council
632 3813 63 51 of
734 3831 214 35 women
990 3816 92 51 for
1122 3818 162 53 home
1324 3820 260 53 missions
1628 3823 110 53 and
1782 3825 343 75 Missionary

130 3887 298 55 education
465 3896 312 47 movement
892 3895 117 65 [ᶜ1931]
