2505 4370
1290 4048 101 50 506

325 397 291 66 Paulhan,
649 397 168 56 Jean.

457 473 1582 70 … Le guerrier appliqué. [Paris] Gallimard [1930]
395 557 755 51 3 p. l., [9]-154 p., 2 l. 17 ᶜᵐ .
398 630 135 40 First
561 628 185 41 edition
775 629 258 48 published
1063 628 128 42 1917.

398 686 264 41 “L’auteur
694 685 226 50 présente
954 687 85 39 des
1070 685 320 49 impressions
1422 689 48 38 et
1502 686 340 41 observations
1875 687 333 48 personnelles
325 699 2005 87 concernant

558 745 48 38 la
636 754 175 38 guerre
840 744 59 39 de
928 742 259 41 tranchées
1216 752 116 31 sous
1358 744 49 39 la
1436 743 158 40 forme
1621 744 86 40 des
1737 743 256 41 souvenirs
2019 742 119 43 d’un
2165 743 183 51 engagé

325 799 2023 49 volontaire de dix-huit ans … personnage fictif.”— Vic, J. La littérature
324 860 59 40 de
405 868 190 39 guerre.

330 926 1935 54 © Mar. 28, 1930; 1c. Aug. S; A— Foreign 8665; Librairie Gallimard.
410 986 254 51 (31-8191)

324 1080 208 66 Perry,
564 1081 247 55 Charles
842 1080 230 62 Milton,
1105 1082 173 54 1876-
1492 1082 85 53 ed.

395 1162 124 51 The
557 1159 83 57 St.
678 1159 175 53 Louis
890 1164 322 48 movement
1250 1159 62 53 in
1348 1159 368 69 philosophy,
1753 1177 155 35 some
1939 1177 197 37 source
325 1167 1996 141 material,

492 1237 1854 70 arranged and edited by Charles M. Perry … Norman,
325 1315 340 69 University
696 1317 66 52 of
791 1314 326 57 Oklahoma
1148 1333 176 52 press,
1358 1318 151 51 1930.

397 1397 28 40 2
453 1409 44 38 p.
560 1430 9 17 l.,
603 1397 177 50 [7]-148
810 1408 44 37 p.
913 1396 219 42 facsims.
1195 1394 149 44 19½ᶜᵐ.
1414 1396 100 48 (On
1543 1407 165 31 cover:
1737 1399 40 40 A
1808 1396 286 50 University
2123 1398 52 40 of
325 1398 2004 98 Oklahoma

500 1454 173 49 study)

396 1524 104 41 The
530 1524 342 49 bibliography
903 1524 221 41 includes
1157 1524 68 40 “A
1257 1523 86 42 list
1374 1524 53 41 of
1457 1526 83 39 the
1571 1524 225 49 writings
1827 1525 53 40 of
1911 1524 218 42 William
2164 1526 181 49 Torrey

326 1581 196 50 Harris,
550 1581 411 49 chronologically
994 1582 259 48 arranged,
1283 1581 122 41 with
1436 1581 191 49 subject
1658 1582 191 49 index”,
1880 1583 62 48 by
1972 1583 62 41 H.
2065 1583 58 42 R.
2153 1583 193 41 Evans:

326 1650 43 38 p.
396 1638 178 42 96-148
610 1638 296 50 (Reprinted
931 1639 131 40 from
1090 1639 83 40 the
1201 1639 185 48 Report
1413 1638 54 42 of
1493 1639 83 40 the
1604 1638 377 42 Commissioner
2009 1639 52 40 of
2086 1641 261 40 education

324 1697 80 41 for
431 1695 129 51 1907,
589 1709 42 29 V.
660 1697 40 49 1,
729 1708 42 39 p.
799 1695 172 50 37-72)

668 1787 9 8 CONTENTS.
693 1777 61 6 —
770 1754 102 41 The
912 1756 274 38 movement
1225 1755 97 39 and
1361 1754 66 40 its
1465 1755 317 40 members.—
1782 1755 60 40 H.
1885 1754 50 42 C.
326 1755 2023 98 Brokmeyer.—W.

425 1811 52 42 T.
504 1810 453 42 Harris.—Denton
982 1812 46 41 J.
1058 1811 621 49 Snider.—Bibliography.

330 1878 53 54 ©
412 1883 113 41 Jan.
553 1883 70 48 15,
652 1881 115 43 1931;
826 1881 69 43 2c.
925 1884 124 40 Mar.
1076 1883 27 39 2;
1162 1882 84 42 aff.
1277 1883 112 41 Feb.
1417 1883 57 40 28;
1532 1884 42 38 A
1602 1883 145 41 34843;
1808 1882 288 51 University
2126 1883 52 41 of
397 1883 1934 98 Oklahoma

577 1951 151 38 press.
800 1941 254 48 (31-8773)

326 2034 231 67 Peters,
587 2036 202 64 Harry
814 2037 306 65 Twyford,
1152 2042 174 50 1881-

400 2115 237 56 Currier
670 2118 46 51 &
750 2116 149 70 Ives,
932 2116 389 69 printmakers
1355 2122 58 47 to
1448 2118 98 52 the
1577 2115 309 54 American
1920 2116 219 69 people,
2215 2134 51 34 v.
2302 2119 50 50 2.

327 2195 57 53 A
410 2195 209 55 review
645 2194 64 54 of
733 2196 241 54 selected
1002 2213 215 51 groups
1244 2195 66 52 of
1334 2196 96 52 the
1456 2195 206 69 prints,
1689 2195 315 70 consisting
2031 2196 66 53 of
2123 2194 230 54 further

327 2280 161 48 notes
513 2292 74 35 on
609 2275 151 52 their
785 2275 347 67 production
1155 2275 115 53 arid
1293 2273 204 70 rarity,
1523 2275 113 52 and
1662 2292 72 34 on
1758 2292 124 34 new
1906 2273 446 68 developments,

329 2352 355 70 completing
707 2354 98 51 the
830 2351 288 55 chronicle
1142 2352 65 54 of
1231 2353 98 53 the
1354 2350 148 70 firm,
1529 2353 114 53 and
1667 2357 163 49 notes
1853 2370 74 35 on
1948 2352 97 53 the
2070 2351 142 54 lives
2238 2352 114 53 and

329 2431 167 55 times
527 2431 263 54 revealed
820 2430 61 54 in
908 2432 98 53 the
1036 2430 207 70 prints,
1275 2430 205 70 giving
1509 2450 31 33 a
1572 2430 246 69 glimpse
1848 2430 122 54 into
1999 2431 100 53 the
2127 2435 227 64 greater

328 2511 289 53 chronicle
654 2510 66 53 of
754 2511 97 53 the
889 2509 308 55 American
1236 2509 221 69 people,
1494 2507 141 53 with
1672 2509 438 68 reproductions
2148 2509 66 52 of
2252 2507 100 55 177

330 2589 208 70 prints,
562 2592 69 50 24
655 2588 60 54 in
741 2588 171 68 color,
937 2589 113 53 and
1079 2589 135 53 1600
1238 2587 188 70 newly
1452 2587 328 54 discovered
1804 2587 157 54 titles
1987 2593 58 48 to
2071 2588 68 53 be
2166 2588 185 53 added

328 2675 59 48 to
424 2669 99 53 the
558 2668 291 68 checklist,
886 2668 136 52 here
1055 2667 290 53 corrected
1384 2667 113 52 and
1534 2666 319 68 completed
1891 2671 58 47 to
1989 2666 147 53 date.
2238 2666 108 68 [By]

328 2747 203 70 Harry
568 2748 66 52 T.
673 2748 214 52 Peters.
965 2744 236 56 Garden
1241 2744 153 70 City,
1432 2744 69 53 N.
1542 2744 92 70 Y.,
1671 2744 360 70 Doubleday,
2068 2743 203 53 Doran
2307 2745 45 50 &

329 2845 300 51 company,
656 2825 127 70 inc.,
815 2827 152 52 1931.

400 2904 1268 54 404 p., 1 l. plates (part col.) facsim. 31½ᶜᵐ.
333 2974 52 53 ©
412 2979 117 48 Apr.
555 2979 69 47 17,
651 2977 114 42 1931;
821 2977 68 41 2c.
917 2978 96 39 and
1040 2976 83 42 aff.
1152 2977 115 48 May
1295 2977 55 38 14;
1407 2976 41 39 A
1473 2975 146 41 38185;
1677 2975 301 48 Doubleday,
2007 2974 168 41 Doran
2205 2974 36 40 &
2268 2983 82 40 co.,

400 3037 93 40 inc.

327 3131 127 54 The
483 3131 478 64 pharmacopoeia
990 3129 64 53 of
1081 3129 104 53 the
1214 3127 224 56 United
1467 3129 205 54 States
1700 3127 65 53 of
1793 3125 297 56 America.

399 3214 273 69 Epitome
702 3213 65 54 of
796 3215 96 53 the
922 3212 457 69 Pharmacopeia
1411 3211 65 54 of
1504 3213 98 52 the
1631 3210 220 55 United
1886 3209 189 55 States
2109 3209 110 52 and
2253 3209 96 51 the

329 3293 277 54 National
644 3292 343 68 formulary,
1024 3290 141 54 with
1203 3295 328 63 comments,
1568 3289 283 69 prepared
1891 3288 95 53 for
2018 3288 99 52 the
2151 3305 97 35 use
2285 3286 64 53 of

328 3371 333 69 physicians
702 3371 183 52 under
925 3370 97 53 the
1064 3368 428 54 authorization
1535 3367 65 54 of
1638 3368 97 53 the
1780 3366 240 55 Council
2062 3385 73 34 on
327 3366 1998 153 pharmacy

531 3450 113 52 and
682 3448 313 69 chemistry
1031 3446 65 54 of
1132 3447 97 53 the
1266 3446 308 53 American
1613 3445 244 54 medical
1895 3443 342 56 association
2272 3445 76 69 by

329 3523 1956 71 a committee consisting of the following: R. A. Hatcher …
330 3602 1956 58 Ernest E. Irons … Torald Sollmann … W. A. Puckner …
330 3680 1477 73 Chicago, American medical association [ ᶜ19 31]
401 3766 340 49 238 p. 17 ᶜᵐ .
403 3823 189 41 Fourth
621 3822 200 42 edition.

338 3890 52 53 ©
427 3896 122 40 Mar.
584 3894 70 49 26,
689 3892 143 49 1931;
866 3893 69 41 2c.
970 3893 95 40 and
1100 3891 83 41 aff.
1219 3893 124 39 Mar.
1377 3891 84 47 30;
1498 3892 39 39 A
1571 3890 173 49 35507;
1782 3893 160 40 Amer.
1979 3890 203 41 medical
2221 3898 128 31 assn.

409 3946 69 57 [©
508 3952 210 47 changes
747 3952 95 40 and
874 3950 273 43 additional
1179 3951 195 49 matter]
1448 3947 252 52 (31-9010)
