2505 4370
1253 4045 135 55 1072

394 466 420 49 Bibliographical
842 467 279 41 foot-notes.

329 519 1997 112 © Sept. 18, 1930; 1c. Feb. 13. 1931; A— Foreign 11607; Theodor Steinkopff. (31-17307)
322 679 241 64 Wedge,
597 679 229 64 George
854 679 227 56 Anson.

395 757 1888 72 Applied harmony; a text-book by George, A. Wedge …
324 836 1874 73 Bk. 2. Chromatic. New York, G. Schirmer (inc.) [ ᶜ1 931]
430 918 526 48 v. p., 1 l., 117 p. 27 ᶜᵐ.
327 970 53 53 ©
413 975 118 48 July
560 977 69 46 17,
661 974 142 48 1931;
835 976 69 40 2c.
934 975 119 45 Aug.
1086 976 25 40 3;
1174 975 84 42 aff.
1291 976 121 47 Aug.
1443 976 53 47 7;
1529 976 44 39 A
1602 974 174 49 39899;
1811 975 54 41 G.
1901 975 260 48 Schirmer,
2195 976 91 41 inc.

321 1085 355 65 Weulersse,
711 1085 280 66 Georges,
1026 1087 174 54 1874-

385 1160 1956 72 Les physiocrates, par G. Weulersse … Paris, G. Doin & cⁱᵉ,
316 1243 153 50 1931.

315 1322 2009 106 xvi, 332 p. 17½ᶜᵐ. (Half-title: Encyclopédie scientifique … Bibliothèque d’économie
844 1380 260 51 politique)

419 1436 304 43 “Indications
751 1437 473 50 bibliographiques”
1246 1450 9 28 :
1287 1449 43 37 p.
1368 1438 249 51 [322]-326.

325 1492 2019 53 © Aug. 26, 1930; 1c. Jan. 16, 1931; A— Foreign 10470; Gaston Doin &
394 1554 86 41 cie.
556 1553 282 50 (31-16691)

319 1635 310 65 Williams,
662 1635 230 65 George
923 1638 139 62 Dee,
1096 1641 174 50 1898-

388 1713 461 71 Maya-Spanish
878 1733 211 35 crosses
1119 1715 59 52 in
1208 1717 287 67 Yucatan,
1524 1715 75 68 by
1630 1716 224 66 George
1883 1717 120 51 Dee
2030 1716 307 54 Williams.

319 1794 368 70 Cambridge,
731 1795 193 64 Mass.,
968 1794 144 54 Pub.
1157 1795 76 68 by
1276 1794 97 52 the
1417 1795 231 52 Bureau
1691 1793 65 52 of
1798 1793 413 54 international
317 1813 1996 113 research
561 1873 65 52 of

668 1873 277 53 Harvard
991 1872 322 69 university
1357 1873 113 53 and
1515 1870 287 55 Radcliffe
1845 1872 213 69 college
2103 1871 96 53 for
2241 1873 97 52 the

315 1950 283 69 Museum,
629 1955 149 49 1931.

317 2031 1998 106 xv, 256 p. plates, maps, diagrs., forms. 24½ ᶜᵐ. (Papers of the Peabody museum of American
1096 2090 324 48 archaeology
1450 2090 97 39 and
1578 2090 274 48 ethnology,
1885 2089 233 41 Harvard
317 2089 2005 106 university.
491 2149 92 40 vol.
615 2157 109 39 XIII,
754 2158 77 31 no.
859 2146 51 48 1)

389 2204 353 50 Bibliography
761 2216 9 28 :
804 2216 45 37 p.
884 2203 250 51 [251]-256.

322 2258 53 53 ©
407 2263 129 40 June
566 2264 41 41 3,
639 2262 142 47 1931;
813 2264 68 39 2c.
915 2263 130 40 June.
1070 2262 57 39 22;
1187 2261 84 42 aff.
1304 2262 127 40 June
1460 2262 84 47 26;
1579 2262 42 39 A
1649 2261 174 48 39137;
1858 2262 228 48 Peabody
2118 2272 218 30 museum
390 2321 54 40 of
478 2320 261 40 American

775 2320 323 48 archaeology
1134 2321 96 39 and
1268 2320 274 48 ethnology,
1581 2320 232 40 Harvard
1851 2319 144 49 univ.,
2035 2318 305 50 Cambridge.
395 2379 150 41 Mass.
617 2377 282 50 (31-17039)

314 2458 311 66 Williams,
657 2458 336 57 Valentine.

387 2539 368 55 Adventures
784 2539 142 53 with
957 2537 280 57 Clubfoot
1256 2536 10 54 !
1345 2538 123 54 The
1496 2538 172 53 death
1698 2537 64 54 of
1786 2538 97 53 the
1911 2538 227 52 dancer.

397 2618 82 48 (In
510 2617 204 43 London
741 2617 206 52 Empire
975 2630 151 38 news,
1156 2616 132 45 June
1316 2618 40 49 7,
1389 2615 145 51 1931)

321 2673 2020 53 © 1c. Aug. 6, 1931; A ad int. 15365; pubd. June 7; George Valentine
389 2735 260 48 Williams,
686 2736 214 40 London.

313 2816 317 68 Williston,
663 2817 257 66 Samuel,
956 2822 172 51 1861-

381 2890 1952 74 Negotiable instruments, by Samuel Williston … New York
309 2971 1369 70 city, American institute of banking [ ᶜ1 931 ]
379 3056 89 40 448
500 3066 43 39 p.
605 3056 129 41 illus.
794 3055 57 40 20½ᶜᵐ.

381 3114 230 40 Lettered
640 3125 60 29 on
731 3123 141 31 cover
890 3125 8 28 :
931 3114 117 40 Law
1123 3144 7 8 II.

383 3167 1950 50 “James M. Landis … has assisted … in the preparation of this book.”—
311 3225 130 43 Pref.

321 3280 51 53 ©
409 3285 118 47 July
565 3286 39 45 7,
642 3284 142 47 1931;
822 3285 66 39 2c.
928 3285 96 40 and
1060 3283 84 42 aff.
1182 3284 118 47 July
1337 3283 52 47 8;
1428 3282 41 40 A
1506 3281 172 49 39312;
1718 3282 259 41 American
2015 3282 232 41 institute
2282 3283 52 40 of

388 3342 230 48 banking.
690 3341 282 49 (31-17591)

312 3424 276 64 Wrench,
619 3424 170 55 Jesse
822 3424 222 56 Erwin.

387 3504 124 53 The
559 3505 197 52 march
806 3504 64 52 of
918 3502 370 55 civilization.
1389 3521 51 33 [v.
1492 3506 46 63 1]
1594 3501 250 54 Ancient
1891 3502 111 52 and
2051 3498 282 55 medieval

315 3583 184 52 world;
560 3582 154 53 from
742 3583 96 52 the
865 3581 318 70 beginning
1210 3586 59 48 to
1298 3582 96 52 the
1424 3580 108 53 fall
1561 3579 65 55 of
1655 3578 496 68 Constantinople,
2181 3580 151 49 1453.

314 3654 1994 151 By Jesse E. Wrench … New York, Chicago [etc.] C. Scribner’s sons [ᶜ1931]
387 3813 1654 53 xvi, 365 p. col. front., illus., col. plates, maps, diagrs. 21 ᶜᵐ.
386 3873 352 48 Bibliography
772 3880 51 35 at
856 3876 91 39 end
981 3876 52 39 of
1064 3877 125 37 most
1224 3875 52 40 of
1310 3874 81 40 the
1425 3874 241 47 chapters.

319 3926 2010 53 © June 1, 1931; 2c. and aff. June 18; A 37978; Charles Scribner’s sons.
398 3987 282 50 (31-16272)
