2575 4398
1322 4088 67 52 42

426 478 288 42 2 v . 26ᶜᵐ.
432 536 387 42 CONTENTS.—v.
853 535 41 42 5.
928 537 570 49 Bail-Blasphemy.—v.
1533 537 42 42 6.
1608 539 442 43 Bonds-Carriers.

363 590 53 53 ©
446 594 114 42 Dec.
650 628 8 15 18,
689 594 142 48 1930;
862 594 68 42 2c.
959 595 120 40 each
1108 596 97 39 and
1234 595 110 42 affs.
1374 596 111 41 Jan.
1516 596 70 49 10,
1616 595 143 50 1931;
1791 598 44 39 A
1861 598 160 43 33102.
2052 598 173 47 33103;
2259 600 137 40 West

429 652 112 50 pub.
573 663 66 31 co.

358 750 195 64 Mead,
584 750 205 55 Stella.

426 826 236 56 Princes
708 827 113 54 and
869 826 201 57 fairies
1120 865 14 35 [
1137 829 76 70 by
1218 865 13 35 ]
1285 827 183 58 Stella
1513 828 190 57 Mead.
1780 829 261 71 London,
2086 830 56 56 J.
2190 830 200 57 Nisbet

353 906 114 54 and
498 926 80 35 co.
607 907 105 53 ltd.
749 910 175 68 [1930]

426 987 101 49 191,
561 990 57 48 [1]
648 999 43 38 p.
754 990 87 40 col.
870 988 166 49 front.,
1065 989 146 48 illus.,
1240 991 88 39 col.
1359 990 175 49 plates.
1705 1026 11 10 22ᶜᵐ.

359 1045 53 53 ©
482 1061 38 30 1c.
559 1050 112 41 Jan.
709 1051 40 46 5,
790 1045 142 48 1931;
973 1050 41 39 A
1053 1051 63 39 ad
1154 1050 90 42 int.
1283 1049 173 48 14673;
1498 1050 146 49 pubd.
1683 1051 121 41 Nov.
1844 1050 70 51 10,
1955 1049 143 50 1930;
2144 1052 46 42 S.
2232 1053 159 48 Mead,

430 1107 263 49 Srewlkey,
732 1108 370 49 Bedfordshire,
1142 1108 240 49 England.
1458 1107 254 50 (31-2261)

354 1203 247 68 Merrill,
631 1205 233 53 Horace
895 1205 86 64 G.,
1013 1210 175 50 1882-

422 1280 1960 74 Your vision and how to keep it, by H. G. Merrill … [and]
349 1359 2037 71 L. W. Oaks … New York, London, G. P. Putnam’s sons, 1930.
421 1446 1363 50 1 p. l., 7-145 p. incl. illus., plates, front. 20½ᶜᵐ.
423 1503 336 49 Frontispiece
791 1503 344 50 accompanied
1167 1505 60 49 by
1257 1506 156 47 guard
1443 1505 136 41 sheet
1611 1503 119 43 with
1762 1505 293 49 descriptive
2086 1507 300 49 letterpress.

423 1562 164 42 “First
624 1560 229 44 edition.”

356 1615 2032 54 © Dec. 5, 1930; 2c. Jan. 10, 1931; aff. Dec. 10. 1930; A 32759; H. G.
425 1679 204 47 Merrill,
660 1679 173 40 Provo.
864 1678 147 41 Utah.
1087 1676 255 50 (31-1790)

353 1773 201 66 Mine,
585 1774 156 54 Alan
771 1773 362 66 Alexander,
1167 1779 173 50 1882-

421 1853 122 54 The
582 1851 385 70 Christopher
1005 1852 192 53 Robin
1236 1852 278 70 birthday
1553 1852 166 68 book,
1757 1853 286 68 compiled
2082 1854 76 69 by
2197 1854 74 51 A.
2314 1854 70 52 A.

347 1930 2039 71 Milne, decorated by E. H. Shepard … London, Methuen &
348 2029 99 52 co.,
474 2012 105 54 ltd.
614 2013 175 67 [1930]

417 2094 80 47 vii,
533 2094 73 50 [1],
635 2092 102 49 215,
771 2094 57 50 [1]
860 2103 44 39 p.
966 2093 130 41 illus.
1158 2092 150 41 16½ᶜᵐ.

419 2148 251 51 Compiled
704 2150 130 41 from
867 2151 83 41 the
984 2149 223 43 author’s
1243 2149 157 42 When
1434 2160 72 31 we
1542 2160 127 31 were
1705 2160 115 37 very
1855 2159 174 39 young,
2068 2150 316 43 Winnie-the-

347 2207 147 48 Pooh,
522 2207 122 42 Now
670 2218 72 31 we
770 2218 84 31 are
882 2207 91 48 six,
1001 2208 96 40 and
1126 2207 102 41 The
1254 2207 152 41 house
1434 2210 52 38 at
1515 2207 132 41 Pooh
1675 2205 199 43 Corner.

352 2261 54 54 ©
478 2277 37 31 1c.
557 2267 113 40 Dec.
711 2266 70 48 22,
823 2270 18 35 3
853 2265 89 41 1930;
1009 2266 42 39 A
1093 2267 62 39 ad
1195 2266 89 41 int.
1326 2265 172 41 14646:
1543 2265 145 49 pubd.
1730 2266 120 41 Nov.
1893 2265 84 49 13;
2020 2266 57 42 A.
2119 2266 55 42 A.
2220 2266 164 48 Milne,

419 2325 216 40 London.
709 2323 254 51 (31-2030)

349 2420 268 65 Mumby,
650 2420 203 53 Frank
884 2419 256 55 Arthur.

414 2496 351 70 Publishing
791 2497 114 52 and
931 2495 385 71 bookselling;
1349 2516 29 33 a
1405 2496 223 71 history
1657 2495 153 54 from
1837 2496 95 53 the
1960 2496 226 54 earliest
2214 2496 165 53 times

342 2574 2014 152 to the present day, by Frank Arthur Mumby … with a bibliography
556 2656 76 71 by
659 2657 89 53 W.
778 2655 76 52 H.
882 2655 156 53 Peet.
1101 2654 260 71 London,
1391 2655 56 54 J.
1479 2654 156 69 Cape
1723 2657 120 68 [1930]

415 2739 1541 50 3 p. l., xii, 13-480 p. front., illus., plates, ports. 22½ᶜᵐ.
415 2798 266 41 Published
710 2797 116 41 1910
859 2800 154 39 under
1040 2796 139 42 title:
1210 2797 102 41 The
1342 2806 227 31 romance
1599 2798 52 39 of
1678 2797 124 40 book
1830 2797 186 49 selling.

344 2853 2018 102 “Bibliography of publishing and bookselling … <Reprinted with additions
497 2911 1849 51 from Notes and queries …> … brought up to date by F. A. Mumby”:
341 2980 43 39 p.
415 2971 221 41 419-459.

349 3024 53 54 ©
471 3039 38 31 1c.
548 3029 111 40 Jan.
697 3028 39 48 2,
777 3027 142 41 1931;
961 3028 43 38 A
1041 3028 62 38 ad
1141 3026 89 41 int.
1268 3025 174 47 14635;
1483 3025 146 49 pubd.
1668 3026 121 40 Nov.
1828 3025 71 50 10,
1938 3024 144 50 1930;
2125 3027 254 40 Jonathan

419 3087 131 49 Cape
581 3087 37 40 &
650 3086 247 40 Harrison
934 3085 173 48 Smith,
1142 3085 107 46 inc.,
1283 3084 123 40 New
1436 3084 146 40 York.
1655 3082 254 50 (31-2120)

343 3185 150 52 New
533 3185 215 63 Jersey
790 3187 114 51 and
943 3184 265 53 Atlantic
1249 3190 262 62 reporter
1549 3183 205 69 digest,
1795 3182 272 69 covering
2108 3183 79 51 all
2228 3202 151 34 cases

416 3261 1901 74 reported in New Jersey reports and Atlantic reporter …
419 3345 304 68 Compiled
783 3345 113 51 and
955 3341 191 55 edited
1203 3343 78 68 by
1338 3341 97 53 the
1494 3340 343 69 publisher’s
1896 3340 269 55 editorial
2226 3338 151 54 staff,

458 3419 1777 71 v . 5, 6 … St. Paul, Minn., West publishing co. [ ᶜ1 930]
415 3505 283 41 2 v . 26ᶜᵐ.
688 3573 117 29 CONTENTS.—v.
838 3561 42 41 5.
913 3561 567 47 Bail-Blasphemy.—v.
1515 3557 41 42 6.
1590 3557 443 43 Bonds-Carriers.

348 3617 53 53 ©
430 3621 113 41 Dec.
571 3621 70 47 18,
670 3619 119 41 1930;
844 3619 67 41 2c.
941 3619 119 41 each
1090 3619 97 39 and
1216 3616 109 42 affs.
1357 3617 111 41 Jan.
1498 3616 69 49 10,
1597 3615 143 50 1931;
1773 3617 42 39 A
1842 3615 160 49 33093,
2031 3615 173 41 33094:
2239 3617 137 38 West

415 3679 111 49 pub.
561 3689 69 31 co.

343 3774 209 64 Noble,
583 3775 242 53 Marcus
858 3773 205 55 Cicero
1093 3772 318 64 Stephens,
1445 3777 174 49 1855-

411 3851 59 52 A
521 3850 226 69 history
800 3850 63 53 of
915 3850 97 53 the
1065 3848 197 70 public
1315 3847 219 55 schools
1589 3847 64 53 of
1703 3846 190 54 North
1950 3844 290 68 Carolina,
2292 3844 76 68 by

334 3921 2010 156 M. C. S. Noble … Chapel Hill, The University of North Carolina press, 1930.
