2505 4370
0 0 0 0 366
289 496 53 54 ©
375 501 112 41 Feb.
519 501 69 47 20,
622 500 141 46 1931;
797 501 67 41 2c.
899 501 110 41 Feb.
1041 502 84 46 25;
1160 502 82 41 aff.
1279 503 111 41 Feb.
1421 502 82 48 26;
1540 503 45 40 A
1612 503 172 46 33955;
1822 504 214 48 Century
2070 516 68 30 co.

367 556 254 51 (31-6955)

282 652 321 66 Seabrook,
634 655 140 53 Mrs.
807 653 333 54 Katherine
1180 654 447 65 (Edmondson)

354 732 128 56 Gao
518 733 64 54 of
620 734 95 53 the
753 734 179 69 Ivory
970 740 173 63 coast,
1179 735 76 68 by
1292 733 177 54 Katie
1508 734 318 65 Seabrook;
1869 735 326 55 illustrated
2238 737 69 68 by

283 811 203 70 Edgar
510 813 182 54 Parin
716 811 337 71 D’Aulaire,
1077 812 375 69 frontispiece
1475 813 59 52 in
1561 815 153 53 color
1737 816 74 69 by
1837 815 287 69 Manning
2149 815 158 52 DeV.

283 890 1538 71 Lee. New York, Coward-McCann, inc. [ ᶜ1 931 ]
350 968 1436 50 4 p. l., 3-121 p. incl. illus., plates, col. front. 22ᶜᵐ.
287 1038 2020 54 © Mar. 6, 1931; 2c. Mar. 9; aff. Mar. 7; A 34681; Coward-McCann. inc.
366 1100 254 50 (31-6818)

281 1195 223 66 Shuey,
534 1195 224 66 Joseph
789 1196 59 55 S.

351 1273 123 54 The
506 1292 125 35 new
661 1271 389 71 Washington
1083 1273 111 53 law
1227 1272 66 55 of
1326 1272 354 55 conditional
1715 1276 143 51 sales
1894 1274 93 53 for
2022 1275 97 52 the
280 1275 1995 130 business

446 1371 152 47 man,
638 1351 142 54 with
822 1353 381 69 explanatory
1243 1351 294 54 additions
1577 1358 59 47 to
1676 1353 97 52 the
1814 1357 139 63 text,
1992 1352 174 71 being
2207 1354 95 53 the

281 1428 113 56 full
423 1436 123 47 text
574 1430 64 55 of
665 1431 97 52 the
791 1430 355 53 conditional
1173 1430 146 54 sales
1349 1430 112 53 and
1491 1430 247 55 kindred
1767 1432 139 52 laws
1936 1429 65 55 of
2030 1432 96 52 the
2156 1438 147 47 state

279 1506 65 55 of
370 1508 409 69 Washington,
808 1507 302 71 including
1138 1514 304 63 contracts,
1473 1508 201 55 debtor
1703 1510 113 53 and
1846 1509 268 70 creditor,
2142 1510 161 68 liens,

280 1586 277 69 replevin,
599 1585 416 72 garnishment,
1059 1588 371 69 attachment,
1472 1588 254 68 fixtures,
1767 1588 144 53 sales
1954 1588 113 53 and
278 1606 1999 113 agreements
496 1669 59 49 to
588 1664 120 70 sell,
741 1671 313 64 warranty,
1088 1666 289 70 damages,
1410 1664 193 72 fraud,
1637 1666 253 70 interest,
1926 1672 101 48 etc.
2104 1668 195 54 Taken

280 1742 155 56 from
470 1745 97 53 the
602 1750 242 48 statutes
882 1746 114 53 and
1034 1744 281 54 decisions
1353 1744 63 53 of
1454 1745 95 53 the
1589 1745 277 69 Supreme
1905 1752 161 47 court
2105 1747 63 52 of
2206 1748 95 51 the

277 1822 2025 73 state of Washington, by Joseph S. Shuey … Seattle, Wash.,
278 1901 122 53 The
429 1902 181 70 Legal
639 1901 339 71 publishing
1005 1920 98 49 co.,
1137 1905 152 52 1931.

352 1982 59 42 97
451 1994 44 38 p.
664 2017 8 8 21ᶜᵐ.

350 2040 268 42 Published
652 2041 51 40 in
736 2041 116 41 1925
887 2042 157 40 under
1076 2041 137 42 title:
1250 2042 102 40 The
1388 2043 97 39 law
1518 2042 52 40 of
1604 2041 300 41 conditional
1940 2043 129 40 sales
2105 2042 79 42 for
2218 2044 82 40 the

279 2096 226 43 business
538 2108 128 32 man.

283 2164 52 53 ©
365 2169 113 41 Feb.
506 2170 69 44 13,
603 2168 141 49 1931;
774 2169 68 42 2c.
871 2171 96 40 and
996 2170 83 42 aff.
1108 2171 122 40 Mar.
1262 2170 82 48 16;
1374 2171 41 39 A
1442 2170 173 48 34846;
1647 2169 149 50 Legal
1824 2170 111 49 pub.
1964 2181 66 31 co.
2101 2165 68 54 [©
2199 2181 106 31 new

353 2229 197 48 matter]
624 2226 252 50 (31-6998)

277 2321 2027 72 South eastern reporter digest. Volumes 141-155 and … state
349 2403 1930 147 reports … with tables of statutes construed and cases digested.
640 2481 215 54 Edited
880 2482 76 69 by
986 2482 95 53 the
1108 2481 268 54 editorial
1405 2479 135 56 staff
1566 2480 64 53 of
1656 2482 97 52 the
1779 2481 310 53 American
2117 2481 186 70 digest

348 2559 1532 71 system … St. Paul, West publishing co., 1931.
348 2641 68 49 iii,
460 2641 120 41 1090
618 2653 42 37 p.
722 2642 118 41 26ᶜᵐ.

282 2708 52 53 ©
362 2713 123 41 Mar.
513 2712 69 50 25,
610 2712 142 48 1931;
781 2713 67 41 2c.
875 2713 115 49 Apr.
1017 2714 82 46 17;
1130 2712 83 42 aff.
1239 2713 116 48 Apr.
1383 2711 82 49 18;
1495 2713 41 39 A
1562 2711 174 50 36592;
1766 2713 137 41 West
1930 2712 109 49 pub.
2068 2723 69 30 co.

338 2866 1958 71 … South eastern reporter digest [South Carolina edition]
347 2947 316 70 Including
699 2967 151 34 cases
886 2948 268 68 reported
1190 2948 60 51 in
1286 2947 254 53 volumes
1579 2950 239 49 141-155
1859 2945 183 56 South
2080 2951 221 48 eastern

348 3024 1892 70 reporter, 142*, 143-158 South Carolina reports and also …
348 3101 1952 72 state reports … with table of statutes construed … Edited
348 3180 1951 73 by the editorial staff of the American digest system … St.
348 3263 167 57 Paul,
542 3261 162 54 West
733 3260 339 70 publishing
1099 3279 98 51 co.,
1228 3264 151 49 1931.

349 3343 69 46 iii,
456 3341 128 50 1090,
622 3342 59 41 10
714 3353 43 38 p.
818 3342 118 42 26ᶜᵐ.

282 3396 52 53 ©
366 3402 124 39 Mar.
519 3399 70 49 25,
620 3398 141 48 1931;
793 3398 68 42 2c.
892 3399 114 49 Apr.
1038 3400 82 45 17;
1153 3398 84 42 aff.
1269 3399 115 48 Apr.
1415 3399 83 47 18;
1531 3398 40 40 A
1601 3397 173 47 36586;
1809 3398 135 41 West
1975 3397 109 49 pub.
2119 3407 68 30 co.

277 3551 300 54 Southern
637 3558 258 65 reporter
950 3553 203 69 digest.
1234 3555 135 49 1930
1425 3550 345 55 cumulative
1829 3551 211 52 annual
2098 3548 203 70 pocket

348 3626 1927 154 part … v. 1-28 … St. Paul, Minn., West publishing company [ ᶜ1 931]
347 3790 318 42 28 v . 25ᶜᵐ.
350 3848 156 41 These
534 3848 277 49 pamphlets
838 3858 84 30 are
951 3850 48 38 to
1027 3848 56 39 be
1110 3846 138 41 fitted
1279 3847 102 40 into
1411 3847 81 40 the
1521 3845 148 41 backs
1698 3845 52 41 of
1779 3844 84 41 the
1888 3844 219 41 volumes
2135 3842 52 42 of
2217 3842 80 41 the

278 3907 74 39 set
386 3907 49 38 to
470 3905 160 41 which
665 3905 113 48 they
814 3906 186 44 belong.

283 3958 52 54 ©
364 3962 112 43 Feb.
503 3962 70 51 21,
601 3962 141 49 1931;
772 3962 67 44 2c.
868 3962 132 42 each.
1030 3962 113 50 Apr.
1172 3962 81 47 13;
1285 3959 83 43 aff.
1396 3960 115 50 Apr.
1539 3959 81 49 15;
1653 3958 41 41 A
1721 3957 173 48 35810;
1925 3958 135 41 West
2089 3957 108 48 pub.
2229 3966 68 34 co.
