2505 4370
1328 4087 103 51 964

374 405 204 66 Burtt,
611 406 211 54 Edwin
854 407 255 65 Arthur,
1144 413 174 50 1892-

443 482 324 70 Principles
804 484 114 54 and
957 484 286 68 problems
1283 485 62 53 of
1382 484 159 70 right
1579 485 301 70 thinking;
1923 507 31 33 a
1992 485 270 54 textbook
2300 485 94 54 for

370 561 169 72 logic,
581 561 282 56 reflective
903 562 290 71 thinking,
1239 564 113 54 and
1397 562 343 56 orientation
1783 583 239 51 courses,
2062 564 78 69 by
2181 562 211 55 Edwin

370 641 2023 72 Arthur Burtt … Rev. ed. New York and London, Harper &
369 719 278 68 brothers,
678 723 152 49 1931.

444 799 1258 52 xiii, 529 p. illus. (music) plates, diagrs. 21 ᶜᵐ.
444 857 353 50 Bibliography
832 860 52 38 at
916 859 94 40 end
1042 859 52 40 of
1126 860 121 39 each
1279 859 218 48 chapter.

381 912 53 54 ©
463 918 130 41 June
617 919 69 47 13,
715 916 113 42 1931;
885 917 69 42 2c.
982 918 129 40 June
1136 918 82 47 13;
1250 918 83 41 aff.
1362 919 128 40 June
1516 918 82 42 16;
1630 918 41 40 A
1698 917 172 48 37933;
1900 918 198 48 Harper
2126 922 36 42 &
2190 919 126 40 bros.

460 975 283 50 (31-15887)

375 1054 253 67 Bussell,
662 1056 198 66 Peter,
898 1057 370 57 1774?-1850.

443 1133 123 53 The
595 1132 167 71 diary
792 1134 64 53 of
883 1134 170 53 Peter
1083 1134 226 54 Bussell
1351 1136 370 69 (1806-1814)
1764 1134 189 55 edited
1984 1134 75 69 by
2090 1134 91 53 his
2209 1138 185 65 great-

370 1211 291 70 grandson
713 1212 113 53 and
876 1230 127 35 now
1054 1212 124 53 first
1229 1212 334 70 published;
1617 1211 143 56 with
1810 1211 382 55 illustrations
2243 1212 152 53 from

371 1289 251 70 original
656 1292 291 68 drawings
977 1291 76 69 by
1085 1291 99 55 the
1219 1291 224 54 author.
1512 1291 259 68 London,
1805 1291 66 52 P.
1905 1289 232 70 Davies,
2172 1292 152 51 1931.

444 1371 1160 50 xiii p., 1 l., 232 p. incl. front. plates. 21 ᶜᵐ.
446 1429 296 41 “Narrative
769 1430 52 40 of
849 1429 135 48 eight
1010 1440 143 37 years
1181 1430 52 40 of
1260 1441 28 29 a
1317 1429 155 42 man’s
1500 1430 90 41 life
1620 1441 54 30 as
1702 1441 28 29 a
1757 1429 224 50 prisoner
2008 1430 52 41 of
2088 1441 105 29 war
2220 1428 178 49 during

373 1486 84 41 the
485 1486 299 50 Napoleonic
812 1486 324 42 era.”—Pref.

445 1544 231 41 Lettered
706 1555 62 30 on
798 1554 143 31 cover:
1002 1544 178 41 Edited
1209 1545 63 48 by
1304 1544 54 41 G.
1390 1545 55 40 A.
1477 1544 204 42 Turner.

382 1600 1938 54 © 1c. June 1, 1931; A ad int. 15144; pubd. Apr. 21; Peter Davies, ltd.
462 1663 283 50 (31-16454)

374 1744 128 55 The
536 1745 259 64 Cavalry
826 1744 259 66 journal.

450 1822 1951 71 Tactics and technique of cavalry. Basic … 2nd ed. A
378 1901 2021 72 textbook of … cavalry training (with questions for self-
379 1982 419 68 examination)
883 1983 302 52 Produced
1224 1981 96 53 for
1355 1982 96 54 the
1489 1980 254 72 Cavalry
1777 1980 231 70 journal
2042 1982 79 70 by
2153 1980 97 55 the
377 1980 1998 138 National

592 2060 214 54 service
837 2060 338 70 publishing
1204 2078 298 51 company.
1577 2059 406 71 Washington,
2013 2059 73 54 D.
2121 2059 63 56 C.
2221 2062 173 65 [1931]

449 2140 1217 50 xxxi, 784 p. illus. (incl. maps) diagrs. 23½ ᶜᵐ.
382 2194 53 54 ©
469 2201 114 46 May
614 2199 71 47 18,
716 2197 116 41 1931;
892 2198 68 42 2c.
994 2200 95 40 and
1123 2198 83 43 aff.
1238 2200 116 47 May
1386 2198 56 41 20;
1505 2200 43 38 A
1576 2198 146 42 38300;
1785 2199 117 40 Natl.
1951 2198 186 42 service
2170 2198 110 49 pub.
2314 2207 83 40 co.,

451 2256 339 49 Washington.
862 2255 282 50 (31-15912)

378 2336 302 67 Cheyney,
715 2337 212 67 Ralph,
964 2343 173 51 1896-

507 2414 1886 64 … Pregnant woman in a lean age, by Ralph Cheyney. New
374 2493 181 68 York,
586 2493 91 55 W.
712 2494 170 70 Faro,
913 2494 127 68 inc.,
1074 2496 152 53 1931.

446 2573 1436 51 5 p. l. , 13-64 p. 20½ ᶜᵐ. (The ardent classics, no. 5)
447 2631 154 49 “Only
630 2631 93 41 five
750 2632 224 40 hundred
1002 2631 161 49 copies
1191 2632 126 40 have
1347 2632 120 40 been
1496 2633 143 39 made
1667 2633 52 40 of
1749 2633 83 41 the
1861 2632 110 41 first
2000 2632 186 42 edition
2215 2633 52 40 of
2295 2630 99 44 this

373 2688 168 42 book.”
602 2688 120 41 This
749 2699 120 38 copy
895 2688 43 41 is
964 2690 87 38 not
1075 2689 282 41 numbered.

381 2745 53 54 ©
462 2750 116 48 Apr.
605 2749 71 48 24,
704 2748 114 41 1931;
875 2747 68 43 2c.
972 2749 115 47 May
1114 2749 54 38 11;
1228 2747 84 41 aff.
1341 2749 129 40 June
1496 2748 54 40 12;
1608 2748 43 40 A
1677 2747 145 42 38801;
1881 2748 224 41 William
2131 2747 142 48 Faro,
2304 2747 90 40 inc.

462 2806 282 52 (31-15838)

377 2874 233 66 Cierva,
639 2874 157 55 Juan
826 2875 71 53 de
925 2874 76 66 la,
1033 2880 172 50 1895-

444 2952 208 70 Wings
684 2952 66 54 of
780 2957 338 65 tomorrow;
1154 2952 97 53 the
1286 2958 159 64 story
1478 2951 65 55 of
1574 2953 99 53 the
1706 2952 283 70 autogiro,
2021 2951 79 70 by
2132 2954 157 54 Juan
2324 2953 68 52 de

372 3030 1997 148 la Cierva and Don Rose. [New York] Brewer, Warren & Putnam [ ᶜ1 931]
446 3191 89 42 300
561 3203 42 38 p.
665 3192 165 48 front.,
859 3193 173 48 plates,
1060 3195 164 46 ports.,
1255 3191 182 49 diagrs.
1496 3191 57 41 21ᶜᵐ.

447 3250 292 40 Illustrated
768 3249 367 50 lining-papers.

449 3305 216 42 Written
697 3307 62 48 by
792 3307 133 40 Juan
959 3308 58 39 de
1048 3307 49 40 la
1132 3306 176 43 Cierva
1343 3308 97 40 and
1472 3306 163 41 edited
1668 3306 62 49 by
1764 3307 109 40 Don
1906 3306 139 41 Rose.

449 3363 70 40 “A
548 3362 163 50 pilot’s
743 3365 200 39 manual
972 3364 80 40 for
1083 3364 84 41 the
1198 3362 242 51 autogiro,
1471 3365 61 46 by
1565 3364 167 41 James
1766 3363 54 41 G.
1852 3362 136 49 Ray”:
2050 3362 205 49 chapter
2384 3395 8 7 XXI.

379 3415 53 54 ©
464 3420 129 41 June
621 3422 39 48 5,
691 3420 142 49 1931;
866 3422 68 41 2c.
965 3423 128 40 June
1122 3422 82 47 10;
1239 3422 83 41 aff.
1355 3422 117 48 July
1502 3423 52 45 7;
1589 3422 41 39 A
1660 3421 171 43 38684;
1867 3422 131 40 Juan
2031 3422 60 40 de
2121 3420 47 41 la
2203 3419 188 47 Cierva,

501 3470 1491 58 ℅ Autogiro co. of America, Philadelphia. (31-15523)
375 3541 198 66 Clark,
601 3544 234 54 Marion
866 3545 70 56 G.

443 3620 124 54 The
605 3620 127 55 first
773 3621 162 54 three
975 3622 264 54 hundred
1282 3641 165 51 years
1490 3623 61 53 in
1592 3621 288 67 America,
1921 3621 77 70 by
2041 3620 234 54 Marion
2319 3619 70 56 G.

371 3694 2012 76 Clark … and Wilbur Fisk Gordy … New York, Chicago [etc.]
371 3773 807 73 C. Scribner’s sons [ ᶜ1 931]
441 3854 85 50 xii,
556 3855 88 42 436
669 3866 44 39 p.
775 3856 129 43 illus.
933 3857 134 50 (incl.
1097 3858 164 50 maps)
1330 3858 57 42 19ᶜᵐ.

441 3910 238 44 Contains
710 3912 398 51 bibliographies.

377 3963 54 54 ©
461 3970 114 47 May
604 3971 69 47 15,
702 3970 143 49 1931;
876 3971 67 43 2c.
975 3973 114 49 May
1118 3972 82 49 23;
1233 3972 85 43 aff.
1350 3975 114 47 May
1494 3974 83 48 26;
1609 3975 41 40 A
1679 3973 172 49 37526;
1886 3973 205 43 Charles
2122 3971 267 44 Scribner’s

443 4036 131 35 sons.
645 4029 282 49 (31-15909)
