2575 4398
1367 4137 71 54 60

373 416 318 65 Boorman,
725 415 260 56 William
1019 416 254 66 Ryland,
1312 421 172 51 1891-

441 492 1962 72 Personality in its teens, by W. Ryland Boorman … New
376 572 178 69 York,
587 573 124 53 The
743 572 341 54 Macmillan
1118 590 303 53 company,
1457 576 153 50 1931.

440 653 735 51 xv p., 2 l., 3-268 p. 19½ᶜᵐ.
445 711 235 47 “Twenty
716 710 236 49 complete
991 711 153 42 series
1181 711 53 42 of
1270 712 186 47 letters,
1496 711 200 42 written
1732 711 63 53 by
1831 722 57 31 as
1923 722 149 39 many
2106 712 135 50 boys,
2279 723 129 33 were

423 767 1231 50 … the basic materials in this study.”—p. 239.
379 824 52 53 ©
463 827 112 42 Jan.
605 826 72 50 20,
709 825 143 50 1931;
885 826 68 42 2c.
986 827 111 41 Jan.
1128 827 83 48 22;
1247 826 82 42 aff.
1363 828 111 41 Jan.
1506 827 84 49 21;
1624 828 43 40 A
1697 826 173 51 33285;
1907 827 286 44 Macmillan
2228 840 67 32 co.

460 885 254 50 (31-2649)

373 982 188 66 Boyd,
593 981 267 66 Aubrey.

445 1058 1963 75 No man’s woman, by Aubrey Boyd … New York, E. P.
374 1137 1000 73 Dutton & company, inc. [ ᶜ1 931 ]
443 1219 90 41 245
564 1231 43 38 p.
777 1253 10 9 20ᶜᵐ.

448 1277 73 43 On
551 1280 129 47 t.-p.:
714 1279 191 41 Dutton
935 1279 107 41 clue
1074 1281 232 46 mystery.

448 1335 184 42 “Third
670 1335 235 50 printing,
943 1336 241 49 January,
1225 1336 160 42 1931.”

381 1393 52 53 ©
462 1397 112 42 Jan.
599 1396 40 51 2,
667 1396 143 49 1931;
840 1397 67 41 2c.
936 1397 111 41 Jan.
1075 1397 53 48 2;
1159 1396 83 43 aff.
1270 1398 111 41 Jan.
1409 1397 52 42 9;
1492 1397 41 40 A
1559 1395 172 51 32970;
1763 1398 53 41 E.
1845 1397 51 42 P.
1925 1397 191 42 Dutton
2145 1397 38 41 &
2208 1407 85 38 co.,
2321 1397 90 40 inc.

459 1455 255 50 (31-2258)

379 1552 236 65 Brown,
645 1552 206 54 James
881 1552 223 66 Edgar,
1138 1558 174 50 1865-

446 1628 333 72 Genealogy
814 1630 64 52 of
914 1630 96 55 the
1047 1630 213 53 Brown
1298 1631 208 70 family
1545 1630 63 52 of
1642 1629 209 54 Prince
1886 1629 261 57 William
2183 1634 228 64 county,

375 1707 290 71 Virginia,
704 1708 113 52 and
852 1709 97 52 the
986 1708 305 71 following
1324 1727 186 51 group
1550 1708 64 54 of
1652 1708 252 55 families
1942 1708 174 54 allied
2151 1708 77 71 by
375 1726 2011 131 marriage:

598 1787 211 68 Bland,
842 1788 286 70 Buckner,
1163 1788 212 69 Byrne,
1410 1788 266 69 Fairfax,
1713 1790 265 67 Morgan,
2013 1788 203 68 Tebbs,
374 1788 2013 148 Watson,

522 1865 1889 73 Zinn and others. By James Edgar Brown … Strasburg,
375 1946 125 67 Va.,
530 1944 169 55 Press
729 1946 64 53 of
823 1945 388 56 Shenandoah
1243 1945 338 71 publishing
1608 1946 192 69 house,
1831 1946 127 69 inc.,
1989 1949 152 50 1930.

450 2030 173 48 xxxiii,
659 2030 86 42 874
781 2041 41 38 p.
885 2031 128 40 illus.
1045 2031 133 49 (incl.
1217 2040 150 40 ports,
1406 2042 124 38 map,
1567 2032 230 47 facsims.,
1834 2035 110 39 coat
1982 2032 51 40 of
2070 2034 156 48 arms)
2406 2064 7 8 23ᶜᵐ.

451 2089 216 42 “Second
701 2088 642 49 edition.”—Introductory
1377 2090 215 47 chapter.

385 2143 52 52 ©
471 2147 128 49 Sept.
630 2147 69 47 11,
731 2145 143 48 1930;
905 2146 68 42 2c.
1004 2148 97 39 and
1130 2147 83 41 aff.
1245 2148 111 39 Jan.
1387 2146 68 43 22.
1488 2146 142 48 1931;
1663 2147 42 39 A
1734 2146 174 48 32926;
1945 2146 334 42 Shenandoah
2306 2147 109 48 pub.

457 2205 164 50 house,
656 2205 91 41 inc.
823 2204 253 50 (31-2114)

388 2300 255 69 [Brown,
673 2303 140 53 Mrs.
843 2302 217 53 Zenith
1097 2303 270 67 (Jones)]
1406 2307 172 51 1898-

514 2378 1902 71 … The strange death of Martin Green … Garden City,
381 2457 69 53 N.
489 2457 91 68 Y.,
617 2458 142 53 Pub.
798 2457 94 54 for
928 2459 97 55 the
1060 2457 193 58 Crime
1288 2458 147 71 club,
1471 2458 128 70 inc.,
1634 2459 75 70 by
1744 2457 359 72 Doubleday,
2139 2458 201 52 Doran
2373 2459 43 51 &

381 2536 656 73 company, inc. [ ᶜ1 931]
453 2618 1155 51 vi p., 2 l., 11-309 p. front. (plan) 20ᶜᵐ.
453 2677 235 42 Author’s
714 2678 182 49 pseud.,
926 2678 162 41 David
1118 2678 188 48 Frome,
1337 2680 51 39 at
1417 2680 125 39 head
1572 2679 51 40 of
1653 2679 123 40 title.

456 2735 165 42 “First
651 2734 230 43 edition.”

389 2793 52 52 ©
470 2797 111 41 Jan.
609 2796 68 49 16,
707 2795 142 49 1931;
880 2795 66 41 2c.
977 2797 96 39 and
1101 2795 83 41 aff.
1214 2795 110 41 Jan.
1353 2794 83 49 26;
1467 2795 41 39 A
1534 2795 173 48 33341;
1739 2795 304 49 Doubleday,
2072 2795 170 40 Doran
2271 2795 36 41 &
2335 2804 82 38 co.,

461 2854 92 41 inc.
625 2853 254 51 (31-2439)

389 2950 272 65 Candler,
690 2951 253 54 Warren
972 2950 180 65 Akin,
1185 2953 110 68 bp.,
1327 2952 172 54 1857-

456 3026 215 71 Young
694 3027 56 56 J.
777 3028 193 69 Allen,
997 3027 133 56 “the
1155 3046 135 36 man
1318 3028 128 53 who
1473 3028 200 54 seeded
1702 3027 242 70 China”,
1969 3027 76 71 by
2071 3027 245 54 Warren
2346 3026 69 53 A.

386 3105 1703 73 Candler … Nashville, Tenn., Cokesbury press, 1931.
455 3187 89 41 245
573 3198 43 39 p.
677 3187 166 49 front.,
874 3190 152 47 ports.
1086 3187 117 42 19ᶜᵐ.

391 3246 52 52 ©
483 3249 112 41 Jan.
633 3249 40 49 1,
712 3247 144 49 1931;
896 3247 68 42 2c.
1003 3249 97 39 and
1140 3248 82 41 aff.
1263 3249 110 40 Jan.
1413 3249 83 46 17;
1538 3248 41 38 A
1618 3246 172 49 32891;
1833 3248 181 40 Lamar
2054 3247 38 41 &
2130 3246 288 43 Whitmore.

458 3306 271 42 Nashville.
803 3305 255 51 (31-2570)

390 3403 245 65 Carnes,
666 3402 184 65 Hugh
881 3403 223 64 Byron.

456 3480 241 54 Manual
740 3481 70 53 de
849 3479 513 70 correspondencia
1405 3480 300 54 comercial
1748 3481 290 70 espanola,
2081 3499 106 50 por
2232 3480 178 70 Hugh

386 3559 1953 70 Byron Carnes … New York, H. Holt and company [ ᶜ1 931]
458 3641 102 50 xix,
589 3641 99 50 150,
719 3641 159 42 xxviii
908 3653 44 39 p.
1016 3642 148 42 17½ᶜᵐ.

393 3694 52 54 ©
473 3699 111 43 Jan.
610 3700 40 49 7,
679 3699 107 42 1931;
851 3700 67 42 2c.
947 3700 111 42 Jan.
1086 3700 83 49 12;
1200 3699 82 42 aff.
1312 3700 110 41 Jan.
1451 3698 26 42 9;
1534 3699 40 40 A
1601 3698 173 50 32758;
1805 3700 170 48 Henry
2002 3699 120 40 Holt
2151 3698 36 42 &
2215 3709 81 36 co.,
2327 3698 91 41 inc.

471 3757 254 51 (31-2011)

391 3851 441 68 Chamberlain,
865 3854 231 66 George
1127 3855 247 65 Agnew,
1409 3856 168 55 1879-

456 3928 180 56 River
679 3938 59 49 to
784 3932 98 53 the
928 3951 91 36 sea
1072 3931 111 72 [by]
1238 3932 224 68 George
1509 3933 217 65 Agnew
1779 3930 422 56 Chamberlain.
2278 3928 138 53 New

388 4006 180 72 York,
599 4009 234 56 Brewer
862 4013 45 54 &
937 4010 240 56 Warren
1213 4011 127 67 inc.,
1371 4014 151 50 1930.
