2505 4370
1100 4032 101 48 435

225 474 331 49 288 p. 19 ᶜᵐ .
166 531 1995 53 © 1c. Mar. 25, 1931; A ad int. 14881; pubd. Jan. 29; R. B. Brown,
233 592 325 48 Bidborough,
585 593 144 46 Kent,
756 592 236 47 England.
1063 590 226 49 (31-8949
1300 592 14 47 )

158 688 226 64 Chang,
414 686 293 55 Sherman
735 685 396 64 Hsiao-Ming.

227 764 120 52 The
377 762 271 53 Marxian
677 763 203 67 theory
907 761 64 53 of
1000 762 95 52 the
1124 766 164 62 state,
1316 760 76 70 by
1423 760 280 55 Sherman
1731 761 78 52 H.
1840 760 81 54 M.
1954 759 204 70 Chang

155 838 1978 149 … with an introduction by John R. Commons … Philadelphia, 1931.
294 1000 647 49 xv, 230 p. diagrs. 24½ ᶜᵐ .
228 1058 180 39 Errata
437 1057 95 48 slip
559 1058 228 39 mounted
815 1067 62 31 on
905 1068 44 38 p.
978 1055 69 43 75.

228 1113 349 49 Bibliography:
636 1124 44 38 p.
708 1112 218 42 201-210.

164 1167 52 52 ©
249 1172 120 39 Mar.
402 1172 40 47 7,
474 1170 112 41 1931;
646 1170 68 41 2c.
747 1172 96 38 and
874 1170 81 40 aff.
988 1171 122 39 Mar.
1142 1170 55 40 13;
1259 1169 42 40 A
1331 1169 144 42 35322;
1541 1170 44 41 S.
1619 1170 61 40 H.
1714 1170 62 40 M.
1812 1169 180 49 Chang,
2026 1171 135 40 West

231 1228 355 48 Philadelphia,
628 1228 83 39 Pa.
781 1227 250 48 (31-7987)

158 1322 279 63 Christie,
467 1321 281 65 Douglas.

221 1395 1931 71 “Yellow … like gold!” By Douglas Christie … [London]
151 1474 186 54 Hurst
365 1476 45 50 &
442 1473 280 71 Blackett,
752 1474 102 55 ltd.
894 1477 172 66 [1931]

224 1555 1142 50 5 p. l. , 15-288 p. incl. front. (map) 19½ ᶜᵐ .
163 1611 1996 52 © 1c. Mar. 28, 1931; A ad int. 14892; pubd. Jan. 30; D. Christie, Leven,
233 1672 122 50 Fife,
386 1673 237 48 England.
694 1671 248 49 (31-8813)

157 1767 254 64 Church,
444 1767 244 55 Charles
718 1767 267 64 Hayden,
1017 1786 179 51 comp.

227 1846 140 54 This
395 1846 48 54 is
470 1847 128 51 how
625 1865 82 35 we
734 1847 187 53 would
951 1845 175 70 judge
1153 1865 105 35 our
1284 1845 156 54 lives.

238 1924 77 48 (In
352 1923 202 43 London
585 1923 202 52 Sunday
819 1938 220 38 express,
1070 1925 128 43 Mar.
1231 1926 43 49 8,
1308 1923 145 52 1931)

163 1979 1995 53 © 1c. May 2, 1931; A ad int. 15032: pubd. Mar. 8; C. H. Church, London.
157 2093 228 65 Clarke,
413 2094 193 53 Isabel
637 2095 347 54 Constance.

224 2167 1934 72 As the gentle rain … by Isabel C. Clarke. London,
150 2245 364 54 Hutchinson
542 2248 45 50 &
618 2264 77 37 co.
727 2245 102 55 ltd.
867 2249 173 67 [1931]

220 2328 87 42 320
334 2340 44 38 p.
438 2330 147 41 19½ᶜᵐ.

163 2383 1995 53 © 1c. Mar. 27, 1931; A ad int. 14891; pubd. Jan. 30; I. C. Clarke, Rome.
240 2443 250 49 (31-8814)

158 2536 151 66 Cole,
338 2538 279 52 Bertram
646 2537 248 65 Dudley,
925 2539 171 54 1876-

223 2614 485 69 Autobiography
739 2613 65 55 of
836 2633 33 34 a
901 2613 309 55 successful
1243 2615 300 54 insurance
1577 2634 215 51 agency
1847 2614 95 72 [by]
1983 2617 68 51 B.
2085 2616 74 53 D.

157 2692 1785 70 Cole. Indianapolis, Ind., The Rough notes co. [ ᶜ193 1]
223 2775 1263 49 3 p. l. , &-203 p. incl. front., illus., forms. 19 ᶜᵐ .
163 2827 51 53 ©
244 2831 109 42 Feb.
383 2831 70 47 20,
483 2830 113 43 1931;
654 2831 68 42 2c.
752 2834 94 39 and
876 2831 82 43 aff.
988 2833 122 42 Mar.
1139 2832 26 40 2;
1224 2832 43 41 A
1295 2831 145 43 34579;
1499 2832 172 50 Rough
1701 2833 140 41 notes
1868 2843 68 31 co.

239 2889 251 48 (31-7875)

157 2985 240 64 Cooper,
427 2985 148 54 Sara
604 2985 173 64 Kate,
808 2990 171 50 1886-

288 3063 1870 71 … Evangelism in Korea [by] S. Kate Cooper … Nashville,
155 3144 196 67 Tenn.,
382 3144 195 51 Board
607 3142 65 54 of
698 3142 279 69 missions,
1007 3142 317 53 Methodist
1355 3142 312 68 Episcopal
1697 3142 228 69 church,
1958 3142 200 67 South,

158 3223 148 51 1930.

224 3297 1625 51 95 p. 19½ ᶜᵐ . (The world parish series, ed. by E. T. Clark)
225 3354 147 41 “Part
393 3354 54 40 of
469 3365 26 29 a
520 3355 154 40 thesis
697 3354 264 41 submitted
985 3357 49 38 to
1058 3356 82 39 the
1163 3354 190 49 faculty
1376 3354 53 41 of
1452 3354 212 42 Scarritt
1686 3354 178 48 college
1888 3354 80 41 for

154 3354 1983 97 Christian
285 3411 214 40 workers
526 3410 50 40 in
600 3410 184 48 partial
809 3410 281 41 fulfillment
1116 3411 54 40 of
1195 3412 83 39 the
1306 3410 352 49 requirements
1685 3409 79 42 for
1792 3411 83 41 the
1902 3411 172 47 degree
2103 3409 54 43 of

153 3467 183 40 master
361 3466 54 40 of
442 3465 338 43 arts.”—Pref.

163 3520 52 52 ©
254 3525 122 39 Mar.
413 3524 39 47 1,
491 3523 141 47 1930;
671 3524 65 39 2c.
778 3524 108 39 Jan.
926 3524 70 48 16,
1035 3523 140 48 1931;
1216 3524 83 40 aff.
1339 3525 108 40 Jan.
1488 3524 82 48 15;
1611 3525 43 39 A
1691 3524 169 47 33220;
1904 3524 161 40 Board
2107 3523 51 41 of

228 3580 241 47 missions,
504 3580 264 41 Methodist
802 3580 256 49 Episcopal
1093 3581 195 47 church,
1325 3581 167 41 South.
1563 3581 250 48 (31-7747)

156 3674 328 63 Crawford,
507 3674 262 53 Thomas
797 3673 259 66 Dwight.

225 3754 58 52 A
310 3754 186 69 digest
525 3754 64 52 of
618 3755 95 51 the
743 3754 276 54 decisions
1050 3754 63 52 of
1140 3755 96 52 the
1271 3754 273 68 Supreme
1577 3758 160 49 court
1768 3750 63 56 of
1860 3751 297 56 Arkansas

158 3832 151 53 from
334 3835 133 49 1923
491 3836 59 47 to
577 3835 150 65 1930,
749 3833 264 66 reported
1039 3832 57 52 in
1120 3833 95 51 the
1239 3831 295 54 Arkansas
1558 3835 239 65 reports,
1820 3850 50 34 v.
1900 3833 257 66 160-181,

158 3910 111 52 and
299 3910 60 51 in
388 3909 97 54 the
516 3908 424 55 Southwestern
968 3913 274 64 reporter,
1264 3928 50 33 v.
1337 3912 100 49 253
1469 3914 57 48 to
1559 3929 51 33 v.
1632 3911 84 68 29,
1737 3910 203 54 second
1969 3909 189 68 series,
