2505 4370
1052 4000 101 56 147

123 378 229 65 Dingle,
381 379 71 53 A.
482 379 66 54 E.

190 451 1927 73 Tares, by Captain Dingle … London, S. Paul & co. ltd.
150 536 150 66 [1930]

189 612 542 52 2 p. l. , 9-288 p. 19½ ᶜᵐ.
127 681 51 52 ©
239 696 37 30 1c.
307 686 111 39 Jan.
449 684 38 47 6,
520 683 112 41 1931;
695 684 39 39 A
764 685 62 38 ad
857 684 87 40 int.
976 682 143 41 14695;
1180 683 143 48 pubd.
1356 683 119 40 Nov.
1507 683 39 48 7,
1580 681 141 48 1930;
1757 683 53 40 A.
1845 684 53 39 E.
1930 681 189 49 Dingle,

195 741 311 48 Dartmouth,
535 741 180 48 Devon,
743 741 236 48 England.
1050 740 251 49 (31-3881)

119 837 147 62 Don,
295 835 256 55 Miriam.

187 914 80 52 Le
309 913 173 52 crime
525 914 69 51 de
636 913 56 52 la
736 911 337 67 Madeleine,
1118 930 105 49 par
1269 910 237 54 Miriam
1551 913 146 51 Dou.
1790 912 184 67 Paris,
117 912 1972 131 Librairie

357 990 845 68 des Champs- É lysées [ ᶜ1 930]
118 1069 1979 100 2 p. l. , [7]-251 p. 18½ᶜᵐ. (Half-title: Le masque; collection do romans
284 1126 569 50 d’aventures … [68])
122 1193 51 52 ©
217 1196 100 41 Oct.
360 1196 38 48 6,
442 1196 139 47 1930;
655 1208 35 29 1c.
735 1197 109 38 Jan.
885 1195 69 47 23,
998 1194 139 49 1931;
1182 1196 311 48 A—Foreign
1536 1195 170 48 10586;
1752 1196 240 39 Librairie
2035 1196 84 38 des

189 1252 443 50 Champs-Elysées.
703 1252 249 50 (31-4902)

116 1347 280 65 Douglas,
425 1346 254 55 William
710 1347 236 56 Orville.

184 1423 167 55 Cases
388 1423 114 54 and
535 1422 289 55 materials
858 1442 71 33 on
964 1425 96 51 the
1094 1425 107 51 law
1239 1423 64 53 of
1336 1430 394 61 management
1765 1423 62 52 of
1863 1422 252 56 business

112 1499 1940 70 units, by William O. Douglas … and Carrol M. Shanks …
113 1577 268 70 Chicago,
414 1578 320 69 Callaghan
766 1578 111 53 and
907 1596 294 51 company,
1234 1581 151 50 1931.

111 1657 1984 107 xviii, 1230 p. 26 ᶜᵐ. (National casebook series; E. M. Morgan, general editor)
119 1786 51 52 ©
198 1789 110 41 Feb.
334 1788 40 49 2,
400 1788 113 41 1931;
571 1790 66 38 2c.
665 1789 94 39 and
787 1787 81 42 aff.
898 1788 109 41 Feb.
1036 1788 25 39 5;
1117 1788 40 39 A
1184 1786 147 42 34194;
1386 1787 270 49 Callaghan
1683 1788 39 41 &
1746 1799 68 29 co.

195 1844 251 51 (31-3723)

116 1938 241 66 Dreyer,
386 1940 159 64 Max,
579 1945 166 49 1862-

179 2017 117 52 Der
336 2033 123 51 weg
500 2015 206 55 durchs
749 2015 175 70 feuer,
968 2033 195 34 roman
1208 2034 111 33 von
1363 2016 139 53 Max
1544 2017 233 67 Dreyer.
1858 2015 254 69 Leipzig,

110 2093 59 53 L.
203 2092 402 72 Staackmann,
636 2096 149 50 1930.

178 2172 275 50 299 p. 19½ ᶜᵐ.
115 2229 1997 53 © Sept. 16, 1930; 1c. Nov. 1; A—Foreign 10161; L. Staackmann verlag,
181 2300 43 39 g.
254 2301 61 31 m.
344 2290 44 42 b.
419 2290 46 42 h.
537 2289 251 51 (31-4718)

108 2386 123 53 The
264 2384 245 52 Federal
544 2391 272 62 reporter.
895 2385 218 54 Second
1149 2385 185 53 series.
1413 2384 167 54 Cases
1618 2387 214 66 argued
1870 2388 111 50 and
178 2386 1910 131 determined

484 2466 59 51 in
571 2465 96 51 the
696 2463 217 54 Circuit
943 2468 188 48 courts
1158 2463 63 53 of
1249 2465 235 65 appeals
1512 2466 111 51 and
1652 2463 243 53 District
1923 2469 189 47 courts

180 2542 63 51 of
280 2542 97 52 the
415 2541 217 54 United
674 2541 206 69 States,
920 2541 218 53 United
1180 2540 189 55 States
1410 2548 161 46 court
1611 2542 63 51 of
1712 2547 244 47 customs
1998 2543 107 51 and

179 2618 1932 70 patent appeals, Court of cl aims of the United States, and
180 2698 179 54 Court
402 2697 65 53 of
511 2698 232 66 appeals
787 2696 64 53 of
894 2698 94 52 the
1034 2696 244 53 District
1324 2697 65 52 of
1432 2697 318 60 Columbia,
1797 2698 139 52 with
176 2699 1931 129 key-number

442 2775 362 52 annotations.
895 2793 51 33 v.
975 2778 64 48 43
1080 2776 127 68 (2d)
1246 2775 683 55 November-December.
1960 2779 149 49 1930.

180 2854 80 55 St.
289 2854 167 68 Paul,
481 2854 158 53 West
666 2853 335 68 publishing
1029 2872 96 49 co.,
1156 2856 148 50 1931.

176 2932 657 50 xxi, 1087 p. maps. 26 ᶜᵐ.
114 3000 50 51 ©
197 3004 109 39 Jan.
337 3002 68 49 24,
438 3002 139 46 1931;
611 3002 67 40 2c.
710 3002 111 41 Feb.
853 3003 53 38 11;
968 3002 83 41 aff.
1083 3003 111 40 Feb.
1226 3002 83 49 12;
1343 3004 39 39 A
1414 3003 170 48 33694;
1619 3006 135 39 West
1786 3006 109 47 pub.
1928 3017 67 28 co.

108 3111 261 66 Fischer,
398 3111 224 54 Martin
652 3113 223 64 Henry,
908 3114 171 54 1879-

175 3188 390 68 Fischerisms,
599 3190 170 70 being
802 3210 31 33 a
868 3191 165 53 sheaf
1066 3192 64 52 of
1162 3192 218 69 sundry
1416 3193 111 52 and
1562 3194 188 52 divers
1784 3199 319 49 utterances

107 3267 1991 72 culled from the lectures of Martin H. Fischer … by Howard
105 3344 241 68 Fabing.
430 3344 364 69 [Cincinnati]
833 3347 120 52 The
984 3345 247 54 Medical
1266 3346 211 69 college
1507 3347 298 54 bookstore,
105 3350 1973 138 University

247 3421 64 53 of
339 3421 348 57 Cincinnati,
719 3425 148 52 1930.

176 3501 834 50 2 p. l., 3-29 p., 1 l. front. 14 ᶜᵐ.
112 3566 52 53 ©
197 3572 119 40 Nov.
350 3572 69 48 28,
456 3571 113 42 1930;
632 3574 67 39 2c.
736 3574 109 40 Jan.
910 3574 25 38 15,
984 3574 106 40 1931;
1163 3575 81 40 aff.
1283 3575 110 41 Feb.
1429 3576 52 47 2;
1520 3576 40 40 A
1595 3575 170 49 34233;
1805 3578 61 40 H.
1904 3578 199 49 Fabing.

184 3627 290 43 Cincinnati.
545 3629 248 49 (31-3935)

107 3722 237 64 Forbes,
375 3725 138 53 Mrs.
542 3724 208 54 Rosita
787 3726 204 64 (Torr)

180 3799 124 55 One
343 3800 155 70 flesh,
537 3803 76 68 by
653 3803 193 53 Rosita
891 3804 240 65 Forbes;
1175 3806 171 69 being
1384 3826 29 33 a
1454 3809 234 68 comedy
1725 3809 140 52 with
1906 3830 29 33 a
107 3829 1973 118 prologue.

362 3880 139 53 New
531 3881 178 55 York.
739 3881 66 52 G.
839 3884 63 50 P.
934 3882 295 54 Putnam’s
1260 3902 146 51 sons,
1438 3888 151 50 1930.
