2505 4370
1060 4022 97 50 885

187 474 252 40 Half-title
457 485 8 27 :
496 475 195 37 Bureau
722 473 51 38 of
802 471 348 41 international
1182 471 239 48 research,
1453 470 232 40 Harvard
1716 469 270 48 university
2018 470 97 39 and

115 531 239 42 Radcliffe
375 532 191 47 college.

189 590 68 39 “A
286 589 296 40 translation
613 589 101 38 into
747 587 201 48 English
980 586 51 40 of
1064 586 201 40 treaties
1298 586 168 40 drawn
1500 595 64 38 up
1595 585 52 40 in
1677 584 139 41 other
1848 584 264 47 languages

119 647 54 50 [is
208 645 393 50 given]”—Pref.,
635 656 43 37 p.
717 644 95 49 [vii]

185 703 349 48 Bibliography
552 714 8 27 :
595 712 42 38 p.
663 700 306 50 [1081]-1103.

464 782 60 5 CONTENTS.—
526 759 68 49 pt.
618 765 32 33 I.
673 759 150 39 Texts
845 758 52 40 of
921 757 80 40 the
1026 756 350 49 treaties.—pt.
1400 762 52 33 II.
1479 755 229 48 Analysis
1727 755 51 40 of
1798 754 80 41 the
1897 753 218 42 treaties.

119 826 51 52 ©
199 830 125 41 June
352 830 38 47 8,
420 828 113 41 1931;
588 829 68 40 2c.
685 829 95 39 and
808 827 81 40 aff.
919 828 127 39 June
1073 825 54 40 12;
1184 826 42 39 A
1255 824 142 43 38791;
1456 827 197 38 Bureau
1681 825 51 40 of
1761 824 351 41 international

190 887 223 40 research
441 887 52 39 of
517 887 229 38 Harvard
774 885 128 39 univ.
930 884 36 40 &
992 883 239 40 Radcliffe
1260 884 190 47 college,
1481 883 300 47 Cambridge,
1812 884 146 40 Mass.

196 944 280 49 (31-15721)

110 1036 324 67 Hamilton,
463 1038 302 53 Theodore
794 1036 131 66 Ely,
955 1040 170 52 1869-

181 1118 265 53 Metrical
506 1116 370 54 translations
936 1115 64 54 of
1058 1115 243 68 French,
1360 1112 268 70 German,
1689 1114 113 52 and
1864 1112 248 69 Spanish

114 1201 217 63 poetry,
371 1196 113 52 and
520 1193 248 69 original
806 1212 174 50 verse,
1014 1193 77 69 by
1125 1192 297 53 Theodore
1460 1191 113 70 Ely
1610 1190 320 53 Hamilton.
113 1189 1976 152 Columbus,
391 1276 149 49 1931.

181 1351 273 48 106 p. 20 ᶜᵐ.
118 1405 51 52 ©
196 1410 112 47 Apr.
335 1408 68 49 18,
431 1407 113 42 1931;
599 1408 67 41 2c.
694 1408 113 47 May
832 1407 58 40 20;
945 1406 82 43 aff.
1053 1408 114 47 Apr.
1192 1406 55 40 21;
1304 1407 43 39 A
1371 1405 148 41 37600;
1572 1406 53 41 T.
1653 1406 54 41 E.
1734 1404 268 49 Hamilton,
183 1404 1912 110 Columbus,

416 1466 53 40 O.
533 1464 279 50 (31-15123)

111 1560 248 65 Haring,
388 1562 202 62 Harry
619 1559 229 65 Albert,
881 1560 172 55 1875-

176 1632 1931 71 New business for warehouses, by H. A. Haring … New
107 1712 1398 72 York, Distribution and warehousing [ ᶜ1 931 ]
178 1796 99 49 viii,
308 1797 85 41 322
425 1807 43 37 p.
529 1796 56 39 22½ᶜᵐ.

180 1853 67 39 “A
273 1852 269 48 reprinting
566 1852 52 40 of
641 1854 82 40 the
750 1853 105 40 first
881 1853 110 49 fifty
1017 1852 227 40 numbers
1272 1852 125 40 from
1424 1864 27 28 a
1481 1853 147 40 series
1657 1852 51 40 of
1731 1852 195 41 articles
1955 1852 154 41 which

109 1908 120 39 have
261 1911 241 45 appeared
532 1909 48 39 in
610 1907 327 42 Distribution
968 1910 96 39 and
1092 1909 340 48 warehousing
1462 1911 152 39 under
1645 1909 82 41 the
1755 1909 193 49 caption
1981 1910 129 39 ‘New

109 1964 218 40 business
359 1965 78 39 for
470 1963 555 43 warehouses’.”—Pref.

117 2019 52 51 ©
194 2024 113 47 May
330 2023 69 47 11,
426 2021 111 42 1931;
592 2021 65 42 2c.
684 2024 94 38 and
804 2021 82 42 aff.
913 2023 112 47 May
1051 2022 54 39 19;
1158 2022 39 39 A
1222 2022 172 48 37376;
1423 2022 331 40 Distribution
1780 2023 35 40 &
185 2021 1910 107 warehousing

288 2080 339 48 publications,
654 2080 89 40 inc.
808 2079 278 49 (31-15165)

110 2173 340 66 Harriman,
479 2173 234 55 Arthur
738 2174 240 65 Joseph,
1009 2179 171 50 1906-

180 2251 122 53 The
340 2256 150 48 rates
530 2251 66 52 of
632 2250 295 54 reduction
967 2250 65 53 of
1071 2269 152 35 some
1263 2255 114 49 met
1382 2269 31 35 a
1453 2250 154 54 nitro
1648 2252 274 52 aromatic
110 2270 1976 126 compounds

421 2328 1665 70 … by Arthur J. Harriman, A. M . [Washington, D. C.]
110 2406 121 53 The
262 2405 261 53 Catholic
552 2405 319 69 university
898 2405 64 53 of
992 2405 284 69 America,
1308 2409 150 50 1931.

179 2488 661 48 3 p. l., 23 p. diagr. 23 ᶜᵐ.
181 2545 172 39 Thesis
392 2544 106 48 (PH.
550 2543 329 47 D.)—Catholic
908 2544 271 48 university
1207 2545 52 40 of
1286 2545 238 48 America,
1553 2545 129 42 1931.

181 2600 127 42 Vita.

117 2655 51 52 ©
204 2659 126 40 June
363 2659 39 45 6,
437 2658 140 45 1931;
612 2658 67 40 2c.
714 2660 94 37 and
844 2656 82 43 aff.
962 2658 125 40 June
1121 2658 52 46 6;
1210 2658 43 39 A
1286 2658 171 48 37757;
1496 2658 221 42 Catholic
1753 2659 270 49 university
2060 2661 51 39 of

185 2716 236 47 America,
448 2716 292 48 Brookland,
767 2716 55 38 D.
850 2715 49 41 C.
963 2714 279 49 (31-15182)

112 2810 172 64 Hart,
316 2810 220 65 Joseph
570 2809 304 66 Kinmont,
909 2811 171 56 1876-
1292 2812 84 55 ed.

183 2889 264 54 Creative
481 2894 278 50 moments
793 2890 60 52 in
891 2889 328 68 education;
1261 2910 31 34 a
1329 2892 407 69 documentary
115 2890 1971 130 interpretation
277 2967 64 53 of
379 2968 97 52 the

515 2968 220 68 history
776 2968 64 52 of
880 2967 318 70 education,
1236 2968 77 70 by
1353 2968 216 69 Joseph
1612 2968 72 53 K.
1729 2968 170 55 Hart.
1974 2968 138 55 New

113 3044 178 69 York,
319 3045 76 52 H.
424 3045 146 52 Holt
597 3047 111 51 and
737 3062 280 52 company
1049 3048 172 64 [1931]

180 3123 96 47 xvi,
306 3122 87 41 476
421 3132 44 39 p.
525 3122 56 40 22½ᶜᵐ.

181 3178 178 48 “Helps
387 3180 50 39 to
466 3178 174 48 study”
658 3189 9 30 :
697 3189 44 38 p.
768 3178 218 43 465-471.

119 3231 51 52 ©
199 3237 112 46 May
337 3236 68 47 14,
434 3236 111 40 1931;
603 3236 66 41 2c.
698 3239 94 38 and
820 3237 81 41 aff.
931 3239 112 46 May
1069 3238 82 46 29;
1182 3239 40 38 A
1248 3238 172 47 38511;
1451 3239 168 47 Henry
1646 3239 119 40 Holt
1793 3239 37 40 &
1857 3250 80 37 co.,
1968 3239 88 40 inc.

197 3293 278 48 (31-15063)

113 3387 251 64 Hauser,
393 3387 302 57 Heinrich.

244 3466 1864 72 … Die letzten Segelschiffe; schiff, mannschaft, meer und
113 3542 275 53 horizont.
465 3545 217 69 Berlin,
710 3544 55 57 S.
794 3545 233 55 Fischer
1061 3548 172 65 [1930]

181 3620 759 50 4 p. l., 11-281, [3] p. 20 ½ᶜᵐ .
183 3677 170 40 “Erste
383 3677 74 40 bis
488 3679 187 40 sechste
705 3679 188 48 auflage
925 3680 156 41 1931.”

183 3733 1924 52 “‘Pamir tritt seine sechsunddreissigste reise an’ … Als gast … habe
113 3789 77 40 ich
215 3790 129 40 diese
373 3790 123 41 reise
523 3790 325 48 mitgemacht.
906 3793 72 38 An
1004 3794 118 39 bord
1148 3793 124 39 habe
1298 3793 76 40 ich
1403 3792 102 41 dies
1532 3794 235 46 tagebuch
1797 3792 308 49 geschrieben

113 3847 97 39 und
238 3846 154 41 einem
423 3847 98 39 film
552 3848 601 47 gedreht.”—Einleitung.

123 3901 1907 54 © Oct. 28, 1930; 1c. Dec. 9; A —Foreign 10392; S. Fischer Verlag, a. g.
204 3963 278 49 (31-14996)
