2428 4370
1032 3973 141 58 2107

103 368 145 52 New
278 369 161 51 York
479 370 218 63 (State)
785 369 203 53 Courts
1019 371 64 63 of
1111 370 213 52 record.

235 445 1867 66 … The miscellaneous reports, cases decided in the Courts of
106 526 194 52 record
333 524 63 53 of
428 525 98 52 the
557 528 145 49 state
735 524 62 53 of
828 523 138 53 New
1001 523 162 52 York
1195 524 160 52 other
1388 524 142 53 than
1561 524 96 53 the
1692 522 181 56 Court
1904 522 65 53 of
105 540 1970 127 appeals

286 604 111 50 and
421 602 95 51 the
543 600 285 66 appellate
854 600 247 53 division
1127 602 64 51 of
1216 602 96 51 the
1340 601 275 65 Supreme
1638 606 176 49 court.
1889 601 211 52 Austin

104 680 65 50 B.
225 677 219 66 Griffin,
502 687 270 57 reporter,
847 696 50 33 v.
959 680 252 49 128-131.
1292 678 323 52 1927-1928.
1697 676 238 69 [Official
1993 679 103 66 ed.]

103 756 247 66 Albany,
379 758 55 52 J.
466 758 65 51 B.
562 757 161 64 Lyon
753 772 295 48 company,
1081 755 323 53 1927-1928.

173 831 26 36 4
230 840 41 27 v.
332 828 145 39 23½ᶜᵐ.

108 909 41 30 v.
185 898 96 45 128,
321 894 57 51 ©
408 897 118 47 Aug.
563 897 39 45 5,
639 895 140 48 1927;
817 908 41 27 v.
896 894 97 49 129,
1032 892 51 51 ©
1118 896 120 40 Nov.
1274 896 54 39 16;
1394 906 42 31 v.
1473 896 98 47 130,
1610 892 51 51 ©
1698 896 114 48 Apr.
1848 896 70 49 24,
1956 895 141 49 1928;

179 966 39 29 v.
254 955 97 45 131,
388 950 51 51 ©
474 954 119 47 Aug.
630 954 79 41 15;
746 953 65 39 2c.
847 953 118 39 each
999 953 95 38 and
1130 952 108 40 affs.
1274 953 112 39 Dec.
1421 953 41 46 3,
1498 952 141 48 1931;
1676 954 43 38 A
1749 953 348 49 46110-46113;

179 1011 179 40 Robert
393 1011 170 44 Moses,
600 1013 243 43 secretary
878 1010 52 38 of
963 1009 79 40 the
1078 1011 128 38 state
1241 1009 53 39 of
1325 1010 117 38 New
1477 1009 144 47 York,
1656 1009 52 39 in
1742 1013 132 38 trust
1906 1011 80 39 for
2019 1010 83 41 the

177 1068 173 40 benefit
377 1068 52 39 of
455 1068 81 39 the
562 1067 165 47 people
755 1067 51 38 of
832 1067 80 39 the
942 1069 141 43 state,
1112 1067 202 46 Albany.

235 1170 1867 65 … The miscellaneous reports. Cases decided in the Courts
105 1249 63 51 of
205 1250 194 52 record
437 1249 63 51 of
536 1250 93 51 the
665 1254 145 47 state
846 1248 63 52 of
945 1248 137 55 New
1120 1247 161 52 York
1318 1248 161 52 other
1514 1249 141 52 than
1690 1249 97 53 the
1825 1248 182 55 Court
2038 1249 65 53 of

105 1328 233 63 appeals
363 1328 112 51 and
499 1326 94 52 the
617 1326 284 64 appellate
926 1324 247 53 division
1198 1326 64 51 of
1284 1326 96 52 the
1404 1324 276 66 Supreme
1705 1330 176 48 court.
102 1327 1976 129 Austin

218 1405 64 51 B.
314 1401 218 61 Griffin,
560 1407 269 60 reporter,
905 1422 49 32 v.
988 1405 256 49 133-136.
1322 1405 323 50 1929-1930.
1726 1401 239 67 [Official
1993 1404 103 65 ed.]

102 1480 248 66 Albany,
379 1482 54 52 J.
469 1483 63 51 B.
563 1481 160 64 Lyon
756 1497 295 48 company,
1084 1482 322 49 1929-1930.

173 1567 28 37 4
266 1598 7 6 v.
334 1565 144 39 23½ᶜᵐ.

107 1634 41 28 v.
185 1622 98 42 133,
321 1618 51 51 ©
411 1621 127 47 Sept.
574 1621 69 42 25,
679 1620 139 42 1329;
855 1632 42 29 v.
932 1620 98 46 134,
1069 1616 57 51 ©
1158 1621 121 38 Mar.
1317 1622 38 46 7,
1393 1620 140 47 1930;
1571 1632 42 28 v.
1652 1620 96 49 135,
1789 1616 51 52 ©
1881 1621 127 48 Sept.
2045 1623 53 45 4;

179 1689 41 31 v.
257 1678 98 48 136,
393 1674 51 52 ©
483 1679 101 40 Oct.
618 1679 81 42 27;
738 1677 64 41 2c.
839 1678 119 39 each
992 1678 95 40 and
1124 1677 106 40 affs.
1269 1678 110 40 Dec.
1417 1678 41 47 3,
1495 1677 140 48 1931;
1675 1678 42 39 A
1750 1678 348 44 46114-46117;

178 1737 209 39 Edward
423 1737 42 38 J.
505 1737 168 46 Flynn,
710 1739 244 43 secretary
990 1736 50 38 of
1076 1735 79 39 the
1191 1737 129 38 state
1353 1736 50 39 of
1439 1736 117 38 New
1592 1736 144 43 York,
1772 1736 51 39 in
1859 1739 131 37 trust
2022 1737 79 40 for

179 1793 79 39 the
286 1793 172 40 benefit
487 1793 52 39 of
566 1793 79 39 the
674 1794 162 46 people
865 1792 50 39 of
944 1792 79 40 the
1052 1795 141 46 state,
1221 1792 204 47 Albany.

235 1896 1868 65 … The miscellaneous reports. Cases decided in the Courts
107 1976 62 51 of
204 1977 195 51 record
435 1975 64 53 of
534 1976 95 51 the
664 1979 146 48 state
845 1975 63 51 of
944 1975 137 51 New
1121 1974 165 52 York
1317 1976 161 51 other
1513 1975 141 53 than
1689 1977 97 51 the
1824 1976 179 54 Court
2040 1975 65 54 of

104 2054 233 64 appeals
361 2054 111 51 and
497 2053 95 52 the
616 2054 285 63 appellate
924 2052 247 53 division
1196 2052 63 52 of
1283 2053 97 53 the
1405 2051 275 66 Supreme
1705 2058 175 47 court.
104 2054 1973 129 Austin

218 2132 66 52 B.
313 2128 219 65 Griffin,
560 2134 270 60 reporter,
906 2148 51 33 v.
987 2132 254 50 138-140.
1320 2131 149 50 1931.
1552 2128 238 66 [Official
1819 2131 103 65 ed.]
104 2131 1976 141 Albany,

299 2208 56 53 J.
384 2209 63 50 B.
478 2208 162 64 Lyon
666 2223 279 48 company,
993 2210 151 50 1931.

174 2280 27 39 3
234 2291 40 27 v.
335 2278 145 40 23½ᶜᵐ.

109 2361 41 28 v.
182 2349 96 44 138,
312 2345 51 51 ©
393 2349 127 39 June
548 2349 39 46 3,
618 2346 112 41 1931;
789 2357 42 29 v.
864 2346 97 48 139,
996 2343 51 51 ©
1083 2347 128 47 Sept.
1242 2348 25 38 1;
1327 2360 42 28 v.
1401 2348 98 47 140,
1534 2344 51 51 ©
1618 2348 118 40 Nov.
1767 2347 57 42 27;
1884 2348 66 41 2c.
1984 2349 116 41 each

179 2409 96 38 and
306 2405 106 40 affs.
447 2405 109 40 Dec.
589 2405 25 39 3;
676 2405 40 38 A
746 2403 319 40 46119-46121;
1129 2405 210 38 Edward
1373 2405 44 39 J.
1452 2405 171 47 Flynn,
1657 2408 247 45 secretary
1937 2407 50 39 of
2022 2405 80 42 the

177 2465 127 37 state
332 2462 52 40 of
411 2463 115 38 New
555 2462 144 46 York,
727 2461 49 39 in
805 2464 128 37 trust
961 2462 80 38 for
1069 2461 80 40 the
1179 2461 177 40 benefit
1382 2462 51 39 of
1462 2461 83 40 the
1572 2464 166 46 people
1769 2463 50 39 of
1850 2462 82 42 the
1960 2466 142 44 state,

177 2519 201 47 Albany.

103 2621 145 53 New
278 2622 161 52 York
482 2623 217 65 (State)
783 2623 276 65 Supreme
1092 2630 173 46 court.

237 2700 1868 66 … Reports of cases heard and determined in the appellate
105 2776 2000 132 division … Austin B. Griffin, reporter, v. 218-223. 1927-1928.
337 2854 237 68 [Official
606 2857 102 64 ed.]
787 2855 249 66 Albany,
1066 2856 54 53 J.
1155 2858 66 50 B.
1253 2857 162 65 Lyon
1447 2874 297 48 company,
1777 2856 325 55 1927-1928.

175 2928 27 39 6
233 2940 44 28 v.
336 2928 145 40 23½ᶜᵐ.

109 2996 41 27 v.
175 2985 98 47 218,
299 2980 51 51 ©
375 2985 113 48 May
511 2984 40 47 5,
575 2982 113 41 1927;
741 2995 42 29 v.
808 2983 98 49 219,
934 2980 56 51 ©
1011 2984 118 47 Aug.
1155 2984 25 39 5;
1233 2995 43 30 v.
1300 2983 98 49 220,
1427 2981 55 51 ©
1506 2984 102 41 Oct.
1634 2986 26 39 7;
1713 2995 43 29 v.
1782 2984 98 47 221,
1910 2981 51 51 ©
1987 2985 113 47 Apr.

178 3041 68 45 24,
276 3041 115 40 1928;
445 3052 42 28 v.
514 3040 98 44 222,
643 3036 51 51 ©
724 3041 114 46 July
865 3040 56 39 20;
978 3052 42 29 v.
1047 3039 98 49 223,
1177 3037 51 51 ©
1259 3041 102 40 Oct.
1390 3042 25 39 5;
1472 3042 68 40 2c.
1568 3042 119 39 each
1714 3042 117 39 Nov.
1861 3041 70 47 27,
1959 3040 113 41 1931;

180 3098 107 40 affs.
318 3098 111 40 Dec.
460 3099 25 38 3;
546 3098 40 38 A
616 3096 319 41 46122-46127;
998 3098 179 39 Robert
1211 3099 172 46 Moses,
1416 3101 246 44 secretary
1694 3098 55 40 of
1776 3098 84 40 the
1891 3102 128 37 state
2052 3099 54 40 of

180 3155 116 39 New
324 3155 143 46 York,
495 3155 50 38 in
574 3157 128 37 trust
731 3154 76 39 for
837 3154 80 39 the
946 3154 173 40 benefit
1150 3155 50 40 of
1230 3155 81 40 the
1340 3156 165 47 people
1534 3155 51 40 of
1615 3155 81 40 the
1726 3158 141 45 state,
1899 3156 201 46 Albany.

237 3316 1867 66 … Reports of cases heard and determined in the appellate
106 3391 2000 130 division … Austin B. Griffin, reporter, v. 224-232. 1929-1931.
339 3468 237 65 [Official
606 3470 102 65 ed.]
787 3469 248 67 Albany,
1066 3472 52 53 J.
1154 3474 62 49 B.
1251 3472 164 64 Lyon
1446 3488 297 49 company,
1777 3473 326 53 1929-1931.

178 3540 302 41 9 v. 23½ ᶜᵐ .
111 3610 41 29 v.
175 3597 97 47 224,
301 3594 51 51 ©
377 3598 111 47 Apr.
514 3597 67 46 10,
606 3596 113 40 1929;
771 3608 41 30 v.
837 3596 98 43 225.
962 3594 51 51 ©
1042 3598 126 47 Sept.
1194 3598 25 39 6;
1272 3610 41 27 v.
1338 3598 99 48 226,
1464 3594 51 51 ©
1541 3598 110 40 Feb.
1676 3597 67 45 19,
1769 3597 117 41 1930;
1936 3610 41 30 v.
2002 3599 99 47 227,

184 3650 51 51 ©
263 3654 125 39 June
415 3654 56 39 10;
525 3665 41 29 v.
594 3653 98 46 228,
725 3650 54 51 ©
807 3655 126 46 Sept.
961 3654 54 40 18;
1072 3666 42 29 v.
1142 3654 98 41 229.
1271 3651 51 51 ©
1352 3654 102 42 Oct.
1482 3655 55 40 27;
1594 3666 42 29 v.
1666 3655 99 47 230,
1797 3650 56 53 ©
1880 3656 121 40 Mar.
2029 3655 72 47 25,

182 3711 139 41 1931;
355 3722 30 27 v
429 3710 99 41 231.
563 3706 51 51 ©
647 3711 125 39 June
804 3711 81 44 29;
921 3723 41 28 v.
996 3710 99 48 232,
1132 3707 56 51 ©
1218 3711 102 40 Oct.
1353 3712 82 46 28;
1471 3712 66 39 2c.
1571 3712 120 39 each
1722 3712 117 39 Nov.
1874 3712 83 47 27;
1993 3712 107 41 affs.

182 3768 109 39 Dec.
325 3767 25 38 3;
415 3768 40 37 A
487 3766 320 41 46128-46136;
872 3768 211 38 Edward
1117 3768 44 41 J.
1197 3767 171 48 Flynn,
1405 3771 246 45 secretary
1686 3768 52 41 of
1772 3769 82 40 the
1890 3771 128 39 state
2052 3770 50 38 of

181 3824 117 38 New
325 3824 142 44 York,
498 3824 49 38 in
576 3826 128 37 trust
732 3824 77 39 for
839 3824 82 39 the
946 3824 174 39 benefit
1151 3825 51 38 of
1230 3825 81 39 the
1340 3826 166 46 people
1534 3825 51 39 of
1616 3826 80 39 the
1726 3828 141 45 state,
1897 3826 204 47 Albany.
