2505 4370
1066 4028 62 49 569

81 467 1991 87 Noble Braden, Antonia Hatvany, George A. Little … [and
80 566 205 68 others]
365 562 136 53 New
545 558 178 72 York,
764 554 250 72 Chicago
1074 558 120 65 [etc.]
1239 549 323 58 Commerce
1600 546 253 70 clearing
1889 544 190 72 house,

80 645 125 66 inc.,
237 643 174 53 Loose
446 639 118 52 leaf
595 635 208 56 service
835 633 244 55 division
1115 631 62 53 of
1236 631 67 51 the
1340 625 377 71 Corporation
1751 630 149 48 trust
81 641 1970 148 company,
281 720 148 52 1931.

150 795 767 56 4 p. l., 284, xxxvi p. 19½ ᶜᵐ .
153 871 100 40 The
283 866 273 46 Commerce
583 863 211 51 clearing
824 864 159 47 house,
1014 862 103 46 inc.,
1149 860 98 42 will
1281 858 139 50 issue,
1450 858 44 40 in
1526 856 277 42 connection
1839 856 115 41 with
1987 855 95 41 this

123 927 99 45 Code,
255 937 22 29 a
314 925 217 47 monthly
562 920 202 44 bulletin
795 918 314 41 information
1144 915 183 42 service
1356 915 234 48 prepared
1624 915 59 48 by
1718 913 80 40 the
1828 913 251 40 American

82 980 290 43 arbitration
404 977 293 43 association.
767 975 63 49 cf.
860 972 259 50 Prefatory
1149 975 124 38 note.

156 1038 174 42 “Table
357 1038 52 40 of
435 1033 191 44 cases”:
655 1045 42 37 p.
724 1030 345 45 xxxi—xxxvi.

157 1094 134 43 “List
318 1095 52 40 of
393 1090 294 45 arbitration
718 1087 236 43 statutes”
972 1099 9 29 :
1013 1096 41 38 p.
1100 1084 234 52 [227]-228.

92 1164 52 52 ©
177 1168 113 47 Apr.
322 1167 38 46 1,
393 1162 142 50 1931;
566 1161 69 42 2c.
666 1162 96 38 and
793 1159 83 40 aff.
908 1159 115 48 Apr.
1053 1157 54 47 3;
1143 1157 39 39 A
1214 1154 173 49 36334;
1422 1154 145 40 Amer.
1614 1150 293 43 arbitration
1943 1159 144 39 assn.,

160 1225 115 39 New
306 1222 144 39 York.
521 1217 249 51 (31-9717)

89 1316 308 65 Kerkhoff,
429 1314 294 55 Johnston
755 1313 70 53 D.

159 1397 197 53 Aaron
382 1395 179 53 Burr:
590 1409 27 36 a
645 1389 278 54 romantic
947 1386 341 72 biography,
1312 1387 73 69 by
1408 1385 285 55 Johnston
1715 1384 70 52 D.
1809 1380 276 56 Kerkhoff

152 1466 1004 77 … New York, Greenberg [ ᶜ1 931 ]
163 1550 515 54 viii, 279 p. 23½ ᶜᵐ .
165 1621 347 44 “References”
533 1633 8 28 :
578 1632 42 37 p.
655 1621 98 39 279.

98 1692 53 54 ©
183 1697 121 41 Mar.
335 1695 70 49 31,
438 1693 141 49 1931;
612 1691 69 43 2c.
711 1691 115 50 Apr.
886 1690 54 49 13;
975 1688 84 44 aff.
1090 1688 115 50 Apr.
1239 1688 83 48 18;
1354 1687 42 40 A
1427 1685 172 50 35882;
1636 1684 276 51 Greenberg
1942 1683 153 50 pubr.,

167 1754 89 41 inc.
327 1751 281 50 (31-10065)

94 1849 249 63 Keskar,
381 1845 412 56 Vishwanath.

164 1924 209 55 Pillars
406 1922 64 53 of
502 1921 122 68 life,
654 1922 74 68 by
764 1919 134 55 Shri
931 1917 374 57 Vishwanath
1345 1915 251 67 Keskar;
1636 1915 137 55 with
1811 1914 278 55 foreword

94 2003 72 70 by
192 2002 54 54 J.
277 2000 66 55 G.
373 2000 213 68 Phelps
612 1997 214 56 Stokes.
890 1996 134 55 New
1055 1996 179 70 York,
1265 1998 149 53 1931.

164 2076 628 55 120, [1] p. illus. 19 ᶜᵐ .
167 2152 243 42 Lectures.

104 2222 51 52 ©
188 2227 123 40 Mar.
344 2225 68 48 18,
447 2223 139 46 1931;
620 2224 67 40 2c.
721 2221 95 41 and
849 2220 82 41 aff.
966 2221 121 41 Mar.
1119 2218 82 51 23;
1237 2219 41 40 A
1311 2218 171 49 36048;
1525 2219 47 42 V.
1608 2217 205 52 Keskar,
175 2215 1910 110 Washington.
342 2281 251 49 (31-9785)

101 2376 189 64 Kyne,
317 2376 178 53 Peter
521 2374 286 65 Bernard,
836 2378 169 50 1880-

227 2440 1874 83 … The gringo privateer and Island of desire. New York,
99 2526 425 70 Cosmopolitan
556 2525 145 55 book
732 2525 378 72 corporation,
1146 2528 150 51 1931.

170 2608 618 53 3 p. l., 3-376 p. 19½ ᶜᵐ .
170 2683 64 39 At
260 2682 125 40 bead
411 2681 53 41 of
487 2679 107 42 title
612 2692 9 28 :
652 2679 142 41 Peter
822 2679 53 41 B.
904 2676 151 50 Kyne.

110 2748 51 53 ©
190 2753 121 40 Mar.
339 2751 69 48 28,
438 2749 140 48 1931;
608 2749 67 41 2c.
704 2750 96 39 and
829 2748 82 41 aff.
940 2749 123 42 Mar.
1091 2746 83 50 30;
1205 2748 41 39 A
1274 2747 171 50 36547;
1477 2749 50 41 P.
1559 2749 54 39 B.
1643 2747 153 51 Kyne,
1830 2748 96 41 San
177 2748 1912 104 Francisco.
386 2807 252 51 (31-9712)

105 2902 313 65 Laughlin,
451 2901 203 55 James
686 2900 318 67 Laurence,
1042 2905 169 51 1850-

173 2979 55 50 A
250 2995 122 34 new
395 2976 319 68 exposition
738 2976 64 53 of
825 2992 219 54 money,
1069 2975 180 55 credit
1274 2977 112 51 and
1413 2976 200 68 prices,
1638 2977 72 66 by
1734 2977 55 53 J.
1817 2975 288 56 Laurence

105 3044 2001 89 Laughlin … Chicago, Ill., The University of Chicago press
183 3135 117 67 [ᶜ1931]

176 3217 26 39 2
277 3247 9 8 v.
347 3214 125 41 illus.
502 3216 49 46 (1
593 3215 112 48 col.)
756 3213 176 49 diagrs.
993 3214 115 40 23ᶜᵐ.

181 3270 289 43 References
505 3273 51 38 at
589 3270 81 42 the
706 3268 256 51 beginning
995 3270 52 40 of
1078 3273 125 39 most
1238 3271 54 40 of
1324 3271 81 41 the
1441 3271 240 49 chapters.

116 3340 51 52 ©
199 3344 121 42 Mar.
350 3342 55 39 24,
509 3343 83 46 1931;
623 3341 67 42 2c.
721 3342 118 41 each
868 3341 114 49 Apr.
1014 3343 81 46 14;
1128 3341 107 43 affs.
1268 3342 114 49 Apr.
1415 3343 83 47 13;
1531 3344 41 39 A
1601 3341 160 52 35749,
1791 3343 146 41 35750;
184 3343 1908 105 University

399 3400 52 40 of
482 3399 222 49 Chicago,
737 3398 224 50 Chicago.
1031 3396 249 52 (31-9719)

116 3491 364 67 Lieberman,
517 3493 178 65 Elias,
733 3499 170 51 1883-
1114 3496 84 54 ed.

181 3560 1928 86 Poems for enjoyment, edited by Elias Lieberman … New
114 3647 163 53 York
309 3648 114 53 and
458 3646 257 70 London,
748 3647 231 69 Harper
1014 3651 50 50 &
1098 3647 278 70 brothers,
1413 3651 148 51 1931.

286 3727 681 52 xxv, [1], 510 p. front. 20 ᶜᵐ .
188 3785 161 42 “First
379 3785 226 42 edition.”

189 3840 293 51 “Suggested
510 3841 226 49 readings
759 3841 78 41 for
864 3842 205 42 selected
1097 3842 164 49 poets”
1282 3854 8 28 :
1320 3853 42 38 p.
1389 3842 215 42 421-460.

124 3909 52 52 ©
201 3913 114 49 Apr.
342 3915 70 45 15,
440 3913 107 41 1931;
609 3913 68 41 2c.
703 3914 113 47 Apr.
844 3915 56 37 15;
957 3914 84 40 aff.
1068 3915 114 48 Apr.
1210 3915 83 46 17;
1322 3915 39 39 A
1390 3914 145 41 36539;
1594 3915 193 50 Harper
1814 3917 37 40 &
1879 3916 124 42 bros.

200 3969 278 54 (31-10193)
