2428 4370
972 4020 132 49 1565

67 481 1926 71 adapted for younger readers by Alexander Sprunt. jr. …
67 563 136 53 New
238 560 178 67 York,
451 560 190 58 Dodd,
674 559 171 54 Mead
881 563 46 51 &
959 577 296 52 company,
1294 563 149 52 1931.

167 640 1014 51 x p., 1 l., 233 p. front., plates. 20½ᶜᵐ.
70 696 51 51 ©
148 700 127 47 Sept.
301 698 69 48 18,
394 698 140 47 1931;
560 699 67 39 2c.
657 698 126 48 Sept.
808 698 83 47 25;
920 696 82 42 aff.
1031 698 125 48 Sept.
1184 698 82 46 26;
1295 698 40 39 A
1360 697 171 48 41903;
1562 699 152 46 Dodd,
1745 700 140 38 Mead
1911 700 37 39 &
1974 709 82 34 co.,

139 756 89 41 inc.
292 751 67 54 [©
395 755 236 40 revisions
663 756 95 39 and
790 754 271 41 additional
1095 754 241 49 material]
1409 755 280 48 (31-25551)

67 849 266 67 Fernald,
364 850 184 52 Helen
579 849 194 56 Clark.

137 929 120 51 The
303 929 204 53 scarlet
553 928 208 69 fringe,
805 929 75 68 by
924 928 186 52 Helen
1156 926 64 55 C.
1266 927 250 54 Fernald
1563 929 110 52 and
1723 928 209 53 Edwin
1975 928 81 53 M.

70 1006 317 67 Slocombe;
434 1006 324 53 illustrated
800 1006 75 67 by
921 1005 199 54 Carlos
1166 1004 251 55 Sanchez
1463 1004 78 52 M.
1617 1005 257 68 London,
1919 1005 137 52 New

66 1083 160 53 York
275 1086 119 63 [etc.]
425 1084 344 68 Longmans,
796 1082 185 55 Green
1009 1084 111 52 and
1149 1102 97 49 co.,
1274 1086 149 49 1931.

128 1160 1198 51 xvii, 236 p. incl. front., illus., plates. 20½ᶜᵐ.
128 1216 227 42 “Printed
382 1218 47 39 in
458 1219 81 41 the
567 1218 178 41 United
777 1218 158 41 States
964 1218 52 40 of
1039 1217 267 42 America.”

127 1273 159 43 “First
504 1274 38 41 édition.”

67 1327 50 52 ©
147 1331 101 41 Oct.
276 1332 38 45 1,
343 1329 140 48 1931;
513 1330 67 41 2c.
610 1330 101 41 Oct.
741 1330 50 47 8;
823 1330 80 39 aff.
933 1330 101 40 Oct.
1064 1331 53 46 7;
1147 1330 42 39 A
1215 1329 171 48 42936;
1418 1331 288 48 Longmans,
1737 1331 155 39 Green
1923 1331 36 40 &
1988 1340 67 31 co.

141 1387 278 50 (31-25970)

62 1480 234 66 Foulke,
326 1483 129 62 Roy
484 1481 71 55 A.

129 1558 119 53 The
292 1555 355 56 commercial
692 1576 178 49 paper
914 1557 239 70 market,
1195 1559 77 67 by
1314 1559 128 68 Roy
1482 1560 72 53 A.
1602 1559 234 53 Foulke.
1912 1560 138 52 New

60 1634 1516 71 York, The Bankers publishing company [ ᶜ1 931]
127 1718 27 38 2
181 1729 42 37 p.
287 1749 8 16 l.,
355 1717 143 48 vii-xv,
527 1718 85 40 267
639 1729 42 36 p.
742 1717 141 48 illus.,
912 1717 178 48 diagrs.
1154 1718 117 40 22ᶜᵐ.

64 1771 50 52 ©
146 1776 126 48 Sept.
300 1774 68 49 21,
398 1774 140 48 1931;
569 1775 66 40 2c.
667 1776 127 47 Sept.
823 1775 81 47 26;
937 1775 81 41 aff.
1052 1775 126 48 Sept.
1207 1774 83 48 25;
1321 1775 42 39 A
1390 1775 172 47 42624;
1594 1775 222 40 Bankers
1845 1774 109 48 pub.
1985 1785 68 29 co.

138 1831 278 49 (31-29026)

61 1928 136 61 Fox,
228 1926 173 64 John,
437 1932 324 50 1862-1919.

125 2003 120 53 The
284 2003 150 53 little
473 2003 282 68 shepherd
796 2003 65 53 of
900 2003 292 69 Kingdom
1240 2002 188 68 Come,
1468 2004 77 68 by
1584 2002 157 55 John
1782 2003 141 66 Fox,
1960 2002 90 68 jr.,

61 2080 133 53 with
221 2080 250 69 pictures
499 2081 76 68 by
603 2080 68 53 N.
703 2080 64 55 C.
792 2081 227 68 Wyeth.
1086 2081 139 53 New
1254 2080 180 68 York,
1466 2079 63 56 C.
1561 2079 313 56 Scribner’s
1903 2098 147 50 sons,

59 2161 146 49 1931.

124 2240 86 40 viii
236 2251 57 37 p.,
321 2240 28 39 2
410 2271 9 17 l.,
446 2240 146 40 3-322
616 2250 43 38 p.
719 2242 86 38 col.
832 2242 172 46 plates.
1063 2240 117 41 24ᶜᵐ.

123 2297 286 39 Illustrated
437 2299 97 44 t.-p.
562 2297 96 39 and
684 2295 348 49 lining-papers
1059 2295 52 40 in
1134 2297 171 40 colors.

63 2350 50 52 ©
144 2354 125 48 Sept.
298 2354 70 46 25,
397 2352 140 48 1931;
569 2352 68 42 2c.
668 2353 101 40 Oct.
800 2352 81 47 10;
914 2352 83 42 aff.
1027 2352 101 41 Oct.
1161 2352 81 48 12;
1275 2353 40 39 A
1344 2352 172 48 44013;
1550 2353 202 40 Charles
1786 2351 265 43 Scribner’s

126 2421 123 29 sons.
313 2405 69 55 [©
410 2409 343 49 illustrations]
825 2408 279 49 (31-28117)

58 2504 127 64 Gill,
215 2505 277 65 McCune,
529 2509 171 49 1883-

124 2581 118 53 The
273 2579 270 55 Missouri
574 2581 110 52 law
715 2581 64 52 of
807 2579 128 54 title
964 2586 58 49 to
1053 2580 118 53 real
1203 2585 292 64 property,
1526 2578 306 72 according
1861 2589 59 45 to
1951 2582 94 52 the

55 2656 272 56 decisions
352 2659 64 51 of
439 2659 95 52 the
565 2657 273 68 Supreme
864 2663 161 47 court
1050 2657 113 53 and
1194 2659 206 54 Courts
1427 2658 64 52 of
1518 2658 205 67 appeal
1752 2659 107 52 and
55 2676 1966 110 present

185 2733 1858 70 and former statutes, by McCune Gill … 3d ed. Saint
54 2811 187 70 Louis,
267 2814 247 53 Thomas
539 2813 109 53 law
672 2813 147 53 book
843 2828 297 54 company,
1170 2817 147 50 1931.

122 2894 84 41 823
231 2907 42 37 p.
332 2894 146 41 23½ᶜᵐ.

126 2950 1913 49 First édition published 1917 under title: The law of title to real
55 3010 225 45 property
309 3008 52 39 in
390 3006 256 48 Missouri;
679 3007 60 40 2d
957 3039 8 14 édition,
996 3007 115 40 1924;
1170 3007 100 40 The
1305 3007 229 40 Missouri
1568 3009 96 37 law
1693 3007 50 40 of
1775 3008 100 39 real
54 3018 1973 93 property.

58 3116 50 52 ©
140 3122 125 47 Sept.
292 3121 69 49 30,
391 3121 139 47 1931;
561 3122 68 40 2c.
658 3123 94 38 and
783 3121 81 41 aff.
894 3122 102 41 Oct.
1024 3123 53 45 3;
1109 3122 42 39 A
1176 3121 172 46 43037;
1381 3122 62 39 M.
1475 3121 110 47 Gill,
1618 3122 66 39 St.
1716 3121 158 40 Louis.

133 3177 277 51 (31-29040)

55 3255 347 67 Goldsmith,
431 3259 306 63 Margaret
766 3258 238 64 Leland,
1035 3264 171 49 1894-

119 3332 115 53 Ein
286 3334 250 53 fremder
587 3334 60 52 in
699 3335 184 67 Paris,
936 3352 200 35 roman
1187 3352 111 35 von
1347 3334 296 68 Margaret
1696 3333 345 55 Goldsmith.

50 3408 698 71 Leipzig, P. List [ ᶜ1 930]
118 3492 97 47 201,
247 3494 54 48 [1]
332 3504 43 37 p.
434 3493 145 41 19½ᶜᵐ.

121 3548 241 41 “Deutsch
387 3560 92 29 von
507 3551 175 47 Magda
710 3549 187 42 Kahn.”

58 3600 1982 54 © Sept. 8, 1930; 1c. Feb. 26, 1931; A—Foreign 12045; Paul List verlag.
130 3661 277 50 (31-28901)

56 3742 298 64 Griswold,
390 3743 209 54 Lester
634 3745 266 54 Everett.

117 3815 377 68 Handicraft;
542 3817 305 68 simplified
895 3818 309 68 procedure
1251 3818 111 51 and
1410 3817 245 69 projects
1702 3817 58 51 in
1808 3816 232 68 leather,

49 3891 275 70 celluloid,
378 3896 186 65 metal,
618 3894 178 67 wood,
847 3894 178 68 batik,
1078 3913 134 50 rope
1268 3894 111 53 and
1435 3894 255 68 cordage,
1746 3894 292 68 primitive
