2505 4370
1273 4034 64 47 256

390 454 1184 50 3 p. l., 5-260 p. illus. (incl. music) d iagrs. 19ᶜᵐ.
391 512 246 41 “Twelfth
666 512 229 42 edition.”

392 568 340 43 “Literature”:
792 581 42 38 p.
864 569 220 44 245-255.

326 641 52 52 ©
414 645 113 40 Feb.
561 645 69 47 11,
666 645 108 40 1931;
846 645 68 40 2c.
949 646 95 39 and
1081 645 82 40 aff.
1201 645 112 42 Feb.
1349 646 82 44 12;
1470 646 38 38 A
1543 644 173 48 34298;
1755 646 251 41 Theodore
2044 647 199 39 Presser
2280 658 68 28 co.

403 702 255 51 (31-4939)

322 814 201 65 Wood,
555 814 248 55 Charles
835 814 256 54 Erskine
1123 815 189 62 Scott,
1347 820 168 50 1852-

386 890 1898 71 Too much government, by Charles Erskine Scott Wood …
317 968 137 54 New
494 968 178 64 York,
704 969 122 53 The
859 969 319 70 Vanguard
1213 987 175 51 press,
1426 973 151 51 1931.

386 1054 648 49 4 p. l., 3-266 p. 19½ᶜᵐ.
325 1122 52 52 ©
409 1127 113 40 Jan.
552 1125 69 48 29,
654 1124 141 45 1931;
829 1124 68 42 2c.
929 1126 95 39 and
1058 1124 82 41 aff.
1173 1125 113 42 Feb.
1317 1126 54 47 4;
1405 1125 41 39 A
1477 1125 172 48 33516;
1685 1125 267 49 Vanguard
1984 1136 153 39 press,
2169 1126 93 41 inc.

405 1182 254 51 (31-3699)

323 1280 411 65 Woodbridge,
768 1280 319 53 Frederick
1119 1279 199 56 Wells.

449 1355 1893 70 … A system of accounting procedure for livestock ranches,
317 1433 2024 71 by Frederick W. Woodbridge … Austin, Tex., The University
318 1516 196 66 [ ᶜ 1930]
386 1596 87 41 193
511 1607 44 38 p.
618 1596 155 40 forms
801 1596 136 48 (part
975 1596 143 49 fold.)
1305 1628 8 9 22ᶜᵐ.
1395 1598 215 49 ([Texas.
1680 1597 300 52 University]
2056 1600 194 40 Bureau
2292 1600 52 40 of

315 1652 223 42 business
567 1655 242 42 research.
868 1655 243 40 Research
1143 1655 312 48 monograph,
1514 1663 74 31 no.
1618 1655 50 48 5)

387 1727 63 41 At
484 1727 126 42 bead
643 1727 54 42 of
728 1725 135 43 title:
900 1727 101 40 The
1037 1725 285 50 University
1356 1726 53 40 of
1441 1728 161 39 Texas
1634 1727 218 41 bulletin,
1914 1738 75 30 no.
2025 1728 144 41 3040:
315 1729 2010 97 October
427 1785 70 47 22,
531 1784 130 42 1930.

323 1853 51 53 ©
405 1857 111 40 Jan.
543 1856 40 48 8,
612 1856 141 47 1931;
784 1857 67 39 2c.
880 1857 112 40 Jan.
1023 1856 79 47 12;
1135 1856 82 42 aff.
1247 1857 111 40 .Jan.
1388 1855 81 48 19;
1500 1857 41 39 A
1569 1855 174 49 33246;
1775 1855 286 50 University
2090 1858 52 40 of
2171 1858 172 48 Texas,

391 1915 199 41 Bureau
620 1915 51 39 of
700 1915 224 40 business
954 1914 241 47 research,
1226 1914 193 48 Austin,
1450 1914 115 40 Tex.
1637 1912 284 52 (31-27442)

318 2010 280 65 Woolley,
630 2009 246 56 Charles
904 2010 291 62 Leonard,
1230 2015 171 50 1880-

391 2087 1953 72 Digging up the past, by C. Leonard Woolley … New York,
316 2166 62 57 C.
416 2165 317 57 Scribner’s
768 2184 146 40 sons,
952 2169 152 50 1931.

386 2247 1294 51 ix p., 1 l., 138 p. front., xxx pl. on 15 l. 19ᶜᵐ.
388 2320 192 40 “Based
613 2330 59 30 on
708 2329 29 31 a
771 2319 152 40 series
956 2318 52 37 of
1040 2318 77 41 six
1152 2319 132 41 talks
1317 2318 261 41 broadcast
1614 2319 60 47 by
1709 2319 82 40 the
1827 2320 53 39 B.
1915 2320 53 39 B.
2005 2319 79 42 C.”

323 2391 52 52 ©
410 2395 113 41 Jan.
557 2395 69 47 23,
663 2393 113 40 1931;
842 2393 67 41 2c.
947 2393 110 41 Feb.
1094 2392 52 47 5;
1185 2391 82 41 aff.
1306 2391 112 41 Feb.
1453 2392 54 46 3;
1544 2391 41 39 A
1620 2390 173 49 34162;
1832 2390 204 42 Charles
2075 2391 268 41 Scribner’s

390 2463 127 31 sons.
590 2450 251 50 (31-4214)

317 2547 317 65 Woolrich,
665 2546 250 57 Cornell.

386 2625 123 54 The
543 2625 139 53 time
716 2624 64 54 of
812 2625 103 52 her
947 2623 124 69 life,
1104 2623 76 69 by
1214 2622 234 55 Cornell
1481 2621 315 54 Woolrich.
1868 2622 138 52 New
2042 2620 185 69 York,
2260 2621 79 53 H.

315 2703 540 70 Liveright [ ᶜ1 931]
383 2785 101 48 301,
520 2786 55 50 [1]
607 2795 44 38 p.
820 2818 9 8 20ᶜᵐ.

323 2855 52 53 ©
406 2859 113 40 Feb.
550 2859 70 48 13,
652 2857 142 47 1931;
827 2857 68 42 2c.
928 2857 112 41 Feb.
1072 2857 82 46 16;
1189 2855 84 42 aff.
1306 2855 111 41 Feb.
1449 2855 82 48 17;
1566 2854 42 40 A
1637 2854 173 48 34386;
1847 2854 49 42 C.
1930 2853 261 50 Woolrich,
2224 2854 118 40 New

392 2917 148 40 York.
612 2915 253 49 (31-4332)

316 3013 234 64 Young,
578 3012 258 55 William
867 3012 262 63 Harvey.

452 3088 1890 72 … Sources of coal and types of stokers and burners used by
318 3172 226 53 electric
580 3171 194 68 public
811 3170 199 69 utility
1049 3188 189 49 power
1275 3168 220 69 plants;
1537 3188 27 33 a
1603 3173 193 62 report
1836 3167 63 52 of
1936 3167 93 53 the
2066 3166 275 53 Institute

318 3250 64 54 of
407 3251 314 53 economics
747 3250 60 51 in
834 3249 390 68 co-operation
1254 3246 140 53 with
1422 3248 94 52 the
1544 3246 217 53 United
1792 3244 189 56 States
2009 3242 329 72 Geological

317 3348 224 49 survey,
569 3323 74 74 by
670 3328 263 53 William
963 3328 239 66 Harvey
1235 3326 226 67 Young.
1537 3324 405 69 Washington,
1971 3323 122 52 The
319 3323 1999 154 Brookings
478 3406 330 53 institution
866 3408 134 51 [1930]

322 3479 2000 114 5 p. l., 83 p. incl. maps, diagrs., form. 22½ᶜᵐ. (The Brookings institution. Pamphlet series, vol. II, no. 2)
394 3617 282 40 Half-title:
715 3617 101 39 The
854 3616 236 40 Institute
1128 3616 51 38 of
1214 3613 270 42 economics
1521 3612 52 41 of
1610 3612 82 40 the
1729 3610 276 49 Brookings
2040 3609 299 42 institution.

377 3676 103 39 The
512 3677 112 39 data
664 3685 125 29 were
822 3674 230 40 collected
1087 3674 154 39 under
1276 3673 84 39 the
1392 3670 238 41 direction
1664 3669 53 42 of
1750 3670 54 40 A.
1838 3669 63 41 H.
1935 3669 193 40 Horton
2162 3668 62 47 by
2259 3667 80 39 the

323 3733 225 40 Division
571 3733 52 39 of
647 3742 160 39 power
834 3742 252 29 resources
1110 3731 52 40 of
1187 3730 82 40 the
1343 3761 8 8 U.
1380 3729 45 41 S.
1452 3727 276 48 Geological
1755 3737 190 37 survey,
1973 3725 160 40 which
2160 3723 178 43 issued,

321 3790 50 40 in
398 3790 206 49 August.
633 3789 127 49 1930,
790 3801 25 28 a
847 3800 250 36 summary
1126 3788 51 41 of
1206 3787 82 41 the
1318 3788 192 38 results.
1576 3785 52 40 F.
1659 3784 53 41 G.
1741 3784 164 48 Tryon
1934 3783 90 41 has
2054 3781 284 49 supervised

322 3848 82 41 the
432 3848 134 40 work
596 3846 313 49 throughout,
972 3847 61 48 cf.
1064 3844 268 42 Director’s
1360 3843 125 49 pref.

325 3914 51 53 ©
407 3919 113 40 Dec.
551 3920 70 44 31,
654 3917 141 48 1930;
828 3918 67 41 2c.
927 3921 95 38 and
1054 3917 83 41 aff.
1170 3918 112 39 Jan.
1312 3917 40 41 7.
1384 3915 141 46 1931;
1561 3914 39 39 A
1631 3912 171 48 33040;
1839 3911 274 48 Brookings
392 3909 1929 109 institution.
581 3975 251 50 (31-1979)
