2505 4370
1293 4039 103 50 216

319 376 388 66 Hawthorne,
737 375 382 65 Hildegarde.

387 454 125 52 The
542 458 177 49 secret
753 452 65 54 of
849 453 239 53 Rancho
1121 453 93 53 del
1248 452 118 69 Sol,
1397 472 33 34 a
1461 458 158 65 story
1652 451 66 56 of
1750 453 98 55 old
1881 452 348 70 California,
2259 454 77 70 by

317 531 363 70 Hildegarde
717 531 389 68 Hawthorne;
1147 530 329 55 illustrated
1514 531 77 71 by
1629 531 185 55 Leslie
1854 531 267 56 Thomas.
2197 532 139 55 New

320 609 181 69 York,
527 609 265 64 London,
822 610 72 53 D.
927 609 298 69 Appleton
1261 610 112 53 and
1407 627 300 53 company,
1743 612 150 52 1931.

386 690 1148 51 4 p. l. , 235, [1 ] p., 1 l. front., illus. 20 ᶜᵐ .
326 757 52 53 ©
408 763 112 40 Feb.
548 761 69 48 20,
647 760 112 42 1931;
819 762 68 41 2c.
916 763 96 42 and
1041 761 83 43 aff.
1154 762 113 42 Feb.
1295 761 56 40 24;
1409 762 41 40 A
1478 760 147 43 33906;
1683 763 58 42 D.
1770 764 244 48 Appleton
2041 763 38 42 &
2106 774 69 31 co.

404 819 253 48 (31-5060)

322 915 296 65 Heygate,
648 914 176 57 John.

454 990 1888 71 … Decent fellows, a new novel. [London] Mundanus ltd.,
321 1070 69 54 V.
422 1068 295 70 Gollancz,
747 1072 152 51 1930.

391 1152 370 50 317 p. 18½ ᶜᵐ .
395 1210 217 41 “Second
640 1209 305 49 impression,
972 1210 272 41 November
1271 1210 159 42 1930.”

329 1278 2016 55 © 1c. Jan. 7, 1931; A ad int. 14732; pubd. Nov. 10, 1930; J. Heygate,
396 1340 215 40 London.
682 1338 253 50 (31-5217)

323 1434 346 66 Hornaday,
699 1433 257 57 William
984 1436 258 64 Temple,
1275 1440 173 50 1854-

391 1511 213 72 Thirty
629 1530 165 53 years
817 1530 120 35 war
963 1511 96 54 for
1083 1512 140 55 wild
1247 1512 107 53 life;
1409 1511 167 72 gains
1599 1512 114 56 and
1738 1513 171 54 losses
1933 1512 61 54 in
2018 1513 96 54 the

323 1512 2025 151 thankless task, by William T. Hornaday … New York, London,
323 1668 144 56 Pub.
500 1668 95 54 for
621 1668 98 54 the
747 1669 346 54 Permanent
1121 1668 140 57 wild
1289 1668 106 56 life
1425 1669 319 71 protection
1776 1668 148 56 fund

1955 1669 75 72 by
2060 1667 63 59 C.
324 1666 2000 136 Scribner’s
500 1766 144 50 sons,
679 1751 151 51 1931.

395 1827 1391 51 xvi, 292 p. incl. front. (port.) illus., diagr. 24½ ᶜᵐ .
333 1885 51 52 ©
424 1889 112 41 Feb.
574 1889 39 49 6,
650 1889 142 46 1931;
831 1889 67 41 2c.
938 1889 123 41 Mar.
1099 1890 52 45 7;
1192 1888 84 43 aff.
1314 1889 124 41 Mar.
1476 1888 52 48 6;
1568 1889 44 39 A
1647 1887 173 50 34700;
1861 1889 73 42 W.
1972 1889 53 41 T.
2063 1889 285 48 Hornaday,

405 1946 267 49 Stamford,
707 1947 148 41 Conn.
927 1945 282 51 (31-26530)

327 2042 150 53 How
504 2048 60 49 to
591 2044 226 53 become
846 2063 31 33 a
906 2043 205 53 citizen
1143 2042 64 55 of
1233 2043 98 53 the
1359 2042 219 55 United
1611 2040 190 57 States;
1864 2041 394 57 Constitution
2287 2041 65 54 of

396 2121 97 53 the
527 2120 222 55 United
786 2119 640 56 States—Declaration
1461 2118 65 55 of
396 2117 1928 135 independence—examination
574 2197 862 70 questions—presidents—list
1489 2197 65 53 of
1608 2202 174 49 states
1835 2196 144 54 with
2033 2196 319 70 capitals—

399 2277 138 53 oath
582 2275 65 55 of
690 2276 332 70 allegiance.
1106 2276 138 53 New
1294 2276 182 68 York,
1522 2275 194 69 Diehl,
1762 2275 244 53 Landau
2053 2277 49 50 &
2146 2273 203 68 Pettit,

399 2357 154 51 1931.

397 2434 340 50 64 p. 15½ ᶜᵐ .
400 2491 74 41 On
501 2502 168 31 cover:
700 2491 172 42 Latest
899 2492 201 41 edition.

336 2545 52 53 ©
423 2551 111 40 Jan.
567 2549 68 49 12,
670 2549 142 47 1931;
846 2549 69 43 2c.
949 2551 111 42 Jan.
1092 2550 85 48 15;
1213 2550 83 41 aff.
1331 2550 112 41 Feb.
1478 2548 56 42 19;
1597 2551 43 39 A
1671 2549 174 49 32824;
1882 2549 158 50 Diehl,
2076 2549 208 41 Landau
2317 2549 37 41 &

402 2608 168 41 Pettit,
607 2607 92 40 inc.
764 2603 67 53 [©
869 2618 106 29 new
1011 2608 195 48 matter]
1281 2607 254 48 (31-4074)

331 2702 237 65 Jaeger,
598 2702 275 54 Edmund
907 2701 244 65 Carroll,
1184 2703 174 55 1887-

399 2782 58 52 A
490 2780 326 71 dictionary
848 2780 64 53 of
944 2781 189 56 Greek
1166 2781 114 52 and
1313 2781 194 67 Latin,
1540 2781 330 70 combining
1903 2780 181 54 forms
2119 2781 138 53 used
2289 2780 60 52 in

335 2860 2020 73 zoological names, by Edmund C. Jaeger … Springfield, Ill.,
338 2942 338 69 Baltimore,
702 2943 140 67 Md.,
872 2941 61 56 C.
966 2942 61 55 C.
1057 2943 270 67 Thomas,
1356 2944 153 52 1930.

409 3024 695 49 5 p. l. , 101 p., 1 l. 18½ ᶜᵐ .
339 3078 51 52 ©
435 3081 101 42 Oct.
577 3083 40 46 3,
659 3081 141 48 1930;
844 3082 68 41 2c.
955 3083 111 40 Feb.
1108 3082 40 43 6.
1190 3082 142 47 1931;
1377 3082 81 41 aff.
1502 3082 111 41 Feb.
1656 3083 53 47 7;
1754 3081 41 40 A
1835 3081 172 48 33577;
2053 3080 203 41 Charles
2300 3080 53 42 G.

408 3140 228 40 Thomas.
708 3139 251 48 (31-5027)

333 3235 1193 64 Jagad ī sa-Chandra Chaṭṭop ā dhy ā ya.
403 3312 220 54 India’s
656 3311 235 54 outlook
924 3330 72 35 on
1029 3312 134 67 life;
1199 3313 96 52 the
1328 3312 240 54 wisdom
1598 3312 64 52 of
1696 3312 96 52 the
1823 3311 210 67 Vedas,
2064 3310 76 69 by
333 3310 1993 134 Jagadish

517 3388 1832 70 Chandra Chatterji … with an introduction by John
333 3468 1361 69 Dewey … New York, Kailas press, 1931.
404 3552 309 48 75 p. 24 ᶜᵐ .
341 3605 51 52 ©
438 3610 109 39 Jan.
593 3609 69 43 15.
706 3609 141 41 1931;
895 3609 66 39 2c.
1006 3610 97 38 and
1147 3608 82 40 aff.
1276 3608 110 40 Feb.
1432 3608 52 40 6:
1533 3608 38 38 A
1617 3607 171 48 33574;
1837 3608 238 48 Jagadish
2125 3607 226 40 Chandra

412 3665 259 49 Chatterji,
709 3667 118 39 New
864 3666 144 39 York.
1080 3665 254 49 (31-5133)

336 3759 312 65 Jennings,
679 3761 301 62 Napoleon
1013 3760 336 63 Augustus,
1384 3765 326 49 1856-1919.

406 3838 54 51 A
494 3838 185 53 Texas
715 3855 224 51 ranger,
971 3836 76 70 by
1082 3836 69 53 N.
1188 3837 70 52 A.
1295 3836 303 69 Jennings,
1632 3836 286 54 foreword
1954 3836 75 70 by
2064 3837 55 54 J.
2156 3836 195 53 Frank

334 3914 1488 70 Dobie. Dallas, Tex., Southwest press [ ᶜ193 0]
