2505 4370
1024 4008 98 50 993

94 392 241 63 Adams,
368 390 245 55 Charles
643 392 171 52 True.

162 477 1859 71 Contract bridge at sight [by] Charles True Adams …
93 556 1150 71 [Chicago, Bruce-Eoberts, inc., ᶜ1 931]
161 650 482 52 [44] p. 9½ × 14½ ᶜᵐ .
156 722 125 40 Text
307 732 117 29 runs
449 721 206 48 parallel
682 721 120 40 with
827 720 124 41 back
977 720 52 40 of
1053 730 152 31 cover.

159 777 285 41 “Sixteenth
474 777 230 47 printing,
736 776 137 48 April
906 777 38 47 1,
977 775 157 42 1931.”

96 846 51 52 ©
180 851 112 46 Apr.
323 850 69 47 20,
428 848 110 41 1931;
601 850 66 39 2c.
701 850 94 38 and
828 848 82 41 aff.
945 850 111 45 May
1089 850 27 37 4;
1178 848 40 39 A
1250 849 116 40 38348;
1460 848 49 41 C.
1543 850 52 40 T.
1629 850 195 47 Adams,
1859 849 224 48 Chicago.

166 903 67 54 [©
268 915 103 32 new
405 909 194 46 matter]
672 906 277 46 (31-16302)

89 1015 470 65 Ashton-Wolfe,
591 1016 218 63 Harry.

157 1109 121 53 The
306 1114 251 63 mystery
586 1108 65 52 of
681 1106 143 70 Orly
854 1107 286 69 highway.

171 1200 81 48 (In
288 1198 262 43 Pearson’s
588 1198 274 52 magazine,
900 1198 142 51 June,
1081 1198 144 49 1931)

93 1268 51 53 ©
175 1275 67 38 1c.
273 1274 115 46 July
420 1272 68 49 23,
521 1271 139 47 1931;
694 1272 40 39 A
766 1273 61 39 ad
858 1273 86 39 int.
977 1270 169 48 15320;
1182 1272 142 47 pubd.
1358 1272 127 39 June
1516 1273 53 46 1;
1606 1272 197 48 Christy
1836 1277 36 40 &
1904 1274 177 48 Moore,

160 1332 99 46 ltd.,
289 1331 212 39 London.

85 1423 221 66 Bailey,
339 1425 174 55 Solon
543 1425 221 64 Irving,
797 1429 171 50 1854-

214 1514 1866 69 … The history and work of Harvard observatory, 1839 to
86 1593 133 54 1927;
292 1610 72 34 an
406 1592 215 54 outline
664 1592 64 53 of
769 1593 95 52 the
906 1592 205 69 origin,
1155 1593 412 67 development,
1609 1593 112 52 and
1765 1594 314 53 researches

83 1670 64 53 of
179 1670 97 54 the
307 1669 425 55 Astronomical
766 1670 366 69 observatory
1166 1668 65 55 of
1265 1670 275 53 Harvard
1575 1669 211 71 college
1820 1672 261 69 together

83 1749 139 52 with
263 1748 155 54 brief
459 1748 365 68 biographies
867 1748 64 52 of
972 1748 73 54 its
1087 1748 233 69 leading
1360 1749 292 67 members,
1693 1749 77 69 by
1813 1749 173 56 Solon
2029 1751 49 52 I.

82 1826 218 68 Bailey.
375 1826 138 53 New
546 1825 162 53 York
735 1826 113 52 and
876 1826 258 68 London,
1163 1826 144 52 Pub.
1340 1825 94 54 for
1462 1827 95 53 the
1588 1826 388 72 Observatory
2003 1829 35 52 by

81 1905 95 51 the
212 1902 431 56 McGraw-Hill
680 1903 147 53 book
864 1921 298 50 company,
1198 1904 128 67 inc.,
1367 1907 149 49 1931.

82 1999 1980 105 xiii, 301 p. incl. front., illus. (plan) diagrs. plates, ports. 23 ᶜᵐ . (Harvard observatory monographs. no. 4) $3.50
88 2125 51 52 ©
175 2131 112 46 May
320 2129 68 46 25,
424 2128 139 46 1931;
600 2127 67 41 2c.
702 2129 114 45 May
848 2126 82 48 29;
968 2127 81 41 aff.
1086 2129 113 46 May
1232 2127 83 47 28;
1352 2128 41 38 A
1427 2128 171 48 37572;
1637 2130 229 40 Harvard
1901 2132 178 47 college

157 2187 326 46 observatory,
519 2185 299 48 Cambridge,
854 2186 144 39 Mass.
1072 2185 279 48 (31-16578)

82 2279 251 66 Bonner,
362 2281 176 62 Mary
568 2279 280 65 Graham,
881 2284 169 50 1890-

149 2371 121 53 The
298 2371 99 68 big
425 2369 251 53 baseball
703 2368 148 54 book
880 2368 93 53 for
1002 2369 156 69 boys,
1186 2369 76 69 by
1291 2370 79 52 M.
1403 2369 68 56 G.
1503 2372 248 68 Bonner,
1781 2372 189 54 edited
2001 2374 75 68 by

78 2448 153 52 Alan
273 2447 209 68 Gould,
522 2447 211 67 special
771 2447 391 52 introduction
1202 2447 77 69 by
1320 2448 89 69 Ty
1453 2447 172 58 Cobb,
1704 2449 371 71 Springfield,

79 2523 1168 69 Mass., McLoughlin bros., inc. [ ᶜ1 931]
146 2617 1328 50 6 p. l., 203 p. front., plates, ports., diagr. 24 ᶜᵐ .
148 2689 287 39 Illustrated
469 2687 361 48 lining-papers.

87 2756 51 52 ©
170 2762 112 46 May
311 2760 68 46 15,
408 2757 113 42 1931;
581 2758 68 40 2c.
680 2759 113 46 May
824 2759 55 40 18;
939 2758 81 40 aff.
1054 2760 112 46 May
1196 2759 55 39 21;
1312 2760 42 39 A
1382 2761 144 41 37437;
1589 2763 316 49 McLoughlin
1939 2766 137 47 bros.,

153 2817 90 41 inc.
314 2815 279 50 (31-16359)

81 2912 263 64 Boswell,
374 2913 220 63 James,
626 2912 324 54 1740-1795.

82 3003 1972 148 The journal of James Boswell … [v. 10-12] Mount Vernon, N. Y.] Priv. print.
870 3082 89 52 [W.
990 3082 66 51 E.
1141 3083 167 69 Rudge,
1339 3086 151 65 1931]

149 3176 1073 47 3 v. facsims. (part mounted) 30 ᶜᵐ .
153 3248 249 40 Half-title
422 3258 9 28 :
469 3247 200 39 Private
703 3257 173 37 papers
913 3247 50 38 of
999 3246 164 41 James
1200 3248 209 40 Boswell
1445 3249 128 40 from
1612 3252 216 39 Malahid
1835 3265 23 28 e
1897 3255 150 39 castle;

84 3304 50 40 in
173 3306 79 39 the
293 3303 251 41 collection
585 3303 52 38 of
676 3303 274 39 Lt-Colonel
993 3304 158 46 Ralph
1194 3305 247 46 Heyward
1483 3306 166 40 Isham;
1720 3312 236 45 prepared
1998 3310 78 42 for

85 3362 81 39 the
206 3372 134 37 press
381 3362 61 45 by
487 3360 221 46 Geoffrey
756 3360 132 39 Scott
932 3362 94 37 and
1072 3361 261 39 Frederick
1375 3362 54 40 A.
1473 3363 160 41 Pottle
1678 3366 95 38 and
1819 3375 106 31 now
1968 3368 106 40 first

82 3419 204 47 printed.

419 3506 132 29 CONTENTS.—[v.
601 3484 70 51 10]
723 3484 288 42 1774-1775.
1060 3485 91 40 His
1199 3488 287 40 threatened
1534 3492 109 38 duel
1694 3492 117 39 with
1859 3494 214 40 William

85 3546 171 47 Miller,
295 3544 206 41 October
535 3544 112 39 1774;
713 3542 78 40 his
822 3543 145 46 jaunt
1004 3545 52 37 to
1089 3544 212 46 London,
1340 3545 167 47 spring
1543 3547 112 39 1775
1693 3551 94 37 and
1825 3551 81 38 the
1943 3551 131 40 birth

85 3602 49 40 of
160 3602 78 40 his
265 3612 83 29 son
377 3602 289 44 Alexander,
694 3599 28 39 9
750 3599 216 47 October,
996 3600 250 39 1775.—[v.
1283 3599 69 50 11]
1388 3600 287 43 1775-1776.
1707 3605 91 40 His
1827 3607 171 46 jaunts
2027 3612 47 37 to

85 3660 207 45 London,
333 3658 201 46 Oxford,
574 3657 349 46 Birmingham,
964 3656 243 40 Lichfield.
1248 3657 299 50 Ashbourne,
1589 3661 127 39 Bath
1757 3665 94 37 and
1893 3664 181 41 Bristol

85 3718 92 37 and
215 3716 77 40 his
330 3715 210 45 meeting
578 3714 117 39 with
736 3714 250 46 Margaret
1023 3712 223 41 Caroline
1289 3714 155 48 Rudd,
1486 3715 179 50 spring,
1705 3717 253 44 1776.—[v.
2002 3721 55 40 12]

87 3771 284 42 1776-1777.
401 3772 103 39 The
531 3772 202 38 account
764 3770 51 38 of
844 3769 76 40 his
948 3771 97 38 last
1074 3770 252 39 interview
1404 3771 72 40 with
1509 3773 159 41 David
1699 3776 171 48 Hume,
1903 3779 25 38 7
1960 3779 114 47 July

83 3830 125 40 1776.

88 3896 50 51 ©
174 3902 113 46 May
321 3899 54 39 29,
484 3899 54 39 1931;
603 3897 67 40 2c.
706 3899 116 37 each
859 3898 93 37 and
990 3897 82 39 aff.
1110 3897 114 46 July
1262 3896 51 46 6;
1352 3897 40 39 A
1429 3897 347 48 39262-39264;
1817 3905 157 48 Ralph
2013 3908 61 40 H.

155 3958 177 47 Isham,
364 3958 117 39 New
514 3955 143 40 York.
