<alto xmlns="http://www.loc.gov/standards/alto/ns-v3#" xmlns:xlink="http://www.w3.org/1999/xlink" xmlns:xsi="http://www.w3.org/2001/XMLSchema-instance" xsi:schemaLocation="http://www.loc.gov/standards/alto/ns-v3# http://www.loc.gov/alto/v3/alto-3-0.xsd"><Description>
<MeasurementUnit>pixel</MeasurementUnit>
<sourceImageInformation>
<fileName>1931_v28_Part001.pdf</fileName>
</sourceImageInformation>
<OCRProcessing ID="IdOcr">
<ocrProcessingStep>
<processingDateTime>2019-04-22</processingDateTime>
<processingSoftware>
<softwareCreator>ABBYY</softwareCreator>
<softwareName>ABBYY Recognition Server</softwareName>
<softwareVersion>4.0</softwareVersion>
</processingSoftware>
</ocrProcessingStep>
</OCRProcessing>
</Description>
<Styles>
<ParagraphStyle ID="StyleId-FFFFFFFF-FFFF-FFFF-FFFF-FFFFFFFFFFFF-" ALIGN="Left" LEFT="0." RIGHT="0." FIRSTLINE="0."/>
<ParagraphStyle ID="StyleId-204B5AEB-67A1-44E2-A013-34B3A0F3E0EA-" ALIGN="Right" LEFT="0." RIGHT="0." FIRSTLINE="0." LINESPACE="8.300000191"/>
<ParagraphStyle ID="StyleId-03245871-796C-4429-B3C7-F9019C8C5B89-" ALIGN="Left" LEFT="0." RIGHT="0." FIRSTLINE="0." LINESPACE="12.19999981"/>
<ParagraphStyle ID="StyleId-BDCA8811-25FF-44DB-8D6F-2072A4ABC070-" ALIGN="Center" LEFT="0." RIGHT="0." FIRSTLINE="0." LINESPACE="12.19999981"/>
<ParagraphStyle ID="StyleId-2C5B7DF0-AF87-455E-B9A8-6FE387CB59BD-" ALIGN="Left" LEFT="0." RIGHT="0." FIRSTLINE="-13." LINESPACE="8.479999542"/>
<ParagraphStyle ID="StyleId-9FB72FA1-55D5-4161-8333-823D5732F4D0-" ALIGN="Block" LEFT="0." RIGHT="0." FIRSTLINE="-14." LINESPACE="10."/>
<ParagraphStyle ID="StyleId-212AEB8C-A829-4BF1-8E45-5BFE386A469C-" ALIGN="Block" LEFT="0." RIGHT="0." FIRSTLINE="-14." LINESPACE="11.35000038"/>
<ParagraphStyle ID="StyleId-4EC79CC1-EA62-49CE-ABB6-D84DDFCF4C7D-" ALIGN="Block" LEFT="0." RIGHT="0." FIRSTLINE="-10." LINESPACE="12.19999981"/>
<ParagraphStyle ID="StyleId-DAF2E8EE-6444-4951-9284-36A6C020C887-" ALIGN="Left" LEFT="0." RIGHT="0." FIRSTLINE="0." LINESPACE="9.399999619"/>
<ParagraphStyle ID="StyleId-25241749-1672-4977-B19F-38F59800D6D8-" ALIGN="Left" LEFT="0." RIGHT="0." FIRSTLINE="0." LINESPACE="11.10000038"/>
<ParagraphStyle ID="StyleId-8C523E19-EDEF-4F23-B010-536E1A1AAE1A-" ALIGN="Left" LEFT="0." RIGHT="0." FIRSTLINE="-13." LINESPACE="12.19999981"/>
<ParagraphStyle ID="StyleId-A1F9DE9E-2625-4D8B-AD7E-F0A0034C2989-" ALIGN="Block" LEFT="0." RIGHT="0." FIRSTLINE="0." LINESPACE="12.19999981"/>
<ParagraphStyle ID="StyleId-5725BB01-2B1C-440F-BAF2-696C4F4DF162-" ALIGN="Block" LEFT="0." RIGHT="0." FIRSTLINE="13." LINESPACE="12.19999981"/>
<ParagraphStyle ID="StyleId-F10A2092-61AA-44FD-99C2-123B3A8051CF-" ALIGN="Left" LEFT="0." RIGHT="0." FIRSTLINE="0." LINESPACE="5.5"/>
<ParagraphStyle ID="StyleId-B3CDC8CC-D2E1-4A23-B67C-CDD40993D1DD-" ALIGN="Left" LEFT="0." RIGHT="0." FIRSTLINE="0." LINESPACE="10."/>
<ParagraphStyle ID="StyleId-871EBF53-D909-4C8F-B368-AC7D897344DD-" ALIGN="Left" LEFT="0." RIGHT="0." FIRSTLINE="0."/>
<ParagraphStyle ID="StyleId-C4129744-680B-4878-B2C4-44BA3742C8D7-" ALIGN="Block" LEFT="0." RIGHT="0." FIRSTLINE="-14." LINESPACE="11.35000038"/>
<ParagraphStyle ID="StyleId-9CE98075-0B04-43D4-88D8-CE3BAB51B419-" ALIGN="Block" LEFT="0." RIGHT="0." FIRSTLINE="-10." LINESPACE="12.19999981"/>
<ParagraphStyle ID="StyleId-B2CFB7B3-DFFA-4E0E-94D6-C2BCE88DA9A9-" ALIGN="Left" LEFT="0." RIGHT="0." FIRSTLINE="0." LINESPACE="12.5"/>
<ParagraphStyle ID="StyleId-8D3352F3-1084-4DDE-A35D-B97102CCE686-" ALIGN="Left" LEFT="0." RIGHT="0." FIRSTLINE="0." LINESPACE="11.60000038"/>
<ParagraphStyle ID="StyleId-4A8DDA0D-166D-4E22-A597-BA51B892602D-" ALIGN="Block" LEFT="0." RIGHT="0." FIRSTLINE="0." LINESPACE="11.21000004"/>
<ParagraphStyle ID="StyleId-90EA4001-AA3C-45A1-AEDC-D1E1169EE5E5-" ALIGN="Block" LEFT="0." RIGHT="0." FIRSTLINE="13." LINESPACE="12.19999981"/>
</Styles>
<Layout>
<Page ID="Page1948" PHYSICAL_IMG_NR="1948" HEIGHT="4370" WIDTH="2428">
<TopMargin HEIGHT="370" WIDTH="2428" VPOS="0" HPOS="0">
</TopMargin>
<LeftMargin HEIGHT="3726" WIDTH="252" VPOS="370" HPOS="0">
</LeftMargin>
<RightMargin HEIGHT="3726" WIDTH="106" VPOS="370" HPOS="2322">
</RightMargin>
<BottomMargin HEIGHT="274" WIDTH="2428" VPOS="4096" HPOS="0">
</BottomMargin>
<PrintSpace HEIGHT="3726" WIDTH="2070" VPOS="370" HPOS="252">
<TextBlock ID="Page1948_Block1" HEIGHT="72" WIDTH="154" VPOS="4024" HPOS="1222" LANG="en-US" STYLEREFS="StyleId-7BDBA0CF-3D61-49EB-BFE9-346C49734FB2-">
<TextLine HEIGHT="51" WIDTH="134" VPOS="4035" HPOS="1232">
<String CONTENT="1948" HEIGHT="51" WIDTH="134" VPOS="4035" HPOS="1232"/>
</TextLine>
</TextBlock>
<TextBlock ID="Page1948_Block2" HEIGHT="3626" WIDTH="2070" VPOS="370" HPOS="252" LANG="en-US" CS="1" STYLEREFS="StyleId-438C7E71-B3C4-424B-855E-D201FBD126FA-">
<TextLine HEIGHT="135" WIDTH="1991" VPOS="386" HPOS="263" STYLEREFS="StyleId-7BDBA0CF-3D61-49EB-BFE9-346C49734FB2-" CS="1">
<String LANG="fr" CONTENT="College" HEIGHT="64" WIDTH="232" VPOS="388" HPOS="263"/>
<SP HEIGHT="36" WIDTH="40" VPOS="405" HPOS="496"/>
<String CONTENT="entrance" HEIGHT="51" WIDTH="282" VPOS="391" HPOS="537"/>
<SP HEIGHT="37" WIDTH="40" VPOS="403" HPOS="820"/>
<String CONTENT="examination" HEIGHT="54" WIDTH="406" VPOS="386" HPOS="861"/>
<SP HEIGHT="54" WIDTH="39" VPOS="386" HPOS="1268"/>
<String CONTENT="board." HEIGHT="54" WIDTH="203" VPOS="386" HPOS="1308"/>
<SP HEIGHT="54" WIDTH="76" VPOS="387" HPOS="1512"/>
<String CONTENT="Commission" HEIGHT="56" WIDTH="380" VPOS="386" HPOS="1589"/>
<SP HEIGHT="36" WIDTH="38" VPOS="405" HPOS="1970"/>
<String CONTENT="on" HEIGHT="36" WIDTH="74" VPOS="405" HPOS="2009"/>
<SP HEIGHT="55" WIDTH="36" VPOS="386" HPOS="2084"/>
<String CONTENT="English." HEIGHT="135" WIDTH="1919" VPOS="386" HPOS="335"/>
</TextLine>
<TextLine HEIGHT="150" WIDTH="1989" VPOS="541" HPOS="263" STYLEREFS="StyleId-7BDBA0CF-3D61-49EB-BFE9-346C49734FB2-" CS="1">
<String CONTENT="Examining" HEIGHT="71" WIDTH="357" VPOS="543" HPOS="335"/>
<SP HEIGHT="65" WIDTH="22" VPOS="549" HPOS="693"/>
<String CONTENT="the" HEIGHT="52" WIDTH="95" VPOS="545" HPOS="716"/>
<SP HEIGHT="34" WIDTH="27" VPOS="563" HPOS="812"/>
<String CONTENT="examination" HEIGHT="54" WIDTH="386" VPOS="543" HPOS="840"/>
<SP HEIGHT="55" WIDTH="29" VPOS="541" HPOS="1227"/>
<String CONTENT="in" HEIGHT="54" WIDTH="60" VPOS="541" HPOS="1257"/>
<SP HEIGHT="53" WIDTH="28" VPOS="543" HPOS="1318"/>
<String CS="1" CONTENT="English;" HEIGHT="71" WIDTH="249" VPOS="541" HPOS="1347"/>
<SP HEIGHT="49" WIDTH="31" VPOS="561" HPOS="1625"/>
<String CONTENT="a" HEIGHT="35" WIDTH="30" VPOS="561" HPOS="1657"/>
<SP HEIGHT="35" WIDTH="26" VPOS="561" HPOS="1688"/>
<String CONTENT="report" HEIGHT="65" WIDTH="195" VPOS="546" HPOS="1715"/>
<SP HEIGHT="49" WIDTH="24" VPOS="546" HPOS="1911"/>
<String CONTENT="to" HEIGHT="48" WIDTH="59" VPOS="547" HPOS="1936"/>
<SP HEIGHT="48" WIDTH="28" VPOS="547" HPOS="1996"/>
<String CONTENT="the" HEIGHT="53" WIDTH="94" VPOS="542" HPOS="2025"/>
<SP HEIGHT="56" WIDTH="28" VPOS="542" HPOS="2120"/>
<String CONTENT="College" HEIGHT="149" WIDTH="1989" VPOS="542" HPOS="263"/>
</TextLine>
<TextLine HEIGHT="153" WIDTH="1991" VPOS="617" HPOS="264" STYLEREFS="StyleId-7BDBA0CF-3D61-49EB-BFE9-346C49734FB2-" CS="1">
<String CONTENT="entrance" HEIGHT="49" WIDTH="268" VPOS="626" HPOS="417"/>
<SP HEIGHT="34" WIDTH="28" VPOS="641" HPOS="686"/>
<String CONTENT="examination" HEIGHT="56" WIDTH="389" VPOS="619" HPOS="715"/>
<SP HEIGHT="53" WIDTH="27" VPOS="622" HPOS="1105"/>
<String CONTENT="board," HEIGHT="67" WIDTH="201" VPOS="621" HPOS="1133"/>
<SP HEIGHT="67" WIDTH="27" VPOS="621" HPOS="1335"/>
<String CONTENT="by" HEIGHT="69" WIDTH="76" VPOS="621" HPOS="1363"/>
<SP HEIGHT="63" WIDTH="30" VPOS="627" HPOS="1440"/>
<String CONTENT="the" HEIGHT="51" WIDTH="95" VPOS="623" HPOS="1471"/>
<SP HEIGHT="55" WIDTH="34" VPOS="622" HPOS="1567"/>
<String CONTENT="Commission" HEIGHT="60" WIDTH="380" VPOS="617" HPOS="1602"/>
<SP HEIGHT="35" WIDTH="31" VPOS="638" HPOS="1983"/>
<String CONTENT="on" HEIGHT="37" WIDTH="74" VPOS="638" HPOS="2015"/>
<SP HEIGHT="53" WIDTH="31" VPOS="622" HPOS="2090"/>
<String CONTENT="English," HEIGHT="148" WIDTH="1991" VPOS="622" HPOS="264"/>
</TextLine>
<TextLine HEIGHT="138" WIDTH="1990" VPOS="695" HPOS="265" STYLEREFS="StyleId-7BDBA0CF-3D61-49EB-BFE9-346C49734FB2-" CS="1">
<String CONTENT="Charles" HEIGHT="57" WIDTH="239" VPOS="699" HPOS="432"/>
<SP HEIGHT="56" WIDTH="36" VPOS="700" HPOS="672"/>
<String CONTENT="Swain" HEIGHT="58" WIDTH="195" VPOS="698" HPOS="709"/>
<SP HEIGHT="52" WIDTH="37" VPOS="702" HPOS="905"/>
<String CONTENT="Thomas," HEIGHT="70" WIDTH="268" VPOS="700" HPOS="943"/>
<SP HEIGHT="53" WIDTH="35" VPOS="717" HPOS="1212"/>
<String CONTENT="chairman" HEIGHT="54" WIDTH="296" VPOS="697" HPOS="1248"/>
<SP HEIGHT="35" WIDTH="41" VPOS="717" HPOS="1545"/>
<String CS="1" CONTENT="&#8230;"/>
<SP HEIGHT="55" WIDTH="80" VPOS="698" HPOS="1643"/>
<String CONTENT="Cambridge," HEIGHT="72" WIDTH="365" VPOS="695" HPOS="1724"/>
<SP HEIGHT="66" WIDTH="34" VPOS="699" HPOS="2090"/>
<String CONTENT="Harvard" HEIGHT="134" WIDTH="1990" VPOS="699" HPOS="265"/>
</TextLine>
<TextLine HEIGHT="71" WIDTH="703" VPOS="776" HPOS="435" STYLEREFS="StyleId-7BDBA0CF-3D61-49EB-BFE9-346C49734FB2-">
<String CONTENT="university" HEIGHT="71" WIDTH="324" VPOS="776" HPOS="435"/>
<SP HEIGHT="52" WIDTH="22" VPOS="795" HPOS="760"/>
<String CONTENT="press," HEIGHT="51" WIDTH="175" VPOS="795" HPOS="783"/>
<SP HEIGHT="65" WIDTH="26" VPOS="781" HPOS="959"/>
<String CONTENT="1931." HEIGHT="50" WIDTH="152" VPOS="781" HPOS="986"/>
</TextLine>
<TextLine HEIGHT="51" WIDTH="1877" VPOS="857" HPOS="405" CS="1">
<String CS="1" CONTENT="xv"/>
<SP HEIGHT="38" WIDTH="36" VPOS="870" HPOS="405"/>
<String LANG="fr" CONTENT="p.," HEIGHT="37" WIDTH="58" VPOS="871" HPOS="442"/>
<SP HEIGHT="47" WIDTH="40" VPOS="861" HPOS="501"/>
<String CONTENT="1" HEIGHT="38" WIDTH="24" VPOS="861" HPOS="542"/>
<SP/>
<String CS="1" CONTENT="l.,"/>
<SP/>
<String CONTENT="295" HEIGHT="41" WIDTH="88" VPOS="858" HPOS="695"/>
<SP HEIGHT="50" WIDTH="36" VPOS="858" HPOS="784"/>
<String CONTENT="p." HEIGHT="38" WIDTH="45" VPOS="870" HPOS="821"/>
<SP HEIGHT="43" WIDTH="58" VPOS="857" HPOS="867"/>
<String CONTENT="diagrs." HEIGHT="50" WIDTH="182" VPOS="857" HPOS="926"/>
<SP HEIGHT="41" WIDTH="57" VPOS="858" HPOS="1109"/>
<String CS="1" CONTENT="22&#189;&#7580;&#7504;." HEIGHT="40" WIDTH="149" VPOS="858" HPOS="1167"/>
<SP HEIGHT="49" WIDTH="68" VPOS="857" HPOS="1317"/>
<String CONTENT="(Half-title:" HEIGHT="50" WIDTH="304" VPOS="857" HPOS="1386"/>
<SP HEIGHT="41" WIDTH="38" VPOS="858" HPOS="1691"/>
<String CONTENT="Harvard" HEIGHT="40" WIDTH="231" VPOS="858" HPOS="1730"/>
<SP HEIGHT="40" WIDTH="40" VPOS="858" HPOS="1962"/>
<String CONTENT="studies" HEIGHT="41" WIDTH="188" VPOS="857" HPOS="2003"/>
<SP HEIGHT="41" WIDTH="40" VPOS="857" HPOS="2192"/>
<String CONTENT="in" HEIGHT="40" WIDTH="49" VPOS="857" HPOS="2233"/>
</TextLine>
<TextLine HEIGHT="49" WIDTH="552" VPOS="915" HPOS="267" CS="1">
<String CONTENT="education" HEIGHT="42" WIDTH="261" VPOS="915" HPOS="267"/>
<SP HEIGHT="30" WIDTH="28" VPOS="927" HPOS="529"/>
<String CS="1" CONTENT="&#8230;"/>
<SP HEIGHT="30" WIDTH="60" VPOS="926" HPOS="606"/>
<String CONTENT="v." HEIGHT="31" WIDTH="45" VPOS="926" HPOS="667"/>
<SP HEIGHT="40" WIDTH="25" VPOS="917" HPOS="713"/>
<String CONTENT="17)" HEIGHT="48" WIDTH="80" VPOS="916" HPOS="739"/>
</TextLine>
<TextLine HEIGHT="50" WIDTH="1004" VPOS="985" HPOS="344" CS="1">
<String CONTENT="&#8220;Selected" HEIGHT="42" WIDTH="250" VPOS="985" HPOS="344"/>
<SP HEIGHT="40" WIDTH="27" VPOS="987" HPOS="595"/>
<String CS="1" CONTENT="bibliography&#8221;:" HEIGHT="49" WIDTH="368" VPOS="986" HPOS="623"/>
<SP HEIGHT="38" WIDTH="27" VPOS="997" HPOS="1022"/>
<String CONTENT="p." HEIGHT="38" WIDTH="44" VPOS="997" HPOS="1050"/>
<SP HEIGHT="42" WIDTH="28" VPOS="986" HPOS="1095"/>
<String CONTENT="283-295." HEIGHT="43" WIDTH="224" VPOS="985" HPOS="1124"/>
</TextLine>
<TextLine HEIGHT="53" WIDTH="2014" VPOS="1054" HPOS="273" CS="1">
<String CONTENT="&#169;" HEIGHT="53" WIDTH="52" VPOS="1054" HPOS="273"/>
<SP HEIGHT="53" WIDTH="25" VPOS="1054" HPOS="326"/>
<String CONTENT="Sept." HEIGHT="48" WIDTH="128" VPOS="1059" HPOS="352"/>
<SP HEIGHT="40" WIDTH="24" VPOS="1060" HPOS="481"/>
<String CONTENT="8," HEIGHT="47" WIDTH="39" VPOS="1060" HPOS="506"/>
<SP HEIGHT="47" WIDTH="23" VPOS="1060" HPOS="546"/>
<String CS="1" CONTENT="1931;" HEIGHT="41" WIDTH="113" VPOS="1058" HPOS="570"/>
<SP HEIGHT="48" WIDTH="23" VPOS="1058" HPOS="713"/>
<String CONTENT="2c." HEIGHT="41" WIDTH="67" VPOS="1058" HPOS="737"/>
<SP HEIGHT="40" WIDTH="21" VPOS="1059" HPOS="805"/>
<String CONTENT="Nov." HEIGHT="39" WIDTH="119" VPOS="1059" HPOS="827"/>
<SP HEIGHT="39" WIDTH="21" VPOS="1058" HPOS="947"/>
<String CS="1" CONTENT="2;" HEIGHT="39" WIDTH="28" VPOS="1058" HPOS="969"/>
<SP HEIGHT="38" WIDTH="25" VPOS="1067" HPOS="1025"/>
<String CONTENT="aff." HEIGHT="41" WIDTH="83" VPOS="1058" HPOS="1051"/>
<SP HEIGHT="41" WIDTH="26" VPOS="1058" HPOS="1135"/>
<String CONTENT="Sept." HEIGHT="48" WIDTH="128" VPOS="1058" HPOS="1162"/>
<SP HEIGHT="40" WIDTH="23" VPOS="1057" HPOS="1291"/>
<String CS="1" CONTENT="22;" HEIGHT="40" WIDTH="56" VPOS="1057" HPOS="1315"/>
<SP HEIGHT="47" WIDTH="25" VPOS="1058" HPOS="1399"/>
<!-- cceid F2A11976-6E8D-1014-9CF5-AEB3FCA41D69 --><String CONTENT="A" HEIGHT="39" WIDTH="41" VPOS="1058" HPOS="1425"/>
<SP HEIGHT="39" WIDTH="22" VPOS="1058" HPOS="1467"/>
<String CS="1" CONTENT="43744;" HEIGHT="40" WIDTH="147" VPOS="1058" HPOS="1490"/>
<SP HEIGHT="46" WIDTH="27" VPOS="1058" HPOS="1664"/>
<String CONTENT="President" HEIGHT="41" WIDTH="256" VPOS="1057" HPOS="1692"/>
<SP HEIGHT="38" WIDTH="24" VPOS="1059" HPOS="1949"/>
<String CONTENT="and" HEIGHT="39" WIDTH="96" VPOS="1058" HPOS="1974"/>
<SP HEIGHT="40" WIDTH="24" VPOS="1057" HPOS="2071"/>
<String CONTENT="fellows" HEIGHT="40" WIDTH="191" VPOS="1057" HPOS="2096"/>
</TextLine>
<TextLine HEIGHT="51" WIDTH="1388" VPOS="1114" HPOS="346">
<String CONTENT="of" HEIGHT="39" WIDTH="53" VPOS="1117" HPOS="346"/>
<SP HEIGHT="39" WIDTH="20" VPOS="1117" HPOS="400"/>
<String CONTENT="Harvard" HEIGHT="41" WIDTH="232" VPOS="1117" HPOS="421"/>
<SP HEIGHT="38" WIDTH="25" VPOS="1120" HPOS="654"/>
<String CONTENT="college," HEIGHT="49" WIDTH="192" VPOS="1116" HPOS="680"/>
<SP HEIGHT="47" WIDTH="24" VPOS="1116" HPOS="873"/>
<String CONTENT="Cambridge," HEIGHT="48" WIDTH="303" VPOS="1116" HPOS="898"/>
<SP HEIGHT="47" WIDTH="27" VPOS="1117" HPOS="1202"/>
<String CONTENT="Mass." HEIGHT="39" WIDTH="146" VPOS="1117" HPOS="1230"/>
<SP HEIGHT="48" WIDTH="74" VPOS="1115" HPOS="1377"/>
<String CONTENT="(31-33985)" HEIGHT="49" WIDTH="282" VPOS="1114" HPOS="1452"/>
</TextLine>
<TextLine HEIGHT="67" WIDTH="761" VPOS="1224" HPOS="272" STYLEREFS="StyleId-7BDBA0CF-3D61-49EB-BFE9-346C49734FB2-">
<String CONTENT="Crossley," HEIGHT="67" WIDTH="295" VPOS="1224" HPOS="272"/>
<SP HEIGHT="64" WIDTH="26" VPOS="1227" HPOS="568"/>
<String CONTENT="Maude," HEIGHT="64" WIDTH="234" VPOS="1227" HPOS="595"/>
<SP HEIGHT="59" WIDTH="30" VPOS="1232" HPOS="830"/>
<String CONTENT="1879-" HEIGHT="54" WIDTH="172" VPOS="1227" HPOS="861"/>
</TextLine>
<TextLine HEIGHT="71" WIDTH="1947" VPOS="1304" HPOS="344" STYLEREFS="StyleId-7BDBA0CF-3D61-49EB-BFE9-346C49734FB2-">
<String CONTENT="Crookery" HEIGHT="71" WIDTH="294" VPOS="1304" HPOS="344"/>
<SP HEIGHT="68" WIDTH="46" VPOS="1307" HPOS="639"/>
<String CONTENT="inn," HEIGHT="58" WIDTH="117" VPOS="1307" HPOS="686"/>
<SP HEIGHT="59" WIDTH="44" VPOS="1306" HPOS="804"/>
<String CONTENT="by" HEIGHT="68" WIDTH="77" VPOS="1306" HPOS="849"/>
<SP HEIGHT="68" WIDTH="45" VPOS="1306" HPOS="927"/>
<String CONTENT="Maude" HEIGHT="53" WIDTH="213" VPOS="1306" HPOS="973"/>
<SP HEIGHT="55" WIDTH="49" VPOS="1305" HPOS="1187"/>
<String CONTENT="Crossley." HEIGHT="70" WIDTH="280" VPOS="1305" HPOS="1237"/>
<SP HEIGHT="52" WIDTH="74" VPOS="1305" HPOS="1518"/>
<String CONTENT="London," HEIGHT="69" WIDTH="260" VPOS="1305" HPOS="1593"/>
<SP HEIGHT="69" WIDTH="47" VPOS="1305" HPOS="1854"/>
<String CONTENT="H." HEIGHT="54" WIDTH="78" VPOS="1305" HPOS="1902"/>
<SP HEIGHT="54" WIDTH="47" VPOS="1305" HPOS="1981"/>
<String CONTENT="Jenkins," HEIGHT="68" WIDTH="262" VPOS="1304" HPOS="2029"/>
</TextLine>
<TextLine HEIGHT="68" WIDTH="432" VPOS="1383" HPOS="272" STYLEREFS="StyleId-7BDBA0CF-3D61-49EB-BFE9-346C49734FB2-">
<String CONTENT="limited" HEIGHT="54" WIDTH="224" VPOS="1383" HPOS="272"/>
<SP HEIGHT="66" WIDTH="33" VPOS="1385" HPOS="497"/>
<String CONTENT="[1931]" HEIGHT="64" WIDTH="173" VPOS="1387" HPOS="531"/>
</TextLine>
<TextLine HEIGHT="50" WIDTH="345" VPOS="1464" HPOS="345" CS="1">
<String CONTENT="309" HEIGHT="41" WIDTH="88" VPOS="1465" HPOS="345"/>
<SP HEIGHT="49" WIDTH="33" VPOS="1465" HPOS="434"/>
<String CONTENT="p." HEIGHT="38" WIDTH="42" VPOS="1476" HPOS="468"/>
<SP HEIGHT="38" WIDTH="61" VPOS="1467" HPOS="511"/>
<String CS="1" CONTENT="19&#7580;&#7504;." HEIGHT="42" WIDTH="117" VPOS="1464" HPOS="573"/>
</TextLine>
<TextLine HEIGHT="50" WIDTH="606" VPOS="1535" HPOS="347">
<String CONTENT="&#8220;First" HEIGHT="41" WIDTH="162" VPOS="1536" HPOS="347"/>
<SP HEIGHT="46" WIDTH="32" VPOS="1539" HPOS="510"/>
<String CONTENT="printing" HEIGHT="49" WIDTH="220" VPOS="1536" HPOS="543"/>
<SP HEIGHT="48" WIDTH="29" VPOS="1537" HPOS="764"/>
<String CONTENT="1931.&#8221;" HEIGHT="42" WIDTH="159" VPOS="1535" HPOS="794"/>
</TextLine>
<TextLine HEIGHT="52" WIDTH="2012" VPOS="1603" HPOS="280" CS="1">
<String CONTENT="&#169;" HEIGHT="52" WIDTH="52" VPOS="1603" HPOS="280"/>
<SP/>
<String CS="1" CONTENT="1c."/>
<SP/>
<String CONTENT="Oct." HEIGHT="41" WIDTH="103" VPOS="1608" HPOS="469"/>
<SP HEIGHT="42" WIDTH="30" VPOS="1607" HPOS="573"/>
<String CONTENT="24," HEIGHT="43" WIDTH="70" VPOS="1607" HPOS="604"/>
<SP HEIGHT="41" WIDTH="33" VPOS="1609" HPOS="675"/>
<String CS="1" CONTENT="1931;" HEIGHT="42" WIDTH="112" VPOS="1606" HPOS="709"/>
<SP HEIGHT="46" WIDTH="35" VPOS="1608" HPOS="851"/>
<!-- cceid F2A13B7C-6E8D-1014-9CF5-AEB3FCA41D69 --><String CONTENT="A" HEIGHT="39" WIDTH="41" VPOS="1608" HPOS="887"/>
<SP HEIGHT="39" WIDTH="30" VPOS="1608" HPOS="929"/>
<String CONTENT="ad" HEIGHT="39" WIDTH="61" VPOS="1608" HPOS="960"/>
<SP HEIGHT="40" WIDTH="33" VPOS="1607" HPOS="1022"/>
<String CONTENT="int." HEIGHT="41" WIDTH="88" VPOS="1607" HPOS="1056"/>
<SP HEIGHT="40" WIDTH="32" VPOS="1608" HPOS="1145"/>
<String CS="1" CONTENT="15724;" HEIGHT="41" WIDTH="145" VPOS="1606" HPOS="1178"/>
<SP HEIGHT="38" WIDTH="34" VPOS="1617" HPOS="1352"/>
<String CONTENT="pubd." HEIGHT="47" WIDTH="142" VPOS="1608" HPOS="1387"/>
<SP HEIGHT="39" WIDTH="35" VPOS="1607" HPOS="1530"/>
<String CONTENT="Aug." HEIGHT="48" WIDTH="121" VPOS="1607" HPOS="1566"/>
<SP HEIGHT="42" WIDTH="32" VPOS="1606" HPOS="1688"/>
<String CS="1" CONTENT="28;" HEIGHT="42" WIDTH="56" VPOS="1606" HPOS="1721"/>
<SP HEIGHT="47" WIDTH="36" VPOS="1606" HPOS="1805"/>
<String CONTENT="Charles" HEIGHT="41" WIDTH="203" VPOS="1606" HPOS="1842"/>
<SP HEIGHT="39" WIDTH="33" VPOS="1608" HPOS="2046"/>
<String CONTENT="Thomas" HEIGHT="42" WIDTH="212" VPOS="1607" HPOS="2080"/>
</TextLine>
<TextLine HEIGHT="50" WIDTH="1325" VPOS="1664" HPOS="349">
<String CONTENT="King" HEIGHT="47" WIDTH="132" VPOS="1665" HPOS="349"/>
<SP HEIGHT="36" WIDTH="23" VPOS="1676" HPOS="482"/>
<String CONTENT="and" HEIGHT="39" WIDTH="98" VPOS="1666" HPOS="506"/>
<SP HEIGHT="39" WIDTH="25" VPOS="1666" HPOS="605"/>
<String CONTENT="Maude" HEIGHT="39" WIDTH="180" VPOS="1666" HPOS="631"/>
<SP HEIGHT="41" WIDTH="23" VPOS="1665" HPOS="812"/>
<String CONTENT="Crossley," HEIGHT="49" WIDTH="240" VPOS="1665" HPOS="836"/>
<SP HEIGHT="48" WIDTH="28" VPOS="1665" HPOS="1077"/>
<String CONTENT="London." HEIGHT="41" WIDTH="214" VPOS="1665" HPOS="1106"/>
<SP HEIGHT="48" WIDTH="69" VPOS="1664" HPOS="1321"/>
<String CONTENT="(31-34401)" HEIGHT="49" WIDTH="283" VPOS="1664" HPOS="1391"/>
</TextLine>
<TextLine HEIGHT="65" WIDTH="433" VPOS="1760" HPOS="279" STYLEREFS="StyleId-7BDBA0CF-3D61-49EB-BFE9-346C49734FB2-">
<String CONTENT="Curley," HEIGHT="65" WIDTH="235" VPOS="1760" HPOS="279"/>
<SP HEIGHT="65" WIDTH="28" VPOS="1760" HPOS="515"/>
<String CONTENT="Jack." HEIGHT="55" WIDTH="168" VPOS="1760" HPOS="544"/>
</TextLine>
<TextLine HEIGHT="73" WIDTH="1883" VPOS="1836" HPOS="409" STYLEREFS="StyleId-7BDBA0CF-3D61-49EB-BFE9-346C49734FB2-" CS="1">
<String CS="1" CONTENT="&#8230;"/>
<SP HEIGHT="52" WIDTH="29" VPOS="1839" HPOS="409"/>
<String CONTENT="Modern" HEIGHT="53" WIDTH="246" VPOS="1838" HPOS="439"/>
<SP HEIGHT="33" WIDTH="27" VPOS="1857" HPOS="686"/>
<String CONTENT="wrestling," HEIGHT="71" WIDTH="314" VPOS="1836" HPOS="714"/>
<SP HEIGHT="69" WIDTH="24" VPOS="1837" HPOS="1029"/>
<String CONTENT="its" HEIGHT="55" WIDTH="75" VPOS="1837" HPOS="1054"/>
<SP HEIGHT="53" WIDTH="26" VPOS="1839" HPOS="1130"/>
<String CONTENT="holds" HEIGHT="55" WIDTH="168" VPOS="1837" HPOS="1157"/>
<SP HEIGHT="34" WIDTH="26" VPOS="1857" HPOS="1326"/>
<String CONTENT="and" HEIGHT="52" WIDTH="113" VPOS="1839" HPOS="1353"/>
<SP HEIGHT="53" WIDTH="25" VPOS="1839" HPOS="1467"/>
<String CONTENT="methods," HEIGHT="68" WIDTH="280" VPOS="1837" HPOS="1493"/>
<SP HEIGHT="67" WIDTH="23" VPOS="1838" HPOS="1774"/>
<String CONTENT="by" HEIGHT="69" WIDTH="78" VPOS="1838" HPOS="1798"/>
<SP HEIGHT="68" WIDTH="24" VPOS="1839" HPOS="1877"/>
<String CONTENT="Jack" HEIGHT="53" WIDTH="150" VPOS="1839" HPOS="1902"/>
<SP HEIGHT="56" WIDTH="25" VPOS="1838" HPOS="2053"/>
<String CONTENT="Curley" HEIGHT="71" WIDTH="213" VPOS="1838" HPOS="2079"/>
</TextLine>
<TextLine HEIGHT="71" WIDTH="1953" VPOS="1915" HPOS="340" STYLEREFS="StyleId-7BDBA0CF-3D61-49EB-BFE9-346C49734FB2-" CS="1">
<String CS="1" CONTENT="&#8230;"/>
<SP HEIGHT="34" WIDTH="47" VPOS="1935" HPOS="340"/>
<String CONTENT="and" HEIGHT="52" WIDTH="110" VPOS="1917" HPOS="388"/>
<SP HEIGHT="52" WIDTH="45" VPOS="1917" HPOS="499"/>
<String CONTENT="Nat" HEIGHT="52" WIDTH="118" VPOS="1917" HPOS="545"/>
<SP HEIGHT="51" WIDTH="39" VPOS="1918" HPOS="664"/>
<String CONTENT="Fleischer" HEIGHT="55" WIDTH="291" VPOS="1915" HPOS="704"/>
<SP HEIGHT="33" WIDTH="46" VPOS="1937" HPOS="996"/>
<String CS="1" CONTENT="&#8230;"/>
<SP HEIGHT="33" WIDTH="47" VPOS="1937" HPOS="1100"/>
<String CONTENT="with" HEIGHT="54" WIDTH="140" VPOS="1916" HPOS="1148"/>
<SP HEIGHT="53" WIDTH="43" VPOS="1917" HPOS="1289"/>
<String CONTENT="140" HEIGHT="50" WIDTH="99" VPOS="1920" HPOS="1333"/>
<SP HEIGHT="54" WIDTH="39" VPOS="1916" HPOS="1433"/>
<String CONTENT="illustrations," HEIGHT="68" WIDTH="402" VPOS="1915" HPOS="1473"/>
<SP HEIGHT="68" WIDTH="43" VPOS="1915" HPOS="1876"/>
<String CONTENT="including" HEIGHT="71" WIDTH="299" VPOS="1915" HPOS="1920"/>
<SP HEIGHT="51" WIDTH="40" VPOS="1935" HPOS="2220"/>
<String CONTENT="a" HEIGHT="33" WIDTH="32" VPOS="1935" HPOS="2261"/>
</TextLine>
<TextLine HEIGHT="74" WIDTH="2015" VPOS="1991" HPOS="278" STYLEREFS="StyleId-7BDBA0CF-3D61-49EB-BFE9-346C49734FB2-">
<String CONTENT="special" HEIGHT="69" WIDTH="212" VPOS="1991" HPOS="278"/>
<SP HEIGHT="52" WIDTH="36" VPOS="1994" HPOS="491"/>
<String CONTENT="album" HEIGHT="55" WIDTH="194" VPOS="1993" HPOS="528"/>
<SP HEIGHT="34" WIDTH="36" VPOS="2014" HPOS="723"/>
<String CONTENT="of" HEIGHT="54" WIDTH="64" VPOS="1993" HPOS="760"/>
<SP HEIGHT="55" WIDTH="37" VPOS="1993" HPOS="825"/>
<String CONTENT="70" HEIGHT="53" WIDTH="67" VPOS="1995" HPOS="863"/>
<SP HEIGHT="55" WIDTH="37" VPOS="1993" HPOS="931"/>
<String CONTENT="full" HEIGHT="55" WIDTH="112" VPOS="1993" HPOS="969"/>
<SP HEIGHT="70" WIDTH="40" VPOS="1994" HPOS="1082"/>
<String CONTENT="page" HEIGHT="52" WIDTH="146" VPOS="2013" HPOS="1123"/>
<SP HEIGHT="49" WIDTH="36" VPOS="2013" HPOS="1270"/>
<String CONTENT="photographs" HEIGHT="68" WIDTH="399" VPOS="1995" HPOS="1307"/>
<SP HEIGHT="35" WIDTH="35" VPOS="2013" HPOS="1707"/>
<String CONTENT="of" HEIGHT="52" WIDTH="65" VPOS="1996" HPOS="1743"/>
<SP HEIGHT="52" WIDTH="36" VPOS="1996" HPOS="1809"/>
<String CONTENT="world" HEIGHT="53" WIDTH="179" VPOS="1994" HPOS="1846"/>
<SP HEIGHT="54" WIDTH="40" VPOS="1993" HPOS="2026"/>
<String CONTENT="famous" HEIGHT="55" WIDTH="226" VPOS="1993" HPOS="2067"/>
</TextLine>
<TextLine HEIGHT="72" WIDTH="2017" VPOS="2070" HPOS="278" STYLEREFS="StyleId-7BDBA0CF-3D61-49EB-BFE9-346C49734FB2-" CS="1">
<String CONTENT="wrestlers," HEIGHT="69" WIDTH="300" VPOS="2070" HPOS="278"/>
<SP HEIGHT="50" WIDTH="24" VPOS="2090" HPOS="579"/>
<String CONTENT="past" HEIGHT="63" WIDTH="131" VPOS="2077" HPOS="604"/>
<SP HEIGHT="47" WIDTH="25" VPOS="2077" HPOS="736"/>
<String CONTENT="and" HEIGHT="52" WIDTH="112" VPOS="2073" HPOS="762"/>
<SP HEIGHT="67" WIDTH="25" VPOS="2073" HPOS="875"/>
<String CONTENT="present" HEIGHT="62" WIDTH="229" VPOS="2078" HPOS="901"/>
<SP HEIGHT="49" WIDTH="29" VPOS="2078" HPOS="1131"/>
<String CS="1" CONTENT="&#8230;"/>
<SP HEIGHT="54" WIDTH="79" VPOS="2073" HPOS="1218"/>
<String CONTENT="New" HEIGHT="52" WIDTH="139" VPOS="2073" HPOS="1298"/>
<SP HEIGHT="52" WIDTH="25" VPOS="2074" HPOS="1438"/>
<String CONTENT="York" HEIGHT="53" WIDTH="165" VPOS="2073" HPOS="1464"/>
<SP HEIGHT="52" WIDTH="24" VPOS="2073" HPOS="1630"/>
<String CONTENT="city," HEIGHT="69" WIDTH="135" VPOS="2073" HPOS="1655"/>
<SP HEIGHT="67" WIDTH="23" VPOS="2074" HPOS="1791"/>
<String CONTENT="The" HEIGHT="52" WIDTH="121" VPOS="2073" HPOS="1815"/>
<SP HEIGHT="51" WIDTH="26" VPOS="2073" HPOS="1937"/>
<String CONTENT="Ring" HEIGHT="71" WIDTH="157" VPOS="2071" HPOS="1964"/>
<SP HEIGHT="70" WIDTH="24" VPOS="2072" HPOS="2122"/>
<String CONTENT="book" HEIGHT="54" WIDTH="148" VPOS="2071" HPOS="2147"/>
</TextLine>
<TextLine HEIGHT="69" WIDTH="371" VPOS="2149" HPOS="277" STYLEREFS="StyleId-7BDBA0CF-3D61-49EB-BFE9-346C49734FB2-" CS="1">
<String CONTENT="shop" HEIGHT="68" WIDTH="144" VPOS="2149" HPOS="277"/>
<SP HEIGHT="50" WIDTH="31" VPOS="2167" HPOS="422"/>
<String CS="1" CONTENT="[&#7580;1931]" HEIGHT="66" WIDTH="194" VPOS="2152" HPOS="454"/>
</TextLine>
<TextLine HEIGHT="52" WIDTH="1946" VPOS="2229" HPOS="351" CS="1">
<String CONTENT="3" HEIGHT="41" WIDTH="27" VPOS="2229" HPOS="351"/>
<SP HEIGHT="48" WIDTH="30" VPOS="2229" HPOS="379"/>
<String LANG="fr" CONTENT="p." HEIGHT="37" WIDTH="44" VPOS="2240" HPOS="410"/>
<SP/>
<String LANG="fr" CS="1" CONTENT="l.,"/>
<SP/>
<String CONTENT="122" HEIGHT="40" WIDTH="87" VPOS="2230" HPOS="570"/>
<SP HEIGHT="48" WIDTH="32" VPOS="2231" HPOS="658"/>
<String CONTENT="p." HEIGHT="37" WIDTH="43" VPOS="2242" HPOS="691"/>
<SP HEIGHT="41" WIDTH="31" VPOS="2231" HPOS="735"/>
<String CONTENT="incl." HEIGHT="42" WIDTH="111" VPOS="2231" HPOS="767"/>
<SP HEIGHT="42" WIDTH="31" VPOS="2231" HPOS="879"/>
<String CONTENT="illus.," HEIGHT="50" WIDTH="144" VPOS="2231" HPOS="911"/>
<SP HEIGHT="38" WIDTH="34" VPOS="2243" HPOS="1056"/>
<String CONTENT="plates." HEIGHT="48" WIDTH="173" VPOS="2233" HPOS="1091"/>
<SP HEIGHT="39" WIDTH="59" VPOS="2232" HPOS="1265"/>
<String CS="1" CONTENT="23&#7580;&#7504;." HEIGHT="42" WIDTH="118" VPOS="2232" HPOS="1325"/>
<SP HEIGHT="49" WIDTH="69" VPOS="2232" HPOS="1444"/>
<String CONTENT="(Ring" HEIGHT="49" WIDTH="153" VPOS="2232" HPOS="1514"/>
<SP HEIGHT="38" WIDTH="31" VPOS="2243" HPOS="1668"/>
<String CONTENT="athletic" HEIGHT="41" WIDTH="203" VPOS="2231" HPOS="1700"/>
<SP HEIGHT="39" WIDTH="33" VPOS="2233" HPOS="1904"/>
<String CONTENT="library," HEIGHT="48" WIDTH="200" VPOS="2232" HPOS="1938"/>
<SP HEIGHT="42" WIDTH="34" VPOS="2232" HPOS="2139"/>
<String CONTENT="book" HEIGHT="40" WIDTH="123" VPOS="2232" HPOS="2174"/>
</TextLine>
<TextLine HEIGHT="48" WIDTH="157" VPOS="2287" HPOS="279">
<String CONTENT="no." HEIGHT="31" WIDTH="76" VPOS="2297" HPOS="279"/>
<SP HEIGHT="40" WIDTH="28" VPOS="2288" HPOS="356"/>
<String CONTENT="7)" HEIGHT="48" WIDTH="51" VPOS="2287" HPOS="385"/>
</TextLine>
<TextLine HEIGHT="59" WIDTH="2014" VPOS="2354" HPOS="287" CS="1">
<String CONTENT="&#169;" HEIGHT="52" WIDTH="52" VPOS="2354" HPOS="287"/>
<SP HEIGHT="52" WIDTH="35" VPOS="2354" HPOS="340"/>
<String CONTENT="Nov." HEIGHT="40" WIDTH="119" VPOS="2359" HPOS="376"/>
<SP HEIGHT="39" WIDTH="34" VPOS="2359" HPOS="496"/>
<String CONTENT="20," HEIGHT="41" WIDTH="69" VPOS="2359" HPOS="531"/>
<SP HEIGHT="40" WIDTH="36" VPOS="2360" HPOS="601"/>
<String CS="1" CONTENT="1931;" HEIGHT="41" WIDTH="114" VPOS="2358" HPOS="638"/>
<SP HEIGHT="47" WIDTH="36" VPOS="2359" HPOS="781"/>
<String CONTENT="2c." HEIGHT="41" WIDTH="67" VPOS="2359" HPOS="818"/>
<SP HEIGHT="29" WIDTH="37" VPOS="2371" HPOS="886"/>
<String CONTENT="and" HEIGHT="39" WIDTH="97" VPOS="2361" HPOS="924"/>
<SP HEIGHT="40" WIDTH="34" VPOS="2361" HPOS="1022"/>
<String CONTENT="aff." HEIGHT="43" WIDTH="82" VPOS="2359" HPOS="1057"/>
<SP HEIGHT="41" WIDTH="35" VPOS="2361" HPOS="1140"/>
<String CONTENT="Nov." HEIGHT="40" WIDTH="118" VPOS="2361" HPOS="1176"/>
<SP HEIGHT="39" WIDTH="37" VPOS="2361" HPOS="1295"/>
<String CS="1" CONTENT="23;" HEIGHT="40" WIDTH="56" VPOS="2361" HPOS="1333"/>
<SP HEIGHT="53" WIDTH="34" VPOS="2360" HPOS="1420"/>
<!-- cceid F2A15EE9-6E8D-1014-9CF5-AEB3FCA41D69 --><String CONTENT="A" HEIGHT="40" WIDTH="42" VPOS="2360" HPOS="1455"/>
<SP HEIGHT="40" WIDTH="34" VPOS="2360" HPOS="1498"/>
<String CS="1" CONTENT="45164;" HEIGHT="40" WIDTH="146" VPOS="2360" HPOS="1533"/>
<SP HEIGHT="46" WIDTH="37" VPOS="2361" HPOS="1708"/>
<String CONTENT="Nat" HEIGHT="40" WIDTH="98" VPOS="2361" HPOS="1746"/>
<SP HEIGHT="40" WIDTH="36" VPOS="2361" HPOS="1845"/>
<String CONTENT="Fleischer," HEIGHT="48" WIDTH="262" VPOS="2359" HPOS="1882"/>
<SP HEIGHT="47" WIDTH="35" VPOS="2360" HPOS="2145"/>
<String CONTENT="New" HEIGHT="40" WIDTH="120" VPOS="2360" HPOS="2181"/>
</TextLine>
<TextLine HEIGHT="50" WIDTH="499" VPOS="2416" HPOS="356">
<String CONTENT="York." HEIGHT="39" WIDTH="144" VPOS="2417" HPOS="356"/>
<SP HEIGHT="48" WIDTH="72" VPOS="2417" HPOS="501"/>
<String CONTENT="(31-33975)" HEIGHT="50" WIDTH="281" VPOS="2416" HPOS="574"/>
</TextLine>
<TextLine HEIGHT="68" WIDTH="1297" VPOS="2510" HPOS="282" STYLEREFS="StyleId-7BDBA0CF-3D61-49EB-BFE9-346C49734FB2-">
<String CONTENT="Davis," HEIGHT="66" WIDTH="204" VPOS="2510" HPOS="282"/>
<SP HEIGHT="64" WIDTH="28" VPOS="2512" HPOS="487"/>
<String CONTENT="George" HEIGHT="64" WIDTH="229" VPOS="2512" HPOS="516"/>
<SP HEIGHT="53" WIDTH="26" VPOS="2513" HPOS="746"/>
<String CONTENT="Thompson" HEIGHT="66" WIDTH="340" VPOS="2511" HPOS="773"/>
<SP HEIGHT="53" WIDTH="25" VPOS="2513" HPOS="1114"/>
<String CONTENT="Brown," HEIGHT="65" WIDTH="235" VPOS="2513" HPOS="1140"/>
<SP HEIGHT="59" WIDTH="29" VPOS="2519" HPOS="1376"/>
<String CONTENT="1873-" HEIGHT="54" WIDTH="173" VPOS="2514" HPOS="1406"/>
</TextLine>
<TextLine HEIGHT="72" WIDTH="1950" VPOS="2588" HPOS="352" STYLEREFS="StyleId-7BDBA0CF-3D61-49EB-BFE9-346C49734FB2-">
<String CONTENT="Fulfilled" HEIGHT="54" WIDTH="274" VPOS="2588" HPOS="352"/>
<SP HEIGHT="68" WIDTH="35" VPOS="2590" HPOS="627"/>
<String CONTENT="prophecies" HEIGHT="69" WIDTH="335" VPOS="2589" HPOS="663"/>
<SP HEIGHT="49" WIDTH="33" VPOS="2596" HPOS="999"/>
<String CONTENT="that" HEIGHT="53" WIDTH="128" VPOS="2591" HPOS="1033"/>
<SP HEIGHT="62" WIDTH="33" VPOS="2597" HPOS="1162"/>
<String CONTENT="prove" HEIGHT="50" WIDTH="178" VPOS="2609" HPOS="1196"/>
<SP HEIGHT="48" WIDTH="31" VPOS="2596" HPOS="1375"/>
<String CONTENT="the" HEIGHT="52" WIDTH="95" VPOS="2592" HPOS="1407"/>
<SP HEIGHT="52" WIDTH="35" VPOS="2592" HPOS="1503"/>
<String CONTENT="Bible," HEIGHT="69" WIDTH="186" VPOS="2590" HPOS="1539"/>
<SP HEIGHT="69" WIDTH="31" VPOS="2590" HPOS="1726"/>
<String CONTENT="by" HEIGHT="70" WIDTH="77" VPOS="2590" HPOS="1758"/>
<SP HEIGHT="70" WIDTH="33" VPOS="2590" HPOS="1836"/>
<String CONTENT="George" HEIGHT="70" WIDTH="221" VPOS="2590" HPOS="1870"/>
<SP HEIGHT="53" WIDTH="36" VPOS="2590" HPOS="2092"/>
<String LANG="fr" CONTENT="T." HEIGHT="52" WIDTH="65" VPOS="2590" HPOS="2129"/>
<SP HEIGHT="52" WIDTH="36" VPOS="2591" HPOS="2195"/>
<String CONTENT="B." HEIGHT="52" WIDTH="70" VPOS="2591" HPOS="2232"/>
</TextLine>
<TextLine HEIGHT="150" WIDTH="1994" VPOS="2665" HPOS="283" STYLEREFS="StyleId-7BDBA0CF-3D61-49EB-BFE9-346C49734FB2-" CS="1">
<String CONTENT="Davis." HEIGHT="55" WIDTH="199" VPOS="2665" HPOS="283"/>
<SP HEIGHT="53" WIDTH="74" VPOS="2667" HPOS="483"/>
<String CONTENT="Philadelphia," HEIGHT="70" WIDTH="431" VPOS="2667" HPOS="558"/>
<SP HEIGHT="68" WIDTH="47" VPOS="2669" HPOS="990"/>
<String CONTENT="Penna.," HEIGHT="69" WIDTH="235" VPOS="2669" HPOS="1038"/>
<SP HEIGHT="68" WIDTH="47" VPOS="2670" HPOS="1274"/>
<String CONTENT="The" HEIGHT="52" WIDTH="121" VPOS="2670" HPOS="1322"/>
<SP HEIGHT="53" WIDTH="47" VPOS="2669" HPOS="1444"/>
<String CONTENT="Million" HEIGHT="54" WIDTH="234" VPOS="2668" HPOS="1492"/>
<SP HEIGHT="48" WIDTH="46" VPOS="2674" HPOS="1727"/>
<String CONTENT="testaments" HEIGHT="49" WIDTH="332" VPOS="2673" HPOS="1774"/>
<SP HEIGHT="35" WIDTH="47" VPOS="2687" HPOS="2107"/>
<String CONTENT="campaign" HEIGHT="128" WIDTH="1994" VPOS="2687" HPOS="283"/>
<SP HEIGHT="50" WIDTH="35" VPOS="2764" HPOS="464"/>
<String CS="1" CONTENT="[&#7580;1931]" HEIGHT="65" WIDTH="196" VPOS="2749" HPOS="500"/>
</TextLine>
<TextLine HEIGHT="51" WIDTH="1151" VPOS="2829" HPOS="353" CS="1">
<String CONTENT="3" HEIGHT="42" WIDTH="29" VPOS="2829" HPOS="353"/>
<SP HEIGHT="49" WIDTH="24" VPOS="2829" HPOS="383"/>
<String LANG="fr" CONTENT="p." HEIGHT="38" WIDTH="43" VPOS="2840" HPOS="408"/>
<SP/>
<String LANG="fr" CS="1" CONTENT="l.,"/>
<SP/>
<String CONTENT="[5]-123" HEIGHT="51" WIDTH="177" VPOS="2829" HPOS="552"/>
<SP HEIGHT="50" WIDTH="24" VPOS="2830" HPOS="730"/>
<String CONTENT="p." HEIGHT="38" WIDTH="43" VPOS="2842" HPOS="755"/>
<SP HEIGHT="43" WIDTH="58" VPOS="2829" HPOS="799"/>
<String CONTENT="illus." HEIGHT="44" WIDTH="131" VPOS="2829" HPOS="858"/>
<SP HEIGHT="50" WIDTH="27" VPOS="2830" HPOS="990"/>
<String CONTENT="(incl." HEIGHT="50" WIDTH="136" VPOS="2830" HPOS="1018"/>
<SP HEIGHT="31" WIDTH="24" VPOS="2841" HPOS="1155"/>
<String CONTENT="map)" HEIGHT="50" WIDTH="137" VPOS="2830" HPOS="1180"/>
<SP HEIGHT="50" WIDTH="67" VPOS="2830" HPOS="1318"/>
<String CS="1" CONTENT="19&#7580;&#7504;." HEIGHT="42" WIDTH="118" VPOS="2831" HPOS="1386"/>
</TextLine>
<TextLine HEIGHT="53" WIDTH="2014" VPOS="2898" HPOS="291" CS="1">
<String CONTENT="&#169;" HEIGHT="53" WIDTH="52" VPOS="2898" HPOS="291"/>
<SP HEIGHT="53" WIDTH="31" VPOS="2898" HPOS="344"/>
<String CONTENT="Nov." HEIGHT="39" WIDTH="119" VPOS="2904" HPOS="376"/>
<SP HEIGHT="39" WIDTH="29" VPOS="2904" HPOS="496"/>
<String CONTENT="3," HEIGHT="46" WIDTH="40" VPOS="2904" HPOS="526"/>
<SP HEIGHT="46" WIDTH="31" VPOS="2904" HPOS="567"/>
<String CS="1" CONTENT="1931;" HEIGHT="41" WIDTH="113" VPOS="2902" HPOS="599"/>
<SP HEIGHT="48" WIDTH="33" VPOS="2901" HPOS="742"/>
<String CONTENT="2c." HEIGHT="42" WIDTH="66" VPOS="2901" HPOS="776"/>
<SP HEIGHT="40" WIDTH="32" VPOS="2903" HPOS="843"/>
<String CONTENT="Nov." HEIGHT="40" WIDTH="118" VPOS="2903" HPOS="876"/>
<SP HEIGHT="38" WIDTH="32" VPOS="2905" HPOS="995"/>
<String CS="1" CONTENT="11;" HEIGHT="38" WIDTH="54" VPOS="2905" HPOS="1028"/>
<SP HEIGHT="36" WIDTH="34" VPOS="2914" HPOS="1112"/>
<String CONTENT="aff." HEIGHT="42" WIDTH="83" VPOS="2903" HPOS="1147"/>
<SP HEIGHT="41" WIDTH="32" VPOS="2904" HPOS="1231"/>
<String CONTENT="Nov." HEIGHT="40" WIDTH="119" VPOS="2904" HPOS="1264"/>
<SP HEIGHT="39" WIDTH="31" VPOS="2905" HPOS="1384"/>
<String CS="1" CONTENT="7;" HEIGHT="39" WIDTH="27" VPOS="2905" HPOS="1416"/>
<SP HEIGHT="46" WIDTH="36" VPOS="2904" HPOS="1470"/>
<!-- cceid F2A17EF7-6E8D-1014-9CF5-AEB3FCA41D69 --><String CONTENT="A" HEIGHT="39" WIDTH="41" VPOS="2904" HPOS="1507"/>
<SP HEIGHT="39" WIDTH="29" VPOS="2904" HPOS="1549"/>
<String CS="1" CONTENT="43934;" HEIGHT="42" WIDTH="147" VPOS="2903" HPOS="1579"/>
<SP HEIGHT="46" WIDTH="35" VPOS="2904" HPOS="1753"/>
<String CONTENT="Million" HEIGHT="41" WIDTH="192" VPOS="2903" HPOS="1789"/>
<SP HEIGHT="38" WIDTH="31" VPOS="2905" HPOS="1982"/>
<String CONTENT="testaments" HEIGHT="38" WIDTH="291" VPOS="2905" HPOS="2014"/>
</TextLine>
<TextLine HEIGHT="49" WIDTH="624" VPOS="2960" HPOS="359">
<String CONTENT="campaign." HEIGHT="48" WIDTH="271" VPOS="2960" HPOS="359"/>
<SP HEIGHT="49" WIDTH="70" VPOS="2960" HPOS="631"/>
<String CONTENT="(31-33996)" HEIGHT="49" WIDTH="281" VPOS="2960" HPOS="702"/>
</TextLine>
<TextLine HEIGHT="135" WIDTH="1996" VPOS="3052" HPOS="287" STYLEREFS="StyleId-7BDBA0CF-3D61-49EB-BFE9-346C49734FB2-" CS="1">
<String CONTENT="Delaware" HEIGHT="56" WIDTH="307" VPOS="3052" HPOS="287"/>
<SP HEIGHT="37" WIDTH="35" VPOS="3072" HPOS="595"/>
<String CONTENT="and" HEIGHT="52" WIDTH="113" VPOS="3059" HPOS="631"/>
<SP HEIGHT="54" WIDTH="33" VPOS="3057" HPOS="745"/>
<String CONTENT="Atlantic" HEIGHT="54" WIDTH="261" VPOS="3057" HPOS="779"/>
<SP HEIGHT="34" WIDTH="37" VPOS="3077" HPOS="1041"/>
<String CONTENT="reporter" HEIGHT="64" WIDTH="258" VPOS="3062" HPOS="1079"/>
<SP HEIGHT="52" WIDTH="34" VPOS="3059" HPOS="1338"/>
<String CONTENT="digest." HEIGHT="70" WIDTH="202" VPOS="3057" HPOS="1373"/>
<SP HEIGHT="48" WIDTH="78" VPOS="3061" HPOS="1576"/>
<String CONTENT="1931" HEIGHT="49" WIDTH="133" VPOS="3061" HPOS="1655"/>
<SP HEIGHT="49" WIDTH="37" VPOS="3061" HPOS="1789"/>
<String CONTENT="cumulative" HEIGHT="55" WIDTH="344" VPOS="3055" HPOS="1827"/>
<SP HEIGHT="34" WIDTH="37" VPOS="3076" HPOS="2172"/>
<String CONTENT="annual" HEIGHT="113" WIDTH="1924" VPOS="3074" HPOS="359"/>
</TextLine>
<TextLine HEIGHT="149" WIDTH="1921" VPOS="3133" HPOS="361" STYLEREFS="StyleId-7BDBA0CF-3D61-49EB-BFE9-346C49734FB2-" CS="1">
<String CONTENT="pocket" HEIGHT="67" WIDTH="203" VPOS="3135" HPOS="524"/>
<SP HEIGHT="61" WIDTH="29" VPOS="3142" HPOS="728"/>
<String CONTENT="parts" HEIGHT="64" WIDTH="159" VPOS="3139" HPOS="758"/>
<SP HEIGHT="55" WIDTH="30" VPOS="3134" HPOS="918"/>
<String CONTENT="for" HEIGHT="55" WIDTH="95" VPOS="3134" HPOS="949"/>
<SP HEIGHT="34" WIDTH="27" VPOS="3154" HPOS="1045"/>
<String CONTENT="volumes" HEIGHT="53" WIDTH="253" VPOS="3136" HPOS="1073"/>
<SP HEIGHT="49" WIDTH="29" VPOS="3140" HPOS="1327"/>
<String CONTENT="1-36" HEIGHT="50" WIDTH="136" VPOS="3139" HPOS="1357"/>
<SP HEIGHT="50" WIDTH="33" VPOS="3139" HPOS="1494"/>
<String CS="1" CONTENT="&#8230;"/>
<SP HEIGHT="55" WIDTH="81" VPOS="3135" HPOS="1586"/>
<String CONTENT="St." HEIGHT="55" WIDTH="81" VPOS="3135" HPOS="1668"/>
<SP HEIGHT="52" WIDTH="30" VPOS="3136" HPOS="1750"/>
<String CONTENT="Paul," HEIGHT="68" WIDTH="167" VPOS="3136" HPOS="1781"/>
<SP HEIGHT="70" WIDTH="24" VPOS="3134" HPOS="1949"/>
<String CONTENT="West" HEIGHT="54" WIDTH="163" VPOS="3134" HPOS="1974"/>
<SP HEIGHT="62" WIDTH="27" VPOS="3140" HPOS="2138"/>
<String CONTENT="publishing" HEIGHT="149" WIDTH="1921" VPOS="3133" HPOS="361"/>
<SP HEIGHT="50" WIDTH="26" VPOS="3232" HPOS="578"/>
<String LANG="ru" CONTENT="co." HEIGHT="34" WIDTH="79" VPOS="3232" HPOS="605"/>
</TextLine>
<TextLine HEIGHT="64" WIDTH="192" VPOS="3217" HPOS="721" STYLEREFS="StyleId-7BDBA0CF-3D61-49EB-BFE9-346C49734FB2-" CS="1">
<String CS="1" CONTENT="[&#7580;1931]" HEIGHT="64" WIDTH="192" VPOS="3217" HPOS="721"/>
</TextLine>
<TextLine HEIGHT="40" WIDTH="312" VPOS="3294" HPOS="358" CS="1">
<String CONTENT="36" HEIGHT="40" WIDTH="59" VPOS="3294" HPOS="358"/>
<SP HEIGHT="40" WIDTH="31" VPOS="3294" HPOS="418"/>
<String CS="1" CONTENT="v"/>
<String LANG="fr" CONTENT="." HEIGHT="8" WIDTH="8" VPOS="3326" HPOS="485"/>
<SP HEIGHT="40" WIDTH="58" VPOS="3294" HPOS="494"/>
<String CS="1" CONTENT="25&#7580;&#7504;." HEIGHT="40" WIDTH="117" VPOS="3294" HPOS="553"/>
</TextLine>
<TextLine HEIGHT="41" WIDTH="298" VPOS="3366" HPOS="360">
<String CONTENT="Cover-title." HEIGHT="41" WIDTH="298" VPOS="3366" HPOS="360"/>
</TextLine>
<TextLine HEIGHT="52" WIDTH="1943" VPOS="3420" HPOS="365">
<String CONTENT="These" HEIGHT="41" WIDTH="156" VPOS="3423" HPOS="365"/>
<SP HEIGHT="37" WIDTH="27" VPOS="3433" HPOS="522"/>
<String CONTENT="pamphlets" HEIGHT="47" WIDTH="274" VPOS="3424" HPOS="550"/>
<SP HEIGHT="29" WIDTH="28" VPOS="3434" HPOS="825"/>
<String CONTENT="are" HEIGHT="29" WIDTH="84" VPOS="3434" HPOS="854"/>
<SP HEIGHT="38" WIDTH="30" VPOS="3426" HPOS="939"/>
<String CONTENT="to" HEIGHT="38" WIDTH="47" VPOS="3426" HPOS="970"/>
<SP HEIGHT="39" WIDTH="28" VPOS="3424" HPOS="1018"/>
<String CONTENT="be" HEIGHT="40" WIDTH="56" VPOS="3424" HPOS="1047"/>
<SP HEIGHT="40" WIDTH="27" VPOS="3424" HPOS="1104"/>
<String CONTENT="fitted" HEIGHT="40" WIDTH="138" VPOS="3424" HPOS="1132"/>
<SP HEIGHT="40" WIDTH="28" VPOS="3424" HPOS="1271"/>
<String CONTENT="into" HEIGHT="40" WIDTH="104" VPOS="3424" HPOS="1300"/>
<SP HEIGHT="39" WIDTH="29" VPOS="3426" HPOS="1405"/>
<String CONTENT="the" HEIGHT="41" WIDTH="81" VPOS="3424" HPOS="1435"/>
<SP HEIGHT="38" WIDTH="27" VPOS="3434" HPOS="1517"/>
<String CONTENT="pockets" HEIGHT="49" WIDTH="198" VPOS="3423" HPOS="1545"/>
<SP HEIGHT="30" WIDTH="27" VPOS="3433" HPOS="1744"/>
<String CONTENT="at" HEIGHT="39" WIDTH="53" VPOS="3425" HPOS="1772"/>
<SP HEIGHT="39" WIDTH="28" VPOS="3425" HPOS="1826"/>
<String CONTENT="the" HEIGHT="41" WIDTH="80" VPOS="3422" HPOS="1855"/>
<SP HEIGHT="40" WIDTH="28" VPOS="3422" HPOS="1936"/>
<String CONTENT="backs" HEIGHT="41" WIDTH="150" VPOS="3421" HPOS="1965"/>
<SP HEIGHT="28" WIDTH="29" VPOS="3432" HPOS="2116"/>
<String CONTENT="of" HEIGHT="40" WIDTH="51" VPOS="3421" HPOS="2146"/>
<SP HEIGHT="40" WIDTH="29" VPOS="3421" HPOS="2198"/>
<String CONTENT="the" HEIGHT="41" WIDTH="80" VPOS="3420" HPOS="2228"/>
</TextLine>
<TextLine HEIGHT="50" WIDTH="1132" VPOS="3480" HPOS="292">
<String CONTENT="volumes" HEIGHT="41" WIDTH="217" VPOS="3480" HPOS="292"/>
<SP HEIGHT="26" WIDTH="27" VPOS="3492" HPOS="510"/>
<String CONTENT="of" HEIGHT="38" WIDTH="52" VPOS="3480" HPOS="538"/>
<SP HEIGHT="41" WIDTH="25" VPOS="3480" HPOS="591"/>
<String CONTENT="the" HEIGHT="40" WIDTH="82" VPOS="3481" HPOS="617"/>
<SP HEIGHT="29" WIDTH="26" VPOS="3492" HPOS="700"/>
<String CONTENT="set" HEIGHT="38" WIDTH="72" VPOS="3484" HPOS="727"/>
<SP HEIGHT="38" WIDTH="28" VPOS="3484" HPOS="800"/>
<String CONTENT="to" HEIGHT="37" WIDTH="48" VPOS="3484" HPOS="829"/>
<SP HEIGHT="28" WIDTH="28" VPOS="3493" HPOS="878"/>
<String CONTENT="which" HEIGHT="40" WIDTH="157" VPOS="3481" HPOS="907"/>
<SP HEIGHT="40" WIDTH="30" VPOS="3482" HPOS="1065"/>
<String CONTENT="they" HEIGHT="48" WIDTH="113" VPOS="3481" HPOS="1096"/>
<SP HEIGHT="48" WIDTH="27" VPOS="3481" HPOS="1210"/>
<String CONTENT="belong." HEIGHT="49" WIDTH="186" VPOS="3481" HPOS="1238"/>
</TextLine>
<TextLine HEIGHT="53" WIDTH="2011" VPOS="3545" HPOS="296">
<String CONTENT="&#169;" HEIGHT="52" WIDTH="52" VPOS="3545" HPOS="296"/>
<SP HEIGHT="52" WIDTH="27" VPOS="3545" HPOS="349"/>
<String CONTENT="Nov" HEIGHT="39" WIDTH="72" VPOS="3551" HPOS="377"/>
<SP HEIGHT="29" WIDTH="2" VPOS="3561" HPOS="450"/>
<String LANG="fr" CONTENT="." HEIGHT="30" WIDTH="43" VPOS="3562" HPOS="453"/>
<SP HEIGHT="42" WIDTH="26" VPOS="3550" HPOS="497"/>
<String CONTENT="27," HEIGHT="43" WIDTH="69" VPOS="3550" HPOS="524"/>
<SP HEIGHT="41" WIDTH="28" VPOS="3552" HPOS="594"/>
<String CONTENT="1931;" HEIGHT="47" WIDTH="141" VPOS="3550" HPOS="623"/>
<SP HEIGHT="46" WIDTH="28" VPOS="3551" HPOS="765"/>
<String CONTENT="2c." HEIGHT="40" WIDTH="66" VPOS="3551" HPOS="794"/>
<SP HEIGHT="30" WIDTH="28" VPOS="3562" HPOS="861"/>
<String CONTENT="each" HEIGHT="40" WIDTH="119" VPOS="3552" HPOS="890"/>
<SP HEIGHT="39" WIDTH="27" VPOS="3552" HPOS="1010"/>
<String CONTENT="Dec." HEIGHT="40" WIDTH="112" VPOS="3552" HPOS="1038"/>
<SP HEIGHT="38" WIDTH="26" VPOS="3553" HPOS="1151"/>
<String CONTENT="12;" HEIGHT="46" WIDTH="83" VPOS="3552" HPOS="1178"/>
<SP HEIGHT="36" WIDTH="29" VPOS="3562" HPOS="1262"/>
<String CONTENT="aff." HEIGHT="42" WIDTH="82" VPOS="3551" HPOS="1292"/>
<SP HEIGHT="41" WIDTH="29" VPOS="3552" HPOS="1375"/>
<String CONTENT="Dec." HEIGHT="41" WIDTH="112" VPOS="3552" HPOS="1405"/>
<SP HEIGHT="38" WIDTH="28" VPOS="3553" HPOS="1518"/>
<String CONTENT="14;" HEIGHT="46" WIDTH="83" VPOS="3552" HPOS="1547"/>
<SP HEIGHT="47" WIDTH="29" VPOS="3551" HPOS="1631"/>
<!-- cceid F2A19E13-6E8D-1014-9CF5-AEB3FCA41D69 --><String CONTENT="A" HEIGHT="40" WIDTH="41" VPOS="3551" HPOS="1661"/>
<SP HEIGHT="40" WIDTH="26" VPOS="3551" HPOS="1703"/>
<String CONTENT="45472;" HEIGHT="47" WIDTH="172" VPOS="3550" HPOS="1730"/>
<SP HEIGHT="47" WIDTH="32" VPOS="3550" HPOS="1903"/>
<String CONTENT="West" HEIGHT="40" WIDTH="134" VPOS="3550" HPOS="1936"/>
<SP HEIGHT="45" WIDTH="28" VPOS="3551" HPOS="2071"/>
<String CONTENT="pub." HEIGHT="47" WIDTH="110" VPOS="3549" HPOS="2100"/>
<SP HEIGHT="30" WIDTH="29" VPOS="3560" HPOS="2211"/>
<String LANG="ru" CONTENT="co." HEIGHT="31" WIDTH="66" VPOS="3558" HPOS="2241"/>
</TextLine>
<TextLine HEIGHT="65" WIDTH="542" VPOS="3659" HPOS="291" STYLEREFS="StyleId-7BDBA0CF-3D61-49EB-BFE9-346C49734FB2-">
<String CONTENT="Desmond," HEIGHT="65" WIDTH="319" VPOS="3659" HPOS="291"/>
<SP HEIGHT="62" WIDTH="27" VPOS="3662" HPOS="611"/>
<String CONTENT="Shaw." HEIGHT="56" WIDTH="194" VPOS="3661" HPOS="639"/>
</TextLine>
<TextLine HEIGHT="68" WIDTH="1526" VPOS="3738" HPOS="364" STYLEREFS="StyleId-7BDBA0CF-3D61-49EB-BFE9-346C49734FB2-">
<String CONTENT="Epic" HEIGHT="68" WIDTH="149" VPOS="3738" HPOS="364"/>
<SP HEIGHT="35" WIDTH="26" VPOS="3758" HPOS="514"/>
<String CONTENT="of" HEIGHT="53" WIDTH="64" VPOS="3740" HPOS="541"/>
<SP HEIGHT="53" WIDTH="24" VPOS="3740" HPOS="606"/>
<String CONTENT="the" HEIGHT="55" WIDTH="95" VPOS="3740" HPOS="631"/>
<SP HEIGHT="53" WIDTH="26" VPOS="3742" HPOS="727"/>
<String CONTENT="he-man." HEIGHT="51" WIDTH="247" VPOS="3742" HPOS="754"/>
<SP HEIGHT="52" WIDTH="75" VPOS="3741" HPOS="1002"/>
<String CONTENT="A" HEIGHT="52" WIDTH="54" VPOS="3741" HPOS="1078"/>
<SP HEIGHT="52" WIDTH="25" VPOS="3741" HPOS="1133"/>
<String CONTENT="world" HEIGHT="54" WIDTH="182" VPOS="3741" HPOS="1159"/>
<SP HEIGHT="53" WIDTH="26" VPOS="3742" HPOS="1342"/>
<String CONTENT="without" HEIGHT="53" WIDTH="246" VPOS="3740" HPOS="1369"/>
<SP HEIGHT="47" WIDTH="25" VPOS="3746" HPOS="1616"/>
<String CONTENT="women" HEIGHT="35" WIDTH="218" VPOS="3757" HPOS="1642"/>
<SP HEIGHT="53" WIDTH="18" VPOS="3738" HPOS="1861"/>
<String CONTENT="!" HEIGHT="52" WIDTH="10" VPOS="3738" HPOS="1880"/>
</TextLine>
<TextLine HEIGHT="54" WIDTH="947" VPOS="3816" HPOS="375">
<String CONTENT="(In" HEIGHT="43" WIDTH="80" VPOS="3817" HPOS="375"/>
<SP HEIGHT="43" WIDTH="24" VPOS="3816" HPOS="463"/>
<String CONTENT="London" HEIGHT="44" WIDTH="202" VPOS="3816" HPOS="488"/>
<SP HEIGHT="43" WIDTH="27" VPOS="3818" HPOS="691"/>
<String CONTENT="People," HEIGHT="52" WIDTH="196" VPOS="3818" HPOS="719"/>
<SP HEIGHT="50" WIDTH="28" VPOS="3819" HPOS="916"/>
<String CONTENT="Nov." HEIGHT="43" WIDTH="127" VPOS="3819" HPOS="945"/>
<SP HEIGHT="41" WIDTH="30" VPOS="3821" HPOS="1073"/>
<String CONTENT="1," HEIGHT="49" WIDTH="41" VPOS="3821" HPOS="1104"/>
<SP HEIGHT="49" WIDTH="29" VPOS="3821" HPOS="1146"/>
<String CONTENT="1931)" HEIGHT="50" WIDTH="146" VPOS="3819" HPOS="1176"/>
</TextLine>
<TextLine HEIGHT="58" WIDTH="1800" VPOS="3870" HPOS="299" CS="1">
<String CONTENT="&#169;" HEIGHT="56" WIDTH="51" VPOS="3870" HPOS="299"/>
<SP/>
<String CS="1" CONTENT="1c."/>
<SP/>
<String CONTENT="Dec." HEIGHT="41" WIDTH="112" VPOS="3876" HPOS="470"/>
<SP HEIGHT="40" WIDTH="25" VPOS="3877" HPOS="583"/>
<String CONTENT="28," HEIGHT="48" WIDTH="68" VPOS="3877" HPOS="609"/>
<SP HEIGHT="46" WIDTH="25" VPOS="3879" HPOS="678"/>
<String CONTENT="1931;" HEIGHT="48" WIDTH="141" VPOS="3877" HPOS="704"/>
<SP HEIGHT="46" WIDTH="26" VPOS="3879" HPOS="846"/>
<!-- cceid F2A1BD25-6E8D-1014-9CF5-AEB3FCA41D69 --><String CONTENT="A" HEIGHT="39" WIDTH="41" VPOS="3879" HPOS="873"/>
<SP HEIGHT="40" WIDTH="24" VPOS="3879" HPOS="915"/>
<String CONTENT="ad" HEIGHT="39" WIDTH="59" VPOS="3880" HPOS="940"/>
<SP HEIGHT="40" WIDTH="28" VPOS="3879" HPOS="1000"/>
<String CONTENT="int." HEIGHT="41" WIDTH="86" VPOS="3879" HPOS="1029"/>
<SP HEIGHT="39" WIDTH="27" VPOS="3881" HPOS="1116"/>
<String CONTENT="15906;" HEIGHT="47" WIDTH="171" VPOS="3878" HPOS="1144"/>
<SP HEIGHT="38" WIDTH="29" VPOS="3890" HPOS="1316"/>
<String CONTENT="pubd." HEIGHT="48" WIDTH="142" VPOS="3880" HPOS="1346"/>
<SP HEIGHT="41" WIDTH="29" VPOS="3878" HPOS="1489"/>
<String CONTENT="Oct." HEIGHT="42" WIDTH="103" VPOS="3878" HPOS="1519"/>
<SP HEIGHT="42" WIDTH="25" VPOS="3878" HPOS="1623"/>
<String CONTENT="31;" HEIGHT="46" WIDTH="82" VPOS="3878" HPOS="1649"/>
<SP HEIGHT="46" WIDTH="33" VPOS="3878" HPOS="1732"/>
<String CONTENT="S." HEIGHT="40" WIDTH="44" VPOS="3878" HPOS="1766"/>
<SP HEIGHT="40" WIDTH="27" VPOS="3878" HPOS="1811"/>
<String CONTENT="Desmond." HEIGHT="41" WIDTH="260" VPOS="3876" HPOS="1839"/>
</TextLine>
<TextLine HEIGHT="111" WIDTH="1926" VPOS="3874" HPOS="368" CS="1">
<String CONTENT="Twickenham," HEIGHT="106" WIDTH="1926" VPOS="3874" HPOS="368"/>
<SP HEIGHT="44" WIDTH="24" VPOS="3936" HPOS="558"/>
<String CONTENT="Middlesex," HEIGHT="50" WIDTH="286" VPOS="3934" HPOS="583"/>
<SP HEIGHT="47" WIDTH="21" VPOS="3937" HPOS="870"/>
<String CONTENT="England." HEIGHT="49" WIDTH="237" VPOS="3936" HPOS="892"/>
</TextLine>
</TextBlock>
</PrintSpace>
</Page>
</Layout>
</alto>