2505 4370
1234 4012 137 50 1066

389 446 1020 50 v, 378 p. illus. (music) diagrs. 20 ᶜᵐ .
357 504 354 48 Bibliography
750 507 51 38 at
841 506 91 39 end
972 505 52 40 of
1061 506 118 39 each
1218 507 205 46 chapter
1461 510 171 44 except
1671 508 136 43 chap.
1871 540 8 8 I.

291 558 52 53 ©
374 563 129 41 June
533 562 70 49 18,
635 562 113 42 1931;
809 562 68 43 2c.
911 565 96 40 and
1040 563 83 43 aff.
1156 565 128 41 June
1317 565 55 41 27;
1435 566 43 39 A
1509 564 145 43 39107;
1720 565 170 49 Silver,
1925 567 214 41 Burdett
2171 566 36 41 &
2239 578 67 30 co.

371 621 283 49 (31-17602)

282 716 310 65 Newman,
622 716 157 54 John
810 717 226 65 Henry,
1068 718 278 71 cardinal,
1378 722 325 51 1801-1890.

359 794 125 53 The
521 794 112 53 fine
671 794 138 69 gold
849 794 65 53 of
953 795 294 68 Newman,
1290 795 272 54 collected
1604 794 154 55 from
1797 796 92 55 his
1929 797 266 70 writings
2235 796 72 71 by

287 873 2024 72 Joseph J. Reilly … New York, The Macmillan company,
291 955 151 50 1931.

357 1035 26 40 6
414 1046 44 37 p.
527 1066 9 17 l.,
569 1035 176 40 11-245
778 1046 42 37 p.
883 1034 147 42 19½ᶜᵐ.

361 1092 206 41 “Works
595 1092 130 40 from
754 1092 160 40 which
944 1093 259 40 selections
1232 1093 126 40 have
1388 1093 119 40 been
1538 1092 177 41 taken”:
1777 1093 85 40 5th
1891 1093 188 49 prelim,
2112 1095 116 39 leaf.

292 1146 52 52 ©
379 1151 128 40 June
539 1150 70 48 23,
645 1149 142 48 1931;
824 1150 67 41 2c.
929 1151 96 40 and
1060 1149 81 42 aff.
1178 1150 130 40 June
1340 1150 83 47 24;
1459 1151 45 39 A
1531 1150 175 49 40060;
1745 1152 283 40 Macmillan
2064 1162 67 30 co.

372 1208 283 49 (31-17543)

286 1302 263 65 Nielsen,
580 1303 247 53 Lauritz
857 1303 246 64 Martin,
1136 1308 175 50 1881-

351 1379 357 71 Vejledning
747 1381 19 53 i
804 1379 629 71 biblioteksbenyttelse
1472 1400 74 50 og
1585 1381 340 70 almindelig
1964 1381 348 70 bibliografi,

282 1458 1729 69 af Lauritz Nielsen … København, Gyldendal, 1931.
350 1542 90 41 200
466 1554 43 37 p.
569 1542 146 41 23½ᶜᵐ.

354 1599 317 49 “Oprindelig
707 1600 297 47 udarbejdet
1040 1610 103 30 soin
1182 1610 59 29 en
1280 1600 161 39 række
1479 1600 383 47 forelæsninger,
1903 1601 85 38 der
2027 1600 108 40 blev
2174 1602 137 39 holdt

280 1656 1852 49 paa K ø benhavns universitet i efteraarssemestret 1930.”—Forord.
293 1712 2001 110 © Apr. 29, 3931; 1c. June 13; A —Foreign 12261; Gyldendalske boghandel,
593 1773 216 41 Nordisk
843 1773 177 48 forlag.
1096 1772 284 50 (31-17864)

288 1868 256 65 Oregon.
620 1867 373 66 University.

357 1946 388 53 Investments
787 1945 60 53 in
889 1947 96 52 the
1030 1945 197 53 future
1270 1945 64 54 of
1376 1946 249 69 Oregon.
1703 1947 252 67 Eugene,
1998 1947 122 52 The
291 1947 1989 147 University

533 2025 64 52 of
625 2024 232 70 Oregon
885 2025 112 53 fine
1025 2031 119 46 arts
1171 2043 178 50 press,
1381 2028 150 50 1930.

393 2106 1004 50 v p., 1 l., 39 p., 1 l. incl. front. 27½ᶜᵐ.
362 2165 129 40 Title
521 2163 176 42 within
726 2166 304 39 ornamental
1066 2165 190 40 border.

363 2221 1946 49 “Of this book … by Arnold Bennett Hall, five hundred copies were
290 2279 2022 48 printed … The frontispiece and borders by William Wilke … This
289 2347 118 38 copy
437 2337 42 40 is
505 2347 76 31 no.
609 2335 131 42 392.”

361 2393 150 41 Plans
544 2393 220 41 outlined
796 2393 50 40 in
880 2393 100 41 this
1012 2394 195 40 booklet
1240 2394 175 47 appeal
1448 2393 79 40 for
1558 2393 121 47 gifts
1713 2393 78 39 for
1826 2393 81 40 the
1941 2392 284 49 University
2259 2393 52 40 of

291 2452 204 48 Oregon,
535 2451 80 40 for
654 2450 343 42 maintenance
1035 2452 97 39 and
1171 2450 335 42 construction
1546 2451 150 48 work,
1735 2461 57 30 as
1828 2452 110 39 well
1977 2461 55 30 as
2070 2450 81 41 for
2189 2450 121 49 gifts

290 2508 78 40 for
396 2509 331 40 unrestricted
754 2519 98 29 use.
915 2509 62 49 cf.
1004 2519 44 37 p.
1079 2527 78 31 [iv]

295 2562 52 52 ©
375 2566 130 49 Sept.
532 2568 39 45 1,
599 2565 142 48 1930;
767 2566 68 42 2c.
863 2566 126 41 June
1016 2565 54 49 9;
1100 2566 82 41 aff.
1211 2567 128 40 June
1365 2568 26 40 8;
1447 2566 40 39 A
1514 2565 173 49 38695;
1717 2565 285 49 University
2027 2565 55 41 of
2109 2566 202 47 Oregon,

365 2625 210 48 Eugene,
603 2624 77 41 Or.
754 2623 283 50 (31-17618)

288 2719 307 66 Peatfield,
629 2720 222 53 Ernest
882 2720 75 55 H.

357 2793 1954 74 “One fold, one shepherd”, by Ernest H. Peatfield … Saint
286 2853 1429 92 Paul, Minn., The E. M. Lohmann co. [ ᶜ19 31]
358 2956 454 49 vii, 219 p. 20 ᶜᵐ .
363 3013 1946 50 “Lectures on Catholic doctrine … delivered during the past year in
289 3072 191 40 several
507 3071 225 49 parishes
758 3071 50 40 in
837 3071 66 41 St.
932 3072 120 39 Paul
1086 3071 95 40 and
1211 3070 711 48 Minneapolis.”—Foreword.

299 3128 51 53 ©
382 3134 115 46 May
527 3132 38 46 5,
594 3130 142 48 1931;
767 3133 68 39 2c.
866 3132 95 39 and
993 3130 80 40 aff.
1107 3132 112 45 May
1296 3141 8 35 8;
1337 3130 40 39 A
1408 3129 145 41 38024;
1615 3131 51 38 E.
1697 3130 59 39 H.
1791 3129 249 41 Peatfield.
2077 3128 68 41 St.
2175 3127 138 41 Paul.

377 3189 284 49 (31-17635)

291 3287 289 63 Pertwee,
611 3285 246 55 Roland.

363 3365 61 52 It
452 3384 193 35 means
672 3363 282 54 mischief.
1057 3367 30 50 [6
1117 3362 380 67 instalments]

374 3444 83 48 (In
486 3442 204 43 London
718 3441 230 52 Evening
975 3455 150 35 news,
1156 3440 129 44 June
1315 3441 135 49 8-13,
1482 3439 144 51 1931)

300 3498 1983 53 © 1c. each Aug. 7, 1931; A ad int. 35368; pubd. June 8, 9, 10, 13, 12, 13;
370 3561 55 40 R.
463 3562 232 40 Pertwee,
735 3560 211 39 London.

294 3654 216 65 Piette,
545 3655 244 64 Eugene
823 3653 412 65 Constantine,
1270 3658 171 50 1892-

361 3732 297 54 Textbook
695 3732 63 53 of
796 3730 289 72 histology
1126 3731 92 52 for
1257 3729 241 54 medical
1538 3729 115 54 and
1691 3729 193 53 dental
1922 3727 275 67 students,
2234 3725 76 69 by

292 3803 2015 74 Eugene C. Piette … with 277 illustrations, some in color.
292 3886 426 69 Philadelphia,
748 3889 64 51 F.
844 3887 69 53 A.
947 3885 181 55 Davis
1159 3903 299 52 company,
1490 3888 152 50 1931.
