2505 4370
1028 4013 135 49 1139

150 463 147 42 “This
333 465 124 40 book
491 464 44 39 is
567 464 113 47 part
718 461 52 41 of
806 471 29 29 a
874 461 161 47 report
1074 457 228 41 submitted
1374 461 47 37 to
1461 458 82 40 the
1580 456 226 40 National
1848 456 228 47 academy

85 509 1996 57 of sciences by its Committee on oceanography … November, 1929.”—
82 580 265 39 Foreword.

89 645 51 52 ©
171 649 115 47 July
314 647 69 49 24,
413 646 114 41 1931;
585 646 66 39 2c.
683 646 115 46 July
827 643 55 40 27;
941 643 81 40 aff.
1053 642 116 47 July
1199 641 56 40 25;
1316 641 39 38 A
1383 640 144 41 40517;
1588 639 233 41 National
1852 640 229 45 academy

154 706 51 39 of
231 705 224 46 sciences,
485 702 333 47 Washington.
889 698 279 49 (31-19894)

83 798 198 61 Bloch,
309 798 148 53 Jean
488 795 276 63 Richard,
797 799 170 50 1884-

215 866 1865 72 … Destin du siècle, seconds essais pour mieux comprendre
84 970 131 35 mon
243 958 200 60 temps.
509 949 185 67 Paris,
722 948 227 65 Rieder,
981 949 150 49 1931.

149 1024 1547 56 4 p. l., 11-315, [1] p.. 1 l. front. 19 ᶜᵐ . [“Europe”. 2]
153 1089 100 39 The
287 1087 262 48 “premiers
580 1085 183 41 essais”
796 1096 83 29 are
911 1084 204 41 entitled
1150 1082 274 40 “Carnaval
1458 1083 75 39 est
1565 1080 170 42 mort”.

87 1151 1825 66 © Mar. 9, 1931; 1c. May 22; A— Foreign 12172; Éditions Rieder.
171 1223 281 48 (31-19615)

86 1318 233 63 Bowen,
349 1314 328 56 Elizabeth.

161 1393 244 52 Friends
441 1393 112 51 and
589 1391 288 66 relations,
913 1408 31 34 a
981 1390 166 51 novel
1181 1389 77 68 by
1295 1387 301 54 Elizabeth
1635 1388 227 51 Bowen.
91 1387 1963 150 London,

251 1468 305 56 Constable
586 1471 45 49 &
659 1486 97 49 co.,
785 1468 122 66 ltd.,
938 1470 149 49 1931.

163 1548 614 50 5 p. l., 3-280 p. 19 ½ᶜᵐ .
93 1614 1993 53 © 1c. July 17, 1931; A ad int. 15302; pubd. May 21; Elizabeth Cameron.
163 1676 326 46 Waldencote,
523 1674 90 41 Old
646 1674 323 47 Headington,
1004 1673 150 49 Oxon,
1188 1673 237 48 England.
1496 1670 280 50 (31-19686)

91 1769 392 64 Bregendahl,
515 1767 207 66 Marie,
756 1769 170 54 1867-

157 1843 1927 71 A night of death [ by] Marie Bregendahl, translated from
87 1925 95 51 the
207 1924 224 53 Danish
453 1924 76 68 by
552 1924 272 67 Margery
847 1923 344 52 Blanchard.
1293 1923 136 51 [New
1457 1922 179 67 York]
1669 1923 69 52 A.
1763 1923 71 51 A.
1860 1920 224 69 Knopf,

91 2005 149 49 1931.

160 2081 737 49 3 p l., 3-182 p , 1 l. 19½ ᶜᵐ .
162 2139 161 39 “First
351 2137 227 42 edition.”

96 2206 1995 52 © July 24, 1931; 2c. July 25; aff. July 31; A 39769; Alfred A. Knopf,
163 2267 106 46 inc.,
299 2267 117 39 New
446 2267 142 39 York.
661 2265 279 49 (31-19912)

92 2359 219 65 Bülow,
337 2359 310 53 Bernhard
675 2358 283 54 Heinrich
985 2358 223 54 Martin
1236 2358 162 64 Karl,
1424 2362 155 68 fürst
1604 2374 133 49 von,
1766 2362 325 52 1849-1929.

165 2437 207 52 Prince
420 2437 204 52 Bülow
671 2437 111 51 and
831 2436 94 53 the
972 2434 226 69 Kaiser,
1246 2436 140 53 with
1436 2442 257 62 excerpts
1743 2434 152 54 from
1943 2433 151 55 their

95 2516 224 68 private
359 2517 478 67 correspondence
876 2517 299 67 preserved
1218 2517 59 52 in
1316 2516 93 53 the
1451 2515 225 55 records
1715 2517 65 52 of
1818 2516 97 52 the
94 2514 1976 132 German

263 2593 249 69 Foreign
548 2591 165 71 office,
748 2594 75 68 by
862 2593 327 68 Spectator;
1228 2594 317 53 translated
1579 2593 77 70 by
1693 2591 222 72 Oakley
98 2591 1970 131 Williams.

348 2669 260 67 London,
642 2670 64 52 T.
743 2669 394 53 Butterworth
1171 2669 224 53 limited
1436 2671 174 65 [1931]

165 2750 466 50 287, [1] p. 22½ ᶜᵐ .
168 2809 100 38 The
306 2808 105 40 first
453 2811 111 45 part
603 2808 52 39 of
693 2808 98 40 this
832 2809 119 38 book
992 2808 41 40 is
1073 2808 267 40 re-written
1380 2808 128 40 from
1550 2808 82 42 the
1672 2808 329 40 introduction
2045 2809 50 39 of

100 2865 271 48 “Germany
406 2867 95 40 and
538 2865 81 41 the
654 2876 185 37 powers
875 2866 164 40 before
1076 2866 81 40 the
1192 2876 116 38 war,
1343 2866 129 40 from
1508 2865 83 42 the
1626 2866 171 41 official
1834 2875 174 39 papers
2044 2866 53 40 of

99 2923 172 40 Prince
306 2923 255 40 Bernhard
601 2933 91 29 von
732 2923 183 41 Bülow,
955 2922 158 40 edited
1154 2923 207 39 without
1401 2922 76 40 his
1517 2921 351 42 collaboration
1906 2924 61 46 by
2007 2933 89 30 one

101 2979 297 46 unknown”;
438 2980 80 39 the
554 2980 171 39 second
764 2982 109 45 part
912 2980 39 38 is
988 2980 139 39 made
1164 2990 63 37 up
1263 2979 205 48 entirely
1506 2979 51 40 of
1593 2982 221 44 excerpts
1851 2980 125 39 from
2016 2980 81 39 the

100 3036 191 48 private
336 3038 406 46 correspondence
791 3036 211 39 between
1054 3036 80 40 the
1182 3035 178 40 Kaiser
1408 3037 95 39 and
1553 3036 172 40 Prince
1774 3036 182 40 Bülow.
2034 3037 62 47 cf.

104 3093 269 40 Foreword.

102 3159 1995 107 © 1c. July 8, 1931; A ad int. 15269; pubd. May 11; Thornton Butterworth, ltd. (31-19430)
101 3309 165 66 Case,
296 3312 278 55 Clarence
602 3312 225 65 Marsh,
858 3315 170 54 1874-

179 3388 188 54 Social
419 3407 222 50 process
692 3390 112 52 and
854 3390 213 52 human
1116 3408 283 51 progress,
1447 3391 76 69 by
1575 3390 269 55 Clarence
1895 3391 200 52 Marsh

109 3464 1883 73 Case … New York, Harcourt, Brace and company [ ᶜ1 931]
174 3545 617 48 4 p. l., 3-336 p. 19½ ᶜᵐ .
181 3601 1918 51 “Parts of the … chapters were printed in advance in Sociology and
110 3658 145 40 social
291 3660 238 42 research,
563 3670 26 29 a
624 3659 260 47 periodical
918 3660 256 47 published
1207 3660 49 40 in
1290 3663 82 39 the
1406 3661 320 48 Department
1759 3662 51 40 of
1843 3661 255 48 sociology,

111 3713 1987 53 University of Southern California; and chapter IX appeared as an
111 3770 171 41 article
316 3770 49 39 in
397 3772 83 39 the
513 3770 203 41 Journal
752 3772 52 39 of
838 3772 215 47 religion,
1088 3772 284 48 University
1405 3774 52 40 of
1492 3773 208 48 Chicago;
1765 3774 103 41 also
1904 3776 112 47 part
2049 3773 54 42 of

111 3825 200 48 chapter
397 3826 376 42 XI.”—Foreword.

109 3891 51 52 ©
190 3896 116 47 July
333 3897 68 48 15,
433 3897 113 41 1931;
604 3898 66 40 2c.
701 3901 95 37 and
826 3899 82 41 aff.
939 3900 115 46 July
1085 3900 54 39 25;
1199 3901 40 38 A
1268 3900 146 41 40489;
1474 3902 262 46 Harcourt,
1769 3903 154 40 Brace
1952 3904 35 39 &
2019 3913 83 35 co.,

177 3953 89 41 inc.
337 3954 279 49 (31-19789)
