2505 4370
1280 4057 100 49 228

315 395 365 54 Conference
711 411 75 36 on
819 393 321 54 annuities.
1214 397 94 67 3d,
1337 395 263 55 Atlantic
1633 396 151 67 City,
1819 399 149 50 1930.

378 471 266 53 Methods
671 470 111 54 and
811 470 166 69 plans
1004 469 59 53 in
1091 469 170 70 using
1289 471 241 71 annuity
1560 476 379 64 agreements;
1969 490 206 50 papers

308 491 1998 115 presented
534 557 57 48 at
620 569 27 35 a
680 548 159 55 third
870 548 348 56 Conference
1249 567 72 35 on
1352 548 301 71 annuities,
1684 549 262 55 Atlantic
1974 549 152 72 City,
2155 550 67 54 N.
2257 552 74 67 J.,

308 628 318 53 November
653 627 82 69 17,
764 631 152 65 1930,
942 626 190 56 edited
1157 628 74 68 by
1259 627 211 53 Alfred
1496 626 289 55 Williams
1810 629 278 69 Anthony
2117 629 93 52 for
2238 630 93 52 the

310 705 467 56 Sub-committee
807 724 68 34 on
910 704 283 55 annuities
1226 706 64 51 of
1319 706 95 52 the
1446 704 337 56 Committee
1816 726 70 33 on
1921 705 266 56 financial
2220 707 108 54 and

313 784 2019 71 fiduciary matters … of the Federal council of the churches of
314 861 2017 71 Christ in America … [New York, Mortimer and Walling,
312 940 125 69 inc.]
475 944 151 49 1931.

381 1019 1359 51 104 p. 21 ᶜᵐ . (Wise public giving series, no. 34)
383 1078 286 42 Cover-title:
741 1077 220 47 Annuity
1002 1079 307 46 agreements;
1379 1076 223 42 methods
1645 1079 93 40 and
1783 1079 141 48 plans
1968 1079 52 40 of
2062 1079 272 41 charitable

310 1135 380 49 organizations.

320 1192 2015 53 © Jan. 29, 1931; 2c. and aff. Feb. 18; A 34427; Alfred Williams Anthony.
386 1254 121 39 New
536 1253 144 40 York.
753 1251 252 49 (31-5579)

316 1347 552 58 Cramer-Krasselt
899 1363 83 39 co.

386 1428 180 57 Cities
595 1426 212 54 service
835 1426 264 69 liquefied
1130 1424 317 69 petroleum
1477 1444 100 51 gas
1605 1443 222 50 survey.
1903 1426 430 69 Philadelphia,

315 1502 1623 71 Milwaukee [etc. ] The Cramer-Krasselt co. [ᶜ193 0]
386 1584 1749 53 170 p. plates (part col.) 2 fold. maps. diagrs. (1 fold.) 29 ᶜᵐ .
388 1646 42 39 A
462 1644 361 42 consideration
857 1643 52 40 of
941 1644 82 39 the
1055 1642 280 47 marketing
1367 1641 319 49 possibilities
1720 1642 51 39 of
1803 1642 224 49 liquefied
2065 1644 266 47 petroleum

316 1714 156 37 gases,
498 1702 262 50 especially
787 1700 212 49 through
1025 1709 87 39 gas
1136 1697 293 51 companies.

387 1761 353 48 Bibliography:
799 1771 43 37 p.
873 1757 218 42 169-170.

322 1815 53 52 ©
401 1820 121 46 Aug.
548 1818 70 48 30,
645 1815 142 48 1930;
816 1818 67 38 2c.
911 1817 95 38 and
1034 1815 81 40 aff.
1144 1815 110 40 Jan.
1283 1812 39 49 9,
1351 1814 106 41 1931;
1521 1814 40 40 A
1587 1813 172 48 32709;
1792 1815 452 42 Cramer-Krasselt
2270 1827 66 30 co.

401 1875 253 50 (31-5350)

319 1972 238 64 Cronin,
593 1970 266 56 Charles.

387 2051 122 52 The
551 2049 296 56 Christian
889 2047 360 68 priesthood;
1294 2065 80 47 or,
1414 2047 121 52 The
1575 2051 320 48 sacrament
1932 2045 64 53 of
2035 2049 185 65 order,
2258 2048 75 69 by

317 2123 2017 73 the Right Rev. Monsignor Canon C. Cronin … London,
318 2209 209 64 Burns,
558 2205 174 56 Oates
760 2208 44 50 &
833 2203 415 56 Washbourne,
1279 2202 102 53 ltd.
1439 2206 151 64 [1930]

390 2285 1943 51 3 p. l. , 87 p. 16½ ᶜᵐ . (Half-title: The treasury of the faith series,
0 0 0 0 XXIX)
324 2398 2013 54 © 1c. Feb. 11, 1931; A ad int. 14743; pubd. Dec. 20, 1930; Macmillan co.,
392 2461 119 40 New
548 2460 145 39 York.
766 2456 250 50 (31-6904)

325 2555 348 71 [Csmarich,
705 2553 239 68 Rudolf]
983 2559 172 49 1884-

450 2628 1885 71 … Vorlenz, der Urlauber auf lebenszeit und Brigitte, die frau
317 2706 2020 73 mit dem schweren herzen; roman. Berlin [etc. ] P. Zsolnay,
317 2793 153 50 1930.

386 2870 103 49 485,
523 2870 56 50 [1]
610 2882 42 37 p.
714 2868 147 42 19½ᶜᵐ.

389 2927 233 42 Author’s
649 2927 180 49 pseud.,
858 2925 223 41 Andreas
1109 2925 168 46 Thom,
1309 2927 51 37 at
1388 2925 124 40 head
1542 2925 52 40 of
1625 2924 122 41 title.

326 2982 2012 56 © Oct. 11, 1930: 1c. Nov. 17; A—Foreign 10298; Paul Zsolnay verlag.
403 3046 253 51 (31-5875)

322 3142 237 63 Dalton,
590 3142 288 63 Emmett,
910 3140 173 53 1871-

389 3222 187 53 When
608 3220 96 52 the
732 3218 247 53 Daltons
1009 3216 153 66 rode,
1191 3215 77 71 by
1299 3216 256 51 Emmett
1585 3214 215 54 Dalton
1833 3214 59 54 in
1923 3217 408 53 collaboration

322 3300 139 52 with
498 3298 149 57 Jack
681 3299 372 67 Jungmeyer.
1129 3293 232 56 Garden
1402 3292 152 70 City,
1591 3294 69 53 N.
1700 3294 89 55 Y.,
1825 3294 358 68 Doubleday,

321 3297 1990 134 Doran
454 3381 45 50 &
526 3392 300 52 company,
856 3374 126 65 inc.,
1015 3376 150 50 1931.

392 3452 1111 55 viii, 313 p. front., plates, ports. 21½ ᶜᵐ .
394 3515 291 41 Illustrated
713 3512 367 49 lining-papers.

394 3573 163 40 “First
585 3569 228 43 edition.”

327 3627 51 52 ©
450 3641 75 29 Jan.
559 3627 70 49 30,
664 3626 141 47 1931;
841 3625 65 41 2c.
944 3625 95 39 and
1074 3624 81 41 aff.
1192 3623 112 40 Feb.
1340 3622 52 47 5;
1430 3623 39 39 A
1503 3622 171 47 34176;
1713 3624 52 40 E.
1802 3624 196 48 Dalton,
2036 3626 301 42 Hollywood,

396 3687 146 41 Calif.
613 3682 252 51 (31-5361)

323 3783 85 52 De
441 3779 266 65 Angelis,
738 3777 318 63 Jefferson,
1088 3781 174 50 1859-

393 3858 51 50 A
478 3854 301 71 vagabond
810 3859 253 61 trouper,
1094 3852 75 71 by
1202 3850 283 56 Jefferson
1519 3851 85 52 De
1637 3851 239 69 Angelis
1911 3852 111 53 and
2056 3853 180 54 Alvin
2270 3855 64 53 F.

320 3929 1881 74 Harlow, New York, Harcourt, Brace and company [ᶜ193 1]
