2575 4398
1131 4058 65 52 53

150 407 288 63 Degener,
470 404 164 64 Otto;
664 408 171 51 1899-

214 482 339 53 Illustrated
585 481 172 69 guide
791 486 58 47 to
884 480 95 53 the
1013 497 154 35 more
1204 496 257 35 common
1497 497 64 34 or
1594 477 362 68 noteworthy
1993 474 158 55 ferns

146 560 112 53 and
295 559 294 68 flowering
624 558 193 68 plants
853 556 64 54 of
951 556 234 53 Hawaii
1222 555 259 53 national
1518 555 165 68 park,
1721 554 142 53 with
147 553 1979 137 descriptions

325 636 64 53 of
417 636 224 53 ancient
671 634 310 53 Hawaiian
1014 639 245 48 customs
1291 634 113 53 and
1436 652 72 34 an
1539 632 392 53 introduction
1964 637 59 48 to
2054 631 97 54 the

145 709 2007 75 geologic history of the islands, by Otto Degener … Honolulu,
145 788 1741 71 Hawaii, Printed by Honolulu star-bulletin, ltd. [ ᶜ1 930]
215 870 1317 52 1 p. l ., XV, [3]-312 p. illus. (incl. maps) 23½ᶜᵐ.
215 930 119 40 Part
359 929 52 41 of
434 930 82 40 the
545 928 331 41 illustrations
904 938 83 30 are
1014 927 265 41 numbered
1307 937 56 31 as
1389 927 171 48 plates.

214 986 139 48 Maps
384 996 59 30 on
473 985 361 48 lining-papers.

152 1054 51 52 ©
240 1057 112 41 Dec.
387 1056 69 49 23,
494 1055 140 48 1930;
672 1055 67 42 2c.
777 1056 109 40 Jan.
924 1056 38 48 7,
1001 1054 140 48 1931;
1181 1053 81 43 aff.
1301 1056 111 41 Jan.
1449 1055 52 47 5;
1540 1055 44 39 A
1617 1053 171 50 32612;
1829 1055 53 42 O.
1919 1055 233 48 Degener,

220 1115 260 39 Honolulu.
552 1112 251 50 (31-2280)

149 1207 211 65 Digest
393 1211 64 52 of
488 1211 99 52 the
614 1209 218 54 United
869 1209 189 55 States
1094 1209 275 68 Supreme
1403 1214 163 48 court
1597 1212 238 65 reports.
219 1208 1914 135 Supplements

501 1288 1656 69 … of vols. 1-9 … Rochester, N. Y., The Lawyers
218 1368 382 69 co-operative
629 1366 336 70 publishing
995 1384 298 52 company,
1325 1369 151 49 1931.

219 1448 30 41 9
311 1482 9 9 v.
380 1448 146 42 23½ᶜᵐ.

221 1507 156 40 These
406 1505 274 50 pamphlets
712 1516 83 29 are
827 1507 49 38 to
906 1505 57 40 be
993 1504 140 41 fitted
1163 1504 103 41 into
1297 1505 82 40 the
1410 1505 201 48 pockets
1640 1504 53 40 in
1724 1504 83 41 the
1837 1504 123 41 back
1990 1504 55 41 of
2075 1504 81 41 the

152 1566 214 39 volumes
395 1564 52 40 of
474 1563 81 40 the
583 1566 73 37 set
684 1565 49 38 to
765 1562 154 41 which
949 1562 116 49 they
1091 1563 185 48 belong.

155 1632 51 51 ©
237 1636 111 40 Dec.
377 1634 70 49 20,
478 1633 141 48 1930;
649 1633 67 40 2c.
746 1633 117 40 each
894 1634 112 39 Dec.
1036 1632 82 48 26;
1152 1632 80 40 aff.
1265 1633 110 40 Jan.
1405 1632 41 50 2,
1477 1632 141 49 1931;
1651 1632 43 41 A
1722 1631 172 49 32639;
1927 1632 230 47 Lawyers

223 1692 321 48 co-operative
573 1692 109 47 pub.
711 1701 66 30 co.

154 1788 187 63 Eddy,
377 1787 228 64 George
637 1786 335 63 Sherwood,
1009 1787 170 54 1871-

219 1863 119 53 The
379 1862 291 69 challenge
708 1862 62 53 of
808 1862 224 71 Russia,
1071 1862 72 71 by
1186 1862 309 55 Sherwood
1534 1862 189 70 Eddy.
1797 1862 138 54 New
1978 1861 178 54 York.

151 1940 1264 70 Farrar & Rinehart, incorporated [ ᶜ1 931 ]
257 2055 8 15 x,
295 2022 88 42 278
408 2033 42 38 p.
619 2055 9 9 21ᶜᵐ.

157 2094 51 52 ©
236 2099 108 40 Jan.
371 2098 69 48 19,
469 2096 139 48 1931;
637 2096 68 41 2c.
733 2097 110 40 Jan.
869 2096 82 47 21;
981 2095 81 42 aff.
1091 2097 110 39 Jan.
1228 2095 82 48 20;
1341 2096 42 39 A
1408 2094 172 50 32919;
1612 2096 46 41 S.
1686 2097 153 48 Eddy,
1867 2097 118 40 New
2013 2096 144 41 York.

238 2154 250 50 (31-2582)

155 2251 305 63 Edwards,
502 2248 336 65 Frederick,
882 2255 171 49 1863-

223 2331 120 52 The
374 2331 230 52 natural
634 2348 153 50 year,
821 2329 348 70 September,
1200 2331 74 67 by
1306 2330 311 52 Frederick
1648 2330 297 52 Edwards.
2023 2328 134 53 New

155 2407 178 69 York,
361 2409 56 53 J.
447 2409 64 52 T.
540 2407 195 54 White
764 2410 46 50 &
835 2426 97 51 co.,
963 2410 150 50 1930.

251 2490 28 40 88
310 2499 44 39 p.
412 2488 147 42 20½ᶜᵐ.

226 2547 184 40 Poems.

161 2615 51 52 ©
244 2620 109 39 Jan.
385 2619 68 48 14,
485 2618 141 46 1931;
659 2617 67 41 2c.
758 2619 96 39 and
885 2617 82 41 aff.
999 2619 110 39 Jan.
1140 2616 83 49 15;
1256 2617 42 40 A
1327 2616 172 50 32825;
1534 2618 52 41 F.
1619 2618 253 49 Edwards,
1906 2618 74 39 De
2009 2618 150 48 Land,

228 2677 103 41 Fla.
401 2674 251 50 (31-2590)

160 2771 299 63 Flaubert,
491 2771 283 64 Gustave,
806 2776 325 50 1821-1880.

156 2847 1979 147 … Trois contes, edited with introduction, notes, and vocabulary
319 2924 1836 71 by Minnie M. Miller … with a preface by E. Preston
156 3002 1898 70 Dargan … New York & London, The Century co. [ ᶜ1 931]
226 3084 130 47 xxiv,
383 3083 86 41 205
495 3093 43 38 p.
599 3084 135 40 front.
778 3083 171 49 (port.)
986 3083 128 42 illus.
1143 3083 159 49 (map)
1339 3084 171 48 plates.
1571 3083 148 42 19½ᶜᵐ.
1790 3084 124 49 (The
1945 3083 213 50 Century

157 3141 195 40 modern
383 3140 238 48 language
653 3140 164 48 series,
849 3139 60 41 K.
941 3139 276 49 McKenzie,
1250 3140 182 50 editor)
1558 3138 130 51 $1.25

228 3197 374 47 Bibliography:
635 3206 43 38 p.
710 3197 287 40 xxiii-xxiv.

177 3253 1966 96 CONTENTS.—Un cœur simple.— La l é gende de saint Julien l ’Hospitalior.—Herodias.
165 3376 51 52 ©
245 3381 109 40 Jan.
383 3380 38 48 5,
450 3378 140 49 1931;
620 3380 67 41 2c.
717 3381 95 39 and
840 3380 82 40 aff.
952 3381 109 39 Jan.
1091 3381 51 47 S;
1173 3381 43 39 A
1241 3379 145 42 32660;
1446 3380 214 50 Century
1688 3393 69 31 co.
1821 3378 68 54 [©
236 3383 1910 103 introduction,

381 3439 152 47 notes,
564 3438 295 47 vocabulary
890 3438 37 40 &
955 3439 323 47 explanatory
1308 3440 195 48 matter]
1577 3438 251 52 (31-2292)

166 3532 293 65 Foerster,
492 3534 285 64 Norman,
810 3537 171 53 1887-
1193 3536 85 53 ed.

231 3610 120 53 The
376 3609 155 54 chief
555 3611 307 53 American
890 3630 165 50 prose
1079 3612 250 67 writers;
1361 3613 239 52 selected
1629 3631 182 50 prose,
1836 3613 76 69 by
162 3612 1977 143 Franklin,

287 3686 223 71 Irving,
538 3687 238 70 Cooper,
802 3689 134 68 Poe,
963 3689 375 69 Hawthorne,
1366 3690 296 69 Emerson,
1690 3691 282 68 Thoreau,
162 3691 1976 141 Lowell,

295 3765 255 68 Holmes,
594 3766 273 68 Melville,
912 3768 112 52 and
1068 3768 172 52 Mark
1286 3768 221 68 Twain,
1551 3768 190 54 edited
1785 3768 76 69 by
1905 3769 255 53 Norman

163 3842 1977 146 Foerster … Boston, New York [etc.] Houghton Mifflin company [ ᶜ1 931]
236 3998 46 41 vi
311 4010 58 39 p.,
400 4000 26 39 1
477 4031 24 18 l.,
532 4000 86 41 770
645 4010 42 39 p.
857 4035 9 9 21ᶜᵐ.
