2428 4370
1205 4055 138 50 2206

270 488 1903 54 © May 26, 1931; 1c. July 16; A—Foreign 13155; Neue geist verlag.
348 549 253 51 (32-2812)

264 656 447 66 Schmidt-Beil,
742 657 150 66 Ada,
924 661 85 53 ed.

334 730 1951 72 Die kultur der frau; eine lebenssymphonie der frau des XX .
291 810 1748 69 j ahrhunderts, herausgegeben von Ada Schmidt-Beil;
263 811 2000 131 mitarbeiterinnen:
695 889 166 69 Lady
904 889 321 68 Aberdeen,
1270 890 258 53 Hannah
1574 889 388 67 Ackermann,
2008 890 84 53 dr.
2138 890 147 53 med.

263 967 2024 71 Lucie Adelsberger [ u. a.] … Mit 354 abbildungen auf 154
261 1044 550 55 kunstdrucktafeln
849 1047 120 53 und
1004 1046 360 54 zahlreichen
1404 1046 429 54 Illustrationen
1871 1046 80 53 im
1988 1052 140 48 text.
266 1051 2023 127 1,-10.

262 1124 1999 149 tausend. Berlin-Frohnau, Verlag für kultur und wissenschaft g. m. b. h. [ ᶜ1 931]
335 1284 1807 52 2 p. l., [vii]-xi, 632 p. front., illus., plates, ports., diagrs. 24 ᶜᵐ .
335 1341 229 43 Includes
593 1342 395 49 bibliographies.

271 1410 2017 55 © Jan. 1, 1931; 1c. Jan. 27; A —Foreign 11799; Verlag für kultur und
386 1472 313 49 wissenschaft,
727 1484 41 36 g.
794 1485 60 29 m.
880 1473 43 40 b.
950 1474 44 39 h.
1067 1474 253 48 (32-2803)

263 1573 291 70 Schnack,
583 1577 327 67 Friedrich,
942 1583 173 49 1888-

393 1651 1892 72 … Auf ferner insel; glückliche zeit in Madagaskar. Mit 69
261 1731 388 69 abbildungen
697 1733 145 53 nach
890 1731 351 55 aufnahmen
1290 1750 110 34 von
1448 1731 86 56 dr.
1581 1732 146 52 Paul
1777 1733 205 53 Denso.
2067 1731 218 55 Berlin.

258 1810 70 53 D.
362 1809 245 70 Reimer,
642 1813 148 51 1931.

331 1892 878 52 150, [2] p. front., plates. 21 ᶜᵐ .
269 1961 2019 54 © Nov. 12, 1931; 1c. Dec. 17; A —Foreign 14794; Dietrich Reimer (Ernst
339 2023 218 48 Vohsen)
591 2035 43 31 a.
659 2035 42 37 g.
774 2024 251 48 (32-2777)

264 2129 343 66 Schneider,
638 2130 294 56 Johanna.

336 2205 253 56 Salzlose
624 2207 151 67 diät;
814 2207 355 68 Speisezettel
1206 2207 100 53 für
1343 2210 101 50 365
1478 2213 132 63 tage
1646 2226 101 36 aus
1784 2208 100 52 der
1918 2207 370 69 hauptküche

262 2284 2023 69 der Charit é Berlin, von oberschwester Johanna Schneider, mit
261 2363 2003 138 einem geleitwort von professor dr. Fr. Blumenthal … Berlin,
396 2443 56 54 J.
488 2441 300 70 Springer,
822 2446 152 50 1931.

334 2516 694 50 vi p., 1 l., 79, [1] p. 22 ᶜᵐ .
270 2571 1900 53 © Sept. 28, 1931; 1c. Nov. 30·; A —Foreign 14645; Julius Springer.
349 2631 253 51 (32-3092)

264 2734 363 69 Schumann,
655 2734 295 57 Winfried
980 2737 162 65 Otto,
1173 2741 173 50 1888-

331 2811 628 71 Elektromagnetische
982 2810 452 72 grundbegriffe,
1459 2811 123 55 ihre
1606 2810 391 69 entwicklung
2018 2808 119 55 und
2161 2808 123 55 ihre

260 2888 1961 72 einfachsten technischen anwendungen, von W. O. Schumann …
261 2972 107 53 mit
391 2968 101 55 197
512 2969 529 70 textabbildungen.
1102 2970 288 53 München
1415 2969 117 53 und
1556 2968 219 57 Berlin,
1801 2969 65 52 R.
1896 2967 388 70 Oldenbourg,

263 3052 152 51 1931.

333 3128 882 50 vii, 213 p. illus., diagrs. 25 ᶜᵐ .
271 3186 1846 53 © Sept. 21, 1931; 1c. Nov. 30; A—Foreign 14490; R. Oldenbourg.
349 3247 254 50 (32-2912)

265 3346 323 72 Schwalbe,
619 3353 136 54 Carl
786 3353 250 64 Gustav,
1069 3352 172 53 1871-

339 3430 112 53 Die
479 3429 317 54 chemische
822 3428 538 54 betriebskontrolle
1389 3428 60 52 in
1480 3428 101 53 der
1612 3425 269 55 Zellstoff-
1912 3426 118 53 und
270 3425 2015 136 papier-industrie

585 3508 118 53 und
735 3508 249 53 anderen
1050 3506 215 54 zellstoff
1296 3506 472 53 verarbeitenden
1802 3504 342 67 Industrien,
2177 3522 108 34 von

271 3582 1955 73 dr. phil. Carl. G. Schwalbe … und dr.-ing. Rudolf Sieber …
271 3668 67 65 3.,
362 3666 357 69 vollständig
742 3665 291 70 umgearb.
1061 3664 161 69 aufl.;
1252 3664 107 53 mit
1385 3664 46 54 7.
1461 3663 532 70 textabbildungen.
2071 3662 218 55 Berlin,

262 3754 53 53 J.
349 3751 300 71 Springer,
679 3757 150 50 1931.

341 3826 1113 51 xiv, 547, [1] p. incl. illus., tables. 23½ ᶜᵐ .
341 3883 235 42 Contains
614 3884 395 50 bibliographies.

274 3935 1817 54 © Oct. 15, 1931; 1 c. Nov. 30; A—Foreign 14652; Julius Springer.
352 3997 252 51 (32-2884)
