2505 4370
1090 4017 99 49 811

123 384 355 64 Mackenzie,
513 385 305 62 Compton,
853 386 170 51 1882-

194 465 156 51 First
378 464 293 52 Athenian
700 461 310 69 memories,
1041 462 75 68 by
1149 460 287 69 Compton
1464 458 344 55 Mackenzie.
1882 457 242 54 London

148 548 118 61 [etc.]
305 541 214 56 Cassell
550 542 112 53 and
692 557 279 52 company
1001 539 105 54 ltd.
1143 541 173 66 [1931]

229 617 483 52 x, 401, [1] p. 20 ᶜᵐ .
196 675 144 41 “This
376 676 42 39 is
453 677 82 38 the
570 675 174 39 second
775 674 190 39 volume
1002 673 51 40 of
1089 672 235 47 Compton
1360 673 318 40 Mackenzie’s
1715 682 103 31 war
1851 671 269 43 memories.

123 735 101 38 The
252 732 108 40 first
389 742 101 29 was
520 731 203 40 entitled
754 729 244 49 ‘Gallipoli
1028 728 311 42 memories’.”

133 785 1989 56 © 1c. May 14, 1931; A ad. int. 15075; pubd. Mar. 19; C. Mackenzie,
201 848 420 46 Inverness-shire,
656 847 243 40 Scotland.
968 844 280 48 (31-14611)

126 942 303 64 Marshall,
460 942 209 54 Bruce.

198 1021 214 52 Father
442 1018 314 68 Malachy’s
785 1017 247 68 miracle,
1065 1035 31 33 a
1126 1016 280 69 heavenly
1434 1021 157 63 story
1623 1015 140 54 with
1795 1033 72 34 an
1897 1015 224 68 earthly

129 1094 280 71 meaning,
451 1096 75 69 by
568 1098 182 50 Bruce
793 1094 298 53 Marshall.
1164 1094 258 69 London,
1463 1095 90 54 W.
1596 1093 379 67 Heinemann,
2018 1093 103 52 ltd.

134 1179 169 64 [1931]

198 1253 563 51 4 p. l., 325 p. 19½ ᶜᵐ .
136 1307 1991 53 © 1c. Apr. 20, 1931; A ad. int. 14999; pubd. Feb. 23; B. Marshall, Paris.
213 1368 280 49 (31-14780)

130 1464 224 62 Mason,
386 1461 252 64 Arthur,
673 1463 169 52 1876-

198 1540 122 52 The
348 1539 205 69 roving
582 1538 225 67 lobster,
833 1538 75 69 by
937 1539 225 51 Arthur
1189 1538 203 52 Mason;
1453 1537 325 53 illustrated
1807 1538 76 69 by
1911 1538 215 53 Robert

130 1613 1717 71 Lawson … Garden City, N. Y., Doubleday, Doran
1888 1618 51 49 &
131 1634 1969 129 company,
328 1693 126 68 inc.,
485 1696 148 51 1931.

234 1774 1351 50 x p., 1 l., 131, [1] p. incl. front., illus., plates. 21 ᶜᵐ .
207 1831 202 41 “Junior
440 1831 192 41 books.”

204 1887 161 42 “First
393 1887 227 42 edition.”

139 1941 51 53 ©
217 1947 114 46 May
355 1946 69 47 15,
450 1944 113 41 1931;
618 1945 68 41 2c.
712 1947 94 37 and
833 1944 82 42 aff.
941 1945 125 39 June
1094 1947 24 37 1;
1174 1945 40 38 A
1239 1944 144 43 37582;
1441 1945 54 40 A.
1524 1946 184 42 Mason,
1736 1945 116 40 New
1880 1946 143 40 York.

217 2002 280 50 (31-14057)

131 2095 420 64 Mellenbruch,
580 2097 116 51 Parl
744 2094 209 66 Leslie,
985 2101 171 49 1896-

201 2173 121 52 The
365 2172 284 54 doctrines
693 2171 64 54 of
800 2171 402 70 Christianity,
1248 2192 32 33 a
1322 2172 307 53 handbook
1672 2172 64 54 of
1781 2173 351 69 evangelical

131 2249 2000 71 theology, by Parl L. Mellenbruch … New York, Chicago
137 2326 1305 70 [etc.] Fleming H. Revell company [ ᶜ193 1]
202 2405 502 49 xxvi, 257 p. 21 ᶜᵐ .
143 2459 51 53 ©
222 2464 114 48 May
362 2464 69 47 16,
459 2463 113 41 1931;
628 2465 67 40 2c.
724 2466 95 39 and
846 2465 82 42 aff.
956 2467 114 47 May
1096 2465 55 40 27;
1207 2465 41 40 A
1276 2466 144 41 38455;
1478 2466 220 49 Fleming
1725 2467 61 41 H.
1815 2467 168 41 Revell
2012 2478 66 30 co.

220 2520 278 49 (31-13979)

134 2612 156 66 Moll,
322 2613 325 67 Friedrich,
682 2620 171 51 1882-

202 2690 340 53 Künstliche
589 2691 452 70 holztrocknung;
1120 2692 90 54 ein
1259 2693 298 68 grundriss
1606 2713 109 34 von
1767 2694 227 69 dr.-ing.
2047 2696 84 52 dr.

134 2767 2001 76 phil. Fr. Moll … mit 35 textabbildungen. Berlin, J. Springer,
136 2848 149 50 1930.

206 2925 771 49 vi, 101 p., 1 l. illus. 24½ᶜᵐ.
145 2982 1993 56 © Nov. 21, 1930; 1c. Jan. 27, 1931; A—Foreign 11205; Julius Springer.
224 3043 279 49 (31-13573)

139 3136 281 53 National
449 3137 316 54 industrial
796 3140 346 53 conference
1172 3139 203 55 board.

205 3210 120 53 The
349 3218 225 60 present
597 3217 177 48 status
799 3213 62 52 of
884 3215 219 53 mutual
1127 3214 206 55 benefit
1356 3216 375 53 associations.
1793 3217 137 52 New
1958 3217 177 66 York,

141 3287 267 54 National
443 3288 306 56 industrial
786 3293 324 51 conference
1145 3292 194 67 board,
1376 3294 123 68 inc.,
1539 3297 148 49 1931.

208 3370 445 50 xii, 104 p. 23 ᶜᵐ .
149 3424 51 51 ©
229 3430 113 46 May
368 3429 67 44 16,
464 3428 112 41 1931;
633 3429 66 41 2c.
727 3434 94 37 and
850 3431 81 40 aff.
961 3433 112 46 May
1100 3432 56 40 25;
1213 3434 40 38 A
1281 3432 145 42 38397;
1483 3434 230 41 National
1743 3435 263 41 industrial
217 3445 1905 81 conference

441 3487 162 46 board,
637 3487 88 40 inc.
797 3487 279 49 (31-13958)

145 3579 279 52 National
449 3582 225 62 society
697 3582 63 52 of
781 3582 102 53 the
907 3583 244 53 colonial
1173 3585 204 52 dames
1401 3586 63 51 of
1486 3586 294 54 America.
1855 3588 284 69 Virginia.

219 3658 243 69 History
518 3661 110 51 and
683 3661 236 67 register
973 3663 63 51 of
1090 3668 283 49 ancestors
1428 3666 111 52 and
1591 3666 274 54 members
1919 3666 65 53 of
2037 3666 97 53 the

151 3734 223 70 Society
424 3737 63 51 of
535 3738 93 51 the
677 3740 242 51 colonial
968 3741 190 53 dames
1207 3741 65 52 of
1320 3741 264 54 America
1634 3743 62 53 in
1740 3745 98 52 the
1885 3748 146 49 state
2077 3744 66 54 of

147 3812 286 68 Virginia,
475 3817 322 50 1892–1930.
873 3816 320 55 Richmond
1238 3817 259 66 [Printed
1537 3818 93 54 for
1665 3822 95 51 the
1801 3820 227 71 Society
2064 3821 78 71 by

148 3890 93 52 the
269 3890 259 53 William
556 3893 161 66 Byrd
746 3911 172 51 press,
946 3894 124 68 inc.]
1106 3898 149 49 1930.
