2428 4370
1010 4064 137 50 2019

84 557 51 53 ©
174 561 100 41 Oct.
312 560 67 48 13,
415 558 140 49 1931;
593 558 67 42 2c.
697 559 114 39 Nov.
851 558 80 46 18;
972 556 79 41 aff.
1090 557 116 40 Nov.
1244 557 81 47 17;
1365 557 40 39 A
1441 555 172 49 46433;
1652 555 52 40 E.
1743 554 61 41 H.
1844 553 228 47 Sechrist,

150 617 354 48 Philadelphia.
575 615 277 49 (31-28342)

78 724 366 65 Smithwick,
472 726 225 61 George
723 723 210 55 Annie.

147 804 160 51 Food
333 801 94 52 for
453 800 273 68 thought;
755 818 79 46 or.
859 802 83 51 As
969 799 46 52 it
1040 803 254 64 presents
1321 797 160 54 itself
1507 803 58 48 to
1591 816 88 35 me
1709 831 12 34 [
1725 798 92 69 by]
1850 797 223 68 George

76 873 1997 72 Annie Smithwick … [Bellingham, Wash., Miller & Sutherlen
78 956 592 70 printing co., ᶜ1 931]
150 1038 84 40 133
266 1048 32 37 p
479 1068 9 9 20ᶜᵐ.

84 1104 51 52 ©
164 1109 125 46 Sept.
316 1108 38 47 9,
380 1107 140 47 1931;
546 1107 68 40 2c.
640 1107 96 39 and
761 1105 80 42 aff.
869 1105 127 48 Sept.
1024 1106 80 46 15;
1132 1105 41 39 A
1197 1104 172 47 41650;
1399 1104 52 41 G.
1478 1104 54 41 A.
1562 1102 299 49 Smithwick,
1888 1102 187 48 Blaine,

150 1165 164 40 Wash.
385 1163 278 49 (31-34724)

80 1272 233 64 Smyth,
345 1271 262 65 Clifford,
639 1276 168 50 1866-

144 1345 291 55 Abraham
465 1346 256 70 Lincoln,
750 1347 94 51 the
872 1354 161 60 great
1062 1345 401 69 emancipator,
1495 1345 127 52 who
1653 1344 297 67 preserved
1980 1342 93 53 the

76 1419 1998 73 Union, by Clifford Smyth … New York and London, Funk
75 1503 45 49 &
154 1500 298 67 Wagnalls
488 1517 292 50 company,
819 1501 151 53 1931.

147 1581 85 40 192
258 1592 42 38 p.
359 1581 146 41 18½ᶜᵐ.
572 1580 114 49 (His
714 1581 223 40 Builders
964 1581 53 40 of
1040 1579 236 49 America,
1304 1592 42 30 v.
1372 1581 81 48 19)

85 1649 51 52 ©
166 1654 116 39 Nov.
312 1652 68 48 16,
410 1651 139 48 1931;
581 1653 65 38 2c.
676 1653 95 38 and
800 1651 80 41 aff.
913 1651 109 40 Dec.
1051 1651 53 46 4;
1137 1651 41 39 A
1205 1650 171 47 46164;
1410 1651 142 39 Funk
1580 1650 36 41 &
1646 1650 250 48 Wagnalls
1926 1659 66 31 co.

163 1711 190 48 (32-25)

146 1816 325 53 Alexander
517 1816 319 66 Hamilton,
883 1816 94 52 the
1023 1816 149 53 little
1216 1816 149 54 Lion
1409 1815 63 52 of
1517 1815 94 53 the
1656 1816 302 66 Treasury,
2006 1815 71 66 by

79 1892 1997 70 Clifford Smyth … New York and London, Funk & Wagnalls
76 1988 292 52 company,
406 1972 150 53 1931.

148 2051 85 43 176
263 2062 44 37 p.
369 2052 144 40 18½ᶜᵐ.
586 2052 114 48 (His
734 2051 226 41 Builders
992 2052 52 39 of
1074 2052 236 48 America,
1344 2062 41 30 v.
1419 2053 80 48 14)

86 2120 51 52 ©
165 2125 117 39 Nov.
308 2123 69 47 16,
405 2121 139 48 1931;
573 2122 67 40 2c.
668 2123 96 39 and
791 2121 80 41 aff.
901 2122 111 41 Dec.
1039 2122 53 46 4;
1121 2122 41 38 A
1189 2122 171 47 46164;
1392 2122 141 40 Funk
1560 2122 36 40 &
1623 2123 251 47 Wagnalls
1903 2131 68 30 co.

163 2179 192 51 (32-20)

77 2270 2000 148 Andrew Jackson, the man who preserved union and democracy, by Clifford Smyth … New York and London, Funk
76 2428 45 50 &
154 2425 298 68 Wagnalls
484 2442 294 53 company,
816 2428 148 50 1931.

149 2509 85 40 174
265 2517 42 38 p.
369 2507 144 41 18½ᶜᵐ.
586 2508 114 48 (His
733 2504 227 43 Builders
991 2508 51 39 of
1074 2507 234 49 America,
1343 2519 41 30 v.
1418 2509 81 49 17)

87 2576 51 52 ©
173 2581 118 39 Nov.
325 2579 69 48 16,
430 2577 139 49 1931;
606 2578 66 40 2c.
708 2580 94 38 and
837 2578 83 42 aff.
955 2578 111 41 Dec.
1101 2579 54 47 4;
1191 2579 42 39 A
1266 2579 172 48 46164;
1477 2579 141 40 Funk
1654 2580 36 40 &
1724 2581 252 47 Wagnalls
2012 2589 67 31 co.

165 2637 191 49 (32-23)

148 2727 305 69 Benjamin
498 2727 299 69 Franklin,
842 2728 130 53 “the
1014 2729 215 54 Father
1274 2728 65 56 of
1384 2730 77 51 all
1505 2729 96 55 the
1647 2729 311 69 Yankees”,
2004 2729 72 70 by

80 2804 1998 71 Clifford Smyth … New York and London, Funk & Wagnalls
78 2900 293 51 company,
404 2886 148 50 1931.

148 2963 86 43 188
259 2976 44 37 p.
363 2963 144 42 18½ᶜᵐ.
579 2964 115 49 (His
723 2964 225 42 Builders
976 2965 52 40 of
1052 2964 239 51 America,
1321 2977 41 30 v.
1391 2966 80 48 12)

89 3029 51 52 ©
174 3034 116 39 Nov.
327 3032 68 49 16,
431 3030 139 43 1931:
607 3032 65 40 2c.
709 3032 94 40 and
839 3031 81 40 aff.
957 3032 109 40 Dec.
1101 3032 54 47 4;
1193 3033 41 38 A
1268 3032 171 49 46164;
1478 3034 144 39 Funk
1654 3034 37 40 &
1724 3034 254 47 Wagnalls
2012 3045 66 30 co.

165 3091 191 47 (32-18)

160 3183 248 68 Captain
432 3183 156 54 John
615 3183 188 54 Smith
829 3183 112 52 and
966 3182 319 69 England’s
1310 3183 125 53 first
1459 3183 309 54 successful
1793 3184 202 68 colony
2020 3184 61 53 in

87 3259 1994 70 America, by Clifford Smyth … New York and London, Funk
85 3342 45 49 &
161 3339 299 68 Wagnalls
494 3356 296 51 company,
827 3340 151 51 1931.

161 3422 85 39 176
273 3432 43 37 p.
378 3421 146 40 18½ᶜᵐ.
594 3420 115 49 (His
740 3421 226 40 Builders
996 3421 53 40 of
1077 3421 237 49 America,
1345 3433 41 27 v.
1419 3422 51 45 4)

89 3488 53 52 ©
176 3493 117 39 Nov.
328 3492 69 47 16,
433 3491 139 48 1931;
610 3492 67 42 2c.
711 3496 95 38 and
841 3491 80 42 aff.
959 3493 110 40 Dec.
1104 3493 54 46 4;
1196 3493 40 38 A
1268 3493 172 47 46164;
1479 3493 141 40 Funk
1655 3498 36 40 &
1726 3494 250 47 Wagnalls
2011 3504 69 32 co.

167 3548 280 50 (31-35717)

160 3643 376 67 Christopher
570 3642 325 67 Columbus,
929 3643 126 52 who
1088 3643 179 53 sailed
1302 3643 94 53 for
1429 3644 142 53 Asia
1606 3645 113 52 and
1754 3644 326 53 discovered

91 3719 1989 70 a new world, by Clifford Smyth … New York and London,
88 3798 170 52 Funk
287 3800 45 50 &
360 3798 300 68 Wagnalls
690 3816 295 50 company,
1019 3801 150 50 1931.

159 3880 85 41 176
272 3891 44 37 p.
379 3880 144 40 18½ᶜᵐ.
595 3880 115 48 (His
741 3881 225 40 Builders
995 3881 54 40 of
1077 3880 236 49 America,
1345 3892 42 30 v.
1419 3881 50 49 1)

91 3946 51 53 ©
170 3952 116 40 Nov.
313 3951 68 47 16,
409 3949 139 49 1931;
576 3950 66 42 2c.
672 3953 94 39 and
793 3951 81 43 aff.
903 3952 110 41 Dec.
1040 3953 53 47 4;
1124 3953 41 39 A
1190 3952 171 48 46164;
1393 3953 141 40 Funk
1561 3953 36 41 &
1623 3954 251 48 Wagnalls
1903 3965 67 30 co.

169 4009 278 45 (31-35714)
