2505 4370
1267 4050 65 52 316

293 452 200 70 nearly
525 472 61 34 as
615 452 245 69 possible
894 453 94 53 the
1022 454 232 54 natural
1290 455 181 53 colors
1504 455 65 53 of
1604 455 190 55 fruits.
1864 456 120 53 The
2018 456 307 69 landscape

293 531 1780 75 pictures are from photographs. [Oklahoma City, ᶜ1 931]
368 613 1957 52 7 p. l., 17-216, [188] p. front. (port.) illus. (part col.) diagrs. 22 ᶜᵐ .
369 671 229 40 Includes
636 671 83 40 the
753 671 221 40 author’s
1014 671 135 41 Shirt
1187 672 161 40 sleeve
1382 682 190 40 papers,
1609 684 76 29 no.
1722 674 99 45 2-8,
1861 674 159 40 which
2059 675 126 40 have
2223 675 103 40 also

297 728 118 40 been
446 727 165 41 issued
641 729 294 47 separately.

303 798 52 53 ©
391 803 112 41 Jan.
536 802 71 49 22,
641 802 142 47 1931;
820 800 67 44 2c.
923 803 94 39 and
1054 802 81 40 aff.
1173 801 113 42 Feb.
1321 803 82 46 18;
1441 803 40 38 A
1515 802 172 48 33817;
1726 802 44 43 J.
1806 804 201 49 Parker,
2042 802 283 47 Tecumseh,

373 860 107 42 Okl.
551 859 254 50 (31-6348)

298 955 201 66 Pérez,
530 954 230 56 Gilbert
788 956 58 55 S.

369 1035 123 53 The
530 1034 157 68 leper
726 1035 204 68 colony
966 1051 277 52 currency
1280 1032 65 54 of
1383 1033 227 57 Culion,
1648 1035 75 66 by
1762 1034 229 55 Gilbert
2031 1034 55 56 S.
2129 1037 191 51 Perez.

299 1113 141 53 New
480 1113 182 68 York,
701 1114 123 52 The
860 1113 312 53 American
1209 1112 368 53 numismatic
1616 1113 231 68 society,
1890 1116 148 50 1929.

373 1193 1948 50 2 p. l., 10 p. front., III pl. 17 ᶜᵐ . (Half-title: Numismatic notes and
299 1252 342 48 monographs.
719 1262 77 32 [no.
826 1251 101 51 41])

303 1317 52 53 ©
387 1321 115 42 Dec.
532 1320 70 51 30,
635 1320 116 41 1929
768 1332 9 37 ;
810 1321 67 42 2c.
910 1324 123 39 Mar.
1062 1323 42 48 4,
1136 1321 115 42 1931
1271 1333 9 37 ;
1314 1322 83 42 aff.
1430 1323 124 41 Mar.
1586 1323 27 40 3
1630 1333 9 38 ;
1673 1323 42 40 A
1745 1322 147 42 35127
1908 1332 10 39 ;
1952 1323 148 40 Amer.

370 1322 1939 99 numismatic
551 1390 95 31 soc.
717 1378 253 51 (31-6389)

299 1474 197 65 Peter,
528 1476 231 53 Luther
790 1476 242 65 Crouse,
1067 1480 164 51 1869-

365 1552 124 56 The
515 1552 314 70 principles
857 1552 115 56 and
998 1553 249 69 practice
1273 1553 64 53 of
1361 1553 331 70 perimetry,
1717 1554 74 69 by
1817 1554 219 52 Luther
2065 1554 62 55 C.
2158 1554 168 53 Peter

359 1631 1968 71 … 3d ed., thoroughly rev. Illustrated with 194 engravings
299 1711 111 53 and
442 1714 29 48 5
505 1711 223 53 colored
758 1711 199 69 plates.
1026 1709 431 71 Philadelphia,
1487 1712 117 55 Lea
1632 1713 47 51 &
1710 1711 262 71 Febiger,
2004 1715 152 50 1931.

367 1791 1354 51 xii, [17]-315 p. illus., col. plates, diagrs. 24 ᶜᵐ .
369 1849 355 49 Bibliography
742 1860 10 30 ;
784 1860 42 37 p.
877 1849 237 50 [289]-306.

305 1906 52 53 ©
387 1911 125 41 Mar.
538 1909 43 50 4,
610 1909 142 48 1931;
784 1909 68 41 2c.
882 1910 123 40 Mar.
1034 1910 53 46 6;
1120 1909 83 41 aff.
1233 1911 124 39 Mar.
1388 1911 52 45 7;
1472 1910 43 39 A
1542 1909 172 49 35161;
1746 1910 97 41 Lea
1874 1910 37 41 &
1940 1909 219 49 Febiger.

383 1968 256 49 (31-6341)

299 2063 310 65 Peterson,
640 2064 330 63 Margaret,
1004 2067 172 51 1883-

370 2141 306 63 Daughter
705 2139 64 55 of
797 2140 117 64 joy,
940 2140 78 64 by
1046 2141 298 63 Margaret
1377 2143 289 50 Peterson.
1744 2141 260 63 London,
300 2140 1995 133 Hutchinson

430 2224 46 50 &
502 2239 79 36 co.
609 2220 104 54 ltd.
750 2223 173 65 [1931]

375 2300 626 51 2 p. l., 9-288 p. 19½ ᶜᵐ .
372 2358 262 43 American
673 2357 185 42 edition
907 2358 143 49 (New
1087 2358 146 47 York,
1276 2357 145 42 Sears
1461 2357 281 49 publishing
1779 2369 251 37 company,
2068 2358 119 47 inc.)
2234 2359 90 40 has

302 2416 137 40 title:
470 2416 103 40 The
600 2416 143 40 heart
772 2415 53 40 of
852 2414 302 50 Jacqueline.

306 2468 2021 53 © 1c. Feb. 28, 1931 ; A ad int. 14784; pubd. Jan. 6; Margaret Fisher,
375 2531 278 49 Rudjwick,
682 2530 263 49 Horsham,
978 2530 194 48 Sussex,
1203 2530 239 49 England.
1515 2529 251 49 (31-7417)

300 2626 254 65 Pollard,
585 2625 214 54 Alfred
830 2624 218 57 Oliver.

369 2702 153 53 Rum
550 2701 169 70 alley,
745 2701 75 71 by
852 2700 250 70 Captain
1134 2702 69 53 A.
1235 2700 67 56 O.
1337 2701 257 68 Pollard,
1622 2720 47 35 v.
1702 2720 47 35 c.
1818 2703 256 68 London,

299 2701 2002 133 Hutchinson
494 2782 47 51 &
571 2799 77 35 co.
679 2780 104 54 ltd.
823 2783 175 69 [1931]

370 2864 813 50 2 p. l., ix-x, 11-288 p. 19½ ᶜᵐ .
309 2918 2019 53 © 1c. Mar. 4, 1931; A ad int. 14797; pubd. Jan. 23; A. O. Pollard,
376 2980 303 49 Hillingdon,
711 2980 286 47 Middlesex,
1030 2980 238 47 England.
1341 2978 252 50 (31-7566)

303 3076 189 63 Price,
522 3076 290 63 Marjorie
842 3077 79 54 M.

377 3154 304 68 Sequence,
720 3153 76 70 by
834 3153 282 68 Marjorie
1156 3154 80 53 M.
1280 3153 182 53 Price.
1556 3154 260 55 London.
1856 3154 161 52 Mills
2057 3157 45 51 &
2145 3156 177 51 Boon,

303 3232 225 54 limited
562 3235 173 65 [1931]

375 3312 339 50 254 p. 20 ᶜᵐ .
309 3366 2018 54 © 1c. Mar. 7, 1931; A ad int. 14809; pubd. Jan. 9; M. M. Price, London.
387 3428 255 50 (31-7418)

308 3524 352 54 Protestant
702 3523 311 64 Episcopal
1056 3523 223 54 church
1323 3524 58 51 in
1423 3524 104 52 the
1568 3524 72 53 U.
1681 3524 57 54 S.
1780 3524 71 52 A.
1930 3524 233 55 Church
376 3542 1927 124 congress,
581 3604 136 52 Ann
745 3603 210 54 Arbor.
987 3601 194 69 Mich.,
1215 3606 150 49 1929.

375 3679 122 54 The
526 3679 211 53 church
766 3679 114 52 and
908 3678 97 53 the
1034 3676 196 55 future
1247 3697 13 42 ;
1292 3696 30 35 a
1353 3679 199 53 record
1582 3677 64 55 of
1672 3679 97 53 the
1800 3677 232 56 Church
2061 3697 265 52 congress

308 3756 54 52 in
423 3756 95 53 the
576 3756 219 55 United
858 3755 191 56 States
1109 3773 69 35 on
1241 3756 76 53 its
1374 3755 303 70 fifty-fifth
1739 3756 394 70 anniversary,
2219 3799 10 11 A.
2314 3799 10 11 D.

598 3833 1728 70 MCMXXIX , with an introduction by the general chairman,
307 3908 1993 73 Charles Lewis Slattery. New York, E. S. Gorham, inc. [ ᶜ1 929]
377 3992 460 49 ix, 317 p. 19½ ᶜᵐ .
