2505 4370
1091 4012 101 52 149

201 460 1088 52 2 p. l. , iii-xii, 425 p. illus., diagrs. 23 ᶜᵐ.
135 517 51 52 ©
221 521 109 41 Jan.
363 521 70 47 27,
468 519 139 48 1931;
643 519 67 41 2c.
745 520 109 40 Jan.
888 521 82 44 31;
1007 519 82 40 aff.
1124 519 110 41 Jan.
1268 517 84 49 29;
1388 518 41 39 A
1462 517 173 49 33504;
1672 519 53 40 E.
1760 517 54 41 A.
1851 516 276 48 Guillemin,

203 578 300 48 Cambridge,
531 579 146 39 Mass.
750 576 251 50 (31-3929)

131 671 180 65 Gurk,
343 671 165 65 Paul,
544 676 171 49 1880-

127 745 1976 148 … Palang, roman. Stuttgart [etc.] Union deutsche verlagsgesellschaft [ ᶜ1 930]
198 906 376 51 233, [1] p. 19 ᶜᵐ.
135 960 51 52 ©
223 964 127 48 Sept.
384 963 70 47 30,
490 962 117 41 1930;
695 973 38 31 1c.
767 963 117 40 Nov.
921 964 24 37 1;
1012 962 312 48 A—Foreign
1358 961 146 42 10168;
1567 961 161 41 Union
1763 960 230 41 deutsche
202 972 1912 97 verlagsgesellschaft.
709 1018 249 50 (31-4712)

131 1114 180 63 Haas,
339 1113 237 65 Rudolf,
607 1114 170 54 1877-

260 1186 1869 75 … Der lange Christoph, eine bauernchronik von Rudolph
129 1266 172 54 Haas.
365 1266 259 71 Leipzig,
650 1267 64 53 L.
746 1266 403 69 Staackmann,
1181 1270 151 49 1930.

198 1347 87 41 277
313 1358 43 37 p.
415 1346 58 41 19ᶜᵐ.

135 1402 52 53 ©
218 1407 128 48 Sept.
373 1407 70 46 16,
472 1406 140 47 1930;
671 1417 38 30 1c.
737 1407 117 40 Nov.
884 1409 52 44 1;
966 1406 311 47 A—Foreign
1334 1405 142 48 10159;
1508 1406 52 41 L.
1592 1405 329 42 Staackmann
1950 1404 180 49 verlag,

202 1474 41 37 g.
271 1474 62 31 m.
362 1464 41 41 b.
433 1464 46 39 h.
549 1463 249 49 (31-4720)

134 1558 346 64 Heartman,
512 1558 247 54 Charles
786 1557 334 65 Frederick,
1153 1563 173 49 1883-

201 1636 359 70 Americana,
607 1637 231 68 printed
886 1638 112 52 and
1044 1636 59 52 in
1149 1637 385 68 manuscript;
1583 1634 213 55 offered
1844 1636 92 52 for
1984 1634 147 53 cash.

132 1716 319 66 Metuchen,
478 1716 68 53 N.
576 1716 75 68 J.,
681 1715 59 55 C.
771 1717 64 51 F.
864 1716 338 69 Heartman,
1233 1719 150 49 1930.

200 1793 85 41 120
313 1804 43 38 p.
418 1794 127 40 illus.
575 1794 262 48 (facsims.)
879 1794 117 41 fold.
1029 1804 123 38 map.
1212 1793 58 41 27½ᶜᵐ.

197 1850 276 40 Annotated
507 1850 217 48 catalog;
762 1852 176 46 priced.

137 1903 51 52 ©
216 1908 110 40 Dec.
353 1908 69 47 15,
449 1907 140 43 1930;
618 1909 67 40 2c.
713 1907 109 41 Feb.
851 1909 38 48 5,
918 1907 111 42 1931;
1087 1908 82 41 aff.
1198 1909 112 40 Feb.
1337 1908 53 47 9;
1420 1908 41 39 A
1486 1907 171 49 33593;
1689 1907 49 41 O.
1766 1907 57 42 F.
1845 1907 289 40 Heartman.

217 1964 251 49 (31-3827)

134 2058 220 65 Henry,
390 2059 227 63 George
651 2060 335 64 McClellan,
1022 2063 170 52 1877-
1405 2061 86 53 ed.

201 2134 423 70 Pennsylvania
664 2136 185 68 digest
886 2136 65 53 of
988 2137 295 70 decisions,
1320 2137 171 68 being
1529 2154 31 34 a
1599 2136 187 68 digest
1821 2135 64 51 of
1922 2135 77 51 all
2036 2134 98 53 the

133 2213 263 67 reported
424 2213 278 53 decisions
729 2213 64 52 of
819 2215 94 51 the
942 2213 292 69 Supreme,
1265 2213 275 69 Superior
1568 2213 114 53 and
1708 2217 209 64 county
1945 2217 189 48 courts

135 2289 91 53 for
271 2290 94 53 the
410 2308 164 51 years
622 2294 134 50 1906
798 2297 59 47 to
906 2295 134 49 1929
1086 2292 292 67 inclusive,
1427 2292 189 52 edited
1661 2291 75 69 by
1784 2289 221 70 George
2051 2290 82 54 M.

134 2368 1997 70 Henry … This digest connects with the decisions digested in
134 2445 187 55 Vale’s
354 2445 205 70 Digest
592 2447 251 53 volumes
878 2450 135 49 1-10
1045 2447 292 67 inclusive,
1372 2447 117 53 also
1523 2447 228 67 Pepper
1785 2445 113 54 and
1931 2446 203 53 Lewis’

134 2523 203 69 Digest
369 2524 65 52 of
469 2524 276 53 decisions
778 2527 66 49 23
881 2525 251 53 volumes
1164 2525 115 52 and
1314 2523 63 55 C.
1411 2525 69 52 R.
1514 2524 73 53 A.
1621 2525 362 68 supplement
136 2524 1975 130 volumes

138 2601 1970 146 1 and 2 … Newark, N. J., Soney & Sage co.; Philadelphia,
315 2679 120 68 Pa.,
463 2678 222 70 George
710 2679 66 53 T.
804 2678 155 54 Bisel
986 2697 97 50 co.,
1114 2682 153 50 1931.

205 2761 222 41 7 v. 26 ᶜᵐ.
207 2819 162 49 Paged
400 2819 355 48 continuously.

208 2876 145 40 “This
392 2876 158 48 digest
590 2876 51 40 of
682 2876 358 48 Pennsylvania
1081 2876 241 42 decisions
1361 2876 262 48 comprises
1663 2888 27 29 a
1732 2876 313 49 compilation
2083 2876 54 42 of

140 2933 315 47 Monaghan’s
494 2935 182 37 annual
716 2933 157 47 digest
911 2933 226 47 covering
1175 2934 83 39 the
1297 2944 142 37 years
1478 2933 115 40 1906
1630 2936 50 38 to
1719 2933 127 48 1929,
1883 2934 254 43 inclusive.

138 2991 100 39 The
272 2990 329 47 alphabetical
634 2992 343 45 arrangement
1012 2990 95 39 and
1143 3000 133 29 cross
1313 2989 248 41 reference
1597 2993 180 45 system
1814 2992 118 39 used
1966 2992 51 39 in
2053 2993 83 40 the

138 3046 1997 50 annual digest has been followed … This digest will be kept to date by
140 3103 315 48 Monaghan’s
486 3102 296 41 cumulative
812 3104 182 38 annual
1025 3102 159 49 digest
1213 3102 52 40 of
1295 3103 359 48 Pennsylvania
1686 3105 254 48 decisions,
1972 3105 165 41 issued

139 3160 263 48 quarterly,
431 3160 96 39 and
553 3170 27 29 a
608 3160 158 39 bound
794 3160 191 39 volume
1011 3162 52 37 at
1091 3160 54 38 the
1199 3160 93 39 end
1319 3159 51 40 of
1396 3160 119 39 each
1542 3160 354 47 year.”—Pref.

144 3214 51 52 ©
225 3218 109 40 Feb.
362 3217 40 48 9,
432 3216 112 41 1931;
601 3216 68 42 2c.
696 3217 121 39 each
842 3217 97 38 and
966 3215 82 41 aff.
1077 3216 111 41 Feb.
1217 3217 54 38 11;
1330 3216 41 39 A
1398 3216 143 41 33651;
1603 3216 157 50 Soney
1788 3218 37 41 &
1855 3218 121 49 Sage
2005 3229 67 30 co.
2103 3220 36 39 &

212 3275 183 47 George
430 3275 52 40 T.
518 3274 131 39 Bisel
684 3284 67 29 co.
822 3272 250 50 (31-3950)

141 3368 273 64 Herbert,
446 3368 151 53 Alan
625 3367 260 55 Patrick.

209 3448 111 53 Mr.
349 3447 257 67 Dough’s
636 3448 181 67 diary.
895 3450 78 48 13.

222 3525 83 48 (In
335 3524 168 43 Punch
535 3523 276 52 magazine,
843 3523 114 43 Dec.
993 3525 70 50 17,
1097 3524 144 50 1930)

147 3579 51 52 ©
264 3595 37 30 1c.
338 3584 111 40 Feb.
486 3584 68 47 12,
592 3582 111 42 1931;
770 3584 41 39 A
847 3585 61 38 ad
944 3584 87 40 int.
1068 3583 144 40 14749;
1279 3585 141 47 pubd.
1460 3584 110 41 Dec.
1609 3585 54 40 17;
1731 3585 51 39 A.
1824 3584 51 41 P.
1914 3585 224 41 Herbert,

214 3640 211 41 London.

143 3734 450 64 Hildenbrandt,
624 3735 171 63 Fred,
826 3741 170 49 1892-

273 3810 1867 71 … Der sand läuft falsch im stundenglas, roman. Stuttgart,
142 3888 198 53 Berlin
407 3894 102 47 [etc.]
575 3889 196 54 Union
815 3890 264 52 deutsche
1161 3889 556 70 verlagsgesellschaft
1840 3892 100 50 [ᶜ1930]
