2505 4370
1253 3994 136 50 1284

310 425 303 68 pensation
661 427 114 52 and
824 425 195 69 public
1067 426 216 54 service
1329 426 379 69 commission,
1756 426 238 69 making
2040 427 98 53 the
2184 431 148 49 most

312 504 2019 69 complete digest of recent cases … [v. 3. Abandonment to
309 581 360 55 Workmen’s
706 583 446 67 compensation]
1232 583 433 70 Philadelphia,
1699 585 122 68 Pa.,
1854 584 57 54 J.
1945 584 80 53 H.
2062 583 271 68 Cabrera,

367 664 118 49 ᶜ1 931.
384 739 801 51 2 p. l., 2276 numb. col. 27 ᶜᵐ .
315 808 51 52 ©
395 812 121 47 Aug.
544 812 71 49 31,
643 810 142 48 1931;
814 811 68 41 2c.
913 813 95 39 and
1037 812 83 41 aff.
1152 812 130 48 Sept.
1312 812 52 48 1;
1395 813 42 39 A
1464 811 173 48 42098;
1669 812 128 41 John
1827 813 133 40 Hart
1987 811 230 42 Cabrera.

309 921 137 64 Poe,
477 921 203 65 Edgar
710 920 194 67 Allan,
937 927 331 51 1809-1849.

375 998 123 53 The
533 997 108 54 fall
677 998 64 54 of
775 998 96 55 the
904 998 174 54 house
1114 998 64 53 of
1210 999 208 70 Usher,
1451 999 75 69 by
1560 999 201 69 Edgar
1795 998 175 53 Allan
2006 1000 132 53 Poe.

303 998 2000 147 Engravings
623 1095 71 34 on
739 1076 162 54 wood
944 1076 75 72 by
1064 1076 197 55 Abner
1303 1077 259 68 Epstein.
1644 1076 138 54 New
1829 1076 181 69 York,
2054 1076 274 56 Cheshire

303 1154 192 71 house,
525 1157 152 50 1931.

375 1235 1043 50 2 p. l., 31 p., 1 l. front., plates. 27 ᶜᵐ .
377 1291 1362 51 “An edition of 1200 copies … has been printed.”
314 1363 51 52 ©
392 1367 122 49 Aug.
540 1366 70 49 20,
637 1366 114 42 1931;
807 1366 69 42 2c.
902 1367 120 47 Aug.
1048 1367 57 40 27;
1160 1366 83 42 aff.
1274 1366 129 49 Sept.
1429 1366 26 40 1;
1511 1366 43 40 A
1577 1365 150 43 41392;
1783 1366 237 43 Cheshire
2044 1368 167 49 house,
2238 1368 92 43 inc.

389 1421 68 54 [©
487 1426 138 39 wood
652 1424 307 48 engravings,
988 1423 348 50 illustrations]
1410 1423 282 49 (31-22558)

309 1537 198 63 Poret,
541 1535 230 65 George
801 1534 335 56 Cleveland.

374 1612 123 52 The
524 1611 415 55 contributions
964 1611 65 54 of
1055 1611 262 55 William
1344 1611 229 55 Harold
1597 1612 198 69 Payne
1819 1616 58 49 to
1905 1611 197 70 public
304 1612 1999 148 education,

493 1689 1835 73 by George Cleveland Poret, PH. D. Nashville, Tenn.,
305 1769 222 70 George
560 1769 269 70 Peabody
864 1769 211 69 college
1110 1768 93 54 for
1235 1770 273 67 teachers,
1545 1772 150 52 1930.

306 1849 2005 106 viii, 164 p. front. (port.) 23 ᶜᵐ . (Half-title: Contribution to education,
460 1908 111 48 pub.
608 1908 155 40 under
796 1909 82 39 the
913 1906 239 41 direction
1188 1907 53 40 of
1277 1907 186 48 George
1500 1908 227 48 Peabody
1761 1910 181 47 college
1976 1910 80 41 for
2091 1911 236 46 teachers,

305 1975 75 31 no.
409 1964 82 48 81)

376 2022 176 40 Thesis
589 2021 14 48 (PH.
781 2020 273 49 D.)—George
1082 2020 228 48 Peabody
1339 2020 181 48 college
1547 2021 83 43 for
1656 2021 239 52 teachers,
1922 2021 132 45 1930.

378 2080 227 40 Without
636 2078 154 41 thesis
821 2079 127 38 note.

377 2136 354 49 Bibliography
749 2146 9 29 :
792 2147 43 37 p.
868 2133 220 42 160-164.

315 2208 51 52 ©
399 2213 117 46 May
545 2211 41 48 7,
616 2208 112 42 1931;
791 2208 68 41 2c.
891 2208 96 41 and
1019 2207 82 41 aff.
1135 2208 114 48 May
1281 2206 55 40 12;
1397 2207 42 39 A
1467 2206 146 42 37259;
1675 2208 188 50 George
1892 2210 228 49 Peabody
2152 2211 180 49 college

382 2269 83 40 for
492 2268 237 40 teachers.
804 2265 282 48 (31-22445)

310 2363 237 64 Probst,
575 2361 156 55 John
761 2360 288 64 Bernard,
1081 2360 173 55 1878-

385 2439 1949 72 Service ratings, by J. B. Probst … Chicago, Ill., Bureau of
311 2521 196 69 public
535 2521 301 68 personnel
864 2517 471 55 administration
1361 2519 113 52 and
1502 2518 97 52 the
1628 2519 154 55 Civil
1811 2518 212 55 service
2051 2519 281 72 assembly

312 2595 1290 68 of the United States and Canada [ ᶜ1 931]
384 2675 1883 55 94 p. incl. illus., diagrs., forms. 23½ ᶜᵐ . (Technical bulletin, no. 4)
386 2736 294 42 “Published
707 2746 54 30 as
789 2746 89 30 one
905 2735 51 39 of
982 2745 26 29 a
1038 2734 150 40 series
1216 2734 53 40 of
1295 2734 129 47 joint
1450 2734 373 48 publications.”

317 2805 53 54 ©
399 2809 122 48 Aug.
551 2807 70 48 20,
652 2806 115 40 1931;
827 2805 68 41 2c.
926 2805 121 49 Aug.
1076 2804 56 40 25;
1193 2801 84 44 aff.
1308 2804 119 49 Aug.
1459 2804 59 40 24;
1575 2805 44 39 A
1645 2805 148 41 41217;
1855 2807 196 39 Bureau
2085 2808 52 40 of
2168 2808 162 48 public

386 2867 259 48 personnel
671 2862 416 48 administration,
1116 2862 225 49 Chicago.
1413 2862 283 50 (31-22546)

312 2962 222 52 Ramos
564 2958 267 65 Carrion,
862 2957 240 66 Miguel,
1136 2962 328 51 1845-1915.

380 3040 340 67 Zaragüeta,
752 3035 255 54 comedia
1041 3055 68 33 en
1144 3035 101 53 dos
1282 3040 153 49 actos
1470 3034 251 71 original
1756 3038 70 52 de
1858 3037 223 70 Miguel
2116 3038 211 53 Ramos

311 3110 2014 74 Carrion y Vital Aza, edited by Carlos Castillo … and Agatha
311 3190 2015 69 Cavallo … New York, Newark [etc.] Silver, Burdett and
309 3273 511 66 company [ ᶜ1 931]
381 3353 63 48 iv,
478 3352 70 51 [2],
577 3351 85 42 153
690 3363 44 37 p.
797 3350 130 41 illus.
987 3350 147 42 18½ᶜᵐ.

317 3421 51 52 ©
396 3425 121 46 Aug.
544 3425 41 46 4,
614 3422 114 41 1931;
785 3422 68 41 2c.
881 3423 95 39 and
1004 3421 82 41 aff.
1116 3422 120 47 Aug.
1265 3423 27 39 7;
1350 3422 42 38 A
1415 3420 147 41 41199;
1623 3421 170 48 Silver,
1822 3422 215 40 Burdett
2063 3422 36 40 &
2126 3432 68 29 co.
2276 3417 51 52 [©

389 3482 209 48 preface,
634 3481 152 45 notes,
820 3478 240 41 exercises
1096 3480 95 38 and
1225 3478 313 50 vocabulary]
1615 3478 282 49 (31-22458)

313 3574 249 64 Riddell,
592 3574 300 55 Florence.

380 3650 197 55 Wives
612 3652 131 63 win,
778 3652 77 69 by
889 3652 276 53 Florence
1199 3650 252 55 Riddell.
1527 3650 430 69 Philadelphia,
1989 3653 57 54 J.
2083 3653 68 52 B.
312 3650 1989 144 Lippincott

562 3746 299 52 company,
892 3732 151 50 1931.

383 3808 366 49 304 p. 19½ ᶜᵐ .
320 3874 51 52 ©
400 3880 117 47 July
543 3880 39 47 6,
611 3880 113 41 1931;
781 3880 68 43 2c.
877 3883 96 40 and
1001 3881 82 42 aff.
1114 3881 127 48 Sept.
1269 3881 27 39 2;
1353 3882 42 39 A
1420 3879 172 49 42109;
1624 3881 52 40 F.
1705 3880 210 49 Riddell,
1944 3880 214 41 London.

398 3935 281 50 (31-22584)
