2428 4370
1206 4033 136 52 1682

342 446 530 50 4 p. l., 3-370 p. 19½ᶜᵐ.
280 517 2011 54 © Oct. 22, 1931; 2c. and aff. Oct. 24; A 43462; William Morrow & co.,
347 579 91 40 inc.
510 577 282 50 (31-30609)

299 674 218 53 [Martel
555 673 71 54 de
664 673 114 54 Jan
783 672 153 66 ville,
974 672 221 65 Sibylle
1236 672 293 56 Gabrielle
1566 673 189 53 Marie
1794 674 353 53 Antoinette
2193 675 100 63 (de

346 750 272 66 Riquetti
644 752 71 53 de
741 751 340 64 Mirabeau)
1116 760 268 48 comtesse
1412 752 70 53 de]
1537 756 171 50 1849-

274 827 2014 150 … La joyeuse enfance de la III ᵉ république. Paris, Calmann-Lévy, 1931.
341 988 482 49 2 p. l., 216 p. 19 ᶜᵐ.
341 1045 233 42 Author’s
602 1047 181 47 pseud.,
813 1045 120 49 Gyp,
962 1047 53 40 at
1043 1047 127 40 head
1199 1045 54 41 of
1280 1045 123 42 title.

343 1101 583 44 On cover : 9 ᵉ édition.
276 1170 1811 112 © July 8, 1931; 1c. July 27; A—Foreign 12869; Calmann-Lévy. (31-30660)
273 1328 175 64 Mary
477 1326 302 67 Aloysius,
810 1329 204 69 Sister,
1046 1329 172 54 1875-

341 1404 53 52 A
431 1402 254 71 memoir,
721 1405 229 53 Mother
987 1406 171 71 Mary
1197 1404 389 68 Chrysostom,
1624 1406 203 52 second
1865 1405 260 68 superior
268 1421 2001 113 general
425 1482 64 52 of
523 1482 98 52 the

660 1480 427 70 Congregation
1125 1482 64 53 of
1226 1482 180 55 Notre
1442 1483 181 54 Dame
1663 1482 64 52 of
1764 1483 376 54 Muelhausen
2180 1482 112 53 and

269 1558 2020 73 Cleveland, by Sister Mary Aloysius [a nd] Sister Mary Patricia.
271 1636 134 55 New
434 1636 181 70 York,
642 1638 63 53 P.
734 1638 56 54 J.
817 1636 243 73 Kenedy
1086 1639 46 50 &
1158 1656 130 35 sons
1362 1640 153 67 [ᶜ1931]

341 1721 1324 51 xiv p., 1 l. , 152 p. front., plates, ports., map. 21ᶜᵐ.
276 1791 2017 53 © Sept. 24, 1931; 2c. Sept. 30; aff. Oct. 2; A 44076; P. J. Kenedy &
345 1862 128 32 sons.
543 1851 282 49 (31-30738)

273 1946 321 66 Masefield,
625 1947 177 55 John.

342 2023 224 55 Minnie
596 2024 301 68 Maylow’s
932 2032 159 62 story
1124 2025 114 53 and
1270 2025 164 51 other
1466 2024 143 54 tales
1642 2026 113 52 and
1789 2043 206 52 scenes,
2027 2025 74 69 by
2134 2025 156 55 John

269 2101 314 55 Masefield.
660 2103 138 54 New
833 2102 182 66 York,
1048 2104 123 52 The
1200 2102 338 54 Macmillan
1570 2121 301 51 company,
1905 2107 151 50 1931.

341 2184 658 49 8 p. l., 3-194 p., 1 l. 25½ᶜᵐ.
347 2241 1943 49 “This edition … is limited to three hundred and fifty copies. This
272 2300 42 40 is
339 2300 205 41 number
569 2299 130 41 349.”

348 2356 178 49 Signed
551 2358 62 47 by
642 2357 81 41 the
751 2357 193 41 author.

342 2416 57 39 In
426 2425 154 31 verse.

275 2482 2016 53 © Oct. 19, 1931; 2c. Oct. 21; aff. Oct. 20; A 43363; J. Masefield, Boar’s
342 2545 118 48 Hill,
489 2543 204 49 Oxford,
721 2544 237 53 England.
1030 2543 283 48 (31-30756)

270 2640 291 65 Matches,
593 2641 330 63 Margaret.

341 2715 1950 71 Savage paradise, by Margaret Matches … illustrated by
270 2794 1993 150 Norman Guthrie Rudolph. New York & London, The Century co. [ ᶜ1 931]
377 2955 1115 52 x, 331 p. incl. front., illus. 23 ᶜᵐ. $4.00
343 3016 138 47 Maps
511 3026 61 29 on
601 3015 365 48 lining-papers.

341 3073 163 40 “First
541 3071 260 50 printing.”

273 3141 52 52 ©
355 3146 102 40 Oct.
487 3144 40 48 6,
555 3143 115 41 1931;
727 3144 68 41 2c.
824 3143 101 40 Oct.
956 3143 55 40 17;
1070 3141 84 43 aff.
1183 3141 102 42 Oct.
1314 3141 60 41 20;
1428 3142 41 39 A
1496 3141 146 41 43345;
1703 3141 214 48 Century
1946 3150 68 33 co.
351 3201 284 49 (31-30624)

268 3297 277 65 Merrick,
573 3299 140 54 Mrs.
743 3296 322 54 Henrietta
1102 3295 254 67 (Sands)

342 3378 73 52 In
444 3378 99 53 the
572 3376 229 55 world’s
832 3376 159 67 attic,
1020 3377 76 68 by
1124 3375 308 53 Henrietta
1468 3375 188 55 Sands
1684 3373 282 69 Merrick;
269 3373 1997 136 introduction

427 3451 1863 74 by Sir Francis Younghusband … 66 illustrations from
272 3534 400 68 photographs
694 3534 76 69 by
795 3532 97 54 the
920 3534 207 51 author;
1186 3532 194 54 colour
1406 3531 189 68 prints
1621 3532 76 69 by
1723 3531 139 54 Mrs.
1890 3530 72 53 A.
1990 3531 67 52 E.
2086 3532 202 66 Berry.

270 3614 139 52 New
437 3613 182 65 York,
646 3613 259 66 London,
932 3610 69 55 G.
1028 3611 65 52 P.
1122 3608 299 56 Putnam’s
1446 3627 148 53 sons,
1622 3612 152 50 1931.

341 3690 1824 51 xxii, 259 p. col. front., illus. (incl. music) plates (part col.) fold.
265 3762 124 35 map.
451 3751 55 39 24½ᶜᵐ.

340 3809 289 40 Illustrated
683 3806 365 49 lining-papers.
1109 3805 334 48 Frontispiece
1497 3806 96 39 and
1646 3806 192 40 colored
1890 3804 158 49 plates
268 3814 1998 97 accompanied
476 3866 62 47 by

564 3866 155 46 guard
750 3864 161 41 sheets
942 3864 120 40 with
1093 3862 296 49 descriptive
1416 3864 299 47 letterpress.

274 3917 52 52 ©
357 3922 127 47 Sept.
512 3923 68 42 11,
608 3921 109 42 1931;
779 3921 66 41 2c.
876 3922 103 40 Oct.
1006 3921 56 40 23;
1120 3920 80 40 aff.
1230 3921 102 40 Oct.
1360 3919 83 48 24;
1474 3920 40 39 A
1540 3919 173 48 43475;
1745 3920 62 41 H.
1838 3920 43 41 S.
1912 3918 227 45 Merrick,
2167 3918 118 40 New
343 3979 144 41 York.
559 3979 281 49 (31-28332)
