2505 4370
1257 4105 104 54 474

284 526 244 40 man.—If
567 526 82 41 the
688 525 238 50 Emperor
966 526 266 42 Frederick
1273 527 100 41 had
1413 529 87 39 not
1540 527 99 41 had
1680 537 186 40 cancer,
1908 526 62 50 by
2012 526 130 42 Emil
284 527 2007 104 Ludwig.—If
549 583 40 41 it
625 585 98 39 had
760 583 120 42 been

919 584 284 41 discovered
1244 586 51 38 in
1333 583 118 42 1930
1490 585 111 41 that
1642 584 165 42 Bacon
1850 585 154 48 really
2043 585 86 41 did
2167 585 140 42 write

286 638 352 50 Shakespeare,
669 640 61 47 by
763 641 43 40 J.
839 638 49 44 C.
925 640 187 49 Squire.

293 693 52 53 ©
376 698 124 42 Mar.
529 699 69 49 13,
630 697 113 42 1931;
802 699 69 42 2c.
901 700 124 40 Mar.
1053 700 83 47 16;
1169 699 84 42 aff.
1284 701 123 40 Mar.
1437 701 83 46 31;
1553 701 43 38 A
1623 700 173 49 34886;
1830 700 182 49 Viking
2039 710 151 40 press,
2221 699 92 42 inc.
371 755 255 50 (31-8403)

285 852 270 54 Indiana.
631 852 312 71 Appellate
978 861 177 48 court.

358 933 1955 69 Reports of cases decided … with tables of cases reported
287 1014 114 53 and
438 1012 168 70 cited,
642 1017 241 50 statutes
918 1012 149 54 cited
1103 1014 113 51 and
1250 1012 323 69 construed,
1610 1014 112 51 and
1760 1031 73 34 an
1867 1012 190 53 index.
287 1011 2004 134 Genevieve

485 1093 232 68 Brown,
751 1090 201 53 official
989 1096 277 65 reporter,
1300 1092 66 51 B.
1403 1090 65 52 F.
1503 1092 260 67 Watson,
1797 1092 231 53 Joanna
2063 1091 66 53 F.
284 1091 2006 149 Hinman,
482 1171 196 53 David
723 1171 66 52 R.

834 1169 350 71 Wilkinson,
1230 1169 314 55 assistants,
1623 1189 50 33 v.
1721 1172 80 51 90.
1844 1170 177 52 From
2067 1168 248 56 October

289 1255 47 65 1,
382 1253 154 66 1929,
578 1256 62 47 to
681 1248 266 70 January
991 1252 84 66 31,
1120 1250 150 51 1930.
1349 1248 422 70 Indianapolis,
1815 1249 189 69 Levey
2050 1248 266 70 printing

286 1348 99 51 co.,
419 1332 152 50 1931.

358 1408 453 51 xxix, 754 p. 22½ ᶜᵐ.
294 1464 52 53 ©
380 1468 113 41 Feb.
525 1468 69 48 13,
628 1466 142 49 1931;
804 1466 69 43 2c.
907 1468 123 40 Mar.
1064 1466 51 48 6;
1152 1466 83 41 aff.
1271 1467 122 40 Mar.
1428 1466 82 47 16;
1546 1466 41 40 A
1619 1465 173 50 36800;
1832 1466 137 42 State
2003 1466 52 41 of
2090 1465 224 49 Indiana,

362 1525 354 49 Indianapolis.

286 1621 155 65 Ives,
472 1620 260 54 Howard
767 1619 250 66 Chapin,
1052 1621 173 55 1878-

358 1699 250 56 Natural
638 1697 437 72 trigonometric
1105 1697 296 55 functions
1431 1703 60 49 to
1521 1718 167 35 seven
1721 1698 242 56 decimal
1995 1699 191 70 places
2218 1697 95 55 for

287 1797 172 53 every
483 1784 96 49 ten
604 1778 235 53 seconds
865 1777 64 53 of
956 1797 113 51 arc,
1095 1779 264 68 together
1386 1778 140 54 with
1554 1778 430 54 miscellaneous
2011 1778 200 69 tables,
2237 1779 74 69 by

287 1857 2021 69 Howard Chapin Ives … New York, J. Wiley & sons, inc.;
287 1936 262 70 London,
580 1934 305 70 Chapman
911 1939 46 51 &
983 1936 161 66 Hall,
1171 1935 244 67 limited,
1447 1939 150 51 1931.

356 2016 1068 49 4 p. l., 329 p. diagrs. 25½ ᶜᵐ. $9.00
295 2071 52 53 ©
375 2077 124 40 Mar.
524 2074 70 51 24,
621 2075 114 41 1931;
791 2075 67 41 2c.
887 2076 123 40 Mar.
1035 2075 59 41 28;
1149 2075 82 41 aff.
1261 2077 123 40 Mar.
1410 2075 59 40 26;
1524 2076 39 39 A
1590 2075 145 41 36192;
1793 2076 60 41 H.
1883 2075 49 43 C.
1962 2077 123 48 Ives,
2114 2076 201 46 Laguna

362 2134 178 49 Beach,
584 2133 146 42 Calif.
802 2132 254 50 (31-8526)

289 2229 201 65 Jagot,
519 2228 148 59 Paul
697 2228 289 57 Clément.

425 2307 1894 69 … La timidité vaincue; méthode pratique pour acquérir
289 2389 362 69 l’assurance,
699 2388 55 54 la
803 2388 240 53 fermeté
1089 2393 56 48 et
1191 2387 56 53 la
1296 2385 287 55 confiance
1631 2406 67 34 en
1747 2387 306 53 soi-même.
2132 2389 186 67 Paris,

291 2465 268 57 Éditions
588 2467 229 53 Drouin
854 2468 173 66 [1930]

357 2544 573 52 2 p. l., [7]-224 p. 19 ᶜᵐ.
357 2604 67 41 At
450 2604 128 41 head
604 2603 53 41 of
685 2602 108 42 title
812 2613 9 29 :
852 2600 196 45 Paul-C.
1078 2601 160 49 Jagot.

290 2657 1853 117 © Apr. 30, 1930; 1c. Dec. 19; A—Foreign 9996; Éditions Drouin. (31-7750)
291 2820 203 66 Jeans,
522 2821 102 56 Sir
648 2820 205 54 James
881 2819 320 66 Hopwood,
1233 2820 174 56 1877-

362 2899 1951 71 The stars in their courses, by Sir James Jeans … New
293 2978 182 69 York,
512 2978 123 53 The
668 2977 339 54 Macmillan
1044 2994 311 52 company;
1397 2977 367 70 Cambridge,
1804 2978 167 70 Eng.,
2009 2978 123 53 The
291 2978 1998 148 University

538 3074 174 51 press,
743 3059 152 52 1931.

288 3138 2029 98 x p., 1 l. , 173 p. front., illus., XLVI pl. on 23 l., 2 fold. maps, diagr. 20 ᶜᵐ.
363 3254 105 40 The
503 3253 221 41 author’s
762 3255 165 38 recent
962 3252 139 41 radio
1140 3253 133 40 talks
1311 3263 60 30 on
1409 3253 83 40 the
1527 3255 132 38 stars
1696 3263 83 30 are
1818 3254 117 39 used
1973 3263 55 30 as
2066 3253 82 40 the
2186 3252 132 41 basis

291 3309 78 41 for
396 3310 102 41 this
524 3309 137 43 book.
719 3310 62 48 cf.
813 3309 128 41 Pref.

301 3364 52 53 ©
387 3370 123 39 Mar.
542 3368 70 49 26,
645 3366 142 48 1931;
822 3366 67 43 2c.
923 3368 96 39 and
1052 3366 83 42 aff.
1170 3368 123 40 Mar.
1328 3367 82 46 27;
1448 3367 40 38 A
1520 3366 172 48 36146;
1730 3366 284 41 Macmillan
2048 3378 69 30 co.
379 3424 253 50 (31-8522)

295 3505 289 65 Johnson,
613 3505 235 54 Arthur
875 3506 270 61 Monrad,
1176 3506 172 54 1878-

429 3583 1885 70 … Taxonomy of the flowering plants, by Arthur Monrad
296 3661 2018 71 Johnson … illustrations by the author. New York, London,
296 3740 745 69 The Century co. [ ᶜ1 931]
460 3820 1857 52 xxi, 864 p. illus. 23 ᶜᵐ. (The Century biological series, R. Hegner,
295 3876 182 50 editor)
603 3876 131 51 $7.50

366 3932 377 53 Bibliography:
784 3946 41 38 p.
862 3934 217 43 733-787.

304 3988 52 54 ©
384 3995 124 40 Mar.
534 3993 70 49 24,
631 3993 108 41 1931;
804 3994 67 42 2c.
898 3997 97 39 and
1022 3994 82 41 aff.
1134 3995 123 40 Mar.
1284 3993 56 41 27;
1399 3994 39 39 A
1466 3993 144 41 36121;
1670 3993 215 49 Century
1914 4004 67 32 co.
383 4050 253 50 (31-8523)
