2428 4370
1272 4062 136 51 1450

320 423 279 66 Boecker,
631 423 260 64 Eduard,
923 428 174 50 1886-

389 500 531 71 Bakteriologische
972 498 349 70 diagnostik,
1373 499 107 53 mit
1532 499 340 53 besonderer
1921 497 385 55 berücksichti
317 599 159 50 gung

520 580 101 53 der
665 580 198 67 praxis
907 580 97 52 des
1046 578 979 69 medizinal-untersuchungsamtes
2068 578 120 53 und
2232 578 101 54 der

317 658 557 69 bakteriologischen
947 656 288 69 stationen;
1285 656 92 54 ein
1423 655 284 54 leitfaden
1755 656 99 53 für
1902 659 172 66 ärzte,
319 655 1991 134 studierende

538 737 119 52 und
705 736 324 53 technische
1076 734 462 69 assistentinnen,
1587 752 113 36 von
1749 733 153 71 prof.
1954 735 85 53 dr.
2092 734 242 54 Eduard

319 811 2015 70 Boecker … und dr. Fritz Kauffmann … Berlin, J. Springer,
322 896 150 50 1931.

388 973 394 50 vii, 260 p. 21 ᶜᵐ.
390 1045 416 48 Bibliographical
837 1045 288 43 references.

327 1114 51 52 ©
408 1119 113 47 Apr.
553 1119 68 46 17,
651 1117 113 41 1931;
854 1129 36 30 1c.
920 1118 118 47 July
1065 1118 54 46 2;
1149 1117 102 39 A—
1251 1116 210 50 Foreign
1492 1116 171 49 13105;
1696 1118 167 40 Julius
1894 1117 245 49 Springer.

405 1175 283 50 (31-24644)

325 1300 234 65 Bowen,
592 1300 330 57 Elizabeth.

391 1374 1944 75 Friends and relations, by Elizabeth Bowen … New York,
319 1454 63 53 L.
411 1454 131 54 Mac
566 1456 221 69 Veagh,
812 1456 121 52 The
961 1455 137 54 Dial
1125 1474 186 50 press;
1340 1456 270 69 Toronto,
1636 1456 344 67 Longmans,
2008 1454 182 55 Green
2222 1454 110 54 and

320 1551 98 50 co.,
450 1536 151 51 1931.

393 1613 535 50 5 p. l., 3-307 p. 19½ᶜᵐ.
331 1683 51 54 ©
417 1688 127 49 Sept.
575 1687 69 49 21,
678 1688 139 47 1931;
850 1688 67 40 2c.
950 1689 95 41 and
1077 1687 82 43 aff.
1194 1688 127 48 Sept.
1354 1688 83 48 25;
1471 1689 41 40 A
1540 1688 172 48 42568;
1749 1689 113 41 Dial
1895 1699 150 39 press,
2078 1688 92 43 inc.

411 1745 282 50 (31-24657)

328 1870 184 65 Bush,
545 1869 412 65 Christopher.

457 1946 1879 71 … Dancing death … Garden City, N. Y., Pub. for the
325 2024 1989 72 Crime club, inc., by Doubleday, Doran & company, inc. [ ᶜ1 931]
427 2105 840 50 x p., 1 l., 13-315 p. diagrs. 20 ᶜᵐ.
397 2164 165 41 “First
590 2162 228 42 edition.”

333 2233 51 51 ©
415 2236 128 48 Sept.
571 2237 70 47 17,
667 2235 114 42 1931;
836 2236 67 42 2c.
931 2237 96 39 and
1055 2235 82 43 aff.
1168 2236 127 48 Sept.
1323 2236 55 40 25;
1435 2236 43 40 A
1501 2236 148 42 42588;
1706 2237 48 41 C.
1784 2237 151 49 Bush,
1962 2238 214 41 London.

411 2293 283 50 (31-24660)

332 2417 347 55 California.
753 2421 168 53 Laws
927 2465 12 25 ,
968 2424 241 50 statutes
1216 2466 12 25 ,
1256 2426 101 49 etc.

395 2496 122 52 The
555 2495 152 54 Civil
745 2495 134 53 code
916 2496 63 53 of
1013 2497 96 51 the
1145 2503 144 48 state
1327 2496 65 54 of
1430 2496 344 69 California,
1811 2496 291 70 approved
2139 2497 201 52 March

326 2576 84 52 21,
440 2572 153 70 1872,
619 2573 143 53 with
788 2574 388 53 amendments
1204 2593 78 50 up
1310 2580 58 48 to
1397 2575 95 52 the
1520 2575 109 53 end
1659 2575 64 53 of
1750 2575 95 53 the
1874 2575 230 69 regular
2132 2574 210 55 session

326 2651 65 53 of
418 2652 96 54 the
541 2651 354 68 forty-ninth
923 2651 376 70 Legislature,
1330 2656 133 49 1931;
1525 2653 301 69 including
1853 2674 32 34 a
1915 2658 284 67 statutory
326 2653 1991 147 history

485 2729 63 54 of
576 2730 134 52 code
740 2729 240 56 sections
1009 2729 238 56 affected
1276 2731 75 69 by
1379 2730 327 70 legislation
1736 2732 334 68 subsequent
2102 2737 58 49 to
327 2731 1993 132 original

475 2807 1640 74 enactment. San Francisco, A. V. Lake & co. [ ᶜ1 931]
399 2889 885 50 2 p. l. , vii-xii p., 1 l., 777 p. 19 ᶜᵐ.
399 2961 230 40 Lettered
661 2971 62 30 on
753 2972 141 30 cover:
958 2960 274 43 California
1266 2962 126 41 Civil
1426 2964 129 40 code.

337 3030 52 53 ©
415 3036 121 47 Aug.
562 3036 39 47 1,
628 3034 113 41 1931;
794 3034 69 43 2c.
889 3035 120 49 Aug.
1036 3034 56 40 19;
1148 3034 82 43 aff.
1256 3036 120 48 Aug.
1402 3036 59 40 20;
1513 3037 45 39 A
1580 3036 145 43 40885;
1782 3038 54 42 A.
1863 3038 52 41 V.
1943 3039 133 40 Lake
2102 3039 37 41 &
2165 3049 67 30 co.

416 3092 282 49 (31-24472)

399 3214 122 53 The
560 3215 153 55 Code
749 3217 62 53 of
845 3217 136 54 civil
1015 3219 313 68 procedure
1361 3220 63 52 of
1459 3219 95 54 the
1588 3226 144 48 state
1766 3220 63 53 of
1866 3218 343 68 California,
330 3236 1988 124 approved

573 3293 205 54 March
810 3298 82 65 11,
923 3295 152 70 1872,
1104 3298 142 53 with
1278 3297 387 54 amendments
1694 3317 79 50 up
1803 3304 59 47 to
1891 3299 96 51 the
2016 3296 109 54 end
2157 3297 62 53 of
2249 3297 96 53 the

330 3371 230 68 regular
592 3370 209 56 session
832 3373 63 53 of
924 3374 96 52 the
1053 3374 356 70 forty-ninth
1440 3375 377 71 Legislature,
1850 3379 134 50 1931;
2046 3374 299 69 including

330 3468 31 34 a
393 3454 286 66 statutory
706 3450 221 72 history
957 3452 65 53 of
1050 3454 134 52 code
1214 3454 239 55 sections
1486 3452 239 56 affected
1755 3455 75 70 by
1862 3454 326 69 legislation
330 3452 1990 143 subsequent

595 3533 58 47 to
690 3528 246 69 original
974 3536 333 49 enactment.
1383 3531 118 55 San
1537 3533 320 53 Francisco.
1895 3532 70 53 A.
2005 3531 70 55 V.
2111 3531 156 53 Lake
2301 3532 45 50 &

330 3623 77 34 co.
446 3608 174 66 [ᶜ1931]

401 3685 827 52 2 p. l. , vii-x p., 1 l., 620 p. 19 ᶜᵐ.
402 3755 229 42 Lettered
660 3768 61 30 on
750 3768 140 31 cover:
949 3760 274 41 California
1253 3762 128 41 Code
1410 3763 52 40 of
1491 3762 113 42 civil
1633 3764 280 49 procedure,
1943 3763 128 42 1931.

403 3812 1895 51 With this is bound: The Probate code of the state of California …
335 3867 98 41 San
461 3869 261 44 Francisco
754 3872 143 51 [1931]

341 3936 51 52 ©
419 3942 119 50 Aug.
567 3946 68 48 11,
664 3945 113 42 1931;
833 3946 67 41 2c.
929 3948 120 47 Aug.
1076 3947 56 41 19;
1189 3948 81 40 aff.
1300 3949 120 49 Aug.
1448 3949 60 42 20;
1561 3951 42 41 A
1629 3950 149 43 40886;
1833 3951 54 43 A.
1964 3984 8 9 V.
2001 3951 131 42 Lake
2161 3950 38 42 &
2225 3960 66 32 co.

418 3998 281 53 (31-24470)
