2505 4370
1020 4001 133 49 1103

78 535 84 66 31,
211 533 162 64 1930;
422 528 256 71 together
724 527 141 56 with
912 527 272 69 complete
1234 526 262 56 schedule
1542 524 62 55 of
1650 525 95 53 the
1789 522 286 71 principal

79 617 189 46 events
295 614 58 46 to
381 608 95 52 the
501 607 235 53 number
764 607 63 52 of
855 609 136 49 2000
1018 604 307 69 sponsored
1354 604 74 69 by
1456 604 95 54 the
1578 609 160 62 state,
1768 602 306 69 municipal

80 686 111 53 and
229 686 159 52 other
425 683 283 69 agencies;
746 683 109 53 and
896 704 31 33 a
962 682 98 55 list
1095 682 64 53 of
1194 682 97 53 the
1326 681 421 68 organizations
1784 679 112 56 and
1932 679 145 54 local

79 762 343 55 committees
453 760 320 55 concerned.
854 761 250 68 [Boston,
1133 758 195 55 Board
1357 760 64 51 of
1450 757 271 55 directors
1750 758 64 53 of
79 759 1975 151 Tercentenary

311 835 1591 73 conference of city & town committees, inc., ᶜ1 931]
150 918 1288 51 6 p. l. , [11]-131 p. incl. illus., plates, ports. 26 ᶜᵐ.
154 976 275 49 “Compiled
460 976 62 47 by
552 976 201 40 Everett
783 976 54 41 B.
868 973 178 42 Mero.”

154 1034 69 40 “A
248 1032 210 41 Puritan
481 1031 178 49 hymn”
685 1031 121 41 with
832 1030 154 42 music:
1044 1041 43 39 p.
1116 1030 100 43 129.

152 1088 391 43 “Publications”:
600 1099 44 38 p.
673 1086 216 43 104-109.

91 1160 52 53 ©
174 1165 114 46 May
315 1162 70 48 25,
418 1162 139 46 1931;
591 1162 68 40 2c.
689 1162 95 38 and
816 1160 82 41 aff.
963 1169 91 31 June
1086 1161 52 46 8;
1172 1160 40 39 A
1242 1159 173 49 38627;
1449 1161 179 48 Joseph
1662 1162 60 41 H.
1756 1162 159 46 Beale,
162 1161 1905 107 Cambridge,

376 1222 146 38 Mass.
593 1217 280 50 (31-19244)

85 1316 228 53 Toledo.
389 1316 166 53 Scott
583 1313 146 64 high
760 1312 215 55 school.

159 1395 291 53 Preludes,
500 1413 30 34 a
578 1392 294 53 collection
921 1392 64 53 of
1032 1410 155 34 verse
1233 1392 77 70 by
1356 1392 258 53 students
1660 1393 64 51 of
1770 1392 179 67 Jesup
1993 1392 91 54 W.

89 1472 159 55 Scott
274 1472 141 68 high
444 1471 205 53 school.
724 1470 232 67 Toledo,
986 1468 87 70 O.,
1103 1472 150 49 1931.

161 1550 687 50 70 p. incl. front. pl. 20 ᶜᵐ.
93 1619 51 51 ©
171 1623 125 39 June
321 1622 28 40 9,
387 1620 110 41 1931;
555 1621 66 40 2c.
649 1621 126 40 June
800 1620 56 39 24;
912 1619 80 40 aff.
1021 1620 115 47 July
1164 1621 53 39 13;
1274 1620 41 39 A
1340 1619 170 48 39379;
1541 1620 161 48 Ralph
1729 1620 61 40 H.
1818 1621 268 48 Demorest,

163 1680 191 41 Toledo.
396 1679 53 41 O.
520 1678 14 48 (CA
619 1678 174 41 31-528
828 1677 233 45 Unrev’d)

88 1776 120 53 The
241 1771 297 66 township
569 1776 232 51 manual
835 1776 93 51 for
960 1775 95 52 the
1087 1779 144 49 state
1263 1775 64 52 of
1359 1773 351 68 Minnesota;
1747 1795 33 33 a
1813 1774 278 68 complete

160 1853 171 68 guide
370 1853 94 53 for
502 1852 210 68 village
752 1851 207 54 officers
998 1852 59 52 in
1094 1851 150 53 their
1284 1851 228 54 various
1551 1851 186 55 duties
1776 1852 181 52 under
1995 1853 95 54 the

158 1932 137 51 laws
332 1929 64 53 of
433 1929 338 53 Minnesota.
847 1930 91 68 By
973 1929 193 54 James
1203 1929 70 52 D.
1316 1928 241 55 Shearer
1595 1932 112 51 and
1747 1930 236 54 Charles
2020 1930 68 53 R.

160 2009 217 51 Butler.
454 2009 106 51 32d
587 2008 102 56 ed.,
716 2007 159 68 July,
903 2010 145 49 1931.
1126 2006 405 70 Minneapolis,
1555 2007 203 57 Minn.,
1780 2007 222 54 Walter
2032 2008 57 55 S.

159 2086 188 51 Booth
373 2087 47 50 &
446 2104 119 50 son,
590 2086 105 52 inc.
732 2087 172 65 [1931]

164 2163 563 50 4 p. l., 17-503 p. 19 ᶜᵐ.
96 2219 51 51 ©
178 2223 121 47 Aug.
327 2223 40 46 4,
399 2221 113 40 1931;
572 2221 66 42 2c.
671 2222 118 46 Aug.
821 2222 27 38 8;
907 2221 80 40 aff.
1021 2221 120 47 Aug.
1173 2220 83 47 10;
1289 2220 42 40 A
1359 2221 172 48 40715;
1566 2223 186 40 Walter
1788 2222 43 41 S.
1865 2224 157 40 Booth
2055 2224 37 40 &

163 2290 98 36 son,
286 2279 90 40 inc.

91 2373 129 54 Van
249 2373 279 65 Buskirk,
560 2374 200 63 Edgar
791 2373 350 65 Flandreau,
1173 2380 173 50 1883-

163 2452 1866 70 The science of everyday life, by Edgar F. Van Buskirk …
93 2529 1936 71 and Edith Lillian Smith … assisted by Walter L. Nourse …
93 2606 1875 74 Boston, New York [etc.] Houghton Mifflin company [ ᶜ1 931]
158 2685 116 49 xvii,
305 2687 71 49 [1],
405 2686 99 48 620,
535 2685 120 41 xviii
681 2696 42 37 p.
785 2685 85 42 col.
899 2687 162 47 front.,
1093 2687 126 41 illus.
1262 2687 131 50 (incl.
1423 2691 163 45 ports.,
1616 2690 160 47 maps)
1816 2691 86 39 col.
1934 2692 159 47 plates

97 2741 604 51 (1 double) diagrs. 19½ ᶜᵐ.
160 2797 144 43 “New
335 2797 183 43 edition:
582 2799 188 41 revised
806 2801 94 39 and
933 2799 270 48 enlarged.”

160 2854 188 42 “Books
371 2854 110 43 that
504 2856 101 41 will
628 2857 111 48 help
759 2854 124 52 you”
907 2858 53 39 at
982 2859 92 39 end
1099 2857 52 40 of
1172 2858 119 41 each
1315 2858 200 49 chapter;
1569 2860 291 42 “Reference
1885 2861 174 40 books”:

85 2920 44 40 p.
159 2911 99 44 xvi.

99 2967 51 51 ©
182 2970 128 40 June
336 2970 69 47 30,
438 2969 105 40 1931;
611 2969 66 40 2c.
716 2970 110 46 July
857 2970 53 39 15;
972 2969 82 40 aff.
1086 2971 116 47 July
1232 2971 59 40 14;
1349 2972 42 39 A
1421 2972 146 41 40356;
1627 2973 264 49 Houghton
1924 2973 169 42 Mifflin

168 3038 67 29 co.
295 3022 69 54 [©
394 3026 211 40 revision
633 3026 36 40 &
695 3036 106 31 new
828 3029 193 47 matter]
1095 3027 280 50 (31-18282)

95 3123 120 52 The
252 3120 213 64 village
502 3124 229 51 manual
771 3123 92 52 for
898 3124 95 52 the
1029 3129 143 49 state
1210 3126 65 51 of
1311 3124 339 55 Minnesota.
1724 3127 57 53 A
1818 3127 276 69 complete

164 3199 171 68 guide
375 3200 94 52 for
508 3200 209 68 village
757 3198 207 56 officers
1005 3200 59 53 in
1102 3202 151 52 their
1292 3202 228 55 various
1559 3204 185 53 duties
1782 3206 180 53 under
2002 3207 93 51 the

165 3277 136 53 laws
339 3277 63 52 of
439 3277 338 53 Minnesota.
854 3278 90 69 By
980 3279 193 53 James
1209 3279 72 53 D.
1323 3279 241 55 Shearer
1601 3283 112 52 and
1752 3282 236 55 Charles
2023 3283 69 52 R.

166 3355 217 51 Butler.
463 3355 129 51 13th
631 3355 102 57 ed.,
771 3355 159 69 July,
971 3359 149 49 1931.
1196 3357 403 71 Minneapolis,
1635 3359 202 64 Minn.,
1872 3361 223 54 Walter

169 3431 848 69 S. Booth & son, inc. [ ᶜ1 931]
170 3510 279 49 569 p. 19½ ᶜᵐ.
102 3564 51 51 ©
182 3568 118 47 Aug.
331 3568 38 45 6,
399 3566 107 40 1931;
572 3567 65 40 2c.
668 3570 97 38 and
793 3568 80 41 aff.
904 3570 119 45 Aug.
1053 3571 55 39 10;
1169 3572 35 37 A
1236 3571 145 42 39970;
1440 3574 188 40 Walter
1655 3574 50 41 S.
1736 3575 157 40 Booth
1924 3576 36 39 &
1991 3587 100 31 son,

169 3625 90 41 inc.

96 3718 328 65 Wahlstad,
452 3720 177 52 Peter
656 3721 82 63 P.,
768 3724 82 52 ed.

96 3793 1967 148 Building with words, edited by Peter P. Wahlstad … Philadelphia,
418 3873 1298 74 Modern American education, inc. [ ᶜ1 931]
