2428 4370
1016 4010 135 56 1717

163 469 99 47 479,
296 469 54 49 [1]
380 478 43 38 p.
486 468 125 41 illus.
640 469 183 48 (maps)
860 467 171 48 plates.
1090 466 117 42 22ᶜᵐ.

504 523 40 43 CONTENTS.—1.
581 526 36 39 t.
701 524 112 40 Ueber
849 523 318 48 Westindien,
1246 523 241 45 Venezuela,
1529 524 228 42 Panama,
1798 521 288 42 Kolumbien

98 584 94 38 und
225 582 243 41 Ekuador.
470 605 60 6 —
546 580 42 43 2.
622 582 37 40 t.
694 580 156 41 Ueber
883 581 138 40 Peru.
1039 603 59 5 —
1115 579 43 43 3.
1191 582 37 39 t.
1262 580 159 41 Ueber
1453 580 234 41 Bolivien.
1704 603 58 6 —
1778 579 42 43 4.
1859 582 37 39 t.
1932 579 158 42 Ueber

92 637 255 42 Chile.—5.
373 639 37 40 t.
436 638 157 40 Ueber
619 636 438 48 Argentinien.—6.
1084 639 37 38 t.
1149 635 159 42 Ueber
1334 636 365 42 Brasilien.—7.
1727 638 36 39 t.
1792 636 176 40 Wohin
1997 635 89 40 mit

93 694 319 41 Südamerika
425 694 19 40 ?

97 762 1974 105 © Apr. 28, 1931; 1c. July 28; A —Foreign 13202; Frankfurter societätsdruckerei,
459 833 41 36 g.
529 833 59 29 m.
616 822 41 39 b.
688 821 45 40 h.
802 820 279 48 (31-30855)

96 914 220 65 Espina
344 916 70 52 de
443 915 204 64 Serna,
676 915 251 63 Concha,
959 915 170 55 1877-

91 990 1970 131 … Mujeres del Quijote, notes and vocabulary by Wilhelmina
290 1068 184 53 Marie
518 1068 234 68 Becker,
852 1111 10 10 M.
950 1086 39 49 A.;
1040 1067 140 53 with
1228 1086 31 35 a
1304 1066 223 55 critical
1574 1068 391 53 introduction
2010 1068 76 69 by

91 1146 271 54 Federico
394 1147 68 52 de
495 1146 160 55 Onis.
726 1147 232 66 Boston,
990 1145 138 53 New
1162 1145 163 53 York
1380 1150 121 62 [etc.]
1538 1146 73 52 D.
1647 1144 62 55 C.
1742 1145 196 53 Heath
1971 1146 113 52 and

90 1227 506 65 company [ ᶜ193 1 ]
157 1302 1927 52 2 p. l. , iii-xvi p., 1 l., 186 p. front. (port.) illus. 17 ᶜᵐ . (Heath’s
93 1361 193 40 modern
319 1360 238 48 language
589 1360 175 49 series)

160 1416 278 42 Half-title:
477 1417 377 47 Contemporary
893 1416 211 48 Spanish
1139 1419 144 42 texts,
1320 1418 198 47 general
1553 1416 172 47 editor,
1765 1417 50 39 F.
1855 1418 58 39 de
1953 1415 131 43 Onis.

93 1484 86 39 [no.
213 1474 71 49 17]

158 1530 63 41 At
247 1530 124 41 head
400 1528 52 41 of
479 1530 110 40 title:
648 1529 190 41 Concha
869 1529 197 48 Espina.

160 1584 772 50 “Nota bibliogr á fica”: p. xvi.
95 1640 1989 51 © Oct. 5, 1931; 2c. Oct. 24; aff. Oct. 23; A 44411; D. C . Heath & co.
163 1696 69 55 [©
255 1702 334 48 introductory
614 1703 190 47 matter,
829 1703 136 39 notes
990 1702 95 39 and
1110 1701 310 49 vocabulary]
1493 1700 280 49 (31-31487)

90 1800 120 51 The
245 1797 245 52 Federal
524 1802 271 63 reporter.
874 1796 217 55 Second
1126 1797 186 52 series.
1388 1797 170 54 Cases
1596 1799 213 67 argued
1846 1798 113 52 and

158 1799 1907 129 determined
463 1877 62 52 in
551 1876 95 52 the
675 1874 218 54 Circuit
921 1879 187 49 courts
1136 1875 65 53 of
1226 1876 234 66 appeals
1489 1877 112 51 and
1628 1875 247 53 District
1899 1879 189 51 courts

161 1954 65 52 of
261 1954 94 52 the
393 1952 216 54 United
649 1953 205 65 States,
890 1951 217 54 United
1150 1952 186 54 States
1376 1952 181 55 Court
1592 1953 65 52 of
1694 1956 244 50 customs
1976 1953 112 52 and

161 2037 198 62 patent
398 2031 250 68 appeals,
690 2030 178 54 Court
904 2030 64 52 of
1007 2030 195 53 claims
1240 2030 65 53 of
1340 2030 97 54 the
1472 2029 218 55 United
1731 2030 206 70 States,
1974 2031 114 53 and

162 2109 176 55 Court
365 2109 65 53 of
455 2109 233 67 appeals
715 2109 63 51 of
800 2109 95 51 the
920 2107 243 53 District
1190 2109 64 53 of
1281 2108 319 70 Columbia,
1625 2109 141 52 with
156 2109 1909 131 key-number

303 2186 378 54 annotations,
757 2205 50 32 v.
856 2188 65 50 50
980 2185 126 69 (2d)
1192 2185 533 70 July-September,
1775 2190 150 49 1931.
2004 2186 66 56 St

157 2265 166 68 Paul,
349 2265 157 53 West
534 2263 333 69 publishing
892 2281 98 50 co.,
1018 2266 152 50 1931.

162 2343 1832 51 xxvi, 1159 p. incl. front. (map) 26 ᶜᵐ . (National reporter system)
94 2398 51 52 ©
174 2403 100 40 Oct.
301 2402 68 48 24,
398 2400 112 41 1931;
566 2400 67 42 2c.
660 2402 116 38 Nov.
804 2400 55 39 12;
916 2400 80 40 aff.
1026 2401 117 40 Nov.
1171 2401 54 39 13;
1282 2401 41 39 A
1349 2401 145 41 43997;

1551 2403 134 39 West
1712 2401 110 49 pub.
1852 2411 66 31 co.

95 2511 257 63 Fischer,
384 2510 273 55 Ottokar.

159 2587 332 53 Illustrated
523 2586 204 68 magic,
755 2586 74 68 by
858 2584 249 56 Ottokar
1136 2585 254 67 Fischer,
1420 2585 140 54 with
1590 2605 72 34 an
1694 2587 384 53 introductior

93 2668 70 66 by
202 2665 215 52 Fulton
459 2663 237 55 Oursler
738 2663 111 53 and
892 2681 72 34 an
1007 2663 384 67 unpublished
1435 2663 237 69 chapter
1714 2665 75 68 by
1831 2665 97 53 the
1970 2665 114 53 late

93 2740 1985 72 Harry Kellar … Translated and edited by J. B. Mussey and
93 2817 1893 73 Fulton Oursler. New York, The Macmillan company, 1931
158 2900 1364 47 xiii, 206 p. incl. front. (port.) illus., diagrs. 25 ᶜᵐ .
93 2955 1692 52 © Oct. 27, 1931; 2c. and aff. Oct. 28; A 43571; Macmillan co.
171 3015 277 48 (31-31357)

94 3109 311 63 Fleissner,
435 3110 145 53 Otto
607 3108 314 65 Siegfried,
954 3115 171 49 1892-

158 3187 310 52 Deutsches
521 3185 569 69 literatur-lesebuch,
1142 3186 75 68 by
1270 3186 68 55 O.
1396 3185 56 56 S.
1507 3186 286 54 Fleissner
1848 3188 114 53 and
2014 3188 68 52 E.

92 3263 1992 70 Mentz-Fleissner … Rev. ed. New York, F. S. Crofts & co.,
95 3344 145 50 1931.

159 3421 854 48 ix, 249 p. front. (map) 19½ ᶜᵐ .
159 3478 178 40 “Third
373 3477 230 48 printing,
638 3479 201 46 August,
876 3476 158 42 1931.”

95 3531 51 52 ©
178 3536 127 47 Sept.
335 3537 67 45 11,
433 3535 112 41 1931;
603 3535 68 41 2c.
701 3536 93 39 and
824 3535 81 40 aff.
937 3536 101 40 Oct.
1069 3536 82 46 28;
1182 3537 41 38 A
1251 3537 171 47 43582;
1457 3537 50 40 F.
1542 3537 45 41 S.
1618 3537 169 41 Crofts
1814 3538 37 40 &
1878 3548 83 36 co.,
1991 3539 91 40 inc.

172 3592 278 48 (31-31488)

93 3685 233 54 Florida
365 3691 111 50 and
519 3688 285 55 Southern
843 3693 256 63 reporter
1138 3689 199 69 digest.
1415 3688 245 55 October
1704 3692 151 67 1931,

160 3709 1900 127 cumulative pamphlet … St. Paul, West publishing
1676 3786 99 49 co.,
1805 3771 150 50 1931.

159 3845 620 49 1 p. l. , 5-308 p. 25½ᶜᵐ.
97 3897 51 52 ©
176 3902 100 41 Oct.
302 3903 68 40 14.
398 3901 108 41 1931;
567 3902 66 41 2c.
661 3902 116 40 Nov.
804 3902 81 46 12;
915 3902 81 40 aff.
1024 3903 118 39 Nov.
1169 3903 53 40 13;
1281 3903 41 39 A

1348 3902 170 48 43989;
1550 3904 133 40 West
1711 3904 108 48 pub.
1848 3916 66 29 co.
