2575 4398
1134 4072 59 49 21

300 479 849 54 xv, 277 p. illus. 17½ ᶜᵐ . $2.50
233 540 413 41 “Recommended
675 537 231 49 reading”
926 548 10 31 :
964 549 44 37 p.
1035 536 220 43 269-270.

167 595 52 52 ©
247 599 111 40 Jan.
386 598 39 47 6,
454 596 142 47 1931;
625 596 70 40 2c.
723 597 110 39 Jan.
863 597 53 46 7;
947 594 83 42 aff.
1059 595 111 40 Jan.
1200 595 52 46 8;
1283 594 44 39 A
1353 592 173 48 32647;
1558 591 355 43 McGraw-Hill
1943 592 125 40 book
2096 601 83 39 co.,

233 655 91 41 inc.
391 651 70 53 [©
495 654 213 41 revision
740 654 37 40 &
807 664 108 30 new
946 651 244 50 material]
1266 649 254 51 (31-1445)

164 749 324 64 Edgerton,
521 747 223 54 Harold
775 747 243 65 Asahel,
1051 752 173 49 1904-

228 825 310 55 Academic
568 824 302 71 prognosis
900 826 60 52 in
989 824 98 54 the
1115 823 340 70 university,
1482 823 77 70 by
1590 822 230 56 Harold
1851 823 71 55 A.
158 822 1995 136 Edgerton

357 902 1468 72 … Baltimore, Warwick and York, inc., 1930.
231 986 82 49 vii,
358 987 56 41 83
455 997 44 38 p.
559 985 148 41 19½ᶜᵐ.
778 986 302 49 (Half-title:
1123 985 328 41 Educational
1496 985 294 48 psychology
1836 983 340 49 monographs,

158 1054 77 32 no.
273 1044 83 47 27)

231 1099 265 42 Published
529 1101 104 39 also
664 1111 55 29 as
750 1099 154 41 thesis
946 1099 15 49 (PH.
1140 1099 14 48 D.)
1197 1098 123 42 Ohio
1353 1100 130 39 state
1515 1097 288 49 university.

233 1153 1942 53 “The experimental groups consisted of … freshmen … of the Ohio
159 1215 129 40 state
321 1212 568 49 university.”—Introd.

166 1267 2016 53 © Aug. 20, 1930; 2c. Oct. 2; aff. Jan. 6, 1931; A 32590; Warwick &
233 1328 145 50 York,
405 1329 92 41 inc.
569 1328 252 49 (31-1444)

161 1424 199 65 Elson,
390 1425 209 64 Henry
628 1423 278 66 William,
940 1427 171 53 1857-

228 1501 1888 70 United States, its past and present, by Henry W. Elson …
156 1579 1982 70 New York, Cincinnati [etc.] American book company [ ᶜ1 931]
265 1694 9 17 x,
303 1663 99 48 550,
429 1663 277 40 xi-xxxviii
735 1674 44 37 p.
835 1664 87 40 col.
951 1662 165 49 front.,
1145 1663 145 48 illus.,
1319 1664 88 39 col.
1435 1663 173 48 plates,
1638 1673 138 38 maps
1804 1663 138 49 (part
1968 1662 201 49 double)

157 1720 148 41 20½ ᶜᵐ .
231 1777 243 40 “Further
499 1776 232 48 reading”
757 1778 54 38 at
835 1777 90 39 end
955 1776 51 40 of
1030 1777 119 40 each
1176 1776 217 48 chapter.

165 1831 52 52 ©
259 1836 111 40 Jan.
412 1834 40 50 2,
494 1833 141 48 1931;
679 1833 67 42 2c.
790 1835 96 39 and
928 1832 81 42 aff.
1054 1834 111 41 Jan.
1208 1833 53 48 5;
1305 1834 43 39 A
1387 1832 174 50 31993;
1606 1833 148 41 Amer.
1810 1834 125 41 book
1976 1844 68 31 co.
2109 1829 71 55 [©

236 1893 225 48 changes]
538 1891 253 50 (31-1372)

157 1990 122 53 The
316 1987 247 53 Federal
601 1993 274 65 reporter.
954 1988 222 55 Second
1212 1988 186 54 series.
1477 1988 170 55 Cases
1685 1990 216 68 argued
1937 1990 114 53 and

228 1990 1929 132 determined
539 2070 59 50 in
626 2069 95 51 the
750 2067 222 55 Circuit
999 2073 189 48 courts
1215 2068 65 52 of
1307 2067 236 69 appeals
1574 2070 114 52 and
1716 2068 248 54 District
1991 2073 191 50 courts

232 2147 65 52 of
335 2148 99 52 the
472 2146 219 54 United
734 2146 208 69 States,
981 2146 219 54 United
1244 2146 189 55 States
1473 2152 163 48 court
1676 2148 65 53 of
1780 2152 247 50 customs
2068 2149 113 52 and

229 2231 200 63 patent
469 2226 253 68 appeals,
762 2225 181 54 Court
982 2225 66 53 of
1083 2224 198 55 claims
1320 2226 66 53 of
1422 2227 97 52 the
1558 2226 221 54 United
1821 2226 207 69 States,
2067 2229 113 50 and

232 2304 181 54 Court
457 2304 66 53 of
567 2305 235 66 appeals
847 2304 65 53 of
952 2304 98 53 the
1092 2303 248 54 District
1383 2304 66 52 of
1493 2304 322 70 Columbia,
1861 2306 141 52 with
227 2305 1929 130 key-number

493 2383 366 52 annotations.
981 2425 9 8 v.
1013 2385 67 49 42
1117 2382 129 68 (2d)
1298 2382 701 71 September-November,
2029 2387 149 50 1930.

231 2461 83 55 St.
343 2462 167 68 Paul,
537 2461 158 54 West
727 2460 338 70 publishing
1095 2479 98 52 co.,
1224 2463 150 51 1930.

338 2540 924 52 xxx, 1084 p. incl. front. (map) 26ᶜᵐ.
163 2596 52 52 ©
245 2601 113 41 Dec.
387 2600 70 48 12,
487 2599 115 42 1930;
659 2600 68 41 2c.
758 2601 96 40 and
884 2599 82 42 aff.
997 2600 111 41 Jan.
1138 2600 70 48 10,
1238 2599 114 43 1931;
1413 2600 44 41 A
1484 2600 145 43 33082;
1689 2602 138 42 West
1855 2602 110 47 pub.
1997 2613 68 30 co.

163 2751 205 67 Filter,
398 2752 312 64 Raymond
739 2753 163 64 Otto,
935 2758 172 50 1891-

230 2830 123 53 The
383 2831 226 68 growth
639 2832 65 53 of
733 2830 224 69 ability,
987 2832 77 68 by
1095 2833 307 68 Raymond
1434 2833 68 55 O.
1535 2833 188 54 Filter
1753 2834 113 53 and
1899 2832 181 56 Omar
2111 2833 62 55 C.

158 2907 172 54 Held.
407 2907 335 67 Baltimore,
777 2909 294 55 Warwick
1107 2910 113 52 and
1257 2909 181 69 York,
1476 2910 125 70 inc.,
1640 2915 151 50 1930.

159 2988 1999 108 vii, 174 p. illus. 19½ ᶜᵐ . (Half-title: Educational psychology monographs, no. 28)
230 3102 352 50 Bibliography
601 3114 9 30 :
641 3115 43 38 p.
713 3104 219 42 166-169.

165 3158 2014 56 © Sept. 20, 1930; 2c. Oct. 2; aff. Jan. 6, 1931; A 32588; Warwick &
232 3219 144 49 York,
408 3219 90 41 inc.
573 3219 252 49 (31-1442)

163 3297 293 67 Fletcher,
485 3299 222 65 Joseph
737 3299 218 66 Smith,
988 3306 172 50 1863-

293 3375 1883 76 … The dressing room murder. New York, A. A. Knopf.
161 3456 153 50 1931.

230 3536 658 50 4 p. l ., 246. [2] p. 19½ ᶜᵐ .
233 3593 63 40 At
320 3593 125 40 head
471 3594 53 38 of
549 3593 136 42 title:
714 3594 44 41 J.
787 3594 45 42 S.
860 3595 239 41 Fletcher.

166 3646 2009 58 © Jan. 2, 1931; 2c. and aff. Jan. 9; A 33189; J. S. Fletcher, Dorking,
237 3709 237 48 England.
546 3708 251 51 (31-1717)

165 3788 203 65 Floyd,
395 3790 273 64 Dorothy
697 3791 190 56 Anne.

230 3865 83 54 As
336 3865 96 53 the
455 3865 170 68 spirit
649 3866 213 71 listeth,
887 3868 75 69 by
989 3868 263 71 Dorothy
1280 3870 166 52 Anne
1471 3870 188 69 Floyd
1687 3871 113 53 and
1826 3872 64 53 F.
1919 3871 253 55 Graham

159 3942 1940 77 Burgess. Boston, Mass., Meador publishing company [ ᶜ1 930]
