2505 4370
2308 85 23 40 V

1314 4038 103 53 618

353 391 323 65 Masefield,
710 390 175 57 John.

423 467 276 70 Chaucer,
741 468 76 70 by
861 468 158 55 John
1062 468 312 57 Masefield.
1456 470 136 55 New
1642 470 179 71 York,
1864 470 122 56 The
2032 469 336 55 Macmillan

349 564 297 54 company,
677 549 153 53 1931.

420 626 541 51 3 p. l., 30 p. 19½ ᶜᵐ .
422 696 256 43 Half-title:
735 698 103 41 The
864 697 159 43 Leslie
1052 699 215 49 Stephen
1294 700 185 41 lecture
1508 700 182 48 spoken
1719 702 54 39 at
1799 699 304 51 Cambridge,
2132 702 171 40 March
2328 702 41 48 2,

347 755 129 42 1931.

356 826 52 52 ©
444 831 114 47 Apr.
594 830 69 49 23,
699 828 114 43 1931;
876 829 68 42 2c.
980 830 96 40 and
1110 828 82 44 aff.
1227 830 115 48 Apr.
1378 829 55 40 24;
1499 831 40 38 A
1573 830 144 41 36763;
1783 831 44 41 J.
1865 830 265 49 Masefield,
2169 829 202 49 Oxford,

426 889 238 47 England.
737 887 282 50 (31-10591)

354 982 314 65 Mathews,
698 983 163 53 Basil
891 983 241 63 Joseph,
1167 984 173 54 1879-

423 1060 57 52 A
498 1058 108 55 life
625 1059 64 54 of
707 1060 187 68 Jesus,
910 1059 77 70 by
1005 1059 163 54 Basil
1185 1060 304 67 Mathews,
1508 1059 140 53 with
1668 1065 114 46 two
1800 1059 389 68 unpublished
352 1059 1991 132 illustrations

635 1138 60 52 in
732 1139 221 52 colours
991 1138 76 69 by
1103 1135 259 55 Holman
1397 1137 169 53 Hunt
1605 1138 113 52 and
1757 1137 373 69 thirty-three
349 1138 1997 147 photographs

607 1214 76 71 by
723 1216 96 52 the
858 1215 224 53 author.
1162 1215 140 53 New
1345 1215 182 68 York,
1568 1216 68 52 R.
1680 1216 67 52 R.
1794 1214 209 69 Smith,
2047 1216 128 66 inc.,
2221 1218 149 50 1931.

420 1295 1781 50 xiv p., 1 l., 519 p. incl. map. col. front., plates (1 col.) 21½ ᶜᵐ .
422 1352 235 42 “Sources
685 1353 80 40 for
791 1354 83 40 the
903 1352 86 42 life
1017 1353 55 40 of
1098 1352 175 42 Jesus”:
1332 1364 44 37 p.
1405 1351 219 45 497-500.

356 1421 52 52 ©
438 1425 114 48 Apr.
579 1426 69 47 14,
676 1423 115 42 1931;
848 1425 68 40 2c.
945 1425 96 40 and
1069 1424 83 41 aff.
1180 1425 115 48 Apr.
1324 1425 55 39 15;
1437 1425 41 39 A
1505 1424 145 41 36534;
1709 1425 54 41 B.
1793 1424 254 50 Mathews,
2077 1426 214 40 Loudon.

436 1481 281 50 (31-10667)

351 1578 179 64 Mayo
560 1577 188 66 clinic,
776 1580 330 70 Rochester,
1133 1580 186 53 Minn.

425 1657 290 57 Collected
753 1677 207 51 papers
995 1659 64 53 of
1090 1659 97 53 the
1222 1658 179 72 Mayo
1433 1656 170 57 clinic
1638 1659 112 54 and
1785 1658 98 54 the
1916 1658 176 71 Mayo
354 1658 1996 133 foundation.

569 1737 215 54 Edited
823 1739 76 68 by
937 1737 139 54 Mrs.
1116 1737 184 54 Maud
1336 1737 76 52 H.
1454 1737 505 70 Mellish-Wilson,
1996 1737 258 54 Richard
2292 1737 82 53 M.

352 1814 1998 150 Hewitt … and Mildred A. Felker … v. 22. 1930 … Philadelphia
619 1896 113 52 and
762 1895 260 69 London,
1050 1895 89 54 W.
1172 1896 68 52 B.
1272 1894 291 55 Saunders
1593 1913 299 52 company,
1925 1897 152 51 1931.

424 1975 1396 50 xxii, 1125 p. illus., col. pl., tables, diagrs. 24½ ᶜᵐ .
357 2044 52 52 ©
440 2049 114 46 May
582 2046 70 49 26,
681 2045 115 42 1931;
854 2046 68 41 2c.
952 2048 96 39 and
1077 2046 83 41 aff.
1192 2048 115 46 May
1335 2045 57 40 29;
1450 2046 39 39 A
1519 2045 145 41 38527;
1723 2047 73 39 W.
1827 2047 54 39 B.
1915 2045 248 42 Saunders
2222 2055 38 29 co.

352 2156 212 67 Miller,
596 2156 209 55 Edwin
837 2157 212 65 Cyrus,
1082 2159 174 53 1878-

422 2232 176 55 Plant
648 2232 360 70 physiology,
1060 2233 141 54 with
1254 2231 285 54 reference
1589 2240 58 46 to
1697 2233 96 53 the
1842 2249 171 52 green
2065 2233 184 68 plant,
2298 2232 75 70 by

346 2309 2023 132 Edwin C. Miller … 1st ed. New York and London, McGraw-Hill
511 2389 147 53 book
691 2407 297 51 company,
1020 2388 127 69 inc.,
1183 2392 151 52 1931.

351 2472 2004 97 xxiv, 900 p. illus., diagrs. 24 ᶜᵐ . (Half-title: McGraw-Hill publications
522 2529 50 40 in
612 2529 82 41 the
736 2529 323 48 agricultural
1100 2532 96 39 and
1234 2529 247 41 botanical
1526 2529 235 50 sciences;
1806 2531 53 39 E.
1902 2531 71 41 W.
2017 2530 206 50 Sinnott,
350 2541 2003 93 consulting

571 2585 182 50 editor)
879 2584 132 49 $7.00

422 2641 348 52 Bibliography
802 2646 52 39 at
883 2645 91 40 end
1005 2643 53 41 of
1087 2643 120 40 each
1236 2643 216 48 chapter.

357 2698 52 52 ©
442 2703 113 47 Apr.
588 2701 69 49 18,
690 2701 113 41 1931;
863 2700 68 42 2c.
963 2702 96 39 and
1091 2700 83 42 aff.
1207 2701 114 48 Apr.
1352 2700 56 40 22;
1468 2701 40 39 A
1539 2699 148 42 36690;
1748 2701 354 41 McGraw-Hill
2136 2701 121 41 book
2290 2713 81 38 co.,

424 2760 93 41 inc.
588 2759 281 49 (31-10757)

353 2853 230 67 Milton,
615 2855 177 64 John,
826 2856 330 55 1608-1674.

428 2936 124 53 The
592 2935 186 53 works
821 2935 64 53 of
926 2935 158 54 John
1125 2935 229 52 Milton,
1434 2953 51 34 v.
1529 2939 47 66 1,
1618 2939 80 63 pt.
1743 2939 46 65 1,
1828 2937 60 64 2;
1930 2953 50 35 v.
2019 2938 52 66 2,
2111 2938 82 65 pt.
2237 2937 48 67 1,
2323 2936 49 51 2.

353 3014 140 53 New
523 3013 180 70 York,
736 3013 301 55 Columbia
1065 3013 321 70 university
1416 3032 176 50 press,
1624 3015 151 51 1931.

427 3093 1310 50 4 v. fronts, (v. 1, col.) ports., facsims. 23½ ᶜᵐ .
423 3148 95 42 “Of
554 3149 83 40 the
675 3148 253 42 Columbia
968 3148 274 49 university
1282 3149 187 41 edition
1506 3149 52 40 of
1594 3150 103 39 The
1736 3150 160 39 works
1935 3149 52 39 of
2027 3149 127 40 John
2197 3148 173 41 Milton

350 3206 139 41 there
516 3206 126 40 have
672 3205 120 41 been
820 3205 195 49 printed
1043 3204 80 42 for
1152 3206 103 41 sale
1285 3208 97 38 two
1414 3205 245 41 thousand
1691 3204 160 50 copies
1881 3216 59 29 on
1977 3216 86 37 rag
2094 3216 148 38 paper
2275 3206 94 39 and

350 3273 91 31 one
464 3263 224 40 hundred
714 3263 97 40 and
837 3262 112 49 fifty
977 3262 265 41 numbered
1272 3261 160 50 copies
1460 3273 61 30 on
1549 3263 276 40 handmade
1852 3263 192 48 paper.”
2104 3263 119 41 This
2252 3272 118 39 copy

348 3322 86 39 not
462 3320 280 41 numbered.

422 3377 197 41 “Frank
647 3377 142 40 Allen
820 3376 275 47 Patterson,
1124 3377 198 46 general
1352 3374 203 41 editor.”

358 3435 52 52 ©
439 3440 114 47 Apr.
579 3438 69 47 15,
676 3435 114 42 1931;
847 3435 67 42 2c.
941 3435 119 42 each
1086 3436 114 47 Apr.
1228 3435 56 39 23;
1342 3435 109 40 affs.
1480 3436 113 47 Apr.
1623 3436 54 40 17;
1736 3436 38 38 A
1802 3434 317 42 36738-36741;
427 3435 1925 102 Columbia

545 3495 130 41 univ.
712 3504 150 39 press.
934 3492 281 50 (31-10596)

356 3590 228 65 Murry,
615 3589 156 54 John
803 3588 345 65 Middleton,
1183 3591 172 52 1889-

422 3666 117 55 Son
561 3666 64 53 of
646 3684 221 35 woman;
922 3665 97 55 the
1041 3669 157 65 story
1221 3664 64 53 of
1308 3664 69 53 D.
1402 3664 75 53 H.
1501 3665 320 67 Lawrence,
1842 3664 75 68 by
1940 3663 154 55 John
354 3660 1989 139 Middleton

481 3741 1546 72 Murry. New York, J. Cape & H. Smith [ ᶜ19 31 ]
425 3821 1409 52 xi, 367 p., 1 l. front., plates, ports., facsim. 22 ᶜᵐ .
361 3880 51 53 ©
439 3886 113 47 Apr.
575 3884 69 49 20,
670 3884 113 41 1931;
837 3883 67 42 2c.
929 3884 115 47 Apr.
1068 3883 54 39 21;
1179 3882 83 41 aff.
1286 3882 114 48 Apr.
1425 3880 56 41 22;
1536 3882 40 39 A
1600 3881 145 41 36724;
1800 3882 44 40 J.
1871 3882 61 41 M.
1960 3882 184 46 Murry,
429 3879 1924 112 Abbotsbury,

603 3952 71 31 nr.
711 3941 304 49 Weymouth,
1054 3941 190 46 Dorset,
1284 3940 236 46 England.
1592 3938 282 48 (31-10585)
