2505 4370
1085 3966 105 57 717

143 359 309 64 Schreyer,
484 359 242 63 Lothar,
761 363 170 49 1886-

210 448 108 54 Die
351 447 264 53 bildende
648 446 172 52 kurnst
854 446 100 52 der
991 444 350 68 Deutschen;
1381 443 318 69 geschichte
1734 443 117 53 und
141 443 1978 151 betrachtung

304 544 110 35 von
435 525 218 54 Lothar
674 523 303 69 Schreyer;
1003 522 106 53 mit
1128 525 67 50 49
1220 521 386 70 abbildungen
1629 522 294 53 deutscher
143 521 1978 135 kunstwerke.

405 600 1631 70 Hamburg [etc.] Hanseatische Verlagsanstalt [ ᶜ1 931 ]
211 682 86 41 406
330 694 41 37 p.
434 683 84 40 col.
552 681 164 48 front.,
751 682 172 47 plates.
982 681 145 40 21½ᶜᵐ.

149 752 1999 53 © Jan. 1, 1931; 1c. Feb. 13; A —Foreign 11562; Hanseatische verlags-
216 815 198 45 anstalt,
444 824 42 29 a.
514 824 40 36 g.
627 810 278 50 (31-11825)

144 934 236 55 Science
426 938 49 49 &
521 934 270 70 religion;
842 955 32 34 a
919 933 368 70 symposium.
1360 934 260 69 London,
1665 932 69 56 G.
1780 934 201 69 Howe,
2026 934 123 67 ltd.,

214 1017 149 50 1931.

214 1106 580 49 vii, 175, [1] p. 18 ½ᶜᵐ .
218 1177 191 40 Twelve
446 1177 142 47 talks,
623 1177 60 47 by
718 1175 169 40 Julian
922 1175 209 48 Huxley,
1166 1176 44 40 J.
1244 1175 188 39 Arthur
1466 1175 256 47 Thomson,
1758 1176 44 40 J.
1839 1175 44 40 S.
1919 1176 229 39 Haldane

146 1234 95 39 and
278 1234 179 46 others,
496 1234 259 39 broadcast
794 1233 216 40 between
1052 1232 280 47 September
1371 1232 96 39 and
1506 1233 264 38 December
1809 1232 114 40 1930
1963 1233 60 47 by
2063 1234 83 38 the

145 1290 187 40 British
365 1289 345 48 broadcasting
740 1289 322 48 corporation.

150 1356 1998 52 © 1c. Mar. 13, 1931; A ad int. 15011; pubd. Feb. 2; Charles Scribner’s
217 1428 124 37 sons,
374 1418 117 39 New
522 1418 143 38 York.
738 1415 279 50 (31-12992)

143 1525 184 64 Scott,
359 1525 204 53 James
593 1525 232 67 Brown,
859 1530 172 50 1866-
1242 1526 85 53 ed.

209 1615 121 52 The
353 1613 417 54 International
796 1614 355 54 conferences
1174 1614 64 53 of
1261 1612 307 54 American
1589 1618 189 63 states,
1804 1616 339 64 1889-1928;

142 1713 30 33 a
211 1691 292 55 collection
541 1692 63 53 of
641 1691 95 56 the
773 1692 380 69 conventions,
1192 1690 562 71 recommendations,
1791 1690 355 70 resolutions,

140 1775 236 63 reports,
402 1770 113 53 and
542 1769 244 55 motions
812 1769 247 69 adopted
1083 1770 76 69 by
1185 1771 95 52 the
1305 1769 125 55 first
1456 1769 88 53 six
1570 1769 421 55 International
142 1787 1979 115 conferences
416 1848 65 52 of
508 1848 94 54 the
633 1846 305 54 American
966 1853 189 63 states,
1184 1847 112 54 and
1328 1847 326 55 documents
1684 1845 248 71 relating
1961 1854 59 48 to
2049 1847 95 55 the

141 1924 393 70 organization
555 1925 64 52 of
640 1925 93 52 the
758 1924 372 70 conferences,
1151 1923 208 70 edited,
1381 1923 142 55 with
1547 1944 73 35 an
1644 1923 406 71 introduction,
2071 1924 76 71 by

140 2000 2003 71 James Brown Scott … New York [etc.] Oxford university
139 2098 173 51 press,
348 2083 150 49 1931.

210 2159 116 49 xliv,
367 2159 84 40 551
489 2171 43 37 p.
572 2159 108 41 incl.
719 2160 142 40 form.
921 2159 117 42 25ᶜᵐ.
1108 2158 301 51 (Half-title:
1448 2159 334 42 Publications
1823 2161 53 40 of
1914 2163 80 39 the
140 2161 1990 103 Carnegie

303 2218 304 39 endowment
632 2217 79 39 for
736 2215 351 41 international
1114 2227 159 37 peace.
1331 2215 223 42 Division
1581 2217 51 40 of
1657 2217 351 40 international
2036 2219 110 47 law,

141 2272 348 49 Washington)

211 2343 378 49 Bibliography:
620 2354 43 37 p.
693 2342 219 42 xli-xliv.

149 2415 51 52 ©
228 2420 111 47 Apr.
366 2419 70 46 30,
463 2417 140 47 1931;
632 2418 67 40 2c.
726 2419 96 38 and
848 2417 82 40 aff.
958 2418 113 46 May
1098 2418 81 45 11;
1208 2417 42 39 A
1275 2415 171 48 38091;
1477 2416 235 48 Carnegie
1741 2418 303 39 endowment
2070 2416 79 38 for

216 2476 217 40 internatl.
500 2486 157 37 peace,
692 2474 334 47 Washington.
1098 2472 281 50 (31-11993)

142 2583 428 65 Shakespeare,
600 2582 273 65 William,
907 2587 325 51 1564-1616.

142 2673 1979 132 … Die tragische geschichte von Hamlet prinzen von D æ nemark
334 2752 61 54 in
424 2750 296 54 deutscher
750 2751 254 67 spräche,
1034 2769 109 35 neu
1170 2749 286 54 übersetzt
1483 2751 118 53 und
1632 2750 373 70 eingerichtet
2033 2769 111 35 von

143 2829 251 56 Gerhart
419 2830 409 67 Hauptmann;
857 2828 270 70 begleitet
1151 2847 113 34 von
1292 2831 285 66 auszügen
1601 2826 92 56 die
1721 2829 109 53 den
143 2828 1977 131 geschichten

274 2925 109 34 von
424 2907 149 55 Saxo
611 2906 422 55 Grammaticus
1068 2907 119 52 und
1225 2906 276 53 Francois
1539 2907 68 54 de
1646 2907 345 53 Belieforest
2026 2909 118 52 und

143 2985 100 52 der
273 2984 275 69 Hystorie
583 2983 63 53 of
677 2984 275 53 Hamblet
984 2989 360 47 entnommen
1377 2984 157 67 sind;
1570 2984 106 51 mit
1708 2984 285 69 figurinen
2024 2984 120 53 und

143 3061 416 53 holzschnitten
588 3061 326 68 gezeichnet
942 3062 119 51 und
1091 3060 357 70 geschnitten
1480 3079 110 34 von
1620 3061 254 53 Edward
1907 3062 235 55 Gordon

146 3136 2000 72 Craig … Weimar, Gedruckt auf der Cranach presse unter
144 3212 218 72 leitung
389 3232 110 37 von
526 3216 200 67 Harry
752 3214 136 70 graf
912 3215 248 65 Kessler,
1189 3217 150 52 1928.

213 3295 631 50 202, [2] p. illus. 36 ᶜᵐ .
216 3364 118 41 “Die
379 3364 190 49 auflage
616 3366 227 47 betrsegt:
892 3365 546 49 zweihundertdreiszig
1483 3369 275 45 exemplare
1803 3366 90 40 auf
1939 3366 205 41 Maillol-

144 3421 361 40 Kesslerschem
550 3421 464 48 handgeschöpftem
1060 3422 184 48 bütten,
1292 3423 269 40 numeriert
1605 3433 90 30 von
1743 3421 170 44 1-230;
144 3423 1982 94 siebenzehn

288 3478 425 47 luxusexemplare
738 3478 89 39 auf
851 3478 342 41 kaiserlichem
1217 3478 166 49 japan,
1409 3479 267 41 numeriert
1700 3491 93 28 von
1838 3502 30 5 I-XVII;
2029 3481 114 40 acht

142 3534 277 47 exemplare
452 3534 89 40 auf
572 3534 293 48 englischem
898 3538 282 45 pergament
1211 3536 270 40 numeriert
1514 3547 93 29 von
1640 3547 31 30 a
1704 3535 73 41 bis
1813 3547 53 29 h.
1927 3537 116 39 Dies
2077 3537 66 40 ist

143 3591 247 47 exemplar
418 3601 71 31 nr.
517 3590 129 41 106.”

215 3646 118 41 “Die
369 3647 391 48 Verdeutschung
795 3650 82 38 des
919 3648 127 41 Saxo
1084 3648 360 41 Grammaticus
1479 3649 64 40 ist
1583 3649 374 48 ‘Shakespeares
143 3650 1980 100 Hamlet-quellen’

465 3714 92 29 von
587 3705 115 38 Max
733 3705 182 40 Moltke
944 3706 97 39 und
1073 3705 182 40 Robert
1286 3704 202 41 Gericke
1528 3704 221 49 (Leipzig
1777 3706 140 47 1881)
143 3708 1980 91 enthaltenen

356 3760 290 47 übersetzung
679 3761 377 47 nachgedruckt.
1116 3761 91 40 Die
1245 3761 213 48 auszüge
1494 3772 87 30 aus
1621 3762 233 48 Frangois
1893 3764 57 39 de
144 3764 1978 92 Belleferest

335 3818 99 38 und
474 3817 85 40 der
597 3816 232 49 Hystorie
869 3818 51 39 of
956 3818 231 40 Hamblet
1226 3817 109 41 sind
1375 3828 107 29 zum
1522 3820 162 39 ersten
1722 3820 125 39 male
1884 3820 84 39 für
2007 3820 131 40 diese

142 3873 210 47 ausgabe
379 3873 246 40 übersetzt
651 3885 93 28 von
771 3874 165 48 Harry
963 3874 112 48 graf
1102 3873 243 42 Kessler.”
