2505 4370
1304 4077 102 55 874

315 412 291 66 Millikan,
634 412 226 54 Robert
888 411 313 66 Andrews,
1232 416 175 51 1868-

383 489 236 54 Radio’s
648 497 130 61 past
808 489 112 54 and
951 489 196 53 future
1199 489 95 69 [by]
1330 489 216 53 Robert
1574 488 70 54 A.
1678 486 289 56 Millikan.
2040 486 291 70 [Chicago]

313 566 1277 75 The University of Chicago press [ ᶜ1 931]
386 650 568 49 cover-title, 15 p. 18 ᶜᵐ.
324 720 52 53 ©
401 726 115 47 May
539 723 70 50 28,
633 724 113 40 1931;
800 722 67 42 2c.
893 724 128 39 June
1044 722 26 41 9;
1123 723 84 41 aff.
1231 723 128 40 June
1383 723 27 40 8;
1463 723 41 39 A
1526 722 146 41 38637;
1728 721 286 48 University
2038 722 53 40 of
2117 720 225 49 Chicago,

393 782 225 47 Chicago.
691 779 283 50 (31-14949)

320 875 200 65 Millis,
554 875 248 55 Walter.

391 954 124 53 The
562 953 234 53 martial
844 952 200 69 spirit;
1097 970 32 35 a
1176 952 175 69 study
1398 952 64 51 of
1509 970 105 35 our
1660 970 120 34 war
1825 952 142 53 with
2017 952 202 67 Spain,
2265 951 73 70 by

319 1029 2023 69 Walter Millis … Boston and New York, Houghton Mifflin
319 1127 301 52 company,
650 1113 152 50 1931.

391 1190 1189 51 xii p., 1 l. , 427 p. front., plates, ports. 23 ᶜᵐ.
392 1250 141 47 Maps
566 1261 61 28 on
657 1248 368 50 lining-papers.

394 1305 448 50 “Bibliographical
875 1304 481 51 acknowledgment”
1375 1316 11 31 :
1419 1317 44 38 p.
1498 1304 252 52 [411]-417.

328 1369 51 56 ©
405 1378 128 39 June
556 1377 39 48 5,
620 1375 114 43 1931;
788 1376 68 41 2c.
882 1378 127 39 June
1032 1378 58 40 18;
1142 1377 82 42 aff.
1249 1378 129 41 June
1401 1378 55 40 17;
1510 1378 41 40 A
1572 1376 146 43 38932;
1771 1377 73 42 W.
1869 1376 167 49 Millis,
2060 1377 119 40 New
2202 1376 146 41 York.

407 1434 284 49 (31-27021)

322 1527 217 64 Morss,
569 1527 169 56 Noel.

456 1603 1887 72 … Notes on the archaeology of the Kaibito and Rainbow
321 1681 261 70 plateaus
611 1682 62 54 in
701 1682 256 55 Arizona;
1019 1692 194 61 report
1245 1703 74 35 on
1347 1684 97 56 the
1471 1684 407 70 explorations,
1911 1683 155 73 1927,
2094 1684 76 72 by
2203 1683 144 57 Noel

321 1760 216 68 Morss;
572 1779 165 37 seven
768 1762 200 69 plates.
1037 1762 366 71 Cambridge,
1432 1764 194 70 Mass.,
1655 1765 122 53 The
1809 1764 282 70 Museum,
2123 1766 150 50 1931.

394 1841 1955 54 vii, 18 p. 7 pl. (incl. front. (map)) on 4 l. 24½ᶜᵐ. (Papers of the
324 1899 229 48 Peabody
578 1911 222 29 museum
828 1900 53 41 of
909 1901 260 41 American
1198 1903 324 48 archaeology
1552 1904 98 39 and
1678 1903 276 49 ethnology,
1984 1904 233 40 Harvard
323 1902 2009 103 university.

584 1958 93 40 vol.
788 1989 9 17 XII,
829 1969 76 29 no.
937 1957 53 49 2)

395 2014 382 49 Bibliography:
814 2026 44 38 p.
892 2014 161 46 17-18.

334 2085 52 53 ©
411 2090 117 48 Apr.
553 2090 70 48 26,
649 2088 113 42 1931;
819 2088 68 42 2c.
914 2091 115 46 May
1054 2091 54 38 11;
1166 2090 81 40 aff.
1277 2091 114 47 May
1418 2091 55 39 25;
1530 2091 41 38 A
1596 2090 146 41 37242;
1798 2091 228 47 Peabody
2053 2099 222 31 museum
2302 2091 52 39 of

402 2147 261 41 American
690 2147 322 48 archaeology
1040 2149 96 38 and
1163 2148 275 47 ethnology.
1468 2148 234 40 Harvard
1730 2147 289 50 university,
2049 2146 304 50 Cambridge,

405 2206 147 40 Mass.
626 2204 282 50 (31-11992)

327 2298 224 66 Myers,
582 2299 276 65 Edward,
889 2301 171 55 1875-

397 2376 122 53 The
549 2375 265 70 mystical
843 2376 152 71 body
1025 2378 65 52 of
1121 2376 215 73 Christ,
1365 2378 74 71 by
1470 2378 96 56 the
1595 2377 186 70 Right
1809 2378 299 54 Reverend
327 2376 1999 145 Monsignor

504 2454 1847 72 Canon Myers … introduction by Patrick J. Healey, D. D.
328 2532 137 54 New
500 2532 181 71 York,
710 2532 122 54 The
863 2532 337 54 Macmillan
1233 2552 300 52 company,
1565 2537 152 50 1931.

401 2613 1834 52 ix, 86 p. 17 ᶜᵐ. (Half-title: The treasury of the faith series: 19)
339 2683 51 53 ©
419 2689 115 47 May
558 2687 70 50 26,
655 2689 113 39 1931;
826 2689 67 41 2c.
920 2690 96 38 and
1043 2688 83 42 aff.
1153 2690 116 47 May
1295 2690 56 40 27;
1407 2691 41 37 A
1473 2688 146 42 38493;
1677 2689 287 41 Macmillan
1989 2700 68 30 co.
419 2745 283 49 (31-14836)

334 2840 284 55 National
650 2840 226 55 bureau
910 2841 64 54 of
1006 2841 276 65 casualty
1313 2841 118 55 and
1463 2844 212 63 surety
1709 2839 449 57 underwriters.

402 2918 55 51 A
485 2917 346 69 guide-book
860 2918 93 53 for
983 2918 189 72 safety
1202 2919 320 69 education,
1548 2920 143 54 with
1720 2940 32 34 a
1784 2918 286 55 foreword
2098 2919 75 70 by
2204 2918 148 54 Wm.

331 2995 2022 74 John Cooper … New York, National bureau of casualty and
332 3081 196 64 surety
556 3074 427 71 underwriters,
1013 3078 151 50 1931.

405 3154 1943 50 vii, 89 p. diagr. 23 ᶜᵐ. (Its Publications. Educational series, vol. v)
405 3213 104 39 The
538 3223 171 30 course
735 3212 53 40 of
816 3213 147 48 study
990 3213 81 40 for
1098 3212 248 50 “primary
1373 3215 96 39 and
1496 3214 346 40 intermediate
1869 3213 204 49 grades”
2113 3214 66 48 (p.
2208 3213 140 49 1-40)

337 3269 40 40 is
404 3270 63 47 by
495 3270 171 40 Emma
697 3270 55 43 A.
784 3270 159 41 Schad
972 3272 96 38 and
1098 3270 43 41 is
1170 3271 150 40 based
1349 3282 61 29 on
1440 3270 204 47 “Safety
1673 3271 260 40 education
1962 3271 51 40 in
2043 3272 84 39 the
337 3272 2003 102 elementary
491 3327 193 40 school”

725 3328 62 46 by
826 3327 135 40 Ruth
1003 3327 180 40 Streitz;
1253 3328 83 39 the
1376 3337 171 30 course
1585 3328 80 39 for
1706 3328 110 39 “the
1855 3328 270 47 secondary
2164 3327 192 40 school”

346 3384 67 48 (p.
441 3383 172 48 41-71)
650 3384 44 40 is
719 3385 62 46 by
808 3384 62 40 H.
898 3384 44 41 J.
973 3384 149 40 Stack
1149 3385 96 39 and
1273 3384 42 40 is
1345 3384 149 40 taken
1522 3384 128 39 from
1679 3384 76 40 his
1786 3384 203 48 “Safety
2019 3384 261 41 education
2308 3384 47 39 in

338 3443 83 39 the
458 3442 269 46 secondary
766 3440 207 41 school.”
1042 3441 134 40 Each
1213 3451 171 30 course
1420 3440 44 41 is
1501 3442 103 39 also
1641 3441 258 48 published
1935 3442 294 47 separately,
2323 3441 34 48 cf.

339 3500 186 39 Introd.
553 3498 170 48 signed
742 3509 8 28 :
780 3498 171 40 Albert
979 3498 71 41 W.
1081 3497 247 47 Whitney.

411 3555 251 42 “Selected
693 3552 370 50 bibliography”
1082 3564 10 29 :
1124 3564 43 38 p.
1199 3552 160 42 82-85.

347 3612 52 52 ©
433 3618 113 45 May
576 3616 38 47 1,
645 3615 114 40 1931;
819 3615 68 39 2c.
919 3616 113 46 May
1063 3614 54 39 11;
1178 3612 83 42 aff.
1292 3614 114 47 May
1437 3612 55 40 12;
1553 3613 43 38 A
1623 3612 145 41 38357;
1829 3611 233 41 National
2094 3612 185 39 bureau
2312 3610 50 40 of

415 3674 225 46 casualty
667 3674 95 39 and
788 3674 167 44 surety
982 3670 366 41 underwriters.
1413 3668 283 50 (31-13956)

345 3766 147 52 New
520 3767 162 52 York
751 3769 192 68 (State)
1028 3767 167 53 Laws
1202 3811 11 25 ,
1240 3771 259 64 statutes,
1526 3771 101 48 etc.

479 3841 1882 71 … Gilbert-Bliss civil practice of New York, annotated.
347 3919 2016 73 Bk. 1-18. Supplement, 1927-1931 … [Albany, N. Y., Boyd
347 4002 265 69 printing
641 4021 302 51 company,
973 4005 153 64 1931]
