2428 4370
1201 4042 134 54 1974

274 393 324 65 Timmons,
629 393 319 66 Benjamin
978 394 226 66 Finley.

346 472 311 53 Personnel
693 471 279 69 practices
1008 491 211 51 among
1255 472 152 56 Ohio
1444 472 329 70 industries,
1807 473 77 70 by
1921 476 67 51 B.
2028 475 64 52 F.

277 474 1987 144 Timmons,
478 568 98 36 PH.
605 569 48 34 D.
719 549 329 70 Columbus,
1076 550 121 55 The
1226 550 152 57 Ohio
1408 557 144 50 state
1578 551 322 71 university
1931 569 175 52 press,
2137 554 151 52 1931.

273 632 1996 107 xii, 136 p. diagrs. 25½ ᶜᵐ. (On cover; [Ohio state university, Columbus]
437 689 197 40 Bureau
663 690 54 40 of
742 689 224 41 business
996 690 226 41 research
1251 692 339 47 monographs,
1648 701 77 30 no.
1755 690 81 49 18)

346 745 123 41 Ohio
499 749 129 38 state
658 746 272 47 university
959 747 201 42 studies.

345 802 1944 52 “A part of … [the author’s] doctor’s thesis at Ohio state university
272 860 1999 104 … edited … by Professor Willis Wissler and … presented in this report.”—Pref.
279 986 52 52 ©
361 990 127 49 Sept.
516 990 39 46 1,
582 990 112 41 1931;
751 991 65 40 2c.
844 992 94 39 and
966 990 82 43 aff.
1077 991 102 41 Oct.
1206 990 83 48 29;
1317 992 41 38 A
1382 991 151 40 44526;
1587 991 123 41 Ohio
1737 994 130 39 state
1894 992 286 48 university.

357 1048 282 48 (31-34134)

270 1142 338 66 Tourneux,
635 1143 149 54 Jean
812 1143 166 56 Paul.

344 1221 1885 75 Conférences de clinique chirurgicale pratique (1. sér.) …
269 1300 187 71 Paris,
542 1301 122 69 Vigot
695 1302 197 69 frères,
925 1305 151 50 1931.

346 1383 839 50 2 p. l., 437, [2] p. illus. 25 ᶜᵐ .
276 1450 1729 52 © Feb. 10, 1931; 1c. Oct. 12; A— Foreign 14012; Vigot frères.
357 1512 282 48 (31-34382)

268 1606 208 66 Tyree,
507 1606 205 67 Amos,
746 1613 172 50 1869-

338 1684 1911 71 The hula-hula, by Amos Tyree … Washington, D. C.,
267 1763 1094 72 National capital press, inc. [ᶜ19 31]
336 1845 497 49 165 p. plates. 21½ ᶜᵐ.
274 1913 51 53 ©
354 1919 111 40 Dec.
492 1919 39 41 5.
559 1919 107 40 1931;
727 1920 66 40 2c.
820 1920 97 39 and
944 1931 80 28 aff.
1053 1919 112 42 Dec.
1192 1918 52 47 5;
1274 1919 40 39 A
1339 1919 173 46 45332;
1542 1919 53 39 A.
1624 1919 168 48 Tyree,
1823 1918 216 49 Sebring.
2069 1919 101 40 Fia.

353 1975 282 51 (31-34141)

268 2071 387 66 Wagemann,
682 2075 139 53 Mrs.
852 2071 174 56 Clara
1056 2072 144 54 Eola
1237 2072 370 66 (Summers)
1646 2077 170 51 1884-

342 2149 256 55 Covered
627 2149 232 71 bridges
892 2149 65 54 of
988 2151 141 52 New
1162 2151 293 68 England,
1488 2151 75 69 by
1599 2149 172 56 Clara
1806 2151 69 52 E.
1909 2150 375 69 Wagemann.

269 2228 278 67 Rutland,
575 2229 117 67 Vt.,
723 2228 119 54 The
873 2229 196 53 Tuttle
1100 2247 301 51 company,
1433 2231 152 50 1931.

337 2310 1599 52 3 p. l., 9-158 p., 1 l. illus. (incl. port., map, facsim.) 26 ᶜᵐ.
341 2368 147 42 “This
514 2368 181 50 special
721 2369 189 41 limited
936 2369 186 41 edition
1147 2369 209 41 consists
1384 2370 53 40 of
1461 2370 92 40 five
1581 2370 221 40 hundred
1831 2369 265 40 numbered
2123 2368 160 49 copies

317 2425 1296 51 … This is number 93.” Signed by the author.
340 2483 352 50 Bibliography;
755 2496 40 37 p.
831 2485 70 41 15.

271 2550 51 53 ©
352 2555 129 48 Sept.
506 2557 40 45 1,
572 2555 113 40 1931;
740 2555 65 41 2c.
834 2557 96 39 and
956 2555 83 42 aff.
1066 2555 103 41 Oct.
1196 2555 54 48 9;
1278 2556 41 39 A
1342 2556 147 40 45125;
1546 2555 49 41 C.
1624 2557 51 39 E.
1705 2556 314 47 Wagemann,
2049 2555 232 46 Rutland,

339 2613 75 40 Vt.
487 2613 281 48 (31-34122)

263 2706 319 66 Wangner,
610 2710 140 53 Mrs.
783 2707 166 54 Ellen
976 2709 52 54 J.
1068 2707 259 65 (Duffin)
1365 2708 172 54 1872-

265 2784 1992 149 … The American home book of outdoors, by Ellen D. Wangner;
447 2865 329 54 illustrated
826 2866 141 52 with
1020 2865 427 69 photographs;
1503 2866 190 52 edited
1746 2865 76 69 by
1873 2865 286 69 Reginald
2214 2865 66 52 T.

264 2943 1993 148 Townsend … Garden City, N. Y., Doubleday, Doran & company, inc., 1931.
335 3103 1935 52 vii p., 1 l., 156 p. front., plates. 19 ᶜᵐ. (The American home library)
337 3162 164 42 “First
539 3162 228 42 edition.”

269 3229 51 53 ©
357 3234 103 41 Oct.
495 3235 70 42 22.
601 3234 113 41 1931;
779 3235 66 40 2c.
882 3236 96 39 and
1014 3234 81 41 aff.
1132 3235 118 39 Nov.
1287 3235 26 39 6;
1377 3234 41 39 A
1451 3234 146 39 44644;
1664 3234 53 41 E.
1754 3233 55 40 D.
1852 3233 253 47 Wangner.
2144 3232 135 41 West

337 3292 314 50 Hempstead,
681 3292 56 40 N.
769 3293 50 38 Y.
893 3291 283 50 (31-34120)

260 3383 198 67 Ward,
492 3385 411 67 Christopher,
939 3392 172 50 1868-

332 3464 123 55 The
491 3466 195 52 Dutch
725 3469 43 49 &
810 3466 226 55 Swedes
1074 3487 70 33 on
1183 3468 95 52 the
1317 3467 317 58 Delaware,
1676 3468 256 56 1609-64,
1969 3466 74 67 by
261 3462 1992 147 Christopher

486 3542 198 54 Ward.
746 3544 429 69 Philadelphia,
1201 3544 337 55 University
1564 3544 64 52 of
1654 3541 422 55 Pennsylvania
2105 3559 174 52 press,

265 3624 147 49 1930.

339 3701 913 51 xi, 393 p. col. front. (port.) 21½ᶜᵐ.
339 3758 139 48 Maps
510 3769 57 29 on
601 3759 364 50 lining-papers.

338 3814 129 40 “The
499 3816 236 49 principal
772 3818 294 41 authorities
1100 3820 250 39 consulted
1387 3818 49 39 in
1471 3818 83 40 the
1587 3816 315 50 preparation
1935 3815 54 41 of
2021 3813 98 42 this
2154 3813 124 41 book

320 3868 23 13 …”:
404 3882 43 37 p.
477 3872 218 42 379-380.

268 3921 51 53 ©
343 3926 118 42 Nov.
485 3927 69 44 21.
579 3929 116 42 1930;
745 3931 66 40 2c.
838 3932 111 41 Dec.
1018 3942 8 36 8;
1054 3932 80 40 aff.
1160 3933 118 40 Nov.
1303 3931 56 41 29;
1414 3932 39 40 A
1477 3930 172 50 32594;
1677 3930 47 42 C.
1751 3931 164 44 Ward,
1943 3926 332 46 Wilmington.

336 3984 103 42 Del.
514 3985 281 45 (30-33270)
