2505 4370
1036 3998 102 56 713

151 487 596 52 4 p. l., 300 p. 19½ ᶜᵐ .
152 561 162 41 “First
355 559 226 42 edition.”

155 619 42 39 A
225 619 194 46 Harper
446 617 162 41 sealed
635 617 216 46 mystery
879 616 134 45 story
1052 614 67 47 (p.
1148 611 206 41 245-300
1382 611 188 48 sealed)

86 685 51 52 ©
173 690 114 45 May
320 688 39 47 6,
393 686 114 40 1931;
570 687 67 39 2c.
673 687 113 45 May
820 685 25 39 5;
911 683 80 40 aff.
1029 685 112 45 May
1175 683 51 41 8:
1265 683 41 38 A
1340 680 171 48 38002;
1551 680 45 42 S.
1634 680 197 48 Martin,
1868 680 212 39 London.

163 744 278 50 (31-11732)

82 851 262 54 Masonic
379 850 225 53 service
639 849 356 53 association
1031 848 63 53 of
1128 848 103 53 the
1265 846 221 55 United
1522 846 223 55 States.

146 927 217 55 United
402 926 249 54 masonic
686 924 167 54 relief
890 926 60 53 in
985 925 98 54 the
1118 924 284 67 Japanese
1441 920 344 69 earthquake
1822 921 63 53 of
1927 924 153 67 1923,

80 1006 93 52 the
211 1004 235 53 Florida
487 1002 299 54 hurricane
824 1002 65 53 of
927 1005 152 64 1926,
1117 1002 96 54 the
1248 998 350 70 Mississippi
1635 998 150 53 flood
1824 998 63 54 of
1926 996 153 73 1927,

78 1083 95 52 the
196 1083 173 53 Porto
398 1081 139 52 Rico
562 1080 301 53 hurricane
890 1079 62 53 of
981 1082 150 65 1928,
1159 1078 113 53 and
1301 1079 95 53 the
1423 1078 238 53 Florida
1688 1077 303 52 hurricane
2017 1075 63 53 of

80 1163 148 49 1928.
299 1157 398 69 Washington,
732 1158 72 52 D.
843 1156 80 71 C.,
956 1157 122 52 The
1113 1155 257 54 Masonic
1404 1154 211 55 service
1648 1154 335 55 association
2017 1155 63 50 of

80 1238 94 52 the
203 1236 216 56 United
451 1235 205 68 States,
690 1238 151 49 1931.

148 1316 64 49 ix,
247 1316 55 41 53
334 1326 43 38 p.
437 1316 118 41 24ᶜᵐ.

87 1387 51 52 ©
172 1392 112 46 Apr.
317 1391 68 47 17,
419 1389 140 47 1931;
594 1389 67 41 2c.
695 1389 95 40 and
824 1388 82 41 aff.
939 1388 112 47 Apr.
1086 1386 84 48 30;
1203 1387 41 39 A
1277 1387 171 42 37114;
1486 1385 218 42 Masonic
1738 1386 183 41 service
1956 1394 113 31 assn.

155 1448 51 39 of
241 1448 80 39 the
358 1447 179 40 United
576 1446 175 41 States.
822 1443 280 49 (31-11499)

81 1557 255 63 Meeker,
366 1556 253 64 Arthur,
645 1558 73 68 jr.

153 1628 1929 74 Strange capers, by Arthur Meeker, jr. … New York, Co-
81 1709 128 69 vici,
237 1711 226 67 Friede,
493 1713 152 51 1931.

153 1792 554 49 3 p. l., 263 p. 19½ᶜᵐ.
89 1861 51 52 ©
168 1866 114 47 May
308 1864 39 49 9,
377 1864 140 42 1931;
547 1865 67 41 2c.
644 1865 94 39 and
767 1864 81 40 aff.
879 1865 112 47 May
1022 1865 80 45 13;
1131 1864 41 39 A
1200 1864 172 48 38108;
1404 1863 177 49 Covici,
1613 1863 186 48 Friede,
1830 1864 91 40 inc.

166 1922 279 48 (31-11908)

88 2018 220 63 Meyer,
336 2017 181 53 Jacob
547 2018 250 53 Conrad.

160 2095 226 55 Church
435 2098 112 51 and
593 2100 144 49 state
782 2095 61 53 in
888 2096 444 53 Massachusetts
1378 2095 152 53 from
1577 2095 135 55 1740
1755 2101 58 49 to
1860 2098 152 66 1833,
2058 2114 32 34 a

88 2174 235 67 chapter
357 2173 59 53 in
449 2174 97 52 the
577 2174 222 68 history
831 2173 63 52 of
928 2173 97 53 the
1056 2174 399 67 development
1487 2174 64 52 of
1585 2173 325 54 individual
88 2173 1977 146 freedom,

87 2250 1978 148 by Jacob C. Meyer … Cleveland, Western Reserve university press, 1930.
161 2409 218 50 [iii]—viii,
415 2408 87 40 276
536 2419 43 37 p.
639 2408 145 40 21½ᶜᵐ.

159 2480 263 40 Published
459 2481 154 38 under
648 2479 82 41 the
766 2481 203 39 Francis
1006 2480 52 41 G.
1097 2481 172 40 Butler
1305 2481 124 40 fund
1465 2481 79 40 for
1583 2481 82 40 the
1701 2481 300 48 publication
2040 2481 52 40 of

89 2537 224 41 research
343 2537 50 39 in
422 2537 258 40 American
710 2537 202 48 history.

159 2594 375 48 Bibliography:
571 2605 42 37 p.
646 2593 217 42 244-261.

93 2659 51 53 ©
177 2665 115 46 July
325 2663 69 49 30,
430 2664 140 47 1930;
606 2665 66 39 2c.
707 2664 113 48 Apr.
856 2665 38 41 6.
930 2663 139 48 1931;
1107 2665 81 39 aff.
1226 2667 113 46 May
1371 2666 53 43 4;
1462 2666 41 38 A
1536 2665 172 49 37145;
1745 2666 43 41 J.
1826 2666 50 42 G.
1912 2667 179 46 Meyer.

163 2721 274 41 Cleveland.
508 2722 250 47 (31-3524)

89 2815 320 66 Michigan.
484 2819 184 70 Laws,
696 2824 256 66 statutes,
979 2824 99 49 etc.

162 2896 120 53 The
309 2897 281 67 compiled
620 2900 136 50 laws
785 2898 64 52 of
876 2898 97 53 the
999 2902 145 49 state
1173 2896 63 53 of
1264 2898 316 69 Michigan,
1611 2902 152 67 1929,
1793 2898 300 70 compiled,

93 2975 281 67 arranged
416 2976 113 51 and
570 2977 308 51 annotated
917 2976 181 51 under
1138 2975 116 52 Act
1293 2979 99 49 389
1432 2977 65 51 of
1540 2976 134 54 1927
1716 2995 59 34 as
1816 2978 277 52 amended

91 3051 2003 72 by Act 63 of 1929. Wilber M. Brucker … Oscar A. Riopelle
151 3128 1943 73 … John Kaminski … commissioners … v. 1-3. Lansing,
91 3206 283 52 Franklin
401 3207 86 53 De
517 3206 203 54 Kleine
751 3226 296 51 company,
1075 3209 252 68 printers
1356 3212 112 51 and
1494 3211 250 69 binders,
1776 3214 149 49 1930.

158 3287 25 39 3
227 3298 42 28 v.
328 3286 146 42 26½ᶜᵐ.

96 3352 51 52 ©
180 3357 111 40 Dec.
322 3357 68 46 31,
424 3355 140 48 1930;
597 3356 66 41 2c.
695 3358 117 40 each
844 3358 111 41 Dec.
987 3358 83 48 29;
1104 3359 107 40 affs.
1246 3361 110 39 Jan.
1389 3361 69 47 13,
1493 3360 108 41 1931;
1668 3361 42 39 A
1742 3359 348 44 32764-32766:

167 3413 135 40 State
336 3413 51 40 of
424 3413 258 48 Michigan,
719 3414 226 49 Lansing,
984 3416 141 40 Mich.
1198 3417 280 50 (31-27328)

93 3508 231 63 Moffat,
355 3509 246 54 Donald.

164 3587 54 50 A
274 3588 136 51 villa
470 3588 59 51 in
587 3587 289 70 Brittany,
932 3589 73 69 by
1063 3591 230 52 Donald
1350 3590 224 53 Moffat.
1651 3591 232 55 Garden
1941 3592 153 71 City,

94 3664 70 52 N.
192 3665 90 67 Y.,
307 3665 356 68 Doubleday,
689 3665 197 52 Doran
914 3668 45 49 &
986 3685 297 52 company,
1309 3669 127 68 inc.,
1465 3672 150 49 1931.

164 3744 655 49 5 p. l., [3]-240 p. 20½ᶜᵐ.
167 3814 161 41 “First
362 3815 226 40 edition.”

99 3880 51 52 ©
185 3886 112 46 Apr.
333 3887 67 44 17,
435 3885 140 47 1931;
612 3886 67 41 2c.
715 3889 93 38 and
844 3887 81 40 aff.
962 3889 126 40 June
1123 3891 52 41 1:
1213 3891 40 38 A
1287 3890 171 45 37581;
1498 3891 56 41 D.
1593 3891 187 49 Moffat,
1818 3893 275 46 Brookline,

168 3942 145 41 Mass.
383 3942 280 51 (31-27004)
