2428 4370
993 4033 133 50 1513

78 404 241 62 Adams,
349 403 201 53 James
579 400 281 65 Truslow,
892 402 169 54 1878-

139 475 1927 72 The epic of America, by James Truslow Adams … Boston,
69 555 194 68 Little,
292 555 229 67 Brown,
552 553 109 56 and
694 571 293 51 company,
1019 555 147 53 1931.

140 636 884 51 viii p., 2 l., [3]-433 p. illus. 24 ᶜᵐ.
79 707 51 52 ©
160 711 127 47 Sept.
310 709 68 48 30,
406 709 112 40 1931;
573 709 68 40 2c.
667 709 96 38 and
788 707 82 41 aff.
897 707 102 40 Oct.
1026 708 24 38 1;
1107 707 42 39 A
1171 706 144 41 43033;
1373 708 44 40 J.
1444 708 51 39 T.
1523 708 196 48 Adams,
1747 708 212 40 London.

157 766 278 49 (31-25405)

74 858 314 54 American
423 858 274 53 bankers’
732 857 375 55 association.
1181 860 175 51 Trust
1390 876 279 52 company
1702 860 264 54 division.

140 934 370 69 Community
536 940 177 47 trusts
745 934 59 52 in
835 934 94 52 the
961 932 219 55 United
1214 932 188 56 States
1434 934 113 52 and
1581 933 235 55 Canada;
1882 954 31 33 a
70 953 1971 128 survey

213 1012 65 53 of
319 1012 248 69 existing
608 1016 194 63 trusts,
845 1010 140 53 with
1027 1011 357 68 suggestions
1430 1010 95 53 for
1568 1011 340 70 organizing
1952 1012 113 53 and

68 1090 341 68 developing
433 1108 123 34 new
584 1088 386 53 foundations.
1034 1088 140 53 New
1201 1087 180 69 York,
1407 1089 177 52 Trust
1611 1106 279 52 company
67 1090 1973 145 division,

235 1164 1175 68 American bankers association [ ᶜ1 931]
135 1246 491 49 68 p. diagrs. 28 ᶜᵐ.
135 1304 375 48 Bibliography:
539 1313 45 38 p.
614 1303 70 42 36.

75 1372 51 52 ©
153 1376 126 48 Sept.
303 1376 69 46 24,
397 1374 112 41 1931;
563 1375 67 42 2c.
655 1376 96 39 and
774 1374 82 41 aff.
882 1374 129 49 Sept.
1033 1374 59 40 26;
1143 1375 41 38 A
1207 1373 143 42 41891;
1405 1375 257 40 American
1687 1375 210 42 bankers
1922 1386 143 40 assn.,

143 1435 129 38 trust
298 1442 232 38 company
555 1432 225 42 division.
849 1431 278 49 (31-25626)

71 1527 211 64 Baker,
311 1527 256 53 Richard
597 1527 87 55 St.
712 1527 210 54 Barbe.

132 1600 135 54 Men
306 1602 62 51 of
407 1601 95 54 the
540 1608 172 60 trees;
755 1601 59 52 in
852 1602 96 54 the
988 1604 322 68 mahogany
1352 1601 206 55 forests
1600 1601 63 53 of
1703 1602 203 69 Kenya
1950 1604 111 53 and

65 1677 1997 72 Nigeria, by Richard St. Barbe Baker … with an introduction
64 1756 72 68 by
178 1757 211 52 Lowell
432 1756 275 67 Thomas;
752 1756 138 53 with
934 1758 393 67 photographs
1368 1757 75 69 by
1484 1759 96 52 the
1624 1758 219 53 author.
1925 1758 137 54 New

69 1833 176 68 York,
293 1834 64 53 L.
407 1833 354 71 MacVeagh,
809 1834 122 54 The
980 1833 137 53 Dial
1165 1852 185 50 press;
1402 1835 269 64 Toronto,
1721 1835 343 68 Longmans,

63 1911 183 54 Green
274 1913 45 50 &
349 1930 98 50 co.,
478 1914 150 52 1931.

199 1993 1455 49 xv p., 1 l., 19-283 p. front., illus. (music) plates. 24 ᶜᵐ.
74 2060 50 52 ©
159 2065 127 48 Sept.
317 2064 70 47 21,
419 2062 139 48 1931;
592 2063 67 41 2c.
694 2063 127 49 Sept.
853 2063 82 48 23;
970 2063 80 40 aff.
1087 2064 128 48 Sept.
1247 2064 82 47 25;
1364 2064 42 39 A
1436 2064 171 48 42569;
1643 2065 114 41 Dial
1787 2076 153 38 press,
1972 2067 91 39 inc.

150 2121 279 49 (31-25411)

69 2216 306 62 Barron’s;
406 2215 103 54 the
535 2215 264 53 national
826 2215 275 54 financial
1126 2215 243 64 weekly.

132 2293 120 51 The
285 2292 160 69 Dow,
480 2293 173 53 Jones
689 2309 284 51 averages,
1006 2291 141 53 with
1183 2311 71 33 an
1290 2292 367 68 explanation
1692 2293 62 53 of
1788 2293 96 53 the
1918 2293 141 53 Dow

63 2371 225 66 theory;
326 2370 93 53 the
453 2370 270 52 Barron’s
758 2387 278 49 averages.
1108 2370 71 51 3d
1213 2369 84 52 ed.
1371 2369 135 53 New
1546 2370 180 68 York,
1760 2371 299 66 Barron’s;

63 2446 1127 70 the national financial weekly [ ᶜ1 931]
137 2526 1028 51 [128] p. incl. tables, fold. diagrs. 19½ ᶜᵐ.
75 2596 50 52 ©
155 2601 118 47 Aug.
302 2601 39 47 1,
371 2599 113 41 1931;
544 2600 69 41 2c.
643 2601 96 38 and
767 2599 82 41 aff.
882 2599 127 48 Sept.
1040 2599 28 39 2;
1127 2600 42 39 A
1197 2599 148 41 41398;
1402 2601 148 48 Hugh
1582 2603 251 48 Bancroft,
1866 2604 197 40 Boston.

151 2656 277 49 (31-25499)

70 2752 176 64 Bean,
280 2751 276 54 Florence
587 2750 272 64 Ordway.

138 2826 1898 73 Bookbinding for beginners, by Florence O. Bean … [and]
65 2904 1995 73 John C. Brodhead … 4th ed. Worcester, Mass., The Davis
68 3002 166 48 press,
266 2984 126 66 inc.,
424 2986 149 50 1931.

135 3063 83 40 124
248 3074 42 37 p.
349 3063 141 47 illus.,
523 3063 178 47 diagrs.
760 3062 53 41 23½ᶜᵐ.

75 3132 51 52 ©
157 3137 124 47 Sept.
310 3137 69 46 25,
408 3134 113 42 1931;
577 3134 67 42 2c.
673 3136 95 39 and
795 3134 81 40 aff.
908 3134 127 48 Sept.
1063 3134 57 41 28;
1171 3135 47 39 A
1244 3135 144 41 42702;
1447 3138 153 40 Davis
1628 3150 148 37 press,
1806 3140 90 39 inc.

151 3193 278 49 (31-25617)

70 3287 238 64 Berger,
338 3287 223 52 Arnold
593 3285 197 65 Erich,
822 3290 170 51 1862-
1204 3289 82 53 ed.

135 3365 109 52 Die
274 3369 434 61 sturmtruppen
741 3364 98 52 der
872 3359 406 72 reformation;
1316 3366 383 68 ausgewählte
1733 3368 303 70 flugschrif
71 3447 92 47 ten

206 3442 100 53 der
349 3442 161 66 jahre
557 3444 256 65 1520-25,
857 3458 111 34 von
1013 3439 152 69 prof.
1212 3441 53 52 d.
1314 3442 84 54 dr.
1444 3442 225 55 Arnold
1716 3447 65 52 E.
1827 3448 231 69 Berger.

68 3518 252 69 Leipzig,
346 3521 64 51 P.
438 3518 233 53 Reclam
697 3517 137 69 jun.,
864 3520 149 50 1931.

74 3597 1969 99 369, [1] p. 22 ᶜᵐ. (Added t.-p.: Deutsche literatur; Sammlung literarischer
380 3652 1629 55 kunst- und kulturdenkmäler in entwicklungsreihen …
74 3710 895 53 reihe [9]: Reformation … bd. 2)
70 3766 1970 107 CONTENTS. — Der einfluss der flugschriften auf die öffentliche meinung.—Einführung
631 3834 57 29 zu
733 3824 90 39 den
867 3822 645 43 einzelschriften.—Eccius
1558 3827 268 43 dedolatus.
72 3833 1971 88 —Karsfhans

235 3879 1765 58 (1521).·—Johann Eberlin von Günzburg.—Ein schöner dialogus. —
72 3937 239 48 Gesprech
349 3937 223 41 büechlin
612 3946 140 30 neuw
788 3936 625 41 Karsthans.—Balthasar
1456 3938 603 53 Stanberger.—Heinrich
