<alto xmlns="http://www.loc.gov/standards/alto/ns-v3#" xmlns:xlink="http://www.w3.org/1999/xlink" xmlns:xsi="http://www.w3.org/2001/XMLSchema-instance" xsi:schemaLocation="http://www.loc.gov/standards/alto/ns-v3# http://www.loc.gov/alto/v3/alto-3-0.xsd"><Description>
<MeasurementUnit>pixel</MeasurementUnit>
<sourceImageInformation>
<fileName>1931_v28_Part001.pdf</fileName>
</sourceImageInformation>
<OCRProcessing ID="IdOcr">
<ocrProcessingStep>
<processingDateTime>2019-04-22</processingDateTime>
<processingSoftware>
<softwareCreator>ABBYY</softwareCreator>
<softwareName>ABBYY Recognition Server</softwareName>
<softwareVersion>4.0</softwareVersion>
</processingSoftware>
</ocrProcessingStep>
</OCRProcessing>
</Description>
<Styles>
<ParagraphStyle ID="StyleId-FFFFFFFF-FFFF-FFFF-FFFF-FFFFFFFFFFFF-" ALIGN="Left" LEFT="0." RIGHT="0." FIRSTLINE="0."/>
<ParagraphStyle ID="StyleId-204B5AEB-67A1-44E2-A013-34B3A0F3E0EA-" ALIGN="Right" LEFT="0." RIGHT="0." FIRSTLINE="0." LINESPACE="8.300000191"/>
<ParagraphStyle ID="StyleId-03245871-796C-4429-B3C7-F9019C8C5B89-" ALIGN="Left" LEFT="0." RIGHT="0." FIRSTLINE="0." LINESPACE="12.19999981"/>
<ParagraphStyle ID="StyleId-BDCA8811-25FF-44DB-8D6F-2072A4ABC070-" ALIGN="Center" LEFT="0." RIGHT="0." FIRSTLINE="0." LINESPACE="12.19999981"/>
<ParagraphStyle ID="StyleId-2C5B7DF0-AF87-455E-B9A8-6FE387CB59BD-" ALIGN="Left" LEFT="0." RIGHT="0." FIRSTLINE="-13." LINESPACE="8.479999542"/>
<ParagraphStyle ID="StyleId-9FB72FA1-55D5-4161-8333-823D5732F4D0-" ALIGN="Block" LEFT="0." RIGHT="0." FIRSTLINE="-14." LINESPACE="10."/>
<ParagraphStyle ID="StyleId-212AEB8C-A829-4BF1-8E45-5BFE386A469C-" ALIGN="Block" LEFT="0." RIGHT="0." FIRSTLINE="-14." LINESPACE="11.35000038"/>
<ParagraphStyle ID="StyleId-4EC79CC1-EA62-49CE-ABB6-D84DDFCF4C7D-" ALIGN="Block" LEFT="0." RIGHT="0." FIRSTLINE="-10." LINESPACE="12.19999981"/>
<ParagraphStyle ID="StyleId-DAF2E8EE-6444-4951-9284-36A6C020C887-" ALIGN="Left" LEFT="0." RIGHT="0." FIRSTLINE="0." LINESPACE="9.399999619"/>
<ParagraphStyle ID="StyleId-25241749-1672-4977-B19F-38F59800D6D8-" ALIGN="Left" LEFT="0." RIGHT="0." FIRSTLINE="0." LINESPACE="11.10000038"/>
<ParagraphStyle ID="StyleId-8C523E19-EDEF-4F23-B010-536E1A1AAE1A-" ALIGN="Left" LEFT="0." RIGHT="0." FIRSTLINE="-13." LINESPACE="12.19999981"/>
<ParagraphStyle ID="StyleId-A1F9DE9E-2625-4D8B-AD7E-F0A0034C2989-" ALIGN="Block" LEFT="0." RIGHT="0." FIRSTLINE="0." LINESPACE="12.19999981"/>
<ParagraphStyle ID="StyleId-5725BB01-2B1C-440F-BAF2-696C4F4DF162-" ALIGN="Block" LEFT="0." RIGHT="0." FIRSTLINE="13." LINESPACE="12.19999981"/>
<ParagraphStyle ID="StyleId-F10A2092-61AA-44FD-99C2-123B3A8051CF-" ALIGN="Left" LEFT="0." RIGHT="0." FIRSTLINE="0." LINESPACE="5.5"/>
<ParagraphStyle ID="StyleId-B3CDC8CC-D2E1-4A23-B67C-CDD40993D1DD-" ALIGN="Left" LEFT="0." RIGHT="0." FIRSTLINE="0." LINESPACE="10."/>
<ParagraphStyle ID="StyleId-871EBF53-D909-4C8F-B368-AC7D897344DD-" ALIGN="Left" LEFT="0." RIGHT="0." FIRSTLINE="0."/>
<ParagraphStyle ID="StyleId-C4129744-680B-4878-B2C4-44BA3742C8D7-" ALIGN="Block" LEFT="0." RIGHT="0." FIRSTLINE="-14." LINESPACE="11.35000038"/>
<ParagraphStyle ID="StyleId-9CE98075-0B04-43D4-88D8-CE3BAB51B419-" ALIGN="Block" LEFT="0." RIGHT="0." FIRSTLINE="-10." LINESPACE="12.19999981"/>
<ParagraphStyle ID="StyleId-B2CFB7B3-DFFA-4E0E-94D6-C2BCE88DA9A9-" ALIGN="Left" LEFT="0." RIGHT="0." FIRSTLINE="0." LINESPACE="12.5"/>
<ParagraphStyle ID="StyleId-8D3352F3-1084-4DDE-A35D-B97102CCE686-" ALIGN="Left" LEFT="0." RIGHT="0." FIRSTLINE="0." LINESPACE="11.60000038"/>
<ParagraphStyle ID="StyleId-4A8DDA0D-166D-4E22-A597-BA51B892602D-" ALIGN="Block" LEFT="0." RIGHT="0." FIRSTLINE="0." LINESPACE="11.21000004"/>
<ParagraphStyle ID="StyleId-90EA4001-AA3C-45A1-AEDC-D1E1169EE5E5-" ALIGN="Block" LEFT="0." RIGHT="0." FIRSTLINE="13." LINESPACE="12.19999981"/>
</Styles>
<Layout>
<Page ID="Page930" PHYSICAL_IMG_NR="930" HEIGHT="4370" WIDTH="2505">
<TopMargin HEIGHT="366" WIDTH="2505" VPOS="0" HPOS="0">
</TopMargin>
<LeftMargin HEIGHT="3754" WIDTH="366" VPOS="366" HPOS="0">
</LeftMargin>
<RightMargin HEIGHT="3754" WIDTH="73" VPOS="366" HPOS="2432">
</RightMargin>
<BottomMargin HEIGHT="250" WIDTH="2505" VPOS="4120" HPOS="0">
</BottomMargin>
<PrintSpace HEIGHT="3754" WIDTH="2066" VPOS="366" HPOS="366">
<TextBlock ID="Page930_Block1" HEIGHT="70" WIDTH="120" VPOS="4050" HPOS="1352" LANG="en-US" STYLEREFS="StyleId-79DBE4DD-E310-4386-978A-40A5C7DA3404-">
<TextLine HEIGHT="49" WIDTH="100" VPOS="4061" HPOS="1362">
<String CONTENT="930" HEIGHT="49" WIDTH="100" VPOS="4061" HPOS="1362"/>
</TextLine>
</TextBlock>
<TextBlock ID="Page930_Block2" HEIGHT="3692" WIDTH="2066" VPOS="366" HPOS="366" LANG="en-US" CS="1" STYLEREFS="StyleId-FAC58713-EDE6-4622-A2D6-F4C4852596AC-">
<TextLine HEIGHT="52" WIDTH="1755" VPOS="456" HPOS="448" CS="1">
<String CONTENT="x," HEIGHT="38" WIDTH="44" VPOS="470" HPOS="448"/>
<SP HEIGHT="49" WIDTH="28" VPOS="459" HPOS="493"/>
<String CONTENT="160" HEIGHT="42" WIDTH="86" VPOS="458" HPOS="522"/>
<SP HEIGHT="49" WIDTH="26" VPOS="458" HPOS="609"/>
<String CONTENT="p." HEIGHT="38" WIDTH="44" VPOS="469" HPOS="636"/>
<SP HEIGHT="40" WIDTH="58" VPOS="459" HPOS="681"/>
<String CS="1" CONTENT="22&#189;" HEIGHT="41" WIDTH="56" VPOS="457" HPOS="740"/>
<String STYLE="superscript" CS="1" CONTENT="&#7580;&#7504;."/>
<SP HEIGHT="48" WIDTH="70" VPOS="459" HPOS="889"/>
<String CONTENT="(Institute" HEIGHT="50" WIDTH="260" VPOS="457" HPOS="960"/>
<SP HEIGHT="41" WIDTH="28" VPOS="459" HPOS="1221"/>
<String CONTENT="for" HEIGHT="41" WIDTH="82" VPOS="459" HPOS="1250"/>
<SP HEIGHT="38" WIDTH="25" VPOS="468" HPOS="1333"/>
<String CONTENT="government" HEIGHT="46" WIDTH="317" VPOS="460" HPOS="1359"/>
<SP HEIGHT="39" WIDTH="29" VPOS="460" HPOS="1677"/>
<String CONTENT="research." HEIGHT="42" WIDTH="239" VPOS="458" HPOS="1707"/>
<SP HEIGHT="44" WIDTH="61" VPOS="456" HPOS="1947"/>
<String CONTENT="Service" HEIGHT="43" WIDTH="194" VPOS="456" HPOS="2009"/>
</TextLine>
<TextLine HEIGHT="97" WIDTH="2000" VPOS="467" HPOS="377" CS="1">
<String CONTENT="monographs" HEIGHT="97" WIDTH="2000" VPOS="467" HPOS="377"/>
<SP HEIGHT="30" WIDTH="24" VPOS="526" HPOS="560"/>
<String CONTENT="of" HEIGHT="41" WIDTH="55" VPOS="515" HPOS="585"/>
<SP HEIGHT="41" WIDTH="20" VPOS="515" HPOS="641"/>
<String CONTENT="the" HEIGHT="41" WIDTH="83" VPOS="516" HPOS="662"/>
<SP HEIGHT="42" WIDTH="25" VPOS="515" HPOS="746"/>
<String CONTENT="United" HEIGHT="41" WIDTH="182" VPOS="515" HPOS="772"/>
<SP HEIGHT="42" WIDTH="27" VPOS="514" HPOS="955"/>
<String CONTENT="States" HEIGHT="42" WIDTH="164" VPOS="514" HPOS="983"/>
<SP HEIGHT="38" WIDTH="24" VPOS="525" HPOS="1148"/>
<String CONTENT="government," HEIGHT="46" WIDTH="331" VPOS="517" HPOS="1173"/>
<SP HEIGHT="39" WIDTH="23" VPOS="524" HPOS="1505"/>
<String CONTENT="no." HEIGHT="31" WIDTH="76" VPOS="524" HPOS="1529"/>
<SP HEIGHT="41" WIDTH="26" VPOS="514" HPOS="1606"/>
<String CONTENT="64)" HEIGHT="51" WIDTH="81" VPOS="513" HPOS="1633"/>
</TextLine>
<TextLine HEIGHT="50" WIDTH="705" VPOS="572" HPOS="451">
<String CONTENT="Bibliography:" HEIGHT="50" WIDTH="378" VPOS="572" HPOS="451"/>
<SP HEIGHT="38" WIDTH="31" VPOS="583" HPOS="830"/>
<String CONTENT="p." HEIGHT="38" WIDTH="43" VPOS="583" HPOS="862"/>
<SP HEIGHT="38" WIDTH="31" VPOS="574" HPOS="906"/>
<String CONTENT="148-158." HEIGHT="41" WIDTH="218" VPOS="572" HPOS="938"/>
</TextLine>
<TextLine HEIGHT="52" WIDTH="1957" VPOS="628" HPOS="389" CS="1">
<String CONTENT="&#169;" HEIGHT="52" WIDTH="52" VPOS="628" HPOS="389"/>
<SP HEIGHT="52" WIDTH="26" VPOS="628" HPOS="442"/>
<String CONTENT="June" HEIGHT="40" WIDTH="127" VPOS="632" HPOS="469"/>
<SP HEIGHT="40" WIDTH="24" VPOS="632" HPOS="597"/>
<String CONTENT="10," HEIGHT="49" WIDTH="68" VPOS="631" HPOS="622"/>
<SP HEIGHT="48" WIDTH="26" VPOS="632" HPOS="691"/>
<String CS="1" CONTENT="1931;" HEIGHT="41" WIDTH="112" VPOS="630" HPOS="718"/>
<SP HEIGHT="48" WIDTH="27" VPOS="630" HPOS="859"/>
<String CONTENT="2c." HEIGHT="41" WIDTH="66" VPOS="630" HPOS="887"/>
<SP HEIGHT="30" WIDTH="27" VPOS="641" HPOS="954"/>
<String CONTENT="and" HEIGHT="38" WIDTH="96" VPOS="632" HPOS="982"/>
<SP HEIGHT="39" WIDTH="24" VPOS="632" HPOS="1079"/>
<String CONTENT="aff." HEIGHT="42" WIDTH="82" VPOS="630" HPOS="1104"/>
<SP HEIGHT="42" WIDTH="26" VPOS="630" HPOS="1187"/>
<String CONTENT="June" HEIGHT="41" WIDTH="128" VPOS="630" HPOS="1214"/>
<SP HEIGHT="39" WIDTH="24" VPOS="632" HPOS="1343"/>
<String CS="1" CONTENT="11;" HEIGHT="38" WIDTH="54" VPOS="632" HPOS="1368"/>
<SP HEIGHT="47" WIDTH="27" VPOS="631" HPOS="1451"/>
<!-- cceid EAAA9ED0-6E8D-1014-9CF5-AEB3FCA41D69 --><String CONTENT="A" HEIGHT="39" WIDTH="40" VPOS="631" HPOS="1479"/>
<SP HEIGHT="40" WIDTH="24" VPOS="631" HPOS="1520"/>
<String CONTENT="38772;" HEIGHT="48" WIDTH="172" VPOS="630" HPOS="1545"/>
<SP HEIGHT="47" WIDTH="29" VPOS="631" HPOS="1718"/>
<String CONTENT="Brookings" HEIGHT="48" WIDTH="274" VPOS="631" HPOS="1748"/>
<SP HEIGHT="40" WIDTH="24" VPOS="631" HPOS="2023"/>
<String CONTENT="institution." HEIGHT="41" WIDTH="298" VPOS="630" HPOS="2048"/>
</TextLine>
<TextLine HEIGHT="51" WIDTH="281" VPOS="688" HPOS="469">
<String CONTENT="(31-15619)" HEIGHT="51" WIDTH="281" VPOS="688" HPOS="469"/>
</TextLine>
<TextLine HEIGHT="66" WIDTH="1080" VPOS="783" HPOS="384" STYLEREFS="StyleId-D3EE8F2D-0594-4E8F-831F-56ED66C7D8A4-">
<String CONTENT="Bigelow," HEIGHT="66" WIDTH="281" VPOS="783" HPOS="384"/>
<SP HEIGHT="65" WIDTH="27" VPOS="784" HPOS="666"/>
<String CONTENT="Harry" HEIGHT="65" WIDTH="204" VPOS="784" HPOS="694"/>
<SP HEIGHT="65" WIDTH="24" VPOS="784" HPOS="899"/>
<String CONTENT="Augustus," HEIGHT="64" WIDTH="337" VPOS="784" HPOS="924"/>
<SP HEIGHT="56" WIDTH="28" VPOS="791" HPOS="1262"/>
<String CONTENT="1874-" HEIGHT="55" WIDTH="173" VPOS="785" HPOS="1291"/>
</TextLine>
<TextLine HEIGHT="133" WIDTH="1994" VPOS="860" HPOS="383" STYLEREFS="StyleId-AC5BA62C-D7A9-47C5-BDE0-A3010C099EFD-" CS="1">
<String CONTENT="Cases" HEIGHT="55" WIDTH="168" VPOS="861" HPOS="457"/>
<SP HEIGHT="35" WIDTH="35" VPOS="881" HPOS="626"/>
<String CONTENT="on" HEIGHT="35" WIDTH="73" VPOS="880" HPOS="662"/>
<SP HEIGHT="47" WIDTH="33" VPOS="867" HPOS="736"/>
<String CONTENT="the" HEIGHT="52" WIDTH="97" VPOS="863" HPOS="770"/>
<SP HEIGHT="54" WIDTH="31" VPOS="861" HPOS="868"/>
<String CONTENT="law" HEIGHT="53" WIDTH="111" VPOS="861" HPOS="900"/>
<SP HEIGHT="34" WIDTH="33" VPOS="881" HPOS="1012"/>
<String CONTENT="of" HEIGHT="55" WIDTH="67" VPOS="860" HPOS="1046"/>
<SP HEIGHT="70" WIDTH="32" VPOS="860" HPOS="1114"/>
<String CONTENT="personal" HEIGHT="69" WIDTH="267" VPOS="861" HPOS="1147"/>
<SP HEIGHT="68" WIDTH="32" VPOS="861" HPOS="1415"/>
<String CONTENT="property," HEIGHT="66" WIDTH="295" VPOS="865" HPOS="1448"/>
<SP HEIGHT="70" WIDTH="32" VPOS="861" HPOS="1744"/>
<String CONTENT="by" HEIGHT="69" WIDTH="77" VPOS="861" HPOS="1777"/>
<SP HEIGHT="69" WIDTH="29" VPOS="861" HPOS="1855"/>
<String CONTENT="Harry" HEIGHT="70" WIDTH="203" VPOS="861" HPOS="1885"/>
<SP HEIGHT="71" WIDTH="31" VPOS="860" HPOS="2089"/>
<String CONTENT="A." HEIGHT="55" WIDTH="72" VPOS="860" HPOS="2121"/>
<SP HEIGHT="52" WIDTH="36" VPOS="863" HPOS="2194"/>
<String CONTENT="Bigelow" HEIGHT="132" WIDTH="1994" VPOS="861" HPOS="383"/>
<SP HEIGHT="33" WIDTH="34" VPOS="959" HPOS="495"/>
<String CS="1" CONTENT="&#8230;"/>
<SP HEIGHT="35" WIDTH="36" VPOS="958" HPOS="589"/>
<String CONTENT="assisted" HEIGHT="53" WIDTH="239" VPOS="940" HPOS="626"/>
</TextLine>
<TextLine HEIGHT="71" WIDTH="1506" VPOS="939" HPOS="896" STYLEREFS="StyleId-AC5BA62C-D7A9-47C5-BDE0-A3010C099EFD-" CS="1">
<String CONTENT="by" HEIGHT="70" WIDTH="77" VPOS="940" HPOS="896"/>
<SP HEIGHT="70" WIDTH="31" VPOS="940" HPOS="974"/>
<String CONTENT="Francis" HEIGHT="53" WIDTH="240" VPOS="940" HPOS="1006"/>
<SP HEIGHT="55" WIDTH="30" VPOS="940" HPOS="1247"/>
<String CONTENT="W." HEIGHT="55" WIDTH="91" VPOS="940" HPOS="1278"/>
<SP HEIGHT="54" WIDTH="32" VPOS="940" HPOS="1370"/>
<String CONTENT="Jacob" HEIGHT="54" WIDTH="182" VPOS="940" HPOS="1403"/>
<SP HEIGHT="53" WIDTH="34" VPOS="940" HPOS="1586"/>
<String CS="1" CONTENT="&#8230;"/>
<SP HEIGHT="51" WIDTH="72" VPOS="941" HPOS="1679"/>
<String CONTENT="2d" HEIGHT="52" WIDTH="72" VPOS="941" HPOS="1752"/>
<SP HEIGHT="52" WIDTH="33" VPOS="941" HPOS="1825"/>
<String CONTENT="ed." HEIGHT="52" WIDTH="85" VPOS="941" HPOS="1859"/>
<SP HEIGHT="12" WIDTH="36" VPOS="981" HPOS="1945"/>
<String CS="1" CONTENT="&#8230;"/>
<SP HEIGHT="56" WIDTH="77" VPOS="939" HPOS="2039"/>
<String CONTENT="St." HEIGHT="56" WIDTH="84" VPOS="939" HPOS="2117"/>
<SP HEIGHT="53" WIDTH="32" VPOS="941" HPOS="2202"/>
<String CONTENT="Paul," HEIGHT="68" WIDTH="167" VPOS="940" HPOS="2235"/>
</TextLine>
<TextLine HEIGHT="70" WIDTH="1046" VPOS="1017" HPOS="383" STYLEREFS="StyleId-AC5BA62C-D7A9-47C5-BDE0-A3010C099EFD-">
<String CONTENT="West" HEIGHT="55" WIDTH="162" VPOS="1018" HPOS="383"/>
<SP HEIGHT="62" WIDTH="27" VPOS="1024" HPOS="546"/>
<String CONTENT="publishing" HEIGHT="70" WIDTH="337" VPOS="1017" HPOS="574"/>
<SP HEIGHT="51" WIDTH="29" VPOS="1036" HPOS="912"/>
<String CONTENT="company," HEIGHT="51" WIDTH="300" VPOS="1036" HPOS="942"/>
<SP HEIGHT="64" WIDTH="33" VPOS="1022" HPOS="1243"/>
<String CONTENT="1931." HEIGHT="51" WIDTH="152" VPOS="1020" HPOS="1277"/>
</TextLine>
<TextLine HEIGHT="51" WIDTH="1947" VPOS="1100" HPOS="456" CS="1">
<String CONTENT="xiii," HEIGHT="49" WIDTH="105" VPOS="1101" HPOS="456"/>
<SP HEIGHT="48" WIDTH="24" VPOS="1102" HPOS="562"/>
<String CONTENT="465" HEIGHT="40" WIDTH="88" VPOS="1102" HPOS="587"/>
<SP HEIGHT="48" WIDTH="25" VPOS="1102" HPOS="676"/>
<String CONTENT="p." HEIGHT="38" WIDTH="44" VPOS="1112" HPOS="702"/>
<SP HEIGHT="40" WIDTH="57" VPOS="1102" HPOS="747"/>
<String CS="1" CONTENT="26&#189;" HEIGHT="40" WIDTH="58" VPOS="1102" HPOS="805"/>
<String STYLE="superscript" CS="1" CONTENT="&#7580;&#7504;."/>
<SP HEIGHT="48" WIDTH="69" VPOS="1101" HPOS="954"/>
<String CONTENT="(American" HEIGHT="48" WIDTH="286" VPOS="1101" HPOS="1024"/>
<SP HEIGHT="29" WIDTH="25" VPOS="1112" HPOS="1311"/>
<String CONTENT="casebook" HEIGHT="40" WIDTH="238" VPOS="1101" HPOS="1337"/>
<SP HEIGHT="40" WIDTH="26" VPOS="1101" HPOS="1576"/>
<String CONTENT="series;" HEIGHT="49" WIDTH="179" VPOS="1100" HPOS="1603"/>
<SP HEIGHT="47" WIDTH="29" VPOS="1102" HPOS="1783"/>
<String CONTENT="W." HEIGHT="41" WIDTH="72" VPOS="1102" HPOS="1813"/>
<SP HEIGHT="40" WIDTH="27" VPOS="1102" HPOS="1886"/>
<String CONTENT="R." HEIGHT="39" WIDTH="56" VPOS="1102" HPOS="1914"/>
<SP HEIGHT="41" WIDTH="28" VPOS="1102" HPOS="1971"/>
<String CONTENT="Vance," HEIGHT="48" WIDTH="177" VPOS="1102" HPOS="2000"/>
<SP HEIGHT="38" WIDTH="27" VPOS="1113" HPOS="2178"/>
<String CONTENT="general" HEIGHT="47" WIDTH="197" VPOS="1104" HPOS="2206"/>
</TextLine>
<TextLine HEIGHT="49" WIDTH="185" VPOS="1158" HPOS="386">
<String CONTENT="editor)" HEIGHT="49" WIDTH="185" VPOS="1158" HPOS="386"/>
</TextLine>
<TextLine HEIGHT="50" WIDTH="1666" VPOS="1214" HPOS="459" CS="1">
<String CONTENT="First" HEIGHT="42" WIDTH="136" VPOS="1215" HPOS="459"/>
<SP HEIGHT="40" WIDTH="26" VPOS="1217" HPOS="596"/>
<String CONTENT="edition" HEIGHT="40" WIDTH="185" VPOS="1215" HPOS="623"/>
<SP HEIGHT="37" WIDTH="26" VPOS="1226" HPOS="809"/>
<String CONTENT="published" HEIGHT="49" WIDTH="258" VPOS="1214" HPOS="836"/>
<SP HEIGHT="40" WIDTH="26" VPOS="1215" HPOS="1095"/>
<String CONTENT="1917" HEIGHT="41" WIDTH="115" VPOS="1214" HPOS="1122"/>
<SP HEIGHT="39" WIDTH="26" VPOS="1216" HPOS="1238"/>
<String CONTENT="under" HEIGHT="40" WIDTH="155" VPOS="1215" HPOS="1265"/>
<SP HEIGHT="39" WIDTH="27" VPOS="1216" HPOS="1421"/>
<String CS="1" CONTENT="title:" HEIGHT="41" WIDTH="109" VPOS="1214" HPOS="1449"/>
<SP HEIGHT="39" WIDTH="31" VPOS="1215" HPOS="1586"/>
<String CONTENT="Personal" HEIGHT="40" WIDTH="234" VPOS="1215" HPOS="1618"/>
<SP HEIGHT="47" WIDTH="26" VPOS="1216" HPOS="1853"/>
<String CONTENT="property." HEIGHT="48" WIDTH="245" VPOS="1216" HPOS="1880"/>
</TextLine>
<TextLine HEIGHT="53" WIDTH="1850" VPOS="1270" HPOS="394" CS="1">
<String CONTENT="&#169;" HEIGHT="53" WIDTH="53" VPOS="1270" HPOS="394"/>
<SP HEIGHT="53" WIDTH="23" VPOS="1270" HPOS="448"/>
<String CONTENT="May" HEIGHT="46" WIDTH="115" VPOS="1276" HPOS="472"/>
<SP HEIGHT="49" WIDTH="19" VPOS="1273" HPOS="588"/>
<String CONTENT="21," HEIGHT="48" WIDTH="70" VPOS="1273" HPOS="608"/>
<SP HEIGHT="47" WIDTH="23" VPOS="1274" HPOS="679"/>
<String CS="1" CONTENT="1931;" HEIGHT="41" WIDTH="107" VPOS="1272" HPOS="703"/>
<SP HEIGHT="47" WIDTH="24" VPOS="1272" HPOS="845"/>
<String CONTENT="2c." HEIGHT="41" WIDTH="89" VPOS="1272" HPOS="870"/>
<SP HEIGHT="41" WIDTH="23" VPOS="1272" HPOS="960"/>
<String CONTENT="June" HEIGHT="40" WIDTH="127" VPOS="1272" HPOS="984"/>
<SP HEIGHT="39" WIDTH="22" VPOS="1273" HPOS="1112"/>
<String CS="1" CONTENT="11;" HEIGHT="38" WIDTH="53" VPOS="1273" HPOS="1135"/>
<SP HEIGHT="37" WIDTH="26" VPOS="1282" HPOS="1218"/>
<String CONTENT="aff." HEIGHT="41" WIDTH="84" VPOS="1271" HPOS="1245"/>
<SP HEIGHT="40" WIDTH="23" VPOS="1272" HPOS="1330"/>
<String CONTENT="June" HEIGHT="40" WIDTH="127" VPOS="1272" HPOS="1354"/>
<SP HEIGHT="39" WIDTH="23" VPOS="1273" HPOS="1482"/>
<String CS="1" CONTENT="12;" HEIGHT="40" WIDTH="54" VPOS="1271" HPOS="1506"/>
<SP HEIGHT="47" WIDTH="25" VPOS="1272" HPOS="1588"/>
<!-- cceid EAAB24A1-6E8D-1014-9CF5-AEB3FCA41D69 --><String CONTENT="A" HEIGHT="39" WIDTH="42" VPOS="1272" HPOS="1614"/>
<SP HEIGHT="40" WIDTH="19" VPOS="1272" HPOS="1657"/>
<String CS="1" CONTENT="37867;" HEIGHT="41" WIDTH="146" VPOS="1272" HPOS="1677"/>
<SP HEIGHT="46" WIDTH="26" VPOS="1273" HPOS="1851"/>
<String CONTENT="West" HEIGHT="40" WIDTH="136" VPOS="1273" HPOS="1878"/>
<SP HEIGHT="47" WIDTH="22" VPOS="1274" HPOS="2015"/>
<String CONTENT="pub." HEIGHT="48" WIDTH="112" VPOS="1273" HPOS="2038"/>
<SP HEIGHT="30" WIDTH="24" VPOS="1283" HPOS="2151"/>
<String CONTENT="co." HEIGHT="31" WIDTH="68" VPOS="1282" HPOS="2176"/>
</TextLine>
<TextLine HEIGHT="50" WIDTH="283" VPOS="1331" HPOS="473">
<String CONTENT="(31-15707)" HEIGHT="50" WIDTH="283" VPOS="1331" HPOS="473"/>
</TextLine>
<TextLine HEIGHT="66" WIDTH="654" VPOS="1426" HPOS="389" STYLEREFS="StyleId-D3EE8F2D-0594-4E8F-831F-56ED66C7D8A4-">
<String CONTENT="Bode," HEIGHT="65" WIDTH="180" VPOS="1427" HPOS="389"/>
<SP HEIGHT="64" WIDTH="28" VPOS="1428" HPOS="570"/>
<String CONTENT="Rudolf," HEIGHT="66" WIDTH="239" VPOS="1426" HPOS="599"/>
<SP HEIGHT="59" WIDTH="30" VPOS="1433" HPOS="839"/>
<String CONTENT="1881-" HEIGHT="51" WIDTH="173" VPOS="1431" HPOS="870"/>
</TextLine>
<TextLine HEIGHT="71" WIDTH="1944" VPOS="1505" HPOS="462" STYLEREFS="StyleId-AC5BA62C-D7A9-47C5-BDE0-A3010C099EFD-">
<String CONTENT="Expression-gymnastics," HEIGHT="71" WIDTH="749" VPOS="1505" HPOS="462"/>
<SP HEIGHT="69" WIDTH="53" VPOS="1506" HPOS="1212"/>
<String CONTENT="by" HEIGHT="69" WIDTH="77" VPOS="1506" HPOS="1266"/>
<SP HEIGHT="69" WIDTH="55" VPOS="1506" HPOS="1344"/>
<String CONTENT="Dr." HEIGHT="51" WIDTH="101" VPOS="1506" HPOS="1400"/>
<SP HEIGHT="53" WIDTH="58" VPOS="1505" HPOS="1502"/>
<String CONTENT="Rudolf" HEIGHT="54" WIDTH="226" VPOS="1505" HPOS="1561"/>
<SP HEIGHT="53" WIDTH="54" VPOS="1506" HPOS="1788"/>
<String CONTENT="Bode;" HEIGHT="67" WIDTH="187" VPOS="1507" HPOS="1843"/>
<SP HEIGHT="62" WIDTH="56" VPOS="1512" HPOS="2031"/>
<String CONTENT="translated" HEIGHT="54" WIDTH="318" VPOS="1505" HPOS="2088"/>
</TextLine>
<TextLine HEIGHT="72" WIDTH="2015" VPOS="1583" HPOS="393" STYLEREFS="StyleId-AC5BA62C-D7A9-47C5-BDE0-A3010C099EFD-">
<String CONTENT="from" HEIGHT="52" WIDTH="155" VPOS="1586" HPOS="393"/>
<SP HEIGHT="48" WIDTH="26" VPOS="1590" HPOS="549"/>
<String CONTENT="the" HEIGHT="53" WIDTH="97" VPOS="1586" HPOS="576"/>
<SP HEIGHT="55" WIDTH="26" VPOS="1584" HPOS="674"/>
<String CONTENT="German" HEIGHT="55" WIDTH="252" VPOS="1584" HPOS="701"/>
<SP HEIGHT="53" WIDTH="24" VPOS="1585" HPOS="954"/>
<String CONTENT="by" HEIGHT="70" WIDTH="77" VPOS="1585" HPOS="979"/>
<SP HEIGHT="71" WIDTH="26" VPOS="1584" HPOS="1057"/>
<String CONTENT="Sonya" HEIGHT="69" WIDTH="195" VPOS="1584" HPOS="1084"/>
<SP HEIGHT="54" WIDTH="24" VPOS="1584" HPOS="1280"/>
<String CONTENT="Forthal" HEIGHT="53" WIDTH="246" VPOS="1584" HPOS="1305"/>
<SP HEIGHT="52" WIDTH="26" VPOS="1585" HPOS="1552"/>
<String CONTENT="and" HEIGHT="52" WIDTH="113" VPOS="1586" HPOS="1579"/>
<SP HEIGHT="54" WIDTH="27" VPOS="1584" HPOS="1693"/>
<String CONTENT="Elizabeth" HEIGHT="55" WIDTH="304" VPOS="1583" HPOS="1721"/>
<SP HEIGHT="55" WIDTH="26" VPOS="1584" HPOS="2026"/>
<String CONTENT="Waterman." HEIGHT="55" WIDTH="355" VPOS="1584" HPOS="2053"/>
</TextLine>
<TextLine HEIGHT="72" WIDTH="1884" VPOS="1662" HPOS="392" STYLEREFS="StyleId-AC5BA62C-D7A9-47C5-BDE0-A3010C099EFD-">
<String CONTENT="New" HEIGHT="54" WIDTH="141" VPOS="1664" HPOS="392"/>
<SP HEIGHT="54" WIDTH="27" VPOS="1664" HPOS="534"/>
<String CONTENT="York," HEIGHT="70" WIDTH="181" VPOS="1664" HPOS="562"/>
<SP HEIGHT="71" WIDTH="24" VPOS="1663" HPOS="744"/>
<String CONTENT="A." HEIGHT="53" WIDTH="70" VPOS="1663" HPOS="769"/>
<SP HEIGHT="57" WIDTH="31" VPOS="1663" HPOS="840"/>
<String CONTENT="S." HEIGHT="57" WIDTH="56" VPOS="1663" HPOS="872"/>
<SP HEIGHT="54" WIDTH="28" VPOS="1664" HPOS="929"/>
<String CONTENT="Barnes" HEIGHT="54" WIDTH="219" VPOS="1664" HPOS="958"/>
<SP HEIGHT="36" WIDTH="25" VPOS="1682" HPOS="1178"/>
<String CONTENT="and" HEIGHT="53" WIDTH="115" VPOS="1665" HPOS="1204"/>
<SP HEIGHT="53" WIDTH="27" VPOS="1665" HPOS="1320"/>
<String CONTENT="company," HEIGHT="52" WIDTH="299" VPOS="1681" HPOS="1348"/>
<SP HEIGHT="71" WIDTH="24" VPOS="1662" HPOS="1648"/>
<String CONTENT="incorporated," HEIGHT="72" WIDTH="423" VPOS="1662" HPOS="1673"/>
<SP HEIGHT="67" WIDTH="27" VPOS="1667" HPOS="2097"/>
<String CONTENT="1931." HEIGHT="52" WIDTH="151" VPOS="1666" HPOS="2125"/>
</TextLine>
<TextLine HEIGHT="50" WIDTH="710" VPOS="1745" HPOS="465" CS="1">
<String CONTENT="X," HEIGHT="37" WIDTH="45" VPOS="1758" HPOS="465"/>
<SP HEIGHT="47" WIDTH="21" VPOS="1748" HPOS="511"/>
<String CONTENT="161" HEIGHT="40" WIDTH="83" VPOS="1746" HPOS="533"/>
<SP HEIGHT="47" WIDTH="22" VPOS="1747" HPOS="617"/>
<String CONTENT="p." HEIGHT="37" WIDTH="42" VPOS="1757" HPOS="640"/>
<SP HEIGHT="41" WIDTH="58" VPOS="1745" HPOS="683"/>
<String CONTENT="front.," HEIGHT="48" WIDTH="165" VPOS="1745" HPOS="742"/>
<SP HEIGHT="48" WIDTH="21" VPOS="1745" HPOS="908"/>
<String CONTENT="illus." HEIGHT="41" WIDTH="130" VPOS="1745" HPOS="930"/>
<SP HEIGHT="41" WIDTH="58" VPOS="1745" HPOS="1061"/>
<String CS="1" CONTENT="23&#189;&#7580;&#7504;." HEIGHT="41" WIDTH="55" VPOS="1745" HPOS="1120"/>
</TextLine>
<TextLine HEIGHT="53" WIDTH="2010" VPOS="1800" HPOS="398">
<String CONTENT="&#169;" HEIGHT="53" WIDTH="53" VPOS="1800" HPOS="398"/>
<SP HEIGHT="53" WIDTH="27" VPOS="1800" HPOS="452"/>
<String CONTENT="June" HEIGHT="40" WIDTH="128" VPOS="1805" HPOS="480"/>
<SP HEIGHT="40" WIDTH="25" VPOS="1805" HPOS="609"/>
<String CONTENT="8," HEIGHT="47" WIDTH="39" VPOS="1805" HPOS="635"/>
<SP HEIGHT="49" WIDTH="28" VPOS="1803" HPOS="675"/>
<String CONTENT="1931;" HEIGHT="47" WIDTH="142" VPOS="1803" HPOS="704"/>
<SP HEIGHT="48" WIDTH="29" VPOS="1802" HPOS="847"/>
<String CONTENT="2c." HEIGHT="43" WIDTH="68" VPOS="1802" HPOS="877"/>
<SP HEIGHT="41" WIDTH="27" VPOS="1804" HPOS="946"/>
<String CONTENT="June" HEIGHT="39" WIDTH="126" VPOS="1804" HPOS="974"/>
<SP HEIGHT="39" WIDTH="27" VPOS="1804" HPOS="1101"/>
<String CONTENT="4;" HEIGHT="46" WIDTH="54" VPOS="1804" HPOS="1129"/>
<SP HEIGHT="36" WIDTH="31" VPOS="1814" HPOS="1184"/>
<String CONTENT="aff." HEIGHT="42" WIDTH="83" VPOS="1802" HPOS="1216"/>
<SP HEIGHT="41" WIDTH="30" VPOS="1803" HPOS="1300"/>
<String CONTENT="June" HEIGHT="40" WIDTH="126" VPOS="1803" HPOS="1331"/>
<SP HEIGHT="40" WIDTH="28" VPOS="1803" HPOS="1458"/>
<String CONTENT="11;" HEIGHT="47" WIDTH="81" VPOS="1803" HPOS="1487"/>
<SP HEIGHT="48" WIDTH="31" VPOS="1802" HPOS="1569"/>
<!-- cceid EAABBA5C-6E8D-1014-9CF5-AEB3FCA41D69 --><String CONTENT="A" HEIGHT="40" WIDTH="41" VPOS="1802" HPOS="1601"/>
<SP HEIGHT="41" WIDTH="27" VPOS="1802" HPOS="1643"/>
<String CONTENT="38743;" HEIGHT="47" WIDTH="172" VPOS="1803" HPOS="1671"/>
<SP HEIGHT="48" WIDTH="30" VPOS="1802" HPOS="1844"/>
<String CONTENT="A." HEIGHT="41" WIDTH="55" VPOS="1802" HPOS="1875"/>
<SP HEIGHT="42" WIDTH="31" VPOS="1802" HPOS="1931"/>
<String CONTENT="S." HEIGHT="42" WIDTH="46" VPOS="1802" HPOS="1963"/>
<SP HEIGHT="41" WIDTH="28" VPOS="1803" HPOS="2010"/>
<String CONTENT="Barnes" HEIGHT="40" WIDTH="190" VPOS="1803" HPOS="2039"/>
<SP HEIGHT="41" WIDTH="29" VPOS="1803" HPOS="2230"/>
<String CONTENT="&amp;" HEIGHT="41" WIDTH="37" VPOS="1803" HPOS="2260"/>
<SP HEIGHT="41" WIDTH="26" VPOS="1803" HPOS="2298"/>
<String CONTENT="co.," HEIGHT="40" WIDTH="83" VPOS="1813" HPOS="2325"/>
</TextLine>
<TextLine HEIGHT="51" WIDTH="445" VPOS="1860" HPOS="466">
<String CONTENT="inc." HEIGHT="41" WIDTH="92" VPOS="1863" HPOS="466"/>
<SP HEIGHT="48" WIDTH="69" VPOS="1863" HPOS="559"/>
<String CONTENT="(31-15694)" HEIGHT="51" WIDTH="282" VPOS="1860" HPOS="629"/>
</TextLine>
<TextLine HEIGHT="67" WIDTH="993" VPOS="1957" HPOS="392" STYLEREFS="StyleId-D3EE8F2D-0594-4E8F-831F-56ED66C7D8A4-">
<String CONTENT="Brash," HEIGHT="67" WIDTH="215" VPOS="1957" HPOS="392"/>
<SP HEIGHT="65" WIDTH="30" VPOS="1959" HPOS="608"/>
<String CONTENT="Margaret" HEIGHT="64" WIDTH="310" VPOS="1959" HPOS="639"/>
<SP HEIGHT="53" WIDTH="28" VPOS="1959" HPOS="950"/>
<String CONTENT="Maud," HEIGHT="66" WIDTH="199" VPOS="1958" HPOS="979"/>
<SP HEIGHT="59" WIDTH="31" VPOS="1965" HPOS="1179"/>
<String CONTENT="1880-" HEIGHT="51" WIDTH="174" VPOS="1963" HPOS="1211"/>
</TextLine>
<TextLine HEIGHT="72" WIDTH="1808" VPOS="2037" HPOS="527" STYLEREFS="StyleId-AC5BA62C-D7A9-47C5-BDE0-A3010C099EFD-" CS="1">
<String CS="1" CONTENT="&#8230;"/>
<SP HEIGHT="52" WIDTH="38" VPOS="2040" HPOS="527"/>
<String CONTENT="The" HEIGHT="53" WIDTH="124" VPOS="2040" HPOS="566"/>
<SP HEIGHT="50" WIDTH="28" VPOS="2058" HPOS="691"/>
<String CONTENT="gates" HEIGHT="63" WIDTH="159" VPOS="2045" HPOS="720"/>
<SP HEIGHT="34" WIDTH="32" VPOS="2059" HPOS="880"/>
<String CONTENT="are" HEIGHT="35" WIDTH="96" VPOS="2059" HPOS="913"/>
<SP HEIGHT="37" WIDTH="29" VPOS="2057" HPOS="1010"/>
<String CONTENT="mine." HEIGHT="53" WIDTH="168" VPOS="2039" HPOS="1040"/>
<SP HEIGHT="53" WIDTH="75" VPOS="2039" HPOS="1209"/>
<String CONTENT="London," HEIGHT="70" WIDTH="260" VPOS="2039" HPOS="1285"/>
<SP HEIGHT="70" WIDTH="31" VPOS="2039" HPOS="1546"/>
<String CONTENT="Jarrolds," HEIGHT="72" WIDTH="286" VPOS="2037" HPOS="1578"/>
<SP HEIGHT="70" WIDTH="30" VPOS="2039" HPOS="1865"/>
<String CONTENT="limited" HEIGHT="56" WIDTH="225" VPOS="2037" HPOS="1896"/>
<SP HEIGHT="67" WIDTH="39" VPOS="2039" HPOS="2122"/>
<String CONTENT="[1931]" HEIGHT="65" WIDTH="173" VPOS="2041" HPOS="2162"/>
</TextLine>
<TextLine HEIGHT="49" WIDTH="546" VPOS="2119" HPOS="461" CS="1">
<String CONTENT="2" HEIGHT="39" WIDTH="28" VPOS="2119" HPOS="461"/>
<SP HEIGHT="49" WIDTH="28" VPOS="2119" HPOS="490"/>
<String LANG="fr" CONTENT="p." HEIGHT="38" WIDTH="43" VPOS="2130" HPOS="519"/>
<SP HEIGHT="39" WIDTH="29" VPOS="2121" HPOS="563"/>
<String CS="1" CONTENT="l.,"/>
<SP HEIGHT="46" WIDTH="31" VPOS="2121" HPOS="638"/>
<String CONTENT="7-286" HEIGHT="42" WIDTH="146" VPOS="2119" HPOS="670"/>
<SP HEIGHT="46" WIDTH="29" VPOS="2121" HPOS="817"/>
<String CONTENT="p." HEIGHT="38" WIDTH="42" VPOS="2129" HPOS="847"/>
<SP HEIGHT="39" WIDTH="59" VPOS="2120" HPOS="890"/>
<String CS="1" CONTENT="19&#189;" HEIGHT="40" WIDTH="57" VPOS="2120" HPOS="950"/>
<String STYLE="superscript" CS="1" CONTENT="&#7580;&#7504;."/>
</TextLine>
<TextLine HEIGHT="48" WIDTH="1025" VPOS="2174" HPOS="461" CS="1">
<String CONTENT="At" HEIGHT="39" WIDTH="64" VPOS="2178" HPOS="461"/>
<SP HEIGHT="41" WIDTH="25" VPOS="2176" HPOS="526"/>
<String CONTENT="head" HEIGHT="42" WIDTH="125" VPOS="2176" HPOS="552"/>
<SP HEIGHT="40" WIDTH="23" VPOS="2178" HPOS="678"/>
<String CONTENT="of" HEIGHT="40" WIDTH="53" VPOS="2177" HPOS="702"/>
<SP HEIGHT="40" WIDTH="23" VPOS="2177" HPOS="756"/>
<String CS="1" CONTENT="title:" HEIGHT="43" WIDTH="109" VPOS="2174" HPOS="780"/>
<SP HEIGHT="40" WIDTH="27" VPOS="2177" HPOS="916"/>
<String CONTENT="Margaret" HEIGHT="45" WIDTH="250" VPOS="2177" HPOS="944"/>
<SP HEIGHT="40" WIDTH="25" VPOS="2177" HPOS="1195"/>
<String CONTENT="M." HEIGHT="40" WIDTH="62" VPOS="2177" HPOS="1221"/>
<SP HEIGHT="40" WIDTH="29" VPOS="2177" HPOS="1284"/>
<String CONTENT="Brash." HEIGHT="41" WIDTH="172" VPOS="2176" HPOS="1314"/>
</TextLine>
<TextLine HEIGHT="55" WIDTH="2010" VPOS="2229" HPOS="401" CS="1">
<String CONTENT="&#169;" HEIGHT="54" WIDTH="53" VPOS="2229" HPOS="401"/>
<SP/>
<String CS="1" CONTENT="1c."/>
<SP/>
<String CONTENT="June" HEIGHT="40" WIDTH="128" VPOS="2235" HPOS="575"/>
<SP HEIGHT="40" WIDTH="23" VPOS="2235" HPOS="704"/>
<String CONTENT="12," HEIGHT="48" WIDTH="69" VPOS="2234" HPOS="728"/>
<SP HEIGHT="47" WIDTH="25" VPOS="2235" HPOS="798"/>
<String CS="1" CONTENT="1931;" HEIGHT="41" WIDTH="113" VPOS="2233" HPOS="824"/>
<SP HEIGHT="47" WIDTH="27" VPOS="2235" HPOS="966"/>
<!-- cceid EAAC376C-6E8D-1014-9CF5-AEB3FCA41D69 --><String CONTENT="A" HEIGHT="39" WIDTH="42" VPOS="2235" HPOS="994"/>
<SP HEIGHT="39" WIDTH="22" VPOS="2235" HPOS="1037"/>
<String CONTENT="ad" HEIGHT="38" WIDTH="62" VPOS="2236" HPOS="1060"/>
<SP HEIGHT="39" WIDTH="24" VPOS="2235" HPOS="1123"/>
<String CONTENT="int." HEIGHT="41" WIDTH="87" VPOS="2235" HPOS="1148"/>
<SP HEIGHT="40" WIDTH="27" VPOS="2236" HPOS="1236"/>
<String CS="1" CONTENT="15184;" HEIGHT="40" WIDTH="144" VPOS="2234" HPOS="1264"/>
<SP HEIGHT="39" WIDTH="27" VPOS="2245" HPOS="1436"/>
<String CONTENT="pubd." HEIGHT="49" WIDTH="144" VPOS="2235" HPOS="1464"/>
<SP HEIGHT="41" WIDTH="24" VPOS="2234" HPOS="1609"/>
<String CONTENT="Apr." HEIGHT="49" WIDTH="116" VPOS="2234" HPOS="1634"/>
<SP HEIGHT="41" WIDTH="25" VPOS="2234" HPOS="1751"/>
<String CS="1" CONTENT="17;" HEIGHT="42" WIDTH="56" VPOS="2234" HPOS="1777"/>
<SP HEIGHT="48" WIDTH="29" VPOS="2235" HPOS="1861"/>
<String CONTENT="M." HEIGHT="41" WIDTH="63" VPOS="2235" HPOS="1891"/>
<SP HEIGHT="41" WIDTH="26" VPOS="2235" HPOS="1955"/>
<String CONTENT="M." HEIGHT="41" WIDTH="64" VPOS="2235" HPOS="1982"/>
<SP HEIGHT="41" WIDTH="26" VPOS="2235" HPOS="2047"/>
<String CONTENT="Brash," HEIGHT="49" WIDTH="175" VPOS="2234" HPOS="2074"/>
<SP HEIGHT="48" WIDTH="27" VPOS="2235" HPOS="2250"/>
<String CONTENT="Hull," HEIGHT="46" WIDTH="133" VPOS="2235" HPOS="2278"/>
</TextLine>
<TextLine HEIGHT="50" WIDTH="590" VPOS="2291" HPOS="471">
<String CONTENT="England." HEIGHT="48" WIDTH="237" VPOS="2293" HPOS="471"/>
<SP HEIGHT="48" WIDTH="70" VPOS="2293" HPOS="709"/>
<String CONTENT="(31-15993)" HEIGHT="50" WIDTH="281" VPOS="2291" HPOS="780"/>
</TextLine>
<TextLine HEIGHT="72" WIDTH="1488" VPOS="2387" HPOS="396" STYLEREFS="StyleId-AC5BA62C-D7A9-47C5-BDE0-A3010C099EFD-" CS="1">
<String CONTENT="Broderick," HEIGHT="65" WIDTH="342" VPOS="2388" HPOS="396"/>
<SP HEIGHT="65" WIDTH="29" VPOS="2388" HPOS="739"/>
<String CONTENT="Bona" HEIGHT="53" WIDTH="166" VPOS="2388" HPOS="769"/>
<SP HEIGHT="36" WIDTH="2" VPOS="2405" HPOS="936"/>
<String CONTENT="venture" HEIGHT="52" WIDTH="252" VPOS="2391" HPOS="939"/>
<SP HEIGHT="54" WIDTH="29" VPOS="2389" HPOS="1192"/>
<String CONTENT="Finnbarr," HEIGHT="67" WIDTH="315" VPOS="2387" HPOS="1222"/>
<SP HEIGHT="64" WIDTH="32" VPOS="2390" HPOS="1538"/>
<String CS="1" CONTENT="bp.," HEIGHT="51" WIDTH="76" VPOS="2408" HPOS="1605"/>
<SP HEIGHT="66" WIDTH="28" VPOS="2393" HPOS="1682"/>
<String CONTENT="1868-" HEIGHT="51" WIDTH="173" VPOS="2393" HPOS="1711"/>
</TextLine>
<TextLine HEIGHT="69" WIDTH="1946" VPOS="2465" HPOS="467" STYLEREFS="StyleId-AC5BA62C-D7A9-47C5-BDE0-A3010C099EFD-">
<String LANG="en-US" CONTENT="The" HEIGHT="53" WIDTH="124" VPOS="2466" HPOS="467"/>
<SP HEIGHT="52" WIDTH="26" VPOS="2467" HPOS="592"/>
<String LANG="en-US" CONTENT="Lapis" HEIGHT="68" WIDTH="178" VPOS="2466" HPOS="619"/>
<SP HEIGHT="35" WIDTH="25" VPOS="2484" HPOS="798"/>
<String LANG="la" CONTENT="niger" HEIGHT="68" WIDTH="166" VPOS="2466" HPOS="824"/>
<SP HEIGHT="52" WIDTH="27" VPOS="2466" HPOS="991"/>
<String LANG="en-US" CONTENT="in" HEIGHT="52" WIDTH="61" VPOS="2466" HPOS="1019"/>
<SP HEIGHT="47" WIDTH="26" VPOS="2472" HPOS="1081"/>
<String LANG="en-US" CONTENT="the" HEIGHT="53" WIDTH="98" VPOS="2466" HPOS="1108"/>
<SP HEIGHT="55" WIDTH="28" VPOS="2465" HPOS="1207"/>
<String LANG="la" CONTENT="Comitium" HEIGHT="55" WIDTH="316" VPOS="2465" HPOS="1236"/>
<SP HEIGHT="35" WIDTH="29" VPOS="2484" HPOS="1553"/>
<String LANG="en-US" CONTENT="at" HEIGHT="48" WIDTH="62" VPOS="2471" HPOS="1583"/>
<SP HEIGHT="52" WIDTH="24" VPOS="2467" HPOS="1646"/>
<String LANG="en-US" CONTENT="Rome," HEIGHT="67" WIDTH="195" VPOS="2467" HPOS="1671"/>
<SP HEIGHT="69" WIDTH="28" VPOS="2465" HPOS="1867"/>
<String LANG="en-US" CONTENT="identified" HEIGHT="54" WIDTH="297" VPOS="2465" HPOS="1896"/>
<SP HEIGHT="52" WIDTH="30" VPOS="2467" HPOS="2194"/>
<String LANG="en-US" CONTENT="as" HEIGHT="35" WIDTH="60" VPOS="2484" HPOS="2225"/>
<SP HEIGHT="48" WIDTH="28" VPOS="2471" HPOS="2286"/>
<String LANG="en-US" CONTENT="the" HEIGHT="52" WIDTH="98" VPOS="2466" HPOS="2315"/>
</TextLine>
<TextLine HEIGHT="70" WIDTH="2016" VPOS="2543" HPOS="396" STYLEREFS="StyleId-AC5BA62C-D7A9-47C5-BDE0-A3010C099EFD-">
<String CONTENT="traditional" HEIGHT="54" WIDTH="342" VPOS="2544" HPOS="396"/>
<SP HEIGHT="51" WIDTH="28" VPOS="2545" HPOS="739"/>
<String CONTENT="tomb" HEIGHT="53" WIDTH="157" VPOS="2544" HPOS="768"/>
<SP HEIGHT="53" WIDTH="28" VPOS="2544" HPOS="926"/>
<String CONTENT="of" HEIGHT="54" WIDTH="66" VPOS="2543" HPOS="955"/>
<SP HEIGHT="54" WIDTH="26" VPOS="2543" HPOS="1022"/>
<String CONTENT="Romulus," HEIGHT="67" WIDTH="298" VPOS="2545" HPOS="1049"/>
<SP HEIGHT="49" WIDTH="30" VPOS="2563" HPOS="1348"/>
<String CONTENT="and" HEIGHT="52" WIDTH="113" VPOS="2545" HPOS="1379"/>
<SP HEIGHT="53" WIDTH="28" VPOS="2544" HPOS="1493"/>
<String CONTENT="its" HEIGHT="54" WIDTH="73" VPOS="2544" HPOS="1522"/>
<SP HEIGHT="54" WIDTH="28" VPOS="2544" HPOS="1596"/>
<String CONTENT="identity," HEIGHT="69" WIDTH="267" VPOS="2544" HPOS="1625"/>
<SP HEIGHT="68" WIDTH="28" VPOS="2544" HPOS="1893"/>
<String CONTENT="its" HEIGHT="54" WIDTH="73" VPOS="2544" HPOS="1922"/>
<SP HEIGHT="53" WIDTH="28" VPOS="2545" HPOS="1996"/>
<String CONTENT="history," HEIGHT="69" WIDTH="243" VPOS="2544" HPOS="2025"/>
<SP HEIGHT="50" WIDTH="29" VPOS="2562" HPOS="2269"/>
<String CONTENT="and" HEIGHT="53" WIDTH="113" VPOS="2544" HPOS="2299"/>
</TextLine>
<TextLine HEIGHT="70" WIDTH="2018" VPOS="2622" HPOS="396" STYLEREFS="StyleId-AC5BA62C-D7A9-47C5-BDE0-A3010C099EFD-">
<String CONTENT="its" HEIGHT="54" WIDTH="74" VPOS="2622" HPOS="396"/>
<SP HEIGHT="53" WIDTH="34" VPOS="2623" HPOS="471"/>
<String CONTENT="importance" HEIGHT="67" WIDTH="356" VPOS="2623" HPOS="506"/>
<SP HEIGHT="52" WIDTH="32" VPOS="2623" HPOS="863"/>
<String CONTENT="discussed" HEIGHT="54" WIDTH="288" VPOS="2622" HPOS="896"/>
<SP HEIGHT="53" WIDTH="32" VPOS="2623" HPOS="1185"/>
<String CONTENT="by" HEIGHT="69" WIDTH="77" VPOS="2623" HPOS="1218"/>
<SP HEIGHT="69" WIDTH="34" VPOS="2623" HPOS="1296"/>
<String CONTENT="Bona" HEIGHT="52" WIDTH="163" VPOS="2623" HPOS="1331"/>
<SP HEIGHT="34" WIDTH="2" VPOS="2641" HPOS="1495"/>
<String CONTENT="venture" HEIGHT="48" WIDTH="238" VPOS="2628" HPOS="1498"/>
<SP HEIGHT="54" WIDTH="31" VPOS="2622" HPOS="1737"/>
<String CONTENT="Finnbarr" HEIGHT="54" WIDTH="292" VPOS="2622" HPOS="1769"/>
<SP HEIGHT="51" WIDTH="34" VPOS="2624" HPOS="2062"/>
<String CONTENT="Broderick" HEIGHT="54" WIDTH="317" VPOS="2622" HPOS="2097"/>
</TextLine>
<TextLine HEIGHT="69" WIDTH="612" VPOS="2700" HPOS="461" STYLEREFS="StyleId-AC5BA62C-D7A9-47C5-BDE0-A3010C099EFD-" CS="1">
<String CS="1" CONTENT="&#8230;"/>
<SP HEIGHT="53" WIDTH="77" VPOS="2700" HPOS="461"/>
<String CONTENT="New" HEIGHT="53" WIDTH="140" VPOS="2700" HPOS="539"/>
<SP HEIGHT="53" WIDTH="29" VPOS="2700" HPOS="680"/>
<String CONTENT="York," HEIGHT="69" WIDTH="180" VPOS="2700" HPOS="710"/>
<SP HEIGHT="65" WIDTH="31" VPOS="2704" HPOS="891"/>
<String CONTENT="1931." HEIGHT="50" WIDTH="150" VPOS="2703" HPOS="923"/>
</TextLine>
<TextLine HEIGHT="49" WIDTH="778" VPOS="2783" HPOS="470" CS="1">
<String CONTENT="51" HEIGHT="40" WIDTH="53" VPOS="2784" HPOS="470"/>
<SP HEIGHT="46" WIDTH="29" VPOS="2786" HPOS="524"/>
<String CONTENT="p." HEIGHT="37" WIDTH="43" VPOS="2795" HPOS="554"/>
<SP HEIGHT="41" WIDTH="59" VPOS="2783" HPOS="598"/>
<String CONTENT="illus." HEIGHT="41" WIDTH="131" VPOS="2783" HPOS="658"/>
<SP HEIGHT="48" WIDTH="27" VPOS="2784" HPOS="790"/>
<String CONTENT="(incl." HEIGHT="49" WIDTH="136" VPOS="2783" HPOS="818"/>
<SP HEIGHT="37" WIDTH="27" VPOS="2795" HPOS="955"/>
<String CONTENT="plan)" HEIGHT="49" WIDTH="141" VPOS="2783" HPOS="983"/>
<SP HEIGHT="49" WIDTH="66" VPOS="2783" HPOS="1125"/>
<String CS="1" CONTENT="23&#189;&#7580;&#7504;." HEIGHT="41" WIDTH="56" VPOS="2784" HPOS="1192"/>
</TextLine>
<TextLine HEIGHT="113" WIDTH="1994" VPOS="2837" HPOS="405" CS="1">
<String CONTENT="&#169;" HEIGHT="54" WIDTH="53" VPOS="2837" HPOS="405"/>
<SP HEIGHT="54" WIDTH="26" VPOS="2837" HPOS="459"/>
<String CONTENT="June" HEIGHT="41" WIDTH="128" VPOS="2843" HPOS="486"/>
<SP HEIGHT="42" WIDTH="23" VPOS="2842" HPOS="615"/>
<String CONTENT="1," HEIGHT="49" WIDTH="38" VPOS="2842" HPOS="639"/>
<SP HEIGHT="48" WIDTH="26" VPOS="2843" HPOS="678"/>
<String CS="1" CONTENT="1931;" HEIGHT="43" WIDTH="111" VPOS="2840" HPOS="705"/>
<SP HEIGHT="49" WIDTH="27" VPOS="2841" HPOS="847"/>
<String CONTENT="2c." HEIGHT="42" WIDTH="66" VPOS="2841" HPOS="875"/>
<SP HEIGHT="30" WIDTH="27" VPOS="2853" HPOS="942"/>
<String CONTENT="and" HEIGHT="40" WIDTH="95" VPOS="2843" HPOS="970"/>
<SP HEIGHT="39" WIDTH="26" VPOS="2843" HPOS="1066"/>
<String CONTENT="aff." HEIGHT="42" WIDTH="82" VPOS="2841" HPOS="1093"/>
<SP HEIGHT="41" WIDTH="27" VPOS="2842" HPOS="1176"/>
<String CONTENT="June" HEIGHT="41" WIDTH="127" VPOS="2842" HPOS="1204"/>
<SP HEIGHT="41" WIDTH="24" VPOS="2842" HPOS="1332"/>
<String CONTENT="13;" HEIGHT="47" WIDTH="82" VPOS="2842" HPOS="1357"/>
<SP HEIGHT="47" WIDTH="27" VPOS="2842" HPOS="1440"/>
<!-- cceid EAACBCCF-6E8D-1014-9CF5-AEB3FCA41D69 --><String CONTENT="A" HEIGHT="39" WIDTH="41" VPOS="2842" HPOS="1468"/>
<SP HEIGHT="41" WIDTH="24" VPOS="2842" HPOS="1510"/>
<String CONTENT="37918;" HEIGHT="50" WIDTH="172" VPOS="2841" HPOS="1535"/>
<SP HEIGHT="48" WIDTH="29" VPOS="2843" HPOS="1708"/>
<String LANG="fr" CONTENT="B." HEIGHT="40" WIDTH="53" VPOS="2843" HPOS="1738"/>
<SP HEIGHT="40" WIDTH="27" VPOS="2842" HPOS="1792"/>
<String CONTENT="F." HEIGHT="43" WIDTH="52" VPOS="2842" HPOS="1820"/>
<SP HEIGHT="42" WIDTH="26" VPOS="2843" HPOS="1873"/>
<String CONTENT="Broderick," HEIGHT="50" WIDTH="282" VPOS="2841" HPOS="1900"/>
<SP HEIGHT="51" WIDTH="30" VPOS="2840" HPOS="2183"/>
<String CONTENT="Saugerties," HEIGHT="110" WIDTH="1925" VPOS="2840" HPOS="474"/>
</TextLine>
<TextLine HEIGHT="50" WIDTH="479" VPOS="2901" HPOS="604">
<String LANG="fr" CONTENT="N." HEIGHT="40" WIDTH="57" VPOS="2902" HPOS="604"/>
<SP HEIGHT="40" WIDTH="22" VPOS="2902" HPOS="662"/>
<String CONTENT="Y." HEIGHT="40" WIDTH="53" VPOS="2902" HPOS="685"/>
<SP HEIGHT="48" WIDTH="61" VPOS="2901" HPOS="739"/>
<String CONTENT="(31-15715)" HEIGHT="50" WIDTH="282" VPOS="2901" HPOS="801"/>
</TextLine>
<TextLine HEIGHT="68" WIDTH="684" VPOS="2994" HPOS="399" STYLEREFS="StyleId-D3EE8F2D-0594-4E8F-831F-56ED66C7D8A4-">
<String CONTENT="Brophy," HEIGHT="67" WIDTH="264" VPOS="2994" HPOS="399"/>
<SP HEIGHT="64" WIDTH="32" VPOS="2997" HPOS="664"/>
<String CONTENT="John," HEIGHT="66" WIDTH="176" VPOS="2996" HPOS="697"/>
<SP HEIGHT="58" WIDTH="35" VPOS="3004" HPOS="874"/>
<String CONTENT="1899-" HEIGHT="51" WIDTH="173" VPOS="3002" HPOS="910"/>
</TextLine>
<TextLine HEIGHT="150" WIDTH="1993" VPOS="3075" HPOS="401" STYLEREFS="StyleId-AC5BA62C-D7A9-47C5-BDE0-A3010C099EFD-" CS="1">
<String CONTENT="Thunderclap," HEIGHT="68" WIDTH="426" VPOS="3078" HPOS="472"/>
<SP HEIGHT="68" WIDTH="27" VPOS="3078" HPOS="899"/>
<String CONTENT="by" HEIGHT="68" WIDTH="75" VPOS="3078" HPOS="927"/>
<SP HEIGHT="69" WIDTH="27" VPOS="3077" HPOS="1003"/>
<String CONTENT="John" HEIGHT="54" WIDTH="158" VPOS="3077" HPOS="1031"/>
<SP HEIGHT="51" WIDTH="27" VPOS="3078" HPOS="1190"/>
<String CONTENT="Brophy;" HEIGHT="69" WIDTH="270" VPOS="3078" HPOS="1218"/>
<SP HEIGHT="68" WIDTH="31" VPOS="3077" HPOS="1489"/>
<String CONTENT="illustrated" HEIGHT="54" WIDTH="326" VPOS="3077" HPOS="1521"/>
<SP HEIGHT="53" WIDTH="26" VPOS="3078" HPOS="1848"/>
<String CONTENT="by" HEIGHT="70" WIDTH="77" VPOS="3078" HPOS="1875"/>
<SP HEIGHT="73" WIDTH="27" VPOS="3075" HPOS="1953"/>
<String CONTENT="&#8220;Tell.&#8221;" HEIGHT="55" WIDTH="213" VPOS="3075" HPOS="1981"/>
<SP HEIGHT="52" WIDTH="71" VPOS="3076" HPOS="2195"/>
<String CONTENT="London," HEIGHT="149" WIDTH="1993" VPOS="3076" HPOS="401"/>
</TextLine>
<TextLine HEIGHT="71" WIDTH="1366" VPOS="3155" HPOS="561" STYLEREFS="StyleId-AC5BA62C-D7A9-47C5-BDE0-A3010C099EFD-">
<String CONTENT="E." HEIGHT="53" WIDTH="69" VPOS="3155" HPOS="561"/>
<SP HEIGHT="52" WIDTH="24" VPOS="3156" HPOS="631"/>
<String CONTENT="Partridge," HEIGHT="70" WIDTH="329" VPOS="3155" HPOS="656"/>
<SP HEIGHT="49" WIDTH="26" VPOS="3176" HPOS="986"/>
<String CONTENT="at" HEIGHT="49" WIDTH="61" VPOS="3161" HPOS="1013"/>
<SP HEIGHT="49" WIDTH="23" VPOS="3161" HPOS="1075"/>
<String CONTENT="the" HEIGHT="53" WIDTH="97" VPOS="3156" HPOS="1099"/>
<SP HEIGHT="55" WIDTH="28" VPOS="3156" HPOS="1197"/>
<String CONTENT="Scholartis" HEIGHT="56" WIDTH="317" VPOS="3155" HPOS="1226"/>
<SP HEIGHT="50" WIDTH="26" VPOS="3175" HPOS="1544"/>
<String CONTENT="press," HEIGHT="51" WIDTH="175" VPOS="3175" HPOS="1571"/>
<SP HEIGHT="66" WIDTH="28" VPOS="3160" HPOS="1747"/>
<String CONTENT="1931." HEIGHT="50" WIDTH="151" VPOS="3159" HPOS="1776"/>
</TextLine>
<TextLine HEIGHT="51" WIDTH="621" VPOS="3235" HPOS="469" CS="1">
<String CONTENT="197," HEIGHT="49" WIDTH="98" VPOS="3235" HPOS="469"/>
<SP HEIGHT="30" WIDTH="39" VPOS="3256" HPOS="568"/>
<String CONTENT="[1]" HEIGHT="49" WIDTH="55" VPOS="3237" HPOS="608"/>
<SP HEIGHT="40" WIDTH="33" VPOS="3246" HPOS="664"/>
<String CONTENT="p." HEIGHT="37" WIDTH="43" VPOS="3246" HPOS="698"/>
<SP HEIGHT="38" WIDTH="57" VPOS="3246" HPOS="742"/>
<String CONTENT="plates." HEIGHT="48" WIDTH="173" VPOS="3236" HPOS="800"/>
<SP HEIGHT="39" WIDTH="59" VPOS="3237" HPOS="974"/>
<String CONTENT="19" HEIGHT="40" WIDTH="56" VPOS="3237" HPOS="1034"/>
<String STYLE="superscript" CS="1" CONTENT="&#7580;&#7504;."/>
</TextLine>
<TextLine HEIGHT="111" WIDTH="1991" VPOS="3288" HPOS="407" CS="1">
<String CONTENT="&#169;" HEIGHT="53" WIDTH="54" VPOS="3288" HPOS="407"/>
<SP/>
<String CS="1" CONTENT="1c."/>
<SP/>
<String CONTENT="June" HEIGHT="39" WIDTH="128" VPOS="3294" HPOS="586"/>
<SP HEIGHT="39" WIDTH="26" VPOS="3294" HPOS="715"/>
<String CONTENT="11," HEIGHT="48" WIDTH="68" VPOS="3294" HPOS="742"/>
<SP HEIGHT="48" WIDTH="26" VPOS="3294" HPOS="811"/>
<String CONTENT="1931;" HEIGHT="47" WIDTH="141" VPOS="3293" HPOS="838"/>
<SP HEIGHT="46" WIDTH="31" VPOS="3294" HPOS="980"/>
<!-- cceid EAAD370D-6E8D-1014-9CF5-AEB3FCA41D69 --><String CONTENT="A" HEIGHT="39" WIDTH="42" VPOS="3294" HPOS="1012"/>
<SP HEIGHT="40" WIDTH="26" VPOS="3294" HPOS="1055"/>
<String CONTENT="ad" HEIGHT="39" WIDTH="60" VPOS="3295" HPOS="1082"/>
<SP HEIGHT="40" WIDTH="28" VPOS="3294" HPOS="1143"/>
<String CONTENT="int." HEIGHT="41" WIDTH="88" VPOS="3294" HPOS="1172"/>
<SP HEIGHT="41" WIDTH="29" VPOS="3294" HPOS="1261"/>
<String CONTENT="15178;" HEIGHT="48" WIDTH="170" VPOS="3293" HPOS="1291"/>
<SP HEIGHT="38" WIDTH="30" VPOS="3305" HPOS="1462"/>
<String CONTENT="pubd." HEIGHT="48" WIDTH="144" VPOS="3295" HPOS="1493"/>
<SP HEIGHT="41" WIDTH="28" VPOS="3294" HPOS="1638"/>
<String CONTENT="Apr." HEIGHT="49" WIDTH="115" VPOS="3294" HPOS="1667"/>
<SP HEIGHT="39" WIDTH="27" VPOS="3296" HPOS="1783"/>
<String CONTENT="16;" HEIGHT="47" WIDTH="82" VPOS="3295" HPOS="1811"/>
<SP HEIGHT="48" WIDTH="33" VPOS="3294" HPOS="1894"/>
<String CONTENT="J." HEIGHT="41" WIDTH="44" VPOS="3294" HPOS="1928"/>
<SP HEIGHT="41" WIDTH="29" VPOS="3294" HPOS="1973"/>
<String CONTENT="Brophy," HEIGHT="49" WIDTH="211" VPOS="3293" HPOS="2003"/>
<SP HEIGHT="46" WIDTH="31" VPOS="3294" HPOS="2215"/>
<String CONTENT="Brentford," HEIGHT="105" WIDTH="1923" VPOS="3294" HPOS="475"/>
</TextLine>
<TextLine HEIGHT="49" WIDTH="897" VPOS="3351" HPOS="631">
<String CONTENT="Middlesex," HEIGHT="48" WIDTH="284" VPOS="3351" HPOS="631"/>
<SP HEIGHT="47" WIDTH="26" VPOS="3352" HPOS="916"/>
<String CONTENT="England." HEIGHT="48" WIDTH="238" VPOS="3352" HPOS="943"/>
<SP HEIGHT="48" WIDTH="64" VPOS="3352" HPOS="1182"/>
<String CONTENT="(31-15995)" HEIGHT="48" WIDTH="281" VPOS="3352" HPOS="1247"/>
</TextLine>
<TextLine HEIGHT="73" WIDTH="2013" VPOS="3432" HPOS="404" STYLEREFS="StyleId-D3EE8F2D-0594-4E8F-831F-56ED66C7D8A4-" CS="1">
<String CS="1" CONTENT="B&#252;low," HEIGHT="65" WIDTH="222" VPOS="3432" HPOS="404"/>
<SP HEIGHT="65" WIDTH="24" VPOS="3432" HPOS="627"/>
<String CONTENT="Bernhard" HEIGHT="55" WIDTH="313" VPOS="3432" HPOS="652"/>
<SP HEIGHT="53" WIDTH="24" VPOS="3434" HPOS="966"/>
<String CONTENT="Heinrich" HEIGHT="55" WIDTH="287" VPOS="3433" HPOS="991"/>
<SP HEIGHT="53" WIDTH="24" VPOS="3434" HPOS="1279"/>
<String CONTENT="Martin" HEIGHT="54" WIDTH="226" VPOS="3434" HPOS="1304"/>
<SP HEIGHT="53" WIDTH="23" VPOS="3434" HPOS="1531"/>
<String CONTENT="Karl," HEIGHT="64" WIDTH="165" VPOS="3434" HPOS="1555"/>
<SP HEIGHT="68" WIDTH="23" VPOS="3437" HPOS="1721"/>
<String CS="1" CONTENT="f&#252;rst" HEIGHT="68" WIDTH="155" VPOS="3437" HPOS="1745"/>
<SP HEIGHT="47" WIDTH="24" VPOS="3442" HPOS="1901"/>
<String CONTENT="von," HEIGHT="47" WIDTH="132" VPOS="3450" HPOS="1926"/>
<SP HEIGHT="57" WIDTH="29" VPOS="3440" HPOS="2059"/>
<String CONTENT="1849-1929." HEIGHT="53" WIDTH="328" VPOS="3436" HPOS="2089"/>
</TextLine>
<TextLine HEIGHT="71" WIDTH="1945" VPOS="3511" HPOS="476" STYLEREFS="StyleId-AC5BA62C-D7A9-47C5-BDE0-A3010C099EFD-" CS="1">
<String CONTENT="Memoirs" HEIGHT="56" WIDTH="272" VPOS="3511" HPOS="476"/>
<SP HEIGHT="35" WIDTH="35" VPOS="3532" HPOS="749"/>
<String CONTENT="of" HEIGHT="53" WIDTH="65" VPOS="3513" HPOS="785"/>
<SP HEIGHT="53" WIDTH="29" VPOS="3513" HPOS="851"/>
<String CONTENT="Prince" HEIGHT="54" WIDTH="210" VPOS="3513" HPOS="881"/>
<SP HEIGHT="34" WIDTH="30" VPOS="3533" HPOS="1092"/>
<String CONTENT="von" HEIGHT="35" WIDTH="112" VPOS="3532" HPOS="1123"/>
<SP HEIGHT="51" WIDTH="35" VPOS="3516" HPOS="1236"/>
<String CS="1" CONTENT="B&#252;low." HEIGHT="53" WIDTH="220" VPOS="3514" HPOS="1272"/>
<SP HEIGHT="35" WIDTH="75" VPOS="3531" HPOS="1493"/>
<String CS="1" CONTENT="I." HEIGHT="9" WIDTH="9" VPOS="3556" HPOS="1596"/>
<SP HEIGHT="52" WIDTH="39" VPOS="3513" HPOS="1606"/>
<String CONTENT="From" HEIGHT="54" WIDTH="178" VPOS="3513" HPOS="1646"/>
<SP HEIGHT="35" WIDTH="32" VPOS="3532" HPOS="1825"/>
<String CONTENT="secretary" HEIGHT="64" WIDTH="285" VPOS="3518" HPOS="1858"/>
<SP HEIGHT="52" WIDTH="33" VPOS="3530" HPOS="2144"/>
<String CONTENT="of" HEIGHT="53" WIDTH="65" VPOS="3512" HPOS="2178"/>
<SP HEIGHT="53" WIDTH="30" VPOS="3512" HPOS="2244"/>
<String CONTENT="state" HEIGHT="50" WIDTH="146" VPOS="3514" HPOS="2275"/>
</TextLine>
<TextLine HEIGHT="132" WIDTH="1993" VPOS="3588" HPOS="401" STYLEREFS="StyleId-AC5BA62C-D7A9-47C5-BDE0-A3010C099EFD-" CS="1">
<String CONTENT="to" HEIGHT="50" WIDTH="62" VPOS="3593" HPOS="401"/>
<SP HEIGHT="53" WIDTH="29" VPOS="3590" HPOS="464"/>
<String CONTENT="imperial" HEIGHT="69" WIDTH="267" VPOS="3590" HPOS="494"/>
<SP HEIGHT="52" WIDTH="30" VPOS="3592" HPOS="762"/>
<String CONTENT="chancellor;" HEIGHT="68" WIDTH="350" VPOS="3592" HPOS="793"/>
<SP HEIGHT="63" WIDTH="37" VPOS="3597" HPOS="1144"/>
<String CONTENT="1897-1903." HEIGHT="55" WIDTH="326" VPOS="3592" HPOS="1182"/>
<SP HEIGHT="51" WIDTH="75" VPOS="3593" HPOS="1509"/>
<String CONTENT="Translated" HEIGHT="53" WIDTH="344" VPOS="3593" HPOS="1585"/>
<SP HEIGHT="54" WIDTH="32" VPOS="3592" HPOS="1930"/>
<String CONTENT="from" HEIGHT="53" WIDTH="157" VPOS="3592" HPOS="1963"/>
<SP HEIGHT="48" WIDTH="28" VPOS="3596" HPOS="2121"/>
<String CONTENT="the" HEIGHT="51" WIDTH="97" VPOS="3592" HPOS="2150"/>
<SP HEIGHT="56" WIDTH="29" VPOS="3588" HPOS="2248"/>
<String CONTENT="German" HEIGHT="132" WIDTH="1988" VPOS="3588" HPOS="406"/>
</TextLine>
<TextLine HEIGHT="72" WIDTH="1852" VPOS="3668" HPOS="567" STYLEREFS="StyleId-AC5BA62C-D7A9-47C5-BDE0-A3010C099EFD-" CS="1">
<String CONTENT="by" HEIGHT="69" WIDTH="75" VPOS="3669" HPOS="567"/>
<SP HEIGHT="70" WIDTH="30" VPOS="3668" HPOS="643"/>
<String CONTENT="F." HEIGHT="54" WIDTH="64" VPOS="3668" HPOS="674"/>
<SP HEIGHT="53" WIDTH="29" VPOS="3669" HPOS="739"/>
<String CONTENT="A." HEIGHT="53" WIDTH="70" VPOS="3669" HPOS="769"/>
<SP HEIGHT="54" WIDTH="30" VPOS="3669" HPOS="840"/>
<String CONTENT="Voigt" HEIGHT="70" WIDTH="179" VPOS="3669" HPOS="871"/>
<SP HEIGHT="47" WIDTH="33" VPOS="3675" HPOS="1051"/>
<String CS="1" CONTENT="&#8230;"/>
<SP HEIGHT="51" WIDTH="79" VPOS="3671" HPOS="1142"/>
<String CONTENT="Boston," HEIGHT="69" WIDTH="236" VPOS="3671" HPOS="1222"/>
<SP HEIGHT="69" WIDTH="27" VPOS="3671" HPOS="1459"/>
<String CONTENT="Little," HEIGHT="71" WIDTH="197" VPOS="3669" HPOS="1487"/>
<SP HEIGHT="69" WIDTH="29" VPOS="3671" HPOS="1685"/>
<String CONTENT="Brown," HEIGHT="68" WIDTH="231" VPOS="3671" HPOS="1715"/>
<SP HEIGHT="50" WIDTH="29" VPOS="3689" HPOS="1947"/>
<String CONTENT="and" HEIGHT="52" WIDTH="114" VPOS="3671" HPOS="1977"/>
<SP HEIGHT="52" WIDTH="27" VPOS="3671" HPOS="2092"/>
<String CONTENT="company," HEIGHT="52" WIDTH="299" VPOS="3686" HPOS="2120"/>
</TextLine>
<TextLine HEIGHT="51" WIDTH="150" VPOS="3748" HPOS="409" STYLEREFS="StyleId-AC5BA62C-D7A9-47C5-BDE0-A3010C099EFD-">
<String CONTENT="1931." HEIGHT="51" WIDTH="150" VPOS="3748" HPOS="409"/>
</TextLine>
<TextLine HEIGHT="51" WIDTH="1102" VPOS="3827" HPOS="479" CS="1">
<String CONTENT="xxv" HEIGHT="28" WIDTH="100" VPOS="3838" HPOS="479"/>
<SP HEIGHT="37" WIDTH="23" VPOS="3838" HPOS="580"/>
<String CONTENT="p.," HEIGHT="37" WIDTH="57" VPOS="3838" HPOS="604"/>
<SP HEIGHT="48" WIDTH="25" VPOS="3827" HPOS="662"/>
<String CONTENT="2" HEIGHT="39" WIDTH="26" VPOS="3827" HPOS="688"/>
<SP HEIGHT="40" WIDTH="24" VPOS="3827" HPOS="715"/>
<String CS="1" CONTENT="l.,"/>
<SP HEIGHT="29" WIDTH="30" VPOS="3848" HPOS="785"/>
<String CONTENT="[3]-751" HEIGHT="49" WIDTH="174" VPOS="3829" HPOS="816"/>
<SP HEIGHT="47" WIDTH="27" VPOS="3830" HPOS="991"/>
<String CONTENT="p." HEIGHT="37" WIDTH="42" VPOS="3840" HPOS="1019"/>
<SP HEIGHT="41" WIDTH="59" VPOS="3829" HPOS="1062"/>
<String CONTENT="front.," HEIGHT="49" WIDTH="165" VPOS="3829" HPOS="1122"/>
<SP HEIGHT="38" WIDTH="24" VPOS="3840" HPOS="1288"/>
<String CONTENT="ports." HEIGHT="46" WIDTH="149" VPOS="3832" HPOS="1313"/>
<SP HEIGHT="39" WIDTH="61" VPOS="3829" HPOS="1463"/>
<String CS="1" CONTENT="24&#189;" HEIGHT="40" WIDTH="56" VPOS="3829" HPOS="1525"/>
<String STYLE="superscript" CS="1" CONTENT="&#7580;&#7504;."/>
</TextLine>
<TextLine HEIGHT="51" WIDTH="1473" VPOS="3883" HPOS="483" CS="1">
<String CONTENT="&#8220;Editor&#8217;s" HEIGHT="43" WIDTH="241" VPOS="3883" HPOS="483"/>
<SP HEIGHT="38" WIDTH="24" VPOS="3896" HPOS="725"/>
<String CONTENT="preface&#8221;" HEIGHT="48" WIDTH="224" VPOS="3886" HPOS="750"/>
<SP HEIGHT="40" WIDTH="26" VPOS="3886" HPOS="975"/>
<String CS="1" CONTENT="signed:" HEIGHT="47" WIDTH="169" VPOS="3887" HPOS="1002"/>
<SP HEIGHT="39" WIDTH="33" VPOS="3888" HPOS="1200"/>
<String CONTENT="Franz" HEIGHT="39" WIDTH="160" VPOS="3888" HPOS="1234"/>
<SP HEIGHT="29" WIDTH="22" VPOS="3898" HPOS="1395"/>
<String CONTENT="von" HEIGHT="30" WIDTH="94" VPOS="3898" HPOS="1418"/>
<SP HEIGHT="40" WIDTH="28" VPOS="3887" HPOS="1513"/>
<String CONTENT="Stockhammern." HEIGHT="42" WIDTH="414" VPOS="3886" HPOS="1542"/>
</TextLine>
<TextLine HEIGHT="117" WIDTH="1991" VPOS="3936" HPOS="411" CS="1">
<String CONTENT="&#169;" HEIGHT="52" WIDTH="54" VPOS="3936" HPOS="411"/>
<SP HEIGHT="52" WIDTH="23" VPOS="3936" HPOS="466"/>
<String CONTENT="June" HEIGHT="42" WIDTH="127" VPOS="3941" HPOS="490"/>
<SP HEIGHT="40" WIDTH="23" VPOS="3943" HPOS="618"/>
<String CONTENT="12," HEIGHT="51" WIDTH="68" VPOS="3942" HPOS="642"/>
<SP HEIGHT="48" WIDTH="24" VPOS="3945" HPOS="711"/>
<String CS="1" CONTENT="1931;" HEIGHT="43" WIDTH="113" VPOS="3942" HPOS="736"/>
<SP HEIGHT="48" WIDTH="26" VPOS="3944" HPOS="878"/>
<String CONTENT="2c." HEIGHT="41" WIDTH="67" VPOS="3944" HPOS="905"/>
<SP HEIGHT="29" WIDTH="24" VPOS="3956" HPOS="973"/>
<String CONTENT="and" HEIGHT="39" WIDTH="95" VPOS="3946" HPOS="998"/>
<SP HEIGHT="39" WIDTH="26" VPOS="3946" HPOS="1094"/>
<String CONTENT="aff." HEIGHT="41" WIDTH="82" VPOS="3944" HPOS="1121"/>
<SP HEIGHT="39" WIDTH="26" VPOS="3946" HPOS="1204"/>
<String CONTENT="June" HEIGHT="39" WIDTH="126" VPOS="3946" HPOS="1231"/>
<SP HEIGHT="39" WIDTH="26" VPOS="3946" HPOS="1358"/>
<String CONTENT="16;" HEIGHT="48" WIDTH="82" VPOS="3945" HPOS="1385"/>
<SP HEIGHT="48" WIDTH="27" VPOS="3945" HPOS="1468"/>
<!-- cceid EAADC721-6E8D-1014-9CF5-AEB3FCA41D69 --><String CONTENT="A" HEIGHT="40" WIDTH="41" VPOS="3945" HPOS="1496"/>
<SP HEIGHT="43" WIDTH="23" VPOS="3945" HPOS="1538"/>
<String CONTENT="37969;" HEIGHT="50" WIDTH="171" VPOS="3944" HPOS="1562"/>
<SP HEIGHT="49" WIDTH="28" VPOS="3945" HPOS="1734"/>
<String CONTENT="Little," HEIGHT="48" WIDTH="163" VPOS="3945" HPOS="1763"/>
<SP HEIGHT="49" WIDTH="27" VPOS="3944" HPOS="1927"/>
<String CONTENT="Brown," HEIGHT="48" WIDTH="193" VPOS="3944" HPOS="1955"/>
<SP HEIGHT="38" WIDTH="26" VPOS="3954" HPOS="2149"/>
<String CONTENT="and" HEIGHT="39" WIDTH="96" VPOS="3943" HPOS="2176"/>
<SP HEIGHT="40" WIDTH="26" VPOS="3943" HPOS="2273"/>
<String CONTENT="company." HEIGHT="97" WIDTH="1923" VPOS="3952" HPOS="479"/>
<SP HEIGHT="48" WIDTH="63" VPOS="4003" HPOS="622"/>
<String CONTENT="(31-15717)" HEIGHT="52" WIDTH="281" VPOS="4001" HPOS="686"/>
</TextLine>
</TextBlock>
</PrintSpace>
</Page>
</Layout>
</alto>