2428 4370
1034 4053 132 49 1993

89 410 267 65 Alberty,
385 409 221 53 Harold
635 408 283 63 Bernard,
952 411 171 51 1890-

163 481 1864 76 Supervision in the secondary school, by H. B. Alberty …
92 559 1994 75 and V . T. Thayer … Boston, New York [etc.] D. C. Heath
90 646 645 66 and company [ ᶜ19 31]
158 726 100 41 viii.
293 727 83 39 471
412 735 42 38 p.
517 724 177 46 diagrs.
754 722 55 41 20½ᶜᵐ.

164 776 1921 50 “Additional readings” at end of each chapter except chapters I and IX.
95 835 51 52 ©
177 840 101 40 Oct.
309 839 68 46 30,
409 838 112 40 1931;
581 836 67 41 2c.
680 837 116 39 Nov.
828 836 28 39 7;
915 835 82 41 aff.
1029 835 111 40 Dec.
1173 835 55 38 14;
1289 834 40 39 A
1358 834 144 40 43863;
1564 834 187 39 Harold
1786 834 53 40 B.
1871 832 216 47 Alberty,

163 896 273 45 Columbus,
468 894 135 48 Ohio,
633 894 96 39 and
759 892 175 40 Vivian
963 893 51 40 T.
1045 892 206 46 Thayer,
1282 891 163 40 Dobbs
1476 891 166 47 Ferry,
1672 891 55 40 N.
1757 890 53 40 Y.

172 951 279 49 (31-34337)

90 1046 306 64 Allhands,
426 1045 205 54 James
657 1044 65 55 L.

160 1117 1919 74 Gringo builders, by J. L. Allhands … [Iowa City, Ia.]
88 1198 157 55 Priv.
275 1198 194 69 print.,
502 1202 148 50 1931.

160 1279 99 49 283,
293 1279 84 50 [13]
408 1290 43 38 p.
513 1278 129 42 illus.
702 1278 56 40 24½ᶜᵐ.

97 1333 51 52 ©
178 1338 116 39 Nov.
325 1337 69 47 12,
425 1335 139 47 1931;
595 1335 68 42 2c.
694 1337 94 38 and
818 1335 81 40 aff.
930 1336 118 40 Nov.
1079 1335 83 46 18;
1195 1334 39 39 A
1262 1333 172 47 45094;
1469 1334 42 39 J.
1543 1334 50 38 L.
1627 1333 251 47 Allhands,
1911 1331 178 49 Joplin,

162 1395 93 40 Mo.
326 1392 278 49 (31-34594)

90 1487 330 64 Anderson,
449 1486 192 53 Isabel
671 1486 408 55 Chadbourne.

90 1561 1975 147 Sentence mastery, by Isabel Chadbourne Anderson … Boston,
228 1640 1567 68 New York [etc.] D. C. Heath and company [ ᶜ19 31 ]
227 1721 741 49 xx p., 1 l., 200 p. diagrs. 19½ ᶜᵐ.
98 1776 51 52 ©
174 1781 118 39 Nov.
317 1780 69 47 21,
413 1780 108 41 1931;
580 1780 67 42 2c.
674 1781 111 41 Dec.
811 1782 26 39 3;
892 1780 81 40 aff.
1002 1781 110 39 Dec.
1139 1780 25 39 1;
1221 1780 41 39 A
1286 1778 143 43 45281;
1488 1781 37 39 I.
1555 1779 48 42 C.
1631 1780 267 44 Anderson,
1925 1778 167 40 Lihue.

166 1837 177 48 Kauai,
369 1837 209 40 Hawaii.
651 1837 278 48 (31-34662)

92 1929 308 66 Andrews,
431 1931 277 55 Clarence
738 1931 208 65 Leroy,
977 1936 171 50 1862-

158 2006 120 54 The
315 2012 154 63 story
504 2006 64 53 of
603 2006 232 68 Alaska,
871 2007 74 70 by
982 2006 60 55 C.
1080 2008 63 52 L.
1182 2006 294 54 Andrews.
1550 2005 233 66 Seattle,
1818 2006 267 53 Lowman

88 2085 45 49 &
159 2083 275 53 Hanford
463 2102 96 49 co.,
589 2087 149 51 1931.

161 2163 1028 51 258 p. front., plates, ports., map. 24 ᶜᵐ.
100 2217 51 53 ©
181 2223 117 40 Nov.
327 2221 70 47 27,
427 2222 112 40 1931;
600 2223 66 40 2c.
698 2223 110 40 Dec.
838 2223 26 40 3;
924 2222 81 41 aff.
1037 2223 109 40 Dec.
1178 2223 26 40 8;
1265 2223 40 39 A
1333 2223 145 40 45367;
1539 2224 231 39 Lowman
1800 2228 37 40 &
1866 2223 228 39 Hanford

167 2290 65 29 co.
305 2279 280 49 (31-34610)

97 2360 218 64 Anger,
343 2360 239 64 Joseph.

166 2437 121 52 The
325 2437 256 53 doctrine
619 2437 64 53 of
720 2437 95 53 the
851 2437 264 69 mystical
1154 2438 152 69 body
1346 2437 64 53 of
1451 2437 198 54 Christ
1689 2437 307 70 according
2035 2444 59 46 to

97 2515 94 51 the
242 2514 311 68 principles
604 2514 64 53 of
719 2516 95 51 the
865 2515 269 69 theology
1187 2514 64 54 of
1306 2515 83 55 St.
1443 2516 278 66 Thomas;
1777 2516 313 53 translated

99 2591 1934 71 from the French of Abbé Anger, by Rev. John J. Burke …
97 2669 137 53 New
270 2669 180 68 York,
486 2669 329 55 Cincinnati
875 2675 120 61 [etc.]
1035 2670 283 68 Benziger
1351 2671 279 68 brothers,
1669 2673 149 51 1931.

169 2750 164 47 xxxix,
362 2749 100 49 399,
497 2750 54 51 [1]
579 2760 44 38 p.
683 2749 144 41 19½ᶜᵐ.

168 2805 1928 53 “The major part of … [this work] was presented in 1910 as a thesis
98 2863 78 40 for
222 2863 81 41 the
351 2865 250 40 doctorate
649 2866 49 39 to
746 2864 80 41 the
873 2864 191 47 faculty
1112 2864 53 41 of
1211 2865 226 48 theology
1483 2866 52 40 of
1582 2866 82 39 the
1713 2866 285 49 University
2046 2867 52 40 of

98 2919 475 48 Angers.”—Introd.

103 2974 51 51 ©
186 2977 101 42 Oct.
317 2978 68 47 30,
417 2977 140 47 1931;
587 2978 69 41 2c.
685 2979 117 40 Nov.
832 2977 82 48 20;
946 2978 81 41 aff.
1058 2980 117 39 Nov.
1205 2980 83 46 21;
1320 2980 41 39 A
1390 2980 143 40 44911;
1596 2980 235 49 Benziger
1862 2982 125 41 bros.

181 3034 279 49 (31-34505)

99 3113 214 66 Bacon,
341 3114 301 54 Theodore
671 3116 362 64 Davenport,
1064 3121 327 51 1863-1930.

168 3192 262 53 Leonard
476 3194 212 66 Bacon,
733 3212 31 33 a
808 3197 308 48 statesman
1162 3192 60 51 in
1266 3194 98 52 the
1407 3195 229 70 church,
1680 3197 75 68 by
1802 3198 295 52 Theodore

99 3267 336 68 Davenport
489 3271 221 65 Bacon;
770 3268 187 55 edited
1012 3271 75 68 by
1144 3270 307 68 Benjamin
1508 3274 89 53 W.
1656 3275 209 52 Bacon.
1959 3275 136 52 New

99 3343 223 68 Haven,
365 3345 145 54 Yale
550 3344 318 72 university
912 3365 183 50 press;
1140 3349 259 68 London,
1440 3349 77 53 H.
1558 3350 267 66 Milford,
1868 3351 226 54 Oxford

99 3419 316 70 university
442 3440 174 49 press,
646 3426 146 50 1931.

236 3501 1434 53 xv p., 2 l., [3]-563 p. plates, 2 port. (incl. front.) 23½ᶜᵐ.
105 3554 51 51 ©
181 3559 117 41 Nov.
323 3558 70 47 27,
419 3558 111 41 1931;
587 3560 65 40 2c.
680 3561 109 40 Dec.
815 3561 26 40 3;
897 3560 81 42 aff.
1005 3562 111 40 Dec.
1144 3564 24 37 1;
1224 3564 39 37 A
1289 3564 143 39 46161;
1490 3566 119 40 Yale
1636 3566 129 41 univ.
1795 3577 147 37 press.

184 3614 280 47 (31-34426)

101 3693 212 66 Baker,
343 3696 130 63 Ray
503 3696 316 67 Stannard,
853 3698 171 55 1870-

170 3773 1935 78 Woodrow Wilson, life and letters … By Ray Stannard
102 3848 205 55 Baker.
382 3850 353 55 Illustrated,
809 3872 52 34 v.
891 3858 48 55 3,
966 3858 47 49 4.
1090 3854 233 54 Garden
1351 3856 152 69 City,
1531 3856 71 55 N.
1633 3860 91 67 Y,,
1749 3860 356 72 Doubleday.

103 3928 197 52 Doran
330 3930 46 49 &
406 3947 295 51 company,
735 3930 123 58 inc.,
894 3936 149 48 1931.
