2428 4370
1275 4005 134 51 1626

319 360 282 65 Bartlett,
635 360 144 65 Floy
810 359 204 55 Little.

393 441 121 53 The
546 440 144 70 busy
724 440 165 68 book,
922 440 76 68 by
1033 439 148 70 Floy
1214 439 179 54 Little
1429 441 251 51 Bartlett
1714 441 113 52 and
1861 439 178 54 Alida
2078 439 258 54 Conover

384 516 1916 72 … Garden City, N. Y., Doubleday, Doran & company, inc.,
325 600 152 51 1931.

389 678 25 39 1
442 687 43 39 p.
549 708 9 16 l.,
585 675 58 42 70
669 686 44 39 p.
775 676 126 41 illus.
963 674 147 42 21½ᶜᵐ.

392 734 206 41 “Junior
626 732 194 42 books.”

391 790 165 41 “First
586 788 230 43 edition.”

323 858 57 55 ©
411 862 129 48 Sept.
573 862 69 42 17,
676 860 113 42 1931;
852 861 67 40 2c.
954 862 97 39 and
1084 860 82 42 aff.
1203 861 129 48 Sept.
1365 860 57 40 24;
1484 861 43 39 A
1557 859 148 42 42967;
1768 860 51 41 F.
1854 860 51 40 L.
1939 860 230 48 Bartlett,
391 858 1924 102 Winnetka.

588 919 90 47 Ill.,
711 920 95 39 and
837 918 146 40 Alida
1016 918 231 41 Conover.
1281 919 118 39 New
1430 918 144 40 York.
1647 917 281 49 (31-30235)

323 1013 222 66 Baylis,
581 1014 233 56 Louise.

395 1094 375 69 Rhythmical
816 1094 289 66 exercises,
1149 1095 176 53 dance
1369 1092 216 55 studies
1630 1095 112 52 and
1788 1095 221 52 dances,
2057 1094 278 65 arranged

325 1174 74 67 by
443 1173 207 54 Louise
693 1173 215 69 Baylis.
996 1173 157 66 [New
1196 1172 287 67 Rochelle,
1525 1173 69 51 N.
1642 1172 91 69 Y.,
1777 1172 121 54 The
1941 1170 178 55 Little
2163 1170 177 68 print,

329 1255 151 65 1931]

394 1330 309 49 89 p. 22 ᶜᵐ .
327 1400 51 52 ©
409 1404 128 48 Sept.
565 1403 70 48 16,
661 1402 140 47 1931;
830 1403 68 40 2c.
925 1405 96 39 and
1049 1402 82 41 aff.
1160 1402 101 40 Oct.
1291 1402 26 39 5;
1373 1401 42 40 A
1440 1401 174 48 42870;
1643 1403 51 39 L.
1724 1401 185 48 Baylis,
1937 1402 117 39 New
2083 1402 143 39 York.

408 1460 282 49 (31-30236)

326 1557 144 64 Bell,
502 1556 248 55 Adrian.

403 1636 190 55 Silver
619 1637 107 68 ley,
753 1636 74 69 by
854 1634 228 54 Adrian
1112 1635 145 53 Bell.
1321 1634 138 53 New
1489 1634 181 69 York,
1696 1635 191 69 Dodd,
1916 1635 170 53 Mead
2116 1636 50 50 &
332 1652 1986 134 company,

533 1719 152 50 1931.

392 1794 535 51 4 p. l., 422 p. 21 ᶜᵐ .
329 1851 51 52 ©
414 1854 128 48 Sept.
573 1854 69 42 18,
672 1852 115 40 1931;
844 1852 68 39 2c.
946 1851 128 49 Sept.
1105 1851 82 47 25;
1220 1850 83 41 aff.
1336 1850 102 41 Oct.
1468 1850 54 48 9;
1555 1852 41 38 A
1624 1850 172 47 44207;
1830 1852 52 38 A.
1914 1851 121 47 Bell,
2066 1852 168 42 Acton,
2266 1862 71 28 nr.

399 1911 240 47 Sudbury,
667 1909 201 43 Suffolk,
896 1909 237 46 England.
1205 1907 282 49 (31-29969)

327 2006 295 64 Beudant,
657 2007 68 54 E.

397 2084 189 53 Horse
625 2083 287 69 training;
956 2083 268 53 out-door
1263 2083 112 53 and
1417 2081 143 70 high
1599 2083 210 66 school,
1847 2083 76 69 by
1965 2083 67 52 E.
2075 2083 264 53 Beudant

389 2160 1952 71 … with preface by M. Th. Monod … and introduction by Lt.
330 2238 2012 71 Col. John A. Barry … the translator. New York, London,
329 2317 64 56 C.
422 2317 315 56 Scribner’s
767 2334 148 52 sons,
945 2319 152 51 1931.

466 2431 8 15 xv,
508 2399 87 41 148
623 2409 43 38 p.
728 2399 126 40 illus.
916 2397 117 42 23ᶜᵐ.

332 2454 51 52 ©
421 2458 102 41 Oct.
558 2458 39 47 2,
632 2456 114 42 1931;
809 2457 66 41 2c.
913 2457 102 41 Oct.
1051 2457 59 40 10;
1170 2457 82 42 aff.
1289 2457 101 41 Oct.
1427 2458 56 39 12;
1548 2459 41 39 A
1622 2457 145 41 44012;
1909 2468 130 30 Charles
2075 2457 266 41 Scribner’s

399 2525 126 31 sons.
597 2515 281 49 (31-30288)

330 2611 356 65 Blanchard,
720 2610 178 54 Leola
931 2611 278 57 Howard.

402 2687 287 70 Conquest
713 2687 65 54 of
799 2688 311 54 southwest
1133 2687 247 70 Kansas,
1403 2688 78 70 by
1503 2689 173 53 Leola
1703 2689 260 54 Howard
1989 2689 352 66 Blanchard;

331 2785 29 34 a
396 2767 224 69 history
655 2767 114 53 and
803 2766 273 71 thrilling
1108 2767 201 53 stories
1345 2766 65 54 of
1446 2766 249 54 frontier
1730 2766 106 55 life
1872 2767 61 53 in
1969 2767 96 54 the
2100 2773 145 48 state
2281 2767 65 54 of

330 2844 1872 71 Kansas. [Wichita, Kan., The Wichita eagle press, ᶜ19 31]
400 2926 809 49 2 p. l., 3-355 p. illus. 20½ ᶜᵐ .
334 2981 52 52 ©
417 2985 101 42 Oct.
549 2987 25 38 1,
618 2985 114 41 1931;
790 2985 68 42 2c.
887 2988 95 39 and
1013 2987 82 40 aff.
1127 2987 102 40 Oct.
1260 2987 56 40 15;
1376 2988 40 38 A
1444 2986 147 42 43218;
1649 2988 50 39 L.
1729 2988 61 40 H.
1821 2988 296 42 Blanchard,
2150 2987 194 40 Garden

407 3042 124 48 City.
563 3044 123 39 Kan.
760 3043 281 49 (31-30064)

333 3140 330 64 Boettiger,
701 3140 174 55 John.

409 3218 147 55 Jake
597 3219 234 69 Lingle:
875 3240 82 49 or,
997 3221 255 70 Chicago
1293 3242 70 33 on
1402 3223 95 51 the
1538 3228 147 63 spot,
1724 3223 75 68 by
1837 3223 158 53 John
2036 3221 311 69 Boettiger.

337 3296 1336 72 New York, E. P. Dutton & co., inc. [ ᶜ19 31]
400 3376 1548 51 235 p. incl. front., illus. plates, ports., facsims. 19 ½ᶜᵐ .
401 3433 164 42 “First
595 3434 229 41 edition.”

337 3487 51 52 ©
419 3492 102 41 Oct.
551 3493 26 40 6,
678 3494 82 46 1931;
790 3493 66 41 2c.
886 3496 95 38 and
1009 3495 83 40 aff.
1122 3495 101 41 Oct.
1254 3495 53 47 8;
1337 3495 41 40 A
1405 3494 174 49 42955;
1610 3496 54 41 E.
1693 3496 49 39 P.
1775 3496 189 40 Dutton
1993 3495 37 41 &
2058 3505 81 33 co.,
2169 3496 91 39 inc.

415 3548 281 48 (31-29932)

337 3644 121 54 The
483 3643 150 54 book
659 3648 64 53 of
746 3649 246 68 popular
1014 3649 215 54 science;
1284 3650 95 53 the
1405 3650 258 55 wonders
1688 3651 64 52 of
1775 3651 237 54 modern
2038 3650 313 57 discovery,

408 3723 97 54 the
545 3724 289 70 triumphs
875 3727 64 53 of
981 3727 290 54 inventive
1312 3727 218 70 genius,
1569 3729 96 52 the
1706 3734 157 65 story
1903 3728 65 54 of
2008 3730 77 51 all
2128 3729 221 53 created

410 3800 196 71 things
635 3805 112 52 and
776 3805 95 52 the
901 3805 181 54 world
1112 3806 136 69 they
1277 3805 112 54 live
1417 3806 77 53 in.
1571 3826 51 33 v.
1656 3810 80 50 16.
1815 3810 132 50 1931
1980 3808 212 52 annual
410 3825 1916 118 supplements.

785 3881 272 68 [Clinton,
1089 3883 156 53 Mass.,
1314 3885 122 53 The
1470 3883 262 56 Colonial
1766 3902 175 51 press,
1972 3884 125 57 inc.,
2133 3888 151 64 1931]
