2505 4370
1015 4011 132 49 1019

147 457 376 49 Bibliography:
554 468 43 38 p.
627 458 69 40 31.

85 514 52 52 ©
165 518 114 48 Apr.
307 517 69 47 25,
405 516 142 48 1930;
577 516 67 40 2c.
679 517 111 46 July
819 516 68 48 25,
918 515 140 45 1931;
1090 515 84 42 aff.
1204 517 116 46 July
1349 516 83 47 24;
1465 517 40 38 A
1534 515 172 43 40094;
1740 516 48 41 C.
1820 516 54 39 N.
1908 515 166 41 Dowd.

155 574 235 49 Saratoga
424 575 213 47 Springs,
667 575 56 39 N.
753 575 52 38 Y.
877 574 279 48 (31-16776)

80 655 217 64 Drury,
326 654 248 53 Francis
597 654 190 53 Keese
814 653 325 65 Wynkoop,
1170 654 173 54 1878-

211 728 1862 67 … The broadcaster and the librarian; how the radio station
78 808 112 52 and
222 808 96 52 the
347 807 222 68 library
597 825 103 34 can
729 807 133 68 help
894 807 135 52 each
1060 807 179 66 other,
1271 806 75 69 by
1377 807 239 52 Francis
1648 806 75 53 K.
1754 807 90 53 W.
1877 807 196 67 Drury

140 883 1934 69 … New York city, National advisory council on radio in
77 960 316 67 education,
431 962 150 50 1931.

146 1039 57 42 28
232 1050 42 37 p.
364 1039 87 42 19ᶜᵐ.
523 1039 270 51 ([National
828 1040 229 47 advisory
1091 1040 186 41 council
1311 1052 60 28 on
1407 1040 136 41 radio
1579 1040 48 39 in
1661 1040 274 49 education]
76 1041 1981 95 Information
369 1096 163 40 series,
593 1107 75 30 no.
694 1097 39 40 3.
791 1095 238 49 Levering
1053 1096 175 47 Tyson,
1258 1096 182 49 editor)

85 1149 52 52 ©
168 1153 113 48 Apr.
311 1153 68 48 27,
412 1152 141 44 1931;
586 1153 66 41 2c.
685 1155 95 39 and
812 1154 80 39 aff.
927 1155 112 46 May
1072 1154 81 46 18;
1187 1154 41 39 A
1260 1153 171 48 38242;
1466 1155 116 39 Natl.
1630 1154 228 48 advisory
1890 1153 186 40 council

153 1219 58 30 on
240 1210 136 40 radio
404 1210 50 39 in
480 1210 271 40 education.
822 1210 278 47 (31-16614)

81 1288 280 65 Earhart,
393 1290 151 63 Will,
581 1290 169 55 1871-

147 1367 121 52 The
297 1365 262 70 eloquent
588 1367 190 66 baton,
810 1368 75 67 by
914 1365 142 56 Will
1087 1367 269 52 Earhart.
1432 1368 138 51 New
1604 1367 179 70 York,
1815 1369 78 52 M.
75 1368 1975 128 Witmark

267 1448 426 63 & sons [ ᶜ1 931]
149 1525 1231 49 vi p., 2 l., 93 p. illus. (music) diagrs. 21ᶜᵐ.
85 1578 52 52 ©
164 1582 126 41 June
315 1583 68 48 13,
411 1582 141 48 1931;
580 1584 66 39 2c.
675 1584 96 39 and
798 1583 81 40 aff.
907 1584 130 40 June
1060 1583 82 47 16;
1171 1584 41 39 A
1238 1583 172 47 37983;
1441 1584 63 39 M.
1533 1583 245 40 Witmark
1804 1588 36 41 &
1868 1593 125 31 sons.

163 1639 278 49 (31-16786)

79 1719 225 65 Elliott,
336 1720 194 53 Mabel
560 1720 222 65 Agnes.

149 1794 349 71 Conflicting
549 1797 168 67 penal
768 1797 244 53 theories
1063 1797 61 52 in
1174 1801 286 65 statutory
1513 1796 263 53 criminal
1827 1797 126 65 law,
2003 1794 75 69 by

76 1873 2001 71 Mabel A. Elliott … Chicago, Ill., The University of Chicago
75 1954 385 64 press [ ᶜ1 931 ]
147 2032 103 48 xiii,
283 2032 87 42 274
404 2045 43 37 p.
507 2035 116 39 21ᶜᵐ.

148 2089 377 49 Bibliography:
555 2101 42 37 p.
623 2091 217 40 253-260.

86 2143 52 52 ©
169 2149 114 46 May
313 2147 68 49 19,
413 2147 141 47 1931;
588 2148 67 40 2c.
688 2149 124 39 June
844 2147 53 47 9;
933 2148 81 40 aff.
1046 2149 128 39 June
1205 2149 54 46 8;
1293 2149 40 37 A
1364 2147 171 48 38640;
1572 2147 282 48 University
1886 2147 52 39 of
153 2147 1909 106 Chicago,
319 2204 222 49 Chicago.
616 2205 279 48 (31-16657)

82 2271 348 64 Engleman,
460 2271 165 53 Finis
654 2272 67 54 E.

210 2345 1805 71 … Airways, by F. E. Engleman … and Julia Salmon …
79 2423 1851 70 Boston, New York [etc.] D. C. Heath and company [ ᶜ1 931]
147 2504 62 48 vi,
237 2504 85 41 180
348 2515 43 38 p.
448 2505 163 48 front.,
639 2505 128 41 illus.
824 2505 145 40 19½ᶜᵐ.
1040 2505 187 48 (Heath
1257 2506 396 46 supplementary
1682 2505 221 47 readers)

87 2561 52 52 ©
170 2565 127 41 June
326 2566 68 45 13,
428 2563 139 48 1931;
600 2565 68 39 2c.
701 2565 126 39 June
856 2563 82 48 22;
974 2564 79 40 aff.
1088 2564 127 40 June
1245 2563 83 48 19;
1362 2564 41 39 A
1433 2563 172 47 40023;
1642 2563 51 41 F.
1726 2564 54 40 E.
1813 2563 263 44 Engleman

155 2623 96 39 and
281 2622 133 39 Julia
449 2621 208 48 Salmon,
689 2622 197 40 Kansas
917 2621 123 47 City,
1073 2622 93 40 Mo.
1236 2620 282 50 (31-16580)

41 2704 9 9 •
84 2686 178 66 Field,
292 2688 204 53 James
526 2687 229 62 Alfred,
790 2688 324 54 1880-1927.

147 2765 211 67 Essays
399 2783 70 33 on
511 2763 352 68 population,
905 2763 112 53 and
1057 2763 159 52 other
1259 2781 222 51 papers,
1519 2762 75 70 by
1635 2762 192 54 James
1866 2761 209 53 Alfred

79 2839 182 69 Field,
289 2839 256 70 together
571 2839 140 55 with
738 2840 261 54 material
1029 2839 150 53 from
1207 2839 90 55 his
1325 2846 157 48 notes
1510 2838 112 53 and
1648 2839 254 66 lectures,
78 2857 1974 128 compiled

260 2918 111 53 and
399 2917 189 54 edited
612 2918 75 69 by
712 2918 185 53 Helen
925 2918 200 53 Fisher
1151 2917 290 69 Hohman,
1467 2917 139 53 with
1634 2938 32 33 a
1693 2916 283 55 foreword
2003 2917 75 68 by

78 2994 191 54 James
300 2996 210 68 Bonar,
539 3015 85 34 ll.
652 3014 48 33 d.
777 2995 268 69 Chicago,
1075 2995 111 67 Ill.,
1216 2996 121 52 The
1367 2994 334 68 University
1734 2994 64 53 of
1828 2994 249 68 Chicago

78 3090 154 50 press
264 3076 173 65 [1931]

150 3153 131 50 xxix,
322 3156 86 39 440
449 3166 41 37 p.
550 3155 134 40 front.
728 3154 168 49 (port.)
948 3153 176 50 diagrs.
1185 3155 146 40 21½ᶜᵐ.
1404 3155 297 48 (Half-title:
1740 3157 103 40 The
83 3155 1979 105 University

213 3212 52 40 of
303 3211 209 46 Chicago
552 3211 184 41 studies
774 3211 47 40 in
859 3211 278 48 economics,
1177 3214 108 46 pub.
1327 3213 149 39 under
1516 3214 81 37 the
1635 3212 234 41 direction
1908 3213 52 40 of
1996 3213 83 41 the

81 3266 137 48 Dept,
246 3267 53 40 of
324 3268 277 48 economics,
629 3268 80 43 the
736 3267 281 50 University
1046 3268 52 41 of
1126 3267 222 48 Chicago,
1409 3280 74 29 no.
1513 3271 50 44 1)

153 3324 188 39 “Books
373 3326 95 39 and
501 3324 272 47 pamphlets
806 3336 59 28 on
896 3324 282 48 population
1211 3326 51 38 in
1295 3326 82 40 the
1411 3325 182 48 library
1627 3326 53 40 of
1711 3326 166 40 James
1907 3327 171 39 Alfred

83 3378 161 41 Field”:
307 3390 43 38 p.
380 3380 217 40 403-424.

91 3432 52 52 ©
170 3437 125 40 June
323 3437 68 41 16.
422 3436 139 47 1931;
593 3437 64 38 2c.
687 3439 94 38 and
811 3437 82 41 aff.
923 3438 126 39 June
1076 3436 82 48 25;
1190 3438 40 39 A
1259 3437 172 48 39093;
1465 3438 282 49 University
1775 3440 52 39 of
1858 3438 222 48 Chicago,

159 3494 222 44 Chicago.
452 3492 278 49 (31-16702)

88 3558 242 65 Garber,
358 3560 148 53 Paul
532 3559 158 65 Neff,
722 3566 168 49 1899-

156 3638 120 51 The
311 3655 260 34 romance
606 3637 63 52 of
704 3638 305 52 American
1045 3636 347 55 Methodism
1433 3638 88 68 [by]
1584 3639 144 52 Paul
1768 3638 131 53 Neff
85 3638 1968 127 Garber

277 3714 1562 68 … Greensboro, N. C., The Piedmont press, 1931.
158 3794 661 49 vii p., 2 l., 343 p. 19½ᶜᵐ.
94 3846 52 52 ©
174 3852 112 47 Apr.
315 3853 38 45 1,
383 3851 141 43 1931;
555 3853 65 40 2c.
651 3854 94 38 and
775 3853 80 39 aff.
886 3854 78 38 May
1030 3854 80 45 13;
1142 3853 39 38 A
1209 3853 172 44 38840;
1414 3853 265 41 Methodist
1709 3854 149 39 board
1889 3854 53 38 of
161 3854 1902 94 publication.
401 3909 105 46 inc.,
538 3909 312 47 Greensboro,
879 3910 54 38 N.
963 3910 48 40 C.
1083 3910 279 47 (31-16675)
