2428 4370
1208 4063 141 52 2204

325 485 1947 52 ix, 189, [1] p. illus. 19 ᶜᵐ . (Added t.-p.; Verständliche wissenschaft.
255 545 70 42 13.
359 543 103 51 bd.)

265 602 1849 53 © Sept. 29, 1931; 1c. Nov. 30; A— Foreign 14521; Julius Springer.
341 661 253 51 (32-2919)

255 758 148 53 New
432 756 183 55 York.
690 754 424 66 Metropolitan
1146 770 273 40 museum
1449 755 65 54 of
1542 759 117 52 art.

392 832 1884 71 … Chinese textiles; an introduction to the study of their
257 913 239 70 history,
533 930 241 51 sources,
805 910 319 72 technique,
1158 909 350 72 symbolism,
1543 912 112 53 and
1689 930 113 50 use,
1837 912 329 54 occasioned
2199 914 73 69 by

257 993 96 54 the
383 990 321 57 exhibition
735 990 63 54 of
832 990 242 57 Chinese
1106 995 162 49 court
1298 990 162 53 robes
1489 991 113 52 and
1636 990 350 71 accessories,
2014 991 75 69 by
2120 992 154 52 Alan

257 1070 192 54 Priest
481 1072 115 52 and
627 1069 245 55 Pauline
908 1069 304 56 Simmons.
1289 1069 139 54 New
1463 1070 182 69 York,
1679 1069 311 53 December
2024 1074 47 63 8,
2106 1075 169 50 1931-

257 1151 267 68 January
551 1151 84 66 31,
665 1150 151 52 1932.
951 1148 141 54 [New
1120 1147 182 68 York]
1338 1150 153 51 1931.

365 1229 978 52 x, 88 p., 1 l. incl. illus., plates. 22 ᶜᵐ .
330 1289 66 41 At
431 1290 126 39 head
592 1290 52 39 of
680 1288 109 40 title;
853 1288 101 40 The
993 1287 350 48 Metropolitan
1382 1296 221 31 museum
1640 1288 51 39 of
1725 1288 94 39 art.

336 1346 95 41 “Of
467 1346 100 42 this
606 1346 124 41 book
766 1344 131 50 1,000
934 1345 161 49 copies
1133 1354 128 31 were
1297 1343 209 50 printed,
1546 1345 279 48 December,
1864 1345 158 41 1931.”

330 1404 354 49 Bibliography:
743 1414 45 39 p.
817 1402 160 43 87-88.

266 1459 51 53 ©
350 1464 112 40 Dec.
497 1463 69 48 10,
600 1462 114 41 1931;
777 1462 67 40 2c.
879 1463 96 39 and
1008 1460 82 42 aff.
1126 1461 113 42 Dec.
1273 1460 55 41 16;
1392 1461 42 38 A
1465 1459 145 42 46392;
1675 1460 351 50 Metropolitan
2060 1471 222 30 museum

333 1521 52 40 of
418 1524 93 45 art,
544 1522 120 39 New
694 1520 146 42 York.
911 1517 254 52 (32-2094)

260 1623 173 68 Offel,
463 1626 231 54 Horace
724 1642 134 49 van,
889 1625 173 55 1876-

329 1701 79 53 Le
436 1701 293 54 casse-tête
757 1699 221 69 malais,
1008 1719 108 50 par
1142 1699 229 54 Horace
1399 1718 112 34 van
1540 1698 171 56 Offel.
1776 1698 187 70 Paris,
1992 1698 287 56 Librairie

259 1777 880 72 des Champs-Élysées [ ᶜ1 931]
327 1859 1951 54 2 p. l., [7]-248 p. 18 ᶜᵐ . (Half-title; Le masque, collection de romans
258 1917 503 52 d’aventures. [ 90])
267 1974 2015 110 © Sept. 5, 1931; 1c. Nov. 30; A—Foreign 14426; Librairie des Champs-Élysées. (32-3030)
263 2129 298 67 Opdycke,
593 2130 157 55 John
779 2130 215 66 Baker,
1028 2131 173 55 1878-

331 2207 254 66 Projects
618 2207 57 51 in
707 2206 345 69 elementary
1082 2206 266 69 English,
1379 2207 72 71 by
1483 2207 156 54 John
1671 2207 65 52 B.
1772 2206 292 70 Opdycke.
258 2208 1996 138 London,

419 2283 1551 72 New York [etc.] Oxford university press [ ᶜ1 931]
329 2366 930 51 xix, 726 p. front., plates. 20½ ᶜᵐ .
269 2423 51 53 ©
349 2428 112 40 Dec.
488 2427 70 47 10,
586 2425 116 42 1931;
758 2427 66 39 2c.
853 2427 96 39 and
976 2425 83 41 aff.
1088 2426 111 40 Dec.
1228 2424 56 41 19;
1341 2426 42 39 A
1408 2424 147 42 45559;
1614 2426 189 42 Oxford
1831 2427 273 49 university
2132 2437 150 39 press,

336 2486 119 39 New
486 2485 145 47 York,
665 2484 92 41 inc.
828 2482 253 51 (32-1913)

258 2591 232 64 Pastre,
519 2590 54 55 J.
600 2591 66 56 L.
696 2589 246 56 Gaston.

397 2662 1884 69 … Flammes sur la neige, par G. Pastre, illustrations de
262 2743 71 53 A.
361 2742 246 53 Pécoud.
696 2740 187 68 [Paris]
916 2740 286 54 Hachette
1260 2743 132 51 [1931]

333 2823 88 42 254
451 2834 58 39 p..
543 2823 26 40 1
623 2856 9 9 l.
665 2823 110 41 incl.
808 2823 167 49 front.,
1007 2821 130 42 illus.
1419 2822 367 50 (Bibliothèque
1818 2822 166 48 bleue)

270 2879 1904 53 © May 20, 1931; 1c. Oct. 12; A— Foreign 13918; Librairie Hachette.
349 2940 253 50 (32-3027)

267 3036 276 63 Penrose,
575 3034 196 66 Boies,
804 3040 171 50 1902-
1191 3036 84 55 ed.

337 3112 108 56 Sea
480 3112 177 70 fights
690 3112 60 53 in
786 3113 96 53 the
918 3113 143 52 East
1096 3112 199 55 Indies
1330 3113 61 52 in
1425 3113 96 53 the
1557 3131 165 50 years
1762 3116 339 66 1602-1639;
2142 3114 142 53 with

266 3190 1993 132 an introduction by Boies Penrose … Cambridge, Mass., Harvard
443 3269 323 69 university
798 3287 177 51 press,
1010 3270 153 52 1931.

335 3348 1122 53 ix, [1]. 297. [1] p. front., facsims. 20½ ᶜᵐ .
343 3409 33 37 A
408 3408 254 41 collection
693 3408 53 40 of
775 3410 373 46 contemporary
1177 3407 339 43 news-letters.
1580 3408 243 41 Accounts
1857 3408 54 41 of
1939 3411 344 46 engagements

267 3464 54 40 of
355 3465 161 40 which
551 3475 61 30 no
649 3465 324 41 news-letters
1010 3465 131 41 exist
1178 3467 125 39 have
1341 3464 120 41 been
1499 3464 221 49 supplied
1761 3467 127 38 from
1928 3465 82 42 the
2048 3476 147 39 pages
2234 3466 54 41 of

267 3522 218 40 Purchas
511 3533 56 29 or
589 3522 53 41 of
669 3520 80 42 Sir
774 3523 212 40 Thomas
1013 3521 215 42 Herbert.
1301 3523 62 46 cf.
1392 3522 275 41 Foreword.

338 3578 136 42 “List
500 3580 52 40 of
578 3580 162 40 works
767 3578 282 42 consulted”:
1105 3589 44 38 p.
1177 3577 239 52 297-[298]

274 3632 52 52 ©
351 3637 114 43 Dec.
489 3640 40 40 7,
554 3636 114 43 1931;
723 3638 67 40 2c.
816 3638 113 41 Dec.
955 3638 55 40 10;
1065 3638 81 39 aff.
1173 3638 113 41 Dec.
1312 3636 56 41 29;
1422 3639 42 38 A
1487 3638 146 40 45684;
1689 3638 257 42 President
1973 3640 95 39 and
2095 3638 191 41 fellows

343 3695 52 39 of
424 3696 232 39 Harvard
687 3695 192 49 college,
912 3694 304 49 Cambridge,
1249 3696 147 40 Mass.
1469 3696 252 49 (32-2142)

263 3784 274 65 Rabette,
570 3785 327 65 Charlotte,
930 3791 173 50 1896-

402 3858 1627 71 … La cuisine exotique chez soi, avec des Souvenirs
272 3865 1988 129 gastronomiques
605 3938 68 54 de
715 3957 132 35 mm.
948 3957 178 51 Varma,
1169 3938 73 55 A.
1286 3939 69 53 de
1398 3939 430 68 Pouvourville,
1872 3939 150 54 mile.
2066 3938 218 69 Djemil
