2505 4370
1016 4016 136 53 1101

173 450 1558 51 3 p. l., ix-xxii, 393 p. illus., XV pl. on 16 l., diagrs. 24 ᶜᵐ.
173 510 74 39 An
283 511 332 45 enlargement
652 509 51 40 of
738 519 29 29 a
803 519 150 38 paper
991 509 257 47 presented
1283 508 166 40 before
1487 509 80 40 the
1608 508 183 40 Seattle
1831 507 181 40 section
2051 507 53 39 of

105 567 81 41 the
216 567 259 40 American
505 565 226 42 institute
764 566 51 41 of
846 565 247 41 electrical
1124 564 253 49 engineers
1408 563 49 41 in
1490 564 115 41 1920
1636 565 95 40 and
1765 563 255 50 published
2051 568 53 37 at

106 626 108 39 that
250 625 115 40 time
400 624 50 39 in
484 624 81 40 the
600 624 205 40 Journal
842 623 52 40 of
928 623 80 39 the
1046 622 235 40 Institute
1316 622 153 39 under
1503 622 82 40 the
1618 621 108 42 title
1762 622 51 40 of
1847 623 100 39 The
105 623 1980 99 relation

237 682 51 39 of
318 681 196 40 radiant
543 691 176 37 energy
749 682 49 38 to
827 681 194 46 matter,
1052 689 142 37 space
1223 679 97 40 and
1351 678 130 41 time.
1545 679 61 48 cf.
1637 679 131 40 Pref.

109 735 52 52 ©
194 739 115 47 July
340 738 68 46 10,
443 737 139 47 1931;
616 737 68 42 2c.
716 738 96 39 and
845 736 81 41 aff.
959 736 115 48 July
1106 737 82 47 14;
1223 736 44 39 A
1295 736 173 48 40355;
1504 736 43 40 J.
1582 736 57 41 D.
1673 737 137 47 Ross,
1846 736 199 41 Seattle.

186 795 278 49 (31-18727)

103 888 241 67 Seltzer,
377 889 246 56 Charles
652 888 208 65 Alden,
894 890 170 55 1875-

175 969 55 53 A
257 988 101 35 son
388 968 65 55 of
482 968 271 69 Arizona,
782 970 75 67 by
888 967 236 56 Charles
1155 966 192 54 Alden
1381 966 231 56 Seltzer.
1688 965 235 56 Garden
1952 966 156 70 City,

105 1044 1547 72 N. Y., Doubleday, Doran & company, inc. [ ᶜ1 931]
175 1128 90 39 315
298 1138 42 37 p.
400 1126 59 40 20ᶜᵐ.

176 1184 161 39 “First
368 1183 227 40 edition.”

109 1236 52 52 ©
198 1241 116 46 July
348 1239 41 50 9,
427 1240 140 45 1931;
607 1239 67 40 2c.
710 1240 95 39 and
844 1239 82 41 aff.
964 1239 115 47 July
1116 1238 82 46 18;
1238 1238 42 39 A
1316 1237 172 48 40408;
1530 1237 49 42 C.
1617 1237 54 40 A.
1713 1238 197 48 Seltzer,
1948 1238 156 40 North

178 1298 261 47 Olmstead,
470 1297 136 40 Ohio.
676 1296 279 48 (31-18587)

102 1393 424 64 Shampanore,
558 1391 216 65 Frank,
806 1410 178 51 comp.

174 1471 244 69 History
450 1472 112 52 and
594 1471 285 69 directory
910 1470 64 54 of
1004 1470 245 53 Warren
1281 1475 225 63 county,
1540 1468 139 54 New
1710 1468 219 71 Jersey,
104 1487 1978 130 compiled

102 1546 1978 149 by Frank Shampanore … Washington, N. J., Shampanore & sons, ᶜ1 931.
168 1704 1874 51 1 v . front., illus. (incl. ports.) plates (1 fold.) maps (1 fold.) 28 ᶜᵐ.
166 1762 274 42 Loose-leaf

109 1817 51 52 ©
189 1821 109 40 Jan.
327 1823 41 45 1,
395 1819 141 43 1931;
567 1819 67 41 2c.
664 1820 126 40 June
818 1818 83 42 29;
933 1819 82 40 aff.
1046 1819 115 48 July
1190 1819 52 47 8;
1276 1819 41 39 A
1344 1818 171 48 39390;
1551 1819 331 49 Shampanore
1913 1820 36 40 &
1978 1830 127 40 sons,

177 1879 90 40 inc.
339 1877 281 49 (31-18276)

102 1972 362 64 Shankland,
496 1972 199 52 Frank
728 1970 216 57 North.

171 2049 122 55 The
328 2049 131 53 bird
497 2048 164 68 book,
701 2047 387 54 observations
1128 2048 64 52 of
1230 2048 131 54 bird
1400 2046 123 69 life,
1559 2049 77 69 by
1675 2049 198 53 Frank
1912 2050 188 53 North

103 2126 355 68 Shankland,
496 2125 325 53 illustrated
857 2126 76 70 by
969 2127 152 51 Fern
1157 2125 157 54 Bisel
1348 2128 159 51 Peat.
1583 2126 220 70 Akron,
1840 2126 86 69 O.,
1961 2128 141 53 New

101 2202 1556 71 York, The Saalfield publishing company [ ᶜ1 931]
170 2285 1381 48 3 p. l. , 11-60 p. col. front., illus., col. plates. 31 ᶜᵐ.
107 2338 52 52 ©
189 2343 126 39 June
344 2342 68 48 15,
442 2341 142 49 1931;
617 2342 67 42 2c.
715 2344 95 38 and
840 2343 81 39 aff.
954 2343 115 47 July
1099 2343 54 47 3;
1186 2343 41 39 A
1257 2341 171 48 39233;
1465 2343 230 41 Saalfield
1725 2343 108 48 pub.
1867 2354 66 29 co.

184 2399 281 49 (31-18732)

101 2492 309 67 Sherman,
439 2493 223 55 Harold
688 2495 272 64 Morrow,
990 2499 171 50 1898-

172 2571 1929 71 Strike him out! By Harold M. Sherman … New York,
99 2649 120 52 The
248 2649 328 55 Goldsmith
606 2648 335 70 publishing
967 2666 78 37 co.
1153 2652 119 65 [ᶜ1931]

168 2730 519 48 4 p. l., 7-240 p. 19½ ᶜᵐ.
106 2782 52 52 ©
190 2787 114 47 Apr.
335 2786 69 48 15,
436 2786 113 41 1931;
610 2787 68 41 2c.
710 2789 95 38 and
840 2788 79 39 aff.
954 2788 127 40 June
1112 2789 54 39 17;
1228 2788 43 39 A
1300 2788 145 40 40443;
1507 2789 62 41 H.
1603 2789 62 41 M.
1702 2789 249 49 Sherman,
1985 2789 118 41 New

174 2845 142 40 York.
388 2845 281 49 (31-18735)

101 2937 219 67 Simon,
347 2940 227 65 Eugen,
605 2941 172 56 1874-

233 3018 1868 71 … Härten und vergüten, von dr.-ing. Eugen Simon. 2. t.
101 3096 109 53 Die
260 3097 196 67 praxis
507 3098 100 52 der
712 3098 509 69 warmbehandlung.
1297 3101 66 66 3.,
1413 3097 181 70 völlig
1643 3098 287 69 umgearb.
1984 3098 118 54 und

101 3173 1458 72 vermehrte aufl. … Berlin, J. Springer, 1931.
171 3254 1921 51 65, [1] p. illus., tables, diagrs. 23 ᶜᵐ. (Werkstattbücher … h ft. 8)
104 3307 1876 54 © Feb. 11, 1931; 1c May 5; A—Foreign 12732; Julius Springer.
99 3420 291 66 Simonds,
419 3421 254 55 William
702 3422 71 57 A.

167 3498 56 53 A
249 3501 111 68 boy
389 3500 139 52 with
560 3500 236 68 Edison,
825 3502 74 69 by
925 3501 260 55 William
1214 3503 70 53 A.
1319 3502 294 67 Simonds;
1647 3502 142 54 with
1819 3521 71 35 an
98 3503 1973 126 introduction

371 3577 76 68 by
488 3577 238 54 Francis
768 3579 161 66 Jehl;
973 3579 325 54 illustrated
1338 3581 76 68 by
1454 3581 189 52 actual
1684 3580 410 69 photographs.

98 3652 229 56 Garden
362 3654 153 69 City,
545 3654 69 53 N.
645 3655 91 68 Y.,
767 3656 354 69 Doubleday,
1152 3657 200 52 Doran
1381 3658 45 51 &
1457 3675 297 52 company,
1784 3658 127 69 inc.,
1943 3660 150 52 1931.

196 3733 1523 51 xv p., 1 l., 285 p. front., illus. (plan) plates. ports. 21 ᶜᵐ.
160 3790 41 39 A
227 3787 89 42 life
343 3790 51 39 of
422 3788 202 42 Francis
652 3791 110 40 Jehl
788 3792 95 40 and
911 3802 26 29 a
968 3796 132 43 story
1126 3792 52 39 of
1203 3794 160 39 Menlo
1391 3794 141 38 Park.

162 3844 161 43 “First
352 3844 227 43 edition.”

101 3897 51 52 ©
185 3902 126 41 June
341 3901 69 48 22,
443 3901 113 41 1931;
616 3902 68 41 2c.
717 3904 96 39 and
846 3903 80 39 aff.
961 3904 115 47 July
1109 3905 25 38 2;
1197 3905 41 38 A
1271 3904 142 41 39271;
1478 3907 70 39 W.
1582 3907 56 41 A.
1672 3907 238 41 Simonds.
167 3907 1907 101 Dearborn,

327 3959 144 42 Mich.
536 3959 280 52 (31-18287)
