2505 4370
1253 4024 137 50 1124

329 373 249 64 Draper,
610 372 229 64 George
870 371 152 67 Otis,
1054 373 173 56 1867-

460 448 1885 72 Venturing betimes, by George Otis Draper … [Milford?
330 529 810 69 Mass., The author, ᶜ1 931]
398 612 970 49 253 p. incl. front. (port.) illus. 24 ᶜᵐ.
333 680 51 52 ©
409 684 128 40 June
561 683 70 48 25,
656 682 112 41 1931;
825 682 66 41 2c.
918 684 117 46 July
1059 684 25 38 1;
1140 683 83 41 aff.
1248 683 118 48 July
1390 682 53 48 9;
1471 682 42 40 A
1535 681 174 50 40309;
1738 682 53 41 G.
1819 682 53 42 O.
1898 683 207 48 Draper,
2131 681 218 50 Milford,

402 743 149 38 Mass.
622 740 283 49 (31-19431)

330 848 177 67 Eells,
536 850 228 55 Walter
794 849 247 66 Crosby,
1075 855 172 51 1886-

407 926 1940 70 The junior college, by Walter Crosby Eells … Boston, New
338 1004 1463 70 York [etc.] Houghton Mifflin company [ ᶜ1 931]
331 1087 2003 100 xxviii, 933 p. front. (port.) diagrs. (1 fold.) 21 ᶜᵐ. (Half-title: Riverside
460 1146 259 41 textbooks
741 1146 50 40 in
815 1146 273 49 education,
1116 1148 71 39 ed.
1212 1146 63 47 by
1301 1148 51 38 E.
1379 1147 52 41 P.
1458 1145 294 50 Cubberley)

405 1216 381 49 Bibliography:
822 1228 43 37 p.
902 1216 231 49 805-810;
1174 1216 299 49 “Suggested
1509 1216 257 48 readings”
1804 1218 54 40 at
1894 1216 81 41 the
2011 1217 94 40 end
2140 1216 54 41 of
2226 1216 121 41 each

333 1274 217 48 chapter.

334 1342 52 53 ©
413 1347 118 47 July
556 1347 39 47 7,
622 1345 141 48 1931;
792 1345 67 43 2c.
886 1346 115 48 July
1029 1347 82 46 15;
1140 1346 83 41 aff.
1250 1346 117 48 July
1394 1346 82 47 14;
1505 1345 44 40 A
1572 1346 172 48 40357;
1775 1346 190 41 Walter
1991 1345 185 49 Crosby
2205 1346 145 47 Eells,

405 1403 236 41 Stanford
673 1404 298 48 University,
1003 1403 144 41 Calif.
1220 1403 284 50 (31-19223)

331 1513 307 66 Eleanore,
667 1517 189 53 Sister
880 1516 218 67 M[ary]
1135 1520 174 50 1890-

402 1593 93 55 On
523 1596 97 53 the
649 1594 208 70 King’s
885 1595 274 69 highway;
1222 1615 31 33 a
1283 1594 223 70 history
1535 1594 65 53 of
1628 1594 97 53 the
1757 1593 209 56 Sisters
1995 1593 65 53 of
2088 1595 98 52 the
2213 1594 137 69 holy

331 1691 153 37 cross
516 1672 65 56 of
614 1674 83 56 St.
729 1674 171 71 Mary
932 1674 64 54 of
1028 1674 95 54 the
1155 1674 366 54 immaculate
1553 1673 353 70 conception,
1938 1672 181 55 Notre
2150 1672 201 67 Dame,

331 1751 2020 72 Indiana, by Sister M. Eleanore … New York, London, D.
329 1831 299 69 Appleton
660 1833 113 52 and
805 1850 300 51 company,
1138 1834 153 51 1931.

396 1913 52 39 xi
474 1922 60 38 p.,
561 1912 26 40 3
649 1942 10 18 l.,
684 1911 145 42 3-447
856 1921 43 39 p.
960 1911 164 49 front.,
1151 1912 173 48 plates,
1352 1912 148 48 ports.
1562 1911 57 40 22½ᶜᵐ.

333 1979 52 53 ©
416 1984 128 40 June
574 1983 69 48 19,
674 1981 141 44 1931;
848 1982 67 42 2c.
947 1984 97 39 and
1075 1983 81 40 aff.
1189 1983 127 40 June
1347 1983 82 46 22;
1463 1982 42 40 A
1534 1981 172 49 39384;
1740 1983 58 41 D.
1829 1982 243 49 Appleton
2103 1987 38 41 &
2168 1994 70 31 co.

412 2040 283 50 (31-19563)

329 2149 219 66 Elster,
580 2150 293 66 Kristian,
905 2156 173 50 1881-

393 2225 92 53 Da
513 2225 95 70 jeg
637 2225 131 54 kom
798 2227 71 53 til
899 2228 273 66 anseeise;
1202 2231 228 49 muntre
1457 2225 268 56 historier
1757 2245 72 36 av
1857 2225 269 55 Kristian
2155 2226 192 54 Elster

329 2309 53 53 d.
411 2328 52 50 y.
543 2308 156 69 Oslo,
726 2309 76 52 H.
832 2308 347 70 Aschehoug
1205 2310 46 50 &
1279 2326 99 52 co.,
1408 2311 151 50 1931.

392 2388 275 49 160 p. 20 ᶜᵐ.
676 2460 136 40 CONTENTS.—Da
852 2459 81 49 jeg
973 2461 109 39 kom
1121 2458 59 43 til
1220 2459 1037 49 anseelse.—Skokkevikøykomiteen.—Da
2300 2460 47 41 vi

324 2515 2022 50 begravet v å r husvert.—Hannibal.— En lang natt.—Uhell.— Den fromme
323 2572 263 43 Johannes.

333 2639 52 53 ©
420 2645 127 41 June
578 2646 69 47 13,
682 2643 108 42 1931;
857 2646 66 39 1c.
958 2646 127 41 June
1116 2645 83 42 30;
1236 2645 313 50 A—Foreign
1582 2645 171 49 12416;
1791 2647 59 39 H.
1885 2646 291 47 Aschehoug
2209 2646 36 41 &
2279 2656 68 30 co.

411 2701 282 48 (31-19304)

327 2815 122 53 The
486 2813 248 54 Federal
769 2822 276 64 reporter.
1122 2817 221 56 Second
1380 2818 186 54 series.
1644 2816 170 57 Cases
1850 2818 216 69 argued
2104 2818 114 53 and
398 2817 1925 131 determined

709 2896 59 52 in
795 2897 95 52 the
918 2897 223 54 Circuit
1168 2902 190 48 courts
1386 2897 64 53 of
1478 2898 238 67 appeals
1742 2898 113 53 and
1883 2895 248 54 District
2157 2899 190 49 courts

399 2972 66 51 of
501 2973 95 52 the
637 2973 217 54 United
896 2974 206 58 States,
1141 2975 217 54 United
1402 2975 189 55 States
1630 2975 181 54 Court
1847 2975 67 53 of
1947 2979 247 48 customs
2233 2972 114 54 and

400 3056 199 62 patent
641 3053 253 67 appeals,
933 3052 184 55 Court
1152 3054 64 53 of
1255 3054 198 53 claims
1491 3054 64 52 of
1591 3055 95 52 the
1725 3053 220 54 United
1986 3052 208 66 States,
2233 3053 114 52 and

400 3128 179 54 Court
608 3130 63 52 of
697 3132 235 66 appeals
958 3132 65 52 of
1048 3132 94 53 the
1169 3131 248 54 District
1441 3132 65 53 of
1533 3132 319 66 Columbia,
1878 3130 141 53 with
396 3131 1926 129 key-number

539 3210 366 52 annotations.
998 3229 52 35 v.
1094 3211 67 53 47
1216 3210 129 71 (2d)
1400 3210 373 69 April-May,
1819 3213 151 50 1931.
2049 3209 83 55 St.
2179 3209 167 68 Paul,

394 3286 161 53 West
587 3286 336 70 publishing
954 3306 97 51 co.,
1085 3292 152 50 1931.

400 3366 1938 52 xxiv, 1154 p. incl. front. (map) 26½ᶜᵐ. (National reporter system)
329 3432 52 53 ©
415 3437 118 49 July
567 3439 40 47 7,
640 3437 142 49 1931;
818 3439 67 40 2c.
919 3439 120 48 Aug.
1075 3440 82 42 15;
1193 3440 83 41 aff.
1311 3441 121 46 Aug.
1467 3441 81 47 17;
1586 3442 41 39 A
1661 3440 173 48 40796;
1872 3441 135 40 West
2041 3440 111 47 pub.
2187 3448 67 31 co.

324 3546 174 65 Ford,
532 3548 229 65 George
792 3549 276 65 Burdett,
1103 3551 328 56 1879-1930.

396 3625 284 70 Building
716 3626 219 71 height,
971 3628 158 69 bulk,
1166 3630 116 52 and
1322 3629 183 69 form;
1546 3631 129 51 how
1714 3629 212 68 zoning
1962 3646 105 35 can
2103 3627 68 53 be
2206 3627 137 52 used

330 3719 60 35 as
413 3721 31 33 a
471 3704 322 66 protection
818 3706 229 69 against
1072 3707 369 54 uneconomic
1467 3713 166 63 types
1661 3706 64 54 of
1749 3705 298 70 buildings
2073 3723 74 35 on
2173 3704 166 69 high-

329 3780 1949 74 cost land, by George B. Ford … assisted by A. B. Randall …
329 3856 2012 79 and Leonard Cox … Cambridge, Harvard university press,
328 3936 152 51 1931.
