2428 4370
1299 4065 134 52 1502

337 497 646 47 authors.—Chronological
1030 497 81 42 list
1152 499 52 39 of
1243 498 550 48 references.—Subject
1834 498 158 41 index.

345 567 52 53 ©
429 572 128 48 Sept.
587 571 68 48 15,
686 569 113 42 1931;
858 569 66 41 2c.
957 572 95 39 and
1082 569 83 43 aff.
1198 569 127 48 Sept.
1357 569 54 40 21;
1471 571 41 38 A
1540 568 147 42 42467;
1746 569 361 41 Davis-Greene
415 580 1923 89 corporation.

604 627 281 50 (31-25002)

342 723 333 65 Galbraith,
704 724 156 54 John
890 724 229 54 Albert.

413 803 279 70 Pilgrims
727 802 58 53 in
824 804 308 56 Palestine,
1167 804 76 69 by
1280 803 55 54 J.
1372 802 73 53 A.
1483 801 328 71 Galbraith,
1885 844 11 11 D.
1970 844 11 10 D.
2055 801 305 71 Ridgway,

342 885 121 67 Pa.,
496 886 152 50 1930.

413 962 701 50 128 p. front. (port.) 18 ᶜᵐ.
350 1030 53 53 ©
439 1034 116 48 July
591 1036 40 46 7,
668 1034 140 47 1931;
846 1033 66 41 2c.
950 1035 120 46 Aug.
1108 1034 81 46 13;
1229 1033 83 40 aff.
1350 1034 113 46 May
1500 1032 82 48 12;
1622 1033 40 39 A
1697 1031 172 49 38197;
1910 1033 42 40 J.
1992 1033 52 40 A.
2085 1031 273 47 Galbraith,

422 1092 253 47 Ridgway,
702 1092 84 39 Pa.
860 1091 283 49 (31-13247)

346 1186 248 65 Gilbert,
624 1186 306 64 Anthony.

417 1265 122 54 The
568 1283 123 35 case
720 1266 226 68 against
975 1266 255 51 Andrew
1260 1265 158 51 Fane
1467 1264 94 69 [by]
1596 1264 281 69 Anthony
1906 1263 242 54 Gilbert.
349 1263 1989 151 London,

516 1345 142 52 Pub.
698 1344 92 53 for
825 1345 97 51 the
959 1342 191 56 Crime
1187 1343 147 64 club,
1369 1344 124 68 ltd.,
1525 1344 75 69 by
1636 1344 89 53 W.
1766 1342 219 55 Collins
2021 1360 129 35 sons
2186 1344 45 49 &
2266 1358 97 50 co.,

347 1423 101 53 ltd.
487 1426 174 65 [1931]

415 1502 278 50 252 p. 19 ᶜᵐ.
352 1571 1994 110 © 1c. June 25, 1931; A ad int. 15563; pubd. May 4; Lucy Beatrice Malleson,
552 1634 214 39 London.
837 1632 283 49 (31-17023)

349 1727 274 66 Goodale,
655 1728 263 64 Stephen
950 1727 262 66 Lincoln,
1249 1729 172 55 1875-
1634 1745 182 52 comp.

415 1806 369 70 Chronology
839 1805 63 53 of
956 1804 123 53 iron
1139 1805 111 53 and
1309 1804 154 68 steel,
1519 1804 280 69 compiled
1858 1805 72 69 by
1987 1803 250 68 Stephen
2296 1803 65 53 L.

344 1882 1995 134 Goodale … edited by J. Ramsey Speer … extended by the Penton
469 1961 335 70 publishing
827 1981 75 34 co.
981 1962 71 52 2d
1080 1962 83 53 ed.
1243 1961 328 71 Cleveland,
1598 1960 88 69 O.,
1710 1962 122 52 The
1858 1961 222 53 Penton
349 1958 1990 152 publishing
474 2060 98 49 co.,
605 2044 151 49 1931.

416 2122 278 49 332 p. 17½ ᶜᵐ.
356 2192 52 52 ©
436 2197 126 39 June
589 2195 69 48 26,
687 2194 140 45 1931;
857 2193 67 43 2c.
953 2195 126 40 June
1108 2193 82 44 29;
1222 2194 82 42 aff.
1334 2195 115 48 July
1477 2194 82 47 29;
1591 2195 40 39 A
1658 2195 171 47 39527;
1862 2197 186 39 Penton
2076 2196 110 47 pub.
2215 2205 66 30 co.

435 2252 282 50 (31-19237)

351 2349 255 63 Gordon,
637 2349 303 63 Margery,
972 2368 179 50 comp.

479 2446 119 34 Verse
636 2425 64 54 of
737 2444 102 35 our
877 2428 141 66 day;
1062 2445 71 35 an
1172 2426 316 69 anthology
1526 2426 65 53 of
1627 2427 235 53 modern
1903 2425 308 54 American
2253 2427 111 52 and

353 2503 222 55 British
603 2509 220 64 poetry,
850 2504 75 70 by
953 2505 275 67 Margery
1257 2505 256 69 Gordon,
1582 2548 9 9 A.
1678 2546 29 16 M.,
1735 2505 112 53 and
1876 2505 187 52 Marie
2091 2506 67 51 B.
2186 2504 179 67 King.

390 2626 8 9 A.
430 2602 47 33 B.;
541 2582 391 54 introduction
962 2583 76 69 by
1068 2583 239 55 Charles
1337 2583 243 53 Hanson
1610 2585 227 51 Towne.
1915 2583 139 53 New
2086 2582 179 67 York,
2295 2584 69 52 D.

352 2661 296 69 Appleton
677 2664 45 51 &
750 2679 299 51 company,
1081 2664 150 50 1931.

423 2743 487 49 xxxiii, 371 p. 19½ ᶜᵐ.
360 2796 52 53 ©
443 2802 114 47 Apr.
587 2801 69 47 10,
687 2800 112 41 1931;
860 2801 67 39 2c.
959 2801 115 48 Apr.
1105 2801 82 47 13;
1220 2800 82 40 aff.
1334 2801 114 47 Apr.
1479 2799 83 44 29;
1597 2801 40 39 A
1666 2801 173 47 35873;
1875 2801 56 41 D.
1962 2801 240 48 Appleton
2232 2801 38 40 &
2301 2810 66 30 co.

439 2858 252 49 (31-9923)

357 2954 211 64 Green,
601 2952 321 65 Fitzhugh,
952 2956 70 68 jr.

425 3030 148 68 Fitz,
603 3030 91 69 jr.,
726 3030 140 53 with
898 3030 95 53 the
1024 3030 145 66 fleet,
1199 3031 75 68 by
1306 3030 296 70 Fitzhugh
1634 3030 206 68 Green,
1871 3030 72 69 jr.
2018 3030 139 53 New
2191 3030 180 54 York.

358 3110 245 65 Brewer,
632 3108 244 54 Warren
905 3110 46 51 &
980 3109 271 63 Putnam,
1279 3108 127 68 inc.,
1438 3111 152 51 1931.

425 3190 875 50 170 p. front., plates, ports. 21 ᶜᵐ.
363 3245 52 52 ©
450 3250 120 48 Aug.
606 3251 40 41 7,
681 3249 113 40 1931;
858 3248 67 42 2c.
961 3249 121 45 Aug.
1118 3248 55 40 19;
1239 3248 81 40 aff.
1356 3249 120 47 Aug.
1511 3248 55 40 21;
1632 3249 41 39 A
1707 3250 145 40 41181;
1919 3250 243 47 Fitzhugh
2199 3249 168 48 Green,

432 3308 207 46 Beverly
666 3307 144 47 Hills,
839 3306 144 41 Calif.
1059 3305 283 49 (31-25397)

361 3400 253 65 Grimes,
642 3400 206 55 Waldo
878 3401 240 64 Ernest,
1150 3407 171 49 1891-

431 3478 245 53 Modern
712 3478 380 69 agriculture;
1130 3478 171 54 based
1338 3497 73 35 on
1447 3478 353 55 “Essentials
1834 3478 65 55 of
1934 3480 96 53 the
2065 3498 124 35 new
363 3478 1985 144 agriculture”,

662 3556 76 70 by
765 3556 204 71 Henry
999 3555 253 56 Jackson
1278 3556 257 68 Waters;
1567 3557 76 70 by
1669 3557 211 54 Waldo
1911 3558 208 53 Ernest
2150 3557 224 55 Grimes

425 3634 1946 69 … and Edwin Lee Holton … [Boston, New York, etc.] Ginn
364 3713 661 70 and company [ ᶜ1 931]
434 3795 1098 50 vii, 632 p. illus., col. plates, diagrs. 20½ ᶜᵐ.
437 3851 147 41 “This
617 3854 105 39 text
756 3853 41 40 is
830 3864 27 29 a
895 3854 241 47 thorough
1170 3853 213 41 revision
1416 3854 53 41 of
1505 3854 288 40 ‘Essentials
1828 3854 52 40 of
1913 3854 82 40 the
2029 3862 106 31 new
366 3852 1987 98 agriculture’.”—Pref.

438 3963 349 45 “References”
812 3969 52 39 at
887 3967 92 41 end
1003 3966 53 43 of
1077 3968 118 40 each
1221 3968 215 48 chapter.
