2428 4370
1019 3970 133 53 1709

138 513 575 50 3 p. l. , 9-188 p. 24 ᶜᵐ .
80 583 52 52 ©
162 587 101 40 Oct.
292 585 39 48 2,
362 583 139 48 1930;
532 583 68 42 2c.
631 583 101 41 Oct.
762 581 80 49 19;
876 581 80 40 aff.
990 582 101 40 Oct.
1122 582 81 45 17;
1236 581 41 38 A
1306 580 171 47 43674;
1512 581 159 46 Ralph

1702 578 225 41 Fletcher
145 578 1905 103 Seymour.
366 639 277 49 (31-31224)

78 732 352 63 Hathaway,
462 732 148 52 Esse
639 729 288 64 Virginia,
961 732 168 52 1871-

141 809 121 52 The
303 807 141 54 book
487 807 63 52 of
595 807 295 52 American
939 804 331 69 presidents,
1314 804 71 69 by
1431 804 137 52 Esse
1611 804 68 52 V.
1724 803 343 67 Hathaway,

76 885 318 54 illustrated
446 885 32 51 by
570 883 223 54 Samuel
852 881 253 54 Bernard
1162 879 300 56 Schaeffer.
1553 880 134 53 New
1744 879 159 53 York
1954 879 110 54 and

75 962 251 56 London,
369 960 333 56 Whittlesey
742 960 186 67 house,
964 956 427 56 McGraw-Hill
1430 957 143 53 book
1612 975 293 51 company,
1945 956 124 70 inc.,

76 1043 148 51 1931.

145 1094 1423 73 xi. 367 p. incl. front. (facsim.) ports. 23½ ᶜᵐ . $2.50
80 1188 50 53 ©
166 1192 100 41 Oct.
300 1192 68 47 30,
403 1190 111 40 1931;
577 1190 66 40 2c.
678 1190 94 38 and
806 1188 80 40 aff.
922 1189 117 40 Nov.
1074 1189 26 39 3;
1164 1189 40 37 A
1236 1187 145 40 44576;
1447 1186 350 41 McGraw-Hill
1832 1186 122 41 book
1988 1197 83 31 co..

149 1248 89 40 inc.
310 1246 277 49 (31-31322)

80 1340 320 60 Hokinson,
431 1340 183 52 Helen
647 1340 65 54 E.

155 1416 74 56 So
267 1417 191 69 you’re
498 1417 175 68 going
714 1425 56 43 to
811 1416 110 67 buy
962 1436 27 32 a
1034 1415 175 53 book!
1291 1416 89 67 By
1420 1415 184 52 Helen
1646 1415 65 52 E.
1756 1413 321 66 Hokinson,

84 1496 279 51 foreword
399 1494 71 69 by
504 1494 223 68 George
762 1493 54 55 S.
852 1493 301 67 Chappell.
1225 1493 137 52 New
1399 1492 178 67 York,
1614 1492 245 66 Minton,
1894 1490 176 54 Balch

154 1590 296 50 company,
488 1575 147 49 1931.

146 1657 25 36 5
201 1667 40 36 p.
292 1686 7 5 l.,
362 1654 70 49 [80]
464 1665 40 37 p.
535 1654 51 40 of
616 1654 127 39 illus.
939 1686 9 8 31½ᶜᵐ.

85 1721 52 51 ©
173 1725 127 47 Sept.
334 1725 67 46 11,
436 1723 107 41 1931;
612 1725 65 39 2c.
715 1724 99 40 Oct.
849 1725 55 38 23;
968 1724 83 39 aff.
1087 1723 101 41 Oct.
1223 1724 55 39 24;
1341 1724 42 39 A
1415 1723 145 41 43476;
1623 1724 61 40 H.
1720 1724 52 38 E.
1809 1721 267 47 Hokinson,

151 1782 67 40 Sil
224 1764 230 63 vermine]
483 1782 145 40 Conn.
700 1779 278 50 (31-31198)

81 1874 243 64 Howilt,
351 1877 137 51 Mrs.
517 1876 172 62 Mary
722 1875 316 64 (Botham)
1075 1880 325 50 1799-1888.

146 1950 398 53 Mid-summer
582 1951 130 69 day,
753 1951 69 71 by
859 1951 167 70 Mary
1068 1951 240 66 Howitt,
1347 1952 139 52 with
1526 1952 245 67 pictures
1809 1951 33 51 by
1920 1951 151 67 Lucy

78 2028 221 52 Arnold
335 2029 132 67 Poe,
504 2048 28 33 a
569 2028 115 54 tale
717 2029 63 52 of
814 2029 95 54 the
945 2029 343 52 olden-time.
1362 2029 233 69 Boston,
1632 2029 68 53 R.
1738 2027 66 55 G.
1847 2028 225 68 Badger

85 2109 192 65 [ ᶜ193 1 ]
150 2185 953 49 16 p. col. front., col. plates. 28 ᶜᵐ .
150 2242 262 40 Published
443 2242 47 39 in
520 2242 112 41 1881
664 2242 152 40 under
845 2242 109 40 title:
1013 2243 158 39 Mabel
1201 2253 59 29 on
1293 2243 314 39 midsummer
1636 2244 107 46 day.

151 2299 55 39 In
243 2308 149 30 verse.

87 2367 52 51 ©
168 2371 126 47 Sept.
322 2371 68 47 26,
418 2371 112 39 1931;
587 2370 65 40 2c.
681 2370 102 40 Oct.
810 2370 53 39 21;
922 2369 81 41 aff.
1034 2370 101 41 Oct.
1164 2369 55 40 19;
1277 2370 41 39 A
1342 2370 144 41 44323;
1545 2371 215 40 Richard
1791 2371 53 41 G.
1873 2372 204 48 Badger.

163 2427 277 48 (31-31121)

85 2519 388 64 Hubermont,
503 2519 220 65 Pierre,
756 2525 163 49 1903-

148 2594 270 53 Thirteen
448 2612 125 35 men
605 2595 60 53 in
694 2595 94 52 the
817 2594 168 71 mine,
1013 2594 74 70 by
1117 2596 196 54 Pierre
1342 2595 361 54 Hubermont;
1766 2596 310 54 translated

83 2672 70 68 by
195 2672 59 53 L.
299 2673 73 51 H.
415 2671 314 65 Titterton;
775 2671 320 54 illustrated
1136 2672 73 75 by
1252 2672 119 54 Ben
1414 2673 226 53 Knotts.
1722 2673 135 53 New
1905 2673 176 69 York,

80 2748 980 70 The Macmillan company, 1931.
152 2830 946 52 5 p. l. , 3-164. [1 ] p . incl. plates. 19 ½ᶜᵐ.
91 2899 1737 52 © Oct. 27, 1931; 2c. and aff. Oct. 28; A 43562; Macmillan co.
168 2960 277 46 (31-31225)

86 3050 314 69 Kentucky
468 3055 200 67 digest.
746 3057 130 49 1931
946 3052 344 53 cumulative
1358 3054 212 52 annual
1637 3053 202 69 pocket
1907 3058 175 65 parts.

157 3130 1528 71 v. 1-20 … St. Paul, West publishing co. [ ᶜ193 1 ]
158 3211 305 40 20 v. 25 ᶜᵐ .
162 3267 151 39 These
344 3268 274 47 pamphlets
647 3278 83 29 are
762 3271 47 36 to
840 3268 56 39 be
928 3267 136 40 fitted
1096 3268 100 39 into
1231 3268 82 40 the
1343 3268 197 47 pockets
1572 3272 50 36 at
1656 3268 80 39 the
1767 3267 123 40 back
1920 3267 54 41 of
2002 3267 81 41 the

92 3324 210 39 volumes
331 3324 51 39 of
412 3324 77 39 the
519 3328 70 36 set
620 3328 47 36 to
695 3324 157 40 which
882 3325 112 46 they
1022 3324 184 48 belong.

96 3374 50 51 ©
176 3379 98 40 Oct.
303 3379 68 42 27,
402 3379 111 40 1931;
571 3380 66 40 2c.
665 3380 118 40 each
810 3381 118 40 Nov.
957 3379 54 40 12;
1070 3379 81 41 aff.
1181 3380 116 40 Nov.
1329 3381 54 39 13;
1441 3380 41 39 A
1510 3379 148 41 43980;
1714 3380 133 40 West
1876 3380 109 47 pub.
2017 3390 66 30 co.

94 3487 282 63 Kolthoff,
406 3488 173 51 Izaak
609 3488 273 55 Maurits.

161 3562 458 55 Potentiometrie
643 3563 317 66 titrations;
990 3584 26 33 a
1044 3563 327 53 theoretical
1399 3566 111 52 and
1537 3563 271 69 practical
1839 3562 244 71 treatise,

94 3639 1986 68 by Dr. I. M. Kolthoff … and N. Howell Furman … 2d ed.
92 3717 341 68 extensively
474 3736 111 34 rev.
662 3715 134 55 New
840 3717 177 65 York,
1056 3718 54 52 J.
1150 3717 189 70 Wiley
1378 3719 42 50 &
1462 3736 145 38 sons,
1648 3718 136 61 inc.;
1826 3718 257 69 London,

93 3792 292 68 Chapman
415 3796 46 49 &
486 3793 159 68 Hall,
672 3792 239 62 limited,
940 3797 149 49 1931.

163 3872 1113 50 xiv, 482 p. illus., diagrs. 23½ ᶜᵐ . $6.00
