2428 4370
998 3988 133 56 1793

95 373 352 62 Alexander,
476 373 252 62 Jerome,
758 391 175 49 comp.

167 451 221 54 Colloid
419 450 322 68 chemistry,
770 451 328 52 theoretical
1127 452 111 51 and
1270 450 251 68 applied,
1548 451 74 68 by
1650 451 238 53 selected
94 449 1970 132 international

95 527 1968 132 contributors. Collected and edited by Jerome Alexander. v . 3.
537 606 154 52 First
730 606 166 52 series
934 606 63 51 of
1033 624 205 49 papers
1278 625 69 33 on
1385 608 411 66 technological
93 607 1963 130 applications.
333 685 136 51 New
502 684 176 54 York.

713 684 117 51 The
867 683 288 54 Chemical
1189 684 223 68 catalog
1446 702 296 49 company,
1774 684 127 55 inc.,
1936 688 148 49 1931.

250 762 890 50 655 p. illus., tables. diagrs. 23½ ᶜᵐ .
97 830 50 52 ©
181 835 115 40 Nov.
331 835 54 37 10,
490 835 54 38 1931;
606 835 65 37 2c.
707 835 94 38 and
834 833 81 41 aff.
947 834 117 38 Nov.
1100 834 54 39 18;
1217 835 39 38 A
1289 834 172 45 45106;
1499 834 244 40 Chemical
1778 835 188 47 catalog
2030 846 38 30 co.,

164 891 88 39 inc.
333 886 50 52 [©
416 891 207 39 revision
654 891 95 39 and
779 901 102 29 new
911 893 194 46 matter]

90 1015 312 52 American
433 1017 94 49 art
559 1014 229 52 dealers
812 1014 374 54 association.

161 1093 449 68 Contemporary
656 1091 300 53 American
1005 1092 204 67 prints,
1252 1092 273 68 etchings,
1570 1094 301 59 woodcuts,
87 1093 1972 146 lithographs,

348 1174 148 49 1931.
573 1171 91 50 An
694 1170 385 52 introduction
1106 1171 75 67 by
1209 1170 184 68 Royal
1424 1170 300 53 Cortissoz.
1801 1189 49 32 v.
1880 1173 48 53 2.
88 1187 1968 130 containing

337 1249 431 67 reproductions
792 1248 64 51 of
885 1247 184 67 prints
1097 1248 161 51 made
1287 1267 63 33 or
1377 1248 184 53 issued
1592 1248 211 69 during
1828 1249 94 52 the
1949 1266 134 50 year

85 1324 1972 146 ending June. 1931. New York, American art dealers association [ ᶜ1 931]
156 1495 1077 67 2 p. l., ix-xxvi p. 100 numb. pl. 29 ᶜᵐ .
90 1564 1989 53 © Nov. 13, 1931; 2c. and aff. Nov. 14; A 44767; Amer. art dealers assn.
85 1692 312 53 American
428 1691 226 63 society
681 1691 95 52 for
804 1690 228 64 testing
1061 1690 324 54 materials.

215 1769 1861 69 … Supplement [1931] to Book of A. S. T. M. standards.
88 1848 423 62 Philadelphia.
569 1849 98 50 Pa.,
741 1845 305 54 American
1102 1846 209 53 society
1367 1846 92 53 for
1513 1848 212 62 testing
1779 1850 290 52 materials

87 1930 190 63 [ ᶜ1 931]
154 2005 961 49 144 p. illus., tables, diagrs. 23 ᶜᵐ .
86 2074 51 52 ©
166 2078 126 48 Sept.
321 2078 37 43 8,
385 2076 107 41 1931;
552 2076 66 41 2c.
646 2076 101 40 Oct.
775 2078 51 39 3;
856 2075 81 39 aff.
964 2076 115 38 Nov.
1110 2076 79 45 14;
1220 2076 38 38 A
1284 2076 144 39 44797;
1488 2077 155 40 Amer.
1672 2089 90 28 soc.
1792 2078 78 40 for
1898 2079 180 42 testing

154 2134 264 41 materials.

79 2259 340 64 Ayscough,
448 2259 71 54 A.
548 2259 65 54 L.

147 2336 120 53 The
294 2341 158 63 story
477 2333 65 55 of
566 2334 154 53 Allie
747 2334 93 52 the
868 2333 296 67 crocodile,
1192 2351 31 35 a
1253 2332 112 54 few
1393 2351 172 51 pages
1595 2334 64 54 of
1687 2336 265 69 laughter
1980 2336 93 53 for

78 2409 1994 76 youths and adults … By A. L. Ayscough. Illustrations by
77 2487 1214 70 Geo. W. Dickinson. Melbourne, 1931.
145 2570 307 50 52 p. 22 ᶜᵐ .
82 2640 1990 54 © 1c. Oct. 14, 1931; A ad int. 15564; pubd. Aug. 26; A. L. Ayscough,
152 2701 231 45 Victoria,
408 2699 268 40 Australia.
750 2698 278 49 (31-32744)

76 2822 222 66 Bailey,
323 2824 171 52 Dana
520 2821 195 66 Clark,
745 2825 169 51 1880-

143 2901 55 52 A
219 2919 123 34 new
366 2899 290 69 approach
679 2905 58 46 to
761 2898 305 53 American
1092 2898 221 68 history;
1371 2901 276 54 students’
1672 2903 171 68 guide
1869 2905 200 55 sheets,

76 2980 72 68 by
181 2980 69 51 D.
287 2978 62 54 C.
383 2977 217 69 Bailey.
671 2976 71 53 3d
777 2975 102 68 ed.,
912 2994 113 35 rev.
1056 2975 76 70 by
1167 2976 68 53 E.
1269 2977 65 52 T.
1372 2976 207 55 Smith.
1651 2978 270 73 Chicago,
1955 2983 95 52 Ill.,

74 3052 1260 71 The University of Chicago press [ ᶜ1 931]
142 3134 488 50 xiv, 124 p. 22½ ᶜᵐ .
144 3207 133 39 “List
310 3206 54 40 of
396 3204 148 41 books
578 3204 79 40 for
689 3215 28 29 a
755 3203 217 48 working
1007 3203 241 47 library”:
1287 3215 40 37 p.
1366 3204 204 41 xiii-xiv;
1639 3207 235 44 “Sources
1912 3211 53 40 of
74 3212 1974 91 information”

396 3264 52 38 at
476 3262 91 41 end
597 3261 54 40 of
676 3261 118 40 each
823 3260 214 48 chapter.

77 3330 50 52 ©
157 3334 125 47 Sept.
310 3335 39 46 1,
374 3331 113 41 1931;
541 3331 65 40 2c.
636 3331 100 40 Oct.
762 3330 54 39 12;
872 3331 81 41 aff.
981 3330 102 42 Oct.
1109 3330 26 40 9;
1191 3332 40 38 A
1256 3332 142 39 44091;
1457 3334 283 50 University
1766 3337 54 40 of
1843 3337 223 50 Chicago,

145 3390 223 48 Chicago.
438 3388 279 48 (31-31740)

71 3502 308 61 Bateman,
407 3500 208 61 Henry
641 3499 192 62 Mayo.

142 3579 118 53 The
291 3597 132 33 man
453 3578 126 51 who
610 3577 252 67 coughed
896 3583 60 46 at
984 3577 92 52 the
1109 3575 219 53 talkies.
1403 3577 272 57 Kensitas
1704 3583 187 53 would
1924 3585 141 52 have

72 3658 170 52 saved
285 3655 149 53 him!
539 3656 88 67 [By
673 3654 202 68 Henry
921 3654 172 65 Mayo
1140 3654 278 53 Bateman
1464 3658 113 52 and
1621 3658 262 55 Leonard
1929 3662 138 52 Max

70 3734 234 66 Masius]

151 3813 84 45 (In
263 3810 200 43 London
492 3809 148 42 News
671 3806 260 51 chronicle,
962 3808 106 43 Oct.
1102 3809 71 48 26,
1207 3809 141 49 1931)

77 3880 1986 59 © 1c. Nov. 21, 1931; A ad int. 15712; pubd. Oct. 26; J. Wix & sons, ltd.,
143 3942 209 40 London.
