2505 4370
1109 4018 133 49 1333

179 391 154 63 Hull,
363 389 222 53 Robert
616 386 198 64 Reuel,
848 391 171 50 1892-

248 483 120 50 The
419 479 219 69 perfect
689 480 140 65 love,
879 478 111 52 and
1041 477 162 51 other
1253 493 208 50 poems,
1509 476 75 69 by
1632 474 215 52 Robert
1895 473 67 52 R.
2011 471 163 54 Hull.

178 552 1578 74 Huntington, Ind., The Three worlds press [ ᶜ1 931]
246 640 59 47 vi,
341 638 114 41 7-64
489 649 41 37 p.
592 636 144 41 19½ᶜᵐ.

181 705 52 52 ©
260 709 115 47 July
401 708 69 47 10,
498 706 139 47 1931;
666 706 67 40 2c.
761 717 62 28 and
884 705 81 40 aff.
994 706 115 46 July
1136 703 81 47 30;
1249 704 40 38 A
1315 703 172 48 40554;
1519 703 55 39 R.
1603 704 56 41 R.
1688 702 134 50 Hull,
1851 702 324 49 Huntington,

250 766 103 39 Ind.
427 764 15 48 (CA
527 764 174 40 31-676
720 762 234 46 Unrev’d)

177 886 251 63 Hunter,
461 885 179 66 Dard,
674 890 170 49 1883-

243 966 1930 75 Paper-making in the classroom [by] Dard Hunter … Peoria,
174 1050 1082 69 Ill., The Manual arts press [ ᶜ1 931 ]
242 1130 56 41 80
326 1141 42 37 p.
426 1130 129 40 illus.
610 1129 117 41 23ᶜᵐ.

181 1198 52 52 ©
262 1204 119 47 Aug.
408 1203 70 41 24.
507 1201 140 42 1931;
678 1202 67 40 2c.
775 1202 119 47 Aug.
923 1201 55 39 28
996 1212 8 31 ;
1037 1200 82 41 aff.
1148 1200 120 48 Aug.
1298 1200 82 47 27;
1412 1200 44 39 A
1480 1199 172 47 42026;
1686 1200 57 42 D.
1774 1200 206 43 Hunter.
247 1199 1912 108 Chillicothe,
431 1260 50 40 O.
557 1259 280 48 (31-22670)

177 1381 361 64 Johannsen,
569 1381 228 64 Albert,
832 1382 98 54 1874

247 1471 1716 69 A descriptive petrography of the igneous rocks … v. l.
177 1471 1977 139 Introduction,
551 1556 248 47 textures
832 1548 427 55 classifications
1291 1551 112 51 and
1433 1551 275 67 glossary,
1738 1550 75 68 by
1843 1548 206 53 Albert
178 1550 1975 132 Johannsen

534 1627 1646 70 … Chicago, Ill., The University of Chicago press
184 1712 170 63 [1931]

253 1788 117 47 xxii,
400 1787 85 40 267
518 1788 53 48 [1]
604 1798 41 36 p.
678 1821 4 5 .
706 1787 148 39 front.
884 1786 49 47 (4
963 1787 148 46 port.)
1150 1786 144 46 illus.,
1326 1786 178 49 diagrs.
1568 1786 147 42 25½ᶜᵐ.

247 1857 225 41 Includes
507 1856 389 48 bibliographies.

182 1923 52 52 ©
263 1928 125 39 June
416 1927 70 48 23,
516 1925 139 48 1931;
686 1926 68 41 2c.
782 1928 95 38 and
907 1926 82 41 aff.
1018 1926 120 46 Aug.
1167 1926 82 47 28;
1280 1926 44 39 A
1351 1926 171 48 42061;
1556 1927 284 49 University
1871 1928 52 39 of
1953 1927 226 49 Chicago,

251 1983 222 49 Chicago.
544 1982 278 49 (31-22687)

177 2089 229 66 Keelor,
437 2089 333 54 Katharine
797 2088 232 67 Louise,
1062 2095 169 51 1886-

250 2181 175 55 Units
453 2179 65 55 of
546 2180 157 53 work
731 2180 342 69 developing
1101 2185 100 48 out
1227 2179 67 54 of
1319 2180 305 55 children’s
1653 2182 264 54 interests
1946 2182 59 53 in
2035 2182 144 53 local

181 2259 238 69 history.
493 2258 213 53 Indian
750 2257 104 53 life
899 2258 112 53 and
1056 2257 95 54 the
1194 2258 196 54 Dutch
1434 2259 245 53 colonial
1723 2260 340 55 settlement,
2108 2258 73 71 by

181 2334 2002 72 Katharine L. Keelor … and May me Sweet … New York
183 2414 133 68 city,
341 2413 143 54 Pub.
510 2413 76 69 by
613 2414 228 51 Bureau
868 2412 65 54 of
957 2412 402 69 publications,
1386 2413 280 55 Teachers
1692 2413 231 71 college,
183 2414 1975 131 Columbia

315 2491 335 68 university,
690 2490 95 53 for
822 2491 242 53 Lincoln
1103 2490 193 54 school
1334 2489 66 55 of
1437 2491 280 54 Teachers
1757 2492 231 70 college,
2030 2496 151 50 1931.

256 2572 1924 51 xi p., 1 l., 314 p. front., illus., plates. 20½ᶜᵐ. (Half-title: Lincoln
181 2629 1984 107 school of Teachers college, Columbia university … Lincoln school curriculum studies)
253 2759 225 39 Includes
506 2757 167 42 music.

254 2814 374 49 Bibliography:
658 2824 43 39 p.
731 2814 216 42 306-314.

520 2886 436 40 CONTENTS.—Introduction:
987 2896 28 29 a
1045 2884 132 41 basis
1207 2885 79 40 for
1316 2886 80 40 the
1428 2885 107 41 unit
1565 2886 52 40 of
1645 2886 136 40 work
1809 2886 373 43 curriculum.—

186 2944 67 48 pt.
285 2949 33 34 I.
350 2944 114 38 Two
496 2943 132 40 units
660 2944 51 39 of
748 2942 130 39 work
910 2953 60 29 on
1004 2942 176 40 Indian
1212 2942 89 40 life
1334 2942 97 40 and
1464 2943 81 40 the
1579 2943 163 40 Dutch
1776 2945 207 40 colonial
184 2948 1978 93 settlement
345 3010 54 29 as
430 3001 258 46 developed
718 2999 60 48 by
808 3010 88 29 one
928 2999 132 40 third
1090 3000 163 47 grade,
1283 2998 63 48 by
1377 2999 275 41 Katharine
1685 3001 52 39 L.
1769 3001 323 51 Keelor.—pt.
2127 3010 53 35 II.

184 3058 115 39 Two
335 3056 133 40 units
506 3057 51 39 of
595 3056 132 40 work
765 3067 58 29 on
863 3056 202 40 Indians
1102 3057 96 38 and
1236 3066 29 29 a
1305 3056 161 40 Dutch
1505 3056 181 41 kermis
1725 3068 55 30 as
1818 3059 260 48 developed
2119 3061 59 48 by

184 3114 204 39 another
419 3113 131 40 third
577 3115 161 45 grade,
769 3113 58 48 by
858 3114 190 45 Mayme
1080 3112 171 41 Sweet.

185 3180 52 52 ©
270 3185 120 47 Aug.
423 3184 39 46 6,
497 3182 138 48 1931;
670 3183 66 40 2c.
770 3183 118 47 Aug.
922 3182 81 46 20;
1041 3182 80 39 aff.
1156 3183 121 47 Aug.
1311 3182 82 47 18;
1428 3182 41 39 A
1501 3183 172 48 41165;
1710 3184 243 43 Teachers
1986 3188 192 48 college,

254 3240 250 41 Columbia
529 3240 282 46 university.
886 3239 278 48 (31-23441)

181 3347 265 65 Linfield,
476 3349 199 62 Harry
705 3348 199 63 Sebee,
936 3353 169 48 1889-

315 3432 1864 75 … Statistics of Jews, 1931, by Harry S. Linfield … New
187 3516 178 66 York,
390 3515 121 53 The
535 3515 306 53 American
864 3515 215 54 Jewish
1107 3515 338 67 committee,
1473 3517 150 49 1931.

254 3599 81 46 vii,
359 3598 116 40 9-75
500 3608 40 37 p.
567 3597 110 40 incl.
701 3598 169 40 tables.
930 3598 117 40 21ᶜᵐ.

254 3669 62 40 At
343 3669 125 39 head
497 3668 52 40 of
573 3668 135 39 title:
741 3669 101 39 The
868 3668 256 40 American
1152 3667 185 41 Jewish
1366 3666 288 47 committee,
1685 3663 274 43 Statistical
186 3663 1974 108 department,
349 3725 119 39 New
488 3725 142 39 York.

255 3780 295 47 “Reprinted
578 3780 118 39 with
724 3780 293 40 corrections
1045 3782 94 38 and
1169 3778 248 42 additions
1443 3779 129 39 from
1599 3779 82 39 the
1707 3776 258 40 American
1992 3774 183 41 Jewish

184 3846 115 39 year
321 3836 135 46 book,
479 3838 188 38 volume
688 3836 98 40 32.”

186 3904 52 52 ©
266 3907 110 42 Feb.
403 3910 39 44 1,
470 3905 139 48 1931;
639 3907 66 40 2c.
732 3908 95 38 and
855 3906 81 41 aff.
964 3908 117 46 Aug.
1109 3907 55 38 22;
1221 3907 42 38 A
1288 3905 170 47 40963;
1490 3905 156 40 Amer.
1677 3904 183 40 Jewish
1889 3901 286 42 committee.

264 3964 280 50 (31-22354)
