2428 4370
1037 4027 133 50 1597

183 483 128 41 Title
331 483 128 40 from
482 493 141 29 cover;
674 485 106 38 text
801 493 60 29 on
883 481 350 48 lining-papers;
1287 481 292 48 descriptive
1600 483 285 45 letterpress
1911 491 59 29 on
1995 482 117 38 each

112 540 102 41 leaf
238 551 60 30 on
323 539 158 42 which
507 540 132 48 plate
666 539 42 40 is
735 538 242 41 mounted.

119 597 50 52 ©
201 601 128 47 Sept.
356 600 68 47 24,
453 598 140 47 1931;
624 598 66 40 2c.
719 599 94 39 and
842 597 83 41 aff.
955 598 101 40 Oct.
1085 596 54 48 9;
1169 597 42 39 A
1236 596 171 47 42981;
1441 597 298 46 Doubleday,
1769 596 166 39 Doran
1965 596 36 39 &
2029 603 82 37 co.,

182 656 90 40 inc.
344 655 279 49 (31-29663)

115 736 85 53 De
229 736 85 53 La
342 736 214 63 Roche,
588 736 186 63 Mazo,
808 740 170 49 1885-

186 814 230 54 Finch’s
441 812 249 68 fortune,
714 814 75 69 by
814 814 168 51 Mazo
1007 813 86 51 De
1119 813 80 53 La
1229 812 207 52 Roche.
1498 811 259 66 London,
1783 810 330 53 Macmillan

114 894 46 51 &
188 910 97 50 co.,
313 892 242 67 limited,
587 895 150 50 1931.

180 968 475 51 viii, 399 p. 20½ ᶜᵐ .
117 1024 1994 53 © 1c. Sept. 11, 1931; A ad int. 15494; pubd. Sept. 8; Little, Brown, and
181 1096 81 37 co.,
290 1086 195 40 Boston.
557 1083 280 51 (31-30260)

116 1167 180 63 Eden,
328 1165 144 65 Rob,
503 1167 195 68 pseud.

180 1241 363 53 Heartbreak
573 1242 131 68 girl,
733 1241 74 68 by
837 1241 126 53 Rob
994 1242 180 52 Eden.
1240 1241 139 53 New
1414 1240 180 69 York,
1624 1241 71 53 N.
1728 1240 91 68 Y.,
1848 1239 266 69 Newark,

113 1318 779 68 N. J., Barse & co. [ ᶜ1 931]
180 1400 365 50 317 p. 19½ ᶜᵐ .
114 1456 50 52 ©
193 1459 102 40 Oct.
321 1459 39 47 1,
388 1458 112 40 1931;
556 1457 67 41 2c.
652 1459 96 39 and
775 1457 82 42 aff.
885 1457 102 40 Oct.
1015 1457 56 40 14;
1126 1457 42 39 A
1193 1457 145 40 44133;
1395 1457 155 40 Barse
1577 1456 38 41 &
1640 1466 69 31 co.

190 1515 279 49 (31-29423)

115 1595 341 66 Eggleston,
498 1597 273 63 Edward,
812 1597 325 54 1837-1902.

177 1672 56 54 A
270 1672 220 70 history
527 1672 64 55 of
626 1672 95 53 the
758 1671 216 56 United
1012 1671 188 56 States
1240 1671 112 56 and
1389 1673 75 53 its
1500 1671 218 70 people,
1755 1672 94 53 for
1884 1671 95 54 the
2015 1690 97 37 use

108 1750 1998 70 of schools, by Edward Eggleston … New York, Cincinnati
114 1827 1180 71 [etc.] American book company [ ᶜ1 931]
179 1908 1818 50 xii, 400, xxx p. incl. illus., pl. col. front., plates (part col.) 21 ᶜᵐ .
115 1965 50 52 ©
207 1970 101 40 Oct.
347 1968 40 48 9,
427 1967 113 41 1931;
610 1968 67 41 2c.
719 1969 94 39 and
854 1967 80 41 aff.
978 1968 101 40 Oct.
1120 1968 58 39 12;
1246 1968 43 41 A
1324 1968 144 40 44111;
1540 1969 145 40 Amer.
1740 1969 125 41 book
1904 1980 68 30 co.
2040 1965 67 54 [©

179 2027 223 47 changes]
475 2025 280 48 (31-29648)

114 2107 177 66 Field,
323 2107 315 54 Frederick
667 2106 368 56 Vanderbilt.

177 2183 307 53 American
515 2182 413 69 participation
958 2182 61 53 in
1049 2181 96 54 the
1179 2182 187 54 China
1399 2182 395 69 consortiums,
1825 2183 77 71 by
111 2184 1975 130 Frederick

109 2259 1978 148 V. Field … Chicago, Ill., Pub. for the American council,
225 2339 275 52 Institute
528 2338 65 53 of
621 2337 211 54 Pacific
862 2338 272 54 relations
1163 2338 76 69 by
1267 2338 97 54 the
1390 2338 340 71 University
1761 2338 64 54 of
1858 2338 253 70 Chicago

109 2433 156 51 press
301 2418 173 65 [1931]

182 2496 717 48 2 p. l., vii-xi, 198 p. 20 ᶜᵐ .
180 2552 1929 52 “Studies and surveys … used with reference to United States policy
113 2611 182 39 toward
325 2609 184 41 China”
529 2620 9 30 :
565 2620 44 37 p.
636 2610 39 49 1,
704 2609 251 44 foot-note.

115 2663 50 52 ©
192 2669 126 47 Sept.
342 2669 69 47 15,
435 2667 112 41 1931;
599 2667 68 40 2c.
693 2667 100 40 Oct.
818 2667 54 40 12;
926 2667 83 42 aff.
1035 2668 101 40 Oct.
1161 2667 26 40 9;
1239 2668 42 39 A
1302 2668 145 41 44085;
1503 2669 282 49 University
1810 2670 51 39 of
1885 2669 224 48 Chicago,

182 2723 222 49 Chicago.
475 2724 280 50 (31-29804)

114 2805 225 65 Foster,
367 2804 177 66 Allyn
574 2804 177 67 King,
782 2811 168 50 1868-

175 2880 1930 72 The new dimensions of religion, by Allyn K. Foster … New
110 2957 175 67 York,
313 2959 121 52 The
462 2959 333 53 Macmillan
824 2976 295 52 company,
1150 2963 151 50 1931.

211 3041 589 48 x p., 1 l., 291 p. 19½ ᶜᵐ .
117 3093 50 52 ©
196 3099 100 40 Oct.
324 3099 39 46 6,
391 3098 112 40 1931;
559 3098 66 40 2c.
655 3100 96 39 and
778 3098 81 41 aff.
888 3099 102 40 Oct.
1018 3100 28 39 7;
1100 3099 42 39 A
1167 3098 148 42 42890;
1370 3100 283 40 Macmillan
1681 3110 67 31 co.

191 3154 278 49 (31-29500)

116 3219 305 67 Gerhardi,
450 3221 255 54 William
735 3222 352 64 Alexander,
1120 3228 169 49 1895-

178 3296 267 55 Memoirs
482 3297 62 52 of
582 3318 32 33 a
651 3298 276 70 polyglot,
964 3298 76 71 by
1074 3299 260 52 William
1372 3298 301 55 Gerhardi.
1750 3299 136 52 New
1929 3297 178 70 York,

110 3373 67 53 A.
205 3374 70 54 A.
306 3374 223 71 Knopf,
561 3378 150 50 1931.

179 3453 1234 52 xiii, 335, viii p., 1 l. front., pl., ports. 24½ ᶜᵐ .
179 3510 411 48 Autobiography.

182 3566 161 41 “First
370 3567 227 41 edition.”

117 3620 50 52 ©
195 3626 99 40 Oct.
323 3625 39 48 9,
390 3625 112 42 1931;
559 3626 68 41 2c.
654 3628 95 39 and
778 3626 80 42 aff.
888 3627 101 40 Oct.
1018 3627 59 40 10;
1130 3628 42 39 A
1196 3627 145 41 43197;
1398 3629 73 40 W.
1501 3628 254 48 Gerhardi,
1785 3629 211 40 London.

195 3681 278 51 (31-29764)

117 3745 289 67 Gillespie,
438 3749 178 53 Louis
649 3749 173 64 John,
857 3756 170 49 1886-

180 3823 270 69 Physical
486 3825 324 69 chemistry,
848 3845 73 33 an
958 3826 345 68 elementary
1340 3832 139 61 text,
1516 3827 305 67 primarily
1858 3826 95 53 for
115 3826 1966 143 biological

367 3902 1679 71 and pre-medical students, by Louis J. Gillespie …
