2428 4370
1186 4017 140 52 2106

253 358 254 65 Musser,
535 357 320 66 Benjamin
886 358 266 67 Francis,
1186 364 173 51 1891-

321 434 317 69 Bensbook,
691 435 74 68 by
817 435 310 68 Benjamin
1178 436 239 55 Musser.
1509 436 354 70 Oglethorpe
1916 437 353 73 University,

249 510 124 69 Ga.,
403 511 354 70 Oglethorpe
788 512 319 71 university
1138 531 158 51 press
1330 549 12 34 [ᶜ1
1404 518 100 49 931
1511 549 12 35 ]

318 597 86 41 181
440 608 43 38 p.
544 596 147 42 23½ᶜᵐ.

260 664 52 52 ©
338 669 112 40 Dec.
474 666 69 50 19,
570 668 113 40 1931;
740 668 64 40 2c.
832 668 112 40 Dec.
970 668 57 39 22;
1082 667 81 40 aff.
1191 668 112 41 Dec.
1330 669 56 39 24;
1442 670 38 38 A
1506 669 146 41 45607;
1709 671 52 39 B.
1790 671 52 38 F.
1871 672 205 48 Musser,
328 673 1927 99 Washington.

583 725 221 49 (32-357)

255 836 297 52 Nathans.
582 836 272 52 Solomon
883 836 65 52 P.

251 923 1898 106 פּ א פּ ולערע ערקלערונג פון איינשטיין׳ס רעל אַ טיוויטעט
249 1039 2022 104 טע אָ ריע, מיט אַ בייל אַ גע איבער כעמיע און אֿ סטר אָ נ אָ מיע, פון
1589 1157 684 102 זלמן פּ נחסנ אַ טה אַ נס.
250 1238 579 69 [New York, ᶜ19 31]
317 1321 579 49 175 p. diagrs. 20 ᶜᵐ .
325 1395 129 40 Title
482 1394 325 48 (translated):
873 1395 214 46 Popular
1113 1395 317 47 explanation
1458 1394 51 41 of
1528 1395 268 40 Einstein’s
1813 1395 253 50 relativity
2085 1397 185 49 theory.

258 1462 51 52 ©
341 1466 113 40 Dec.
486 1466 39 49 5,
558 1464 142 48 1931;
732 1464 66 40 2c.
831 1466 111 39 Dec.
974 1466 83 46 14;
1166 1496 8 8 aff.
1208 1466 112 41 Dec.
1351 1465 26 39 9;
1439 1466 40 38 A
1509 1466 173 47 46357;
1719 1466 45 41 S.
1798 1468 49 40 P.
1881 1468 239 49 Nathans,
2153 1468 120 40 New

326 1523 242 47 Rochelle,
599 1523 56 41 N.
686 1524 54 40 Y.
811 1521 282 50 (31-35462)

251 1634 283 53 National
565 1633 320 54 industrial
915 1633 352 55 conference
1295 1633 205 57 board.

320 1713 123 52 The
475 1713 159 53 fiscal
668 1712 259 70 problem
962 1712 61 53 in
1058 1711 466 55 Massachusetts.
1596 1713 140 54 New
1774 1713 183 72 York,
1993 1714 276 54 National

249 1791 311 54 industrial
589 1790 333 54 conference
949 1790 199 69 board,
1178 1790 127 69 inc.,
1337 1794 153 51 1931.

390 1870 1190 53 xv, 344 p. incl. tables, diagrs. 23½ ᶜᵐ . $3.00
321 1944 235 41 “Sources
586 1946 97 40 and
714 1944 251 42 methods”:
1025 1955 43 37 p.
1103 1944 249 51 [339]-344.

256 2013 52 53 ©
336 2019 118 41 Nov.
482 2018 68 41 16,
578 2017 114 41 1931;
748 2016 65 42 2c.
844 2020 97 38 and
968 2017 81 42 aff.
1080 2018 112 41 Dec.
1222 2017 55 40 19;
1335 2018 43 39 A
1402 2018 145 40 45571;
1606 2018 234 41 National
1870 2019 265 41 industrial
324 2030 1929 86 conference

543 2076 166 47 board,
735 2075 90 41 inc.
897 2074 223 51 (32-416)

319 2185 196 69 Major
546 2184 185 54 forces
761 2185 60 53 in
851 2185 183 53 world
1066 2185 256 53 business
1352 2185 347 68 depression.
1768 2186 140 53 New
1941 2186 182 68 York,
249 2186 1994 131 National

457 2263 313 54 industrial
796 2262 335 54 conference
1157 2263 200 68 board,
1385 2263 128 67 inc.,
1542 2266 152 51 1931.

353 2343 1073 51 x, 52 p. tables (1 fold.) 23 ᶜᵐ . $1.50
257 2415 51 52 ©
335 2419 101 40 Oct.
462 2420 39 47 7,
526 2419 114 40 1931;
695 2418 67 42 2c.
787 2420 96 39 and
909 2418 83 41 aff.
1018 2419 111 39 Dec.
1157 2417 55 41 19;
1268 2419 41 38 A
1332 2417 146 41 45569;
1535 2419 115 39 Natl.
1692 2419 266 40 industrial
1984 2419 286 40 conference

324 2477 166 47 board,
515 2477 91 40 inc.
679 2475 281 50 (31-28524)

247 2583 148 53 New
425 2583 163 53 York
632 2584 218 65 (State)
939 2583 180 54 Court
1151 2586 64 63 of
1247 2582 252 67 appeals.

320 2661 1949 68 Reports of cases decided … from and including decisions of
250 2741 143 67 July
423 2745 81 62 19,
537 2745 151 57 1928,
716 2747 60 47 to
804 2742 113 52 and
944 2739 303 67 including
1275 2739 279 55 decisions
1583 2741 64 53 of
1675 2741 299 66 February
2004 2744 81 63 19,
2118 2743 153 65 1931,

249 2820 140 54 with
425 2825 178 61 notes,
641 2819 316 55 references
992 2821 114 53 and
1141 2819 189 54 index.
1407 2820 54 54 J.
1499 2819 243 54 Newton
1779 2819 189 66 Fiero,
2005 2824 146 50 state
250 2839 1995 128 reporter.

579 2944 9 9 v.
619 2901 259 50 249-255.
954 2897 251 67 Albany,
1232 2898 55 55 J.
1320 2900 69 50 B.
1418 2899 163 65 Lyon
1610 2915 299 49 company,
1941 2901 324 52 1929-1931.

321 2972 307 42 7 v. 23½ ᶜᵐ .
287 3077 7 7 v.
327 3044 99 49 249,
461 3039 56 53 ©
546 3044 113 47 Apr.
692 3042 69 48 10,
792 3041 143 48 1929;
968 3053 42 28 v.
1041 3040 100 49 250,
1177 3036 52 53 ©
1262 3041 121 48 Aug.
1416 3041 82 47 14;
1533 3051 42 31 v.
1607 3041 100 47 251,
1743 3036 52 53 ©
1829 3041 112 41 Dec.
1973 3040 84 48 24;
2090 3053 43 30 v.
2166 3042 100 43 252,

327 3112 53 52 ©
411 3117 113 46 Apr.
556 3115 70 42 24,
659 3113 139 48 1930;
832 3126 43 28 v.
906 3113 100 43 253,
1041 3108 52 53 ©
1128 3113 128 47 Sept.
1288 3113 54 45 4;
1376 3124 41 28 v.
1449 3112 99 47 254,
1584 3108 52 52 ©
1669 3112 111 41 Feb.
1813 3113 69 48 18,
1915 3111 141 48 1931;
2092 3124 42 29 v.
2166 3111 100 50 255,

328 3170 52 52 ©
415 3174 128 40 June
575 3173 56 39 23;
694 3171 67 40 2c.
795 3172 119 39 each
949 3172 96 39 and
1080 3170 108 41 affs.
1225 3170 112 40 Dec.
1373 3170 26 39 3;
1464 3170 42 39 A
1538 3169 339 47 46137-46140,
1912 3169 160 48 46819,
2106 3168 160 49 46820,

324 3231 144 40 46141;
529 3231 213 39 Edward
772 3229 43 41 J.
845 3228 172 48 Flynn,
1047 3229 250 46 secretary
1326 3226 54 41 of
1409 3228 82 39 the
1520 3229 128 38 state
1680 3227 51 40 of
1761 3228 56 39 N.
1848 3227 68 46 Y.,
1947 3227 51 39 in
2028 3229 134 38 trust
2188 3228 82 39 for

325 3289 82 39 the
437 3288 178 41 benefit
647 3287 52 41 of
732 3287 79 40 the
844 3286 169 49 people
1046 3286 53 39 of
1131 3286 82 39 the
1246 3287 142 46 state,
1423 3285 204 48 Albany.

320 3389 1948 70 Reports of cases decided … from and including decisions of
250 3472 200 52 March
489 3476 85 61 24,
612 3475 153 55 1931,
801 3478 58 47 to
898 3473 112 51 and
1047 3470 301 65 including
1385 3469 283 54 decisions
1700 3470 64 52 of
1802 3469 152 54 June
1993 3472 82 61 16,
2114 3471 153 62 1931,

250 3550 139 53 with
425 3556 177 58 notes,
639 3549 314 54 references
991 3551 112 51 and
1139 3548 189 53 index.
1404 3547 55 54 J.
1497 3547 245 53 Newton
1777 3546 189 66 Fiero,
2002 3551 147 50 state
250 3564 1994 131 reporter,

512 3629 174 51 Louis
736 3629 55 53 J.
840 3626 345 64 Rezzemini,
1234 3626 218 65 deputy
1502 3629 143 50 state
1696 3629 273 62 reporter,
2046 3643 51 35 v.
2148 3627 117 50 256.

255 3706 245 67 Albany,
528 3707 55 54 J.
614 3708 67 52 B.
711 3707 163 64 Lyon
902 3722 299 48 company,
1232 3708 150 49 1931.

323 3779 134 43 xlvii,
493 3779 83 40 815
610 3790 43 36 p.
715 3778 144 40 23½ᶜᵐ.

258 3845 51 52 ©
342 3850 100 40 Oct.
473 3850 68 41 28,
575 3848 104 41 1931;
747 3848 65 41 2c.
844 3850 95 39 and
970 3848 82 42 aff.
1083 3848 113 40 Dec.
1226 3848 26 40 3;
1312 3848 41 38 A
1382 3846 147 41 46142;
1589 3847 213 39 Edward
1834 3846 43 39 J.
1911 3845 172 48 Flynn,
327 3853 1922 101 secretary

465 3907 51 40 of
542 3906 82 40 the
651 3909 131 38 state
806 3906 51 40 of
883 3907 55 40 N.
967 3907 68 42 Y.,
1063 3906 49 40 in
1141 3907 131 39 trust
1301 3904 76 40 for
1406 3905 84 40 the
1515 3903 176 42 benefit
1720 3903 51 41 of
1799 3903 82 40 the
1907 3903 169 47 people
2104 3902 51 40 of
2183 3900 82 41 the

326 3965 142 46 state,
499 3964 205 49 Albany.
