2505 4370
1046 3986 102 54 867

112 366 177 65 Cobb,
317 366 165 57 Bert.

182 444 288 54 Portraits
499 444 63 53 of
590 445 158 67 dogs,
775 445 75 67 by
879 445 141 52 Bert
1048 443 185 68 Cobb;
1266 445 140 51 with
1437 463 72 34 an
1538 443 199 55 article
1763 445 76 68 by
1867 444 245 55 Warren

109 521 1785 71 Hutty. New York, The Crafton collection, inc. [ ᶜ1 931]
181 599 717 51 [11] p., 12 mounted pl. 29½ ᶜᵐ.
115 670 51 52 ©
197 675 113 46 May
338 673 68 46 10,
438 673 140 46 1931;
608 672 66 41 2c.
706 674 113 46 May
846 672 83 48 23;
961 673 83 40 aff.
1075 674 113 46 May
1217 672 84 47 22;
1334 673 40 38 A
1403 673 144 40 37535;
1607 672 206 41 Crafton
1843 673 267 49 collection,

180 730 90 41 inc.
341 729 280 48 (31-15080)

114 837 305 70 [Cochran,
448 838 163 54 Ruth
643 837 245 69 Gilbert]
924 843 171 50 1893-

181 916 135 70 Kay
358 917 148 52 Dale
548 916 60 52 in
652 916 90 52 “A
784 917 137 68 lady
964 914 65 55 of
1070 915 142 70 high
1259 914 255 71 degree”,
1557 916 75 69 by
1679 915 159 56 Celia
1884 916 227 55 Gilbert

140 994 209 68 [pseud.]
377 994 325 53 illustrated
725 994 75 68 by
824 994 254 53 Richard
1102 994 77 53 H.
1203 994 276 68 Rodgers.
1555 993 139 54 New
1720 993 179 68 York,
1923 994 68 53 N.
2020 994 92 67 Y.,

111 1071 1078 69 Newark, N. J., Barse & co. [ ᶜ1 931]
177 1154 85 40 214
294 1165 43 38 p.
370 1154 111 43 incl.
514 1153 149 42 front.
723 1152 55 41 19½ᶜᵐ.

180 1224 1216 49 Lettered on cover : Kay Dale in the movies.
113 1292 51 52 ©
196 1298 113 45 May
337 1297 41 46 4,
409 1295 113 41 1931;
580 1295 68 42 2c.
680 1296 113 47 May
824 1296 58 39 16;
940 1295 81 41 aff.
1055 1296 113 47 May
1198 1296 56 39 15;
1315 1296 41 38 A
1385 1295 145 43 37558;
1591 1295 157 40 Barse
1777 1294 37 41 &
1843 1305 69 30 co.
189 1352 280 50 (31-14193)

179 1447 135 69 Kay
351 1447 148 53 Dale
538 1446 61 53 in
639 1446 220 56 “South
899 1465 92 35 sea
1032 1446 205 69 siren”,
1277 1447 76 68 by
1396 1445 158 55 Celia
1598 1444 229 56 Gilbert
1872 1446 212 68 [pseud.]

110 1526 324 53 illustrated
467 1525 76 69 by
574 1526 255 53 Richard
861 1524 78 54 H.
973 1525 275 69 Rodgers.
1324 1523 140 54 New
1499 1523 180 68 York,
1713 1524 70 53 N.
1820 1523 92 68 Y.,
108 1522 1977 149 Newark,

256 1603 790 68 N. J., Barse & co. [ ᶜ1 931]
175 1684 603 51 213 p. incl. front. 19½ ᶜᵐ.
178 1759 224 39 Lettered
431 1768 61 30 on
520 1768 140 30 cover
677 1768 9 29 :
715 1758 111 48 Kay
853 1758 125 40 Dale
1002 1757 49 40 in
1081 1758 80 40 the
1189 1756 196 42 movies.

110 1824 52 53 ©
194 1830 113 46 May
336 1829 69 47 11,
437 1828 112 40 1931;
608 1829 69 41 2c.
708 1830 113 46 May
852 1829 56 39 16;
968 1828 82 40 aff.
1082 1829 113 47 May
1226 1828 56 40 15;
1342 1827 40 40 A
1412 1827 144 41 37557;
1620 1828 151 39 Barse
1802 1827 37 40 &
1870 1839 68 29 co.
189 1885 280 49 (31-14192)

107 1980 280 64 Creglow,
423 1981 79 54 M.
538 1979 308 54 Elizabeth
881 1979 333 55 Rodhouse.

174 2058 120 52 The
337 2056 159 71 fairy
534 2057 180 69 phlox
758 2057 113 53 and
914 2057 162 53 other
1118 2073 202 50 verses,
1363 2055 75 69 by
1479 2057 79 51 M.
1604 2055 302 54 Elizabeth
103 2055 1974 133 Rodhouse

102 2132 2002 150 Creglow, illustrations by Velura McCain. Boston, R. G. Badger [ ᶜ1 931]
174 2293 774 50 61 p. incl. front., plates. 20 ᶜᵐ.
173 2365 174 40 Verses
375 2365 80 40 for
484 2363 233 43 children.

109 2430 51 52 ©
186 2435 111 47 Apr.
323 2435 39 47 6,
390 2434 112 41 1931;
558 2436 67 40 2c.
651 2437 112 46 May
788 2435 81 47 20;
899 2436 82 40 aff.
1009 2437 111 44 May
1147 2435 51 47 6;
1228 2435 42 39 A
1292 2434 172 48 38285;
1493 2435 214 40 Richard
1737 2435 52 41 G.
1817 2434 206 47 Badger.

185 2491 279 49 (31-15293)

106 2587 296 65 Crockett,
435 2588 208 52 Daniel
671 2588 291 64 Woolsey.

177 2665 374 68 Supplement
588 2673 57 46 to
681 2666 322 55 Oklahoma
1039 2667 187 68 digest
1263 2666 335 67 annotated;
1639 2686 32 34 a
1707 2665 188 70 digest
1929 2664 63 53 of
2028 2665 79 52 all

106 2741 322 56 Oklahoma
454 2744 276 54 decisions
754 2745 64 52 of
838 2746 96 52 the
959 2743 323 55 Oklahoma
1309 2744 274 69 Supreme
1608 2749 178 64 court,
1809 2744 94 54 the
105 2741 1975 134 Oklahoma

309 2821 281 55 Criminal
621 2828 160 47 court
815 2822 64 54 of
913 2823 237 68 appeals
1180 2823 113 54 and
1326 2823 97 53 the
1455 2822 242 54 Federal
1731 2823 187 53 courts
1953 2821 154 53 from

108 2898 1936 72 October 1, 1926 to January 1, 1931, by Daniel W. Crockett …
145 3020 8 9 v.
215 2981 45 49 8.
306 2976 462 68 [Abandonment
824 2985 58 47 to
942 2977 210 71 X-ray]
1231 2978 419 69 Indianapolis,
1710 2978 123 53 The
102 2977 2003 130 Bobbs-Merrill

357 3058 506 66 company [ ᶜ1 931]
173 3135 511 49 2 p. l., 1358 p. 26 ᶜᵐ.
107 3202 51 52 ©
187 3207 125 40 June
338 3206 68 47 24,
436 3206 139 47 1931;
605 3207 68 40 2c.
701 3209 95 38 and
825 3208 80 39 aff.
935 3207 126 40 June
1088 3206 83 48 29;
1202 3208 40 38 A
1271 3207 170 47 40150;
1475 3206 367 41 Bobbs-Merrill
1872 3218 66 29 co.

104 3317 281 64 Daggett,
418 3317 244 53 Harriet
693 3317 228 64 Spiller.

102 3392 1974 144 … The community property system of Louisiana, with comparative
388 3469 1708 71 studies, by Harriet Spiller Daggett … with foreword
100 3546 2000 131 by Robert Lee Tullis … Baton Rouge, Louisiana state press, 1931.
172 3706 1834 51 xiii, 237, [1] p. 23 ᶜᵐ. (Louisiana state university studies, no. 1)
175 3778 144 39 “This
356 3781 195 45 present
589 3780 145 45 study
771 3790 100 29 was
908 3780 157 47 begun
1102 3780 96 39 and
1236 3789 29 30 a
1302 3778 193 49 portion
1532 3779 51 40 of
1619 3778 38 41 it
1695 3789 101 30 was
1832 3780 264 47 completed
103 3844 54 29 as
192 3843 27 30 a
255 3834 182 48 partial

474 3834 312 41 satisfaction
822 3836 51 38 of
909 3836 82 39 the
1028 3835 326 48 requirement
1390 3836 80 38 for
1505 3836 82 39 the
1624 3836 252 39 doctorate
1914 3835 65 53 [of
2016 3836 83 42 the

103 3889 184 42 science
320 3892 51 39 of
403 3892 109 47 law]
548 3891 50 39 in
628 3892 81 39 the
742 3892 118 39 Yale
891 3893 94 39 law
1018 3892 163 40 school
1217 3890 465 51 [1929].”—Editor’s
1716 3893 127 40 note.
