<alto xmlns="http://www.loc.gov/standards/alto/ns-v3#" xmlns:xlink="http://www.w3.org/1999/xlink" xmlns:xsi="http://www.w3.org/2001/XMLSchema-instance" xsi:schemaLocation="http://www.loc.gov/standards/alto/ns-v3# http://www.loc.gov/alto/v3/alto-3-0.xsd"><Description>
<MeasurementUnit>pixel</MeasurementUnit>
<sourceImageInformation>
<fileName>1931_v28_Part001.pdf</fileName>
</sourceImageInformation>
<OCRProcessing ID="IdOcr">
<ocrProcessingStep>
<processingDateTime>2019-04-22</processingDateTime>
<processingSoftware>
<softwareCreator>ABBYY</softwareCreator>
<softwareName>ABBYY Recognition Server</softwareName>
<softwareVersion>4.0</softwareVersion>
</processingSoftware>
</ocrProcessingStep>
</OCRProcessing>
</Description>
<Styles>
<ParagraphStyle ID="StyleId-FFFFFFFF-FFFF-FFFF-FFFF-FFFFFFFFFFFF-" ALIGN="Left" LEFT="0." RIGHT="0." FIRSTLINE="0."/>
<ParagraphStyle ID="StyleId-204B5AEB-67A1-44E2-A013-34B3A0F3E0EA-" ALIGN="Right" LEFT="0." RIGHT="0." FIRSTLINE="0." LINESPACE="8.300000191"/>
<ParagraphStyle ID="StyleId-03245871-796C-4429-B3C7-F9019C8C5B89-" ALIGN="Left" LEFT="0." RIGHT="0." FIRSTLINE="0." LINESPACE="12.19999981"/>
<ParagraphStyle ID="StyleId-BDCA8811-25FF-44DB-8D6F-2072A4ABC070-" ALIGN="Center" LEFT="0." RIGHT="0." FIRSTLINE="0." LINESPACE="12.19999981"/>
<ParagraphStyle ID="StyleId-2C5B7DF0-AF87-455E-B9A8-6FE387CB59BD-" ALIGN="Left" LEFT="0." RIGHT="0." FIRSTLINE="-13." LINESPACE="8.479999542"/>
<ParagraphStyle ID="StyleId-9FB72FA1-55D5-4161-8333-823D5732F4D0-" ALIGN="Block" LEFT="0." RIGHT="0." FIRSTLINE="-14." LINESPACE="10."/>
<ParagraphStyle ID="StyleId-212AEB8C-A829-4BF1-8E45-5BFE386A469C-" ALIGN="Block" LEFT="0." RIGHT="0." FIRSTLINE="-14." LINESPACE="11.35000038"/>
<ParagraphStyle ID="StyleId-4EC79CC1-EA62-49CE-ABB6-D84DDFCF4C7D-" ALIGN="Block" LEFT="0." RIGHT="0." FIRSTLINE="-10." LINESPACE="12.19999981"/>
<ParagraphStyle ID="StyleId-DAF2E8EE-6444-4951-9284-36A6C020C887-" ALIGN="Left" LEFT="0." RIGHT="0." FIRSTLINE="0." LINESPACE="9.399999619"/>
<ParagraphStyle ID="StyleId-25241749-1672-4977-B19F-38F59800D6D8-" ALIGN="Left" LEFT="0." RIGHT="0." FIRSTLINE="0." LINESPACE="11.10000038"/>
<ParagraphStyle ID="StyleId-8C523E19-EDEF-4F23-B010-536E1A1AAE1A-" ALIGN="Left" LEFT="0." RIGHT="0." FIRSTLINE="-13." LINESPACE="12.19999981"/>
<ParagraphStyle ID="StyleId-A1F9DE9E-2625-4D8B-AD7E-F0A0034C2989-" ALIGN="Block" LEFT="0." RIGHT="0." FIRSTLINE="0." LINESPACE="12.19999981"/>
<ParagraphStyle ID="StyleId-5725BB01-2B1C-440F-BAF2-696C4F4DF162-" ALIGN="Block" LEFT="0." RIGHT="0." FIRSTLINE="13." LINESPACE="12.19999981"/>
<ParagraphStyle ID="StyleId-F10A2092-61AA-44FD-99C2-123B3A8051CF-" ALIGN="Left" LEFT="0." RIGHT="0." FIRSTLINE="0." LINESPACE="5.5"/>
<ParagraphStyle ID="StyleId-B3CDC8CC-D2E1-4A23-B67C-CDD40993D1DD-" ALIGN="Left" LEFT="0." RIGHT="0." FIRSTLINE="0." LINESPACE="10."/>
<ParagraphStyle ID="StyleId-871EBF53-D909-4C8F-B368-AC7D897344DD-" ALIGN="Left" LEFT="0." RIGHT="0." FIRSTLINE="0."/>
<ParagraphStyle ID="StyleId-C4129744-680B-4878-B2C4-44BA3742C8D7-" ALIGN="Block" LEFT="0." RIGHT="0." FIRSTLINE="-14." LINESPACE="11.35000038"/>
<ParagraphStyle ID="StyleId-9CE98075-0B04-43D4-88D8-CE3BAB51B419-" ALIGN="Block" LEFT="0." RIGHT="0." FIRSTLINE="-10." LINESPACE="12.19999981"/>
<ParagraphStyle ID="StyleId-B2CFB7B3-DFFA-4E0E-94D6-C2BCE88DA9A9-" ALIGN="Left" LEFT="0." RIGHT="0." FIRSTLINE="0." LINESPACE="12.5"/>
<ParagraphStyle ID="StyleId-8D3352F3-1084-4DDE-A35D-B97102CCE686-" ALIGN="Left" LEFT="0." RIGHT="0." FIRSTLINE="0." LINESPACE="11.60000038"/>
<ParagraphStyle ID="StyleId-4A8DDA0D-166D-4E22-A597-BA51B892602D-" ALIGN="Block" LEFT="0." RIGHT="0." FIRSTLINE="0." LINESPACE="11.21000004"/>
<ParagraphStyle ID="StyleId-90EA4001-AA3C-45A1-AEDC-D1E1169EE5E5-" ALIGN="Block" LEFT="0." RIGHT="0." FIRSTLINE="13." LINESPACE="12.19999981"/>
</Styles>
<Layout>
<Page ID="Page709" PHYSICAL_IMG_NR="709" HEIGHT="4370" WIDTH="2505">
<TopMargin HEIGHT="388" WIDTH="2505" VPOS="0" HPOS="0">
</TopMargin>
<LeftMargin HEIGHT="3702" WIDTH="58" VPOS="388" HPOS="0">
</LeftMargin>
<RightMargin HEIGHT="3702" WIDTH="411" VPOS="388" HPOS="2094">
</RightMargin>
<BottomMargin HEIGHT="280" WIDTH="2505" VPOS="4090" HPOS="0">
</BottomMargin>
<PrintSpace HEIGHT="3702" WIDTH="2036" VPOS="388" HPOS="58">
<TextBlock ID="Page709_Block1" HEIGHT="76" WIDTH="132" VPOS="4014" HPOS="1008" LANG="en-US" STYLEREFS="StyleId-23FD788B-F2DC-4932-A521-29298B30DC93-">
<TextLine HEIGHT="56" WIDTH="103" VPOS="4023" HPOS="1017">
<String CONTENT="709" HEIGHT="56" WIDTH="103" VPOS="4023" HPOS="1017"/>
</TextLine>
</TextBlock>
<TextBlock ID="Page709_Block2" HEIGHT="3632" WIDTH="2036" VPOS="388" HPOS="58" CS="1" STYLEREFS="StyleId-7156F8EE-8ABB-475E-9106-3520734AE744-">
<TextLine HEIGHT="65" WIDTH="586" VPOS="398" HPOS="85" STYLEREFS="StyleId-A2724390-83BE-4A8D-8BBF-0A5CC916C812-" LANG="en-US">
<String CONTENT="Dunn," HEIGHT="63" WIDTH="193" VPOS="400" HPOS="85"/>
<SP HEIGHT="64" WIDTH="26" VPOS="399" HPOS="279"/>
<String CONTENT="Olav," HEIGHT="65" WIDTH="165" VPOS="398" HPOS="306"/>
<SP HEIGHT="57" WIDTH="28" VPOS="406" HPOS="472"/>
<String CONTENT="1876-" HEIGHT="54" WIDTH="170" VPOS="400" HPOS="501"/>
</TextLine>
<TextLine HEIGHT="71" WIDTH="1926" VPOS="475" HPOS="156" STYLEREFS="StyleId-33FC9B40-1612-415F-A973-453AA9314793-" LANG="en-US">
<String CONTENT="The" HEIGHT="53" WIDTH="122" VPOS="479" HPOS="156"/>
<SP HEIGHT="49" WIDTH="43" VPOS="497" HPOS="279"/>
<String CONTENT="people" HEIGHT="66" WIDTH="201" VPOS="480" HPOS="323"/>
<SP HEIGHT="35" WIDTH="46" VPOS="497" HPOS="525"/>
<String CONTENT="of" HEIGHT="54" WIDTH="65" VPOS="476" HPOS="572"/>
<SP HEIGHT="55" WIDTH="42" VPOS="476" HPOS="638"/>
<String CONTENT="Juvik," HEIGHT="71" WIDTH="198" VPOS="475" HPOS="681"/>
<SP HEIGHT="69" WIDTH="42" VPOS="477" HPOS="880"/>
<String CONTENT="by" HEIGHT="68" WIDTH="74" VPOS="477" HPOS="923"/>
<SP HEIGHT="70" WIDTH="46" VPOS="475" HPOS="998"/>
<String CONTENT="Olav" HEIGHT="54" WIDTH="150" VPOS="475" HPOS="1045"/>
<SP HEIGHT="51" WIDTH="42" VPOS="476" HPOS="1196"/>
<String CONTENT="Dunn," HEIGHT="68" WIDTH="196" VPOS="476" HPOS="1239"/>
<SP HEIGHT="51" WIDTH="44" VPOS="493" HPOS="1436"/>
<String CONTENT="a" HEIGHT="34" WIDTH="31" VPOS="493" HPOS="1481"/>
<SP HEIGHT="35" WIDTH="44" VPOS="493" HPOS="1513"/>
<String CONTENT="saga" HEIGHT="50" WIDTH="136" VPOS="494" HPOS="1558"/>
<SP HEIGHT="35" WIDTH="43" VPOS="494" HPOS="1695"/>
<String CONTENT="of" HEIGHT="52" WIDTH="64" VPOS="475" HPOS="1739"/>
<SP HEIGHT="52" WIDTH="40" VPOS="475" HPOS="1804"/>
<String CONTENT="modern" HEIGHT="52" WIDTH="237" VPOS="476" HPOS="1845"/>
</TextLine>
<TextLine HEIGHT="73" WIDTH="2000" VPOS="552" HPOS="84" STYLEREFS="StyleId-33FC9B40-1612-415F-A973-453AA9314793-" LANG="en-US">
<String CONTENT="Norway," HEIGHT="69" WIDTH="267" VPOS="556" HPOS="84"/>
<SP HEIGHT="63" WIDTH="28" VPOS="562" HPOS="352"/>
<String CONTENT="translated" HEIGHT="53" WIDTH="315" VPOS="556" HPOS="381"/>
<SP HEIGHT="54" WIDTH="30" VPOS="554" HPOS="697"/>
<String CONTENT="from" HEIGHT="53" WIDTH="152" VPOS="554" HPOS="728"/>
<SP HEIGHT="47" WIDTH="28" VPOS="559" HPOS="881"/>
<String CONTENT="the" HEIGHT="53" WIDTH="97" VPOS="554" HPOS="910"/>
<SP HEIGHT="53" WIDTH="26" VPOS="554" HPOS="1008"/>
<String CONTENT="Norwegian" HEIGHT="68" WIDTH="346" VPOS="554" HPOS="1035"/>
<SP HEIGHT="53" WIDTH="24" VPOS="554" HPOS="1382"/>
<String CONTENT="by" HEIGHT="70" WIDTH="77" VPOS="554" HPOS="1407"/>
<SP HEIGHT="71" WIDTH="28" VPOS="553" HPOS="1485"/>
<String CONTENT="Arthur" HEIGHT="53" WIDTH="224" VPOS="553" HPOS="1514"/>
<SP HEIGHT="56" WIDTH="29" VPOS="552" HPOS="1739"/>
<String CONTENT="G." HEIGHT="56" WIDTH="68" VPOS="552" HPOS="1769"/>
<SP HEIGHT="55" WIDTH="33" VPOS="552" HPOS="1838"/>
<String CONTENT="Chater" HEIGHT="55" WIDTH="212" VPOS="552" HPOS="1872"/>
</TextLine>
<TextLine HEIGHT="72" WIDTH="1938" VPOS="629" HPOS="146" STYLEREFS="StyleId-33FC9B40-1612-415F-A973-453AA9314793-" LANG="en-US" CS="1">
<String CS="1" CONTENT="&#8230;"/>
<SP HEIGHT="36" WIDTH="76" VPOS="651" HPOS="146"/>
<String LANG="la" CONTENT="ii." HEIGHT="36" WIDTH="62" VPOS="651" HPOS="223"/>
<SP HEIGHT="51" WIDTH="46" VPOS="636" HPOS="286"/>
<String CONTENT="The" HEIGHT="51" WIDTH="121" VPOS="636" HPOS="333"/>
<SP HEIGHT="52" WIDTH="41" VPOS="635" HPOS="455"/>
<String CONTENT="blind" HEIGHT="54" WIDTH="161" VPOS="633" HPOS="497"/>
<SP HEIGHT="52" WIDTH="43" VPOS="634" HPOS="659"/>
<String CONTENT="man." HEIGHT="33" WIDTH="148" VPOS="652" HPOS="703"/>
<SP HEIGHT="53" WIDTH="73" VPOS="632" HPOS="852"/>
<String CONTENT="New" HEIGHT="53" WIDTH="139" VPOS="632" HPOS="926"/>
<SP HEIGHT="52" WIDTH="45" VPOS="632" HPOS="1066"/>
<String CONTENT="York," HEIGHT="68" WIDTH="182" VPOS="632" HPOS="1112"/>
<SP HEIGHT="68" WIDTH="40" VPOS="632" HPOS="1295"/>
<String CONTENT="London," HEIGHT="69" WIDTH="260" VPOS="632" HPOS="1336"/>
<SP HEIGHT="70" WIDTH="42" VPOS="631" HPOS="1597"/>
<String CONTENT="A." HEIGHT="53" WIDTH="71" VPOS="631" HPOS="1640"/>
<SP HEIGHT="53" WIDTH="43" VPOS="631" HPOS="1712"/>
<String CONTENT="A." HEIGHT="52" WIDTH="71" VPOS="631" HPOS="1756"/>
<SP HEIGHT="53" WIDTH="47" VPOS="630" HPOS="1828"/>
<String CONTENT="Knopf" HEIGHT="69" WIDTH="208" VPOS="629" HPOS="1876"/>
</TextLine>
<TextLine HEIGHT="64" WIDTH="191" VPOS="715" HPOS="88" STYLEREFS="StyleId-33FC9B40-1612-415F-A973-453AA9314793-" LANG="en-US">
<String CONTENT="[1930]" HEIGHT="64" WIDTH="191" VPOS="715" HPOS="88"/>
</TextLine>
<TextLine HEIGHT="42" WIDTH="309" VPOS="790" HPOS="152" LANG="en-US" CS="1">
<String CONTENT="1" HEIGHT="37" WIDTH="23" VPOS="794" HPOS="152"/>
<SP HEIGHT="38" WIDTH="34" VPOS="794" HPOS="176"/>
<String CONTENT="V." HEIGHT="29" WIDTH="41" VPOS="803" HPOS="211"/>
<SP HEIGHT="39" WIDTH="62" VPOS="792" HPOS="253"/>
<String CS="1" CONTENT="19&#189;&#7580;&#7504;." HEIGHT="41" WIDTH="145" VPOS="790" HPOS="316"/>
</TextLine>
<TextLine HEIGHT="52" WIDTH="1105" VPOS="844" HPOS="86" LANG="en-US" CS="1">
<String CONTENT="&#169;" HEIGHT="52" WIDTH="51" VPOS="844" HPOS="86"/>
<SP HEIGHT="52" WIDTH="22" VPOS="844" HPOS="138"/>
<String CONTENT="Apr." HEIGHT="46" WIDTH="114" VPOS="850" HPOS="161"/>
<SP HEIGHT="39" WIDTH="21" VPOS="849" HPOS="276"/>
<String CONTENT="10," HEIGHT="48" WIDTH="68" VPOS="847" HPOS="298"/>
<SP HEIGHT="46" WIDTH="23" VPOS="849" HPOS="367"/>
<String CS="1" CONTENT="1931;" HEIGHT="41" WIDTH="112" VPOS="846" HPOS="391"/>
<SP HEIGHT="47" WIDTH="24" VPOS="847" HPOS="533"/>
<String CONTENT="2c." HEIGHT="40" WIDTH="66" VPOS="847" HPOS="558"/>
<SP HEIGHT="40" WIDTH="22" VPOS="847" HPOS="625"/>
<String CONTENT="Apr." HEIGHT="48" WIDTH="112" VPOS="847" HPOS="648"/>
<SP HEIGHT="37" WIDTH="24" VPOS="848" HPOS="761"/>
<String CS="1" CONTENT="13;" HEIGHT="40" WIDTH="54" VPOS="846" HPOS="786"/>
<SP HEIGHT="37" WIDTH="25" VPOS="856" HPOS="868"/>
<String CONTENT="aff." HEIGHT="41" WIDTH="82" VPOS="846" HPOS="894"/>
<SP HEIGHT="40" WIDTH="22" VPOS="847" HPOS="977"/>
<String CONTENT="Apr." HEIGHT="47" WIDTH="113" VPOS="847" HPOS="1000"/>
<SP HEIGHT="38" WIDTH="24" VPOS="848" HPOS="1114"/>
<String CS="1" CONTENT="11;" HEIGHT="38" WIDTH="52" VPOS="847" HPOS="1139"/>
</TextLine>
<TextLine HEIGHT="49" WIDTH="834" VPOS="844" HPOS="1247" LANG="en-US" CS="1">
<!-- cceid E7A28D8F-6E8D-1014-9CF5-AEB3FCA41D69 --><String CONTENT="A" HEIGHT="39" WIDTH="41" VPOS="846" HPOS="1247"/>
<SP HEIGHT="40" WIDTH="21" VPOS="846" HPOS="1289"/>
<String CS="1" CONTENT="35752;" HEIGHT="40" WIDTH="143" VPOS="846" HPOS="1311"/>
<SP HEIGHT="47" WIDTH="25" VPOS="846" HPOS="1483"/>
<String CONTENT="Alfred" HEIGHT="40" WIDTH="172" VPOS="845" HPOS="1509"/>
<SP HEIGHT="39" WIDTH="23" VPOS="846" HPOS="1682"/>
<String CONTENT="A." HEIGHT="40" WIDTH="53" VPOS="846" HPOS="1706"/>
<SP HEIGHT="41" WIDTH="25" VPOS="845" HPOS="1760"/>
<String CONTENT="Knopf," HEIGHT="49" WIDTH="178" VPOS="844" HPOS="1786"/>
<SP HEIGHT="47" WIDTH="24" VPOS="846" HPOS="1965"/>
<String CONTENT="inc." HEIGHT="39" WIDTH="91" VPOS="846" HPOS="1990"/>
</TextLine>
<TextLine HEIGHT="65" WIDTH="1038" VPOS="955" HPOS="78" STYLEREFS="StyleId-A2724390-83BE-4A8D-8BBF-0A5CC916C812-" LANG="en-US">
<String CONTENT="Dupont-Ferrier," HEIGHT="65" WIDTH="522" VPOS="955" HPOS="78"/>
<SP HEIGHT="64" WIDTH="30" VPOS="956" HPOS="601"/>
<String CONTENT="Gustave," HEIGHT="64" WIDTH="281" VPOS="956" HPOS="632"/>
<SP HEIGHT="59" WIDTH="30" VPOS="961" HPOS="914"/>
<String CONTENT="1865-" HEIGHT="49" WIDTH="171" VPOS="960" HPOS="945"/>
</TextLine>
<TextLine HEIGHT="57" WIDTH="1933" VPOS="1043" HPOS="150" STYLEREFS="StyleId-33FC9B40-1612-415F-A973-453AA9314793-">
<String LANG="en-US" CONTENT="Etudes" HEIGHT="55" WIDTH="218" VPOS="1045" HPOS="150"/>
<SP HEIGHT="34" WIDTH="22" VPOS="1066" HPOS="369"/>
<String LANG="fr" CONTENT="sur" HEIGHT="34" WIDTH="98" VPOS="1064" HPOS="392"/>
<SP HEIGHT="52" WIDTH="22" VPOS="1046" HPOS="491"/>
<String LANG="fr" CONTENT="les" HEIGHT="53" WIDTH="78" VPOS="1046" HPOS="514"/>
<SP HEIGHT="53" WIDTH="21" VPOS="1046" HPOS="593"/>
<String LANG="en-US" CONTENT="institutions" HEIGHT="53" WIDTH="358" VPOS="1044" HPOS="615"/>
<SP HEIGHT="54" WIDTH="22" VPOS="1043" HPOS="974"/>
<String LANG="fr" CONTENT="financi&#232;res" HEIGHT="55" WIDTH="332" VPOS="1043" HPOS="997"/>
<SP HEIGHT="52" WIDTH="22" VPOS="1046" HPOS="1330"/>
<String LANG="fr" CONTENT="de" HEIGHT="52" WIDTH="68" VPOS="1046" HPOS="1353"/>
<SP HEIGHT="51" WIDTH="21" VPOS="1046" HPOS="1422"/>
<String LANG="fr" CONTENT="la" HEIGHT="52" WIDTH="56" VPOS="1046" HPOS="1444"/>
<SP HEIGHT="54" WIDTH="23" VPOS="1044" HPOS="1501"/>
<String LANG="fr" CONTENT="France" HEIGHT="54" WIDTH="221" VPOS="1044" HPOS="1525"/>
<SP HEIGHT="54" WIDTH="21" VPOS="1044" HPOS="1747"/>
<String LANG="fr" CONTENT="&#224;" HEIGHT="50" WIDTH="31" VPOS="1044" HPOS="1769"/>
<SP HEIGHT="53" WIDTH="21" VPOS="1044" HPOS="1801"/>
<String LANG="fr" CONTENT="la" HEIGHT="51" WIDTH="56" VPOS="1046" HPOS="1823"/>
<SP HEIGHT="53" WIDTH="23" VPOS="1043" HPOS="1880"/>
<String LANG="fr" CONTENT="fin" HEIGHT="52" WIDTH="79" VPOS="1043" HPOS="1904"/>
<SP HEIGHT="52" WIDTH="22" VPOS="1045" HPOS="1984"/>
<String LANG="fr" CONTENT="du" HEIGHT="52" WIDTH="76" VPOS="1045" HPOS="2007"/>
</TextLine>
<TextLine HEIGHT="70" WIDTH="2003" VPOS="1118" HPOS="80" STYLEREFS="StyleId-33FC9B40-1612-415F-A973-453AA9314793-" LANG="fr" CS="1">
<String CONTENT="moyen" HEIGHT="49" WIDTH="202" VPOS="1138" HPOS="80"/>
<SP HEIGHT="51" WIDTH="36" VPOS="1120" HPOS="283"/>
<String CONTENT="&#226;ge," HEIGHT="68" WIDTH="120" VPOS="1120" HPOS="320"/>
<SP HEIGHT="49" WIDTH="34" VPOS="1139" HPOS="441"/>
<String CONTENT="par" HEIGHT="49" WIDTH="104" VPOS="1139" HPOS="476"/>
<SP HEIGHT="55" WIDTH="36" VPOS="1118" HPOS="581"/>
<String CONTENT="Gustave" HEIGHT="55" WIDTH="252" VPOS="1118" HPOS="618"/>
<SP HEIGHT="51" WIDTH="35" VPOS="1120" HPOS="871"/>
<String CONTENT="Dupont-Ferrier" HEIGHT="68" WIDTH="497" VPOS="1119" HPOS="907"/>
<SP HEIGHT="32" WIDTH="41" VPOS="1139" HPOS="1405"/>
<String CS="1" CONTENT="&#8230;"/>
<SP HEIGHT="51" WIDTH="78" VPOS="1119" HPOS="1503"/>
<String CONTENT="Les" HEIGHT="52" WIDTH="106" VPOS="1119" HPOS="1582"/>
<SP HEIGHT="33" WIDTH="37" VPOS="1138" HPOS="1689"/>
<String LANG="en-US" CONTENT="elections" HEIGHT="52" WIDTH="266" VPOS="1119" HPOS="1727"/>
<SP HEIGHT="34" WIDTH="33" VPOS="1137" HPOS="1994"/>
<String CONTENT="et" HEIGHT="47" WIDTH="55" VPOS="1124" HPOS="2028"/>
</TextLine>
<TextLine HEIGHT="70" WIDTH="1600" VPOS="1196" HPOS="79" STYLEREFS="StyleId-33FC9B40-1612-415F-A973-453AA9314793-" LANG="fr" CS="1">
<String CONTENT="leur" HEIGHT="51" WIDTH="122" VPOS="1200" HPOS="79"/>
<SP HEIGHT="49" WIDTH="29" VPOS="1217" HPOS="202"/>
<String CONTENT="personnel." HEIGHT="68" WIDTH="315" VPOS="1198" HPOS="232"/>
<SP HEIGHT="33" WIDTH="79" VPOS="1230" HPOS="548"/>
<String CONTENT="[Paris]" HEIGHT="65" WIDTH="201" VPOS="1198" HPOS="628"/>
<SP HEIGHT="67" WIDTH="36" VPOS="1196" HPOS="830"/>
<String CONTENT="Firmin-Didot" HEIGHT="53" WIDTH="438" VPOS="1196" HPOS="867"/>
<SP HEIGHT="46" WIDTH="25" VPOS="1203" HPOS="1306"/>
<String CONTENT="et" HEIGHT="46" WIDTH="54" VPOS="1203" HPOS="1332"/>
<SP HEIGHT="46" WIDTH="28" VPOS="1203" HPOS="1387"/>
<String CONTENT="c" HEIGHT="33" WIDTH="27" VPOS="1216" HPOS="1416"/>
<String LANG="en-US" CS="1" CONTENT="&#8305;&#7497;"/>
<String CONTENT="," HEIGHT="25" WIDTH="12" VPOS="1240" HPOS="1486"/>
<SP HEIGHT="64" WIDTH="29" VPOS="1201" HPOS="1499"/>
<String CONTENT="1930." HEIGHT="51" WIDTH="150" VPOS="1198" HPOS="1529"/>
</TextLine>
<TextLine HEIGHT="49" WIDTH="901" VPOS="1277" HPOS="149" CS="1">
<String LANG="fr" CONTENT="3" HEIGHT="40" WIDTH="28" VPOS="1279" HPOS="149"/>
<SP HEIGHT="47" WIDTH="28" VPOS="1279" HPOS="178"/>
<String LANG="fr" CONTENT="p." HEIGHT="37" WIDTH="42" VPOS="1289" HPOS="207"/>
<SP/>
<String LANG="fr" CS="1" CONTENT="l.," HEIGHT="15" WIDTH="8" VPOS="1311" HPOS="315"/>
<SP HEIGHT="48" WIDTH="29" VPOS="1278" HPOS="324"/>
<String LANG="fr" CONTENT="311" HEIGHT="40" WIDTH="86" VPOS="1278" HPOS="354"/>
<SP HEIGHT="45" WIDTH="29" VPOS="1280" HPOS="441"/>
<String LANG="fr" CONTENT="p." HEIGHT="36" WIDTH="43" VPOS="1289" HPOS="471"/>
<SP HEIGHT="41" WIDTH="58" VPOS="1277" HPOS="515"/>
<String LANG="en-US" CONTENT="fold." HEIGHT="40" WIDTH="117" VPOS="1277" HPOS="574"/>
<SP HEIGHT="29" WIDTH="30" VPOS="1288" HPOS="692"/>
<String LANG="en-US" CONTENT="maps." HEIGHT="37" WIDTH="151" VPOS="1287" HPOS="723"/>
<SP HEIGHT="40" WIDTH="58" VPOS="1277" HPOS="875"/>
<String LANG="fr" CONTENT="25" HEIGHT="39" WIDTH="56" VPOS="1277" HPOS="934"/>
<String STYLE="superscript" LANG="fr" CS="1" CONTENT="&#7580;&#7504;"/>
<String LANG="fr" CONTENT="." HEIGHT="8" WIDTH="8" VPOS="1307" HPOS="1042"/>
</TextLine>
<TextLine HEIGHT="52" WIDTH="1885" VPOS="1331" HPOS="83" CS="1">
<String LANG="fr" CONTENT="&#169;" HEIGHT="52" WIDTH="51" VPOS="1331" HPOS="83"/>
<SP HEIGHT="52" WIDTH="30" VPOS="1331" HPOS="135"/>
<String LANG="en-US" CONTENT="Feb." HEIGHT="39" WIDTH="108" VPOS="1335" HPOS="166"/>
<SP HEIGHT="39" WIDTH="29" VPOS="1335" HPOS="275"/>
<String LANG="fr" CONTENT="5," HEIGHT="47" WIDTH="39" VPOS="1335" HPOS="305"/>
<SP HEIGHT="46" WIDTH="29" VPOS="1336" HPOS="345"/>
<String LANG="fr" CONTENT="1931;" HEIGHT="46" WIDTH="141" VPOS="1334" HPOS="375"/>
<SP/>
<String LANG="fr" CS="1" CONTENT="1c."/>
<SP HEIGHT="38" WIDTH="31" VPOS="1336" HPOS="615"/>
<String LANG="fr" CONTENT="Mar." HEIGHT="38" WIDTH="120" VPOS="1336" HPOS="647"/>
<SP HEIGHT="40" WIDTH="29" VPOS="1334" HPOS="768"/>
<String LANG="fr" CONTENT="6;" HEIGHT="41" WIDTH="50" VPOS="1334" HPOS="798"/>
<SP HEIGHT="40" WIDTH="33" VPOS="1335" HPOS="849"/>
<!-- cceid E7A32543-6E8D-1014-9CF5-AEB3FCA41D69 --><String LANG="fr" CONTENT="A&#8212;" HEIGHT="37" WIDTH="101" VPOS="1335" HPOS="883"/>
<String LANG="en-US" CONTENT="Foreign" HEIGHT="47" WIDTH="204" VPOS="1333" HPOS="986"/>
<SP HEIGHT="37" WIDTH="31" VPOS="1336" HPOS="1191"/>
<String LANG="fr" CONTENT="11274;" HEIGHT="47" WIDTH="170" VPOS="1333" HPOS="1223"/>
<SP HEIGHT="46" WIDTH="34" VPOS="1334" HPOS="1394"/>
<String LANG="fr" CONTENT="Firmin-Didot" HEIGHT="41" WIDTH="357" VPOS="1332" HPOS="1429"/>
<SP HEIGHT="40" WIDTH="29" VPOS="1333" HPOS="1787"/>
<String LANG="fr" CONTENT="&amp;" HEIGHT="40" WIDTH="37" VPOS="1333" HPOS="1817"/>
<SP HEIGHT="40" WIDTH="28" VPOS="1333" HPOS="1855"/>
<String LANG="fr" CONTENT="cie." HEIGHT="41" WIDTH="84" VPOS="1332" HPOS="1884"/>
</TextLine>
<TextLine HEIGHT="48" WIDTH="279" VPOS="1391" HPOS="161" LANG="fr">
<String CONTENT="(31-11803)" HEIGHT="48" WIDTH="279" VPOS="1391" HPOS="161"/>
</TextLine>
<TextLine HEIGHT="71" WIDTH="2003" VPOS="1484" HPOS="80" STYLEREFS="StyleId-33FC9B40-1612-415F-A973-453AA9314793-" LANG="en-US">
<String CONTENT="Federal" HEIGHT="52" WIDTH="245" VPOS="1485" HPOS="80"/>
<SP HEIGHT="54" WIDTH="29" VPOS="1485" HPOS="326"/>
<String CONTENT="digest," HEIGHT="68" WIDTH="203" VPOS="1487" HPOS="356"/>
<SP HEIGHT="49" WIDTH="25" VPOS="1506" HPOS="560"/>
<String CONTENT="covering" HEIGHT="68" WIDTH="268" VPOS="1486" HPOS="586"/>
<SP HEIGHT="68" WIDTH="26" VPOS="1486" HPOS="855"/>
<String LANG="fr" CONTENT="decisions" HEIGHT="54" WIDTH="275" VPOS="1485" HPOS="882"/>
<SP HEIGHT="37" WIDTH="30" VPOS="1502" HPOS="1158"/>
<String CONTENT="of" HEIGHT="52" WIDTH="65" VPOS="1485" HPOS="1189"/>
<SP HEIGHT="53" WIDTH="26" VPOS="1485" HPOS="1255"/>
<String CONTENT="the" HEIGHT="52" WIDTH="96" VPOS="1487" HPOS="1282"/>
<SP HEIGHT="55" WIDTH="27" VPOS="1484" HPOS="1379"/>
<String CONTENT="United" HEIGHT="54" WIDTH="218" VPOS="1484" HPOS="1407"/>
<SP HEIGHT="55" WIDTH="32" VPOS="1484" HPOS="1626"/>
<String CONTENT="States" HEIGHT="55" WIDTH="187" VPOS="1484" HPOS="1659"/>
<SP HEIGHT="35" WIDTH="28" VPOS="1504" HPOS="1847"/>
<String CONTENT="courts," HEIGHT="61" WIDTH="207" VPOS="1490" HPOS="1876"/>
</TextLine>
<TextLine HEIGHT="69" WIDTH="1933" VPOS="1564" HPOS="150" STYLEREFS="StyleId-33FC9B40-1612-415F-A973-453AA9314793-" LANG="en-US" CS="1">
<String CONTENT="reported" HEIGHT="66" WIDTH="263" VPOS="1566" HPOS="150"/>
<SP HEIGHT="52" WIDTH="48" VPOS="1565" HPOS="414"/>
<String CONTENT="in" HEIGHT="51" WIDTH="56" VPOS="1565" HPOS="463"/>
<SP HEIGHT="52" WIDTH="53" VPOS="1564" HPOS="520"/>
<String CONTENT="Federal" HEIGHT="52" WIDTH="242" VPOS="1564" HPOS="574"/>
<SP HEIGHT="51" WIDTH="49" VPOS="1564" HPOS="817"/>
<String CONTENT="reporter," HEIGHT="66" WIDTH="272" VPOS="1567" HPOS="867"/>
<SP HEIGHT="50" WIDTH="49" VPOS="1583" HPOS="1140"/>
<String CONTENT="second" HEIGHT="54" WIDTH="205" VPOS="1564" HPOS="1190"/>
<SP HEIGHT="54" WIDTH="45" VPOS="1564" HPOS="1396"/>
<String CS="1" CONTENT="series." HEIGHT="53" WIDTH="169" VPOS="1564" HPOS="1442"/>
<SP HEIGHT="34" WIDTH="76" VPOS="1582" HPOS="1626"/>
<String LANG="fr" CONTENT="vols." HEIGHT="51" WIDTH="137" VPOS="1565" HPOS="1703"/>
<SP HEIGHT="50" WIDTH="50" VPOS="1565" HPOS="1841"/>
<String CONTENT="31-45," HEIGHT="65" WIDTH="191" VPOS="1565" HPOS="1892"/>
</TextLine>
<TextLine HEIGHT="71" WIDTH="1928" VPOS="1640" HPOS="153" STYLEREFS="StyleId-33FC9B40-1612-415F-A973-453AA9314793-" LANG="en-US">
<String CONTENT="Supreme" HEIGHT="69" WIDTH="274" VPOS="1642" HPOS="153"/>
<SP HEIGHT="33" WIDTH="32" VPOS="1661" HPOS="428"/>
<String CONTENT="court" HEIGHT="47" WIDTH="158" VPOS="1647" HPOS="461"/>
<SP HEIGHT="46" WIDTH="33" VPOS="1647" HPOS="620"/>
<String CONTENT="reporter," HEIGHT="62" WIDTH="272" VPOS="1647" HPOS="654"/>
<SP HEIGHT="47" WIDTH="30" VPOS="1661" HPOS="927"/>
<String LANG="fr" CONTENT="vols." HEIGHT="51" WIDTH="138" VPOS="1642" HPOS="958"/>
<SP HEIGHT="49" WIDTH="32" VPOS="1644" HPOS="1097"/>
<String CONTENT="49," HEIGHT="65" WIDTH="85" VPOS="1644" HPOS="1130"/>
<SP HEIGHT="63" WIDTH="32" VPOS="1646" HPOS="1216"/>
<String CONTENT="50," HEIGHT="65" WIDTH="84" VPOS="1644" HPOS="1249"/>
<SP HEIGHT="68" WIDTH="30" VPOS="1641" HPOS="1334"/>
<String CONTENT="United" HEIGHT="53" WIDTH="217" VPOS="1641" HPOS="1365"/>
<SP HEIGHT="55" WIDTH="36" VPOS="1640" HPOS="1583"/>
<String CONTENT="States" HEIGHT="55" WIDTH="187" VPOS="1640" HPOS="1620"/>
<SP HEIGHT="34" WIDTH="32" VPOS="1660" HPOS="1808"/>
<String CONTENT="reports," HEIGHT="62" WIDTH="240" VPOS="1646" HPOS="1841"/>
</TextLine>
<TextLine HEIGHT="71" WIDTH="1930" VPOS="1718" HPOS="148" STYLEREFS="StyleId-33FC9B40-1612-415F-A973-453AA9314793-" LANG="en-US">
<String LANG="fr" CONTENT="vols." HEIGHT="51" WIDTH="137" VPOS="1723" HPOS="148"/>
<SP HEIGHT="50" WIDTH="31" VPOS="1723" HPOS="286"/>
<String CONTENT="278-281," HEIGHT="56" WIDTH="259" VPOS="1720" HPOS="318"/>
<SP HEIGHT="55" WIDTH="31" VPOS="1721" HPOS="578"/>
<String CONTENT="Lawyers&#8217;" HEIGHT="66" WIDTH="285" VPOS="1720" HPOS="610"/>
<SP HEIGHT="52" WIDTH="29" VPOS="1720" HPOS="896"/>
<String CONTENT="edition," HEIGHT="68" WIDTH="235" VPOS="1720" HPOS="926"/>
<SP HEIGHT="69" WIDTH="28" VPOS="1719" HPOS="1162"/>
<String CONTENT="United" HEIGHT="55" WIDTH="221" VPOS="1718" HPOS="1191"/>
<SP HEIGHT="55" WIDTH="33" VPOS="1719" HPOS="1413"/>
<String CONTENT="States" HEIGHT="55" WIDTH="187" VPOS="1719" HPOS="1447"/>
<SP HEIGHT="35" WIDTH="33" VPOS="1738" HPOS="1635"/>
<String CONTENT="reports," HEIGHT="64" WIDTH="241" VPOS="1725" HPOS="1669"/>
<SP HEIGHT="50" WIDTH="29" VPOS="1739" HPOS="1911"/>
<String LANG="fr" CONTENT="vols." HEIGHT="52" WIDTH="137" VPOS="1720" HPOS="1941"/>
</TextLine>
<TextLine HEIGHT="70" WIDTH="1932" VPOS="1797" HPOS="149" STYLEREFS="StyleId-33FC9B40-1612-415F-A973-453AA9314793-" LANG="en-US" CS="1">
<String CONTENT="73," HEIGHT="67" WIDTH="83" VPOS="1799" HPOS="149"/>
<SP HEIGHT="68" WIDTH="29" VPOS="1798" HPOS="233"/>
<String CONTENT="74," HEIGHT="67" WIDTH="85" VPOS="1798" HPOS="263"/>
<SP HEIGHT="67" WIDTH="26" VPOS="1798" HPOS="349"/>
<String CONTENT="Appeal" HEIGHT="67" WIDTH="230" VPOS="1798" HPOS="376"/>
<SP HEIGHT="50" WIDTH="28" VPOS="1800" HPOS="607"/>
<String CONTENT="cases," HEIGHT="49" WIDTH="167" VPOS="1817" HPOS="636"/>
<SP HEIGHT="69" WIDTH="28" VPOS="1797" HPOS="804"/>
<String CONTENT="District" HEIGHT="53" WIDTH="245" VPOS="1797" HPOS="833"/>
<SP HEIGHT="47" WIDTH="28" VPOS="1802" HPOS="1079"/>
<String CONTENT="of" HEIGHT="52" WIDTH="64" VPOS="1797" HPOS="1108"/>
<SP HEIGHT="54" WIDTH="30" VPOS="1797" HPOS="1173"/>
<String CONTENT="Columbia" HEIGHT="54" WIDTH="301" VPOS="1797" HPOS="1204"/>
<SP HEIGHT="34" WIDTH="29" VPOS="1815" HPOS="1506"/>
<String CONTENT="reports," HEIGHT="64" WIDTH="242" VPOS="1803" HPOS="1536"/>
<SP HEIGHT="50" WIDTH="28" VPOS="1817" HPOS="1779"/>
<String LANG="fr" CONTENT="vols" HEIGHT="52" WIDTH="122" VPOS="1799" HPOS="1808"/>
<SP HEIGHT="50" WIDTH="31" VPOS="1801" HPOS="1931"/>
<String CS="1" CONTENT="58*," HEIGHT="67" WIDTH="118" VPOS="1800" HPOS="1963"/>
</TextLine>
<TextLine HEIGHT="71" WIDTH="1930" VPOS="1872" HPOS="152" STYLEREFS="StyleId-33FC9B40-1612-415F-A973-453AA9314793-" LANG="en-US">
<String CONTENT="59," HEIGHT="64" WIDTH="82" VPOS="1877" HPOS="152"/>
<SP HEIGHT="64" WIDTH="41" VPOS="1877" HPOS="235"/>
<String CONTENT="60*" HEIGHT="51" WIDTH="99" VPOS="1875" HPOS="277"/>
<SP HEIGHT="69" WIDTH="56" VPOS="1874" HPOS="377"/>
<String CONTENT="(*in" HEIGHT="69" WIDTH="122" VPOS="1874" HPOS="434"/>
<SP HEIGHT="49" WIDTH="42" VPOS="1892" HPOS="557"/>
<String CONTENT="part)" HEIGHT="69" WIDTH="158" VPOS="1873" HPOS="600"/>
<SP HEIGHT="69" WIDTH="85" VPOS="1873" HPOS="759"/>
<String CONTENT="Edited" HEIGHT="52" WIDTH="211" VPOS="1874" HPOS="845"/>
<SP HEIGHT="52" WIDTH="42" VPOS="1874" HPOS="1057"/>
<String CONTENT="by" HEIGHT="68" WIDTH="75" VPOS="1874" HPOS="1100"/>
<SP HEIGHT="63" WIDTH="41" VPOS="1879" HPOS="1176"/>
<String CONTENT="the" HEIGHT="52" WIDTH="100" VPOS="1874" HPOS="1218"/>
<SP HEIGHT="54" WIDTH="41" VPOS="1872" HPOS="1319"/>
<String CONTENT="Editorial" HEIGHT="54" WIDTH="291" VPOS="1872" HPOS="1361"/>
<SP HEIGHT="51" WIDTH="44" VPOS="1875" HPOS="1653"/>
<String CONTENT="staff" HEIGHT="54" WIDTH="136" VPOS="1872" HPOS="1698"/>
<SP HEIGHT="54" WIDTH="40" VPOS="1872" HPOS="1835"/>
<String CONTENT="of" HEIGHT="54" WIDTH="66" VPOS="1872" HPOS="1876"/>
<SP HEIGHT="52" WIDTH="41" VPOS="1872" HPOS="1943"/>
<String CONTENT="the" HEIGHT="51" WIDTH="97" VPOS="1873" HPOS="1985"/>
</TextLine>
<TextLine HEIGHT="69" WIDTH="1427" VPOS="1953" HPOS="148" STYLEREFS="StyleId-33FC9B40-1612-415F-A973-453AA9314793-" LANG="en-US" CS="1">
<String CONTENT="American" HEIGHT="53" WIDTH="303" VPOS="1953" HPOS="148"/>
<SP HEIGHT="51" WIDTH="38" VPOS="1955" HPOS="452"/>
<String CONTENT="digest" HEIGHT="68" WIDTH="183" VPOS="1954" HPOS="491"/>
<SP HEIGHT="49" WIDTH="35" VPOS="1957" HPOS="675"/>
<String CONTENT="system" HEIGHT="63" WIDTH="207" VPOS="1957" HPOS="711"/>
<SP HEIGHT="33" WIDTH="40" VPOS="1971" HPOS="919"/>
<String CS="1" CONTENT="&#8230;"/>
<SP HEIGHT="54" WIDTH="80" VPOS="1953" HPOS="1016"/>
<String CONTENT="St." HEIGHT="54" WIDTH="83" VPOS="1953" HPOS="1097"/>
<SP HEIGHT="51" WIDTH="35" VPOS="1954" HPOS="1181"/>
<String CONTENT="Paul," HEIGHT="68" WIDTH="166" VPOS="1954" HPOS="1217"/>
<SP HEIGHT="69" WIDTH="32" VPOS="1953" HPOS="1384"/>
<String CONTENT="West" HEIGHT="54" WIDTH="158" VPOS="1953" HPOS="1417"/>
</TextLine>
<TextLine HEIGHT="71" WIDTH="469" VPOS="1951" HPOS="1612" STYLEREFS="StyleId-33FC9B40-1612-415F-A973-453AA9314793-" LANG="en-US">
<String CONTENT="publishing" HEIGHT="71" WIDTH="336" VPOS="1951" HPOS="1612"/>
<SP HEIGHT="51" WIDTH="33" VPOS="1971" HPOS="1949"/>
<String CONTENT="co.," HEIGHT="51" WIDTH="98" VPOS="1971" HPOS="1983"/>
</TextLine>
<TextLine HEIGHT="49" WIDTH="151" VPOS="2034" HPOS="147" STYLEREFS="StyleId-33FC9B40-1612-415F-A973-453AA9314793-" LANG="en-US">
<String CONTENT="1931." HEIGHT="49" WIDTH="151" VPOS="2034" HPOS="147"/>
</TextLine>
<TextLine HEIGHT="50" WIDTH="463" VPOS="2109" HPOS="147" LANG="en-US" CS="1">
<String CONTENT="iv," HEIGHT="48" WIDTH="61" VPOS="2111" HPOS="147"/>
<SP HEIGHT="46" WIDTH="34" VPOS="2113" HPOS="209"/>
<String CONTENT="1269" HEIGHT="41" WIDTH="113" VPOS="2109" HPOS="244"/>
<SP HEIGHT="49" WIDTH="33" VPOS="2109" HPOS="358"/>
<String CONTENT="p." HEIGHT="37" WIDTH="43" VPOS="2121" HPOS="392"/>
<SP HEIGHT="41" WIDTH="58" VPOS="2109" HPOS="436"/>
<String CONTENT="26" HEIGHT="41" WIDTH="56" VPOS="2109" HPOS="495"/>
<String STYLE="superscript" CS="1" CONTENT="&#7580;&#7504;"/>
<String CONTENT="." HEIGHT="7" WIDTH="7" VPOS="2141" HPOS="603"/>
</TextLine>
<TextLine HEIGHT="52" WIDTH="1886" VPOS="2163" HPOS="81" LANG="en-US">
<String CONTENT="&#169;" HEIGHT="52" WIDTH="51" VPOS="2163" HPOS="81"/>
<SP HEIGHT="52" WIDTH="29" VPOS="2163" HPOS="133"/>
<String CONTENT="May" HEIGHT="46" WIDTH="113" VPOS="2169" HPOS="163"/>
<SP HEIGHT="46" WIDTH="27" VPOS="2169" HPOS="277"/>
<String CONTENT="12," HEIGHT="45" WIDTH="67" VPOS="2168" HPOS="305"/>
<SP HEIGHT="44" WIDTH="29" VPOS="2169" HPOS="373"/>
<String CONTENT="1931;" HEIGHT="43" WIDTH="140" VPOS="2165" HPOS="403"/>
<SP HEIGHT="42" WIDTH="29" VPOS="2166" HPOS="544"/>
<String CONTENT="2c." HEIGHT="41" WIDTH="68" VPOS="2166" HPOS="574"/>
<SP HEIGHT="40" WIDTH="28" VPOS="2167" HPOS="643"/>
<String CONTENT="June" HEIGHT="39" WIDTH="126" VPOS="2167" HPOS="672"/>
<SP HEIGHT="38" WIDTH="27" VPOS="2168" HPOS="799"/>
<String CONTENT="11;" HEIGHT="45" WIDTH="80" VPOS="2168" HPOS="827"/>
<SP HEIGHT="36" WIDTH="31" VPOS="2177" HPOS="908"/>
<String CONTENT="aff." HEIGHT="41" WIDTH="81" VPOS="2166" HPOS="940"/>
<SP HEIGHT="40" WIDTH="29" VPOS="2167" HPOS="1022"/>
<String CONTENT="June" HEIGHT="39" WIDTH="128" VPOS="2167" HPOS="1052"/>
<SP HEIGHT="37" WIDTH="25" VPOS="2169" HPOS="1181"/>
<String CONTENT="12;" HEIGHT="47" WIDTH="83" VPOS="2167" HPOS="1207"/>
<SP HEIGHT="47" WIDTH="31" VPOS="2167" HPOS="1291"/>
<!-- cceid E7A3BB5A-6E8D-1014-9CF5-AEB3FCA41D69 --><String CONTENT="A" HEIGHT="39" WIDTH="40" VPOS="2167" HPOS="1323"/>
<SP HEIGHT="40" WIDTH="26" VPOS="2167" HPOS="1364"/>
<String CONTENT="37866;" HEIGHT="47" WIDTH="172" VPOS="2167" HPOS="1391"/>
<SP HEIGHT="47" WIDTH="32" VPOS="2167" HPOS="1564"/>
<String CONTENT="West" HEIGHT="40" WIDTH="134" VPOS="2167" HPOS="1597"/>
<SP HEIGHT="46" WIDTH="27" VPOS="2169" HPOS="1732"/>
<String CONTENT="pub." HEIGHT="48" WIDTH="108" VPOS="2167" HPOS="1760"/>
<SP HEIGHT="28" WIDTH="30" VPOS="2179" HPOS="1869"/>
<String CONTENT="co." HEIGHT="32" WIDTH="67" VPOS="2177" HPOS="1900"/>
</TextLine>
<TextLine HEIGHT="65" WIDTH="649" VPOS="2275" HPOS="75" STYLEREFS="StyleId-A2724390-83BE-4A8D-8BBF-0A5CC916C812-" LANG="en-US">
<String CONTENT="Freyer," HEIGHT="65" WIDTH="239" VPOS="2275" HPOS="75"/>
<SP HEIGHT="63" WIDTH="26" VPOS="2277" HPOS="315"/>
<String CONTENT="Hans," HEIGHT="63" WIDTH="187" VPOS="2277" HPOS="342"/>
<SP HEIGHT="57" WIDTH="30" VPOS="2283" HPOS="530"/>
<String CONTENT="1887-" HEIGHT="53" WIDTH="163" VPOS="2278" HPOS="561"/>
</TextLine>
<TextLine HEIGHT="146" WIDTH="1979" VPOS="2352" HPOS="73" STYLEREFS="StyleId-33FC9B40-1612-415F-A973-453AA9314793-" CS="1">
<String LANG="en-US" CONTENT="Soziologie" HEIGHT="69" WIDTH="319" VPOS="2352" HPOS="145"/>
<SP HEIGHT="35" WIDTH="41" VPOS="2370" HPOS="465"/>
<String LANG="de" CONTENT="als" HEIGHT="52" WIDTH="82" VPOS="2354" HPOS="507"/>
<SP HEIGHT="36" WIDTH="41" VPOS="2370" HPOS="590"/>
<String LANG="de" CONTENT="Wirklichkeitswissenschaft;" HEIGHT="70" WIDTH="839" VPOS="2352" HPOS="632"/>
<SP HEIGHT="67" WIDTH="44" VPOS="2355" HPOS="1472"/>
<String LANG="de" CONTENT="logische" HEIGHT="68" WIDTH="251" VPOS="2354" HPOS="1517"/>
<SP HEIGHT="52" WIDTH="37" VPOS="2371" HPOS="1769"/>
<String LANG="en-US" CONTENT="grundlegung" HEIGHT="144" WIDTH="1979" VPOS="2354" HPOS="73"/>
</TextLine>
<TextLine HEIGHT="147" WIDTH="1978" VPOS="2429" HPOS="72" STYLEREFS="StyleId-33FC9B40-1612-415F-A973-453AA9314793-" LANG="de" CS="1">
<String CONTENT="des" HEIGHT="52" WIDTH="96" VPOS="2430" HPOS="252"/>
<SP HEIGHT="33" WIDTH="22" VPOS="2449" HPOS="349"/>
<String LANG="en-US" CONTENT="systems" HEIGHT="63" WIDTH="239" VPOS="2435" HPOS="372"/>
<SP HEIGHT="52" WIDTH="22" VPOS="2430" HPOS="612"/>
<String CONTENT="der" HEIGHT="52" WIDTH="100" VPOS="2430" HPOS="635"/>
<SP HEIGHT="34" WIDTH="21" VPOS="2448" HPOS="736"/>
<String CONTENT="Soziologie," HEIGHT="69" WIDTH="322" VPOS="2429" HPOS="758"/>
<SP HEIGHT="48" WIDTH="21" VPOS="2449" HPOS="1081"/>
<String CONTENT="von" HEIGHT="35" WIDTH="111" VPOS="2447" HPOS="1103"/>
<SP HEIGHT="53" WIDTH="24" VPOS="2430" HPOS="1215"/>
<String CONTENT="dr." HEIGHT="53" WIDTH="85" VPOS="2430" HPOS="1240"/>
<SP HEIGHT="53" WIDTH="23" VPOS="2430" HPOS="1326"/>
<String CONTENT="Hans" HEIGHT="53" WIDTH="166" VPOS="2430" HPOS="1350"/>
<SP HEIGHT="52" WIDTH="23" VPOS="2431" HPOS="1517"/>
<String CONTENT="Freyer" HEIGHT="69" WIDTH="214" VPOS="2431" HPOS="1541"/>
<SP HEIGHT="34" WIDTH="29" VPOS="2450" HPOS="1756"/>
<String CS="1" CONTENT="&#8230;"/>
<SP HEIGHT="53" WIDTH="61" VPOS="2431" HPOS="1844"/>
<String CONTENT="Leipzig" HEIGHT="145" WIDTH="1978" VPOS="2431" HPOS="72"/>
</TextLine>
<TextLine HEIGHT="73" WIDTH="1045" VPOS="2506" HPOS="191" STYLEREFS="StyleId-33FC9B40-1612-415F-A973-453AA9314793-" LANG="de">
<String CONTENT="und" HEIGHT="52" WIDTH="119" VPOS="2508" HPOS="191"/>
<SP HEIGHT="52" WIDTH="26" VPOS="2508" HPOS="311"/>
<String CONTENT="Berlin," HEIGHT="68" WIDTH="219" VPOS="2507" HPOS="338"/>
<SP HEIGHT="67" WIDTH="25" VPOS="2508" HPOS="558"/>
<String LANG="fr" CONTENT="B." HEIGHT="52" WIDTH="67" VPOS="2508" HPOS="584"/>
<SP HEIGHT="55" WIDTH="28" VPOS="2506" HPOS="652"/>
<String CONTENT="G." HEIGHT="55" WIDTH="69" VPOS="2506" HPOS="681"/>
<SP HEIGHT="53" WIDTH="26" VPOS="2507" HPOS="751"/>
<String CONTENT="Teubner," HEIGHT="73" WIDTH="278" VPOS="2506" HPOS="778"/>
<SP HEIGHT="69" WIDTH="27" VPOS="2510" HPOS="1057"/>
<String CONTENT="1930." HEIGHT="50" WIDTH="151" VPOS="2510" HPOS="1085"/>
</TextLine>
<TextLine HEIGHT="50" WIDTH="453" VPOS="2588" HPOS="144" STYLEREFS="StyleId-33FC9B40-1612-415F-A973-453AA9314793-" LANG="de" CS="1">
<String CONTENT="iv," HEIGHT="48" WIDTH="61" VPOS="2589" HPOS="144"/>
<SP HEIGHT="48" WIDTH="26" VPOS="2589" HPOS="206"/>
<String CONTENT="310" HEIGHT="41" WIDTH="87" VPOS="2589" HPOS="233"/>
<SP HEIGHT="48" WIDTH="24" VPOS="2590" HPOS="321"/>
<String CONTENT="p." HEIGHT="38" WIDTH="42" VPOS="2600" HPOS="346"/>
<SP HEIGHT="41" WIDTH="59" VPOS="2588" HPOS="389"/>
<String CS="1" CONTENT="23&#189;&#7580;&#7504;." HEIGHT="42" WIDTH="148" VPOS="2588" HPOS="449"/>
</TextLine>
<TextLine HEIGHT="53" WIDTH="1741" VPOS="2642" HPOS="79" CS="1">
<String LANG="de" CONTENT="&#169;" HEIGHT="52" WIDTH="51" VPOS="2642" HPOS="79"/>
<SP HEIGHT="52" WIDTH="31" VPOS="2642" HPOS="131"/>
<String LANG="en-US" CONTENT="July" HEIGHT="48" WIDTH="116" VPOS="2647" HPOS="163"/>
<SP HEIGHT="47" WIDTH="28" VPOS="2648" HPOS="280"/>
<String LANG="de" CONTENT="7," HEIGHT="47" WIDTH="39" VPOS="2648" HPOS="309"/>
<SP HEIGHT="46" WIDTH="30" VPOS="2649" HPOS="349"/>
<String LANG="de" CONTENT="1930;" HEIGHT="48" WIDTH="141" VPOS="2645" HPOS="380"/>
<SP/>
<String LANG="de" CS="1" CONTENT="1c."/>
<SP HEIGHT="40" WIDTH="31" VPOS="2647" HPOS="623"/>
<String LANG="en-US" CONTENT="Nov." HEIGHT="38" WIDTH="115" VPOS="2647" HPOS="655"/>
<SP HEIGHT="37" WIDTH="33" VPOS="2648" HPOS="771"/>
<String LANG="de" CONTENT="1;" HEIGHT="45" WIDTH="51" VPOS="2648" HPOS="805"/>
<SP HEIGHT="47" WIDTH="34" VPOS="2646" HPOS="857"/>
<!-- cceid E7A45848-6E8D-1014-9CF5-AEB3FCA41D69 --><String LANG="en-US" CONTENT="A" HEIGHT="38" WIDTH="39" VPOS="2646" HPOS="892"/>
<String LANG="de" CONTENT="&#8212;Foreign" HEIGHT="47" WIDTH="268" VPOS="2646" HPOS="933"/>
<SP HEIGHT="40" WIDTH="29" VPOS="2646" HPOS="1202"/>
<String LANG="de" CONTENT="9702;" HEIGHT="48" WIDTH="142" VPOS="2646" HPOS="1232"/>
<SP HEIGHT="46" WIDTH="35" VPOS="2648" HPOS="1375"/>
<String LANG="fr" CONTENT="B." HEIGHT="40" WIDTH="53" VPOS="2648" HPOS="1411"/>
<SP HEIGHT="41" WIDTH="33" VPOS="2647" HPOS="1465"/>
<String LANG="de" CONTENT="G." HEIGHT="41" WIDTH="52" VPOS="2647" HPOS="1499"/>
<SP HEIGHT="41" WIDTH="32" VPOS="2647" HPOS="1552"/>
<String LANG="de" CONTENT="Teubner." HEIGHT="43" WIDTH="235" VPOS="2647" HPOS="1585"/>
</TextLine>
<TextLine HEIGHT="48" WIDTH="279" VPOS="2704" HPOS="156" LANG="de">
<String CONTENT="(31-11807)" HEIGHT="48" WIDTH="279" VPOS="2704" HPOS="156"/>
</TextLine>
<TextLine HEIGHT="68" WIDTH="457" VPOS="2797" HPOS="76" STYLEREFS="StyleId-A2724390-83BE-4A8D-8BBF-0A5CC916C812-" LANG="de">
<String CONTENT="Gearn," HEIGHT="68" WIDTH="213" VPOS="2797" HPOS="76"/>
<SP HEIGHT="68" WIDTH="26" VPOS="2797" HPOS="290"/>
<String CONTENT="Laura." HEIGHT="55" WIDTH="216" VPOS="2797" HPOS="317"/>
</TextLine>
<TextLine HEIGHT="72" WIDTH="1935" VPOS="2872" HPOS="138" STYLEREFS="StyleId-33FC9B40-1612-415F-A973-453AA9314793-">
<String LANG="en-US" CONTENT="Many" HEIGHT="70" WIDTH="179" VPOS="2873" HPOS="138"/>
<SP HEIGHT="52" WIDTH="31" VPOS="2891" HPOS="318"/>
<String LANG="en-US" CONTENT="mansions," HEIGHT="67" WIDTH="303" VPOS="2873" HPOS="350"/>
<SP HEIGHT="67" WIDTH="29" VPOS="2873" HPOS="654"/>
<String LANG="en-US" CONTENT="by" HEIGHT="71" WIDTH="74" VPOS="2873" HPOS="684"/>
<SP HEIGHT="70" WIDTH="29" VPOS="2874" HPOS="759"/>
<String LANG="de" CONTENT="Laura" HEIGHT="53" WIDTH="191" VPOS="2874" HPOS="789"/>
<SP HEIGHT="55" WIDTH="29" VPOS="2872" HPOS="981"/>
<String LANG="de" CONTENT="Gearn;" HEIGHT="69" WIDTH="218" VPOS="2872" HPOS="1011"/>
<SP HEIGHT="48" WIDTH="34" VPOS="2893" HPOS="1230"/>
<String LANG="en-US" CONTENT="a" HEIGHT="32" WIDTH="31" VPOS="2894" HPOS="1265"/>
<SP HEIGHT="46" WIDTH="31" VPOS="2881" HPOS="1297"/>
<String LANG="en-US" CONTENT="thesis" HEIGHT="52" WIDTH="172" VPOS="2875" HPOS="1329"/>
<SP HEIGHT="34" WIDTH="30" VPOS="2893" HPOS="1502"/>
<String LANG="en-US" CONTENT="of" HEIGHT="53" WIDTH="63" VPOS="2874" HPOS="1533"/>
<SP HEIGHT="53" WIDTH="28" VPOS="2874" HPOS="1597"/>
<String LANG="en-US" CONTENT="enlightenment" HEIGHT="69" WIDTH="447" VPOS="2874" HPOS="1626"/>
</TextLine>
<TextLine HEIGHT="73" WIDTH="2002" VPOS="2950" HPOS="70" STYLEREFS="StyleId-33FC9B40-1612-415F-A973-453AA9314793-" LANG="en-US">
<String CONTENT="pertaining" HEIGHT="68" WIDTH="328" VPOS="2950" HPOS="70"/>
<SP HEIGHT="62" WIDTH="44" VPOS="2956" HPOS="399"/>
<String CONTENT="to" HEIGHT="47" WIDTH="57" VPOS="2956" HPOS="444"/>
<SP HEIGHT="33" WIDTH="47" VPOS="2970" HPOS="502"/>
<String CONTENT="a" HEIGHT="33" WIDTH="31" VPOS="2970" HPOS="550"/>
<SP HEIGHT="53" WIDTH="44" VPOS="2950" HPOS="582"/>
<String CONTENT="larger" HEIGHT="68" WIDTH="189" VPOS="2950" HPOS="627"/>
<SP HEIGHT="34" WIDTH="42" VPOS="2968" HPOS="817"/>
<String CONTENT="conception" HEIGHT="67" WIDTH="330" VPOS="2952" HPOS="860"/>
<SP HEIGHT="33" WIDTH="44" VPOS="2970" HPOS="1191"/>
<String CONTENT="of" HEIGHT="52" WIDTH="65" VPOS="2951" HPOS="1236"/>
<SP HEIGHT="53" WIDTH="42" VPOS="2950" HPOS="1302"/>
<String CONTENT="life&#8212;physical," HEIGHT="71" WIDTH="453" VPOS="2950" HPOS="1345"/>
<SP HEIGHT="50" WIDTH="42" VPOS="2971" HPOS="1799"/>
<String CONTENT="mental," HEIGHT="69" WIDTH="230" VPOS="2954" HPOS="1842"/>
</TextLine>
<TextLine HEIGHT="72" WIDTH="1801" VPOS="3026" HPOS="70" STYLEREFS="StyleId-33FC9B40-1612-415F-A973-453AA9314793-" LANG="en-US">
<String CONTENT="spiritual." HEIGHT="69" WIDTH="281" VPOS="3026" HPOS="70"/>
<SP HEIGHT="51" WIDTH="60" VPOS="3028" HPOS="352"/>
<String CONTENT="Los" HEIGHT="52" WIDTH="111" VPOS="3028" HPOS="413"/>
<SP HEIGHT="53" WIDTH="25" VPOS="3027" HPOS="525"/>
<String CONTENT="Angeles," HEIGHT="69" WIDTH="264" VPOS="3027" HPOS="551"/>
<SP HEIGHT="70" WIDTH="28" VPOS="3026" HPOS="816"/>
<String CONTENT="Calif.," HEIGHT="72" WIDTH="193" VPOS="3026" HPOS="845"/>
<SP HEIGHT="69" WIDTH="26" VPOS="3029" HPOS="1039"/>
<String CONTENT="Times-mirror" HEIGHT="55" WIDTH="424" VPOS="3028" HPOS="1066"/>
<SP HEIGHT="50" WIDTH="25" VPOS="3048" HPOS="1491"/>
<String CONTENT="press," HEIGHT="50" WIDTH="174" VPOS="3048" HPOS="1517"/>
<SP HEIGHT="63" WIDTH="29" VPOS="3034" HPOS="1692"/>
<String CONTENT="1931." HEIGHT="51" WIDTH="149" VPOS="3034" HPOS="1722"/>
</TextLine>
<TextLine HEIGHT="49" WIDTH="338" VPOS="3110" HPOS="137" LANG="en-US" CS="1">
<String CONTENT="176" HEIGHT="40" WIDTH="88" VPOS="3111" HPOS="137"/>
<SP HEIGHT="48" WIDTH="27" VPOS="3111" HPOS="226"/>
<String CONTENT="p." HEIGHT="39" WIDTH="45" VPOS="3120" HPOS="254"/>
<SP HEIGHT="41" WIDTH="56" VPOS="3110" HPOS="300"/>
<String CONTENT="20" HEIGHT="40" WIDTH="58" VPOS="3110" HPOS="357"/>
<String STYLE="superscript" CS="1" CONTENT="&#7580;&#7504;"/>
<String CONTENT="." HEIGHT="9" WIDTH="10" VPOS="3142" HPOS="465"/>
</TextLine>
<TextLine HEIGHT="54" WIDTH="1931" VPOS="3164" HPOS="142" LANG="en-US">
<String CONTENT="&#8220;Of" HEIGHT="41" WIDTH="95" VPOS="3164" HPOS="142"/>
<SP HEIGHT="41" WIDTH="24" VPOS="3166" HPOS="238"/>
<String CONTENT="this" HEIGHT="43" WIDTH="100" VPOS="3164" HPOS="263"/>
<SP HEIGHT="39" WIDTH="25" VPOS="3168" HPOS="364"/>
<String CONTENT="book" HEIGHT="41" WIDTH="122" VPOS="3166" HPOS="390"/>
<SP HEIGHT="41" WIDTH="26" VPOS="3166" HPOS="513"/>
<String CONTENT="there" HEIGHT="40" WIDTH="136" VPOS="3167" HPOS="540"/>
<SP HEIGHT="38" WIDTH="24" VPOS="3168" HPOS="677"/>
<String CONTENT="have" HEIGHT="38" WIDTH="123" VPOS="3168" HPOS="702"/>
<SP HEIGHT="39" WIDTH="25" VPOS="3168" HPOS="826"/>
<String CONTENT="been" HEIGHT="39" WIDTH="117" VPOS="3168" HPOS="852"/>
<SP HEIGHT="39" WIDTH="24" VPOS="3168" HPOS="970"/>
<String CONTENT="500" HEIGHT="39" WIDTH="86" VPOS="3168" HPOS="995"/>
<SP HEIGHT="40" WIDTH="25" VPOS="3168" HPOS="1082"/>
<String CONTENT="copies" HEIGHT="48" WIDTH="160" VPOS="3168" HPOS="1108"/>
<SP HEIGHT="38" WIDTH="24" VPOS="3177" HPOS="1269"/>
<String CONTENT="printed" HEIGHT="47" WIDTH="192" VPOS="3168" HPOS="1294"/>
<SP HEIGHT="39" WIDTH="25" VPOS="3171" HPOS="1487"/>
<String CONTENT="by" HEIGHT="47" WIDTH="60" VPOS="3171" HPOS="1513"/>
<SP HEIGHT="46" WIDTH="29" VPOS="3172" HPOS="1574"/>
<String CONTENT="the" HEIGHT="41" WIDTH="82" VPOS="3170" HPOS="1604"/>
<SP HEIGHT="38" WIDTH="27" VPOS="3173" HPOS="1687"/>
<String CONTENT="Times-mirror" HEIGHT="42" WIDTH="358" VPOS="3171" HPOS="1715"/>
</TextLine>
<TextLine HEIGHT="51" WIDTH="1585" VPOS="3221" HPOS="70" LANG="en-US">
<String CONTENT="printing" HEIGHT="50" WIDTH="217" VPOS="3221" HPOS="70"/>
<SP HEIGHT="37" WIDTH="35" VPOS="3234" HPOS="288"/>
<String CONTENT="and" HEIGHT="39" WIDTH="97" VPOS="3224" HPOS="324"/>
<SP HEIGHT="39" WIDTH="36" VPOS="3224" HPOS="422"/>
<String CONTENT="binding" HEIGHT="49" WIDTH="197" VPOS="3221" HPOS="459"/>
<SP HEIGHT="47" WIDTH="34" VPOS="3223" HPOS="657"/>
<String CONTENT="house&#8221;." HEIGHT="41" WIDTH="191" VPOS="3222" HPOS="692"/>
<SP HEIGHT="38" WIDTH="65" VPOS="3225" HPOS="884"/>
<String CONTENT="This" HEIGHT="40" WIDTH="119" VPOS="3223" HPOS="950"/>
<SP HEIGHT="31" WIDTH="34" VPOS="3234" HPOS="1070"/>
<String CONTENT="copy" HEIGHT="38" WIDTH="116" VPOS="3234" HPOS="1105"/>
<SP HEIGHT="37" WIDTH="39" VPOS="3235" HPOS="1222"/>
<String CONTENT="not" HEIGHT="38" WIDTH="84" VPOS="3227" HPOS="1262"/>
<SP HEIGHT="38" WIDTH="34" VPOS="3227" HPOS="1347"/>
<String CONTENT="numbered." HEIGHT="39" WIDTH="273" VPOS="3227" HPOS="1382"/>
</TextLine>
<TextLine HEIGHT="54" WIDTH="1996" VPOS="3276" HPOS="78" LANG="en-US" CS="1">
<String CONTENT="&#169;" HEIGHT="52" WIDTH="51" VPOS="3276" HPOS="78"/>
<SP HEIGHT="52" WIDTH="27" VPOS="3276" HPOS="130"/>
<String CONTENT="Apr." HEIGHT="47" WIDTH="114" VPOS="3281" HPOS="158"/>
<SP HEIGHT="40" WIDTH="27" VPOS="3280" HPOS="273"/>
<String CONTENT="20," HEIGHT="47" WIDTH="69" VPOS="3280" HPOS="301"/>
<SP HEIGHT="47" WIDTH="27" VPOS="3280" HPOS="371"/>
<String CS="1" CONTENT="1931;" HEIGHT="41" WIDTH="114" VPOS="3278" HPOS="399"/>
<SP HEIGHT="47" WIDTH="29" VPOS="3279" HPOS="542"/>
<String CONTENT="2c." HEIGHT="40" WIDTH="67" VPOS="3279" HPOS="572"/>
<SP HEIGHT="29" WIDTH="29" VPOS="3290" HPOS="640"/>
<String CONTENT="and" HEIGHT="38" WIDTH="95" VPOS="3281" HPOS="670"/>
<SP HEIGHT="38" WIDTH="29" VPOS="3281" HPOS="766"/>
<String CONTENT="aff." HEIGHT="40" WIDTH="79" VPOS="3279" HPOS="796"/>
<SP HEIGHT="38" WIDTH="31" VPOS="3281" HPOS="876"/>
<String CONTENT="Apr." HEIGHT="47" WIDTH="113" VPOS="3281" HPOS="908"/>
<SP HEIGHT="40" WIDTH="28" VPOS="3280" HPOS="1022"/>
<String CS="1" CONTENT="25;" HEIGHT="40" WIDTH="55" VPOS="3280" HPOS="1051"/>
<SP HEIGHT="47" WIDTH="31" VPOS="3282" HPOS="1135"/>
<!-- cceid E7A4F23A-6E8D-1014-9CF5-AEB3FCA41D69 --><String CONTENT="A" HEIGHT="38" WIDTH="41" VPOS="3282" HPOS="1167"/>
<SP HEIGHT="40" WIDTH="26" VPOS="3282" HPOS="1209"/>
<String CS="1" CONTENT="35995;" HEIGHT="42" WIDTH="145" VPOS="3280" HPOS="1236"/>
<SP HEIGHT="48" WIDTH="31" VPOS="3282" HPOS="1409"/>
<String CONTENT="L." HEIGHT="39" WIDTH="49" VPOS="3282" HPOS="1441"/>
<SP HEIGHT="40" WIDTH="32" VPOS="3283" HPOS="1491"/>
<String CONTENT="Gearn," HEIGHT="47" WIDTH="173" VPOS="3283" HPOS="1524"/>
<SP HEIGHT="45" WIDTH="33" VPOS="3285" HPOS="1698"/>
<String CONTENT="Los" HEIGHT="38" WIDTH="91" VPOS="3285" HPOS="1732"/>
<SP HEIGHT="38" WIDTH="29" VPOS="3285" HPOS="1824"/>
<String CONTENT="Angeles." HEIGHT="45" WIDTH="220" VPOS="3285" HPOS="1854"/>
</TextLine>
<TextLine HEIGHT="47" WIDTH="279" VPOS="3337" HPOS="156" LANG="en-US">
<String CONTENT="(31-11713)" HEIGHT="47" WIDTH="279" VPOS="3337" HPOS="156"/>
</TextLine>
<TextLine HEIGHT="64" WIDTH="868" VPOS="3430" HPOS="75" STYLEREFS="StyleId-A2724390-83BE-4A8D-8BBF-0A5CC916C812-" LANG="en-US">
<String CONTENT="Gilbert," HEIGHT="64" WIDTH="245" VPOS="3430" HPOS="75"/>
<SP HEIGHT="63" WIDTH="28" VPOS="3431" HPOS="321"/>
<String CONTENT="Humphrey" HEIGHT="64" WIDTH="352" VPOS="3430" HPOS="350"/>
<SP HEIGHT="62" WIDTH="26" VPOS="3432" HPOS="703"/>
<String CONTENT="Adam." HEIGHT="55" WIDTH="213" VPOS="3432" HPOS="730"/>
</TextLine>
<TextLine HEIGHT="74" WIDTH="1933" VPOS="3505" HPOS="138" STYLEREFS="StyleId-33FC9B40-1612-415F-A973-453AA9314793-" LANG="en-US">
<String CONTENT="Watchings" HEIGHT="69" WIDTH="338" VPOS="3505" HPOS="138"/>
<SP HEIGHT="34" WIDTH="34" VPOS="3525" HPOS="477"/>
<String CONTENT="and" HEIGHT="53" WIDTH="112" VPOS="3506" HPOS="512"/>
<SP HEIGHT="54" WIDTH="33" VPOS="3506" HPOS="625"/>
<String CONTENT="wanderings" HEIGHT="70" WIDTH="361" VPOS="3506" HPOS="659"/>
<SP HEIGHT="34" WIDTH="35" VPOS="3528" HPOS="1021"/>
<String CONTENT="among" HEIGHT="52" WIDTH="208" VPOS="3527" HPOS="1057"/>
<SP HEIGHT="69" WIDTH="30" VPOS="3510" HPOS="1266"/>
<String CONTENT="birds," HEIGHT="68" WIDTH="178" VPOS="3509" HPOS="1297"/>
<SP HEIGHT="66" WIDTH="32" VPOS="3511" HPOS="1476"/>
<String CONTENT="by" HEIGHT="68" WIDTH="76" VPOS="3511" HPOS="1509"/>
<SP HEIGHT="68" WIDTH="33" VPOS="3511" HPOS="1586"/>
<String CONTENT="H." HEIGHT="53" WIDTH="77" VPOS="3511" HPOS="1620"/>
<SP HEIGHT="53" WIDTH="37" VPOS="3511" HPOS="1698"/>
<String CONTENT="A," HEIGHT="52" WIDTH="70" VPOS="3511" HPOS="1736"/>
<SP HEIGHT="55" WIDTH="37" VPOS="3510" HPOS="1807"/>
<String CONTENT="Gilbert" HEIGHT="56" WIDTH="226" VPOS="3510" HPOS="1845"/>
</TextLine>
<TextLine HEIGHT="148" WIDTH="1997" VPOS="3581" HPOS="69" STYLEREFS="StyleId-33FC9B40-1612-415F-A973-453AA9314793-" LANG="en-US" CS="1">
<String CONTENT="and" HEIGHT="55" WIDTH="113" VPOS="3581" HPOS="69"/>
<SP HEIGHT="53" WIDTH="32" VPOS="3581" HPOS="183"/>
<String CONTENT="Arthur" HEIGHT="53" WIDTH="224" VPOS="3582" HPOS="216"/>
<SP HEIGHT="51" WIDTH="31" VPOS="3584" HPOS="441"/>
<String CONTENT="Brook" HEIGHT="52" WIDTH="192" VPOS="3584" HPOS="473"/>
<SP HEIGHT="54" WIDTH="35" VPOS="3584" HPOS="666"/>
<String CS="1" CONTENT="&#8230;"/>
<SP HEIGHT="33" WIDTH="38" VPOS="3605" HPOS="758"/>
<String CONTENT="with" HEIGHT="53" WIDTH="141" VPOS="3585" HPOS="797"/>
<SP HEIGHT="51" WIDTH="31" VPOS="3586" HPOS="939"/>
<String CONTENT="30" HEIGHT="51" WIDTH="66" VPOS="3588" HPOS="971"/>
<SP HEIGHT="66" WIDTH="32" VPOS="3589" HPOS="1038"/>
<String CONTENT="photographs." HEIGHT="68" WIDTH="408" VPOS="3587" HPOS="1071"/>
<SP HEIGHT="54" WIDTH="66" VPOS="3587" HPOS="1480"/>
<String CONTENT="London," HEIGHT="70" WIDTH="257" VPOS="3587" HPOS="1547"/>
<SP HEIGHT="69" WIDTH="33" VPOS="3588" HPOS="1805"/>
<String CONTENT="Arrow-smith" HEIGHT="126" WIDTH="1997" VPOS="3588" HPOS="69"/>
<SP HEIGHT="68" WIDTH="33" VPOS="3661" HPOS="244"/>
<String CONTENT="[1931]" HEIGHT="66" WIDTH="173" VPOS="3663" HPOS="278"/>
</TextLine>
<TextLine HEIGHT="51" WIDTH="759" VPOS="3738" HPOS="140" LANG="en-US" CS="1">
<String CONTENT="207" HEIGHT="42" WIDTH="86" VPOS="3738" HPOS="140"/>
<SP HEIGHT="47" WIDTH="26" VPOS="3740" HPOS="227"/>
<String CONTENT="p." HEIGHT="37" WIDTH="42" VPOS="3750" HPOS="254"/>
<SP HEIGHT="39" WIDTH="58" VPOS="3740" HPOS="297"/>
<String CONTENT="front.," HEIGHT="48" WIDTH="166" VPOS="3740" HPOS="356"/>
<SP HEIGHT="38" WIDTH="29" VPOS="3751" HPOS="523"/>
<String CONTENT="plates." HEIGHT="48" WIDTH="170" VPOS="3741" HPOS="553"/>
<SP HEIGHT="40" WIDTH="59" VPOS="3742" HPOS="724"/>
<String LANG="fr" CONTENT="22" HEIGHT="39" WIDTH="56" VPOS="3742" HPOS="784"/>
<String CS="1" CONTENT="&#7580;&#7504;"/>
<String LANG="fr" CONTENT="." HEIGHT="7" WIDTH="7" VPOS="3775" HPOS="892"/>
</TextLine>
<TextLine HEIGHT="57" WIDTH="1928" VPOS="3796" HPOS="140" LANG="en-US">
<String CONTENT="The" HEIGHT="40" WIDTH="103" VPOS="3796" HPOS="140"/>
<SP HEIGHT="40" WIDTH="22" VPOS="3797" HPOS="244"/>
<String CONTENT="districts" HEIGHT="41" WIDTH="220" VPOS="3796" HPOS="267"/>
<SP HEIGHT="39" WIDTH="22" VPOS="3798" HPOS="488"/>
<String CONTENT="dealt" HEIGHT="39" WIDTH="132" VPOS="3798" HPOS="511"/>
<SP HEIGHT="38" WIDTH="21" VPOS="3799" HPOS="644"/>
<String CONTENT="with" HEIGHT="39" WIDTH="121" VPOS="3798" HPOS="666"/>
<SP HEIGHT="39" WIDTH="20" VPOS="3798" HPOS="788"/>
<String CONTENT="include" HEIGHT="41" WIDTH="193" VPOS="3798" HPOS="809"/>
<SP HEIGHT="38" WIDTH="21" VPOS="3801" HPOS="1003"/>
<String CONTENT="the" HEIGHT="39" WIDTH="82" VPOS="3801" HPOS="1025"/>
<SP HEIGHT="38" WIDTH="20" VPOS="3801" HPOS="1108"/>
<String CONTENT="Pembrokeshire" HEIGHT="41" WIDTH="402" VPOS="3800" HPOS="1129"/>
<SP HEIGHT="31" WIDTH="23" VPOS="3811" HPOS="1532"/>
<String CONTENT="coast," HEIGHT="47" WIDTH="147" VPOS="3803" HPOS="1556"/>
<SP HEIGHT="46" WIDTH="24" VPOS="3804" HPOS="1704"/>
<String CONTENT="the" HEIGHT="40" WIDTH="82" VPOS="3803" HPOS="1729"/>
<SP HEIGHT="41" WIDTH="21" VPOS="3803" HPOS="1812"/>
<String CONTENT="Orkneys," HEIGHT="50" WIDTH="234" VPOS="3803" HPOS="1834"/>
</TextLine>
<TextLine HEIGHT="55" WIDTH="1995" VPOS="3852" HPOS="71" LANG="en-US">
<String CONTENT="the" HEIGHT="41" WIDTH="83" VPOS="3852" HPOS="71"/>
<SP HEIGHT="39" WIDTH="27" VPOS="3854" HPOS="155"/>
<String CONTENT="Welsh" HEIGHT="40" WIDTH="165" VPOS="3853" HPOS="183"/>
<SP HEIGHT="39" WIDTH="26" VPOS="3854" HPOS="349"/>
<String CONTENT="border" HEIGHT="39" WIDTH="175" VPOS="3854" HPOS="376"/>
<SP HEIGHT="38" WIDTH="27" VPOS="3855" HPOS="552"/>
<String CONTENT="lands," HEIGHT="46" WIDTH="155" VPOS="3855" HPOS="580"/>
<SP HEIGHT="47" WIDTH="29" VPOS="3854" HPOS="736"/>
<String LANG="de" CONTENT="Grasholm," HEIGHT="46" WIDTH="270" VPOS="3854" HPOS="766"/>
<SP HEIGHT="44" WIDTH="33" VPOS="3856" HPOS="1037"/>
<String CONTENT="Scotland" HEIGHT="41" WIDTH="228" VPOS="3856" HPOS="1071"/>
<SP HEIGHT="40" WIDTH="30" VPOS="3857" HPOS="1300"/>
<String CONTENT="and" HEIGHT="39" WIDTH="94" VPOS="3858" HPOS="1331"/>
<SP HEIGHT="40" WIDTH="30" VPOS="3858" HPOS="1426"/>
<String CONTENT="the" HEIGHT="40" WIDTH="82" VPOS="3858" HPOS="1457"/>
<SP HEIGHT="37" WIDTH="27" VPOS="3860" HPOS="1540"/>
<String CONTENT="lakes" HEIGHT="40" WIDTH="136" VPOS="3858" HPOS="1568"/>
<SP HEIGHT="30" WIDTH="28" VPOS="3869" HPOS="1705"/>
<String CONTENT="of" HEIGHT="40" WIDTH="52" VPOS="3859" HPOS="1734"/>
<SP HEIGHT="40" WIDTH="28" VPOS="3859" HPOS="1787"/>
<String CONTENT="Hungary." HEIGHT="48" WIDTH="250" VPOS="3859" HPOS="1816"/>
</TextLine>
<TextLine HEIGHT="57" WIDTH="1990" VPOS="3908" HPOS="80" LANG="en-US" CS="1">
<String CONTENT="&#169;" HEIGHT="51" WIDTH="51" VPOS="3908" HPOS="80"/>
<SP/>
<String CS="1" CONTENT="1c."/>
<SP HEIGHT="37" WIDTH="28" VPOS="3914" HPOS="225"/>
<String CONTENT="Apr." HEIGHT="46" WIDTH="111" VPOS="3914" HPOS="254"/>
<SP HEIGHT="41" WIDTH="26" VPOS="3912" HPOS="366"/>
<String CONTENT="25," HEIGHT="48" WIDTH="69" VPOS="3912" HPOS="393"/>
<SP HEIGHT="45" WIDTH="28" VPOS="3915" HPOS="463"/>
<String CS="1" CONTENT="1931;" HEIGHT="40" WIDTH="111" VPOS="3913" HPOS="492"/>
<SP HEIGHT="40" WIDTH="29" VPOS="3914" HPOS="632"/>
<!-- cceid E7A58CF5-6E8D-1014-9CF5-AEB3FCA41D69 --><String CONTENT="A" HEIGHT="38" WIDTH="40" VPOS="3914" HPOS="662"/>
<SP HEIGHT="38" WIDTH="26" VPOS="3914" HPOS="703"/>
<String CONTENT="ad" HEIGHT="39" WIDTH="61" VPOS="3914" HPOS="730"/>
<SP HEIGHT="39" WIDTH="26" VPOS="3914" HPOS="792"/>
<String CONTENT="int." HEIGHT="41" WIDTH="87" VPOS="3914" HPOS="819"/>
<SP HEIGHT="40" WIDTH="25" VPOS="3915" HPOS="907"/>
<String CS="1" CONTENT="14988;" HEIGHT="42" WIDTH="145" VPOS="3913" HPOS="933"/>
<SP HEIGHT="37" WIDTH="29" VPOS="3926" HPOS="1103"/>
<String CONTENT="pubd." HEIGHT="48" WIDTH="145" VPOS="3915" HPOS="1133"/>
<SP HEIGHT="39" WIDTH="27" VPOS="3915" HPOS="1279"/>
<String CONTENT="Feb." HEIGHT="41" WIDTH="109" VPOS="3915" HPOS="1307"/>
<SP HEIGHT="40" WIDTH="28" VPOS="3916" HPOS="1417"/>
<String CS="1" CONTENT="26;" HEIGHT="40" WIDTH="58" VPOS="3915" HPOS="1446"/>
<SP HEIGHT="46" WIDTH="31" VPOS="3916" HPOS="1529"/>
<String CONTENT="J." HEIGHT="41" WIDTH="42" VPOS="3916" HPOS="1561"/>
<SP HEIGHT="39" WIDTH="30" VPOS="3918" HPOS="1604"/>
<String CONTENT="W." HEIGHT="40" WIDTH="70" VPOS="3918" HPOS="1635"/>
<SP HEIGHT="40" WIDTH="28" VPOS="3918" HPOS="1706"/>
<String CONTENT="Arrowsmith," HEIGHT="49" WIDTH="335" VPOS="3916" HPOS="1735"/>
</TextLine>
<TextLine HEIGHT="51" WIDTH="693" VPOS="3969" HPOS="146" LANG="en-US">
<String CONTENT="ltd.," HEIGHT="47" WIDTH="100" VPOS="3970" HPOS="146"/>
<SP HEIGHT="47" WIDTH="30" VPOS="3970" HPOS="247"/>
<String CONTENT="London." HEIGHT="41" WIDTH="212" VPOS="3970" HPOS="278"/>
<SP HEIGHT="48" WIDTH="69" VPOS="3970" HPOS="491"/>
<String CONTENT="(31-11827)" HEIGHT="51" WIDTH="278" VPOS="3969" HPOS="561"/>
</TextLine>
</TextBlock>
</PrintSpace>
</Page>
</Layout>
</alto>