2505 4370
1084 3995 99 54 173

104 383 189 64 Snow,
323 383 139 51 Mrs.
491 380 196 51 Laura
720 377 358 62 Granberry.

172 457 187 53 Music
388 457 113 53 and
533 455 95 53 the
660 454 411 66 out-of-doors;
1106 449 359 71 suggestions
1498 449 92 53 for
1623 450 94 52 the
1749 448 191 53 leader
1972 446 125 54 who

106 535 200 55 wishes
342 540 56 47 to
438 532 296 54 introduce
770 549 31 35 a
838 531 181 54 better
1054 534 137 64 type
1226 526 65 56 of
1325 527 179 54 music
1539 533 58 48 to
1633 526 139 70 boys
1809 525 112 54 and
1957 523 142 71 girls

107 614 56 52 in
194 630 182 50 camp,
404 612 74 67 by
508 612 191 52 Laura
729 609 333 67 Granberry
1093 607 170 57 Snow;
1324 604 390 55 introduction
1744 603 74 70 by
1849 604 249 52 Herbert

111 689 414 69 Witherspoon.
601 687 219 66 Ithaca,
857 688 68 51 N.
964 687 90 65 Y.,
1089 685 143 53 Pub.
1270 684 181 52 under
1484 683 98 52 the
1617 680 255 69 auspices
1906 679 62 53 of
2005 681 95 51 the

105 766 421 70 Coordinating
562 762 221 56 council
819 781 73 37 on
926 768 204 47 nature
1165 758 303 72 activities,
1505 760 96 52 the
1636 758 307 54 American
106 776 1970 122 museum

311 843 63 53 of
424 842 230 54 natural
705 840 238 70 history,
993 840 76 68 by
1119 840 96 51 the
1268 835 701 71 Slingerland-Comstock
2021 852 79 35 co.

184 924 119 64 [ ᶜ1 930]
179 1002 57 41 84
265 1014 43 38 p.
371 1003 172 47 plates.
602 998 117 43 20ᶜᵐ.

176 1058 302 48 Tail-pieces.

180 1115 134 40 “List
351 1114 52 41 of
437 1114 208 40 selected
682 1112 147 42 books
864 1111 158 41 which
1060 1110 101 41 will
1197 1110 58 40 be
1291 1112 125 38 most
1452 1108 188 49 helpful
1680 1110 47 38 to
1765 1107 81 42 the
1881 1108 193 40 leader”
2095 1119 9 28 :

110 1182 41 37 p.
180 1171 70 41 81.

115 1236 52 54 ©
201 1241 125 48 Sept.
357 1240 39 49 1,
428 1240 140 47 1930;
600 1240 67 41 2c.
698 1239 109 41 Jan.
837 1239 69 48 21,
938 1236 139 49 1931;
1111 1237 82 42 aff.
1226 1238 111 40 Jan.
1369 1236 55 40 20;
1484 1236 44 40 A
1555 1235 171 47 32909;
1762 1234 347 50 Coordinating

181 1298 187 40 council
399 1308 60 29 on
490 1300 175 37 nature
695 1296 259 49 activities,
985 1296 119 39 New
1134 1294 145 41 York.
1350 1293 252 49 (31-4285)

112 1391 247 66 Spitzer,
389 1390 370 57 Antoinette.

239 1462 1732 71 … Life comes to Judith. New York, Brentano’s, 1931.
179 1549 566 50 4 p. l., 278 p. 19½ᶜᵐ.
118 1616 52 54 ©
199 1621 110 40 Feb.
337 1620 40 49 9,
406 1619 114 42 1931;
578 1619 66 43 2c.
674 1620 96 41 and
798 1618 82 43 aff.
909 1620 111 40 Feb.
1049 1619 54 39 11;
1162 1619 42 40 A
1229 1617 148 43 33747;
1434 1617 303 48 Brentano’s,
1767 1617 91 41 inc.

195 1676 252 52 (31-4180)

114 1775 169 63 Spoo,
312 1775 326 62 Margaret,
668 1793 178 50 comp.

182 1850 119 52 The
331 1855 246 63 greatest
605 1848 167 55 need:
804 1845 1207 73 vision—courage—patience—gratitude,
2042 1847 74 69 by

115 1927 293 70 Margaret
436 1926 169 70 Spoo.
670 1926 232 71 Boston,
927 1927 67 52 R.
1023 1925 67 56 G.
1118 1926 231 69 Badger
1422 1929 150 65 [ᶜ1930]

185 2006 334 50 110 p. 20 ᶜᵐ .
189 2063 265 42 Selections
477 2063 128 41 from
632 2061 204 50 English
862 2064 96 40 and
983 2063 256 41 American
1268 2064 217 40 authors.

123 2132 52 54 ©
204 2137 111 41 Feb.
343 2138 40 47 4,
413 2135 113 42 1931;
585 2137 67 41 2c.
682 2135 110 42 Feb.
823 2136 53 40 13;
935 2135 84 42 aff.
1049 2136 111 42 Feb.
1189 2135 57 40 12;
1305 2135 41 39 A
1375 2135 144 41 34315;
1580 2135 216 42 Richard
1828 2136 52 40 G.
1913 2135 206 48 Badger.

200 2192 252 52 (31-4426)

120 2289 242 65 Sprunt,
391 2286 355 67 Alexander,
774 2290 73 68 jr.

188 2366 279 54 Dwellers
512 2364 65 54 of
621 2365 94 53 the
760 2364 251 68 silences,
1056 2365 75 70 by
1178 2364 329 55 Alexander
1556 2366 238 67 Sprunt,
1839 2364 90 69 jr.,
1977 2365 137 53 with

121 2441 380 56 illustrations
536 2443 76 69 by
648 2442 239 57 Charles
921 2440 345 70 Livingston
1305 2443 152 53 Bull.
1533 2443 139 53 New
1711 2443 180 69 York,
1927 2444 191 66 Dodd,

120 2519 170 56 Mead
319 2521 113 53 and
459 2536 297 54 company,
785 2523 150 50 1931.

192 2600 1016 50 7 p. l., 3-345 p. front., plates. 21 ᶜᵐ .
128 2666 52 54 ©
206 2671 110 41 Feb.
342 2671 38 48 6,
406 2669 114 42 1931;
575 2671 67 40 2c.
668 2672 96 40 and
790 2671 80 40 aff.
898 2671 111 40 Feb.
1035 2672 53 38 11;
1144 2672 40 40 A
1209 2669 148 43 33669;
1409 2671 54 41 A.
1494 2671 195 49 Sprunt,
1717 2671 74 48 jr.,
1821 2671 302 47 Charleston,

198 2727 45 43 S.
268 2727 50 42 C.
387 2726 252 51 (31-4159)

125 2820 356 69 Strickland,
511 2820 244 57 Charles
783 2821 264 67 Alberto,
1079 2828 171 51 1861-

199 2900 105 53 It’s
342 2899 172 54 about
551 2899 165 70 time;
759 2919 71 34 an
870 2900 283 70 energetic
1191 2906 245 65 attempt
1473 2906 59 49 to
1572 2920 225 36 remove
1835 2901 293 70 prejudice

131 2978 112 54 and
278 2977 184 54 instill
495 2977 250 71 serenity
778 2979 60 51 in
871 2978 98 53 the
999 2978 191 54 minds
1225 2978 67 54 of
1323 2998 131 35 men
1485 2980 78 69 by
1598 2979 162 70 plain
1794 2980 225 68 idioms,
2053 2979 76 69 by

130 3051 1998 80 C. A. Strickland … [Portland, Ore., Multnomah printing
131 3135 500 69 company, ᶜ1 930]
200 3214 365 49 184 p. 19½ ᶜᵐ .
136 3267 51 53 ©
222 3272 111 41 Dec.
369 3271 67 49 16,
472 3270 140 48 1930;
649 3271 67 43 2c.
785 3284 76 29 Jan.
896 3272 39 49 2,
971 3272 140 48 1931;
1149 3273 82 41 aff.
1268 3273 112 42 Dec.
1415 3273 69 49 31,
1521 3273 141 47 1930;
1701 3273 42 40 A
1776 3272 172 48 31919;
2030 3307 8 7 C.
2075 3274 53 40 A.

205 3328 293 48 Strickland,
535 3328 248 50 Portland,
822 3330 78 40 Or.
964 3325 68 54 [©
1068 3340 106 30 new
1208 3331 195 50 matter]
1476 3329 250 49 (31-4310)

132 3420 290 67 Stringer,
454 3423 232 53 Arthur
716 3424 154 53 John
902 3424 396 66 Arbuthnott,
1331 3427 169 54 1874-

200 3497 53 51 A
276 3496 135 69 lady
438 3497 153 67 quite
615 3496 126 69 lost,
766 3518 28 33 a
823 3499 178 71 novel,
1026 3500 75 68 by
1128 3499 223 55 Arthur
1376 3499 279 70 Stringer.
1719 3499 411 69 Indianapolis,

129 3570 1129 80 The Bobbs-Merrill company [ ᶜ1 931 ]
200 3655 682 52 4 p. l., 11-303 p. 19½ ᶜᵐ .
204 3710 306 51 “Copyright,
543 3712 128 50 1930,
707 3712 46 42 in
792 3716 82 40 the
912 3715 243 51 Saturday
1190 3716 204 50 evening
1428 3719 106 46 post
1570 3718 151 41 under
1759 3717 81 43 the
1874 3718 109 43 title
2019 3720 52 38 ‘The

135 3777 164 41 squaw
328 3769 246 43 woman’.”

203 3823 162 43 “First
399 3824 226 43 edition.”

143 3876 50 54 ©
223 3881 108 41 Jan.
359 3882 70 44 30,
458 3881 140 48 1931;
629 3881 67 43 2c.
727 3882 109 42 Feb.
867 3885 53 39 13;
980 3884 81 40 aff.
1093 3885 109 40 Feb.
1233 3885 54 40 14;
1348 3885 39 39 A
1414 3886 146 40 34374;
1618 3887 54 39 A.
1705 3886 233 40 Stringer.

210 3889 1906 89 Mountain
347 3939 171 49 Lakes,
553 3940 55 41 N.
644 3940 43 41 J.
758 3940 249 50 (31-4179)
