2428 4370
962 3976 135 56 1677

41 356 186 64 Doud,
257 356 298 64 Margery,
585 373 176 52 comp.

113 434 232 66 Father,
387 453 73 34 an
501 434 312 68 anthology
854 432 65 53 of
959 451 175 51 verse,
1174 433 268 55 collected
1485 434 113 52 and
1640 434 284 68 arranged
1963 434 75 68 by

41 510 1994 72 Margery Doud and Cleo M. Parsley … New York, E. P.
40 589 748 68 Dutton & co., inc. [ ᶜ1 931]
176 667 612 50 xx p., 1 l. , 209 p. 19 ½ᶜᵐ .
110 726 162 39 “First
302 724 226 41 edition.”

45 791 51 52 ©
127 796 103 41 Oct.
256 795 70 47 20,
354 794 112 41 1931;
525 794 67 41 2c.
624 795 101 40 Oct.
754 794 55 40 22;
868 794 83 42 aff.
982 794 101 42 Oct.
1114 794 58 40 24;
1229 796 41 38 A
1297 794 149 41 44419;
1502 797 54 39 E.
1588 796 49 40 P.
1669 796 188 40 Dutton
1887 796 37 40 &
1953 807 82 37 co.,

110 852 91 41 inc.
274 850 279 50 (31-28229)

39 946 278 64 Douglas,
348 945 254 55 William
634 945 235 56 Orville.

107 1022 169 55 Cases
307 1023 112 52 and
450 1022 289 54 materials
769 1041 69 34 on
872 1022 95 52 the
998 1022 110 54 law
1140 1022 64 53 of
1233 1028 296 62 corporate
1560 1021 474 70 reorganization,

37 1098 1995 71 by William O. Douglas … and Carrol M. Shanks … St. Paul,
36 1176 154 53 West
222 1176 334 69 publishing
587 1194 97 50 co.,
718 1179 149 50 1931.

103 1255 443 49 xi, 559 p. 26 ᶜᵐ .
42 1325 51 52 ©
123 1330 126 47 Sept.
274 1330 41 46 3,
341 1328 113 41 1931;
508 1328 68 42 2c.
602 1330 96 39 and
723 1327 82 42 aff.
832 1329 102 41 Oct.
961 1327 58 41 12;
1072 1329 41 38 A
1138 1327 145 42 44024;
1338 1329 136 41 West
1498 1329 111 48 pub.
1637 1340 66 30 co.
120 1386 279 49 (31-30618)

42 1481 304 68 [Dowsett,
374 1480 248 69 Horace]

107 1558 122 53 The
274 1558 298 68 improved
619 1560 239 52 del-cate
905 1558 153 53 color
1104 1558 163 52 chart
1314 1557 94 54 for
1456 1556 213 71 artists,
1714 1576 323 51 engravers,

39 1636 248 68 printers
330 1636 259 68 showing
631 1636 95 51 the
772 1640 160 49 exact
977 1636 237 52 number
1259 1636 64 53 of
1367 1636 181 54 colors
1593 1636 325 54 obtainable
1961 1636 77 69 by

38 1713 1999 71 overprinting without screening … The 351 colors shown here
38 1791 1999 71 are produced with 26 plates … [Toronto, Canada, Brigdens
37 1871 445 67 limited] ᶜ1 931.
104 1949 445 42 1 sheet. 55 × 55 ᶜᵐ.
42 2018 1991 51 © 1c. Nov. 16, 1931; A ad int. 15682; pubd. Nov. 4; H. Dowsett, Toronto,
109 2078 213 42 Canada.

38 2172 383 64 Drummond,
454 2171 335 53 Alexander
822 2172 274 63 Magnus,
1133 2176 172 50 1884-
1519 2173 83 53 ed.

104 2248 295 53 Problems
433 2249 113 52 and
579 2247 292 69 opinions;
909 2267 31 33 a
974 2248 148 53 book
1155 2247 65 53 of
1254 2248 343 54 discussions
1631 2248 64 52 of
1729 2250 301 67 persistent

35 2323 284 69 questions
351 2325 94 52 for
473 2326 201 52 classes
707 2325 61 53 in
796 2325 279 69 speaking
1106 2326 113 52 and
1250 2324 252 70 writing,
1532 2326 188 53 edited
1750 2327 76 68 by
37 2328 1969 127 Alexander

250 2404 78 52 M.
371 2403 360 53 Drummond
774 2404 112 52 and
927 2403 225 54 Russell
1192 2404 78 53 H.
1309 2405 270 67 Wagner.
1672 2404 138 53 New
1852 2404 180 61 York,

39 2481 1014 68 London, The Century co. [ ᶜ1 931]
109 2560 976 50 viii p., 2 l., 3-484 p. 20½ᶜᵐ.$2.50
106 2618 162 41 “First
295 2617 259 49 printing.”

107 2675 161 40 “Book
294 2675 112 41 list”
432 2678 52 38 at
509 2676 92 40 end
626 2675 54 39 of
703 2675 118 41 each
845 2675 216 48 chapter.

42 2741 50 53 ©
121 2746 102 41 Oct.
250 2746 39 47 6,
317 2745 113 41 1931;
485 2745 67 41 2c.
581 2746 103 41 Oct.
711 2746 58 40 17;
822 2745 82 40 aff.
933 2746 103 41 Oct.
1063 2744 60 41 20;
1176 2746 42 39 A
1243 2744 149 42 43339;
1447 2745 215 49 Century
1690 2756 68 32 co.
117 2802 279 51 (31-30758)

39 2897 208 65 Eaton,
277 2897 295 55 Jeanette.

101 2971 1868 70 The flame, Saint Catherine of Siena, by Jeanette Eaton …
36 3047 129 54 New
207 3047 160 53 York
407 3049 112 54 and
555 3050 257 67 London,
850 3050 232 67 Harper
1121 3054 51 50 &
1210 3049 276 70 brothers,
1528 3053 150 51 1931.

101 3131 1029 50 6 p. l., 318 p. front. (port.) illus. 22½ᶜᵐ.
103 3186 139 50 Maps
268 3198 59 30 on
357 3188 359 48 lining-papers.

102 3243 159 41 “First
290 3245 224 40 edition.”

103 3298 371 50 Bibliography:
504 3310 43 38 p.
576 3300 216 41 317-318.

43 3366 50 51 ©
120 3371 100 40 Oct.
247 3372 67 46 15,
342 3370 112 41 1931;
510 3370 67 42 2c.
604 3371 102 40 Oct.
733 3371 55 39 15;
843 3370 81 41 aff.
953 3371 102 40 Oct.
1082 3371 55 40 17;
1193 3371 42 39 A
1258 3370 146 41 43329;
1460 3372 194 48 Harper
1680 3372 37 40 &
1741 3372 125 40 bros.

119 3427 277 48 (31-30737)

42 3520 287 65 Eberlein,
358 3522 221 53 Harold
608 3520 355 59 Donaldson.

101 3594 119 52 The
267 3595 361 54 Rabelaisian
678 3596 265 69 princess,
990 3596 265 55 Madame
1302 3596 217 70 Royale
1564 3596 63 53 of
1674 3597 234 66 France,
1958 3595 71 70 by

40 3669 213 55 Harold
293 3672 332 53 Donaldson
661 3672 284 54 Eberlein.
1021 3674 136 53 New
1198 3672 178 71 York,
1414 3673 353 66 Brentano’s,
1807 3676 150 49 1931.

104 3752 134 46 xxiii,
264 3755 85 41 304
375 3766 41 38 p.
476 3755 162 42 front.,
665 3758 169 46 plates,
864 3759 146 46 ports.
1069 3756 57 39 22½ᶜᵐ.

104 3810 343 49 Bibliography
465 3824 9 29 :
508 3822 43 37 p.
582 3812 215 41 295-298.

45 3863 50 51 ©
121 3867 101 42 Oct.
245 3868 68 43 12,
339 3868 113 41 1931;
504 3868 67 41 2c.
598 3869 102 41 Oct.
725 3868 57 40 16;
833 3868 83 42 aff.
943 3869 102 40 Oct.
1070 3868 55 40 17;
1180 3868 42 39 A
1244 3868 147 40 43334;
1444 3867 303 49 Brentano’s,
1774 3867 90 41 inc.
120 3924 277 48 (31-30746)
