2505 4370
1091 4017 100 50 311

151 386 156 63 Hull,
339 385 184 54 Edith
553 387 232 52 Maude.

223 466 120 52 The
370 465 117 69 city
516 466 64 51 of
606 470 201 48 stones.
890 465 361 65 [Instalment
1280 469 48 63 4]

233 543 83 49 (In
347 541 136 45 Good
512 539 311 47 needlework
855 541 277 54 magazine,
1163 542 134 53 Feb.,
1331 542 145 53 1931)

157 612 1799 53 © 1c. Mar. 25, 1931; A ad int. 14885; pubd. Jan. 26; E. M. Hull,
223 615 1915 107 Hazelwood,
404 673 310 48 Derbyshire,
747 674 237 47 England.

150 766 251 64 Hulvey,
434 767 246 55 Charles
706 767 271 55 Newton.

213 842 354 55 Workmen’s
598 842 423 68 compensation
1052 843 113 53 and
1200 843 341 55 automobile
1573 843 250 70 liability
1860 843 298 54 insurance

146 918 1987 131 in Virginia, by Charles Newton Hulvey … and William Hamlin
263 997 1892 72 Wandel … New York, The Century co. for the Institute
147 1073 93 54 for
264 1075 255 54 research
545 1074 61 52 in
633 1074 94 53 the
754 1075 170 53 social
952 1075 253 68 sciences,
1231 1074 338 69 University
1596 1074 63 54 of
1686 1073 287 71 Virginia,
2003 1078 151 50 1931.

147 1154 1991 98 xiv, 203 p. tables (1 fold.) 23 ᶜᵐ . [The University of Virginia institute for
405 1212 227 39 research
668 1211 52 40 in
756 1212 80 40 the
876 1211 149 42 social
1064 1212 227 41 sciences.
1357 1212 234 41 Institute
1633 1214 296 47 monograph
1970 1225 74 28 no.
2083 1213 71 50 11]

147 1266 132 51 $2.25

217 1324 379 48 “Bibliography
624 1324 53 40 of
701 1325 305 47 compulsory
1034 1325 294 40 automobile
1358 1324 287 40 insurance”
1665 1337 8 28 :
1704 1336 43 37 p.
1775 1326 216 40 181-183.

153 1394 52 52 ©
241 1399 121 40 Mar.
394 1398 42 46 4,
470 1397 113 40 1931
603 1408 8 36 ;
646 1397 69 40 2c.
750 1398 95 38 and
878 1396 83 40 aff.
996 1397 122 39 Mar.
1153 1396 28 40 6
1197 1407 8 36 ;
1242 1396 43 39 A
1317 1396 145 40 34647
1479 1406 9 37 ;
1527 1395 284 49 University
1847 1396 51 40 of
1933 1394 223 49 Virginia

220 1455 228 40 institute
482 1455 81 39 for
599 1454 222 40 research
859 1454 50 39 in
946 1454 81 40 the
1065 1453 149 41 social
1253 1453 226 41 sciences.
1549 1452 251 50 (31-6355)

152 1550 273 65 [Hunter,
455 1549 174 68 John]
667 1554 170 49 1891-

213 1625 123 53 The
371 1625 170 54 death
579 1626 140 67 plot,
755 1625 74 70 by
863 1626 62 51 L.
966 1625 76 52 H.
1080 1623 299 70 Brenning
1445 1625 171 68 [pseud.]
1731 1624 234 52 London
2010 1627 139 66 [etc.]

147 1702 211 57 Cassell
383 1703 114 53 and
525 1721 296 51 company,
846 1702 101 55 ltd.
980 1705 173 68 [1931]

214 1786 365 49 352 p. 19½ ᶜᵐ .
152 1853 2001 52 © 1c. Mar. 4, 1931 ; A ad int. 14791 ; pubd. Feb. 12 ; J. Hunter, Worthing,
221 1914 192 48 Sussex,
443 1915 236 47 England.
750 1913 251 50 (31-7565)

146 2009 200 53 Idaho.
422 2010 277 68 Supreme
728 2016 174 47 court.

213 2087 1944 70 Reports of cases argued and determined … By Clay Koelsch,
146 2165 273 54 ex-officio
454 2171 256 63 reporter.
842 2209 9 9 v.
891 2170 81 48 49.
1052 2166 117 55 San
1205 2166 325 68 Francisco,
1569 2165 586 69 Bancroft-Whitney

146 2262 297 51 company,
475 2248 149 49 1931.

217 2323 524 51 xliii, 898 p. 22½ ᶜᵐ .
151 2390 52 52 ©
233 2396 123 39 Mar.
384 2394 70 49 12,
484 2393 141 48 1931;
655 2394 68 41 2c.
753 2397 96 38 and
879 2394 82 41 aff.
993 2395 122 40 Mar.
1146 2394 82 47 18;
1260 2394 44 40 A
1330 2393 171 49 34930;
1536 2394 120 49 Clay
1686 2393 211 42 Koelsch
1938 2394 103 48 (for
2071 2392 81 42 the

218 2452 176 40 benefit
427 2452 51 40 of
511 2453 81 39 the
626 2454 128 38 state
787 2453 51 39 of
872 2450 178 49 Idaho)
1094 2451 157 49 Boise,
1287 2452 72 41 Id.

146 2545 239 55 Illinois.
461 2548 277 67 Supreme
767 2554 174 47 court.

145 2625 1984 131 Reports of cases at law and in chancery argued and determined …
502 2723 49 32 v.
581 2706 117 65 341,
724 2704 334 67 containing
1082 2722 150 34 cases
1260 2705 59 50 in
1346 2704 184 52 which
1558 2703 264 68 opinions
1847 2722 143 33 were
2035 2704 115 51 filed

146 2781 60 53 in
239 2780 246 54 October
518 2782 111 51 and
663 2780 325 57 December,
1025 2783 150 56 1930,
1210 2783 111 50 and
1356 2800 150 33 cases
1540 2782 248 52 wherein
1823 2781 330 69 rehearings

146 2879 144 34 were
337 2859 202 54 denied
588 2866 56 46 at
692 2860 93 52 the
834 2859 307 52 December
1187 2865 162 52 term,
1398 2862 147 49 1930.
1627 2859 227 53 Samuel
1904 2861 249 66 Pashley

145 2938 198 55 Irwin,
383 2942 257 63 reporter
679 2937 63 51 of
780 2936 290 53 decisions.
1148 2937 428 68 Bloomington,
1614 2938 93 51 Ill.
1755 2938 397 68 [Pantagraph

146 3016 262 67 printing
436 3016 112 51 and
577 3015 314 68 stationery
919 3033 96 48 co.]
1052 3018 149 49 1931.

216 3092 591 53 ix, [11]-712 p. 22½ ᶜᵐ .
151 3148 50 52 ©
227 3153 122 40 Mar.
372 3150 70 47 20,
467 3149 113 42 1931
599 3162 9 35 ;
634 3150 67 42 2c.
726 3151 95 39 and
845 3150 82 41 aff.
953 3153 121 39 Mar.
1099 3151 54 41 23
1172 3162 8 37 ;
1208 3153 40 38 A
1272 3151 143 42 36007
1434 3163 9 36 ;
1474 3151 195 42 Samuel
1693 3153 51 40 P.
1771 3152 164 49 Irwin,
216 3153 1915 104 Bloomington,
433 3209 74 40 Ill.

144 3302 196 63 Irwin,
366 3305 139 52 Mrs.
533 3303 135 51 Inez
703 3303 304 62 (Haynes)
1045 3306 171 51 1873-

212 3380 191 52 Family
484 3380 183 67 circle,
705 3380 76 69 by
821 3382 135 51 Inez
996 3382 236 67 Haynes
1275 3382 195 52 Irwin.
1564 3382 418 67 Indianapolis.
2025 3384 119 50 The

144 3456 986 71 Bobbs-Merrill company [ ᶜ1 931]
212 3538 621 49 4 p. l., 11-353 p. 21 ᶜᵐ .
215 3594 162 41 “First
410 3594 228 41 edition.”

149 3647 52 52 ©
234 3651 111 41 Feb.
376 3650 70 49 25,
479 3650 140 49 1931;
653 3652 67 41 2c.
753 3654 122 40 Mar.
906 3654 53 46 3;
1027 3654 50 40 aff.
1111 3656 121 39 Mar.
1266 3656 81 46 11;
1383 3655 42 39 A
1455 3654 171 48 35227;
1663 3656 39 39 I.
1735 3655 61 40 H.
1831 3653 163 48 Irwin,
2029 3654 118 40 New

215 3708 145 40 York.
431 3709 249 48 (31-6376)

143 3799 297 66 Jameson,
474 3802 218 62 Storm,
729 3805 167 52 1897-

272 3876 1684 73 … A richer dust … London, W. Heinemann ltd., 1931.
210 3958 555 51 4 p. l., 577 p. 20½ ᶜᵐ .
