<alto xmlns="http://www.loc.gov/standards/alto/ns-v3#" xmlns:xlink="http://www.w3.org/1999/xlink" xmlns:xsi="http://www.w3.org/2001/XMLSchema-instance" xsi:schemaLocation="http://www.loc.gov/standards/alto/ns-v3# http://www.loc.gov/alto/v3/alto-3-0.xsd"><Description>
<MeasurementUnit>pixel</MeasurementUnit>
<sourceImageInformation>
<fileName>1931_v28_Part001.pdf</fileName>
</sourceImageInformation>
<OCRProcessing ID="IdOcr">
<ocrProcessingStep>
<processingDateTime>2019-04-22</processingDateTime>
<processingSoftware>
<softwareCreator>ABBYY</softwareCreator>
<softwareName>ABBYY Recognition Server</softwareName>
<softwareVersion>4.0</softwareVersion>
</processingSoftware>
</ocrProcessingStep>
</OCRProcessing>
</Description>
<Styles>
<ParagraphStyle ID="StyleId-FFFFFFFF-FFFF-FFFF-FFFF-FFFFFFFFFFFF-" ALIGN="Left" LEFT="0." RIGHT="0." FIRSTLINE="0."/>
<ParagraphStyle ID="StyleId-204B5AEB-67A1-44E2-A013-34B3A0F3E0EA-" ALIGN="Right" LEFT="0." RIGHT="0." FIRSTLINE="0." LINESPACE="8.300000191"/>
<ParagraphStyle ID="StyleId-03245871-796C-4429-B3C7-F9019C8C5B89-" ALIGN="Left" LEFT="0." RIGHT="0." FIRSTLINE="0." LINESPACE="12.19999981"/>
<ParagraphStyle ID="StyleId-BDCA8811-25FF-44DB-8D6F-2072A4ABC070-" ALIGN="Center" LEFT="0." RIGHT="0." FIRSTLINE="0." LINESPACE="12.19999981"/>
<ParagraphStyle ID="StyleId-2C5B7DF0-AF87-455E-B9A8-6FE387CB59BD-" ALIGN="Left" LEFT="0." RIGHT="0." FIRSTLINE="-13." LINESPACE="8.479999542"/>
<ParagraphStyle ID="StyleId-9FB72FA1-55D5-4161-8333-823D5732F4D0-" ALIGN="Block" LEFT="0." RIGHT="0." FIRSTLINE="-14." LINESPACE="10."/>
<ParagraphStyle ID="StyleId-212AEB8C-A829-4BF1-8E45-5BFE386A469C-" ALIGN="Block" LEFT="0." RIGHT="0." FIRSTLINE="-14." LINESPACE="11.35000038"/>
<ParagraphStyle ID="StyleId-4EC79CC1-EA62-49CE-ABB6-D84DDFCF4C7D-" ALIGN="Block" LEFT="0." RIGHT="0." FIRSTLINE="-10." LINESPACE="12.19999981"/>
<ParagraphStyle ID="StyleId-DAF2E8EE-6444-4951-9284-36A6C020C887-" ALIGN="Left" LEFT="0." RIGHT="0." FIRSTLINE="0." LINESPACE="9.399999619"/>
<ParagraphStyle ID="StyleId-25241749-1672-4977-B19F-38F59800D6D8-" ALIGN="Left" LEFT="0." RIGHT="0." FIRSTLINE="0." LINESPACE="11.10000038"/>
<ParagraphStyle ID="StyleId-8C523E19-EDEF-4F23-B010-536E1A1AAE1A-" ALIGN="Left" LEFT="0." RIGHT="0." FIRSTLINE="-13." LINESPACE="12.19999981"/>
<ParagraphStyle ID="StyleId-A1F9DE9E-2625-4D8B-AD7E-F0A0034C2989-" ALIGN="Block" LEFT="0." RIGHT="0." FIRSTLINE="0." LINESPACE="12.19999981"/>
<ParagraphStyle ID="StyleId-5725BB01-2B1C-440F-BAF2-696C4F4DF162-" ALIGN="Block" LEFT="0." RIGHT="0." FIRSTLINE="13." LINESPACE="12.19999981"/>
<ParagraphStyle ID="StyleId-F10A2092-61AA-44FD-99C2-123B3A8051CF-" ALIGN="Left" LEFT="0." RIGHT="0." FIRSTLINE="0." LINESPACE="5.5"/>
<ParagraphStyle ID="StyleId-B3CDC8CC-D2E1-4A23-B67C-CDD40993D1DD-" ALIGN="Left" LEFT="0." RIGHT="0." FIRSTLINE="0." LINESPACE="10."/>
<ParagraphStyle ID="StyleId-871EBF53-D909-4C8F-B368-AC7D897344DD-" ALIGN="Left" LEFT="0." RIGHT="0." FIRSTLINE="0."/>
<ParagraphStyle ID="StyleId-C4129744-680B-4878-B2C4-44BA3742C8D7-" ALIGN="Block" LEFT="0." RIGHT="0." FIRSTLINE="-14." LINESPACE="11.35000038"/>
<ParagraphStyle ID="StyleId-9CE98075-0B04-43D4-88D8-CE3BAB51B419-" ALIGN="Block" LEFT="0." RIGHT="0." FIRSTLINE="-10." LINESPACE="12.19999981"/>
<ParagraphStyle ID="StyleId-B2CFB7B3-DFFA-4E0E-94D6-C2BCE88DA9A9-" ALIGN="Left" LEFT="0." RIGHT="0." FIRSTLINE="0." LINESPACE="12.5"/>
<ParagraphStyle ID="StyleId-8D3352F3-1084-4DDE-A35D-B97102CCE686-" ALIGN="Left" LEFT="0." RIGHT="0." FIRSTLINE="0." LINESPACE="11.60000038"/>
<ParagraphStyle ID="StyleId-4A8DDA0D-166D-4E22-A597-BA51B892602D-" ALIGN="Block" LEFT="0." RIGHT="0." FIRSTLINE="0." LINESPACE="11.21000004"/>
<ParagraphStyle ID="StyleId-90EA4001-AA3C-45A1-AEDC-D1E1169EE5E5-" ALIGN="Block" LEFT="0." RIGHT="0." FIRSTLINE="13." LINESPACE="12.19999981"/>
</Styles>
<Layout>
<Page ID="Page1437" PHYSICAL_IMG_NR="1437" HEIGHT="4370" WIDTH="2505">
<TopMargin HEIGHT="398" WIDTH="2505" VPOS="0" HPOS="0">
</TopMargin>
<LeftMargin HEIGHT="3758" WIDTH="52" VPOS="398" HPOS="0">
</LeftMargin>
<RightMargin HEIGHT="3758" WIDTH="427" VPOS="398" HPOS="2078">
</RightMargin>
<BottomMargin HEIGHT="214" WIDTH="2505" VPOS="4156" HPOS="0">
</BottomMargin>
<PrintSpace HEIGHT="3758" WIDTH="2026" VPOS="398" HPOS="52">
<TextBlock ID="Page1437_Block1" HEIGHT="149" WIDTH="264" VPOS="4007" HPOS="947" LANG="en-US" STYLEREFS="StyleId-0D147343-5879-4D31-AD59-D1A2AF30EC39-">
<TextLine HEIGHT="54" WIDTH="134" VPOS="4022" HPOS="989">
<String CONTENT="1437" HEIGHT="54" WIDTH="134" VPOS="4022" HPOS="989"/>
</TextLine>
</TextBlock>
<TextBlock ID="Page1437_Block2" HEIGHT="3688" WIDTH="2026" VPOS="398" HPOS="52" LANG="en-US" CS="1" STYLEREFS="StyleId-E2532D17-6EDB-4B41-92F7-8506AAE9528B-">
<Shape>
<Polygon POINTS="52,398 2078,398 2078,4086 52,4086 52,398"/>
</Shape>
<TextLine HEIGHT="66" WIDTH="905" VPOS="409" HPOS="76" STYLEREFS="StyleId-456164F5-FF16-4382-AFB9-5B12B4BC1BD4-">
<String CONTENT="Currie," HEIGHT="66" WIDTH="223" VPOS="409" HPOS="76"/>
<SP HEIGHT="64" WIDTH="26" VPOS="411" HPOS="300"/>
<String CONTENT="Barton" HEIGHT="51" WIDTH="226" VPOS="411" HPOS="327"/>
<SP HEIGHT="52" WIDTH="26" VPOS="411" HPOS="554"/>
<String CONTENT="Wood," HEIGHT="64" WIDTH="197" VPOS="410" HPOS="581"/>
<SP HEIGHT="56" WIDTH="31" VPOS="418" HPOS="779"/>
<String CONTENT="1878-" HEIGHT="52" WIDTH="170" VPOS="412" HPOS="811"/>
</TextLine>
<TextLine HEIGHT="69" WIDTH="1928" VPOS="484" HPOS="139" STYLEREFS="StyleId-EFE347CC-89C5-40B9-BCA9-A60E1868A9BF-" CS="1">
<String CONTENT="Fishers" HEIGHT="54" WIDTH="231" VPOS="486" HPOS="139"/>
<SP HEIGHT="36" WIDTH="50" VPOS="504" HPOS="371"/>
<String CONTENT="of" HEIGHT="53" WIDTH="65" VPOS="485" HPOS="422"/>
<SP HEIGHT="53" WIDTH="47" VPOS="485" HPOS="488"/>
<String CONTENT="books," HEIGHT="67" WIDTH="192" VPOS="486" HPOS="536"/>
<SP HEIGHT="67" WIDTH="46" VPOS="486" HPOS="729"/>
<String CONTENT="by" HEIGHT="67" WIDTH="74" VPOS="486" HPOS="776"/>
<SP HEIGHT="66" WIDTH="48" VPOS="487" HPOS="851"/>
<String CONTENT="Barton" HEIGHT="51" WIDTH="221" VPOS="487" HPOS="900"/>
<SP HEIGHT="55" WIDTH="51" VPOS="484" HPOS="1122"/>
<String CONTENT="Currie" HEIGHT="55" WIDTH="202" VPOS="484" HPOS="1174"/>
<SP HEIGHT="34" WIDTH="55" VPOS="503" HPOS="1377"/>
<String CS="1" CONTENT="&#8230;"/>
<SP HEIGHT="51" WIDTH="96" VPOS="486" HPOS="1490"/>
<String CONTENT="Boston," HEIGHT="66" WIDTH="235" VPOS="486" HPOS="1587"/>
<SP HEIGHT="67" WIDTH="48" VPOS="485" HPOS="1823"/>
<String CONTENT="Little," HEIGHT="68" WIDTH="195" VPOS="484" HPOS="1872"/>
</TextLine>
<TextLine HEIGHT="69" WIDTH="874" VPOS="564" HPOS="72" STYLEREFS="StyleId-EFE347CC-89C5-40B9-BCA9-A60E1868A9BF-">
<String CONTENT="Brown," HEIGHT="67" WIDTH="227" VPOS="565" HPOS="72"/>
<SP HEIGHT="50" WIDTH="26" VPOS="582" HPOS="300"/>
<String CONTENT="and" HEIGHT="53" WIDTH="114" VPOS="564" HPOS="327"/>
<SP HEIGHT="53" WIDTH="26" VPOS="564" HPOS="442"/>
<String CONTENT="company," HEIGHT="51" WIDTH="297" VPOS="582" HPOS="469"/>
<SP HEIGHT="65" WIDTH="27" VPOS="566" HPOS="767"/>
<String CONTENT="1931." HEIGHT="52" WIDTH="151" VPOS="565" HPOS="795"/>
</TextLine>
<TextLine HEIGHT="48" WIDTH="875" VPOS="645" HPOS="138" STYLEREFS="StyleId-4053512A-F703-4605-A6E3-895D3D425DAB-" CS="1">
<String CONTENT="2" HEIGHT="38" WIDTH="30" VPOS="647" HPOS="138"/>
<SP/>
<String CS="1" CONTENT="v." HEIGHT="10" WIDTH="9" VPOS="677" HPOS="225"/>
<SP HEIGHT="40" WIDTH="57" VPOS="647" HPOS="235"/>
<String CONTENT="front.," HEIGHT="46" WIDTH="165" VPOS="647" HPOS="293"/>
<SP HEIGHT="37" WIDTH="25" VPOS="656" HPOS="459"/>
<String CONTENT="plates," HEIGHT="46" WIDTH="170" VPOS="647" HPOS="485"/>
<SP HEIGHT="48" WIDTH="26" VPOS="645" HPOS="656"/>
<String CONTENT="facsims." HEIGHT="41" WIDTH="215" VPOS="645" HPOS="683"/>
<SP HEIGHT="41" WIDTH="56" VPOS="645" HPOS="899"/>
<String CS="1" CONTENT="23&#189;&#7580;&#7504;." HEIGHT="40" WIDTH="57" VPOS="645" HPOS="956"/>
</TextLine>
<TextLine HEIGHT="48" WIDTH="544" VPOS="702" HPOS="140">
<String CONTENT="Paged" HEIGHT="46" WIDTH="161" VPOS="704" HPOS="140"/>
<SP HEIGHT="39" WIDTH="27" VPOS="704" HPOS="302"/>
<String CONTENT="continuously." HEIGHT="47" WIDTH="354" VPOS="702" HPOS="330"/>
</TextLine>
<TextLine HEIGHT="48" WIDTH="1924" VPOS="757" HPOS="142">
<String CONTENT="&#8220;Three" HEIGHT="39" WIDTH="183" VPOS="760" HPOS="142"/>
<SP HEIGHT="38" WIDTH="28" VPOS="761" HPOS="326"/>
<String CONTENT="hundred" HEIGHT="39" WIDTH="221" VPOS="760" HPOS="355"/>
<SP HEIGHT="38" WIDTH="30" VPOS="760" HPOS="577"/>
<String CONTENT="and" HEIGHT="39" WIDTH="96" VPOS="758" HPOS="608"/>
<SP HEIGHT="39" WIDTH="30" VPOS="758" HPOS="705"/>
<String CONTENT="sixty-five" HEIGHT="48" WIDTH="243" VPOS="757" HPOS="736"/>
<SP HEIGHT="29" WIDTH="30" VPOS="768" HPOS="980"/>
<String CONTENT="sets" HEIGHT="37" WIDTH="98" VPOS="760" HPOS="1011"/>
<SP HEIGHT="29" WIDTH="32" VPOS="768" HPOS="1110"/>
<String CONTENT="of" HEIGHT="39" WIDTH="52" VPOS="757" HPOS="1143"/>
<SP HEIGHT="40" WIDTH="30" VPOS="757" HPOS="1196"/>
<String CONTENT="this" HEIGHT="40" WIDTH="101" VPOS="757" HPOS="1227"/>
<SP HEIGHT="39" WIDTH="27" VPOS="758" HPOS="1329"/>
<String CONTENT="limited" HEIGHT="40" WIDTH="188" VPOS="757" HPOS="1357"/>
<SP HEIGHT="39" WIDTH="31" VPOS="758" HPOS="1546"/>
<String CONTENT="edition" HEIGHT="40" WIDTH="182" VPOS="757" HPOS="1578"/>
<SP HEIGHT="38" WIDTH="32" VPOS="759" HPOS="1761"/>
<String CONTENT="have" HEIGHT="39" WIDTH="123" VPOS="759" HPOS="1794"/>
<SP HEIGHT="39" WIDTH="29" VPOS="758" HPOS="1918"/>
<String CONTENT="been" HEIGHT="40" WIDTH="118" VPOS="758" HPOS="1948"/>
</TextLine>
<TextLine HEIGHT="52" WIDTH="1996" VPOS="813" HPOS="69">
<String CONTENT="printed," HEIGHT="49" WIDTH="206" VPOS="816" HPOS="69"/>
<SP HEIGHT="37" WIDTH="32" VPOS="826" HPOS="276"/>
<String CONTENT="and" HEIGHT="38" WIDTH="96" VPOS="817" HPOS="309"/>
<SP HEIGHT="38" WIDTH="33" VPOS="817" HPOS="406"/>
<String CONTENT="are" HEIGHT="29" WIDTH="84" VPOS="825" HPOS="440"/>
<SP HEIGHT="39" WIDTH="30" VPOS="815" HPOS="525"/>
<String CONTENT="inscribed" HEIGHT="40" WIDTH="242" VPOS="814" HPOS="556"/>
<SP HEIGHT="39" WIDTH="33" VPOS="814" HPOS="799"/>
<String CONTENT="by" HEIGHT="47" WIDTH="60" VPOS="814" HPOS="833"/>
<SP HEIGHT="43" WIDTH="32" VPOS="818" HPOS="894"/>
<String CONTENT="the" HEIGHT="39" WIDTH="83" VPOS="814" HPOS="927"/>
<SP HEIGHT="30" WIDTH="32" VPOS="823" HPOS="1011"/>
<String CONTENT="author." HEIGHT="39" WIDTH="191" VPOS="815" HPOS="1044"/>
<SP HEIGHT="41" WIDTH="61" VPOS="813" HPOS="1236"/>
<String CONTENT="Of" HEIGHT="40" WIDTH="63" VPOS="813" HPOS="1298"/>
<SP HEIGHT="39" WIDTH="32" VPOS="814" HPOS="1362"/>
<String CONTENT="the" HEIGHT="39" WIDTH="82" VPOS="814" HPOS="1395"/>
<SP HEIGHT="40" WIDTH="32" VPOS="813" HPOS="1478"/>
<String CONTENT="fifteen" HEIGHT="40" WIDTH="168" VPOS="813" HPOS="1511"/>
<SP HEIGHT="28" WIDTH="34" VPOS="825" HPOS="1680"/>
<String CONTENT="copies" HEIGHT="47" WIDTH="159" VPOS="814" HPOS="1715"/>
<SP HEIGHT="29" WIDTH="32" VPOS="825" HPOS="1875"/>
<String CONTENT="which" HEIGHT="40" WIDTH="157" VPOS="814" HPOS="1908"/>
</TextLine>
<TextLine HEIGHT="48" WIDTH="1260" VPOS="869" HPOS="69">
<String CONTENT="are" HEIGHT="29" WIDTH="84" VPOS="884" HPOS="69"/>
<SP HEIGHT="29" WIDTH="23" VPOS="884" HPOS="154"/>
<String CONTENT="not" HEIGHT="38" WIDTH="85" VPOS="874" HPOS="178"/>
<SP HEIGHT="40" WIDTH="20" VPOS="872" HPOS="264"/>
<String CONTENT="for" HEIGHT="39" WIDTH="79" VPOS="872" HPOS="285"/>
<SP HEIGHT="29" WIDTH="24" VPOS="882" HPOS="365"/>
<String CONTENT="sale" HEIGHT="40" WIDTH="103" VPOS="871" HPOS="390"/>
<SP HEIGHT="37" WIDTH="22" VPOS="874" HPOS="494"/>
<String CONTENT="this" HEIGHT="39" WIDTH="97" VPOS="871" HPOS="517"/>
<SP HEIGHT="40" WIDTH="24" VPOS="870" HPOS="615"/>
<String CONTENT="is" HEIGHT="40" WIDTH="41" VPOS="870" HPOS="640"/>
<SP HEIGHT="30" WIDTH="24" VPOS="880" HPOS="682"/>
<String CONTENT="set" HEIGHT="37" WIDTH="73" VPOS="873" HPOS="707"/>
<SP HEIGHT="37" WIDTH="24" VPOS="873" HPOS="781"/>
<String CONTENT="number" HEIGHT="39" WIDTH="201" VPOS="870" HPOS="806"/>
<SP HEIGHT="29" WIDTH="22" VPOS="880" HPOS="1008"/>
<String CONTENT="copyright.&#8221;" HEIGHT="48" WIDTH="298" VPOS="869" HPOS="1031"/>
</TextLine>
<TextLine HEIGHT="49" WIDTH="644" VPOS="926" HPOS="139">
<String CONTENT="Includes" HEIGHT="39" WIDTH="223" VPOS="930" HPOS="139"/>
<SP HEIGHT="40" WIDTH="28" VPOS="928" HPOS="363"/>
<String CONTENT="bibliographies." HEIGHT="49" WIDTH="391" VPOS="926" HPOS="392"/>
</TextLine>
<TextLine HEIGHT="53" WIDTH="1989" VPOS="995" HPOS="74">
<String CONTENT="&#169;" HEIGHT="52" WIDTH="51" VPOS="996" HPOS="74"/>
<SP HEIGHT="52" WIDTH="33" VPOS="996" HPOS="126"/>
<String CONTENT="Sept." HEIGHT="47" WIDTH="127" VPOS="1001" HPOS="160"/>
<SP HEIGHT="41" WIDTH="29" VPOS="1000" HPOS="288"/>
<String CONTENT="11," HEIGHT="46" WIDTH="67" VPOS="1000" HPOS="318"/>
<SP HEIGHT="46" WIDTH="31" VPOS="1000" HPOS="386"/>
<String CONTENT="1931;" HEIGHT="48" WIDTH="140" VPOS="997" HPOS="418"/>
<SP HEIGHT="47" WIDTH="30" VPOS="998" HPOS="559"/>
<String CONTENT="2c." HEIGHT="39" WIDTH="65" VPOS="998" HPOS="590"/>
<SP HEIGHT="28" WIDTH="31" VPOS="1008" HPOS="656"/>
<String CONTENT="each" HEIGHT="40" WIDTH="118" VPOS="997" HPOS="688"/>
<SP HEIGHT="39" WIDTH="30" VPOS="997" HPOS="807"/>
<String CONTENT="and" HEIGHT="38" WIDTH="96" VPOS="998" HPOS="838"/>
<SP HEIGHT="38" WIDTH="29" VPOS="998" HPOS="935"/>
<String CONTENT="aff." HEIGHT="42" WIDTH="85" VPOS="995" HPOS="965"/>
<SP HEIGHT="41" WIDTH="30" VPOS="996" HPOS="1051"/>
<String CONTENT="Sept." HEIGHT="48" WIDTH="127" VPOS="996" HPOS="1082"/>
<SP HEIGHT="38" WIDTH="29" VPOS="997" HPOS="1210"/>
<String CONTENT="18;" HEIGHT="47" WIDTH="83" VPOS="996" HPOS="1240"/>
<SP HEIGHT="46" WIDTH="32" VPOS="997" HPOS="1324"/>
<!-- cceid EFCF4187-6E8D-1014-9CF5-AEB3FCA41D69 --><String CONTENT="A" HEIGHT="38" WIDTH="41" VPOS="997" HPOS="1357"/>
<SP HEIGHT="38" WIDTH="28" VPOS="997" HPOS="1399"/>
<String CONTENT="12454;" HEIGHT="48" WIDTH="171" VPOS="996" HPOS="1428"/>
<SP HEIGHT="46" WIDTH="33" VPOS="998" HPOS="1600"/>
<String CONTENT="B." HEIGHT="39" WIDTH="54" VPOS="998" HPOS="1634"/>
<SP HEIGHT="40" WIDTH="32" VPOS="997" HPOS="1689"/>
<String CONTENT="Currie." HEIGHT="42" WIDTH="184" VPOS="996" HPOS="1722"/>
<SP HEIGHT="40" WIDTH="32" VPOS="998" HPOS="1907"/>
<String CONTENT="Bala" HEIGHT="39" WIDTH="123" VPOS="998" HPOS="1940"/>
</TextLine>
<TextLine HEIGHT="51" WIDTH="685" VPOS="1053" HPOS="142">
<String CONTENT="Cynwyd," HEIGHT="47" WIDTH="226" VPOS="1057" HPOS="142"/>
<SP HEIGHT="48" WIDTH="25" VPOS="1056" HPOS="369"/>
<String CONTENT="Pa." HEIGHT="39" WIDTH="83" VPOS="1056" HPOS="395"/>
<SP HEIGHT="47" WIDTH="69" VPOS="1055" HPOS="479"/>
<String CONTENT="(31-24432)" HEIGHT="50" WIDTH="278" VPOS="1053" HPOS="549"/>
</TextLine>
<TextLine HEIGHT="70" WIDTH="1151" VPOS="1146" HPOS="69" STYLEREFS="StyleId-456164F5-FF16-4382-AFB9-5B12B4BC1BD4-">
<String CONTENT="Das," HEIGHT="64" WIDTH="139" VPOS="1152" HPOS="69"/>
<SP HEIGHT="65" WIDTH="30" VPOS="1151" HPOS="209"/>
<String CONTENT="Frieda" HEIGHT="53" WIDTH="214" VPOS="1149" HPOS="240"/>
<SP HEIGHT="51" WIDTH="26" VPOS="1150" HPOS="455"/>
<String CONTENT="Mathilda" HEIGHT="53" WIDTH="291" VPOS="1148" HPOS="482"/>
<SP HEIGHT="64" WIDTH="35" VPOS="1149" HPOS="774"/>
<String CONTENT="(Hauswirth)" HEIGHT="67" WIDTH="410" VPOS="1146" HPOS="810"/>
</TextLine>
<TextLine HEIGHT="71" WIDTH="1925" VPOS="1222" HPOS="139" STYLEREFS="StyleId-EFE347CC-89C5-40B9-BCA9-A60E1868A9BF-">
<String CONTENT="Gandhi:" HEIGHT="55" WIDTH="261" VPOS="1225" HPOS="139"/>
<SP HEIGHT="34" WIDTH="44" VPOS="1243" HPOS="401"/>
<String CONTENT="a" HEIGHT="34" WIDTH="34" VPOS="1243" HPOS="446"/>
<SP HEIGHT="50" WIDTH="40" VPOS="1243" HPOS="481"/>
<String CONTENT="portrait" HEIGHT="69" WIDTH="250" VPOS="1224" HPOS="522"/>
<SP HEIGHT="54" WIDTH="40" VPOS="1222" HPOS="773"/>
<String CONTENT="from" HEIGHT="54" WIDTH="153" VPOS="1222" HPOS="814"/>
<SP HEIGHT="51" WIDTH="39" VPOS="1225" HPOS="968"/>
<String CONTENT="life," HEIGHT="68" WIDTH="123" VPOS="1223" HPOS="1008"/>
<SP HEIGHT="68" WIDTH="37" VPOS="1223" HPOS="1132"/>
<String CONTENT="by" HEIGHT="69" WIDTH="77" VPOS="1223" HPOS="1170"/>
<SP HEIGHT="69" WIDTH="42" VPOS="1223" HPOS="1248"/>
<String CONTENT="Frieda" HEIGHT="53" WIDTH="211" VPOS="1223" HPOS="1291"/>
<SP HEIGHT="52" WIDTH="42" VPOS="1224" HPOS="1503"/>
<String CONTENT="Hauswirth" HEIGHT="53" WIDTH="341" VPOS="1224" HPOS="1546"/>
<SP HEIGHT="52" WIDTH="41" VPOS="1225" HPOS="1888"/>
<String CONTENT="Das." HEIGHT="52" WIDTH="134" VPOS="1225" HPOS="1930"/>
</TextLine>
<TextLine HEIGHT="70" WIDTH="1242" VPOS="1301" HPOS="69" STYLEREFS="StyleId-EFE347CC-89C5-40B9-BCA9-A60E1868A9BF-" CS="1">
<String CONTENT="New" HEIGHT="52" WIDTH="137" VPOS="1304" HPOS="69"/>
<SP HEIGHT="53" WIDTH="25" VPOS="1302" HPOS="207"/>
<String CONTENT="York," HEIGHT="70" WIDTH="179" VPOS="1301" HPOS="233"/>
<SP HEIGHT="68" WIDTH="25" VPOS="1303" HPOS="413"/>
<String CONTENT="The" HEIGHT="53" WIDTH="121" VPOS="1302" HPOS="439"/>
<SP HEIGHT="54" WIDTH="23" VPOS="1303" HPOS="561"/>
<String CONTENT="Vanguard" HEIGHT="69" WIDTH="318" VPOS="1302" HPOS="585"/>
<SP HEIGHT="68" WIDTH="23" VPOS="1302" HPOS="904"/>
<String CONTENT="press" HEIGHT="52" WIDTH="157" VPOS="1318" HPOS="928"/>
<SP HEIGHT="48" WIDTH="30" VPOS="1320" HPOS="1086"/>
<String CS="1" CONTENT="["/>
<String STYLE="superscript" CS="1" CONTENT="&#7580;1"/>
<String CONTENT="931]" HEIGHT="65" WIDTH="119" VPOS="1303" HPOS="1192"/>
</TextLine>
<TextLine HEIGHT="51" WIDTH="259" VPOS="1384" HPOS="155" STYLEREFS="StyleId-EFE347CC-89C5-40B9-BCA9-A60E1868A9BF-" CS="1">
<String CS="1" CONTENT="[27]" HEIGHT="50" WIDTH="71" VPOS="1385" HPOS="155"/>
<SP HEIGHT="39" WIDTH="28" VPOS="1396" HPOS="227"/>
<String CONTENT="p." HEIGHT="38" WIDTH="43" VPOS="1396" HPOS="256"/>
<SP HEIGHT="43" WIDTH="57" VPOS="1384" HPOS="300"/>
<String CONTENT="21" HEIGHT="40" WIDTH="56" VPOS="1384" HPOS="358"/>
<String STYLE="superscript" CS="1" CONTENT="&#7580;&#7504;."/>
</TextLine>
<TextLine HEIGHT="53" WIDTH="1992" VPOS="1452" HPOS="72">
<String CONTENT="&#169;" HEIGHT="53" WIDTH="51" VPOS="1452" HPOS="72"/>
<SP HEIGHT="53" WIDTH="33" VPOS="1452" HPOS="124"/>
<String CONTENT="Sept." HEIGHT="47" WIDTH="127" VPOS="1457" HPOS="158"/>
<SP HEIGHT="41" WIDTH="28" VPOS="1456" HPOS="286"/>
<String CONTENT="11," HEIGHT="46" WIDTH="70" VPOS="1456" HPOS="315"/>
<SP HEIGHT="44" WIDTH="31" VPOS="1458" HPOS="386"/>
<String CONTENT="1931;" HEIGHT="47" WIDTH="140" VPOS="1455" HPOS="418"/>
<SP HEIGHT="46" WIDTH="31" VPOS="1456" HPOS="559"/>
<String CONTENT="2c." HEIGHT="39" WIDTH="68" VPOS="1456" HPOS="591"/>
<SP HEIGHT="30" WIDTH="30" VPOS="1465" HPOS="660"/>
<String CONTENT="and" HEIGHT="39" WIDTH="95" VPOS="1456" HPOS="691"/>
<SP HEIGHT="38" WIDTH="29" VPOS="1456" HPOS="787"/>
<String CONTENT="aff." HEIGHT="41" WIDTH="81" VPOS="1453" HPOS="817"/>
<SP HEIGHT="40" WIDTH="35" VPOS="1454" HPOS="899"/>
<String CONTENT="Sept." HEIGHT="47" WIDTH="127" VPOS="1454" HPOS="935"/>
<SP HEIGHT="39" WIDTH="31" VPOS="1454" HPOS="1063"/>
<String CONTENT="12;" HEIGHT="49" WIDTH="81" VPOS="1452" HPOS="1095"/>
<SP HEIGHT="47" WIDTH="33" VPOS="1454" HPOS="1177"/>
<!-- cceid EFCF95D4-6E8D-1014-9CF5-AEB3FCA41D69 --><String CONTENT="A" HEIGHT="39" WIDTH="44" VPOS="1454" HPOS="1211"/>
<SP HEIGHT="39" WIDTH="26" VPOS="1454" HPOS="1256"/>
<String CONTENT="42295;" HEIGHT="49" WIDTH="173" VPOS="1452" HPOS="1283"/>
<SP HEIGHT="47" WIDTH="33" VPOS="1454" HPOS="1457"/>
<String CONTENT="Vanguard" HEIGHT="47" WIDTH="264" VPOS="1454" HPOS="1491"/>
<SP HEIGHT="46" WIDTH="30" VPOS="1455" HPOS="1756"/>
<String CONTENT="press," HEIGHT="37" WIDTH="152" VPOS="1464" HPOS="1787"/>
<SP HEIGHT="46" WIDTH="32" VPOS="1455" HPOS="1940"/>
<String CONTENT="inc." HEIGHT="39" WIDTH="91" VPOS="1455" HPOS="1973"/>
</TextLine>
<TextLine HEIGHT="49" WIDTH="278" VPOS="1512" HPOS="148">
<String CONTENT="(31-24178)" HEIGHT="49" WIDTH="278" VPOS="1512" HPOS="148"/>
</TextLine>
<TextLine HEIGHT="65" WIDTH="521" VPOS="1607" HPOS="68" STYLEREFS="StyleId-456164F5-FF16-4382-AFB9-5B12B4BC1BD4-">
<String CONTENT="Daviot," HEIGHT="65" WIDTH="234" VPOS="1607" HPOS="68"/>
<SP HEIGHT="64" WIDTH="32" VPOS="1608" HPOS="303"/>
<String CONTENT="Gordon." HEIGHT="55" WIDTH="253" VPOS="1607" HPOS="336"/>
</TextLine>
<TextLine HEIGHT="71" WIDTH="1927" VPOS="1681" HPOS="134" STYLEREFS="StyleId-EFE347CC-89C5-40B9-BCA9-A60E1868A9BF-" CS="1">
<String CONTENT="The" HEIGHT="54" WIDTH="121" VPOS="1684" HPOS="134"/>
<SP HEIGHT="36" WIDTH="41" VPOS="1702" HPOS="256"/>
<String CONTENT="expensive" HEIGHT="69" WIDTH="300" VPOS="1683" HPOS="298"/>
<SP HEIGHT="54" WIDTH="42" VPOS="1683" HPOS="599"/>
<String CONTENT="halo" HEIGHT="55" WIDTH="132" VPOS="1682" HPOS="642"/>
<SP HEIGHT="48" WIDTH="47" VPOS="1702" HPOS="775"/>
<String CS="1" CONTENT="[by]" HEIGHT="69" WIDTH="94" VPOS="1682" HPOS="839"/>
<SP HEIGHT="69" WIDTH="49" VPOS="1681" HPOS="934"/>
<String CONTENT="Gordon" HEIGHT="56" WIDTH="237" VPOS="1681" HPOS="984"/>
<SP HEIGHT="53" WIDTH="43" VPOS="1682" HPOS="1222"/>
<String CONTENT="Daviot." HEIGHT="54" WIDTH="232" VPOS="1681" HPOS="1266"/>
<SP HEIGHT="55" WIDTH="77" VPOS="1681" HPOS="1499"/>
<String CONTENT="New" HEIGHT="55" WIDTH="139" VPOS="1681" HPOS="1577"/>
<SP HEIGHT="54" WIDTH="46" VPOS="1682" HPOS="1717"/>
<String CONTENT="York," HEIGHT="69" WIDTH="180" VPOS="1682" HPOS="1764"/>
<SP HEIGHT="68" WIDTH="43" VPOS="1683" HPOS="1945"/>
<String CONTENT="D." HEIGHT="53" WIDTH="72" VPOS="1683" HPOS="1989"/>
</TextLine>
<TextLine HEIGHT="69" WIDTH="945" VPOS="1762" HPOS="62" STYLEREFS="StyleId-EFE347CC-89C5-40B9-BCA9-A60E1868A9BF-">
<String CONTENT="Appleton" HEIGHT="68" WIDTH="296" VPOS="1763" HPOS="62"/>
<SP HEIGHT="34" WIDTH="25" VPOS="1780" HPOS="359"/>
<String CONTENT="and" HEIGHT="52" WIDTH="114" VPOS="1762" HPOS="385"/>
<SP HEIGHT="53" WIDTH="27" VPOS="1762" HPOS="500"/>
<String CONTENT="company," HEIGHT="51" WIDTH="297" VPOS="1779" HPOS="528"/>
<SP HEIGHT="63" WIDTH="29" VPOS="1765" HPOS="826"/>
<String CONTENT="1931." HEIGHT="51" WIDTH="151" VPOS="1763" HPOS="856"/>
</TextLine>
<TextLine HEIGHT="52" WIDTH="580" VPOS="1841" HPOS="132" CS="1">
<String CONTENT="3" HEIGHT="40" WIDTH="26" VPOS="1844" HPOS="132"/>
<SP/>
<String LANG="fr" CS="1" CONTENT="p."/>
<SP/>
<String LANG="fr" CS="1" CONTENT="l."/>
<String CONTENT="," HEIGHT="17" WIDTH="9" VPOS="1875" HPOS="295"/>
<SP HEIGHT="50" WIDTH="28" VPOS="1842" HPOS="305"/>
<String CONTENT="272," HEIGHT="48" WIDTH="101" VPOS="1842" HPOS="334"/>
<SP HEIGHT="30" WIDTH="30" VPOS="1862" HPOS="436"/>
<String CONTENT="[1]" HEIGHT="50" WIDTH="56" VPOS="1843" HPOS="467"/>
<SP HEIGHT="41" WIDTH="28" VPOS="1852" HPOS="524"/>
<String CONTENT="p." HEIGHT="38" WIDTH="43" VPOS="1852" HPOS="553"/>
<SP HEIGHT="41" WIDTH="58" VPOS="1843" HPOS="597"/>
<String CS="1" CONTENT="19&#189;&#7580;&#7504;." HEIGHT="41" WIDTH="56" VPOS="1841" HPOS="656"/>
</TextLine>
<TextLine HEIGHT="65" WIDTH="1879" VPOS="1907" HPOS="70" CS="1">
<String CONTENT="&#169;" HEIGHT="52" WIDTH="51" VPOS="1911" HPOS="70"/>
<SP HEIGHT="52" WIDTH="30" VPOS="1911" HPOS="122"/>
<String CONTENT="Sept." HEIGHT="47" WIDTH="125" VPOS="1915" HPOS="153"/>
<SP HEIGHT="38" WIDTH="29" VPOS="1915" HPOS="279"/>
<String CONTENT="18," HEIGHT="46" WIDTH="70" VPOS="1915" HPOS="309"/>
<SP HEIGHT="47" WIDTH="26" VPOS="1914" HPOS="380"/>
<String CS="1" CONTENT="1931;" HEIGHT="40" WIDTH="112" VPOS="1914" HPOS="407"/>
<SP HEIGHT="47" WIDTH="28" VPOS="1913" HPOS="550"/>
<String CONTENT="2c." HEIGHT="39" WIDTH="67" VPOS="1913" HPOS="579"/>
<SP HEIGHT="29" WIDTH="28" VPOS="1924" HPOS="647"/>
<String CONTENT="and" HEIGHT="38" WIDTH="96" VPOS="1915" HPOS="676"/>
<SP HEIGHT="38" WIDTH="28" VPOS="1915" HPOS="773"/>
<String CONTENT="aff." HEIGHT="39" WIDTH="82" VPOS="1913" HPOS="802"/>
<SP HEIGHT="40" WIDTH="31" VPOS="1914" HPOS="885"/>
<String CONTENT="Sept." HEIGHT="46" WIDTH="126" VPOS="1914" HPOS="917"/>
<SP HEIGHT="38" WIDTH="29" VPOS="1913" HPOS="1044"/>
<String CS="1" CONTENT="19;" HEIGHT="41" WIDTH="55" VPOS="1911" HPOS="1074"/>
<SP HEIGHT="46" WIDTH="30" VPOS="1913" HPOS="1157"/>
<!-- cceid EFCFEAAA-6E8D-1014-9CF5-AEB3FCA41D69 --><String CONTENT="A" HEIGHT="38" WIDTH="41" VPOS="1913" HPOS="1188"/>
<SP HEIGHT="39" WIDTH="27" VPOS="1913" HPOS="1230"/>
<String CS="1" CONTENT="41734;" HEIGHT="40" WIDTH="144" VPOS="1913" HPOS="1258"/>
<SP HEIGHT="59" WIDTH="25" VPOS="1913" HPOS="1431"/>
<String CS="1" CONTENT="D." HEIGHT="8" WIDTH="8" VPOS="1945" HPOS="1510"/>
<SP HEIGHT="46" WIDTH="29" VPOS="1907" HPOS="1519"/>
<String CONTENT="Appleton" HEIGHT="53" WIDTH="238" VPOS="1907" HPOS="1549"/>
<SP HEIGHT="40" WIDTH="28" VPOS="1913" HPOS="1788"/>
<String CONTENT="&amp;" HEIGHT="40" WIDTH="38" VPOS="1913" HPOS="1817"/>
<SP HEIGHT="40" WIDTH="27" VPOS="1913" HPOS="1856"/>
<String CONTENT="co." HEIGHT="30" WIDTH="65" VPOS="1923" HPOS="1884"/>
</TextLine>
<TextLine HEIGHT="49" WIDTH="279" VPOS="1971" HPOS="146">
<String CONTENT="(31-24141)" HEIGHT="49" WIDTH="279" VPOS="1971" HPOS="146"/>
</TextLine>
<TextLine HEIGHT="64" WIDTH="852" VPOS="2066" HPOS="70" STYLEREFS="StyleId-456164F5-FF16-4382-AFB9-5B12B4BC1BD4-">
<String LANG="fr" CONTENT="De" HEIGHT="52" WIDTH="83" VPOS="2066" HPOS="70"/>
<SP HEIGHT="52" WIDTH="26" VPOS="2066" HPOS="154"/>
<String CONTENT="La" HEIGHT="52" WIDTH="85" VPOS="2066" HPOS="181"/>
<SP HEIGHT="52" WIDTH="23" VPOS="2066" HPOS="267"/>
<String CONTENT="Roche," HEIGHT="64" WIDTH="215" VPOS="2066" HPOS="291"/>
<SP HEIGHT="64" WIDTH="26" VPOS="2066" HPOS="507"/>
<String CONTENT="Mazo," HEIGHT="63" WIDTH="185" VPOS="2066" HPOS="534"/>
<SP HEIGHT="59" WIDTH="30" VPOS="2070" HPOS="720"/>
<String CONTENT="1885-" HEIGHT="50" WIDTH="171" VPOS="2069" HPOS="751"/>
</TextLine>
<TextLine HEIGHT="70" WIDTH="1927" VPOS="2139" HPOS="133" STYLEREFS="StyleId-EFE347CC-89C5-40B9-BCA9-A60E1868A9BF-">
<String CONTENT="Finch&#8217;s" HEIGHT="54" WIDTH="229" VPOS="2141" HPOS="133"/>
<SP HEIGHT="54" WIDTH="44" VPOS="2140" HPOS="363"/>
<String CONTENT="fortune," HEIGHT="68" WIDTH="249" VPOS="2140" HPOS="408"/>
<SP HEIGHT="68" WIDTH="42" VPOS="2140" HPOS="658"/>
<String CONTENT="by" HEIGHT="69" WIDTH="76" VPOS="2140" HPOS="701"/>
<SP HEIGHT="69" WIDTH="41" VPOS="2140" HPOS="778"/>
<String CONTENT="Mazo" HEIGHT="54" WIDTH="168" VPOS="2140" HPOS="820"/>
<SP HEIGHT="53" WIDTH="42" VPOS="2141" HPOS="989"/>
<String LANG="fr" CONTENT="De" HEIGHT="52" WIDTH="87" VPOS="2141" HPOS="1032"/>
<SP HEIGHT="53" WIDTH="43" VPOS="2140" HPOS="1120"/>
<String CONTENT="La" HEIGHT="53" WIDTH="85" VPOS="2140" HPOS="1164"/>
<SP HEIGHT="54" WIDTH="43" VPOS="2139" HPOS="1250"/>
<String CONTENT="Roche." HEIGHT="54" WIDTH="208" VPOS="2139" HPOS="1294"/>
<SP HEIGHT="51" WIDTH="81" VPOS="2141" HPOS="1503"/>
<String CONTENT="Boston," HEIGHT="67" WIDTH="234" VPOS="2141" HPOS="1585"/>
<SP HEIGHT="67" WIDTH="44" VPOS="2141" HPOS="1820"/>
<String CONTENT="Little," HEIGHT="65" WIDTH="195" VPOS="2141" HPOS="1865"/>
</TextLine>
<TextLine HEIGHT="68" WIDTH="882" VPOS="2219" HPOS="64" STYLEREFS="StyleId-EFE347CC-89C5-40B9-BCA9-A60E1868A9BF-">
<String CONTENT="Brown," HEIGHT="65" WIDTH="228" VPOS="2221" HPOS="64"/>
<SP HEIGHT="49" WIDTH="28" VPOS="2237" HPOS="293"/>
<String CONTENT="and" HEIGHT="52" WIDTH="114" VPOS="2219" HPOS="322"/>
<SP HEIGHT="52" WIDTH="27" VPOS="2219" HPOS="437"/>
<String CONTENT="company," HEIGHT="52" WIDTH="297" VPOS="2235" HPOS="465"/>
<SP HEIGHT="62" WIDTH="31" VPOS="2223" HPOS="763"/>
<String CONTENT="1931." HEIGHT="51" WIDTH="151" VPOS="2220" HPOS="795"/>
</TextLine>
<TextLine HEIGHT="52" WIDTH="647" VPOS="2298" HPOS="130" CS="1">
<String CONTENT="3" HEIGHT="39" WIDTH="27" VPOS="2301" HPOS="130"/>
<SP HEIGHT="47" WIDTH="22" VPOS="2301" HPOS="158"/>
<String CS="1" CONTENT="p."/>
<SP/>
<String CS="1" CONTENT="l.," HEIGHT="18" WIDTH="10" VPOS="2329" HPOS="285"/>
<SP HEIGHT="30" WIDTH="28" VPOS="2320" HPOS="296"/>
<String CS="1" CONTENT="[v]-vi," HEIGHT="50" WIDTH="155" VPOS="2300" HPOS="325"/>
<SP HEIGHT="48" WIDTH="24" VPOS="2299" HPOS="481"/>
<String CONTENT="443" HEIGHT="41" WIDTH="85" VPOS="2299" HPOS="506"/>
<SP HEIGHT="48" WIDTH="23" VPOS="2300" HPOS="592"/>
<String CONTENT="p." HEIGHT="39" WIDTH="45" VPOS="2309" HPOS="616"/>
<SP HEIGHT="43" WIDTH="57" VPOS="2298" HPOS="662"/>
<String CONTENT="20" HEIGHT="41" WIDTH="57" VPOS="2298" HPOS="720"/>
<String STYLE="superscript" CS="1" CONTENT="&#7580;&#7504;."/>
</TextLine>
<TextLine HEIGHT="52" WIDTH="1990" VPOS="2354" HPOS="69" CS="1">
<String CONTENT="&#169;" HEIGHT="52" WIDTH="50" VPOS="2354" HPOS="69"/>
<SP HEIGHT="52" WIDTH="37" VPOS="2354" HPOS="120"/>
<String CONTENT="Sept." HEIGHT="47" WIDTH="126" VPOS="2359" HPOS="158"/>
<SP HEIGHT="38" WIDTH="35" VPOS="2360" HPOS="285"/>
<String CONTENT="11," HEIGHT="46" WIDTH="68" VPOS="2359" HPOS="321"/>
<SP HEIGHT="47" WIDTH="35" VPOS="2358" HPOS="390"/>
<String CS="1" CONTENT="1931;" HEIGHT="40" WIDTH="111" VPOS="2357" HPOS="426"/>
<SP HEIGHT="47" WIDTH="36" VPOS="2357" HPOS="566"/>
<String CONTENT="2c." HEIGHT="40" WIDTH="67" VPOS="2357" HPOS="603"/>
<SP HEIGHT="29" WIDTH="35" VPOS="2368" HPOS="671"/>
<String CONTENT="and" HEIGHT="38" WIDTH="95" VPOS="2359" HPOS="707"/>
<SP HEIGHT="39" WIDTH="34" VPOS="2359" HPOS="803"/>
<String CONTENT="aff." HEIGHT="42" WIDTH="81" VPOS="2356" HPOS="838"/>
<SP HEIGHT="40" WIDTH="39" VPOS="2357" HPOS="920"/>
<String CONTENT="Sept." HEIGHT="47" WIDTH="127" VPOS="2357" HPOS="960"/>
<SP HEIGHT="38" WIDTH="35" VPOS="2358" HPOS="1088"/>
<String CS="1" CONTENT="19;" HEIGHT="41" WIDTH="54" VPOS="2355" HPOS="1124"/>
<SP HEIGHT="46" WIDTH="37" VPOS="2358" HPOS="1207"/>
<!-- cceid EFD03D6F-6E8D-1014-9CF5-AEB3FCA41D69 --><String CONTENT="A" HEIGHT="38" WIDTH="42" VPOS="2358" HPOS="1245"/>
<SP HEIGHT="38" WIDTH="32" VPOS="2358" HPOS="1288"/>
<String CS="1" CONTENT="42521;" HEIGHT="41" WIDTH="143" VPOS="2356" HPOS="1321"/>
<SP HEIGHT="48" WIDTH="38" VPOS="2357" HPOS="1494"/>
<String CS="1" CONTENT="Little," HEIGHT="47" WIDTH="161" VPOS="2357" HPOS="1533"/>
<SP HEIGHT="47" WIDTH="38" VPOS="2357" HPOS="1695"/>
<String CONTENT="Brown," HEIGHT="49" WIDTH="191" VPOS="2357" HPOS="1734"/>
<SP HEIGHT="38" WIDTH="37" VPOS="2368" HPOS="1926"/>
<String CONTENT="and" HEIGHT="40" WIDTH="95" VPOS="2358" HPOS="1964"/>
</TextLine>
<TextLine HEIGHT="50" WIDTH="595" VPOS="2413" HPOS="135">
<String CONTENT="company." HEIGHT="38" WIDTH="246" VPOS="2425" HPOS="135"/>
<SP HEIGHT="47" WIDTH="69" VPOS="2416" HPOS="382"/>
<String CONTENT="(31-24146)" HEIGHT="50" WIDTH="278" VPOS="2413" HPOS="452"/>
</TextLine>
<TextLine HEIGHT="64" WIDTH="596" VPOS="2508" HPOS="67" STYLEREFS="StyleId-456164F5-FF16-4382-AFB9-5B12B4BC1BD4-">
<String CONTENT="Dunn," HEIGHT="64" WIDTH="192" VPOS="2508" HPOS="67"/>
<SP HEIGHT="64" WIDTH="28" VPOS="2508" HPOS="260"/>
<String CONTENT="Alan," HEIGHT="64" WIDTH="171" VPOS="2508" HPOS="289"/>
<SP HEIGHT="58" WIDTH="32" VPOS="2514" HPOS="461"/>
<String CONTENT="1900-" HEIGHT="48" WIDTH="169" VPOS="2514" HPOS="494"/>
</TextLine>
<TextLine HEIGHT="70" WIDTH="1921" VPOS="2584" HPOS="140" STYLEREFS="StyleId-EFE347CC-89C5-40B9-BCA9-A60E1868A9BF-">
<String CONTENT="Rejections," HEIGHT="69" WIDTH="341" VPOS="2585" HPOS="140"/>
<SP HEIGHT="66" WIDTH="27" VPOS="2586" HPOS="482"/>
<String CONTENT="by" HEIGHT="68" WIDTH="75" VPOS="2586" HPOS="510"/>
<SP HEIGHT="69" WIDTH="26" VPOS="2585" HPOS="586"/>
<String CONTENT="Alan" HEIGHT="52" WIDTH="155" VPOS="2585" HPOS="613"/>
<SP HEIGHT="51" WIDTH="27" VPOS="2586" HPOS="769"/>
<String CONTENT="Dunn." HEIGHT="51" WIDTH="191" VPOS="2586" HPOS="797"/>
<SP HEIGHT="54" WIDTH="74" VPOS="2584" HPOS="989"/>
<String CONTENT="New" HEIGHT="54" WIDTH="139" VPOS="2584" HPOS="1064"/>
<SP HEIGHT="52" WIDTH="31" VPOS="2586" HPOS="1204"/>
<String CONTENT="York," HEIGHT="68" WIDTH="181" VPOS="2585" HPOS="1236"/>
<SP HEIGHT="68" WIDTH="26" VPOS="2585" HPOS="1418"/>
<String CONTENT="A." HEIGHT="53" WIDTH="71" VPOS="2585" HPOS="1445"/>
<SP HEIGHT="53" WIDTH="29" VPOS="2585" HPOS="1517"/>
<String CONTENT="A." HEIGHT="53" WIDTH="73" VPOS="2585" HPOS="1547"/>
<SP HEIGHT="53" WIDTH="29" VPOS="2585" HPOS="1621"/>
<String CONTENT="Knopf," HEIGHT="70" WIDTH="228" VPOS="2584" HPOS="1651"/>
<SP HEIGHT="65" WIDTH="30" VPOS="2589" HPOS="1880"/>
<String CONTENT="1931." HEIGHT="50" WIDTH="150" VPOS="2588" HPOS="1911"/>
</TextLine>
<TextLine HEIGHT="51" WIDTH="460" VPOS="2665" HPOS="142" CS="1">
<String CONTENT="[96]" HEIGHT="51" WIDTH="83" VPOS="2665" HPOS="142"/>
<SP HEIGHT="39" WIDTH="30" VPOS="2677" HPOS="226"/>
<String CONTENT="p." HEIGHT="37" WIDTH="41" VPOS="2677" HPOS="257"/>
<SP HEIGHT="38" WIDTH="59" VPOS="2667" HPOS="299"/>
<String CONTENT="illus." HEIGHT="41" WIDTH="129" VPOS="2667" HPOS="359"/>
<SP HEIGHT="41" WIDTH="56" VPOS="2667" HPOS="489"/>
<String CS="1" CONTENT="30&#189;" HEIGHT="40" WIDTH="56" VPOS="2667" HPOS="546"/>
<String STYLE="superscript" CS="1" CONTENT="&#7580;&#7504;."/>
</TextLine>
<TextLine HEIGHT="41" WIDTH="413" VPOS="2723" HPOS="140">
<String CONTENT="&#8220;First" HEIGHT="41" WIDTH="162" VPOS="2723" HPOS="140"/>
<SP HEIGHT="38" WIDTH="23" VPOS="2726" HPOS="303"/>
<String CONTENT="edition.&#8221;" HEIGHT="41" WIDTH="226" VPOS="2723" HPOS="327"/>
</TextLine>
<TextLine HEIGHT="53" WIDTH="1989" VPOS="2776" HPOS="70" CS="1">
<String CONTENT="&#169;" HEIGHT="52" WIDTH="51" VPOS="2776" HPOS="70"/>
<SP HEIGHT="52" WIDTH="35" VPOS="2776" HPOS="122"/>
<String CONTENT="Sept." HEIGHT="48" WIDTH="126" VPOS="2780" HPOS="158"/>
<SP HEIGHT="39" WIDTH="31" VPOS="2781" HPOS="285"/>
<String CONTENT="11," HEIGHT="46" WIDTH="69" VPOS="2781" HPOS="317"/>
<SP HEIGHT="46" WIDTH="32" VPOS="2781" HPOS="387"/>
<String CS="1" CONTENT="1931;" HEIGHT="41" WIDTH="112" VPOS="2779" HPOS="420"/>
<SP HEIGHT="46" WIDTH="33" VPOS="2780" HPOS="560"/>
<String CONTENT="2c." HEIGHT="40" WIDTH="66" VPOS="2780" HPOS="594"/>
<SP HEIGHT="40" WIDTH="35" VPOS="2780" HPOS="661"/>
<String CONTENT="Sept." HEIGHT="48" WIDTH="126" VPOS="2780" HPOS="697"/>
<SP HEIGHT="39" WIDTH="33" VPOS="2781" HPOS="824"/>
<String CS="1" CONTENT="14;" HEIGHT="39" WIDTH="55" VPOS="2781" HPOS="858"/>
<SP HEIGHT="36" WIDTH="35" VPOS="2791" HPOS="941"/>
<String CONTENT="aff." HEIGHT="40" WIDTH="82" VPOS="2780" HPOS="977"/>
<SP HEIGHT="40" WIDTH="35" VPOS="2781" HPOS="1060"/>
<String CONTENT="Sept." HEIGHT="48" WIDTH="127" VPOS="2781" HPOS="1096"/>
<SP HEIGHT="40" WIDTH="34" VPOS="2782" HPOS="1224"/>
<String CS="1" CONTENT="15;" HEIGHT="39" WIDTH="58" VPOS="2781" HPOS="1259"/>
<SP HEIGHT="46" WIDTH="35" VPOS="2782" HPOS="1341"/>
<!-- cceid EFD08CB1-6E8D-1014-9CF5-AEB3FCA41D69 --><String CONTENT="A" HEIGHT="38" WIDTH="41" VPOS="2782" HPOS="1377"/>
<SP HEIGHT="38" WIDTH="30" VPOS="2782" HPOS="1419"/>
<String CS="1" CONTENT="41621;" HEIGHT="40" WIDTH="143" VPOS="2781" HPOS="1450"/>
<SP HEIGHT="46" WIDTH="35" VPOS="2782" HPOS="1623"/>
<String CONTENT="A." HEIGHT="38" WIDTH="53" VPOS="2782" HPOS="1659"/>
<SP HEIGHT="39" WIDTH="34" VPOS="2781" HPOS="1713"/>
<String CONTENT="Dunn," HEIGHT="47" WIDTH="160" VPOS="2781" HPOS="1748"/>
<SP HEIGHT="46" WIDTH="33" VPOS="2782" HPOS="1909"/>
<String CONTENT="New" HEIGHT="39" WIDTH="116" VPOS="2782" HPOS="1943"/>
</TextLine>
<TextLine HEIGHT="50" WIDTH="491" VPOS="2835" HPOS="137">
<String CONTENT="York." HEIGHT="41" WIDTH="142" VPOS="2837" HPOS="137"/>
<SP HEIGHT="48" WIDTH="68" VPOS="2837" HPOS="280"/>
<String CONTENT="(31-24154)" HEIGHT="50" WIDTH="279" VPOS="2835" HPOS="349"/>
</TextLine>
<TextLine HEIGHT="65" WIDTH="705" VPOS="2931" HPOS="67" STYLEREFS="StyleId-456164F5-FF16-4382-AFB9-5B12B4BC1BD4-">
<String CONTENT="Durant," HEIGHT="65" WIDTH="251" VPOS="2931" HPOS="67"/>
<SP HEIGHT="65" WIDTH="30" VPOS="2931" HPOS="319"/>
<String CONTENT="Harry," HEIGHT="64" WIDTH="217" VPOS="2931" HPOS="350"/>
<SP HEIGHT="57" WIDTH="33" VPOS="2938" HPOS="568"/>
<String CONTENT="1871-" HEIGHT="53" WIDTH="170" VPOS="2933" HPOS="602"/>
</TextLine>
<TextLine HEIGHT="131" WIDTH="1971" VPOS="3006" HPOS="62" STYLEREFS="StyleId-EFE347CC-89C5-40B9-BCA9-A60E1868A9BF-" CS="1">
<String CONTENT="Village" HEIGHT="68" WIDTH="229" VPOS="3007" HPOS="133"/>
<SP HEIGHT="34" WIDTH="22" VPOS="3025" HPOS="363"/>
<String CONTENT="virtue," HEIGHT="68" WIDTH="204" VPOS="3006" HPOS="386"/>
<SP HEIGHT="66" WIDTH="21" VPOS="3008" HPOS="591"/>
<String CONTENT="by" HEIGHT="68" WIDTH="75" VPOS="3008" HPOS="613"/>
<SP HEIGHT="68" WIDTH="22" VPOS="3008" HPOS="689"/>
<String CONTENT="Harry" HEIGHT="69" WIDTH="198" VPOS="3008" HPOS="712"/>
<SP HEIGHT="68" WIDTH="23" VPOS="3009" HPOS="911"/>
<String CONTENT="Durant" HEIGHT="52" WIDTH="229" VPOS="3009" HPOS="935"/>
<SP HEIGHT="47" WIDTH="30" VPOS="3014" HPOS="1165"/>
<String CS="1" CONTENT="&#8230;"/>
<SP HEIGHT="53" WIDTH="64" VPOS="3008" HPOS="1254"/>
<String CONTENT="New" HEIGHT="53" WIDTH="138" VPOS="3008" HPOS="1319"/>
<SP HEIGHT="53" WIDTH="26" VPOS="3008" HPOS="1458"/>
<String CONTENT="York," HEIGHT="70" WIDTH="180" VPOS="3008" HPOS="1485"/>
<SP HEIGHT="69" WIDTH="25" VPOS="3009" HPOS="1666"/>
<String CONTENT="The" HEIGHT="53" WIDTH="121" VPOS="3009" HPOS="1692"/>
<SP HEIGHT="53" WIDTH="26" VPOS="3009" HPOS="1814"/>
<String CONTENT="Knickerbocker" HEIGHT="128" WIDTH="1971" VPOS="3009" HPOS="62"/>
</TextLine>
<TextLine HEIGHT="64" WIDTH="357" VPOS="3088" HPOS="356" STYLEREFS="StyleId-EFE347CC-89C5-40B9-BCA9-A60E1868A9BF-">
<String CONTENT="press," HEIGHT="50" WIDTH="175" VPOS="3102" HPOS="356"/>
<SP HEIGHT="64" WIDTH="30" VPOS="3088" HPOS="532"/>
<String CONTENT="1931." HEIGHT="50" WIDTH="150" VPOS="3088" HPOS="563"/>
</TextLine>
<TextLine HEIGHT="49" WIDTH="362" VPOS="3164" HPOS="133" STYLEREFS="StyleId-EFE347CC-89C5-40B9-BCA9-A60E1868A9BF-" CS="1">
<String CONTENT="vi," HEIGHT="47" WIDTH="60" VPOS="3165" HPOS="133"/>
<SP HEIGHT="48" WIDTH="27" VPOS="3164" HPOS="194"/>
<String CONTENT="254" HEIGHT="41" WIDTH="86" VPOS="3164" HPOS="222"/>
<SP HEIGHT="49" WIDTH="24" VPOS="3164" HPOS="309"/>
<String CONTENT="p." HEIGHT="39" WIDTH="44" VPOS="3174" HPOS="334"/>
<SP HEIGHT="41" WIDTH="59" VPOS="3165" HPOS="379"/>
<String CS="1" CONTENT="19&#189;&#7580;&#7504;." HEIGHT="41" WIDTH="56" VPOS="3164" HPOS="439"/>
</TextLine>
<TextLine HEIGHT="53" WIDTH="1988" VPOS="3218" HPOS="69" CS="1">
<String CONTENT="&#169;" HEIGHT="52" WIDTH="51" VPOS="3218" HPOS="69"/>
<SP HEIGHT="52" WIDTH="35" VPOS="3218" HPOS="121"/>
<String CONTENT="Sept." HEIGHT="48" WIDTH="125" VPOS="3223" HPOS="157"/>
<SP HEIGHT="39" WIDTH="34" VPOS="3224" HPOS="283"/>
<String CONTENT="7," HEIGHT="45" WIDTH="39" VPOS="3224" HPOS="318"/>
<SP HEIGHT="46" WIDTH="31" VPOS="3223" HPOS="358"/>
<String CS="1" CONTENT="1931;" HEIGHT="42" WIDTH="112" VPOS="3221" HPOS="390"/>
<SP HEIGHT="47" WIDTH="31" VPOS="3222" HPOS="533"/>
<String CONTENT="2c." HEIGHT="40" WIDTH="67" VPOS="3222" HPOS="565"/>
<SP HEIGHT="28" WIDTH="34" VPOS="3234" HPOS="633"/>
<String CONTENT="and" HEIGHT="38" WIDTH="93" VPOS="3225" HPOS="668"/>
<SP HEIGHT="38" WIDTH="31" VPOS="3225" HPOS="762"/>
<String CONTENT="aff." HEIGHT="40" WIDTH="80" VPOS="3223" HPOS="794"/>
<SP HEIGHT="40" WIDTH="37" VPOS="3225" HPOS="875"/>
<String CONTENT="Sept." HEIGHT="46" WIDTH="126" VPOS="3225" HPOS="913"/>
<SP HEIGHT="37" WIDTH="33" VPOS="3226" HPOS="1040"/>
<String CS="1" CONTENT="17;" HEIGHT="39" WIDTH="54" VPOS="3225" HPOS="1074"/>
<SP HEIGHT="45" WIDTH="34" VPOS="3225" HPOS="1157"/>
<!-- cceid EFD0DB4A-6E8D-1014-9CF5-AEB3FCA41D69 --><String CONTENT="A" HEIGHT="38" WIDTH="41" VPOS="3225" HPOS="1192"/>
<SP HEIGHT="38" WIDTH="31" VPOS="3225" HPOS="1234"/>
<String CS="1" CONTENT="41682:" HEIGHT="42" WIDTH="143" VPOS="3223" HPOS="1266"/>
<SP HEIGHT="40" WIDTH="38" VPOS="3226" HPOS="1437"/>
<String CONTENT="H." HEIGHT="38" WIDTH="59" VPOS="3226" HPOS="1476"/>
<SP HEIGHT="38" WIDTH="35" VPOS="3226" HPOS="1536"/>
<String CONTENT="Durant," HEIGHT="45" WIDTH="207" VPOS="3226" HPOS="1572"/>
<SP HEIGHT="46" WIDTH="36" VPOS="3225" HPOS="1780"/>
<String CONTENT="Guilford," HEIGHT="47" WIDTH="240" VPOS="3224" HPOS="1817"/>
</TextLine>
<TextLine HEIGHT="48" WIDTH="494" VPOS="3279" HPOS="137">
<String CONTENT="Conn." HEIGHT="40" WIDTH="146" VPOS="3279" HPOS="137"/>
<SP HEIGHT="47" WIDTH="68" VPOS="3280" HPOS="284"/>
<String CONTENT="(31-24143)" HEIGHT="48" WIDTH="278" VPOS="3279" HPOS="353"/>
</TextLine>
<TextLine HEIGHT="67" WIDTH="1086" VPOS="3372" HPOS="66" STYLEREFS="StyleId-456164F5-FF16-4382-AFB9-5B12B4BC1BD4-">
<String CONTENT="Ebaugh," HEIGHT="64" WIDTH="269" VPOS="3372" HPOS="66"/>
<SP HEIGHT="63" WIDTH="29" VPOS="3373" HPOS="336"/>
<String CONTENT="Cameron" HEIGHT="54" WIDTH="287" VPOS="3373" HPOS="366"/>
<SP HEIGHT="51" WIDTH="29" VPOS="3374" HPOS="654"/>
<String CONTENT="Duncan," HEIGHT="65" WIDTH="263" VPOS="3374" HPOS="684"/>
<SP HEIGHT="58" WIDTH="33" VPOS="3381" HPOS="948"/>
<String CONTENT="1893-" HEIGHT="49" WIDTH="170" VPOS="3380" HPOS="982"/>
</TextLine>
<TextLine HEIGHT="71" WIDTH="1858" VPOS="3448" HPOS="194" STYLEREFS="StyleId-EFE347CC-89C5-40B9-BCA9-A60E1868A9BF-" CS="1">
<String CS="1" CONTENT="&#8230;"/>
<SP HEIGHT="52" WIDTH="32" VPOS="3451" HPOS="194"/>
<String CONTENT="The" HEIGHT="51" WIDTH="120" VPOS="3451" HPOS="227"/>
<SP HEIGHT="35" WIDTH="26" VPOS="3466" HPOS="348"/>
<String CONTENT="national" HEIGHT="55" WIDTH="257" VPOS="3448" HPOS="375"/>
<SP HEIGHT="53" WIDTH="25" VPOS="3450" HPOS="633"/>
<String CONTENT="system" HEIGHT="62" WIDTH="206" VPOS="3456" HPOS="659"/>
<SP HEIGHT="34" WIDTH="27" VPOS="3469" HPOS="866"/>
<String CONTENT="of" HEIGHT="52" WIDTH="65" VPOS="3451" HPOS="894"/>
<SP HEIGHT="52" WIDTH="24" VPOS="3451" HPOS="960"/>
<String CONTENT="education" HEIGHT="54" WIDTH="299" VPOS="3450" HPOS="985"/>
<SP HEIGHT="51" WIDTH="29" VPOS="3453" HPOS="1285"/>
<String CONTENT="in" HEIGHT="51" WIDTH="57" VPOS="3453" HPOS="1315"/>
<SP HEIGHT="52" WIDTH="26" VPOS="3453" HPOS="1373"/>
<String CONTENT="Mexico," HEIGHT="67" WIDTH="240" VPOS="3452" HPOS="1400"/>
<SP HEIGHT="66" WIDTH="26" VPOS="3453" HPOS="1641"/>
<String CONTENT="by" HEIGHT="66" WIDTH="76" VPOS="3453" HPOS="1668"/>
<SP HEIGHT="65" WIDTH="29" VPOS="3454" HPOS="1745"/>
<String CONTENT="Cameron" HEIGHT="55" WIDTH="277" VPOS="3454" HPOS="1775"/>
</TextLine>
<TextLine HEIGHT="73" WIDTH="1991" VPOS="3526" HPOS="63" STYLEREFS="StyleId-EFE347CC-89C5-40B9-BCA9-A60E1868A9BF-" CS="1">
<String CONTENT="Duncan" HEIGHT="53" WIDTH="240" VPOS="3526" HPOS="63"/>
<SP HEIGHT="51" WIDTH="26" VPOS="3528" HPOS="304"/>
<String CONTENT="Ebaugh," HEIGHT="68" WIDTH="261" VPOS="3527" HPOS="331"/>
<SP HEIGHT="51" WIDTH="24" VPOS="3544" HPOS="593"/>
<String CS="1" CONTENT="PH." HEIGHT="8" WIDTH="8" VPOS="3573" HPOS="707"/>
<SP HEIGHT="34" WIDTH="27" VPOS="3547" HPOS="716"/>
<String CS="1" CONTENT="D." HEIGHT="10" WIDTH="9" VPOS="3569" HPOS="782"/>
<SP HEIGHT="50" WIDTH="75" VPOS="3530" HPOS="792"/>
<String CONTENT="Baltimore," HEIGHT="65" WIDTH="331" VPOS="3527" HPOS="868"/>
<SP HEIGHT="60" WIDTH="24" VPOS="3532" HPOS="1200"/>
<String CONTENT="The" HEIGHT="52" WIDTH="122" VPOS="3530" HPOS="1225"/>
<SP HEIGHT="52" WIDTH="24" VPOS="3532" HPOS="1348"/>
<String CONTENT="Johns" HEIGHT="53" WIDTH="184" VPOS="3531" HPOS="1373"/>
<SP HEIGHT="51" WIDTH="24" VPOS="3532" HPOS="1558"/>
<String CONTENT="Hopkins" HEIGHT="67" WIDTH="269" VPOS="3531" HPOS="1583"/>
<SP HEIGHT="49" WIDTH="27" VPOS="3550" HPOS="1853"/>
<String CONTENT="press," HEIGHT="50" WIDTH="173" VPOS="3549" HPOS="1881"/>
</TextLine>
<TextLine HEIGHT="50" WIDTH="149" VPOS="3607" HPOS="66" STYLEREFS="StyleId-EFE347CC-89C5-40B9-BCA9-A60E1868A9BF-">
<String CONTENT="1931." HEIGHT="50" WIDTH="149" VPOS="3607" HPOS="66"/>
</TextLine>
<TextLine HEIGHT="106" WIDTH="1969" VPOS="3683" HPOS="65" CS="1">
<String CONTENT="ix," HEIGHT="50" WIDTH="63" VPOS="3683" HPOS="135"/>
<SP HEIGHT="48" WIDTH="33" VPOS="3685" HPOS="199"/>
<String CONTENT="149" HEIGHT="41" WIDTH="85" VPOS="3684" HPOS="233"/>
<SP HEIGHT="49" WIDTH="30" VPOS="3684" HPOS="319"/>
<String CONTENT="p." HEIGHT="37" WIDTH="43" VPOS="3696" HPOS="350"/>
<SP HEIGHT="39" WIDTH="59" VPOS="3685" HPOS="394"/>
<String CS="1" CONTENT="24&#189;&#7580;&#7504;." HEIGHT="39" WIDTH="55" VPOS="3685" HPOS="454"/>
<SP HEIGHT="47" WIDTH="69" VPOS="3685" HPOS="600"/>
<String CONTENT="(The" HEIGHT="47" WIDTH="122" VPOS="3685" HPOS="670"/>
<SP HEIGHT="40" WIDTH="33" VPOS="3686" HPOS="793"/>
<String CONTENT="Johns" HEIGHT="40" WIDTH="152" VPOS="3686" HPOS="827"/>
<SP HEIGHT="40" WIDTH="34" VPOS="3686" HPOS="980"/>
<String CONTENT="Hopkins" HEIGHT="47" WIDTH="221" VPOS="3686" HPOS="1015"/>
<SP HEIGHT="29" WIDTH="33" VPOS="3698" HPOS="1237"/>
<String CONTENT="university" HEIGHT="49" WIDTH="271" VPOS="3686" HPOS="1271"/>
<SP HEIGHT="36" WIDTH="36" VPOS="3699" HPOS="1543"/>
<String CONTENT="studies" HEIGHT="41" WIDTH="185" VPOS="3688" HPOS="1580"/>
<SP HEIGHT="40" WIDTH="34" VPOS="3688" HPOS="1766"/>
<String CONTENT="in" HEIGHT="40" WIDTH="49" VPOS="3688" HPOS="1801"/>
<SP HEIGHT="29" WIDTH="34" VPOS="3700" HPOS="1851"/>
<String CONTENT="education," HEIGHT="98" WIDTH="1969" VPOS="3690" HPOS="65"/>
<SP HEIGHT="36" WIDTH="24" VPOS="3752" HPOS="180"/>
<String CONTENT="no." HEIGHT="30" WIDTH="74" VPOS="3752" HPOS="205"/>
<SP HEIGHT="40" WIDTH="25" VPOS="3742" HPOS="280"/>
<String CONTENT="16)" HEIGHT="48" WIDTH="80" VPOS="3741" HPOS="306"/>
</TextLine>
<TextLine HEIGHT="53" WIDTH="1690" VPOS="3796" HPOS="135" CS="1">
<String CONTENT="Published" HEIGHT="41" WIDTH="260" VPOS="3796" HPOS="135"/>
<SP HEIGHT="38" WIDTH="33" VPOS="3799" HPOS="396"/>
<String CONTENT="also" HEIGHT="39" WIDTH="102" VPOS="3799" HPOS="430"/>
<SP HEIGHT="29" WIDTH="34" VPOS="3808" HPOS="533"/>
<String CONTENT="as" HEIGHT="29" WIDTH="53" VPOS="3808" HPOS="568"/>
<SP HEIGHT="37" WIDTH="33" VPOS="3801" HPOS="622"/>
<String CONTENT="thesis" HEIGHT="40" WIDTH="151" VPOS="3798" HPOS="656"/>
<SP HEIGHT="47" WIDTH="40" VPOS="3798" HPOS="808"/>
<String CS="1" CONTENT="(PH." HEIGHT="47" WIDTH="108" VPOS="3798" HPOS="849"/>
<SP HEIGHT="29" WIDTH="30" VPOS="3810" HPOS="958"/>
<String CS="1" CONTENT="D.)" HEIGHT="47" WIDTH="34" VPOS="3799" HPOS="1020"/>
<SP HEIGHT="47" WIDTH="40" VPOS="3799" HPOS="1055"/>
<String CONTENT="Johns" HEIGHT="40" WIDTH="153" VPOS="3799" HPOS="1096"/>
<SP HEIGHT="39" WIDTH="33" VPOS="3800" HPOS="1250"/>
<String CONTENT="Hopkins" HEIGHT="47" WIDTH="222" VPOS="3800" HPOS="1284"/>
<SP HEIGHT="29" WIDTH="33" VPOS="3811" HPOS="1507"/>
<String CONTENT="university." HEIGHT="48" WIDTH="284" VPOS="3801" HPOS="1541"/>
</TextLine>
<TextLine HEIGHT="50" WIDTH="691" VPOS="3853" HPOS="134">
<String CONTENT="Bibliography:" HEIGHT="49" WIDTH="375" VPOS="3853" HPOS="134"/>
<SP HEIGHT="38" WIDTH="28" VPOS="3865" HPOS="510"/>
<String CONTENT="p." HEIGHT="38" WIDTH="42" VPOS="3865" HPOS="539"/>
<SP HEIGHT="40" WIDTH="27" VPOS="3855" HPOS="582"/>
<String CONTENT="146-149." HEIGHT="41" WIDTH="215" VPOS="3854" HPOS="610"/>
</TextLine>
<TextLine HEIGHT="58" WIDTH="1984" VPOS="3905" HPOS="69">
<String CONTENT="&#169;" HEIGHT="52" WIDTH="51" VPOS="3905" HPOS="69"/>
<SP HEIGHT="52" WIDTH="28" VPOS="3905" HPOS="121"/>
<String CONTENT="Aug." HEIGHT="48" WIDTH="118" VPOS="3911" HPOS="150"/>
<SP HEIGHT="39" WIDTH="28" VPOS="3910" HPOS="269"/>
<String CONTENT="26," HEIGHT="46" WIDTH="68" VPOS="3910" HPOS="298"/>
<SP HEIGHT="43" WIDTH="30" VPOS="3913" HPOS="367"/>
<String CONTENT="1931;" HEIGHT="48" WIDTH="141" VPOS="3910" HPOS="398"/>
<SP HEIGHT="47" WIDTH="31" VPOS="3911" HPOS="540"/>
<String CONTENT="2c." HEIGHT="40" WIDTH="66" VPOS="3911" HPOS="572"/>
<SP HEIGHT="29" WIDTH="30" VPOS="3922" HPOS="639"/>
<String CONTENT="and" HEIGHT="38" WIDTH="94" VPOS="3913" HPOS="670"/>
<SP HEIGHT="38" WIDTH="31" VPOS="3913" HPOS="765"/>
<String CONTENT="aff." HEIGHT="40" WIDTH="81" VPOS="3912" HPOS="797"/>
<SP HEIGHT="41" WIDTH="34" VPOS="3912" HPOS="879"/>
<String CONTENT="Sept." HEIGHT="49" WIDTH="125" VPOS="3912" HPOS="914"/>
<SP HEIGHT="38" WIDTH="32" VPOS="3914" HPOS="1040"/>
<String CONTENT="15;" HEIGHT="47" WIDTH="81" VPOS="3913" HPOS="1073"/>
<SP HEIGHT="46" WIDTH="32" VPOS="3914" HPOS="1155"/>
<!-- cceid EFD12BBC-6E8D-1014-9CF5-AEB3FCA41D69 --><String CONTENT="A" HEIGHT="38" WIDTH="40" VPOS="3914" HPOS="1188"/>
<SP HEIGHT="38" WIDTH="29" VPOS="3914" HPOS="1229"/>
<String CONTENT="41646;" HEIGHT="47" WIDTH="171" VPOS="3913" HPOS="1259"/>
<SP HEIGHT="45" WIDTH="33" VPOS="3915" HPOS="1431"/>
<String CONTENT="Johns" HEIGHT="40" WIDTH="153" VPOS="3915" HPOS="1465"/>
<SP HEIGHT="39" WIDTH="30" VPOS="3916" HPOS="1619"/>
<String CONTENT="Hopkins" HEIGHT="48" WIDTH="221" VPOS="3915" HPOS="1650"/>
<SP HEIGHT="37" WIDTH="31" VPOS="3926" HPOS="1872"/>
<String CONTENT="press." HEIGHT="37" WIDTH="149" VPOS="3926" HPOS="1904"/>
</TextLine>
<TextLine HEIGHT="51" WIDTH="278" VPOS="3966" HPOS="145">
<String CONTENT="(31-24419)" HEIGHT="51" WIDTH="278" VPOS="3966" HPOS="145"/>
</TextLine>
</TextBlock>
</PrintSpace>
</Page>
</Layout>
</alto>