2505 4370
1076 3982 100 52 923

106 368 334 65 Newcomb,
470 367 306 54 Ambrose.

174 445 205 69 Wings
432 462 133 34 over
618 443 95 53 the
766 441 267 67 Rockies;
1089 459 80 44 or,
1222 439 148 54 Jack
1420 438 287 54 Ralston’s
1758 455 122 34 new
1934 435 167 53 cloud

104 513 1998 78 chaser, by Ambrose Newcomb … New York, Chicago, The
104 598 1025 68 Goldsmith publishing co. [ ᶜ19 30]
174 679 559 51 3 p. l., 13-249 p. 19½ᶜᵐ.
111 744 1992 58 © Apr. 16, 1930; 2c. and aff. June 17, 1931; A 38911; Goldsmith pub.
180 820 80 37 co.,
291 810 90 39 inc.
450 808 278 49 (31-15414)

109 903 209 64 Nolan,
350 903 203 52 James
581 902 277 62 Bennett,
894 901 171 54 1877-

176 978 216 69 George
432 978 383 67 Washington
854 976 112 52 and
1006 976 94 51 the
1138 980 154 47 town
1329 974 63 53 of
1430 973 265 67 Reading
1732 972 60 52 in
106 971 1972 153 Pennsylvania,

329 1056 74 68 by
442 1056 56 53 J.
537 1055 247 52 Bennett
821 1053 200 53 Nolan.
1104 1051 298 70 [Reading,
1442 1052 119 67 Pa.]
1609 1051 141 52 Pub.
1791 1049 178 53 under
2010 1050 97 53 the

106 1136 253 66 auspices
399 1132 63 53 of
501 1132 94 52 the
637 1131 278 55 Chamber
957 1130 63 53 of
1062 1147 304 35 commerce
1408 1128 62 53 of
1510 1127 279 69 Reading,
105 1128 1975 152 Pennsylvania,
323 1213 151 50 1931.

178 1286 1481 53 4 p. l., 7-162 p. front., illus., pl., ports., facsims. 24 ᶜᵐ.
179 1347 289 41 Illustrated
497 1345 363 48 lining-papers.

179 1406 176 39 “Notes
382 1404 97 39 and
504 1400 321 42 authorities”:
885 1412 43 37 p.
958 1399 215 41 151-156.

118 1469 1993 58 © June 10, 1931; 2c. and aff. June 13; A 37899; J. B. Nolan, Reading,
186 1536 82 41 Pa.
335 1532 280 50 (31-15517)

113 1627 267 64 O’Brien,
410 1626 156 54 John
599 1627 76 63 S.,
708 1631 171 49 1898-

181 1705 207 68 Byrd’s
431 1705 158 68 dogs,
628 1702 265 70 sledging
933 1706 58 49 at
1030 1701 96 54 the
1169 1699 184 57 South
1395 1700 146 69 pole,
1582 1698 60 54 in
1682 1698 223 70 picture
1945 1698 167 69 strip,

111 1775 2002 76 by John S. O’Brien … with drawings by Ben Stahl. Chicago,
111 1860 247 52 Thomas
393 1858 57 56 S.
485 1857 290 54 Rockwell
807 1874 297 51 company,
1140 1858 153 52 1931.

183 1939 83 50 [25]
307 1949 43 38 p.
411 1939 127 40 illus.
600 1937 206 41 18½×28½ᶜᵐ.

185 1995 226 41 Lettered
439 2005 61 30 on
529 2004 166 30 cover:
728 1992 171 48 Byrd’s
929 1993 130 47 dogs,
1092 1991 222 49 sledging
1342 1992 51 40 in
1423 1993 81 40 the
1536 1991 268 44 Antarctic.

121 2062 52 52 ©
204 2067 114 47 Apr.
349 2066 69 48 30,
451 2064 112 41 1931;
624 2064 67 41 2c.
724 2065 113 47 May
868 2063 55 40 22;
985 2063 82 41 aff.
1100 2065 112 46 May
1244 2063 55 39 21;
1362 2064 42 39 A
1435 2063 147 41 38368;
1642 2064 210 40 Thomas
1887 2064 45 40 S.
188 2063 1912 100 Rockwell
324 2133 67 30 co.
463 2120 278 50 (31-15559)

121 2216 271 64 Ordway,
423 2215 182 54 Edith
631 2214 245 66 Bertha,
906 2217 171 54 1877-

185 2295 122 51 The
341 2293 269 69 etiquette
644 2293 64 53 of
740 2293 216 68 to-day.
1031 2294 136 52 Rev.
1204 2294 114 52 and
1354 2294 106 51 enl.
1536 2293 72 53 3d
1644 2294 86 53 ed.
1804 2295 91 68 By
1932 2293 183 54 Edith

118 2370 1992 70 B. Ordway … New York, G. Sully and company, inc. [ ᶜ19 31]
187 2452 396 49 xiv, 248 p. 21 ᶜᵐ.
125 2519 51 53 ©
210 2524 124 40 June
366 2522 69 49 12,
469 2522 139 48 1931;
642 2524 67 40 2c.
743 2524 125 39 June
901 2523 81 46 15;
1018 2523 82 41 aff.
1134 2524 127 40 June
1294 2524 81 46 17;
1411 2524 42 38 A
1485 2524 170 47 38873;
1694 2524 183 48 George
1913 2524 135 48 Sully
2083 2526 37 39 &

192 2591 80 38 co.,
301 2580 90 41 inc.
464 2580 278 50 (31-15536)

119 2672 366 66 Paracelsus,
521 2679 326 52 1493-1541.

195 2750 310 57 Sämtliche
546 2753 198 52 werke.
824 2758 44 48 1.
912 2753 111 53 abt.
1063 2753 428 71 Medizinische,
122 2754 1979 131 naturwissenschaftliche

307 2832 118 53 und
466 2831 460 69 philosophische
996 2831 280 68 schriften;
1320 2832 153 70 hrsg.
1516 2852 113 34 von
1668 2831 149 55 Karl
1859 2830 262 58 Sudhoff.

126 2912 78 49 12.
235 2910 91 53 bd.
400 2908 289 54 München
718 2911 119 52 und
867 2908 217 71 Berlin,
1114 2909 69 53 R.
1216 2909 390 72 Oldenbourg,
1638 2913 150 51 1929.

196 2988 899 49 xix, 628 p., 1 l. front., illus. 23 ᶜᵐ.
195 3047 64 40 At
284 3047 123 39 head
434 3046 51 40 of
510 3046 106 40 title:
679 3046 304 48 Theophrast
1008 3057 92 29 von
1128 3047 317 49 Hohenheim,
1473 3058 103 38 gen.
1605 3048 303 41 Paracelsus.

130 3113 1888 54 © June 10, 1929; 1c. July 2, 1930; A —Foreign 8511; R. Oldenbourg.
124 3226 240 66 Parker,
393 3230 139 53 Mrs.
561 3229 174 62 Mary
762 3229 297 55 Moncure.

197 3302 240 71 Snappy
463 3304 380 69 monologues,
869 3305 76 68 by
970 3306 169 67 Mary
1164 3306 274 53 Moncure
1465 3305 234 54 Parker.
1775 3308 138 53 New
1941 3308 181 56 York,

125 3380 111 53 Los
269 3381 265 67 Angeles,
568 3382 55 55 S.
660 3382 251 68 French;
947 3383 258 68 London,
1241 3383 57 55 S.
1333 3384 243 67 French,
1610 3385 121 66 ltd.,
1767 3389 150 50 1931.

197 3460 592 50 viii p., 1 l., 134 p. 19½ᶜᵐ.
134 3513 52 52 ©
221 3520 113 46 May
368 3518 69 47 22,
472 3518 139 46 1931;
647 3519 67 40 2c.
750 3521 112 46 May
897 3521 81 45 27;
1017 3520 81 41 aff.
1136 3522 112 46 May
1285 3521 81 42 26:
1406 3522 39 39 A
1479 3522 171 47 37543;
1691 3522 192 41 Samuel
1922 3524 201 40 French.

212 3574 278 48 (31-15440)

130 3665 235 67 Pattou,
397 3668 183 53 Edith
611 3669 221 65 Elting,
866 3673 169 54 1870-

197 3744 221 53 French
448 3746 31 51 à
506 3745 55 52 la
588 3746 190 66 mode;
807 3747 94 54 the
931 3748 158 67 right
1116 3748 194 68 things
1338 3753 58 49 to
1425 3768 98 49 say
1555 3750 110 52 and
1697 3750 71 52 do
1798 3750 60 52 in
1888 3751 234 67 France,

127 3817 1997 78 by E. E. Pattou … Boston and New York, Houghton Mifflin
129 3915 293 53 company,
455 3902 148 51 1931.
