2428 4370
1301 4001 99 50 1610

312 353 176 66 Bliss,
522 352 174 66 Eliot,
733 359 170 49 1903-

385 429 1800 71 Saraband, by Eliot Bliss … London, P. Davies, 1931.
383 513 336 49 316 p. 19 ᶜᵐ .
314 583 51 52 ©
391 588 66 39 1c.
483 587 114 48 May
619 586 40 48 2,
684 584 112 43 1931;
851 587 41 38 A
916 586 61 40 ad
1000 584 87 42 int.
1112 584 172 48 15020;
1311 586 143 47 pubd.
1479 586 122 40 Mar.
1626 584 26 40 5;
1706 583 217 41 William
1949 584 209 39 Morrow
2182 583 37 41 &
2241 593 81 36 co.,

382 643 105 47 inc.,
514 644 118 39 New
658 644 143 39 York.
874 642 283 49 (31-30595)

314 739 254 65 Bonner,
599 739 147 53 Paul
776 739 191 64 Hyde.

384 814 132 57 Sale
546 816 298 69 catalogue
874 814 65 55 of
967 816 97 53 the
1094 816 227 69 private
1349 815 222 69 library
1602 813 64 55 of
1695 814 150 53 Paul
1874 814 175 69 Hyde
2078 815 249 65 Bonner,

312 912 60 35 as
399 893 214 55 offered
637 894 77 69 by
739 895 271 67 Duttons,
1036 894 109 53 inc.
1208 894 141 53 New
1376 892 181 69 York,
1585 895 152 50 1931.

382 972 1754 52 1 p. l., 138 p., 1 l. col. front., plates, facsims. (1 music) 24½ ᶜᵐ .
384 1030 1944 51 “Five thousand copies … printed by the Rumford press for Duttons,
313 1090 105 47 inc.,
447 1090 52 41 of
524 1090 120 41 New
669 1089 174 42 York.”

383 1147 356 48 Alphabetical,
771 1146 60 48 by
861 1148 193 39 author.

383 1204 73 41 On
484 1214 168 31 cover:
684 1204 100 41 The
812 1203 125 42 Paul
964 1204 141 48 Hyde
1134 1202 194 42 Bonner
1357 1202 199 48 library.

318 1273 51 52 ©
400 1276 102 41 Oct.
530 1276 41 49 2,
598 1275 114 42 1931;
770 1276 66 41 2c.
866 1277 97 39 and
991 1274 82 43 aff.
1104 1275 101 41 Oct.
1235 1274 59 41 10;
1349 1274 42 40 A
1417 1273 150 42 43180;
1623 1273 244 49 Dutton’s,
1896 1274 92 40 inc.

397 1333 283 48 (31-29797)

317 1429 273 65 Boulton,
618 1429 90 55 W.
738 1430 73 54 H.

387 1507 124 55 The
538 1513 250 63 pageant
818 1506 65 54 of
910 1512 296 64 transport
1236 1507 254 70 through
1520 1507 96 52 the
1645 1525 148 51 ages,
1823 1507 75 68 by
1925 1508 90 53 W.
2047 1507 77 52 H.
318 1505 1987 134 Boulton

506 1583 1824 71 … with an introduction by Sir Josiah Stamp … London,
320 1664 57 56 S.
405 1666 156 68 Low,
587 1665 263 53 Marston
876 1668 45 50 &
946 1683 98 51 co.,
1073 1664 104 54 ltd.
1210 1667 173 67 [1931]

388 1745 1108 51 xvii, 238 p. illus., plates, facsim. 23 ᶜᵐ .
321 1816 2008 52 © 1c. Sept. 23, 1931; A ad int. 15532; pubd. July 24; Sampson Low,
391 1877 220 39 Marston
641 1880 36 40 &
705 1885 83 38 co.,
818 1876 85 41 ltd.
974 1875 283 48 (31-30586)

321 1971 221 64 Brann,
575 1971 242 56 Esther.

388 2045 283 71 Nicolina,
698 2046 94 53 the
821 2051 158 67 story
1006 2046 66 56 of
1100 2066 31 33 a
1157 2046 149 54 little
1336 2047 115 69 girl
1480 2047 61 53 in
1570 2047 174 71 Italy,
1773 2047 74 71 by
1876 2047 211 54 Esther
2115 2046 217 66 Brann,

317 2124 251 67 pictures
597 2123 75 71 by
705 2125 94 53 the
833 2124 221 55 author.
1124 2124 139 55 New
1299 2124 178 69 York,
1511 2124 122 55 The
1667 2124 334 54 Macmillan
2037 2142 296 52 company,

317 2206 150 50 1931.

390 2284 1454 51 5 p. l., 3-134 p. incl. illus., plates. col. front. 22½ ᶜᵐ .
390 2341 289 43 Illustrated
709 2345 96 45 t.-p.
837 2344 95 40 and
964 2341 360 49 lining-papers.

324 2410 51 52 ©
407 2414 102 41 Oct.
538 2414 68 47 13,
636 2413 113 41 1931;
807 2413 67 41 2c.
905 2413 103 41 Oct.
1037 2414 56 39 14;
1151 2413 81 41 aff.
1265 2413 104 43 Oct.
1397 2414 55 40 15;
1511 2412 42 40 A
1579 2413 150 41 43240;
1785 2415 284 40 Macmillan
2099 2425 67 31 co.

406 2471 283 48 (31-29831)

322 2566 275 65 Buehler,
630 2567 154 53 Ezra
815 2566 325 66 Christian,
1174 2587 181 51 comp.

456 2646 1883 71 … Compulsory unemployment insurance, compiled by E. C.
327 2725 1883 72 Buehler … New York, The H. W. Wilson company, 1931.
394 2805 1457 53 295 p. 20 ᶜᵐ . (The reference shelf, vol. VII, no. 6)
394 2864 351 48 Bibliography
764 2875 8 28 :
807 2876 44 37 p.
888 2864 191 50 [29]-48.

327 2931 51 52 ©
411 2935 101 40 Oct.
543 2936 39 46 8,
613 2934 114 42 1931;
787 2936 66 41 2c.
885 2935 102 42 Oct.
1017 2936 60 40 10;
1132 2936 83 42 aff.
1247 2937 103 41 Oct.
1380 2936 26 41 9;
1466 2937 41 40 A
1534 2937 146 41 42986;
1741 2938 62 42 H.
1832 2939 72 40 W.
1936 2939 186 40 Wilson
2155 2950 66 29 co.

406 2992 281 48 (31-29803)

328 3084 319 67 Campbell,
679 3090 139 52 Mrs.
851 3087 164 56 Alice
1048 3088 280 66 Ormond,
1364 3091 171 55 1887-

400 3165 121 55 The
544 3166 146 53 click
711 3168 65 52 of
798 3168 96 53 the
918 3171 148 66 gate,
1090 3168 76 69 by
1189 3168 165 55 Alice
1379 3169 317 69 Campbell.
1755 3170 140 53 New
1920 3171 180 54 York.
2129 3172 212 53 Farrar

327 3244 1031 71 & Rinehart, incorporated [ ᶜ1 931 ]
392 3324 624 50 4 p. l., 3-366 p. 19½ ᶜᵐ .
329 3391 51 52 ©
411 3396 101 40 Oct.
542 3396 69 47 15,
642 3395 112 41 1931;
812 3397 67 41 2c.
909 3399 95 38 and
1033 3397 81 40 aff.
1146 3398 101 41 Oct.
1278 3399 56 39 16;
1391 3399 40 39 A
1459 3399 145 41 43347;
1662 3400 53 39 A.
1748 3400 50 40 O.
1831 3400 262 49 Campbell.
2124 3401 212 40 London.

408 3452 283 49 (31-29964)

331 3546 317 66 Campbell,
681 3548 175 53 Anna
884 3549 437 67 Montgomery,
1355 3557 172 50 1888-

398 3624 122 53 The
544 3624 168 55 black
737 3627 171 53 death
939 3628 113 53 and
1078 3647 128 34 men
1236 3626 65 55 of
1325 3630 282 70 learning,
1633 3630 76 70 by
1736 3632 172 53 Anna
1934 3633 403 69 Montgomery

329 3699 1910 81 Campbell … New York, Columbia university press, 1931.
332 3781 1989 97 xii, 210 p., 1 l. 21 ᶜᵐ . (Half-title: History of science society publications.
536 3850 121 38 [new
682 3851 107 41 ser.]
843 3841 15 48 I)

403 3893 261 46 Published
695 3898 106 42 also
827 3910 55 31 as
913 3900 154 41 thesis
1106 3901 14 49 (PH.
1298 3901 14 46 D.)
1351 3902 254 42 Columbia
1636 3904 287 49 university.
