2428 4370
1209 4005 136 50 1864

263 448 2022 70 Albert Handy … Albany, N. Y., and New York, N. Y.,
265 528 279 53 Matthew
574 528 225 53 Bender
826 530 44 49 &
898 544 300 52 company,
1224 527 422 69 incorporated,
1675 530 152 51 1931.

337 610 470 49 xix, 686 p. 25 ᶜᵐ .
271 664 2014 52 © Dec. 7. 1931; 2c. Dec. 9; aff. Dec. 8; A 45370; Matthew Bender &
339 736 68 29 co.,
452 726 89 38 inc.

266 805 371 64 Heimsoeth,
668 804 205 65 Heinz,
907 810 171 49 1886-

401 883 1641 69 … Metaphysik der neuzeit, von Heinz Heimsoeth.
268 883 1991 133 München
439 963 118 52 und
591 962 219 66 Berlin,
843 961 67 53 B.
944 959 395 72 Oldenbourg,
1374 964 151 51 1929.

336 1043 664 49 cover-title. 239 p. 25 ᶜᵐ .
337 1104 63 39 At
431 1103 124 40 head
585 1102 51 40 of
667 1101 136 41 title:
835 1100 280 41 Handbuch
1144 1102 86 39 der
1258 1100 319 50 philosophie.

342 1159 433 48 “Sonderausgabe
804 1169 90 29 ans
924 1159 108 39 dem
1066 1158 273 40 Handbuch
1371 1159 85 40 der
1487 1158 348 49 philosophie.”

339 1216 354 48 Bibliography
723 1219 52 37 at
803 1217 92 39 end
925 1215 52 41 of
1005 1219 129 37 most
1160 1216 54 39 of
1243 1215 83 41 the
1355 1215 225 41 sections.

273 1256 2014 65 © July 5, 1929; 1c. Apr. 16. 1931; A—Foreign 12683; R. Oldenbourg.
356 1331 282 48 (31-33775)

267 1395 307 55 Henniker
599 1399 255 62 Heaton,
883 1398 172 64 Rose,
1087 1402 172 50 1884-

341 1474 123 55 The
511 1475 223 70 perfect
781 1476 233 67 hostess,
1060 1475 75 69 by
1181 1476 150 53 Bose
1377 1474 303 53 Henniker
1727 1475 251 66 Heaton,
2025 1474 142 52 with
2216 1492 69 34 an

271 1555 394 53 introduction
691 1554 76 69 by
793 1554 201 53 Frank
1021 1552 462 57 Crowninshield;
1545 1553 302 53 decorated
1874 1553 77 70 by
1977 1551 210 54 Alfred
2221 1552 66 52 E.

272 1633 232 70 Taylor.
581 1633 140 52 New
749 1632 180 65 York,
956 1633 68 52 E.
1052 1634 66 52 P.
1146 1633 226 52 Dutton
1397 1634 47 51 &
1469 1651 100 48 co.,
1597 1632 105 53 inc.
1765 1634 167 65 [ᶜ1931]

340 1715 980 52 xi p., 5 l., 159, [1] p. illus. 19½ ᶜᵐ .
342 1775 163 40 “First
543 1774 228 40 edition.”

275 1828 2010 62 © Oct. 2, 1931; 2c. Oct. 5; aff. Nov. 6; A 44755; E. P. Dutton & co..
343 1889 89 41 inc.
507 1890 281 47 (31-28517)

268 1955 208 63 Hofer,
503 1956 155 52 Mari
685 1956 176 56 Ruef.

401 2031 1886 71 … Festival and civic plays from Greek and Roman tales,
270 2110 2016 69 by Mari Ruef Hofer … Rev. ed. … Chicago, Beckley-Cardy
268 2194 496 64 company [ ᶜ193 1]
337 2270 1940 50 237 p. incl. front. (port.) illus. 19ᶜᵐ. (Educational play-book series)
341 2328 351 48 Bibliography:
749 2339 42 38 p.
822 2328 99 42 237.

277 2382 1896 52 © Apr 14. 1931; 2c. and aff. Nov. 7; A 44672; Beckley-Cardy co.
355 2444 282 49 (31-32740)

269 2508 247 66 Holden,
549 2511 282 65 Stephen,
869 2517 326 49 1832-1909.

338 2588 122 52 The
492 2590 118 52 cult
642 2589 65 53 of
737 2590 95 53 the
863 2589 127 54 clan;
1054 2589 121 54 The
1210 2588 198 57 future
1439 2589 123 60 life,
1594 2590 134 54 Life
1762 2590 97 54 for
1890 2609 173 51 many
2095 2609 65 34 or
2192 2590 94 53 for

269 2666 130 68 few,
421 2665 401 56 Nationalized
849 2666 195 56 thrift.
1068 2670 142 52 War
1237 2669 112 52 and
1371 2669 96 51 the
1490 2669 237 54 schools,
1752 2669 111 53 and
1889 2669 164 52 other
2079 2686 206 52 papers

268 2745 76 68 by
367 2744 254 68 Stephen
646 2748 50 50 &
720 2747 294 53 Jonathan
1041 2746 235 54 Holden
1300 2749 110 52 and
1437 2747 164 51 other
1619 2746 262 54 Holdens
1905 2746 66 54 of
1993 2747 97 53 the
267 2748 1992 129 Hartwick

431 2822 144 57 dan,
595 2825 280 57 arranged
897 2822 75 69 by
990 2825 295 54 Jonathan
1305 2825 249 55 Holden.
1627 2825 427 69 Cooperstown,
2073 2824 212 69 Otsego

270 2920 174 50 press,
480 2906 151 50 1930.

344 2984 1517 49 1 p. l., v. 296, vii p. front., plates, ports., facsim. 24 ᶜᵐ .
344 3041 147 40 “This
515 3041 184 41 edition
725 3042 208 40 consists
957 3042 52 40 of
1033 3042 86 40 100
1143 3042 261 40 numbered
1431 3042 160 48 copies
1617 3043 52 39 of
1694 3042 157 40 which
1878 3043 98 40 this
2003 3042 41 40 is
2069 3055 74 28 no.
2168 3043 68 40 7.”

277 3095 2009 53 © Nov. 2. 1931; 2c. Nov. 3; aff. Nov. 14; A 45021; Jonathan Holden.
349 3158 364 41 Pleasantville.
792 3191 7 7 N.
874 3191 7 7 Y.
954 3157 282 48 (31-32798)

270 3224 271 62 Holland,
570 3224 237 55 Katrin.

339 3300 137 53 Man
519 3301 221 67 spricht
780 3301 137 53 über
957 3302 354 68 Jacqueline,
1352 3320 199 35 roman
1595 3321 110 34 von
1747 3302 217 53 Katrin
2006 3302 277 53 Holland.

270 3379 715 67 Berlin, Ullstein [ ᶜ193 0]
337 3459 1938 54 248, [1] p., 1 l. 16½ᶜᵐ. (Half-title: Die gelben Ullstein-bücher. [ 113])
277 3514 51 52 ©
367 3520 119 40 Nov.
525 3522 67 38 13.
631 3519 115 40 1930;
813 3522 64 37 1c.
918 3521 111 39 Dec.
1070 3522 55 38 18;
1194 3521 310 44 A—Foreign
1544 3520 148 42 10779;
1759 3521 210 41 Ullstein
2008 3532 106 31 a.-g.

355 3577 282 44 (31-32940)

271 3642 177 61 Hurt,
475 3644 206 53 Huber
707 3644 273 59 William,
1013 3651 169 50 1880-

345 3720 193 59 Goals,
573 3722 94 52 the
706 3722 103 53 life
844 3722 64 51 of
944 3723 196 53 Knute
1177 3724 249 55 Rockne,
1461 3724 36 52 by
1573 3723 203 54 Huber
1810 3723 260 54 William
2110 3724 175 51 Hurt.

361 3840 9 8 PH.
448 3843 9 8 D.
497 3800 138 52 with
676 3819 70 34 an
788 3801 385 53 introduction
1217 3801 73 69 by
1329 3802 212 53 Lowell
1583 3803 267 52 Thomas.
1926 3802 139 53 New
2106 3801 177 52 York.

271 3873 244 71 Murray
545 3877 146 53 book
722 3880 364 67 corporation
1168 3883 150 65 [ᶜ1931]
