2505 4370
1056 4020 105 54 415

135 478 182 40 “Index
344 477 51 41 of
420 473 316 51 phonograph
761 469 221 43 records”:
1040 481 43 37 p.
1113 469 190 50 [47]-55.

136 532 375 51 Bibliography:
543 541 44 38 p.
620 529 207 51 [57]-[61]

73 602 51 52 ©
154 607 120 38 Mar.
303 606 39 46 1,
370 601 113 43 1931;
541 601 68 42 2c.
637 602 122 38 Mar.
787 598 26 41 9;
871 598 83 42 aff.
983 598 121 40 Mar.
1134 597 55 39 11;
1248 596 42 39 A
1316 595 145 41 34746;
1521 592 281 49 University
1833 590 52 41 of
1914 589 156 41 North

142 662 229 41 Carolina
405 670 149 38 press.
625 657 251 49 (31-7778)

69 771 191 63 Swan,
290 770 138 54 Mrs.
459 765 186 56 Viola.

135 842 268 68 Beauty’s
433 840 257 69 question
722 839 113 53 and
867 855 217 36 answer
1116 836 351 68 dictionary;
1501 854 31 33 a
1564 832 235 55 modern
1832 831 145 54 book
2007 832 64 52 of

68 919 408 54 authoritative
518 918 209 67 beauty
774 915 219 55 culture
1039 913 375 70 suggestions,
1464 911 212 70 advice,
1723 915 349 60 treatments,

68 997 293 66 formulas,
403 996 162 68 diets,
602 993 270 54 exercises
910 992 113 54 and
1061 1008 245 37 answers
1344 996 58 47 to
1440 989 97 54 the
1574 989 294 53 vexatious
68 987 1978 141 problems

239 1074 63 53 of
335 1072 146 70 hair,
516 1072 128 53 skin
679 1071 112 53 and
828 1069 179 70 figure
1042 1070 226 68 beauty,
1302 1066 370 70 confronting
1707 1066 97 54 the
1838 1064 235 54 modern

70 1169 236 35 woman.
393 1151 91 70 By
534 1149 171 56 Viola
756 1148 111 54 and
919 1146 328 56 Alexander
1298 1146 189 68 Swan,
1537 1144 88 54 2d.
1710 1142 365 71 Hollywood,

71 1228 191 69 Calif.,
291 1227 221 69 Beauty
540 1231 117 49 arts
685 1225 262 55 institute
978 1259 12 34 [
1019 1227 132 50 ᶜ1931
1158 1258 14 35 ]

142 1308 827 51 2 p. l., 9-240 p. illus. 20½ᶜᵐ.
147 1366 367 43 “Illustrations
543 1368 61 46 by
632 1366 226 40 Winfield
891 1364 135 42 Scott
1052 1363 261 41 Hoskins.”

83 1436 51 52 ©
167 1440 111 40 Feb.
308 1438 69 49 10,
409 1437 114 41 1931;
584 1437 67 40 2c.
684 1437 111 40 Feb.
826 1437 57 38 24;
944 1435 83 42 aff.
1059 1436 121 40 Mar.
1214 1436 55 39 13;
1332 1434 40 40 A
1404 1433 145 42 34805;
1611 1434 277 40 Alexander
1924 1433 158 46 Swan,

150 1498 129 46 Holy
283 1497 151 48 wood,
466 1495 145 40 Calif.
682 1493 250 48 (31-7764)

77 1588 228 65 Talbot,
336 1588 250 66 Marion,
624 1592 170 51 1858-

144 1665 123 52 The
286 1662 222 71 history
531 1663 63 53 of
615 1662 97 54 the
732 1660 305 56 American
1060 1660 338 56 association
1423 1660 63 54 of
1510 1660 316 71 university
1849 1677 233 52 women,

78 1737 2004 74 1881-1931, by Marion Talbot … and Lois Kimball Mathews
75 1814 1983 151 Rosenberry … Boston and New York, Houghton Mifflin company, 1931.
150 1978 101 49 viii,
278 1979 89 40 479
393 1988 44 38 p.
497 1978 150 40 front.
707 1978 118 42 21ᶜᵐ.

91 2045 52 53 ©
178 2051 122 40 Mar.
334 2048 69 51 18,
439 2047 113 42 1931;
616 2048 68 42 2c.
719 2049 123 40 Mar.
876 2047 82 47 20;
996 2047 82 41 aff.
1114 2049 123 40 Mar.
1273 2046 82 49 19;
1393 2048 41 39 A
1468 2046 172 50 35329;
1678 2048 158 41 Amer.
1874 2059 114 30 assn.
2040 2048 51 40 of

158 2107 128 40 univ.
321 2115 198 40 women,
554 2105 335 51 Washington.
960 2103 250 50 (31-7780)

85 2200 258 53 Thomas
369 2199 289 66 Aquinas,
686 2201 189 69 Saint,
904 2200 364 55 1225?-1274.

219 2276 1876 75 … Somme théologique. La pensée humaine. 1 ᵃ, questions
91 2354 2004 76 84-89. Traduction française par J. Wébert, O . P . … Paris,
89 2430 1671 76 Tournai [ etc.] Société saint Jean l’Évangéliste [1931]
161 2515 371 49 305 p. 16 ½ᶜᵐ .
162 2567 1386 63 At head of title: Éditions de la Ŕ evue des jeunes.
168 2636 139 41 Saint
339 2635 213 41 Thomas
587 2635 222 47 d’Aquin.

152 2703 1946 55 © Feb. 1, 1931; 1c. Mar. 6; A— Foreign 11287; Revue des jeunes, Paris.
93 2814 356 67 Thompson,
480 2814 210 67 David,
724 2821 171 51 1881-
1107 2835 181 52 comp.

163 2892 185 69 Songs
383 2892 129 54 that
547 2892 221 54 mother
802 2892 137 55 used
974 2897 58 48 to
1070 2891 156 70 sing;
1268 2912 73 34 an
1379 2893 309 72 anthology
1725 2894 64 53 of
1824 2893 96 53 the
92 2894 1982 129 best-loved

297 2986 183 54 songs,
517 2969 258 70 together
812 2968 141 55 with
991 2968 153 55 brief
1181 2978 278 47 comment
1499 2970 171 56 about
1709 2971 97 53 the
1843 2969 256 70 inspired

94 3053 158 63 poets
284 3048 128 52 who
448 3051 175 49 wrote
653 3047 97 52 the
783 3046 187 56 words
1003 3047 132 68 and,
1168 3047 289 55 wherever
1491 3047 258 70 possible,
1783 3047 321 70 something

96 3125 64 52 of
183 3125 127 53 how
338 3124 97 54 the
460 3142 166 50 songs
655 3142 154 35 came
835 3132 59 47 to
921 3123 69 57 be
1013 3124 245 55 written.
1323 3125 90 72 By
1443 3124 160 55 Dave
1631 3126 327 68 Thompson
1987 3125 115 55 and

96 3202 285 53 Kathleen
409 3202 345 68 Thompson.
819 3200 267 72 Chicago,
1112 3203 71 52 A.
1214 3201 62 56 C.
1305 3201 283 71 McClurg
1611 3204 46 51 &
1684 3221 97 50 co.,
1810 3206 150 50 1931.

171 3282 818 53 8 p. l., 135, [2] p. 19½ × 11½ᶜᵐ.
171 3353 223 43 Without
425 3355 168 41 music.

110 3422 51 52 ©
192 3426 111 41 Feb.
331 3426 40 48 3,
400 3423 114 42 1931;
573 3426 67 40 2c.
670 3426 111 41 Feb.
810 3427 56 38 12;
924 3425 83 43 aff.
1036 3427 120 40 Mar.
1187 3426 27 40 2;
1274 3427 40 39 A
1343 3427 147 41 34816;
1548 3427 54 42 A.
1634 3428 49 41 C.
1714 3427 229 47 McClurg
1971 3427 37 40 &
2037 3438 69 32 co.

187 3481 251 50 (31-7551)

103 3573 356 68 Thorndike,
491 3576 253 54 Edward
774 3577 135 64 Lee,
942 3578 173 56 1874-

172 3651 55 52 A
259 3651 268 55 teacher’s
557 3655 158 52 word
747 3652 145 53 book
924 3653 64 53 of
1018 3653 97 55 the
1145 3659 214 64 twenty
1391 3652 282 57 thousand
1706 3653 185 55 words
1925 3653 182 53 found

103 3736 147 47 most
292 3727 323 74 frequently
659 3729 113 53 and
812 3729 209 72 widely
1061 3729 61 53 in
1162 3730 230 69 general
1435 3730 241 70 reading
1717 3730 93 53 for
1850 3729 257 54 children

106 3802 2003 76 and young people, by Edward L. Thorndike … New York
107 3882 132 66 city,
270 3883 279 56 Teachers
581 3883 225 64 college,
838 3882 298 57 Columbia
1168 3881 335 65 university,
1537 3887 151 51 1931.

180 3964 82 50 vii,
289 3965 87 43 182
402 3976 42 39 p.
504 3965 148 43 23½ᶜᵐ.
