2575 4398
1141 4024 67 58 73

160 387 452 63 Humrichouse,
643 386 192 53 Mabel
866 384 317 63 Annerley.

225 466 120 51 The
385 465 171 52 house
595 462 48 54 o’
682 482 96 49 my
819 463 222 52 dreams
1082 462 113 51 and
1236 460 163 53 other
1438 477 191 51 poems
1672 458 64 55 of
1775 459 159 69 early

158 458 1972 137 childhood
328 542 110 51 and
465 542 144 51 later
633 558 181 50 years,
836 539 75 68 by
937 538 190 53 Mabel
1152 538 293 69 Annerley

1469 536 438 54 Humrichouse.
157 536 1973 149 Baltimore]
358 618 275 67 Waverly
662 635 176 50 press,
866 616 126 67 inc.]
1031 618 150 50 1930.

253 698 274 49 64 p. 24 ᶜᵐ .
164 766 51 52 ©
253 771 108 39 Jan.
398 768 68 49 19,
503 769 111 40 1931;
682 769 67 40 2c.
786 769 96 39 and
918 768 82 42 aff.
1037 768 110 41 Jan.
1184 767 55 40 23;
1306 767 41 39 A
1381 766 146 42 33297;
1593 768 49 39 M.,
1694 767 54 41 A.
1786 767 371 48 Humrichouse,

231 827 280 42 Baltimore.
583 826 250 50 (31-2785)

160 923 238 53 Illinois.
472 924 309 67 Appellate
814 929 203 47 courts.

230 1000 1630 71 Reports of cases determined … with a directory of
1888 1001 96 52 the
162 999 1977 150 judiciary
353 1080 64 54 of
451 1081 96 51 the
582 1085 143 48 state
762 1081 285 51 corrected
1082 1085 57 46 to
1176 1079 152 52 June
1365 1084 46 63 1,
1449 1080 151 66 1930,
1637 1080 112 51 and
1787 1079 276 52 abstracts
2101 1079 63 52 of

163 1178 152 34 cases
351 1158 333 68 designated
721 1159 75 67 by
836 1158 94 51 the
968 1161 188 48 courts
1196 1176 59 33 as
1292 1163 99 46 not
1431 1162 56 47 to
1525 1157 67 52 be
1630 1157 265 67 reported
1933 1157 60 52 in
2034 1156 128 52 full,

160 1234 1791 71 v. 257, A. D. 1931 … Reported by Basil Jones. Chicago,
161 1234 1979 149 Callaghan
344 1317 45 49 &
418 1332 296 50 company,
748 1316 150 49 1931.

232 1395 170 49 xxviii,
436 1393 85 43 682
555 1405 43 38 p.
657 1393 147 43 22½ᶜᵐ.

167 1462 1727 52 © Jan. 5, 1931; 2c. and aff. Jan. 8; A 32644; Callaghan & co.
159 1561 431 53 International
615 1577 280 48 congress
917 1561 63 52 of
1003 1560 381 64 psychology.
1463 1561 124 62 9th,
1608 1562 139 52 New
1768 1562 227 69 Haven,
2018 1566 150 49 1929.

233 1642 184 52 Ninth
441 1642 408 52 international
873 1659 260 50 congress
1158 1640 64 52 of
1245 1640 369 69 psychology,
1635 1642 134 52 held
1793 1645 59 48 at
1875 1641 147 52 Yale

166 1640 1977 149 university,
431 1719 138 52 New
606 1720 225 68 Haven,
868 1719 388 68 Connecticut,
1295 1718 330 69 September
1664 1724 86 48 1st
1784 1725 57 47 to
1879 1719 117 57 7th,
2035 1722 132 49 1929

165 1799 179 52 under
374 1798 99 52 the
501 1797 294 68 presidency
868 1798 63 51 of
964 1797 193 53 James
1189 1796 259 54 McKeen
1484 1797 227 54 Cattell.
1787 1796 381 68 Proceedings

165 1874 1979 150 and papers. Princeton, N. J., The Psychological review company [ᶜ193 0]
236 2034 791 50 xli, 534 p., 1 l. plate. 26 ᶜᵐ .
171 2103 1999 52 © Mar. 29, 1930; 2c. Dec. 12; aff. Dec. 17; A 32572; Psychological review
238 2174 68 31 co.

171 2257 248 65 Jarrett,
448 2258 127 63 Roy
605 2258 277 63 Herbert,
914 2258 171 54 1874-

237 2337 122 52 The
404 2335 270 69 meaning
721 2334 64 54 of
832 2335 95 53 the
977 2335 193 68 mark;
1221 2336 97 52 the
1366 2336 234 53 miracle
1647 2336 166 53 mark
1860 2335 65 55 of
1975 2336 196 67 Omar,

169 2415 246 67 adopted
445 2433 58 34 as
532 2413 87 53 his
649 2413 175 69 guide
849 2419 59 48 to
935 2413 214 68 health,
1177 2414 209 52 wealth
1414 2414 114 53 and
1554 2414 339 68 happiness;
1925 2415 61 52 in
2014 2415 155 53 three

172 2490 1998 64 versions, by R. H. J. … Chicago, Larger life library, 1931.
235 2574 741 51 xii, 153, [1] p. illus. 20 ᶜᵐ .
175 2643 1914 51 © Jan. 1, 1931; 2c. Jan. 2; aff. Jan. 9; A 33056; Larger life library.
254 2702 249 50 (31-2775)

173 2799 281 63 Johnsen,
486 2798 156 54 Julia
679 2798 214 67 Emily,
929 2818 178 50 comp.

300 2874 1868 71 … Free trade, compiled by Julia E. Johnsen. New York,
168 2953 121 52 The
316 2952 77 53 H.
423 2952 88 54 W.
540 2951 219 55 Wilson
791 2969 296 51 company,
1118 2955 150 52 1930.

241 3034 1346 52 198 p. 20 ᶜᵐ . (The reference shelf, vol. VI, no. 9)
241 3106 344 48 Bibliography:
648 3117 41 39 p.
735 3106 177 51 [25]-45.

179 3176 1995 52 © Dec. 31, 1930; 2c. Jan. 22, 1931; aff. Jan. 9; A 33310; H. W. Wilson
247 3247 81 38 co.,
359 3236 91 40 inc.
520 3236 250 50 (31-2372)

177 3331 282 65 Johnson,
490 3333 211 54 Gerald
730 3332 218 66 White,
979 3339 170 49 1890-

243 3408 1930 71 By reason of strength, by Gerald W. Johnson … New York,
174 3484 1059 72 Minton, Balch & company [ᶜ193 0]
245 3564 615 50 5 p. l. , 3-221 p. 19½ᶜᵐ.
181 3635 1993 55 © Oct. 17, 1930; 2c. and aff. Nov. 1; aff. Jan. 10, 1931; A 32726; G. W.
248 3697 230 49 Johnson,
509 3697 282 41 Baltimore.
862 3696 279 50 (31-26227)

181 3791 306 65 Karlweis,
517 3795 216 61 Marta,
767 3799 171 49 1889-

245 3869 120 52 The
412 3868 277 54 Viennese
737 3870 173 71 lover,
957 3870 74 72 by
1079 3871 190 54 Marta
1321 3871 297 54 Karlweis.
1710 3872 135 52 New
1898 3870 178 69 York,
2125 3872 47 53 I.

178 3944 338 73 Washburn,
548 3950 150 50 1930.
