2505 4370
0 0 0 0 1011
48 447 52 53 ©
124 453 125 39 June
272 451 68 47 27,
365 450 141 47 1931;
532 450 68 41 2c.
625 451 94 39 and
744 449 81 40 aff.
850 450 125 39 June
999 448 83 47 30;
1109 449 41 38 A
1173 447 172 47 39172;
1413 446 231 48 callaghan
1669 446 37 40 &
1728 454 67 31 co.

126 507 279 50 (31-16658)

43 589 243 65 Garner,
316 589 206 54 James
547 587 269 66 Wilford,
850 588 168 56 1871-

106 664 121 54 Our
275 669 384 63 government,
705 664 75 53 its
827 666 217 66 nature,
1092 667 297 63 structure,
1440 660 113 52 and
1603 659 304 65 functions,
1955 658 70 71 by

35 735 1994 72 James Wilford Garner … and Louise Irving Capen … New
37 816 1733 71 York, Cincinnati [etc.] American book company [ ᶜ1 931 ]
106 899 95 44 xiv,
233 900 84 41 657
346 911 42 37 p.
420 899 106 42 incl.
559 900 160 45 front.,
749 899 140 42 illus..
923 909 148 37 maps,
1103 898 178 48 diagrs.
1340 898 145 41 20½ᶜᵐ.

106 954 372 50 Bibliography:
506 967 42 36 p.
575 956 158 46 x-xii;
764 956 185 40 “Select
975 955 299 41 references”
1302 958 51 37 at
1379 955 89 39 end
1495 955 50 38 of
1572 956 112 39 each
1714 956 211 45 chapter.

45 1010 51 52 ©
124 1014 126 40 June
276 1014 70 46 26,
374 1013 139 46 1931;
541 1013 67 41 2c.
636 1014 94 38 and
759 1013 82 41 aff.
869 1013 125 39 June
1021 1012 82 47 29;
1134 1013 39 38 A
1199 1011 173 49 39141;
1401 1010 257 42 American
1687 1011 122 40 book
1838 1022 67 30 co.
1982 1006 54 53 [©

112 1080 104 29 new
238 1073 195 46 matter]
499 1068 278 50 (31-16698)

40 1151 309 65 Goldberg,
382 1152 186 66 Isaac,
604 1152 171 54 1887-

110 1226 322 69 Sexarians,
476 1227 75 69 by
595 1228 166 52 Isaac
806 1226 307 69 Goldberg.
1189 1226 140 53 New
1375 1226 180 68 York,
1600 1226 122 53 The
1767 1226 268 67 Panurge

37 1304 783 71 press, Priv. print. [ ᶜ1 931]
105 1386 88 41 299
218 1397 43 38 p.
429 1418 9 9 22ᶜᵐ.

108 1444 287 39 Illustrated
423 1444 98 47 t.-p.

36 1497 1979 104 “Only 1500 copies … have been printed and press-numbered for private collectors of erotica, this is no. 1362.”
375 1644 8 8 CONTENTS.
401 1635 58 6 —
478 1610 925 49 Resurrection.—Triptych.—Mother
1433 1610 608 49 song.—Double-loves.—

40 1657 1202 62 Twilight.—Honeymoon—Nocturne—Victory.

43 1723 52 53 ©
121 1728 125 40 June
271 1728 68 47 25,
363 1726 142 47 1931;
530 1726 66 40 2c.
623 1727 115 47 July
763 1728 53 44 1;
844 1725 79 42 aff.
952 1726 115 46 July
1090 1725 54 47 2;
1170 1725 41 39 A
1235 1725 172 47 39184;
1437 1726 224 48 Panurge
1686 1736 149 38 press,
1862 1726 91 40 inc.

124 1784 279 49 (31-16670)

39 1864 165 64 Goss,
233 1867 139 52 Mrs.
401 1863 326 55 Madeleine
763 1863 310 67 (Binkley)
1111 1869 172 50 1892-

106 1941 340 66 Beethoven,
478 1945 209 49 master
718 1940 295 70 musician,
1043 1941 75 68 by
1150 1940 321 53 Madeleine
1504 1940 171 68 Goss;
1709 1941 321 52 illustrated

37 2019 138 52 with
223 2019 432 67 reproductions
703 2017 64 53 of
814 2018 295 68 paintings
1157 2018 114 53 and
1316 2018 411 68 photographs.
1803 2018 229 55 Garden

38 2095 150 69 City,
217 2096 69 53 N.
316 2096 90 67 Y.,
435 2096 356 67 Doubleday,
819 2096 199 52 Doran
1046 2099 45 49 &
1118 2113 298 51 company,
1445 2095 126 68 inc.,
1602 2099 150 49 1931.

107 2178 1925 48 6 p. l., 3-290 p., 1 l. col. front., plates, ports., facsim. (music) 20½ᶜᵐ.
107 2234 160 41 “First
493 2234 37 40 édition.”

108 2290 376 41 “References”:
515 2291 24 39 1
570 2291 102 39 leaf
699 2292 53 39 at
778 2291 106 40 end.

45 2344 51 52 ©
121 2349 113 47 May
257 2349 70 45 15,
352 2347 141 47 1931;
520 2347 65 40 2c.
613 2349 96 39 and
735 2347 80 40 aff.
843 2347 126 40 June
992 2348 53 45 4;
1073 2347 41 39 A
1138 2346 172 48 37809;
1339 2348 63 41 M.
1431 2347 134 48 Goss,
1593 2348 270 47 Pasadena,
1890 2347 144 42 Calif.

122 2406 279 48 (31-16671)

39 2471 315 65 Guichard,
387 2471 197 64 Louis,
621 2477 169 49 1893-

167 2547 1664 68 … Navale, par Louis Guichard. Paris, La Nouvelle société
36 2625 501 67 d’édition [ ᶜ1 930]
106 2707 1222 49 125 p., 2 l. 19ᶜᵐ. (Nos grandes écoles [III])
43 2761 1990 51 © Oct. 25, 1930; 1c. Dec. 5; A—Foreign 9706; Nouvelle société d’édition.
121 2822 277 48 (31-16567)

38 2888 184 64 Hunt,
255 2888 228 64 George
513 2887 229 65 Alfred,
775 2893 170 50 1892-
1115 2906 179 51 comp.

105 2965 121 52 The
265 2964 222 68 history
529 2963 64 54 of
632 2965 96 52 the
768 2965 502 66 Twenty-seventh
1311 2964 282 70 infantry,
1637 2966 280 67 compiled
1959 2966 74 68 by

36 3040 1996 149 Captain Geo. A. Hunt … under the direction of Colonel William E. Hunt … regimental commander … Honolulu, The
34 3195 295 54 Honolulu
356 3196 406 68 star-bulletin,
788 3197 121 67 ltd.,
938 3200 150 49 1931.

105 3279 86 40 204
218 3290 43 37 p.
321 3278 164 47 front.,
516 3279 128 40 illus.
673 3279 132 47 (incl.
835 3280 162 47 maps)
1036 3280 171 47 plates,
1239 3283 164 44 ports.,
1433 3283 108 38 coat
1572 3281 52 40 of
1653 3292 145 30 arms.
1858 3282 144 42 23½ᶜᵐ.

107 3335 375 48 Bibliography:
515 3346 42 36 p.
588 3334 99 41 192.

45 3388 51 52 ©
121 3393 111 48 Apr.
258 3392 69 46 30,
354 3392 141 46 1931;
523 3392 65 40 2c.
615 3394 95 39 and
736 3392 80 40 aff.
847 3394 111 46 May
985 3393 80 45 11;
1093 3392 41 39 A
1158 3393 173 47 38760;
1360 3394 423 47 Twenty-seventh
1811 3394 221 48 infantry

115 3460 148 38 press,
290 3449 236 41 Schofield
550 3449 258 46 Barracks,
834 3449 208 40 Hawaii.
1106 3450 281 50 (31-16566)

40 3515 192 65 Janin,
272 3515 178 56 Elsie.

107 3592 118 53 The
254 3592 310 67 password,
593 3610 72 33 an
694 3598 205 62 urgent
931 3593 170 68 guide
1134 3592 94 53 for
1259 3593 253 69 tourists,
1540 3595 75 67 by
1647 3595 155 53 Elsie
1834 3595 197 66 Janin,

39 3667 319 54 illustrated
388 3669 76 69 by
494 3669 258 52 Howard
783 3670 165 52 Baer.
1017 3670 139 53 New
1187 3670 180 67 York,
1400 3672 121 52 The
1554 3670 107 53 Elf
1692 3672 338 67 publishers,

38 3744 123 67 inc.,
197 3749 149 49 1931.

105 3825 55 40 46
192 3836 43 37 p.
295 3825 164 48 front.,
494 3826 126 43 illus.
681 3827 115 40 16ᶜᵐ.

49 3878 49 52 ©
125 3884 113 46 May
261 3884 40 47 1,
326 3882 141 48 1931;
495 3883 66 41 2c.
588 3886 94 38 and
709 3885 82 41 aff.
819 3886 111 46 May
956 3886 53 46 4;
1037 3886 40 38 A
1102 3885 172 48 36899;
1304 3886 83 39 Elf
1412 3886 289 48 publishers,
1728 3887 90 42 inc.

124 3939 277 51 (31-16599)
