2505 4370
1273 4009 102 51 684

331 370 244 65 Namer,
609 358 211 68 Émile.

403 470 245 71 Galileo,
691 472 261 53 searcher
996 470 63 54 of
1101 472 97 53 the
1241 473 263 69 heavens,
1546 474 74 69 by
1664 460 188 68 Émile
1897 473 231 72 Namer,
330 481 2000 121 translated

519 547 1833 74 and adapted from the French by Sibyl Harris … New
331 627 181 70 York,
541 627 68 53 R.
638 626 80 53 M.
747 626 280 56 McBride
1052 629 46 51 &
1125 645 301 53 company,
1457 631 149 50 1931.

402 709 51 39 xi
481 719 58 38 p.,
568 707 26 40 2
658 740 9 16 l.,
696 707 147 42 3-298
870 719 43 38 p.
974 708 165 49 front.,
1170 709 173 48 plates,
1373 711 148 46 ports.
1583 710 147 41 22½ᶜᵐ.

334 774 2017 55 © Mar. 27, 1931; 2c. May 8; aff. May 28; A 37561; Robert M. McBride
401 841 39 41 &
467 848 67 30 co.

410 947 168 67 [Nilsen,
609 948 247 53 Anthon
889 948 312 53 Bernhard
1236 947 184 70 Elias]
1459 953 171 50 1855-

460 1039 1383 71 … Evensen; roman. Oslo, Gyldendal, 1930.
396 1122 341 51 323 p. 20 ᶜᵐ .
402 1194 233 42 Author’s
670 1195 181 48 pseud.,
886 1193 137 42 Elias
1058 1194 283 48 Kræmmer,
1377 1196 52 39 at
1463 1195 124 39 head
1623 1194 51 40 of
1710 1194 121 42 title.

331 1262 2017 54 © Oct. 24, 1930; 1c. Dec. 19; A—Foreign 9917; Gyldendal, Norsk forlag.
409 1324 283 51 (31-10957)

323 1432 180 66 Pagé,
535 1433 208 56 Victor
769 1432 272 67 Wilfred,
1075 1438 172 51 1885-

394 1526 123 54 The
547 1528 158 53 Ford
732 1526 189 54 model
948 1528 56 52 A
1032 1544 96 35 car
1158 1526 114 53 and
1301 1526 188 54 model
1518 1528 115 52 AA
1659 1527 195 68 truck;
1886 1529 461 52 construction—

323 1603 597 71 operation—repair;
961 1604 95 53 the
1092 1610 149 48 most
1280 1604 326 69 up-to-date
1644 1606 115 53 and
1797 1605 278 69 practical
2115 1606 230 53 treatise

323 1682 339 72 explaining
695 1683 96 54 the
826 1682 315 71 principles
1176 1682 65 54 of
1274 1684 78 53 all
1387 1688 161 64 parts
1582 1682 65 55 of
1680 1684 188 54 model
1901 1684 56 54 A
1992 1684 157 54 Ford

322 1690 1997 127 automobiles
598 1765 113 52 and
748 1763 188 54 model
975 1762 114 54 AA
1128 1761 197 55 trucks
1363 1760 142 56 with
1544 1762 374 54 instructions
1958 1764 95 53 for
2092 1763 252 71 driving,

321 1838 2022 73 servicing and repairing … by Victor W. Pagé … illustrated
321 1919 75 71 by
439 1919 277 71 specially
759 1920 167 54 made
970 1919 295 70 diagrams
1309 1920 114 53 and
1467 1918 331 55 distinctive
1844 1919 251 71 original
320 1921 1999 147 photographs

579 1998 65 54 of
684 1999 189 53 actual
914 2003 178 63 parts.
1169 1998 140 55 Rev.
1352 1998 113 52 and
1507 1998 107 55 enl.
1657 1998 85 53 ed.
1817 1998 140 54 New
2001 1999 180 67 York,
2221 2000 121 52 The

320 2077 258 55 Norman
607 2077 93 56 W.
728 2077 229 69 Henley
987 2075 338 71 publishing
1355 2094 97 50 co.,
1486 2080 150 49 1931.

462 2191 9 17 xv,
500 2158 87 43 703
615 2169 42 39 p.
685 2158 111 42 incl.
823 2158 165 49 front.,
1018 2158 144 49 illus.,
1192 2157 182 49 diagrs.
1435 2157 146 43 19½ᶜᵐ.

327 2226 52 54 ©
406 2231 116 49 Apr.
549 2230 69 50 15,
646 2230 114 41 1931;
817 2229 66 42 2c.
913 2231 112 48 Apr.
1054 2229 56 40 22;
1168 2229 82 41 aff.
1281 2231 112 47 Apr.
1423 2229 55 42 27;
1537 2229 41 40 A
1605 2228 146 43 37024;
1809 2230 215 40 Norman
2054 2231 71 41 W.
2157 2231 155 40 Henley

392 2289 112 49 pub.
535 2299 68 30 co.
674 2287 283 50 (31-11891)

319 2384 180 65 Page,
529 2383 259 56 William
818 2384 280 65 Herbert,
1128 2387 85 52 ed.

391 2478 204 69 Page’s
625 2476 151 56 Ohio
806 2477 347 53 cumulative
1180 2476 188 70 digest
1396 2476 230 70 service,
1655 2475 301 72 including
1985 2497 72 34 an
2084 2478 172 53 index
2286 2484 58 47 to

321 2555 152 56 Ohio
506 2557 151 69 legal
690 2555 345 70 periodicals;
1097 2555 151 55 table
1283 2555 63 53 of
1377 2573 153 35 cases
1560 2556 258 68 digested;
1884 2557 113 53 and
2029 2576 31 34 a
2095 2556 152 54 table
2280 2557 65 53 of

319 2654 153 36 cases
513 2634 319 70 overruled,
876 2632 269 72 affirmed,
1189 2633 290 71 followed,
1521 2640 102 46 etc.
1702 2632 483 72 Supplementing
2229 2635 113 53 and

319 2712 341 71 continuing
694 2712 204 71 Page’s
932 2710 152 57 Ohio
1117 2712 189 70 digest
1341 2713 111 53 and
1488 2712 96 54 the
1617 2712 313 54 Decennial
1962 2712 380 70 supplement.

322 2792 214 54 Edited
579 2792 77 71 by
700 2792 152 54 Reed
897 2791 258 71 Metzler,
1198 2792 114 52 and
1355 2791 97 53 the
1495 2789 341 71 publisher’s
1879 2791 269 54 editorial
2190 2790 150 54 staff.

319 2869 1348 70 No. 9: 1931 … Cincinnati, The W. H.
1710 2870 304 53 Anderson
2058 2888 282 54 company

472 2955 47 63 [ᶜ193 1]
418 3032 58 40 634
515 3042 41 38 p.
618 3030 147 43 26½ᶜᵐ.

323 3098 2015 53 © June 3, 1931; 2c. June 4; aff. June 5; A 37696; W. H . Anderson co.
317 3214 204 63 Pease,
554 3213 277 55 Howard.

388 3304 194 55 Secret
611 3321 170 52 cargo;
842 3303 95 54 the
964 3306 161 65 story
1152 3303 65 52 of
1245 3302 188 69 Larry
1460 3301 283 54 Mathews
1772 3303 112 52 and
1914 3302 89 53 his
2031 3302 114 69 dog

316 3301 1996 151 Sambo,
453 3382 301 53 forecastle
798 3386 180 48 mates
1023 3398 72 35 on
1140 3381 97 52 the
1283 3386 192 61 tramp
1521 3386 242 47 steamer
1808 3379 236 55 “Creole
2089 3380 247 68 trader”,

316 3461 140 53 New
489 3459 244 57 Orleans
763 3465 58 48 to
854 3459 96 54 the
983 3458 183 56 South
1199 3477 139 44 seas,
1369 3458 75 69 by
1476 3458 259 53 Howard
1769 3459 203 66 Pease;
2007 3458 327 53 illustrated

315 3535 1994 135 by Paul Q. Forster … Garden City, N. Y., Doubleday, Doran &
519 3634 300 52 company,
845 3615 126 69 inc.,
999 3618 152 50 1931.

388 3698 807 51 vi, 272 p. front., illus. 21 ᶜᵐ .
387 3771 165 41 “First
580 3770 230 42 edition.”

387 3827 205 41 “Junior
621 3826 192 44 books.”

323 3891 2010 56 © Apr. 17, 1931; 2c. and aff. May 9; A 37214; H . Pease, San Francisco.
402 3955 282 51 (31-11920)
