2428 4370
1103 4049 136 51 1460

258 475 870 49 3 p. l., v-xxii, 243 p. illus. 30½ᶜᵐ.
264 532 159 42 “Four
462 532 224 42 hundred
727 534 95 41 and
862 533 300 50 twenty-five
1198 534 161 51 copies
1396 537 52 40 of
1488 537 99 42 this
1626 538 189 42 limited
1854 540 184 42 edition
2077 542 125 41 have

192 590 2009 52 been printed … Of the four hundred copies which are for sale this is
189 658 118 38 copy
341 647 311 49 Copyright.”

259 705 101 41 The
391 705 370 47 reproductions
788 716 84 30 are
902 708 243 46 arranged
1176 708 425 50 chronologically,
1629 709 121 42 with
1779 721 63 30 an
1873 712 328 49 alphabetical

189 763 145 40 index
363 764 52 39 of
441 763 150 41 titles.

192 816 53 53 ©
282 821 128 48 Sept.
445 821 70 48 11,
550 819 142 49 1931;
727 820 68 43 2c.
830 822 99 39 and
961 821 81 40 aff.
1082 822 128 48 Sept.
1246 823 83 47 21;
1367 824 41 38 A
1441 823 146 41 42505;
1654 826 51 39 E.
1742 826 55 39 R.
1834 827 213 49 Pennell,
2082 828 119 40 New

263 878 144 40 York.
479 877 283 51 (31-24595)

187 970 239 67 Planck,
455 974 141 51 Max
625 973 146 52 Karl
800 973 187 53 Ernst
1014 972 268 67 Ludwig,
1315 980 171 50 1858-

256 1050 121 53 The
414 1048 262 55 universe
715 1051 62 52 in
813 1051 95 53 the
949 1051 153 69 light
1140 1050 65 54 of
1240 1052 238 53 modern
1518 1054 250 70 physics,
1803 1056 77 69 by
1916 1058 103 54 Dr.
2058 1058 139 53 Max

186 1129 2012 72 Planck … translated by W. H. Johnston, B. A. New York.
184 1208 1254 69 W. W. Norton & company, inc. [ ᶜ1 931]
258 1289 396 49 114 p., 2 l. 22 ᶜᵐ.
189 1343 53 54 ©
273 1347 131 50 Sept.
431 1346 70 49 10,
530 1345 115 43 1931;
702 1346 69 43 2c.
802 1346 129 49 Sept.
960 1347 57 40 15;
1075 1346 82 42 aff.
1192 1347 128 48 Sept.
1350 1348 55 40 25;
1465 1348 42 40 A
1534 1348 145 43 42327;
1739 1351 72 40 W.
1842 1352 71 39 W.
1945 1352 187 40 Norton
2165 1353 34 40 &

256 1414 83 40 co.,
368 1404 91 41 inc.
532 1404 282 49 (31-24288)

183 1500 224 65 Pound,
440 1499 254 66 Arthur,
730 1504 173 51 1884-

255 1577 213 54 Native
507 1575 188 70 stock;
739 1577 99 53 the
877 1577 113 53 rise
1030 1576 65 54 of
1134 1577 100 54 the
1272 1576 312 55 American
1624 1578 175 69 spirit
1838 1597 129 37 seen
2010 1580 61 53 in
2112 1580 87 54 six

184 1657 159 68 lives,
387 1656 75 70 by
508 1655 228 53 Arthur
782 1656 223 53 Pound.
1081 1657 141 54 New
1269 1656 183 70 York,
1498 1656 121 55 The
1666 1656 338 57 Macmillan
181 1677 1995 127 company,
390 1738 153 50 1931.

253 1819 69 40 vii
350 1829 59 38 p.,
437 1819 26 40 3
514 1850 22 16 l.,
566 1817 146 41 3-267
741 1829 41 37 p.
843 1818 166 48 front.,
1038 1828 79 38 pl.,
1146 1820 165 46 ports.,
1342 1818 219 43 facsims.
1619 1817 58 43 20½ᶜᵐ.

255 1876 190 40 “Books
475 1875 282 40 consulted”
788 1878 53 38 at
871 1877 94 39 end
994 1876 54 40 of
1078 1876 119 39 each
1228 1875 218 49 chapter.

533 1933 162 40 CONTENTS.—The
731 1932 218 41 William
984 1932 319 49 Pepperrells.
1320 1957 61 5 —
1397 1933 129 40 John
1564 1934 304 41 Bradstreet.
1885 1956 60 6 —
1961 1934 236 49 Ephraim

181 1990 505 40 Williams.—Robert
715 1990 430 48 Rogers.—James
1174 1989 501 42 Clinton.—Elkanah
1704 1992 218 40 Watson.

185 2043 53 53 ©
267 2048 128 48 Sept.
422 2048 56 38 22,
521 2047 114 40 1931;
693 2046 66 42 2c.
788 2049 95 39 and
912 2047 82 39 aff.
1026 2047 129 48 Sept.
1183 2047 54 40 23;
1297 2048 42 38 A
1364 2047 147 41 42559;
1570 2049 284 40 Macmillan
1882 2060 67 29 co.

263 2104 282 50 (31-24758)

178 2185 288 65 Radford,
496 2186 177 64 Ruby
700 2184 306 57 Lorraine.

243 2263 186 53 Marie
456 2263 64 53 of
544 2263 96 53 old
665 2262 138 53 New
831 2261 260 72 Orleans,
1115 2263 74 68 by
1216 2262 170 69 Ruby
1412 2263 277 53 Lorraine
1718 2263 286 69 Radford,
174 2263 1993 132 illustrated

172 2340 1992 149 by Harold E. Snyder. Philadelphia, The Penn publishing company [ ᶜ1 931]
244 2501 85 41 271
362 2512 45 37 p.
467 2501 166 45 front.,
665 2500 144 48 illus.,
840 2501 173 47 plates.
1076 2499 55 41 19½ᶜᵐ.

181 2556 53 53 ©
266 2560 127 49 Sept.
423 2560 39 48 5,
491 2558 114 42 1931;
663 2559 68 40 2c.
760 2560 96 39 and
885 2558 83 43 aff.
999 2559 128 48 Sept.
1156 2558 57 41 25;
1271 2559 42 39 A
1339 2559 146 41 42575;
1545 2561 133 39 Penn
1707 2562 109 48 pub.
1847 2571 68 32 co.

260 2617 282 49 (31-24664)

176 2699 211 64 Reder,
416 2698 233 55 Alfred.

242 2775 247 54 Madaus
519 2776 176 52 codex
722 2773 382 71 biologischer
1134 2775 325 70 heilmittel,
1490 2795 113 35 von
1632 2777 312 68 apotheker
1974 2777 213 54 Alfred

173 2853 1764 70 Reder. Radebeul, Dresden, Dr. Madaus & co. [ ᶜ1 931]
243 2936 564 50 2 p. l. , [3]-240 p. 25 ᶜᵐ.
247 2994 128 40 “Der
401 2994 151 40 codex
581 2994 91 39 soll
699 3004 99 29 nun
826 2993 119 41 über
973 2994 78 40 die
1080 3004 79 29 am
1188 2993 276 49 häufigsten
1493 2994 331 48 gebrauchten
175 2994 1994 97 homöopathischen

363 3050 1822 43 und biochemischen mittel … auskunft erteilen und zwar über
173 3108 77 41 die
289 3108 239 41 herkunft
563 3110 86 39 der
688 3108 370 48 ursubstanzen,
1097 3107 77 42 die
1240 3109 472 48 zusammensetzung,
1749 3110 316 47 herstellung,
172 3120 1995 94 anwendung

443 3167 86 39 der
558 3165 506 42 mittel.”—Vorwort.

178 3219 2009 53 © Apr. 27, 1931; 1c. July 21; A —Foreign 13054; Verlag Dr. Madaus, &
245 3292 66 29 co.
384 3280 282 50 (31-24604)

172 3362 320 65 Robinson,
522 3362 258 55 William
813 3362 223 56 Childs.

248 3438 302 56 Columbia
592 3440 345 69 theological
980 3439 287 69 seminary
1312 3441 113 52 and
1468 3440 99 53 the
1611 3438 290 57 Southern
175 3437 1989 134 Presbyterian

392 3518 242 67 church;
669 3537 30 34 a
731 3519 172 68 study
933 3518 60 53 in
1025 3518 213 53 church
1268 3518 243 69 history,
1541 3517 411 70 Presbyterian
1982 3517 206 69 polity,

176 3596 343 69 missionary
550 3596 331 68 enterprise,
913 3597 114 52 and
1059 3596 273 69 religious
1364 3596 250 69 thought
1652 3595 110 70 [by]
1797 3596 151 55 Wm.
1983 3594 203 57 Childs

174 3673 1988 147 Robinson … [Decatur, Ga., Dennis Lindsey printing company,
372 3753 331 68 inc., ᶜ1 931]
242 3834 690 51 3 p. l. , [9]-233 p., 1 l. 23½ᶜᵐ.
247 3892 128 39 “The
403 3892 263 43 substance
692 3894 52 39 of
774 3893 98 41 this
901 3893 123 40 book
1054 3903 102 30 was
1186 3894 256 47 presented
1472 3902 55 32 as
1559 3903 27 29 a
1618 3891 153 42 thesis
1801 3895 50 38 to
1881 3891 82 42 the
1992 3891 189 48 faculty

173 3948 51 41 of
259 3948 81 43 the
374 3949 310 50 Theological
719 3951 164 41 school
917 3951 51 41 in
1003 3951 232 41 Harvard
1271 3950 288 51 university,
1594 3949 52 42 in
1679 3949 185 50 partial
1899 3948 283 41 fulfillment
