2428 4370
1056 3975 130 50 1881

114 337 243 65 Abbott,
388 337 238 64 Austin,
661 342 322 50 1831-1896.

184 415 199 52 Forms
420 412 62 54 of
521 414 269 67 pleading
828 413 59 52 in
926 411 215 56 actions
1180 413 94 53 for
1312 412 146 68 legal
1501 429 65 35 or
1602 409 281 68 equitable
1922 409 183 67 relief,

113 492 275 67 prepared
414 490 139 54 with
581 490 207 68 special
814 489 282 54 reference
1122 496 58 46 to
1207 489 94 53 the
1329 489 246 68 practice
1602 494 116 47 acts
1743 487 62 53 of
1832 487 95 53 the
110 487 1967 134 various

245 573 171 50 states
454 567 109 55 and
604 567 245 69 adapted
888 573 56 47 to
980 567 95 52 the
1111 565 248 70 practice
1396 567 58 53 in
1493 585 169 52 many
1701 584 251 35 common
1994 564 105 54 law

109 642 1994 73 states, by Austin Abbott, LL. D.; completed for publication after
111 719 1993 73 his decease by Carlos C. Alden … 3d ed., by Joseph Walker
113 796 1989 73 Magrauth … New York, Baker, Voorhis and company, 1931.
181 879 211 40 3 v. 26 ᶜᵐ.
185 937 158 48 Paged
371 934 353 48 continuously.

119 992 51 51 ©
198 997 116 38 Nov.
341 996 69 47 18,
437 993 141 48 1931;
605 994 67 41 2c.
700 995 94 39 and
821 993 81 40 aff.
931 994 117 39 Nov.
1077 992 54 40 19;
1188 993 40 38 A
1254 993 172 46 44873;
1457 993 121 40 Paul
1608 993 198 48 Martin,
1836 993 272 48 Princeton,

187 1053 54 40 N.
270 1053 42 39 J.
380 1047 67 54 [©
475 1062 106 29 new
606 1050 240 49 material]
919 1049 280 48 (31-33035)

114 1144 229 65 Albers,
372 1145 238 64 Homer,
643 1150 170 49 1863-

181 1222 53 51 A
256 1222 264 54 selection
544 1222 64 52 of
632 1240 147 34 cases
804 1240 69 34 on
900 1222 93 51 the
1017 1221 107 54 law
1151 1221 64 52 of
1240 1227 297 63 contracts,
1562 1221 72 68 by
1660 1221 218 53 Homer
1903 1221 204 54 Albers

173 1298 1934 69 … and Felix Forte … 1st ed. Boston, Mass., The Fort hill
112 1395 171 50 press,
310 1376 55 55 S.
394 1376 203 70 Usher,
626 1379 148 50 1931.

182 1456 373 48 ix, 476 p. 23½ ᶜᵐ.
121 1512 51 51 ©
199 1517 117 40 Nov.
344 1516 38 47 6,
409 1514 113 41 1931;
577 1514 66 40 2c.
672 1515 116 40 Nov.
816 1515 54 38 11;
927 1514 80 41 aff.
1036 1515 117 40 Nov.
1182 1514 55 39 12;
1294 1515 41 39 A
1360 1514 144 41 44720;
1562 1515 60 39 H.
1650 1515 171 40 Albers
1850 1516 94 40 and
1974 1516 138 39 Felix

190 1573 158 46 Forte,
377 1573 195 39 Boston.
646 1571 278 48 (31-33034)

117 1667 244 64 Barron,
390 1666 286 65 Leonard,
708 1672 170 50 1868-

144 1743 1942 131 … The American home book of gardening, by Leonard Barron … illustrated
707 1821 134 53 with
881 1821 290 69 diagrams
1205 1822 112 52 and
1353 1822 422 68 photographs;
1813 1823 187 54 edited
2038 1823 72 68 by

118 1898 1994 72 Reginald T. Townsend … Garden City, N. Y., Doubleday,
116 1976 195 52 Doran
335 1977 45 51 &
403 1993 297 51 company,
725 1976 126 67 inc.,
878 1979 151 50 1931.

186 2057 1925 50 ix p., 1 l., 159 p. front., illus., plates. 19 ᶜᵐ. (The American home
116 2114 210 50 library)

187 2171 164 41 “First
376 2170 227 42 edition.”

121 2225 51 52 ©
212 2229 101 41 Oct.
349 2228 69 48 22,
456 2227 140 47 1931;
635 2228 66 40 2c.
740 2229 95 38 and
872 2227 81 40 aff.
993 2227 101 41 Oct.
1133 2227 82 48 30;
1255 2228 39 39 A
1330 2229 171 47 43720;
1543 2229 50 41 L.
1633 2231 203 46 Barron,
1876 2229 238 41 Rickville

191 2285 187 48 Centre,
410 2285 54 39 N.
497 2286 53 39 Y.
620 2284 279 50 (31-33190)

117 2380 251 64 Benson,
396 2378 226 56 Gilbert
647 2378 285 66 Thereon,
957 2383 54 52 d.
1040 2384 149 49 1928.

248 2455 1865 73 … The trees and shrubs of western Oregon, by Gilbert
117 2535 257 53 Thereon
410 2535 241 52 Benson.
727 2532 280 56 Stanford
1041 2533 357 69 University,
1436 2533 196 70 Calif.,
1669 2534 283 56 Stanford
120 2536 1967 144 university

359 2630 176 51 press,
568 2614 150 50 1930.

119 2691 1979 99 170 p. front. (map) 25½ ᶜᵐ. (Contributions from the Dudley herbarium
333 2749 52 41 of
410 2748 235 42 Stanford
671 2747 283 48 university,
1019 2748 90 41 vol.
1186 2749 15 48 II)

190 2805 272 50 “Prepared
491 2805 261 50 originally
781 2816 54 29 as
864 2816 29 30 a
923 2804 153 42 thesis
1106 2805 49 39 in
1184 2804 184 50 partial
1399 2804 281 42 fulfillment
1711 2807 53 40 of
1793 2808 81 40 the
120 2807 1978 97 requirements

303 2861 1760 55 for the degree of master of arts at Stanford university [1925] …
119 2920 100 41 The
251 2918 287 49 completion
569 2919 53 40 of
651 2920 83 40 the
767 2918 209 42 revision
1010 2919 91 40 has
1132 2918 118 41 been
1284 2920 123 40 done
1441 2918 62 50 by
1536 2920 117 41 Mrs.
1686 2920 206 41 Roxana
119 2920 1864 96 Stinchfield

259 2975 543 42 Ferris.”—Foreword.

127 3029 51 52 ©
205 3034 117 39 Nov.
351 3033 69 49 20,
449 3032 140 48 1931;
619 3032 67 41 2c.
715 3034 115 39 Nov.
860 3033 53 47 5;
944 3033 80 40 aff.
1054 3034 117 39 Nov.
1203 3035 24 38 7;
1285 3034 40 39 A
1353 3034 146 40 44667;
1556 3035 161 42 Board
1748 3036 53 39 of
1828 3038 209 39 trustees
2067 3036 52 40 of

196 3091 82 40 the
303 3091 182 39 Leland
515 3090 233 41 Stanford
774 3090 164 48 junior
964 3090 284 49 university,
1280 3090 233 41 Stanford
1542 3091 296 50 University,
1866 3092 145 41 Calif.

204 3146 279 49 (31-33014)

121 3238 356 66 Bloomfield,
508 3239 227 66 Daniel,
769 3245 170 50 1890-
1150 3258 179 51 comp.

253 3318 1868 71 … Chain stores, compiled by Daniel Bloomfield … New
124 3397 180 68 York,
330 3398 123 52 The
478 3397 76 52 H.
581 3397 90 53 W.
699 3397 220 54 Wilson
947 3414 297 51 company,
1275 3400 150 51 1931.

197 3477 84 40 212
308 3489 42 36 p.
411 3477 114 39 20ᶜᵐ.
597 3478 124 47 (The
749 3476 245 41 reference
1022 3477 141 48 shelf,
1192 3477 91 41 vol.
1387 3508 8 16 VIII,
1424 3488 74 31 no.
1528 3479 51 48 7)

200 3534 348 47 Bibliography;
607 3545 42 36 p.
683 3533 187 49 [23]-35.

131 3586 51 52 ©
214 3591 118 41 Nov.
363 3592 40 40 7.
434 3589 113 42 1931;
608 3589 66 41 2c.
707 3590 115 39 Nov.
856 3590 58 40 16;
973 3589 80 40 aff.
1087 3590 117 39 Nov.
1238 3590 81 44 14;
1354 3591 40 38 A
1425 3592 171 45 44787;
1633 3592 59 39 H.
1729 3593 68 38 W.
1833 3592 183 40 Wilson
2052 3605 68 30 co.

212 3646 277 50 (31-33198)

124 3740 367 65 Bochicchio,
520 3740 322 55 Leonardo.

124 3815 1969 145 Garibaldi nel nimbo della storia … [de] Leonardo Bochicchio. New York, 1931.
