2505 4370
1285 4012 135 50 1288

388 432 309 50 94 p. 17 ᶜᵐ .
391 491 166 40 “First
589 489 230 41 edition.”

328 546 53 54 ©
406 551 122 49 Aug.
555 550 70 48 18,
652 548 113 43 1931;
822 548 68 43 2c.
916 549 120 48 Aug.
1061 547 61 42 20;
1175 548 84 43 aff.
1285 549 122 48 Aug.
1433 547 57 42 21;
1547 549 42 40 A
1613 547 148 44 41239;
1816 549 54 42 E.
1898 549 52 42 P.
1977 549 191 42 Dutton
2196 549 36 42 &
2259 560 83 39 co.,

394 609 94 41 inc.
560 607 283 50 (31-22556)

322 701 296 66 Wensley,
650 701 320 55 Frederick
999 702 233 65 Porter,
1266 707 171 50 1865-

389 781 183 69 Forty
615 797 164 51 years
825 778 64 53 of
935 777 277 55 Scotland
1254 778 178 71 yard;
1482 780 96 53 the
1623 777 196 54 record
1865 778 64 53 of
1973 799 33 34 a
2050 777 291 56 lifetime’s

317 856 215 56 service
557 856 60 52 in
644 856 98 53 the
768 855 283 56 Criminal
1079 845 411 79 investigation
1521 855 379 69 department,
1926 855 78 72 by
2032 856 310 54 Frederick

318 932 1961 73 Porter Wensley … with an introduction by George Dilnot …
319 1010 235 57 Garden
588 1012 152 68 City,
772 1012 71 55 N.
877 1012 89 69 Y.,
999 1010 359 72 Doubleday,
1392 1012 198 52 Doran
1621 1013 46 52 &
1699 1028 298 55 company,
2029 1012 127 68 inc.,
2190 1015 152 50 1931.

391 1094 1107 51 xvii, 312 p. incl. front. pl., ports. 21 ᶜᵐ .
391 1152 291 42 Illustrated
712 1151 363 50 lining-papers.

393 1208 199 40 London
627 1208 180 41 edition
858 1207 209 50 (Cassell
1102 1208 37 41 &
1176 1218 250 39 company,
1462 1208 112 49 ltd.)
1621 1209 93 39 has
1746 1208 137 41 title:
1920 1208 255 43 Detective
2211 1211 133 47 days.

330 1262 53 53 ©
412 1267 118 48 July
556 1266 72 47 31,
655 1265 115 42 1931;
828 1265 68 41 2c.
924 1267 96 39 and
1050 1265 82 41 aff.
1161 1265 121 48 Aug.
1312 1266 55 40 17;
1426 1265 40 39 A
1493 1264 150 42 40884;
1700 1265 52 43 F.
1781 1266 52 41 P.
1861 1266 241 49 Wensley,
2132 1266 215 42 London.

413 1323 285 51 (31-21641)

325 1416 256 67 Wickes,
611 1418 259 53 Edward
899 1416 274 67 Michael,
1204 1418 175 55 1877-

392 1493 1953 72 The song writer’s guide, by E. M. Wickes … with foreword
322 1571 2021 73 by L. Wolfe Gilbert … New York, Morrison music, inc.
369 1655 156 67 [ᶜ1931]

395 1732 558 51 2 p. l., 188 p. 19ᶜᵐ.
396 1791 195 42 “Who’s
626 1791 109 41 who
770 1790 51 41 in
856 1789 267 49 songland”
1142 1801 9 30 :
1189 1802 44 38 p.
1269 1789 219 43 147-188.

397 1848 226 49 “Melody
654 1847 241 50 samples”
914 1858 9 30 :
956 1858 44 38 p.
1031 1846 160 44 71-74.

334 1919 53 53 ©
420 1922 116 49 July
567 1923 39 47 8,
637 1921 115 41 1931;
811 1921 67 41 2c.
910 1921 117 48 July
1058 1921 53 47 6;
1146 1920 82 42 aff.
1261 1921 121 48 Aug.
1414 1921 29 40 5;
1501 1922 42 39 A
1572 1919 172 50 39891;
1781 1923 243 41 Morrison
2056 1923 169 48 music,
2258 1924 92 41 inc.

413 1980 284 48 (31-21614)

330 2074 333 65 Wickham,
695 2074 125 56 Ola.

399 2151 1888 70 America’s heritage from the long ago, by Ola Wickham …
329 2229 2016 71 and Claude Anderson Phillips … illustrated by Carle Michel
331 2311 180 68 Boog.
587 2309 140 53 New
760 2310 180 68 York,
971 2310 122 53 The
1123 2308 339 55 Macmillan
1491 2328 299 51 company,
1825 2313 149 50 1931.

404 2389 1303 50 ix, 435 p. col. front., illus. (incl. maps) 19 ᶜᵐ .
338 2458 53 53 ©
421 2462 121 48 Aug.
573 2461 69 48 25,
674 2460 113 42 1931;
849 2462 67 41 2c.
948 2462 95 39 and
1074 2461 82 41 aff.
1189 2462 123 45 Aug.
1343 2461 58 40 26;
1460 2462 42 39 A
1530 2460 146 41 41222;
1739 2462 284 40 Macmillan
2055 2473 70 31 co.

418 2519 281 49 (31-22420)

331 2614 210 66 Wiley,
571 2616 246 63 Harvey
845 2613 419 66 Washington.

403 2694 240 70 Wiley’s
683 2694 313 69 principles
1035 2696 113 52 and
1189 2693 249 70 practice
1479 2695 64 53 of
1581 2694 378 69 agricultural
2000 2696 279 68 analysis;
2324 2715 30 34 a

334 2776 235 51 manual
596 2773 94 53 for
713 2774 278 65 students,
1015 2773 274 66 teachers,
1313 2775 254 67 analysts
1593 2774 114 53 and
1731 2771 410 71 investigators.
2231 2793 49 34 v.
2307 2777 47 49 2.

335 2852 334 54 Fertilizers
730 2854 113 52 and
901 2852 372 53 insecticides.
1352 2854 71 52 3d
1483 2853 84 52 ed.
1643 2853 296 67 Prepared
1997 2854 113 53 and
2169 2852 187 54 issued

336 2931 184 52 under
555 2930 96 53 the
688 2930 280 54 direction
1004 2931 65 53 of
1104 2930 96 52 the
1236 2929 366 54 Association
1638 2930 64 53 of
1739 2928 201 55 official
1978 2930 379 71 agricultural

336 3007 1998 133 chemists. Editors: Charles A. Browne … William W. Skinner
530 3085 1826 72 … Easton, Pa., Chemical publishing company, inc., 1931.
410 3167 1492 50 xvi, p., 1 l., 645 p. illus., port., tables, diagrs. 23½ ᶜᵐ .
412 3224 223 42 Portrait
663 3224 345 48 accompanied
1036 3226 62 46 by
1129 3224 294 49 descriptive
1451 3226 147 40 letter
1627 3236 151 38 press.

344 3292 53 53 ©
430 3296 116 48 July
577 3294 70 50 23,
680 3294 142 48 1931;
856 3294 67 42 2c.
956 3296 96 39 and
1086 3294 83 41 aff.
1200 3295 122 48 Aug.
1356 3296 58 39 18;
1473 3295 41 39 A
1545 3295 173 47 40831;
1753 3296 310 41 Association
2099 3296 51 40 of
2184 3296 168 40 official

413 3353 326 49 agricultural
767 3352 245 48 chemists,
1042 3351 340 47 Washington.

339 3434 311 64 Williams,
679 3434 170 54 Jesse
878 3433 262 65 Feiring.

412 3513 220 53 Health
676 3515 109 52 and
832 3513 262 70 physical
1136 3513 305 54 education
1483 3514 94 52 for
1618 3513 194 69 public
1854 3514 190 53 school
342 3512 1995 132 administrators.

345 3589 1992 133 Secondary schools. By Jesse Feiring … and Clifford Lee
342 3669 1995 132 Brownell … New York city, Teachers college, Columbia
589 3748 338 68 university,
958 3751 148 50 1931.

420 3826 498 50 xiii, 167 p. 19½ ᶜᵐ .
350 3890 53 53 ©
433 3895 121 49 Aug.
584 3897 70 47 11,
685 3897 114 41 1931;
859 3897 67 41 2c.
959 3898 119 48 Aug.
1111 3897 59 41 20;
1228 3897 82 41 aff.
1344 3898 119 47 Aug.
1497 3898 58 41 18;
1613 3898 41 39 A
1683 3897 146 41 41162;
1891 3898 246 41 Teachers
2166 3898 193 48 college,

421 3951 251 44 Columbia
702 3955 131 43 univ.
