2505 4370
1263 4040 137 49 1168

412 461 166 41 “First
611 461 230 43 edition.”

339 523 52 53 ©
428 528 117 49 July
582 528 39 50 8,
658 527 141 48 1931;
837 528 66 41 2c.
942 529 117 48 July
1094 529 52 47 8;
1186 528 84 43 aff.
1307 530 116 49 July
1459 528 83 50 10;
1581 530 41 39 A
1657 529 173 50 39344;
1871 532 63 41 M.
1971 531 62 42 H.
2071 531 285 45 Weinstein,

411 592 275 48 Woodside,
713 593 50 38 L.
795 594 51 46 I.,
876 594 54 38 N.
962 594 53 38 Y.
1087 592 284 51 (31-19784)

336 657 262 55 Welfare
636 657 224 54 council
899 658 64 53 of
997 657 147 53 New
1180 658 165 53 York
1380 658 143 64 city.
1597 660 285 54 Research
1921 662 230 54 bureau.

472 735 1879 70 … Bronx house numbers in health areas … [New York]
339 813 285 53 Research
655 813 234 68 bureau,
920 812 261 55 Welfare
1212 813 224 53 council
1467 812 65 54 of
1563 814 140 52 New
1736 813 166 54 York
1932 814 135 69 city,
2104 818 152 51 1931.

409 894 81 47 vii,
523 894 86 41 108
640 904 43 38 p.
743 893 118 41 23ᶜᵐ.
934 893 220 50 (Section
1185 895 26 39 2
1242 895 54 40 of
1329 894 156 49 Study
1517 894 57 42 10
1606 896 53 40 of
1689 897 84 40 the
1804 895 246 42 Research
2083 896 185 42 bureau
2302 899 53 40 of

337 953 83 40 the
450 951 216 41 Welfare
697 952 212 48 council)

409 1010 65 39 At
501 1010 125 39 head
655 1009 53 40 of
734 1008 110 41 title;
904 1008 156 49 Study
1087 1009 53 40 of
1165 1009 365 47 neighborhood
1560 1009 257 41 statistics.

409 1066 338 47 Autographic
780 1065 344 48 reproduction
1160 1066 53 40 of
1247 1065 336 49 type-written
1618 1075 132 39 copy.

413 1122 150 41 “This
598 1123 148 40 index
783 1123 112 40 lists
933 1122 67 41 all
1038 1123 53 40 of
1128 1124 82 40 the
1249 1125 179 39 streets
1466 1123 49 40 in
1556 1124 83 40 the
1678 1124 219 47 borough
1936 1124 50 39 in
2025 1124 327 48 alphabetical

331 1180 1974 43 order and shows the health area within which each number falls …
344 1236 287 40 Immediate
665 1236 367 48 responsibility
1063 1237 81 40 for
1176 1237 82 41 the
1291 1236 299 49 assembling
1622 1238 97 40 and
1753 1241 348 45 arrangement
2134 1238 53 40 of
2220 1240 135 39 these

341 1293 254 40 materials
627 1295 90 39 has
748 1296 161 39 rested
943 1304 125 37 upon
1102 1294 121 40 Miss
1257 1294 233 41 Florence
1519 1294 79 40 Du
1631 1293 160 42 Bois.”
1793 1294 248 43 —Introd.

335 1355 52 52 ©
413 1361 116 47 May
555 1361 40 47 8,
621 1360 113 40 1931;
790 1360 66 40 2c.
884 1362 96 39 and
1007 1360 83 41 aff.
1116 1360 115 48 May
1257 1362 52 38 11;
1367 1361 41 39 A
1433 1359 146 42 38094;
1635 1362 247 40 Research
1907 1363 202 47 bureau,
2136 1362 219 40 Welfare

404 1424 189 40 council
624 1424 52 41 of
703 1424 119 40 New
851 1425 132 39 York
1012 1424 114 48 city.
1198 1423 283 49 (31-19674)

337 1490 204 68 [West,
572 1490 176 63 Mary
785 1488 218 66 (Mills)
1076 1491 137 53 "Mrs.
1246 1490 141 52 Max
1415 1488 225 70 West”]
1676 1495 173 50 1868-

406 1566 1844 71 Your baby’s care. Saint Paul, Minn., C. J. West, ᶜ19 31.
403 1649 103 49 viii,
534 1650 86 40 120
647 1662 42 37 p.
718 1651 110 40 incl.
858 1650 143 49 illus.,
1027 1651 171 40 forms.
1260 1649 56 41 25½ᶜᵐ.

405 1708 156 47 Pages
590 1707 145 42 1-117
765 1718 88 30 are
880 1707 250 50 reprinted
1160 1708 130 40 from
1324 1708 83 40 the
1437 1708 55 40 U.
1528 1707 44 42 S.
1605 1706 274 43 Children’s
1908 1707 187 41 bureau
2128 1708 225 40 “Bureau

334 1764 303 48 publication
667 1777 75 29 no.
772 1766 39 46 8,
842 1766 192 40 revised
1066 1766 115 48 July
1211 1764 161 48 1929”,
1402 1765 159 40 which
1591 1775 102 30 was
1722 1764 263 49 originally
2017 1765 256 48 published
2305 1765 48 40 in

333 1822 116 40 1914
484 1824 154 38 under
674 1823 110 40 title;
847 1823 172 40 Infant
1055 1832 126 38 care,
1217 1823 63 47 by
1315 1823 117 40 Mrs.
1469 1822 117 40 Max
1619 1823 150 46 West,
1806 1823 96 39 and
1937 1832 102 30 was
2075 1822 191 40 revised
2303 1822 51 40 in

333 1879 118 41 1929
483 1881 62 46 by
580 1881 84 39 Dr.
701 1881 196 39 Martha
935 1881 62 39 M.
1033 1878 132 42 Eliot
1201 1881 97 39 and
1333 1880 83 41 the
1450 1878 241 41 Bureau’s
1724 1878 232 49 advisory
1990 1879 278 41 committee
2302 1879 52 41 of

333 1937 368 47 pediatricians,
764 1937 61 48 cf.
853 1949 43 37 p.
926 1937 101 41 viii.

333 1999 52 52 ©
415 2004 116 47 May
558 2003 70 47 21,
657 2002 113 41 1931;
829 2001 68 42 2c.
926 2003 95 38 and
1051 2001 83 41 aff.
1165 2002 115 48 May
1306 2001 56 40 20;
1422 2002 40 38 A
1489 1999 146 43 37819;
1695 2000 48 43 C.
1774 2001 45 42 J.
1848 2001 150 47 West,
2032 2001 54 47 St.
2130 2002 138 40 Paul.

412 2066 284 49 (31-20186)

328 2133 187 60 West,
549 2131 361 55 Nathanael.

405 2210 123 52 The
561 2210 196 52 dream
790 2207 105 54 life
931 2207 64 54 of
1027 2209 175 52 Balso
1236 2207 179 69 Snell,
1447 2207 77 70 by
1556 2207 328 53 Nathanael
1916 2207 178 54 West.
2164 2205 187 69 Paris,

333 2287 141 53 New
507 2287 182 68 York,
722 2286 244 55 Contact
997 2286 247 54 editions
1394 2289 85 63 [ᶜ1931]

404 2367 545 49 5 p. l. , 13-95 p. 25 ᶜᵐ.
405 2421 1943 50 “This edition … is limited to 500 numbered copies of which 300 are
334 2483 78 40 for
440 2482 102 40 sale
568 2483 49 39 in
643 2482 224 41 America
894 2484 96 38 and
1016 2481 88 41 200
1130 2482 78 39 for
1235 2481 153 41 Great
1415 2480 197 41 Britain
1640 2481 96 40 and
1764 2481 83 40 the
1875 2478 295 42 continent.”
2228 2479 121 42 This

333 2549 122 38 copy
483 2541 86 38 not
597 2539 280 41 numbered.

407 2596 232 41 “Printed
666 2597 51 39 in
744 2598 83 39 the
854 2596 180 41 United
1064 2595 166 41 States
1257 2596 54 40 of
1338 2593 269 43 America.”

333 2657 53 53 ©
414 2664 118 46 July
559 2664 40 47 1,
626 2662 114 41 1931;
798 2662 68 41 2c.
894 2663 117 47 July
1037 2662 56 40 27;
1151 2661 82 42 aff.
1264 2663 117 47 July
1407 2661 83 47 28;
1520 2661 43 39 A
1588 2660 172 48 40526;
1793 2661 133 40 Moss
1954 2660 36 41 &
2016 2658 196 50 Kamin,
2242 2660 108 47 inc.,

401 2726 120 41 New
554 2727 146 39 York.
772 2725 283 51 (31-19679)

328 2780 202 54 White
584 2779 187 53 house
825 2779 351 53 conference
1229 2795 74 36 on
1359 2776 153 55 child
1567 2775 206 54 health
1826 2774 115 54 and
1997 2773 352 66 protection.

399 2853 1951 73 Sect, III; Education and training. Committee on the family
399 2940 118 54 and
546 2947 207 60 parent
784 2940 317 52 education.

393 3015 122 52 The
547 3015 166 52 home
748 3014 110 53 and
893 3014 97 54 the
1024 3013 184 61 child;
1246 3010 263 70 housing,
1545 3009 353 69 furnishing,
1931 3014 415 63 management,

324 3092 234 69 income,
591 3091 287 70 clothing;
912 3096 195 64 report
1141 3091 64 54 of
1238 3092 96 51 the
1371 3087 443 57 Subcommittee
1846 3105 72 36 on
1948 3084 249 71 housing
2231 3084 112 56 and

321 3171 166 53 home
523 3174 415 65 management,
974 3170 234 52 Martha
1244 3169 133 53 Van
1415 3167 349 68 Rensselaer,
1801 3164 312 67 chairman,
2149 3161 195 56 White

322 3250 175 52 house
532 3248 330 54 conference
898 3266 70 34 on
1005 3247 154 54 child
1192 3247 200 54 health
1431 3246 112 54 and
1581 3243 332 71 protection.
1987 3242 139 53 New
2165 3239 180 70 York,

324 3327 258 66 London,
613 3327 124 54 The
773 3326 256 69 Century
1062 3344 80 35 co.
1297 3328 84 65 [ᶜ1931]

396 3401 1615 54 xvii, 165 p. front., 1 illus., plates, diagr. 23½ ᶜᵐ. $2.00
397 3466 292 39 Illustrated
720 3463 367 49 lining-papers.

398 3517 1945 51 “Section III—Education and training, F. J. Kelly, PH. D., chairman.
326 3575 1963 51 Committee on the family and parent education, Louise Stanley, PH. D.,
325 3634 406 49 chairman.”—p.
770 3635 84 50 [iii]

399 3692 140 41 “Lita
576 3693 150 47 Bane,
760 3691 311 48 editor.”—p.
1106 3690 66 43 xi.

397 3749 353 49 Bibliography
785 3752 51 38 at
873 3750 92 39 end
1004 3750 52 39 of
1091 3749 119 40 each
1248 3748 199 41 section.

332 3811 52 52 ©
424 3817 126 39 June
588 3816 70 42 22.
697 3816 112 41 1931;
879 3817 65 39 2c.
986 3817 95 39 and
1122 3815 80 39 aff.
1243 3816 128 39 June
1412 3814 54 40 24;
1535 3815 38 38 A
1613 3814 173 47 40442;
1829 3814 163 41 White
2032 3814 166 40 House
400 3822 1926 97 conference

631 3892 60 27 on
728 3880 129 40 child
895 3880 167 39 health
1101 3881 93 38 and
1232 3878 287 49 protection,
1557 3878 107 47 Ray
1701 3878 186 47 Lyman
1925 3877 205 41 Wilbur.
2170 3877 61 38 M.
2272 3875 42 39 D.,

401 3941 267 45 chairman,
700 3943 339 48 Washington.
1115 3941 281 43 (31-27208)
