2505 4370
1070 4024 101 55 987

105 401 361 64 Murchison,
501 401 134 55 Carl
667 400 358 63 Allanmore,
1060 400 170 55 1887-
1444 398 84 54 ed.

234 473 1872 71 … A handbook of child psychology, by John E. Anderson,
105 550 2001 72 Charlotte Bühler, Anna Freud … [and others] edited by Carl
103 633 349 53 Murchison.
525 633 336 66 Worcester,
905 632 191 67 Mass.,
1141 631 179 54 Clark
1361 630 318 69 university
1725 648 186 51 press;
104 630 1977 147 London,

266 710 77 53 H.
378 710 267 70 Milford,
682 709 229 55 Oxford
946 709 320 68 university
1300 727 175 49 press,
1512 711 149 50 1931.

175 790 1931 51 xii p., 1 l., 711 p. illus., diagrs. 23½ ᶜᵐ . (Half-title: The international
106 849 272 47 university
409 848 150 40 series
591 848 49 39 in
674 848 305 47 psychology,
1011 848 72 39 ed.
1118 848 62 47 by
1212 847 115 41 Carl
1360 847 307 48 Murchison)

178 905 158 41 Series
363 905 109 41 title
498 904 49 39 in
573 907 113 45 part
710 907 54 37 at
788 905 125 39 head
939 904 52 40 of
1016 906 98 46 t.-p.

177 960 350 42 “References”
554 963 53 37 at
631 961 92 39 end
750 960 52 40 of
826 961 119 39 each
970 961 216 47 chapter.

111 1030 51 52 ©
192 1034 125 39 June
345 1034 67 46 15,
443 1031 113 41 1931;
614 1032 66 40 2c.
709 1032 94 39 and
833 1031 82 40 aff.
945 1032 125 39 June
1099 1030 81 48 22;
1212 1030 41 39 A
1279 1030 172 47 40001;
1484 1030 149 41 Clark
1662 1030 285 48 university,
179 1031 1914 107 Worcester,
384 1092 145 38 Mass.
601 1089 278 47 (31-10276)

109 1185 239 63 Newell,
380 1184 254 53 Edward
663 1183 321 64 Theodore,
1016 1187 170 50 1886-

178 1263 122 51 The
342 1262 253 51 Küchük
638 1261 206 52 Köhne
888 1262 199 67 hoard,
1130 1260 75 69 by
1250 1261 255 52 Edward
1551 1262 63 51 T.
1661 1260 232 54 Newell.
1968 1260 141 52 New

111 1340 178 66 York,
323 1340 123 51 The
477 1338 307 53 American
816 1335 363 56 numismatic
1214 1338 229 68 society,
1479 1342 149 49 1931.

179 1417 1933 51 2 p. l., 33 p. illus. (incl. map) IV pl. (2 double) 17 ᶜᵐ . (Half-title:
109 1475 322 41 Numismatic
461 1478 138 38 notes
630 1477 94 38 and
758 1476 323 47 monographs.
1238 1508 8 8 [no.
1276 1475 100 48 46])

114 1543 51 52 ©
201 1548 112 47 May
345 1547 68 47 25,
449 1545 139 47 1931;
623 1547 68 40 2c.
724 1548 95 38 and
854 1547 81 39 aff.
970 1547 127 40 June
1129 1547 53 46 3;
1218 1547 42 38 A
1293 1546 171 47 37630;
1501 1547 146 40 Amer.
1695 1544 313 43 numismatic
182 1554 1913 98 society.
392 1604 280 47 (31-16273)

110 1699 389 65 Nietlispach,
527 1700 158 54 Frau
713 1698 179 55 Frida.

178 1779 101 49 350
315 1776 252 68 gerichte
602 1777 106 51 mit
745 1776 171 67 eiern,
951 1776 170 67 mehl,
1158 1775 174 53 milch
1370 1777 118 51 und
1525 1775 163 69 käse;
1727 1776 105 52 mit
112 1775 1974 131 zahlreichen

308 1853 332 53 bunttafeln
699 1854 145 51 nach
907 1852 772 70 farbenphotographischen
1742 1852 372 68 aufnahmen,

111 1949 108 33 von
271 1930 132 52 frau
456 1932 63 50 F.
572 1931 373 67 Nietlispach.
1023 1933 66 65 6.,
1138 1931 316 53 erweiterte
1503 1930 131 53 aufl.
1709 1930 202 53 Berlin
1986 1937 122 61 [etc.]

111 2009 168 68 Bong
303 2010 46 50 &
377 2027 79 33 co.
492 2010 172 65 [1930]

177 2087 1140 50 64 p. col. front. plates (part col.) 23 ᶜᵐ .
119 2155 1981 109 © June 26, 1930; 1c. Mar. 28, 1931; A—Foreign 11749; Deutsches verlagshaus Bong & co. (31-16364)
114 2312 394 65 Oberhauser,
542 2313 211 64 Georg.

187 2391 561 53 Entdeckerfahrten
778 2392 61 53 in
870 2391 92 54 die
992 2391 130 53 welt
1153 2393 101 52 der
1283 2393 146 68 zahl,
1458 2411 112 34 von
1601 2392 193 70 Georg
117 2391 1976 146 Oberhauser,

246 2469 1533 71 mit 33 abbildungen. Dresden, A. Huhle [ ᶜ1 929 ]
186 2549 1933 50 viii, 153 p. illus. 23 ᶜᵐ . ( Added t.-p.: Künftige ernten, saat- und
118 2606 1388 50 wachstumsberichte von neuer erziehung … bd. 5)
121 2673 1882 54 © Dec. 5, 1929; 1c. Feb. 14, 1930; A —Foreign 6603; Alwin Huhle.
200 2734 279 50 (30-16099)

117 2827 280 67 O’Leary,
431 2829 229 55 Conrad
689 2830 174 66 John,
898 2836 170 51 1899-

246 2906 1874 73 … The substantial composition of man according to Saint
117 2984 1937 73 Bona venture, by the Reverend Conrad John O’Leary …
116 3061 400 69 Washington,
546 3063 71 51 D.
649 3062 82 68 C.,
761 3064 122 51 The
914 3063 261 54 Catholic
1206 3064 318 70 university
1555 3064 64 53 of
1648 3065 283 70 America,
1966 3070 152 49 1931.

186 3143 648 49 2 p. l., 110 p., 1 l. 23 ᶜᵐ .
188 3200 65 39 At
277 3201 124 39 head
430 3201 51 39 of
507 3201 107 40 title
632 3212 9 29 :
669 3202 101 39 The
799 3202 220 41 Catholic
1048 3203 273 48 university
1346 3204 53 40 of
1423 3204 239 41 America.

189 3257 170 40 Thesis
388 3257 14 48 (PH.
582 3257 306 47 D.)—Catholic
923 3259 272 48 university
1227 3260 54 40 of
1312 3260 239 49 America,
1587 3260 128 42 1931.

189 3313 126 40 Vita.

189 3369 376 48 Bibliography:
594 3381 44 37 p.
666 3369 216 43 109-110.

126 3436 50 51 ©
222 3441 126 40 June
392 3442 39 47 1,
478 3440 139 46 1931;
665 3442 67 40 2c.
777 3444 95 38 and
917 3442 83 42 aff.
1045 3444 126 39 June
1217 3444 53 46 8;
1317 3445 41 38 A
1404 3444 170 47 37831;
1626 3445 219 41 Catholic
1892 3445 129 42 univ.
2069 3447 53 39 of

194 3498 233 40 America.
496 3498 278 47 (31-16275)

122 3592 195 66 Owen,
350 3595 244 54 Walter.

191 3670 121 52 The
345 3689 152 34 cross
531 3671 64 52 of
632 3672 151 66 Carl,
819 3692 72 33 an
927 3674 281 69 allegory;
1246 3675 97 51 the
1377 3680 157 64 story
1569 3675 64 52 of
1666 3694 104 33 one
1804 3678 126 51 who
1967 3683 149 46 went

124 3747 164 52 down
326 3746 121 53 into
483 3748 96 53 the
618 3750 205 66 depths
860 3752 110 51 and
1011 3770 115 33 was
1161 3751 230 61 buried;
1433 3754 142 62 who,
1615 3753 281 69 doubting
1931 3756 186 65 much,

123 3829 93 60 yet
247 3830 58 46 at
335 3826 97 51 the
460 3826 110 52 last
603 3826 169 53 lifted
804 3846 77 49 up
910 3826 89 54 his
1030 3846 125 49 eyes
1184 3834 139 47 unto
1356 3830 94 52 the
1484 3830 133 52 hills
1649 3831 112 52 and
1792 3850 123 34 rose
1945 3833 168 67 again

126 3901 110 52 and
282 3919 113 36 was
439 3902 401 71 transfigured,
881 3905 75 69 by
999 3906 223 55 Walter
1268 3906 193 68 Owen,
1507 3908 138 52 with
1691 3926 31 34 a
1768 3908 229 68 preface
2040 3910 77 68 by
