2505 4370
1313 4033 104 56 744

373 383 139 67 [Hill,
540 383 185 56 Brian]
782 389 173 52 1896-

420 462 1948 72 Murder out of tune, by Marcus Magill [ pseud.] London,
349 540 371 56 Hutchinson
746 544 46 52 &
820 559 79 37 co.
926 541 104 54 ltd.
1067 545 173 66 [1931]

420 623 217 49 288 p. 19½ᶜᵐ.
357 690 2015 56 © 1c. May 9, 1931; A ad int. 15050; pubd. Mar. 13; J. B. Lippincott co.,
426 752 358 49 Philadelphia.
856 752 283 50 (31-13086)

349 846 283 66 Hockett,
660 847 225 54 Homer
915 848 212 65 Carey,
1160 849 173 55 1875-

422 927 406 55 Introduction
875 934 60 47 to
979 928 261 54 research
1284 929 63 52 in
1391 928 311 55 American
1745 928 243 71 history,
2032 930 79 71 by
2154 928 222 54 Homer

352 1005 2020 73 Carey Hockett … New York, The Macmillan company, 1931.
421 1085 376 50 Bibliography:
829 1098 43 38 p.
905 1086 218 41 143-159.

358 1154 53 53 ©
442 1159 115 47 May
585 1156 70 51 19,
684 1157 115 42 1931;
857 1158 68 43 2c.
956 1159 97 40 and
1082 1158 84 43 aff.
1197 1160 115 47 May
1342 1159 60 40 20;
1457 1159 42 40 A
1528 1159 147 42 38274;
1734 1159 285 43 Macmillan
2049 1170 69 31 co.

437 1215 284 50 (31-13050)

350 1309 189 66 Hope,
568 1309 202 55 Laura
796 1311 137 56 Lee.

422 1388 124 54 The
576 1389 214 69 Blythe
821 1386 144 72 girls:
1024 1388 195 55 Bose’s
1249 1389 218 54 hidden
1498 1389 199 68 talent,
1726 1390 78 69 by
1834 1392 194 51 Laura
2058 1391 114 52 Lee
2201 1391 173 68 Hope

349 1466 1999 148 … illustrated by Thelma Gooch. New York, Grosset & Dunlap [ ᶜ1 931]
424 1626 1658 50 iv, 192 p. front., plates. 19½ ᶜᵐ. (Her Blythe girls books)
359 1694 53 54 ©
443 1699 116 49 May
586 1698 71 50 20,
686 1697 116 43 1931;
861 1697 68 45 2c.
960 1699 97 41 and
1086 1698 83 42 aff.
1201 1699 116 49 May
1346 1697 55 41 22;
1462 1698 42 41 A
1532 1698 147 43 38312;
1741 1698 203 43 Grosset
1974 1698 36 42 &
2040 1698 213 50 Dunlap,
2284 1698 91 42 inc.

437 1756 283 50 (31-13101)

422 1853 124 54 The
566 1854 244 53 outdoor
829 1853 145 70 girls
996 1859 59 47 at
1078 1853 188 55 Cedar
1287 1852 191 71 Bidge;
1544 1871 82 49 or,
1648 1853 123 53 The
1789 1857 256 65 mystery
2065 1853 66 53 of
2164 1854 99 52 the
2282 1852 96 56 old

354 1930 2021 73 windmill, by Laura Lee Hope … illustrated by Walter S.
352 2010 1516 72 Bogers. New York, Grosset & Dunlap [ ᶜ1 931]
423 2089 1828 50 2 p. l. , 214 p. front., plates. 19½ ᶜᵐ. (Her Outdoor girls series)
359 2158 53 53 ©
444 2162 116 49 May
588 2161 70 49 20,
688 2160 115 42 1931;
862 2161 70 43 2c.
961 2162 97 40 and
1088 2161 83 42 aff.
1203 2162 115 48 May
1348 2160 56 40 22;
1463 2161 44 40 A
1534 2160 146 43 38375;
1742 2160 202 42 Grosset
1972 2161 38 41 &
2040 2161 213 49 Dunlap,
2284 2161 93 40 inc.

438 2219 284 50 (31-13220)

353 2314 215 66 Hurst,
652 2313 116 58 Vida.

426 2394 343 70 Tarnished,
806 2414 35 34 a
875 2398 160 66 story
1068 2393 67 55 of
1167 2394 129 54 love
1331 2394 115 54 and
1481 2396 284 68 mystery;
1803 2391 306 71 published
2144 2391 234 73 serially

354 2470 2024 72 under the title ‘Little Miss Nobody’, by Vida Hurst … New
353 2550 1020 71 York, Grosset & Dunlap [ ᶜ1 931]
422 2629 492 50 2 p. l. , 316 p. 19½ᶜᵐ.
360 2698 53 53 ©
440 2703 115 47 May
579 2701 70 49 20,
676 2701 115 41 1931;
846 2700 69 43 2c.
940 2702 97 40 and
1063 2700 85 44 aff.
1174 2702 116 49 May
1314 2701 58 40 22;
1428 2702 43 39 A
1493 2701 149 43 38307;
1696 2703 108 40 Bell
1831 2702 269 49 syndicate,
2126 2700 107 50 inc.,
2260 2701 117 40 New

430 2760 145 40 York.
650 2759 283 49 (31-13232)

353 2856 248 64 Imbert,
632 2855 229 54 Dennis
887 2855 47 58 I.

425 2933 124 54 The
590 2932 227 54 colored
860 2933 345 70 gentleman,
1247 2951 34 34 a
1324 2933 246 68 product
1614 2932 65 53 of
1721 2933 237 54 modern
2002 2933 372 63 civilization,

352 3009 79 72 by
461 3012 73 54 D.
567 3012 49 53 I.
649 3011 236 54 Imbert.
964 3014 86 50 1st
1081 3011 86 54 ed.
1242 3012 142 53 New
1418 3010 262 68 Orleans,
1713 3012 119 67 La.,
1864 3008 291 58 Williams
353 3011 1998 148 printing
488 3088 229 69 service,
750 3093 151 50 1931.

427 3170 980 50 2 p. l. , 86 p., 3 l. front., ports. 21½ᶜᵐ.
430 3228 374 49 “Supplement:
837 3226 285 41 Prominent
1152 3227 193 40 leaders
1376 3227 53 40 of
1458 3228 83 39 the
1572 3228 192 40 colored
1796 3237 111 30 race
1938 3227 48 39 in
2018 3227 119 40 New
2169 3226 205 42 Orleans

356 3285 110 40 who
498 3285 125 41 have
655 3284 233 41 achieved
920 3283 222 42 success”
1184 3283 49 46 (3
1290 3316 9 9 l.
1332 3284 96 40 and
1459 3284 56 39 12
1548 3286 111 46 port.
1705 3286 53 38 at
1791 3283 118 48 end)

363 3338 53 53 ©
457 3344 115 47 May
610 3342 70 50 15,
718 3340 143 49 1931;
901 3342 68 41 2c.
1009 3343 97 40 and
1144 3341 83 42 aff.
1269 3343 115 47 May
1422 3342 84 48 20;
1547 3343 43 39 A
1627 3342 173 49 38301;
1843 3343 58 41 D.
1943 3342 37 41 I.
2022 3342 200 47 Imbert,
2260 3342 117 40 New

432 3400 218 41 Orleans.
723 3398 283 50 (31-13090)

354 3492 225 67 James,
607 3492 175 67 Rian,
813 3498 170 51 1899-

427 3571 102 52 All
568 3570 174 54 about
780 3570 139 55 New
960 3570 192 68 York;
1195 3589 74 34 an
1309 3570 264 54 intimate
1613 3571 190 69 guide,
1840 3570 77 69 by
2011 3570 96 53 Rian
2148 3571 224 66 James;

355 3649 143 52 with
525 3668 32 34 a
583 3648 289 54 foreword
895 3649 77 69 by
998 3648 206 70 Ogden
1230 3649 160 53 Nash
1417 3649 114 53 and
1557 3648 357 54 decorations
1939 3649 75 68 by
2039 3647 134 71 Jay.
2236 3648 139 52 New

355 3725 1216 71 York, The John Day company [ ᶜ1 931]
428 3808 1229 50 3 p. l. , v-ix, 11-316 p. illus., fold. map. 20 ᶜᵐ.
429 3866 141 48 Maps
598 3877 61 30 on
685 3866 368 49 lining-papers.

365 3918 2009 55 © Apr. 24, 1931; 1c. and aff. May 2; 1c. May 13; A 38100; R. James,
431 3980 263 50 Brooklyn.
765 3980 283 52 (31-12493)
