2505 4370
1088 4044 68 57 97

131 404 319 55 American
484 405 113 53 law
630 408 235 61 reports
900 406 344 54 annotated.

202 483 70 53 A.
308 485 63 51 L.
408 484 69 52 R.
514 484 343 54 cumulative
892 485 389 69 index-digest
1317 485 93 53 for
1447 485 94 54 the
1576 504 181 51 years,
1796 488 151 66 1929,
1986 487 151 50 1930.

132 563 136 54 vols.
302 565 186 51 58-69.
566 562 312 56 Combined
912 564 231 53 indexes
1174 568 57 49 to
1265 583 150 35 cases
1449 565 113 53 and
1594 562 381 70 annotations,
132 582 1980 128 supplementing

512 641 70 52 A.
611 642 65 50 L.
705 641 66 51 R.
800 641 185 69 digest
1013 642 94 51 for
1133 643 138 52 vols.
1304 641 150 53 1-57.
1537 640 181 67 [With
1748 645 132 50 1931
130 642 1983 130 supplemental
371 718 294 68 decisions]

746 719 323 69 Rochester,
1096 719 68 52 N.
1195 720 91 66 Y.,
1314 720 120 52 The
1461 720 268 67 Lawyers
1755 720 384 67 co-operative

131 797 336 69 publishing
493 815 307 50 company;
832 797 340 68 Northport,
1198 798 65 50 L.
1292 797 67 70 I.,
1385 797 69 52 N.
1484 798 91 67 Y.,
1603 797 255 52 Edward
130 796 1982 133 Thompson
267 894 306 50 company;
618 875 116 55 San
770 875 323 69 Francisco,
1132 874 195 70 Calif.,
1366 874 586 70 Bancroft-Whitney
130 895 1984 128 company,
334 957 150 49 1931.

201 1032 98 50 760,
328 1031 88 44 298
443 1044 43 38 p.
546 1032 58 42 25½ᶜᵐ.

135 1085 53 54 ©
226 1090 112 41 Feb.
375 1089 40 50 2,
455 1089 141 48 1931;
637 1090 67 42 2c.
744 1091 96 40 and
878 1089 83 43 aff.
1000 1090 112 42 Feb.
1151 1090 52 47 5;
1245 1090 43 40 A
1325 1089 173 49 34165;
1539 1090 232 49 Lawyers
1809 1089 326 50 co-operative

201 1147 109 48 pub.
346 1156 82 40 co.,
466 1148 211 40 Edward
712 1148 276 47 Thompson
1023 1158 68 31 co.
1128 1147 36 41 &
1200 1147 490 49 Bancroft-Whitney
1726 1158 68 31 co.

129 1242 115 54 Art
292 1245 231 68 studies,
570 1243 297 69 medieval,
912 1243 355 55 renaissance
1313 1245 113 52 and
1472 1244 252 52 modern.
1801 1244 213 53 Edited
2060 1245 77 66 by

199 1323 275 53 members
503 1322 63 52 of
593 1323 98 52 the
716 1323 388 67 departments
1133 1322 63 52 of
1222 1323 97 51 the
1346 1321 110 54 fine
1485 1327 117 48 arts
1632 1327 58 48 at
1718 1322 275 52 Harvard
2023 1323 108 52 and

198 1401 308 53 Princeton
532 1400 376 53 universities.
1008 1419 50 33 [v.
1089 1404 46 64 8,
1162 1418 86 35 no.
1282 1404 46 64 1,
1358 1403 151 63 1930]
1592 1398 363 70 Cambridge,
197 1400 1915 132 Harvard

370 1478 319 69 university
719 1496 174 51 press,
925 1480 149 51 1930.

203 1556 1594 51 xiv, 165 p. plates (part col.) ports., maps, diagrs. 30½ ᶜᵐ.
134 1611 52 53 ©
221 1616 112 40 Dec.
368 1614 70 49 27,
474 1614 140 43 1930;
652 1615 68 41 2c.
790 1626 75 30 Jan.
902 1615 39 49 2,
978 1615 141 48 1931;
1157 1615 81 41 aff.
1278 1614 110 43 Jan.
1425 1616 53 46 5;
1517 1615 41 40 A
1592 1614 172 48 31972;
1803 1614 259 43 President
2096 1616 37 41 &

199 1673 192 41 fellows
423 1672 52 43 of
506 1673 231 41 Harvard
771 1673 191 48 college,
998 1672 301 50 Cambridge,
1336 1674 148 41 Mass.

127 1755 343 65 Aspinwall,
502 1755 387 65 Marguerite.

122 1829 1984 133 The wind from Spain, by Marguerite Aspinwall … illustrated
347 1907 77 72 by
459 1908 160 53 Ruth
655 1908 178 69 King.
905 1909 136 55 New
1084 1908 178 68 York,
1299 1908 258 69 London,
1595 1909 120 52 The
1756 1909 252 71 Century
2049 1927 76 35 co.

127 1989 193 67 [ ᶜ19 31]
193 2068 1359 50 5 p. l., 3-258 p. incl. front., illus. 21ᶜᵐ. $2.00
195 2127 289 41 Illustrated
514 2126 361 50 lining-papers.

195 2181 163 44 “First
391 2182 258 50 printing.”

132 2236 52 53 ©
213 2241 110 41 Jan.
351 2239 70 50 30,
450 2239 140 49 1931;
621 2239 67 42 2c.
718 2241 95 39 and
842 2240 83 41 aff.
955 2240 111 41 Feb.
1095 2241 53 47 4;
1179 2240 42 40 A
1248 2239 174 49 33536;
1453 2240 216 50 Century
1698 2251 69 32 co.

209 2297 251 49 (31-3404)

131 2379 377 55 Association
549 2379 64 53 of
653 2379 103 53 the
796 2379 106 53 bar
943 2379 65 53 of
1050 2379 102 53 the
1194 2378 124 65 city
1357 2379 63 53 of
1460 2380 145 52 New
1647 2380 180 54 York.
1902 2382 231 68 Special

197 2460 318 53 committee
547 2478 72 34 on
647 2460 106 52 law
785 2459 149 66 office
962 2465 414 62 management.

191 2533 137 54 Law
358 2532 147 53 office
534 2538 424 63 management;
990 2538 195 63 report
1215 2532 64 53 of
1307 2532 228 68 Special
1566 2533 317 54 committee
1914 2553 71 33 on
2015 2535 112 52 law

123 2609 148 54 office
313 2616 395 62 management
749 2609 62 53 of
851 2609 97 55 the
986 2609 359 55 Association
1387 2609 63 53 of
1489 2610 96 53 the
1626 2611 103 52 bar
1770 2611 64 53 of
1874 2612 96 53 the
2011 2613 115 69 city

123 2687 62 53 of
215 2687 137 55 New
383 2687 176 53 York.
624 2687 137 53 New
794 2686 177 70 York,
999 2686 206 67 Baker,
1234 2687 250 57 Voorhis
1510 2690 45 50 &
1586 2706 96 52 co.,
1714 2692 149 52 1931.

192 2770 610 50 100 p. incl. forms. 26 ᶜᵐ.
194 2828 253 42 “Kenneth
479 2828 53 42 E.
564 2827 202 48 Walser,
800 2825 294 43 chairman.”

132 2882 52 53 ©
218 2886 110 41 Jan.
361 2886 70 47 22,
466 2883 140 50 1931;
642 2883 68 43 2c.
744 2885 95 40 and
874 2884 81 40 aff.
990 2885 111 40 Jan.
1134 2884 83 48 24;
1255 2884 41 40 A
1328 2884 172 49 32988;
1537 2886 176 50 Baker,
1748 2887 206 42 Voorhis
1990 2888 37 40 &
2061 2900 67 30 co.

209 2941 251 51 (31-3413)

127 3022 221 67 Bailey,
379 3024 155 54 John
567 3023 279 65 Wendell,
881 3029 171 49 1895-

194 3102 121 53 The
357 3101 66 52 M
464 3100 149 53 book
656 3099 64 54 of
766 3100 279 53 athletics.
1092 3100 352 69 Mississippi
1491 3101 70 52 A.
1611 3103 112 52 and
1769 3103 80 53 M.
1897 3104 230 70 college,

124 3178 299 69 compiled,
473 3178 247 60 written,
770 3178 187 52 edited
1010 3178 111 52 and
1174 3178 303 68 published
1527 3179 76 69 by
1654 3180 158 53 John
1862 3181 264 54 Wendell

124 3254 968 69 Bailey, '1 5. [Richmond] 1930.
191 3334 661 51 5 p. l., 13-304, [2] p. 23½ ᶜᵐ.
192 3392 181 40 Errata
404 3391 93 48 slip
528 3392 101 40 laid
662 3391 64 41 in.

194 3447 362 41 “Publications
582 3447 149 40 about
756 3445 55 42 A.
837 3448 96 39 and
960 3446 91 40 M.”:
1106 3457 44 38 p.
1195 3446 42 51 [2]
1268 3449 53 39 at
1347 3449 104 41 end.

133 3500 1993 60 © Dec. 10, 1930; 2c. Dec. 23; aff. Dec. 26; A 33315; J. W. Bailey,
198 3562 283 40 Richmond.
552 3560 249 50 (31-3297)

127 3643 199 65 Baird,
355 3644 322 53 Theodore.

200 3721 121 52 The
349 3720 126 53 first
502 3737 181 51 years,
712 3720 292 52 selections
1035 3718 155 54 from
1219 3719 480 73 autobiography,
1728 3722 75 71 by
1834 3724 295 55 Theodore

133 3796 1461 72 Baird … New York, R. R. Smith, inc., 1931.
198 3879 598 50 xiii p., 1 l., 239 p. 20½ᶜᵐ.
133 3932 52 53 ©
215 3938 110 40 Jan.
353 3938 70 47 27,
454 3936 140 47 1931;
625 3936 68 41 2c.
724 3938 95 38 and
849 3935 83 42 aff.
963 3937 110 40 Jan.
1102 3935 83 47 30;
1218 3936 42 39 A
1289 3936 171 49 33432;
1494 3937 217 42 Richard
1742 3940 55 41 R.
1832 3940 170 45 Smith,
2036 3943 92 40 inc.

213 3994 250 46 (31-3398)
