2505 4370
1055 4050 100 53 183

183 491 1018 48 xiv, 250 p. front., plates, ports. 24½ ᶜᵐ.
185 548 292 41 “Published
512 557 61 31 on
607 548 81 40 the
723 547 146 41 Louis
906 546 143 43 Stern
1083 546 251 41 memorial
1369 546 166 41 fund.’'

185 606 71 40 “A
282 606 134 47 large
447 607 115 46 part
588 604 52 40 of
669 605 82 40 the
780 603 227 41 material
1041 614 125 37 upon
1198 602 174 49 Otway
1403 614 101 29 was
1533 603 247 40 embodied
1814 602 50 40 in
1897 612 27 30 a
1958 603 154 40 thesis

113 662 264 40 submitted
405 661 51 39 in
485 660 113 41 1925
627 670 55 30 as
712 660 179 48 partial
920 660 264 40 fulfilment
1213 659 80 41 for
1322 671 27 29 a
1380 661 171 46 degree
1582 659 51 40 of
1662 660 166 39 doctor

1857 660 51 39 of
113 659 1981 107 philosophy
266 720 51 38 at
345 716 356 42 Yale.”—Pref.

119 773 50 52 ©
198 776 109 39 Feb.
335 775 39 48 6,
401 773 113 41 1931;
571 773 66 41 2c.
667 772 109 40 Feb.
804 773 56 39 14;
916 772 83 41 aff.
1027 772 110 41 Feb.
1165 770 54 41 12;
1278 771 43 40 A
1345 771 147 41 34356;
1547 772 121 41 Yale
1694 771 131 43 univ.
1853 781 150 40 press.

195 830 251 51 (31-4706)

114 927 315 64 Hartsock,
465 927 237 62 Ernest,
737 929 324 51 1903-1930.

187 1000 1927 73 Strange splendor [by] Ernest Hartsock. Atlanta, G a., The
115 1082 630 67 Bozart press [ ᶜ19 30]
186 1162 279 50 111 p. 20½ ᶜᵐ.
182 1221 183 40 Poems.

117 1273 1994 53 © Nov. 1, 1930; 2c. Oct. 20; aff. Jan. 27, 1931; A 33787; E. A. Hartsock,
183 1334 384 47 administrator,
603 1333 217 40 Atlanta.
890 1331 250 48 (31-4556)

113 1429 257 63 Harvey,
401 1425 274 66 William,
710 1428 324 54 1578-1657.

181 1503 354 54 Exercitatio
574 1503 318 54 anatomica
932 1505 68 53 de
1038 1508 158 48 motu
1235 1503 187 54 cordis
1461 1509 55 47 et
1553 1503 296 70 sanguinis
1888 1504 59 51 in
109 1503 1974 148 animalibus,

409 1580 1696 71 by William Harvey, M. D.; an English translation
110 1658 1998 72 with annotations by Chauncey D. Leake … Springfield, Ill.,
109 1737 332 69 Baltimore,
469 1738 139 67 Md.,
639 1738 62 55 C.
734 1738 62 55 C.
826 1738 265 65 Thomas,
1122 1741 151 50 1931.

180 1817 1636 51 xii, [1] p., 2 l., 3-150 p. front., plates, ports., facsims. 23½ ᶜᵐ.
181 1875 119 41 Coat
326 1875 51 41 of
401 1885 133 29 arms
561 1885 60 29 on
648 1877 96 45 t.-p.

184 1930 234 41 Contains
447 1930 242 41 facsimile
720 1930 51 40 of
802 1931 80 40 the
912 1934 98 44 t.-p.
1041 1931 51 40 of
1120 1931 82 40 the
1234 1930 208 48 original
1483 1930 163 48 (1628)
1686 1930 198 41 edition.

184 1987 73 41 On
287 1997 168 31 cover:
488 1985 305 42 Anatomical
824 1987 187 40 studies
1041 1997 59 30 on
1134 1987 80 40 the
1245 1987 183 41 motion
1458 1987 52 41 of
1540 1988 82 39 the
1653 1988 140 40 heart
1825 1989 93 38 and
1953 1989 153 38 blood.

182 2042 145 42 “This
361 2045 197 39 modern
594 2043 202 48 English
831 2042 295 43 translation
1160 2043 43 41 is
1237 2044 297 47 reproduced
1569 2045 128 39 from
1731 2046 82 39 the
1849 2043 114 41 1923
111 2045 1980 96 Tercentennial

415 2100 1350 48 edition … as presented by Chauncey D. Leake.”
115 2154 50 52 ©
205 2158 112 41 Dec.
354 2157 69 48 19,
462 2156 140 48 1930;
642 2157 67 41 2c.
749 2157 110 41 Feb.
898 2157 38 48 6,
975 2155 141 49 1931;
1158 2156 81 43 aff.
1280 2157 113 42 Feb.
1429 2158 54 48 7;
1524 2158 42 39 A
1603 2157 170 49 33582;
1816 2157 205 42 Charles
2059 2157 51 41 C.

183 2214 222 41 Thomas.
478 2213 250 50 (31-4517)

112 2307 265 64 Hayden,
407 2307 234 54 Arthur
671 2307 366 65 Gunderson,
1071 2309 170 53 1878-

110 2384 1970 130 The rigid-frame bridge, by Arthur G. Hayden … with chapters
261 2460 1780 72 on architectural development by Gilmore D. Clarke …
109 2537 1932 73 and deformeter analysis by Professor George E. Beggs …
110 2617 137 52 New
282 2616 180 67 York,
495 2618 56 54 J.
584 2616 190 69 Wiley
806 2620 45 51 &
884 2635 145 48 sons,
1063 2617 107 53 inc.;
1236 2619 259 70 London,
1530 2619 301 68 Chapman
1866 2622 46 50 &
1945 2619 161 68 Hall,

111 2691 235 70 limited,
376 2697 149 50 1931.

179 2774 1403 51 xii, 236 p. incl. front., illus., diagrs. 24 ᶜᵐ. $4.50
114 2826 50 53 ©
192 2831 108 42 Jan.
326 2831 69 48 30,
422 2831 114 42 1931;
590 2832 66 41 2c.
684 2833 95 40 and
806 2832 82 42 aff.
915 2833 111 41 Feb.
1051 2833 25 41 3;
1132 2833 42 40 A
1198 2831 144 43 34152;
1398 2833 55 43 A.
1480 2833 56 43 G.
1561 2833 221 50 Hayden,
1810 2832 298 50 Bronxville,

179 2888 57 43 N.
267 2889 52 40 Y.
391 2889 251 50 (31-1442)

114 2969 201 67 [Head,
347 2970 252 68 Arthur,
635 2972 171 53 1887-

178 3046 1927 73 The worthies of Yale, by Uther Capet [pseud.] … [New
109 3124 220 68 Haven]
363 3125 121 52 The
512 3124 211 54 Profile
751 3143 173 50 press,
955 3130 150 50 1931.

178 3204 620 49 2 p. l., 3-49 p., 1 l. 22 ᶜᵐ.
178 3260 185 42 Poems.

180 3317 1339 50 “Two hundred and fifty copies … Number 237.”
114 3368 50 52 ©
200 3373 109 42 Jan.
343 3373 39 49 2,
418 3372 139 49 1931;
593 3374 67 42 2c.
695 3377 94 38 and
824 3375 82 41 aff.
942 3376 109 41 Jan.
1086 3376 82 47 31;
1204 3377 42 39 A
1279 3374 170 50 34096;
1487 3378 55 41 A.
1578 3377 153 50 Head,
1767 3378 118 40 New
1919 3378 188 41 Haven.

191 3429 250 49 (31-4451)

113 3510 267 64 Helbing,
409 3511 211 54 Albert
648 3511 321 57 Theodore.

238 3587 1865 69 … The departments of the American federation of labor,
110 3662 1968 147 by Albert Theodore Helbing … Baltimore, The Johns Hopkins press, 1931.
178 3819 1927 55 5 p. l., ix-xii, 13-137 p. 24½ ᶜᵐ. (Johns Hopkins university studies
111 3875 1467 52 in historical and political science … ser. XLIX, no. 1)
116 3928 50 52 ©
194 3933 109 42 Jan.
329 3934 69 48 30,
426 3933 141 50 1931;
596 3935 67 42 2c.
690 3938 96 38 and
814 3936 80 41 aff.
924 3937 110 42 Feb.
1062 3938 52 41 5:
1144 3938 42 39 A
1212 3938 171 48 34170;
1415 3939 153 41 Johns
1597 3939 222 49 Hopkins
1847 3949 149 41 press.

196 3990 251 53 (31-4489)
