2505 4370
1032 3986 101 49 697

62 352 172 64 Kerr,
262 350 220 64 Joseph
511 349 223 64 Henry,
765 350 170 51 1888-

134 429 239 54 Method
397 428 61 52 in
483 427 232 67 dealing
736 424 61 52 in
820 422 186 54 stocks;
1061 439 31 34 a
1119 418 278 70 practical
1421 416 172 71 guide
1619 416 113 53 and
1757 411 305 57 handbook

69 507 93 53 for
198 505 302 70 recording
537 503 112 53 and
688 498 384 70 interpreting
1107 498 98 52 the
1243 496 161 68 daily
1442 492 189 55 action
1669 491 65 55 of
1772 493 95 52 the
1904 488 158 56 stock

65 584 236 54 market.
387 582 166 69 (Rev.
579 581 72 52 2d
677 578 113 69 ed.)
875 578 90 69 By
990 576 217 67 Joseph
1233 574 79 54 H.
1339 572 171 68 Kerr,
1534 570 71 71 jr.
1680 571 237 66 Boston,
1942 567 119 53 The

68 655 1169 75 Christopher publishing house [ ᶜ193 1]
136 735 1010 57 175 p. tab., diagrs. (1 fold.) 20½ ᶜᵐ .
72 797 53 52 ©
148 800 115 49 May
285 800 42 46 1,
351 796 113 42 1931;
518 796 68 42 2c.
610 797 115 46 May
748 796 26 39 7;
827 792 83 43 aff.
936 793 114 47 May
1076 792 29 39 8;
1156 791 42 39 A
1220 789 145 43 37217;
1422 786 319 49 Christopher
1763 785 111 49 pub.
1899 784 165 42 house.

149 855 279 50 (31-12134)

67 949 86 52 La
180 948 207 64 Brant,
418 946 124 52 Lou
570 946 81 51 Le
680 941 260 58 Vanche.

134 1025 121 52 The
289 1021 266 69 teaching
589 1021 64 52 of
686 1019 298 54 literature
1016 1018 61 51 in
1110 1019 96 52 the
1240 1016 311 69 secondary
1587 1013 208 69 school,
1827 1013 77 68 by
1939 1012 124 52 Lou

66 1090 1998 76 L. La Brant … New York, Harcourt, Brace and company
71 1182 192 65 [ ᶜ193 1 ]
139 1255 654 54 3 p. l. , [3]-185 p. 19½ᶜᵐ.
74 1313 52 52 ©
158 1316 113 49 Apr.
302 1315 70 48 28,
403 1314 142 47 1931;
576 1312 69 42 2c.
678 1314 95 38 and
806 1311 81 42 aff.
922 1311 112 48 May
1067 1310 52 41 9:
1154 1311 40 38 A
1226 1308 172 49 37224;
1433 1307 263 48 Harcourt,
1729 1306 155 39 Brace
1916 1303 37 42 &
1986 1313 80 39 co.,

142 1372 90 42 inc.
303 1369 278 51 (31-12776)

69 1463 209 65 Locke,
306 1464 174 64 John,
510 1463 325 55 1632-1704.

140 1540 96 57 An
277 1559 160 50 essay
478 1539 341 70 concerning
860 1538 96 54 the
999 1536 473 70 understanding,
1512 1534 351 70 knowledge,
71 1533 1973 153 opinion,

220 1619 112 53 and
369 1621 203 61 assent,
607 1618 75 67 by
717 1618 158 54 John
910 1616 212 67 Locke;
1163 1612 189 56 edited
1389 1614 140 52 with
1569 1629 73 36 an
1678 1611 391 54 introduction

69 1686 1999 80 by Benjamin Rand … Cambridge, Harvard university press,
73 1777 150 50 1931.

144 1847 1617 57 lix, [1], 306, [1] p. front. (port.) 3 facsim. on 1 pl. 21½ ᶜᵐ .
145 1909 101 42 The
285 1909 216 40 hitherto
543 1908 323 49 unpublished
907 1907 137 42 draft
1083 1909 145 38 dated
1272 1906 126 48 1671,
1439 1906 53 40 of
1531 1904 195 42 Locke’s
1769 1905 157 47 Essay
75 1914 1979 101 concerning

309 1967 183 40 human
530 1963 386 50 understanding
952 1963 108 41 first
1097 1962 257 50 published
1392 1964 48 39 in
1477 1960 129 51 1690,
1644 1961 195 49 printed
1876 1960 129 42 from
2043 1971 27 29 a

75 2022 250 48 photostat
358 2032 119 37 copy
511 2022 52 40 of
596 2022 83 40 the
711 2020 221 50 original,
968 2019 121 41 with
1124 2019 143 42 strict
1299 2020 270 39 adherence
1603 2022 48 37 to
1687 2019 82 39 the
1804 2020 118 46 text,
1958 2027 115 30 save

75 2079 108 41 that
217 2080 83 40 the
333 2079 219 47 spelling,
588 2077 208 49 capitals
831 2078 95 40 and
960 2075 322 50 punctuation
1315 2078 125 38 have
1474 2076 119 40 been
1628 2073 321 42 modernized,
2011 2074 61 48 cf.

75 2135 212 42 Editor’s
313 2135 123 48 pref.

79 2188 54 52 ©
155 2192 114 48 Apr.
291 2191 70 49 23,
385 2191 115 42 1931;
553 2191 68 42 2c.
646 2191 113 48 Apr.
782 2191 56 41 27;
892 2189 81 43 aff.
999 2191 113 47 May
1135 2192 28 37 4;
1218 2190 42 40 A
1283 2188 144 42 37409;
1483 2188 257 42 President
1764 2189 95 39 and
1884 2187 191 42 fellows

149 2249 51 40 of
239 2249 232 40 Harvard
511 2248 190 50 college,
745 2246 300 51 Cambridge,
1088 2248 147 40 Mass.
1316 2243 52 52 [©
1412 2246 197 49 preface
1650 2251 36 41 &
1728 2243 345 50 introduction]

162 2304 279 50 (31-12985)

76 2382 253 66 Loomis,
359 2382 164 55 Alice
552 2383 207 66 Marie,
792 2388 171 51 1880-

141 2459 59 53 A
240 2459 299 68 technique
583 2459 93 53 for
717 2459 306 70 observing
1063 2461 96 51 the
1197 2459 176 54 social
1414 2458 275 55 behavior
1731 2458 64 53 of
1837 2476 240 51 nursery

75 2536 190 54 school
309 2535 277 69 children,
626 2537 77 67 by
741 2537 163 53 Alice
947 2537 185 53 Marie
1174 2536 248 70 Loomis,
1552 2579 10 10 PH.
1646 2579 10 9 D.
1732 2537 139 52 New
1914 2536 163 53 York

76 2614 133 68 city,
236 2614 278 52 Teachers
540 2615 229 70 college,
796 2612 300 56 Columbia
1120 2612 337 72 university,
1485 2616 152 52 1931.

146 2696 65 48 xi,
237 2696 87 40 100
349 2707 44 37 p.
453 2695 152 50 diagr.
665 2696 147 41 23½ᶜᵐ.
882 2695 300 50 (Half-title:
1207 2696 143 42 Child
1378 2697 335 47 development
1739 2698 337 48 monographs.

78 2751 300 50 Monograph
406 2763 76 30 no.
509 2752 51 48 5)

150 2807 231 44 “Carried
410 2819 61 29 on
496 2807 49 41 in
573 2808 82 39 the
680 2818 206 38 nursery
912 2807 189 42 schools
1128 2807 53 40 of
1208 2808 82 41 the
1318 2807 142 41 Child
1489 2809 334 49 development
1849 2806 230 43 institute

78 2865 52 40 of
160 2865 243 41 Teachers
435 2864 194 50 college,
661 2864 251 42 Columbia
946 2863 566 49 university.”—Introd.

150 2920 262 42 Published
443 2922 102 39 also
573 2930 55 31 as
656 2921 153 40 thesis
837 2919 108 49 (PH.
1006 2921 33 48 D.)
1075 2919 252 42 Columbia
1356 2919 287 51 university.

150 2976 376 50 Bibliography:
557 2986 43 38 p.
628 2976 99 41 100.

85 3030 52 52 ©
170 3034 122 43 Mar.
323 3035 40 42 3,
395 3034 142 47 1931;
570 3033 67 42 2c.
671 3034 122 39 Mar.
826 3032 81 49 20;
944 3032 80 40 aff.
1059 3034 122 41 Mar.
1214 3032 83 50 31;
1332 3034 42 39 A
1405 3033 171 48 35675;
1613 3032 239 41 Teachers
1887 3031 191 49 college,

155 3089 249 43 Columbia
435 3090 129 41 univ.
635 3088 278 51 (31-12964)

81 3169 267 66 McAfee,
378 3167 237 57 Cleland
644 3171 184 64 Boyd,
860 3176 172 51 1866-

150 3245 122 54 The
295 3245 194 70 ruling
513 3245 170 70 elder,
704 3246 90 54 his
819 3246 184 55 duties
1028 3248 112 52 and
1163 3248 90 56 his
1277 3246 441 70 opportunities,
1740 3247 75 69 by
1840 3245 239 56 Cleland

82 3323 164 69 Boyd
284 3322 275 69 McAfee;
600 3324 280 67 prepared
915 3324 76 69 by
1025 3325 96 53 the
1159 3324 281 55 direction
1477 3324 65 54 of
1578 3326 98 53 the
1712 3323 246 56 General

82 3343 1972 125 assembly
338 3400 65 53 of
443 3402 96 52 the
580 3399 404 71 Presbyterian
1027 3403 210 52 church
1281 3402 62 52 in
1384 3402 96 53 the
1520 3402 219 55 United
1786 3400 187 57 States
2017 3400 64 54 of

81 3476 265 56 America
379 3476 94 55 for
505 3478 96 53 the
633 3479 192 52 Board
858 3477 65 54 of
954 3478 296 55 Christian
1282 3480 300 52 education
1615 3479 65 54 of
1709 3480 96 53 the
83 3479 1975 129 Presbyterian

316 3556 211 52 church
576 3555 61 52 in
681 3557 95 51 the
824 3557 71 54 U.
948 3556 56 55 S.
1053 3557 70 52 A.
1198 3555 430 73 Philadelphia,
1676 3557 404 69 Presbyterian

83 3629 177 57 board
287 3631 65 54 of
377 3630 298 57 Christian
701 3632 315 69 education,
1046 3636 150 50 1931.

155 3710 939 55 1 p. l. , [v]-xvii p., 1 l., 172 p. 21 ᶜᵐ .
155 3769 377 50 Bibliography:
562 3780 42 38 p.
640 3770 248 50 [167]-172.

92 3823 52 52 ©
171 3827 112 49 Apr.
309 3827 69 41 24.
406 3826 114 42 1931;
577 3827 67 41 2c.
672 3828 112 47 Apr.
811 3828 56 40 30;
924 3828 82 41 aff.
1034 3828 113 47 Apr.
1176 3827 55 39 29;
1289 3829 40 38 A
1356 3828 144 41 36887;
1559 3828 344 50 Presbyterian
1932 3829 150 42 board

161 3884 54 39 of
239 3884 252 41 Christian
516 3884 274 42 education.
858 3884 256 49 (31-12349)
