2575 4398
1257 4053 67 52 18

254 366 242 66 Austin,
526 368 142 54 Mrs.
697 368 177 64 Mary
910 368 301 67 (Hunter)
1251 374 174 50 1868-

321 445 151 54 Taos
501 444 226 71 pueblo,
756 445 445 70 photographed
1229 446 77 70 by
1337 446 176 54 Ansel
1547 447 218 53 Easton
1797 447 220 54 Adams

2050 448 112 53 and
251 448 2011 129 described
502 523 76 70 by
608 523 174 72 Mary
814 523 231 55 Austin.
1117 523 118 56 San
1268 524 326 69 Francisco,
1629 528 151 50 1930.

326 603 701 52 [20] p., 1 l. XII pl. 44 ᶜᵐ .
323 676 137 41 Each
484 677 135 48 plate
642 677 349 48 accompanied
1017 678 62 48 by
1103 677 104 41 leaf
1231 676 121 43 with
1380 678 296 49 descriptive
1702 680 302 49 letterpress.

253 733 2021 100 “CVIII copies of this book printed by the Grabhorn press … Copy number:
400 791 271 50 Copyright
700 791 250 42 number.”
1017 792 179 48 Signed
1227 793 61 48 by
1322 795 85 38 the
1439 794 181 41 author
1651 796 97 39 and
1780 796 83 39 the
1898 795 162 40 artist.

260 864 2033 53 © Dec. 17, 1930; 2c. Dec. 26; aff. Jan. 9, 1931; A 32801; Ansel Easton
327 927 198 48 Adams,
556 925 99 42 San
683 926 278 42 Francisco.
1033 925 255 52 (31-1526)

259 1022 185 54 Bible.
525 1023 65 53 O.
624 1025 63 52 T.
764 1023 180 54 Ruth.
1021 1023 267 69 English.

322 1098 122 54 The
471 1098 148 54 book
647 1098 65 53 of
739 1098 191 69 Ruth;
961 1117 29 34 a
1018 1099 346 53 translation
1391 1099 114 53 and
1533 1107 387 63 commentary
1951 1100 93 52 for
2071 1101 219 52 schools

254 1177 2037 72 and colleges, by Rev. Henry J. Grimmelsman … Chicago,
253 1255 1755 73 New York [etc.] Scott, Foresman and company [ ᶜ1 930]
325 1340 836 50 xii, 72 p. front. (map) 22 ᶜᵐ .
328 1413 251 44 “Selected
607 1413 370 50 bibliography”
995 1425 11 31 :
1035 1424 43 39 p.
1109 1413 128 43 ix-x.

263 1484 53 53 ©
347 1489 114 40 Dec.
489 1488 71 49 31,
590 1486 120 42 1930;
766 1488 68 41 2c.
865 1489 98 39 and
993 1487 82 41 aff.
1108 1487 110 41 Jan.
1250 1486 40 49 9,
1323 1486 142 48 1931;
1497 1487 44 40 A
1569 1487 174 49 33052;
1778 1488 149 49 Scott,
1961 1488 273 41 Foresman
2262 1488 36 41 &

331 1557 70 32 co.
471 1546 257 49 (31-1503)

261 1643 183 66 Blair,
476 1642 140 55 Eric
645 1643 136 55 Lee.

329 1719 1968 65 Early history of Grimes county, by E. L. Blair … [Austin,
258 1800 369 69 Tex., ᶜ1 930]
330 1882 1269 51 x, [ll]-253 p. illus. (2 maps, facsims.) 20 ᶜᵐ .
331 1955 383 49 Bibliography:
749 1965 44 38 p.
824 1954 222 41 240-242.

267 2025 2031 54 © Dec. 20, 1930; 2c. and aff. Jan. 13, 1931; A 32778; E. L. Blair,
335 2088 210 48 Trinity,
574 2087 117 41 Tex.
763 2086 255 49 (31-1374)

263 2183 390 66 Bodenheim,
685 2183 294 66 Maxwell,
1015 2189 173 50 1893-

333 2262 205 54 Naked
580 2279 73 36 on
700 2261 175 54 roller
919 2261 208 71 skates,
1173 2281 32 33 a
1250 2261 186 69 novel,
1482 2261 73 69 by
1601 2261 275 53 Maxwell
1923 2261 375 53 Bodenheim.

262 2340 985 70 New York, H. Liveright ᶜ1 931
335 2424 479 52 279, [1] p. 19½ ᶜᵐ .
337 2497 311 49 “Published,
681 2497 240 48 January,
955 2495 143 49 1931;
1132 2497 177 40 second
1344 2496 233 49 printing,
1610 2497 241 47 January,
1882 2495 160 42 1931.”

269 2567 2032 54 © Jan. 9, 1931; 2c. Jan. 15; aff. Jan. 12; A 33172; Horace Liveright, inc.
351 2629 255 50 (31-1718)

266 2725 243 66 Bodley,
540 2725 158 55 John
730 2725 258 53 Edward
1022 2725 363 62 Courtenay,
1418 2728 332 50 1853-1925.

335 2802 248 55 Memoir
608 2802 65 55 of
695 2802 158 56 John
880 2803 258 53 Edward
1166 2801 288 55 Courtenay
1525 2801 242 70 Bodley,
1791 2801 77 70 by
1895 2800 192 56 Shane
2113 2800 189 55 Leslie

327 2880 983 70 … London [etc.] J. Cape [1930]
334 2962 998 50 436 p. front., ports., facsim. 23 ᶜᵐ .
273 3032 2031 53 © 1c. Dec. 31, 1930; A ad int. 14642; pubd. Nov. 3; S. Leslie, London.
352 3093 254 50 (31-1894)

272 3189 258 65 Bolitho,
558 3191 243 65 Hector,
832 3195 172 51 1898-

337 3268 124 54 The
488 3267 166 56 flame
685 3287 71 35 on
786 3267 326 56 Ethirdova
1150 3266 111 71 [by]
1298 3267 218 53 Hector
1547 3266 252 54 Bolitho.
1867 3265 258 68 London,
268 3264 2011 152 Cobden-Sanderson,
782 3349 153 51 1930.

341 3427 369 50 218 p. 19½ ᶜᵐ .
276 3498 1835 54 © 1c. Nov. 26, 1930; A ad int. 14648; pubd. Sept. 30; H. Bolitho,
345 3497 1944 113 Windsor,
470 3562 241 47 England.
785 3560 255 50 (31-1524)

272 3657 349 66 Bridaham,
653 3659 213 53 Lester
897 3657 308 56 Burbank.

342 3734 340 71 Gargoyles,
727 3736 294 57 chimères,
1066 3736 115 53 and
1226 3736 97 52 the
1368 3738 300 66 grotesque
1713 3733 59 53 in
1818 3732 228 54 French
2091 3727 210 58 Gothic

269 3813 312 69 sculpture,
622 3814 35 54 by
741 3815 200 54 Lester
984 3814 282 54 Burbank
1310 3813 352 54 Bridaham:
1708 3812 139 53 with
1895 3829 72 34 an
271 3808 2010 136 introduction
429 3891 77 71 by

540 3893 196 70 Ralph
772 3893 224 54 Adams
1033 3892 192 55 Cram.
1298 3892 136 53 New
1474 3891 182 55 York.
1693 3888 430 55 Architectural
2155 3885 150 55 book

268 3970 843 72 publishing co., inc. [ ᶜ1 930]
