2428 4370
1067 4018 135 51 1845

137 461 184 67 Miles,
352 477 98 34 PH.
486 477 47 34 D.
569 459 113 52 and
717 475 102 35 one
851 458 77 68 by
960 457 140 53 Mrs.
1136 457 137 53 Eric
1308 457 187 53 Allen.
1569 455 282 56 Stanford

135 455 1972 152 University,
308 536 194 69 Calif.,
544 534 280 57 Stanford
865 533 318 70 university
1222 552 185 51 press;
1448 534 259 69 London,
1746 533 78 54 H.
1864 533 267 69 Milford,

137 614 228 56 Oxford
393 613 318 69 university
738 630 174 50 press,
941 614 152 50 1931.

205 697 115 48 xvii,
350 696 86 40 472
467 706 43 37 p.
569 695 144 47 illus.,
744 694 152 48 diagr.
954 693 60 40 20½ᶜᵐ.

143 750 51 51 ©
225 754 102 41 Oct.
354 753 70 47 26,
454 751 112 41 1931;
623 751 67 40 2c.
719 751 117 39 Nov.
866 751 25 39 5;
950 750 82 39 aff.
1061 750 118 41 Nov.
1209 752 26 37 7;
1293 751 43 38 A
1362 751 145 39 44666;
1565 752 163 39 Board
1758 751 52 39 of
1839 753 212 38 trustees
2081 751 53 40 of

210 811 181 38 Leland
424 808 233 41 Stanford
687 808 164 47 junior
880 806 286 48 university,
1199 806 232 42 Stanford
1465 807 297 48 University,
1794 807 145 41 Calif.

220 864 277 51 (31-32439)

138 959 359 64 Egermeier,
532 957 158 54 Elsie
725 959 47 51 E
1064 962 172 50 1890-

135 1033 1969 146 Boy ’s stories of great men, by Elsie E. Egermeier … Anderson,
378 1113 148 67 Ind.,
554 1113 120 52 The
698 1113 243 53 Warner
967 1129 158 50 press
1263 1115 84 64 [ᶜ1931]

205 1191 437 50 vii, 9-184 p. 19½ ᶜᵐ.
211 1249 183 40 Stories
434 1249 53 40 of
523 1249 247 40 Abraham
807 1248 213 48 Lincoln,
1057 1247 217 42 William
1315 1248 255 41 Crawford
1610 1248 200 47 Gorgas,
1851 1249 191 39 Booker
2077 1250 53 39 T.

139 1304 330 49 Washington,
506 1304 319 48 Washington
858 1304 180 49 Irving,
1074 1305 168 47 Henry
1275 1305 311 41 Wadsworth
1618 1304 314 48 Longfellow,
1964 1305 166 41 James

137 1362 191 41 Jerome
360 1362 116 48 Hill,
509 1362 210 41 Andrew
752 1360 248 50 Carnegie,
1033 1361 147 40 Louis
1213 1361 221 48 Pasteur,
1468 1361 215 41 William
1717 1360 169 49 Carey,
1920 1362 211 40 Thomas

138 1419 120 40 Alva
293 1419 195 48 Edison,
524 1419 186 40 Luther
742 1417 247 49 Burbank,
1024 1417 198 49 Dwight
1259 1418 185 47 Lyman
1480 1419 188 47 Moody,
1704 1418 276 41 Alexander
138 1418 1973 98 Graham
282 1476 120 48 Bell,

437 1476 129 41 John
599 1475 341 47 Wanamaker,
973 1475 168 48 Henry
1174 1474 143 48 Ford,
1349 1474 192 42 Wilbur
1576 1475 95 41 and
1706 1474 182 42 Orville
1923 1475 206 49 Wright,

136 1534 129 39 John
289 1534 57 40 D.
370 1532 320 48 Rockefeller,
716 1533 178 47 Ignace
918 1532 95 40 Jan
1039 1530 327 42 Paderewski.

143 1586 51 53 ©
227 1590 101 42 Oct.
359 1590 69 48 30,
459 1589 141 48 1931;
633 1589 67 40 2c.
731 1590 117 40 Nov.
880 1590 53 47 2;
968 1589 81 40 aff.
1082 1589 119 40 Nov.
1232 1590 54 46 4;
1319 1589 41 39 A
1389 1588 145 41 43899;
1597 1589 173 48 Gospel
1805 1591 213 46 trumpet
2050 1599 82 38 co.,

210 1648 263 46 Anderson,
504 1647 104 39 Ind.
679 1646 278 49 (31-32448)

135 1740 180 65 Field,
344 1741 219 54 Rachel
590 1742 248 63 Lyman,
868 1747 172 49 1894-

203 1817 193 55 Calico
423 1818 161 59 bush,
612 1819 74 67 by
716 1818 211 54 Rachel
957 1818 195 62 Field;
1186 1817 344 69 engravings
1561 1836 71 34 on
1662 1817 160 53 wood
1852 1817 75 70 by
1959 1816 168 53 Allen

131 1894 198 54 Lewis.
394 1895 136 53 New
565 1895 177 69 York,
771 1895 119 53 The
919 1893 333 55 Macmillan
1283 1913 296 52 company,
1611 1898 149 50 1931.

201 1975 1188 49 xi, 213 p. col. front., illus., col. plates. 22½ ᶜᵐ.
142 2031 51 51 ©
222 2035 119 41 Nov.
369 2035 68 46 14,
467 2033 113 41 1931;
638 2032 67 42 2c.
735 2035 94 39 and
859 2033 82 41 aff.
970 2035 117 39 Nov.
1117 2034 58 40 16;
1229 2035 42 39 A
1298 2034 145 40 45014;
1503 2035 282 40 Macmillan
1814 2045 67 30 co.

219 2091 278 48 (31-32338)

135 2183 195 66 Flack,
365 2185 305 64 Marjorie.

206 2262 200 67 Angus
445 2261 113 53 and
600 2261 93 52 the
735 2267 105 63 cat,
881 2261 120 53 told
1043 2262 111 53 and
1198 2261 260 69 pictured
1499 2262 75 70 by
1615 2260 276 70 Marjorie
1933 2260 193 55 Flack.

133 2336 229 55 Garden
395 2337 150 71 City,
576 2338 68 52 N.
678 2338 91 70 Y.,
800 2338 352 70 Doubleday,
1187 2339 193 53 Doran
1413 2343 50 49 &
1496 2357 294 51 company,
1819 2339 125 67 inc.,
1978 2341 150 53 1931.

206 2418 920 49 [32] p. illus. (part col.) 17½ × 25½ ᶜᵐ.
205 2475 288 40 Illustrated
522 2477 98 45 t.-p.
651 2477 95 38 and
773 2475 348 48 lining-papers
1150 2476 50 39 in
1229 2477 169 40 colors.

204 2531 203 41 “Junior
434 2531 191 41 books.”

143 2588 51 51 ©
225 2592 101 40 Oct.
355 2590 69 45 29,
454 2589 112 42 1931;
624 2590 68 42 2c.
722 2592 94 38 and
845 2590 83 40 aff.
956 2591 118 38 Nov.
1105 2590 29 39 6;
1189 2591 40 38 A
1255 2590 144 40 44652;
1460 2592 236 47 Marjorie
1726 2593 154 39 Flack
1906 2593 225 42 Larsson,

212 2648 255 40 Scarsdale.
504 2648 56 40 N.
584 2649 53 38 Y.
709 2647 277 49 (31-32343)

137 2728 237 64 Forbes,
401 2727 250 65 Russell,
684 2732 168 50 1896-

202 2802 358 69 Purchasing
587 2806 139 51 laws
755 2802 92 53 for
876 2809 161 63 state,
1068 2809 224 63 county,
1323 2804 112 55 and
1466 2805 115 68 city
1611 2810 415 63 governments,
2054 2803 77 75 by

134 2879 1749 70 Russell Forbes … New York city, National association
1909 2883 63 52 of
132 2901 1973 124 purchasing
393 2962 213 63 agents,
635 2960 151 52 1931.

203 3039 232 48 32 p. 20 ᶜᵐ.
143 3094 51 51 ©
224 3097 101 41 Oct.
350 3096 70 41 21.
447 3096 139 47 1931;
615 3096 66 41 2c.
709 3098 93 38 and
829 3097 82 41 aff.
940 3095 99 42 Oct.
1068 3097 81 42 24;
1178 3098 39 38 A
1244 3097 171 48 43498;
1445 3099 128 40 Natl.
1604 3109 114 30 assn.
1761 3100 51 39 of
1839 3100 293 47 purchasing

211 3157 181 43 agents,
422 3154 89 40 inc.
585 3153 279 50 (31-32622)

138 3234 234 62 Frasca,
405 3232 245 55 Charles
677 3234 67 54 B.

203 3307 1865 71 Stock swindlers and their methods, by Charles B. Frasca …
138 3385 1437 72 1st printing. New York, C. B. Frasca [ ᶜ 1931]
207 3465 801 51 viii, 209 p. front. (port.) 20½ ᶜᵐ.
144 3521 51 51 ©
224 3525 118 41 Nov.
404 3558 7 14 6,
442 3525 138 42 1931;
612 3525 66 38 2c.
709 3527 91 37 and
832 3525 81 42 aff.
943 3526 117 39 Nov.
1090 3525 53 47 9;
1176 3527 40 38 A
1243 3525 172 43 43892;
1449 3526 48 41 C.
1530 3528 54 41 B.
1615 3528 195 48 Frasca,
1842 3528 118 40 New
1987 3528 146 40 York.

222 3582 278 47 (31-32623)

140 3661 201 65 Golub,
370 3662 180 53 Jacob
579 3664 75 62 S.,
686 3668 169 49 1895-

139 3738 1967 145 In the days of the first temple, by Jacob S. Golub … Cincinnati,
569 3815 1561 70 Dept. of synagogue and school extension of the Union
139 3892 64 53 of
229 3893 302 52 American
563 3894 243 53 Hebrew
834 3894 451 69 congregations,
1315 3899 149 50 1931.
