<alto xmlns="http://www.loc.gov/standards/alto/ns-v3#" xmlns:xlink="http://www.w3.org/1999/xlink" xmlns:xsi="http://www.w3.org/2001/XMLSchema-instance" xsi:schemaLocation="http://www.loc.gov/standards/alto/ns-v3# http://www.loc.gov/alto/v3/alto-3-0.xsd"><Description>
<MeasurementUnit>pixel</MeasurementUnit>
<sourceImageInformation>
<fileName>1931_v28_Part001.pdf</fileName>
</sourceImageInformation>
<OCRProcessing ID="IdOcr">
<ocrProcessingStep>
<processingDateTime>2019-04-22</processingDateTime>
<processingSoftware>
<softwareCreator>ABBYY</softwareCreator>
<softwareName>ABBYY Recognition Server</softwareName>
<softwareVersion>4.0</softwareVersion>
</processingSoftware>
</ocrProcessingStep>
</OCRProcessing>
</Description>
<Styles>
<ParagraphStyle ID="StyleId-FFFFFFFF-FFFF-FFFF-FFFF-FFFFFFFFFFFF-" ALIGN="Left" LEFT="0." RIGHT="0." FIRSTLINE="0."/>
<ParagraphStyle ID="StyleId-204B5AEB-67A1-44E2-A013-34B3A0F3E0EA-" ALIGN="Right" LEFT="0." RIGHT="0." FIRSTLINE="0." LINESPACE="8.300000191"/>
<ParagraphStyle ID="StyleId-03245871-796C-4429-B3C7-F9019C8C5B89-" ALIGN="Left" LEFT="0." RIGHT="0." FIRSTLINE="0." LINESPACE="12.19999981"/>
<ParagraphStyle ID="StyleId-BDCA8811-25FF-44DB-8D6F-2072A4ABC070-" ALIGN="Center" LEFT="0." RIGHT="0." FIRSTLINE="0." LINESPACE="12.19999981"/>
<ParagraphStyle ID="StyleId-2C5B7DF0-AF87-455E-B9A8-6FE387CB59BD-" ALIGN="Left" LEFT="0." RIGHT="0." FIRSTLINE="-13." LINESPACE="8.479999542"/>
<ParagraphStyle ID="StyleId-9FB72FA1-55D5-4161-8333-823D5732F4D0-" ALIGN="Block" LEFT="0." RIGHT="0." FIRSTLINE="-14." LINESPACE="10."/>
<ParagraphStyle ID="StyleId-212AEB8C-A829-4BF1-8E45-5BFE386A469C-" ALIGN="Block" LEFT="0." RIGHT="0." FIRSTLINE="-14." LINESPACE="11.35000038"/>
<ParagraphStyle ID="StyleId-4EC79CC1-EA62-49CE-ABB6-D84DDFCF4C7D-" ALIGN="Block" LEFT="0." RIGHT="0." FIRSTLINE="-10." LINESPACE="12.19999981"/>
<ParagraphStyle ID="StyleId-DAF2E8EE-6444-4951-9284-36A6C020C887-" ALIGN="Left" LEFT="0." RIGHT="0." FIRSTLINE="0." LINESPACE="9.399999619"/>
<ParagraphStyle ID="StyleId-25241749-1672-4977-B19F-38F59800D6D8-" ALIGN="Left" LEFT="0." RIGHT="0." FIRSTLINE="0." LINESPACE="11.10000038"/>
<ParagraphStyle ID="StyleId-8C523E19-EDEF-4F23-B010-536E1A1AAE1A-" ALIGN="Left" LEFT="0." RIGHT="0." FIRSTLINE="-13." LINESPACE="12.19999981"/>
<ParagraphStyle ID="StyleId-A1F9DE9E-2625-4D8B-AD7E-F0A0034C2989-" ALIGN="Block" LEFT="0." RIGHT="0." FIRSTLINE="0." LINESPACE="12.19999981"/>
<ParagraphStyle ID="StyleId-5725BB01-2B1C-440F-BAF2-696C4F4DF162-" ALIGN="Block" LEFT="0." RIGHT="0." FIRSTLINE="13." LINESPACE="12.19999981"/>
<ParagraphStyle ID="StyleId-F10A2092-61AA-44FD-99C2-123B3A8051CF-" ALIGN="Left" LEFT="0." RIGHT="0." FIRSTLINE="0." LINESPACE="5.5"/>
<ParagraphStyle ID="StyleId-B3CDC8CC-D2E1-4A23-B67C-CDD40993D1DD-" ALIGN="Left" LEFT="0." RIGHT="0." FIRSTLINE="0." LINESPACE="10."/>
<ParagraphStyle ID="StyleId-871EBF53-D909-4C8F-B368-AC7D897344DD-" ALIGN="Left" LEFT="0." RIGHT="0." FIRSTLINE="0."/>
<ParagraphStyle ID="StyleId-C4129744-680B-4878-B2C4-44BA3742C8D7-" ALIGN="Block" LEFT="0." RIGHT="0." FIRSTLINE="-14." LINESPACE="11.35000038"/>
<ParagraphStyle ID="StyleId-9CE98075-0B04-43D4-88D8-CE3BAB51B419-" ALIGN="Block" LEFT="0." RIGHT="0." FIRSTLINE="-10." LINESPACE="12.19999981"/>
<ParagraphStyle ID="StyleId-B2CFB7B3-DFFA-4E0E-94D6-C2BCE88DA9A9-" ALIGN="Left" LEFT="0." RIGHT="0." FIRSTLINE="0." LINESPACE="12.5"/>
<ParagraphStyle ID="StyleId-8D3352F3-1084-4DDE-A35D-B97102CCE686-" ALIGN="Left" LEFT="0." RIGHT="0." FIRSTLINE="0." LINESPACE="11.60000038"/>
<ParagraphStyle ID="StyleId-4A8DDA0D-166D-4E22-A597-BA51B892602D-" ALIGN="Block" LEFT="0." RIGHT="0." FIRSTLINE="0." LINESPACE="11.21000004"/>
<ParagraphStyle ID="StyleId-90EA4001-AA3C-45A1-AEDC-D1E1169EE5E5-" ALIGN="Block" LEFT="0." RIGHT="0." FIRSTLINE="13." LINESPACE="12.19999981"/>
</Styles>
<Layout>
<Page ID="Page58" PHYSICAL_IMG_NR="58" HEIGHT="4398" WIDTH="2575">
<TopMargin HEIGHT="445" WIDTH="2575" VPOS="0" HPOS="0">
</TopMargin>
<LeftMargin HEIGHT="3744" WIDTH="257" VPOS="445" HPOS="0">
</LeftMargin>
<RightMargin HEIGHT="3744" WIDTH="181" VPOS="445" HPOS="2394">
</RightMargin>
<BottomMargin HEIGHT="209" WIDTH="2575" VPOS="4189" HPOS="0">
</BottomMargin>
<PrintSpace HEIGHT="3744" WIDTH="2137" VPOS="445" HPOS="257">
<TextBlock ID="Page58_Block1" HEIGHT="139" WIDTH="271" VPOS="4050" HPOS="1246" LANG="en-US" STYLEREFS="StyleId-3AD8927C-BA82-4A8B-9E37-DD94AC29FA6B-">
<TextLine HEIGHT="51" WIDTH="65" VPOS="4052" HPOS="1302">
<String CONTENT="58" HEIGHT="51" WIDTH="65" VPOS="4052" HPOS="1302"/>
</TextLine>
</TextBlock>
<TextBlock ID="Page58_Block2" HEIGHT="3669" WIDTH="2137" VPOS="445" HPOS="257" LANG="en-US" CS="1" STYLEREFS="StyleId-CECFF01D-C767-4E6D-9524-A754C717EC57-">
<Shape>
<Polygon POINTS="257,445 2394,445 2394,4008 1350,4008 1350,4036 1183,4036 1183,4114 257,4114 257,445"/>
</Shape>
<TextLine HEIGHT="49" WIDTH="360" VPOS="462" HPOS="389" CS="1">
<String LANG="de" CONTENT="334" HEIGHT="41" WIDTH="88" VPOS="462" HPOS="389"/>
<SP HEIGHT="48" WIDTH="17" VPOS="463" HPOS="478"/>
<String LANG="de" CONTENT="p." HEIGHT="38" WIDTH="46" VPOS="473" HPOS="496"/>
<SP HEIGHT="41" WIDTH="57" VPOS="463" HPOS="543"/>
<String LANG="de" CONTENT="19" HEIGHT="41" WIDTH="58" VPOS="462" HPOS="601"/>
<String LANG="en-US" CS="1" CONTENT="&#189;&#7580;&#7504;"/>
<String LANG="de" CONTENT="." HEIGHT="9" WIDTH="9" VPOS="495" HPOS="740"/>
</TextLine>
<TextLine HEIGHT="42" WIDTH="894" VPOS="533" HPOS="391">
<String CONTENT="At" HEIGHT="40" WIDTH="65" VPOS="534" HPOS="391"/>
<SP HEIGHT="40" WIDTH="25" VPOS="534" HPOS="457"/>
<String CONTENT="head" HEIGHT="40" WIDTH="126" VPOS="534" HPOS="483"/>
<SP HEIGHT="40" WIDTH="25" VPOS="534" HPOS="610"/>
<String CONTENT="of" HEIGHT="41" WIDTH="52" VPOS="533" HPOS="636"/>
<SP HEIGHT="41" WIDTH="23" VPOS="533" HPOS="689"/>
<String CONTENT="title:" HEIGHT="40" WIDTH="138" VPOS="534" HPOS="713"/>
<SP HEIGHT="40" WIDTH="32" VPOS="534" HPOS="852"/>
<String LANG="la" CONTENT="H." HEIGHT="41" WIDTH="62" VPOS="534" HPOS="885"/>
<SP HEIGHT="42" WIDTH="26" VPOS="533" HPOS="948"/>
<String CONTENT="C." HEIGHT="42" WIDTH="51" VPOS="533" HPOS="975"/>
<SP HEIGHT="41" WIDTH="25" VPOS="534" HPOS="1027"/>
<String CONTENT="McNeile." HEIGHT="41" WIDTH="232" VPOS="533" HPOS="1053"/>
</TextLine>
<TextLine HEIGHT="42" WIDTH="412" VPOS="590" HPOS="393">
<String CONTENT="&#8220;First" HEIGHT="42" WIDTH="163" VPOS="590" HPOS="393"/>
<SP HEIGHT="39" WIDTH="19" VPOS="593" HPOS="557"/>
<String CONTENT="edition.&#8221;" HEIGHT="41" WIDTH="228" VPOS="590" HPOS="577"/>
</TextLine>
<TextLine HEIGHT="55" WIDTH="2015" VPOS="656" HPOS="330">
<String CONTENT="&#169;" HEIGHT="53" WIDTH="52" VPOS="656" HPOS="330"/>
<SP HEIGHT="53" WIDTH="28" VPOS="656" HPOS="383"/>
<String CONTENT="Jan." HEIGHT="41" WIDTH="111" VPOS="661" HPOS="412"/>
<SP HEIGHT="40" WIDTH="26" VPOS="662" HPOS="524"/>
<String CONTENT="16," HEIGHT="48" WIDTH="69" VPOS="661" HPOS="551"/>
<SP HEIGHT="46" WIDTH="28" VPOS="663" HPOS="621"/>
<String CONTENT="1931;" HEIGHT="43" WIDTH="140" VPOS="659" HPOS="650"/>
<SP HEIGHT="41" WIDTH="29" VPOS="661" HPOS="791"/>
<String CONTENT="2c." HEIGHT="40" WIDTH="67" VPOS="661" HPOS="821"/>
<SP HEIGHT="29" WIDTH="28" VPOS="672" HPOS="889"/>
<String CONTENT="and" HEIGHT="39" WIDTH="96" VPOS="662" HPOS="918"/>
<SP HEIGHT="39" WIDTH="27" VPOS="662" HPOS="1015"/>
<String LANG="de" CONTENT="aff." HEIGHT="41" WIDTH="81" VPOS="660" HPOS="1043"/>
<SP HEIGHT="39" WIDTH="30" VPOS="662" HPOS="1125"/>
<String CONTENT="Jan." HEIGHT="41" WIDTH="110" VPOS="662" HPOS="1156"/>
<SP HEIGHT="42" WIDTH="26" VPOS="661" HPOS="1267"/>
<String CONTENT="22;" HEIGHT="47" WIDTH="83" VPOS="661" HPOS="1294"/>
<SP HEIGHT="46" WIDTH="30" VPOS="662" HPOS="1378"/>
<!-- cceid DC1A3BA5-6E8D-1014-9CF5-AEB3FCA41D69 --><String CONTENT="A" HEIGHT="38" WIDTH="43" VPOS="662" HPOS="1409"/>
<SP HEIGHT="40" WIDTH="23" VPOS="661" HPOS="1453"/>
<String CONTENT="33289;" HEIGHT="49" WIDTH="173" VPOS="660" HPOS="1477"/>
<SP HEIGHT="48" WIDTH="29" VPOS="661" HPOS="1651"/>
<String CONTENT="Doubleday," HEIGHT="50" WIDTH="302" VPOS="661" HPOS="1681"/>
<SP HEIGHT="48" WIDTH="29" VPOS="663" HPOS="1984"/>
<String CONTENT="Doran" HEIGHT="41" WIDTH="168" VPOS="663" HPOS="2014"/>
<SP HEIGHT="40" WIDTH="28" VPOS="664" HPOS="2183"/>
<String CONTENT="&amp;" HEIGHT="40" WIDTH="37" VPOS="664" HPOS="2212"/>
<SP HEIGHT="41" WIDTH="26" VPOS="664" HPOS="2250"/>
<String CONTENT="co." HEIGHT="31" WIDTH="68" VPOS="675" HPOS="2277"/>
</TextLine>
<TextLine HEIGHT="49" WIDTH="253" VPOS="718" HPOS="408">
<String CONTENT="(31-2156)" HEIGHT="49" WIDTH="253" VPOS="718" HPOS="408"/>
</TextLine>
<TextLine HEIGHT="66" WIDTH="619" VPOS="844" HPOS="326" STYLEREFS="StyleId-2DAE92E9-652F-4224-90F6-BC7BFC2C0BC3-">
<String CONTENT="March," HEIGHT="66" WIDTH="226" VPOS="844" HPOS="326"/>
<SP HEIGHT="65" WIDTH="29" VPOS="845" HPOS="553"/>
<String CONTENT="Harold," HEIGHT="66" WIDTH="244" VPOS="844" HPOS="583"/>
<SP HEIGHT="45" WIDTH="33" VPOS="865" HPOS="828"/>
<String CONTENT="ed." HEIGHT="54" WIDTH="83" VPOS="846" HPOS="862"/>
</TextLine>
<TextLine HEIGHT="73" WIDTH="1948" VPOS="921" HPOS="393" STYLEREFS="StyleId-5B9A073F-EE78-48DE-BD8C-D8D149494467-">
<String CONTENT="Types" HEIGHT="69" WIDTH="192" VPOS="923" HPOS="393"/>
<SP HEIGHT="36" WIDTH="23" VPOS="940" HPOS="586"/>
<String CONTENT="of" HEIGHT="55" WIDTH="65" VPOS="921" HPOS="610"/>
<SP HEIGHT="55" WIDTH="21" VPOS="921" HPOS="676"/>
<String CONTENT="the" HEIGHT="53" WIDTH="97" VPOS="923" HPOS="698"/>
<SP HEIGHT="53" WIDTH="23" VPOS="923" HPOS="796"/>
<String CONTENT="French" HEIGHT="54" WIDTH="226" VPOS="922" HPOS="820"/>
<SP HEIGHT="54" WIDTH="25" VPOS="922" HPOS="1047"/>
<String CONTENT="short" HEIGHT="54" WIDTH="163" VPOS="922" HPOS="1073"/>
<SP HEIGHT="49" WIDTH="21" VPOS="927" HPOS="1237"/>
<String CONTENT="story," HEIGHT="64" WIDTH="177" VPOS="929" HPOS="1259"/>
<SP HEIGHT="50" WIDTH="22" VPOS="942" HPOS="1437"/>
<String CONTENT="nineteenth" HEIGHT="53" WIDTH="333" VPOS="923" HPOS="1460"/>
<SP HEIGHT="53" WIDTH="26" VPOS="924" HPOS="1794"/>
<String CONTENT="century," HEIGHT="65" WIDTH="255" VPOS="929" HPOS="1821"/>
<SP HEIGHT="49" WIDTH="24" VPOS="944" HPOS="2077"/>
<String CONTENT="selected" HEIGHT="53" WIDTH="239" VPOS="925" HPOS="2102"/>
</TextLine>
<TextLine HEIGHT="70" WIDTH="2019" VPOS="1001" HPOS="323" STYLEREFS="StyleId-5B9A073F-EE78-48DE-BD8C-D8D149494467-" CS="1">
<String CONTENT="and" HEIGHT="52" WIDTH="115" VPOS="1002" HPOS="323"/>
<SP HEIGHT="52" WIDTH="36" VPOS="1002" HPOS="439"/>
<String CONTENT="edited" HEIGHT="53" WIDTH="191" VPOS="1002" HPOS="476"/>
<SP HEIGHT="54" WIDTH="35" VPOS="1001" HPOS="668"/>
<String CONTENT="by" HEIGHT="70" WIDTH="76" VPOS="1001" HPOS="704"/>
<SP HEIGHT="70" WIDTH="34" VPOS="1001" HPOS="781"/>
<String CONTENT="Harold" HEIGHT="53" WIDTH="229" VPOS="1001" HPOS="816"/>
<SP HEIGHT="53" WIDTH="37" VPOS="1001" HPOS="1046"/>
<String CONTENT="March" HEIGHT="54" WIDTH="204" VPOS="1001" HPOS="1084"/>
<SP HEIGHT="53" WIDTH="43" VPOS="1001" HPOS="1289"/>
<String CS="1" CONTENT="&#8230;"/>
<SP HEIGHT="54" WIDTH="79" VPOS="1001" HPOS="1390"/>
<String CONTENT="New" HEIGHT="54" WIDTH="140" VPOS="1001" HPOS="1470"/>
<SP HEIGHT="53" WIDTH="36" VPOS="1002" HPOS="1611"/>
<String CONTENT="York," HEIGHT="69" WIDTH="182" VPOS="1002" HPOS="1648"/>
<SP HEIGHT="68" WIDTH="37" VPOS="1003" HPOS="1831"/>
<String CONTENT="T." HEIGHT="53" WIDTH="65" VPOS="1003" HPOS="1869"/>
<SP HEIGHT="55" WIDTH="41" VPOS="1002" HPOS="1935"/>
<String CONTENT="Nelson" HEIGHT="55" WIDTH="213" VPOS="1002" HPOS="1977"/>
<SP HEIGHT="34" WIDTH="38" VPOS="1022" HPOS="2191"/>
<String CONTENT="and" HEIGHT="52" WIDTH="112" VPOS="1004" HPOS="2230"/>
</TextLine>
<TextLine HEIGHT="65" WIDTH="331" VPOS="1082" HPOS="321" STYLEREFS="StyleId-5B9A073F-EE78-48DE-BD8C-D8D149494467-">
<String CONTENT="sons," HEIGHT="50" WIDTH="148" VPOS="1097" HPOS="321"/>
<SP HEIGHT="64" WIDTH="28" VPOS="1083" HPOS="470"/>
<String CONTENT="1931." HEIGHT="51" WIDTH="153" VPOS="1082" HPOS="499"/>
</TextLine>
<TextLine HEIGHT="50" WIDTH="339" VPOS="1159" HPOS="390" CS="1">
<String CONTENT="274" HEIGHT="42" WIDTH="88" VPOS="1159" HPOS="390"/>
<SP HEIGHT="49" WIDTH="26" VPOS="1160" HPOS="479"/>
<String CONTENT="p." HEIGHT="38" WIDTH="46" VPOS="1171" HPOS="506"/>
<SP HEIGHT="42" WIDTH="59" VPOS="1160" HPOS="553"/>
<String CS="1" CONTENT="17&#7580;&#7504;." HEIGHT="41" WIDTH="116" VPOS="1160" HPOS="613"/>
</TextLine>
<TextLine HEIGHT="106" WIDTH="2004" VPOS="1231" HPOS="321" CS="1">
<String CS="1" CONTENT="CONTENTS.&#8212;Gautier." HEIGHT="42" WIDTH="293" VPOS="1231" HPOS="663"/>
<SP HEIGHT="40" WIDTH="60" VPOS="1231" HPOS="957"/>
<String CONTENT="Le" HEIGHT="42" WIDTH="64" VPOS="1231" HPOS="1018"/>
<SP HEIGHT="39" WIDTH="29" VPOS="1241" HPOS="1083"/>
<String CONTENT="pied" HEIGHT="49" WIDTH="112" VPOS="1231" HPOS="1113"/>
<SP HEIGHT="40" WIDTH="29" VPOS="1233" HPOS="1226"/>
<String LANG="de" CONTENT="de" HEIGHT="40" WIDTH="58" VPOS="1233" HPOS="1256"/>
<SP HEIGHT="31" WIDTH="30" VPOS="1242" HPOS="1315"/>
<String CONTENT="momie.&#8212;Erckmann-Chatrian." HEIGHT="44" WIDTH="811" VPOS="1231" HPOS="1346"/>
<SP HEIGHT="42" WIDTH="60" VPOS="1233" HPOS="2158"/>
<String CONTENT="L&#8217;es" HEIGHT="43" WIDTH="106" VPOS="1233" HPOS="2219"/>
<String LANG="la" CONTENT="quisse" HEIGHT="48" WIDTH="164" VPOS="1289" HPOS="321"/>
</TextLine>
<TextLine HEIGHT="105" WIDTH="2004" VPOS="1288" HPOS="321" CS="1">
<String LANG="en-US" CS="1" CONTENT="myst&#233;rieuse.&#8212;" HEIGHT="46" WIDTH="401" VPOS="1289" HPOS="513"/>
<String LANG="de" CONTENT="Daudet." HEIGHT="42" WIDTH="211" VPOS="1288" HPOS="915"/>
<SP HEIGHT="41" WIDTH="57" VPOS="1288" HPOS="1127"/>
<String LANG="de" CONTENT="La" HEIGHT="41" WIDTH="69" VPOS="1288" HPOS="1185"/>
<SP HEIGHT="39" WIDTH="29" VPOS="1298" HPOS="1255"/>
<String LANG="en-US" CONTENT="partie" HEIGHT="48" WIDTH="161" VPOS="1289" HPOS="1285"/>
<SP HEIGHT="39" WIDTH="30" VPOS="1291" HPOS="1447"/>
<String LANG="de" CONTENT="de" HEIGHT="39" WIDTH="57" VPOS="1291" HPOS="1478"/>
<SP HEIGHT="41" WIDTH="28" VPOS="1289" HPOS="1536"/>
<String LANG="en-US" CONTENT="billard," HEIGHT="49" WIDTH="193" VPOS="1289" HPOS="1565"/>
<SP HEIGHT="49" WIDTH="28" VPOS="1289" HPOS="1759"/>
<String LANG="en-US" CONTENT="La" HEIGHT="41" WIDTH="69" VPOS="1289" HPOS="1788"/>
<SP HEIGHT="38" WIDTH="30" VPOS="1300" HPOS="1858"/>
<String LANG="la" CONTENT="pendule" HEIGHT="48" WIDTH="209" VPOS="1290" HPOS="1889"/>
<SP HEIGHT="41" WIDTH="29" VPOS="1291" HPOS="2099"/>
<String LANG="de" CONTENT="de" HEIGHT="41" WIDTH="57" VPOS="1291" HPOS="2129"/>
<SP HEIGHT="41" WIDTH="30" VPOS="1291" HPOS="2187"/>
<String LANG="en-US" CONTENT="Bougival." HEIGHT="102" WIDTH="2004" VPOS="1291" HPOS="321"/>
</TextLine>
<TextLine HEIGHT="105" WIDTH="2005" VPOS="1345" HPOS="321" CS="1">
<String LANG="en-US" CONTENT="&#8212;" HEIGHT="5" WIDTH="61" VPOS="1369" HPOS="469"/>
<String LANG="de" CONTENT="Zola." HEIGHT="43" WIDTH="130" VPOS="1345" HPOS="531"/>
<SP HEIGHT="43" WIDTH="55" VPOS="1345" HPOS="662"/>
<String LANG="en-US" CONTENT="Les" HEIGHT="41" WIDTH="92" VPOS="1345" HPOS="718"/>
<SP HEIGHT="38" WIDTH="27" VPOS="1355" HPOS="811"/>
<String LANG="en-US" CONTENT="quatre" HEIGHT="46" WIDTH="174" VPOS="1347" HPOS="839"/>
<SP HEIGHT="48" WIDTH="28" VPOS="1345" HPOS="1014"/>
<String LANG="de" CONTENT="journ" HEIGHT="48" WIDTH="148" VPOS="1345" HPOS="1043"/>
<String LANG="en-US" CS="1" CONTENT="&#233;"/>
<String LANG="de" CONTENT="es" HEIGHT="29" WIDTH="50" VPOS="1357" HPOS="1222"/>
<SP HEIGHT="40" WIDTH="28" VPOS="1347" HPOS="1273"/>
<String LANG="de" CONTENT="de" HEIGHT="40" WIDTH="57" VPOS="1347" HPOS="1302"/>
<SP HEIGHT="40" WIDTH="31" VPOS="1347" HPOS="1360"/>
<String LANG="en-US" CONTENT="Jean" HEIGHT="40" WIDTH="124" VPOS="1347" HPOS="1392"/>
<SP HEIGHT="41" WIDTH="29" VPOS="1345" HPOS="1517"/>
<String LANG="en-US" CS="1" CONTENT="Gourdon.&#8212;Copp&#233;e." HEIGHT="50" WIDTH="511" VPOS="1345" HPOS="1547"/>
<SP HEIGHT="41" WIDTH="58" VPOS="1347" HPOS="2059"/>
<String LANG="en-US" CONTENT="Un" HEIGHT="41" WIDTH="76" VPOS="1347" HPOS="2118"/>
<SP HEIGHT="31" WIDTH="27" VPOS="1357" HPOS="2195"/>
<String LANG="en-US" CONTENT="accident," HEIGHT="103" WIDTH="2005" VPOS="1347" HPOS="321"/>
</TextLine>
<TextLine HEIGHT="51" WIDTH="1864" VPOS="1402" HPOS="478" CS="1">
<String CONTENT="La" HEIGHT="42" WIDTH="70" VPOS="1402" HPOS="478"/>
<SP HEIGHT="31" WIDTH="24" VPOS="1413" HPOS="549"/>
<String CONTENT="vieille" HEIGHT="42" WIDTH="161" VPOS="1402" HPOS="574"/>
<SP HEIGHT="40" WIDTH="25" VPOS="1404" HPOS="736"/>
<String CONTENT="tunique.&#8212;Maupassant." HEIGHT="50" WIDTH="622" VPOS="1402" HPOS="762"/>
<SP HEIGHT="42" WIDTH="55" VPOS="1403" HPOS="1385"/>
<String CONTENT="Aux" HEIGHT="41" WIDTH="111" VPOS="1403" HPOS="1441"/>
<SP HEIGHT="31" WIDTH="25" VPOS="1413" HPOS="1553"/>
<String CONTENT="champs," HEIGHT="48" WIDTH="212" VPOS="1405" HPOS="1579"/>
<SP HEIGHT="50" WIDTH="29" VPOS="1403" HPOS="1792"/>
<String CONTENT="Un" HEIGHT="42" WIDTH="78" VPOS="1403" HPOS="1822"/>
<SP HEIGHT="40" WIDTH="26" VPOS="1405" HPOS="1901"/>
<String LANG="de" CONTENT="l" HEIGHT="38" WIDTH="13" VPOS="1405" HPOS="1928"/>
<String CS="1" CONTENT="&#226;"/>
<String LANG="de" CONTENT="che." HEIGHT="42" WIDTH="100" VPOS="1405" HPOS="1979"/>
<String CONTENT="&#8212;Villiers" HEIGHT="44" WIDTH="261" VPOS="1404" HPOS="2081"/>
</TextLine>
<TextLine HEIGHT="51" WIDTH="2022" VPOS="1459" HPOS="322" CS="1">
<String LANG="de" CONTENT="de" HEIGHT="39" WIDTH="56" VPOS="1462" HPOS="322"/>
<SP HEIGHT="41" WIDTH="41" VPOS="1460" HPOS="379"/>
<String LANG="de" CONTENT="L&#8217;Isle-Adam." HEIGHT="42" WIDTH="346" VPOS="1459" HPOS="421"/>
<SP HEIGHT="40" WIDTH="71" VPOS="1460" HPOS="768"/>
<String LANG="en-US" CS="1" CONTENT="L&#8217;inqui&#233;teur," HEIGHT="50" WIDTH="350" VPOS="1460" HPOS="840"/>
<SP HEIGHT="50" WIDTH="44" VPOS="1460" HPOS="1191"/>
<String LANG="en-US" CS="1" CONTENT="L&#8217;h&#233;ro&#239;sme" HEIGHT="42" WIDTH="297" VPOS="1460" HPOS="1236"/>
<SP HEIGHT="40" WIDTH="43" VPOS="1462" HPOS="1534"/>
<String LANG="de" CONTENT="du" HEIGHT="40" WIDTH="66" VPOS="1462" HPOS="1578"/>
<SP HEIGHT="40" WIDTH="45" VPOS="1462" HPOS="1645"/>
<String LANG="en-US" CONTENT="docteur" HEIGHT="41" WIDTH="201" VPOS="1462" HPOS="1691"/>
<SP HEIGHT="39" WIDTH="44" VPOS="1462" HPOS="1893"/>
<String LANG="en-US" CONTENT="Hallidonhill.&#8212;" HEIGHT="42" WIDTH="406" VPOS="1462" HPOS="1938"/>
</TextLine>
<TextLine HEIGHT="49" WIDTH="2018" VPOS="1516" HPOS="325">
<String LANG="en-US" CONTENT="Lemaitre." HEIGHT="42" WIDTH="256" VPOS="1517" HPOS="325"/>
<SP HEIGHT="41" WIDTH="76" VPOS="1517" HPOS="582"/>
<String LANG="en-US" CONTENT="L&#8217;imagination," HEIGHT="49" WIDTH="395" VPOS="1516" HPOS="659"/>
<SP HEIGHT="45" WIDTH="50" VPOS="1518" HPOS="1055"/>
<String LANG="de" CONTENT="Hermengarde," HEIGHT="47" WIDTH="382" VPOS="1518" HPOS="1106"/>
<SP HEIGHT="48" WIDTH="47" VPOS="1517" HPOS="1489"/>
<String LANG="la" CONTENT="Nausicaa." HEIGHT="42" WIDTH="264" VPOS="1517" HPOS="1537"/>
<String LANG="en-US" CONTENT="&#8212;Gourmont." HEIGHT="42" WIDTH="345" VPOS="1518" HPOS="1802"/>
<SP HEIGHT="41" WIDTH="80" VPOS="1520" HPOS="2148"/>
<String LANG="en-US" CONTENT="Jose" HEIGHT="41" WIDTH="114" VPOS="1520" HPOS="2229"/>
</TextLine>
<TextLine HEIGHT="52" WIDTH="2018" VPOS="1573" HPOS="324">
<String LANG="en-US" CONTENT="et" HEIGHT="39" WIDTH="46" VPOS="1576" HPOS="324"/>
<SP HEIGHT="41" WIDTH="26" VPOS="1574" HPOS="371"/>
<String LANG="en-US" CONTENT="Josette.&#8212;Anatole" HEIGHT="41" WIDTH="475" VPOS="1574" HPOS="398"/>
<SP HEIGHT="41" WIDTH="29" VPOS="1574" HPOS="874"/>
<String LANG="en-US" CONTENT="France." HEIGHT="41" WIDTH="200" VPOS="1574" HPOS="904"/>
<SP HEIGHT="40" WIDTH="60" VPOS="1574" HPOS="1105"/>
<String LANG="en-US" CONTENT="L&#8217;ermitage" HEIGHT="49" WIDTH="293" VPOS="1573" HPOS="1166"/>
<SP HEIGHT="39" WIDTH="30" VPOS="1576" HPOS="1460"/>
<String LANG="de" CONTENT="du" HEIGHT="39" WIDTH="65" VPOS="1576" HPOS="1491"/>
<SP HEIGHT="41" WIDTH="28" VPOS="1575" HPOS="1557"/>
<String LANG="en-US" CONTENT="Jardin" HEIGHT="41" WIDTH="178" VPOS="1575" HPOS="1586"/>
<SP HEIGHT="38" WIDTH="31" VPOS="1577" HPOS="1765"/>
<String LANG="la" CONTENT="des" HEIGHT="39" WIDTH="84" VPOS="1577" HPOS="1797"/>
<SP HEIGHT="38" WIDTH="27" VPOS="1586" HPOS="1882"/>
<String LANG="la" CONTENT="plantes," HEIGHT="49" WIDTH="207" VPOS="1576" HPOS="1910"/>
<SP HEIGHT="49" WIDTH="32" VPOS="1576" HPOS="2118"/>
<String LANG="la" CONTENT="Gestas," HEIGHT="47" WIDTH="191" VPOS="1576" HPOS="2151"/>
</TextLine>
<TextLine HEIGHT="49" WIDTH="776" VPOS="1630" HPOS="322">
<String LANG="en-US" CONTENT="Le" HEIGHT="41" WIDTH="63" VPOS="1631" HPOS="322"/>
<SP HEIGHT="48" WIDTH="25" VPOS="1630" HPOS="386"/>
<String LANG="en-US" CONTENT="jongleur" HEIGHT="49" WIDTH="227" VPOS="1630" HPOS="412"/>
<SP HEIGHT="39" WIDTH="24" VPOS="1632" HPOS="640"/>
<String LANG="de" CONTENT="de" HEIGHT="39" WIDTH="58" VPOS="1632" HPOS="665"/>
<SP HEIGHT="41" WIDTH="24" VPOS="1630" HPOS="724"/>
<String LANG="en-US" CONTENT="Notre" HEIGHT="42" WIDTH="152" VPOS="1630" HPOS="749"/>
<SP HEIGHT="42" WIDTH="27" VPOS="1630" HPOS="902"/>
<String LANG="de" CONTENT="Dame." HEIGHT="42" WIDTH="168" VPOS="1630" HPOS="930"/>
</TextLine>
<TextLine HEIGHT="53" WIDTH="2017" VPOS="1699" HPOS="329" LANG="de">
<String CONTENT="&#169;" HEIGHT="52" WIDTH="52" VPOS="1699" HPOS="329"/>
<SP HEIGHT="52" WIDTH="28" VPOS="1699" HPOS="382"/>
<String LANG="en-US" CONTENT="Dec." HEIGHT="40" WIDTH="113" VPOS="1704" HPOS="411"/>
<SP HEIGHT="41" WIDTH="27" VPOS="1703" HPOS="525"/>
<String CONTENT="31," HEIGHT="48" WIDTH="69" VPOS="1703" HPOS="553"/>
<SP HEIGHT="48" WIDTH="28" VPOS="1703" HPOS="623"/>
<String CONTENT="1930;" HEIGHT="49" WIDTH="141" VPOS="1701" HPOS="652"/>
<SP HEIGHT="48" WIDTH="30" VPOS="1702" HPOS="794"/>
<String CONTENT="2c." HEIGHT="41" WIDTH="68" VPOS="1702" HPOS="825"/>
<SP HEIGHT="29" WIDTH="29" VPOS="1714" HPOS="894"/>
<String CONTENT="and" HEIGHT="39" WIDTH="95" VPOS="1704" HPOS="924"/>
<SP HEIGHT="39" WIDTH="29" VPOS="1704" HPOS="1020"/>
<String CONTENT="aff." HEIGHT="41" WIDTH="82" VPOS="1703" HPOS="1050"/>
<SP HEIGHT="40" WIDTH="29" VPOS="1704" HPOS="1133"/>
<String CONTENT="Jan." HEIGHT="40" WIDTH="111" VPOS="1704" HPOS="1163"/>
<SP HEIGHT="39" WIDTH="28" VPOS="1705" HPOS="1275"/>
<String CONTENT="13," HEIGHT="48" WIDTH="68" VPOS="1703" HPOS="1304"/>
<SP HEIGHT="46" WIDTH="30" VPOS="1705" HPOS="1373"/>
<String CONTENT="1931;" HEIGHT="48" WIDTH="142" VPOS="1702" HPOS="1404"/>
<SP HEIGHT="46" WIDTH="30" VPOS="1704" HPOS="1547"/>
<!-- cceid DC1B197F-6E8D-1014-9CF5-AEB3FCA41D69 --><String LANG="en-US" CONTENT="A" HEIGHT="39" WIDTH="44" VPOS="1704" HPOS="1578"/>
<SP HEIGHT="40" WIDTH="25" VPOS="1704" HPOS="1623"/>
<String CONTENT="32788;" HEIGHT="49" WIDTH="173" VPOS="1703" HPOS="1649"/>
<SP HEIGHT="48" WIDTH="31" VPOS="1704" HPOS="1823"/>
<String CONTENT="Thomas" HEIGHT="41" WIDTH="212" VPOS="1704" HPOS="1855"/>
<SP HEIGHT="41" WIDTH="28" VPOS="1704" HPOS="2068"/>
<String CONTENT="Nelson" HEIGHT="40" WIDTH="182" VPOS="1704" HPOS="2097"/>
<SP HEIGHT="40" WIDTH="29" VPOS="1704" HPOS="2280"/>
<String CONTENT="&amp;" HEIGHT="40" WIDTH="36" VPOS="1704" HPOS="2310"/>
</TextLine>
<TextLine HEIGHT="49" WIDTH="451" VPOS="1760" HPOS="399">
<String LANG="en-US" CONTENT="sons." HEIGHT="30" WIDTH="127" VPOS="1772" HPOS="399"/>
<SP HEIGHT="49" WIDTH="70" VPOS="1760" HPOS="527"/>
<String LANG="de" CONTENT="(31-2021)" HEIGHT="49" WIDTH="252" VPOS="1760" HPOS="598"/>
</TextLine>
<TextLine HEIGHT="72" WIDTH="1268" VPOS="1871" HPOS="326" STYLEREFS="StyleId-5B9A073F-EE78-48DE-BD8C-D8D149494467-">
<String CONTENT="Mania," HEIGHT="61" WIDTH="236" VPOS="1871" HPOS="326"/>
<SP HEIGHT="49" WIDTH="26" VPOS="1892" HPOS="563"/>
<String CONTENT="grand" HEIGHT="67" WIDTH="189" VPOS="1874" HPOS="590"/>
<SP HEIGHT="55" WIDTH="25" VPOS="1872" HPOS="780"/>
<String CONTENT="duchess" HEIGHT="55" WIDTH="237" VPOS="1872" HPOS="806"/>
<SP HEIGHT="35" WIDTH="29" VPOS="1893" HPOS="1044"/>
<String CONTENT="of" HEIGHT="69" WIDTH="64" VPOS="1874" HPOS="1074"/>
<SP HEIGHT="70" WIDTH="25" VPOS="1873" HPOS="1139"/>
<String CONTENT="Russia," HEIGHT="69" WIDTH="227" VPOS="1873" HPOS="1165"/>
<SP HEIGHT="64" WIDTH="28" VPOS="1878" HPOS="1393"/>
<String CONTENT="1890-" HEIGHT="50" WIDTH="172" VPOS="1876" HPOS="1422"/>
</TextLine>
<TextLine HEIGHT="74" WIDTH="1950" VPOS="1946" HPOS="391" STYLEREFS="StyleId-5B9A073F-EE78-48DE-BD8C-D8D149494467-">
<String CONTENT="Education" HEIGHT="54" WIDTH="326" VPOS="1946" HPOS="391"/>
<SP HEIGHT="34" WIDTH="31" VPOS="1965" HPOS="718"/>
<String CONTENT="of" HEIGHT="53" WIDTH="62" VPOS="1947" HPOS="750"/>
<SP HEIGHT="54" WIDTH="30" VPOS="1947" HPOS="813"/>
<String CONTENT="a" HEIGHT="35" WIDTH="31" VPOS="1966" HPOS="844"/>
<SP HEIGHT="51" WIDTH="28" VPOS="1966" HPOS="876"/>
<String CONTENT="princess," HEIGHT="69" WIDTH="270" VPOS="1948" HPOS="905"/>
<SP HEIGHT="48" WIDTH="28" VPOS="1967" HPOS="1176"/>
<String CONTENT="a" HEIGHT="34" WIDTH="27" VPOS="1967" HPOS="1205"/>
<SP HEIGHT="35" WIDTH="33" VPOS="1966" HPOS="1233"/>
<String CONTENT="memoir," HEIGHT="67" WIDTH="253" VPOS="1949" HPOS="1267"/>
<SP HEIGHT="68" WIDTH="29" VPOS="1948" HPOS="1521"/>
<String CONTENT="by" HEIGHT="72" WIDTH="74" VPOS="1948" HPOS="1551"/>
<SP HEIGHT="71" WIDTH="27" VPOS="1949" HPOS="1626"/>
<String CONTENT="Marie," HEIGHT="68" WIDTH="203" VPOS="1948" HPOS="1654"/>
<SP HEIGHT="52" WIDTH="30" VPOS="1966" HPOS="1858"/>
<String CONTENT="grand" HEIGHT="70" WIDTH="184" VPOS="1948" HPOS="1889"/>
<SP HEIGHT="52" WIDTH="32" VPOS="1948" HPOS="2074"/>
<String CONTENT="duchess" HEIGHT="54" WIDTH="234" VPOS="1948" HPOS="2107"/>
</TextLine>
<TextLine HEIGHT="68" WIDTH="2020" VPOS="2026" HPOS="321" STYLEREFS="StyleId-5B9A073F-EE78-48DE-BD8C-D8D149494467-">
<String CONTENT="of" HEIGHT="52" WIDTH="63" VPOS="2027" HPOS="321"/>
<SP HEIGHT="54" WIDTH="35" VPOS="2027" HPOS="385"/>
<String CONTENT="Russia;" HEIGHT="67" WIDTH="236" VPOS="2027" HPOS="421"/>
<SP HEIGHT="60" WIDTH="41" VPOS="2034" HPOS="658"/>
<String CONTENT="translated" HEIGHT="53" WIDTH="316" VPOS="2027" HPOS="700"/>
<SP HEIGHT="54" WIDTH="38" VPOS="2026" HPOS="1017"/>
<String CONTENT="from" HEIGHT="56" WIDTH="152" VPOS="2026" HPOS="1056"/>
<SP HEIGHT="48" WIDTH="36" VPOS="2034" HPOS="1209"/>
<String CONTENT="the" HEIGHT="52" WIDTH="94" VPOS="2028" HPOS="1246"/>
<SP HEIGHT="50" WIDTH="40" VPOS="2028" HPOS="1341"/>
<String CONTENT="French" HEIGHT="52" WIDTH="223" VPOS="2028" HPOS="1382"/>
<SP HEIGHT="54" WIDTH="40" VPOS="2028" HPOS="1606"/>
<String CONTENT="&amp;" HEIGHT="50" WIDTH="50" VPOS="2032" HPOS="1647"/>
<SP HEIGHT="54" WIDTH="40" VPOS="2028" HPOS="1698"/>
<String CONTENT="Russian" HEIGHT="52" WIDTH="246" VPOS="2028" HPOS="1739"/>
<SP HEIGHT="34" WIDTH="40" VPOS="2046" HPOS="1986"/>
<String CONTENT="under" HEIGHT="52" WIDTH="177" VPOS="2028" HPOS="2027"/>
<SP HEIGHT="46" WIDTH="42" VPOS="2034" HPOS="2205"/>
<String CONTENT="the" HEIGHT="53" WIDTH="93" VPOS="2027" HPOS="2248"/>
</TextLine>
<TextLine HEIGHT="70" WIDTH="2024" VPOS="2105" HPOS="319" STYLEREFS="StyleId-5B9A073F-EE78-48DE-BD8C-D8D149494467-">
<String CONTENT="editorial" HEIGHT="54" WIDTH="267" VPOS="2105" HPOS="319"/>
<SP HEIGHT="52" WIDTH="27" VPOS="2106" HPOS="587"/>
<String CONTENT="supervision" HEIGHT="70" WIDTH="356" VPOS="2105" HPOS="615"/>
<SP HEIGHT="35" WIDTH="30" VPOS="2124" HPOS="972"/>
<String CONTENT="of" HEIGHT="53" WIDTH="63" VPOS="2106" HPOS="1003"/>
<SP HEIGHT="53" WIDTH="26" VPOS="2105" HPOS="1067"/>
<String CONTENT="Russell" HEIGHT="53" WIDTH="226" VPOS="2105" HPOS="1094"/>
<SP HEIGHT="52" WIDTH="27" VPOS="2106" HPOS="1321"/>
<String CONTENT="Lord." HEIGHT="52" WIDTH="171" VPOS="2106" HPOS="1349"/>
<SP HEIGHT="52" WIDTH="67" VPOS="2106" HPOS="1521"/>
<String CONTENT="New" HEIGHT="53" WIDTH="136" VPOS="2106" HPOS="1589"/>
<SP HEIGHT="52" WIDTH="34" VPOS="2107" HPOS="1726"/>
<String CONTENT="York," HEIGHT="69" WIDTH="178" VPOS="2106" HPOS="1761"/>
<SP HEIGHT="68" WIDTH="28" VPOS="2107" HPOS="1940"/>
<String CONTENT="The" HEIGHT="53" WIDTH="121" VPOS="2106" HPOS="1969"/>
<SP HEIGHT="53" WIDTH="28" VPOS="2107" HPOS="2091"/>
<String CONTENT="Viking" HEIGHT="69" WIDTH="223" VPOS="2106" HPOS="2120"/>
</TextLine>
<TextLine HEIGHT="64" WIDTH="356" VPOS="2189" HPOS="321" STYLEREFS="StyleId-5B9A073F-EE78-48DE-BD8C-D8D149494467-">
<String CONTENT="press," HEIGHT="50" WIDTH="169" VPOS="2203" HPOS="321"/>
<SP HEIGHT="64" WIDTH="33" VPOS="2189" HPOS="491"/>
<String CONTENT="1930." HEIGHT="51" WIDTH="152" VPOS="2189" HPOS="525"/>
</TextLine>
<TextLine HEIGHT="51" WIDTH="1949" VPOS="2268" HPOS="394" CS="1">
<String CONTENT="xii," HEIGHT="49" WIDTH="84" VPOS="2269" HPOS="394"/>
<SP HEIGHT="48" WIDTH="36" VPOS="2270" HPOS="479"/>
<String CONTENT="388" HEIGHT="40" WIDTH="86" VPOS="2270" HPOS="516"/>
<SP HEIGHT="47" WIDTH="39" VPOS="2271" HPOS="603"/>
<String CONTENT="p." HEIGHT="38" WIDTH="41" VPOS="2280" HPOS="643"/>
<SP HEIGHT="43" WIDTH="61" VPOS="2268" HPOS="685"/>
<String CONTENT="front.," HEIGHT="49" WIDTH="163" VPOS="2268" HPOS="747"/>
<SP HEIGHT="39" WIDTH="38" VPOS="2278" HPOS="911"/>
<String CONTENT="plates" HEIGHT="47" WIDTH="160" VPOS="2270" HPOS="950"/>
<SP HEIGHT="49" WIDTH="28" VPOS="2270" HPOS="1111"/>
<String CONTENT="(1" HEIGHT="49" WIDTH="48" VPOS="2270" HPOS="1140"/>
<SP HEIGHT="39" WIDTH="39" VPOS="2270" HPOS="1189"/>
<String CONTENT="double)" HEIGHT="49" WIDTH="197" VPOS="2269" HPOS="1229"/>
<SP HEIGHT="47" WIDTH="48" VPOS="2271" HPOS="1427"/>
<String CONTENT="ports.," HEIGHT="46" WIDTH="163" VPOS="2272" HPOS="1476"/>
<SP HEIGHT="48" WIDTH="42" VPOS="2270" HPOS="1640"/>
<String CONTENT="fold," HEIGHT="40" WIDTH="116" VPOS="2270" HPOS="1683"/>
<SP HEIGHT="37" WIDTH="40" VPOS="2280" HPOS="1800"/>
<String CONTENT="geueal." HEIGHT="46" WIDTH="183" VPOS="2271" HPOS="1841"/>
<SP HEIGHT="38" WIDTH="40" VPOS="2273" HPOS="2025"/>
<String CONTENT="tab." HEIGHT="41" WIDTH="96" VPOS="2271" HPOS="2066"/>
<SP HEIGHT="41" WIDTH="60" VPOS="2271" HPOS="2163"/>
<String CS="1" CONTENT="24&#7580;&#7504;." HEIGHT="41" WIDTH="119" VPOS="2271" HPOS="2224"/>
</TextLine>
<TextLine HEIGHT="49" WIDTH="629" VPOS="2341" HPOS="391">
<String CONTENT="Maps" HEIGHT="49" WIDTH="141" VPOS="2341" HPOS="391"/>
<SP HEIGHT="30" WIDTH="29" VPOS="2352" HPOS="533"/>
<String CONTENT="on" HEIGHT="29" WIDTH="60" VPOS="2352" HPOS="563"/>
<SP HEIGHT="39" WIDTH="33" VPOS="2342" HPOS="624"/>
<String CONTENT="lining-papers." HEIGHT="48" WIDTH="362" VPOS="2341" HPOS="658"/>
</TextLine>
<TextLine HEIGHT="52" WIDTH="2015" VPOS="2410" HPOS="329" CS="1">
<String CONTENT="&#169;" HEIGHT="52" WIDTH="52" VPOS="2410" HPOS="329"/>
<SP HEIGHT="52" WIDTH="33" VPOS="2410" HPOS="382"/>
<String CONTENT="Dec." HEIGHT="39" WIDTH="110" VPOS="2415" HPOS="416"/>
<SP HEIGHT="40" WIDTH="33" VPOS="2414" HPOS="527"/>
<String CONTENT="31," HEIGHT="48" WIDTH="69" VPOS="2414" HPOS="561"/>
<SP HEIGHT="48" WIDTH="34" VPOS="2414" HPOS="631"/>
<String CS="1" CONTENT="1930;" HEIGHT="41" WIDTH="114" VPOS="2413" HPOS="666"/>
<SP HEIGHT="48" WIDTH="34" VPOS="2412" HPOS="808"/>
<String CONTENT="2c." HEIGHT="42" WIDTH="69" VPOS="2412" HPOS="843"/>
<SP HEIGHT="40" WIDTH="32" VPOS="2414" HPOS="913"/>
<String CONTENT="Jan." HEIGHT="40" WIDTH="109" VPOS="2414" HPOS="946"/>
<SP HEIGHT="40" WIDTH="34" VPOS="2414" HPOS="1056"/>
<String CONTENT="7," HEIGHT="47" WIDTH="39" VPOS="2414" HPOS="1091"/>
<SP HEIGHT="46" WIDTH="34" VPOS="2415" HPOS="1131"/>
<String CONTENT="1931;" HEIGHT="48" WIDTH="141" VPOS="2411" HPOS="1166"/>
<SP HEIGHT="36" WIDTH="36" VPOS="2423" HPOS="1308"/>
<String CS="1" CONTENT="aff." HEIGHT="41" WIDTH="82" VPOS="2412" HPOS="1345"/>
<SP HEIGHT="41" WIDTH="34" VPOS="2412" HPOS="1428"/>
<String CONTENT="Jan." HEIGHT="42" WIDTH="110" VPOS="2412" HPOS="1463"/>
<SP HEIGHT="43" WIDTH="32" VPOS="2411" HPOS="1574"/>
<String CONTENT="9;" HEIGHT="49" WIDTH="54" VPOS="2411" HPOS="1607"/>
<SP HEIGHT="47" WIDTH="34" VPOS="2413" HPOS="1662"/>
<!-- cceid DC1BF87E-6E8D-1014-9CF5-AEB3FCA41D69 --><String CONTENT="A" HEIGHT="39" WIDTH="43" VPOS="2413" HPOS="1697"/>
<SP HEIGHT="40" WIDTH="30" VPOS="2413" HPOS="1741"/>
<String CONTENT="32984;" HEIGHT="49" WIDTH="172" VPOS="2411" HPOS="1772"/>
<SP HEIGHT="46" WIDTH="37" VPOS="2414" HPOS="1945"/>
<String CONTENT="Marie," HEIGHT="48" WIDTH="169" VPOS="2413" HPOS="1983"/>
<SP HEIGHT="38" WIDTH="34" VPOS="2423" HPOS="2153"/>
<String CONTENT="grand" HEIGHT="48" WIDTH="156" VPOS="2413" HPOS="2188"/>
</TextLine>
<TextLine HEIGHT="51" WIDTH="1146" VPOS="2469" HPOS="397">
<String CONTENT="duchess" HEIGHT="41" WIDTH="205" VPOS="2472" HPOS="397"/>
<SP HEIGHT="29" WIDTH="26" VPOS="2483" HPOS="603"/>
<String CONTENT="of" HEIGHT="40" WIDTH="52" VPOS="2472" HPOS="630"/>
<SP HEIGHT="39" WIDTH="24" VPOS="2472" HPOS="683"/>
<String CONTENT="Russia," HEIGHT="49" WIDTH="194" VPOS="2471" HPOS="708"/>
<SP HEIGHT="48" WIDTH="25" VPOS="2472" HPOS="903"/>
<String CONTENT="New" HEIGHT="40" WIDTH="119" VPOS="2472" HPOS="929"/>
<SP HEIGHT="40" WIDTH="23" VPOS="2472" HPOS="1049"/>
<String CONTENT="York." HEIGHT="41" WIDTH="146" VPOS="2471" HPOS="1073"/>
<SP HEIGHT="48" WIDTH="70" VPOS="2471" HPOS="1220"/>
<String CONTENT="(31-2427)" HEIGHT="50" WIDTH="252" VPOS="2469" HPOS="1291"/>
</TextLine>
<TextLine HEIGHT="74" WIDTH="2022" VPOS="2581" HPOS="323" STYLEREFS="StyleId-5B9A073F-EE78-48DE-BD8C-D8D149494467-">
<String CONTENT="Michie&#8217;s" HEIGHT="56" WIDTH="271" VPOS="2581" HPOS="323"/>
<SP HEIGHT="52" WIDTH="31" VPOS="2586" HPOS="595"/>
<String CONTENT="digest" HEIGHT="69" WIDTH="186" VPOS="2586" HPOS="627"/>
<SP HEIGHT="49" WIDTH="33" VPOS="2590" HPOS="814"/>
<String CONTENT="of" HEIGHT="54" WIDTH="64" VPOS="2585" HPOS="848"/>
<SP HEIGHT="53" WIDTH="30" VPOS="2585" HPOS="913"/>
<String CONTENT="Virginia" HEIGHT="69" WIDTH="274" VPOS="2584" HPOS="944"/>
<SP HEIGHT="34" WIDTH="34" VPOS="2603" HPOS="1219"/>
<String CONTENT="and" HEIGHT="52" WIDTH="114" VPOS="2585" HPOS="1254"/>
<SP HEIGHT="53" WIDTH="30" VPOS="2584" HPOS="1369"/>
<String CONTENT="West" HEIGHT="53" WIDTH="161" VPOS="2584" HPOS="1400"/>
<SP HEIGHT="53" WIDTH="30" VPOS="2583" HPOS="1562"/>
<String CONTENT="Virginia" HEIGHT="71" WIDTH="271" VPOS="2581" HPOS="1593"/>
<SP HEIGHT="33" WIDTH="34" VPOS="2603" HPOS="1865"/>
<String CONTENT="reports," HEIGHT="63" WIDTH="240" VPOS="2589" HPOS="1900"/>
<SP HEIGHT="67" WIDTH="32" VPOS="2585" HPOS="2141"/>
<String CONTENT="being" HEIGHT="66" WIDTH="171" VPOS="2585" HPOS="2174"/>
</TextLine>
<TextLine HEIGHT="71" WIDTH="1949" VPOS="2662" HPOS="396" STYLEREFS="StyleId-5B9A073F-EE78-48DE-BD8C-D8D149494467-">
<String CONTENT="a" HEIGHT="33" WIDTH="30" VPOS="2684" HPOS="396"/>
<SP HEIGHT="33" WIDTH="34" VPOS="2684" HPOS="427"/>
<String CONTENT="complete" HEIGHT="70" WIDTH="277" VPOS="2663" HPOS="462"/>
<SP HEIGHT="33" WIDTH="33" VPOS="2683" HPOS="740"/>
<String CONTENT="encyclopedia" HEIGHT="68" WIDTH="403" VPOS="2664" HPOS="774"/>
<SP HEIGHT="34" WIDTH="34" VPOS="2682" HPOS="1178"/>
<String CONTENT="and" HEIGHT="52" WIDTH="113" VPOS="2664" HPOS="1213"/>
<SP HEIGHT="52" WIDTH="34" VPOS="2664" HPOS="1327"/>
<String CONTENT="digest" HEIGHT="69" WIDTH="186" VPOS="2662" HPOS="1362"/>
<SP HEIGHT="48" WIDTH="34" VPOS="2667" HPOS="1549"/>
<String CONTENT="of" HEIGHT="52" WIDTH="64" VPOS="2663" HPOS="1584"/>
<SP HEIGHT="52" WIDTH="33" VPOS="2663" HPOS="1649"/>
<String CONTENT="all" HEIGHT="52" WIDTH="76" VPOS="2663" HPOS="1683"/>
<SP HEIGHT="50" WIDTH="33" VPOS="2663" HPOS="1760"/>
<String CONTENT="the" HEIGHT="51" WIDTH="96" VPOS="2664" HPOS="1794"/>
<SP HEIGHT="53" WIDTH="32" VPOS="2662" HPOS="1891"/>
<String CONTENT="Virginia" HEIGHT="69" WIDTH="270" VPOS="2662" HPOS="1924"/>
<SP HEIGHT="34" WIDTH="36" VPOS="2681" HPOS="2195"/>
<String CONTENT="and" HEIGHT="51" WIDTH="113" VPOS="2663" HPOS="2232"/>
</TextLine>
<TextLine HEIGHT="72" WIDTH="1949" VPOS="2740" HPOS="393" STYLEREFS="StyleId-5B9A073F-EE78-48DE-BD8C-D8D149494467-" CS="1">
<String CONTENT="West" HEIGHT="54" WIDTH="159" VPOS="2743" HPOS="393"/>
<SP HEIGHT="53" WIDTH="24" VPOS="2743" HPOS="553"/>
<String CONTENT="Virginia" HEIGHT="70" WIDTH="272" VPOS="2742" HPOS="578"/>
<SP HEIGHT="34" WIDTH="24" VPOS="2762" HPOS="851"/>
<String CONTENT="case" HEIGHT="35" WIDTH="122" VPOS="2760" HPOS="876"/>
<SP HEIGHT="50" WIDTH="23" VPOS="2744" HPOS="999"/>
<String CONTENT="law" HEIGHT="50" WIDTH="111" VPOS="2744" HPOS="1023"/>
<SP HEIGHT="33" WIDTH="23" VPOS="2761" HPOS="1135"/>
<String CONTENT="up" HEIGHT="50" WIDTH="79" VPOS="2760" HPOS="1159"/>
<SP HEIGHT="62" WIDTH="23" VPOS="2748" HPOS="1239"/>
<String CONTENT="to" HEIGHT="47" WIDTH="59" VPOS="2748" HPOS="1263"/>
<SP HEIGHT="34" WIDTH="23" VPOS="2761" HPOS="1323"/>
<String CONTENT="and" HEIGHT="52" WIDTH="113" VPOS="2743" HPOS="1347"/>
<SP HEIGHT="52" WIDTH="24" VPOS="2743" HPOS="1461"/>
<String CONTENT="including" HEIGHT="69" WIDTH="301" VPOS="2740" HPOS="1486"/>
<SP HEIGHT="49" WIDTH="21" VPOS="2760" HPOS="1788"/>
<String CS="1" CONTENT="vol." HEIGHT="34" WIDTH="108" VPOS="2759" HPOS="1810"/>
<SP HEIGHT="46" WIDTH="30" VPOS="2747" HPOS="1919"/>
<String CONTENT="151" HEIGHT="47" WIDTH="97" VPOS="2746" HPOS="1950"/>
<SP HEIGHT="53" WIDTH="24" VPOS="2740" HPOS="2048"/>
<String CONTENT="Virginia" HEIGHT="70" WIDTH="269" VPOS="2740" HPOS="2073"/>
</TextLine>
<TextLine HEIGHT="72" WIDTH="1949" VPOS="2819" HPOS="395" STYLEREFS="StyleId-5B9A073F-EE78-48DE-BD8C-D8D149494467-">
<String CONTENT="reports" HEIGHT="63" WIDTH="223" VPOS="2828" HPOS="395"/>
<SP HEIGHT="34" WIDTH="37" VPOS="2842" HPOS="619"/>
<String CONTENT="and" HEIGHT="52" WIDTH="113" VPOS="2823" HPOS="657"/>
<SP HEIGHT="52" WIDTH="38" VPOS="2823" HPOS="771"/>
<String CONTENT="vol." HEIGHT="51" WIDTH="109" VPOS="2823" HPOS="810"/>
<SP HEIGHT="48" WIDTH="41" VPOS="2825" HPOS="920"/>
<String CONTENT="105" HEIGHT="50" WIDTH="99" VPOS="2824" HPOS="962"/>
<SP HEIGHT="55" WIDTH="34" VPOS="2820" HPOS="1062"/>
<String CONTENT="West" HEIGHT="55" WIDTH="162" VPOS="2820" HPOS="1097"/>
<SP HEIGHT="54" WIDTH="31" VPOS="2819" HPOS="1260"/>
<String CONTENT="Virginia" HEIGHT="70" WIDTH="274" VPOS="2819" HPOS="1292"/>
<SP HEIGHT="34" WIDTH="37" VPOS="2839" HPOS="1567"/>
<String CONTENT="reports." HEIGHT="61" WIDTH="239" VPOS="2826" HPOS="1605"/>
<SP HEIGHT="51" WIDTH="73" VPOS="2820" HPOS="1845"/>
<String CONTENT="Also" HEIGHT="53" WIDTH="143" VPOS="2819" HPOS="1919"/>
<SP HEIGHT="51" WIDTH="37" VPOS="2820" HPOS="2063"/>
<String CONTENT="Federal" HEIGHT="53" WIDTH="243" VPOS="2819" HPOS="2101"/>
</TextLine>
<TextLine HEIGHT="152" WIDTH="1925" VPOS="2897" HPOS="396" STYLEREFS="StyleId-5B9A073F-EE78-48DE-BD8C-D8D149494467-" CS="1">
<String CONTENT="cases" HEIGHT="35" WIDTH="151" VPOS="2920" HPOS="396"/>
<SP HEIGHT="53" WIDTH="32" VPOS="2902" HPOS="548"/>
<String CONTENT="decided" HEIGHT="54" WIDTH="236" VPOS="2900" HPOS="581"/>
<SP HEIGHT="67" WIDTH="31" VPOS="2902" HPOS="818"/>
<String CONTENT="pursuant" HEIGHT="64" WIDTH="281" VPOS="2905" HPOS="850"/>
<SP HEIGHT="46" WIDTH="32" VPOS="2905" HPOS="1132"/>
<String CONTENT="to" HEIGHT="42" WIDTH="59" VPOS="2910" HPOS="1165"/>
<SP HEIGHT="46" WIDTH="31" VPOS="2906" HPOS="1225"/>
<String CONTENT="the" HEIGHT="52" WIDTH="94" VPOS="2900" HPOS="1257"/>
<SP HEIGHT="52" WIDTH="31" VPOS="2900" HPOS="1352"/>
<String CONTENT="law" HEIGHT="51" WIDTH="110" VPOS="2900" HPOS="1384"/>
<SP HEIGHT="34" WIDTH="30" VPOS="2916" HPOS="1495"/>
<String CONTENT="of" HEIGHT="52" WIDTH="64" VPOS="2899" HPOS="1526"/>
<SP HEIGHT="53" WIDTH="29" VPOS="2898" HPOS="1591"/>
<String CONTENT="Virginia" HEIGHT="69" WIDTH="273" VPOS="2898" HPOS="1621"/>
<SP HEIGHT="34" WIDTH="30" VPOS="2917" HPOS="1895"/>
<String CONTENT="or" HEIGHT="34" WIDTH="62" VPOS="2917" HPOS="1926"/>
<SP HEIGHT="54" WIDTH="29" VPOS="2898" HPOS="1989"/>
<String CONTENT="West" HEIGHT="54" WIDTH="161" VPOS="2898" HPOS="2019"/>
<SP HEIGHT="54" WIDTH="30" VPOS="2897" HPOS="2181"/>
<String CONTENT="Virginia" HEIGHT="152" WIDTH="1925" VPOS="2897" HPOS="396"/>
</TextLine>
<TextLine HEIGHT="134" WIDTH="1925" VPOS="2977" HPOS="395" STYLEREFS="StyleId-5B9A073F-EE78-48DE-BD8C-D8D149494467-" CS="1">
<String CONTENT="up" HEIGHT="51" WIDTH="79" VPOS="2997" HPOS="593"/>
<SP HEIGHT="62" WIDTH="38" VPOS="2986" HPOS="673"/>
<String CONTENT="to" HEIGHT="46" WIDTH="58" VPOS="2986" HPOS="712"/>
<SP HEIGHT="35" WIDTH="39" VPOS="2997" HPOS="771"/>
<String CONTENT="and" HEIGHT="52" WIDTH="112" VPOS="2980" HPOS="811"/>
<SP HEIGHT="54" WIDTH="37" VPOS="2978" HPOS="924"/>
<String CONTENT="including" HEIGHT="68" WIDTH="302" VPOS="2978" HPOS="962"/>
<SP HEIGHT="49" WIDTH="36" VPOS="2997" HPOS="1265"/>
<String CONTENT="vol." HEIGHT="50" WIDTH="110" VPOS="2979" HPOS="1302"/>
<SP HEIGHT="48" WIDTH="39" VPOS="2981" HPOS="1413"/>
<String CONTENT="22F." HEIGHT="51" WIDTH="135" VPOS="2977" HPOS="1453"/>
<SP HEIGHT="68" WIDTH="51" VPOS="2977" HPOS="1589"/>
<String CONTENT="(2d)" HEIGHT="69" WIDTH="127" VPOS="2977" HPOS="1641"/>
<SP HEIGHT="69" WIDTH="83" VPOS="2977" HPOS="1769"/>
<String CONTENT="Under" HEIGHT="53" WIDTH="202" VPOS="2977" HPOS="1853"/>
<SP HEIGHT="49" WIDTH="36" VPOS="2980" HPOS="2056"/>
<String CONTENT="the" HEIGHT="53" WIDTH="94" VPOS="2977" HPOS="2093"/>
<SP HEIGHT="34" WIDTH="39" VPOS="2996" HPOS="2188"/>
<String CONTENT="editorial" HEIGHT="134" WIDTH="1925" VPOS="2977" HPOS="395"/>
</TextLine>
<TextLine HEIGHT="70" WIDTH="1743" VPOS="3055" HPOS="602" STYLEREFS="StyleId-5B9A073F-EE78-48DE-BD8C-D8D149494467-">
<String CONTENT="supervision" HEIGHT="67" WIDTH="361" VPOS="3058" HPOS="602"/>
<SP HEIGHT="34" WIDTH="32" VPOS="3076" HPOS="964"/>
<String CONTENT="of" HEIGHT="53" WIDTH="63" VPOS="3057" HPOS="997"/>
<SP HEIGHT="52" WIDTH="32" VPOS="3057" HPOS="1061"/>
<String CONTENT="A." HEIGHT="51" WIDTH="70" VPOS="3057" HPOS="1094"/>
<SP HEIGHT="52" WIDTH="36" VPOS="3056" HPOS="1165"/>
<String CONTENT="Hewson" HEIGHT="53" WIDTH="252" VPOS="3056" HPOS="1202"/>
<SP HEIGHT="53" WIDTH="31" VPOS="3056" HPOS="1455"/>
<String CONTENT="Michie," HEIGHT="69" WIDTH="232" VPOS="3056" HPOS="1487"/>
<SP HEIGHT="49" WIDTH="32" VPOS="3076" HPOS="1720"/>
<String CONTENT="assisted" HEIGHT="53" WIDTH="239" VPOS="3056" HPOS="1753"/>
<SP HEIGHT="52" WIDTH="33" VPOS="3057" HPOS="1993"/>
<String CONTENT="by" HEIGHT="68" WIDTH="74" VPOS="3057" HPOS="2027"/>
<SP HEIGHT="69" WIDTH="33" VPOS="3056" HPOS="2102"/>
<String CONTENT="Beirne" HEIGHT="52" WIDTH="209" VPOS="3055" HPOS="2136"/>
</TextLine>
<TextLine HEIGHT="71" WIDTH="1945" VPOS="3134" HPOS="398" STYLEREFS="StyleId-5B9A073F-EE78-48DE-BD8C-D8D149494467-">
<String CONTENT="Stedman," HEIGHT="70" WIDTH="294" VPOS="3135" HPOS="398"/>
<SP HEIGHT="68" WIDTH="30" VPOS="3137" HPOS="693"/>
<String CONTENT="A." HEIGHT="51" WIDTH="70" VPOS="3137" HPOS="724"/>
<SP HEIGHT="53" WIDTH="32" VPOS="3135" HPOS="795"/>
<String CONTENT="R." HEIGHT="53" WIDTH="67" VPOS="3135" HPOS="828"/>
<SP HEIGHT="52" WIDTH="33" VPOS="3136" HPOS="896"/>
<String CONTENT="Yellott" HEIGHT="52" WIDTH="221" VPOS="3136" HPOS="930"/>
<SP HEIGHT="48" WIDTH="33" VPOS="3140" HPOS="1152"/>
<String CONTENT="and" HEIGHT="54" WIDTH="112" VPOS="3136" HPOS="1186"/>
<SP HEIGHT="55" WIDTH="31" VPOS="3135" HPOS="1299"/>
<String CONTENT="Harry" HEIGHT="69" WIDTH="201" VPOS="3135" HPOS="1331"/>
<SP HEIGHT="70" WIDTH="32" VPOS="3134" HPOS="1533"/>
<String CONTENT="Casparian." HEIGHT="69" WIDTH="336" VPOS="3134" HPOS="1566"/>
<SP HEIGHT="52" WIDTH="74" VPOS="3134" HPOS="1903"/>
<String CONTENT="Indexed" HEIGHT="53" WIDTH="259" VPOS="3134" HPOS="1978"/>
<SP HEIGHT="53" WIDTH="31" VPOS="3134" HPOS="2238"/>
<String CONTENT="by" HEIGHT="69" WIDTH="73" VPOS="3135" HPOS="2270"/>
</TextLine>
<TextLine HEIGHT="69" WIDTH="1948" VPOS="3213" HPOS="395" STYLEREFS="StyleId-5B9A073F-EE78-48DE-BD8C-D8D149494467-">
<String CONTENT="Thomas" HEIGHT="52" WIDTH="250" VPOS="3217" HPOS="395"/>
<SP HEIGHT="54" WIDTH="42" VPOS="3216" HPOS="646"/>
<String CONTENT="Johnson" HEIGHT="54" WIDTH="265" VPOS="3216" HPOS="689"/>
<SP HEIGHT="52" WIDTH="40" VPOS="3214" HPOS="955"/>
<String CONTENT="Michie." HEIGHT="53" WIDTH="231" VPOS="3214" HPOS="996"/>
<SP HEIGHT="33" WIDTH="74" VPOS="3233" HPOS="1228"/>
<String CONTENT="v." HEIGHT="33" WIDTH="51" VPOS="3233" HPOS="1303"/>
<SP HEIGHT="49" WIDTH="45" VPOS="3217" HPOS="1355"/>
<String CONTENT="8." HEIGHT="49" WIDTH="44" VPOS="3217" HPOS="1401"/>
<SP HEIGHT="55" WIDTH="78" VPOS="3213" HPOS="1446"/>
<String CONTENT="Charlottesville," HEIGHT="69" WIDTH="482" VPOS="3213" HPOS="1525"/>
<SP HEIGHT="69" WIDTH="43" VPOS="3213" HPOS="2008"/>
<String CONTENT="Va.," HEIGHT="68" WIDTH="124" VPOS="3213" HPOS="2052"/>
<SP HEIGHT="67" WIDTH="45" VPOS="3214" HPOS="2177"/>
<String CONTENT="The" HEIGHT="52" WIDTH="120" VPOS="3214" HPOS="2223"/>
</TextLine>
<TextLine HEIGHT="67" WIDTH="726" VPOS="3294" HPOS="395" STYLEREFS="StyleId-5B9A073F-EE78-48DE-BD8C-D8D149494467-">
<String CONTENT="Michie" HEIGHT="55" WIDTH="214" VPOS="3294" HPOS="395"/>
<SP HEIGHT="34" WIDTH="28" VPOS="3313" HPOS="610"/>
<String CONTENT="company," HEIGHT="50" WIDTH="299" VPOS="3311" HPOS="639"/>
<SP HEIGHT="64" WIDTH="31" VPOS="3297" HPOS="939"/>
<String CONTENT="1931." HEIGHT="50" WIDTH="150" VPOS="3295" HPOS="971"/>
</TextLine>
<TextLine HEIGHT="52" WIDTH="568" VPOS="3372" HPOS="396" CS="1">
<String CONTENT="2" HEIGHT="39" WIDTH="26" VPOS="3375" HPOS="396"/>
<SP HEIGHT="49" WIDTH="26" VPOS="3375" HPOS="423"/>
<String LANG="la" CONTENT="p." HEIGHT="37" WIDTH="43" VPOS="3387" HPOS="450"/>
<SP HEIGHT="38" WIDTH="27" VPOS="3378" HPOS="494"/>
<String CONTENT="1.," HEIGHT="45" WIDTH="44" VPOS="3378" HPOS="522"/>
<SP HEIGHT="48" WIDTH="28" VPOS="3375" HPOS="567"/>
<String CONTENT="1172" HEIGHT="43" WIDTH="114" VPOS="3372" HPOS="596"/>
<SP HEIGHT="50" WIDTH="28" VPOS="3372" HPOS="711"/>
<String CONTENT="p." HEIGHT="37" WIDTH="41" VPOS="3385" HPOS="740"/>
<SP HEIGHT="41" WIDTH="63" VPOS="3373" HPOS="782"/>
<String CS="1" CONTENT="26&#7580;&#7504;." HEIGHT="41" WIDTH="118" VPOS="3373" HPOS="846"/>
</TextLine>
<TextLine HEIGHT="54" WIDTH="1707" VPOS="3442" HPOS="331" CS="1">
<String CONTENT="&#169;" HEIGHT="53" WIDTH="52" VPOS="3443" HPOS="331"/>
<SP HEIGHT="53" WIDTH="30" VPOS="3443" HPOS="384"/>
<String CONTENT="Jan." HEIGHT="40" WIDTH="111" VPOS="3448" HPOS="415"/>
<SP HEIGHT="41" WIDTH="29" VPOS="3447" HPOS="527"/>
<String CONTENT="1," HEIGHT="48" WIDTH="38" VPOS="3447" HPOS="557"/>
<SP HEIGHT="47" WIDTH="32" VPOS="3448" HPOS="596"/>
<String CS="1" CONTENT="1931;" HEIGHT="42" WIDTH="110" VPOS="3444" HPOS="629"/>
<SP HEIGHT="42" WIDTH="32" VPOS="3444" HPOS="770"/>
<String CONTENT="2c." HEIGHT="42" WIDTH="67" VPOS="3444" HPOS="803"/>
<SP HEIGHT="41" WIDTH="31" VPOS="3445" HPOS="871"/>
<String CONTENT="Jan." HEIGHT="40" WIDTH="110" VPOS="3445" HPOS="903"/>
<SP HEIGHT="39" WIDTH="30" VPOS="3446" HPOS="1014"/>
<String CONTENT="3;" HEIGHT="45" WIDTH="53" VPOS="3446" HPOS="1045"/>
<SP HEIGHT="35" WIDTH="34" VPOS="3456" HPOS="1099"/>
<String LANG="de" CONTENT="aff." HEIGHT="41" WIDTH="83" VPOS="3444" HPOS="1134"/>
<SP HEIGHT="41" WIDTH="30" VPOS="3444" HPOS="1218"/>
<String CONTENT="Jan." HEIGHT="40" WIDTH="110" VPOS="3444" HPOS="1249"/>
<SP HEIGHT="40" WIDTH="32" VPOS="3444" HPOS="1360"/>
<String CONTENT="5;" HEIGHT="47" WIDTH="52" VPOS="3444" HPOS="1393"/>
<SP HEIGHT="47" WIDTH="32" VPOS="3444" HPOS="1446"/>
<!-- cceid DC1CCC62-6E8D-1014-9CF5-AEB3FCA41D69 --><String CONTENT="A" HEIGHT="39" WIDTH="41" VPOS="3444" HPOS="1479"/>
<SP HEIGHT="40" WIDTH="29" VPOS="3444" HPOS="1521"/>
<String CONTENT="31997;" HEIGHT="49" WIDTH="172" VPOS="3442" HPOS="1551"/>
<SP HEIGHT="46" WIDTH="33" VPOS="3445" HPOS="1724"/>
<String CONTENT="Michie" HEIGHT="41" WIDTH="179" VPOS="3443" HPOS="1758"/>
<SP HEIGHT="30" WIDTH="31" VPOS="3454" HPOS="1938"/>
<String CONTENT="co." HEIGHT="31" WIDTH="68" VPOS="3453" HPOS="1970"/>
</TextLine>
<TextLine HEIGHT="64" WIDTH="969" VPOS="3557" HPOS="329" STYLEREFS="StyleId-5B9A073F-EE78-48DE-BD8C-D8D149494467-">
<String CONTENT="Millar," HEIGHT="64" WIDTH="213" VPOS="3557" HPOS="329"/>
<SP HEIGHT="64" WIDTH="31" VPOS="3557" HPOS="543"/>
<String CONTENT="Charles" HEIGHT="54" WIDTH="248" VPOS="3557" HPOS="575"/>
<SP HEIGHT="51" WIDTH="27" VPOS="3557" HPOS="824"/>
<String CONTENT="Ernest," HEIGHT="61" WIDTH="239" VPOS="3557" HPOS="852"/>
<SP HEIGHT="57" WIDTH="33" VPOS="3561" HPOS="1092"/>
<String CONTENT="1885-" HEIGHT="49" WIDTH="172" VPOS="3560" HPOS="1126"/>
</TextLine>
<TextLine HEIGHT="71" WIDTH="1882" VPOS="3631" HPOS="399" STYLEREFS="StyleId-5B9A073F-EE78-48DE-BD8C-D8D149494467-" CS="1">
<String CONTENT="Soils" HEIGHT="57" WIDTH="150" VPOS="3635" HPOS="399"/>
<SP HEIGHT="36" WIDTH="44" VPOS="3654" HPOS="550"/>
<String CONTENT="and" HEIGHT="53" WIDTH="112" VPOS="3635" HPOS="595"/>
<SP HEIGHT="53" WIDTH="44" VPOS="3635" HPOS="708"/>
<String CONTENT="soil" HEIGHT="55" WIDTH="106" VPOS="3633" HPOS="753"/>
<SP HEIGHT="51" WIDTH="42" VPOS="3635" HPOS="860"/>
<String CONTENT="management," HEIGHT="64" WIDTH="419" VPOS="3638" HPOS="903"/>
<SP HEIGHT="67" WIDTH="43" VPOS="3633" HPOS="1323"/>
<String CONTENT="by" HEIGHT="69" WIDTH="76" VPOS="3633" HPOS="1367"/>
<SP HEIGHT="71" WIDTH="46" VPOS="3631" HPOS="1444"/>
<String CONTENT="Charles" HEIGHT="56" WIDTH="237" VPOS="3631" HPOS="1491"/>
<SP HEIGHT="52" WIDTH="43" VPOS="3633" HPOS="1729"/>
<String CONTENT="Ernest" HEIGHT="52" WIDTH="210" VPOS="3633" HPOS="1773"/>
<SP HEIGHT="52" WIDTH="44" VPOS="3632" HPOS="1984"/>
<String CONTENT="Millar" HEIGHT="52" WIDTH="201" VPOS="3632" HPOS="2029"/>
<SP HEIGHT="33" WIDTH="50" VPOS="3651" HPOS="2231"/>
<String CS="1" CONTENT="&#8230;"/>
</TextLine>
<TextLine HEIGHT="72" WIDTH="1781" VPOS="3711" HPOS="328" STYLEREFS="StyleId-5B9A073F-EE78-48DE-BD8C-D8D149494467-" CS="1">
<String CONTENT="St." HEIGHT="55" WIDTH="83" VPOS="3716" HPOS="328"/>
<SP HEIGHT="53" WIDTH="28" VPOS="3716" HPOS="412"/>
<String CONTENT="Paul," HEIGHT="68" WIDTH="167" VPOS="3715" HPOS="441"/>
<SP HEIGHT="69" WIDTH="28" VPOS="3714" HPOS="609"/>
<String CONTENT="Minn.," HEIGHT="68" WIDTH="204" VPOS="3713" HPOS="638"/>
<SP HEIGHT="68" WIDTH="26" VPOS="3713" HPOS="843"/>
<String CONTENT="Webb" HEIGHT="56" WIDTH="182" VPOS="3712" HPOS="870"/>
<SP HEIGHT="54" WIDTH="28" VPOS="3712" HPOS="1053"/>
<String CONTENT="book" HEIGHT="55" WIDTH="149" VPOS="3711" HPOS="1082"/>
<SP HEIGHT="70" WIDTH="27" VPOS="3711" HPOS="1232"/>
<String CONTENT="publishing" HEIGHT="72" WIDTH="339" VPOS="3711" HPOS="1260"/>
<SP HEIGHT="52" WIDTH="26" VPOS="3731" HPOS="1600"/>
<String CS="1" CONTENT="company," HEIGHT="50" WIDTH="299" VPOS="3730" HPOS="1627"/>
<SP HEIGHT="66" WIDTH="31" VPOS="3713" HPOS="1927"/>
<String CONTENT="1930." HEIGHT="52" WIDTH="150" VPOS="3712" HPOS="1959"/>
</TextLine>
<TextLine HEIGHT="53" WIDTH="1239" VPOS="3794" HPOS="393" CS="1">
<String CONTENT="477" HEIGHT="39" WIDTH="86" VPOS="3800" HPOS="393"/>
<SP HEIGHT="47" WIDTH="24" VPOS="3800" HPOS="480"/>
<String CONTENT="p." HEIGHT="38" WIDTH="45" VPOS="3809" HPOS="505"/>
<SP HEIGHT="42" WIDTH="22" VPOS="3797" HPOS="551"/>
<String CONTENT="incl." HEIGHT="40" WIDTH="111" VPOS="3797" HPOS="574"/>
<SP HEIGHT="40" WIDTH="25" VPOS="3797" HPOS="686"/>
<String CONTENT="front.," HEIGHT="47" WIDTH="164" VPOS="3797" HPOS="712"/>
<SP HEIGHT="47" WIDTH="27" VPOS="3797" HPOS="877"/>
<String CONTENT="illus.," HEIGHT="47" WIDTH="144" VPOS="3797" HPOS="905"/>
<SP HEIGHT="46" WIDTH="26" VPOS="3798" HPOS="1050"/>
<String CONTENT="tables," HEIGHT="45" WIDTH="170" VPOS="3797" HPOS="1077"/>
<SP HEIGHT="46" WIDTH="25" VPOS="3796" HPOS="1248"/>
<String CONTENT="diagrs." HEIGHT="49" WIDTH="180" VPOS="3794" HPOS="1274"/>
<SP HEIGHT="39" WIDTH="59" VPOS="3796" HPOS="1455"/>
<String CS="1" CONTENT="20&#7580;&#7504;." HEIGHT="8" WIDTH="8" VPOS="3829" HPOS="1624"/>
</TextLine>
<TextLine HEIGHT="48" WIDTH="1018" VPOS="3866" HPOS="394">
<String CONTENT="&#8220;References&#8221;" HEIGHT="42" WIDTH="350" VPOS="3867" HPOS="394"/>
<SP HEIGHT="40" WIDTH="28" VPOS="3867" HPOS="745"/>
<String CONTENT="at" HEIGHT="38" WIDTH="52" VPOS="3869" HPOS="774"/>
<SP HEIGHT="38" WIDTH="24" VPOS="3869" HPOS="827"/>
<String CONTENT="end" HEIGHT="39" WIDTH="92" VPOS="3868" HPOS="852"/>
<SP HEIGHT="40" WIDTH="26" VPOS="3868" HPOS="945"/>
<String CONTENT="of" HEIGHT="42" WIDTH="52" VPOS="3866" HPOS="972"/>
<SP HEIGHT="40" WIDTH="24" VPOS="3866" HPOS="1025"/>
<String CONTENT="each" HEIGHT="40" WIDTH="119" VPOS="3867" HPOS="1050"/>
<SP HEIGHT="40" WIDTH="26" VPOS="3867" HPOS="1170"/>
<String CONTENT="chapter." HEIGHT="48" WIDTH="215" VPOS="3866" HPOS="1197"/>
</TextLine>
<TextLine HEIGHT="54" WIDTH="2001" VPOS="3933" HPOS="338">
<String CONTENT="&#169;" HEIGHT="51" WIDTH="44" VPOS="3936" HPOS="338"/>
<SP HEIGHT="51" WIDTH="25" VPOS="3936" HPOS="383"/>
<String CONTENT="Dec." HEIGHT="40" WIDTH="113" VPOS="3940" HPOS="409"/>
<SP HEIGHT="40" WIDTH="22" VPOS="3940" HPOS="523"/>
<String CONTENT="3," HEIGHT="47" WIDTH="39" VPOS="3940" HPOS="546"/>
<SP HEIGHT="47" WIDTH="24" VPOS="3940" HPOS="586"/>
<String CONTENT="1930;" HEIGHT="47" WIDTH="142" VPOS="3939" HPOS="611"/>
<SP HEIGHT="47" WIDTH="26" VPOS="3939" HPOS="754"/>
<String CONTENT="2c." HEIGHT="41" WIDTH="68" VPOS="3939" HPOS="781"/>
<SP HEIGHT="41" WIDTH="24" VPOS="3939" HPOS="850"/>
<String CONTENT="Jan." HEIGHT="40" WIDTH="110" VPOS="3939" HPOS="875"/>
<SP HEIGHT="40" WIDTH="26" VPOS="3939" HPOS="986"/>
<String CONTENT="12," HEIGHT="48" WIDTH="67" VPOS="3937" HPOS="1013"/>
<SP HEIGHT="47" WIDTH="26" VPOS="3938" HPOS="1081"/>
<String CONTENT="1931;" HEIGHT="47" WIDTH="140" VPOS="3937" HPOS="1108"/>
<SP HEIGHT="36" WIDTH="28" VPOS="3948" HPOS="1249"/>
<String LANG="de" CONTENT="aff." HEIGHT="42" WIDTH="82" VPOS="3936" HPOS="1278"/>
<SP HEIGHT="41" WIDTH="25" VPOS="3937" HPOS="1361"/>
<String CONTENT="Jan." HEIGHT="41" WIDTH="110" VPOS="3937" HPOS="1387"/>
<SP HEIGHT="39" WIDTH="26" VPOS="3939" HPOS="1498"/>
<String CONTENT="10;" HEIGHT="48" WIDTH="81" VPOS="3936" HPOS="1525"/>
<SP HEIGHT="48" WIDTH="28" VPOS="3936" HPOS="1607"/>
<!-- cceid DC1DB2F2-6E8D-1014-9CF5-AEB3FCA41D69 --><String CONTENT="A" HEIGHT="39" WIDTH="41" VPOS="3936" HPOS="1636"/>
<SP HEIGHT="41" WIDTH="23" VPOS="3936" HPOS="1678"/>
<String CONTENT="32749;" HEIGHT="49" WIDTH="171" VPOS="3934" HPOS="1702"/>
<SP HEIGHT="47" WIDTH="29" VPOS="3936" HPOS="1874"/>
<String CONTENT="Webb" HEIGHT="40" WIDTH="148" VPOS="3936" HPOS="1904"/>
<SP HEIGHT="38" WIDTH="24" VPOS="3936" HPOS="2053"/>
<String CONTENT="book" HEIGHT="39" WIDTH="124" VPOS="3935" HPOS="2078"/>
<SP HEIGHT="47" WIDTH="26" VPOS="3935" HPOS="2203"/>
<String CONTENT="pub." HEIGHT="49" WIDTH="109" VPOS="3933" HPOS="2230"/>
</TextLine>
<TextLine HEIGHT="55" WIDTH="892" VPOS="3992" HPOS="398">
<String CONTENT="co." HEIGHT="29" WIDTH="65" VPOS="4009" HPOS="398"/>
<SP HEIGHT="30" WIDTH="65" VPOS="4017" HPOS="464"/>
<String CONTENT="[&#169;" HEIGHT="55" WIDTH="68" VPOS="3992" HPOS="530"/>
<SP HEIGHT="53" WIDTH="30" VPOS="3992" HPOS="599"/>
<String CONTENT="new" HEIGHT="30" WIDTH="107" VPOS="4007" HPOS="630"/>
<SP HEIGHT="29" WIDTH="28" VPOS="4008" HPOS="738"/>
<String CONTENT="matter]" HEIGHT="48" WIDTH="195" VPOS="3998" HPOS="767"/>
<SP HEIGHT="51" WIDTH="75" VPOS="3995" HPOS="963"/>
<String CONTENT="(31-2150)" HEIGHT="50" WIDTH="251" VPOS="3994" HPOS="1039"/>
</TextLine>
</TextBlock>
</PrintSpace>
</Page>
</Layout>
</alto>