<alto xmlns="http://www.loc.gov/standards/alto/ns-v3#" xmlns:xlink="http://www.w3.org/1999/xlink" xmlns:xsi="http://www.w3.org/2001/XMLSchema-instance" xsi:schemaLocation="http://www.loc.gov/standards/alto/ns-v3# http://www.loc.gov/alto/v3/alto-3-0.xsd"><Description>
<MeasurementUnit>pixel</MeasurementUnit>
<sourceImageInformation>
<fileName>1931_v28_Part001.pdf</fileName>
</sourceImageInformation>
<OCRProcessing ID="IdOcr">
<ocrProcessingStep>
<processingDateTime>2019-04-22</processingDateTime>
<processingSoftware>
<softwareCreator>ABBYY</softwareCreator>
<softwareName>ABBYY Recognition Server</softwareName>
<softwareVersion>4.0</softwareVersion>
</processingSoftware>
</ocrProcessingStep>
</OCRProcessing>
</Description>
<Styles>
<ParagraphStyle ID="StyleId-FFFFFFFF-FFFF-FFFF-FFFF-FFFFFFFFFFFF-" ALIGN="Left" LEFT="0." RIGHT="0." FIRSTLINE="0."/>
<ParagraphStyle ID="StyleId-204B5AEB-67A1-44E2-A013-34B3A0F3E0EA-" ALIGN="Right" LEFT="0." RIGHT="0." FIRSTLINE="0." LINESPACE="8.300000191"/>
<ParagraphStyle ID="StyleId-03245871-796C-4429-B3C7-F9019C8C5B89-" ALIGN="Left" LEFT="0." RIGHT="0." FIRSTLINE="0." LINESPACE="12.19999981"/>
<ParagraphStyle ID="StyleId-BDCA8811-25FF-44DB-8D6F-2072A4ABC070-" ALIGN="Center" LEFT="0." RIGHT="0." FIRSTLINE="0." LINESPACE="12.19999981"/>
<ParagraphStyle ID="StyleId-2C5B7DF0-AF87-455E-B9A8-6FE387CB59BD-" ALIGN="Left" LEFT="0." RIGHT="0." FIRSTLINE="-13." LINESPACE="8.479999542"/>
<ParagraphStyle ID="StyleId-9FB72FA1-55D5-4161-8333-823D5732F4D0-" ALIGN="Block" LEFT="0." RIGHT="0." FIRSTLINE="-14." LINESPACE="10."/>
<ParagraphStyle ID="StyleId-212AEB8C-A829-4BF1-8E45-5BFE386A469C-" ALIGN="Block" LEFT="0." RIGHT="0." FIRSTLINE="-14." LINESPACE="11.35000038"/>
<ParagraphStyle ID="StyleId-4EC79CC1-EA62-49CE-ABB6-D84DDFCF4C7D-" ALIGN="Block" LEFT="0." RIGHT="0." FIRSTLINE="-10." LINESPACE="12.19999981"/>
<ParagraphStyle ID="StyleId-DAF2E8EE-6444-4951-9284-36A6C020C887-" ALIGN="Left" LEFT="0." RIGHT="0." FIRSTLINE="0." LINESPACE="9.399999619"/>
<ParagraphStyle ID="StyleId-25241749-1672-4977-B19F-38F59800D6D8-" ALIGN="Left" LEFT="0." RIGHT="0." FIRSTLINE="0." LINESPACE="11.10000038"/>
<ParagraphStyle ID="StyleId-8C523E19-EDEF-4F23-B010-536E1A1AAE1A-" ALIGN="Left" LEFT="0." RIGHT="0." FIRSTLINE="-13." LINESPACE="12.19999981"/>
<ParagraphStyle ID="StyleId-A1F9DE9E-2625-4D8B-AD7E-F0A0034C2989-" ALIGN="Block" LEFT="0." RIGHT="0." FIRSTLINE="0." LINESPACE="12.19999981"/>
<ParagraphStyle ID="StyleId-5725BB01-2B1C-440F-BAF2-696C4F4DF162-" ALIGN="Block" LEFT="0." RIGHT="0." FIRSTLINE="13." LINESPACE="12.19999981"/>
<ParagraphStyle ID="StyleId-F10A2092-61AA-44FD-99C2-123B3A8051CF-" ALIGN="Left" LEFT="0." RIGHT="0." FIRSTLINE="0." LINESPACE="5.5"/>
<ParagraphStyle ID="StyleId-B3CDC8CC-D2E1-4A23-B67C-CDD40993D1DD-" ALIGN="Left" LEFT="0." RIGHT="0." FIRSTLINE="0." LINESPACE="10."/>
<ParagraphStyle ID="StyleId-871EBF53-D909-4C8F-B368-AC7D897344DD-" ALIGN="Left" LEFT="0." RIGHT="0." FIRSTLINE="0."/>
<ParagraphStyle ID="StyleId-C4129744-680B-4878-B2C4-44BA3742C8D7-" ALIGN="Block" LEFT="0." RIGHT="0." FIRSTLINE="-14." LINESPACE="11.35000038"/>
<ParagraphStyle ID="StyleId-9CE98075-0B04-43D4-88D8-CE3BAB51B419-" ALIGN="Block" LEFT="0." RIGHT="0." FIRSTLINE="-10." LINESPACE="12.19999981"/>
<ParagraphStyle ID="StyleId-B2CFB7B3-DFFA-4E0E-94D6-C2BCE88DA9A9-" ALIGN="Left" LEFT="0." RIGHT="0." FIRSTLINE="0." LINESPACE="12.5"/>
<ParagraphStyle ID="StyleId-8D3352F3-1084-4DDE-A35D-B97102CCE686-" ALIGN="Left" LEFT="0." RIGHT="0." FIRSTLINE="0." LINESPACE="11.60000038"/>
<ParagraphStyle ID="StyleId-4A8DDA0D-166D-4E22-A597-BA51B892602D-" ALIGN="Block" LEFT="0." RIGHT="0." FIRSTLINE="0." LINESPACE="11.21000004"/>
<ParagraphStyle ID="StyleId-90EA4001-AA3C-45A1-AEDC-D1E1169EE5E5-" ALIGN="Block" LEFT="0." RIGHT="0." FIRSTLINE="13." LINESPACE="12.19999981"/>
</Styles>
<Layout>
<Page ID="Page1418" PHYSICAL_IMG_NR="1418" HEIGHT="4370" WIDTH="2505">
<TopMargin HEIGHT="382" WIDTH="2505" VPOS="0" HPOS="0">
</TopMargin>
<LeftMargin HEIGHT="3637" WIDTH="316" VPOS="382" HPOS="0">
</LeftMargin>
<RightMargin HEIGHT="3637" WIDTH="133" VPOS="382" HPOS="2372">
</RightMargin>
<BottomMargin HEIGHT="351" WIDTH="2505" VPOS="4019" HPOS="0">
<TextBlock ID="Page1418_Block1" HEIGHT="110" WIDTH="224" VPOS="4033" HPOS="1230" LANG="en-US" STYLEREFS="StyleId-E53ED147-F9F1-4F38-8A9D-C4A875974284-">
<TextLine HEIGHT="51" WIDTH="135" VPOS="4050" HPOS="1280">
<String CONTENT="1418" HEIGHT="51" WIDTH="135" VPOS="4050" HPOS="1280"/>
</TextLine>
</TextBlock>
</BottomMargin>
<PrintSpace HEIGHT="3637" WIDTH="2056" VPOS="382" HPOS="316">
<TextBlock ID="Page1418_Block2" HEIGHT="3637" WIDTH="2056" VPOS="382" HPOS="316" LANG="en-US" CS="1" STYLEREFS="StyleId-6B25E72E-C4F8-49D6-B564-E1869B8902D9-">
<TextLine HEIGHT="67" WIDTH="1162" VPOS="393" HPOS="335" STYLEREFS="StyleId-1D96BA56-A497-4D1D-9484-6AD8087E26AC-">
<String LANG="en-US" CONTENT="Beilin" HEIGHT="53" WIDTH="185" VPOS="393" HPOS="335"/>
<SP HEIGHT="52" WIDTH="25" VPOS="395" HPOS="521"/>
<String LANG="fr" CONTENT="du" HEIGHT="52" WIDTH="77" VPOS="395" HPOS="547"/>
<SP HEIGHT="53" WIDTH="27" VPOS="395" HPOS="625"/>
<String LANG="fr" CONTENT="Coteau," HEIGHT="64" WIDTH="242" VPOS="395" HPOS="653"/>
<SP HEIGHT="64" WIDTH="26" VPOS="395" HPOS="896"/>
<String LANG="fr" CONTENT="Marc" HEIGHT="53" WIDTH="165" VPOS="395" HPOS="923"/>
<SP HEIGHT="54" WIDTH="24" VPOS="394" HPOS="1089"/>
<String LANG="fr" CONTENT="L&#233;on," HEIGHT="67" WIDTH="180" VPOS="393" HPOS="1114"/>
<SP HEIGHT="60" WIDTH="28" VPOS="400" HPOS="1295"/>
<String LANG="fr" CONTENT="1883-" HEIGHT="51" WIDTH="173" VPOS="398" HPOS="1324"/>
</TextLine>
<TextLine HEIGHT="69" WIDTH="1883" VPOS="470" HPOS="458" STYLEREFS="StyleId-1D96BA56-A497-4D1D-9484-6AD8087E26AC-" LANG="fr" CS="1">
<String CS="1" CONTENT="&#8230;"/>
<SP HEIGHT="54" WIDTH="26" VPOS="471" HPOS="458"/>
<String CONTENT="Le" HEIGHT="52" WIDTH="82" VPOS="471" HPOS="485"/>
<SP HEIGHT="35" WIDTH="23" VPOS="489" HPOS="568"/>
<String CONTENT="sport" HEIGHT="62" WIDTH="161" VPOS="477" HPOS="592"/>
<SP HEIGHT="48" WIDTH="22" VPOS="477" HPOS="754"/>
<String CONTENT="au" HEIGHT="34" WIDTH="71" VPOS="489" HPOS="777"/>
<SP HEIGHT="34" WIDTH="22" VPOS="489" HPOS="849"/>
<String CONTENT="secour" HEIGHT="35" WIDTH="193" VPOS="489" HPOS="872"/>
<SP HEIGHT="53" WIDTH="24" VPOS="470" HPOS="1066"/>
<String CONTENT="de" HEIGHT="56" WIDTH="69" VPOS="470" HPOS="1091"/>
<SP HEIGHT="54" WIDTH="23" VPOS="472" HPOS="1161"/>
<String CONTENT="la" HEIGHT="53" WIDTH="54" VPOS="472" HPOS="1185"/>
<SP HEIGHT="35" WIDTH="26" VPOS="490" HPOS="1240"/>
<String CONTENT="sant&#233;;" HEIGHT="65" WIDTH="187" VPOS="472" HPOS="1267"/>
<SP HEIGHT="48" WIDTH="27" VPOS="489" HPOS="1455"/>
<String CONTENT="r&#233;glage" HEIGHT="68" WIDTH="227" VPOS="471" HPOS="1483"/>
<SP HEIGHT="52" WIDTH="27" VPOS="471" HPOS="1711"/>
<String CONTENT="du" HEIGHT="52" WIDTH="75" VPOS="471" HPOS="1739"/>
<SP HEIGHT="36" WIDTH="27" VPOS="487" HPOS="1815"/>
<String CONTENT="moteur" HEIGHT="51" WIDTH="221" VPOS="474" HPOS="1843"/>
<SP HEIGHT="52" WIDTH="22" VPOS="470" HPOS="2065"/>
<String CONTENT="humain." HEIGHT="54" WIDTH="253" VPOS="470" HPOS="2088"/>
</TextLine>
<TextLine HEIGHT="72" WIDTH="805" VPOS="547" HPOS="326" STYLEREFS="StyleId-1D96BA56-A497-4D1D-9484-6AD8087E26AC-" CS="1">
<String LANG="fr" CONTENT="Paris," HEIGHT="72" WIDTH="184" VPOS="547" HPOS="326"/>
<SP HEIGHT="70" WIDTH="27" VPOS="549" HPOS="511"/>
<String LANG="fr" CONTENT="H." HEIGHT="55" WIDTH="77" VPOS="549" HPOS="539"/>
<SP HEIGHT="55" WIDTH="29" VPOS="549" HPOS="617"/>
<String LANG="en-US" CONTENT="Dangles" HEIGHT="69" WIDTH="255" VPOS="549" HPOS="647"/>
<SP HEIGHT="48" WIDTH="32" VPOS="571" HPOS="903"/>
<String LANG="fr" CONTENT="[" HEIGHT="35" WIDTH="14" VPOS="584" HPOS="936"/>
<String LANG="en-US" CS="1" CONTENT="&#7580;"/>
<String LANG="fr" CONTENT="1930]" HEIGHT="67" WIDTH="153" VPOS="552" HPOS="978"/>
</TextLine>
<TextLine HEIGHT="51" WIDTH="684" VPOS="629" HPOS="393" LANG="fr" CS="1">
<String CONTENT="3" HEIGHT="41" WIDTH="29" VPOS="630" HPOS="393"/>
<SP/>
<String CS="1" CONTENT="p."/>
<SP/>
<String CS="1" CONTENT="l.," HEIGHT="16" WIDTH="9" VPOS="662" HPOS="561"/>
<SP HEIGHT="31" WIDTH="32" VPOS="648" HPOS="571"/>
<String CONTENT="[9]-238," HEIGHT="50" WIDTH="191" VPOS="629" HPOS="604"/>
<SP HEIGHT="30" WIDTH="33" VPOS="650" HPOS="796"/>
<String CONTENT="[2]" HEIGHT="50" WIDTH="55" VPOS="630" HPOS="830"/>
<SP HEIGHT="39" WIDTH="29" VPOS="640" HPOS="886"/>
<String CONTENT="p." HEIGHT="39" WIDTH="44" VPOS="640" HPOS="916"/>
<SP HEIGHT="41" WIDTH="58" VPOS="630" HPOS="961"/>
<String CONTENT="19" HEIGHT="41" WIDTH="57" VPOS="630" HPOS="1020"/>
<String STYLE="superscript" CS="1" CONTENT="&#7580;&#7504;."/>
</TextLine>
<TextLine HEIGHT="42" WIDTH="1208" VPOS="687" HPOS="395">
<String LANG="en-US" CONTENT="At" HEIGHT="40" WIDTH="66" VPOS="689" HPOS="395"/>
<SP HEIGHT="41" WIDTH="21" VPOS="688" HPOS="462"/>
<String LANG="en-US" CONTENT="head" HEIGHT="40" WIDTH="127" VPOS="688" HPOS="484"/>
<SP HEIGHT="40" WIDTH="26" VPOS="688" HPOS="612"/>
<String LANG="en-US" CONTENT="of" HEIGHT="41" WIDTH="53" VPOS="687" HPOS="639"/>
<SP HEIGHT="41" WIDTH="23" VPOS="687" HPOS="693"/>
<String LANG="en-US" CONTENT="title" HEIGHT="40" WIDTH="109" VPOS="688" HPOS="717"/>
<SP HEIGHT="29" WIDTH="16" VPOS="698" HPOS="827"/>
<String LANG="en-US" CONTENT=":" HEIGHT="29" WIDTH="10" VPOS="698" HPOS="844"/>
<SP HEIGHT="39" WIDTH="25" VPOS="688" HPOS="855"/>
<String LANG="fr" CONTENT="Docteur" HEIGHT="40" WIDTH="216" VPOS="688" HPOS="881"/>
<SP HEIGHT="39" WIDTH="25" VPOS="688" HPOS="1098"/>
<String LANG="en-US" CONTENT="Beilin" HEIGHT="40" WIDTH="163" VPOS="687" HPOS="1124"/>
<SP HEIGHT="39" WIDTH="22" VPOS="689" HPOS="1288"/>
<String LANG="fr" CONTENT="du" HEIGHT="39" WIDTH="65" VPOS="689" HPOS="1311"/>
<SP HEIGHT="41" WIDTH="28" VPOS="688" HPOS="1377"/>
<String LANG="fr" CONTENT="Coteau." HEIGHT="41" WIDTH="197" VPOS="688" HPOS="1406"/>
</TextLine>
<TextLine HEIGHT="56" WIDTH="2012" VPOS="753" HPOS="336" CS="1">
<String LANG="fr" CONTENT="&#169;" HEIGHT="56" WIDTH="52" VPOS="753" HPOS="336"/>
<SP HEIGHT="56" WIDTH="36" VPOS="753" HPOS="389"/>
<String LANG="fr" CONTENT="Dec." HEIGHT="40" WIDTH="111" VPOS="761" HPOS="426"/>
<SP HEIGHT="39" WIDTH="36" VPOS="762" HPOS="538"/>
<String LANG="fr" CONTENT="1," HEIGHT="47" WIDTH="38" VPOS="762" HPOS="575"/>
<SP HEIGHT="47" WIDTH="35" VPOS="762" HPOS="614"/>
<String LANG="fr" CONTENT="1930;" HEIGHT="48" WIDTH="141" VPOS="760" HPOS="650"/>
<SP/>
<String LANG="fr" CS="1" CONTENT="1c."/>
<SP/>
<String LANG="fr" CS="1" CONTENT="Jan."/>
<SP HEIGHT="40" WIDTH="36" VPOS="760" HPOS="1042"/>
<String LANG="fr" CONTENT="23," HEIGHT="49" WIDTH="69" VPOS="760" HPOS="1079"/>
<SP HEIGHT="48" WIDTH="34" VPOS="761" HPOS="1149"/>
<String LANG="fr" CONTENT="1931;" HEIGHT="49" WIDTH="143" VPOS="759" HPOS="1184"/>
<SP HEIGHT="47" WIDTH="37" VPOS="761" HPOS="1328"/>
<!-- cceid EFA881B0-6E8D-1014-9CF5-AEB3FCA41D69 --><String LANG="fr" CONTENT="A&#8212;" HEIGHT="38" WIDTH="103" VPOS="761" HPOS="1366"/>
<String LANG="en-US" CONTENT="Foreign" HEIGHT="48" WIDTH="209" VPOS="760" HPOS="1471"/>
<SP HEIGHT="38" WIDTH="33" VPOS="762" HPOS="1681"/>
<String LANG="fr" CONTENT="10668;" HEIGHT="49" WIDTH="170" VPOS="759" HPOS="1715"/>
<SP HEIGHT="47" WIDTH="40" VPOS="761" HPOS="1886"/>
<String LANG="fr" CONTENT="Henri" HEIGHT="41" WIDTH="150" VPOS="760" HPOS="1927"/>
<SP HEIGHT="40" WIDTH="45" VPOS="760" HPOS="2078"/>
<String LANG="en-US" CONTENT="Dangles," HEIGHT="47" WIDTH="224" VPOS="760" HPOS="2124"/>
</TextLine>
<TextLine HEIGHT="49" WIDTH="511" VPOS="818" HPOS="406" LANG="fr">
<String CONTENT="Paris." HEIGHT="39" WIDTH="156" VPOS="819" HPOS="406"/>
<SP HEIGHT="49" WIDTH="71" VPOS="818" HPOS="563"/>
<String CONTENT="(31-24271)" HEIGHT="49" WIDTH="282" VPOS="818" HPOS="635"/>
</TextLine>
<TextLine HEIGHT="65" WIDTH="1615" VPOS="912" HPOS="328" STYLEREFS="StyleId-CD7407B7-17E3-47E4-B492-421B6AE561BF-" LANG="fr">
<String CONTENT="Bennett," HEIGHT="64" WIDTH="282" VPOS="913" HPOS="328"/>
<SP HEIGHT="63" WIDTH="26" VPOS="914" HPOS="611"/>
<String CONTENT="Charles" HEIGHT="55" WIDTH="247" VPOS="912" HPOS="638"/>
<SP HEIGHT="53" WIDTH="25" VPOS="913" HPOS="886"/>
<String CONTENT="Andrew" HEIGHT="54" WIDTH="260" VPOS="913" HPOS="912"/>
<SP HEIGHT="54" WIDTH="25" VPOS="913" HPOS="1173"/>
<String CONTENT="Armstrong," HEIGHT="64" WIDTH="386" VPOS="913" HPOS="1199"/>
<SP HEIGHT="58" WIDTH="29" VPOS="919" HPOS="1586"/>
<String CONTENT="1885-1930." HEIGHT="51" WIDTH="327" VPOS="918" HPOS="1616"/>
</TextLine>
<TextLine HEIGHT="71" WIDTH="1953" VPOS="988" HPOS="398" STYLEREFS="StyleId-1D96BA56-A497-4D1D-9484-6AD8087E26AC-">
<String LANG="en-US" CONTENT="The" HEIGHT="54" WIDTH="123" VPOS="989" HPOS="398"/>
<SP HEIGHT="53" WIDTH="27" VPOS="990" HPOS="522"/>
<String LANG="en-US" CONTENT="dilemma" HEIGHT="54" WIDTH="272" VPOS="989" HPOS="550"/>
<SP HEIGHT="35" WIDTH="26" VPOS="1007" HPOS="823"/>
<String LANG="en-US" CONTENT="of" HEIGHT="53" WIDTH="66" VPOS="989" HPOS="850"/>
<SP HEIGHT="53" WIDTH="24" VPOS="989" HPOS="917"/>
<String LANG="en-US" CONTENT="religious" HEIGHT="70" WIDTH="274" VPOS="989" HPOS="942"/>
<SP HEIGHT="54" WIDTH="25" VPOS="989" HPOS="1217"/>
<String LANG="fr" CONTENT="knowledge," HEIGHT="70" WIDTH="356" VPOS="989" HPOS="1243"/>
<SP HEIGHT="69" WIDTH="24" VPOS="990" HPOS="1600"/>
<String LANG="en-US" CONTENT="by" HEIGHT="69" WIDTH="77" VPOS="990" HPOS="1625"/>
<SP HEIGHT="71" WIDTH="27" VPOS="988" HPOS="1703"/>
<String LANG="fr" CONTENT="Charles" HEIGHT="57" WIDTH="238" VPOS="988" HPOS="1731"/>
<SP HEIGHT="54" WIDTH="26" VPOS="989" HPOS="1970"/>
<String LANG="fr" CONTENT="A." HEIGHT="54" WIDTH="71" VPOS="989" HPOS="1997"/>
<SP HEIGHT="52" WIDTH="31" VPOS="991" HPOS="2069"/>
<String LANG="fr" CONTENT="Bennett" HEIGHT="52" WIDTH="250" VPOS="991" HPOS="2101"/>
</TextLine>
<TextLine HEIGHT="71" WIDTH="1897" VPOS="1067" HPOS="389" STYLEREFS="StyleId-1D96BA56-A497-4D1D-9484-6AD8087E26AC-" CS="1">
<String LANG="fr" CS="1" CONTENT="&#8230;"/>
<SP HEIGHT="35" WIDTH="53" VPOS="1086" HPOS="389"/>
<String LANG="en-US" CONTENT="edited," HEIGHT="69" WIDTH="211" VPOS="1067" HPOS="443"/>
<SP HEIGHT="49" WIDTH="45" VPOS="1087" HPOS="655"/>
<String LANG="en-US" CONTENT="with" HEIGHT="54" WIDTH="142" VPOS="1067" HPOS="701"/>
<SP HEIGHT="53" WIDTH="47" VPOS="1068" HPOS="844"/>
<String LANG="fr" CONTENT="a" HEIGHT="34" WIDTH="32" VPOS="1087" HPOS="892"/>
<SP HEIGHT="50" WIDTH="45" VPOS="1087" HPOS="925"/>
<String LANG="en-US" CONTENT="preface," HEIGHT="70" WIDTH="251" VPOS="1067" HPOS="971"/>
<SP HEIGHT="69" WIDTH="44" VPOS="1068" HPOS="1223"/>
<String LANG="en-US" CONTENT="by" HEIGHT="69" WIDTH="77" VPOS="1068" HPOS="1268"/>
<SP HEIGHT="69" WIDTH="43" VPOS="1068" HPOS="1346"/>
<String LANG="fr" CONTENT="William" HEIGHT="55" WIDTH="265" VPOS="1068" HPOS="1390"/>
<SP HEIGHT="52" WIDTH="45" VPOS="1069" HPOS="1656"/>
<String LANG="fr" CONTENT="Ernest" HEIGHT="52" WIDTH="212" VPOS="1069" HPOS="1702"/>
<SP HEIGHT="53" WIDTH="43" VPOS="1068" HPOS="1915"/>
<String LANG="en-US" CONTENT="Hocking" HEIGHT="70" WIDTH="276" VPOS="1068" HPOS="1959"/>
<SP HEIGHT="51" WIDTH="50" VPOS="1087" HPOS="2236"/>
<String LANG="fr" CS="1" CONTENT="&#8230;"/>
</TextLine>
<TextLine HEIGHT="70" WIDTH="1869" VPOS="1146" HPOS="327" STYLEREFS="StyleId-1D96BA56-A497-4D1D-9484-6AD8087E26AC-" CS="1">
<String LANG="fr" CONTENT="New" HEIGHT="54" WIDTH="142" VPOS="1146" HPOS="327"/>
<SP HEIGHT="53" WIDTH="30" VPOS="1146" HPOS="470"/>
<String LANG="fr" CONTENT="Haven," HEIGHT="69" WIDTH="227" VPOS="1146" HPOS="501"/>
<SP HEIGHT="68" WIDTH="32" VPOS="1147" HPOS="729"/>
<String LANG="en-US" CONTENT="Yale" HEIGHT="53" WIDTH="147" VPOS="1147" HPOS="762"/>
<SP HEIGHT="36" WIDTH="29" VPOS="1164" HPOS="910"/>
<String LANG="en-US" CONTENT="university" HEIGHT="70" WIDTH="322" VPOS="1146" HPOS="940"/>
<SP HEIGHT="51" WIDTH="33" VPOS="1165" HPOS="1263"/>
<String LANG="fr" CONTENT="press;" HEIGHT="51" WIDTH="187" VPOS="1164" HPOS="1297"/>
<SP HEIGHT="69" WIDTH="33" VPOS="1146" HPOS="1485"/>
<String LANG="fr" CONTENT="London," HEIGHT="69" WIDTH="262" VPOS="1146" HPOS="1519"/>
<SP HEIGHT="69" WIDTH="31" VPOS="1146" HPOS="1782"/>
<String LANG="fr" CONTENT="H." HEIGHT="54" WIDTH="78" VPOS="1146" HPOS="1814"/>
<SP HEIGHT="54" WIDTH="33" VPOS="1146" HPOS="1893"/>
<String LANG="en-US" CONTENT="Milford," HEIGHT="69" WIDTH="269" VPOS="1146" HPOS="1927"/>
</TextLine>
<TextLine HEIGHT="149" WIDTH="1995" VPOS="1146" HPOS="330" STYLEREFS="StyleId-1D96BA56-A497-4D1D-9484-6AD8087E26AC-" CS="1">
<String LANG="fr" CONTENT="Oxford" HEIGHT="132" WIDTH="1995" VPOS="1146" HPOS="330"/>
<SP HEIGHT="54" WIDTH="27" VPOS="1224" HPOS="466"/>
<String LANG="en-US" CONTENT="university" HEIGHT="71" WIDTH="324" VPOS="1224" HPOS="494"/>
<SP HEIGHT="53" WIDTH="25" VPOS="1242" HPOS="819"/>
<String LANG="fr" CONTENT="press," HEIGHT="51" WIDTH="177" VPOS="1242" HPOS="845"/>
<SP HEIGHT="65" WIDTH="30" VPOS="1228" HPOS="1023"/>
<String LANG="fr" CONTENT="1931." HEIGHT="52" WIDTH="154" VPOS="1227" HPOS="1054"/>
</TextLine>
<TextLine HEIGHT="49" WIDTH="508" VPOS="1307" HPOS="467" LANG="fr" CS="1">
<String CS="1" CONTENT="xv"/>
<SP HEIGHT="39" WIDTH="23" VPOS="1317" HPOS="467"/>
<String CS="1" CONTENT="p.,"/>
<SP/>
<String CS="1" CONTENT="1"/>
<SP/>
<String CS="1" CONTENT="l.," HEIGHT="17" WIDTH="9" VPOS="1339" HPOS="666"/>
<SP HEIGHT="48" WIDTH="25" VPOS="1308" HPOS="676"/>
<String CONTENT="126" HEIGHT="41" WIDTH="88" VPOS="1307" HPOS="702"/>
<SP HEIGHT="49" WIDTH="23" VPOS="1307" HPOS="791"/>
<String CONTENT="p." HEIGHT="38" WIDTH="45" VPOS="1318" HPOS="815"/>
<SP HEIGHT="41" WIDTH="55" VPOS="1307" HPOS="861"/>
<String CS="1" CONTENT="23&#189;&#7580;&#7504;." HEIGHT="42" WIDTH="58" VPOS="1307" HPOS="917"/>
</TextLine>
<TextLine HEIGHT="107" WIDTH="2002" VPOS="1364" HPOS="330" CS="1">
<String CONTENT="&#8220;Published" HEIGHT="41" WIDTH="296" VPOS="1364" HPOS="402"/>
<SP HEIGHT="39" WIDTH="31" VPOS="1366" HPOS="699"/>
<String CONTENT="on" HEIGHT="29" WIDTH="62" VPOS="1376" HPOS="731"/>
<SP HEIGHT="38" WIDTH="30" VPOS="1366" HPOS="794"/>
<String CONTENT="the" HEIGHT="40" WIDTH="82" VPOS="1365" HPOS="825"/>
<SP HEIGHT="41" WIDTH="30" VPOS="1364" HPOS="908"/>
<String CONTENT="foundation" HEIGHT="41" WIDTH="297" VPOS="1364" HPOS="939"/>
<SP HEIGHT="29" WIDTH="30" VPOS="1376" HPOS="1237"/>
<String CONTENT="established" HEIGHT="41" WIDTH="302" VPOS="1364" HPOS="1268"/>
<SP HEIGHT="41" WIDTH="29" VPOS="1364" HPOS="1571"/>
<String CONTENT="in" HEIGHT="40" WIDTH="51" VPOS="1364" HPOS="1601"/>
<SP HEIGHT="28" WIDTH="31" VPOS="1376" HPOS="1653"/>
<String CONTENT="memory" HEIGHT="37" WIDTH="217" VPOS="1376" HPOS="1685"/>
<SP HEIGHT="37" WIDTH="31" VPOS="1376" HPOS="1903"/>
<String CONTENT="of" HEIGHT="42" WIDTH="54" VPOS="1364" HPOS="1935"/>
<SP HEIGHT="42" WIDTH="29" VPOS="1364" HPOS="1990"/>
<String CONTENT="James" HEIGHT="40" WIDTH="167" VPOS="1366" HPOS="2020"/>
<SP HEIGHT="40" WIDTH="31" VPOS="1367" HPOS="2188"/>
<String CONTENT="Wesley" HEIGHT="104" WIDTH="2002" VPOS="1367" HPOS="330"/>
</TextLine>
<TextLine HEIGHT="52" WIDTH="1389" VPOS="1420" HPOS="437" CS="1">
<String CONTENT="Cooper" HEIGHT="48" WIDTH="185" VPOS="1422" HPOS="437"/>
<SP HEIGHT="29" WIDTH="28" VPOS="1433" HPOS="623"/>
<String CONTENT="of" HEIGHT="41" WIDTH="52" VPOS="1421" HPOS="652"/>
<SP HEIGHT="40" WIDTH="27" VPOS="1421" HPOS="705"/>
<String CONTENT="the" HEIGHT="40" WIDTH="86" VPOS="1422" HPOS="733"/>
<SP HEIGHT="30" WIDTH="23" VPOS="1432" HPOS="820"/>
<String CONTENT="class" HEIGHT="40" WIDTH="128" VPOS="1422" HPOS="844"/>
<SP HEIGHT="30" WIDTH="28" VPOS="1432" HPOS="973"/>
<String CONTENT="of" HEIGHT="41" WIDTH="53" VPOS="1421" HPOS="1002"/>
<SP HEIGHT="40" WIDTH="26" VPOS="1421" HPOS="1056"/>
<String CONTENT="1865," HEIGHT="50" WIDTH="130" VPOS="1420" HPOS="1083"/>
<SP HEIGHT="49" WIDTH="28" VPOS="1421" HPOS="1214"/>
<String CONTENT="Yale" HEIGHT="41" WIDTH="122" VPOS="1421" HPOS="1243"/>
<SP HEIGHT="29" WIDTH="25" VPOS="1433" HPOS="1366"/>
<String CONTENT="college.&#8221;&#8212;p." HEIGHT="50" WIDTH="332" VPOS="1421" HPOS="1392"/>
<SP HEIGHT="31" WIDTH="31" VPOS="1441" HPOS="1725"/>
<String CS="1" CONTENT="[iii]" HEIGHT="50" WIDTH="69" VPOS="1422" HPOS="1757"/>
</TextLine>
<TextLine HEIGHT="50" WIDTH="1945" VPOS="1477" HPOS="403">
<String CONTENT="&#8220;The" HEIGHT="39" WIDTH="131" VPOS="1480" HPOS="403"/>
<SP HEIGHT="29" WIDTH="34" VPOS="1490" HPOS="535"/>
<String CONTENT="chapters" HEIGHT="48" WIDTH="228" VPOS="1479" HPOS="570"/>
<SP HEIGHT="31" WIDTH="34" VPOS="1488" HPOS="799"/>
<String CONTENT="of" HEIGHT="41" WIDTH="54" VPOS="1478" HPOS="834"/>
<SP HEIGHT="41" WIDTH="30" VPOS="1478" HPOS="889"/>
<String CONTENT="this" HEIGHT="41" WIDTH="100" VPOS="1478" HPOS="920"/>
<SP HEIGHT="30" WIDTH="32" VPOS="1489" HPOS="1021"/>
<String CONTENT="volume" HEIGHT="40" WIDTH="193" VPOS="1479" HPOS="1054"/>
<SP HEIGHT="41" WIDTH="32" VPOS="1478" HPOS="1248"/>
<String CONTENT="had" HEIGHT="40" WIDTH="97" VPOS="1478" HPOS="1281"/>
<SP HEIGHT="40" WIDTH="32" VPOS="1478" HPOS="1379"/>
<String CONTENT="been" HEIGHT="41" WIDTH="119" VPOS="1478" HPOS="1412"/>
<SP HEIGHT="38" WIDTH="33" VPOS="1489" HPOS="1532"/>
<String CONTENT="given" HEIGHT="50" WIDTH="142" VPOS="1477" HPOS="1566"/>
<SP HEIGHT="30" WIDTH="33" VPOS="1489" HPOS="1709"/>
<String CONTENT="as" HEIGHT="30" WIDTH="55" VPOS="1489" HPOS="1743"/>
<SP HEIGHT="29" WIDTH="31" VPOS="1490" HPOS="1799"/>
<String CONTENT="a" HEIGHT="29" WIDTH="28" VPOS="1490" HPOS="1831"/>
<SP HEIGHT="29" WIDTH="34" VPOS="1490" HPOS="1860"/>
<String CONTENT="series" HEIGHT="41" WIDTH="153" VPOS="1478" HPOS="1895"/>
<SP HEIGHT="29" WIDTH="32" VPOS="1490" HPOS="2049"/>
<String CONTENT="of" HEIGHT="40" WIDTH="54" VPOS="1479" HPOS="2082"/>
<SP HEIGHT="40" WIDTH="32" VPOS="1479" HPOS="2137"/>
<String CONTENT="Lowell" HEIGHT="40" WIDTH="178" VPOS="1480" HPOS="2170"/>
</TextLine>
<TextLine HEIGHT="50" WIDTH="1762" VPOS="1534" HPOS="330">
<String CONTENT="lectures" HEIGHT="39" WIDTH="212" VPOS="1538" HPOS="330"/>
<SP HEIGHT="41" WIDTH="32" VPOS="1536" HPOS="543"/>
<String CONTENT="in" HEIGHT="40" WIDTH="50" VPOS="1536" HPOS="576"/>
<SP HEIGHT="40" WIDTH="32" VPOS="1536" HPOS="627"/>
<String CONTENT="King&#8217;s" HEIGHT="50" WIDTH="171" VPOS="1534" HPOS="660"/>
<SP HEIGHT="30" WIDTH="32" VPOS="1546" HPOS="832"/>
<String CONTENT="chapel," HEIGHT="48" WIDTH="186" VPOS="1535" HPOS="865"/>
<SP HEIGHT="48" WIDTH="32" VPOS="1535" HPOS="1052"/>
<String CONTENT="Boston," HEIGHT="48" WIDTH="200" VPOS="1535" HPOS="1085"/>
<SP HEIGHT="48" WIDTH="31" VPOS="1535" HPOS="1286"/>
<String CONTENT="during" HEIGHT="49" WIDTH="178" VPOS="1534" HPOS="1318"/>
<SP HEIGHT="47" WIDTH="34" VPOS="1536" HPOS="1497"/>
<String CONTENT="the" HEIGHT="39" WIDTH="80" VPOS="1536" HPOS="1532"/>
<SP HEIGHT="29" WIDTH="33" VPOS="1546" HPOS="1613"/>
<String CONTENT="spring" HEIGHT="49" WIDTH="168" VPOS="1535" HPOS="1647"/>
<SP HEIGHT="38" WIDTH="32" VPOS="1546" HPOS="1816"/>
<String CONTENT="of" HEIGHT="40" WIDTH="53" VPOS="1535" HPOS="1849"/>
<SP HEIGHT="40" WIDTH="29" VPOS="1535" HPOS="1903"/>
<String CONTENT="1930.&#8221;" HEIGHT="41" WIDTH="159" VPOS="1535" HPOS="1933"/>
</TextLine>
<TextLine HEIGHT="51" WIDTH="1946" VPOS="1591" HPOS="404" CS="1">
<String CONTENT="&#8220;Philosophical" HEIGHT="49" WIDTH="395" VPOS="1592" HPOS="404"/>
<SP HEIGHT="39" WIDTH="34" VPOS="1593" HPOS="800"/>
<String CONTENT="articles" HEIGHT="41" WIDTH="201" VPOS="1591" HPOS="835"/>
<SP HEIGHT="30" WIDTH="34" VPOS="1602" HPOS="1037"/>
<String CONTENT="and" HEIGHT="40" WIDTH="97" VPOS="1592" HPOS="1072"/>
<SP HEIGHT="40" WIDTH="35" VPOS="1592" HPOS="1170"/>
<String CONTENT="reviews" HEIGHT="41" WIDTH="206" VPOS="1591" HPOS="1206"/>
<SP HEIGHT="38" WIDTH="39" VPOS="1603" HPOS="1413"/>
<String CONTENT="[by" HEIGHT="49" WIDTH="76" VPOS="1592" HPOS="1453"/>
<SP HEIGHT="48" WIDTH="34" VPOS="1592" HPOS="1530"/>
<String CONTENT="C." HEIGHT="41" WIDTH="51" VPOS="1592" HPOS="1565"/>
<SP HEIGHT="40" WIDTH="35" VPOS="1593" HPOS="1617"/>
<String CONTENT="A." HEIGHT="39" WIDTH="54" VPOS="1593" HPOS="1653"/>
<SP HEIGHT="39" WIDTH="37" VPOS="1593" HPOS="1708"/>
<String CONTENT="Bennett]" HEIGHT="49" WIDTH="226" VPOS="1593" HPOS="1746"/>
<SP HEIGHT="30" WIDTH="42" VPOS="1612" HPOS="1973"/>
<String CS="1" CONTENT="&#8230;"/>
<SP HEIGHT="29" WIDTH="38" VPOS="1603" HPOS="2064"/>
<String CONTENT="a" HEIGHT="29" WIDTH="28" VPOS="1603" HPOS="2103"/>
<SP HEIGHT="38" WIDTH="35" VPOS="1603" HPOS="2132"/>
<String CONTENT="partial" HEIGHT="49" WIDTH="182" VPOS="1592" HPOS="2168"/>
</TextLine>
<TextLine HEIGHT="49" WIDTH="349" VPOS="1650" HPOS="331">
<String CONTENT="list&#8221;" HEIGHT="41" WIDTH="114" VPOS="1650" HPOS="331"/>
<SP HEIGHT="40" WIDTH="17" VPOS="1650" HPOS="446"/>
<String CONTENT=":" HEIGHT="29" WIDTH="9" VPOS="1661" HPOS="464"/>
<SP HEIGHT="38" WIDTH="32" VPOS="1661" HPOS="474"/>
<String CONTENT="p." HEIGHT="37" WIDTH="45" VPOS="1662" HPOS="507"/>
<SP HEIGHT="30" WIDTH="28" VPOS="1662" HPOS="553"/>
<String CONTENT="xiv." HEIGHT="41" WIDTH="98" VPOS="1650" HPOS="582"/>
</TextLine>
<TextLine HEIGHT="53" WIDTH="602" VPOS="1705" HPOS="404" CS="1">
<String CS="1" CONTENT="&#8220;Notes&#8221;;" HEIGHT="42" WIDTH="207" VPOS="1708" HPOS="404"/>
<SP HEIGHT="37" WIDTH="33" VPOS="1720" HPOS="641"/>
<String CONTENT="p." HEIGHT="37" WIDTH="44" VPOS="1720" HPOS="675"/>
<SP HEIGHT="31" WIDTH="34" VPOS="1727" HPOS="720"/>
<String CONTENT="[121]-123." HEIGHT="53" WIDTH="251" VPOS="1705" HPOS="755"/>
</TextLine>
<TextLine HEIGHT="53" WIDTH="2013" VPOS="1775" HPOS="340" CS="1">
<String CONTENT="&#169;" HEIGHT="53" WIDTH="51" VPOS="1775" HPOS="340"/>
<SP HEIGHT="53" WIDTH="32" VPOS="1775" HPOS="392"/>
<String CONTENT="Aug." HEIGHT="48" WIDTH="120" VPOS="1780" HPOS="425"/>
<SP HEIGHT="40" WIDTH="31" VPOS="1780" HPOS="546"/>
<String CONTENT="21," HEIGHT="47" WIDTH="71" VPOS="1780" HPOS="578"/>
<SP HEIGHT="47" WIDTH="30" VPOS="1780" HPOS="650"/>
<String CONTENT="1931;" HEIGHT="48" WIDTH="142" VPOS="1778" HPOS="681"/>
<SP HEIGHT="49" WIDTH="32" VPOS="1777" HPOS="824"/>
<String CONTENT="2c." HEIGHT="42" WIDTH="68" VPOS="1777" HPOS="857"/>
<SP HEIGHT="40" WIDTH="31" VPOS="1779" HPOS="926"/>
<String CONTENT="Aug." HEIGHT="47" WIDTH="119" VPOS="1779" HPOS="958"/>
<SP HEIGHT="40" WIDTH="33" VPOS="1778" HPOS="1078"/>
<String CONTENT="31;" HEIGHT="47" WIDTH="83" VPOS="1778" HPOS="1112"/>
<SP HEIGHT="37" WIDTH="33" VPOS="1788" HPOS="1196"/>
<String CONTENT="aff." HEIGHT="43" WIDTH="85" VPOS="1776" HPOS="1230"/>
<SP HEIGHT="42" WIDTH="33" VPOS="1777" HPOS="1316"/>
<String CONTENT="Sept." HEIGHT="48" WIDTH="129" VPOS="1777" HPOS="1350"/>
<SP HEIGHT="41" WIDTH="31" VPOS="1778" HPOS="1480"/>
<String CONTENT="3;" HEIGHT="46" WIDTH="53" VPOS="1778" HPOS="1512"/>
<SP HEIGHT="46" WIDTH="34" VPOS="1778" HPOS="1566"/>
<!-- cceid EFA8CCC2-6E8D-1014-9CF5-AEB3FCA41D69 --><String CONTENT="A" HEIGHT="38" WIDTH="40" VPOS="1778" HPOS="1601"/>
<SP HEIGHT="38" WIDTH="31" VPOS="1778" HPOS="1642"/>
<String CONTENT="42341;" HEIGHT="47" WIDTH="174" VPOS="1777" HPOS="1674"/>
<SP HEIGHT="46" WIDTH="33" VPOS="1778" HPOS="1849"/>
<String CONTENT="Yale" HEIGHT="39" WIDTH="120" VPOS="1778" HPOS="1883"/>
<SP/>
<String CONTENT="univ." HEIGHT="42" WIDTH="131" VPOS="1776" HPOS="2036"/>
<SP HEIGHT="37" WIDTH="33" VPOS="1789" HPOS="2168"/>
<String CONTENT="press." HEIGHT="39" WIDTH="151" VPOS="1787" HPOS="2202"/>
</TextLine>
<TextLine HEIGHT="49" WIDTH="282" VPOS="1836" HPOS="419">
<String CONTENT="(31-24040)" HEIGHT="49" WIDTH="282" VPOS="1836" HPOS="419"/>
</TextLine>
<TextLine HEIGHT="65" WIDTH="832" VPOS="1931" HPOS="335" STYLEREFS="StyleId-1D96BA56-A497-4D1D-9484-6AD8087E26AC-">
<String CONTENT="Bishop," HEIGHT="64" WIDTH="243" VPOS="1932" HPOS="335"/>
<SP HEIGHT="62" WIDTH="29" VPOS="1933" HPOS="579"/>
<String CONTENT="Ernest" HEIGHT="52" WIDTH="220" VPOS="1933" HPOS="609"/>
<SP HEIGHT="53" WIDTH="30" VPOS="1932" HPOS="830"/>
<String CONTENT="Franklin." HEIGHT="56" WIDTH="306" VPOS="1931" HPOS="861"/>
</TextLine>
<TextLine HEIGHT="72" WIDTH="1952" VPOS="2005" HPOS="399" STYLEREFS="StyleId-1D96BA56-A497-4D1D-9484-6AD8087E26AC-" CS="1">
<String CONTENT="Knights" HEIGHT="69" WIDTH="258" VPOS="2006" HPOS="399"/>
<SP HEIGHT="35" WIDTH="30" VPOS="2025" HPOS="658"/>
<String CONTENT="of" HEIGHT="53" WIDTH="64" VPOS="2006" HPOS="689"/>
<SP HEIGHT="54" WIDTH="28" VPOS="2006" HPOS="754"/>
<String CONTENT="the" HEIGHT="54" WIDTH="96" VPOS="2006" HPOS="783"/>
<SP HEIGHT="38" WIDTH="27" VPOS="2025" HPOS="880"/>
<String CONTENT="saddle" HEIGHT="57" WIDTH="200" VPOS="2006" HPOS="908"/>
<SP HEIGHT="52" WIDTH="33" VPOS="2025" HPOS="1109"/>
<String STYLE="subscript" CONTENT="[" HEIGHT="35" WIDTH="13" VPOS="2042" HPOS="1143"/>
<String CONTENT="by]" HEIGHT="71" WIDTH="94" VPOS="2006" HPOS="1160"/>
<SP HEIGHT="70" WIDTH="35" VPOS="2007" HPOS="1255"/>
<String CONTENT="Ernest" HEIGHT="55" WIDTH="211" VPOS="2007" HPOS="1291"/>
<SP HEIGHT="52" WIDTH="30" VPOS="2010" HPOS="1503"/>
<String CONTENT="Franklin" HEIGHT="56" WIDTH="284" VPOS="2005" HPOS="1534"/>
<SP HEIGHT="53" WIDTH="30" VPOS="2006" HPOS="1819"/>
<String CONTENT="Bishop" HEIGHT="69" WIDTH="222" VPOS="2005" HPOS="1850"/>
<SP HEIGHT="50" WIDTH="36" VPOS="2024" HPOS="2073"/>
<String CS="1" CONTENT="&#8230;"/>
<SP HEIGHT="55" WIDTH="71" VPOS="2005" HPOS="2168"/>
<String CONTENT="Los" HEIGHT="53" WIDTH="111" VPOS="2005" HPOS="2240"/>
</TextLine>
<TextLine HEIGHT="71" WIDTH="1605" VPOS="2083" HPOS="330" STYLEREFS="StyleId-1D96BA56-A497-4D1D-9484-6AD8087E26AC-">
<String CONTENT="Angeles," HEIGHT="70" WIDTH="266" VPOS="2084" HPOS="330"/>
<SP HEIGHT="70" WIDTH="33" VPOS="2084" HPOS="597"/>
<String CONTENT="Calif.," HEIGHT="71" WIDTH="195" VPOS="2083" HPOS="631"/>
<SP HEIGHT="67" WIDTH="32" VPOS="2087" HPOS="827"/>
<String CONTENT="Wetzel" HEIGHT="55" WIDTH="217" VPOS="2086" HPOS="860"/>
<SP HEIGHT="68" WIDTH="35" VPOS="2086" HPOS="1078"/>
<String CONTENT="publishing" HEIGHT="70" WIDTH="337" VPOS="2084" HPOS="1114"/>
<SP HEIGHT="51" WIDTH="32" VPOS="2103" HPOS="1452"/>
<String CONTENT="co.," HEIGHT="49" WIDTH="98" VPOS="2103" HPOS="1485"/>
<SP HEIGHT="67" WIDTH="34" VPOS="2085" HPOS="1584"/>
<String CONTENT="inc.," HEIGHT="67" WIDTH="127" VPOS="2085" HPOS="1619"/>
<SP HEIGHT="64" WIDTH="35" VPOS="2088" HPOS="1747"/>
<String CONTENT="1931." HEIGHT="51" WIDTH="152" VPOS="2088" HPOS="1783"/>
</TextLine>
<TextLine HEIGHT="50" WIDTH="563" VPOS="2168" HPOS="400" CS="1">
<String CONTENT="4" HEIGHT="40" WIDTH="29" VPOS="2169" HPOS="400"/>
<SP/>
<String CS="1" CONTENT="p."/>
<SP/>
<String CS="1" CONTENT="l.," HEIGHT="16" WIDTH="9" VPOS="2201" HPOS="561"/>
<SP HEIGHT="47" WIDTH="28" VPOS="2170" HPOS="571"/>
<String CONTENT="11-261" HEIGHT="41" WIDTH="174" VPOS="2169" HPOS="600"/>
<SP HEIGHT="48" WIDTH="26" VPOS="2170" HPOS="775"/>
<String CONTENT="p." HEIGHT="38" WIDTH="44" VPOS="2180" HPOS="802"/>
<SP HEIGHT="41" WIDTH="59" VPOS="2168" HPOS="847"/>
<String CS="1" CONTENT="19&#189;&#7580;&#7504;." HEIGHT="41" WIDTH="56" VPOS="2168" HPOS="907"/>
</TextLine>
<TextLine HEIGHT="53" WIDTH="2012" VPOS="2235" HPOS="341" CS="1">
<String CONTENT="&#169;" HEIGHT="52" WIDTH="52" VPOS="2235" HPOS="341"/>
<SP HEIGHT="52" WIDTH="25" VPOS="2235" HPOS="394"/>
<String CONTENT="May" HEIGHT="47" WIDTH="114" VPOS="2241" HPOS="420"/>
<SP HEIGHT="48" WIDTH="23" VPOS="2240" HPOS="535"/>
<String CONTENT="21," HEIGHT="48" WIDTH="70" VPOS="2240" HPOS="559"/>
<SP HEIGHT="47" WIDTH="23" VPOS="2241" HPOS="630"/>
<String CS="1" CONTENT="1931;" HEIGHT="42" WIDTH="115" VPOS="2238" HPOS="654"/>
<SP HEIGHT="48" WIDTH="24" VPOS="2239" HPOS="797"/>
<String CONTENT="2c." HEIGHT="41" WIDTH="68" VPOS="2239" HPOS="822"/>
<SP HEIGHT="31" WIDTH="24" VPOS="2249" HPOS="891"/>
<String CONTENT="and" HEIGHT="39" WIDTH="97" VPOS="2240" HPOS="916"/>
<SP HEIGHT="39" WIDTH="23" VPOS="2240" HPOS="1014"/>
<String CONTENT="aff." HEIGHT="42" WIDTH="82" VPOS="2238" HPOS="1038"/>
<SP HEIGHT="41" WIDTH="27" VPOS="2239" HPOS="1121"/>
<String CONTENT="Sept." HEIGHT="49" WIDTH="128" VPOS="2239" HPOS="1149"/>
<SP HEIGHT="41" WIDTH="27" VPOS="2239" HPOS="1278"/>
<String CS="1" CONTENT="8;" HEIGHT="41" WIDTH="28" VPOS="2239" HPOS="1306"/>
<SP HEIGHT="37" WIDTH="27" VPOS="2249" HPOS="1359"/>
<String CONTENT="aff." HEIGHT="42" WIDTH="83" VPOS="2238" HPOS="1387"/>
<SP HEIGHT="40" WIDTH="24" VPOS="2240" HPOS="1471"/>
<String CONTENT="Aug." HEIGHT="46" WIDTH="122" VPOS="2240" HPOS="1496"/>
<SP HEIGHT="41" WIDTH="22" VPOS="2239" HPOS="1619"/>
<String CS="1" CONTENT="3;" HEIGHT="40" WIDTH="26" VPOS="2239" HPOS="1642"/>
<SP HEIGHT="47" WIDTH="27" VPOS="2239" HPOS="1697"/>
<!-- cceid EFA927B2-6E8D-1014-9CF5-AEB3FCA41D69 --><String CONTENT="A" HEIGHT="39" WIDTH="43" VPOS="2239" HPOS="1725"/>
<SP HEIGHT="39" WIDTH="20" VPOS="2239" HPOS="1769"/>
<String CS="1" CONTENT="42420;" HEIGHT="40" WIDTH="147" VPOS="2238" HPOS="1790"/>
<SP HEIGHT="47" WIDTH="29" VPOS="2239" HPOS="1963"/>
<String CONTENT="E." HEIGHT="39" WIDTH="52" VPOS="2239" HPOS="1993"/>
<SP HEIGHT="40" WIDTH="28" VPOS="2238" HPOS="2046"/>
<String CONTENT="F." HEIGHT="42" WIDTH="53" VPOS="2238" HPOS="2075"/>
<SP HEIGHT="41" WIDTH="26" VPOS="2239" HPOS="2129"/>
<String CONTENT="Bishop," HEIGHT="49" WIDTH="197" VPOS="2237" HPOS="2156"/>
</TextLine>
<TextLine HEIGHT="51" WIDTH="694" VPOS="2295" HPOS="409">
<String CONTENT="Los" HEIGHT="40" WIDTH="94" VPOS="2298" HPOS="409"/>
<SP HEIGHT="40" WIDTH="23" VPOS="2298" HPOS="504"/>
<String CONTENT="Angeles." HEIGHT="47" WIDTH="220" VPOS="2298" HPOS="528"/>
<SP HEIGHT="49" WIDTH="72" VPOS="2297" HPOS="749"/>
<String CONTENT="(31-23966)" HEIGHT="51" WIDTH="281" VPOS="2295" HPOS="822"/>
</TextLine>
<TextLine HEIGHT="67" WIDTH="529" VPOS="2390" HPOS="336" STYLEREFS="StyleId-CD7407B7-17E3-47E4-B492-421B6AE561BF-">
<String CONTENT="Black," HEIGHT="67" WIDTH="202" VPOS="2390" HPOS="336"/>
<SP HEIGHT="65" WIDTH="33" VPOS="2392" HPOS="539"/>
<String CONTENT="Dorothy." HEIGHT="65" WIDTH="292" VPOS="2392" HPOS="573"/>
</TextLine>
<TextLine HEIGHT="68" WIDTH="1139" VPOS="2472" HPOS="406" STYLEREFS="StyleId-1D96BA56-A497-4D1D-9484-6AD8087E26AC-">
<String CONTENT="Love" HEIGHT="53" WIDTH="155" VPOS="2472" HPOS="406"/>
<SP HEIGHT="34" WIDTH="27" VPOS="2491" HPOS="562"/>
<String CONTENT="matters" HEIGHT="51" WIDTH="236" VPOS="2476" HPOS="590"/>
<SP HEIGHT="36" WIDTH="28" VPOS="2491" HPOS="827"/>
<String CONTENT="most." HEIGHT="49" WIDTH="164" VPOS="2477" HPOS="856"/>
<SP HEIGHT="34" WIDTH="80" VPOS="2506" HPOS="1021"/>
<String CONTENT="[Instalment" HEIGHT="67" WIDTH="366" VPOS="2473" HPOS="1102"/>
<SP HEIGHT="49" WIDTH="27" VPOS="2477" HPOS="1469"/>
<String CONTENT="9]" HEIGHT="63" WIDTH="48" VPOS="2477" HPOS="1497"/>
</TextLine>
<TextLine HEIGHT="53" WIDTH="1182" VPOS="2550" HPOS="420">
<String CONTENT="(In" HEIGHT="48" WIDTH="85" VPOS="2551" HPOS="420"/>
<SP HEIGHT="42" WIDTH="26" VPOS="2550" HPOS="506"/>
<String CONTENT="Home" HEIGHT="43" WIDTH="161" VPOS="2550" HPOS="533"/>
<SP HEIGHT="29" WIDTH="28" VPOS="2564" HPOS="695"/>
<String CONTENT="notes" HEIGHT="40" WIDTH="144" VPOS="2553" HPOS="724"/>
<SP HEIGHT="29" WIDTH="31" VPOS="2564" HPOS="869"/>
<String CONTENT="magazine," HEIGHT="52" WIDTH="279" VPOS="2550" HPOS="901"/>
<SP HEIGHT="51" WIDTH="32" VPOS="2550" HPOS="1181"/>
<String CONTENT="Aug." HEIGHT="53" WIDTH="131" VPOS="2550" HPOS="1214"/>
<SP HEIGHT="43" WIDTH="32" VPOS="2553" HPOS="1346"/>
<String CONTENT="8," HEIGHT="49" WIDTH="43" VPOS="2553" HPOS="1379"/>
<SP HEIGHT="50" WIDTH="32" VPOS="2552" HPOS="1423"/>
<String CONTENT="1931)" HEIGHT="50" WIDTH="146" VPOS="2552" HPOS="1456"/>
</TextLine>
<TextLine HEIGHT="55" WIDTH="2015" VPOS="2619" HPOS="341" CS="1">
<String CONTENT="&#169;" HEIGHT="52" WIDTH="52" VPOS="2619" HPOS="341"/>
<SP/>
<String CS="1" CONTENT="1c."/>
<SP/>
<String CONTENT="Sept." HEIGHT="49" WIDTH="128" VPOS="2623" HPOS="539"/>
<SP HEIGHT="40" WIDTH="35" VPOS="2624" HPOS="668"/>
<String CONTENT="30," HEIGHT="48" WIDTH="69" VPOS="2623" HPOS="704"/>
<SP HEIGHT="46" WIDTH="37" VPOS="2625" HPOS="774"/>
<String CONTENT="1931;" HEIGHT="49" WIDTH="142" VPOS="2623" HPOS="812"/>
<SP HEIGHT="47" WIDTH="36" VPOS="2625" HPOS="955"/>
<!-- cceid EFA979C6-6E8D-1014-9CF5-AEB3FCA41D69 --><String CONTENT="A" HEIGHT="39" WIDTH="42" VPOS="2625" HPOS="992"/>
<SP HEIGHT="39" WIDTH="34" VPOS="2625" HPOS="1035"/>
<String CONTENT="ad" HEIGHT="38" WIDTH="62" VPOS="2627" HPOS="1070"/>
<SP HEIGHT="39" WIDTH="34" VPOS="2626" HPOS="1133"/>
<String CONTENT="int." HEIGHT="40" WIDTH="88" VPOS="2626" HPOS="1168"/>
<SP HEIGHT="38" WIDTH="36" VPOS="2626" HPOS="1257"/>
<String CONTENT="15521;" HEIGHT="47" WIDTH="171" VPOS="2625" HPOS="1294"/>
<SP HEIGHT="38" WIDTH="38" VPOS="2636" HPOS="1466"/>
<String CONTENT="pubd." HEIGHT="49" WIDTH="145" VPOS="2625" HPOS="1505"/>
<SP HEIGHT="42" WIDTH="35" VPOS="2626" HPOS="1651"/>
<String CONTENT="Aug." HEIGHT="48" WIDTH="122" VPOS="2626" HPOS="1687"/>
<SP HEIGHT="41" WIDTH="34" VPOS="2626" HPOS="1810"/>
<String CONTENT="3;" HEIGHT="47" WIDTH="55" VPOS="2626" HPOS="1845"/>
<SP HEIGHT="47" WIDTH="38" VPOS="2626" HPOS="1901"/>
<String CONTENT="Dorothy" HEIGHT="48" WIDTH="223" VPOS="2625" HPOS="1940"/>
<SP HEIGHT="47" WIDTH="35" VPOS="2626" HPOS="2164"/>
<String CONTENT="Black" HEIGHT="40" WIDTH="156" VPOS="2625" HPOS="2200"/>
</TextLine>
<TextLine HEIGHT="50" WIDTH="1241" VPOS="2681" HPOS="412">
<String CONTENT="MacLeish," HEIGHT="48" WIDTH="272" VPOS="2681" HPOS="412"/>
<SP HEIGHT="47" WIDTH="31" VPOS="2682" HPOS="685"/>
<String CONTENT="Pitcaple," HEIGHT="48" WIDTH="233" VPOS="2682" HPOS="717"/>
<SP HEIGHT="47" WIDTH="30" VPOS="2683" HPOS="951"/>
<String CONTENT="Aberdeenshire," HEIGHT="48" WIDTH="401" VPOS="2683" HPOS="982"/>
<SP HEIGHT="48" WIDTH="32" VPOS="2683" HPOS="1384"/>
<String CONTENT="England." HEIGHT="48" WIDTH="236" VPOS="2683" HPOS="1417"/>
</TextLine>
<TextLine HEIGHT="68" WIDTH="1106" VPOS="2774" HPOS="338" STYLEREFS="StyleId-1D96BA56-A497-4D1D-9484-6AD8087E26AC-">
<String CONTENT="Bogardus," HEIGHT="66" WIDTH="332" VPOS="2774" HPOS="338"/>
<SP HEIGHT="63" WIDTH="30" VPOS="2777" HPOS="671"/>
<String CONTENT="Emory" HEIGHT="64" WIDTH="225" VPOS="2777" HPOS="702"/>
<SP HEIGHT="63" WIDTH="26" VPOS="2778" HPOS="928"/>
<String CONTENT="Stephen," HEIGHT="65" WIDTH="283" VPOS="2777" HPOS="955"/>
<SP HEIGHT="58" WIDTH="31" VPOS="2784" HPOS="1239"/>
<String CONTENT="1882-" HEIGHT="50" WIDTH="173" VPOS="2783" HPOS="1271"/>
</TextLine>
<TextLine HEIGHT="75" WIDTH="1949" VPOS="2852" HPOS="402" STYLEREFS="StyleId-1D96BA56-A497-4D1D-9484-6AD8087E26AC-">
<String CONTENT="Introduction" HEIGHT="56" WIDTH="403" VPOS="2852" HPOS="402"/>
<SP HEIGHT="48" WIDTH="29" VPOS="2860" HPOS="806"/>
<String CONTENT="to" HEIGHT="46" WIDTH="58" VPOS="2860" HPOS="836"/>
<SP HEIGHT="36" WIDTH="28" VPOS="2871" HPOS="895"/>
<String CONTENT="sociology." HEIGHT="71" WIDTH="302" VPOS="2853" HPOS="924"/>
<SP HEIGHT="50" WIDTH="68" VPOS="2859" HPOS="1227"/>
<String CONTENT="5th" HEIGHT="55" WIDTH="98" VPOS="2855" HPOS="1296"/>
<SP HEIGHT="55" WIDTH="28" VPOS="2855" HPOS="1395"/>
<String CONTENT="ed." HEIGHT="54" WIDTH="84" VPOS="2856" HPOS="1424"/>
<SP HEIGHT="54" WIDTH="65" VPOS="2855" HPOS="1509"/>
<String CONTENT="By" HEIGHT="72" WIDTH="91" VPOS="2855" HPOS="1575"/>
<SP HEIGHT="71" WIDTH="28" VPOS="2856" HPOS="1667"/>
<String CONTENT="Emory" HEIGHT="70" WIDTH="216" VPOS="2856" HPOS="1696"/>
<SP HEIGHT="70" WIDTH="29" VPOS="2856" HPOS="1913"/>
<String CONTENT="S." HEIGHT="55" WIDTH="57" VPOS="2856" HPOS="1943"/>
<SP HEIGHT="53" WIDTH="30" VPOS="2856" HPOS="2001"/>
<String CONTENT="Bogardus." HEIGHT="70" WIDTH="319" VPOS="2854" HPOS="2032"/>
</TextLine>
<TextLine HEIGHT="75" WIDTH="1007" VPOS="2928" HPOS="331" STYLEREFS="StyleId-1D96BA56-A497-4D1D-9484-6AD8087E26AC-">
<String CONTENT="Los" HEIGHT="56" WIDTH="112" VPOS="2928" HPOS="331"/>
<SP HEIGHT="53" WIDTH="24" VPOS="2930" HPOS="444"/>
<String CONTENT="Angeles," HEIGHT="71" WIDTH="266" VPOS="2930" HPOS="469"/>
<SP HEIGHT="70" WIDTH="24" VPOS="2931" HPOS="736"/>
<String CONTENT="J." HEIGHT="56" WIDTH="56" VPOS="2931" HPOS="761"/>
<SP HEIGHT="56" WIDTH="27" VPOS="2931" HPOS="818"/>
<String CONTENT="R." HEIGHT="56" WIDTH="68" VPOS="2931" HPOS="846"/>
<SP HEIGHT="53" WIDTH="26" VPOS="2934" HPOS="915"/>
<String CONTENT="Miller," HEIGHT="70" WIDTH="214" VPOS="2933" HPOS="942"/>
<SP HEIGHT="67" WIDTH="28" VPOS="2936" HPOS="1157"/>
<String CONTENT="1931." HEIGHT="50" WIDTH="152" VPOS="2936" HPOS="1186"/>
</TextLine>
<TextLine HEIGHT="49" WIDTH="274" VPOS="3013" HPOS="403" CS="1">
<String CONTENT="519" HEIGHT="42" WIDTH="86" VPOS="3013" HPOS="403"/>
<SP HEIGHT="48" WIDTH="24" VPOS="3014" HPOS="490"/>
<String CONTENT="p." HEIGHT="37" WIDTH="45" VPOS="3025" HPOS="515"/>
<SP HEIGHT="41" WIDTH="58" VPOS="3014" HPOS="561"/>
<String CONTENT="20" HEIGHT="40" WIDTH="57" VPOS="3014" HPOS="620"/>
<String STYLE="superscript" CS="1" CONTENT="&#7580;&#7504;."/>
</TextLine>
<TextLine HEIGHT="56" WIDTH="1948" VPOS="3068" HPOS="406" CS="1">
<String CONTENT="&#8220;Readings&#8221;" HEIGHT="50" WIDTH="305" VPOS="3068" HPOS="406"/>
<SP HEIGHT="42" WIDTH="28" VPOS="3070" HPOS="712"/>
<String CONTENT="at" HEIGHT="39" WIDTH="51" VPOS="3073" HPOS="741"/>
<SP HEIGHT="39" WIDTH="26" VPOS="3073" HPOS="793"/>
<String CONTENT="end" HEIGHT="39" WIDTH="92" VPOS="3074" HPOS="820"/>
<SP HEIGHT="39" WIDTH="25" VPOS="3074" HPOS="913"/>
<String CONTENT="of" HEIGHT="41" WIDTH="55" VPOS="3072" HPOS="939"/>
<SP HEIGHT="42" WIDTH="22" VPOS="3072" HPOS="995"/>
<String CONTENT="each" HEIGHT="40" WIDTH="118" VPOS="3074" HPOS="1018"/>
<SP HEIGHT="40" WIDTH="27" VPOS="3074" HPOS="1137"/>
<String CS="1" CONTENT="chapter;" HEIGHT="48" WIDTH="203" VPOS="3073" HPOS="1165"/>
<SP HEIGHT="48" WIDTH="32" VPOS="3074" HPOS="1394"/>
<String CONTENT="&#8220;Reference" HEIGHT="42" WIDTH="297" VPOS="3074" HPOS="1427"/>
<SP HEIGHT="41" WIDTH="25" VPOS="3075" HPOS="1725"/>
<String CS="1" CONTENT="library&#8221;;" HEIGHT="49" WIDTH="215" VPOS="3074" HPOS="1751"/>
<SP HEIGHT="39" WIDTH="29" VPOS="3085" HPOS="1996"/>
<String CONTENT="p." HEIGHT="38" WIDTH="43" VPOS="3086" HPOS="2026"/>
<SP HEIGHT="29" WIDTH="35" VPOS="3095" HPOS="2070"/>
<String CONTENT="[509]-511." HEIGHT="51" WIDTH="248" VPOS="3073" HPOS="2106"/>
</TextLine>
<TextLine HEIGHT="60" WIDTH="1898" VPOS="3121" HPOS="344" CS="1">
<String CONTENT="&#169;" HEIGHT="53" WIDTH="51" VPOS="3121" HPOS="344"/>
<SP HEIGHT="53" WIDTH="35" VPOS="3121" HPOS="396"/>
<String CONTENT="Sept." HEIGHT="48" WIDTH="129" VPOS="3127" HPOS="432"/>
<SP HEIGHT="39" WIDTH="31" VPOS="3129" HPOS="562"/>
<String CONTENT="1," HEIGHT="47" WIDTH="38" VPOS="3129" HPOS="594"/>
<SP HEIGHT="46" WIDTH="32" VPOS="3130" HPOS="633"/>
<String CS="1" CONTENT="1931;" HEIGHT="41" WIDTH="111" VPOS="3127" HPOS="666"/>
<SP HEIGHT="42" WIDTH="33" VPOS="3128" HPOS="808"/>
<String CONTENT="2c." HEIGHT="41" WIDTH="67" VPOS="3128" HPOS="842"/>
<SP HEIGHT="29" WIDTH="30" VPOS="3140" HPOS="910"/>
<String CONTENT="and" HEIGHT="39" WIDTH="98" VPOS="3131" HPOS="941"/>
<SP HEIGHT="39" WIDTH="30" VPOS="3131" HPOS="1040"/>
<String CONTENT="aff." HEIGHT="43" WIDTH="83" VPOS="3130" HPOS="1071"/>
<SP HEIGHT="43" WIDTH="33" VPOS="3130" HPOS="1155"/>
<String CONTENT="Sept." HEIGHT="49" WIDTH="129" VPOS="3130" HPOS="1189"/>
<SP HEIGHT="39" WIDTH="32" VPOS="3132" HPOS="1319"/>
<String CONTENT="16;" HEIGHT="47" WIDTH="84" VPOS="3132" HPOS="1352"/>
<SP HEIGHT="46" WIDTH="32" VPOS="3133" HPOS="1437"/>
<!-- cceid EFA9CE8B-6E8D-1014-9CF5-AEB3FCA41D69 --><String CONTENT="A" HEIGHT="38" WIDTH="40" VPOS="3133" HPOS="1470"/>
<SP HEIGHT="39" WIDTH="31" VPOS="3132" HPOS="1511"/>
<String CONTENT="42359;" HEIGHT="48" WIDTH="173" VPOS="3131" HPOS="1543"/>
<SP HEIGHT="45" WIDTH="34" VPOS="3134" HPOS="1717"/>
<String CONTENT="Jesse" HEIGHT="39" WIDTH="139" VPOS="3134" HPOS="1752"/>
<SP HEIGHT="40" WIDTH="31" VPOS="3133" HPOS="1892"/>
<String CONTENT="Ray" HEIGHT="48" WIDTH="107" VPOS="3133" HPOS="1924"/>
<SP HEIGHT="47" WIDTH="32" VPOS="3134" HPOS="2032"/>
<String CONTENT="Miller." HEIGHT="41" WIDTH="177" VPOS="3132" HPOS="2065"/>
</TextLine>
<TextLine HEIGHT="48" WIDTH="258" VPOS="3184" HPOS="421" CS="1">
<String CS="1" CONTENT="(31-24021)" HEIGHT="48" WIDTH="258" VPOS="3184" HPOS="421"/>
</TextLine>
<TextLine HEIGHT="71" WIDTH="1166" VPOS="3278" HPOS="338" STYLEREFS="StyleId-CD7407B7-17E3-47E4-B492-421B6AE561BF-">
<String CONTENT="Bogeng," HEIGHT="65" WIDTH="265" VPOS="3278" HPOS="338"/>
<SP HEIGHT="63" WIDTH="26" VPOS="3280" HPOS="604"/>
<String CONTENT="Gustav" HEIGHT="54" WIDTH="234" VPOS="3280" HPOS="631"/>
<SP HEIGHT="52" WIDTH="23" VPOS="3282" HPOS="866"/>
<String CONTENT="Adolf" HEIGHT="54" WIDTH="182" VPOS="3282" HPOS="890"/>
<SP HEIGHT="53" WIDTH="27" VPOS="3283" HPOS="1073"/>
<String CONTENT="Erich," HEIGHT="66" WIDTH="200" VPOS="3283" HPOS="1101"/>
<SP HEIGHT="58" WIDTH="29" VPOS="3291" HPOS="1302"/>
<String CONTENT="1881-" HEIGHT="50" WIDTH="172" VPOS="3290" HPOS="1332"/>
</TextLine>
<TextLine HEIGHT="148" WIDTH="1996" VPOS="3358" HPOS="337" STYLEREFS="StyleId-1D96BA56-A497-4D1D-9484-6AD8087E26AC-" CS="1">
<String CONTENT="Einf&#252;hrung" HEIGHT="72" WIDTH="384" VPOS="3358" HPOS="411"/>
<SP HEIGHT="68" WIDTH="26" VPOS="3362" HPOS="796"/>
<String CONTENT="in" HEIGHT="52" WIDTH="59" VPOS="3362" HPOS="823"/>
<SP HEIGHT="53" WIDTH="28" VPOS="3364" HPOS="883"/>
<String CONTENT="die" HEIGHT="53" WIDTH="89" VPOS="3364" HPOS="912"/>
<SP HEIGHT="53" WIDTH="27" VPOS="3364" HPOS="1002"/>
<String CONTENT="bibliophile," HEIGHT="70" WIDTH="359" VPOS="3363" HPOS="1030"/>
<SP HEIGHT="45" WIDTH="26" VPOS="3384" HPOS="1390"/>
<String CONTENT="von" HEIGHT="34" WIDTH="111" VPOS="3383" HPOS="1417"/>
<SP HEIGHT="55" WIDTH="27" VPOS="3364" HPOS="1529"/>
<String LANG="fr" CONTENT="G." HEIGHT="55" WIDTH="68" VPOS="3364" HPOS="1557"/>
<SP HEIGHT="53" WIDTH="30" VPOS="3364" HPOS="1626"/>
<String CONTENT="A." HEIGHT="55" WIDTH="70" VPOS="3364" HPOS="1657"/>
<SP HEIGHT="54" WIDTH="30" VPOS="3365" HPOS="1728"/>
<String CONTENT="E." HEIGHT="53" WIDTH="69" VPOS="3365" HPOS="1759"/>
<SP HEIGHT="52" WIDTH="28" VPOS="3366" HPOS="1829"/>
<String CONTENT="Bogeng." HEIGHT="69" WIDTH="256" VPOS="3366" HPOS="1858"/>
<SP HEIGHT="51" WIDTH="74" VPOS="3365" HPOS="2115"/>
<String CONTENT="Leipzig," HEIGHT="144" WIDTH="1996" VPOS="3362" HPOS="337"/>
</TextLine>
<TextLine HEIGHT="76" WIDTH="803" VPOS="3436" HPOS="476" STYLEREFS="StyleId-1D96BA56-A497-4D1D-9484-6AD8087E26AC-">
<String LANG="fr" CONTENT="K." HEIGHT="54" WIDTH="76" VPOS="3436" HPOS="476"/>
<SP HEIGHT="55" WIDTH="22" VPOS="3437" HPOS="553"/>
<String CONTENT="W." HEIGHT="55" WIDTH="91" VPOS="3437" HPOS="576"/>
<SP HEIGHT="54" WIDTH="27" VPOS="3438" HPOS="668"/>
<String CONTENT="Hiersemann," HEIGHT="74" WIDTH="402" VPOS="3438" HPOS="696"/>
<SP HEIGHT="66" WIDTH="27" VPOS="3446" HPOS="1099"/>
<String CONTENT="1931." HEIGHT="49" WIDTH="152" VPOS="3446" HPOS="1127"/>
</TextLine>
<TextLine HEIGHT="50" WIDTH="392" VPOS="3517" HPOS="410" STYLEREFS="StyleId-1D96BA56-A497-4D1D-9484-6AD8087E26AC-" CS="1">
<String CONTENT="vii," HEIGHT="48" WIDTH="81" VPOS="3517" HPOS="410"/>
<SP HEIGHT="47" WIDTH="32" VPOS="3518" HPOS="492"/>
<String CONTENT="251" HEIGHT="40" WIDTH="83" VPOS="3518" HPOS="525"/>
<SP HEIGHT="48" WIDTH="34" VPOS="3519" HPOS="609"/>
<String CONTENT="p." HEIGHT="36" WIDTH="42" VPOS="3531" HPOS="644"/>
<SP HEIGHT="40" WIDTH="60" VPOS="3520" HPOS="687"/>
<String CS="1" CONTENT="23&#189;&#7580;&#7504;." HEIGHT="41" WIDTH="54" VPOS="3520" HPOS="748"/>
</TextLine>
<TextLine HEIGHT="61" WIDTH="2016" VPOS="3569" HPOS="343" CS="1">
<String CONTENT="&#169;" HEIGHT="52" WIDTH="52" VPOS="3569" HPOS="343"/>
<SP HEIGHT="52" WIDTH="31" VPOS="3569" HPOS="396"/>
<String CONTENT="Feb." HEIGHT="41" WIDTH="111" VPOS="3575" HPOS="428"/>
<SP HEIGHT="40" WIDTH="28" VPOS="3576" HPOS="540"/>
<String CS="1" CONTENT="24," HEIGHT="39" WIDTH="57" VPOS="3576" HPOS="569"/>
<SP HEIGHT="39" WIDTH="30" VPOS="3578" HPOS="640"/>
<String CS="1" CONTENT="1931;" HEIGHT="41" WIDTH="112" VPOS="3576" HPOS="671"/>
<SP/>
<String CS="1" CONTENT="1c."/>
<SP/>
<String CONTENT="Apr." HEIGHT="47" WIDTH="115" VPOS="3580" HPOS="943"/>
<SP HEIGHT="39" WIDTH="30" VPOS="3581" HPOS="1059"/>
<String CONTENT="16;" HEIGHT="47" WIDTH="81" VPOS="3580" HPOS="1090"/>
<SP HEIGHT="47" WIDTH="30" VPOS="3580" HPOS="1172"/>
<!-- cceid EFAA1E69-6E8D-1014-9CF5-AEB3FCA41D69 --><String CONTENT="A&#8212;Foreign" HEIGHT="50" WIDTH="314" VPOS="3580" HPOS="1203"/>
<SP HEIGHT="39" WIDTH="30" VPOS="3583" HPOS="1518"/>
<String CONTENT="12805;" HEIGHT="47" WIDTH="172" VPOS="3582" HPOS="1549"/>
<SP HEIGHT="47" WIDTH="32" VPOS="3582" HPOS="1722"/>
<String CONTENT="Karl" HEIGHT="40" WIDTH="126" VPOS="3581" HPOS="1755"/>
<SP HEIGHT="40" WIDTH="29" VPOS="3581" HPOS="1882"/>
<String CONTENT="W." HEIGHT="40" WIDTH="72" VPOS="3582" HPOS="1912"/>
<SP HEIGHT="40" WIDTH="31" VPOS="3582" HPOS="1985"/>
<String CONTENT="Hiersemann." HEIGHT="41" WIDTH="342" VPOS="3580" HPOS="2017"/>
</TextLine>
<TextLine HEIGHT="77" WIDTH="885" VPOS="3682" HPOS="345" STYLEREFS="StyleId-CD7407B7-17E3-47E4-B492-421B6AE561BF-">
<String CONTENT="[Bond," HEIGHT="67" WIDTH="203" VPOS="3682" HPOS="345"/>
<SP HEIGHT="63" WIDTH="29" VPOS="3686" HPOS="549"/>
<String CONTENT="Paul" HEIGHT="54" WIDTH="147" VPOS="3686" HPOS="579"/>
<SP HEIGHT="56" WIDTH="28" VPOS="3687" HPOS="727"/>
<String CONTENT="Stanley]" HEIGHT="71" WIDTH="265" VPOS="3688" HPOS="756"/>
<SP HEIGHT="64" WIDTH="36" VPOS="3695" HPOS="1022"/>
<String CONTENT="1879-" HEIGHT="56" WIDTH="171" VPOS="3691" HPOS="1059"/>
</TextLine>
<TextLine HEIGHT="77" WIDTH="1949" VPOS="3763" HPOS="412" STYLEREFS="StyleId-1D96BA56-A497-4D1D-9484-6AD8087E26AC-">
<String CONTENT="Basic" HEIGHT="56" WIDTH="171" VPOS="3763" HPOS="412"/>
<SP HEIGHT="35" WIDTH="23" VPOS="3784" HPOS="584"/>
<String CONTENT="military" HEIGHT="72" WIDTH="260" VPOS="3766" HPOS="608"/>
<SP HEIGHT="65" WIDTH="24" VPOS="3773" HPOS="869"/>
<String CONTENT="training;" HEIGHT="71" WIDTH="287" VPOS="3769" HPOS="894"/>
<SP HEIGHT="47" WIDTH="29" VPOS="3790" HPOS="1182"/>
<String CONTENT="a" HEIGHT="34" WIDTH="35" VPOS="3791" HPOS="1212"/>
<SP HEIGHT="49" WIDTH="21" VPOS="3776" HPOS="1248"/>
<String CONTENT="text" HEIGHT="49" WIDTH="122" VPOS="3776" HPOS="1270"/>
<SP HEIGHT="54" WIDTH="21" VPOS="3772" HPOS="1393"/>
<String CONTENT="book" HEIGHT="55" WIDTH="149" VPOS="3771" HPOS="1415"/>
<SP HEIGHT="55" WIDTH="22" VPOS="3771" HPOS="1565"/>
<String CONTENT="for" HEIGHT="54" WIDTH="94" VPOS="3772" HPOS="1588"/>
<SP HEIGHT="48" WIDTH="24" VPOS="3778" HPOS="1683"/>
<String CONTENT="the" HEIGHT="52" WIDTH="98" VPOS="3773" HPOS="1708"/>
<SP HEIGHT="53" WIDTH="21" VPOS="3772" HPOS="1807"/>
<String LANG="fr" CONTENT="R." HEIGHT="53" WIDTH="69" VPOS="3772" HPOS="1829"/>
<SP HEIGHT="56" WIDTH="28" VPOS="3770" HPOS="1899"/>
<String LANG="fr" CONTENT="O." HEIGHT="56" WIDTH="69" VPOS="3770" HPOS="1928"/>
<SP HEIGHT="52" WIDTH="25" VPOS="3772" HPOS="1998"/>
<String LANG="fr" CONTENT="T." HEIGHT="51" WIDTH="66" VPOS="3772" HPOS="2024"/>
<SP HEIGHT="56" WIDTH="28" VPOS="3769" HPOS="2091"/>
<String CONTENT="C." HEIGHT="56" WIDTH="61" VPOS="3769" HPOS="2120"/>
<SP HEIGHT="54" WIDTH="24" VPOS="3771" HPOS="2182"/>
<String CONTENT="basic" HEIGHT="55" WIDTH="154" VPOS="3770" HPOS="2207"/>
</TextLine>
<TextLine HEIGHT="75" WIDTH="1849" VPOS="3846" HPOS="338" STYLEREFS="StyleId-1D96BA56-A497-4D1D-9484-6AD8087E26AC-" CS="1">
<String CS="1" CONTENT="course;" HEIGHT="36" WIDTH="194" VPOS="3858" HPOS="338"/>
<SP HEIGHT="50" WIDTH="26" VPOS="3861" HPOS="562"/>
<String CONTENT="produced" HEIGHT="65" WIDTH="288" VPOS="3846" HPOS="589"/>
<SP HEIGHT="54" WIDTH="24" VPOS="3847" HPOS="878"/>
<String CONTENT="for" HEIGHT="53" WIDTH="93" VPOS="3847" HPOS="903"/>
<SP HEIGHT="47" WIDTH="20" VPOS="3853" HPOS="997"/>
<String CONTENT="the" HEIGHT="53" WIDTH="97" VPOS="3849" HPOS="1018"/>
<SP HEIGHT="53" WIDTH="20" VPOS="3849" HPOS="1116"/>
<String CONTENT="Infantry" HEIGHT="69" WIDTH="283" VPOS="3849" HPOS="1137"/>
<SP HEIGHT="69" WIDTH="18" VPOS="3849" HPOS="1421"/>
<String CONTENT="journal" HEIGHT="69" WIDTH="231" VPOS="3849" HPOS="1440"/>
<SP HEIGHT="52" WIDTH="21" VPOS="3852" HPOS="1672"/>
<String CONTENT="by" HEIGHT="69" WIDTH="75" VPOS="3852" HPOS="1694"/>
<SP HEIGHT="66" WIDTH="20" VPOS="3855" HPOS="1770"/>
<String CONTENT="the" HEIGHT="53" WIDTH="98" VPOS="3851" HPOS="1791"/>
<SP HEIGHT="54" WIDTH="20" VPOS="3850" HPOS="1890"/>
<String CONTENT="National" HEIGHT="53" WIDTH="276" VPOS="3849" HPOS="1911"/>
</TextLine>
<TextLine HEIGHT="134" WIDTH="1997" VPOS="3866" HPOS="340" STYLEREFS="StyleId-1D96BA56-A497-4D1D-9484-6AD8087E26AC-" CS="1">
<String CONTENT="service" HEIGHT="107" WIDTH="1997" VPOS="3866" HPOS="340"/>
<SP HEIGHT="50" WIDTH="25" VPOS="3936" HPOS="424"/>
<String CONTENT="publishing" HEIGHT="76" WIDTH="336" VPOS="3919" HPOS="450"/>
<SP HEIGHT="53" WIDTH="24" VPOS="3942" HPOS="787"/>
<String CONTENT="co." HEIGHT="34" WIDTH="77" VPOS="3943" HPOS="812"/>
<SP HEIGHT="55" WIDTH="74" VPOS="3925" HPOS="890"/>
<String CONTENT="Washington," HEIGHT="73" WIDTH="407" VPOS="3925" HPOS="965"/>
<SP HEIGHT="67" WIDTH="26" VPOS="3930" HPOS="1373"/>
<String CONTENT="D." HEIGHT="55" WIDTH="70" VPOS="3930" HPOS="1400"/>
<SP HEIGHT="57" WIDTH="28" VPOS="3929" HPOS="1471"/>
<String CONTENT="C." HEIGHT="57" WIDTH="62" VPOS="3929" HPOS="1500"/>
<SP HEIGHT="37" WIDTH="33" VPOS="3963" HPOS="1563"/>
<String CONTENT="[1931]" HEIGHT="68" WIDTH="172" VPOS="3932" HPOS="1597"/>
</TextLine>
</TextBlock>
</PrintSpace>
</Page>
</Layout>
</alto>