2505 4370
1026 4014 133 49 1119

155 457 1236 49 5 p. l. , 213 p. front., illus., plates, ports. 23 ᶜᵐ.
153 513 127 41 Title
312 513 214 48 vignette
553 513 258 49 (portrait)

157 571 67 39 “A
253 572 169 47 glance
450 573 51 38 at
528 572 81 39 the
636 573 111 46 past
773 571 53 39 of
857 569 66 42 St.
955 569 180 48 Joseph
1165 572 270 45 county—a
1465 567 313 50 compilation
1809 567 51 40 of
1890 566 194 50 pioneer

86 627 175 40 stories
296 628 155 39 retold…
570 628 101 38 The
706 626 175 41 stories
918 634 125 31 were
1078 627 246 46 collected,
1360 625 196 48 mainly,
1593 626 60 46 by
1692 625 80 39 the
1810 624 136 40 Abiel
85 624 1979 99 Fellows

229 683 214 47 chapter,
472 684 280 47 Daughters
779 683 52 40 of
859 683 80 40 the
968 681 258 41 American
1255 681 273 41 revolution
1558 683 95 38 and
1682 681 60 48 by
1773 681 80 39 the
1886 681 68 40 St.
85 680 1982 107 Joseph

204 744 177 43 county
409 739 196 48 pioneer
633 738 588 42 association.”—Introd.

158 797 223 39 Includes
409 796 110 41 lists
547 796 52 40 of
626 796 178 39 “heads
831 796 52 40 of
908 794 244 41 families”
1181 795 52 40 of
1264 795 67 40 St.
1360 794 180 47 Joseph
1567 797 178 43 county
1773 804 54 29 ns
1858 793 224 40 recorded

85 852 61 47 by
173 854 79 37 the
280 852 184 41 Census
490 852 52 40 of
568 852 128 41 1850.

158 908 332 41 “Authorities
516 908 205 48 quoted”;
783 917 139 31 verso
949 908 52 40 of
1026 908 83 40 4th
1136 907 173 49 prelim.
1350 906 114 41 leaf.

91 961 52 52 ©
171 966 83 39 July
315 966 38 47 8,
383 965 107 39 1931;
554 965 66 40 2c.
650 965 115 46 July
793 964 26 40 9;
877 965 81 39 aff.
988 966 115 45 July
1132 964 81 47 20;
1246 965 41 38 A
1313 962 172 48 39575;
1520 963 44 41 S.
1595 964 36 38 I.
1665 963 238 46 Silliman,
1933 962 156 39 Three

159 1022 186 47 Rivers,
378 1022 144 40 Mich.
593 1020 279 48 (31-19115)

86 1115 269 64 Stevens,
384 1114 234 53 Arthur
647 1114 229 66 Albert,
907 1120 171 50 1865-

154 1191 55 52 A
242 1190 295 53 text-book
569 1190 65 53 of
667 1192 240 51 medical
942 1192 243 51 diseases
1220 1190 95 52 for
1349 1208 212 49 nurses,
1594 1189 299 68 including
87 1206 1976 130 nursing

214 1266 1876 70 care, by Arthur A. Stevens … and Florence Anna Ambler
147 1344 1941 69 … Philadelphia and London, W. B. Saunders company, 1931.
156 1427 935 48 2 p. l. , 7-503 p. illus., diagrs. 20½ ᶜᵐ.
92 1480 52 52 ©
176 1486 125 38 June
332 1485 68 42 15,
433 1483 107 41 1931;
608 1484 66 41 2c.
706 1485 125 39 June
863 1485 81 46 17;
980 1485 79 38 aff.
1094 1485 125 38 June
1253 1484 81 47 18;
1369 1485 40 38 A
1441 1484 172 47 37988;
1648 1485 70 40 W.
1754 1484 54 41 B.
1845 1483 247 41 Saunders

161 1552 69 30 co.
299 1540 280 49 (31-19213)

88 1637 198 62 Stone,
316 1635 226 55 Walter
569 1636 80 52 Le
678 1636 147 63 Roy.

157 1712 1935 69 What is boys’ work, by Walter L. Stone … New York,
87 1789 361 53 Association
478 1807 173 50 press,
681 1792 150 50 1931.

158 1871 1935 50 x, [2], 5-196 p. diagr. 19½ ᶜᵐ. [Y. M. C. A. graduate school. Studies
88 1927 51 40 in
164 1927 149 41 social
339 1930 97 38 and
462 1927 231 49 religious
720 1928 325 50 engineering]

161 1984 350 48 Bibliography:
569 1995 43 37 p.
642 1984 216 41 185-196.

96 2038 52 52 ©
181 2043 116 47 July
330 2042 38 47 1,
402 2040 142 42 1931;
580 2041 65 39 2c.
681 2042 116 45 July
830 2042 80 44 18;
948 2041 81 40 aff.
1064 2042 116 48 July
1214 2043 82 44 17;
1332 2042 42 39 A
1406 2041 171 48 39543;
1616 2042 207 40 General
1859 2043 150 40 board
2044 2043 52 40 of

165 2099 80 39 the
286 2099 171 46 Young
496 2097 148 41 men’s
688 2098 248 39 Christian
981 2097 334 44 associations,
1360 2099 118 40 New
1520 2098 144 42 York.

178 2155 280 47 (31-19097)

93 2248 254 64 Temple,
375 2248 275 65 William,
679 2251 128 67 abp.
835 2251 64 69 of
923 2250 181 71 York,
1131 2253 172 51 1881-

163 2324 297 56 Christian
494 2325 153 53 faith
680 2326 112 53 and
824 2325 132 68 life;
991 2325 172 71 being
1194 2325 158 70 eight
1389 2327 292 53 addresses
1713 2328 285 53 delivered
2035 2328 55 52 in

91 2404 96 51 the
215 2402 337 69 University
583 2403 211 53 church
825 2408 58 48 at
913 2403 247 58 Oxford,
1190 2404 297 70 February
1519 2406 288 66 8th-15th,
1840 2410 149 62 1931,
2017 2406 75 69 by

90 2478 260 56 William
381 2481 254 67 Temple,
669 2481 341 69 archbishop
1044 2481 64 53 of
1143 2482 179 53 York.
1399 2483 138 53 New
1571 2482 179 68 York,
1784 2485 122 51 The
90 2485 1979 125 Macmillan

318 2576 299 51 company,
647 2562 150 50 1931.

167 2639 85 40 139
278 2649 44 38 p.
384 2639 58 41 19½ᶜᵐ.

99 2691 52 52 ©
183 2696 115 48 July
329 2698 68 46 14,
430 2696 141 43 1931;
603 2697 67 41 2c.
704 2698 95 39 and
831 2697 81 42 aff.
946 2699 114 46 July
1093 2698 81 48 15;
1211 2699 39 39 A
1282 2698 171 48 39482;
1490 2699 283 41 Macmillan
1803 2711 68 30 co.

179 2751 280 50 (31-19287)

93 2833 280 66 Todman,
407 2834 317 56 Frederick
754 2835 253 58 Simson.

166 2908 174 56 Stock
375 2912 113 51 and
526 2912 346 69 commodity
910 2914 331 70 exchanges,
1280 2915 74 67 by
1391 2914 309 54 Frederick
1739 2914 57 56 S.
1835 2916 263 52 Todman

156 2986 1634 73 … New York. Alexander Hamilton institute [ ᶜ1 931]
166 3069 1932 52 xxiv, 316 p. illus. 19 ᶜᵐ. (Added t.-p.: Modern business: a series of
99 3128 1949 47 texts prepared as part of the modern business course and service …
97 3182 276 40 Alexander
402 3183 254 40 Hamilton
685 3184 252 47 institute)

103 3235 52 52 ©
184 3239 127 40 June
336 3239 53 41 23,
435 3239 105 41 1931;
606 3240 65 41 2c.
703 3243 94 37 and
828 3241 80 39 aff.
940 3242 115 47 July
1084 3244 21 36 1;
1169 3243 40 38 A
1237 3241 145 42 40227;
1441 3244 280 40 Alexander
1748 3244 255 40 Hamilton
171 3244 1910 92 institute.
430 3297 279 47 (31-18987)

98 3375 129 52 Van
257 3375 280 65 Buskirk,
567 3377 201 54 James
798 3378 162 67 Dale,
992 3384 171 50 1881-

168 3450 209 71 Korea,
425 3452 135 53 land
609 3453 64 52 of
717 3454 94 53 the
861 3456 184 66 dawn,
1090 3455 76 69 by
1213 3456 195 53 James
1455 3457 147 52 Dale
1648 3458 129 53 Van
1828 3456 270 54 Buskirk.

99 3528 138 53 New
286 3529 180 65 York,
513 3529 348 70 Missionary
911 3532 298 52 education
1260 3539 318 47 movement
1626 3535 64 51 of
1735 3536 96 51 the
1881 3534 218 55 United

102 3604 818 71 States and Canada [ ᶜ1 931]
169 3687 388 49 xii, 200 p. 19½ ᶜᵐ.
173 3744 138 47 Maps
338 3754 61 29 on
427 3743 363 50 lining-papers.

173 3800 249 48 “Reading
448 3800 112 41 list”:
618 3811 44 38 p.
694 3801 247 50 [198]-200.

107 3851 52 52 ©
193 3857 125 40 June
350 3858 41 45 3,
426 3856 139 47 1931;
601 3857 67 40 2c.
703 3860 95 38 and
833 3857 81 41 aff.
949 3859 126 40 June
1110 3860 81 42 13;
1228 3860 42 39 A
1303 3859 171 47 37904;
1513 3861 294 50 Missionary
1844 3864 258 41 education

174 3917 270 36 movement
475 3914 52 39 of
558 3914 81 41 the
669 3914 179 41 United
883 3916 160 39 States
1075 3918 95 38 and
1202 3916 215 41 Canada.
1488 3918 280 50 (31-19211)
