2505 4370
1001 3997 133 49 1189

427 474 360 45 CONTENTS.—Invocation,
822 475 61 47 by
920 475 49 40 C.
1005 475 52 40 G.
1097 474 803 47 Smith.—Chronology.—Brooks
1939 475 139 40 takes

80 533 82 40 the
192 533 112 47 long
333 531 506 50 look.—Valediction,
871 532 62 48 by
964 532 51 42 P.
1048 532 64 41 M.
1145 531 126 40 Neff.

87 610 51 51 ©
163 614 116 48 July
302 614 39 49 6,
365 613 114 40 1931;
533 613 67 41 2c.
625 614 95 39 and
740 580 85 71 aff.
851 612 116 47 July
991 612 81 46 10;
1100 613 40 38 A
1164 610 172 49 39459;
1365 612 43 40 J.
1434 612 63 41 M.
1523 611 226 49 Dawson,
1777 613 160 46 Waco,
1963 612 115 39 Tex.

163 676 280 47 (31-20644)

84 796 170 52 Dietz
293 798 337 69 specialized
670 798 225 69 catalog
932 797 64 53 of
1032 798 97 52 the
1167 800 237 65 postage
1441 800 217 64 stamps
1698 794 63 54 of
1799 797 96 52 the
149 795 1908 132 Confederate

444 872 189 55 States
676 872 64 53 of
781 870 281 71 America,
1106 870 348 70 comprising
1496 872 96 53 the
1633 873 227 66 general
1902 871 173 55 issues

147 951 62 52 of
229 951 96 54 the
350 950 378 55 Confederate
748 954 385 64 government,
1155 948 351 69 provisional
1527 952 174 51 issues
1723 950 62 52 of
1807 951 94 50 the

145 956 1927 142 postmasters, and hand-stamped paids … Richmond, Va., Printed
151 1110 112 52 and
292 1109 301 67 published
619 1110 74 67 by
721 1109 94 52 the
842 1108 167 52 Dietz
1038 1107 264 69 printing
1327 1126 97 47 co.,
1454 1111 149 49 1931.

148 1195 559 43 1 v. illus. 16 × 9 ᶜᵐ .
147 1263 224 40 Includes
407 1262 303 49 advertising
743 1264 182 40 matter
958 1264 96 39 and
1089 1263 148 40 blank
1272 1273 146 38 pages
1453 1262 81 41 for
1569 1262 373 41 “Memoranda”
1979 1264 96 39 and

77 1318 220 41 “Notes”.

146 1376 260 40 Foreword
444 1375 167 48 signed;
677 1377 191 46 August
904 1374 156 51 Dietz,
1096 1375 173 42 editor.

146 1433 228 41 Lettered
399 1443 61 30 on
488 1443 142 30 cover;
687 1431 297 49 Specialized
1010 1432 352 42 confederates.

82 1510 51 52 ©
159 1515 111 40 Dec.
297 1516 68 47 15,
392 1513 118 42 1930;
561 1515 68 40 2c.
655 1514 112 40 Dec.
794 1514 55 40 17;
904 1513 82 42 aff.
1014 1514 113 47 May
1152 1512 71 50 22,
1251 1512 112 42 1931;
1420 1514 44 39 A
1488 1514 145 41 38584;
1691 1514 141 40 Dietz
1858 1513 220 50 printing

151 1589 81 36 co.,
263 1578 283 40 Richmond.
621 1576 280 49 (31-20545)

79 1685 261 66 Fischer,
371 1686 258 52 Herbert
659 1685 52 55 J.
742 1686 72 54 H.

149 1766 343 68 Ergebnisse
528 1764 300 53 britischer
868 1764 537 68 genossenschaften
1443 1766 60 51 in
1542 1767 100 51 der
78 1765 1999 147 bekleidungs-industrie,

422 1861 110 34 von
577 1844 82 52 dr.
707 1842 250 52 Herbert
1003 1843 55 53 J.
1107 1842 76 52 H.
1231 1842 248 53 Fischer.
1556 1843 396 69 Halberstadt,
1999 1845 76 50 H.

76 1922 213 68 Meyer,
322 1923 150 51 1930.

149 2003 25 37 1
201 2013 43 29 v.
315 2000 213 49 (Soziale
556 2000 395 47 Organisationen
981 2001 84 39 der
1094 2002 292 47 gegenwart,
1416 2000 80 49 10)

80 2076 1943 108 © Dec. 20, 1929; 1c. Feb. 14, 1930; A—Foreign 6731; H. Meyer’s buchdruckerei.
76 2250 229 64 Fisher,
336 2249 289 64 Anthony
654 2249 69 55 R.

138 2325 143 54 This
312 2325 322 53 man-made
669 2324 200 69 world,
902 2324 74 71 by
1009 2324 277 71 Anthony
1320 2325 66 52 R.
1425 2325 218 70 Fisher,
1677 2325 288 69 drawings
1997 2328 75 67 by

70 2403 209 54 Ernest
314 2402 373 53 Richardson.
765 2400 266 70 Chicago,
1070 2401 249 54 Thomas
1358 2401 56 55 S.
1454 2402 287 55 Rockwell
1777 2421 295 53 company,

71 2484 150 51 1931.

140 2559 753 52 112 p. incl. front., illus. 20½ ᶜᵐ.
140 2635 103 39 The
268 2636 134 46 story
427 2632 53 41 of
502 2632 286 40 inventions.

80 2710 51 52 ©
166 2714 127 39 June
324 2712 69 48 27,
428 2711 113 41 1931;
604 2711 67 41 2c.
705 2712 120 46 Aug.
859 2711 25 40 3;
948 2711 82 41 aff.
1063 2711 121 49 Aug.
1218 2712 26 38 1;
1309 2713 44 38 A
1383 2711 146 41 40589;
1593 2714 215 40 Thomas
1841 2715 45 41 S.

147 2715 1909 94 Rockwell
288 2779 66 29 co.
426 2766 279 48 (31-20625)

75 2874 296 65 Frankau,
400 2874 259 56 Pamela.

138 2950 220 54 Letters
394 2950 153 53 from
581 2971 30 33 a
644 2951 234 53 modern
913 2950 281 69 daughter
1229 2956 58 48 to
1322 2952 98 52 her
1455 2953 238 67 mother,
1725 2952 75 70 by
1836 2953 232 54 Pamela

68 3028 286 53 Frankau.
421 3028 254 69 London,
704 3028 187 55 Hurst
917 3030 45 50 &
991 3028 282 69 Blackett,
1303 3030 102 52 ltd.
1466 3033 152 66 [1931]

140 3107 544 49 2 p. l., 7-281 p. 19½ ᶜᵐ.
79 3184 1992 57 © 1c. Aug. 1, 1931; A ad int. 15351; pubd. June 5; P. Frankau, London.
155 3251 279 49 (31-20926)

73 3357 296 65 Fröschel,
403 3358 211 65 Georg,
650 3365 171 50 1891-

137 3433 267 54 Admiral
446 3435 216 70 Bobby,
699 3435 74 70 by
812 3434 219 71 George
1070 3437 314 71 Froeschel,
1423 3438 313 55 translated
1777 3438 153 54 from
1972 3439 94 54 the

70 3510 246 55 German
339 3513 75 67 by
439 3512 137 54 Elsa
599 3512 75 52 H.
702 3512 353 71 Naumburg,
1081 3512 323 56 illustrated
1429 3516 75 68 by
1528 3517 158 55 Kurt
1711 3514 352 57 Szafranski.

69 3588 136 53 New
238 3588 160 54 York
428 3590 111 51 and
569 3590 254 68 London,
850 3590 231 70 Harper
1109 3596 52 50 &
1191 3592 275 68 brothers,
1499 3596 148 51 1931.

141 3669 1309 52 5 p. l., 161 p. col. front., illus., col. plates. 22 ᶜᵐ.
140 3737 163 40 Plates
338 3738 195 47 printed
565 3739 49 39 in
652 3739 255 49 Germany.

142 3794 161 41 “First
337 3794 226 42 edition.”

80 3870 51 52 ©
161 3876 115 47 July
303 3876 40 47 5,
373 3875 140 47 1931;
543 3876 68 42 2c.
639 3877 120 47 Aug.
788 3878 52 45 5;
871 3878 81 41 aff.
982 3879 120 48 Aug.
1132 3881 51 45 7;
1215 3881 41 38 A
1286 3880 143 41 39907
1489 3882 192 47 Harper
1711 3882 37 40 &
1777 3882 124 41 bros.

159 3938 280 50 (31-20653)
