2505 4370
1303 4075 100 49 580

355 415 178 64 Doty,
563 414 192 65 Ralph
787 414 160 66 Earl,
980 420 171 50 1891-

487 491 1886 70 … An acreage census of cane varieties for the crops of 1930,
363 575 145 62 1931,
546 574 151 65 1932,
733 572 113 52 and
881 571 121 53 The
1039 571 202 54 official
1277 571 153 69 yield
1468 571 275 54 statistics
1782 571 93 53 for
1910 572 96 53 the
2048 576 132 48 1930
2218 591 155 49 crop,

354 649 73 70 by
458 650 68 52 R.
559 650 64 51 E.
656 649 174 68 Doty.
897 648 317 68 Honolulu,
1246 649 254 69 Hawaii,
1535 652 149 50 1931.

424 729 1946 51 2 p. l., [3]-87 p. tables (1 fold.) diagr. 29 ᶜᵐ . (Experiment station
351 787 54 39 of
441 788 82 39 the
560 786 265 41 Hawaiian
862 797 149 38 sugar
1047 786 234 49 planters’
1320 786 312 42 association.
1702 786 224 42 Circular
1962 798 75 30 no.
2077 788 81 47 57)

361 855 2000 54 © Mar. 10, 1931 ; 2c. and aff. Apr. 6 ; A 36351 ; Hawaiian sugar planters
430 927 142 38 assn.,
604 918 264 39 Honolulu.
941 915 250 50 (31-9939)

354 1026 249 66 Dreyer,
634 1026 264 65 Antony.

486 1102 1641 71 … Le beau parti. Paris, Gautier-Languereau, 1930.
424 1184 1531 50 249 p., 2 l. 19 ᶜᵐ . (On cover: Bibliothèque de ma fille)
355 1254 2017 115 © May 1, 1930; 1c. Dec. 12; A— Foreign 9793; Éditions Gautier-Languereau. (31-9808)
356 1416 191 65 Faris,
574 1416 157 54 John
759 1415 320 66 Thomson,
1109 1418 172 54 1871-

424 1491 1946 74 Roaming American highways, by John T. Faris … New
354 1571 181 69 York,
566 1573 217 51 Farrar
813 1575 44 51 &
887 1572 301 67 Rinehart,
1219 1571 423 69 incorporated,
1675 1577 151 48 1931.

425 1652 1263 51 xviii, 301 p. front., plates, fold. map. 21 ½ ᶜᵐ .
429 1712 181 41 Folded
642 1723 111 37 map
783 1713 229 40 mounted
1043 1723 59 30 on
1132 1712 341 49 lining-paper.

359 1779 52 52 ©
442 1784 113 47 Apr.
585 1784 69 48 23,
685 1784 141 46 1931;
859 1784 67 40 2c.
956 1784 113 48 Apr.
1100 1784 57 40 27;
1216 1783 83 42 aff.
1330 1785 113 47 Apr.
1474 1783 82 49 24;
1589 1785 41 39 A
1660 1785 172 47 36784;
1867 1785 43 40 J.
1941 1785 53 44 T,
2026 1784 157 49 Faris,
427 1783 1927 107 Philadelphia.
710 1840 281 50 (31-26799)

352 1939 124 52 The
513 1936 247 54 Federal
798 1944 273 64 reporter.
1148 1939 219 55 Second
1404 1940 186 53 series.
1669 1939 170 55 Cases
1877 1940 216 68 argued
2131 1941 114 52 and

424 1939 1929 132 determined
734 2019 61 51 in
821 2019 95 52 the
949 2017 219 56 Circuit
1198 2023 190 49 courts
1416 2018 64 53 of
1509 2019 235 67 appeals
1772 2019 113 53 and
1911 2017 249 55 District
2186 2021 189 51 courts

426 2096 63 52 of
527 2097 97 52 the
661 2096 219 54 United
922 2096 206 70 States,
1167 2096 219 54 United
1427 2095 190 56 States
1657 2097 180 54 Court
1873 2097 65 53 of
1975 2103 247 48 customs
2262 2097 113 53 and

425 2179 200 63 patent
664 2176 253 69 appeals,
959 2175 180 55 Court
1178 2176 64 52 of
1280 2176 198 54 claims
1517 2175 65 53 of
1620 2177 97 52 the
1753 2174 221 55 United
2015 2174 207 71 States,
2261 2175 114 53 and

427 2253 177 59 Court
654 2255 63 53 of
765 2255 234 67 appeals
1046 2255 64 51 of
1156 2255 95 52 the
1299 2254 244 54 District
1593 2254 64 54 of
1704 2254 302 56 Columbia
2053 2253 142 53 with
423 2253 1950 133 key-number

716 2332 366 54 annotations.
1175 2353 50 32 v.
1281 2337 66 48 45
1413 2333 127 70 (2d)
1606 2332 559 70 February-March,
2221 2336 152 50 1931.

424 2409 85 56 St.
538 2411 166 55 Paul,
728 2411 161 53 West
916 2411 338 69 publishing
1282 2430 98 50 co.,
1412 2414 150 50 1931.

425 2491 910 50 xxiv, 1088 p. front. (map) 26 ᶜᵐ .
357 2560 52 52 ©
438 2565 114 47 Apr.
579 2565 69 46 14,
676 2563 114 41 1931
809 2575 9 36 ;
847 2564 67 40 2c.
943 2565 114 48 May
1084 2565 82 46 15;
1197 2564 81 41 aff.
1308 2566 77 39 May
1449 2564 83 47 22;
1562 2564 42 40 A
1629 2563 172 48 38421;
1831 2565 138 40 West
1995 2563 282 49 publishing
2305 2573 67 32 co.

351 2676 274 64 Fernald,
656 2676 248 54 Charles
931 2676 225 63 Henry.

419 2751 1951 71 Modern selling, by Charles H. Fernald … New York,
347 2829 457 69 Prentice-Hall,
834 2830 126 69 inc.,
994 2833 152 51 1931.

419 2911 674 50 xii p., 1 l., 189 p. 21½ ᶜᵐ .
356 2980 51 51 ©
440 2984 109 40 Feb.
579 2984 69 48 10,
678 2983 108 41 1931
810 2995 9 36 ;
849 2984 67 41 2c.
947 2986 123 39 Mar.
1099 2984 55 40 23;
1214 2985 83 40 aff.
1329 2986 121 39 Mar.
1481 2986 82 45 17;
1595 2985 40 39 A
1663 2984 172 48 36340;
1869 2984 378 47 Prentice-Hall,
2279 2985 90 39 inc.

435 3040 249 49 (31-9946)

349 3137 241 64 Forbes,
618 3138 213 53 Rosita
856 3139 167 55 Torr.

421 3217 31 52 I
486 3218 143 52 have
662 3218 154 57 lived
851 3218 76 52 all
962 3218 130 54 this.
1170 3219 124 52 The
1327 3236 261 35 romance
1621 3218 65 53 of
1721 3217 287 55 Cockatoo
2041 3218 155 52 Pete.

434 3296 84 47 (In
548 3294 202 44 London
781 3294 203 53 Sunday
1017 3295 223 52 graphic,
1274 3297 127 42 Mar.
1435 3297 72 49 22,
1541 3296 144 51 1931)

353 3365 1998 110 © 1c. May 18, 1931; A ad int. 15084; pubd. Mar. 22; Joan Rosita McGrath,
624 3427 214 42 London.

347 3523 120 53 The
502 3521 387 65 Fortnightly
922 3524 223 64 review,
1174 3542 88 35 no.
1297 3523 120 71 773,
1448 3542 124 35 new
1603 3523 187 70 series,
1820 3524 156 69 May,
2009 3526 151 49 1931.

353 3600 1999 53 © 1c. May 7, 1931; A ad int. 15079; pubd. May 1; Fortnightly review.
421 3663 100 47 ltd.,
553 3662 214 41 London.

349 3756 177 64 Giles,
556 3757 185 54 Helen
773 3758 64 56 F.

476 3833 1884 70 … How the United States became a world power, by Helen
341 3910 1995 148 F. Giles … New York, Chicago, Charles E. Merrill company [ ᶜ1 930]
