2505 4370
1324 4047 101 50 624

370 382 280 65 Walpole,
683 383 201 65 Hugh,
921 389 172 49 1884-

445 477 199 54 Above
686 477 95 54 the
823 477 147 53 dark
1009 480 231 67 tumult,
1284 498 71 33 an
1398 479 331 70 adventure,
1770 480 75 68 by
1888 479 182 70 Hugh
2114 481 276 68 Walpole.

373 555 236 55 Garden
644 555 151 72 City,
826 556 69 54 N.
930 556 91 70 Y.,
1051 557 361 70 Doubleday,
1442 558 199 53 Doran
1674 559 45 51 &
1749 577 300 51 company,
2079 559 128 70 inc.,
2242 563 150 52 1931.

442 637 544 49 7 p. l., 3-303 p. 21½ᶜᵐ.
375 704 53 53 ©
458 710 123 40 Mar.
608 708 69 50 27,
706 707 142 50 1931;
879 709 67 42 2c.
976 710 96 41 and
1101 709 80 43 aff,
1214 711 114 47 May
1356 711 53 45 4;
1441 710 40 39 A
1509 710 145 41 30902;
1714 711 300 48 Doubleday,
2045 712 169 39 Doran
2244 713 36 39 A
2309 724 82 36 co.,
443 767 91 41 inc.

371 860 279 67 Walters,
681 861 249 55 Francis
956 863 252 64 Marion,
1240 868 173 49 1862-

365 950 2000 146 … Our health foundations, by Francis M. Walters … Boston, New
698 1029 1509 72 York [etc.] D. C. Heath and company [ ᶜ1 931]
439 1110 1772 55 viii, 276 p. illus. 19 ᶜᵐ. (Practical hygiene series, book two)
439 1180 348 53 Bibliography
824 1184 225 42 included
1084 1184 50 41 in
1170 1184 210 49 preface.

373 1250 53 53 ©
463 1255 115 48 Apr.
615 1256 69 47 14,
723 1255 140 47 1931;
903 1255 68 42 2c.
1007 1256 114 48 Apr.
1160 1257 81 45 18;
1284 1256 82 41 aff.
1403 1256 115 49 Apr.
1556 1257 82 46 17;
1679 1257 41 39 A
1755 1257 173 48 36558;
1969 1258 53 42 F.
2061 1260 64 39 M.
2162 1260 227 48 Wallers,

441 1313 283 40 Baltimore.
797 1313 282 50 (31-10760)

375 1409 217 70 [Ward,
621 1409 236 53 Arthur
886 1409 300 69 Sarsfield]

442 1504 123 52 The
594 1502 166 53 mark
787 1503 64 53 of
879 1504 96 52 the
1003 1502 264 70 monkey,
1294 1504 77 67 by
1401 1502 117 56 Sax
1547 1503 252 54 Rohmer
1853 1503 212 69 [pseud.]

452 1582 85 48 (In
565 1579 266 45 Britannia
862 1581 96 43 and
989 1581 117 51 Eve,
1140 1580 161 54 April,
1334 1582 145 50 1931)

373 1650 2017 55 © 1c. May 25, 1931; A ad int. 15122; pubd. Apr. 1; A. S. Ward, London.
366 1766 199 66 Wells,
596 1767 275 65 Carolyn.

441 1861 228 53 Horror
710 1862 190 67 house,
944 1862 76 69 by
1061 1861 255 69 Carolyn
1356 1860 210 68 Wells;
1612 1880 30 34 a
1686 1860 269 72 Fleming
1998 1861 179 56 Stone
2214 1865 175 66 story.

368 1940 414 68 Philadelphia
812 1942 46 50 &
886 1940 260 69 London,
1177 1941 56 53 J.
1266 1941 66 51 B.
1364 1939 340 69 Lippincott
1736 1958 300 53 company,
2069 1944 153 50 1931.

438 2019 555 50 5 p. l., 9-294 p. 19½ᶜᵐ.
371 2088 53 52 ©
452 2092 112 41 Feb.
592 2093 38 47 5,
659 2092 141 47 1931;
830 2094 65 37 2c.
925 2094 96 39 and
1050 2091 82 42 aff.
1161 2094 115 46 May
1305 2093 81 46 15;
1416 2092 41 40 A
1483 2092 173 47 38172;
1688 2091 212 50 Carolyn
1930 2092 150 41 Wells
2110 2092 278 50 Houghton,

440 2150 118 40 New
588 2151 145 39 York.

367 2244 206 54 Who’s
604 2248 126 52 who
764 2246 60 55 in
860 2247 254 69 Chicago
1150 2248 114 52 and
1297 2247 271 69 vicinity;
1603 2248 96 52 the
1733 2245 148 55 book
1913 2246 65 53 of
2013 2246 375 70 Chicagoans.

437 2324 55 52 A
519 2325 400 69 biographical
949 2325 327 71 dictionary
1305 2325 65 54 of
1396 2325 234 69 leading
1657 2325 188 69 living
1870 2344 129 34 men
2030 2325 115 53 and
2172 2342 218 36 women

440 2404 64 52 of
541 2405 96 51 the
676 2404 77 53 city
832 2404 63 52 of
935 2403 253 71 Chicago
1227 2405 114 53 and
1380 2404 283 69 environs,
1704 2407 151 49 1931.
1934 2403 302 70 Compiled
2276 2404 113 52 and

439 2481 1887 69 edited under the direction of Albert Nelson Marquis …
439 2560 273 70 Chicago,
739 2562 123 52 The
886 2561 70 52 A.
987 2561 68 52 N.
1084 2560 262 69 Marquis
1373 2578 299 52 company,
1703 2563 151 50 1931.

437 2641 583 49 1 p. l., 5-1086 p. 24 ᶜᵐ.
370 2708 53 53 ©
453 2713 114 48 May
594 2714 70 48 22,
693 2713 114 41 1931;
865 2713 67 41 2c.
962 2715 96 39 and
1088 2713 82 41 aff.
1201 2714 115 48 May
1344 2713 56 41 25;
1458 2713 42 39 A
1527 2711 145 43 38439;
1730 2712 56 42 A.
1815 2713 57 41 N.
1903 2712 223 48 Marquis
2154 2723 67 30 co.

365 2823 264 65 Willard,
658 2825 304 54 Theodore
990 2824 253 66 Arthur,
1275 2830 173 50 1862-

436 2916 180 53 Bride
647 2916 64 53 of
740 2918 96 52 the
869 2918 128 51 rain
1029 2918 143 68 god;
1208 2916 254 69 princess
1495 2914 65 55 of
1593 2914 432 70 Chichen-Itza,
2057 2916 97 52 the
2189 2914 192 55 sacred

363 2993 119 70 city
507 2993 65 54 of
596 2994 96 53 the
718 2994 205 69 Mayas;
980 2994 172 70 being
1177 3013 72 36 an
1276 2994 298 53 historical
1600 3011 263 36 romance
1892 2991 64 55 of
1982 3011 32 34 a
2043 2992 198 69 prince
2270 2993 112 53 and

364 3070 254 69 princess
646 3072 65 53 of
737 3071 413 56 Chichen-Itza
1177 3072 59 52 in
1266 3072 128 53 that
1419 3072 329 69 glamorous
1775 3071 138 53 land
1942 3069 64 55 of
2032 3071 98 52 the
2159 3069 223 54 ancient

365 3149 221 69 Mayas,
619 3150 187 52 where
837 3149 333 70 conflicting
1202 3150 215 52 human
1451 3149 260 68 passions
1745 3148 331 54 dominated
2112 3148 95 53 the
2243 3148 141 53 lives

364 3225 66 54 of
465 3227 96 52 the
599 3227 311 69 long-dead
948 3233 131 62 past
1116 3246 60 34 as
1213 3227 137 69 they
1389 3228 72 52 do
1499 3228 161 52 those
1698 3226 66 54 of
1801 3227 193 68 today.
2072 3227 92 69 By
2203 3226 66 53 T.
2311 3226 70 53 A.

362 3300 1829 71 Willard … Cleveland, O., The Burrows bros. co. [ ᶜ1 930]
433 3384 919 49 3 p. l., 266 p. front., plates. 20 ᶜᵐ.
369 3452 53 53 ©
462 3457 111 40 Dec.
613 3457 25 39 8,
691 3456 114 40 1930;
872 3455 66 42 2c.
980 3458 93 39 and
1113 3457 82 40 aff.
1234 3458 115 47 Apr.
1388 3457 55 40 15,
1497 3456 141 48 1931;
1679 3456 41 40 A
1758 3457 145 41 36473;
1972 3457 52 42 T.
2064 3457 54 39 A.
2159 3456 222 42 Willard.

439 3515 207 46 Beverly
679 3514 142 48 Hills,
858 3514 144 41 Calif.
1074 3514 284 48 (31-10523)

364 3608 244 66 Wilson,
639 3610 193 53 Lewis
865 3609 247 65 Gilbert,
1148 3615 327 50 1858-1928.

431 3700 122 51 The
579 3699 172 56 witch
779 3700 162 55 hazel
970 3701 113 53 and
1112 3701 162 51 other
1303 3718 191 51 poems
1527 3701 109 68 [by]
1669 3700 185 53 Lewis
1883 3698 226 55 Gilbert
2139 3698 236 54 Wilson.

367 3776 395 69 [Manchester,
791 3778 68 53 N.
887 3778 96 69 H.]
1014 3778 158 53 Priv.
1201 3778 175 68 print.
1412 3777 227 70 [Clarke
1666 3796 173 50 press]
1875 3780 149 49 1931.

433 3856 878 51 2 p. l., 56 p. front. (port.) 20 ᶜᵐ.
370 3927 52 52 ©
455 3933 113 46 Apr.
602 3933 38 43 8,
674 3932 140 44 1931;
849 3932 67 42 2c.
949 3934 96 39 and
1078 3933 83 40 aff.
1195 3934 114 47 Apr.
1343 3934 54 38 17;
1460 3934 40 37 A
1532 3931 171 48 36552;
1740 3932 150 41 Sallie
1926 3932 52 42 G.
2012 3931 200 43 Wilson.
440 3932 1923 108 Manchester,
674 3991 56 41 N.
760 3991 61 41 H.
892 3991 281 48 (31-10583)
