2428 4370
980 4043 132 48 1923

129 496 118 38 This
270 495 250 47 pamphlet
541 493 41 40 is
608 496 47 37 to
679 493 56 39 he
759 493 137 39 fitted
921 493 101 38 into
1049 491 80 40 the
1153 493 170 46 pocket
1349 494 50 37 at
1427 492 81 40 the
1533 491 120 39 back
1679 489 52 41 of
1755 490 84 40 the
1861 490 189 40 volume

58 552 50 40 of
138 552 80 41 the
244 554 72 38 set
345 554 47 37 to
421 550 156 41 which
606 551 37 39 it
672 549 208 48 belongs.

61 605 51 52 ©
138 610 116 39 Nov.
281 608 68 47 20,
377 607 112 41 1931;
546 607 65 40 2c.
640 607 111 40 Dec.
778 606 53 39 12;
888 605 84 42 aff.
999 606 110 40 Dec.
1138 606 54 38 14;
1249 606 41 38 A
1314 605 144 39 45464;
1518 605 182 47 George
1727 605 51 38 T.
1808 604 131 41 Bisel
1968 615 66 30 co.,

135 668 155 44 Soney
314 666 36 39 &
378 664 120 48 Sage
524 675 66 29 co.
617 666 94 37 and
739 664 131 39 West
897 663 109 47 pub.
1033 673 65 29 co.

54 744 225 63 Peters,
306 744 201 63 Harry
530 742 299 65 Twyford,
860 748 170 49 1881-

125 821 264 52 America
427 839 70 34 on
535 826 185 60 stone;
760 819 94 52 the
892 820 162 51 other
1090 818 385 68 printmakers
1513 824 58 47 to
1609 820 98 51 the
1743 818 306 53 American

56 898 226 67 people;
319 916 31 33 a
386 897 283 53 chronicle
702 896 63 53 of
798 895 306 53 American
1140 895 377 68 lithography
1552 896 162 52 other
1749 896 140 52 than
1924 896 126 51 that

54 974 65 53 of
152 974 233 54 Currier
415 977 45 50 &
491 974 148 68 Ives,
672 973 151 52 from
855 974 74 52 its
960 973 332 68 beginning,
1324 972 222 69 shortly
1578 972 196 54 before
1808 976 152 63 1820,
1990 978 60 47 to

55 1052 92 52 the
173 1071 162 49 years
361 1053 160 51 when
549 1052 94 52 the
667 1050 356 53 commercial
1050 1050 368 68 single-stone
1444 1050 407 53 hand-colored
54 1051 1972 146 lithograph

269 1129 376 68 disappeared
676 1128 148 52 from
855 1128 94 52 the
978 1126 306 54 American
1315 1145 174 36 scene.
1556 1127 56 52 A
1638 1128 292 69 prologue,
55 1128 1971 146 being

180 1224 30 34 a
236 1224 206 51 survey
468 1205 64 53 of
554 1206 95 52 the
675 1205 131 53 field
836 1224 60 34 as
923 1223 32 34 a
983 1204 199 68 whole,
1210 1203 269 54 followed
1508 1204 76 69 by
1610 1204 98 53 the
55 1205 1971 130 alphabetical

171 1284 95 52 list
298 1282 64 53 of
391 1284 93 51 the
518 1283 212 66 artists,
762 1282 443 68 lithographers,
1238 1281 321 68 publishers
1595 1282 115 53 and
1740 1281 310 55 craftsmen

56 1361 126 52 who
211 1360 146 53 built
389 1379 77 49 up
496 1360 266 53 America
792 1379 71 33 on
894 1364 158 49 stone
1084 1360 59 52 in
1175 1360 383 67 lithographs,
1590 1359 171 69 being
1792 1378 31 35 a
56 1361 1972 130 collector’s

228 1444 159 47 notes
426 1456 71 34 on
538 1437 149 53 their
727 1438 156 66 lives,
923 1436 164 54 times
1127 1437 113 53 and
1281 1436 301 69 activities,
1622 1437 308 70 gathering
54 1444 1973 139 together
289 1534 59 34 as

384 1516 168 51 much
589 1534 58 33 as
686 1514 243 69 possible
965 1514 65 54 of
1066 1514 150 53 their
1252 1514 200 54 stories
1492 1514 153 53 from
1682 1515 78 52 all
1800 1533 250 50 sources;

56 1593 323 52 illustrated
421 1592 138 53 with
606 1596 62 49 18
709 1592 222 54 colored
975 1592 112 53 and
1132 1595 101 49 136
1273 1592 167 53 black
1482 1592 113 53 and
1637 1592 172 54 white
1852 1593 201 68 plates,

55 1670 259 69 together
347 1670 141 53 with
521 1688 301 36 numerous
857 1670 161 54 other
1053 1670 381 53 illustrations
1470 1669 261 71 showing
1766 1672 286 68 examples

55 1748 64 52 of
150 1749 95 51 the
278 1749 157 51 work
465 1748 65 53 of
560 1766 153 36 more
745 1749 137 52 than
920 1751 98 50 100
1050 1747 267 54 different
1351 1747 311 54 craftsmen
1698 1747 152 55 from
1884 1767 164 52 every

56 1831 130 61 part
212 1825 64 53 of
298 1826 282 52 America.
665 1827 108 68 [By]
803 1827 200 67 Harry
1028 1827 65 51 T.
1120 1827 214 52 Peters.
1402 1824 252 69 [Garden
1682 1826 154 69 City,
1863 1827 68 53 N.
1962 1827 89 53 Y..

55 1903 1387 71 Doubleday, Doran and company, inc., ᶜ193 1]
125 1983 85 39 415
243 1993 56 38 p.,
334 1985 24 37 1
413 2015 7 8 l.
482 1985 229 40 mounted
745 1985 141 47 illus.,
920 1984 157 49 plates
1121 1984 135 49 (part
1290 1985 116 47 col.;
1440 1987 114 46 part
1588 1986 253 48 mounted)
1887 1989 164 45 ports.,

55 2039 866 49 facsims. (part mounted) 31½ ᶜᵐ .
126 2096 166 40 Added
319 2098 97 46 t.-p.
441 2096 280 42 illustrated
746 2097 48 40 in
820 2096 167 42 colors.

128 2151 146 40 “This
307 2152 123 40 book
466 2153 113 41 here
616 2153 107 41 first
756 2153 194 48 printed
987 2154 51 40 in
1077 2164 62 30 an
1175 2153 186 42 edition
1398 2153 53 41 of
1486 2153 85 41 751
1609 2153 160 49 copies
1806 2155 53 40 of
1895 2156 156 39 which

57 2206 994 44 G76 are for sale … This is no. 722.”
127 2263 273 42 “Checklist
431 2265 53 40 of
511 2265 163 47 books,
703 2266 288 47 pamphlets,
1022 2268 96 39 and
1151 2265 227 43 articles”:
1440 2276 43 40 p.
1517 2266 218 43 413-415.

63 2317 51 51 ©
143 2321 100 40 Oct.
270 2322 68 47 28,
366 2321 111 42 1931;
535 2323 66 41 2c.
630 2325 93 38 and
751 2323 82 42 aff.
860 2325 118 40 Nov.
1006 2325 82 46 13;
1118 2326 41 38 A
1184 2324 172 48 44984;
1388 2325 297 48 Doubleday,
1714 2327 165 38 Doran
1908 2326 36 40 &
1972 2336 82 30 co..

133 2377 88 41 inc.
293 2379 279 49 (31-33726)

56 2457 244 65 Pexton,
331 2461 137 52 Mrs.
501 2460 207 53 Jennie
741 2461 63 55 L.

123 2534 205 69 Lights
367 2535 65 52 of
471 2536 319 70 Cimarron,
829 2537 75 69 by
942 2538 205 54 Jennie
1186 2539 65 53 L.
1290 2540 251 66 Pexton;
1583 2558 32 34 a
1655 2541 296 51 collection
1991 2540 64 52 of

56 2613 1999 73 poems written in the land of the Cimarron … Guthrie, Okla.,
55 2689 119 52 The
206 2688 399 69 Co-operative
634 2691 334 71 publishing
995 2711 97 49 co.,
1123 2696 151 51 1931.

126 2770 750 50 135 p. front. (port.) 20 ᶜᵐ .
63 2823 51 52 ©
145 2829 116 40 Nov.
294 2828 68 49 12,
392 2829 111 42 1931;
564 2829 65 43 2c.
662 2832 96 39 and
787 2830 80 42 aff.
898 2832 117 40 Nov.
1047 2831 55 42 23;
1164 2833 39 39 A
1233 2832 144 42 45139;
1440 2835 43 40 J.
1516 2835 49 39 L.
1599 2835 200 49 Pexton,
1833 2835 219 46 Guthrie,

131 2885 104 40 Okl.
307 2887 278 47 (31-33505)

56 2965 256 54 Product
346 2966 401 65 engineering.

127 3044 149 51 How
306 3048 65 47 22
402 3045 456 56 manufacturers
888 3048 147 53 built
1066 3050 142 51 sales
1239 3051 206 66 appeal
1475 3051 250 69 through
1757 3052 296 68 improved

58 3120 214 69 design.
381 3122 265 55 <Methods
673 3125 58 51 in
757 3125 368 70 engineering
1150 3127 95 52 the
1270 3128 245 67 product
1538 3129 128 52 that
1691 3128 246 55 resulted
1965 3129 60 51 in:

58 3199 179 52 better
276 3218 368 49 appearance,
681 3202 204 69 higher
920 3203 359 68 production,
1315 3205 213 69 lighter
1566 3207 230 68 weight,
1832 3211 224 65 greater

57 3277 159 66 sales,
241 3276 204 69 higher
469 3280 185 66 speed,
680 3285 223 62 greater
925 3280 334 71 durability,
1284 3300 153 36 more
1462 3285 161 68 style,
1647 3289 226 64 greater
58 3303 1971 116 economy.>

313 3354 1679 71 A symposium by P. Eduard Geldhof … J. E. Cuff …
54 3429 1972 147 J. O. Cadieux … and others … reproduced from Product engineering …
482 3510 137 52 New
672 3511 178 58 York,
904 3512 429 54 McGraw-Hill
1388 3516 335 69 publishing
1776 3535 99 50 co.,
1927 3517 126 69 inc.,

183 3589 44 48 ᶜ193 1.
126 3664 696 49 96 p. illus., diagr. 29 ᶜᵐ .
61 3716 51 52 ©
147 3721 126 48 Sept.
305 3722 68 46 23,
406 3722 111 40 1931;
579 3723 65 40 2c.
678 3725 115 38 Nov.
826 3726 51 45 5;
911 3725 80 40 aff.
1027 3727 101 40 Oct.
1160 3728 81 46 31;
1276 3729 41 38 A
1348 3728 145 41 44824;
1556 3730 349 40 McGraw-Hill
1939 3732 108 47 pub.

128 3788 80 37 co.,
238 3778 90 40 inc.
399 3779 278 47 (31-33621)

55 3841 220 54 Punch.
351 3865 52 32 V.
433 3849 116 68 181,
575 3865 88 36 no.
691 3847 154 68 4710,
873 3849 126 54 Oct.
1031 3855 80 62 14,
1143 3855 148 50 1931.

61 3919 52 52 ©1c.
247 3925 110 42 Dec.
391 3925 40 44 9.
467 3925 108 42 1931;
641 3927 40 40 A
715 3929 62 40 ad
811 3929 86 42 int.
931 3929 142 42 15823;
1137 3933 142 48 pubd.
1315 3933 102 42 Oct.
1451 3935 54 38 14;
1569 3935 210 40 Herbert
1815 3937 234 48 Heather,

130 3980 211 43 London.
