2505 4370
1068 4001 100 49 141

177 443 114 44 xvii,
327 443 86 41 635
446 455 43 36 p.
549 443 143 47 illus.,
727 443 26 38 2
789 443 173 40 double
996 453 150 38 maps,
1183 442 153 48 diagr.
1400 443 56 39 23½ᶜᵐ.
1615 442 114 49 [The
1766 442 140 47 Rugg
1939 441 168 40 social-

109 499 1144 48 science course. The reading books. vol. IV]
181 557 128 40 “The
346 557 174 40 second
558 556 52 40 of
648 566 28 31 a
714 556 307 41 two-volume
1059 554 190 49 history
1285 554 53 42 of
1375 554 258 41 American
1671 552 314 43 civilization,
2026 554 81 40 the

110 614 105 41 first
247 614 51 40 of
328 613 157 40 which
519 623 100 30 was
651 614 82 39 the
764 612 133 41 third
927 613 123 40 book
1081 612 51 41 of
1166 613 79 40 the
1278 611 164 48 series,
1474 612 41 39 A
1545 611 189 48 history
1767 611 51 40 of
1849 610 256 41 American

107 669 325 42 civilization:
464 668 242 42 economic
735 670 96 39 and
860 668 388 41 social.”—Pref.

180 726 327 48 “Interesting
544 725 227 48 readings
810 724 128 41 from
980 724 157 40 which
1178 734 95 38 you
1312 734 89 30 can
1443 725 78 46 get
1562 723 272 40 additional
111 723 1977 100 information”

265 785 51 38 at
341 784 93 38 end
459 782 51 40 of
534 784 126 38 most
687 781 51 40 of
763 783 82 38 the
870 782 241 47 chapters.

115 836 52 52 ©
194 841 108 40 Jan.
330 839 39 48 2,
397 838 110 41 1931;
568 838 68 42 2c.
664 839 108 39 Jan.
799 837 57 40 29;
913 836 82 43 aff.
1024 838 109 39 Jan.
1162 836 55 41 28;
1275 836 42 39 A
1342 836 172 47 33408;
1545 836 60 40 H.
1637 836 152 49 Rugg,
1818 837 117 40 New
1963 837 146 39 York.

193 896 251 49 (31-3170)

109 977 327 54 Ruthrauff
462 976 51 53 &
539 978 189 62 Ryan,
756 976 111 54 inc.

178 1052 59 53 It
289 1052 132 53 isn’t
474 1051 231 68 raining
757 1051 352 68 everywhere
1129 1051 10 54 !
1234 1050 136 53 New
1427 1049 177 71 York,
1659 1049 250 69 Chicago
1967 1056 139 63 [etc.]

105 1128 982 69 Ruthrauff & Ryan, inc. [ ᶜ1 931]
175 1214 27 38 1
231 1222 43 38 p.
326 1243 24 16 l.,
382 1212 115 41 5-23
532 1222 41 37 p.
634 1212 56 40 15½ᶜᵐ.

117 1264 51 53 ©
201 1269 109 40 Jan.
340 1268 69 49 23,
442 1268 110 41 1931;
614 1268 66 41 2c.
714 1269 95 39 and
841 1268 82 41 aff.
956 1268 112 40 Feb.
1098 1268 27 39 4;
1186 1267 42 39 A
1258 1267 144 41 33530;
1464 1267 271 41 Ruthrauff
1765 1268 36 40 &
1833 1268 154 49 Ryan,
2021 1269 91 41 inc.

192 1325 249 49 (31-3701)

110 1408 242 62 Scoppa,
381 1405 269 55 Joachim
681 1406 209 64 Ralph.

177 1482 1934 70 Founding a new nation, by J. R. Scoppa … Chicago, New
110 1559 1149 68 York [etc.] Laidlaw brothers [ ᶜ1 931]
179 1642 1930 49 295 p. illus. (incl. ports., maps, facsims.) 19½ ᶜᵐ. (Lettered on cover.
113 1698 225 51 Scoppa’s
365 1699 258 41 American
651 1699 188 50 history
866 1700 175 48 series)

117 1753 1880 54 © Jan. 20, 1931; 2c. and aff. Jan. 30; A 33427; Laidlaw bros., inc.
195 1814 250 49 (31-3172)

110 1894 185 65 Scott,
322 1894 225 53 Martin
574 1895 71 63 J.,
676 1901 173 49 1865-

178 1970 310 66 Marriage,
516 1972 76 64 by
620 1972 219 53 Martin
869 1973 55 53 J.
957 1971 178 65 Scott,
1193 2016 10 10 S.
1271 2015 10 10 J.
1357 1973 139 53 New
1527 1974 179 62 York,
1736 1974 120 53 The
1887 1973 223 54 Paulist

111 2068 173 50 press,
316 2052 151 50 1930.

181 2131 369 49 xi, 188 p. 20 ᶜᵐ.
118 2184 1997 57 © Dec. 13, 1930; 2c. Dec. 19; aff. Dec. 17; A 34061; Missionary society
188 2246 50 40 of
268 2246 67 41 St.
362 2247 125 39 Paul
513 2246 84 40 the
621 2247 188 47 apostle
835 2246 50 39 in
912 2247 81 39 the
1021 2248 128 38 state
1177 2247 50 39 of
1254 2247 120 39 New
1400 2247 144 48 York,
1573 2248 121 40 New
1719 2249 145 40 York.

197 2303 250 49 (31-3596)

113 2384 248 63 Seibert,
390 2386 139 52 Mrs.
557 2384 227 53 Norma
810 2384 71 54 A.
920 2384 246 65 (Sauer)

182 2457 1930 73 Child health, by Mrs. Norma Seibert … Philadelphia and
109 2535 255 68 London,
392 2537 88 54 W.
513 2537 66 53 B.
610 2536 288 57 Saunders
928 2555 294 51 company,
1255 2541 149 49 1931.

182 2617 1558 54 2 p. l. , 9-261 p. illus. (incl. maps) forms (1 fold.) 17 ᶜᵐ.
184 2674 69 40 “A
281 2674 282 48 companion
590 2677 190 39 volume
806 2677 50 40 to
886 2675 81 41 the
993 2676 218 41 author’s
1239 2679 135 46 book,
1405 2679 153 40 Home
1585 2691 111 30 care
1723 2681 52 39 of
1803 2682 81 39 the
1915 2682 203 42 sick.”—

112 2729 129 42 Pref.

184 2786 224 42 Includes
440 2787 388 49 bibliographies.

122 2839 1995 58 © Jan. 28, 1931; 2c. Jan. 31; aff. Jan. 30; A 33462; W. B. Saunders co.
199 2902 250 47 (31-3556)

117 2983 258 64 Sénécal,
404 2985 69 53 R.
503 2985 52 53 J.

122 3059 1974 148 Sténographie Gregg, par R. J. Senecal … New York, Chicago [etc.]
464 3137 1221 75 The Gregg publishing company [ ᶜ1 931]
185 3220 217 42 2 V. 17 ᶜᵐ.
189 3277 160 47 Paged
379 3277 355 49 continuously.

155 3365 9 8 v.
191 3334 38 47 1,
260 3329 52 52 ©
341 3334 110 39 Jan.
478 3334 68 48 15,
575 3333 140 48 1931;
742 3335 68 41 2c.
838 3336 94 39 and
961 3335 82 42 aff.
1072 3337 108 41 Jan.
1208 3336 83 44 20;
1323 3350 43 29 v.
1394 3338 38 49 2,
1465 3334 51 53 ©
1545 3340 112 40 Jan.
1684 3340 82 48 12;
1797 3341 68 42 2c.
1895 3343 110 40 Jan.
2033 3344 56 38 15;

276 3390 1435 57 aff. Jan. 19; A 32894, 33245; Gregg pub. co. (31-2984)
118 3467 191 65 Shaw,
342 3470 227 64 George
599 3471 284 64 Bernard,
919 3478 168 50 1856-

121 3549 1974 129 … The collected works of Bernard Shaw. Ayot St. Lawrence
331 3626 231 53 edition.
639 3629 190 68 Plays,
1059 3673 8 9 XVIII.
1109 3632 397 56 Translations
1556 3637 111 53 and
1717 3635 404 54 tomfooleries.

129 3702 154 66 [New
311 3704 180 58 York,
518 3705 147 53 Wm.
694 3706 75 52 H.
800 3707 153 54 Wise
980 3710 46 49 &
1053 3726 297 53 company,
1383 3714 150 64 1930]

191 3782 781 52 237 p. incl. front. port. 23½ ᶜᵐ.
128 3834 52 52 ©
210 3839 110 41 Dec.
350 3839 70 49 26,
451 3840 116 41 1930;
623 3841 66 41 2c.
720 3843 112 40 Dec.
862 3844 82 46 30;
977 3845 81 41 aff.
1091 3846 109 40 Jan.
1233 3846 68 49 15,
1333 3845 140 50 1931;
1507 3848 43 40 A
1578 3848 144 41 33205;
1785 3850 53 42 G.
1870 3852 54 40 B.
1959 3850 159 51 Shaw,

195 3896 209 41 London.
471 3894 68 55 [©
570 3898 208 49 changes
810 3899 49 40 in
892 3902 117 47 text,
1042 3902 346 51 photographs]
