2428 4370
1013 4063 139 53 2037

71 414 276 64 Stewart,
377 413 226 63 George
631 410 246 65 Rippey,
907 416 170 50 1895-

142 491 140 52 Bret
321 492 203 65 Harte,
561 490 305 68 Argonaut
905 489 112 52 and
1057 487 172 68 exile;
1271 486 170 71 being
1481 506 72 34 an
1591 491 236 48 account
1867 484 62 55 of
1968 487 95 51 the

71 566 106 55 life
205 567 64 55 of
299 568 94 53 the
425 565 314 56 celebrated
770 564 305 55 American
1105 563 298 69 humorist,
1435 565 206 53 author
1669 563 64 54 of
1764 563 137 54 ‘The
1934 562 131 55 luck

70 644 64 53 of
171 642 257 72 Roaring
465 644 199 67 camp’,
703 643 349 56 ‘Condensed
1091 642 228 69 novels’,
1357 644 138 52 ‘The
1532 643 244 52 heathen
1816 641 248 67 Chinee’,

72 722 183 53 ‘Tales
297 722 64 53 of
404 724 94 50 the
539 721 367 68 Argonauts’,
949 722 116 66 &c.,
1105 722 121 67 &c.,
1268 720 280 67 compiled
1594 718 150 54 from
1786 737 122 34 new
1951 720 110 52 and

72 796 1992 71 original sources, by George R. Stewart, jr. … Boston and
73 877 138 53 New
241 876 176 70 York,
443 877 318 67 Houghton
789 874 204 53 Mifflin
1022 891 295 52 company,
1348 877 150 50 1931.

144 953 1922 53 xi, [1] p., 2 l., 3-384, [1] p. front., 1 illus., plates, ports., facsim.
73 1012 144 41 23½ ᶜᵐ .
145 1070 234 41 “Sources
404 1071 95 38 and
527 1068 167 41 notes”
713 1080 9 29 :
751 1081 40 36 p.
824 1068 266 50 [335]-[365]

80 1122 52 53 ©
164 1127 111 40 Dec.
306 1128 38 46 1,
377 1126 139 47 1931;
548 1127 68 40 2c.
649 1127 111 41 Dec.
791 1127 81 42 14;
907 1126 80 39 aff.
1021 1127 110 39 Dec.
1164 1127 82 44 11;
1280 1126 40 39 A
1351 1126 144 38 45445;
1559 1125 51 40 G.
1646 1126 54 38 R.
1737 1125 223 48 Stewart,
1994 1126 75 47 jr.,

147 1184 248 47 Berkeley,
427 1182 143 41 Calif.
641 1183 278 48 (31-34883)

74 1276 350 65 University
448 1278 64 52 of
538 1276 272 65 Virginia
836 1276 256 65 hospital
1120 1278 224 63 league.

139 1352 120 52 The
297 1351 330 56 Monticello
667 1352 135 53 cook
839 1352 163 68 book,
1042 1352 303 69 sponsored
1385 1352 75 71 by
1501 1353 94 51 the
1636 1352 330 69 University
2007 1351 63 53 of

72 1428 264 68 Virginia
388 1428 250 69 hospital
688 1430 209 67 league.
988 1427 477 68 Charlottesville,
1514 1429 123 67 Va.,
1689 1428 122 53 The
1860 1428 212 54 Michie

70 1523 295 52 company,
399 1508 150 52 1931.

142 1586 26 40 3
195 1599 43 37 p.
286 1618 23 15 l.,
336 1588 70 46 93,
437 1588 54 51 [1]
519 1599 45 37 p.
623 1586 116 42 23ᶜᵐ.

83 1640 51 52 ©
170 1645 112 40 Dec.
316 1645 39 45 4,
393 1644 139 45 1931;
571 1645 65 40 2c.
673 1646 92 39 and
804 1644 80 40 aff.
925 1646 109 39 Dec.
1071 1645 26 39 7;
1161 1645 39 38 A
1235 1644 170 44 46200;
1446 1643 281 49 University
1766 1645 49 40 of
1855 1643 219 48 Virginia

150 1701 207 49 hospital
385 1703 181 47 league,
593 1701 292 50 University,
911 1702 84 41 Va.
1066 1701 279 48 (31-34932)

76 1795 227 65 Vanity
326 1795 140 56 fair.

142 1874 121 52 The
293 1873 219 59 Vanitv
543 1874 115 53 fair
691 1873 157 53 book.
918 1874 134 52 New
1087 1874 177 67 York,
1296 1874 120 53 The
1448 1874 155 54 John
1635 1875 126 68 Day
1796 1891 276 52 company

78 1955 194 65 [ ᶜ1 931]
145 2031 1501 49 173, [1] p., 1 l. incl. plates (part col.) ports. 33½ × 26 ᶜᵐ .
145 2089 287 39 Illustrated
460 2087 362 49 lining-papers.

85 2143 51 52 ©
168 2148 116 40 Nov.
316 2148 57 39 27,
475 2148 54 39 1931;
591 2148 66 39 2c.
689 2148 110 39 Dec.
831 2148 25 38 4;
918 2147 82 40 aff.
1032 2148 110 39 Dec.
1174 2149 27 39 3;
1262 2148 39 38 A
1332 2148 144 39 46197;
1539 2147 126 41 John
1702 2149 105 46 Day
1841 2158 66 30 co.

163 2203 278 49 (31-34807)

80 2298 197 65 Velde,
304 2298 305 54 Theodoor
638 2297 266 54 Hendrik
932 2315 115 36 van
1077 2299 87 64 de,
1197 2300 171 54 1873-

148 2374 272 70 Fertility
469 2376 112 52 and
628 2375 248 68 sterility
922 2376 59 52 in
1030 2376 313 68 marriage;
1395 2376 151 52 their
1592 2377 306 69 voluntary
78 2395 1974 109 promotion

328 2453 1747 69 and limitation, by Th. H. van de Velde … translated
77 2531 75 68 by
189 2531 67 52 F.
293 2531 88 54 W.
423 2530 179 55 Stella
641 2531 260 52 Browne.
974 2531 259 69 London,
1268 2532 90 53 W.
1397 2531 364 54 Heinemann
1810 2533 268 68 (medical

80 2608 198 69 books)
317 2607 122 69 ltd.,
469 2611 150 49 1931.

221 2690 931 49 xx, 448, [20] p. XX pl. on 11 l. 22 ᶜᵐ .
151 2748 165 39 Plates
355 2746 340 48 accompanied
735 2747 60 47 by
834 2747 292 48 descriptive
1165 2749 285 47 letterpress
1498 2748 112 50 ([20]
1651 2750 68 47 p.)

153 2805 128 39 “The
319 2803 132 41 third
488 2804 95 38 and
621 2804 98 39 last
755 2804 190 39 volume
982 2803 52 40 of
1070 2814 78 37 my
1186 2803 178 50 trilogy
1400 2815 61 29 on
1498 2805 200 40 marital
1735 2805 343 49 problems.”—

81 2860 130 42 Pref.

153 2915 1042 50 Chapter XIX translated by C. A. Bang.
153 2973 377 48 “Bibliography
559 2973 95 39 and
684 2971 302 41 references”
1003 2982 10 30 :
1044 2983 43 37 p.
1116 2971 218 42 435-448.

89 3026 1992 53 © 1c. Nov. 13, 1931; A ad int. 15685; pubd. Oct. 15; Covici, Friede, inc.,
156 3089 117 39 New
302 3088 142 39 York.
515 3085 278 49 (31-35281)

83 3165 191 66 Vinal,
302 3166 241 65 Harold,
574 3172 172 50 1891-

150 3243 1929 71 Hymn to chaos … by Harold Vinal. Brattleboro, Vt.,
81 3321 799 63 Stephen Daye press [ ᶜ1 931]
153 3400 239 49 85 p. 25 ᶜᵐ .
153 3457 146 41 “This
329 3457 183 40 edition
541 3457 189 41 limited
760 3460 48 38 to
837 3457 92 40 five
962 3458 219 40 hundred
1211 3456 202 49 copies.”

152 3515 183 39 Poems.

93 3568 51 52 ©
175 3573 112 41 Dec.
317 3573 39 45 1,
387 3572 112 40 1931;
559 3572 69 41 2c.
659 3573 111 39 Dec.
800 3574 25 39 7;
886 3572 81 39 aff.
1000 3572 110 40 Dec.
1141 3573 26 38 4;
1228 3572 40 39 A
1298 3572 143 40 46205;
1503 3574 61 38 H.
1597 3572 157 50 Vinal,
1787 3574 117 40 New
1937 3574 143 41 York.

170 3628 279 50 (31-34810)

86 3709 271 64 Virginia
387 3713 158 49 state
574 3710 106 53 bar
709 3709 374 55 association.

157 3787 1928 72 Proceedings of the forty-second annual meeting … held at
88 3867 94 51 the
227 3865 340 54 Greenbrier
609 3867 154 51 hotel
809 3867 111 52 and
966 3870 250 63 cottages,
1275 3866 195 54 White
1517 3867 256 68 Sulphur
1821 3868 262 70 Springs,

88 3943 156 53 West
287 3942 286 70 Virginia,
613 3943 142 70 July
793 3946 82 55 30,
916 3947 64 49 31
1020 3945 113 52 and
1172 3943 230 70 August
1443 3950 46 64 1,
1531 3948 150 50 1931.
1756 3946 212 56 Edited
2006 3946 77 70 by
