2505 4370
1323 4057 102 50 954

711 485 62 5 CONTENTS.—
787 461 292 41 Dieudonné
1097 461 186 48 Costes,
1303 461 43 41 le
1365 461 145 41 héros
1529 462 58 40 de
1605 461 460 41 Paris-New-York.
2084 485 60 4 —
2164 459 213 51 Georges

356 518 197 48 Boillot,
589 518 44 41 le
670 518 73 40 roi
777 519 65 39 du
878 517 428 42 volant.—Trente
1343 528 90 31 ans
1469 519 59 40 de
1565 517 254 50 cyclisme:
1859 517 198 42 Gabriel
2096 518 285 42 Poulain.—

352 575 150 41 Alain
528 574 251 48 Gerbault,
806 575 44 41 le
877 575 294 48 navigateur
1199 575 485 42 solitaire.—Lucien
1711 573 209 50 Gaudin,
1949 576 44 41 le
2021 575 145 42 “hors
2194 576 183 42 classe”

354 633 58 40 de
448 631 541 42 l’escrime.—Suzanne
1023 632 230 50 Lenglen,
1288 633 47 40 la
1371 632 79 42 fée
1482 634 66 39 du
1584 631 455 49 tennis.—Georges
2074 632 306 50 Carpentier,

353 688 45 41 le
432 688 186 41 boxeur
651 688 424 42 virtuose.—Jean
1107 689 175 48 Bouin,
1317 690 370 40 ex-recordman
1719 690 66 40 du
1819 691 175 39 monde
2029 691 59 40 de
2121 688 259 43 l’heure.—

355 745 220 48 Adolphe
611 746 265 47 Jauréguy,
911 746 43 40 le
988 747 155 46 grand
1180 745 286 41 ailier.—Le
1501 746 205 47 gardien
1742 748 58 39 de
1835 746 102 49 but,
1972 746 171 41 Pierre
353 745 2010 105 Chayriguès.—Georges

800 800 159 50 Stern,
994 802 397 49 l’incomparable
1426 802 186 48 jockey.

362 870 2000 103 © Apr. 7, 1931; 1c. May 15; A— Foreign 12131; Nouvelle société d’édition.
620 931 283 50 (31-15696)

355 1042 285 66 Mukerji,
672 1043 176 54 Dhan
880 1043 204 66 Gopal,
1116 1049 173 50 1890-

487 1118 1891 70 … Der herr der herde. Frankfurt am Main, Rütten &
350 1196 277 71 Loening,
663 1200 152 51 1931.

425 1296 662 49 3 p. l., 9-197 p., 1 l. 20½ᶜᵐ.
428 1363 339 51 “Berechtigte
829 1366 300 50 übertragung
1158 1379 91 29 aus
1278 1370 107 39 dem
1416 1367 276 49 englischen
1721 1379 91 30 von
1842 1368 151 41 Hilda
2025 1368 296 48 Westphal.”

364 1433 2017 55 © Jan. 1, 1931; 1c. Jan. 27; A —Foreign 11346; Rütten & Loening verlag.
442 1495 284 51 (31-15400)

358 1606 149 55 New
534 1606 232 66 Jersey.
840 1608 169 55 Laws
1016 1653 11 27 ,
1054 1614 242 51 statutes
1302 1653 13 28 ,
1343 1616 102 49 etc.

430 1687 141 55 New
612 1687 204 71 Jersey
857 1692 213 52 statute
1111 1687 230 56 service.
1419 1692 135 50 1931
1596 1688 231 72 annual,
1867 1688 246 72 directly
358 1689 2000 148 supplementing

649 1767 99 54 the
780 1770 313 51 1925-1930
1122 1769 366 68 supplement
1516 1774 61 48 to
1604 1768 99 54 the
1731 1768 284 68 compiled
2047 1772 242 50 statutes
2318 1768 65 53 of

360 1847 142 53 New
532 1845 204 71 Jersey
767 1847 114 52 and
912 1845 272 71 covering
1214 1850 121 50 acts
1366 1847 296 68 approved
1693 1847 145 70 July
1868 1847 49 70 7,
1952 1849 136 51 1930
2119 1851 61 50 to
2207 1845 176 71 April

359 1928 86 67 28,
498 1928 153 50 1931.
723 1923 168 56 With
941 1925 369 54 annotations
1357 1925 338 70 construing
1740 1926 97 54 the
1886 1926 140 54 laws
2076 1927 114 52 and
2241 1925 141 53 with

358 2003 153 53 table
547 2005 114 52 and
696 2003 187 53 index.
961 2003 266 70 Newark,
1264 2000 189 74 Soney
1487 2005 48 51 &
1570 2002 150 71 Sage
1753 2021 79 36 co.;
1903 2003 82 56 St.
2021 2005 168 69 Paul,
2222 2004 162 55 West

359 2082 341 70 publishing
729 2100 98 52 co.,
861 2085 152 50 1931.

430 2162 396 49 viii, 576 p, 26 ᶜᵐ.
365 2231 51 53 ©
444 2236 128 40 June
593 2235 39 48 3,
658 2234 113 41 1931;
825 2235 69 40 2c.
919 2235 117 47 July
1059 2234 54 41 13;
1169 2233 81 41 aff.
1279 2235 116 47 July
1420 2234 55 39 15;
1530 2235 42 39 A
1595 2234 172 48 39446;
1798 2235 157 49 Soney
1980 2239 36 41 &
2043 2235 125 49 Sage
2192 2246 68 30 co.
2287 2237 95 40 and

434 2294 137 40 West
595 2294 110 48 pub.
732 2303 67 31 co.

359 2403 148 54 New
538 2402 164 54 York
746 2404 220 71 (State)
1051 2404 186 70 Laws,
1269 2407 259 66 statutes,
1561 2409 102 49 etc.

436 2481 285 55 Criminal
762 2483 112 51 law
914 2481 114 53 and
1070 2481 253 68 practice
1363 2480 66 54 of
1468 2481 96 54 the
1606 2486 147 49 state
1795 2479 66 55 of
1901 2481 141 55 New
2086 2481 181 69 York,
2309 2481 75 70 by

363 2557 2023 72 Frank B. Gilbert … consisting of the Penal law, the Code of
362 2639 267 53 criminal
670 2638 332 69 procedure,
1043 2638 99 53 the
1181 2637 260 54 Inferior
1484 2637 265 54 criminal
1792 2644 190 49 courts
2026 2644 108 62 act,
2177 2639 208 53 Parole

362 2717 365 55 commission
759 2717 111 53 law
904 2715 96 55 for
1031 2715 125 55 first
1188 2717 144 53 class
1365 2716 161 54 cities
1559 2717 114 53 and
1710 2715 325 57 Children’s
2069 2722 166 49 court
2266 2721 119 49 acts

362 2795 66 56 of
477 2795 141 56 New
669 2795 166 55 York
883 2800 145 50 state
1079 2796 114 52 and
1244 2796 141 54 New
1437 2794 165 54 York
1652 2795 135 70 city,
1837 2795 400 70 exhaustively
362 2813 1999 130 annotated;

666 2880 163 48 court
863 2874 298 68 decisions,
1196 2892 195 36 source
1426 2879 160 49 notes
1623 2875 112 53 and
1773 2873 516 69 cross-references,
2325 2892 60 35 as

365 2955 278 54 amended
677 2959 61 48 to
771 2954 97 53 the
903 2954 108 52 end
1046 2952 65 54 of
1144 2953 97 53 the
1273 2952 325 70 legislative
1632 2952 231 69 session,
1900 2955 152 51 1931.
2131 2952 132 54 14th
2300 2952 84 53 ed.

364 3031 1997 150 By John T. Fitzpatrick … Albany, N. Y., M. Bender & company, incorporated, 1931.
435 3190 1947 53 xxxii p., 1 l., 826 (i. e. 852) p., 1 l., 1176 (i. e. 1152) p. 26 ᶜᵐ. $20.00
437 3267 252 48 Irregular
732 3267 193 47 paging.

436 3325 228 40 Lettered
695 3335 62 29 on
786 3334 141 30 cover:
991 3322 230 41 Gilbert’s
1255 3322 236 41 Criminal
1527 3323 115 40 code
1673 3324 96 39 and
1803 3322 152 40 Penal
1987 3323 111 39 law.

368 3391 53 53 ©
450 3397 126 39 June
603 3394 70 50 19,
701 3393 113 42 1931;
872 3393 68 42 2c.
969 3395 95 39 and
1094 3393 81 42 aff.
1205 3394 128 39 June
1360 3392 82 44 20;
1473 3390 40 43 A
1541 3391 146 43 38997;
1746 3392 238 41 Matthew
2013 3392 193 41 Bender
2236 3392 36 40 &
2300 3401 81 32 co.,

438 3454 90 40 inc.
600 3451 282 50 (31-16025)

499 3557 1886 71 … Penal law and the Code of criminal procedure of the
367 3646 146 49 state
542 3640 65 55 of
635 3641 140 53 New
806 3640 181 67 York,
1016 3639 141 53 with
1189 3640 79 51 all
1299 3638 393 53 amendments
1720 3638 204 68 passed
1954 3638 77 68 by
2060 3636 100 54 the
368 3634 1990 139 Legislature

582 3725 59 48 to
672 3720 96 51 the
800 3719 108 53 end
940 3718 65 54 of
1034 3719 95 52 the
1162 3717 231 69 regular
1424 3717 214 53 session
1667 3715 64 55 of
1764 3719 152 50 1931.
1990 3715 110 53 23d
2133 3714 85 53 ed.
2293 3714 93 68 By

367 3793 1992 152 John T. Fitzpatrick … Albany, N. Y., M. Bender & company, incorporated, 1931.
441 3955 1270 55 1 p. l., v-lvi p., 1 l., [1233] p. 23½ ᶜᵐ. $12.00
