2505 4370
1390 4073 65 46 628

402 413 378 66 Christophe,
817 402 210 66 Émile.

535 487 1592 82 … Tu seras sourcier! Paris, Éditions Vallot, 1930.
472 579 874 51 2 p. l., [7]-231 p., 1 l. illus. 19 ᶜᵐ.
474 646 72 42 On
575 657 140 30 cover
734 656 8 29 :
774 635 183 51 Études
987 644 415 49 radiesthésiques;
1464 644 272 43 radiations
1766 644 479 42 vitales—maladies
2275 649 44 37 et

402 654 2003 89 remèdes—médecine
903 700 311 42 vétérinaire.

398 769 2016 62 © Dec. 5, 1930; 1c. Jan. 16, 1931; A— Foreign 10480; Éditions Vallot,
483 838 282 48 (31-10501)

401 931 321 66 Churchill,
755 933 260 53 Frances
1043 932 251 65 Marion,
1329 937 327 50 1908-1930.

472 1014 279 69 Through
784 1013 97 53 the
911 1017 280 65 gateway,
1224 1031 194 50 poems
1450 1013 76 69 by
1558 1012 248 54 Frances
1839 1011 227 53 Marion
2106 1011 317 71 Churchill,

400 1092 191 54 edited
639 1092 76 70 by
762 1091 249 54 Michael
1060 1090 322 56 O’Connor.
1466 1090 303 70 [Holyoke,
1817 1091 193 69 Mass.,
2056 1090 244 55 Printed
2350 1092 74 68 by

400 1170 597 70 Unity press, ᶜ1 931]
469 1250 913 49 24 l. front. (mounted port.) 22 ᶜᵐ.
471 1305 201 44 Printed
703 1318 61 31 on
795 1319 90 30 one
917 1307 102 42 side
1048 1308 54 41 of
1130 1308 104 40 leaf
1263 1308 125 48 only.

406 1374 52 53 ©
483 1379 114 48 Apr.
620 1379 41 48 4,
686 1377 113 41 1931;
853 1377 69 41 2c.
947 1379 95 39 and
1067 1376 81 43 aff.
1174 1378 114 49 Apr.
1314 1380 24 39 7;
1393 1379 41 39 A
1458 1378 146 41 35987;
1659 1378 209 42 Michael
1895 1375 264 46 O'Connor,
2188 1378 233 48 Holyoke,

475 1437 148 41 Mass.
695 1434 280 50 (31-10899)

402 1531 222 64 Curtis,
656 1532 175 63 Mary
861 1530 211 56 Isabel.

473 1609 274 70 England
788 1608 64 56 of
891 1627 144 53 song
1073 1610 113 52 and
1227 1614 187 62 story;
1460 1628 30 33 a
1531 1608 222 69 picture
1795 1608 64 53 of
1898 1608 107 54 life
2043 1609 61 53 in
2146 1609 266 71 England

400 1688 116 54 and
558 1706 32 36 a
632 1687 373 71 background
1052 1686 96 54 for
1190 1687 248 71 English
1484 1686 297 55 literature
1826 1685 63 55 of
1933 1688 95 53 the
2075 1689 149 64 16th,
2270 1688 149 67 17th,

401 1766 114 53 and
562 1767 130 53 18th
736 1766 300 69 centuries,
1077 1767 76 69 by
1195 1766 173 71 Mary
1410 1768 47 51 I.
1504 1765 211 56 Curtis.
1793 1767 235 66 Boston,
2072 1767 139 53 New
2257 1767 162 53 York

405 1845 963 69 [etc.] Allyn and Bacon [ ᶜ1 931]
476 1925 1394 50 xix p., 1 l. , 493 p. front., illus. (incl. plans) 19 ᶜᵐ.
406 1994 53 52 ©
489 1999 114 47 Apr.
633 1997 68 48 10,
733 1998 113 41 1931;
907 1998 67 41 2c.
1002 1998 115 48 Apr.
1148 1997 57 41 29;
1266 1997 81 41 aff.
1379 1999 113 47 Apr.
1524 1998 56 40 28;
1640 1999 40 39 A
1710 1997 145 42 37036;
1916 1999 146 48 Allyn
2095 1999 36 40 &
2161 1999 177 40 Bacon.

485 2056 283 49 (31-11176)

403 2150 279 64 Embrey,
713 2149 178 55 Alvin
921 2152 83 63 T.,
1039 2152 173 54 1874-

468 2227 226 54 Waters
728 2227 64 53 of
827 2228 96 54 the
957 2232 162 64 state,
1151 2227 75 72 by
1261 2227 179 54 Alvin
1475 2229 64 53 T.
1577 2228 266 67 Embrey.
1918 2227 341 71 Richmond,

2296 2229 123 66 Va.,
399 2304 116 55 Old
546 2305 312 54 Dominion
888 2325 176 51 press,
1094 2309 151 51 1931.

470 2385 1100 52 xxiii p., 1 l. , 416 p. maps (2 fold.) 23½ᶜᵐ.
471 2444 40 39 A
539 2444 148 48 study
716 2444 52 40 of
796 2444 83 40 the
907 2447 231 46 property
1167 2445 49 40 in
1246 2444 219 49 Virginia
1500 2445 50 40 in
1582 2447 82 39 the
1694 2446 168 47 banks,
1894 2446 169 41 shores
2095 2447 95 40 and
2221 2448 115 40 beds
2368 2448 51 38 of

400 2501 83 41 the
513 2500 94 49 bay
637 2501 53 41 of
722 2501 327 49 Chesapeake,
1083 2503 82 39 the
1196 2512 98 38 sea,
1328 2503 82 40 the
1444 2502 156 40 rivers
1633 2504 94 39 and
1760 2503 167 40 creeks
1959 2504 51 39 of
2046 2505 81 39 the
2160 2505 129 38 state
2323 2506 93 39 and

399 2559 190 41 control
616 2558 52 42 of
698 2560 82 39 the
809 2560 180 40 waters
1019 2558 206 49 thereof,
1256 2559 142 41 made
1427 2561 50 39 at
1507 2560 83 40 the
1619 2563 194 45 request
1842 2560 52 40 of
1922 2561 82 41 the
2035 2561 140 41 State
399 2559 2002 98 commission

534 2627 60 30 on
617 2616 342 41 conservation
984 2617 96 40 and
1103 2617 338 48 development
1467 2616 53 41 of
1544 2616 83 41 the
1653 2619 129 39 state
1808 2617 51 41 of
1885 2616 238 50 Virginia,
2177 2620 61 47 cf.
2269 2628 40 36 p.
2332 2617 68 49 [iii]

472 2673 180 43 “Cases
677 2672 158 43 cited”
854 2684 9 29 :
894 2684 42 38 p.
968 2672 250 52 [398]-400.

472 2730 353 50 Bibliography
843 2740 9 31 :
886 2741 42 38 p.
963 2729 251 52 [391]-392.

406 2802 53 53 ©
486 2806 113 48 Apr.
626 2805 69 47 16,
723 2804 113 42 1931;
893 2805 67 41 2c.
988 2805 95 39 and
1110 2803 81 41 aff.
1219 2804 116 49 Apr.
1362 2804 56 41 18;
1475 2805 40 38 A
1541 2803 148 42 35918;
1743 2804 90 41 Old
1863 2803 261 42 Dominion
2152 2815 149 39 press,
2331 2803 91 43 inc.

484 2863 281 50 (31-10974)

401 2958 382 65 Evangelical
820 2959 308 53 Lutheran
1167 2958 362 64 Augustana
1564 2958 188 63 synod
1790 2958 64 53 of
1890 2957 198 54 North
2126 2956 295 55 America.

470 3040 299 54 Nebraska
800 3039 348 69 conference.

472 3116 122 53 The
633 3115 295 54 Nebraska
967 3114 335 54 conference
1341 3114 64 52 of
1443 3114 97 53 the
1576 3115 339 67 Augustana
1959 3114 212 69 synod;
2210 3132 206 50 survey

399 3192 66 54 of
507 3193 73 54 its
622 3193 175 67 work,
838 3193 141 53 with
1021 3193 255 54 sketches
1320 3191 63 54 of
1425 3191 73 54 its
1541 3192 456 70 congregations,
2039 3190 377 70 institutions,

399 3270 447 69 organizations,
891 3271 113 53 and
1051 3270 279 69 pioneers,
1374 3270 76 69 by
1496 3270 239 57 Charles
1780 3267 312 56 Frederick
2139 3269 276 58 Sandahl,

398 3367 48 34 D.
489 3368 67 49 D.,
596 3347 333 55 conference
968 3347 299 54 historian.
1345 3348 315 55 Published
1700 3348 76 70 by
1813 3349 97 51 the
1951 3348 295 53 Nebraska
401 3365 1988 114 conference.

723 3426 179 67 [Rock
930 3426 219 70 Island,
1180 3426 114 69 Ill.,
1324 3427 343 67 Augustana
1697 3426 148 53 book
1876 3443 257 49 concern,
2188 3430 150 63 ᶜ1931]

474 3508 87 40 445
591 3519 43 38 p.
696 3507 128 42 illus.
852 3507 135 50 (incl.
1019 3507 176 49 ports.)
1265 3507 55 42 23½ᶜᵐ.

404 3576 53 52 ©
496 3580 114 47 Apr.
650 3579 68 46 15,
758 3578 140 48 1931;
940 3578 66 42 2c.
1048 3579 112 48 Apr.
1199 3579 82 46 27;
1325 3579 81 39 aff.
1447 3579 114 48 Apr.
1601 3579 81 42 25;
1725 3579 39 39 A
1803 3578 171 47 35998;
2018 3578 253 40 Nebraska
473 3588 1925 89 conference
695 3637 51 40 of
777 3636 79 41 the

886 3636 286 48 Augustana
1206 3637 167 47 synod,
1406 3636 243 49 Fremont,
1681 3637 116 42 Neb.
484 3693 280 49 (31-11186)

398 3786 216 66 Foltin,
644 3788 201 65 Edgar
874 3789 97 64 M.,
1003 3794 171 50 1898-

470 3866 500 54 Amerikanisches
1011 3865 515 71 gefängniswesen,
1568 3884 106 34 von
1720 3867 83 51 dr.
1850 3866 202 66 Edgar
2093 3866 78 53 M.
2213 3865 196 54 Foltin

459 3942 1715 74 … Reichenberg, Gebrüder Stiepel ges. m. b. h., 1930.
