2428 4370
1261 4083 134 54 1798

382 500 348 48 Bibliography.
780 511 41 37 p.
852 499 218 42 281-290.

314 554 51 53 ©
393 558 102 42 Oct.
521 558 70 48 30,
618 557 106 41 1931;
787 557 66 42 2c.
881 558 116 38 Nov.
1024 558 25 38 3;
1107 557 81 40 aff.
1216 557 116 39 Nov.
1359 558 25 38 2;
1442 558 39 39 A
1507 557 146 41 43758;
1711 557 350 41 McGraw-Hill
2090 557 123 41 book
2240 567 83 39 co.,

382 617 90 40 inc.
548 616 280 47 (31-31717)

312 709 332 54 Handbuch
684 714 100 50 der
822 712 163 51 haut-
1027 712 115 52 und
1183 710 734 70 geschlechtskrankheiten;
1986 712 189 53 bearb.
2217 728 109 35 von

383 792 53 50 A
466 791 330 52 Alexander
848 808 50 33 [u.
930 808 46 33 a.]
1031 790 78 51 im
1141 788 268 71 auftrage
1438 791 100 52 der
1569 790 324 52 Deutschen
383 790 1920 133 dermatologischen

602 867 1724 70 gesellschaft, hrsg. … von J. Jadassohn … 8. bd.
381 950 47 49 2.
457 955 36 45 t.
537 946 336 60 Keratosen,
902 946 332 68 ichthyosis,
1263 948 229 52 morbus
1520 946 227 66 Darier,
1777 946 303 68 atrophien,
381 948 1923 138 sclerodermie,

643 1025 422 68 elephantiasis.
1143 1025 218 58 Berlin,
1390 1026 56 53 J.
1480 1024 298 69 Springer,
1810 1028 150 50 1931.

383 1106 1017 48 viii. 1.018 p. illus. (part col.) 26 ᶜᵐ .
316 1174 1895 52 © Aug. 29, 1931; 1c. Nov. 30; A —Foreign 14480; Julius Springer.
313 1329 332 53 Handbuch
684 1332 100 52 der
817 1331 296 52 normalen
1151 1332 117 51 und
1305 1328 473 70 pathologischen
1813 1328 377 71 physiologie,
2224 1329 104 52 mit

381 1408 550 69 berücksichtigung
965 1410 101 52 der
1105 1408 502 68 experimentellen
1647 1406 490 71 pharmakologie,
2176 1408 151 69 hrsg.

386 1485 1943 68 von A. Bethe … [u. a.] 16. bd. 2. hlfte. Correlationen II. 2.
397 1564 1497 69 (j. XIII b. VII, j. XV , j. X-2. Correlationen des
383 1564 1923 149 zirkulations-systems:
711 1643 618 54 mineralstoffwechsel
1346 1663 10 36 :
1419 1642 325 71 regulation
1802 1645 95 51 des
1956 1643 376 70 organischen

412 1723 403 58 stoffwechsels;
871 1724 89 52 die
1015 1723 376 53 correlation
1445 1722 346 53 funktionen
1843 1724 96 53 des
1992 1728 341 50 autonomen

384 1807 451 65 nervensystems
925 1803 16 66 II)
1029 1802 217 59 Berlin,
1279 1801 54 55 J.
1373 1801 298 69 Springer,
1706 1804 149 50 1931.

388 1883 1941 51 ix, [i] p., 1 l., [1163]-1860 p. illus. (part col.) tables. diagrs. 25 ½ ᶜᵐ .
319 1951 1841 52 © Jan. 30, 1931; 1c. May 5; A —Foreign 14273; Julius Springer.
315 2068 317 62 Hartman,
664 2065 314 55 Gertrude.

387 2143 122 53 The
550 2143 179 53 world
772 2161 80 34 we
892 2142 112 53 live
1043 2141 59 53 in
1143 2142 114 54 and
1297 2142 129 53 how
1468 2141 47 54 it
1553 2159 155 36 came
1750 2148 59 47 to
1851 2141 95 67 be;
1992 2160 31 35 a
2065 2141 259 69 pictured

315 2221 217 53 outline
568 2220 65 54 of
665 2221 179 53 man’s
881 2238 265 51 progress
1183 2219 154 54 from
1373 2219 96 54 the
1504 2219 229 55 earliest
1770 2220 141 68 days
1947 2227 59 47 to
2043 2220 94 54 the
316 2239 1990 127 present,

473 2297 1855 71 by Gertrude Hartman … New York, The Macmillan
316 2395 300 51 company,
649 2380 151 50 1931.

389 2459 99 40 viii.
513 2457 88 41 357
624 2467 44 40 p.
697 2457 106 43 incl.
831 2458 162 43 front.,
1019 2458 143 48 illus.,
1189 2467 76 39 pl.,
1290 2460 165 46 ports.,
1482 2467 150 39 maps.
1692 2456 118 43 25ᶜᵐ.

388 2515 176 41 “What
592 2519 50 38 to
671 2514 145 41 read”;
878 2527 41 36 p.
947 2515 219 41 343-349.

322 2583 51 52 ©
405 2588 118 41 Nov.
554 2589 40 45 4,
626 2585 108 42 1931;
801 2588 66 40 2c.
900 2589 94 37 and
1027 2587 82 40 aff.
1140 2587 120 41 Nov.
1292 2588 52 46 5;
1378 2588 42 38 A
1449 2587 146 41 44609;
1659 2588 51 40 G.
1745 2589 259 47 Hartman,
2038 2589 116 39 New
2186 2588 145 41 York.

401 2644 281 48 (31-31957)

318 2740 242 63 Harvey
588 2738 244 64 society,
859 2741 139 52 New
1031 2741 177 55 York.

390 2820 119 53 The
551 2820 237 68 Harvey
829 2821 257 57 lectures,
1127 2820 287 54 delivered
1454 2823 182 52 under
1676 2822 96 54 the
1812 2822 257 68 auspices
2111 2822 64 53 of
2214 2823 121 52 The

323 2900 235 67 Harvey
588 2899 210 68 society
834 2901 63 50 of
931 2900 135 51 New
1103 2900 178 51 York.
1318 2904 328 53 1930-1931,
1678 2902 182 52 under
1891 2901 94 54 the
2019 2906 315 64 patronage

321 2978 62 51 of
432 2979 93 51 the
579 2979 133 49 New
765 2978 158 50 York
970 2979 269 67 academy
1287 2977 63 52 of
1395 2979 295 62 medicine,
1738 2981 72 68 by
1857 2980 101 51 Dr.
2007 2980 213 53 Robert
2269 2981 65 51 T.

322 3056 214 57 Frank,
573 3057 102 51 Dr.
716 3056 71 51 K.
828 3056 54 53 S.
923 3057 263 67 Lashley,
1223 3057 102 52 Dr.
1365 3056 68 52 G.
1474 3057 180 54 Elliot
1695 3057 187 55 Smith
1928 3064 137 61 [etc.]
2149 3058 185 54 Series

319 3139 82 48 26.
483 3134 330 53 Baltimore.
847 3136 120 50 The
1000 3134 289 53 Williams
1322 3137 43 49 &
1396 3136 253 53 Wilkins
1681 3154 298 51 company.
2013 3140 150 50 1931.

394 3216 1142 47 186 p. illus., plates, table, diagrs. 21 ᶜᵐ .
394 3275 112 38 Part
544 3274 51 38 of
625 3274 157 47 plates
809 3274 194 47 printed
1035 3284 58 29 on
1126 3274 115 39 both
1274 3274 142 40 sides.

325 3340 51 52 ©
405 3344 117 40 Nov.
554 3344 54 39 12,
709 3345 47 39 1931;
822 3345 66 40 2c.
918 3346 95 37 and
1043 3345 78 38 aff.
1155 3345 116 39 Nov.
1302 3345 56 39 30;
1417 3346 37 38 A
1485 3345 171 42 46025;
1690 3347 241 38 Williams
1962 3347 35 40 &
2027 3346 209 41 Wilkins
2268 3357 66 30 co.

324 3455 235 52 Hoover
585 3456 191 51 medal
802 3456 183 52 board
1012 3455 64 53 of
1100 3457 221 52 award.

391 3531 249 53 Herbert
683 3532 252 57 Hoover,
982 3532 280 53 medalist.
1346 3532 122 54 The
1513 3532 292 71 founding
1848 3535 112 53 and
2007 3534 125 55 first
321 3553 1987 108 presentation

615 3609 65 53 of
716 3611 93 52 the
846 3609 234 54 Hoover
1118 3610 186 54 medal
1343 3611 75 68 by
1456 3611 96 53 the
1588 3612 176 53 board
1807 3611 65 54 of
1911 3614 191 52 award
320 3631 1987 123 representing
580 3688 94 52 the
706 3688 303 53 American

1043 3688 211 69 society
1288 3688 65 54 of
1384 3690 132 53 civil
1552 3690 313 71 engineers,
1897 3691 96 53 the
2025 3691 304 54 American

325 3763 258 54 institute
613 3765 64 52 of
707 3766 223 65 mining
960 3768 111 51 and
1103 3767 422 68 metallurgical
1556 3769 312 68 engineers,
1900 3769 94 54 the
2026 3769 302 54 American

322 3840 211 68 society
560 3842 64 52 of
650 3844 345 52 mechanical
1029 3845 312 67 engineers,
1372 3846 112 53 and
1515 3846 94 54 the
1640 3846 305 54 American
1978 3847 262 54 institute
2269 3848 64 53 of

323 3917 279 54 electrical
661 3922 309 66 engineers.
1065 3922 138 53 New
1262 3924 179 54 York.
1498 3925 234 53 Hoover
1789 3926 182 52 medal
2030 3926 180 53 board
2269 3927 64 52 of

323 3997 213 66 award,
574 4001 148 50 1931.
