2505 4370
1122 4053 68 56 75

204 464 1932 56 “Of this edition … two hundred copies have been printed for private
131 533 359 44 distribution.”

140 578 1995 63 © Dec. 30, 1930; 1c. and aff. Jan. 2, 1931; aff. Jan. 27; A 33391; E. P.
207 650 187 39 Dutton
426 648 36 39 &
491 658 82 35 co.,
602 646 91 39 inc.
764 642 250 50 (31-2766)

134 742 277 63 Mahony,
446 740 224 53 Bertha
705 740 85 62 E.,
824 758 178 49 comp.

205 818 453 66 Contemporary
696 815 349 52 illustrators
1080 812 64 53 of
1178 810 305 55 children’s
1518 810 192 67 books,
1743 808 283 69 compiled
2062 807 72 69 by

139 895 211 54 Bertha
385 895 67 52 E.
487 893 254 68 Mahony
777 892 113 53 and
924 891 206 52 Elinor
1161 889 293 69 Whitney.
1525 889 235 67 Boston,
1794 886 124 54 The

136 884 1980 157 Bookshop
315 972 94 52 for
444 972 137 66 boys
618 970 113 52 and
768 969 160 69 girls,
962 968 287 54 Women’s
1284 966 361 53 educational
1680 965 113 53 and
1828 962 308 58 industrial

139 1051 187 68 union,
359 1052 151 51 1930.

210 1125 1644 56 viii p., 2 l., 135, [1] p. incl. front., illus. col. plates. 29 ᶜᵐ .
143 1187 51 51 ©
226 1191 111 40 Dec.
367 1189 70 48 12,
467 1187 140 41 1930:
639 1187 67 40 2c.
738 1187 109 39 Jan.
880 1185 68 42 10.
979 1183 140 48 1931;
1153 1184 81 40 aff.
1269 1184 110 41 Jan.
1410 1182 52 49 9;
1496 1184 43 39 A
1568 1182 171 48 32708;
1773 1183 261 48 Bookshop
2061 1181 80 40 for

211 1248 116 47 boys
358 1247 37 40 &
423 1245 133 49 girls.
630 1241 279 51 (31-26232)

141 1339 219 65 Manly,
393 1338 224 54 Harold
650 1336 266 67 Phillips,
954 1338 170 53 1887-

208 1416 240 54 Drake’s
478 1415 163 53 radio
668 1412 328 71 cyclopedia;
1060 1432 31 33 a
1122 1412 277 67 complete
1430 1413 113 52 and
1573 1413 422 53 non-technical
141 1411 1976 136 reference

365 1494 159 52 work
552 1510 132 51 easy
716 1497 58 46 to
807 1491 135 52 read
975 1491 112 52 and
1119 1509 130 52 easy
1283 1496 59 47 to
1375 1509 113 50 use,
1520 1490 269 69 covering
1821 1508 134 35 over
1988 1494 153 64 1,500

140 1570 262 70 subjects,
449 1570 282 68 arranged
777 1568 460 69 alphabetically,
1285 1568 299 69 including
1629 1567 373 54 instructions
2048 1567 94 54 for

140 1648 284 70 building,
472 1647 303 70 operating
822 1647 113 52 and
983 1646 213 69 testing
1244 1646 292 68 receivers,
1585 1663 192 52 power
1824 1646 156 53 units
2028 1646 111 53 and

145 1726 373 68 radio-phone
554 1725 343 69 equipment,
933 1725 283 68 arranged
1253 1724 96 53 for
1382 1744 97 35 use
1512 1725 74 68 by
1623 1730 83 48 set
1739 1725 255 53 builders
2029 1725 111 53 and

143 1803 317 70 designers;
498 1803 209 53 service
744 1805 112 52 and
891 1802 193 68 repair
1114 1819 156 52 men;
1309 1802 219 54 dealers
1562 1803 112 53 and
1711 1802 301 69 salesmen;

143 1821 1975 129 experimenters
546 1882 112 52 and
693 1880 286 69 students;
1017 1885 82 47 set
1134 1897 217 35 owners
1386 1880 113 52 and
1535 1886 311 62 operators,

143 1880 1977 147 by Harold P. Manly … with 1000 illustrations, circuit
1680 1957 308 70 diagrams,
142 1975 1981 114 constructional
509 2037 224 67 layouts
764 2035 112 53 and
905 2033 242 71 graphic

1175 2053 214 49 curves,
1417 2036 79 52 all
1522 2035 164 53 made
1716 2035 305 70 especially
2051 2034 95 54 for

144 2112 1490 70 this book. Chicago, F. J. Drake & co. [ᶜ193 1]
218 2194 812 51 [1000] p. illus., diagrs. 23 ᶜᵐ .
216 2251 216 41 “Fourth
461 2250 228 41 edition.”

151 2305 51 51 ©
233 2309 110 40 Jan.
371 2308 41 49 2,
442 2307 139 48 1931;
614 2308 67 41 2c.
711 2309 110 40 Jan.
850 2308 53 41 9;
936 2307 81 41 aff.
1049 2309 109 39 Jan.
1189 2309 51 46 8;
1275 2308 41 38 A
1344 2307 171 48 32668;
1549 2308 52 42 F.
1632 2308 44 41 J.
1707 2308 166 40 Drake
1902 2309 38 40 &
1969 2319 67 30 co.

229 2365 251 49 (31-2718)

149 2458 241 64 Martin,
423 2460 219 52 Ernest
673 2459 158 64 Gale,
864 2461 170 54 1876-

217 2536 119 51 The
370 2540 158 64 story
564 2535 65 53 of
664 2554 105 34 our
801 2536 222 67 bodies;
1063 2536 95 53 the
1194 2536 212 53 science
1444 2537 64 52 of
1544 2537 360 69 physiology,
1941 2556 210 50 organs

148 2612 1940 73 and their functions in human beings, by Ernest G. Martin …
149 2691 1513 70 New York, P. F. Collier & son company [ᶜ193 0]
219 2774 1935 52 2 p. l. , 3-366 p. col. front., illus., plates, diagrs. 20 ᶜᵐ . (Added t.-p.:
151 2830 1767 52 Popular science library, editor-in-chief, G. P. Serviss … v. 9)
221 2889 165 39 Plates
412 2888 194 48 printed
634 2898 60 29 on
720 2889 116 39 both
863 2888 143 41 sides.

223 2945 263 40 Published
520 2945 50 38 in
604 2944 114 40 1922
754 2945 153 39 under
942 2944 109 40 title:
1114 2944 294 49 Physiology;
1473 2946 82 40 the
1589 2946 187 40 science
1809 2947 53 40 of
1898 2949 81 38 the
2013 2949 139 41 body.

157 2999 51 51 ©
235 3003 110 40 Dec.
371 3000 70 50 30,
467 3000 113 40 1930;
634 3001 67 40 2c.
729 3001 108 40 Jan.
863 3002 69 46 14,
959 2999 113 42 1931;
1128 3001 82 41 aff.
1236 3002 110 40 Jan.
1374 3002 55 39 21;
1485 3002 44 40 A
1552 3002 145 42 33277;
1752 3005 51 40 P.
1831 3004 51 42 F.
1913 3005 178 41 Collier
2119 3006 35 40 &

225 3070 85 29 son
339 3070 67 29 co.
474 3055 67 53 [©
573 3068 106 30 new
707 3061 181 37 matter
918 3059 96 39 and
1044 3058 254 50 revisions]
1370 3058 253 53 (31-2805)

154 3152 277 63 Mathiez,
466 3152 229 65 Albert,
731 3155 171 53 1874-

154 3230 1979 132 … After Robespierre, the Thermidorian reaction; translated
351 3308 154 53 from
546 3309 99 52 the
684 3309 224 52 French
952 3308 74 70 by
1072 3308 309 55 Catherine
1423 3310 207 54 Alison
1674 3312 270 69 Phillips.
2018 3314 139 53 New

155 3387 177 67 York,
361 3386 72 53 A.
461 3386 72 53 A.
560 3385 225 70 Knopf,
815 3390 152 51 1931.

224 3468 994 51 vii p., 2 l., 3-259, [1], x, [2] p. 24½ ᶜᵐ .
155 3526 1984 96 “A continuation of … [the author’s] history of the French revolution.”—Pref.
162 3635 1994 56 © Jan. 23, 1931; 2c. Jan. 26; aff. Jan. 24; A 34003; Alfred A. Knopf,
230 3695 90 40 inc.
391 3694 250 49 (31-2767)

160 3773 269 65 Melville,
463 3775 282 66 Herman,
783 3782 323 51 1819-1891.

228 3852 1930 73 Moby-Dick; or, The whale [by] Herman Melville; woodcuts
161 3929 73 70 by
260 3929 258 54 Howard
548 3929 215 56 Simon.
838 3932 139 53 New
1004 3932 180 69 York,
1211 3933 73 53 A.
1314 3934 114 53 and
1456 3934 63 56 C.
1549 3935 168 69 Boni,
1749 3938 150 52 1931.
