2505 4370
1281 4042 70 52 92

296 398 218 66 Roche,
545 398 237 54 Arthur
811 399 259 66 Somers,
1102 404 175 50 1883-

364 475 1954 74 Four blocks apart, by Arthur Somers Roche … New York,
294 553 1193 65 Sears publishing company, inc. [ ᶜ19 31]
363 634 478 51 3 p. l., 290 p. 19½ᶜᵐ.
301 705 53 54 ©
388 710 113 42 Jan.
533 708 40 50 2,
607 708 115 42 1931;
784 708 70 43 2c.
888 711 111 40 Jan.
1034 709 29 40 6;
1124 708 83 43 aff.
1242 710 111 40 Jan.
1388 708 58 41 27;
1508 709 44 39 A
1583 707 150 43 34093;
1793 709 56 42 A.
1886 708 46 43 S.
1967 709 176 48 Roche,
2180 708 139 41 Palm

370 766 177 50 Beach,
578 767 104 42 Fla.
753 765 254 51 (31-2905)

296 861 260 66 Salmon,
585 863 165 64 Lucy
777 863 314 64 Maynard,
1123 863 331 55 1853-1927.

366 938 126 57 Our
520 946 211 63 guests,
759 939 174 70 Mary
960 939 157 68 Ann,
1145 940 115 53 and
1289 939 103 53 her
1422 940 409 68 predecessors,
1857 939 77 70 by
1963 940 162 69 Lucy

293 939 2003 133 Maynard
473 1017 255 56 Salmon.
810 1018 255 67 [Boston]
1100 1018 161 53 Priv.
1291 1017 197 70 print.,
1518 1020 151 51 1929.

365 1100 726 52 4 p. l., 3-33, [1] p., 1 l. 19 ᶜᵐ.
369 1173 132 42 “One
531 1174 224 39 hundred
786 1172 162 49 copies
980 1172 54 41 of
1065 1172 101 42 Our
1197 1175 169 46 guests
1397 1183 129 30 were
1555 1173 196 49 printed
1781 1175 54 39 at
1865 1174 83 40 the
1981 1174 338 47 Merrymount

295 1241 139 38 press
462 1230 52 41 in
541 1230 155 49 April,
725 1228 161 44 1929.”

303 1299 2003 110 © Apr. 19, 1929; 2c. and aff. Jan. 23, 1931; A 33313; Adelaide Underhill, Poughkeepsie, New York. (31-2963)
296 1457 238 63 Salotti,
582 1455 190 56 Carlo.

370 1532 185 58 Sister
583 1534 174 69 Mary
786 1534 276 69 Assunta,
1093 1532 97 53 the
1222 1532 265 68 seraphic
1519 1533 192 52 flower
1745 1532 64 55 of
1840 1535 97 52 the
1968 1534 348 54 Franciscan

295 1610 1998 151 missionaries of Mary, by Most Rev. Charles Salotti … translated by
610 1691 138 54 Rev.
792 1690 251 55 Thomas
1085 1691 65 54 F.
1195 1689 222 57 Cullen.
1493 1690 189 54 North
1724 1691 375 69 Providence,
2141 1692 67 54 R.
2251 1692 68 70 I.,

297 1768 350 55 Franciscan
674 1767 388 55 missionaries
1092 1767 64 54 of
1183 1769 192 69 Mary,
1406 1771 151 52 1931.

371 1850 1092 52 4 p. l., 249 p. front., plates, ports. 20 ᶜᵐ.
371 1921 70 41 “A
468 1921 271 49 biography
767 1921 259 49 published
1054 1921 53 40 in
1135 1921 75 40 six
1240 1921 312 49 languages.”

372 1978 266 43 “Sources”:
697 1989 142 31 verso
868 1977 52 41 of
948 1978 61 41 2d
1037 1978 187 50 prelim,
1255 1977 116 43 leaf.

305 2044 53 54 ©
386 2049 113 43 Jan.
526 2050 69 49 15,
624 2049 142 48 1931;
795 2049 70 42 2c.
892 2051 98 39 and
1018 2049 82 42 aff.
1130 2051 112 39 Jan.
1270 2047 83 50 19;
1385 2050 40 38 A
1453 2048 172 49 33234;
1658 2049 299 41 Franciscan
1986 2050 338 42 missionaries

372 2107 54 42 of
456 2109 157 48 Mary.
684 2105 253 52 (31-3089)

299 2202 198 67 Shaw,
533 2203 231 65 George
796 2203 289 65 Bernard,
1123 2207 173 51 1856-

301 2281 1999 135 … The collected works of Bernard Shaw. Ayot St. Lawrence
503 2362 235 54 edition.
814 2362 194 70 Plays,
1146 2394 131 18 IX-XV.
1379 2361 139 53 [New
1560 2362 181 70 York,
1778 2363 151 54 Wm.
1968 2363 76 52 H.
2083 2362 160 55 Wise
2281 2366 46 50 &

298 2460 302 53 company,
635 2443 154 66 1930]

373 2519 695 53 7 v. fronts. (ports.) 23½ ᶜᵐ.
656 2616 130 16 CONTENTS.—IX.
812 2593 159 41 Three
992 2592 141 49 plays
1154 2591 83 42 for
1260 2591 241 49 puritans.
1562 2592 104 40 The
1689 2591 170 42 devil’s
1884 2592 219 49 disciple.
2164 2592 164 42 Cæsar

305 2652 97 40 and
440 2650 275 48 Cleopatra.
778 2649 212 49 Captain
1026 2648 361 42 Brassbound’s
1424 2649 413 42 conversion.—X.
1874 2650 118 40 Man
2028 2651 98 39 and
305 2658 2006 90 superman.—XI.
590 2708 130 40 John
744 2706 155 42 Bull’s
923 2707 141 41 other
1086 2706 177 41 island.
1324 2707 126 41 How
1471 2707 62 39 he
1554 2706 99 41 lied
1677 2709 51 39 to
1750 2708 87 40 her

1861 2707 240 41 husband.
2163 2707 165 48 Major

305 2766 395 40 Barbara.—XII.
734 2765 104 41 The
871 2764 209 41 doctor’s
1116 2764 243 41 dilemma.
1426 2764 201 49 Getting
1660 2764 231 42 married.
1951 2765 104 41 The
305 2764 2005 109 shewing-up

399 2823 55 42 of
482 2824 183 40 Blanco
696 2823 372 40 Posnet.—XIII.
1096 2821 324 43 Misalliance.
1480 2822 104 42 The
1613 2823 127 40 dark
1768 2823 116 49 lady
1915 2822 54 42 of
1997 2823 85 42 the
2113 2822 213 42 sonnets.

302 2882 214 48 Fanny’s
567 2881 111 41 first
727 2882 301 47 play.—XIV.
1079 2880 268 41 Androcles
1400 2882 97 39 and
1549 2880 84 41 the
1682 2881 116 41 lion.
1859 2880 283 42 Overruled.
305 2880 2003 101 Pygmalion.—XV.
682 2939 313 40 Heartbreak
1022 2939 164 40 house.
1249 2938 154 41 Great
1430 2937 277 44 Catherine.

1768 2938 222 49 Playlets
2016 2938 54 41 of
2097 2938 83 41 the
2207 2948 118 31 war.

365 3043 8 17 IX,
402 3006 53 52 ©
482 3010 112 42 Dec.
620 3009 69 50 26,
716 3009 118 41 1930;
919 3033 130 24 X-XIV,
1080 3005 52 52 ©
1160 3010 113 41 Dec.
1301 3009 59 40 10;
1481 3041 10 18 XV,
1521 3005 52 52 ©
1601 3009 114 43 Dec.
1741 3009 60 41 26;
1855 3008 68 43 2c.
1950 3009 121 42 each
2098 3010 113 40 Dec.
2238 3008 60 43 30;

379 3068 110 41 affs.
524 3069 111 40 Jan.
670 3069 70 48 15,
777 3067 112 41 1931;
956 3068 42 39 A
1032 3066 326 42 33198-33204;
1424 3067 54 41 G.
1515 3068 55 41 B.

1609 3067 159 50 Shaw,
1806 3068 214 41 London.
2101 3062 53 54 [©
377 3065 1930 109 additions,
559 3135 107 31 new
701 3126 236 48 prefaces,
976 3125 213 48 changes
1224 3124 52 40 in
1312 3126 119 47 text,
1469 3124 334 42 illustrations
1840 3126 98 39 and
1974 3123 350 50 photographs]

303 3237 216 64 Singer
553 3235 227 65 sewing
811 3235 274 54 machine
1118 3251 310 49 company.

374 3316 99 53 An
500 3316 312 53 invitation
840 3322 59 47 to
927 3315 172 70 enjoy
1128 3315 115 54 this
1272 3334 124 34 new
1425 3315 345 54 instruction
1799 3316 225 53 service.

389 3394 86 49 (In
504 3393 259 44 Canadian
792 3392 279 53 magazine,
1100 3392 129 53 Jan.,
1261 3392 146 52 1931)

312 3464 2015 52 © 1c. Jan. 27, 1931; A ad int. 14713; pubd. Jan. 1; Singer manufactur-
380 3525 79 41 inc
494 3536 82 38 co.,
612 3525 269 49 Elizabeth,
918 3525 57 41 N.
1012 3525 43 41 J.

308 3619 272 65 Smythe,
609 3621 250 53 Francis
886 3621 258 64 Sydney.

375 3696 124 54 The
531 3696 505 64 Kangcheniunga
1068 3698 334 62 adventure,
1434 3697 75 63 by
1541 3698 66 52 F.
1644 3696 57 56 S.
1739 3697 254 63 Smythe.
2063 3695 261 65 London,

304 3775 69 53 V.
404 3774 276 55 Gollancz
708 3775 123 68 ltd.,
860 3778 152 51 1930.

375 3857 1273 50 464 p. front., illus. (maps) plates, ports. 23½ ᶜᵐ.
314 3925 2010 53 © 1c. Jan. 3, 1931; A ad int. 14662; pubd. Nov. 28, 1930; F. S. Smythe,
383 3986 213 42 London.
668 3986 253 52 (31-2888)
