2505 4370
1068 3996 98 49 145

117 358 201 64 Amos,
349 357 155 54 John
534 357 251 64 Wesley,
816 376 179 50 comp.

184 432 242 53 Divorce
470 432 109 53 law
634 431 165 71 (New
840 432 226 70 Jersey)
1119 451 59 34 as
1220 429 336 55 enunciated
1597 430 74 70 by
1714 431 91 51 the
1850 434 187 62 court;
2082 451 30 34 a

114 508 453 71 comprehensive
613 508 365 70 compilation
1025 509 63 53 of
1130 512 247 50 extracts
1421 508 63 52 of
1527 508 95 52 the
1664 512 144 48 most
1852 507 260 55 essential

114 587 190 70 points
331 588 63 52 of
422 588 108 52 law
560 587 150 52 from
740 586 273 55 decisions
1040 586 60 53 in
1128 586 138 53 New
1294 586 198 67 Jersey
1521 584 224 54 divorce
1777 604 165 47 cases,
115 603 1971 131 compiled

305 666 74 69 by
415 665 157 54 John
608 664 224 68 Wesley
869 663 190 53 Amos.
1138 662 442 70 [Philadelphia,
1617 664 166 53 Press
1824 663 62 52 of
1925 663 190 67 Allen,

113 742 620 70 Lane & Scott, ᶜ1 931]
182 821 406 49 viii, 354 p. 23½ ᶜᵐ.
120 878 52 52 ©
202 882 110 41 Feb.
340 882 28 39 4,
411 881 113 40 1931;
583 881 67 40 2c.
680 881 110 39 Feb.
821 880 27 40 6;
906 879 81 40 aff.
1019 879 110 40 Feb.
1159 879 26 40 5;
1242 878 44 40 A
1313 877 145 42 34197;
1519 878 43 41 J.
1592 879 73 40 W.
1695 878 159 48 Amos,
1887 880 227 41 Trenton,

185 939 57 41 N.
274 940 44 39 J.
387 937 250 49 (31-3724)

122 1019 320 65 Arendzen,
470 1019 154 53 John
652 1020 195 63 Peter,
878 1022 171 51 1873-

179 1092 1936 73 Extreme unction, by the Rev. J. P. Arendzen … London,
112 1170 204 71 Burns,
347 1171 171 54 Oates
549 1174 44 49 &
622 1171 407 67 Washbourne,
1060 1170 102 53 ltd.
1200 1173 172 67 [1930]

180 1253 1934 50 4 p. l. , 3-86 p., 1 l., 16½ ᶜᵐ. (Half-title: The treasury of the faith
113 1310 482 50 series … XXVIII)
120 1364 51 52 ©
228 1380 36 29 1c.
293 1369 109 40 Jan.
430 1368 68 43 28,
527 1368 112 41 1931;
696 1368 41 39 A
764 1369 61 39 ad
853 1368 86 39 int.
967 1366 141 41 14721;
1169 1368 142 47 pubd.
1340 1368 110 39 Dec.
1480 1367 39 48 5,
1549 1366 139 48 1930;
1722 1368 281 39 Macmillan
2033 1379 66 27 co.,

185 1426 118 40 New
332 1426 144 40 York.
548 1425 248 48 (31-4274)

176 1496 1936 81 … The Atlantic reporter. v. 151. Permanent Id. … with
182 1586 372 68 key-number
620 1586 375 52 annotations.
1072 1586 227 66 August
1397 1586 357 52 2-November
1817 1590 65 47 29,
1967 1589 148 49 1930.

186 1664 82 56 St.
299 1666 165 65 Paul,
492 1665 156 53 West
681 1664 332 70 publishing
1040 1682 97 50 co.,
1171 1667 149 49 1931.

186 1744 1685 49 xvi, 986 p. 26 ᶜᵐ. (National reporter system—State series)
120 1798 51 52 ©
198 1804 108 40 Jan.
333 1803 67 47 17,
428 1801 112 42 1931;
595 1802 67 41 2c.
689 1804 95 38 and
810 1802 82 40 aff.
919 1803 110 39 Feb.
1056 1801 54 40 12;
1166 1803 42 38 A
1232 1802 144 41 33696;
1432 1803 136 40 West
1594 1803 109 47 pub.
1731 1813 66 30 co.

119 1883 141 55 Best
300 1887 160 53 short
496 1886 200 53 stories
735 1884 62 54 of
835 1886 95 52 the
970 1904 145 48 war;
1158 1905 71 33 an
1270 1885 310 69 anthology;
1652 1886 137 51 with
1831 1905 72 34 an
185 1886 1907 130 introduction

470 1963 75 70 by
595 1963 76 52 H.
726 1963 77 52 M.
859 1963 349 52 Tomlinson.
1284 1963 140 52 New
1477 1964 162 51 York
1693 1965 110 53 and
1859 1964 257 66 London,

182 2042 234 68 Harper
444 2044 46 50 &
517 2042 276 66 brothers,
826 2045 149 49 1931.

283 2151 8 16 xxv,
322 2119 86 43 826
439 2130 44 38 p.
541 2120 56 39 21½ᶜᵐ.

184 2176 261 47 Prefatory
471 2177 111 39 note
610 2175 193 48 signed:
835 2175 60 42 H.
925 2174 48 42 C.
1004 2175 63 43 M.
1107 2176 54 48 (i.
1189 2187 38 31 e.
1258 2175 286 48 Humphrey
1571 2174 175 42 Cotton
1778 2176 242 49 Minchin)

183 2231 164 41 “First
376 2231 229 41 edition.”

120 2284 52 52 ©
201 2289 110 40 Feb.
339 2290 39 47 5,
407 2289 113 40 1931;
578 2289 68 40 2c.
675 2289 111 40 Feb.
815 2289 27 40 5;
900 2288 82 40 aff.
1011 2288 111 41 Feb.
1151 2290 26 39 7;
1236 2290 43 38 A
1305 2288 147 41 34207;
1509 2289 196 49 Harper
1733 2290 35 40 &
1796 2291 126 39 bros.

196 2346 251 50 (31-3841)

115 2427 180 64 Boak,
326 2427 233 53 Arthur
592 2427 253 53 Edward
877 2426 271 65 Romilly,
1185 2432 171 49 1888-

183 2503 269 70 Karanis,
487 2503 438 70 topographical
962 2505 113 52 and
1111 2502 402 55 architectural
1551 2512 192 60 report
1781 2506 63 52 of
114 2525 1966 111 excavations

296 2581 213 71 during
541 2582 96 52 the
671 2600 223 35 seasons
931 2585 255 64 1924-28,
1219 2581 79 70 by
1331 2583 224 52 Arthur
1592 2584 66 51 E.
1696 2584 67 52 R.
1801 2585 161 51 Boak
1999 2585 108 52 and

115 2660 197 53 Enoch
365 2660 68 54 E.
483 2661 288 52 Peterson.
863 2660 136 52 Ann
1052 2658 208 68 Arbor,
1311 2659 336 69 University
1701 2659 64 52 of
1814 2660 295 71 Michigan

114 2755 172 51 press,
315 2741 151 51 1931.

187 2816 1864 52 vii, 69 p., 1 l. double front. (map) XLII pl., plans (part fold.) 28 ᶜᵐ.
124 2875 300 48 (Half-title:
466 2876 281 46 University
793 2876 52 40 of
888 2875 245 48 Michigan
1179 2875 201 41 studies.
1455 2876 313 40 Humanistic
1812 2876 149 41 series.
2019 2879 92 40 vol.

114 2932 122 47 XXV)

190 2989 145 41 “This
365 2990 136 39 work
531 2990 89 39 has
651 2989 119 40 been
800 2988 190 41 carried
1023 2999 59 29 on
1113 2989 155 39 under
1299 2988 81 40 the
1413 2990 247 47 oversight
1691 2989 53 40 of
1774 2991 80 39 the
117 2990 1977 96 Committee

217 3057 58 29 on
304 3047 130 39 Near
463 3048 120 38 East
608 3045 606 41 research.”—Foreword.

122 3099 51 52 ©
209 3104 110 39 Jan.
352 3103 70 48 22,
458 3102 140 47 1931;
637 3102 65 41 2c.
740 3103 110 40 Jan.
885 3102 82 46 30;
1006 3102 82 41 aff.
1125 3101 110 40 Feb.
1273 3101 52 46 2;
1364 3102 41 39 A
1440 3101 171 48 33512;
1652 3102 248 41 Graduate
1938 3105 177 40 school.

189 3160 283 48 University
497 3159 51 41 of
576 3159 258 47 Michigan,
861 3160 108 38 Ann
996 3159 169 40 Arbor.
1236 3158 250 49 (31-3921)

117 3227 182 63 Boyd,
330 3227 244 54 Donald.

186 3302 196 55 Salute
424 3302 63 52 of
530 3320 161 50 guns,
733 3301 34 53 by
851 3302 227 54 Donald
1122 3301 182 53 Boyd.
1380 3302 236 53 London
1686 3308 120 63 [etc.]
1857 3305 54 51 J.
1961 3304 153 68 Cape

120 3383 172 65 [1930]

185 3458 86 43 389
299 3470 43 38 p.
396 3459 164 48 front.,
590 3460 170 48 plates.
815 3458 57 41 20½ᶜᵐ.

124 3515 51 52 ©
231 3530 37 29 1c.
295 3520 111 39 Dec.
435 3518 68 49 27,
531 3518 140 42 1930;
701 3518 42 39 A
769 3519 61 40 ad
857 3518 86 40 int.
972 3517 141 40 14701;
1173 3518 141 47 pubd.
1346 3517 100 41 Oct.
1474 3517 57 40 27;
1588 3519 56 40 D.
1674 3520 150 46 Boyd,
1855 3520 261 46 Didsbury,

195 3577 320 46 Manchester,
545 3576 236 45 England.
851 3574 248 48 (31-4218)

117 3640 255 66 Brewer,
402 3640 224 56 Clifton
656 3639 303 64 Hartwell,
992 3642 170 52 1876-

187 3718 326 70 Nurturing
550 3736 192 50 young
778 3718 368 60 churchmen;
1187 3718 97 51 the
1321 3717 396 68 development
1753 3722 64 51 of
1853 3721 95 52 the
1986 3721 127 54 idea

118 3793 1972 137 of spiritual growth, by Clifton Hartwell Brewer … Milwaukee,
261 3874 160 54 Wis.,
449 3874 333 52 Morehouse
814 3870 333 69 publishing
1174 3889 79 35 co.
1290 3874 191 65 [ᶜ1930]
