2428 4370
1188 4010 133 50 1998

253 445 2015 73 and perineum, by B. B. Gallaudet … New York, Columbia
253 523 321 73 university
601 541 177 53 press,
807 529 151 51 1931.

325 607 908 49 3 p. l., 75 p., 1 l. incl. plates. 21 ᶜᵐ.
261 673 51 53 ©
339 678 104 42 Oct.
467 680 68 46 15,
562 678 108 41 1931;
729 679 67 42 2c.
823 679 102 40 Oct.
952 678 56 40 29;
1064 679 81 40 aff.
1174 679 103 42 Oct.
1302 678 55 41 21;
1414 680 41 39 A
1478 680 144 39 44511;
1681 680 253 40 Columbia
1961 680 133 41 univ.
2121 689 151 39 press.

338 736 283 49 (31-34595)

256 861 273 64 Georgia.
609 864 179 54 Court
818 865 64 69 of
911 864 252 68 appeals.

327 940 1947 70 Reports of cases decided … at the March term, 1931. v. 43.
257 1017 239 56 Stevens
527 1022 114 51 and
673 1019 277 67 Graham,
981 1024 303 63 reporters.
1360 1020 263 69 Atlanta,
1653 1020 122 53 The
1806 1019 289 54 Harrison

254 1039 1997 127 company,
460 1100 150 50 1931.

325 1177 450 51 xlvii, 953 p. 23 ᶜᵐ.
260 1244 52 52 ©
345 1249 113 40 Dec.
491 1247 70 49 19,
592 1248 142 48 1931;
769 1249 67 40 2c.
868 1251 112 39 Dec.
1013 1250 84 47 23;
1131 1250 82 40 aff.
1247 1251 113 39 Dec.
1391 1249 83 48 24;
1510 1250 40 39 A
1581 1250 174 47 45608;
1794 1251 137 40 State
1966 1249 51 41 of
2051 1250 221 47 Georgia.

327 1306 221 41 Atlanta.

255 1427 200 67 Gress,
486 1429 276 54 Edmund
792 1428 235 67 Geiger,
1057 1431 174 55 1872-

322 1506 285 54 Fashions
638 1507 62 52 in
729 1507 311 53 American
1070 1508 393 69 typography,
1497 1507 136 54 1780
1664 1513 58 47 to
1758 1510 155 65 1930,
1945 1506 141 54 with
2119 1506 154 54 brief

251 1584 329 54 illustrated
616 1584 201 56 stories
854 1584 65 54 of
953 1586 98 53 the
1085 1584 108 55 life
1229 1586 114 53 and
1380 1585 398 54 environment
1814 1584 66 54 of
1914 1585 98 54 the
252 1585 1991 132 American

388 1664 204 68 people
622 1663 60 53 in
714 1682 168 36 seven
912 1660 249 74 periods,
1191 1664 115 54 and
1338 1664 483 55 demonstrations
1854 1663 65 55 of
1949 1664 69 54 E.
2052 1663 71 57 G.
2156 1663 117 57 G.’s

253 1741 158 55 fresh
440 1748 134 48 note
600 1742 312 54 American
938 1743 204 68 period
1169 1743 393 70 typography,
1588 1744 78 69 by
1694 1744 275 53 Edmund
1999 1743 69 56 G.
2100 1743 172 56 Gress

314 1821 1298 71 … New York, Harper & brothers, 1931.
321 1903 1802 51 xxviii p., 1 l., 201 p. incl. illus., plates, map, facsims. front. 23½ᶜᵐ.
325 1976 165 42 “First
515 1976 230 42 edition.”

259 2045 52 52 ©
343 2050 113 40 Dec.
486 2051 40 46 1,
557 2048 114 42 1931;
731 2049 67 41 2c.
830 2049 113 41 Dec.
973 2048 25 39 2;
1060 2047 83 41 aff.
1174 2049 111 39 Dec.
1317 2049 26 40 3;
1404 2049 45 44 A
1474 2047 146 41 45293;
1682 2049 196 47 Harper
1911 2053 37 41 &
1976 2048 127 42 bros.

337 2107 283 49 (31-34531)

253 2232 277 52 Harvard
565 2230 356 64 university.
1000 2233 294 53 Graduate
1325 2233 193 53 school
1552 2233 63 69 of
1646 2238 119 48 arts
1799 2233 116 53 and
1945 2232 258 54 sciences.

387 2309 1888 69 … Summaries of thesis accepted in partial fulfilment of the
255 2388 1957 70 requirements for the degree of Doctor of philosophy, 1930 …
255 2467 365 70 Cambridge,
647 2467 316 54 Published
991 2468 76 68 by
1094 2468 98 52 the
1218 2466 359 70 University,
1607 2469 151 51 1931.

326 2549 65 48 ix,
419 2550 88 40 287
535 2560 44 36 p.
640 2548 180 48 diagrs.
880 2547 56 39 22½ᶜᵐ.

259 2616 51 52 ©
336 2621 117 38 Nov.
479 2621 69 40 14.
573 2618 113 42 1931;
740 2619 66 41 2c.
830 2619 119 40 Nov.
975 2620 55 40 18;
1086 2618 82 41 aff.
1194 2619 112 39 Dec.
1332 2619 25 39 5;
1412 2619 42 39 A
1476 2617 149 41 46190;
1677 2618 259 41 President
1960 2619 97 40 and
2080 2618 192 40 fellows

328 2677 53 39 of
412 2678 233 39 Harvard
678 2677 191 47 college,
905 2676 304 48 Cambridge,
1245 2677 147 39 Mass.

252 2803 278 54 Harvard
560 2802 355 65 university.
995 2804 293 54 Graduate
1315 2805 195 54 school
1535 2805 65 70 of
1627 2803 251 55 business
325 2803 1924 132 administration.

322 2959 1950 71 Harvard advertising awards, 1930 … Published for the
253 3039 296 54 Graduate
585 3040 190 53 school
810 3040 64 51 of
906 3040 257 53 business
1197 3038 487 69 administration,
1719 3037 224 70 George
1977 3038 65 53 F.
2082 3038 191 52 Baker

253 3117 364 57 foundation.
673 3118 276 53 Harvard
1007 3117 337 53 university.
1421 3117 140 52 New
1619 3117 165 52 York
1841 3119 112 51 and
2012 3117 260 68 London,

250 3195 434 54 McGraw-Hill
713 3196 148 52 book
891 3214 299 50 company,
1221 3196 127 68 inc.,
1380 3198 153 51 1931.

325 3276 1028 49 ix, 151 p. incl. front., illus., port. 29 ᶜᵐ.
257 3344 52 52 ©
344 3348 128 48 Sept.
503 3348 40 48 3,
574 3346 114 42 1931;
751 3349 66 38 2c.
849 3349 97 39 and
978 3346 82 41 aff.
1094 3347 128 48 Sept.
1256 3348 28 39 8;
1343 3347 41 39 A
1415 3348 148 40 41477;
1623 3348 233 39 Harvard
1890 3345 145 49 univ.,
2069 3346 196 40 Boston.

250 3456 353 65 Hendricks,
630 3457 245 67 Walter,
906 3463 173 50 1892-

316 3534 222 53 Double
573 3535 206 67 dealer,
811 3535 75 68 by
918 3535 221 53 Walter
1173 3534 344 54 Hendricks.
1590 3533 271 70 Chicago,
1894 3533 68 52 R.
1999 3532 264 54 Packard

246 3614 44 50 &
317 3631 299 51 company,
648 3616 149 50 1931.

318 3692 58 41 56
405 3704 44 37 p.
508 3692 59 41 20½ᶜᵐ.

318 3763 185 41 Poems.

321 3820 164 41 “First
520 3821 228 42 edition.”

257 3889 51 52 ©
335 3894 118 39 Nov.
480 3894 69 47 30,
576 3895 113 40 1931;
746 3896 65 40 2c.
840 3897 96 39 and
962 3895 81 41 aff.
1072 3896 112 41 Dec.
1211 3897 26 39 7;
1293 3896 41 39 A
1360 3895 145 41 46176;
1563 3895 182 41 Robert
1773 3895 223 40 Packard
2025 3894 37 40 &
2087 3904 69 31 co.

334 3951 280 49 (31-34684)
