2428 4370
1045 4035 134 54 1475

171 503 1137 51 xxxiii, 294 p. front., illus., diagrs. 19 ᶜᵐ .
104 561 50 53 ©
182 565 119 48 Aug.
329 563 68 47 28,
426 562 112 42 1931;
594 563 67 42 2c.
689 563 95 40 and
812 562 81 42 aff.
925 562 127 48 Sept.
1080 563 27 38 4;
1165 562 39 39 A
1232 560 144 40 41422;
1436 560 201 41 Charles
1669 558 268 43 Scribner’s
1962 567 126 33 sons.

174 618 67 53 [©
270 620 327 41 introduction
625 621 94 38 and
749 620 249 48 revisions]
1071 618 279 49 (31-24916)

102 700 281 64 Nearing,
414 701 185 63 Scott,
631 705 168 50 1883-

168 778 167 67 War;
378 776 304 68 organized
724 774 347 55 destruction
1112 777 112 51 and
1262 794 149 34 mass
1447 776 232 52 murder
1714 775 76 68 by
1828 774 260 54 civilized

99 852 1991 71 nations, by Scott Nearing … New York, The Vanguard press
145 935 149 64 [ᶜ1931]

172 1011 484 49 viii, 310 p. 21½ ᶜᵐ .
175 1068 144 41 “This
348 1069 145 47 study
521 1068 41 39 is
591 1079 88 29 one
708 1068 51 39 of
788 1078 26 29 a
845 1067 164 48 series,
1040 1066 251 49 including
1316 1067 176 41 Where
1522 1067 42 40 is
1594 1066 298 41 civilization
1922 1065 172 49 going?

102 1127 94 38 and
224 1126 100 39 The
351 1125 207 48 twilight
585 1124 52 41 of
662 1124 283 47 empire.’’—P
992 1125 86 40 ref.

172 1181 347 49 Bibliography
536 1193 10 29 :
574 1193 43 37 p.
643 1181 216 42 273-285.

108 1236 50 51 ©
191 1241 126 46 Sept.
347 1241 69 45 17,
445 1238 140 43 1931;
616 1239 68 40 2c.
717 1240 125 46 Sept.
872 1239 82 47 21;
987 1238 80 40 aff.
1103 1239 128 46 Sept.
1261 1237 82 48 19;
1376 1239 41 38 A
1445 1238 172 47 41740;
1650 1238 264 48 Vanguard
1945 1246 150 39 press,

178 1296 88 41 inc.
337 1295 279 49 (31-24911)

106 1376 1047 71 N ī la-kantha, of R ā ja-ma ṅ golam.
173 1453 120 52 The
331 1452 411 68 elephant-lore
779 1453 64 52 of
879 1454 94 51 the
1010 1453 262 67 Hindus;
1311 1452 96 53 the
1444 1452 457 68 elephant-sport

105 1451 1969 147 (Matanga-lila)
480 1529 64 53 of
578 1530 381 66 Nilakantha;
998 1530 317 53 translated
1352 1529 153 53 from
1539 1530 97 52 the
1669 1529 249 70 original
104 1528 1970 131 Sanskrit

270 1607 138 52 with
433 1606 405 68 introduction,
861 1615 175 59 notes,
1060 1608 112 52 and
1195 1606 258 71 glossary
1474 1607 75 70 by
1573 1608 284 52 Franklin
106 1608 1969 129 Edgerton

109 1684 1966 145 … New Haven, Yale university press; London, H. Milford,
286 1762 228 55 Oxford
543 1762 316 70 university
886 1781 175 50 press,
1091 1766 151 50 1931.

175 1844 99 48 xix,
303 1844 88 41 129
415 1855 45 38 p.
517 1845 117 40 21ᶜᵐ.

177 1901 347 49 Bibliography
541 1911 10 29 :
583 1911 44 37 p.
660 1900 264 50 [xvii]-xix.

115 1955 49 51 ©
200 1959 128 47 Sept.
359 1960 26 37 4,
491 1959 55 39 1931;
608 1957 67 41 2c.
712 1958 125 47 Sept.
873 1957 57 39 16;
991 1957 81 39 aff.
1111 1957 126 49 Sept.
1273 1959 57 38 14;
1392 1959 42 38 A
1463 1958 146 41 41677;
1673 1959 121 39 Yale
1826 1958 271 50 university

181 2025 147 38 press.
401 2014 278 49 (31-24886)

112 2095 192 52 North
329 2095 272 54 Carolina
624 2102 175 62 poets,
824 2099 149 50 1930.
1034 2097 291 69 Newport,
1349 2096 132 70 Ky.,
1506 2097 422 53 International
180 2096 1900 132 writers’
316 2177 214 66 league,
564 2177 148 50 1930.

182 2228 506 75 7 p. l. , 79 p. 15 ᶜᵐ .
116 2311 194 40 Editors
327 2322 8 28 :
365 2310 127 47 1930,
520 2312 136 38 Anne
684 2311 236 48 Windsor,
949 2312 60 39 H.
1037 2312 52 38 A.
1120 2312 49 39 L.
1199 2312 74 39 De
1298 2312 181 48 Aryan.

117 2365 51 51 ©
193 2368 109 40 Dec.
325 2368 70 47 24,
419 2367 115 41 1930;
582 2368 67 41 2c.
674 2369 94 39 and
792 2368 81 40 aff.
900 2369 109 39 Dec.
1034 2367 82 49 29;
1142 2368 42 40 A
1205 2368 144 40 33067;
1404 2370 224 38 Internatl.
1688 2368 206 41 writers’
1920 2371 185 46 league.

194 2423 248 50 (31-3798)

115 2504 371 66 O’Flaherty,
516 2506 187 64 Liam,
736 2509 167 53 1897-

182 2581 29 50 I
250 2589 146 46 went
432 2588 56 46 to
526 2581 201 54 Russia
770 2583 108 69 [by]
921 2583 164 53 Liam
1125 2581 362 71 O’Flaherty.
1560 2583 137 54 New
1736 2583 179 70 York,
113 2584 1966 142 Harcourt,

313 2659 842 71 Brace and company [ ᶜ1 931 ]
185 2737 613 50 5 p. l., 9-297 p. 19½ ᶜᵐ .
122 2791 50 52 ©
202 2796 126 48 Sept.
355 2798 66 40 17,
449 2797 137 46 1931;
615 2797 66 41 2c.
708 2799 94 39 and
828 2798 81 41 aff.
939 2799 127 48 Sept.
1091 2800 82 47 24;
1201 2799 41 39 A
1266 2800 172 47 41793;
1468 2801 51 41 L.
1548 2801 305 50 O’Flaherty,
190 2802 1898 93 Hambledon.

325 2855 506 48 Henley-on-Thames,
861 2858 179 46 Beides,
1072 2859 236 45 England.
1378 2858 279 48 (31-24859)

120 2933 205 63 Oman,
355 2934 152 53 John
538 2936 197 64 Wood,
769 2942 166 50 1860-

184 3009 1917 75 The natural & the supernatural, by John Oman … New
119 3086 175 70 York,
330 3088 121 53 The
486 3087 328 56 Macmillan
854 3108 303 51 company;
1200 3091 359 70 Cambridge,
1595 3093 167 68 Eng.,
1801 3094 122 51 The

118 3093 1961 140 University
360 3183 171 49 press,
568 3168 146 49 1931.

186 3223 493 69 xiii, 506 p. 22½ ᶜᵐ .
126 3298 50 52 ©
211 3303 125 47 Sept.
368 3303 68 46 22,
469 3302 112 41 1931;
639 3303 66 41 2c.
738 3307 94 39 and
862 3305 81 42 aff.
978 3306 127 48 Sept.
1136 3306 54 41 23;
1255 3309 38 38 A
1322 3308 146 41 42556;
1528 3310 282 41 Macmillan
1840 3321 64 30 co.

203 3359 278 49 (31-24864)

122 3439 229 63 Orcutt,
378 3439 253 54 William
660 3442 186 63 Dana,
877 3445 168 53 1870-

190 3516 231 67 Dagger
455 3517 111 52 and
602 3517 217 68 jewels;
855 3519 94 53 the
985 3537 276 52 gorgeous
1298 3522 339 55 adventures
1674 3523 65 53 of
1776 3525 332 52 Benvenuto

121 3592 224 66 Cellini,
392 3612 29 33 a
469 3594 278 54 romantic
791 3598 182 64 novel,
1019 3598 74 69 by
1140 3599 261 53 William
1446 3601 168 52 Dana
1663 3600 224 55 Orcutt.
1970 3602 138 53 New

126 3670 172 68 York,
322 3671 190 65 Dodd,
537 3672 170 53 Mead
736 3674 110 52 and
876 3691 295 53 company,
1201 3679 150 51 1931.

189 3750 724 50 4 p. l., 3-372 p., 1 l. 20½ᶜᵐ.
189 3806 139 49 Maps
355 3818 59 29 on
446 3807 357 50 lining-papers.

190 3863 160 41 “First
387 3864 227 41 edition.”

129 3916 51 51 ©
217 3921 125 48 Sept.
377 3922 69 47 18,
481 3921 139 48 1931;
655 3924 66 39 2c.
759 3924 125 48 Sept.
918 3925 81 46 25;
1036 3926 81 39 aff.
1156 3927 127 48 Sept.
1318 3928 82 47 26;
1437 3929 41 39 A
1511 3928 171 50 41898;
1720 3932 71 40 W.
1826 3932 56 40 D.
1920 3931 187 47 Orcutt,

195 3977 195 43 Boston.
460 3978 279 53 (31-24892)
