2505 4370
1082 4007 102 53 289

143 366 307 54 Abraham
480 365 240 55 Lincoln
752 366 376 66 association,
1159 368 359 70 Springfield
1523 413 12 26 ,
1562 370 98 52 Ill.

274 445 1873 70 … Papers delivered before the members … Introduction,
143 523 2005 72 by Logan Hay … Lincoln and the press, by John Callan
143 601 2006 71 O’Laughlin … Lincoln’s plans for reunion, by Allan Nevins
204 679 1943 72 … at Springfield, Illinois, on February 12, 1930. Springfield,
141 758 113 68 Ill.,
279 757 298 53 Abraham
606 758 241 53 Lincoln
876 758 355 70 association,
1263 762 149 49 1931.

211 837 85 41 115
332 848 43 39 p.
436 836 56 42 23½ᶜᵐ.

145 904 52 53 ©
233 908 110 41 Feb.
378 907 69 50 12,
483 906 140 50 1931;
659 907 68 42 2c.
761 909 122 40 Mar.
919 909 52 48 6;
1009 909 82 40 aff.
1127 910 121 39 Mar.
1285 909 53 47 5;
1376 908 40 40 A
1451 909 172 47 35146;
1659 908 248 41 Abraham
1944 908 201 40 Lincoln

212 976 130 31 assn.

146 1060 301 69 [Alcanter
477 1060 69 53 de
575 1059 243 66 Brahm,
914 1081 101 34 Mme.
1045 1061 226 54 Jeanne
1309 1060 299 69 (Ichard)]

270 1136 1590 69 … La tour de cristal. Paris, J. Tallandier [1930]
208 1218 959 49 255 p. 1 6½ ᶜᵐ. (Les romans bleus)
209 1275 231 41 Author’s
466 1277 178 46 pseud.,
672 1276 123 41 Jean
822 1277 215 46 Rosmer,
1064 1279 51 38 at
1140 1277 124 40 head
1291 1277 51 40 of
1368 1277 123 40 title.

143 1344 2000 52 © Nov. 20, 1930; 1c. Jan. 9, 1931; A—Foreign 10225; Jules Tallandier.
223 1404 251 50 (31-6146)

139 1498 327 66 Armandy,
496 1499 221 55 André.

266 1574 1872 70 … Les réprouvés. Illustrations de O. K. Gérard. Paris, A.
132 1652 276 69 Lemerre,
444 1656 151 51 1930.

204 1735 1049 52 4 p. l., [11]-249 p., 1 l. incl. plates. 18 ½ ᶜᵐ.
143 1804 1982 109 © Oct. 7, 1930; 1c. Dec. 5; A— Foreign 9707; Librairie Alphonse Lemerre. (31-6141)
136 1960 115 53 Art
277 1963 230 68 studies,
531 1961 297 67 medieval,
853 1961 353 53 renaissance
1231 1962 113 52 and
1369 1962 235 52 modern;
1660 1962 189 53 edited
1874 1964 75 68 by
207 1980 1913 113 members

375 2040 65 52 of
480 2041 95 52 the
617 2041 390 67 departments
1050 2039 63 52 of
1155 2039 95 52 the
1294 2037 110 55 fine
1448 2044 118 49 arts
1610 2046 57 47 at
1711 2040 275 53 Harvard
2031 2043 113 51 and

206 2118 309 53 Princeton
555 2117 375 53 universities.
1013 2150 67 33 [v.
1124 2120 48 65 8,
1212 2121 80 63 pt.
1333 2120 49 63 2]
1465 2116 363 70 Cambridge,
1866 2118 277 54 Harvard

206 2195 296 71 unversity
530 2214 175 51 press,
734 2198 150 50 1931.

207 2273 886 53 xvi, 300 p. plates, facsims. 30½ ᶜᵐ.
210 2334 120 40 Part
356 2333 52 40 of
436 2333 82 41 the
545 2334 156 47 plates
729 2332 194 48 printed
953 2343 59 29 on
1040 2332 117 40 both
1185 2331 145 41 sides.

141 2387 52 53 ©
221 2390 111 41 Feb.
358 2390 70 48 16,
456 2389 112 41 1931;
624 2389 69 41 2c.
720 2390 112 40 Feb.
859 2389 57 39 24;
973 2388 81 41 aff.
1082 2389 112 41 Feb.
1221 2388 57 41 28;
1334 2389 42 39 A
1401 2388 145 41 35032;
1604 2390 256 40 President
1888 2390 37 40 &
1951 2390 191 41 fellows

209 2447 51 41 of
295 2448 232 39 Harvard
564 2448 191 47 college,
793 2445 302 50 Cambridge,
1134 2446 148 40 Mass.

135 2542 395 64 Boeckmann,
559 2542 146 52 Paul
731 2557 133 39 von.

210 2621 452 69 Strengthening
701 2621 98 51 the
836 2638 216 36 nerves,
1090 2620 76 68 by
1205 2619 149 52 Paul
1394 2638 111 34 von
1546 2620 380 52 Boeckmann.
2002 2620 139 53 New

136 2700 163 52 York
333 2702 194 64 [ᶜ1931]

207 2778 574 50 62 p., 1 l. illus. 18½ᶜᵐ.
141 2833 52 54 ©
220 2838 111 41 Jan.
355 2836 71 49 21,
453 2835 113 43 1931;
622 2835 68 42 2c.
718 2836 95 40 and
840 2834 82 43 aff.
951 2835 108 41 Jan.
1088 2833 55 41 29;
1200 2834 41 40 A
1268 2833 146 42 34054;
1470 2834 51 40 P.
1549 2844 93 31 von
1670 2834 323 51 Boeckmann,
2022 2835 119 42 New

208 2895 145 41 York.
424 2894 14 48 (CA
522 2893 174 41 31-165
715 2892 235 48 Unrev’d)

135 2990 331 65 Bordeaux,
496 2990 224 62 Henry,
755 2989 170 53 1870-

265 3061 1867 70 … La vie est un sport … Illustrations de R ay. Lambert.
155 3140 911 71 [Paris] E. Flammarion [ 1930]
202 3224 100 49 284,
340 3225 55 51 [2]
429 3234 43 39 p.
530 3224 173 48 plates.
762 3223 57 41 18½ᶜᵐ.

485 3302 57 6 CONTENTS.—
544 3281 69 39 La
664 3279 75 41 vie
786 3282 74 38 est
910 3290 62 29 un
1022 3279 208 48 sport.—
1231 3279 66 43 Le
1346 3278 186 42 chemin
1579 3279 331 43 d’Annibal.—
1911 3282 69 40 La
2029 3282 107 42 nuit

132 3338 213 41 blanche.

141 3390 1997 54 © Dec. 4, 1930; 1c. Dec. 26; A— Foreign 10062; Ernest Flammarion.
217 3451 250 49 (31-6137)

136 3550 120 52 The
294 3546 129 63 Boy
460 3545 201 56 scout’s
698 3545 146 54 book
882 3545 63 52 of
981 3549 124 47 true
1146 3544 340 64 adventure;
1527 3543 151 54 their
1714 3565 127 34 own
1878 3552 157 65 story
2074 3548 64 52 of

207 3623 224 53 famous
476 3621 243 68 exploits
765 3620 113 54 and
924 3619 341 53 adventures
1310 3618 121 53 told
1476 3618 76 69 by
1597 3618 290 72 honorary
1931 3628 206 62 scouts,

204 3695 1906 134 Bob Bartlett, Frederick R. Burnham … [and others]; foreword
388 3776 77 69 by
494 3774 235 56 Colonel
758 3774 295 53 Theodore
1081 3772 301 53 Roosevelt;
1443 3772 398 70 biographical
1869 3780 159 50 notes
2058 3778 78 69 by

204 3854 193 55 James
426 3854 67 52 E.
518 3853 164 53 West…
832 3850 139 53 New
997 3849 181 67 York,
1204 3849 260 68 London,
1490 3849 69 55 G.
1587 3851 66 52 P.
1680 3852 296 55 Putnam’s
2005 3874 129 36 sons

210 3934 172 66 [1931]
