2505 4370
1106 3997 98 50 639

127 384 282 64 Trollope,
441 382 303 64 Anthony,
777 383 323 52 1815-1882.

258 448 1869 79 … Hunting sketches; introduction by Cedric Ellsworth
131 537 216 68 Smith;
396 534 354 57 decorations
794 533 76 69 by
915 533 124 54 Ned
1086 531 179 70 King.
1339 528 312 69 Hartford,
1699 528 198 68 Conn.,
1944 527 66 53 E.
2057 527 71 53 V.

128 616 278 67 Mitchell,
439 617 148 50 1929.

200 693 756 52 xii p., 1 l. , 13-125, [1] p. 19½ᶜᵐ.
202 754 331 48 Head-pieces.

204 810 269 48 “Designed
499 810 61 47 by
585 808 182 40 Robert
794 807 45 41 S.
866 804 241 50 Josephy.’
1110 804 13 14 4

132 859 1981 106 “The hunting sketches … appeared originally in the Pall Mall gazette.”—Introd.
137 991 51 52 ©
218 996 117 39 Nov.
364 994 56 39 10,
462 991 114 41 1929;
632 991 66 40 2c.
729 991 113 47 Apr.
872 990 40 42 6.
943 989 139 46 1931;
1114 988 82 41 aff.
1226 989 114 48 Apr.
1372 988 81 46 18;
1485 988 42 39 A
1555 988 171 46 36666;
1761 987 171 40 Edwin
206 988 1908 104 Valentine

336 1050 230 46 Mitchell,
597 1049 91 39 inc.
751 1044 68 53 [©
852 1046 343 49 introduction]
1269 1044 280 49 (31-11007)

134 1144 369 63 Uellenberg,
535 1141 171 64 Emil,
739 1144 170 53 1874-

202 1222 103 52 Ich
345 1220 156 53 hab’s
541 1224 224 63 gewagt
785 1218 10 52 !
836 1218 90 52 ein
965 1216 417 53 Liitherroman
1425 1233 112 35 von
1577 1214 156 53 Emil
1773 1214 363 69 Uellenberg.

133 1298 209 66 Gotha,
369 1299 66 51 P.
467 1297 121 67 Ott,
618 1299 150 50 1930.

205 1380 87 42 316
318 1391 44 38 p.
422 1380 59 40 20½ᶜᵐ.

141 1446 2000 55 © Sept. 15, 1930; 1c. Dec. 18; A—Foreign 10431; Verlagsbuchhandlung
208 1510 51 39 P.
290 1508 98 41 Ott.
463 1507 279 49 (31-10580)

139 1603 269 63 Wallace,
439 1601 210 64 Dillon,
683 1605 170 51 1863-

206 1679 122 55 The
352 1696 142 36 crew
521 1677 62 54 of
610 1678 93 53 the
730 1677 256 67 Pioneer,
1015 1676 72 70 by
1117 1676 196 53 Dillon
1344 1675 264 54 Wallace.
1675 1674 270 72 Chicago,
1973 1675 68 54 A.
2075 1676 62 56 C.

136 1756 279 69 McClurg
439 1758 45 51 &
512 1774 95 49 co.,
636 1757 150 51 1931.

209 1834 678 50 5 p. l., 254 p. front. 19½ ᶜᵐ.
145 1907 51 52 ©
224 1912 120 40 Mar.
369 1909 70 48 25,
464 1908 112 42 1931;
632 1909 65 40 2c.
725 1909 113 47 Apr.
864 1907 55 42 27;
974 1907 82 43 aff.
1082 1908 112 48 Apr.
1221 1907 57 40 29;
1334 1908 39 39 A
1398 1907 146 42 36828;
1600 1907 53 41 A.
1681 1908 50 41 C.
1758 1908 227 48 McClurg
2012 1909 36 40 &
2074 1918 68 31 co.

221 1966 279 49 (31-10982)

143 2061 269 63 Wallace,
446 2061 218 63 Edgar.

212 2140 121 53 The
365 2159 132 33 man
532 2147 57 46 at
621 2139 94 53 the
747 2138 253 55 Carlton.
1076 2137 146 53 Mar.
1258 2140 84 66 30,
1374 2141 84 65 31,
1489 2137 143 70 Apr.
1670 2142 46 64 1,
1747 2142 49 63 2,
1829 2142 49 63 4,
1911 2142 48 65 6,
1993 2142 151 50 1931.

223 2218 79 48 (In
337 2217 202 43 London
568 2215 148 53 Daily
749 2215 231 53 express)

149 2288 1997 51 © 1c. each May 27, 1931; A ad int. 15132; pubd. Mar. 30, 31, Apr. 1,
216 2349 39 46 2,
281 2349 40 40 4.
349 2348 51 46 6;
431 2349 50 38 E.
509 2348 226 46 Wallace,
762 2347 212 39 London.

144 2440 309 65 Warwick,
491 2442 256 51 Frances
782 2441 225 63 Evelyn
1041 2440 292 64 Maynard
1370 2439 272 64 Greville,
1679 2447 254 48 countess
1969 2442 76 68 of.

216 2521 272 52 Intimate
543 2519 262 53 memoirs
859 2520 63 50 of
975 2520 264 68 Frances,
1293 2523 256 49 countess
1605 2520 64 51 of
1720 2519 304 54 Warwick.
2105 2523 42 49 1.

148 2596 1535 70 How I provoked the royal anger of Edward VII .
230 2676 77 47 (In
340 2674 182 44 Nash’s
554 2673 106 44 Pall
689 2674 120 43 Mall
841 2674 274 52 magazine,
1146 2674 136 52 Apr.,
1316 2675 144 50 1931)

153 2744 1996 52 © 1c. May 11, 1931; A ad int. 15141; pubd. Mar. 15; Herbert Lewis,
220 2806 211 39 London.

149 2899 356 64 Washburn,
538 2899 221 53 Robert
792 2900 246 63 Collyer.

222 2978 121 53 The
369 2978 107 53 life
503 2980 111 51 and
643 2978 164 53 times
835 2978 64 54 of
927 2978 186 69 Lydia
1142 2979 66 51 E.
1239 2978 306 69 Pinkham,
1575 2979 73 69 by
1677 2978 215 53 Robert
1922 2978 231 69 Collyer

151 3055 2002 70 Washburn … New York and London, G. P. Putnam’s sons,
155 3137 148 49 1931.

257 3213 1535 50 x, 221 p. front., illus., plates, ports., facsims., diagr. 23 ᶜᵐ.
158 3279 51 52 ©
242 3284 112 47 Apr.
386 3282 69 48 24,
490 3283 110 40 1931;
662 3283 65 41 2c.
762 3285 113 47 Apr.
908 3285 55 40 28;
1025 3285 81 40 aff.
1139 3286 112 47 Apr.
1287 3285 57 41 29;
1405 3286 39 39 A
1478 3285 144 42 36829;
1686 3286 55 42 R.
1776 3285 50 42 C.
1860 3285 292 42 Washburn.

227 3341 259 46 Brooklyn.
560 3340 277 48 (31-11073)

154 3436 231 62 Waton,
415 3435 219 63 Harry.

224 3512 121 51 The
383 3511 282 53 kabbalah
709 3513 111 52 and
863 3512 294 69 Spinoza’s
1197 3512 345 70 philosophy
1584 3533 58 33 as
1683 3532 27 33 a
1752 3513 150 54 basis
1943 3512 93 53 for
2077 3533 68 33 an

156 3590 123 54 idea
341 3590 63 52 of
462 3590 286 53 universal
807 3592 238 70 history,
1102 3593 75 69 by
1234 3592 200 70 Harry
1493 3593 225 52 Waton.
1793 3592 92 53 bk.
1948 3595 44 49 1.
2034 3593 122 54 The

158 3667 346 69 philosophy
532 3669 63 51 of
622 3669 95 53 the
746 3669 319 54 Kabbalah.
1142 3670 139 53 New
1311 3670 178 69 York,
1524 3670 248 68 Spinoza
1802 3669 260 55 institute
2093 3672 64 53 of

156 3745 283 68 America,
467 3746 105 53 inc.,
622 3749 149 49 1931.

227 3826 671 48 3 p. l., 127 p. illus. 24 ᶜᵐ.
164 3877 51 52 ©
253 3882 112 47 Apr.
401 3882 54 39 11,
507 3881 111 41 1931;
685 3881 66 42 2c.
788 3884 94 39 and
919 3884 81 41 aff.
1038 3885 113 47 Apr.
1187 3884 57 41 18;
1310 3884 38 40 A
1385 3883 143 42 35894;
1598 3884 203 49 Spinoza
1842 3886 224 40 institute
2105 3886 52 40 of

231 3938 234 47 America,
502 3939 89 40 inc.
662 3938 278 48 (31-11187)
