2505 4370
1006 4019 135 50 1141

95 463 51 53 ©
174 468 126 39 June
326 466 69 46 16,
423 464 112 42 1931;
593 466 66 39 2c.
688 466 94 38 and
811 463 82 41 aff.
921 465 127 40 June
1073 463 55 39 22;
1186 465 42 38 A
1253 464 145 40 40007;
1456 464 186 41 Arthur
1671 465 216 40 Wallace
1915 463 173 44 Peach,

163 534 54 30 as
253 526 143 46 agent
431 522 81 40 for
547 523 82 40 the
662 521 272 41 committee
971 531 59 29 on
1068 521 233 40 Vermont
1335 521 264 40 traditions
1637 521 37 40 &
1708 521 168 40 ideals.
161 520 1929 109 North-field,
317 581 74 40 Vt.
464 580 278 47 (31-16883)

90 672 412 66 Croft-Cooke,
530 673 247 64 Rupert,
808 677 171 50 1903-

157 750 144 55 Give
343 750 122 53 him
505 750 94 52 the
641 750 179 66 earth,
860 749 75 70 by
975 750 225 66 Rupert
1243 748 405 56 Croft-Cooke.
1724 750 137 52 New
1905 750 177 64 York,

86 828 71 54 A.
183 828 71 53 A.
283 826 227 69 Knopf,
539 831 150 49 1931.

190 907 689 50 x p., 1 l., 288 p., 1 l. 20 ᶜᵐ .
158 966 163 40 “First
351 964 227 41 edition.”

92 1018 52 52 ©
176 1024 116 46 July
321 1022 69 48 24,
423 1021 112 41 1931;
596 1021 66 40 2c.
696 1022 115 47 July
841 1021 56 40 25;
959 1020 81 42 aff.
1073 1022 116 46 July
1220 1021 52 39 31;
1337 1020 40 39 A
1409 1020 146 41 39770;
1615 1020 171 40 Alfred
1818 1020 53 39 A.
1908 1019 177 48 Knopf,

159 1079 90 41 inc.
312 1074 69 54 [©
413 1090 106 28 new
549 1081 181 37 matter
760 1078 35 40 &
827 1077 307 49 corrections]
1207 1077 280 48 (31-19908)

87 1173 186 65 Dana,
303 1172 224 54 Arnold
557 1172 217 65 Guyot.

155 1248 407 69 “Prosperity”
627 1248 300 68 problems.
1027 1248 171 68 Why,
1261 1248 243 66 whence,
1568 1247 243 52 whither
1827 1247 18 53 ?
1949 1247 133 53 And

85 1324 1939 70 with what part in world welfare? By Arnold G. Dana …
84 1403 140 53 New
249 1403 226 68 Haven,
506 1402 198 69 Conn.,
735 1406 150 49 1931.

154 1484 1248 50 xix p., 1 l., 451 i. tables (part fold.) 24 ᶜᵐ .
157 1543 129 40 “The
321 1542 177 40 earlier
544 1541 359 48 (confidential)
948 1543 249 47 pamphlet
1232 1552 61 29 on
1328 1543 82 38 the
1445 1552 132 29 same
1612 1542 175 47 theme,
1821 1541 51 40 in
1907 1545 176 46 reality

85 1601 81 39 the
195 1599 109 40 first
334 1599 184 40 edition
547 1598 53 40 of
629 1599 81 39 the
740 1601 195 44 present
967 1598 147 47 work,
1144 1598 97 39 and
1273 1609 107 28 now
1411 1598 49 38 in
1491 1597 232 49 abridged
1754 1598 142 47 form,
83 1609 1983 87 reproduced

83 1654 1983 99 herein (as part three) … [was published, 1926, under title: American
222 1712 365 48 responsibility
614 1711 79 41 for
722 1712 152 40 world
906 1711 771 49 reconstruction]”—Foreword,
1708 1723 42 36 p.
1780 1712 81 41 vii.

91 1767 51 52 ©
172 1770 116 48 July
316 1771 39 46 7,
384 1768 141 48 1931;
556 1768 67 41 2c.
653 1770 95 38 and
778 1768 81 40 aff.
890 1768 115 50 July
1034 1767 52 48 9;
1119 1768 41 38 A
1186 1767 175 47 40300;
1393 1768 54 41 A.
1479 1768 52 40 G.
1564 1767 156 48 Dana,
1751 1768 115 40 New
1898 1769 186 40 Haven.

168 1826 280 49 (31-19651)

85 1921 238 66 Delage,
354 1920 288 55 Edmond.

213 1995 1795 69 … La tragédie des Dardanelles. Paris, B. Grasset [1931]
153 2077 1363 51 3 p. l., [9]-266 p., 3 l. fold. front. (map) 19½ ᶜᵐ .
88 2140 1995 52 © Apr. 5, 1931; 1c. May 29; A—Foreign 12210; Éditions Bernard
158 2199 214 41 Grasset.
444 2198 279 48 (31-20080)

84 2278 203 66 Dolch,
313 2278 254 54 Edward
594 2277 276 65 William,
897 2284 170 50 1889-

152 2355 120 53 The
309 2355 352 69 psychology
696 2356 113 52 and
846 2355 266 68 teaching
1148 2354 64 54 of
1247 2355 258 69 reading,
1539 2355 75 69 by
1649 2356 249 53 Edward
85 2356 1972 129 William

244 2431 1813 71 Dolch … [Boston, New York] Ginn and company [ ᶜ1 931]
185 2515 378 49 v, 261 p. 21 ᶜᵐ .
155 2572 188 40 “Books
367 2571 80 40 for
472 2572 222 39 teachers
722 2571 50 39 of
797 2570 228 48 reading”
1044 2581 9 30 :
1082 2581 43 38 p.
1151 2571 218 41 255-258.

88 2625 51 52 ©
163 2630 115 46 July
302 2630 39 47 1,
366 2628 113 41 1931;
532 2628 68 42 2c.
625 2629 115 47 July
765 2628 54 40 23;
875 2627 82 41 aff.
983 2628 116 47 July
1122 2627 55 39 22;
1231 2629 42 38 A
1297 2627 145 41 39604;
1497 2630 53 39 E.
1575 2629 71 40 W.
1674 2629 167 49 Dolch,
1868 2630 212 48 Urbana,

155 2687 75 38 Ill.
305 2685 278 49 (31-19661)

84 2766 232 66 Dwyer,
345 2766 257 55 William
630 2766 263 65 Francis,
924 2772 171 49 1895-

85 2842 1970 149 … The vocabulary of Hegesippus, a studjr in Latin lexicography
458 2922 1630 70 … by William F rancis Dwyer … Washington, D. C.,
86 3001 120 52 The
239 3000 263 55 Catholic
530 3000 318 68 university
878 2999 64 53 of
970 2998 286 70 America,
1289 3004 151 49 1931.

90 3080 1969 105 xv, 200 p., 1 l. 23½ ᶜᵐ . (The Catholic university of America. Patristic studies. vol. XXVII)
159 3194 172 39 Thesis
368 3194 14 47 (PH.
556 3192 308 49 D.)—Catholic
892 3194 270 48 university
1190 3194 51 40 of
1269 3194 236 43 America.
1536 3195 127 40 1931.

159 3249 127 42 Vita.

161 3304 185 42 “Select
374 3304 366 49 bibliography”
759 3316 9 29 :
801 3316 44 37 p.
876 3305 167 40 ix-xii.

88 3358 51 53 ©
165 3364 126 39 June
314 3363 40 48 2,
378 3363 115 40 1931;
547 3364 67 41 2c.
639 3365 95 39 and
760 3364 80 40 aff.
868 3364 126 40 June
1018 3365 25 39 8;
1097 3365 41 38 A
1162 3365 145 40 37834;
1363 3365 222 41 Catholic
1611 3365 129 41 univ.
1767 3366 51 39 of
1843 3365 236 42 America.

165 3419 280 51 (31-19792)

84 3502 195 63 Estes,
313 3501 246 64 George.

159 3576 265 69 Railway
447 3577 315 69 employees
787 3577 197 53 united;
1041 3596 31 34 a
1098 3583 159 63 story
1283 3576 63 54 of
1370 3578 253 53 railroad
1647 3578 430 64 brotherhoods,

89 3652 1551 71 by Geo. Estes … Portland, Or., G. Estes [ ᶜ1 931]
158 3733 656 51 5 p. l., [13]-79 p. 20½ ᶜᵐ .
162 3790 291 47 “Primarily
482 3790 41 41 it
553 3791 43 40 is
628 3792 80 39 the
742 3790 188 47 history
963 3791 53 40 of
1046 3793 82 39 the
1160 3791 144 41 trials
1338 3793 95 39 and
1464 3792 242 47 triumphs
1740 3792 53 40 of
1826 3792 249 49 telegraph

89 3848 251 45 operators
371 3858 60 29 on
463 3848 81 39 the
578 3846 241 41 Southern
852 3846 176 41 Pacific
1061 3847 503 43 lines.”—Foreword.

89 3899 52 52 ©
168 3905 112 47 Apr.
309 3906 26 37 4,
437 3905 53 39 1931;
548 3904 67 41 2c.
644 3905 125 40 June
798 3906 80 40 15;
910 3905 80 40 aff.
1020 3906 126 39 June
1174 3906 83 47 10;
1288 3907 41 38 A
1357 3905 170 49 39650;
1560 3906 53 42 G.
1644 3908 155 47 Estes,
1830 3907 248 48 Portland,

157 3960 79 43 Or.
307 3961 278 50 (31-19787)
