2505 4370
1134 4028 133 49 1339

197 417 296 64 Brooklyn
524 418 345 52 conference
898 433 72 35 on
1001 416 164 52 adult
1197 415 329 56 education.

268 497 120 52 The
419 496 238 68 making
687 496 64 52 of
782 495 160 53 adult
974 495 187 53 minds
1194 493 57 53 in
1285 513 30 33 a
1347 495 405 66 metropolitan
1784 513 157 36 area:

199 494 1972 150 Brooklyn
338 575 329 53 conference
708 593 71 33 on
823 574 159 51 adult
1026 572 317 67 education,
1385 572 196 52 Frank
1623 574 275 67 Lorimer,
1939 574 256 52 research

199 653 261 52 director.
536 652 138 51 New
709 650 179 68 York,
922 652 119 51 The
1075 648 335 54 Macmillan
1441 668 297 50 company,
1776 654 148 49 1931.

270 730 660 50 xiv p., 1 l., 245 p. 20ᶜᵐ.
273 790 195 38 “Funds
494 788 79 39 for
602 787 197 46 making
827 788 82 39 the
937 788 144 46 study
1113 786 209 48 possible
1352 796 125 31 were
1506 787 220 48 supplied
1758 787 59 47 by
1849 788 81 39 the
1962 787 233 48 Carnegie

200 844 308 49 corporation
538 845 53 39 of
621 844 115 39 New
767 843 509 47 York.”—Foreword,
1308 854 43 36 p.
1384 844 80 40 vii.

203 912 51 52 ©
287 917 118 46 Aug.
437 916 69 45 25,
541 914 108 40 1931;
774 947 8 8 2c.
816 916 94 38 and
944 914 81 40 aff.
1059 915 119 46 Aug.
1211 913 83 47 26;
1330 914 40 38 A
1402 913 172 48 41224;
1612 914 280 41 Macmillan
1927 926 66 28 co.

281 971 277 49 (31-22997)

198 1067 322 63 Brückner,
550 1066 144 53 Karl
725 1066 203 53 Horst.

264 1142 400 69 Katalytische
701 1141 330 53 reaktionen
1070 1142 59 51 in
1168 1142 100 52 der
1305 1141 684 69 organisch-chemischen
198 1142 1970 133 industrie

434 1221 1761 68 … von dr.-ing. Horst Brückner … t. l. Dresden und
198 1299 257 69 Leipzig,
485 1301 63 51 T.
585 1298 341 70 Steinkopff,
958 1302 148 49 1930.

201 1379 1977 103 4 p. l., 171 p. illus., diagrs. 22 ᶜᵐ . ( Added t.-p.: Technische fortschrittsberichte,
199 1436 1972 104 fortschritte der ehern, technologie in enzeldarstellungen … bd. XXII)
265 1548 412 48 Bibliographical
705 1548 275 40 foot-notes.

203 1615 1991 52 © Feb. 10, 1930; 1c. Feb. 13,1931; A—Foreign 11402; Theodor Steinkopff.
281 1675 277 49 (31-21884)

199 1769 298 65 Brumley,
527 1770 183 54 Oscar
737 1769 223 55 Victor.

265 1848 55 52 A
355 1847 294 53 text-book
684 1846 65 54 of
782 1848 95 52 the
914 1845 241 55 diseases
1192 1846 65 53 of
1291 1847 96 53 the
1423 1848 165 51 small
1626 1848 270 53 domestic
1934 1848 259 68 animals,

195 1923 1973 149 by Oscar Victor Brumley … 2d ed., thoroughly rev. Philadelphia, Lea & Febiger, 1931.
267 2081 97 50 xxi,
395 2083 204 50 [17]-611
626 2094 43 38 p.
732 2083 115 40 21ᶜᵐ.

203 2149 52 53 ©
282 2155 119 46 Aug.
428 2153 68 48 24,
524 2153 111 41 1931;
750 2185 8 7 2c.
787 2155 120 46 Aug.
933 2154 82 41 26:
1046 2154 79 40 aff.
1156 2155 118 46 Aug.
1303 2152 81 48 29;
1415 2155 40 38 A
1482 2154 171 47 42044;
1685 2155 96 40 Lea
1808 2155 36 39 &
1872 2155 216 48 Febiger.

281 2211 279 48 (31-22882)

199 2304 262 66 Buchan,
493 2305 174 64 John,
700 2306 170 54 1875-

266 2380 1926 71 The blanket of the dark, by John Buchan … London, Hod-
197 2459 99 53 der
331 2460 113 52 and
481 2458 342 70 Stoughton,
860 2461 151 51 1931.

264 2539 86 41 314
379 2550 44 38 p.
483 2539 116 43 19ᶜᵐ.

265 2595 139 49 Maps
434 2607 60 29 on
523 2596 361 48 lining-papers.

205 2663 1993 55 © 1c. Aug. 28, 1931; A ad int. 15425; pubd. July 21; J. Buchan, Oxford,
274 2725 235 47 England.
578 2724 279 49 (31-23204)

204 2817 299 66 Calthrop,
533 2818 149 54 Dion
715 2819 267 66 Clayton,
1014 2822 171 54 1878-

269 2895 122 52 The
422 2896 269 53 lavender
724 2896 232 70 dagger,
988 2897 74 69 by
1096 2896 155 54 Dion
1288 2897 247 70 Clayton
1570 2896 298 71 Calthrop.
1936 2898 260 67 London,

197 2973 243 52 Hodder
469 2974 113 52 and
614 2972 342 71 Stoughton,
985 2974 223 54 limited
1264 2977 153 66 [1931]

265 3052 87 41 320
382 3063 43 38 p.
486 3053 115 41 19ᶜᵐ.

207 3119 1992 58 © 1c. Aug. 27, 1931; A ad int. 15424; pubd. July 2; D. C. Calthrop,
277 3181 211 40 London.
563 3182 277 46 (31-23349)

205 3276 357 63 Canavarro,
594 3276 184 53 Marie
813 3279 71 51 de
916 3278 56 55 S.

266 3349 120 54 The
424 3349 174 53 Aztec
637 3350 169 66 chief,
844 3351 73 69 by
953 3353 188 54 Marie
1177 3352 67 56 de
1284 3356 56 55 S.
1384 3354 342 55 Canavarro.
1803 3355 232 67 Boston,
2074 3354 121 55 The

199 3425 1154 74 Christopher publishing house [ ᶜ1 931]
267 3508 88 41 130
381 3520 45 37 p.
456 3508 107 42 incl.
594 3510 147 40 front.
801 3512 168 44 plates.
1030 3511 145 40 20½ᶜᵐ.

208 3575 51 52 ©
286 3580 120 46 Aug.
433 3579 68 47 20,
531 3578 138 46 1931;
698 3579 66 41 2c.
793 3583 95 38 and
916 3582 82 41 aff.
1026 3584 119 44 Aug.
1173 3583 25 38 29;
1287 3584 38 38 A
1351 3584 171 46 41324;
1555 3585 317 49 Christopber
1899 3586 109 48 pub.
2037 3585 163 41 house.

286 3636 278 48 (31-22804)

252 3740 169 64 Čapek,
451 3741 197 64 Karel,
680 3748 168 49 1890-

277 3826 120 53 The
434 3827 322 68 gardener’s
791 3848 152 48 year,
978 3831 74 68 by
1087 3830 179 53 Karel
1356 3833 172 65 Čapek;
1567 3832 322 56 illustrated
1927 3832 76 71 by
2038 3832 167 56 Josef

256 3898 1434 74 Č apek. London, G. Allen & Unwin ltd. [1931]
