2505 4370
1260 4070 101 51 134

406 485 1768 52 x p., 1 l., 140 p. front., illus. (incl. plans) XVIII pl. on 19 l. 24 ½ ᶜᵐ.
307 542 52 54 ©
391 546 122 50 Aug.
545 545 69 50 20,
648 544 118 43 1930;
822 544 68 43 2c.
924 546 96 40 and
1052 545 83 42 aff.
1168 544 112 42 Feb.
1313 545 41 50 2,
1388 543 141 51 1931;
1563 544 44 41 A
1635 544 174 50 33487;
1845 545 54 42 A.
1933 541 239 52 Hopkins,
2204 542 119 43 New

375 605 145 40 York.
592 603 253 50 (31-3600)

302 698 291 65 Hopkins,
625 698 249 55 Charles
903 699 227 56 Edwin.

373 774 171 70 Ohio,
579 775 97 54 the
709 775 289 54 beautiful
1034 777 115 53 and
1183 776 268 68 historic;
1487 776 98 53 the
1619 781 159 64 story
1812 774 66 55 of
1911 775 98 53 the
2045 774 183 54 “state
2259 772 66 55 of

304 852 374 70 presidents,”
720 854 153 53 from
914 855 96 53 the
1051 873 104 50 age
1194 854 67 53 of
1299 855 75 54 its
1415 854 344 69 prehistoric
1797 852 215 54 mound
2051 851 274 68 builders,

301 932 254 70 through
591 933 98 53 the
720 932 225 69 history
978 932 66 54 of
1075 933 75 54 its
1185 951 328 51 emergence
1547 932 154 53 from
1733 932 98 53 the
1862 932 97 53 old
1993 930 334 55 Northwest

301 1010 294 70 territory,
635 1017 60 47 to
735 1010 76 55 its
851 1017 228 62 present
1118 1016 184 48 status
1344 1030 60 34 as
1446 1029 31 35 a
1518 1011 251 69 wealthy
1809 1009 114 55 and
1964 1009 362 70 progressive

301 1093 148 49 state
484 1088 62 53 in
581 1088 98 55 the
713 1089 166 54 heart
916 1088 66 54 of
1016 1089 98 53 the
1149 1088 207 68 union;
1397 1088 141 54 with
1578 1094 266 49 accounts
1880 1088 66 54 of
1979 1089 99 53 the
302 1088 1999 133 adventures

483 1166 66 54 of
572 1167 76 54 its
676 1167 227 54 famous
928 1164 198 57 heroes;
1185 1166 382 70 descriptions
1594 1167 65 53 of
1684 1166 75 55 its
1785 1168 184 53 scenic
1995 1168 331 69 riverways,

300 1251 235 64 strange
574 1263 179 53 caves,
792 1246 263 68 spacious
1095 1246 194 68 parks,
1329 1246 114 53 and
1481 1244 239 55 historic
1758 1246 249 69 shrines;
2051 1245 116 54 and
302 1264 2001 130 surveys

466 1324 66 53 of
558 1324 99 54 the
685 1324 283 53 romantic
995 1324 227 70 growth
1254 1324 66 53 of
1347 1324 75 53 its
1451 1328 164 65 great
1643 1324 311 53 industrial
1985 1329 235 64 centers,
2251 1324 75 70 by

303 1402 240 57 Charles
586 1403 212 54 Edwin
841 1402 301 69 Hopkins;
1190 1402 143 53 with
1376 1408 113 48 two
1533 1403 154 52 color
1730 1403 203 68 plates,
1977 1402 350 71 forty-eight

303 1480 250 55 duotone
586 1482 185 68 plates
806 1481 114 52 and
956 1499 33 34 a
1023 1499 154 50 map,
1214 1480 155 53 from
1403 1480 252 70 original
1689 1481 293 70 drawings
2015 1481 79 71 by
2127 1482 91 56 W.
2254 1482 71 56 G.

302 1559 210 54 Adam.
588 1560 237 67 Boston,
852 1559 65 52 L.
948 1558 63 55 C.
1041 1559 158 69 Page
1227 1562 47 51 &
1299 1576 284 53 company
1617 1561 174 66 [1931]

373 1643 98 49 xvi,
507 1644 88 40 454
628 1654 44 38 p.
735 1642 88 41 col.
857 1642 165 48 front.,
1058 1642 131 41 illus.
1233 1641 270 49 (facsims.)
1545 1643 159 48 plates
1749 1643 48 48 (1
1832 1643 114 48 col.)
1989 1644 176 41 double
2198 1655 128 39 map.

303 1698 964 53 24½ ᶜᵐ. [“See America first” series]
375 1759 293 40 Illustrated
700 1757 369 49 lining-papers.

375 1815 355 49 Bibliography:
791 1825 44 38 p.
855 1814 222 42 445-447.

310 1870 52 53 ©
395 1874 111 41 Jan.
538 1873 70 47 24,
641 1871 142 48 1931;
817 1872 67 40 2c.
919 1872 111 40 Jan.
1062 1872 83 47 31;
1180 1870 84 42 aff.
1298 1871 111 41 Jan.
1441 1870 84 48 30;
1559 1871 43 40 A
1633 1871 173 50 33465;
1841 1873 52 42 L.
1928 1872 49 43 C.
2011 1874 130 49 Page
2174 1875 39 41 &
2242 1885 84 40 co.,

380 1932 92 41 inc.
544 1931 252 49 (31-3173)

304 2014 202 64 Howe,
535 2012 175 54 Mark
739 2012 248 64 Antony
1015 2012 87 53 De
1132 2009 211 67 Wolfe,
1375 2016 173 50 1864-

436 2087 1889 74 … Representative twentieth-century Americans, by M. A. De
301 2168 196 56 Wolfe
524 2169 198 52 Howe.
792 2166 270 69 Chicago,
1093 2165 310 55 American
1432 2165 221 74 library
1683 2167 357 69 association,
2074 2172 154 54 1930.

373 2249 1350 51 38 p. 18 ᶜᵐ. (Reading with a purpose. no. 63)
378 2308 191 41 “Books
606 2307 367 42 recommended
1009 2307 50 40 in
1097 2305 99 42 this
1231 2306 200 41 course”:
1498 2317 44 39 p.
1577 2307 57 41 36;
1701 2308 181 42 “Other
1917 2309 149 41 books
2104 2310 217 42 referred

306 2369 48 36 to
383 2366 50 40 in
462 2365 99 42 this
589 2364 200 42 course”:
847 2376 42 38 p.
918 2365 70 41 37.

311 2419 52 53 ©
396 2424 113 41 Dec.
540 2422 69 50 12,
643 2422 118 42 1930;
818 2423 68 41 2c.
920 2422 112 42 Feb.
1064 2422 39 49 5,
1136 2420 114 42 1931;
1315 2420 82 42 aff.
1431 2421 113 42 Feb.
1576 2423 26 40 3;
1665 2422 42 40 A
1737 2423 147 41 34154;
1946 2424 146 40 Amer.
2139 2424 188 49 library

377 2492 130 30 assn.
579 2480 282 50 (31-26384)

305 2562 239 65 Huddy,
574 2562 330 64 Xenophon
932 2562 238 55 Pearce.

375 2641 429 72 Encyclopedia
842 2642 64 52 of
943 2641 348 54 automobile
1325 2643 127 52 law.
1529 2642 122 53 The
1687 2642 110 53 law
1836 2643 63 52 of
1936 2643 392 69 automobiles,

303 2719 2024 72 by Xenophon P. Huddy … 9th ed. Revised, rearranged and
305 2800 273 70 enlarged
607 2800 76 70 by
713 2799 97 54 the
840 2797 341 71 publisher’s
1214 2797 269 56 editorial
1513 2798 135 56 staff.
1740 2802 109 51 vol.
1884 2803 116 50 3-4.
2076 2799 252 71 Albany,

305 2879 67 52 N.
403 2880 92 67 Y.,
521 2879 280 54 Matthew
830 2879 227 51 Bender
1085 2880 45 50 &
1156 2896 299 51 company,
1482 2879 127 66 inc.,
1640 2881 150 51 1931.

446 2958 325 50 xv, 396 p, 25 ᶜᵐ.
311 3012 52 53 ©
398 3017 111 42 Jan.
544 3018 38 46 7,
618 3015 140 49 1931;
795 3016 68 41 2c.
898 3017 96 39 and
1029 3016 83 41 aff.
1146 3016 112 42 Jan.
1294 3016 52 47 8;
1383 3016 42 40 A
1458 3015 173 50 32663;
1669 3017 239 41 Matthew
1943 3018 192 41 Bender
2171 3018 37 41 &
2241 3028 82 39 co.,

377 3074 92 42 inc.

304 3156 206 53 James
539 3155 160 53 river
730 3155 224 64 garden
988 3155 149 64 club,
1170 3156 342 54 Richmond.

372 3232 264 53 Historic
669 3232 246 69 gardens
952 3231 65 53 of
1048 3231 292 70 Virginia,
1377 3232 284 68 compiled
1696 3232 76 70 by
1805 3233 97 54 the
1937 3233 196 54 James
2169 3233 153 54 river

303 3308 2018 71 garden club, edited by Edith Tunis Sale … Richmond, Va.,
302 3388 124 53 The
452 3387 265 54 William
745 3388 162 66 Byrd
936 3406 177 49 press,
1143 3387 129 69 inc.,
1304 3390 152 50 1930.

373 3467 1158 50 xxiv, 376 p. col. front., plates, plans. 25 ᶜᵐ.
374 3524 289 41 Illustrated
696 3526 98 45 t.-p.

373 3580 237 41 “Revised
646 3580 229 41 edition.”

309 3633 54 52 ©
393 3638 113 40 Dec.
536 3639 55 38 12,
635 3637 142 46 1930;
809 3639 68 41 2c.
907 3638 110 40 Jan.
1048 3638 69 49 30,
1149 3637 142 48 1931;
1325 3638 82 42 aff.
1439 3639 108 40 Jan.
1580 3638 83 48 28;
1696 3639 42 40 A
1768 3639 172 49 34085;
1974 3640 170 42 James
2173 3641 148 40 River

377 3696 184 45 garden
593 3696 122 45 club,
756 3695 279 41 Richmond.
1101 3690 68 55 [©
1204 3695 213 40 revision
1450 3696 37 40 &
1518 3696 348 51 illustrations]

391 3752 252 48 (31-3306)

303 3832 199 62 Jones,
534 3833 216 53 Harrie
781 3834 212 54 Stuart
1022 3834 254 54 Vedder.

370 3907 1946 72 A Spenser handbook, by H. S. V. Jones … New York, F. S.
302 3983 200 59 Crofts
527 3987 46 52 &
598 4006 98 50 co.,
724 3991 152 52 1930.
