2505 4370
1363 4082 98 50 582

367 421 255 64 Hoover,
652 419 227 54 Donald
909 419 70 56 D.

438 498 272 69 “Copy!”
784 499 55 52 A
876 498 306 53 handbook
1221 498 96 52 for
1353 502 286 64 reporters
1679 498 112 53 and
1830 498 260 53 students
2128 497 64 52 of
366 497 1993 150 journalism,

366 575 1989 134 by Donald D. Hoover … with introduction by William
536 654 1821 75 L. Mapel … New York, Thomas Y. Crowell co. [ᶜ1931]
440 736 428 49 xi, 327 p. 22 ᶜᵐ .
441 794 352 48 Bibliography
811 806 9 28 :
853 805 43 38 p.
927 794 219 41 317-318.

377 847 53 53 ©
461 853 114 47 Apr.
606 852 68 47 15,
705 850 141 49 1931;
878 852 66 39 2c.
976 854 96 38 and
1104 865 82 29 aff.
1218 853 100 46 Apr
1364 853 82 46 17;
1480 853 36 38 A
1549 852 171 47 30520;
1755 853 212 39 Thomas
1999 853 52 38 Y.
2085 852 203 41 Crowell
2324 862 66 30 co.

456 907 252 50 (31-9929)

370 1003 397 65 Hubermont,
797 1003 222 65 Pierre,
1053 1010 172 49 1903-

505 1081 1709 70 … Treize hommes dans la mine. Paris, Valois, 1930.
446 1163 1321 49 221 p., 1 l. 19 ᶜᵐ . (Romans de la vie nouvelle)
379 1216 2017 54 © Nov. 7, 1930; 1c. Dec. 31; A— Foreign 10107; Société française
451 1279 231 41 d’edition
715 1282 47 38 et
793 1281 56 38 de
881 1280 235 48 librairie,
1189 1280 116 40 Paris.
1376 1279 254 50 (31-9741)

375 1375 159 64 Hull,
564 1374 184 54 Edith
776 1376 234 55 Maude.

447 1456 123 53 The
598 1454 117 71 city
744 1455 64 53 of
836 1460 201 49 stones.
1122 1456 366 67 [Instalment
1519 1460 29 49 6]

463 1534 78 47 (In
577 1532 136 45 Good
741 1533 315 43 needlework
1087 1534 279 51 magazine,
1399 1534 137 53 Apr.,
1570 1535 145 50 1931)

385 1589 1472 54 © 1c. May 18, 1931; A ad int. 15094; pubd. Mar. 20;
1890 1597 53 39 E.
1972 1597 63 40 M.
2065 1596 135 47 Hull,
455 1596 1928 103 Hazelwood,
640 1651 313 48 Derbyshire,
990 1653 236 47 England.

379 1749 243 54 Illinois.
698 1752 280 67 Supreme
1013 1758 175 46 court.

454 1829 248 68 Reports
738 1829 64 52 of
836 1848 151 34 cases
1022 1834 58 47 at
1115 1831 110 50 law
1263 1831 114 52 and
1411 1830 60 52 in
1505 1830 280 69 chancery
1819 1831 216 68 argued
2072 1832 115 52 and
381 1832 2000 129 determined

681 1906 1726 71 … v. 342. Containing cases in which opinions were
382 1985 134 55 filed
544 1988 60 52 in
630 1987 329 68 December,
989 1989 152 65 1930,
1168 1987 113 53 and
1310 1986 316 70 February,
1656 1990 152 66 1931,
1837 1988 113 53 and
1978 2005 152 36 cases
2156 1986 249 56 wherein

384 2065 333 69 rehearings
754 2083 145 35 were
936 2064 203 54 denied
1180 2070 58 47 at
1276 2065 95 53 the
1407 2065 299 70 February
1742 2070 164 66 term,
1946 2069 151 50 1931.
2176 2065 231 56 Samuel

383 2144 250 69 Pashley
665 2143 200 69 Irwin,
894 2148 259 64 reporter
1182 2143 64 53 of
1276 2143 293 54 decisions.
1648 2144 430 70 Bloomington,
2108 2145 114 70 Ill.,
2255 2148 151 50 1931.

458 2223 600 52 ix, [11]-706 p. 22½ ᶜᵐ .
393 2278 53 52 ©
489 2284 115 46 May
644 2282 69 48 21,
757 2281 140 46 1931;
941 2282 67 40 2c.
1052 2283 95 38 and
1191 2282 82 42 aff.
1318 2283 113 47 May
1475 2282 82 46 25;
1603 2283 40 39 A
1685 2282 172 48 38403;
1908 2283 194 41 Samuel
2147 2285 49 38 P.
2244 2284 163 47 Irwin,

461 2340 356 48 Bloomington,
847 2341 75 39 Ill.

387 2435 213 65 Kenly,
631 2434 154 54 Julie
818 2434 262 56 Closson.

456 2511 122 53 The
613 2510 358 70 astonishing
1004 2518 117 62 ant,
1154 2511 74 70 by
1264 2511 158 55 Julie
1457 2511 233 56 Closson
1726 2511 209 70 Kenly,
1971 2512 325 55 illustrated
2333 2511 73 70 by

386 2590 203 70 Henry
622 2589 60 55 C.
719 2589 208 69 Kenly.
998 2588 138 56 New
1172 2589 181 69 York,
1385 2589 259 68 London,
1679 2589 68 54 D.
1789 2590 291 68 Appleton
2115 2590 112 54 and
386 2607 1996 131 company,
591 2670 152 53 1931.

460 2747 1176 51 xii p., 2 l., 250, [1] p. front., illus. 20½ ᶜᵐ .
460 2808 42 40 A
529 2807 124 41 book
681 2806 79 41 for
788 2806 236 41 children.

398 2866 53 52 ©
481 2870 112 47 Apr.
622 2867 55 40 10,
779 2868 48 40 1931
852 2879 9 35 ;
891 2867 67 40 2c.
988 2868 95 38 and
1114 2866 82 41 aff.
1224 2866 115 48 Apr.
1369 2867 55 39 13
1443 2877 8 35 ;
1482 2866 41 39 A
1552 2865 145 41 36469
1715 2877 8 35 ;
1756 2866 57 40 D.
1843 2866 241 49 Appleton
2114 2871 35 41 &
2178 2877 67 30 co.

479 2924 254 52 (31-9958)

394 3022 308 63 Kennedy,
732 3022 175 61 Mary
934 3020 70 55 A.

527 3095 1884 71 … How the United States became a united nation, by Mary
391 3174 1997 149 A. Kennedy … New York, Chicago, Charles E. Merrill company [ ᶜ1 930]
467 3332 1945 51 vii, 224 p. col. front. (port.) illus. (incl. maps) 19 ᶜᵐ . (The city
395 3392 193 46 history
619 3391 176 49 series)

468 3448 191 41 “Books
685 3448 81 40 for
791 3449 141 39 extra
963 3447 229 48 reading”
1221 3448 53 40 at
1303 3448 92 39 end
1424 3447 53 40 of
1503 3448 120 39 each
1650 3447 215 47 chapter.

405 3502 53 53 ©
496 3506 101 41 Oct.
634 3507 69 47 18,
740 3505 141 44 1930;
918 3506 66 41 2c.
1020 3507 116 46 Apr.
1174 3507 17 37 1,
1250 3505 142 42 1931;
1432 3505 81 42 aff.
1553 3507 121 39 Mar.
1711 3506 82 46 31;
1834 3505 40 39 A
1911 3505 115 41 35546
2074 3516 8 32 ;
2125 3505 202 42 Charles
2365 3506 51 38 E.

475 3565 188 39 Merrill
703 3574 66 30 co.
842 3562 251 49 (31-8307)

400 3644 320 64 Kentucky
754 3646 205 69 digest,
992 3645 271 70 covering
1296 3647 78 52 all
1409 3663 151 36 cases
1596 3646 265 67 reported
1898 3644 61 54 in
1992 3644 309 69 Kentucky
474 3661 1923 130 reports,

685 3725 306 69 Kentucky
1026 3725 109 51 law
1168 3729 276 63 reporter,
1478 3722 308 70 Kentucky
1819 3722 265 69 opinions
2118 3724 113 53 and
473 3721 1922 152 Kentucky

676 3798 1739 71 decisions in South western reporter … Compiled and
475 3877 1941 74 edited by the publisher’s editorial staff. v. 9, 10 … St.
475 3958 1281 70 Paul, Minn., West publishing co. [ ᶜ1 931 ]
