2428 4370
1030 4067 132 50 1509

103 496 130 34 man
273 477 110 51 and
423 476 171 68 Mary
629 476 90 52 W.
758 474 174 52 Mills.
1009 474 137 51 Rev.
1186 473 112 52 and
1337 473 105 51 enl.
1518 474 138 52 New
1697 472 179 67 York,
1916 473 181 54 Noble

102 554 113 54 and
242 553 180 55 Noble
456 555 192 66 [1931]

174 635 272 48 106 p. 18 ᶜᵐ.
178 691 224 40 Lettered
430 701 60 29 on
514 699 138 31 cover:
707 688 114 41 1200
845 692 250 37 sentences
1120 688 79 40 for
1225 688 126 39 class
1379 689 160 47 study.

111 746 51 51 ©
199 750 127 39 June
357 748 69 46 30,
463 746 139 46 1931;
639 746 67 41 2c.
745 747 126 46 Sept.
907 746 81 42 18;
1027 745 82 41 aff.
1146 746 101 39 Oct.
1283 747 51 44 7;
1372 746 42 38 A
1447 744 171 48 41699;
1659 747 60 38 M.
1758 747 52 40 B.
1846 747 253 47 Rossman,

181 806 66 40 St.
275 805 160 40 Louis,
463 805 96 38 and
588 804 139 46 Mary
818 835 7 7 W.
856 802 145 41 Mills.
1031 802 222 40 Webster
1281 802 196 47 Groves,
1508 803 91 38 Mo.

187 860 278 49 (31-24518)

108 953 248 63 Russell,
384 953 295 52 Bertrand
709 952 248 65 Russell,
984 956 75 51 3d
1085 955 137 67 earl,
1248 956 170 51 1872-

174 1031 119 52 The
337 1029 272 54 scientific
656 1029 249 67 outlook,
950 1029 75 68 by
1072 1028 288 52 Bertrand
1409 1028 241 53 Russell.
1735 1028 137 52 New
1925 1028 177 53 York.

106 1106 1188 69 W. W. Norton & company, inc. [ ᶜ1 931]
263 1186 526 49 x p. , 1 l. , 13-277 p. 22 ᶜᵐ.
174 1244 162 40 “First
365 1243 228 41 edition.”

113 1298 52 51 ©
209 1302 125 47 Sept.
377 1303 68 42 17,
488 1301 139 46 1931;
671 1301 65 40 2c.
781 1302 126 47 Sept.
949 1301 55 39 21;
1077 1301 80 39 aff.
1204 1301 125 48 Sept.
1374 1300 59 40 19;
1500 1303 40 37 A
1580 1301 172 47 42494;
1797 1303 53 40 B.
1895 1302 206 48 Russell,

178 1358 225 48 Harting,
435 1359 294 47 Petersiield,
762 1359 236 47 England.
1068 1358 279 47 (31-25032)

107 1452 195 63 Sacco,
333 1450 224 66 Nicola,
591 1456 324 67 1891-1927,
943 1455 330 67 defendant.

173 1527 1930 70 The Sacco-Vanzetti case, by Osmond K. Fraenkel … New
106 1604 177 69 York,
307 1606 71 52 A.
405 1605 71 53 A.
505 1605 224 69 Knopf,
758 1609 148 50 1931.

242 1687 1863 52 xv, 550, xv, [1] p. front., ports., maps (2 fold.) 24½ ᶜᵐ. [American
107 1744 153 48 trials,
289 1745 172 42 editor.
491 1745 46 41 S.
564 1747 172 47 Klaus]

177 1801 72 41 On
277 1802 137 47 April
444 1802 68 46 15,
543 1802 128 47 1920,
701 1802 262 40 Frederick
990 1803 172 39 Albert
1192 1803 299 46 Parmenter,
1523 1804 294 47 paymaster,
1848 1804 96 39 and
105 1803 1982 95 Alessandro

319 1859 286 47 Berardelli,
641 1860 187 46 payroll
863 1860 169 47 guard,
1069 1869 125 29 were
1227 1859 120 39 fired
1383 1869 125 37 upon
1545 1860 96 38 and
1676 1859 149 40 killed
1861 1862 52 38 at
1952 1861 154 40 South

106 1915 270 47 Braintree,
409 1916 400 40 Massachusetts.
869 1914 169 41 Nicola
1073 1915 146 40 Sacco
1252 1915 95 40 and
1380 1916 310 39 Bartolomeo
1722 1916 225 40 Vanzetti
1978 1927 129 30 were

105 1971 208 48 charged
346 1982 59 29 on
439 1973 113 45 May
583 1972 39 42 5,
655 1971 127 42 1920.
816 1972 119 39 with
969 1972 82 39 the
1083 1971 148 40 crime
1265 1971 52 40 of
1348 1972 82 39 the
1462 1972 236 47 murders,
1734 1982 125 30 were
1892 1972 212 41 indicted

105 2038 59 30 on
196 2028 279 48 September
505 2029 69 46 14,
606 2027 128 48 1920,
766 2029 95 38 and
893 2030 87 45 put
1010 2038 59 30 on
1103 2027 116 40 trial
1251 2028 128 39 from
1413 2029 113 46 May
1557 2028 55 40 31
1646 2030 48 38 to
1726 2029 117 47 July
1874 2030 69 44 14,
1976 2029 129 48 1921,

105 2085 51 39 in
182 2085 82 39 the
293 2084 229 48 Superior
550 2088 139 36 court
716 2088 52 36 at
796 2084 235 46 Dedham,
1061 2084 208 40 Norfolk
1295 2087 192 44 county,
1517 2085 401 47 Massachusetts,
1948 2085 158 48 Judge

105 2141 220 40 Webster
357 2141 193 47 Thayer
581 2140 260 48 presiding.
903 2140 40 39 A
977 2140 186 40 verdict
1196 2140 51 40 of
1280 2140 156 48 guilty
1469 2151 100 29 was
1603 2141 248 47 rendered,
1886 2142 85 39 but
107 2152 1981 92 sentence

265 2208 101 29 was
392 2201 83 36 not
500 2198 306 46 pronounced
832 2197 124 40 until
982 2197 138 47 April
1144 2196 38 48 9,
1210 2197 128 40 1927.

111 2251 51 52 ©
186 2256 118 47 Aug.
329 2255 68 47 28,
421 2254 112 40 1931;
586 2254 66 40 2c.
678 2255 118 46 Aug.
820 2253 54 40 31;
930 2253 82 41 aff.
1039 2253 127 48 Sept.
1191 2253 53 47 2;
1271 2254 41 38 A
1334 2253 145 40 41385;
1533 2253 173 41 Alfred
1730 2254 53 40 A.
1810 2253 178 48 Knopf,
2013 2254 92 40 inc.

190 2311 278 48 (31-25253)

109 2405 221 66 Sadler,
359 2404 255 56 William
644 2404 253 64 Samuel,
930 2405 169 54 1875-

173 2482 261 68 Piloting
469 2482 235 52 modern
738 2481 207 69 youth;
984 2500 30 33 a
1052 2480 171 70 guide
1265 2480 91 53 for
1395 2487 249 62 parents,
1683 2482 270 67 teachers,
1991 2483 112 52 and

104 2558 1997 70 others dealing with adolescents, by William S. Sadler … with
104 2635 1999 71 the collaboration of Lena K. Sadler … introduction by M. V.
106 2713 1973 148 O’Shea … New York and London, Funk & Wagnalls company, 1931.
173 2875 95 43 xiv,
297 2873 87 41 370
412 2884 42 38 p.
515 2873 55 42 23½ᶜᵐ.

173 2930 346 48 Bibliography:
580 2941 41 37 p.
655 2930 216 41 349-354.

113 2984 50 52 ©
197 2989 125 47 Sept.
353 2990 52 37 11,
452 2989 140 46 1931;
624 2989 67 41 2c.
723 2991 95 38 and
848 2989 80 40 aff.
964 2990 126 47 Sept.
1123 2991 54 38 17;
1238 2990 40 38 A
1308 2990 148 39 42378;
1515 2990 140 39 Funk
1687 2990 36 40 &
1752 2990 252 48 Wagnalls
2035 3002 66 29 co.

190 3045 277 49 (31-24761)

110 3138 250 65 Sanctis,
393 3141 325 52 Francesco
749 3141 87 62 de,
871 3146 324 49 1818-1883.

181 3217 244 68 History
448 3217 64 52 of
533 3218 217 52 Italian
774 3218 313 67 literature,
1108 3218 76 68 by
1208 3218 313 53 Francesco
1547 3218 67 53 de
1642 3217 255 68 Sanctis;
112 3228 1971 119 translated

298 3294 1805 69 by Joan Redfern … New York, Harcourt, Brace and
108 3376 488 65 company [ ᶜ1 931]
177 3453 210 41 2 v. 22½ ᶜᵐ.
178 3511 160 47 Paged
369 3512 352 48 continuously.

182 3568 1457 42 “Translated … from the edition of Benedetto Croce.”
184 3624 160 41 “First
375 3625 225 41 edition.”

113 3675 50 52 ©
199 3681 125 47 Sept.
356 3683 39 45 3,
428 3681 110 40 1931;
600 3682 66 41 2c.
699 3683 115 39 each
848 3684 96 38 and
976 3682 107 41 affs.
1120 3683 126 47 Sept.
1280 3683 25 40 8;
1367 3683 40 38 A
1439 3682 157 46 41482,
1630 3683 143 39 41483;
1837 3684 261 47 Harcourt,

179 3737 153 40 Brace
358 3737 35 40 &
418 3748 81 38 co.,
526 3738 90 41 inc.
687 3739 278 48 (31-24165)

108 3828 155 64 Savi,
293 3829 175 54 Ethel
496 3831 310 64 Winifred,
840 3838 170 49 1865-

174 3906 72 53 In
275 3907 377 70 desperation,
679 3910 75 69 by
785 3912 66 51 E.
882 3911 88 52 W.
1005 3907 153 58 Savi.
1233 3909 258 53 London.
1524 3910 185 53 Hurst
1738 3914 45 49 &
1813 3910 281 54 Blackett,

104 3980 101 57 ltd.
247 3988 170 66 [1931]
