2505 4370
1105 4031 70 47 99

142 397 222 51 Boston
395 391 426 56 architectural
852 390 150 56 club.

214 465 1937 77 The year book … [for 1930] containing examples of metal
144 551 170 55 work.
391 552 236 67 Boston,
654 549 172 54 Mass.
863 547 257 69 [Beckler
1150 564 174 52 press]
1363 548 150 51 1930.

214 630 460 50 159 p, illus. 35 ᶜᵐ.
148 698 51 53 ©
226 703 109 40 Jan.
360 702 69 46 15,
455 700 142 48 1931;
624 699 68 42 2c.
717 700 111 41 Jan.
852 699 83 46 27;
963 697 82 41 aff.
1072 698 111 41 Jan.
1208 697 83 47 28;
1320 696 41 39 A
1386 696 172 47 33378;
1587 696 186 40 Boston
1797 694 352 41 architectural

214 759 121 48 club,
370 759 199 40 Boston.

141 855 235 64 Bowen,
403 854 224 53 Robert
657 853 238 64 Sidney,
927 858 170 50 1900-

209 924 1873 75 Flying from the ground up, by R. Sidney Bowen, jr. …
140 1007 137 54 New
327 1006 179 70 York,
551 1005 339 71 Whittlesey
938 1006 187 68 house,
1172 1002 440 56 McGraw-Hill
1658 1002 146 53 book
1850 1019 295 51 company,

135 1086 125 65 inc.,
299 1087 151 52 1931.

209 1164 893 53 vi, 234 p. illus. 19½ ᶜᵐ. $2.00
211 1238 163 42 “First
405 1236 226 44 edition.”

212 1295 129 40 “The
374 1296 106 40 text
510 1295 53 40 of
593 1294 99 41 this
727 1294 121 40 book
881 1294 89 40 has
1002 1295 242 46 appeared
1277 1292 199 51 serially
1510 1293 48 38 in
1595 1294 82 39 the
1708 1302 148 39 pages
1889 1292 52 41 of
1974 1292 173 50 Flying

137 1362 111 31 aces
289 1350 629 50 magazine.”—Foreword.

147 1419 2000 53 © Jan. 7, 1931; 2c. Jan. 9; aff. Jan. 10; A 32752; McGraw-Hill book co.,
217 1480 89 42 inc.
378 1480 251 49 (31-3191)

141 1575 233 65 Brown,
401 1575 222 64 Joseph
653 1574 242 65 Clifton,
928 1576 171 54 1879-

208 1650 128 53 Fun
361 1649 142 54 with
527 1650 280 69 numbers,
832 1650 76 72 by
932 1650 215 69 Joseph
1176 1650 60 55 C.
1267 1649 229 68 Brown,
1521 1649 185 52 Helen
1735 1648 156 55 Cook
1915 1648 229 69 Mirick,

137 1728 55 55 J.
219 1729 278 53 Freeman
527 1728 131 70 Guy
687 1728 113 53 and
827 1728 204 54 Albert
1062 1728 61 55 C.
1154 1728 319 69 Eldredge;
1503 1727 378 54 illustrations
1911 1727 74 70 by
2015 1727 126 52 Nell

137 1806 67 54 E.
242 1806 211 54 Hukle.
527 1807 313 68 Evanston,
881 1805 112 68 Ill.,
1031 1806 136 54 New
1208 1806 163 52 York
1413 1813 138 62 [etc.]
1596 1804 159 70 Row,
1794 1807 272 52 Peterson
2105 1808 40 49 &

135 1902 278 53 company
455 1888 194 66 [ᶜ1931]

209 1968 1068 49 vi p., 1 l., 152 p. illus. (part col.) 19½ ᶜᵐ.
208 2039 163 42 “First
404 2038 259 50 printing.”

147 2106 51 53 ©
231 2111 109 40 Jan.
371 2110 39 49 5,
442 2110 142 47 1931;
616 2109 68 42 2c.
716 2111 96 39 and
842 2109 83 42 aff.
957 2111 110 39 Jan.
1099 2108 83 49 19;
1215 2110 42 39 A
1288 2108 172 49 32863;
1494 2110 133 49 Row,
1661 2110 234 41 Peterson
1926 2111 37 40 &
1993 2121 69 31 co.

224 2166 252 50 (31-3314)

144 2262 313 64 Cendrars,
490 2261 215 57 Blaise.

208 2337 285 68 Panama;
529 2355 80 51 or,
643 2339 122 52 The
801 2339 339 56 adventures
1175 2339 63 53 of
1273 2357 95 53 my
1405 2356 162 36 seven
1603 2339 208 70 uncles,
1844 2339 75 69 by
1954 2337 193 56 Blaise

140 2415 302 69 Cendrars,
473 2417 316 54 translated
820 2415 151 54 from
1000 2417 96 52 the
1126 2418 224 52 French
1382 2419 113 52 and
1527 2416 325 55 illustrated
1882 2416 75 70 by
1990 2416 157 54 John

139 2493 117 54 Dos
284 2493 217 55 Passos.
569 2494 137 53 New
737 2494 162 53 York
927 2494 113 53 and
1068 2493 258 70 London,
1355 2494 232 68 Harper
1614 2496 45 50 &
1687 2494 276 67 brothers,
1995 2497 150 48 1931.

210 2572 1094 50 ix, 156 p., 1 l. col. front., col. illus. 24½ᶜᵐ.
213 2630 163 42 “First
407 2630 229 42 edition.”

148 2700 51 53 ©
228 2706 109 40 Jan.
365 2704 70 49 21,
463 2704 142 48 1931;
635 2704 68 42 2c.
732 2706 109 39 Jan.
870 2704 83 47 22;
984 2703 83 42 aff.
1096 2705 111 41 Jan.
1234 2703 84 48 23;
1349 2703 42 41 A
1417 2702 173 49 33296;
1621 2704 196 48 Harper
1845 2703 37 42 &
1909 2703 126 41 bros.

224 2760 252 51 (31-3274)

143 2854 246 68 Cherry,
418 2857 203 54 James
650 2857 240 65 Joseph,
922 2863 172 50 1884-

210 2932 168 55 Cases
410 2951 72 33 on
515 2932 365 70 partnership
917 2933 112 53 and
1063 2933 160 53 other
1259 2932 478 69 unincorporated
1773 2932 252 53 business

138 2951 1982 126 associations,
497 3010 298 69 including
836 3010 222 54 limited
1104 3010 384 69 partnership,
1531 3010 148 69 joint
1725 3010 156 53 stock

138 3028 1985 127 companies,
311 3086 340 72 defectively
690 3089 304 67 organized
1032 3088 405 68 corporations,
1477 3107 254 34 common

1768 3089 128 65 law,
139 3091 1983 127 Massachusetts
420 3184 63 33 or
516 3165 252 54 business
803 3172 193 64 trusts,
1032 3166 112 52 and
1178 3166 148 69 joint
1363 3166 354 67 adventures,
1752 3167 74 70 by
1860 3167 194 54 James
2091 3167 54 54 J.

141 3242 1660 72 Cherry … Chicago, Callaghan and company, 1931.
209 3326 1286 51 xvi, 704 p. 26 ᶜᵐ. (National case book series)
211 3381 135 42 “List
374 3383 53 40 of
452 3384 95 40 law
574 3383 176 41 review
779 3383 224 42 articles”:
1062 3394 43 38 p.
1139 3384 162 41 vii-xi.

149 3448 51 52 ©
233 3454 111 39 Jan.
374 3452 70 49 23,
477 3452 114 41 1931;
652 3453 67 41 2c.
752 3454 98 40 and
881 3454 82 41 aff.
997 3455 110 41 Jan.
1139 3454 70 48 27,
1243 3453 115 41 1931;
1421 3455 41 39 A
1494 3454 147 42 34027;
1704 3454 270 50 Callaghan
2008 3454 37 41 &
2077 3466 67 30 co.

225 3509 250 48 (31-3410)

145 3604 193 64 Clark,
371 3605 234 54 Gordon
635 3606 269 62 Haddon,
936 3608 83 53 ed.

216 3681 1931 71 Readings in ethics, edited by Gordon H. Clark … and T. V .
149 3757 1492 72 Smith … New York, F. S. Crofts & co., 1931.
248 3872 9 17 x,
286 3840 85 41 401
400 3851 45 38 p.
504 3840 56 39 22½ᶜᵐ.

150 3906 51 53 ©
233 3913 111 40 Jan.
375 3912 39 48 6,
447 3912 113 40 1931;
620 3912 66 41 2c.
721 3915 94 39 and
848 3913 83 42 aff.
963 3914 110 41 Jan.
1105 3915 56 40 31;
1223 3915 42 39 A
1295 3915 146 40 34077;
1503 3915 52 41 F.
1591 3915 44 42 S.
1670 3915 166 41 Crofts
1869 3915 37 41 &
1936 3926 82 36 co.,
2051 3916 92 41 inc.

227 3967 251 53 (31-3388)
