2505 4370
1002 3966 133 55 1127

162 441 400 47 xiv, 272 p. 19 ᶜᵐ.
163 511 324 47 Experiences
530 512 51 39 of
624 522 26 29 a
695 512 174 40 skilled
912 512 250 39 workman
1202 513 109 39 who
1354 513 219 39 traveled
1616 521 114 31 over
1773 513 222 47 England
2039 511 53 40 in

93 571 170 38 search
289 568 52 40 of
367 569 338 47 employment.

98 635 1976 109 © 1c. June 9, 1931; A ad int. 15168; pubd. Apr. 10; T. B. Horsley, Newcastle-upon-Tyne,
666 696 235 48 England.
972 695 281 49 (31-19254)

91 791 236 64 Huddy,
357 790 324 64 Xenophon
709 791 235 54 Pearce.

163 869 420 68 Encyclopedia
626 869 63 52 of
728 869 342 53 automobile
1108 871 124 49 law.
1309 870 121 52 The
1469 870 110 50 law
1619 870 63 52 of
1721 869 371 53 automobiles

91 945 1999 70 by Xenophon P. Huddy … 9th ed., revised, rearranged and
91 1025 286 67 enlarged,
401 1025 75 67 by
500 1024 95 52 the
620 1023 337 68 publisher’s
984 1023 264 53 editorial
1275 1022 134 55 staff.
1500 1042 48 33 v.
1581 1027 185 49 13-14.
1840 1024 251 70 Albany,

151 1144 10 10 N.
190 1102 89 66 Y.,
306 1101 278 53 Matthew
611 1101 225 52 Bender
862 1103 45 49 &
932 1118 297 50 company,
1257 1101 417 69 incorporated,
1703 1105 150 49 1931.

161 1181 275 48 567 p. 25 ᶜᵐ.
94 1249 51 52 ©
171 1253 120 47 Aug.
318 1252 68 48 12,
413 1251 113 41 1931;
582 1251 65 40 2c.
676 1252 119 47 Aug.
822 1252 55 38 14;
933 1251 82 41 aff.
1042 1252 119 47 Aug.
1188 1252 54 39 13;
1301 1252 41 38 A
1368 1251 144 40 40752;
1571 1252 236 39 Matthew
1836 1253 188 38 Bender
2053 1253 37 40 &

164 1321 82 36 co.,
274 1309 91 41 inc.

88 1404 155 65 Hull,
270 1406 138 53 Mrs.
441 1402 182 54 Edith
652 1403 233 55 Maude.

160 1480 1926 71 The captive of the Sahara, by E. M. Hull … New York,
87 1561 188 68 Dodd,
306 1561 173 52 Mead
510 1561 50 50 &
592 1577 297 52 company,
921 1562 151 49 1931.

151 1639 465 49 3 p. l. , 308 p. 19 ½ ᶜᵐ.
91 1708 52 53 ©
173 1713 115 47 July
314 1712 69 47 24,
413 1709 113 42 1931;
584 1711 68 39 2c.
681 1711 115 47 July
825 1711 59 40 28;
939 1708 81 42 aff.
1050 1709 115 49 July
1194 1708 60 41 29;
1307 1711 41 38 A
1377 1708 147 43 39726;
1580 1711 155 47 Dodd,
1766 1712 141 39 Mead
1937 1711 37 41 &
2003 1720 82 41 co.,

158 1769 90 41 inc.
319 1768 280 49 (31-19567)

85 1864 185 64 Hunt,
296 1862 293 54 Rockwell
614 1861 243 66 Dennis,
888 1866 172 51 1868-

162 1941 123 51 The
320 1939 125 53 first
482 1937 410 69 half-century,
930 1938 77 68 by
1042 1937 292 53 Rockwell
1373 1938 71 52 D.
1483 1937 185 68 Hunt,
1796 1981 9 9 PH.
1885 1982 8 8 D.
1971 1939 111 53 Los

91 2017 265 69 Angeles,
396 2015 195 69 Calif.,
630 2016 339 68 University
1007 2015 63 52 of
1111 2014 287 55 Southern
1439 2014 343 68 California,
1824 2019 150 50 1930.

226 2095 1852 51 xv, 109 p. illus. (incl. ports.) 25 ᶜᵐ. [Semicentennial publication
88 2154 128 40 from
244 2155 81 40 the
355 2153 283 48 University
668 2153 53 40 of
752 2153 241 41 Southern
1024 2152 275 41 California
1328 2163 152 39 press]

149 2224 69 39 “A
256 2225 239 40 memento
537 2223 53 40 of
630 2225 81 39 the
753 2222 396 41 semicentennial
1193 2222 52 40 of
1287 2223 82 41 the
1413 2221 283 47 University
1740 2222 52 40 of
1837 2221 242 43 Southern

89 2279 421 42 California.”—A
542 2280 256 43 foreword.

89 2348 51 52 ©
166 2353 126 40 June
315 2352 69 48 10,
410 2352 141 47 1930;
578 2352 66 39 2c.
671 2352 125 39 June
820 2352 70 45 24,
916 2350 112 41 1931;
1084 2350 82 42 aff.
1193 2351 126 40 June
1344 2350 55 39 22;
1455 2350 41 39 A
1521 2350 144 41 40083;
1723 2351 281 47 University
2033 2351 50 40 of

162 2409 240 41 Southern
430 2409 286 41 California.
788 2407 277 49 (31-19394)

84 2502 251 66 Huxley,
362 2502 225 54 Aldous
613 2503 288 63 Leonard,
931 2507 169 50 1894-

147 2580 119 51 The
303 2578 221 54 cicadas
558 2578 113 54 and
705 2579 160 53 other
896 2596 208 52 poems,
1137 2578 74 69 by
1243 2578 223 53 Aldous
1499 2577 248 69 Huxley.
1821 2577 256 70 London,

79 2656 208 55 Chatto
322 2660 50 50 &
407 2655 262 70 Windus,
705 2658 150 50 1931.

148 2735 560 50 3 p. l. , 63, [1] p. 20½ᶜᵐ.
87 2806 1992 53 © 1c. July 1, 1931; A ad int. 15266; pubd. May 7; A. Huxley, London.
164 2868 279 49 (31-19441)

82 2962 283 54 Institute
393 2963 97 52 for
519 2961 154 55 child
701 2963 307 63 guidance,
1034 2964 140 53 New
1205 2963 178 53 York.

210 3036 1865 70 … Selected reprints, edited by Lawson G. Lowrey, M. D.
79 3116 138 52 New
246 3115 179 68 York,
454 3116 121 52 The
603 3115 486 55 Commonwealth
1120 3113 165 68 fund,
1318 3117 151 50 1931.

148 3196 1836 50 viii, 290 p. diagrs. 24½ ᶜᵐ. (Institute for child guidance studies)
150 3271 132 38 Each
310 3272 112 45 part
451 3270 233 47 preceded
714 3269 59 47 by
801 3269 101 39 leaf
930 3268 120 39 with
1078 3268 238 39 half-title
1345 3270 83 37 not
1458 3268 225 39 included
1711 3267 50 39 in
1789 3268 82 39 the
1900 3269 176 46 paging

87 3326 52 48 (4
164 3326 187 49 leaves)

151 3383 210 47 “Papers
394 3382 61 47 by
488 3382 235 39 members
756 3380 51 41 of
842 3382 82 39 the
957 3380 234 41 Institute
1224 3380 121 40 staff
1374 3379 160 40 which
1566 3380 124 40 have
1723 3380 201 47 already
1957 3381 118 38 been

78 3438 254 49 published
360 3438 49 39 in
439 3438 233 40 scientific
703 3439 96 38 and
830 3437 138 40 other
998 3436 603 48 journals.”—Foreword.

149 3495 350 48 Bibliography
525 3496 50 37 at
604 3495 91 39 end
723 3494 50 39 of
801 3504 129 29 some
956 3493 51 40 of
1034 3495 82 38 the
1143 3503 190 38 papers.

151 3551 236 41 “Articles
429 3551 60 47 by
529 3552 236 38 members
805 3550 52 40 of
897 3550 82 39 the
1022 3548 118 41 staff
1179 3551 86 38 not
1304 3548 248 48 reprinted
1593 3547 52 40 in
1685 3547 100 41 this
1825 3546 219 42 volume”:

78 3620 42 37 p.
151 3607 247 52 [289]-290.

426 3677 428 41 CONTENTS.—Contributions
893 3676 50 39 in
985 3677 81 38 the
1109 3674 151 41 social
1301 3673 558 42 field.—Contributions
1899 3673 52 40 in
1991 3674 83 40 the

80 3736 203 40 medical
321 3733 557 42 field.—Contributions
915 3732 51 39 in
1004 3733 81 38 the
1123 3730 357 49 psychological
1518 3729 556 42 field.—Contributions

78 3793 50 39 in
153 3794 82 38 the
261 3791 128 41 child
418 3790 216 48 training
657 3790 126 39 field.

87 3859 51 52 ©
175 3863 115 48 July
326 3863 68 45 15,
432 3860 139 47 1931;
609 3860 67 39 2c.
714 3860 114 46 July
864 3860 82 40 17;
984 3859 81 40 aff.
1103 3859 116 46 July
1256 3858 82 47 16;
1377 3857 41 39 A
1453 3857 171 48 40396;
1665 3855 411 43 Commonwealth

152 3920 135 40 fund.
359 3917 280 50 (31-19400)
