2505 4370
1236 4027 96 54 274

360 439 288 41 “Delivered
686 449 59 31 on
782 439 83 40 the
901 438 186 50 Bishop
1124 439 230 40 Paddock
1391 438 293 41 foundation
1723 442 51 36 at
1812 439 81 41 the
1931 439 206 40 General
288 440 2003 100 theological

494 495 248 48 seminary
771 495 50 40 in
850 496 118 39 New
996 495 132 41 York
1157 494 340 50 city.”—Pref.

292 550 52 53 ©
374 554 113 41 Feb.
515 553 69 44 24,
615 553 114 42 1931;
787 552 66 42 2c.
885 554 94 40 and
1010 553 81 41 aff.
1123 553 111 41 Feb.
1264 552 84 48 25;
1379 553 41 40 A
1447 551 173 49 34519;
1653 552 284 43 Macmillan
1967 562 68 32 co.

371 612 253 48 (31-6063)

285 708 186 54 Bible.
549 709 264 69 English.
892 708 327 54 Selections.
1300 712 152 49 1931.

353 785 123 52 The
508 785 243 68 pastor’s
780 784 203 69 pocket
1013 783 195 56 Bible:
1243 784 238 54 selected
1513 784 299 69 scripture,
1843 786 75 69 by
1949 785 154 55 John
285 784 1999 132 Richard

422 861 1662 72 Spann … New York city, B. R. Smith, inc. [ ᶜ1 931]
353 944 403 48 xiv, 123 p. 15½ ᶜᵐ.
293 1000 52 53 ©
378 1005 111 40 Feb.
520 1005 56 38 24,
622 1003 112 41 1931;
795 1005 66 39 2c.
893 1005 96 38 and
1020 1004 83 39 aff.
1136 1003 111 40 Feb.
1279 1003 82 46 25;
1395 1004 42 38 A
1466 1003 173 46 34484;
1674 1003 217 41 Richard
1923 1003 57 41 R.
2014 1003 173 48 Smith,
2221 1003 91 40 inc.

370 1061 254 49 (31-5983)

286 1158 248 63 Bräuer,
565 1158 200 63 Adolf,
796 1162 84 51 ed.

358 1239 382 52 Fortschritte
767 1239 59 52 in
854 1240 100 51 der
981 1238 763 68 anorganisch-chemischen
1775 1239 280 53 industrie
286 1240 2003 130 dargestellt

461 1337 71 33 an
579 1318 155 53 hand
781 1318 100 52 der
927 1317 309 53 deutschen
1283 1317 436 68 reichspatente,
1765 1318 154 68 hrsg.
1969 1337 110 33 von
2128 1317 186 53 Adolf

288 1397 223 52 Brauer
553 1397 116 52 und
709 1397 56 52 J.
808 1395 195 54 d’Ans.
1083 1400 47 47 3.
1170 1396 93 52 bd.
1345 1396 326 53 1924-1927.
1748 1401 47 46 4.
1849 1396 297 69 (schluss-)
2199 1397 113 52 abt.

287 1475 327 52 Bearbeitet
649 1476 104 51 mit
830 1478 405 65 unterstützung
1271 1493 110 34 von
1417 1474 166 54 Josef
1618 1474 341 55 Reitstötter
1994 1476 117 53 und
2149 1480 166 47 unter

285 1554 379 68 mitwirkung
696 1555 241 52 anderer
973 1554 427 68 fachgenossen.
1482 1554 216 56 Berlin,
1732 1554 55 52 J.
1826 1553 301 70 Springer.
2163 1557 149 49 1930.

360 1634 815 49 vii, [1153]-1524 p. illus. 28 ᶜᵐ.
293 1687 1927 55 © Sept. 29, 1930; 1c . Dec. 9; A —Foreign 10385; Julius Springer.
290 1844 2000 149 Buildings: their uses and the spaces about them … comprising
489 1923 160 55 three
681 1925 420 68 monographs:
1134 1926 121 52 The
1289 1926 313 65 character,
1633 1924 141 54 bulk
1806 1927 51 51 &
1891 1924 420 70 surroundings

355 2001 66 53 of
467 2002 315 70 buildings,
828 2004 75 68 by
951 2004 250 53 Thomas
1247 2004 238 53 Adams.
1561 2003 272 70 Housing
1878 2003 324 56 conditions
2251 2004 58 52 in

356 2081 95 53 the
490 2080 140 53 New
668 2081 163 53 York
870 2081 216 70 region,
1121 2081 36 53 by
1234 2082 252 54 Thomas
1523 2082 237 69 Adams,
1798 2082 59 53 in
1894 2082 416 54 collaboration

357 2159 137 54 with
543 2161 221 68 Wayne
806 2161 71 51 D.
924 2160 356 70 Heydecker.
1360 2160 238 54 Control
1643 2160 66 53 of
1751 2160 268 71 building
2062 2161 248 70 heights,

356 2237 272 55 densities
666 2239 113 53 and
818 2258 124 34 uses
977 2239 74 69 by
1090 2239 229 69 zoning,
1355 2239 75 69 by
1469 2240 253 53 Edward
1762 2240 80 53 M.
1881 2241 244 53 Bassett.
355 2240 1930 131 Assisted

560 2318 75 68 by
666 2318 225 52 Harold
927 2318 79 52 M.
1038 2318 186 52 Lewis
1262 2318 151 67 [and]
1449 2319 304 52 Lawrence
1784 2319 78 52 M.
1897 2317 204 56 Orton.
2171 2320 138 52 New

357 2395 183 68 York,
570 2396 281 68 Regional
887 2396 134 68 plan
1054 2395 65 53 of
1150 2397 138 51 New
1324 2396 164 53 York
1517 2396 109 53 and
1663 2396 72 53 its
1767 2397 285 66 environs,
2086 2401 151 51 1931.

355 2479 1862 50 3 p. l. , 465 p. front., illus. (incl. plans) maps (1 fold.) diagrs. 28½ ᶜᵐ.
296 2536 305 51 (Half-title:
630 2537 232 48 Regional
897 2547 176 37 survey
1104 2537 51 40 of
1186 2537 118 39 New
1333 2537 131 40 York
1494 2538 94 39 and
1620 2536 64 42 its
1713 2537 243 44 environs,
1991 2539 89 38 vol.
2178 2547 8 33 VI)

359 2594 214 49 “Zoning
601 2604 137 31 cases
765 2594 50 40 in
846 2595 82 39 the
957 2593 179 42 United
1169 2593 209 47 States”,
1409 2594 60 47 by
1498 2595 52 40 E.
1579 2595 63 40 M.
1672 2595 200 40 Bassett
1901 2596 95 39 and
2027 2595 52 41 F.
2111 2596 53 40 B.
285 2596 2003 105 Williams,

477 2651 245 49 appendix
754 2654 49 38 to
833 2652 300 47 monograph
1168 2651 138 41 three
1347 2651 68 49 (p.
1445 2650 267 51 401-[455])
1752 2662 101 30 was
1883 2652 258 48 published
286 2663 2000 95 separately
471 2709 51 41 in
548 2709 129 41 1928.

356 2764 1773 51 Bibliography at end of appendix A of monograph two (p. 347)
290 2821 52 54 ©
377 2825 112 42 Feb.
524 2825 39 49 6,
596 2824 115 42 1931;
775 2824 66 41 2c.
876 2825 96 39 and
1006 2823 71 41 aff
1123 2822 112 42 Feb.
1270 2821 82 47 28;
1389 2823 40 39 A
1462 2821 173 49 35073;
1674 2821 288 44 Committee
1997 2834 60 30 on
2092 2821 218 50 regional

360 2885 114 47 plan
507 2884 52 41 of
589 2884 118 39 New
738 2884 130 38 York
903 2883 35 40 &
971 2883 63 39 its
1067 2881 242 47 environs,
1344 2882 118 39 New
1494 2881 145 41 York.
1711 2880 253 50 (31-6449)

291 2978 238 69 [Burge,
559 2977 270 55 Milward
859 2978 203 53 Rodon
1095 2977 307 67 Kennedy,
1441 2982 169 49 1894-

415 3053 1890 70 … Death in a deck chair … Garden City, N. Y., Pub. for
284 3134 94 53 the
421 3133 190 55 Crime
653 3133 146 68 club,
842 3132 126 71 inc.,
1009 3132 73 71 by
1124 3132 361 70 Doubleday,
1527 3133 196 52 Doran
1766 3134 43 49 &
1852 3149 303 51 company,
2196 3132 106 53 inc.

288 3215 196 64 [ᶜ1931]

350 3292 281 49 320 p. 19½ ᶜᵐ.
352 3349 233 41 Author’s
612 3351 181 46 pseud..
825 3350 226 42 Milward
1085 3351 251 48 Kennedy,
1365 3353 53 38 at
1449 3351 122 40 head
1604 3349 53 42 of
1685 3349 123 42 title.

353 3406 165 41 “First
549 3406 230 42 edition.”

289 3457 52 53 ©
372 3464 110 40 Feb.
512 3465 55 38 25,
611 3464 106 40 1931;
782 3466 53 38 2c,
879 3467 95 39 and
1004 3466 81 41 aff.
1118 3468 121 39 Mar.
1270 3468 53 44 6;
1357 3466 37 39 A
1423 3465 172 47 34685;
1627 3465 302 48 Doubleday,
1960 3465 168 40 Doran
2159 3464 37 41 &
2223 3474 83 36 co.,

356 3520 91 41 inc.
520 3521 252 50 (31-6071)

281 3614 218 65 Burke,
528 3617 278 66 Thomas,
842 3622 168 53 1887-

349 3692 55 53 A
429 3695 263 70 tea-shop
719 3696 58 53 in
803 3696 356 68 Limehouse,
1185 3698 78 69 by
1288 3698 253 52 Thomas
1570 3694 208 54 Burke.
1845 3696 234 65 Boston,
2107 3692 197 54 Little.

279 3769 232 70 Brown,
544 3775 112 51 and
689 3792 300 53 company,
1025 3780 151 49 1931.

348 3833 662 71 vi p., 2 l., [3]-263 p. 19½ ᶜᵐ.
284 3902 52 53 ©
369 3909 122 41 Mar.
522 3910 38 46 6,
592 3910 113 42 1931;
766 3913 67 40 2c.
864 3915 96 39 and
991 3915 83 40 aff.
1106 3917 122 40 Mar.
1262 3918 24 38 7;
1350 3915 37 41 A
1421 3912 146 43 35169;
1627 3913 53 41 T.
1712 3912 179 47 Burke,
1922 3910 215 42 London.

361 3964 252 51 (31-6072)
