2505 4370
1265 4018 103 53 302

385 482 492 48 229 p., 1 l. 18 ½ ᶜᵐ .
321 551 52 53 ©
407 555 130 50 Sept.
567 554 70 50 30,
667 553 119 43 1930
801 566 8 37 ;
872 567 37 30 1c.
941 556 118 41 Nov.
1091 557 56 40 17
1165 567 8 36 ;
1206 556 41 39 A
1249 556 272 49 —Foreign
1552 555 145 43 10296
1715 567 9 38 ;
1758 557 170 41 Albert
1959 557 213 49 Langen.

399 613 254 49 (31-6151)

315 723 433 67 Shakespeare,
779 724 278 66 William,
1094 730 329 50 1564-1616.

381 814 124 53 The
541 814 144 69 high
722 814 190 54 school
951 814 410 70 Shakespeare,
1400 814 190 56 edited
1626 815 75 71 by
1738 815 155 54 John
1931 816 66 51 B.
2041 816 292 68 Opdycke.

311 891 139 55 New
482 892 162 53 York
670 893 114 52 and
810 893 259 69 London,
1095 894 235 67 Harper
1358 897 51 52 &
1436 892 277 72 brothers,
1744 897 151 50 1931.

382 975 1160 52 viii p., 1 l., 823 p. front. (facsim.) 22 ᶜᵐ .
383 1048 163 42 “First
576 1047 229 45 edition.”

653 1121 113 40 CONTENTS.—A
804 1119 316 42 midsummer
1156 1119 182 49 night’s
1381 1121 181 40 dream.
1565 1122 129 40 —As
1731 1132 96 38 you
1868 1120 99 41 like
2008 1120 51 43 it.
2062 1144 60 6 —
2124 1122 211 41 Twelfth

309 1176 321 48 night.—The
663 1177 252 41 merchant
948 1177 53 40 of
1035 1175 420 44 Venice.—Julius
1487 1179 174 41 Cæsar.
1665 1178 229 50 —Henry
1932 1179 406 43 v.—Macbeth.—

309 1234 214 43 Hamlet.

318 1302 53 54 ©
404 1308 124 40 Mar.
558 1308 43 47 4,
633 1305 114 42 1931
766 1317 8 36 ;
809 1306 68 41 2c.
910 1307 123 39 Mar.
1066 1306 26 40 5
1110 1316 9 37 ;
1154 1305 84 43 aff.
1272 1306 124 41 Mar.
1429 1305 29 42 6
1473 1316 10 38 ;
1517 1306 42 40 A
1589 1306 149 42 34657
1753 1316 11 39 ;
1799 1306 198 50 Harper
2028 1306 37 43 &
2096 1307 127 41 bros.

395 1364 255 50 (31-6133)

380 1471 438 70 Shakespeare’s
842 1472 122 53 The
990 1473 295 51 merchant
1312 1471 65 54 of
1402 1471 230 70 Venice,
1658 1472 189 54 edited
1872 1472 76 73 by
1975 1473 245 55 Pauline
2244 1475 88 54 W.

308 1550 1840 70 Leonard … Boston, New York [etc.] D. C. Heath and
308 1570 2002 131 company [ ᶜ1 931]
379 1713 1831 53 lxviii, 118 p. front. (port.) illus. 17 ᶜᵐ . (Golden key series)
381 1786 192 44 “Books
601 1788 52 42 of
681 1787 180 49 special
892 1787 234 42 interest”
1145 1799 9 29 :
1186 1799 42 38 p.
1260 1789 99 41 118.

317 1856 2018 52 © Feb. 16, 1931 ; 2c. Feb. 26 ; aff. Feb. 25 ; A 34507 ; Pauline W. Leonard,
383 1918 202 48 Accord,
617 1918 148 40 Mass.
830 1913 72 53 [©
931 1917 211 48 preface,
1174 1916 348 49 introduction,
1554 1919 139 39 notes
1725 1917 38 42 &
1792 1917 260 50 appendix]

393 1975 253 50 (31-6130)

310 2086 234 66 Soares,
575 2086 306 54 Theodore
913 2085 235 67 Gerald,
1184 2091 172 49 1869-

381 2181 124 52 The
538 2185 158 63 story
731 2178 65 53 of
829 2179 149 53 Paul
1013 2177 95 55 for
1140 2179 140 67 boys
1315 2178 113 52 and
1462 2177 144 69 girls
1640 2176 64 53 of
1736 2176 195 71 junior
1964 2177 143 70 high
2139 2178 192 52 school

310 2276 133 51 age;
491 2277 31 34 a
566 2256 275 54 teacher’s
882 2256 252 68 manual,
1177 2261 57 47 to
1279 2256 66 52 be
1389 2257 136 52 used
1570 2255 61 53 in
1672 2256 335 52 connection
2051 2257 141 53 with
2236 2258 95 51 the

309 2337 215 68 pupil’s
564 2335 290 70 textbook,
893 2336 75 69 by
1009 2335 300 54 Theodore
1348 2334 216 56 Gerald
1605 2334 221 56 Soares.
1903 2333 274 72 Chicago,
2217 2335 114 68 Ill.,

309 2413 1284 69 The University of Chicago press [ ᶜ1 930]
310 2494 2002 101 xviii, 139 p. 20 ᶜᵐ . (Half-title: The University of Chicago publications
467 2551 1324 50 in religious education … Constructive studies)
379 2624 354 49 Bibliography
763 2623 229 42 included
1022 2623 50 41 in
1104 2623 278 41 Foreword.

314 2693 52 52 ©
395 2697 115 42 Dec.
536 2695 71 51 20,
636 2695 142 47 1930;
807 2695 69 41 2c.
905 2696 96 39 and
1029 2694 84 43 aff.
1141 2695 113 41 Feb.
1283 2693 70 50 19,
1381 2692 143 49 1931;
1555 2693 42 40 A
1623 2691 173 50 33835;
1829 2692 287 50 University
2143 2693 56 41 of
382 2691 1933 112 Chicago,
551 2753 224 49 Chicago.
848 2752 253 51 (31-6185)

307 2865 352 64 Stevenson,
690 2864 215 64 Philip.

374 2956 124 53 The
519 2955 196 70 gospel
739 2954 307 70 according
1070 2960 56 48 to
1152 2956 82 55 St.
1261 2953 224 70 Luke’s,
1508 2973 29 34 a
1565 2954 181 67 novel,
1771 2951 74 71 by
1871 2951 200 70 Philip
304 2952 1998 135 Stevenson

506 3030 1819 72 … New York, Toronto, Longmans, Green and co., 1931.
375 3118 572 51 5 p. l., 333 p. 19½ ᶜᵐ .
376 3190 165 42 “First
571 3189 228 45 edition.”

313 3259 52 52 ©
393 3264 125 41 Mar.
542 3262 41 49 4,
610 3260 114 43 1931
743 3273 9 36 ;
780 3261 67 41 2c.
875 3262 124 40 Mar.
1026 3262 54 38 11
1100 3272 8 36 ;
1139 3260 82 41 aff.
1249 3261 124 40 Mar.
1400 3259 83 48 10;
1512 3259 44 40 A
1579 3258 174 49 35207;
1782 3259 54 42 P.
1865 3257 280 44 Stevenson,
2177 3256 153 43 Santa

381 3321 80 48 Fe,
492 3321 56 40 N.
582 3322 63 39 M.
716 3319 252 50 (31-6268)

306 3431 237 65 Taylor,
572 3430 140 55 Orla
740 3428 305 66 Benedict,
1078 3434 171 51 1865-

374 3520 360 70 Wandering
755 3520 61 53 in
839 3519 205 54 Africa
1064 3538 11 48 ;
1104 3519 143 54 East
1273 3518 111 55 and
1409 3518 185 55 South
1617 3514 207 56 Africa
1848 3516 111 54 and
1985 3515 97 54 the
2106 3514 218 55 Sahara

305 3600 203 70 desert,
534 3600 74 70 by
634 3598 142 56 Orla
801 3600 68 51 B.
896 3598 215 69 Taylor
1128 3616 11 48 ;
1168 3596 141 53 with
1336 3615 104 35 one
1465 3594 263 55 hundred
1755 3594 113 55 and
1894 3592 250 57 thirteen
306 3592 1998 140 illustrations

580 3678 152 53 from
762 3676 412 70 photographs.
1241 3675 185 52 Three
1456 3692 177 50 maps.
1701 3671 246 71 Detroit,
1978 3670 197 69 Mich.,
2205 3670 122 52 The

306 3757 631 68 Inland press [ ᶜ1 931 ]
375 3832 1302 53 xvi, 236 p. front. (port.) plates, maps. 20½ ᶜᵐ .
313 3909 52 52 ©
398 3912 113 42 Feb.
543 3911 68 48 16,
644 3910 142 41 1931;
821 3909 67 42 2c.
922 3909 96 40 and
1051 3907 81 41 aff.
1167 3907 113 39 Feb.
1313 3904 82 47 26;
1431 3903 41 40 A
1503 3902 172 48 33978;
1712 3903 53 42 O.
1800 3904 54 41 B.
1888 3903 194 47 Taylor,
2118 3897 209 44 Detroit.

392 3968 253 51 (31-6178)
