2428 4370
1244 4004 133 52 1708

347 437 279 41 Half-title:
662 436 142 39 Farm
830 434 273 49 enterprise
1132 434 163 40 series.

346 494 297 42 “Reference
672 491 178 42 books”:
909 501 41 38 p.
982 489 97 43 403.

281 562 51 53 ©
361 567 120 49 Aug.
513 565 68 43 12,
613 564 105 41 1931;
785 565 64 38 2c.
881 564 96 39 and
1007 562 80 39 aff.
1121 562 102 41 Oct.
1254 562 57 41 16;
1369 563 39 38 A
1437 561 173 43 44364;
1644 561 44 41 J.
1720 562 53 41 B.
1804 560 279 50 Lippincott
2114 571 66 31 co.

359 609 282 62 (31-31105)

279 717 224 64 Dodge,
531 716 331 63 Raymond,
895 718 169 51 1871-

414 789 1880 72 … The craving for superiority, by Raymond Dodge … and
283 868 1993 73 Eugen Kahn … New Haven, Yale university press; London
283 952 73 52 H.
389 950 270 67 Milford,
693 949 231 56 Oxford
957 948 320 69 university
1311 966 176 51 press,
1523 950 151 51 1931.

353 1031 616 51 vii p., 1 l., 69 p. 21 ᶜᵐ .
352 1092 62 40 At
443 1091 125 40 head
598 1090 51 41 of
678 1090 134 41 title:
846 1090 234 41 Institute
1111 1089 51 41 of
1191 1089 182 40 human
1406 1089 249 41 relations.

285 1157 52 52 ©
377 1161 126 48 Sept.
541 1161 70 46 25,
647 1159 141 45 1931;
826 1160 67 41 2c.
932 1159 103 42 Oct.
1073 1161 54 39 17;
1194 1160 82 41 aff.
1315 1160 102 40 Oct.
1456 1160 55 39 15;
1578 1160 40 39 A
1654 1159 146 40 44268;
1870 1160 116 39 Yale
2023 1158 272 42 university

356 1228 150 38 press.
579 1217 281 48 (31-31213)

286 1311 324 64 Edgerton,
640 1310 256 55 Edward
925 1312 116 64 Ira,
1074 1316 169 50 1877-

352 1387 1943 70 A second course in algebra, by Edward I. Edgerton … and
282 1466 2011 71 Perry A. Carpenter … Rev. ed. Boston. New York [etc.]
284 1545 739 69 Allyn and Bacon [ ᶜ193 1]
283 1625 1999 107 v, 532 p. front., ports., diagrs. 19½ ᶜᵐ . (Lettered on cover: Edgerton-Carpenter-Glass series)
290 1754 52 52 ©
370 1761 132 46 Sept.
532 1760 53 37 12,
629 1759 112 38 1931;
800 1759 66 39 2c.
897 1757 102 40 Oct.
1029 1757 59 39 26;
1143 1757 82 41 aff.
1256 1755 87 41 Oct.
1388 1758 25 36 23;
1501 1758 41 38 A
1570 1757 172 42 14442;
1775 1758 144 47 Allyn
1951 1758 35 40 &
2015 1759 177 39 Bacon.

370 1815 281 44 (31-31130)

295 1909 328 57 Fairbairn,
659 1907 253 54 William
947 1909 224 55 Ewart.

361 1983 1945 71 Scientific self-defence, by W. E. Fairbairn … New York.
295 2065 253 67 London,
574 2065 70 52 D.
675 2064 296 68 Appleton
997 2064 114 53 and
1140 2080 301 53 company,
1470 2066 152 50 1931.

362 2146 98 42 xiii,
499 2146 82 39 165
614 2156 40 37 p.
719 2147 131 39 front.
892 2143 149 65 [port.]
1114 2145 125 40 illus.
1300 2144 145 42 24½ᶜᵐ.

362 2203 128 40 "The
524 2203 170 39 official
731 2207 102 36 text
866 2203 121 39 book
1021 2203 79 38 for
1133 2203 80 39 the
1249 2202 250 47 Shanghai
1536 2201 260 48 municipal
1834 2203 150 46 polire
2017 2203 93 39 and
293 2202 1997 105 Hongkong
444 2260 155 48 police

366 2317 145 40 "This
544 2317 120 40 book
700 2318 39 38 is
772 2317 143 39 based
952 2327 124 37 upon
1111 2327 60 29 an
1205 2316 180 40 earlier
1420 2317 128 37 work
1585 2317 160 39 issued
1783 2317 153 38 under
1971 2317 78 39 the
2084 2327 139 29 name
2256 2317 52 39 of

337 2373 195 41 Defendu.
568 2374 332 41 “—Foreword.

298 2429 50 51 ©
384 2434 100 39 Oct.
518 2435 70 42 28,
622 2434 106 38 1931:
797 2435 66 36 2c.
899 2432 102 39 Oct.
1035 2432 25 38 26:
1154 2432 81 40 aff.
1271 2431 101 41 Oct.
1407 2432 82 41 24:
1525 2433 40 38 A
1598 2433 171 39 43515:
1808 2432 56 41 D.
1900 2433 238 47 Appleton
2172 2434 36 39 &
2242 2443 67 30 co.

385 2487 51 51 [©
472 2501 105 28 new
605 2492 180 37 matter
817 2491 95 37 and
944 2489 346 48 illustrations]
1365 2489 282 48 (31-31358)

295 2583 304 54 Financial
630 2583 370 53 advertisers
1027 2582 380 56 association.

364 2664 385 67 Proceedings
787 2663 63 52 of
886 2663 95 52 the
1018 2662 304 54 Financial
1362 2663 344 54 advertisers
1746 2663 358 54 association.
2181 2664 133 52 16th

296 2745 207 50 annual
548 2741 340 53 Convention
928 2742 133 52 held
1102 2761 53 33 at
1202 2742 235 66 Boston,
1474 2742 464 69 Massachusetts,
1982 2741 333 69 September

301 2822 183 53 14-17.
526 2824 145 49 1931.
755 2820 289 69 [Chicago.
1079 2819 113 58 Ill.,
1225 2818 495 56 Kenfield-Leach
1752 2838 300 52 company,
2086 2822 152 65 1931]

396 2903 447 49 383. ,1, p. 23½ ᶜᵐ .
369 2960 235 39 Contains
639 2958 305 48 advertising
977 2961 194 38 matter.

302 3013 51 52 ©
383 3016 101 41 Oct.
512 3018 69 42 22,
611 3018 53 37 191;
780 3016 66 41 2c.
876 3016 101 39 Oct.
1006 3016 55 39 28;
1120 3015 81 42 aff.
1230 3016 118 41 Nov.
1376 3016 52 40 2:
1460 3017 40 38 A
1526 3016 172 46 43755;
1731 3015 254 41 Financial
2015 3015 298 42 advertisers

373 3085 127 28 assn.,
548 3073 224 44 Chicago.

300 3167 293 65 Fletcher,
622 3166 256 55 William
908 3168 227 53 Meade.

373 3246 347 69 Cyclopedia
759 3247 63 53 of
857 3248 95 51 the
990 3248 109 51 law
1138 3247 64 51 of
1241 3247 222 67 private
1500 3246 411 69 corporations,
1946 3248 75 66 by
2055 3245 263 56 William

301 3323 2015 71 Meade Fletcher … Revised and permanent ed. By Basil
303 3402 2016 70 Jones and the publishers' editorial staff … v. 7. Chicago,
305 3481 321 68 Callaghan
655 3484 112 50 and
795 3499 299 50 company.
1128 3484 144 49 1931.

371 3562 504 48 xxi, 917 p. 24½ ᶜᵐ .
309 3614 51 51 ©
389 3620 102 39 Oct.
549 3618 28 38 30,
617 3618 105 41 1931;
788 3618 63 39 2c.
883 3620 95 38 and
1006 3618 81 39 aff.
1117 3620 118 37 Nov.
1263 3620 26 37 4;
1349 3619 39 38 A
1414 3619 145 39 43793;
1619 3620 270 47 Callaghan
1920 3619 35 40 &
1983 3629 64 30 co.
2132 3614 51 52 [©
2212 3628 106 31 new

378 3678 179 36 matter
588 3675 94 38 and
716 3679 135 35 notes]

307 3767 310 65 Harrison,
648 3768 179 53 Edith
867 3768 268 65 (Ogden)
1273 3788 69 33 Mrs.
1372 3770 211 54 Carter
1612 3770 72 54 H.
1714 3770 347 52 Harrison.”

372 3840 1945 73 The scarlet riders, by Edith Ogden Harrison … Chicago,
305 3917 692 75 P. F. Seymour [ ᶜ193 0]
