2505 4370
1292 4035 135 49 1086

363 387 267 67 Stanley,
661 391 323 65 Theodore,
1017 395 54 53 d.
1104 399 153 50 1929.

431 465 243 69 Croquis
716 467 131 53 d’un
893 467 235 72 flaneur,
1168 471 73 68 by
1284 472 295 55 Theodore
1621 473 253 70 Stanley.
1956 475 270 71 Chicago,
2267 478 113 66 Ill.,

357 543 1281 79 The University of Chicago press [ ᶜ1 931]
431 625 1948 61 xi, 209 p., 1 l. plates. 20 ᶜᵐ. (Half-title: The University of Chicago
358 682 171 50 junior
555 684 182 49 college
764 684 167 44 series.
987 686 247 44 Romance
1261 688 295 51 languages)

432 755 243 42 “Editor’s
706 756 227 50 preface”
963 758 198 49 signed:
1196 759 53 46 O.
1280 760 51 42 F.
1362 761 55 42 B.

431 813 197 48 Essays.

367 881 54 54 ©
453 887 114 48 Apr.
601 889 69 46 14,
705 886 112 42 1931;
882 887 69 43 2c.
986 890 113 46 May
1133 887 26 41 9;
1223 890 84 40 aff.
1344 891 114 47 May
1492 892 52 45 7;
1582 892 43 40 A
1655 891 173 48 38074;
1867 891 287 52 University
2189 894 52 39 of
437 891 1927 104 Chicago,
600 945 227 46 Chicago.
895 945 283 49 (31-18038)

361 1039 269 66 Stearns,
662 1041 211 53 Albert
904 1043 270 66 Warren,
1209 1048 135 51 1885

427 1117 1888 76 The personality of criminals, by Albert Warren Stearns …
357 1195 1407 75 Boston. Mass., The Beacon press, inc. [ ᶜ1 931]
428 1276 401 51 xii, 146 p. 21 ᶜᵐ.
431 1348 187 47 Mainly
649 1348 339 42 observations
1020 1360 60 29 on
1113 1350 319 49 criminology
1464 1351 51 40 in
1549 1352 403 41 Massachusetts.

365 1417 51 55 ©
446 1423 128 41 June
600 1423 70 48 27,
700 1422 111 41 1931;
871 1423 67 41 2c.
968 1425 95 39 and
1091 1424 83 41 aff.
1204 1425 127 39 June
1359 1425 83 47 30;
1473 1424 39 40 A
1541 1422 171 51 39139;
1745 1427 193 40 Beacon
1966 1437 151 38 press,
2148 1428 92 41 inc.
448 1480 283 49 (31-17744)

358 1574 255 65 Stenzel,
645 1575 215 66 Julius,
894 1580 174 53 1883-

488 1653 1887 75 … Metaphysik des altertums, von Julius Stenzel, München
354 1732 117 54 und
503 1731 219 70 Berlin,
752 1734 67 52 R.
853 1732 392 71 Oldenbourg,
1277 1737 152 52 1931.

425 1813 595 52 cover-title, 196 p. 25 ᶜᵐ.
425 1885 65 41 At
522 1886 125 40 head
682 1885 51 41 of
767 1885 110 41 title
895 1896 9 30 :
939 1885 278 43 Handbuch
1250 1887 88 40 der
1371 1885 319 51 philosophie.

427 1943 435 48 “Sonderausgabe
890 1953 91 32 aus
1010 1944 109 40 dem
1150 1943 277 41 Handbuch
1460 1945 86 41 der
1579 1944 348 50 philosophie.”

363 2013 1783 115 © Feb. 7, 1931; 1c. Apr. 8; A —Foreign 12306; R. Oldenbourg. (31-18018)
358 2170 199 64 Stern,
588 2171 224 64 Gladys
840 2171 320 64 Bronwyn,
1192 2176 174 50 1890-

426 2249 123 52 The
598 2249 247 52 shortest
893 2248 189 70 night,
1129 2248 75 69 by
1255 2248 69 55 G.
1377 2250 67 51 B.
1497 2248 188 56 Stern.
1762 2249 136 53 New
1958 2248 176 69 York,
2184 2249 70 53 A.
2305 2249 70 53 A.

354 2325 229 71 Knopf,
612 2330 153 49 1931.

425 2408 1020 52 4 p. l., 3-287, [1] p. illus. (plan) 20 ᶜᵐ.
428 2481 163 41 “First
627 2481 257 48 published
921 2476 117 52 July
1074 2480 113 41 1931;
1253 2481 110 41 first
1397 2482 97 39 and
1528 2481 176 41 second
1741 2481 244 49 printings
2022 2481 167 42 before
353 2478 2004 106 publication.”

361 2606 52 54 ©
451 2611 119 47 July
604 2610 69 47 10,
713 2609 110 41 1931;
893 2608 67 41 2c.
1000 2609 117 49 July
1153 2609 57 39 14;
1278 2608 80 41 aff.
1398 2609 117 47 July
1554 2610 53 39 11;
1676 2610 41 39 A
1753 2609 145 41 40371;
1969 2610 187 49 Gladys
2191 2609 186 40 Bertha

434 2668 332 46 Holdsworth,
796 2668 213 40 London.
1081 2666 283 49 (31-18074)

355 2763 127 52 Tax
522 2766 112 51 law
674 2765 113 52 and
828 2765 164 53 other
1032 2764 233 69 general
1305 2765 139 51 laws
1482 2761 253 71 relating
1773 2768 60 48 to
1872 2763 262 55 taxation
2175 2764 66 53 of
2280 2764 96 52 the

424 2846 147 49 state
605 2840 64 55 of
703 2843 139 53 New
879 2840 180 69 York,
1093 2841 142 54 with
1273 2841 77 52 all
1385 2839 391 55 amendments
1808 2845 59 48 to
1901 2840 97 53 the
2033 2840 110 55 end
2178 2840 64 53 of
2276 2841 95 53 the

425 2920 323 69 legislative
790 2920 212 55 session
1044 2919 63 52 of
1154 2924 151 58 1931,
1349 2919 190 53 edited
1580 2919 75 71 by
1697 2920 158 55 John
1897 2920 65 51 T.
2007 2917 364 72 Fitzpatrick

426 2994 1920 154 … completely indexed. New York, Baker, Voorhis & company;
658 3077 251 69 Albany,
954 3077 68 53 N.
1071 3078 71 52 Y.
1191 3076 113 52 and
1350 3078 139 51 New
1536 3075 181 69 York,
1763 3076 69 53 N.
1880 3077 93 66 Y.,
2015 3076 81 52 M.
2142 3076 228 53 Bender

422 3158 46 50 &
497 3172 300 50 company,
827 3153 421 70 incorporated,
1282 3158 151 49 1931.

424 3233 880 55 3 p. l., [3]-483 p. 23 ᶜᵐ. $3.50
358 3302 53 55 ©
449 3309 121 47 July
603 3308 41 42 3,
682 3308 142 42 1931;
863 3307 68 42 2c.
969 3309 96 40 and
1102 3307 84 41 aff.
1224 3308 118 47 July
1378 3308 54 45 8;
1472 3306 83 42 aff.
1595 3308 117 47 July
1748 3307 53 46 6;
1842 3308 44 39 A
1920 3305 174 49 39290;
2136 3307 236 41 Matthew

428 3367 193 39 Bender
652 3366 37 40 &
720 3376 82 35 co.,
835 3365 90 39 inc.,
975 3365 176 41 Baker,
1185 3364 209 41 Voorhis
1426 3365 38 40 &
1493 3375 68 33 co.
1627 3360 75 55 [©
1731 3365 250 40 additions
2014 3366 96 37 and
2144 3365 210 43 changes]

437 3423 283 48 (31-18052)

352 3516 126 51 Tax
510 3520 109 51 law
651 3519 64 52 of
742 3520 95 52 the
866 3524 145 49 state
1043 3519 64 53 of
1134 3521 139 51 New
1307 3518 192 67 York;
1532 3516 323 71 provisions
1886 3518 64 53 of
1979 3519 96 51 the
2105 3517 126 54 Tax
2262 3518 109 51 law

423 3595 65 52 of
536 3597 96 51 the
680 3601 146 47 state
876 3595 64 51 of
987 3597 139 52 New
1176 3596 165 52 York
1390 3594 249 69 relating
1686 3601 58 45 to
1793 3595 145 52 local
1987 3598 380 50 assessments,

420 3671 173 72 being
624 3674 96 52 the
754 3672 124 53 first
911 3672 157 71 eight
1102 3673 228 54 articles
1364 3670 243 61 thereof,
1641 3673 112 53 and
1787 3673 242 52 sections
2061 3676 120 63 205,
2214 3671 147 68 219-j

423 3751 113 52 and
566 3754 177 58 219-l,
774 3751 139 52 with
945 3751 77 53 all
1053 3752 393 51 amendments
1475 3755 58 47 to
1562 3751 95 52 the
1686 3752 109 51 end
1827 3750 64 53 of
1919 3752 97 51 the
2045 3748 321 72 legislative

422 3826 210 56 session
677 3828 65 53 of
788 3833 147 49 1931.
1013 3830 294 66 Prepared
1354 3829 95 52 for
1493 3829 96 53 the
1631 3834 145 48 state
1820 3830 124 51 Tax
1987 3827 376 55 commission.

424 3903 359 74 Completely
829 3907 260 53 indexed.
1166 3908 141 51 New
1354 3907 181 55 York,
1581 3907 208 54 Baker,
1834 3903 251 58 Voorhis
2129 3909 44 52 &
2219 3924 144 35 com-
