<alto xmlns="http://www.loc.gov/standards/alto/ns-v3#" xmlns:xlink="http://www.w3.org/1999/xlink" xmlns:xsi="http://www.w3.org/2001/XMLSchema-instance" xsi:schemaLocation="http://www.loc.gov/standards/alto/ns-v3# http://www.loc.gov/alto/v3/alto-3-0.xsd"><Description>
<MeasurementUnit>pixel</MeasurementUnit>
<sourceImageInformation>
<fileName>1931_v28_Part001.pdf</fileName>
</sourceImageInformation>
<OCRProcessing ID="IdOcr">
<ocrProcessingStep>
<processingDateTime>2019-04-22</processingDateTime>
<processingSoftware>
<softwareCreator>ABBYY</softwareCreator>
<softwareName>ABBYY Recognition Server</softwareName>
<softwareVersion>4.0</softwareVersion>
</processingSoftware>
</ocrProcessingStep>
</OCRProcessing>
</Description>
<Styles>
<ParagraphStyle ID="StyleId-FFFFFFFF-FFFF-FFFF-FFFF-FFFFFFFFFFFF-" ALIGN="Left" LEFT="0." RIGHT="0." FIRSTLINE="0."/>
<ParagraphStyle ID="StyleId-204B5AEB-67A1-44E2-A013-34B3A0F3E0EA-" ALIGN="Right" LEFT="0." RIGHT="0." FIRSTLINE="0." LINESPACE="8.300000191"/>
<ParagraphStyle ID="StyleId-03245871-796C-4429-B3C7-F9019C8C5B89-" ALIGN="Left" LEFT="0." RIGHT="0." FIRSTLINE="0." LINESPACE="12.19999981"/>
<ParagraphStyle ID="StyleId-BDCA8811-25FF-44DB-8D6F-2072A4ABC070-" ALIGN="Center" LEFT="0." RIGHT="0." FIRSTLINE="0." LINESPACE="12.19999981"/>
<ParagraphStyle ID="StyleId-2C5B7DF0-AF87-455E-B9A8-6FE387CB59BD-" ALIGN="Left" LEFT="0." RIGHT="0." FIRSTLINE="-13." LINESPACE="8.479999542"/>
<ParagraphStyle ID="StyleId-9FB72FA1-55D5-4161-8333-823D5732F4D0-" ALIGN="Block" LEFT="0." RIGHT="0." FIRSTLINE="-14." LINESPACE="10."/>
<ParagraphStyle ID="StyleId-212AEB8C-A829-4BF1-8E45-5BFE386A469C-" ALIGN="Block" LEFT="0." RIGHT="0." FIRSTLINE="-14." LINESPACE="11.35000038"/>
<ParagraphStyle ID="StyleId-4EC79CC1-EA62-49CE-ABB6-D84DDFCF4C7D-" ALIGN="Block" LEFT="0." RIGHT="0." FIRSTLINE="-10." LINESPACE="12.19999981"/>
<ParagraphStyle ID="StyleId-DAF2E8EE-6444-4951-9284-36A6C020C887-" ALIGN="Left" LEFT="0." RIGHT="0." FIRSTLINE="0." LINESPACE="9.399999619"/>
<ParagraphStyle ID="StyleId-25241749-1672-4977-B19F-38F59800D6D8-" ALIGN="Left" LEFT="0." RIGHT="0." FIRSTLINE="0." LINESPACE="11.10000038"/>
<ParagraphStyle ID="StyleId-8C523E19-EDEF-4F23-B010-536E1A1AAE1A-" ALIGN="Left" LEFT="0." RIGHT="0." FIRSTLINE="-13." LINESPACE="12.19999981"/>
<ParagraphStyle ID="StyleId-A1F9DE9E-2625-4D8B-AD7E-F0A0034C2989-" ALIGN="Block" LEFT="0." RIGHT="0." FIRSTLINE="0." LINESPACE="12.19999981"/>
<ParagraphStyle ID="StyleId-5725BB01-2B1C-440F-BAF2-696C4F4DF162-" ALIGN="Block" LEFT="0." RIGHT="0." FIRSTLINE="13." LINESPACE="12.19999981"/>
<ParagraphStyle ID="StyleId-F10A2092-61AA-44FD-99C2-123B3A8051CF-" ALIGN="Left" LEFT="0." RIGHT="0." FIRSTLINE="0." LINESPACE="5.5"/>
<ParagraphStyle ID="StyleId-B3CDC8CC-D2E1-4A23-B67C-CDD40993D1DD-" ALIGN="Left" LEFT="0." RIGHT="0." FIRSTLINE="0." LINESPACE="10."/>
<ParagraphStyle ID="StyleId-871EBF53-D909-4C8F-B368-AC7D897344DD-" ALIGN="Left" LEFT="0." RIGHT="0." FIRSTLINE="0."/>
<ParagraphStyle ID="StyleId-C4129744-680B-4878-B2C4-44BA3742C8D7-" ALIGN="Block" LEFT="0." RIGHT="0." FIRSTLINE="-14." LINESPACE="11.35000038"/>
<ParagraphStyle ID="StyleId-9CE98075-0B04-43D4-88D8-CE3BAB51B419-" ALIGN="Block" LEFT="0." RIGHT="0." FIRSTLINE="-10." LINESPACE="12.19999981"/>
<ParagraphStyle ID="StyleId-B2CFB7B3-DFFA-4E0E-94D6-C2BCE88DA9A9-" ALIGN="Left" LEFT="0." RIGHT="0." FIRSTLINE="0." LINESPACE="12.5"/>
<ParagraphStyle ID="StyleId-8D3352F3-1084-4DDE-A35D-B97102CCE686-" ALIGN="Left" LEFT="0." RIGHT="0." FIRSTLINE="0." LINESPACE="11.60000038"/>
<ParagraphStyle ID="StyleId-4A8DDA0D-166D-4E22-A597-BA51B892602D-" ALIGN="Block" LEFT="0." RIGHT="0." FIRSTLINE="0." LINESPACE="11.21000004"/>
<ParagraphStyle ID="StyleId-90EA4001-AA3C-45A1-AEDC-D1E1169EE5E5-" ALIGN="Block" LEFT="0." RIGHT="0." FIRSTLINE="13." LINESPACE="12.19999981"/>
</Styles>
<Layout>
<Page ID="Page1110" PHYSICAL_IMG_NR="1110" HEIGHT="4370" WIDTH="2505">
<TopMargin HEIGHT="376" WIDTH="2505" VPOS="0" HPOS="0">
</TopMargin>
<LeftMargin HEIGHT="3844" WIDTH="338" VPOS="376" HPOS="0">
</LeftMargin>
<RightMargin HEIGHT="3844" WIDTH="111" VPOS="376" HPOS="2394">
</RightMargin>
<BottomMargin HEIGHT="150" WIDTH="2505" VPOS="4220" HPOS="0">
</BottomMargin>
<PrintSpace HEIGHT="3844" WIDTH="2056" VPOS="376" HPOS="338">
<TextBlock ID="Page1110_Block1" HEIGHT="174" WIDTH="264" VPOS="4046" HPOS="1237" LANG="en-US" STYLEREFS="StyleId-41FE1B8F-E714-48D7-B760-096AE849AE35-">
<TextLine HEIGHT="49" WIDTH="134" VPOS="4051" HPOS="1302">
<String CONTENT="1110" HEIGHT="49" WIDTH="134" VPOS="4051" HPOS="1302"/>
</TextLine>
</TextBlock>
<TextBlock ID="Page1110_Block2" HEIGHT="3747" WIDTH="2056" VPOS="376" HPOS="338" LANG="en-US" CS="1" STYLEREFS="StyleId-5378255D-C66B-4B9B-9912-426FAA62D581-">
<Shape>
<Polygon POINTS="338,376 2394,376 2394,4123 1566,4123 1566,4110 338,4110 338,376"/>
</Shape>
<TextLine HEIGHT="66" WIDTH="1319" VPOS="387" HPOS="348" STYLEREFS="StyleId-328F4B83-A01E-40F2-A87A-4B427F1699CF-">
<String LANG="la" CONTENT="Family" HEIGHT="64" WIDTH="235" VPOS="389" HPOS="348"/>
<SP HEIGHT="48" WIDTH="25" VPOS="405" HPOS="584"/>
<String CONTENT="welfare" HEIGHT="55" WIDTH="245" VPOS="387" HPOS="610"/>
<SP HEIGHT="37" WIDTH="27" VPOS="405" HPOS="856"/>
<String CONTENT="association" HEIGHT="55" WIDTH="362" VPOS="388" HPOS="884"/>
<SP HEIGHT="37" WIDTH="30" VPOS="405" HPOS="1247"/>
<String CONTENT="of" HEIGHT="55" WIDTH="65" VPOS="387" HPOS="1278"/>
<SP HEIGHT="54" WIDTH="24" VPOS="387" HPOS="1344"/>
<String CONTENT="America." HEIGHT="57" WIDTH="298" VPOS="387" HPOS="1369"/>
</TextLine>
<TextLine HEIGHT="70" WIDTH="1951" VPOS="463" HPOS="419">
<String CONTENT="Interviews," HEIGHT="67" WIDTH="357" VPOS="465" HPOS="419"/>
<SP HEIGHT="67" WIDTH="52" VPOS="465" HPOS="777"/>
<String CONTENT="interviewers" HEIGHT="53" WIDTH="392" VPOS="465" HPOS="830"/>
<SP HEIGHT="35" WIDTH="53" VPOS="483" HPOS="1223"/>
<String CONTENT="and" HEIGHT="53" WIDTH="114" VPOS="465" HPOS="1277"/>
<SP HEIGHT="53" WIDTH="52" VPOS="465" HPOS="1392"/>
<String CONTENT="interviewing" HEIGHT="70" WIDTH="404" VPOS="463" HPOS="1445"/>
<SP HEIGHT="70" WIDTH="52" VPOS="463" HPOS="1850"/>
<String CONTENT="in" HEIGHT="53" WIDTH="61" VPOS="463" HPOS="1903"/>
<SP HEIGHT="33" WIDTH="50" VPOS="483" HPOS="1965"/>
<String CONTENT="social" HEIGHT="53" WIDTH="176" VPOS="463" HPOS="2016"/>
<SP HEIGHT="51" WIDTH="52" VPOS="464" HPOS="2193"/>
<String CONTENT="case" HEIGHT="35" WIDTH="124" VPOS="481" HPOS="2246"/>
</TextLine>
<TextLine HEIGHT="72" WIDTH="2023" VPOS="541" HPOS="349">
<String CONTENT="work;" HEIGHT="60" WIDTH="185" VPOS="544" HPOS="349"/>
<SP HEIGHT="41" WIDTH="54" VPOS="563" HPOS="535"/>
<String CONTENT="articles" HEIGHT="55" WIDTH="227" VPOS="543" HPOS="590"/>
<SP HEIGHT="35" WIDTH="48" VPOS="563" HPOS="818"/>
<String CONTENT="reprinted" HEIGHT="70" WIDTH="297" VPOS="543" HPOS="867"/>
<SP HEIGHT="54" WIDTH="51" VPOS="543" HPOS="1165"/>
<String CONTENT="from" HEIGHT="55" WIDTH="154" VPOS="543" HPOS="1217"/>
<SP HEIGHT="54" WIDTH="49" VPOS="543" HPOS="1372"/>
<String CONTENT="&#8220;The" HEIGHT="54" WIDTH="156" VPOS="543" HPOS="1422"/>
<SP HEIGHT="54" WIDTH="48" VPOS="543" HPOS="1579"/>
<String CONTENT="Family&#8221;." HEIGHT="72" WIDTH="284" VPOS="541" HPOS="1628"/>
<SP HEIGHT="54" WIDTH="85" VPOS="542" HPOS="1913"/>
<String CONTENT="New" HEIGHT="54" WIDTH="140" VPOS="542" HPOS="1999"/>
<SP HEIGHT="54" WIDTH="52" VPOS="541" HPOS="2140"/>
<String CONTENT="York," HEIGHT="69" WIDTH="179" VPOS="541" HPOS="2193"/>
</TextLine>
<TextLine HEIGHT="71" WIDTH="1490" VPOS="622" HPOS="347" CS="1">
<String CONTENT="Family" HEIGHT="70" WIDTH="234" VPOS="623" HPOS="347"/>
<SP HEIGHT="52" WIDTH="25" VPOS="641" HPOS="582"/>
<String CONTENT="welfare" HEIGHT="54" WIDTH="237" VPOS="622" HPOS="608"/>
<SP HEIGHT="35" WIDTH="28" VPOS="641" HPOS="846"/>
<String CONTENT="association" HEIGHT="54" WIDTH="343" VPOS="622" HPOS="875"/>
<SP HEIGHT="34" WIDTH="24" VPOS="641" HPOS="1219"/>
<String CONTENT="of" HEIGHT="53" WIDTH="66" VPOS="622" HPOS="1244"/>
<SP HEIGHT="52" WIDTH="26" VPOS="622" HPOS="1311"/>
<String CONTENT="America" HEIGHT="53" WIDTH="268" VPOS="622" HPOS="1338"/>
<SP HEIGHT="49" WIDTH="34" VPOS="640" HPOS="1607"/>
<String CS="1" CONTENT="["/>
<String STYLE="superscript" CS="1" CONTENT="&#7580;1"/>
<String CONTENT="931]" HEIGHT="63" WIDTH="120" VPOS="625" HPOS="1717"/>
</TextLine>
<TextLine HEIGHT="49" WIDTH="770" VPOS="706" HPOS="418" STYLEREFS="StyleId-E9948964-230A-4FB2-96FE-3D995FB03789-" CS="1">
<String LANG="en-US" CONTENT="2" HEIGHT="39" WIDTH="30" VPOS="707" HPOS="418"/>
<SP HEIGHT="48" WIDTH="24" VPOS="707" HPOS="449"/>
<String LANG="la" CS="1" CONTENT="p."/>
<SP/>
<String LANG="la" CS="1" CONTENT="l."/>
<String LANG="en-US" CONTENT="," HEIGHT="16" WIDTH="8" VPOS="738" HPOS="580"/>
<SP HEIGHT="36" WIDTH="26" VPOS="718" HPOS="589"/>
<String LANG="en-US" CONTENT="vii-x," HEIGHT="48" WIDTH="147" VPOS="706" HPOS="616"/>
<SP HEIGHT="47" WIDTH="25" VPOS="707" HPOS="764"/>
<String LANG="en-US" CONTENT="132" HEIGHT="41" WIDTH="86" VPOS="706" HPOS="790"/>
<SP HEIGHT="48" WIDTH="23" VPOS="706" HPOS="877"/>
<String LANG="la" CONTENT="p.," HEIGHT="37" WIDTH="58" VPOS="717" HPOS="901"/>
<SP HEIGHT="46" WIDTH="28" VPOS="706" HPOS="960"/>
<String LANG="en-US" CS="1" CONTENT="1"/>
<SP/>
<String LANG="en-US" CS="1" CONTENT="l."/>
<SP HEIGHT="40" WIDTH="58" VPOS="706" HPOS="1075"/>
<String LANG="en-US" CONTENT="23" HEIGHT="40" WIDTH="54" VPOS="706" HPOS="1134"/>
<String STYLE="superscript" LANG="en-US" CS="1" CONTENT="&#7580;&#7504;."/>
</TextLine>
<TextLine HEIGHT="49" WIDTH="1023" VPOS="762" HPOS="419" STYLEREFS="StyleId-E9948964-230A-4FB2-96FE-3D995FB03789-" CS="1">
<String CONTENT="Foreword" HEIGHT="40" WIDTH="263" VPOS="764" HPOS="419"/>
<SP HEIGHT="39" WIDTH="27" VPOS="764" HPOS="683"/>
<String CS="1" CONTENT="signed:" HEIGHT="48" WIDTH="168" VPOS="763" HPOS="711"/>
<SP HEIGHT="40" WIDTH="29" VPOS="763" HPOS="909"/>
<String CONTENT="Margaret" HEIGHT="48" WIDTH="254" VPOS="763" HPOS="939"/>
<SP HEIGHT="39" WIDTH="26" VPOS="764" HPOS="1194"/>
<String CONTENT="E." HEIGHT="39" WIDTH="54" VPOS="764" HPOS="1221"/>
<SP HEIGHT="40" WIDTH="27" VPOS="763" HPOS="1276"/>
<String CONTENT="Rich." HEIGHT="41" WIDTH="138" VPOS="762" HPOS="1304"/>
</TextLine>
<TextLine HEIGHT="51" WIDTH="1394" VPOS="818" HPOS="421" STYLEREFS="StyleId-E9948964-230A-4FB2-96FE-3D995FB03789-">
<String CONTENT="Bibliography" HEIGHT="48" WIDTH="354" VPOS="821" HPOS="421"/>
<SP HEIGHT="38" WIDTH="24" VPOS="830" HPOS="776"/>
<String CONTENT="at" HEIGHT="37" WIDTH="51" VPOS="822" HPOS="801"/>
<SP HEIGHT="37" WIDTH="23" VPOS="822" HPOS="853"/>
<String CONTENT="end" HEIGHT="39" WIDTH="92" VPOS="820" HPOS="877"/>
<SP HEIGHT="39" WIDTH="24" VPOS="820" HPOS="970"/>
<String CONTENT="of" HEIGHT="40" WIDTH="52" VPOS="819" HPOS="995"/>
<SP HEIGHT="40" WIDTH="22" VPOS="819" HPOS="1048"/>
<String CONTENT="one" HEIGHT="30" WIDTH="89" VPOS="829" HPOS="1071"/>
<SP HEIGHT="29" WIDTH="25" VPOS="830" HPOS="1161"/>
<String CONTENT="of" HEIGHT="39" WIDTH="51" VPOS="819" HPOS="1187"/>
<SP HEIGHT="40" WIDTH="24" VPOS="819" HPOS="1239"/>
<String CONTENT="the" HEIGHT="39" WIDTH="82" VPOS="820" HPOS="1264"/>
<SP HEIGHT="29" WIDTH="25" VPOS="830" HPOS="1347"/>
<String CONTENT="articles" HEIGHT="41" WIDTH="200" VPOS="818" HPOS="1373"/>
<SP HEIGHT="48" WIDTH="35" VPOS="818" HPOS="1574"/>
<String CONTENT="(p." HEIGHT="49" WIDTH="68" VPOS="818" HPOS="1610"/>
<SP HEIGHT="40" WIDTH="25" VPOS="820" HPOS="1679"/>
<String CONTENT="123)" HEIGHT="43" WIDTH="110" VPOS="819" HPOS="1705"/>
</TextLine>
<TextLine HEIGHT="53" WIDTH="2004" VPOS="874" HPOS="355" STYLEREFS="StyleId-E9948964-230A-4FB2-96FE-3D995FB03789-" CS="1">
<String CONTENT="&#169;" HEIGHT="53" WIDTH="51" VPOS="874" HPOS="355"/>
<SP HEIGHT="53" WIDTH="31" VPOS="874" HPOS="407"/>
<String CONTENT="June" HEIGHT="42" WIDTH="131" VPOS="879" HPOS="439"/>
<SP HEIGHT="42" WIDTH="26" VPOS="879" HPOS="571"/>
<String CONTENT="14," HEIGHT="47" WIDTH="69" VPOS="879" HPOS="598"/>
<SP HEIGHT="47" WIDTH="30" VPOS="879" HPOS="668"/>
<String CONTENT="1931;" HEIGHT="47" WIDTH="142" VPOS="876" HPOS="699"/>
<SP HEIGHT="46" WIDTH="33" VPOS="877" HPOS="842"/>
<String CONTENT="2c." HEIGHT="41" WIDTH="68" VPOS="877" HPOS="876"/>
<SP HEIGHT="31" WIDTH="31" VPOS="887" HPOS="945"/>
<String CONTENT="and" HEIGHT="38" WIDTH="96" VPOS="878" HPOS="977"/>
<SP HEIGHT="39" WIDTH="31" VPOS="878" HPOS="1074"/>
<String CONTENT="aff." HEIGHT="41" WIDTH="82" VPOS="876" HPOS="1106"/>
<SP HEIGHT="40" WIDTH="32" VPOS="877" HPOS="1189"/>
<String CONTENT="June" HEIGHT="40" WIDTH="128" VPOS="877" HPOS="1222"/>
<SP HEIGHT="41" WIDTH="29" VPOS="876" HPOS="1351"/>
<String CONTENT="25;" HEIGHT="47" WIDTH="83" VPOS="876" HPOS="1381"/>
<SP HEIGHT="46" WIDTH="34" VPOS="877" HPOS="1465"/>
<!-- cceid ECB70666-6E8D-1014-9CF5-AEB3FCA41D69 --><String CONTENT="A" HEIGHT="40" WIDTH="41" VPOS="877" HPOS="1500"/>
<SP HEIGHT="40" WIDTH="29" VPOS="877" HPOS="1542"/>
<String CONTENT="39079;" HEIGHT="49" WIDTH="172" VPOS="875" HPOS="1572"/>
<SP HEIGHT="47" WIDTH="35" VPOS="877" HPOS="1745"/>
<String CONTENT="Family" HEIGHT="48" WIDTH="193" VPOS="876" HPOS="1781"/>
<SP HEIGHT="37" WIDTH="32" VPOS="887" HPOS="1975"/>
<String CONTENT="welfare" HEIGHT="41" WIDTH="206" VPOS="875" HPOS="2008"/>
<SP HEIGHT="31" WIDTH="29" VPOS="885" HPOS="2215"/>
<String CS="1" CONTENT="assn." HEIGHT="31" WIDTH="114" VPOS="884" HPOS="2245"/>
</TextLine>
<TextLine HEIGHT="50" WIDTH="672" VPOS="935" HPOS="426" STYLEREFS="StyleId-E9948964-230A-4FB2-96FE-3D995FB03789-">
<String CONTENT="of" HEIGHT="40" WIDTH="51" VPOS="936" HPOS="426"/>
<SP HEIGHT="39" WIDTH="24" VPOS="936" HPOS="478"/>
<String CONTENT="America." HEIGHT="40" WIDTH="240" VPOS="936" HPOS="503"/>
<SP HEIGHT="48" WIDTH="70" VPOS="935" HPOS="744"/>
<String CONTENT="(31-18717)" HEIGHT="50" WIDTH="283" VPOS="935" HPOS="815"/>
</TextLine>
<TextLine HEIGHT="67" WIDTH="636" VPOS="1029" HPOS="351" STYLEREFS="StyleId-328F4B83-A01E-40F2-A87A-4B427F1699CF-">
<String CONTENT="Farleigh," HEIGHT="66" WIDTH="300" VPOS="1030" HPOS="351"/>
<SP HEIGHT="64" WIDTH="29" VPOS="1032" HPOS="652"/>
<String CONTENT="Minor" HEIGHT="56" WIDTH="196" VPOS="1029" HPOS="682"/>
<SP HEIGHT="53" WIDTH="26" VPOS="1031" HPOS="879"/>
<String CONTENT="M." HEIGHT="55" WIDTH="81" VPOS="1031" HPOS="906"/>
</TextLine>
<TextLine HEIGHT="70" WIDTH="1953" VPOS="1106" HPOS="420">
<String CONTENT="Principles" HEIGHT="68" WIDTH="325" VPOS="1108" HPOS="420"/>
<SP HEIGHT="35" WIDTH="39" VPOS="1126" HPOS="746"/>
<String CONTENT="and" HEIGHT="52" WIDTH="114" VPOS="1108" HPOS="786"/>
<SP HEIGHT="67" WIDTH="39" VPOS="1108" HPOS="901"/>
<String CONTENT="problems" HEIGHT="68" WIDTH="285" VPOS="1107" HPOS="941"/>
<SP HEIGHT="36" WIDTH="40" VPOS="1125" HPOS="1227"/>
<String CONTENT="of" HEIGHT="53" WIDTH="65" VPOS="1106" HPOS="1268"/>
<SP HEIGHT="53" WIDTH="36" VPOS="1106" HPOS="1334"/>
<String CONTENT="aircraft" HEIGHT="53" WIDTH="246" VPOS="1106" HPOS="1371"/>
<SP HEIGHT="46" WIDTH="36" VPOS="1113" HPOS="1618"/>
<String CONTENT="engines," HEIGHT="69" WIDTH="250" VPOS="1106" HPOS="1655"/>
<SP HEIGHT="66" WIDTH="36" VPOS="1107" HPOS="1906"/>
<String CONTENT="by" HEIGHT="68" WIDTH="77" VPOS="1107" HPOS="1943"/>
<SP HEIGHT="69" WIDTH="37" VPOS="1106" HPOS="2021"/>
<String CONTENT="Minor" HEIGHT="53" WIDTH="197" VPOS="1106" HPOS="2059"/>
<SP HEIGHT="52" WIDTH="35" VPOS="1106" HPOS="2257"/>
<String CONTENT="M." HEIGHT="53" WIDTH="80" VPOS="1106" HPOS="2293"/>
</TextLine>
<TextLine HEIGHT="133" WIDTH="1998" VPOS="1184" HPOS="350" CS="1">
<String CONTENT="Farleigh." HEIGHT="69" WIDTH="294" VPOS="1186" HPOS="350"/>
<SP HEIGHT="53" WIDTH="75" VPOS="1186" HPOS="645"/>
<String CONTENT="New" HEIGHT="53" WIDTH="140" VPOS="1186" HPOS="721"/>
<SP HEIGHT="52" WIDTH="34" VPOS="1186" HPOS="862"/>
<String CONTENT="York," HEIGHT="68" WIDTH="183" VPOS="1185" HPOS="897"/>
<SP HEIGHT="68" WIDTH="34" VPOS="1185" HPOS="1081"/>
<String CONTENT="J." HEIGHT="54" WIDTH="56" VPOS="1185" HPOS="1116"/>
<SP HEIGHT="54" WIDTH="36" VPOS="1186" HPOS="1173"/>
<String CONTENT="Wiley" HEIGHT="70" WIDTH="193" VPOS="1185" HPOS="1210"/>
<SP HEIGHT="68" WIDTH="34" VPOS="1187" HPOS="1404"/>
<String CONTENT="&amp;" HEIGHT="50" WIDTH="47" VPOS="1187" HPOS="1439"/>
<SP HEIGHT="51" WIDTH="34" VPOS="1187" HPOS="1487"/>
<String CONTENT="sons," HEIGHT="51" WIDTH="147" VPOS="1203" HPOS="1522"/>
<SP HEIGHT="70" WIDTH="35" VPOS="1184" HPOS="1670"/>
<String CONTENT="inc.;" HEIGHT="68" WIDTH="138" VPOS="1184" HPOS="1706"/>
<SP HEIGHT="67" WIDTH="36" VPOS="1185" HPOS="1845"/>
<String CONTENT="London," HEIGHT="67" WIDTH="263" VPOS="1185" HPOS="1882"/>
<SP HEIGHT="68" WIDTH="36" VPOS="1184" HPOS="2146"/>
<String CONTENT="Chapman" HEIGHT="133" WIDTH="1998" VPOS="1184" HPOS="350"/>
<SP HEIGHT="51" WIDTH="24" VPOS="1266" HPOS="485"/>
<String CONTENT="&amp;" HEIGHT="51" WIDTH="46" VPOS="1266" HPOS="510"/>
</TextLine>
<TextLine HEIGHT="68" WIDTH="614" VPOS="1263" HPOS="581">
<String CONTENT="Hall," HEIGHT="68" WIDTH="163" VPOS="1263" HPOS="581"/>
<SP HEIGHT="66" WIDTH="24" VPOS="1265" HPOS="745"/>
<String CONTENT="limited," HEIGHT="67" WIDTH="245" VPOS="1264" HPOS="770"/>
<SP HEIGHT="64" WIDTH="26" VPOS="1267" HPOS="1016"/>
<String CONTENT="1931." HEIGHT="51" WIDTH="152" VPOS="1266" HPOS="1043"/>
</TextLine>
<TextLine HEIGHT="51" WIDTH="1433" VPOS="1345" HPOS="424" STYLEREFS="StyleId-E9948964-230A-4FB2-96FE-3D995FB03789-" CS="1">
<String CONTENT="xi," HEIGHT="48" WIDTH="64" VPOS="1348" HPOS="424"/>
<SP HEIGHT="48" WIDTH="33" VPOS="1348" HPOS="489"/>
<String CONTENT="277" HEIGHT="40" WIDTH="87" VPOS="1348" HPOS="523"/>
<SP HEIGHT="46" WIDTH="31" VPOS="1350" HPOS="611"/>
<String CONTENT="p." HEIGHT="37" WIDTH="43" VPOS="1359" HPOS="643"/>
<SP HEIGHT="41" WIDTH="33" VPOS="1347" HPOS="687"/>
<String CONTENT="incl." HEIGHT="41" WIDTH="111" VPOS="1347" HPOS="721"/>
<SP HEIGHT="41" WIDTH="32" VPOS="1347" HPOS="833"/>
<String CONTENT="front.," HEIGHT="47" WIDTH="165" VPOS="1347" HPOS="866"/>
<SP HEIGHT="47" WIDTH="33" VPOS="1347" HPOS="1032"/>
<String CONTENT="illus.," HEIGHT="46" WIDTH="145" VPOS="1347" HPOS="1066"/>
<SP HEIGHT="45" WIDTH="35" VPOS="1348" HPOS="1212"/>
<String CONTENT="diagrs." HEIGHT="48" WIDTH="181" VPOS="1346" HPOS="1248"/>
<SP HEIGHT="41" WIDTH="59" VPOS="1346" HPOS="1430"/>
<String CONTENT="24" HEIGHT="39" WIDTH="56" VPOS="1346" HPOS="1490"/>
<String STYLE="superscript" CS="1" CONTENT="&#7580;&#7504;."/>
<SP/>
<String CONTENT="$3.00" HEIGHT="48" WIDTH="131" VPOS="1345" HPOS="1726"/>
</TextLine>
<TextLine HEIGHT="52" WIDTH="2017" VPOS="1403" HPOS="358" STYLEREFS="StyleId-E9948964-230A-4FB2-96FE-3D995FB03789-" CS="1">
<String CONTENT="&#169;" HEIGHT="52" WIDTH="52" VPOS="1403" HPOS="358"/>
<SP HEIGHT="52" WIDTH="36" VPOS="1403" HPOS="411"/>
<String CONTENT="July" HEIGHT="48" WIDTH="117" VPOS="1407" HPOS="448"/>
<SP HEIGHT="51" WIDTH="32" VPOS="1404" HPOS="566"/>
<String CONTENT="9," HEIGHT="49" WIDTH="40" VPOS="1404" HPOS="599"/>
<SP HEIGHT="47" WIDTH="36" VPOS="1406" HPOS="640"/>
<String CS="1" CONTENT="1931;" HEIGHT="41" WIDTH="113" VPOS="1404" HPOS="677"/>
<SP HEIGHT="47" WIDTH="37" VPOS="1405" HPOS="819"/>
<String CONTENT="2c." HEIGHT="40" WIDTH="68" VPOS="1405" HPOS="857"/>
<SP HEIGHT="40" WIDTH="35" VPOS="1405" HPOS="926"/>
<String CONTENT="July" HEIGHT="47" WIDTH="117" VPOS="1405" HPOS="962"/>
<SP HEIGHT="47" WIDTH="34" VPOS="1405" HPOS="1080"/>
<String CS="1" CONTENT="14;" HEIGHT="38" WIDTH="55" VPOS="1405" HPOS="1115"/>
<SP HEIGHT="31" WIDTH="39" VPOS="1414" HPOS="1198"/>
<String CONTENT="aff." HEIGHT="42" WIDTH="83" VPOS="1403" HPOS="1238"/>
<SP HEIGHT="41" WIDTH="36" VPOS="1404" HPOS="1322"/>
<String CONTENT="July" HEIGHT="48" WIDTH="116" VPOS="1404" HPOS="1359"/>
<SP HEIGHT="47" WIDTH="36" VPOS="1405" HPOS="1476"/>
<String CS="1" CONTENT="11;" HEIGHT="38" WIDTH="52" VPOS="1405" HPOS="1513"/>
<SP HEIGHT="46" WIDTH="37" VPOS="1404" HPOS="1595"/>
<!-- cceid ECB76F6A-6E8D-1014-9CF5-AEB3FCA41D69 --><String CONTENT="A" HEIGHT="39" WIDTH="44" VPOS="1404" HPOS="1633"/>
<SP HEIGHT="39" WIDTH="31" VPOS="1404" HPOS="1678"/>
<String CS="1" CONTENT="40348;" HEIGHT="41" WIDTH="150" VPOS="1404" HPOS="1710"/>
<SP HEIGHT="46" WIDTH="40" VPOS="1405" HPOS="1885"/>
<String LANG="la" CONTENT="M." HEIGHT="38" WIDTH="62" VPOS="1405" HPOS="1926"/>
<SP HEIGHT="39" WIDTH="38" VPOS="1404" HPOS="1989"/>
<String CONTENT="M." HEIGHT="41" WIDTH="64" VPOS="1404" HPOS="2028"/>
<SP HEIGHT="41" WIDTH="37" VPOS="1404" HPOS="2093"/>
<String CONTENT="Farleigh," HEIGHT="50" WIDTH="244" VPOS="1403" HPOS="2131"/>
</TextLine>
<TextLine HEIGHT="50" WIDTH="836" VPOS="1461" HPOS="428" STYLEREFS="StyleId-E9948964-230A-4FB2-96FE-3D995FB03789-">
<String CONTENT="Hollywood," HEIGHT="47" WIDTH="304" VPOS="1464" HPOS="428"/>
<SP HEIGHT="47" WIDTH="30" VPOS="1463" HPOS="733"/>
<String CONTENT="Calif." HEIGHT="40" WIDTH="145" VPOS="1463" HPOS="764"/>
<SP HEIGHT="47" WIDTH="71" VPOS="1462" HPOS="910"/>
<String CONTENT="(31-19206)" HEIGHT="48" WIDTH="282" VPOS="1461" HPOS="982"/>
</TextLine>
<TextLine HEIGHT="67" WIDTH="1242" VPOS="1554" HPOS="355" STYLEREFS="StyleId-328F4B83-A01E-40F2-A87A-4B427F1699CF-">
<String CONTENT="Federated" HEIGHT="55" WIDTH="332" VPOS="1557" HPOS="355"/>
<SP HEIGHT="64" WIDTH="28" VPOS="1557" HPOS="688"/>
<String CONTENT="garden" HEIGHT="65" WIDTH="227" VPOS="1556" HPOS="717"/>
<SP HEIGHT="37" WIDTH="28" VPOS="1574" HPOS="945"/>
<String CONTENT="clubs" HEIGHT="55" WIDTH="167" VPOS="1556" HPOS="974"/>
<SP HEIGHT="39" WIDTH="24" VPOS="1572" HPOS="1142"/>
<String CONTENT="of" HEIGHT="55" WIDTH="66" VPOS="1556" HPOS="1167"/>
<SP HEIGHT="54" WIDTH="26" VPOS="1556" HPOS="1234"/>
<String CONTENT="Maryland." HEIGHT="67" WIDTH="336" VPOS="1554" HPOS="1261"/>
</TextLine>
<TextLine HEIGHT="71" WIDTH="1958" VPOS="1632" HPOS="419">
<String CONTENT="More" HEIGHT="53" WIDTH="162" VPOS="1634" HPOS="419"/>
<SP HEIGHT="51" WIDTH="30" VPOS="1652" HPOS="582"/>
<String CONTENT="gardens" HEIGHT="69" WIDTH="246" VPOS="1634" HPOS="613"/>
<SP HEIGHT="33" WIDTH="31" VPOS="1654" HPOS="860"/>
<String CONTENT="and" HEIGHT="53" WIDTH="114" VPOS="1634" HPOS="892"/>
<SP HEIGHT="52" WIDTH="34" VPOS="1634" HPOS="1007"/>
<String CONTENT="houses" HEIGHT="55" WIDTH="201" VPOS="1634" HPOS="1042"/>
<SP HEIGHT="36" WIDTH="36" VPOS="1653" HPOS="1244"/>
<String CONTENT="of" HEIGHT="52" WIDTH="63" VPOS="1635" HPOS="1281"/>
<SP HEIGHT="53" WIDTH="32" VPOS="1634" HPOS="1345"/>
<String CONTENT="Maryland;" HEIGHT="70" WIDTH="342" VPOS="1633" HPOS="1378"/>
<SP HEIGHT="49" WIDTH="35" VPOS="1652" HPOS="1721"/>
<String CONTENT="a" HEIGHT="34" WIDTH="32" VPOS="1654" HPOS="1757"/>
<SP HEIGHT="54" WIDTH="34" VPOS="1634" HPOS="1790"/>
<String CONTENT="descriptive" HEIGHT="70" WIDTH="343" VPOS="1632" HPOS="1825"/>
<SP HEIGHT="52" WIDTH="33" VPOS="1651" HPOS="2169"/>
<String CONTENT="guide" HEIGHT="70" WIDTH="174" VPOS="1633" HPOS="2203"/>
</TextLine>
<TextLine HEIGHT="149" WIDTH="2002" VPOS="1712" HPOS="349" CS="1">
<String CONTENT="book" HEIGHT="53" WIDTH="147" VPOS="1714" HPOS="349"/>
<SP HEIGHT="52" WIDTH="26" VPOS="1714" HPOS="497"/>
<String CONTENT="for" HEIGHT="53" WIDTH="93" VPOS="1714" HPOS="524"/>
<SP HEIGHT="34" WIDTH="24" VPOS="1732" HPOS="618"/>
<String CONTENT="use" HEIGHT="36" WIDTH="96" VPOS="1731" HPOS="643"/>
<SP HEIGHT="35" WIDTH="24" VPOS="1731" HPOS="740"/>
<String CONTENT="on" HEIGHT="34" WIDTH="71" VPOS="1732" HPOS="765"/>
<SP HEIGHT="47" WIDTH="29" VPOS="1718" HPOS="837"/>
<String CONTENT="the" HEIGHT="55" WIDTH="96" VPOS="1713" HPOS="867"/>
<SP HEIGHT="35" WIDTH="27" VPOS="1733" HPOS="964"/>
<String CONTENT="second" HEIGHT="54" WIDTH="202" VPOS="1714" HPOS="992"/>
<SP HEIGHT="68" WIDTH="28" VPOS="1714" HPOS="1195"/>
<String CONTENT="pilgrimage" HEIGHT="70" WIDTH="348" VPOS="1712" HPOS="1224"/>
<SP HEIGHT="33" WIDTH="29" VPOS="1733" HPOS="1573"/>
<String CONTENT="arranged" HEIGHT="69" WIDTH="282" VPOS="1713" HPOS="1603"/>
<SP HEIGHT="53" WIDTH="29" VPOS="1713" HPOS="1886"/>
<String CONTENT="under" HEIGHT="53" WIDTH="181" VPOS="1713" HPOS="1916"/>
<SP HEIGHT="47" WIDTH="27" VPOS="1721" HPOS="2098"/>
<String CONTENT="the" HEIGHT="54" WIDTH="95" VPOS="1714" HPOS="2126"/>
<SP HEIGHT="35" WIDTH="28" VPOS="1732" HPOS="2222"/>
<String CONTENT="auspices" HEIGHT="130" WIDTH="2000" VPOS="1731" HPOS="351"/>
</TextLine>
<TextLine HEIGHT="134" WIDTH="1999" VPOS="1791" HPOS="352" CS="1">
<String CONTENT="of" HEIGHT="53" WIDTH="64" VPOS="1792" HPOS="541"/>
<SP HEIGHT="54" WIDTH="33" VPOS="1792" HPOS="606"/>
<String CONTENT="the" HEIGHT="54" WIDTH="95" VPOS="1792" HPOS="640"/>
<SP HEIGHT="52" WIDTH="38" VPOS="1793" HPOS="736"/>
<String CONTENT="Federated" HEIGHT="55" WIDTH="318" VPOS="1791" HPOS="775"/>
<SP HEIGHT="69" WIDTH="36" VPOS="1791" HPOS="1094"/>
<String CONTENT="garden" HEIGHT="69" WIDTH="219" VPOS="1791" HPOS="1131"/>
<SP HEIGHT="35" WIDTH="35" VPOS="1811" HPOS="1351"/>
<String CONTENT="clubs" HEIGHT="55" WIDTH="157" VPOS="1792" HPOS="1387"/>
<SP HEIGHT="36" WIDTH="34" VPOS="1811" HPOS="1545"/>
<String CONTENT="of" HEIGHT="54" WIDTH="64" VPOS="1791" HPOS="1580"/>
<SP HEIGHT="53" WIDTH="33" VPOS="1791" HPOS="1645"/>
<String CONTENT="Maryland." HEIGHT="70" WIDTH="330" VPOS="1791" HPOS="1679"/>
<SP HEIGHT="52" WIDTH="74" VPOS="1792" HPOS="2010"/>
<String CONTENT="The" HEIGHT="53" WIDTH="123" VPOS="1792" HPOS="2085"/>
<SP HEIGHT="51" WIDTH="36" VPOS="1810" HPOS="2209"/>
<String CONTENT="proceeds" HEIGHT="115" WIDTH="1999" VPOS="1810" HPOS="352"/>
</TextLine>
<TextLine HEIGHT="70" WIDTH="1816" VPOS="1869" HPOS="557">
<String CONTENT="of" HEIGHT="53" WIDTH="65" VPOS="1870" HPOS="557"/>
<SP HEIGHT="54" WIDTH="40" VPOS="1870" HPOS="623"/>
<String CONTENT="this" HEIGHT="55" WIDTH="116" VPOS="1870" HPOS="664"/>
<SP HEIGHT="50" WIDTH="42" VPOS="1889" HPOS="781"/>
<String CONTENT="pilgrimage" HEIGHT="70" WIDTH="345" VPOS="1869" HPOS="824"/>
<SP HEIGHT="34" WIDTH="43" VPOS="1889" HPOS="1170"/>
<String CONTENT="will" HEIGHT="54" WIDTH="121" VPOS="1869" HPOS="1214"/>
<SP HEIGHT="54" WIDTH="41" VPOS="1869" HPOS="1336"/>
<String CONTENT="be" HEIGHT="53" WIDTH="66" VPOS="1870" HPOS="1378"/>
<SP HEIGHT="34" WIDTH="41" VPOS="1889" HPOS="1445"/>
<String CONTENT="used" HEIGHT="54" WIDTH="136" VPOS="1870" HPOS="1487"/>
<SP HEIGHT="54" WIDTH="44" VPOS="1869" HPOS="1624"/>
<String CONTENT="for" HEIGHT="54" WIDTH="94" VPOS="1869" HPOS="1669"/>
<SP HEIGHT="48" WIDTH="41" VPOS="1877" HPOS="1764"/>
<String CONTENT="the" HEIGHT="55" WIDTH="97" VPOS="1870" HPOS="1806"/>
<SP HEIGHT="50" WIDTH="42" VPOS="1889" HPOS="1904"/>
<String CONTENT="planting" HEIGHT="70" WIDTH="271" VPOS="1869" HPOS="1947"/>
<SP HEIGHT="50" WIDTH="42" VPOS="1889" HPOS="2219"/>
<String CONTENT="and" HEIGHT="53" WIDTH="111" VPOS="1872" HPOS="2262"/>
</TextLine>
<TextLine HEIGHT="72" WIDTH="2025" VPOS="1947" HPOS="350">
<String CONTENT="beautification" HEIGHT="56" WIDTH="428" VPOS="1947" HPOS="350"/>
<SP HEIGHT="34" WIDTH="42" VPOS="1968" HPOS="779"/>
<String CONTENT="of" HEIGHT="54" WIDTH="63" VPOS="1948" HPOS="822"/>
<SP HEIGHT="53" WIDTH="40" VPOS="1948" HPOS="886"/>
<String CONTENT="the" HEIGHT="54" WIDTH="95" VPOS="1949" HPOS="927"/>
<SP HEIGHT="56" WIDTH="46" VPOS="1947" HPOS="1023"/>
<String CONTENT="five" HEIGHT="54" WIDTH="107" VPOS="1947" HPOS="1070"/>
<SP HEIGHT="36" WIDTH="42" VPOS="1968" HPOS="1178"/>
<String CONTENT="entrances" HEIGHT="49" WIDTH="296" VPOS="1955" HPOS="1221"/>
<SP HEIGHT="56" WIDTH="42" VPOS="1947" HPOS="1518"/>
<String CONTENT="from" HEIGHT="54" WIDTH="153" VPOS="1947" HPOS="1561"/>
<SP HEIGHT="53" WIDTH="43" VPOS="1949" HPOS="1715"/>
<String CONTENT="Maryland" HEIGHT="70" WIDTH="310" VPOS="1949" HPOS="1759"/>
<SP HEIGHT="54" WIDTH="45" VPOS="1948" HPOS="2070"/>
<String CONTENT="into" HEIGHT="55" WIDTH="121" VPOS="1948" HPOS="2116"/>
<SP HEIGHT="48" WIDTH="44" VPOS="1954" HPOS="2238"/>
<String CONTENT="the" HEIGHT="52" WIDTH="92" VPOS="1949" HPOS="2283"/>
</TextLine>
<TextLine HEIGHT="150" WIDTH="1998" VPOS="2025" HPOS="351" CS="1">
<String CONTENT="District" HEIGHT="57" WIDTH="245" VPOS="2025" HPOS="353"/>
<SP HEIGHT="48" WIDTH="27" VPOS="2034" HPOS="599"/>
<String CONTENT="of" HEIGHT="53" WIDTH="64" VPOS="2027" HPOS="627"/>
<SP HEIGHT="56" WIDTH="27" VPOS="2026" HPOS="692"/>
<String CONTENT="Columbia" HEIGHT="56" WIDTH="300" VPOS="2026" HPOS="720"/>
<SP HEIGHT="35" WIDTH="26" VPOS="2046" HPOS="1021"/>
<String CONTENT="on" HEIGHT="33" WIDTH="73" VPOS="2046" HPOS="1048"/>
<SP HEIGHT="48" WIDTH="26" VPOS="2033" HPOS="1122"/>
<String CONTENT="the" HEIGHT="54" WIDTH="96" VPOS="2027" HPOS="1149"/>
<SP HEIGHT="34" WIDTH="28" VPOS="2046" HPOS="1246"/>
<String CONTENT="occasion" HEIGHT="54" WIDTH="256" VPOS="2027" HPOS="1275"/>
<SP HEIGHT="36" WIDTH="29" VPOS="2046" HPOS="1532"/>
<String CONTENT="of" HEIGHT="56" WIDTH="63" VPOS="2026" HPOS="1562"/>
<SP HEIGHT="54" WIDTH="26" VPOS="2026" HPOS="1626"/>
<String CONTENT="the" HEIGHT="53" WIDTH="95" VPOS="2028" HPOS="1653"/>
<SP HEIGHT="54" WIDTH="27" VPOS="2027" HPOS="1749"/>
<String CONTENT="Washington" HEIGHT="70" WIDTH="382" VPOS="2027" HPOS="1777"/>
<SP HEIGHT="52" WIDTH="31" VPOS="2028" HPOS="2160"/>
<String CONTENT="bicentenary" HEIGHT="148" WIDTH="1998" VPOS="2027" HPOS="351"/>
</TextLine>
<TextLine HEIGHT="71" WIDTH="1791" VPOS="2105" HPOS="585" CS="1">
<String CONTENT="in" HEIGHT="52" WIDTH="60" VPOS="2107" HPOS="585"/>
<SP HEIGHT="48" WIDTH="31" VPOS="2110" HPOS="646"/>
<String CONTENT="1932." HEIGHT="49" WIDTH="150" VPOS="2109" HPOS="678"/>
<SP HEIGHT="53" WIDTH="76" VPOS="2105" HPOS="829"/>
<String CONTENT="May" HEIGHT="71" WIDTH="140" VPOS="2105" HPOS="906"/>
<SP HEIGHT="68" WIDTH="27" VPOS="2108" HPOS="1047"/>
<String CONTENT="4," HEIGHT="65" WIDTH="51" VPOS="2108" HPOS="1075"/>
<SP HEIGHT="65" WIDTH="29" VPOS="2108" HPOS="1127"/>
<String CONTENT="5," HEIGHT="66" WIDTH="48" VPOS="2108" HPOS="1157"/>
<SP HEIGHT="66" WIDTH="32" VPOS="2108" HPOS="1206"/>
<String CS="1" CONTENT="6," HEIGHT="25" WIDTH="11" VPOS="2150" HPOS="1276"/>
<SP HEIGHT="70" WIDTH="29" VPOS="2105" HPOS="1288"/>
<String CONTENT="7," HEIGHT="70" WIDTH="50" VPOS="2105" HPOS="1318"/>
<SP HEIGHT="67" WIDTH="29" VPOS="2108" HPOS="1369"/>
<String CONTENT="8," HEIGHT="65" WIDTH="49" VPOS="2108" HPOS="1399"/>
<SP HEIGHT="47" WIDTH="32" VPOS="2126" HPOS="1449"/>
<String CONTENT="and" HEIGHT="55" WIDTH="112" VPOS="2105" HPOS="1482"/>
<SP HEIGHT="54" WIDTH="31" VPOS="2105" HPOS="1595"/>
<String CONTENT="9," HEIGHT="67" WIDTH="50" VPOS="2109" HPOS="1627"/>
<SP HEIGHT="66" WIDTH="32" VPOS="2110" HPOS="1678"/>
<String CONTENT="1931" HEIGHT="50" WIDTH="130" VPOS="2109" HPOS="1711"/>
<SP HEIGHT="52" WIDTH="38" VPOS="2109" HPOS="1842"/>
<String CS="1" CONTENT="&#8230;"/>
<SP HEIGHT="34" WIDTH="84" VPOS="2142" HPOS="1939"/>
<String CONTENT="[Baltimore," HEIGHT="70" WIDTH="352" VPOS="2106" HPOS="2024"/>
</TextLine>
<TextLine HEIGHT="73" WIDTH="1126" VPOS="2181" HPOS="352" CS="1">
<String CONTENT="The" HEIGHT="53" WIDTH="121" VPOS="2184" HPOS="352"/>
<SP HEIGHT="53" WIDTH="37" VPOS="2184" HPOS="474"/>
<String CONTENT="Barton-Gillet" HEIGHT="57" WIDTH="429" VPOS="2181" HPOS="512"/>
<SP HEIGHT="46" WIDTH="39" VPOS="2190" HPOS="942"/>
<String CONTENT="company," HEIGHT="53" WIDTH="300" VPOS="2201" HPOS="982"/>
<SP HEIGHT="63" WIDTH="38" VPOS="2191" HPOS="1283"/>
<String STYLE="superscript" CS="1" CONTENT="&#7580;1"/>
<String CS="1" CONTENT="931]" HEIGHT="49" WIDTH="99" VPOS="2187" HPOS="1379"/>
</TextLine>
<TextLine HEIGHT="51" WIDTH="762" VPOS="2263" HPOS="422" STYLEREFS="StyleId-E9948964-230A-4FB2-96FE-3D995FB03789-" CS="1">
<String CONTENT="48" HEIGHT="42" WIDTH="60" VPOS="2263" HPOS="422"/>
<SP HEIGHT="50" WIDTH="29" VPOS="2263" HPOS="483"/>
<String CONTENT="p." HEIGHT="37" WIDTH="43" VPOS="2276" HPOS="513"/>
<SP HEIGHT="42" WIDTH="34" VPOS="2263" HPOS="557"/>
<String CONTENT="incl." HEIGHT="42" WIDTH="110" VPOS="2263" HPOS="592"/>
<SP HEIGHT="41" WIDTH="30" VPOS="2264" HPOS="703"/>
<String CONTENT="front.," HEIGHT="50" WIDTH="167" VPOS="2264" HPOS="734"/>
<SP HEIGHT="50" WIDTH="33" VPOS="2264" HPOS="902"/>
<String CONTENT="illus." HEIGHT="42" WIDTH="129" VPOS="2264" HPOS="936"/>
<SP HEIGHT="41" WIDTH="60" VPOS="2265" HPOS="1066"/>
<String CONTENT="22" HEIGHT="40" WIDTH="57" VPOS="2265" HPOS="1127"/>
<String STYLE="superscript" CS="1" CONTENT="&#7580;&#7504;."/>
</TextLine>
<TextLine HEIGHT="50" WIDTH="1099" VPOS="2321" HPOS="425" STYLEREFS="StyleId-E9948964-230A-4FB2-96FE-3D995FB03789-">
<String CONTENT="Blank" HEIGHT="41" WIDTH="162" VPOS="2321" HPOS="425"/>
<SP HEIGHT="50" WIDTH="29" VPOS="2321" HPOS="588"/>
<String CONTENT="pages" HEIGHT="39" WIDTH="147" VPOS="2332" HPOS="618"/>
<SP HEIGHT="42" WIDTH="27" VPOS="2321" HPOS="766"/>
<String CONTENT="for" HEIGHT="42" WIDTH="81" VPOS="2321" HPOS="794"/>
<SP HEIGHT="39" WIDTH="29" VPOS="2323" HPOS="876"/>
<String CONTENT="&#8220;Memoranda&#8221;" HEIGHT="42" WIDTH="379" VPOS="2321" HPOS="906"/>
<SP HEIGHT="50" WIDTH="41" VPOS="2321" HPOS="1286"/>
<String CONTENT="(45-48)" HEIGHT="50" WIDTH="196" VPOS="2321" HPOS="1328"/>
</TextLine>
<TextLine HEIGHT="55" WIDTH="2018" VPOS="2378" HPOS="363" STYLEREFS="StyleId-E9948964-230A-4FB2-96FE-3D995FB03789-" CS="1">
<String CONTENT="&#169;" HEIGHT="52" WIDTH="52" VPOS="2378" HPOS="363"/>
<SP HEIGHT="52" WIDTH="28" VPOS="2378" HPOS="416"/>
<String CONTENT="Apr." HEIGHT="47" WIDTH="115" VPOS="2383" HPOS="445"/>
<SP HEIGHT="41" WIDTH="25" VPOS="2382" HPOS="561"/>
<String CONTENT="15," HEIGHT="47" WIDTH="70" VPOS="2382" HPOS="587"/>
<SP HEIGHT="46" WIDTH="27" VPOS="2383" HPOS="658"/>
<String CS="1" CONTENT="1931;" HEIGHT="40" WIDTH="113" VPOS="2382" HPOS="686"/>
<SP HEIGHT="42" WIDTH="29" VPOS="2381" HPOS="828"/>
<String CONTENT="2c." HEIGHT="41" WIDTH="66" VPOS="2381" HPOS="858"/>
<SP HEIGHT="29" WIDTH="29" VPOS="2393" HPOS="925"/>
<String CONTENT="and" HEIGHT="39" WIDTH="96" VPOS="2383" HPOS="955"/>
<SP HEIGHT="39" WIDTH="28" VPOS="2383" HPOS="1052"/>
<String CONTENT="aff." HEIGHT="41" WIDTH="83" VPOS="2382" HPOS="1081"/>
<SP HEIGHT="40" WIDTH="28" VPOS="2383" HPOS="1165"/>
<String CONTENT="Apr." HEIGHT="47" WIDTH="114" VPOS="2383" HPOS="1194"/>
<SP HEIGHT="40" WIDTH="29" VPOS="2382" HPOS="1309"/>
<String CS="1" CONTENT="20;" HEIGHT="40" WIDTH="60" VPOS="2382" HPOS="1339"/>
<SP HEIGHT="41" WIDTH="30" VPOS="2382" HPOS="1423"/>
<!-- cceid ECB7D933-6E8D-1014-9CF5-AEB3FCA41D69 --><String CONTENT="A" HEIGHT="39" WIDTH="40" VPOS="2382" HPOS="1454"/>
<SP HEIGHT="42" WIDTH="28" VPOS="2382" HPOS="1495"/>
<String CONTENT="37010;" HEIGHT="48" WIDTH="171" VPOS="2382" HPOS="1524"/>
<SP HEIGHT="46" WIDTH="33" VPOS="2384" HPOS="1696"/>
<String CONTENT="Federated" HEIGHT="41" WIDTH="271" VPOS="2384" HPOS="1730"/>
<SP HEIGHT="46" WIDTH="30" VPOS="2387" HPOS="2002"/>
<String CONTENT="garden" HEIGHT="48" WIDTH="183" VPOS="2385" HPOS="2033"/>
<SP HEIGHT="28" WIDTH="29" VPOS="2396" HPOS="2217"/>
<String CONTENT="clubs" HEIGHT="39" WIDTH="134" VPOS="2385" HPOS="2247"/>
</TextLine>
<TextLine HEIGHT="49" WIDTH="1010" VPOS="2438" HPOS="436" STYLEREFS="StyleId-E9948964-230A-4FB2-96FE-3D995FB03789-">
<String CONTENT="of" HEIGHT="41" WIDTH="51" VPOS="2439" HPOS="436"/>
<SP HEIGHT="40" WIDTH="22" VPOS="2439" HPOS="488"/>
<String CONTENT="Maryland." HEIGHT="46" WIDTH="276" VPOS="2441" HPOS="511"/>
<SP HEIGHT="40" WIDTH="25" VPOS="2441" HPOS="788"/>
<String CONTENT="Baltimore." HEIGHT="41" WIDTH="284" VPOS="2439" HPOS="814"/>
<SP HEIGHT="48" WIDTH="64" VPOS="2439" HPOS="1099"/>
<String CONTENT="(31-19249)" HEIGHT="49" WIDTH="282" VPOS="2438" HPOS="1164"/>
</TextLine>
<TextLine HEIGHT="65" WIDTH="575" VPOS="2522" HPOS="359" STYLEREFS="StyleId-328F4B83-A01E-40F2-A87A-4B427F1699CF-">
<String LANG="en-US" CONTENT="Fergusson," HEIGHT="65" WIDTH="361" VPOS="2522" HPOS="359"/>
<SP HEIGHT="65" WIDTH="30" VPOS="2522" HPOS="721"/>
<String LANG="de" CONTENT="Erna." HEIGHT="55" WIDTH="182" VPOS="2522" HPOS="752"/>
</TextLine>
<TextLine HEIGHT="70" WIDTH="1935" VPOS="2598" HPOS="440">
<String CONTENT="Dancing" HEIGHT="69" WIDTH="271" VPOS="2599" HPOS="440"/>
<SP HEIGHT="51" WIDTH="47" VPOS="2617" HPOS="712"/>
<String CONTENT="gods;" HEIGHT="69" WIDTH="171" VPOS="2599" HPOS="760"/>
<SP HEIGHT="66" WIDTH="53" VPOS="2599" HPOS="932"/>
<String CONTENT="Indian" HEIGHT="54" WIDTH="215" VPOS="2598" HPOS="986"/>
<SP HEIGHT="35" WIDTH="51" VPOS="2617" HPOS="1202"/>
<String CONTENT="ceremonials" HEIGHT="53" WIDTH="371" VPOS="2600" HPOS="1254"/>
<SP HEIGHT="34" WIDTH="50" VPOS="2619" HPOS="1626"/>
<String CONTENT="of" HEIGHT="54" WIDTH="66" VPOS="2599" HPOS="1677"/>
<SP HEIGHT="55" WIDTH="49" VPOS="2599" HPOS="1744"/>
<String CONTENT="New" HEIGHT="54" WIDTH="140" VPOS="2600" HPOS="1794"/>
<SP HEIGHT="52" WIDTH="50" VPOS="2601" HPOS="1935"/>
<String CONTENT="Mexico" HEIGHT="54" WIDTH="226" VPOS="2601" HPOS="1986"/>
<SP HEIGHT="34" WIDTH="52" VPOS="2621" HPOS="2213"/>
<String CONTENT="and" HEIGHT="52" WIDTH="109" VPOS="2603" HPOS="2266"/>
</TextLine>
<TextLine HEIGHT="71" WIDTH="2010" VPOS="2677" HPOS="368">
<String CONTENT="Arizona," HEIGHT="67" WIDTH="275" VPOS="2677" HPOS="368"/>
<SP HEIGHT="67" WIDTH="27" VPOS="2677" HPOS="644"/>
<String CONTENT="by" HEIGHT="69" WIDTH="75" VPOS="2677" HPOS="672"/>
<SP HEIGHT="69" WIDTH="29" VPOS="2677" HPOS="748"/>
<String LANG="de" CONTENT="Erna" HEIGHT="53" WIDTH="159" VPOS="2677" HPOS="778"/>
<SP HEIGHT="52" WIDTH="27" VPOS="2678" HPOS="938"/>
<String CONTENT="Fergusson." HEIGHT="68" WIDTH="345" VPOS="2678" HPOS="966"/>
<SP HEIGHT="53" WIDTH="65" VPOS="2678" HPOS="1312"/>
<String CONTENT="New" HEIGHT="53" WIDTH="140" VPOS="2678" HPOS="1378"/>
<SP HEIGHT="53" WIDTH="28" VPOS="2678" HPOS="1519"/>
<String CONTENT="York," HEIGHT="68" WIDTH="183" VPOS="2678" HPOS="1548"/>
<SP HEIGHT="67" WIDTH="26" VPOS="2679" HPOS="1732"/>
<String CONTENT="A." HEIGHT="53" WIDTH="72" VPOS="2679" HPOS="1759"/>
<SP HEIGHT="53" WIDTH="29" VPOS="2679" HPOS="1832"/>
<String CONTENT="A." HEIGHT="53" WIDTH="72" VPOS="2679" HPOS="1862"/>
<SP HEIGHT="52" WIDTH="29" VPOS="2680" HPOS="1935"/>
<String CONTENT="Knopf," HEIGHT="69" WIDTH="230" VPOS="2679" HPOS="1965"/>
<SP HEIGHT="63" WIDTH="32" VPOS="2685" HPOS="2196"/>
<String CONTENT="1931." HEIGHT="49" WIDTH="149" VPOS="2684" HPOS="2229"/>
</TextLine>
<TextLine HEIGHT="50" WIDTH="1060" VPOS="2757" HPOS="440" CS="1">
<String CONTENT="xxvi," HEIGHT="49" WIDTH="132" VPOS="2758" HPOS="440"/>
<SP HEIGHT="50" WIDTH="26" VPOS="2757" HPOS="573"/>
<String CONTENT="276," HEIGHT="48" WIDTH="100" VPOS="2757" HPOS="600"/>
<SP HEIGHT="36" WIDTH="27" VPOS="2769" HPOS="701"/>
<String CS="1" CONTENT="X"/>
<SP HEIGHT="38" WIDTH="25" VPOS="2768" HPOS="760"/>
<String LANG="la" CONTENT="p.," HEIGHT="38" WIDTH="57" VPOS="2768" HPOS="786"/>
<SP HEIGHT="46" WIDTH="28" VPOS="2759" HPOS="844"/>
<String CS="1" CONTENT="1"/>
<SP/>
<String CS="1" CONTENT="l."/>
<SP HEIGHT="41" WIDTH="60" VPOS="2758" HPOS="956"/>
<String CONTENT="front.," HEIGHT="49" WIDTH="165" VPOS="2758" HPOS="1017"/>
<SP HEIGHT="39" WIDTH="26" VPOS="2768" HPOS="1183"/>
<String CONTENT="plates." HEIGHT="48" WIDTH="175" VPOS="2759" HPOS="1210"/>
<SP HEIGHT="40" WIDTH="58" VPOS="2759" HPOS="1386"/>
<String CONTENT="21" HEIGHT="40" WIDTH="55" VPOS="2759" HPOS="1445"/>
<String STYLE="superscript" CS="1" CONTENT="&#7580;&#7504;."/>
</TextLine>
<TextLine HEIGHT="42" WIDTH="423" VPOS="2815" HPOS="442" STYLEREFS="StyleId-E9948964-230A-4FB2-96FE-3D995FB03789-">
<String CONTENT="&#8220;First" HEIGHT="42" WIDTH="164" VPOS="2815" HPOS="442"/>
<SP HEIGHT="40" WIDTH="28" VPOS="2817" HPOS="607"/>
<String CONTENT="edition.&#8221;" HEIGHT="42" WIDTH="229" VPOS="2815" HPOS="636"/>
</TextLine>
<TextLine HEIGHT="57" WIDTH="2003" VPOS="2870" HPOS="366" STYLEREFS="StyleId-E9948964-230A-4FB2-96FE-3D995FB03789-" CS="1">
<String CONTENT="&#169;" HEIGHT="52" WIDTH="53" VPOS="2870" HPOS="366"/>
<SP HEIGHT="52" WIDTH="31" VPOS="2870" HPOS="420"/>
<String CONTENT="July" HEIGHT="46" WIDTH="117" VPOS="2875" HPOS="452"/>
<SP HEIGHT="46" WIDTH="28" VPOS="2875" HPOS="570"/>
<String CONTENT="10," HEIGHT="45" WIDTH="69" VPOS="2874" HPOS="599"/>
<SP HEIGHT="44" WIDTH="31" VPOS="2875" HPOS="669"/>
<String CS="1" CONTENT="1931;" HEIGHT="40" WIDTH="107" VPOS="2874" HPOS="701"/>
<SP HEIGHT="40" WIDTH="32" VPOS="2875" HPOS="843"/>
<String CONTENT="2c." HEIGHT="40" WIDTH="67" VPOS="2875" HPOS="876"/>
<SP HEIGHT="40" WIDTH="32" VPOS="2875" HPOS="944"/>
<String CONTENT="July" HEIGHT="47" WIDTH="115" VPOS="2875" HPOS="977"/>
<SP HEIGHT="46" WIDTH="33" VPOS="2876" HPOS="1093"/>
<String CONTENT="14;" HEIGHT="44" WIDTH="80" VPOS="2876" HPOS="1127"/>
<SP HEIGHT="34" WIDTH="35" VPOS="2886" HPOS="1208"/>
<String CONTENT="aff." HEIGHT="41" WIDTH="83" VPOS="2875" HPOS="1244"/>
<SP HEIGHT="39" WIDTH="31" VPOS="2877" HPOS="1328"/>
<String CONTENT="July" HEIGHT="47" WIDTH="116" VPOS="2877" HPOS="1360"/>
<SP HEIGHT="46" WIDTH="32" VPOS="2878" HPOS="1477"/>
<String CONTENT="11;" HEIGHT="45" WIDTH="81" VPOS="2878" HPOS="1510"/>
<SP HEIGHT="45" WIDTH="35" VPOS="2878" HPOS="1592"/>
<!-- cceid ECB84B68-6E8D-1014-9CF5-AEB3FCA41D69 --><String CONTENT="A" HEIGHT="38" WIDTH="40" VPOS="2878" HPOS="1628"/>
<SP HEIGHT="39" WIDTH="29" VPOS="2878" HPOS="1669"/>
<String CONTENT="40372;" HEIGHT="48" WIDTH="173" VPOS="2877" HPOS="1699"/>
<SP HEIGHT="46" WIDTH="34" VPOS="2879" HPOS="1873"/>
<String CONTENT="Alfred" HEIGHT="41" WIDTH="174" VPOS="2878" HPOS="1908"/>
<SP HEIGHT="39" WIDTH="30" VPOS="2880" HPOS="2083"/>
<String CONTENT="A." HEIGHT="38" WIDTH="54" VPOS="2880" HPOS="2114"/>
<SP HEIGHT="38" WIDTH="31" VPOS="2880" HPOS="2169"/>
<String CS="1" CONTENT="Knopf." HEIGHT="47" WIDTH="168" VPOS="2880" HPOS="2201"/>
</TextLine>
<TextLine HEIGHT="49" WIDTH="446" VPOS="2931" HPOS="435" STYLEREFS="StyleId-E9948964-230A-4FB2-96FE-3D995FB03789-">
<String CONTENT="inc." HEIGHT="40" WIDTH="91" VPOS="2931" HPOS="435"/>
<SP HEIGHT="48" WIDTH="71" VPOS="2932" HPOS="527"/>
<String CONTENT="(31-18831)" HEIGHT="48" WIDTH="282" VPOS="2932" HPOS="599"/>
</TextLine>
<TextLine HEIGHT="66" WIDTH="645" VPOS="3011" HPOS="362" STYLEREFS="StyleId-328F4B83-A01E-40F2-A87A-4B427F1699CF-">
<String CONTENT="Gilmour," HEIGHT="66" WIDTH="286" VPOS="3011" HPOS="362"/>
<SP HEIGHT="64" WIDTH="27" VPOS="3013" HPOS="649"/>
<String CONTENT="Margaret." HEIGHT="64" WIDTH="330" VPOS="3013" HPOS="677"/>
</TextLine>
<TextLine HEIGHT="144" WIDTH="1989" VPOS="3089" HPOS="360" CS="1">
<String CONTENT="Ameliaranne" HEIGHT="53" WIDTH="410" VPOS="3090" HPOS="430"/>
<SP HEIGHT="34" WIDTH="34" VPOS="3109" HPOS="841"/>
<String CONTENT="at" HEIGHT="46" WIDTH="59" VPOS="3097" HPOS="876"/>
<SP HEIGHT="46" WIDTH="31" VPOS="3097" HPOS="936"/>
<String CONTENT="the" HEIGHT="53" WIDTH="96" VPOS="3091" HPOS="968"/>
<SP HEIGHT="34" WIDTH="34" VPOS="3110" HPOS="1065"/>
<String CONTENT="circus," HEIGHT="68" WIDTH="202" VPOS="3089" HPOS="1100"/>
<SP HEIGHT="59" WIDTH="31" VPOS="3098" HPOS="1303"/>
<String CONTENT="told" HEIGHT="54" WIDTH="122" VPOS="3092" HPOS="1335"/>
<SP HEIGHT="53" WIDTH="32" VPOS="3092" HPOS="1458"/>
<String CONTENT="in" HEIGHT="53" WIDTH="59" VPOS="3092" HPOS="1491"/>
<SP HEIGHT="34" WIDTH="37" VPOS="3112" HPOS="1551"/>
<String CONTENT="words" HEIGHT="53" WIDTH="187" VPOS="3094" HPOS="1589"/>
<SP HEIGHT="53" WIDTH="32" VPOS="3094" HPOS="1777"/>
<String CONTENT="by" HEIGHT="70" WIDTH="75" VPOS="3094" HPOS="1810"/>
<SP HEIGHT="68" WIDTH="35" VPOS="3096" HPOS="1886"/>
<String CONTENT="Margaret" HEIGHT="68" WIDTH="299" VPOS="3096" HPOS="1922"/>
<SP HEIGHT="55" WIDTH="33" VPOS="3096" HPOS="2222"/>
<String CONTENT="Gilmour," HEIGHT="138" WIDTH="1989" VPOS="3095" HPOS="360"/>
</TextLine>
<TextLine HEIGHT="147" WIDTH="1993" VPOS="3168" HPOS="361" CS="1">
<String CONTENT="told" HEIGHT="53" WIDTH="123" VPOS="3168" HPOS="580"/>
<SP HEIGHT="53" WIDTH="41" VPOS="3168" HPOS="704"/>
<String CONTENT="in" HEIGHT="53" WIDTH="59" VPOS="3168" HPOS="746"/>
<SP HEIGHT="50" WIDTH="37" VPOS="3187" HPOS="806"/>
<String CONTENT="pictures" HEIGHT="68" WIDTH="250" VPOS="3169" HPOS="844"/>
<SP HEIGHT="52" WIDTH="37" VPOS="3171" HPOS="1095"/>
<String CONTENT="by" HEIGHT="68" WIDTH="76" VPOS="3171" HPOS="1133"/>
<SP HEIGHT="68" WIDTH="45" VPOS="3171" HPOS="1210"/>
<String CONTENT="Susan" HEIGHT="55" WIDTH="186" VPOS="3171" HPOS="1256"/>
<SP HEIGHT="52" WIDTH="38" VPOS="3172" HPOS="1443"/>
<String CONTENT="Beatrice" HEIGHT="53" WIDTH="263" VPOS="3172" HPOS="1482"/>
<SP HEIGHT="51" WIDTH="37" VPOS="3175" HPOS="1746"/>
<String CONTENT="Pearse," HEIGHT="51" WIDTH="225" VPOS="3175" HPOS="1784"/>
<SP HEIGHT="52" WIDTH="73" VPOS="3175" HPOS="2010"/>
<String CONTENT="Philadelphia," HEIGHT="141" WIDTH="1993" VPOS="3174" HPOS="361"/>
</TextLine>
<TextLine HEIGHT="73" WIDTH="979" VPOS="3246" HPOS="545" CS="1">
<String CONTENT="David" HEIGHT="54" WIDTH="195" VPOS="3246" HPOS="545"/>
<SP HEIGHT="52" WIDTH="28" VPOS="3248" HPOS="741"/>
<String CONTENT="McKay" HEIGHT="68" WIDTH="232" VPOS="3248" HPOS="770"/>
<SP HEIGHT="50" WIDTH="28" VPOS="3266" HPOS="1003"/>
<String CONTENT="company" HEIGHT="53" WIDTH="285" VPOS="3266" HPOS="1032"/>
<SP HEIGHT="51" WIDTH="32" VPOS="3268" HPOS="1318"/>
<String CS="1" CONTENT="["/>
<String STYLE="superscript" CS="1" CONTENT="&#7580;1"/>
<String CS="1" CONTENT="931]" HEIGHT="49" WIDTH="99" VPOS="3253" HPOS="1425"/>
</TextLine>
<TextLine HEIGHT="51" WIDTH="787" VPOS="3327" HPOS="436" CS="1">
<String CONTENT="[63]" HEIGHT="51" WIDTH="85" VPOS="3327" HPOS="436"/>
<SP HEIGHT="40" WIDTH="29" VPOS="3338" HPOS="522"/>
<String CONTENT="p." HEIGHT="38" WIDTH="43" VPOS="3338" HPOS="552"/>
<SP HEIGHT="41" WIDTH="60" VPOS="3328" HPOS="596"/>
<String CONTENT="illus." HEIGHT="42" WIDTH="128" VPOS="3328" HPOS="657"/>
<SP HEIGHT="49" WIDTH="27" VPOS="3328" HPOS="786"/>
<String CONTENT="(part" HEIGHT="49" WIDTH="138" VPOS="3328" HPOS="814"/>
<SP HEIGHT="39" WIDTH="27" VPOS="3331" HPOS="953"/>
<String CONTENT="col.)" HEIGHT="46" WIDTH="113" VPOS="3329" HPOS="981"/>
<SP HEIGHT="46" WIDTH="70" VPOS="3329" HPOS="1095"/>
<String CS="1" CONTENT="20&#189;" HEIGHT="42" WIDTH="57" VPOS="3329" HPOS="1166"/>
<String STYLE="superscript" CS="1" CONTENT="&#7580;&#7504;."/>
</TextLine>
<TextLine HEIGHT="50" WIDTH="951" VPOS="3385" HPOS="435" STYLEREFS="StyleId-E9948964-230A-4FB2-96FE-3D995FB03789-">
<String CONTENT="Illustrated" HEIGHT="41" WIDTH="291" VPOS="3385" HPOS="435"/>
<SP HEIGHT="39" WIDTH="26" VPOS="3386" HPOS="727"/>
<String CONTENT="lining-papers" HEIGHT="50" WIDTH="352" VPOS="3385" HPOS="754"/>
<SP HEIGHT="39" WIDTH="26" VPOS="3388" HPOS="1107"/>
<String CONTENT="in" HEIGHT="39" WIDTH="49" VPOS="3388" HPOS="1134"/>
<SP HEIGHT="30" WIDTH="29" VPOS="3398" HPOS="1184"/>
<String CONTENT="colors." HEIGHT="39" WIDTH="172" VPOS="3390" HPOS="1214"/>
</TextLine>
<TextLine HEIGHT="60" WIDTH="1845" VPOS="3437" HPOS="369" STYLEREFS="StyleId-E9948964-230A-4FB2-96FE-3D995FB03789-" CS="1">
<String CONTENT="&#169;" HEIGHT="53" WIDTH="52" VPOS="3437" HPOS="369"/>
<SP HEIGHT="53" WIDTH="28" VPOS="3437" HPOS="422"/>
<String CONTENT="July" HEIGHT="47" WIDTH="117" VPOS="3443" HPOS="451"/>
<SP HEIGHT="45" WIDTH="27" VPOS="3445" HPOS="569"/>
<String CONTENT="15," HEIGHT="47" WIDTH="66" VPOS="3444" HPOS="597"/>
<SP HEIGHT="46" WIDTH="27" VPOS="3445" HPOS="664"/>
<String CS="1" CONTENT="1931;" HEIGHT="40" WIDTH="107" VPOS="3443" HPOS="692"/>
<SP HEIGHT="39" WIDTH="29" VPOS="3444" HPOS="834"/>
<String CONTENT="2c." HEIGHT="40" WIDTH="68" VPOS="3444" HPOS="864"/>
<SP HEIGHT="29" WIDTH="28" VPOS="3455" HPOS="933"/>
<String CONTENT="and" HEIGHT="38" WIDTH="95" VPOS="3446" HPOS="962"/>
<SP HEIGHT="39" WIDTH="28" VPOS="3446" HPOS="1058"/>
<String CONTENT="aff." HEIGHT="41" WIDTH="82" VPOS="3445" HPOS="1087"/>
<SP HEIGHT="40" WIDTH="29" VPOS="3446" HPOS="1170"/>
<String CONTENT="July" HEIGHT="48" WIDTH="118" VPOS="3446" HPOS="1200"/>
<SP HEIGHT="48" WIDTH="26" VPOS="3446" HPOS="1319"/>
<String CONTENT="25;" HEIGHT="47" WIDTH="82" VPOS="3446" HPOS="1346"/>
<SP HEIGHT="46" WIDTH="30" VPOS="3447" HPOS="1429"/>
<!-- cceid ECB8B791-6E8D-1014-9CF5-AEB3FCA41D69 --><String CONTENT="A" HEIGHT="38" WIDTH="40" VPOS="3447" HPOS="1460"/>
<SP HEIGHT="39" WIDTH="26" VPOS="3447" HPOS="1501"/>
<String CONTENT="40485;" HEIGHT="48" WIDTH="173" VPOS="3446" HPOS="1528"/>
<SP HEIGHT="46" WIDTH="31" VPOS="3448" HPOS="1702"/>
<String CONTENT="David" HEIGHT="40" WIDTH="161" VPOS="3448" HPOS="1734"/>
<SP HEIGHT="39" WIDTH="29" VPOS="3449" HPOS="1896"/>
<String CONTENT="McKay" HEIGHT="49" WIDTH="191" VPOS="3448" HPOS="1926"/>
<SP HEIGHT="39" WIDTH="28" VPOS="3458" HPOS="2118"/>
<String CONTENT="co." HEIGHT="32" WIDTH="67" VPOS="3458" HPOS="2147"/>
</TextLine>
<TextLine HEIGHT="48" WIDTH="281" VPOS="3499" HPOS="452" STYLEREFS="StyleId-E9948964-230A-4FB2-96FE-3D995FB03789-">
<String CONTENT="(31-19278)" HEIGHT="48" WIDTH="281" VPOS="3499" HPOS="452"/>
</TextLine>
<TextLine HEIGHT="70" WIDTH="1003" VPOS="3579" HPOS="366">
<String CONTENT="Goodrich," HEIGHT="67" WIDTH="312" VPOS="3579" HPOS="366"/>
<SP HEIGHT="64" WIDTH="28" VPOS="3582" HPOS="679"/>
<String CONTENT="Albert" HEIGHT="54" WIDTH="211" VPOS="3582" HPOS="708"/>
<SP HEIGHT="52" WIDTH="26" VPOS="3584" HPOS="920"/>
<String CONTENT="Moses," HEIGHT="65" WIDTH="216" VPOS="3584" HPOS="947"/>
<SP HEIGHT="59" WIDTH="31" VPOS="3590" HPOS="1164"/>
<String CONTENT="1860-" HEIGHT="50" WIDTH="173" VPOS="3590" HPOS="1196"/>
</TextLine>
<TextLine HEIGHT="145" WIDTH="1993" VPOS="3657" HPOS="363" CS="1">
<String CONTENT="A" HEIGHT="52" WIDTH="56" VPOS="3657" HPOS="433"/>
<SP HEIGHT="69" WIDTH="47" VPOS="3657" HPOS="490"/>
<String CONTENT="plea" HEIGHT="68" WIDTH="128" VPOS="3658" HPOS="538"/>
<SP HEIGHT="52" WIDTH="48" VPOS="3658" HPOS="667"/>
<String CONTENT="for" HEIGHT="53" WIDTH="94" VPOS="3658" HPOS="716"/>
<SP HEIGHT="52" WIDTH="47" VPOS="3659" HPOS="811"/>
<String CONTENT="free" HEIGHT="54" WIDTH="120" VPOS="3659" HPOS="859"/>
<SP HEIGHT="46" WIDTH="46" VPOS="3667" HPOS="980"/>
<String CONTENT="trade," HEIGHT="66" WIDTH="181" VPOS="3662" HPOS="1027"/>
<SP HEIGHT="66" WIDTH="45" VPOS="3662" HPOS="1209"/>
<String CONTENT="by" HEIGHT="68" WIDTH="76" VPOS="3662" HPOS="1255"/>
<SP HEIGHT="67" WIDTH="45" VPOS="3663" HPOS="1332"/>
<String CONTENT="Albert" HEIGHT="53" WIDTH="207" VPOS="3663" HPOS="1378"/>
<SP HEIGHT="52" WIDTH="46" VPOS="3664" HPOS="1586"/>
<String CONTENT="M." HEIGHT="53" WIDTH="78" VPOS="3664" HPOS="1633"/>
<SP HEIGHT="54" WIDTH="50" VPOS="3664" HPOS="1712"/>
<String CONTENT="Goodrich." HEIGHT="54" WIDTH="309" VPOS="3664" HPOS="1763"/>
<SP HEIGHT="51" WIDTH="83" VPOS="3666" HPOS="2073"/>
<String CONTENT="Minneapolis," HEIGHT="136" WIDTH="1993" VPOS="3666" HPOS="363"/>
</TextLine>
<TextLine HEIGHT="72" WIDTH="1117" VPOS="3736" HPOS="598" CS="1">
<String CONTENT="Review" HEIGHT="53" WIDTH="231" VPOS="3736" HPOS="598"/>
<SP HEIGHT="49" WIDTH="31" VPOS="3756" HPOS="830"/>
<String CONTENT="publishing" HEIGHT="70" WIDTH="337" VPOS="3738" HPOS="862"/>
<SP HEIGHT="51" WIDTH="29" VPOS="3757" HPOS="1200"/>
<String CS="1" CONTENT="company," HEIGHT="51" WIDTH="300" VPOS="3757" HPOS="1230"/>
<SP HEIGHT="56" WIDTH="33" VPOS="3745" HPOS="1531"/>
<String CONTENT="1931." HEIGHT="50" WIDTH="150" VPOS="3744" HPOS="1565"/>
</TextLine>
<TextLine HEIGHT="50" WIDTH="417" VPOS="3818" HPOS="462" CS="1">
<String CS="1" CONTENT="1"/>
<SP HEIGHT="47" WIDTH="27" VPOS="3818" HPOS="462"/>
<String CONTENT="p." HEIGHT="38" WIDTH="43" VPOS="3827" HPOS="490"/>
<SP HEIGHT="39" WIDTH="26" VPOS="3819" HPOS="534"/>
<String CS="1" CONTENT="l.," HEIGHT="15" WIDTH="23" VPOS="3850" HPOS="583"/>
<SP HEIGHT="46" WIDTH="26" VPOS="3819" HPOS="607"/>
<String CONTENT="34" HEIGHT="40" WIDTH="57" VPOS="3819" HPOS="634"/>
<SP HEIGHT="48" WIDTH="27" VPOS="3820" HPOS="692"/>
<String CONTENT="p." HEIGHT="38" WIDTH="42" VPOS="3830" HPOS="720"/>
<SP HEIGHT="39" WIDTH="60" VPOS="3820" HPOS="763"/>
<String CONTENT="23" HEIGHT="41" WIDTH="55" VPOS="3820" HPOS="824"/>
<String STYLE="superscript" CS="1" CONTENT="&#7580;&#7504;."/>
</TextLine>
<TextLine HEIGHT="51" WIDTH="547" VPOS="3873" HPOS="438" STYLEREFS="StyleId-E9948964-230A-4FB2-96FE-3D995FB03789-" CS="1">
<String CS="1" CONTENT="&#8220;References&#8221;:" HEIGHT="44" WIDTH="350" VPOS="3873" HPOS="438"/>
<SP HEIGHT="36" WIDTH="27" VPOS="3888" HPOS="818"/>
<String CONTENT="p." HEIGHT="36" WIDTH="42" VPOS="3888" HPOS="846"/>
<SP HEIGHT="40" WIDTH="25" VPOS="3877" HPOS="889"/>
<String CONTENT="34." HEIGHT="41" WIDTH="70" VPOS="3877" HPOS="915"/>
</TextLine>
<TextLine HEIGHT="112" WIDTH="1994" VPOS="3925" HPOS="372" STYLEREFS="StyleId-E9948964-230A-4FB2-96FE-3D995FB03789-" CS="1">
<String CONTENT="&#169;" HEIGHT="53" WIDTH="52" VPOS="3925" HPOS="372"/>
<SP HEIGHT="53" WIDTH="26" VPOS="3925" HPOS="425"/>
<String CONTENT="June" HEIGHT="39" WIDTH="126" VPOS="3931" HPOS="452"/>
<SP HEIGHT="38" WIDTH="25" VPOS="3933" HPOS="579"/>
<String CONTENT="17," HEIGHT="47" WIDTH="68" VPOS="3933" HPOS="605"/>
<SP HEIGHT="46" WIDTH="26" VPOS="3934" HPOS="674"/>
<String CS="1" CONTENT="1931;" HEIGHT="41" WIDTH="108" VPOS="3933" HPOS="701"/>
<SP HEIGHT="47" WIDTH="28" VPOS="3934" HPOS="842"/>
<String CONTENT="2c." HEIGHT="41" WIDTH="68" VPOS="3934" HPOS="871"/>
<SP HEIGHT="29" WIDTH="25" VPOS="3946" HPOS="940"/>
<String CONTENT="and" HEIGHT="38" WIDTH="95" VPOS="3937" HPOS="966"/>
<SP HEIGHT="38" WIDTH="28" VPOS="3937" HPOS="1062"/>
<String CONTENT="aff." HEIGHT="40" WIDTH="80" VPOS="3935" HPOS="1091"/>
<SP HEIGHT="39" WIDTH="29" VPOS="3936" HPOS="1172"/>
<String CONTENT="June" HEIGHT="40" WIDTH="128" VPOS="3936" HPOS="1202"/>
<SP HEIGHT="38" WIDTH="25" VPOS="3938" HPOS="1331"/>
<String CONTENT="19;" HEIGHT="48" WIDTH="82" VPOS="3936" HPOS="1357"/>
<SP HEIGHT="46" WIDTH="29" VPOS="3938" HPOS="1440"/>
<!-- cceid ECB92B75-6E8D-1014-9CF5-AEB3FCA41D69 --><String CONTENT="A" HEIGHT="39" WIDTH="40" VPOS="3938" HPOS="1470"/>
<SP HEIGHT="40" WIDTH="25" VPOS="3938" HPOS="1511"/>
<String CONTENT="39010;" HEIGHT="49" WIDTH="171" VPOS="3937" HPOS="1537"/>
<SP HEIGHT="48" WIDTH="29" VPOS="3938" HPOS="1709"/>
<String CONTENT="A." HEIGHT="42" WIDTH="54" VPOS="3938" HPOS="1739"/>
<SP HEIGHT="40" WIDTH="27" VPOS="3940" HPOS="1794"/>
<String CONTENT="M." HEIGHT="41" WIDTH="62" VPOS="3940" HPOS="1822"/>
<SP HEIGHT="42" WIDTH="29" VPOS="3939" HPOS="1885"/>
<String CONTENT="Goodrich," HEIGHT="43" WIDTH="256" VPOS="3939" HPOS="1915"/>
<SP HEIGHT="41" WIDTH="29" VPOS="3941" HPOS="2172"/>
<String CONTENT="Minneapolis." HEIGHT="97" WIDTH="1925" VPOS="3940" HPOS="441"/>
</TextLine>
<TextLine HEIGHT="51" WIDTH="282" VPOS="3991" HPOS="739" STYLEREFS="StyleId-E9948964-230A-4FB2-96FE-3D995FB03789-">
<String CONTENT="(31-18718)" HEIGHT="51" WIDTH="282" VPOS="3991" HPOS="739"/>
</TextLine>
</TextBlock>
</PrintSpace>
</Page>
</Layout>
</alto>