2505 4370
1312 4040 134 50 1090

357 382 231 51 Beaver
616 382 254 63 country
897 381 116 64 day
1042 380 218 64 school,
1291 383 280 53 Chestnut
1596 381 149 69 Hill,
1773 383 172 53 Mass.

430 461 120 52 The
588 460 151 54 sun’s
775 460 133 70 gift.
988 460 280 54 Chestnut
1304 461 149 70 Hill,
1490 460 191 70 Mass.,
1719 462 221 52 Beaver
1975 461 192 54 school
2202 478 176 52 press,

361 542 150 51 1930.

432 620 811 49 4 p. l., 25 p., 2 l. plates. 20 ᶜᵐ.
435 678 288 40 Illustrated
759 680 98 46 t.-p.

433 735 185 40 Poems.

436 792 1941 48 “This book is … the work of grades four, five, and six.”—Foreword.
441 849 94 41 “Of
564 850 98 39 this
690 849 186 40 edition
904 849 83 39 125
1019 849 158 48 copies
1209 850 124 40 have
1366 850 117 39 been
1512 848 185 41 made.”
1757 849 120 41 This
1907 859 119 38 copy
2057 849 43 41 is
2131 852 84 38 not
362 859 1999 89 numbered.

367 973 53 52 ©
462 978 111 40 Dec.
615 977 69 47 20,
727 977 140 46 1930;
911 977 68 42 2c.
1020 978 127 39 June
1187 978 70 46 11,
1298 977 141 46 1931;
1484 976 81 41 aff.
1609 977 116 48 July
1767 978 83 46 13;
1893 977 41 40 A
1974 976 173 48 39373;
2191 978 188 39 Beaver

436 1038 206 45 country
671 1037 95 45 day
794 1035 178 48 school,
1004 1035 241 40 Chestnut
1276 1034 118 48 Hill,
1425 1036 146 38 Mass.

446 1092 14 49 (CA
548 1092 175 40 31-523
757 1093 234 46 Unrev’d)

363 1187 283 65 Beeding,
676 1187 267 66 Francis,
970 1190 199 69 pseud.

435 1268 123 53 The
614 1268 160 54 three
832 1266 217 71 fishers,
1105 1268 76 69 by
1240 1266 241 55 Francis
1540 1264 274 72 Beeding.
1891 1267 237 69 Boston,
2185 1264 198 70 Little,

364 1346 233 69 Brown,
628 1348 114 53 and
774 1364 299 52 company,
1107 1349 153 51 1931.

432 1425 569 50 4 p. l., [3]-283 p. 19½ ᶜᵐ.
370 1478 53 53 ©
463 1484 117 46 July
618 1485 69 42 17,
727 1484 141 47 1931;
907 1485 69 40 2c.
1016 1487 95 37 and
1151 1484 80 41 aff.
1275 1484 115 48 July
1429 1485 84 47 18;
1554 1485 40 39 A
1631 1483 174 49 40417;
1847 1484 164 48 Little,
2052 1484 194 47 Brown,
2286 1485 97 39 and

439 1551 251 38 company.
765 1541 282 50 (31-18589)

364 1635 309 66 Beilstein,
706 1636 307 55 Friedrich
1046 1638 262 55 Konrad.

439 1717 308 54 Beilsteins
819 1718 308 53 handbuch
1200 1719 102 53 der
1374 1718 376 69 organischen
1825 1717 230 54 chemie.
2131 1720 48 50 4.
2254 1714 129 56 aufl.

366 1795 197 55 Erstes
591 1796 518 69 ergänzungswerk
1138 1798 91 52 die
1258 1796 267 54 literatur
1554 1815 110 35 von
1695 1799 309 50 1910-1919
2033 1795 351 55 umfassend.

367 1874 164 69 Hrsg.
582 1893 112 33 von
731 1876 100 52 der
867 1875 326 53 Deutschen
1230 1875 357 53 chemischen
1625 1874 386 70 gesellschaft,
2045 1874 192 54 bearb.
2275 1892 112 34 von

367 1952 301 54 Friedrich
710 1953 253 52 Richter.
1040 1957 46 48 6.
1125 1955 93 52 bd.
1257 1955 83 52 als
1379 1955 330 67 ergänzung
1746 1955 97 52 des
1882 1954 256 53 sechsten
2173 1953 214 54 bandes

367 2032 97 52 des
493 2032 414 67 hauptwerkes.
986 2032 218 68 Berlin,
1230 2032 57 54 J.
1320 2032 298 70 Springer,
1647 2034 149 51 1931.

512 2111 325 50 xv, 642 p. 25 ᶜᵐ.
374 2165 1892 53 © Feb. 27, 1931; 1c. May 5; A —Foreign 12721; Julius Springer.
369 2279 247 66 Berndt,
645 2279 246 58 Walter.

445 2358 1943 72 Smitty the jockey [ by] Berndt. New York, Cupples & Leon
370 2441 506 66 company, ᶜ1 931.
440 2518 1452 50 1 p. l., 86 p. illus. 22 ᶜᵐ. (His Smitty series, no. 4)
440 2575 293 41 Illustrated
759 2577 100 47 t.-p.

377 2629 53 52 ©
454 2634 115 47 May
591 2634 71 45 28,
686 2632 112 40 1931;
854 2632 67 41 2c.
947 2633 127 39 June
1097 2634 26 38 4;
1179 2633 81 41 aff.
1288 2634 127 39 June
1439 2632 56 41 18;
1549 2632 41 40 A
1613 2633 172 48 37686;
1813 2632 217 42 Tribune
2052 2643 84 37 co.,
2163 2631 225 51 Chicago.
459 2690 282 50 (31-18572)

370 2784 200 68 Beyle,
599 2787 266 53 Herman
896 2787 210 65 Carey.

443 2866 431 55 Identification
904 2869 112 52 and
1046 2868 253 69 analysis
1329 2867 64 53 of
1423 2866 723 67 attribute-cluster-blocs;
2178 2886 31 34 a
373 2865 1992 148 technique

581 2945 94 53 for
708 2964 97 35 use
841 2946 60 54 in
935 2946 97 53 the
1068 2945 411 70 investigation
1515 2946 64 53 of
1613 2944 275 55 behavior
1920 2945 61 53 in
2016 2961 373 53 governance,

375 3022 302 71 including
717 3028 195 64 report
953 3043 71 34 on
1067 3023 416 54 identification
1523 3025 114 53 and
1677 3023 253 70 analysis
1966 3022 66 54 of
2066 3022 157 55 blocs
2260 3022 61 55 in
2356 3042 29 36 a

374 3102 160 69 large
577 3102 404 68 non-partisan
1026 3102 323 69 legislative
1392 3102 170 69 body,
1607 3103 96 52 the
1751 3101 135 55 1927
1929 3101 212 55 session
2187 3101 65 54 of
2294 3100 96 54 the

374 3178 2016 72 Minnesota state Senate, by Herman C. Beyle … Chicago, Ill.,
373 3258 123 53 The
524 3258 338 69 University
889 3258 65 53 of
981 3258 253 70 Chicago
1265 3277 158 50 press
1456 3260 174 66 [1931]

442 3338 97 48 xiv,
576 3338 88 40 249
700 3349 44 37 p.
805 3338 128 40 illus.
962 3338 189 49 (maps)
1197 3339 158 40 tables
1383 3339 138 48 (part
1556 3338 146 46 fold.)
1748 3338 179 49 diagrs.
1989 3338 54 39 21½ᶜᵐ.

379 3391 53 52 ©
461 3396 128 40 June
616 3396 70 43 23,
714 3395 112 40 1931;
886 3396 66 40 2c.
983 3398 95 38 and
1109 3396 80 39 aff.
1220 3397 128 39 June
1378 3397 82 42 25;
1493 3397 39 39 A
1562 3395 141 41 39091;
1768 3396 284 48 University
2081 3396 54 39 of
2165 3394 224 50 Chicago,

449 3453 223 47 Chicago.
746 3453 281 49 (31-18559)

372 3546 387 67 Bieberbach,
789 3549 268 66 Ludwig,
1089 3555 172 50 1886-

445 3628 298 53 Lehrbuch
775 3631 100 52 der
903 3628 584 66 funktionentheorie,
1514 3648 111 35 von
1653 3631 83 53 dr.
1763 3629 249 69 Ludwig
2037 3627 354 55 Bieberbach

436 3706 1955 56 … bd. 2. Moderne funktionentheorie. 2. verbesserte und
376 3784 2014 72 vermehrte aufl. … Leipzig und Berlin, B. G. Teubner, 1931.
454 3863 671 49 vi, 370 p. diagrs. 24 ᶜᵐ .
381 3914 1836 58 © Feb. 7, 1931; 1c. Apr. 16; A—Foreign 12675; B. G. Teubner.
