2428 4370
989 3993 137 50 2151

51 375 286 65 Spokane.
414 370 317 57 Cathedral
758 370 62 53 of
846 371 86 53 St.
960 368 155 54 John
1143 367 102 53 the
1273 365 367 64 Evangelist.
1714 364 333 65 Landscape

119 451 353 56 association.

120 530 179 54 What
325 530 95 53 the
449 528 138 53 cook
615 526 124 56 said;
799 522 232 58 reliable
1059 521 230 69 recipes,
1320 521 280 68 compiled
1630 522 75 65 by
1734 521 96 53 the

49 519 1974 156 Landscape
245 605 336 55 association
610 606 64 53 of
702 607 96 51 the
830 602 310 56 Cathedral
1170 603 64 52 of
1267 602 82 54 St.
1381 601 156 54 John
1568 601 96 52 the
1694 597 354 68 Evangelist.

53 675 1996 77 Spokane, Washington, 1931 … Spokane, Wash., Printed by
50 761 500 57 Wakefield-Park
577 780 78 34 co.
691 764 172 62 [1931]

130 834 98 50 192,
261 835 54 48 [7]
347 844 42 37 p.
418 832 111 41 incl.
558 832 147 40 front.
766 831 144 40 19½ᶜᵐ.

131 892 161 39 Blank
316 898 147 41 pages
489 890 80 39 for
597 890 159 39 “Your
784 887 177 49 special
992 886 210 48 recipes”
1244 886 81 49 ([7]
1356 888 55 37 at
1436 885 118 49 end)

63 958 52 53 ©
140 962 110 40 Dec.
276 962 38 47 5,
340 959 140 49 1931;
506 959 67 40 2c.
599 960 112 41 Dec.
736 959 81 45 14;
845 958 80 39 aff.
953 957 109 40 Jan.
1089 957 68 47 15,
1183 955 139 47 1932;
1351 956 42 38 A
1416 953 171 48 46368;
1617 955 283 47 Landscape
1925 961 113 32 assn.

131 1018 52 41 of
211 1020 82 39 the
323 1017 251 42 cathedral
605 1017 52 40 of
688 1017 68 40 St.

787 1016 127 40 John
947 1015 83 40 the
1058 1014 283 47 evangelist,
1377 1011 233 50 Spokane.
1683 1010 280 48 (31-35424)

57 1127 284 65 Stauffer,
370 1126 255 55 William
654 1127 224 62 Henry.

123 1194 1930 79 Taxation in Virginia, by William H. Stauffer … New York,
55 1281 121 53 The
216 1279 253 72 Century
509 1298 96 48 co.,
646 1279 92 52 for
777 1279 93 52 the
910 1276 271 56 Institute
1223 1277 92 52 for
1354 1276 250 54 research
1649 1275 57 52 in
1748 1276 96 53 the
1881 1273 169 55 social

56 1353 1264 74 sciences, University of Virginia [ᶜ193 1]
127 1432 1928 55 xxv, 309 p. front., fold, map, tables (part fold.) diagr. 23½ ᶜᵐ . [The
59 1494 281 48 University
369 1494 53 41 of
450 1493 219 48 Virginia
703 1491 228 42 institute
957 1491 81 41 for
1066 1492 225 40 research
1321 1492 49 39 in
1403 1492 82 40 the
1514 1491 147 41 social

1694 1491 225 41 sciences.
57 1490 1979 103 Institute
257 1550 311 50 monograph,
623 1560 75 30 no.
726 1549 69 49 13]
906 1546 130 50 $4.00

66 1620 51 53 ©
149 1625 112 40 Dec.
290 1623 69 49 24,
390 1622 140 49 1931;
564 1622 65 40 2c.
662 1623 96 39 and
788 1620 81 42 aff.
901 1620 112 42 Dec.
1044 1619 55 41 29;
1160 1620 41 39 A
1231 1619 171 47 45664;
1438 1618 282 50 University
1753 1620 52 40 of
1837 1617 220 51 Virginia

133 1681 227 42 institute
387 1680 80 43 for
494 1680 224 41 research
746 1680 48 39 in
822 1679 84 41 the
932 1678 151 42 social
1110 1677 225 48 sciences,
1366 1676 409 51 Charlottesville,
1807 1678 84 40 Va.

143 1736 251 50 (32-1249)

57 1840 203 66 Stoltz,
291 1840 263 68 Charles,
586 1845 323 51 1864-1931.

127 1921 120 53 The
287 1918 186 69 tragic
512 1939 188 34 career
739 1921 64 51 of
840 1919 171 67 Mary
1052 1920 165 52 Todd
1257 1917 259 67 Lincoln,
1556 1919 75 64 by
1673 1919 102 52 Dr.
1820 1916 236 57 Charles

59 1997 200 55 Stoltz.
337 1996 182 56 South
548 1999 180 58 Bend,
757 1999 147 63 Ind.,
934 1999 156 52 Priv.
1121 1998 194 65 print.,
1343 1998 96 53 the
1468 1997 208 54 Bound
1705 1997 169 64 table,
1906 1999 149 51 1931.

133 2067 927 53 5 p. l. , [15]-62 p., 1 l. port. 23 ᶜᵐ .
68 2131 1992 59 © Dec. 2, 1931; 2c. Dec. 12; aff. Jan. 7, 1932; A 45421; Peerless press,
134 2197 104 47 inc.,
271 2197 150 41 South
452 2197 148 47 Bend,
632 2198 102 39 Ind.
805 2196 281 51 (31-35117)

63 2290 268 65 Surface,
363 2292 198 53 Frank
590 2293 191 63 Macy,
814 2296 169 51 1882-

128 2366 308 55 American
467 2367 138 54 food
634 2369 60 52 in
724 2370 94 52 the
849 2369 180 53 world
1060 2387 119 34 war
1208 2369 114 52 and
1353 2367 447 55 reconstruction
1830 2366 228 69 period;

60 2445 326 68 operations
412 2445 66 52 of
504 2446 96 53 the
627 2445 423 70 organizations
1077 2447 183 52 under
1287 2446 97 53 the
1410 2445 280 54 direction
1719 2444 66 55 of
1810 2444 251 54 Herbert

61 2522 249 67 Hoover,
345 2526 135 50 1914
511 2528 57 48 to
603 2527 151 64 1924,
787 2524 74 69 by
894 2523 199 54 Frank
1124 2525 79 52 M.
1240 2524 242 55 Surface
1514 2525 112 54 and
1717 2524 246 68 Raymond
1996 2523 66 54 L.

63 2600 207 53 Bland.
365 2598 281 58 Stanford
712 2600 355 71 University,
1134 2601 194 67 Calif.,
1396 2600 281 56 Stanford
1744 2600 319 71 university

63 2695 173 52 press,
266 2680 151 53 1931.

132 2757 1361 55 xxiii, 1033, [1] p. incl. illus., maps, diagrs. 28½ ᶜᵐ .
135 2817 139 48 Maps
305 2828 59 29 on
394 2816 362 51 lining-papers.

136 2870 1923 56 “Detailed records … of every ton of supplies … including the audited
67 2924 1996 57 reports from the accounting departments … form the basis of this
68 2985 435 49 volume.”—Pref.,
535 2998 43 37 p.
609 2986 63 41 ix.

134 3042 376 49 Bibliography:
540 3054 42 37 p.
610 3042 215 41 989-998.

71 3110 52 53 ©
152 3115 112 39 Dec.
291 3113 40 48 9,
359 3112 114 43 1931;
531 3114 68 40 2c.
627 3114 111 40 Dec.
768 3113 53 39 21;
882 3112 81 43 aff.
994 3113 110 42 Jan.
1133 3113 69 49 19,
1233 3114 113 40 1932;
1406 3114 41 40 A
1475 3114 145 42 45603;
1681 3115 49 38 F.
1764 3115 61 40 M.
1860 3113 204 41 Surface

140 3173 96 38 and
266 3171 252 48 Raymond
549 3172 50 39 L.
631 3172 172 46 Bland,
834 3170 336 50 Washington.
1240 3171 222 49 (32-677)

67 3264 327 66 Vanselow,
428 3266 203 55 Ernst.

138 3341 404 69 Völkerrecht;
581 3342 354 71 einführung
969 3344 60 52 in
1064 3344 93 53 die
1190 3344 198 67 praxis
1422 3343 100 54 der
1557 3348 240 63 Staaten,
1832 3361 110 34 von
1979 3341 85 55 dr.

70 3419 112 70 jur.
213 3420 178 54 Ernst
420 3421 319 53 Vanselow.
814 3421 218 69 Berlin,
1063 3422 69 53 E.
1165 3421 58 55 S.
1253 3422 226 53 Mittler
1509 3424 48 50 &
1585 3421 161 67 sohn,
1779 3424 151 50 1931.

135 3500 460 52 xvi, 621 p. 24 ᶜᵐ .
140 3557 336 43 “Verzeichnis
502 3561 87 39 der
612 3560 50 39 in
687 3559 318 50 abgekürzter
1033 3560 124 41 form
1186 3564 273 44 genannten
1487 3560 187 42 werke”:
1731 3572 42 37 p.
1803 3560 97 41 xvi.

71 3607 1990 61 © Sept. 22. 1931; 1c. Nov. 30; A— Foreign 14498; E. S. Mittler & sohn.
149 3671 249 49 (32-1458)

68 3749 171 55 Vaux
267 3753 69 52 de
365 3751 273 69 Foletier,
668 3755 282 67 François
975 3756 223 54 Jourda
1227 3757 89 63 de,
1348 3760 170 51 1893-

200 3827 1825 77 … Le siège de La Bochelle. Paris, Firmin-Didot et c ⁱᵉ
72 3910 172 65 [1931]
