2505 4370
1001 3991 133 51 1413

75 407 244 65 Roeder,
348 404 272 56 Wilhelm
651 420 132 38 von.

145 482 420 65 Sukkulenten;
604 480 91 52 ein
732 478 202 53 führer
971 477 99 53 für
1106 477 289 53 liebhaber
1433 478 116 52 und
1588 478 266 52 Sammler
1891 477 178 53 durch

73 562 100 53 das
226 560 153 53 reich
434 559 99 53 der
586 556 392 69 fettpflanzen,
1031 574 109 34 von
1197 556 85 53 dr.
1338 555 272 55 Wilhelm
1667 574 109 34 von
1831 554 237 54 Roeder.

75 635 838 72 Stuttgart, Franckh [ ᶜ1 931]
139 718 57 39 42
222 728 43 37 p.
323 717 129 41 illus.
481 716 132 49 (incl.
644 716 135 48 map)
818 725 119 29 xxiv
965 714 62 48 pl.
1057 714 133 47 (incl.
1220 713 175 48 front.)
1436 725 60 30 on
1527 714 56 40 18
1635 746 8 8 l.
1699 713 57 41 25½ᶜᵐ.

143 775 214 40 “Kurzes
421 772 266 42 verzeichnis
719 782 91 29 von
868 771 212 40 schriften
1113 771 118 40 über
1263 781 173 30 unsere
1468 770 391 49 sondergebiete”
1878 781 8 29 :
1922 780 43 38 p.
1998 768 71 43 42.

81 842 1975 107 © Jan. 1, 1931; 1c. May 5; A —Foreign 12674; Franckh’sehe verlagshandlung,
442 902 70 38 W.
545 901 163 39 Keller
740 901 36 39 &
835 911 38 28 co.
946 899 278 47 (31-23900)

75 995 253 65 Rourke,
357 995 276 55 Thomas.

143 1071 1882 69 Thunder below, by Thomas Rourke. New York, Farrar &
74 1148 933 68 Rinehart, incorporated [ ᶜ1 931]
145 1229 525 50 3 p. l., 3-292 p. 20 ᶜᵐ.
80 1297 51 52 ©
157 1302 121 47 Aug.
303 1302 69 47 31,
398 1299 113 42 1931;
568 1300 64 40 2c.
664 1300 128 47 Sept.
820 1301 23 38 1;
901 1300 81 40 aff.
1012 1300 127 47 Sept.
1168 1301 53 38 11;
1280 1300 39 37 A
1345 1300 144 39 42323;
1548 1300 182 38 Farrar
1758 1300 35 39 &
1821 1300 253 46 Rinehart,

147 1358 88 40 inc.
308 1357 278 49 (31-23672)

76 1452 429 65 Saint-Mandé,
537 1451 270 56 Wilfred.

145 1530 158 66 War,
337 1528 147 54 wine
518 1529 111 54 and
667 1546 235 50 women,
935 1528 76 69 by
1043 1527 256 54 Wilfred
1339 1527 421 55 Saint-Mandé.
1835 1528 237 52 London

81 1611 137 63 [etc.]
253 1606 215 54 Cassell
496 1608 45 50 &
567 1624 298 51 company,
891 1606 104 53 ltd.
1028 1609 172 64 [1931]

144 1688 559 51 2 p. l., 555, [1] p. 22 ᶜᵐ.
81 1757 1995 51 © 1c. Aug. 11, 1931; A ad int. 15437; pubd. June 11; Coward-McCann,
149 1817 103 47 inc.,
282 1818 116 39 New
431 1818 140 38 York.
644 1816 278 47 (31-24180)

78 1911 341 65 Saintonge,
449 1912 144 52 Paul
626 1911 292 56 Frédéric.

143 1989 202 52 Textes
374 1987 281 66 français;
684 1987 78 53 les
786 1992 146 48 mots
960 1993 52 47 et
1038 1988 79 52 les
1144 1987 170 68 idées,
1337 1987 76 69 by
1438 1987 149 53 Paul
1613 1987 268 53 Frédéric

75 1987 1994 147 Saintonge … and E. M. Armfield. Boston, Mass., The Stratford
74 2145 507 65 company [ ᶜ1 931]
145 2199 543 74 3 p. l., vii, 98 p. 18 ᶜᵐ.
148 2281 295 48 “Suggested
476 2281 84 40 list
591 2281 79 40 for
702 2281 248 40 extensive
984 2280 228 49 reading”
1232 2292 9 29 :
1277 2292 44 38 p.
1353 2281 159 41 12-13.

82 2349 1994 51 © Sept. 5, 1931; 2c. Sept. 8; aff. Sept. 10; A 41543; Stratford co., pubrs.
160 2408 279 50 (31-23699)

80 2501 288 66 Salomon,
399 2504 184 52 Ernst
613 2519 131 38 von.

149 2578 122 54 The
307 2580 256 67 outlaws,
600 2579 77 70 by
716 2581 179 52 Ernst
933 2598 110 35 von
1087 2580 299 68 Salomon;
1431 2581 316 53 translated
1789 2580 153 53 from
1982 2581 94 52 the

81 2654 248 54 German
356 2656 78 69 by
460 2657 109 53 Ian
596 2657 65 53 F.
688 2658 73 53 D.
790 2659 268 51 Morrow.
1132 2658 261 68 London,
1419 2659 56 54 J.
1508 2657 155 69 Cape
1699 2661 171 63 [1931]

146 2738 88 40 432
256 2749 43 37 p.
358 2738 60 40 20½ᶜᵐ.

149 2795 41 37 A
215 2797 225 45 personal
465 2796 250 40 narrative
742 2796 245 49 depicting
1013 2798 80 39 the
1121 2797 256 40 confusion
1403 2796 51 41 of
1480 2797 205 48 thought
1713 2798 96 39 and
1837 2797 161 40 action
2025 2797 49 39 in

78 2853 230 46 post-war
337 2851 255 50 Germany,
653 2854 60 47 cf.
744 2855 184 40 Introd.

84 2918 1993 55 © 1c. Aug. 27, 1931; A ad int. 15432; pubd. June 28; Jonathan Cape &
153 2979 241 40 Harrison
426 2979 169 48 Smith,
625 2981 106 46 inc.,
758 2982 118 39 New
904 2982 143 39 York.
1120 2982 280 48 (31-24181)

80 3071 284 66 Seabury,
391 3074 254 64 Samuel,
675 3078 108 66 bp.,
813 3077 323 54 1729-1796.

74 3149 1973 130 … Letters of a Westchester farmer (1774-1775) by the Reverend
283 3224 228 56 Samuel
550 3226 256 73 Seabury
854 3228 365 71 (1729-1796)
1267 3229 187 53 edited
1494 3230 140 54 with
1674 3250 71 34 an
74 3230 1972 142 introductory

233 3322 158 52 essay
424 3303 75 70 by
534 3304 265 55 Clarence
832 3306 75 51 H.
942 3307 203 54 Vance.
1221 3307 195 53 White
1447 3307 216 70 Plains,
1697 3308 69 51 N.
1804 3308 90 67 Y.,
1926 3307 141 52 Pub.

74 3379 93 52 for
204 3380 374 53 Westchester
618 3389 207 62 county
864 3383 75 69 by
977 3384 95 53 the
1112 3384 377 54 Westchester
1528 3390 209 65 county
1776 3383 293 55 historical

73 3457 224 68 society,
331 3460 150 50 1930.

144 3535 1926 55 ix, 162 p. incl. facsims. front. (port.) 23½ᶜᵐ. (Publications of the
74 3592 1320 54 Westchester county historical society, vol. VIII )
144 3662 223 41 Includes
397 3662 267 43 facsimiles
694 3665 51 40 of
773 3666 81 39 the
884 3666 206 48 original
1121 3667 275 49 title-pages
1425 3669 52 39 of
1505 3670 81 39 the
1615 3671 288 47 pamphlets.

144 3718 1923 59 “That … Seabury was the author of the … [three] pamphlets signed
72 3773 52 43 A.
160 3777 69 40 W.
265 3776 213 46 Farmer,
512 3778 135 40 there
680 3778 43 41 is
751 3791 60 28 no
848 3780 164 47 longer
1043 3791 93 36 any
1172 3782 172 43 doubt;
1381 3784 97 44 but,
1514 3784 209 47 through
1757 3796 60 28 an
1851 3795 136 32 error
2018 3786 51 40 of

72 3828 1856 54 judgment … their authorship has been attributed to some of his
73 3852 1975 85 contemporaries,
432 3888 212 48 notably,
673 3891 48 38 to
750 3891 141 40 Isaac
919 3890 358 49 Wilkins.”—p.
1307 3892 69 41 19.
