2505 4370
1304 4073 101 51 438

319 401 250 67 Gwynn,
598 401 185 55 Denis
813 401 324 65 Rolleston,
1170 406 174 51 1893-

394 480 238 53 Traitor
655 498 65 35 or
743 479 222 70 patriot;
1018 480 97 54 the
1140 478 108 55 life
1273 480 114 53 and
1413 479 173 53 death
1612 478 66 54 of
1701 479 195 70 Roger
1922 478 320 70 Casement,
2266 479 75 57 by

322 556 1945 72 Denis Gwynn … New York, J. Cape and H. Smith [ ᶜ193 1]
390 640 1256 51 444 p. front., plates, ports., facsims. 22½ ᶜᵐ .
393 700 204 41 London
634 700 187 41 edition
870 700 69 49 (J.
981 700 154 50 Cape)
1183 699 92 42 has
1315 699 137 42 title:
1493 699 103 41 The
1635 699 90 42 life
1765 701 96 40 and
1901 698 150 42 death
2092 699 53 41 of
2185 700 158 48 Roger

320 758 274 42 Casement.

381 815 150 42 Short
560 814 341 49 bibliography
931 815 227 40 included
1188 815 51 39 in
1270 813 350 43 introduction.

329 870 52 52 ©
411 874 124 40 Mar.
561 872 70 49 23,
660 871 141 49 1931;
832 872 67 43 2c.
928 874 96 39 and
1052 872 82 42 aff.
1163 874 125 41 Mar.
1314 872 56 41 25;
1428 874 41 39 A
1496 872 173 49 36112;
1700 873 57 41 D.
1789 872 202 49 Gwynn,
2020 872 214 40 London.

407 928 255 52 (31-7945)

322 1013 335 65 Hammett,
686 1011 285 57 Dashiell.

457 1087 1889 71 … The glass key. London, New York, A. A. Knopf, 1931.
393 1171 377 51 285 p. 19½ ᶜᵐ .
332 1227 2016 52 © 1c. Mar. 19, 1931; A ad int. 14869; pubd. Jan. 20; Alfred A. Knopf,
399 1288 107 50 inc.,
541 1289 119 40 New
693 1288 145 41 York.
911 1287 253 50 (31-8685)

324 1370 212 66 Healy,
563 1370 263 54 Thomas
853 1371 62 55 C.
944 1371 67 54 B.

398 1447 265 56 Catholic
712 1447 327 69 teachings;
1093 1469 32 34 a
1174 1452 307 49 statement
1532 1446 65 54 of
1647 1447 97 54 the
1795 1447 286 54 doctrines
2136 1446 65 54 of
2252 1448 95 52 the

327 1524 266 56 Catholic
638 1526 232 68 church,
915 1527 96 52 the
1059 1526 297 69 teachings
1403 1524 65 54 of
1516 1524 264 56 Catholic
1828 1526 360 69 theologians
2235 1526 111 52 and

327 1602 266 56 Catholic
626 1603 298 69 practices,
956 1604 76 69 by
1066 1603 252 54 Thomas
1354 1602 63 56 C.
1453 1604 67 53 B.
1555 1603 208 70 Healy.
1836 1603 138 53 New
2011 1603 182 69 York,
2227 1604 124 53 The

665 1684 520 68 Macmillan company, 1931.
398 1763 703 49 xxiii p., 1 l., 313 p. 17 ᶜᵐ .
337 1818 1816 53 © Mar. 24, 1931; 2c. and aff. Mar 25; A 36087; Macmillan co.
416 1879 254 50 (31-8054)

331 1959 233 66 Hempl,
596 1960 249 65 George.

465 2040 1610 68 … Mediterranean studies. [v.] 3. Three papers on
332 2040 2000 149 the history and language of the Hittites, by George Hempl …
333 2197 2025 71 Edited by Frederick Anderson … Stanford University,
335 2276 197 70 Calif.,
564 2276 285 56 Stanford
877 2276 322 70 university
1228 2294 178 52 press,
1438 2279 152 50 1931.

410 2357 1237 50 90 p. 1 plate printed on both sides. 25½ ᶜᵐ .
343 2412 52 52 ©
426 2417 123 40 Mar.
577 2416 69 48 14,
675 2413 142 49 1931;
847 2414 68 41 2c.
945 2415 122 40 Mar.
1097 2414 82 47 30;
1213 2414 83 41 aff.
1326 2416 123 38 Mar.
1479 2415 83 47 24;
1594 2415 41 39 A
1664 2414 173 48 36191;
1870 2416 164 39 Board
2064 2414 54 41 of
2147 2417 212 37 trustees

410 2473 54 40 of
489 2473 185 41 Leland
704 2472 236 41 Stanford
967 2472 167 48 junior
1160 2472 147 48 univ.,
1339 2472 236 41 Stanford
1604 2472 299 50 University,
1935 2471 131 42 Calif.

336 2554 274 66 Herrold,
641 2555 186 64 Lloyd
856 2553 223 57 Dallas.

406 2631 1953 71 Advertising real estate, by Lloyd D. Herrold … 1st ed.
337 2713 141 53 New
525 2711 166 54 York
738 2711 115 53 and
898 2711 263 68 London,
1207 2709 437 56 McGraw-Hill
1690 2711 149 53 book
1887 2729 301 51 company,
2235 2712 126 65 inc.,

337 2794 152 50 1931.

445 2871 1153 52 x, 325 p. incl. illus., forms. 23½ ᶜᵐ . $4.00
347 2928 52 52 ©
428 2932 124 41 Mar.
578 2929 70 51 20,
675 2930 142 49 1931;
846 2931 67 40 2c.
943 2932 122 40 Mar.
1093 2931 82 48 24;
1207 2930 82 41 aff.
1320 2932 123 39 Mar.
1471 2930 83 49 23;
1585 2931 40 39 A
1652 2930 173 48 36057;
1857 2929 355 42 McGraw-Hill
2240 2930 123 40 book

415 3000 83 38 co.,
529 2989 106 41 inc..
708 2988 252 49 (31-7877)

341 3072 173 65 Hert,
542 3071 237 54 Arthur
807 3072 226 62 Henry.

476 3148 1883 70 … An analysis of credit extensions in twenty-three Texas
340 3227 367 68 department
735 3230 177 49 stores
942 3226 76 68 by
1048 3226 402 68 occupational
1479 3243 234 52 groups,
1741 3225 77 70 by
1844 3224 229 54 Arthur
2102 3225 77 53 H.
2211 3224 151 53 Hert

403 3303 1246 70 … Austin, Tex., The University [ ᶜ193 1]
343 3386 2001 100 70 p. diagr. 22 ᶜᵐ . ([Texas. University] Bureau of business research.
592 3445 247 41 Research
870 3444 301 49 monograph
1201 3455 77 31 no.
1310 3443 52 49 6)

415 3502 67 41 At
507 3504 125 40 head
660 3502 52 41 of
738 3502 109 41 title:
902 3502 101 40 The
1031 3501 287 49 University
1344 3501 54 41 of
1423 3502 160 40 Texas
1609 3501 220 42 bulletin,
1889 3513 76 30 no.
1993 3501 118 42 3046:
345 3504 1998 95 December
458 3560 40 47 8,
530 3558 129 42 1930.

353 3613 52 52 ©
443 3618 122 40 Mar.
601 3619 40 47 1,
678 3616 112 41 1931;
855 3617 68 40 2c.
960 3617 99 40 and
1092 3615 82 42 aff.
1211 3617 124 40 Mar.
1372 3616 57 41 19;
1493 3617 41 39 A
1569 3616 145 41 35327;
1781 3616 285 49 University
2105 3616 51 42 of
2192 3617 174 48 Texas,

420 3674 185 41 bureau
640 3674 53 41 of
725 3674 224 41 business
984 3674 241 48 research,
1262 3673 192 50 Austin,
1489 3674 116 41 Tex.
1677 3673 252 50 (31-7983)

347 3755 302 65 Highway
679 3756 368 64 conference,
1085 3757 335 69 University
1453 3758 64 68 of
1549 3757 300 54 Colorado.

482 3834 1886 71 … Papers presented at the Highway conference held at the
350 3913 340 71 University
744 3915 64 52 of
864 3914 285 55 Colorado
1204 3933 71 34 on
1332 3914 224 52 January
1653 3915 129 51 15th
1839 3916 112 51 and
2010 3914 148 68 16th,
2215 3916 151 50 1931.

351 3994 272 70 Boulder,
654 3993 140 71 Col.,
825 3997 152 50 1931.
