2428 4370
1002 4031 131 49 1643

81 415 340 62 Carpenter,
454 412 182 61 Niles,
675 417 152 47 1891-

147 481 1920 76 The sociology of city life, by Niles Carpenter … New
80 563 1371 72 York [etc.] Longmans, Green and co., 1931.
150 626 1916 73 xix p., 1 l., 502 p., 1 l. illus. (maps) diagrs. 22 ᶜᵐ. [Longmans social
76 709 185 39 science
293 707 164 48 series]

148 778 160 40 “First
340 775 226 42 edition.”

149 832 441 49 “Bibliographical
616 834 136 37 notes"
809 835 50 36 at
887 830 90 41 end
1006 829 51 40 of
1084 829 117 40 each
1229 828 200 48 chapter
1457 831 169 45 except
1653 827 200 48 chapter
1981 859 8 8 XIII.

82 900 50 52 ©
159 904 99 40 Oct.
286 905 36 46 7,
347 903 112 40 1931;
513 902 66 41 2c.
605 902 100 40 Oct.
731 901 57 39 10;
839 900 80 40 aff.
948 900 99 40 Oct.
1075 900 55 38 12;
1184 900 41 37 A
1247 896 171 49 42999;
1446 898 286 47 Longmans,
1761 897 154 40 Green
1940 896 37 41 &
2002 906 67 30 co.

162 960 278 49 (31-30222)

78 1055 192 63 Clark,
303 1053 220 53 Harold
558 1052 253 63 Florian,
847 1056 169 50 1899-

149 1130 303 54 Economic
488 1130 199 67 theory
725 1128 112 53 and
874 1133 215 48 correct
1123 1126 396 68 occupational
1557 1124 399 64 distribution;
1999 1141 72 34 an

79 1214 241 62 attempt
353 1214 57 46 to
445 1226 85 34 see
564 1207 154 52 what
752 1206 50 52 if
834 1224 113 49 any
978 1205 151 68 light
1162 1204 293 69 generally
1489 1202 264 69 accepted
1789 1201 281 53 economic

81 1286 308 69 principles
434 1284 119 52 will
597 1284 185 52 throw
828 1302 154 49 upon
1027 1282 99 54 the
1170 1282 258 68 problem
1473 1281 65 53 of
1582 1281 96 53 the
1723 1279 239 54 number
2008 1280 65 51 of

81 1364 198 68 people
314 1363 159 52 there
508 1362 204 53 should
748 1361 66 53 be
851 1361 60 53 in
947 1360 135 53 each
1120 1359 365 69 occupation;
1526 1360 112 52 and
1677 1359 156 54 what
1871 1358 50 52 if
1960 1376 111 51 any

78 1440 315 69 obligation
431 1439 192 68 public
663 1438 299 53 education
1000 1439 102 52 has
1140 1443 60 48 to
1237 1437 174 70 bring
1448 1436 171 55 about
1659 1442 214 48 correct

78 1454 1994 131 occupational distribution, by Harold F. Clark … New York city,
78 1595 276 52 Teachers
382 1595 229 68 college,
641 1593 299 55 Columbia
970 1594 337 70 university,
1338 1597 151 50 1931.

146 1676 608 49 viii p., 1 l., 176 p. 21 ᶜᵐ.
147 1748 347 48 Bibliography;
559 1758 42 38 p.
636 1749 215 41 173-176.

81 1815 50 52 ©
160 1820 118 47 Aug.
307 1819 68 41 12.
405 1818 112 41 1931;
574 1818 67 42 2c.
673 1819 126 48 Sept.
828 1817 56 42 28;
942 1818 81 40 aff.
1053 1820 119 44 Aug.
1202 1819 58 39 18;
1316 1819 40 38 A
1383 1818 145 41 43002;
1588 1820 61 39 H.
1679 1819 50 39 F.
1763 1819 161 48 Clark,
1954 1819 118 41 New

147 1877 141 39 York.
360 1875 280 50 (31-30228)

78 1970 239 64 Claudy,
349 1971 133 54 Carl
513 1971 217 64 Harry,
764 1973 169 52 1879-

79 2046 1967 132 Introduction to freemasonry … by Carl H. Claudy … Published
291 2125 92 53 for
414 2126 94 52 the
539 2125 200 54 Grand
770 2126 166 68 lodge
966 2124 65 55 of
1060 2126 98 52 the
1185 2131 149 47 most
1363 2125 226 53 ancient
1619 2126 112 52 and
1762 2126 309 53 honorable

78 2203 169 53 society
330 2203 65 52 of
435 2203 143 53 Free
622 2204 113 52 and
779 2204 263 66 accepted
1086 2221 225 35 masons
1357 2204 93 52 for
1495 2205 97 51 the
1634 2210 145 47 state
1824 2204 63 53 of
1932 2206 138 51 New

78 2281 213 53 Jersey.
365 2281 402 68 Washington,
798 2281 70 52 D.
906 2280 81 68 C.,
1020 2282 120 51 The
1174 2283 235 67 Temple
1441 2282 322 68 publishers
1844 2287 151 63 [ᶜ1931]

146 2364 214 39 3 v. 17 ᶜᵐ.
416 2441 93 33 CONTENTS.—I.
533 2435 211 40 Entered
767 2434 406 49 apprentice.—II.
1198 2436 464 41 Fellowcraff.—III.
1682 2437 186 40 Master
1884 2446 182 31 mason.

82 2500 50 52 ©
158 2504 127 49 Sept.
308 2506 69 47 25,
402 2504 112 42 1931;
567 2506 66 39 2c.
658 2507 120 38 each
800 2508 95 38 and
921 2506 107 42 affs.
1055 2507 101 40 Oct.
1182 2507 26 39 2;
1263 2508 41 38 A
1327 2507 324 41 42804-42806;
1704 2508 50 40 C.
1780 2509 60 38 H.
1869 2508 200 48 Claudy,

147 2562 332 48 Washington.
551 2563 278 47 (31-30226)

79 2657 241 64 Cottier,
348 2658 239 64 Joseph.

144 2732 216 55 Heroes
394 2736 65 52 of
493 2735 368 69 civilization,
893 2737 74 67 by
999 2737 217 67 Joseph
1252 2736 221 56 Cottier
1506 2737 113 52 and
1652 2738 195 67 Haym
1882 2737 154 55 Jaffe;

78 2810 137 56 with
244 2810 378 57 illustrations
652 2814 74 71 by
761 2816 232 51 Forrest
1022 2815 91 55 W.
1146 2813 130 57 Orr.
1351 2815 138 53 New
1524 2814 179 69 York,
1733 2814 211 56 Junior
76 2815 1965 145 literary
265 2890 180 69 guild,
475 2895 149 50 1931.

146 2971 779 50 viii, 362 p. front., illus. 21 ᶜᵐ.
83 3038 50 51 ©
171 3042 99 41 Oct.
311 3044 38 47 1,
386 3042 111 42 1931;
562 3043 67 41 2c.
668 3046 98 39 and
799 3043 82 41 aff.
921 3044 102 40 Oct.
1060 3045 54 38 14;
1180 3044 41 39 A
1257 3044 145 39 44155;
1470 3044 41 39 J.
1553 3043 183 41 Cottier
1776 3045 95 38 and
1910 3044 161 47 Haym

148 3099 142 48 Jaffe,
322 3100 353 48 Philadelphia.
745 3101 279 48 (31-30336)

80 3192 214 65 Doran,
328 3195 343 55 Madeleine.

77 3268 1990 150 … The text of King Lear, by Madeleine Doran, PH. H. Stanford University, Calif., Stanford university press; London,
74 3423 76 52 H.
178 3424 261 67 Milford,
469 3425 227 55 Oxford
726 3426 313 71 university
1071 3444 172 52 press,
1275 3429 150 51 1931.

146 3503 84 40 148
262 3515 42 37 p.
367 3505 58 39 25½ᶜᵐ.
583 3506 257 48 (Stanford
875 3506 271 49 university
1179 3506 337 49 publications.
1583 3506 282 47 University
1902 3506 163 41 series.

77 3558 257 50 Language
362 3562 94 39 and
487 3562 271 48 literature,
788 3564 91 39 vol.
963 3594 9 15 IV,
1002 3574 75 30 no.
1108 3563 51 47 2)

148 3617 161 40 “First
339 3618 194 40 written
569 3629 53 30 as
654 3630 27 29 a
716 3619 315 41 dissertation
1066 3620 48 39 in
1148 3620 182 48 partial
1361 3619 263 40 fulfilment
1659 3620 51 38 of
1744 3620 80 39 the
79 3619 1970 94 requirements

269 3672 79 42 for
389 3675 81 39 the
510 3676 171 46 degree
719 3675 52 41 of
807 3676 167 39 doctor
1013 3676 51 41 of
1102 3675 287 48 philosophy
1429 3678 50 37 at
1522 3675 232 40 Stanford
1797 3676 268 47 university

83 3728 138 49 [1930]
276 3731 46 39 It
348 3731 89 40 has
463 3730 130 41 since
616 3732 117 39 been
762 3732 186 40 revised
975 3734 95 38 and
1098 3731 199 49 slightly
1325 3731 468 47 abridged.”—Pref.

147 3785 344 50 Bibliography;
556 3798 43 37 p.
637 3787 214 41 139-141.

87 3854 50 52 ©
168 3861 123 46 Sept.
318 3861 71 44 24,
415 3860 112 40 1931;
584 3861 67 41 2c.
680 3862 100 40 Oct.
808 3861 53 40 12;
919 3861 81 40 aff.
1030 3861 101 40 Oct.
1161 3861 51 45 8;
1243 3862 40 37 A
1309 3860 144 41 43283;
1511 3862 161 39 Board
1701 3862 51 39 of
1782 3863 209 39 trustees
2020 3860 49 41 of

155 3917 178 39 Leland
364 3918 231 39 Stanford
622 3918 164 47 junior
812 3918 143 43 univ.,
987 3918 234 41 Stanford
1250 3918 296 47 University.
1576 3918 144 41 Calif.

166 3973 275 48 (31-30349)
