2505 4370
1072 3994 101 51 799

100 453 214 52 Robert
360 450 163 52 Flint
569 450 63 51 of
681 446 412 69 Sproutbrook,
1140 446 402 66 Montgomery
1588 462 98 48 co.,
1733 443 66 50 N.
1850 442 91 69 Y.,
1987 443 114 51 and

101 529 211 53 Robert
347 528 163 53 Flint
545 526 63 53 of
642 525 268 69 Virginia
944 526 112 53 and
1092 524 274 66 Trenton,
1396 523 70 52 N.
1505 521 69 52 Y.
1652 520 301 69 Compiled
1988 519 113 53 and

100 607 189 53 edited
328 607 75 68 by
443 606 137 51 Rev.
621 605 189 51 Alven
849 603 236 67 Martyn
1130 600 205 55 Smith.
1415 600 90 54 So.
1550 600 314 67 Pasadena,
1907 598 195 67 Calif.,

98 684 70 52 A.
200 685 78 51 M.
314 683 207 68 Smith,
554 686 149 49 1931.

173 760 710 53 1 p. l., xxii, 209 p. 27½ᶜᵐ.
173 818 463 50 “Mimeographed.”

106 888 51 51 ©
190 891 127 40 June
348 890 39 45 9,
423 888 112 41 1931;
598 889 67 40 2c.
700 889 125 39 June
860 886 54 40 19;
977 886 82 41 aff.
1094 887 126 39 June
1253 885 83 46 20;
1372 885 42 39 A
1446 884 172 47 39027;
1655 886 53 39 A.
1744 885 63 41 M.
1843 883 171 42 Smith.

164 1038 1879 69 … The South eastern reporter, v. 156. Permanent ed. …
171 1120 141 51 with
348 1119 372 67 key-number
760 1116 377 53 annotations.
1215 1116 263 68 January
1518 1115 269 52 8-March
1830 1118 82 65 19,
1955 1117 148 49 1931.

175 1197 81 54 St.
286 1198 166 67 Paul,
479 1196 159 52 West
667 1194 335 69 publishing
1031 1212 96 50 co.,
1159 1196 151 49 1931.

177 1277 95 48 xvi,
297 1276 83 40 991
405 1288 44 36 p.
509 1275 115 41 26ᶜᵐ.
699 1275 254 47 (National
980 1278 217 44 reporter
1223 1273 387 49 system—State
1635 1274 174 46 series)

109 1344 51 51 ©
189 1348 79 39 May
329 1347 38 47 6,
396 1346 113 40 1931;
566 1347 66 39 2c.
662 1346 125 39 June
816 1347 52 37 11;
927 1345 80 40 aff.
1038 1346 125 38 June
1192 1344 53 39 12;
1304 1344 41 39 A
1372 1343 144 41 37857;
1576 1344 132 40 West
1737 1344 110 47 pub.
1875 1354 68 30 co.

103 1457 188 54 South
323 1459 258 50 western
615 1458 268 61 reporter
925 1456 102 63 (2d
1062 1455 146 63 ser.)

177 1537 354 67 Temporary
568 1535 181 54 South
786 1539 236 48 western
1058 1538 257 63 reporter
1350 1533 186 68 digest
1570 1533 63 51 of
1666 1533 251 55 volumes
1953 1536 65 49 31
2052 1539 59 46 to

107 1617 83 65 35,
230 1613 181 54 South
449 1618 237 47 western
724 1616 273 64 reporter,
1034 1612 203 52 second
1273 1611 187 67 series,
1497 1611 140 51 with
1673 1610 150 53 table
1860 1611 63 51 of
1959 1630 151 34 cases

107 1691 274 70 digested.
458 1691 89 68 By
573 1690 93 53 the
694 1689 266 54 editorial
985 1687 135 55 staff
1145 1689 64 53 of
1234 1689 95 54 the
1356 1688 308 54 American
1691 1689 187 69 digest
1901 1694 211 64 system

168 1767 1398 70 … St. Paul, West publishing company, 1931.
233 1848 410 48 iii 454 p. 25½ᶜᵐ.
113 1903 51 51 ©
197 1907 77 38 May
340 1905 68 44 29,
441 1904 106 40 1931;
614 1906 68 39 2c.
715 1905 124 39 June
871 1905 48 38 11;
987 1904 82 40 aff.
1100 1905 127 38 June
1258 1904 54 39 12;
1374 1904 40 38 A
1446 1905 171 47 37843;
1651 1905 135 40 West
1818 1905 107 47 pub.
1960 1916 67 30 co.

107 2014 302 65 Stocking,
441 2013 227 65 George
695 2013 199 65 Ward,
924 2018 171 50 1892-

174 2092 119 52 The
335 2091 204 68 potash
581 2091 295 66 industry;
922 2111 31 33 a
997 2090 169 70 study
1207 2089 61 53 in
1309 2094 143 48 state
1497 2091 233 69 control,
1770 2092 75 68 by
1890 2090 220 70 George

106 2167 1735 70 Ward Stocking … New York, R. R. Smith, inc., 1931.
209 2247 607 49 x p., 1 l., 343 p. 20½ᶜᵐ.
117 2305 51 51 ©
199 2309 113 47 May
340 2309 68 46 11,
440 2306 111 41 1931;
611 2307 66 40 2c.
708 2308 113 45 May
849 2306 55 39 22;
963 2306 82 41 aff.
1077 2308 112 46 May
1219 2306 55 40 21;
1335 2308 41 38 A
1403 2308 145 40 38347;
1607 2308 216 41 Richard
1854 2309 56 40 R.
1944 2309 171 41 Smith,

184 2365 89 40 inc.
345 2364 280 49 (31-13685)

112 2458 435 64 Strausbaugh,
574 2458 190 63 Perry
790 2457 227 65 Daniel,
1051 2463 170 49 1886-

183 2535 275 55 Common
506 2536 128 52 seed
681 2535 195 69 plants
922 2534 65 53 of
1031 2535 98 53 the
1173 2536 557 68 mid-Appalachian
1779 2538 216 69 region,
2045 2539 68 68 by

112 2612 1944 70 P. D. Strausbaugh … Earl L. Core … Nelle [!] Ammons …
112 2692 420 68 Morgantown,
554 2691 91 54 W.
672 2692 125 67 Va.,
820 2692 120 52 The
964 2691 405 69 Morgantown
1394 2692 265 70 printing
1683 2695 46 49 &
1751 2693 245 70 binding
2021 2713 98 38 co.,

114 2773 149 48 1931.

181 2852 131 47 xxiv,
336 2851 100 47 305..
509 2851 40 49 [18]
578 2862 42 37 p.
682 2852 126 40 illus.
868 2852 119 40 20ᶜᵐ.

186 2909 42 38 A
252 2908 295 48 description
576 2908 51 39 of
652 2910 163 46 plants
840 2909 50 39 in
917 2909 137 40 West
1079 2908 238 49 Virginia.

124 2960 51 51 ©
204 2965 112 47 Apr.
345 2965 67 46 30,
443 2964 111 40 1931;
613 2965 66 40 2c.
710 2966 95 39 and
833 2965 82 40 aff.
944 2966 113 47 May
1086 2966 54 39 11;
1199 2966 40 39 A
1268 2966 144 41 38058;
1472 2968 338 47 Morgantown
1839 2968 220 50 printing
2086 2971 36 40 &

190 3021 200 48 binding
414 3031 66 30 co.
553 3022 279 48 (31-13855)

116 3112 276 66 Süskind,
422 3113 272 54 Wilhelm
725 3115 369 64 Emmanuel,
1127 3122 170 49 1901-

189 3192 120 51 The
340 3194 119 52 web
492 3194 63 51 of
585 3195 179 68 youth
818 3195 76 69 [by]
948 3195 90 54 W.
1072 3196 70 53 E.
1176 3195 253 56 Süskind;
1492 3199 316 53 translated
1842 3199 154 52 from
2026 3198 96 54 the

118 3268 249 55 German
390 3269 301 70 “Jugend”
710 3272 74 69 by
810 3272 271 54 Malcolm
1111 3273 312 70 Campbell.
1524 3275 139 54 [New
1685 3275 181 68 York]
1892 3277 233 54 Brewer

121 3348 112 53 and
259 3347 245 55 Warren
530 3348 127 69 inc.,
688 3353 151 50 1931.

187 3424 87 41 378
307 3435 58 38 p.,
398 3425 26 40 1
476 3457 8 8 l.
545 3426 145 42 21½ᶜᵐ.

129 3481 51 51 ©
218 3484 112 48 Apr.
369 3484 70 47 24,
477 3485 139 47 1931;
656 3486 67 40 2c.
761 3487 113 47 Apr.
911 3487 82 47 27;
1034 3488 81 40 aff.
1155 3490 114 47 May
1307 3489 52 47 9;
1399 3490 41 39 A
1478 3490 171 47 38630;
1689 3492 71 40 W.
1801 3492 52 41 E.
1895 3491 226 48 Süskind,

197 3541 209 40 Munich.
480 3542 279 49 (31-14625)

121 3633 233 67 Taylor,
386 3634 316 55 Frederick
732 3636 296 67 Winslow,
1063 3644 325 52 1856-1915.

199 3713 289 57 Concrete,
514 3716 158 63 plain
698 3717 111 52 and
833 3717 338 54 reinforced,
1249 3739 49 32 v.
1326 3725 44 47 1.
1448 3721 89 68 By
1561 3721 96 53 the
1678 3722 116 53 late
1816 3721 324 55 Frederick.

126 3790 1999 79 W. Taylor, Sanford E. Thompson, S. B . and Edward Smulski,
169 3869 1956 73 C. E .; with a chapter by Henry C. Robbins. 4th ed., third
