2505 4370
1288 4031 134 51 1338

319 379 194 62 Bagot
542 377 201 65 Stack,
770 380 140 52 Mrs.
938 379 175 62 Mary
1139 379 183 62 Meta,
1354 383 171 49 1883-

388 455 285 69 Building
706 455 97 53 the
836 455 154 68 body
1024 453 319 68 beautiful;
1381 455 96 52 the
1513 455 191 68 Bagot
1741 453 179 56 Stack
1953 456 381 53 stretch-and-

317 534 186 70 swing
536 538 229 65 system,
799 534 76 69 by
910 533 140 54 Mrs.
1087 534 192 68 Bagot
1317 531 192 57 Stack.
1582 532 260 69 London,
1881 531 305 72 Chapman
2223 535 112 54 and

317 613 164 67 Hall,
511 612 243 68 limited,
789 616 152 49 1931.

391 694 99 48 viii,
519 695 55 38 71
602 704 42 37 p.
702 694 166 46 front.,
896 694 174 47 plates.
1127 692 118 41 25ᶜᵐ.

327 748 2015 54 © 1c. July 15 , 1931; A ad int. 15287; pubd. May 19; Mary Bagot Stack,
395 810 214 40 London.
681 809 281 48 (31-22411)

323 892 257 64 Benard,
609 891 223 56 Pierre.

460 980 1887 71 … Les bars des mauvais garcons. Paris, Les Éditions de
320 1055 443 66 France, ᶜ1 931.
390 1134 682 49 2 p. l., 234 p., 1 l. 19ᶜᵐ.
331 1191 1898 52 © Feb. 28, 1931; 1c. Apr. 17; A—Foreign 11674; P. Benard, Paris.
409 1252 284 48 (31-20341)

326 1333 186 54 Bible.
587 1334 267 69 English.
929 1336 154 51 1931.
1160 1335 375 53 Authorized.

396 1411 125 53 The
556 1410 161 69 Holy
754 1410 185 69 Bible,
977 1410 338 69 containing
1350 1410 98 53 the
1486 1409 117 56 Old
1642 1410 112 53 and
1793 1410 140 53 New
1971 1411 376 68 Testaments,

326 1490 320 52 translated
685 1494 99 47 out
822 1488 65 54 of
924 1488 96 53 the
1059 1488 252 70 original
1348 1493 270 64 tongues;
1661 1489 113 53 and
1813 1488 141 53 with
1993 1489 99 53 the
2131 1488 217 54 former

326 1568 377 53 translations
751 1567 309 69 diligently
1104 1567 308 68 compared
1459 1567 115 52 and
1621 1566 240 72 revised,
1908 1568 96 52 the
2050 1572 123 49 text
329 1586 1995 113 conformable

648 1644 1700 72 to that of the édition of 1611, commonly known as
327 1726 99 53 the
456 1726 336 53 authorized
825 1744 64 34 or
919 1724 164 69 King
1113 1724 197 54 James
1341 1723 242 54 version.
1652 1725 140 52 New
1825 1725 182 69 York,
2039 1725 234 55 Grosset
2305 1728 46 52 &

328 1805 467 68 Dunlap [ ᶜ1 931]
401 1888 118 40 1080
542 1898 44 38 p.
646 1887 166 46 front.,
839 1887 173 47 plates,
1038 1896 153 38 maps.
1251 1885 149 42 20½ᶜᵐ.

338 1942 2015 53 © Aug. 21, 1931 ; 2c. Aug. 24; aff. Aug. 25 ; A 40981; Grosset & Dunlap,
408 2004 92 40 inc.
566 1999 68 53 [©
666 2001 334 41 introduction
1031 2001 36 40 &
1097 2011 105 29 new
1233 2002 195 46 matter]
1503 2000 281 50 (31-22924)

335 2087 335 64 Bordeaux,
699 2087 226 63 Henry,
957 2086 172 54 1870-

466 2161 1883 71 … Murder party, by Henry Bordeaux. London, Y. Gollancz
332 2244 179 66 ,
541 2243 124 67 ltd.,
696 2245 152 49 1931.

401 2323 457 49 285 p., 1 l. 19ᶜᵐ.
404 2381 64 40 At
491 2382 125 39 bead
643 2381 52 40 of
719 2381 137 40 title:
885 2379 296 41 Translated
1207 2378 62 49 by
1296 2379 218 40 Richard
1542 2379 180 43 Curtis.

342 2435 1905 53 © 1c. Aug. 26, 1931; A ad int. 15419; pubd. June 29; Dial press, inc.
421 2497 282 48 (31-23353)

337 2579 137 63 Bos,
506 2578 202 54 Jacob.

406 2655 125 52 The
564 2654 210 68 unique
813 2653 286 53 aloofness
1138 2652 66 54 of
1238 2653 187 68 Jesus,
1460 2653 77 69 by
1573 2653 181 55 Jacob
1792 2655 130 52 Bos.
1996 2654 141 55 New
2175 2654 182 69 York,

336 2734 68 53 R.
433 2734 69 52 R.
532 2732 210 68 Smith,
769 2732 127 72 inc.,
927 2735 151 50 1931.

410 2815 686 50 viii p., 1 l., 245 p. 20½ᶜᵐ.
345 2872 51 52 ©
427 2876 121 47 Aug.
577 2875 69 43 24,
677 2873 141 43 1931;
850 2875 67 38 2c.
947 2874 95 38 and
1073 2872 81 41 aff.
1185 2873 122 47 Aug.
1335 2872 60 40 26;
1335 2872 60 40 A
1520 2871 173 49 42019;
1727 2872 216 43 Richard
1975 2874 54 38 R.
2064 2873 172 49 Smith,
2268 2874 91 41 inc.

424 2931 282 50 (31-22919)

339 3015 313 64 Brandeis,
678 3016 141 53 Mrs.
849 3014 313 55 Madeline.

404 3089 180 54 Little
610 3091 169 52 Anne
804 3091 64 52 of
894 3089 254 69 Canada,
1172 3090 76 69 by
1274 3089 291 55 Madeline
1592 3089 284 56 Brandeis
1892 3108 13 49 ;
1935 3088 423 71 photographic

334 3167 398 54 illustrations.
807 3168 139 54 New
987 3168 179 69 York,
1204 3167 233 55 Grosset
1473 3170 45 50 &
1555 3168 255 68 Dunlap,
1853 3171 148 50 1931.

408 3252 87 40 174
525 3263 43 37 p.
628 3251 110 42 incl.
771 3252 163 48 front.,
964 3251 127 41 illus.
1153 3251 118 42 22ᶜᵐ.

347 3305 51 52 ©
433 3310 126 48 Sept.
591 3311 38 46 1,
660 3308 141 43 1931;
833 3309 66 40 2c.
933 3309 129 48 Sept.
1089 3310 54 41 4;
1176 3308 83 41 aff.
1293 3308 128 48 Sept.
1451 3309 25 39 3
1497 3320 8 35 ;
1538 3309 40 38 A
1607 3307 172 44 42142:
1812 3309 54 41 A.
1898 3310 255 47 Flanagan
2183 3320 69 30 co.

428 3366 282 48 (31-22799)

342 3447 363 65 Brennecke,
738 3448 240 64 Ernest,
1012 3453 172 50 1896-
1401 3466 180 51 comp.

407 3521 1953 72 Magazine article readings, by Ernest Brennecke, jr. … and
338 3600 2022 71 Donald Lemen Clark … New York, The Macmillan company,
341 3682 151 49 1931.

411 3760 137 50 xviii,
576 3762 87 43 702
692 3773 43 38 p.
798 3763 141 48 illus.,
972 3761 180 50 diagrs.
1212 3762 117 41 22ᶜᵐ.

414 3815 297 50 Companion
739 3821 189 39 volume
956 3823 49 38 to
1032 3820 81 41 the
1141 3820 218 40 authors’
1391 3819 254 46 Magazine
1672 3820 172 39 article
1870 3820 210 46 writing,
2143 3819 60 47 cf.
2232 3820 128 40 Pref.

351 3870 52 51 ©
441 3875 128 48 Sept.
603 3878 38 45 1,
677 3876 112 41 1931;
912 3910 8 7 2c.
955 3878 96 40 and
1086 3876 82 41 aff.
1206 3876 129 48 Sept.
1371 3877 53 44 2;
1462 3877 40 38 A
1535 3876 172 46 41376;
1747 3878 178 40 Ernest
1959 3877 295 48 Brennecke,
2289 3877 75 47 jr.,

423 3934 97 39 and
547 3933 190 40 Donald
768 3935 175 40 Lernen
973 3934 162 42 Clark.
1163 3935 118 38 New
1309 3934 144 39 York.
1525 3934 281 48 (31-22789)
