2505 4370
1299 4019 101 52 890

315 381 222 64 Myers,
564 380 205 64 Harry
796 379 57 56 S.

385 459 274 55 Workers
712 460 289 68 together;
1056 478 31 34 a
1140 460 174 69 study
1363 460 64 52 of
1478 457 298 57 Christian
1827 457 390 70 partnership,
2267 459 74 68 by

317 539 202 70 Harry
558 539 57 56 S.
652 538 196 69 Myers
885 539 113 53 and
1037 538 65 53 F.
1140 538 70 53 A.
1247 538 180 70 Agar.
1505 538 140 53 New
1683 538 181 70 York,
1900 537 255 70 Chicago
2198 542 138 64 [etc.]

316 618 1160 69 Fleming H. Revell company [ ᶜ1 931]
385 696 61 41 96
474 707 43 39 p.
580 696 57 42 19½ᶜᵐ.

386 766 354 49 Bibliography
758 777 9 30 :
797 776 43 39 p.
875 766 68 42 96.

323 835 52 52 ©
405 840 116 46 May
548 838 69 47 16,
646 837 113 42 1931;
819 838 66 40 2c.
915 839 96 38 and
1040 837 82 41 aff.
1153 839 115 47 May
1295 837 56 41 27;
1409 839 40 38 A
1477 838 148 41 38448;
1683 837 223 50 Fleming
1934 839 62 40 H.
2024 838 167 39 Revell
2222 847 67 30 co.

402 895 283 49 (31-15099)

318 1007 285 54 National
631 1006 286 66 advisory
942 1005 227 56 council
1196 1023 75 37 on
1298 1005 171 55 radio
1494 1006 60 53 in
1583 1006 335 56 education.

454 1086 1891 71 … The National advisory council on radio in education.
318 1166 141 53 New
488 1164 183 72 York,
699 1163 172 56 Office
897 1166 64 52 of
987 1166 98 53 the
1110 1164 224 55 council
1368 1168 173 65 [1931]

387 1243 1599 52 cover-title, 31 p. 19 ᶜᵐ. (Its Information series, no. 1)
386 1314 243 49 Levering
660 1315 176 47 Tyson,
872 1316 227 40 director.

326 1384 52 53 ©
405 1388 111 41 Feb.
543 1386 68 48 19,
638 1387 114 41 1931;
807 1388 66 40 2c.
901 1389 97 39 and
1024 1387 83 41 aff.
1135 1388 114 48 May
1277 1388 55 40 18;
1386 1388 42 39 A
1452 1387 145 41 38241;
1653 1388 118 41 Natl.
1814 1387 231 49 advisory
2070 1387 191 42 council
2286 1399 60 30 on

395 1447 140 40 radio
560 1447 50 38 in
635 1446 275 48 education,
936 1446 117 40 New
1079 1447 146 40 York.
1291 1446 283 49 (31-15061)

320 1555 310 68 Neuhaus,
659 1557 229 65 Eugen,
920 1557 173 56 1879-

393 1636 1895 72 The history & ideals of American art, by Eugen Neuhaus …
325 1715 285 57 Stanford
650 1717 359 70 University,
1050 1716 196 71 Calif.,
1289 1717 285 55 Stanford
1613 1717 322 71 university
1972 1737 187 50 press;
322 1717 2003 147 London,

483 1795 78 53 H.
590 1795 269 69 Milford,
890 1794 232 56 Oxford
1149 1794 322 71 university
1500 1814 176 52 press,
1706 1799 151 50 1931.

463 1873 1153 51 xv, 444 p., 1 l. incl. front., plates, ports. 27 ᶜᵐ.
393 1944 382 49 Bibliography:
821 1956 41 37 p.
901 1945 222 42 427-438.

331 2016 51 52 ©
412 2021 115 47 May
554 2020 69 47 22,
652 2019 113 41 1931;
824 2019 65 41 2c.
920 2020 128 40 June
1074 2019 26 39 2;
1158 2020 84 41 aff.
1271 2020 128 40 June
1427 2020 53 48 8;
1511 2021 43 39 A
1580 2021 173 48 38634;
1784 2022 165 40 Board
1978 2021 51 41 of
2058 2024 214 38 trustees
2300 2021 52 40 of

400 2079 185 41 Leland
616 2078 236 41 Stanford
878 2078 167 48 junior
1072 2077 289 50 university,
1392 2078 236 41 Stanford
1658 2079 299 50 University,
1987 2079 147 42 Calif.

410 2137 284 48 (31-15082)

327 2247 351 66 Nickerson,
709 2247 146 54 Paul
887 2247 275 56 Sumner.

402 2325 162 71 Surf,
622 2328 74 68 by
755 2326 150 54 Paul
966 2325 244 57 Sumner
1270 2326 333 54 Nickerson.
1679 2328 304 70 Portland,
2041 2328 132 69 Me.,
2234 2329 121 52 The

326 2405 233 55 Mosher
590 2425 176 51 press,
799 2409 154 50 1931.

399 2485 661 49 ix, 68 p., 1 l. illus. 19 ᶜᵐ.
402 2558 148 40 “This
586 2557 186 41 edition
809 2557 52 41 of
898 2557 119 41 Surf
1052 2557 195 49 printed
1286 2569 60 29 on
1381 2559 107 40 Van
1526 2558 177 41 Gelder
1738 2569 149 38 paper
1923 2559 211 41 consists
2172 2559 51 41 of
2261 2559 91 42 five

329 2614 1441 50 hundred numbered copies … This copy is no. 1.”
400 2673 187 40 Poems.

335 2742 52 52 ©
424 2747 122 39 Mar.
580 2746 40 46 3,
653 2743 141 48 1931;
831 2745 67 39 2c.
934 2744 126 39 June
1095 2744 82 45 12;
1215 2743 83 41 aff.
1333 2744 126 39 June
1495 2744 80 47 11;
1614 2744 40 39 A
1689 2743 172 49 38768;
1900 2745 51 40 P.
1989 2743 46 43 S.
2070 2743 283 49 Nickerson,

405 2805 164 48 Upper
594 2802 275 49 Montclair,
896 2803 55 38 N.
980 2803 42 39 J.
1088 2801 284 50 (31-15120)

331 2914 145 64 Noé,
507 2913 182 54 Adolf
721 2913 155 65 Carl,
910 2915 172 54 1873-

463 2990 1889 70 … Ferns, fossils and fuel; the story of plant life on earth.
333 3068 273 70 Chicago,
633 3069 250 54 Thomas
913 3068 56 55 S.
998 3068 294 54 Rockwell
1318 3087 299 51 company,
1647 3072 152 51 1931.

404 3152 1138 50 128 p. illus. 21 ᶜᵐ. [Tree of knowledge]
407 3220 171 41 “Some
605 3220 53 40 of
684 3221 82 39 the
793 3220 150 40 books
970 3221 118 39 used
1114 3220 80 40 for
1223 3219 278 41 reference”
1521 3232 8 29 :
1561 3231 43 38 p.
1630 3220 99 40 128.

341 3288 51 53 ©
420 3294 115 47 May
559 3292 68 49 19,
654 3291 112 42 1931;
823 3293 68 40 2c.
916 3293 115 47 May
1056 3292 55 39 22;
1168 3291 83 42 aff.
1279 3293 113 47 May
1416 3292 54 38 21;
1528 3292 41 39 A
1593 3291 173 48 38366;
1796 3292 212 41 Thomas
2038 3292 45 41 S.
2111 3292 245 40 Rockwell

408 3361 68 30 co.
544 3351 282 48 (31-15188)

336 3461 233 64 Norris,
597 3462 204 53 James
829 3460 200 66 Flack,
1059 3461 173 56 1871-

408 3540 1888 70 The principles of organic chemistry, by James F. Norris …
337 3621 72 52 3d
441 3620 83 53 ed.
602 3620 171 51 Total
801 3617 149 57 issue
981 3621 204 66 68,000.
1262 3619 140 53 New
1432 3619 166 52 York
1627 3620 113 53 and
1769 3619 261 70 London,
337 3617 2020 133 McGraw-Hill

496 3697 148 54 book
670 3716 300 51 company,
998 3696 128 70 inc.,
1156 3700 153 50 1931.

406 3774 1941 52 xii, 595 p. diagrs. 21 ᶜᵐ. (Half-title: International chemical series.
337 3830 1193 51 J. F. Norris … consulting editor) $3.00
346 3900 50 53 ©
427 3907 125 39 June
580 3906 39 49 8,
650 3906 140 46 1931;
822 3907 65 39 2c.
919 3907 126 39 June
1075 3906 81 47 10;
1188 3905 84 42 aff.
1302 3907 126 40 June
1458 3907 82 46 11;
1573 3907 40 38 A
1641 3905 172 49 38741;
1847 3907 43 40 J.
1922 3907 52 40 F.
2005 3904 186 48 Norris,
412 3905 1928 108 Cambridge,
619 3966 148 41 Mass.
830 3964 281 50 (31-15077)
