2428 4370
1023 3978 133 52 1893

79 367 303 65 Schuyler,
413 367 225 64 George
669 366 254 64 Samuel,
956 371 165 50 1895-

152 444 197 56 Slaves
387 444 202 68 today;
633 463 30 33 a
705 449 156 63 story
902 441 64 55 of
1004 442 249 68 Liberia,
1292 443 75 69 by
1408 441 220 70 George
1674 441 56 55 S.
1777 440 292 70 Schuyler.

79 523 138 52 New
249 521 179 68 York,
458 522 247 67 Brewer,
734 520 243 55 Warren
1007 521 46 52 &
1083 521 269 67 Putnam,
1386 521 150 52 1931.

145 604 25 40 3
197 613 42 38 p.
303 636 9 16 l.,
339 602 144 41 5-290
507 612 43 38 p.
611 602 145 40 19½ᶜᵐ.

86 670 51 52 ©
172 675 117 40 Nov.
324 675 68 46 13,
428 672 140 47 1931;
605 673 66 40 2c.
706 674 117 39 Nov.
858 672 82 48 16;
978 673 83 41 aff.
1094 673 117 40 Nov.
1246 673 83 46 17;
1366 672 39 40 A
1441 673 172 47 44840;
1652 672 53 41 G.
1744 672 43 41 S.
1828 672 245 48 Schuyler,

153 731 116 40 New
296 731 143 39 York.
510 729 278 50 (31-32949)

81 823 265 64 Schwab,
376 823 195 64 Georg
596 822 209 65 Maria,
836 828 170 49 1899-

141 900 277 68 Katalyse
441 917 129 35 vom
590 898 358 69 Standpunkt
971 900 99 53 der
1094 898 352 54 chemischen
1466 897 241 67 kinetik,
1727 915 111 36 von
1859 898 213 68 Georg-

81 974 1992 71 Maria Schwab … mit 39 figuren. Berlin, J. Springer, 1931.
151 1056 784 53 viii, 249, [ 1] p. diagrs. 24 ᶜᵐ .
152 1126 335 42 “Literatur”:
517 1138 45 37 p.
610 1125 235 51 [235]-243.

89 1195 1875 52 © June 24, 1931; 1c. Aug. 13; A —Foreign 13423; Julius Springer.
169 1254 278 50 (31-33719)

84 1351 185 63 Scott,
294 1352 139 51 Mrs.
462 1348 237 54 Natalie
729 1349 68 55 V.

153 1425 1927 71 200 years of New Orleans cooking [ by] Natalie V. Scott,
84 1504 356 54 decorations
466 1504 76 69 by
573 1503 261 56 William
868 1503 319 70 Spratling.
1262 1504 139 53 New
1434 1504 182 67 York,
1648 1504 56 55 J.
1740 1503 156 69 Cape
1927 1506 46 50 &
2004 1505 75 51 H.

86 1582 414 67 Smith [ ᶜ1 931 ]
153 1662 950 52 xii, 238 p. front., illus., pl. 19 ½ᶜᵐ .
91 1731 51 52 ©
166 1737 117 40 Nov.
307 1736 68 48 16,
399 1735 140 48 1931;
564 1735 67 41 2c.
655 1736 117 39 Nov.
797 1736 81 46 18;
905 1735 81 40 aff.
1012 1735 111 42 Dec.
1147 1735 52 47 4;
1227 1735 39 40 A
1290 1735 172 47 45075;
1489 1736 57 41 N.
1573 1736 52 41 V.
1653 1736 147 46 Scott,
1827 1736 254 44 Guerrero,

159 1792 199 40 Mexico.
429 1791 280 50 (31-33052)

87 1888 184 63 Scott,
298 1888 87 53 W.
412 1887 106 63 W.,
548 1906 179 50 comp.

156 1964 233 69 Breaks,
427 1962 421 55 unintentional
889 1966 204 52 humor
1131 1965 73 68 by
1244 1963 148 54 tired
1430 1983 334 49 newspaper
1804 1984 126 34 men
1968 1966 107 52 and

85 2041 207 68 others,
324 2041 279 67 compiled
636 2042 76 67 by
745 2043 88 53 W.
865 2043 90 53 W.
993 2042 177 70 Scott,
1206 2041 321 54 illustrated
1562 2042 74 69 by
1670 2044 147 51 Nate
1851 2043 227 55 Collier.

86 2117 1283 70 New York, J. Cape and H. Smith [ ᶜ1 931]
156 2201 27 38 4
209 2211 42 37 p.
309 2231 9 17 l.,
344 2200 54 41 84
422 2211 43 37 p.
516 2200 164 48 front.,
705 2200 129 42 illus.
886 2200 147 42 18½ᶜᵐ.

93 2266 51 52 ©
176 2271 126 40 June
331 2271 40 41 8.
402 2270 140 48 1931;
574 2271 66 40 2c.
673 2271 124 40 June
828 2272 82 46 11;
945 2271 80 39 aff.
1058 2271 127 41 June
1214 2272 81 46 13;
1330 2272 40 39 A
1401 2272 171 47 37915;
1607 2273 248 40 Jonathan
1890 2272 129 49 Cape
2050 2274 36 40 &

161 2327 241 40 Harrison
429 2328 170 47 Smith,
625 2327 90 41 inc.
786 2327 278 49 (31-33149)

94 2421 293 70 [Sherrod,
413 2421 198 54 Julian]

158 2496 365 70 Scapegoats,
547 2499 75 68 by
651 2517 103 35 one
782 2500 62 51 of
870 2499 170 54 them.
1116 2500 218 70 Dallas,
1363 2504 154 66 Tex.,
1544 2503 55 54 J.
1631 2503 269 64 Sherrod,
1932 2507 147 49 1931.

158 2579 28 40 4
214 2591 42 37 p.
319 2611 9 17 l.,
353 2579 84 40 121
464 2590 43 37 p.
567 2581 25 38 1
619 2580 128 42 illus.
807 2581 116 40 24ᶜᵐ.

163 2636 70 40 On
255 2646 141 31 cover
413 2647 9 29 :
457 2636 132 41 First
611 2637 195 41 edition.

163 2693 100 40 The
288 2695 133 46 story
445 2694 53 40 of
520 2694 82 40 the
628 2693 220 42 flotation
873 2695 51 40 of
948 2695 255 41 securities
1226 2697 60 47 by
1311 2707 88 29 our
1422 2697 153 41 banks
1602 2699 92 38 and
1722 2708 60 28 an
1808 2699 172 47 appeal
2006 2699 78 39 for

91 2750 80 40 the
195 2751 168 39 return
387 2753 48 38 to
460 2754 108 37 true
590 2751 225 49 banking.

96 2817 51 53 ©
176 2822 118 48 Aug.
324 2823 69 47 17,
421 2821 141 49 1931;
592 2821 67 43 2c.
689 2824 95 39 and
812 2823 82 42 aff.
922 2824 121 48 Aug.
1072 2824 82 47 20;
1185 2824 42 40 A
1252 2823 171 50 40899;
1457 2825 43 41 J.
1533 2825 224 43 Sherrod.

174 2879 279 48 (31-32901)

91 2970 291 67 Simpson,
414 2973 276 55 Clarence
720 2974 215 65 Oliver,
968 2977 171 54 1879-

159 3049 313 54 Advanced
502 3049 358 56 radiodontic
892 3050 457 71 interpretation,
1380 3055 73 66 by
1490 3055 270 54 Clarence
1791 3056 68 55 O.
89 3057 1972 122 Simpson

268 3126 1817 73 … with one hundred and thirty-five illustrations. St. Louis,
91 3204 119 52 The
242 3203 335 71 University
609 3224 174 49 press,
817 3210 148 50 1931.

161 3285 27 40 3
209 3295 43 38 p.
308 3316 9 17 l.,
339 3284 116 42 9-79
474 3297 43 37 p.
579 3286 117 42 28ᶜᵐ.

162 3341 103 41 The
291 3341 327 42 illustrations
650 3354 83 29 are
765 3344 348 49 photographic
1144 3346 365 48 reproductions
1539 3348 52 39 of
1622 3348 320 49 radiographs
1971 3361 60 28 on
2060 3350 28 39 9

93 3397 156 47 plates
280 3400 230 39 attached
539 3401 50 39 to
618 3411 155 30 cover.

99 3464 51 52 ©
177 3468 99 41 Oct.
303 3469 69 47 26,
398 3470 140 46 1931;
566 3470 65 41 2c.
659 3472 94 39 and
780 3471 81 42 aff.
887 3472 118 42 Nov.
1030 3473 82 47 12;
1140 3473 40 39 A
1205 3474 172 47 44747;
1407 3474 48 41 C.
1484 3475 52 40 O.
1566 3476 235 48 Simpson,
1832 3477 66 41 St.
1928 3477 159 40 Louis.

176 3525 278 48 (31-32802)

93 3617 301 67 Spalding,
424 3620 234 56 Arthur
686 3621 353 67 Whitefield,
1072 3626 169 53 1877-

163 3693 278 73 Growing
460 3697 139 69 boys
622 3699 113 53 and
758 3698 169 71 girls;
951 3700 94 53 the
1069 3702 258 70 training
1351 3705 111 52 and
1489 3705 216 54 culture
1729 3706 64 53 of
1814 3709 95 51 the
1932 3708 154 55 child

94 3772 1967 133 in pre-adolescence, from ten to thirteen … by Arthur Whitefield
276 3851 1807 71 Spalding … and Belle Wood-Comstock … Mountain
