2505 4370
1017 4012 133 50 1035

68 379 295 52 Lafuente
394 395 39 46 y
463 376 311 64 Zamalloa,
806 375 287 64 Modesto,
1126 378 326 51 1806-1866.

134 454 260 55 Historia
442 453 228 69 general
719 453 68 53 de
834 452 231 67 España
1113 451 168 52 desde
1325 451 84 54 los
1454 449 241 67 tiempos
1741 444 326 72 primitivos

64 533 159 52 hasta
260 532 53 53 la
350 536 216 49 muerte
602 530 65 53 de
707 528 299 55 Fernando
1135 574 11 24 VII,
1181 546 106 51 por
1323 527 112 54 don
1470 526 258 54 Modesto
1763 523 302 70 Lafuente,

64 612 263 52 continua
335 610 67 53 da
441 609 167 53 desde
642 608 166 53 dicha
870 625 140 50 época
1042 607 164 53 hasta
1236 606 57 52 la
1325 612 217 46 muerte
1573 604 69 53 de
1675 604 111 52 don
1819 602 245 53 Alfonso

66 708 99 46 XII,
200 706 105 49 por
337 687 109 52 don
481 686 155 54 Juan
670 684 204 55 Valera
911 703 67 33 en
1015 682 390 54 colaboración
1439 700 101 35 con
1576 681 51 53 d.
1663 681 227 53 Andrés
65 680 1977 152 Borrego,

239 764 51 52 d.
319 764 254 52 Antonio
600 761 194 55 Pirala
821 783 37 49 y
884 762 51 52 d.
963 762 102 53 José
1123 759 241 55 Coroleu
1389 780 37 50 y
1450 760 164 52 hasta
1640 758 56 54 la
1720 756 341 71 mayoredad

64 834 1977 152 de don Alfonso XIII, por don Gabriel Maura y Gamazo … Barcelona,
300 919 303 51 Montaner
631 938 37 49 y
701 916 216 70 Simon,
947 935 38 35 s.
1020 936 66 47 a.,
1119 917 151 50 1930.

140 999 55 40 27
268 1031 9 8 v.
345 998 165 47 front.,
550 998 143 47 illus.,
734 996 158 49 plates
919 995 136 49 (part
1094 995 114 47 col.;
1250 995 31 39 2
1318 995 198 47 double)
1566 996 164 47 ports.,
1769 1004 138 38 maps
1934 993 135 49 (part

68 1055 142 47 fold.)
249 1054 216 41 facsims.
494 1054 137 48 (part
656 1053 144 47 fold.)
839 1054 86 39 col.
957 1054 134 38 coats
1121 1052 51 40 of
1204 1062 145 31 arms.
1408 1052 146 41 23½ᶜᵐ.

75 1121 1996 55 © Dec. 1. 1930; 1c. each June 4, 1931; A—Foreign 12245; Montaner y
148 1185 176 41 Simon,
353 1196 36 29 s.
418 1196 42 28 a.
531 1181 278 49 (31-16775)

73 1280 335 52 Louisiana.
486 1281 206 51 Courts
722 1280 63 67 of
813 1276 222 70 appeal.

146 1351 1929 75 Reports … v. 15. Cases argued and determined … at the
76 1443 142 45 term
252 1435 313 68 beginning
600 1433 120 52 first
756 1433 254 67 Monday
1044 1431 64 53 of
1142 1431 262 69 October,
1441 1433 149 50 1930.
1668 1429 180 54 Court
1880 1428 65 53 of
76 1446 1975 135 appeal,
262 1512 122 53 first
426 1512 218 59 circuit,
688 1513 187 51 Baton
917 1510 226 68 Rouge;
1188 1511 204 51 second
1434 1508 219 68 circuit,
1697 1506 377 67 Shreveport;

76 1584 1934 71 Parish of Orleans, New Orleans … Edited by J. B. Herold
134 1665 1361 70 … New Orleans. Hauser printing co., 1931.
146 1749 133 41 xxix.
308 1750 83 38 744
419 1759 45 37 p.
524 1748 113 39 23ᶜᵐ.

81 1815 50 52 ©
157 1819 115 47 July
298 1819 67 41 15,
394 1818 112 39 1931;
620 1848 8 8 2c.
656 1818 95 38 and
778 1817 81 39 aff.
888 1817 117 47 Aug.
1034 1818 17 37 1
1077 1827 8 35 ;
1113 1817 39 38 A
1178 1815 173 47 40579;
1381 1816 195 39 Hauser
1603 1814 218 48 printing
1845 1823 66 30 co.

75 1928 284 63 MacIver,
389 1927 223 52 Robert
641 1925 313 62 Morrison,
987 1929 169 51 1882-

140 2003 120 51 The
290 2000 383 54 contribution
704 2000 63 53 of
797 2000 284 71 sociology
1111 2007 57 46 to
1199 1999 173 55 social
1402 1999 175 67 work,
1605 1999 75 68 by
1710 1999 69 55 R.
1809 2001 80 51 M.
107 2001 1945 132 MacIver

298 2076 1773 71 … New York, Pub. for the New York school of social
71 2156 157 52 work
253 2156 74 71 by
358 2154 293 56 Columbia
687 2154 316 70 university
1030 2173 173 49 press,
1234 2158 150 51 1931.

145 2237 1932 49 viii, 110 p., 1 l. 20ᶜᵐ. (Half-title: The Forbes lectures of the New
73 2296 127 39 York
232 2297 159 38 school
421 2296 52 39 of
499 2295 148 39 social
677 2295 156 48 work)

145 2351 115 41 New
288 2352 128 38 York
444 2350 162 40 school
633 2350 53 41 of
712 2349 146 42 social
889 2351 132 40 work
1049 2349 336 49 publications.

145 2407 372 48 Bibliography:
547 2417 44 37 p.
626 2427 11 30 [
639 2405 233 51 101]-106.

85 2474 50 52 ©
165 2479 125 39 June
318 2478 69 47 24,
473 2478 85 45 1931;
588 2479 67 38 2c.
686 2478 129 38 June
838 2477 82 46 24;
954 2477 80 39 aff.
1065 2478 129 39 June
1219 2477 83 47 26;
1335 2478 41 38 A
1403 2477 173 48 40097;
1609 2479 251 41 Columbia
154 2477 1908 105 university
278 2546 150 37 press.
499 2534 278 48 (31-17015)

79 2628 369 64 Marangoni,
479 2629 247 61 Matteo,
760 2629 171 54 1876-

209 2705 1873 69 … Florence, par Matteo Marangoni … fusains de Joseph
78 2783 1326 69 Pennell … Paris, Éditions Alpina [1931]
150 2864 98 48 128,
289 2867 53 48 [4]
379 2877 43 37 p.
457 2867 109 40 incl.
600 2867 150 40 front.
810 2866 129 41 illus.
986 2865 133 49 (incl.
1155 2867 176 48 ports.)
1375 2868 171 47 plates.
1606 2867 57 40 34
1665 2869 45 21 ᶜᵐ
1713 2898 9 9 .
1793 2866 289 49 (Collection

78 2922 324 47 pompeienne.
467 2923 81 48 [1])

150 2978 152 41 Cover
330 2978 281 41 illustrated
638 2980 50 39 in
714 2980 169 40 colors.

150 3036 117 40 Part
298 3036 51 39 of
378 3037 82 39 the
492 3038 155 46 plates
680 3035 341 48 accompanied
1052 3037 61 46 by
1143 3037 156 47 guard
1331 3037 162 40 sheets
1525 3036 119 40 with
1675 3036 293 48 descriptive
79 3037 1987 102 letterpress.

154 3148 1929 50 “De cet ouvrage … il a été tiré, 1850 exemplaires.” This copy not
82 3206 272 39 numbered.

89 3266 1827 53 © Apr. 24, 1931; 1c. May 22; A—Foreign 12181; Éditions Alpina.
172 3325 279 46 (31-16712)

87 3418 211 64 Marin,
329 3418 174 63 John,
537 3419 170 54 1870-

157 3495 220 51 Letters
424 3494 63 52 of
534 3495 154 51 John
739 3494 211 67 Marin,
998 3494 208 67 edited,
1256 3494 141 52 with
1445 3514 71 33 an
1567 3494 391 53 introduction
2007 3494 75 69 by

90 3571 245 52 Herbert
360 3571 54 52 J.
445 3569 348 70 Seligmann.
854 3572 138 51 New
1019 3571 179 69 York,
1225 3572 159 52 Priv.
1412 3571 175 68 print,
1617 3570 93 54 for
1737 3571 95 52 An
87 3571 1970 127 American
219 3648 176 66 place,
427 3650 148 49 1931.

157 3726 113 51 [121]
302 3737 43 36 p.
404 3727 190 40 facsim.
653 3727 115 40 25ᶜᵐ.

158 3783 1925 49 “… The édition consists of four hundred copies on Worthy aurelian
90 3846 146 38 paper
319 3838 24 15 …”
400 3839 120 40 This
546 3849 119 38 copy
693 3839 42 40 is
763 3841 84 39 not
874 3840 274 40 numbered.

97 3890 50 52 ©
178 3896 124 39 June
331 3895 39 47 2,
402 3894 140 48 1931;
573 3896 67 40 2c.
672 3897 124 39 June
828 3897 51 40 8:
913 3896 79 41 aff.
1025 3898 128 39 June
1181 3898 82 41 13;
1297 3898 39 38 A
1366 3896 170 49 39124;
1569 3899 43 39 J.
1645 3898 174 48 Marin,
1852 3898 233 50 Cliffside,

165 3952 55 39 N.
254 3952 43 41 J.
368 3951 278 50 (31-17177)
