2505 4370
1295 4030 65 53 86

321 385 374 68 [Hutchison,
727 386 264 54 Graham
1018 387 182 54 Seton]
1256 391 173 51 1890-

383 462 122 53 The
554 461 126 70 sign
729 463 63 52 of
835 462 228 70 Arnim,
1108 463 75 70 by
1229 461 257 56 Graham
1534 463 172 55 Seton
1775 464 181 69 [pseud…
2194 463 136 54 New

315 539 179 72 York,
526 539 429 70 Cosmopolitan
985 540 144 54 book
1162 540 382 72 corporation,
1575 544 151 51 1931.

384 621 566 49 4 p. l. , 344 p. 19½ ᶜᵐ .
321 690 52 53 ©
405 695 112 41 Jan.
546 694 70 49 29,
647 693 141 49 1931;
821 694 68 42 2c.
921 697 96 39 and
1049 694 83 42 aff.
1164 695 110 40 Jan.
1306 694 82 48 30;
1423 695 42 39 A
1493 694 173 49 33428;
1701 694 217 42 Graham
1953 696 147 41 Seton

389 694 1928 107 Hutchison,
527 752 302 49 Hillingdon,
868 753 287 48 Middlesex,
1192 752 240 49 England.
1503 750 254 53 (31-2906)

315 847 244 55 Illinois.
635 848 286 64 Supreme
953 851 189 52 court.

387 928 250 68 Reports
673 927 64 53 of
771 945 152 37 cases
958 934 59 47 at
1049 928 111 52 law
1194 930 115 51 and
1342 928 61 52 in
1438 928 281 69 chancery
1754 929 215 68 argued
2005 930 115 52 and

315 930 2023 145 determined … v. 340, containing cases in which opinions were filed
316 1085 59 52 in
406 1085 158 54 June
591 1086 113 52 and
736 1083 265 71 October,
1035 1087 153 66 1930,
1219 1086 114 52 and
1363 1103 151 36 cases
1546 1085 250 52 wherein
1829 1084 332 70 rehearings
2194 1103 146 34 were

317 1163 206 54 denied
555 1168 58 48 at
643 1164 97 53 the
771 1161 247 56 October
1047 1168 164 63 term,
1246 1165 151 50 1930.
1477 1162 230 56 Samuel
1739 1163 251 70 Pashley
2021 1162 201 69 Irwin,

316 1182 1998 129 reporter
546 1242 64 52 of
642 1240 295 55 decisions.
1014 1240 431 71 Bloomington,
1478 1241 114 70 Ill.,
1628 1244 150 51 1931.

389 1322 66 49 ix,
491 1321 207 51 [11]-704
729 1332 44 39 p.
833 1321 148 43 22½ᶜᵐ.

323 1388 52 53 ©
402 1393 112 41 Jan.
538 1393 71 48 24,
635 1391 114 42 1931;
804 1392 67 42 2c.
899 1394 97 39 and
1022 1393 82 42 aff.
1132 1394 110 40 Jan.
1270 1392 56 40 29;
1382 1393 42 39 A
1447 1392 146 41 34045;
1652 1392 195 42 Samuel
1875 1393 51 42 P.

1955 1392 167 50 Irwin,
391 1393 1930 106 Bloomington,
609 1451 76 41 Ill.

317 1542 290 67 Jamison,
638 1544 235 65 Louise,
907 1545 172 55 1879-

385 1621 232 54 Mother
644 1622 266 53 Nature’s
938 1622 151 54 little
1116 1624 221 67 people,
1364 1622 76 70 by
1465 1622 208 54 Louise
1700 1622 282 69 Jamison,
2009 1621 328 55 illustrated

314 1700 75 72 by
425 1700 280 55 Kennard
742 1700 249 54 Harder.
1067 1701 321 69 Dansville,
1421 1702 70 54 N.
1529 1700 91 71 Y.,
1653 1701 66 54 F.
1756 1702 71 52 A.

315 1700 1999 149 Owen publishing company [ᶜ193 1]
387 1862 847 50 128 p. illus. (part col.) 19 ᶜᵐ .
324 1929 52 53 ©
403 1934 111 42 Jan.
540 1933 40 50 2,
606 1933 114 42 1931;
775 1934 68 42 2c.
870 1935 110 40 Jan.
1007 1934 29 40 5;
1088 1934 83 42 aff.
1198 1935 111 40 Jan.
1335 1935 25 40 3;
1417 1935 43 39 A
1484 1933 145 42 32551;
1685 1935 53 42 F.
1765 1936 54 40 A.
1848 1934 150 42 Owen
2023 1935 112 49 pub.
2161 1945 68 30 co.

402 1990 253 51 (31-2959)

320 2086 317 65 Johnston,
667 2089 140 53 Mrs.
838 2088 194 53 Annie
1071 2087 311 66 (Fellows)
1422 2092 171 50 1863-

387 2164 122 53 The
545 2163 179 53 Little
762 2163 233 55 Colonel
1031 2163 228 66 stories;
1299 2165 203 53 second
1538 2165 185 69 series,
1762 2165 75 71 by
1871 2164 189 55 Annie
2098 2164 242 54 Fellows

316 2241 2024 71 Johnston … illustrated by Harold Cue. Boston, L. C. Page &
316 2323 509 69 company [ ᶜ193 1]
389 2400 1951 50 vii p., 4 l., 5-276 p. front., plates. 20 ᶜᵐ . (Her The Little Colonel
317 2458 179 49 series)

390 2529 165 41 “First
582 2529 291 49 impression
904 2529 239 48 January,
1172 2529 160 41 1931.”

736 2585 1605 49 CONTENTS. —Ole Mammy’s torment.—The three Tremonts.—The Little
319 2645 199 42 Colonel
548 2644 51 40 in
632 2642 338 43 Switzerland.

325 2715 52 53 ©
411 2720 112 41 Jan.
554 2719 70 48 23,
657 2717 141 48 1931;
832 2717 68 41 2c.
934 2717 109 41 Jan.
1076 2717 84 48 31;
1194 2716 84 42 aff.
1312 2717 110 42 Jan.
1455 2715 84 50 30;
1573 2718 42 39 A
1646 2716 173 49 33464;
1853 2717 52 41 L.
1941 2717 50 42 C.
2024 2717 131 48 Page
2188 2715 38 42 &
2255 2725 85 39 co.,

392 2777 92 41 inc.
556 2774 253 51 (31-2909)

321 2873 178 63 Judy,
527 2870 259 56 William
816 2870 211 66 Lewis,
1059 2875 172 51 1891-

387 2950 58 52 A
476 2948 256 54 soldier’s
764 2948 196 69 diary;
997 2967 32 34 a
1060 2948 346 69 day-to-day
1437 2948 198 53 record
1666 2947 60 53 in
1757 2948 97 53 the
1884 2946 180 54 world
2097 2964 136 50 war,
2263 2945 76 69 by

319 3026 253 69 Captain
621 3027 145 55 Will
816 3026 189 70 Judy;
1060 3026 328 53 illustrated
1438 3025 77 70 by
1565 3027 142 52 Bert
1755 3026 222 52 Hanor.
2066 3024 272 69 Chicago,

317 3105 163 63 Judy
508 3104 338 64 publishing
873 3121 300 47 company,
1205 3107 151 50 1930.

390 3187 532 50 216 p. illus. 24 ᶜᵐ .
393 3245 165 40 “First
586 3243 229 42 edition.”

393 3303 112 47 “My
542 3301 142 48 diary
725 3301 259 48 published
1023 3300 168 40 herein
1233 3310 168 30 covers
1442 3302 302 46 twenty-two
1785 3301 195 40 months
2021 3299 52 41 of
2114 3311 80 37 my
2234 3301 102 48 life,

321 3361 130 40 from
501 3358 284 48 twenty-six
834 3359 49 38 to
932 3357 341 48 twenty-eight
1322 3366 156 39 years,
1528 3356 130 41 from
1706 3357 193 48 August
1947 3357 115 41 1917
2112 3360 48 38 to
2210 3358 128 40 June

320 3415 411 43 1919.”—Introd.

327 3483 51 52 ©
407 3488 60 38 Jan
545 3486 69 47 21,
643 3484 112 42 1931;
814 3485 67 41 2c.
910 3486 95 39 and
1034 3484 82 43 aff.
1145 3485 110 40 Jan.
1284 3485 58 39 24;
1398 3485 41 39 A
1465 3483 145 42 32961;
1668 3486 73 42 W.
1770 3487 146 49 Judy,
1945 3486 227 49 Chicago.

405 3543 252 50 (31-2882)

320 3637 252 64 Kaplan,
604 3638 99 53 Ira
732 3639 64 64 L,
831 3639 171 54 1887-

389 3714 1947 70 Practical radiation therapy, by Ira I. Kaplan … with a
318 3791 1994 146 special chapter on Applied X-ray physics, by Carl B. Braestrup …
677 3870 411 69 Philadelphia
1136 3871 113 52 and
1295 3871 260 69 London,
1598 3872 91 54 W.
1737 3873 67 51 B.
1855 3870 289 56 Saunders
319 3888 1990 128 company,
524 3951 150 51 1931.
