2505 4370
1282 4002 138 50 1144

341 417 69 53 3d
451 417 283 69 printing,
770 435 110 35 cor.
957 418 140 52 New
1134 419 181 68 York,
1350 419 57 54 J.
1440 419 193 70 Wiley
1667 421 46 51 &
1744 437 149 51 sons,
1927 420 109 53 inc.;
2104 421 260 68 London,

343 495 304 68 Chapman
676 497 46 51 &
750 495 162 69 Hall,
943 496 242 71 limited,
1218 500 153 50 1931.

413 554 1950 79 2 p. l., iii-xi, 270 p. front., illus., diagrs. (part fold.) 19 ᶜᵐ . $2.75
416 637 195 40 Earlier
648 637 211 40 editions
897 638 125 39 have
1059 637 109 40 title
1186 648 9 29 :
1235 638 270 41 Text-book
1543 649 60 30 on
1642 639 238 47 practical
1917 642 298 39 astronomy.

351 691 52 52 ©
430 695 117 47 July
571 696 69 45 17,
667 693 108 42 1931;
836 694 68 41 2c.
931 694 117 48 July
1073 694 55 39 22;
1186 695 83 41 aff.
1296 696 116 47 July
1438 696 55 39 21;
1550 696 42 39 A
1615 696 146 41 39644;
1819 697 51 41 G.
1899 698 51 39 L,
1978 698 224 47 Hosmer,
420 698 1928 102 Cambridge,
632 753 148 39 Mass.
851 751 282 48 (31-19669)

344 836 279 65 Howard,
652 835 211 55 Jennie
894 836 69 55 E.

414 913 74 52 In
530 913 220 52 distant
790 912 192 53 climes
1024 914 114 52 and
1180 914 165 53 other
1387 932 181 50 years,
1609 914 77 70 by
1727 914 207 55 Jennie
1976 914 69 55 E.
2088 917 256 52 Howard,

345 992 226 53 Buenos
600 990 187 68 Aires,
816 991 123 53 The
968 990 311 54 American
1307 1010 176 50 press,
1515 995 151 51 1931.

415 1074 1042 48 136 p. incl. front., plates, ports. 23 ᶜᵐ .
419 1131 294 40 “Published
748 1132 155 39 under
938 1132 83 39 the
1054 1130 226 49 auspices
1315 1131 52 40 of
1401 1132 82 40 the
1516 1132 260 41 American
1811 1132 186 49 society
2031 1133 51 42 of
2117 1135 82 40 the
2235 1135 131 40 river

345 1190 154 46 Plate,
530 1189 194 39 Buenos
751 1187 186 42 Aires.”

351 1243 2015 54 © 1c. June 18, 1931; A ad int. 15211; pubd. Apr. 23; American society
421 1304 51 41 of
502 1305 82 40 the
614 1303 149 41 River
794 1304 153 45 Plate,
979 1304 194 39 Buenos
1202 1302 157 48 Aires,
1389 1303 285 48 Argentina.
1747 1303 283 50 (31-19664)

346 1385 349 65 Hubachek,
725 1384 200 53 Frank
953 1385 87 64 R.,
1074 1389 172 50 1861-

414 1464 123 52 The
582 1462 525 71 constitutionality
1154 1462 65 54 of
1264 1463 167 53 small
1476 1464 132 53 loan
1653 1462 346 71 legislation,
2043 1465 76 69 by
2165 1466 198 53 Frank

344 1541 2018 71 R. Hubachek … New York. Russell Sage foundation, 1931.
415 1622 1934 52 50 p. 23 ᶜᵐ . (On cover: [Russell Sage foundation, New York. Dept.
345 1681 52 41 of
425 1681 234 41 remedial
686 1682 153 40 loans.
902 1681 284 48 Pamphlets]
1269 1680 168 49 RL43)

419 1740 230 40 “Printed
680 1739 152 48 April,
863 1739 129 41 1931.
1054 1739 270 49 Reprinted
1357 1740 140 42 June,
1529 1739 158 42 1931.”

422 1796 1938 50 “This study … will later form part of the legal section of a general
345 1865 180 37 survey
558 1855 52 40 of
642 1856 141 38 small
817 1856 140 38 loans
990 1855 237 47 prepared
1263 1854 80 40 for
1379 1856 82 38 the
1495 1855 195 39 Russell
1727 1855 124 48 Sage
1883 1856 294 42 foundation
2214 1858 153 40 under

346 1913 82 39 the
456 1912 238 40 direction
720 1912 51 40 of
797 1913 84 40 Dr.
906 1912 148 40 Louis
1079 1912 57 41 N.
1163 1911 489 41 Robinson.”—Pref.

418 1969 179 41 “Table
625 1969 52 41 of
702 1969 165 40 cases”
888 1980 9 29 :
926 1980 43 38 p.
1000 1968 99 42 5-7.

351 2023 53 53 ©
431 2028 113 48 Apr.
570 2027 69 49 22,
667 2027 113 41 1931;
835 2027 55 40 2c
930 2028 96 38 and
1052 2026 82 40 aff.
1162 2027 116 48 July
1304 2025 54 42 23;
1416 2027 37 39 A
1480 2027 145 41 40473;
1683 2028 196 41 Russell
1909 2029 124 48 Sage
2059 2029 307 42 foundation.

430 2085 284 49 (31-19774)

345 2166 288 65 Johnson,
662 2166 259 55 William
950 2165 266 65 Hallock,
1247 2171 174 50 1865-

345 2243 1996 134 … Humanism and Christian theism, by Wm. Hallock Johnson
349 2321 1992 150 … New York, Chicago [etc.] Fleming H. Revell company [ ᶜ1 931]
416 2482 368 50 160 p. 19½ ᶜᵐ .
418 2541 290 41 “Delivered
742 2543 51 38 at
828 2539 262 42 Princeton
1125 2539 293 48 theological
1453 2541 261 47 seminary,
1753 2539 217 47 1930-31,
2006 2551 60 29 on
2105 2542 83 39 the
2227 2540 47 41 L.
2316 2541 47 39 P.

349 2597 147 42 Stone
526 2597 340 41 foundation.”

420 2655 323 41 “References
773 2655 97 40 and
898 2652 169 43 notes”
1086 2663 9 31 :
1128 2664 44 38 p.
1205 2652 219 43 155-157.

353 2709 52 52 ©
437 2713 117 47 July
586 2714 52 39 11,
742 2713 86 42 1931;
861 2713 67 40 2c.
962 2714 97 38 and
1090 2712 83 42 aff.
1205 2713 117 47 July
1354 2712 83 47 15;
1471 2713 41 39 A
1542 2712 172 48 39463;
1751 2713 223 48 Fleming
2004 2713 61 42 H.
2100 2713 166 40 Revell
2299 2724 68 30 co.

432 2770 282 49 (31-19633)

346 2853 242 54 Kansas
637 2852 156 66 City,
842 2854 116 53 Mo.
1035 2852 297 55 Chamber
1382 2852 64 53 of
1497 2868 345 38 commerce.
1916 2853 208 55 Public
2174 2853 195 55 health

419 2935 117 54 and
563 2932 239 70 welfare
834 2932 337 55 committee.

420 3009 221 53 Health
682 3009 114 53 and
837 3008 251 69 hospital
1132 3027 226 50 survey,
1399 3007 228 54 Kansas
1672 3007 154 70 City,
1867 3007 292 68 Missouri,
2201 3008 165 53 made

352 3088 95 52 for
473 3089 96 52 the
596 3087 286 54 Chamber
911 3086 64 53 of
1002 3105 310 35 commerce
1339 3085 64 54 of
1429 3086 229 53 Kansas
1689 3085 135 70 City
1851 3087 183 52 under
2061 3086 97 54 the
351 3086 1991 133 direction

520 3165 64 54 of
628 3166 95 53 the
770 3165 341 55 Committee
1158 3183 70 35 on
1276 3164 196 69 public
1517 3164 197 54 health
1761 3166 113 52 and
1922 3163 266 69 welfare;
352 3182 1989 131 prepared
576 3244 76 69 by
696 3245 97 52 the

840 3243 342 55 Committee
1228 3261 74 35 on
1349 3243 465 53 administrative
1861 3242 251 69 practice
2160 3242 65 54 of
2269 3244 97 52 the

351 3322 309 53 American
685 3322 196 68 public
903 3322 199 53 health
1126 3320 342 55 association
1494 3323 113 52 and
1633 3322 95 52 the
1754 3321 228 54 Kansas
2009 3320 136 70 City
2171 3321 195 69 public

350 3400 213 53 service
597 3400 278 53 institute.
953 3400 245 67 [Kansas
1234 3399 155 69 City,
1421 3399 316 53 Lechtman
1771 3399 266 70 printing
2071 3417 99 50 co.]
2213 3402 150 50 1931.

421 3481 1126 49 329 p. illus. (map, plans) diagrs. 23 ᶜᵐ .
423 3538 52 41 G.
509 3539 51 40 E.
593 3538 222 48 Bellows,
848 3538 253 41 chairman;
1162 3538 72 41 W.
1266 3538 52 43 F.
1350 3538 212 47 Walker,
1595 3537 111 42 field
1739 3537 226 41 director.

354 3593 52 52 ©
440 3598 113 48 Apr.
588 3598 70 43 24,
691 3597 140 46 1931;
868 3597 66 40 2c.
970 3598 113 46 May
1116 3597 56 39 25;
1235 3597 84 41 aff.
1353 3598 127 39 June
1511 3598 54 46 4;
1602 3597 40 39 A
1674 3595 172 48 38619;
1885 3596 242 41 Chamber
2161 3596 51 39 of
423 3607 1926 88 commerce

608 3655 51 39 of
686 3656 195 38 Kansas
911 3654 124 47 City,
1065 3655 197 39 Kansas
1293 3653 108 48 City,
1448 3655 92 39 Mo.
1611 3654 282 48 (31-19671)

348 3721 562 66 K á szonyi, Franz.
479 3796 1883 70 … Rassen Verwandtschaft der Donauvölker; mit 2 tabeilen.
346 3875 1211 70 Zürich [etc.] Amalthea- verlag [ ᶜ1 931]
