2428 4370
0 0 0 0 1770
328 483 163 42 “First
523 483 230 42 edition.”

328 541 207 42 “Junior
566 540 194 43 books.”

263 612 52 53 ©
357 617 102 40 Oct.
498 615 69 49 29,
608 614 142 48 1931;
789 616 67 40 2c.
898 618 97 39 and
1035 615 81 40 aff.
1157 616 120 42 Nov.
1317 618 53 46 7;
1411 618 42 39 A
1491 618 172 47 44647;
1708 618 53 41 G.
1805 620 158 47 Moon,
2002 619 270 49 Pasadena,

332 673 144 42 Calif.
553 673 282 50 (31-31848)

258 771 219 63 Moore,
507 771 187 53 Ernst
723 770 70 55 D.

324 845 1944 72 Ivory, scourge of Africa, by E. D. Moore … New York
253 922 113 53 and
394 922 258 69 London,
679 924 234 67 Harper
939 928 52 51 &
1018 924 278 69 brothers,
1326 929 150 50 1931.

324 1004 1212 53 xviii p., 1 l., 256 p. front., plates, ports. 22½ ᶜᵐ.
325 1078 116 49 Map
466 1087 60 32 on
554 1079 138 41 front
721 1076 332 51 lining-paper.

324 1135 166 42 “First
520 1134 228 43 edition.”

263 1203 52 53 ©
345 1208 119 41 Nov.
491 1208 41 46 4,
562 1205 114 42 1931;
735 1206 66 41 2c.
832 1207 117 39 Nov.
980 1208 26 39 3;
1066 1206 82 42 aff.
1178 1207 121 42 Nov.
1329 1207 28 40 6;
1412 1208 42 39 A
1481 1207 146 41 43825;
1687 1209 196 48 Harper
1913 1209 37 41 &
1978 1210 124 40 bros.

341 1264 283 49 (31-32013)

257 1359 284 54 National
570 1358 360 55 association
962 1360 64 52 of
1057 1358 270 65 building
1356 1375 235 37 owners
1617 1360 118 53 and
1765 1375 340 50 managers.

328 1438 1885 70 The proceedings of the twenty-fourth annual convention …
257 1520 133 53 held
435 1523 59 48 at
539 1517 271 70 Olympic
851 1518 174 68 hotel,
1070 1516 235 70 Seattle,
1346 1517 406 70 Washington,
1796 1519 143 68 July
1982 1522 64 49 13
2089 1522 59 51 to
2193 1519 81 68 17,

258 1596 1271 70 1931. Chicago, The Association, ᶜ1 931.
328 1676 1330 52 4 p. l. , 612 p. plates, ports., tables, diagrs. 23½ ᶜᵐ.
327 1751 235 41 Contains
602 1749 304 49 advertising
942 1747 246 45 material.

262 1819 52 52 ©
347 1823 102 40 Oct.
479 1822 71 48 30,
581 1821 141 46 1931;
755 1821 67 41 2c.
855 1822 96 39 and
983 1820 80 40 aff.
1096 1821 121 41 Nov.
1249 1821 82 47 14;
1365 1821 41 38 A
1435 1819 174 49 44796;
1642 1821 132 41 Natl.
1807 1830 113 31 assn.
1969 1821 54 39 of
2051 1821 221 49 building

328 1891 191 29 owners
552 1881 97 39 and
679 1889 273 39 managers,
987 1878 227 48 Chicago.

278 1975 219 64 [Noder,
526 1975 202 53 Anton]
785 1979 170 50 1864-

384 2053 227 55 Venetian
650 2054 172 68 lover,
859 2054 96 52 the
993 2070 262 36 romance
1292 2053 65 51 of
1396 2051 333 70 Giorgione,
1764 2053 35 53 by
1882 2054 66 52 A.
1987 2054 87 53 De
2113 2054 153 53 Nora

277 2131 197 67 [pseud.];
571 2131 314 53 translated
928 2131 74 69 by
1044 2130 307 55 Whitaker
1390 2130 330 57 Chambers.
1797 2131 135 53 New
1980 2131 179 56 York,
2199 2132 67 53 R.

256 2211 163 69 Long
443 2214 47 50 &
514 2211 67 52 R,
613 2211 68 52 R.
710 2209 209 69 Smith,
946 2209 126 67 inc.,
1102 2212 151 51 1931.

327 2291 468 50 3 p. l. , 339 p. 19½ ᶜᵐ.
261 2359 52 53 ©
337 2365 118 39 Nov.
481 2363 39 46 9,
547 2362 114 42 1931;
717 2363 66 40 2c.
809 2363 118 40 Nov.
954 2364 56 38 11;
1066 2363 82 41 aff.
1175 2363 118 41 Nov.
1320 2362 83 47 10;
1432 2364 42 38 A
1496 2362 147 40 44725;
1700 2363 107 47 Ray
1833 2365 137 45 Long
1991 2363 38 40 &
2055 2362 216 40 Richard

331 2422 54 39 R.
419 2421 171 49 Smith,
619 2422 92 39 inc.
786 2420 281 48 (31-32083)

256 2517 195 54 North
483 2517 294 55 Carolina.
852 2520 184 68 Laws,
1064 2524 258 63 statutes,
1350 2526 99 46 etc.

323 2595 122 52 The
471 2594 190 53 North
689 2593 272 55 Carolina
989 2594 136 53 code
1150 2593 66 54 of
1243 2597 152 64 1931,
1422 2594 78 52 all
1526 2593 97 53 the
1650 2593 230 69 general
1906 2595 139 51 laws
2068 2599 61 47 to
2156 2593 114 53 and

257 2673 298 70 including
595 2673 97 53 the
733 2672 321 70 legislative
1096 2671 213 55 session
1351 2671 66 54 of
1459 2674 155 50 1931.
1693 2670 297 70 Complete
254 2676 1992 130 annotations

446 2752 182 53 under
670 2752 97 52 the
809 2750 269 54 editorial
1121 2750 360 68 supervision
1524 2749 65 53 of
1629 2749 71 53 A.
1743 2750 253 53 Hewson
2038 2749 232 55 Michie,

253 2830 239 55 assisted
541 2830 76 70 by
667 2829 210 54 Beirne
930 2827 305 69 Stedman;
1288 2828 245 54 indexed
1582 2828 76 71 by
1708 2828 251 54 Thomas
2008 2829 259 55 Johnson

257 2910 225 53 Michie.
560 2908 485 64 Charlottesville,
1079 2909 126 58 Va.,
1238 2908 122 53 The
1392 2908 215 53 Michie
1641 2926 300 51 company,
1977 2910 149 50 1931.

323 2990 888 52 3 p. l. , 2706 p. illus. (plan) 26½ ᶜᵐ.
260 3062 52 52 ©
340 3067 120 40 Nov.
488 3066 39 46 5,
556 3063 113 41 1931;
728 3063 65 40 2c.
824 3064 96 39 and
949 3062 82 42 aff.
1060 3063 119 41 Nov.
1209 3062 28 40 9;
1293 3063 42 38 A
1361 3063 146 40 43884;
1566 3062 179 41 Michie
1774 3073 66 30 co.

338 3122 282 49 (31-31898)

256 3218 309 61 Nystrom,
593 3215 145 53 Paul
768 3216 225 63 Henry,
1026 3218 169 51 1878-

328 3293 306 55 Economic
671 3292 314 68 principles
1023 3290 65 54 of
1123 3290 419 69 consumption,
1578 3291 77 70 by
1689 3292 146 53 Paul
1877 3292 75 52 H.
1992 3291 270 69 Nystrom

315 3370 1558 69 … New York. The Ronald press company [ ᶜ1 931]
327 3450 1936 50 xi, 586 p. incl. tables, diagrs. 22 ᶜᵐ. [Merchandising find distribution
281 3510 124 40 series]

331 3566 345 49 Bibliography:
733 3577 42 38 p.
800 3565 217 44 548-559.

261 3633 52 52 ©
350 3638 101 41 Oct.
485 3638 51 39 24,
590 3637 108 42 1931;
770 3637 64 41 2c.
871 3639 96 39 and
1002 3637 82 41 aff.
1120 3637 101 40 Oct.
1258 3636 83 43 27;
1379 3637 40 38 A
1453 3636 172 47 43551;
1664 3636 191 41 Ronald
1891 3646 135 38 press
2063 3647 67 28 co.
2199 3630 67 55 [©

333 3696 212 39 revision
576 3697 95 38 and
705 3707 103 29 new
839 3698 195 47 matter]
1107 3693 282 49 (31-31925)

256 3788 346 56 Oklahoma.
679 3793 183 55 Laws,
890 3798 260 50 statutes,
1178 3797 101 48 etc.

329 3866 317 57 Oklahoma
701 3870 308 67 procedure
1082 3889 50 33 [v.
1181 3873 48 62 3]
1313 3868 218 55 Crimes
1577 3870 112 53 and
1739 3867 369 70 punishment
2155 3866 114 53 and

257 3945 2011 71 criminal procedure … A new classification and arrangement,
