2505 4370
1033 4017 100 51 769

88 387 283 65 Addison,
399 385 277 56 Richard.

160 478 242 55 Curious
460 482 299 61 creatures,
817 476 76 68 by
949 474 253 54 Richard
1262 471 279 56 Addison.
1635 472 270 70 Chicago,
1963 474 121 52 The

88 556 711 69 Reilly & Lee co. [ ᶜ1 931]
157 634 762 52 4 p. l. , 13-124 p. illus. 24½ ᶜᵐ.
162 707 41 39 A
234 706 150 41 series
415 706 52 40 of
497 706 213 48 pictures
742 705 95 39 and
867 706 138 38 notes
1037 703 289 48 concerning
1359 702 264 41 “oddities”
1657 713 174 37 among
1863 702 222 41 animals.

88 764 61 47 cf.
177 764 274 40 Foreword.

94 830 52 52 ©
189 835 114 46 May
344 835 39 46 7,
427 832 106 40 1931;
611 832 65 41 2c.
722 834 113 46 May
877 832 82 48 18;
1005 831 82 42 aff.
1131 833 112 47 May
1287 831 81 47 16;
1414 831 42 39 A
1495 831 172 47 37352;
1712 831 160 47 Reilly
1915 831 37 39 &
1995 830 91 40 Lee

161 902 66 29 co.
298 889 280 49 (31-13206)

88 999 315 55 American
435 998 502 55 electrochemical
968 998 243 64 society.

157 1088 1933 72 Transactions … v. 58. Fifty-eighth general meeting,
89 1171 245 68 Detroit,
378 1171 194 69 Mich.,
618 1170 331 68 September
992 1173 84 66 25,
1119 1172 67 49 26
1230 1171 114 52 and
1387 1168 84 71 27,
1517 1170 150 51 1930.
1743 1168 139 53 New
1926 1168 165 52 York

87 1250 134 68 city,
271 1250 123 51 The
442 1247 305 54 American
799 1247 479 54 electrochemical
1327 1246 228 72 society,
1608 1249 150 50 1931.

160 1327 1306 53 xii, 490, [2] p. front., illus., tables, diagrs. 24 ᶜᵐ.
93 1396 52 52 ©
181 1401 110 40 Feb.
326 1401 68 47 11,
432 1399 141 46 1931;
610 1399 68 40 2c.
715 1400 110 40 Feb.
862 1400 81 46 13;
982 1399 82 40 aff.
1102 1399 111 41 Feb.
1250 1399 82 47 12;
1372 1398 41 40 A
1447 1398 171 48 34323;
1659 1398 430 41 Electrochemical

159 1457 196 49 society,
386 1456 107 49 inc.,
523 1457 117 40 New
671 1457 143 40 York.

87 1566 315 55 American
454 1566 247 54 medical
750 1565 374 54 association.
1203 1566 240 55 Council
1493 1586 73 36 on
1611 1568 315 69 pharmacy
1974 1568 116 53 and

157 1647 322 70 chemistry.

157 1739 138 52 New
331 1740 115 52 and
478 1737 317 54 nonofficial
829 1737 290 70 remedies,
1156 1741 152 66 1931,
1344 1736 334 71 containing
1712 1737 376 70 descriptions

88 1816 64 53 of
209 1817 95 52 the
364 1816 225 54 articles
645 1815 185 54 which
888 1817 168 53 stand
1115 1817 266 67 accepted
1435 1817 76 68 by
1567 1818 94 52 the
1720 1815 238 56 Council
2015 1837 73 34 on

87 1895 313 68 pharmacy
432 1895 114 53 and
577 1895 236 52 chemisty
916 1894 65 54 of
1011 1895 96 53 the
1136 1894 308 53 American
1475 1894 241 54 medical
1750 1894 339 55 association

88 1992 73 34 on
198 1973 263 68 January
500 1975 47 66 1,
588 1973 149 51 1931.
815 1970 270 72 Chicago,
1123 1971 308 55 American
1470 1972 240 54 medical
1750 1972 340 55 association

91 2054 192 64 [ᶜ1931]

157 2128 400 51 481, lvi p. 20 ᶜᵐ.
92 2198 52 52 ©
174 2202 125 40 June
327 2202 40 47 3,
397 2199 142 49 1931;
570 2200 67 41 2c.
668 2201 95 39 and
793 2199 81 41 aff.
905 2200 126 40 June
1061 2201 52 46 8;
1146 2200 41 40 A
1216 2200 172 47 38632;
1421 2200 145 42 Amer.
1612 2201 204 42 medical
1848 2213 129 31 assn.

83 2311 313 65 Appleton,
429 2309 224 67 Victor,
682 2311 194 69 pseud.

155 2405 131 53 Don
321 2403 220 69 Sturdy
571 2422 72 34 on
674 2404 96 52 the
801 2422 170 35 ocean
1002 2403 246 68 bottom;
1284 2423 80 49 or,
1395 2405 123 53 The
1549 2410 231 64 strange
1811 2405 181 55 cruise
2024 2406 65 54 of

83 2481 2002 73 the Phantom, by Victor Appleton … illustrated by Walter S.
85 2557 1466 72 Rogers. New York, Grosset & Dunlap [ ᶜ1 931]
150 2639 63 49 iv,
238 2638 86 41 204
349 2648 44 38 p.
454 2638 149 40 front.
663 2637 57 41 19½ᶜᵐ.
880 2638 117 48 (His
1024 2638 109 41 Don
1163 2637 183 49 Sturdy
1373 2639 175 49 series)

92 2707 52 51 ©
174 2711 113 47 May
315 2709 69 46 20,
415 2707 140 49 1931;
587 2708 68 42 2c.
687 2710 95 38 and
812 2709 80 39 aff.
925 2710 115 46 May
1067 2709 83 48 22;
1181 2710 41 39 A
1251 2710 171 47 38310;
1458 2711 200 40 Grosset
1687 2712 37 40 &
1753 2713 209 48 Dunlap,
1995 2715 90 41 inc.

169 2766 279 49 (31-13215)

84 2874 239 66 Austin,
350 2878 140 52 Mrs.
520 2875 175 64 Mary
731 2875 295 66 (Hunter)
1064 2880 171 51 1868-

155 2952 205 68 Starry
390 2953 328 66 adventure,
746 2952 75 69 by
849 2951 171 70 Mary
1049 2952 230 53 Austin.
1346 2955 216 52 Boston
1593 2956 114 52 and
1735 2956 139 53 New
1906 2957 179 69 York,

82 3029 318 69 Houghton
427 3029 205 52 Mifflin
660 3047 297 54 company,
987 3033 150 49 1931.

155 3111 673 50 5 p. l. , [3]-420 p., 1 l. 19½ᶜᵐ.
93 3180 52 52 ©
178 3185 113 46 May
323 3183 68 48 27,
426 3181 139 47 1931;
600 3182 67 41 2c.
701 3183 127 39 June
859 3184 52 41 1;
947 3182 82 41 aff.
1062 3184 113 48 May
1207 3183 83 48 29;
1325 3185 41 39 A
1399 3184 172 50 38556;
1609 3188 63 40 M.
1705 3188 191 49 Austin,
1934 3188 150 42 Santa

161 3240 77 48 Fé,
270 3241 116 39 New
415 3239 202 40 Mexico.
688 3239 279 48 (31-27003)

85 3347 223 65 Bailey,
337 3349 208 63 Henry
573 3347 408 66 Christopher,
1013 3349 171 55 1878-

83 3424 1976 145 Mr. Cardonnel, by H. C. Bailey … London and Melbourne,
344 3501 201 67 Ward,
578 3501 156 52 Lock
764 3504 47 49 &
841 3520 97 49 co.,
970 3502 102 53 ltd.
1113 3506 173 63 [1931]

153 3583 89 41 320
269 3594 44 38 p.
372 3582 57 41 19½ᶜᵐ.

94 3652 1973 58 © 1c. May 21, 1931; A ad int. 15104; pubd. Mar. 26; H. C. Bailey
160 3713 211 40 London.
442 3711 280 48 (31-14344)

86 3819 209 66 Bailly,
324 3820 293 63 Auguste,
647 3819 171 55 1878-

219 3897 1859 81 … Le figuier maudit, roman. Paris, A. Fayard et c ⁱ ᵉ [ ᶜ1 931]
