2505 4370
1081 3990 100 54 279

227 480 586 52 vi p., 1 l., 9-308 p. 19½ᶜᵐ.
198 555 163 40 “First
389 551 229 43 edition.”

135 622 51 53 ©
215 627 110 39 Feb.
354 626 67 41 11,
450 623 140 47 1931;
620 623 67 41 2c.
716 625 94 38 and
840 623 80 39 aff.
952 624 121 38 Mar.
1102 621 52 47 9;
1186 622 40 38 A
1254 620 170 47 34686;
1459 621 297 47 Doubleday,
1788 621 165 39 Doran
1983 621 35 38 &
2048 629 67 32 co.,

201 683 90 41 inc.
361 680 252 51 (31-6081)

130 793 278 61 Graham,
442 792 217 62 Harry.

199 883 169 54 Biffin
397 902 73 34 on
499 884 143 51 hats.

232 966 60 38 (In
326 960 262 44 Pearson’s
627 960 274 51 magazine,
939 959 131 50 Feb.,
1109 958 145 51 1931)

133 1032 52 53 ©
251 1047 37 30 1c.
325 1037 122 39 Mar.
482 1034 69 48 28,
589 1033 111 41 1931;
768 1035 39 37 A
843 1034 61 39 ad
941 1033 86 40 int.
1064 1031 142 42 14895;
1274 1033 142 48 pubd.
1455 1033 110 40 Jan.
1602 1032 58 40 30;
1725 1033 200 47 Jocelyn
1964 1032 168 47 Henry

202 1093 133 41 Clive
362 1092 229 47 Graham,
619 1092 210 39 London.

129 1201 289 65 Günther,
447 1202 234 53 Johann
711 1201 324 64 Christian,
1070 1204 323 51 1695-1723.

257 1290 1872 69 … Liebesgedichte und studentenlieder. Leipzig, K. W.
126 1369 399 68 Hiersemann,
559 1371 149 50 1930.

198 1450 744 51 1 p. l., v-xix, [1], 318 p. 22 ᶜᵐ.
200 1522 564 42 “Historisch-kritische
821 1524 416 46 gesamtausgabe,
1300 1523 390 46 herausgegeben
1750 1534 92 28 von
1905 1523 225 40 Wilhelm

128 1579 252 43 Krämer.”

134 1649 51 52 ©
218 1652 102 42 Oct.
350 1653 69 47 10,
452 1650 139 47 1930;
654 1662 37 29 1c.
724 1651 115 39 Nov.
872 1651 79 41 17;
988 1651 100 37 A—
1090 1649 206 48 Foreign
1329 1649 169 48 10269;
1533 1650 124 39 Karl
1690 1650 70 40 W.
1793 1649 340 42 Hiersemann.

211 1708 250 52 (31-6157)

129 1814 1831 66 Hall, Margaret (Hunter) “Mr s. Basil Hall,” 1799-1876.
194 1906 120 52 The
342 1905 320 53 aristocratic
722 1904 267 70 journey;
1022 1905 168 68 being
1219 1905 94 51 the
1343 1905 311 68 outspoken
1683 1904 192 55 letters
1903 1905 64 51 of
1993 1905 136 52 Mrs.

126 1982 158 55 Basil
309 1983 141 52 Hall
478 1982 226 54 written
731 1982 213 68 during
969 2003 28 33 a
1031 1981 256 54 fourteen
1317 1982 241 54 months’
1586 1982 230 68 sojourn
1845 1983 56 52 in
126 1984 1983 145 America,

260 2059 1810 71 1827-1828; prefaced and edited by Una Pope-Hennessy …
126 2139 133 53 New
291 2138 179 70 York,
496 2138 256 68 London,
780 2137 67 55 G.
879 2138 63 53 P.
974 2138 294 54 Putnam’s
1299 2156 143 50 sons,
1479 2141 146 49 1931.

194 2217 1257 50 vii, 308 p. front. (port.) plates, facsims. 22½ ᶜᵐ.
197 2288 164 42 “First
389 2288 228 41 edition.”

135 2359 51 52 ©
220 2363 109 40 Feb.
362 2363 69 46 27,
464 2362 111 40 1931;
638 2362 67 41 2c.
740 2363 120 39 Mar.
892 2363 27 38 4;
982 2361 82 41 aff.
1099 2363 120 39 Mar.
1255 2362 25 39 5;
1342 2362 42 38 A
1415 2361 145 41 35135;
1624 2362 56 40 U.
1715 2361 417 47 Pope-Hennessy,

203 2420 211 41 London.
486 2418 256 50 (31-5969)

129 2528 261 65 Hallock,
427 2529 226 54 Gerard
687 2529 317 63 Benjamin
1042 2529 181 64 Fleet,
1263 2535 133 48 1856
1414 2563 19 4 -
1647 2546 178 51 comp.

199 2606 303 52 Fraternal
539 2623 250 35 sermons
827 2607 112 51 and
977 2605 309 67 addresses,
1321 2606 75 68 by
1433 2606 374 67 outstanding
1844 2605 287 51 ministers

129 2684 64 51 of
236 2683 229 53 various
509 2683 473 71 denominations,
1027 2684 112 52 and
1188 2683 297 68 presented
1528 2688 58 47 to
1632 2701 87 34 many
1850 2682 278 52 fraternal

129 2761 193 53 orders
366 2761 114 53 and
524 2760 150 54 their
715 2760 222 53 friends
980 2780 70 33 on
1096 2760 210 68 special
1352 2760 300 53 occasions.
1729 2761 182 52 There
1957 2761 45 52 is
129 2761 1977 132 included

376 2839 119 54 also
541 2858 31 33 a
618 2838 329 69 cyclopedia
1032 2838 26 52 of
1104 2838 397 68 illustrations,
1547 2838 64 53 of
1655 2839 366 53 testimonies,
2068 2839 63 52 of

128 2918 263 68 quotable
425 2922 202 64 poetry
659 2918 112 51 and
805 2916 63 53 of
901 2917 292 52 historical
1231 2916 165 68 facts,
1429 2918 261 67 together
1725 2917 137 52 with
1897 2936 234 50 prayers

131 2995 93 53 for
269 2995 268 53 different
581 2995 382 66 observances,
1008 3013 30 33 a
1084 2994 171 53 series
1299 2994 65 53 of
1408 2994 373 68 appropriate
1823 3001 149 47 texts
2018 2996 110 52 and

130 3073 229 67 themes,
396 3072 282 68 scripture
716 3073 112 51 and
867 3090 234 49 prayers
1141 3072 93 52 for
1272 3079 383 46 corner-stone
1694 3072 215 70 laying,
1948 3075 111 50 and
2100 3093 26 32 a

130 3150 296 53 collection
458 3150 64 52 of
553 3148 153 54 brief
737 3149 102 52 but
872 3150 322 67 suggestive
1228 3149 243 53 outlines
1505 3150 64 52 of
1601 3169 249 34 sermons
1885 3151 110 52 and
130 3153 1972 128 addresses.

439 3226 1631 69 Compiled and edited by Rev. G. B. F. Hallock …
132 3307 136 52 New
299 3306 178 68 York,
506 3306 67 51 R.
603 3306 66 52 R.
701 3305 207 67 Smith,
937 3305 125 67 inc.,
1093 3307 148 50 1931.

201 3389 97 47 xvi,
327 3389 87 39 259
443 3399 42 37 p.
546 3387 55 41 19½ᶜᵐ.

138 3456 51 52 ©
223 3460 110 41 Feb.
363 3460 59 39 26,
466 3458 105 40 1931;
639 3458 66 41 2c.
738 3459 94 38 and
865 3457 79 40 aff.
980 3459 121 39 Mar.
1133 3457 25 39 2;
1221 3459 40 37 A
1292 3458 143 40 34561;
1499 3458 213 40 Richard
1748 3459 54 42 R.
1839 3459 167 41 Smith,
2043 3459 91 40 inc.

215 3516 252 49 (31-6057)

133 3628 315 60 Hartman,
479 3625 240 63 Dennis,
749 3629 82 51 ed.

203 3718 229 52 Income
480 3725 97 44 tax
627 3718 426 67 index—digest
1103 3717 333 69 containing
1483 3718 76 51 all
1607 3717 276 53 decisions
1930 3718 63 51 of
2041 3720 95 51 the

138 3796 191 52 Board
358 3796 63 52 of
448 3801 98 46 tax
573 3797 233 66 appeals
837 3800 59 47 11
928 3801 56 45 to
1012 3799 66 47 20
1107 3797 64 49 B.
1200 3797 64 51 T.
1296 3796 97 53 A.;
1426 3796 107 52 and
1567 3796 76 51 all
1671 3801 158 46 court
1859 3796 276 53 decisions

136 3874 110 51 and
277 3873 74 53 all
380 3873 247 51 internal
657 3891 235 33 revenue
921 3874 218 66 rulings
1169 3873 151 51 from
1349 3874 173 66 April
1554 3879 43 60 1,
1629 3876 148 55 1928,
1804 3878 57 46 to
1891 3872 244 54 October
