2505 4370
1241 4061 103 50 342

284 392 214 64 Foran,
527 390 260 55 Thomas
818 391 249 65 George,
1100 397 174 49 1900-

416 468 1889 72 … The reliability of some silent reading tests [by] T. G.
282 547 196 54 Foran
528 548 115 53 and
694 546 217 55 Eobert
962 549 67 52 T.
1079 547 179 69 Kock,
1307 547 71 70 jr.
1466 548 407 71 Washington,
1925 549 72 55 D.
2050 549 83 72 C.,
2185 551 121 54 The

283 624 266 56 Catholic
579 626 304 53 education
914 644 158 51 press
1218 629 86 64 [ᶜ1931]

348 705 1958 51 23 p. 22½ ᶜᵐ. (The Catholic university of America. Educational
282 763 988 51 research bulletins … vol. v, no. 6)
352 819 354 42 “References”:
767 830 43 39 p.
841 819 71 42 23.

289 886 2021 57 © Feb. 17, 1931; 2c. Feb. 19; aff. Feb. 27; A 34547; Catholic education
355 959 152 38 press.
580 949 253 50 (31-6084)

284 1042 253 67 Franks,
568 1044 229 55 Walter
826 1044 154 65 Hall,
1013 1050 173 49 1900-

358 1122 417 70 Bookkeeping
804 1123 115 52 and
950 1121 351 72 costfinding
1331 1122 96 54 for
1457 1123 109 71 dry
1570 1125 269 69 cleaners,
1869 1125 77 71 by
1975 1126 227 56 Walter
2232 1124 78 55 H.

287 1200 247 70 Franks,
606 1244 10 10 C.
692 1244 9 10 P.
780 1244 10 9 A.
869 1200 191 56 Silver
1098 1200 239 71 Spring,
1373 1202 142 70 Md.,
1550 1202 278 55 National
1866 1204 343 54 association
2246 1203 66 54 of

285 1281 810 68 dyers and cleaners [ ᶜ19 31]
357 1361 1293 51 5 p. l., 3-211 p. incl. diagrs., forms, pl. 19 ᶜᵐ .
289 1430 2020 54 © Jan. 14, 1931; 2c. Feb. 17; aff. Feb. 21; A 34473; Natl. assn. of dyers
357 1494 99 39 and
481 1494 219 39 cleaners
727 1492 52 40 of
805 1493 82 40 the
915 1492 180 41 United
1126 1492 165 41 States
1319 1494 97 39 and
1444 1493 216 51 Canada,
1692 1493 157 42 Silver
1879 1493 191 51 Spring,
2100 1492 97 43 Md.

367 1550 255 50 (31-6706)

284 1644 216 68 Fuller,
530 1646 182 65 Hugh
741 1645 243 67 Nelson,
1015 1650 172 51 1890-

287 1723 1999 133 Criminal justice in Virginia, by Hugh N. Fuller … in association
285 1803 2002 133 with Armistead Mason Dobie … F rederick Deane Goodwin
448 1881 1861 72 Eibble … [and] Eaymond Moley … New York, The
288 1960 260 70 Century
572 1979 80 35 co.
681 1960 96 54 for
800 1961 96 53 the
923 1961 279 54 Institute
1226 1960 97 54 for
1349 1961 260 54 research
1636 1962 61 53 in
1723 1961 99 54 the
1846 1961 174 55 social
2049 1962 261 54 sciences.

285 2038 970 71 University of Virginia [ ᶜ19 31 ]
356 2121 1953 53 ix, 195 p. incl. diagrs., forms, fold. map. 23 ᶜᵐ. [The University of
286 2181 226 48 Virginia
546 2180 238 41 Institute
817 2181 81 40 for
932 2182 228 40 research
1196 2181 51 40 in
1283 2182 83 40 the
1400 2180 151 42 social
1587 2180 228 42 sciences.
1877 2179 237 43 Institute
285 2191 2006 97 monograph,
487 2249 76 31 no.
594 2237 72 51 10]
784 2236 133 51 $2.25

289 2305 52 53 ©
376 2311 111 40 Feb.
521 2310 70 49 27,
624 2308 114 42 1931;
801 2309 68 43 2c.
903 2311 96 40 and
1032 2309 83 41 aff.
1150 2311 124 41 Mar.
1308 2310 26 40 5;
1397 2311 41 39 A
1469 2309 147 42 35132;
1680 2309 286 49 University
2000 2311 52 40 of
2086 2307 222 50 Virginia

356 2368 230 40 institute
618 2368 79 39 for
731 2369 228 39 research
993 2368 50 39 in
1078 2368 84 40 the
1193 2368 152 40 social
1381 2368 227 41 sciences.
1679 2366 254 50 (31-6693)

285 2460 290 66 Gaubatz,
608 2461 230 65 George
871 2460 286 67 Godfrey,
1190 2466 174 50 1900-
1578 2463 85 53 ed.

281 2539 2025 149 Modern methods in drycleaning, edited by George G. Gaubatz, jr. … Silver Spring, Md., National association of dyers
282 2698 623 68 and cleaners [ ᶜ19 31]
353 2778 1059 50 4 p. l., 3-212 p. illus., pl., diagrs. 19 ᶜᵐ.
289 2831 2020 55 © Jan. 12, 1931; 2c. Feb. 17; aff. Feb. 21; A 34472; National assn. of
357 2896 146 47 dyers
535 2898 97 39 and
666 2896 218 41 cleaners
919 2896 52 40 of
1003 2896 83 40 the
1120 2896 180 40 United
1339 2895 163 41 States
1536 2895 97 40 and
1669 2894 216 49 Canada,
1923 2894 158 42 Silver
2118 2893 189 48 Spring,

359 2953 99 42 Md.
528 2953 253 49 (31-6716)

285 3044 274 66 Georgia.
629 3047 373 64 University.
1071 3049 277 53 Institute
1381 3049 63 69 of
1473 3047 198 70 public
1699 3047 215 70 affairs.

354 3124 1955 72 Proceedings … Fourth annual session, Athens, Georgia,
284 3204 143 71 July
453 3205 156 68 7-16,
638 3208 150 50 1930.
854 3205 339 70 University
1221 3204 65 54 of
1312 3204 251 70 Georgia
1589 3224 247 35 summer
1864 3205 208 54 school.
283 3203 1998 150 [Athens,
430 3282 126 71 Ga.,

588 3283 241 54 Printed
860 3284 77 69 by
967 3285 123 51 The
1120 3284 323 68 McGregor
1475 3302 300 51 company,
1809 3287 152 64 1931]

356 3364 703 51 xii p., 1 l., 205, [1] p. 24 ᶜᵐ.
289 3418 53 52 ©
382 3423 122 40 Mar.
542 3421 70 44 28,
651 3422 142 43 1931;
834 3422 68 41 2c.
940 3423 96 39 and
1075 3422 81 41 aff.
1200 3423 122 40 Mar.
1361 3422 82 48 30;
1485 3422 41 39 A
1563 3421 173 48 36162;
1778 3420 236 42 Institute
2054 3420 52 42 of
2144 3419 162 50 public

358 3479 189 49 affairs,
589 3480 282 47 University
913 3479 52 41 of
1004 3479 222 48 Georgia,
1269 3480 200 48 Athens,
1511 3479 87 42 Ga.

286 3574 200 65 Greig,
516 3574 251 65 Maysie.

357 3653 1946 71 A girl must marry, by Maysie Greig … New York, L.
285 3731 357 71 MacVeagh,
675 3733 123 54 The
829 3732 139 53 Dial
1000 3750 186 50 press;
1223 3733 274 69 Toronto,
1528 3732 347 69 Longmans,
1909 3730 189 56 Green
2130 3734 45 49 &
2207 3749 98 50 co.,

287 3813 152 52 1931.

354 3890 463 49 4 p. l., 301 p. 19½ ᶜᵐ.
290 3943 52 54 ©
378 3949 124 41 Mar.
535 3948 69 49 10,
639 3947 142 50 1931;
815 3948 68 43 2c.
919 3949 122 41 Mar.
1075 3948 83 45 14;
1194 3946 85 44 aff.
1314 3949 122 41 Mar.
1472 3947 81 50 16;
1592 3947 37 40 A
1665 3946 173 51 34855;
1876 3946 113 41 Dial
2025 3957 150 39 press,
2212 3946 92 41 inc.

368 4006 255 49 (31-6787)
