2505 4370
1008 3978 133 52 1143

170 438 334 49 316 p. 19 ᶜᵐ .
105 503 1991 57 © 1c. July 6, 1931; A ad int. 15293; pubd. May 5; G. Goodchild, Exeter,
172 567 234 47 England.
482 566 277 46 (31-19422)

102 677 352 63 Grantham,
484 675 315 55 Frederick
829 676 87 56 W.

173 752 1921 69 Safety in the air, by Frederick W. Grantham … Los
98 828 1730 71 Angeles, Calif., The Wolf er printing company [ ᶜ1 931 ]
163 908 1400 50 3 p. l., 203 p., 1 l. incl. illus., plates, diagrs. 20½ ᶜᵐ .
101 977 51 52 ©
180 982 114 47 July
322 982 66 47 11,
416 980 141 47 1931;
586 981 68 40 2c.
679 982 95 38 and
802 981 81 39 aff.
912 981 115 46 July
1053 981 83 42 20;
1165 982 39 38 A
1231 980 172 43 39574;
1435 982 50 40 F.
1514 983 71 40 W.
1616 982 285 46 Grantham,
167 984 1911 101 Hollywood,
347 1038 144 41 Calif.
562 1037 280 49 (31-19552)

97 1132 198 64 Gress,
324 1131 225 55 Walter
576 1132 243 54 Banzet.

94 1207 1971 147 Advanced typography, by Walter Banzet Gress … Washington,
342 1287 71 51 D.
447 1285 80 67 C.,
558 1284 216 55 United
806 1285 331 68 typothetae
1169 1284 64 53 of
1263 1284 283 69 America,
1578 1285 125 68 inc.,
1737 1290 149 49 1931.

198 1364 1892 50 x, 311 p. illus. (part col.) 23½ ᶜᵐ . (Lettered on cover: Standard
93 1422 273 41 text-books
391 1433 62 29 on
477 1421 241 50 printing)

165 1479 171 41 “Some
379 1480 52 39 of
475 1480 82 39 the
602 1476 189 50 subject
836 1480 178 39 matter
1058 1480 89 39 has
1192 1480 119 39 been
1359 1480 116 39 used
1520 1480 133 47 quite
1697 1480 299 46 extensively
2041 1480 47 39 in

93 1535 1997 49 pamphlet form as apprenticeship lessons … This basic material has
93 1593 116 40 been
239 1592 252 41 rewritten
522 1593 126 50 [and]
678 1592 467 48 enlarged.”—Pref.

164 1649 350 48 Bibliography
532 1660 9 29 :
570 1660 43 38 p.
639 1648 101 42 307.

98 1717 51 52 ©
184 1721 116 47 July
333 1721 68 47 24,
437 1721 105 40 1931;
612 1722 67 38 2c.
713 1722 94 38 and
842 1720 81 41 aff.
959 1721 115 46 July
1107 1721 82 45 31;
1228 1722 39 37 A
1301 1721 171 47 39764;
1512 1721 178 40 United
1726 1721 281 48 typothetae
2041 1720 54 39 of

164 1778 236 47 America,
429 1779 90 39 inc.
590 1777 279 48 (31-19915)

93 1872 353 65 Hammond,
475 1872 201 65 Harry
703 1874 302 53 Emmons.

158 1951 56 52 A
267 1952 329 68 laboratory
650 1952 230 52 manual
935 1951 64 53 of
1052 1952 346 68 elementary
1452 1950 210 69 college
1718 1950 245 69 physics,
2015 1950 75 69 by

90 2027 2001 71 Harry Emmons Hammond … New and rev. ed. Columbia,
91 2107 132 69 Mo.,
251 2107 184 53 Lucas
460 2107 278 68 brothers,
770 2109 151 50 1931.

155 2185 1025 49 1 p. l., 5-133 p. illus., diagrs. 23½ ᶜᵐ .
156 2241 346 41 “References”
530 2244 53 39 at
609 2241 258 49 beginning
893 2242 52 39 of
972 2244 116 38 each
1117 2241 312 48 experiment.

95 2309 51 52 ©
173 2313 115 48 July
312 2313 69 48 20,
407 2311 113 41 1931;
576 2311 68 42 2c.
668 2313 96 39 and
790 2311 79 40 aff.
898 2312 116 47 July
1038 2311 56 39 22;
1148 2312 42 39 A
1214 2311 173 48 39590;
1416 2313 158 39 Lucas
1599 2312 125 40 bros.

171 2369 280 49 (31-19997)

88 2464 227 63 Hayne,
347 2465 113 53 Coe
489 2462 215 63 Smith,
736 2464 171 55 1875-

160 2541 319 69 Vanguard
504 2540 64 53 of
591 2540 95 53 the
712 2559 301 48 caravans;
1043 2560 31 33 a
1099 2539 292 69 life-story
1417 2538 66 55 of
1507 2540 158 55 John
1689 2540 206 54 Mason
1919 2537 172 69 Peck,

90 2616 2000 72 by Coe Hayne … Edited by the Department of missionary
92 2698 316 66 education,
447 2697 194 53 Board
680 2696 64 53 of
782 2696 300 53 education
1119 2696 65 52 of
1220 2696 98 53 the
1357 2695 292 54 Northern
1688 2695 237 67 Baptist
91 2713 1969 115 convention

406 2773 1677 70 … Philadelphia, Boston [etc.] The Judson press [1931]
160 2857 1168 51 5 p. l., 157 p. front., plates, ports. 20½ ᶜᵐ .
160 2916 348 48 Bibliography
527 2927 9 28 :
569 2927 41 36 p.
647 2915 248 49 [153]-157.

93 2984 52 51 ©
172 2989 114 46 July
313 2988 68 46 17,
408 2987 140 45 1931;
577 2988 66 39 2c.
672 2986 114 47 July
813 2987 82 44 24;
926 2985 80 41 aff.
1034 2986 114 43 July
1175 2985 84 45 25;
1290 2985 39 38 A
1354 2984 172 46 40495;
1557 2986 189 38 Judson
1772 2993 150 38 press.

169 3044 279 49 (31-19630)

86 3138 246 63 Horton,
362 3138 225 55 Walter
618 3136 304 64 Marshall,
958 3142 170 49 1895-

154 3215 56 52 A
238 3214 426 69 psychological
690 3213 290 68 approach
1010 3218 60 47 to
1098 3213 270 67 theology
1420 3211 93 68 [by]
1548 3210 222 55 Walter
1800 3209 281 53 Marshall

86 3286 1994 71 Horton … New York and London, Harper & brothers, 1931.
154 3366 1925 55 xii p., 1 l., 279 p. 20 ᶜᵐ . (Half-title: Living issues in religion,
84 3430 72 40 ed.
182 3429 62 46 by
271 3429 61 40 M.
362 3428 63 41 H.
450 3428 292 48 Krumbine)

155 3485 162 41 “First
350 3484 229 42 edition.”

92 3552 51 52 ©
171 3557 83 39 July
314 3556 38 47 8,
380 3554 140 47 1931;
550 3556 67 40 2c.
645 3555 114 47 July
788 3557 29 37 8;
870 3553 83 42 aff.
981 3556 114 45 July
1124 3553 80 46 10;
1236 3553 41 39 A
1305 3552 170 47 39338;
1507 3553 192 46 Harper
1728 3551 36 40 &
1792 3551 123 39 bros.

169 3612 279 48 (31-19632)

86 3707 271 64 Hosmer,
387 3706 227 63 George
644 3704 288 65 Leonard,
962 3705 172 55 1874-

152 3782 287 53 Practical
467 3787 327 62 astronomy;
850 3799 31 33 a
907 3779 271 54 textbook
1204 3778 94 53 for
1325 3777 370 69 engineering
1720 3776 218 53 schools
1966 3775 112 52 and

84 3853 1994 73 a manual of field methods, by George L. Hosmer … 3d ed.,
