2428 4370
1209 4077 136 51 1520

257 485 167 54 times
457 491 58 48 to
550 486 96 52 the
681 491 247 63 present,
961 485 302 69 including
1298 504 31 34 a
1362 485 155 53 brief
1553 491 235 47 account
1825 485 63 53 of
1922 485 96 53 the
2051 485 223 68 history

259 565 114 53 and
401 563 354 55 civilization
784 564 63 53 of
873 564 99 53 the
996 563 230 55 nations
1255 563 141 53 with
1424 563 188 53 whom
1640 563 98 53 the
1765 563 155 55 Jews
1949 563 144 53 have
2121 581 154 35 come

258 644 122 51 into
416 649 243 63 contact,
694 644 112 53 and
842 661 73 34 an
950 642 323 69 exposition
1309 641 64 53 of
1408 644 97 51 the
1537 643 331 67 present-day
1943 647 183 48 status
2162 643 112 52 and

257 719 1996 149 problems of the Jewries of the world … with maps and illustrations,
572 798 1642 71 by Israel Goldberg … and Samson Benderly …
258 898 52 33 V.
357 882 47 49 3.
452 879 122 52 The
621 880 203 51 second
869 877 472 54 commonwealth
1391 877 153 52 from
1591 878 96 52 the
1736 876 365 70 Babylonian
259 894 1992 134 captivity

475 963 60 46 to
574 958 97 51 the
713 957 109 52 fall
864 957 64 53 of
967 957 96 52 the
1104 957 206 52 second
1349 957 226 67 temple.
1656 955 294 55 Student’s
1990 956 104 55 ed.,
2136 954 140 53 with

261 1054 194 35 course
504 1036 64 52 of
615 1034 188 69 study.
881 1035 140 52 New
1070 1034 182 67 York,
1300 1036 231 51 Bureau
1580 1035 64 52 of
1692 1034 217 55 Jewish
1959 1034 319 53 education.

261 1118 153 49 1931.

331 1192 1413 52 xxiv, 769 p., 1 l., xxv-li p. illus. (incl. maps) 21½ ᶜᵐ.
265 1262 51 53 ©
348 1267 104 41 Oct.
480 1267 39 47 1,
549 1266 114 40 1931;
722 1266 66 39 2c.
821 1265 101 40 Oct.
954 1266 25 40 8;
1038 1263 82 42 aff.
1153 1265 103 40 Oct.
1283 1263 28 41 9;
1369 1265 42 39 A
1438 1264 146 40 42941;
1645 1266 197 39 Bureau
1873 1265 51 40 of
1954 1264 184 41 Jewish
336 1266 1924 99 education.

263 1417 229 66 Goldin,
522 1419 241 63 Hyman
793 1416 183 65 Elias,
1010 1422 171 51 1881-

330 1496 168 53 Bible
529 1498 114 53 and
673 1496 250 53 Talmud
954 1494 231 70 stories;
1219 1514 31 34 a
1280 1494 251 55 Biblical
1560 1494 224 65 history
1817 1493 93 54 for
1939 1496 191 53 school
2163 1495 109 54 and

259 1575 183 68 home,
477 1574 142 53 with
654 1573 201 54 stories
895 1573 155 54 from
1085 1574 96 53 the
1217 1573 249 54 Talmud
1503 1575 113 51 and
1652 1573 284 63 Midrash,
1971 1574 307 68 questions,

258 1650 2017 73 maps and illustrations, by Hyman E. Goldin … New York
259 1731 135 69 city,
425 1733 136 55 Star
587 1732 248 53 Hebrew
862 1731 150 53 book
1039 1748 284 52 company
1374 1735 154 64 [1931]

330 1812 767 49 3 v. illus. (incl. maps) 21 ᶜᵐ.
614 1893 96 18 CONTENTS.—I.
744 1871 144 39 From
924 1871 83 39 the
1041 1869 264 49 beginning
1337 1873 49 38 to
1420 1871 83 39 the
1537 1871 148 39 death
1721 1869 51 40 of
1808 1871 291 40 Moses.—II.
2134 1870 143 40 From

263 1929 82 39 the
377 1928 92 40 fall
502 1929 52 39 of
587 1928 197 40 Jericho
816 1931 48 37 to
895 1928 84 40 the
1010 1929 149 40 death
1192 1927 52 41 of
1279 1928 378 40 Solomon.—III.
1691 1927 145 40 From
1869 1929 85 39 the
1985 1927 211 41 division
2227 1929 53 39 of

264 1985 81 41 the
375 1986 230 48 kingdom
639 1988 50 38 to
720 1987 82 39 the
833 1984 223 50 building
1086 1984 55 42 of
1169 1986 86 40 the
1285 1986 176 39 second
1493 1985 192 48 temple.

269 2053 51 53 ©
352 2058 129 48 Sept.
508 2057 41 49 2,
578 2056 141 49 1931;
749 2057 68 41 2c.
845 2057 120 39 each
994 2056 128 48 Sept.
1152 2055 55 41 19;
1266 2055 83 43 aff.
1381 2056 129 49 Sept.
1540 2056 82 48 18;
1654 2057 41 39 A
1722 2056 173 49 41762;
1930 2056 114 41 Star
2073 2056 209 41 Hebrew

339 2115 125 41 book
494 2126 68 29 co.
633 2114 282 50 (31-25652)

265 2210 342 64 Hagedorn,
637 2210 263 64 Eugene.

335 2288 122 52 The
500 2287 379 53 Franciscans
919 2286 61 54 in
1021 2286 315 70 Nebraska,
1375 2286 76 70 by
1492 2288 97 52 the
1629 2288 139 54 Rev.
1810 2288 237 69 Eugene
265 2288 1991 146 Hagedorn,

268 2363 1986 150 O . F. M .; prefaced by Historical sketches of mid-Nebraska,
530 2444 76 70 by
649 2443 241 53 Francis
930 2443 314 69 Dischner;
1288 2462 31 34 a
1361 2443 275 54 diamond
1676 2443 212 69 jubilee
1927 2443 119 71 gift
2086 2451 59 46 to
2185 2444 95 53 the

265 2522 1993 146 citizens of Columbus, Nebraska, A. D. 1856, A. D. 1931 … [Norfolk, Neb., 1931]
337 2682 1247 49 6 p. l. , 572 p. incl. illus., pl., ports., maps. 27½ ᶜᵐ.
338 2739 237 41 “Sources
610 2741 95 39 and
739 2739 304 41 references”:
1109 2749 140 31 verso
1284 2739 52 41 of
1369 2740 88 40 4th
1488 2740 172 48 prelim.
1710 2740 115 40 leaf.

273 2808 52 53 ©
366 2813 116 47 July
521 2811 70 49 21,
631 2810 142 49 1931;
813 2810 68 43 2c.
921 2812 120 48 Aug.
1082 2813 82 47 17;
1208 2810 82 45 aff.
1331 2813 121 48 Aug.
1492 2812 82 48 15;
1617 2812 40 40 A
1695 2812 145 42 41763;
1911 2813 52 39 E.
2005 2813 277 48 Hagedorn,

341 2870 302 49 Humphrey,
671 2871 115 39 Neb.
859 2869 282 48 (31-25653)

270 2966 217 64 Hatch,
517 2967 289 63 Leonard,
839 2972 171 49 1882-

339 3043 121 55 The
505 3044 148 53 book
697 3043 65 53 of
808 3044 316 67 dilemmas,
1167 3045 80 69 by
1288 3045 267 53 Leonard
1599 3046 193 52 Hatch;
1871 3045 186 69 thirty
2100 3045 182 53 moral

279 3122 141 66 (and
479 3120 291 71 immoral)
839 3120 421 70 predicaments
1314 3121 142 53 with
1513 3124 303 68 suggested
1875 3119 279 58 solutions
2208 3123 75 69 by

269 3198 285 54 Franklin
603 3202 62 52 P.
717 3200 237 68 Adams,
1004 3202 185 51 Bruce
1237 3202 241 68 Barton,
1524 3202 295 67 Heywood
1874 3203 199 51 Broun
2147 3202 130 65 [and]

270 3277 381 69 Christopher
690 3278 239 68 Morley.
1007 3279 139 52 New
1189 3277 181 70 York,
1410 3278 200 57 Simon
1648 3281 112 52 and
1804 3279 288 65 Schuster,
2134 3282 149 51 1931.

342 3360 84 40 136
453 3371 42 38 p.
557 3360 55 39 19½ᶜᵐ.

347 3417 222 40 Includes
606 3417 147 39 blank
789 3427 146 38 pages
972 3416 80 41 for
1090 3416 257 41 “Answers:
1412 3427 147 38 yours
1595 3419 93 38 and
1726 3419 211 39 others”.

277 3470 51 53 ©
363 3477 126 46 Sept.
519 3475 71 46 24,
622 3474 112 40 1931;
796 3475 66 40 2c.
893 3478 96 38 and
1021 3475 83 40 aff.
1138 3474 127 49 Sept.
1297 3474 83 48 26;
1414 3475 41 39 A
1484 3475 173 47 41877;
1692 3476 50 40 L.
1776 3476 178 46 Hatch,
1988 3476 91 40 Old
348 3475 1921 104 Greenwich,

519 3532 145 41 Conn.
738 3531 281 50 (31-25648)

272 3626 283 64 Heering,
587 3626 201 55 Gerrit
815 3627 133 65 Jan,
980 3628 173 55 1879-

399 3701 1887 72 … Der sündenfall des Christentums; eine untersuchung über
269 3777 409 69 Christentum,
746 3787 121 48 staat
907 3782 113 52 und
1065 3781 178 68 krieg.
1319 3782 125 52 Aus
1483 3781 126 54 dem
1650 3780 432 56 holländischen
267 3782 1993 125 übersetzt

432 3855 176 54 durch
636 3856 242 57 Octavia
902 3858 526 54 Müller-Hofstede
1454 3859 67 52 de
1548 3858 181 55 Groot
1755 3860 104 52 mit
1882 3860 183 53 einem
268 3859 1995 125 geleitwort

439 3951 107 34 von
577 3935 220 54 Martin
826 3935 175 53 Rade.
1069 3935 208 72 Gotha,
1305 3937 64 55 L.
1399 3937 193 69 Klotz,
1623 3941 151 52 1930.

339 4017 65 48 xi,
435 4017 85 42 278
549 4029 43 38 p.
652 4020 56 39 22½ᶜᵐ.
