2505 4370
1072 4029 101 55 371

123 406 330 64 Boccaccio,
485 404 308 66 Giovanni,
828 403 326 57 1313-1375.

193 482 304 54 Boccaccio
530 499 73 35 on
638 486 230 64 poetry;
907 480 170 69 being
1112 480 95 53 the
1244 478 230 70 preface
1509 478 112 54 and
1658 478 96 54 the
1792 476 330 55 fourteenth

120 558 112 56 and
271 557 264 55 fifteenth
575 557 174 54 books
789 557 64 54 of
892 556 346 55 Boccaccio’s
1282 554 342 71 Genealogia
1668 555 229 54 deorum
118 553 1981 138 gentilium
295 637 57 52 in
388 654 71 34 an
494 636 246 68 English
775 637 221 52 version
1030 634 140 53 with
1206 634 393 68 introductory
1636 652 157 51 essay
1829 633 111 53 and
121 650 1978 134 commentary
427 714 73 69 by
547 713 236 55 Charles
826 714 70 53 G.
940 713 247 69 Osgood.
1269 712 327 66 Princeton,
1642 710 307 54 Princeton
119 710 1977 151 university
359 809 174 52 press,
564 793 149 50 1930.

190 873 116 47 xlix,
338 872 98 48 213,
474 872 56 50 [1]
562 881 43 38 p.
664 870 117 43 23ᶜᵐ.

193 929 128 41 “The
362 927 296 42 translation
699 928 43 41 is
782 927 146 41 based
970 937 126 38 upon
1138 925 232 42 Hecker’s
1410 927 106 40 text
1556 936 55 30 as
1654 925 251 49 published
1952 926 48 39 in
2045 925 77 40 his

120 983 443 47 Boccaccio-funde,
596 982 302 49 Brunswick,
930 982 351 44 1902.”—Pref.

191 1039 205 42 “Notes”
427 1039 250 48 including
706 1039 363 48 bibliography:
1101 1050 42 37 p.
1177 1037 217 42 143-200.

130 1094 1997 52 © Nov. 14, 1930; 2c. and aff. Mar. 17, 1931; A 35293; Princeton univ.
199 1164 149 39 press.
419 1153 249 49 (31-7165)

121 1248 328 64 Bonnefon,
482 1248 278 65 Georges,
795 1254 170 49 1884-

253 1321 1872 72 … Introduction à l’étude des hypertensions oculaires. Avec
120 1401 348 70 graphiques
497 1402 142 53 dans
668 1402 52 53 le
746 1408 167 47 texte.
989 1402 185 68 Paris,
1204 1400 70 56 G.
1303 1401 154 52 Doin
1487 1404 45 51 &
1560 1420 81 48 cⁱᵉ,
1673 1404 150 49 1931.

193 1485 84 40 143
304 1495 44 38 p.
407 1485 26 39 1
462 1484 142 48 illus.,
635 1484 179 49 diagrs.
873 1485 118 41 23ᶜᵐ.

194 1540 267 50 Copyright
489 1540 128 42 1930.

458 1606 504 49 CONTENTS.—Avant-propos.—Énoncé
1184 1607 63 39 du
1281 1606 240 48 problème:
1582 1605 251 42 Identifier
1863 1607 47 39 et
1940 1608 182 38 classer

122 1663 72 39 les
218 1661 217 40 diverses
461 1671 135 30 races
622 1660 419 49 d’hypertensions
1067 1660 241 41 oculaires
1335 1662 121 39 dans
1505 1660 120 41 l’unité
1680 1661 195 40 verbale
1901 1662 63 38 du
123 1661 1982 98 glaucome.

270 1742 104 16 —1.
423 1715 117 52 ptie.
586 1719 64 40 Le
699 1719 242 47 Probleme
987 1718 366 49 physiologique
1399 1720 59 38 de
1504 1719 45 40 la
1599 1717 189 42 tension
1836 1719 289 40 oculaire.—

124 1774 42 41 2.
194 1771 117 52 ptie.
341 1776 91 40 Les
459 1775 371 49 hypertensions
858 1775 253 40 oculaires.

129 1830 1999 52 © Sept. 18, 1930; 1c. Jan. 16, 1931; A—Foreign 10444; Gaston Doin &
196 1889 84 43 cie.
350 1890 250 49 (31-6956)

122 1983 345 67 Brockway,
499 1984 163 64 Paul,
698 1984 170 55 1879-

191 2061 265 68 Temples
501 2060 65 53 of
610 2060 250 69 healing,
905 2059 74 70 by
1022 2061 147 52 Paul
1218 2059 334 71 Brockway.
1633 2059 273 70 Wichita,
1953 2061 172 68 Kan.,

122 2141 151 49 1931.

189 2217 56 41 81
280 2228 43 38 p.
384 2217 117 42 23ᶜᵐ.

190 2273 184 42 Poems.

129 2328 52 52 ©
213 2332 122 41 Mar.
364 2331 40 47 2,
436 2329 140 49 1931;
610 2330 67 42 2c.
709 2333 92 39 and
836 2331 81 41 aff.
951 2333 120 38 Mar.
1106 2333 78 45 16;
1220 2331 40 40 A
1291 2332 171 47 34905;
1497 2333 51 40 P.
1581 2333 284 48 Brockway,
1900 2332 226 48 Wichita,

197 2389 125 40 Kan.
395 2388 250 48 (31-7011)

123 2482 338 65 Broderick,
490 2482 417 53 Bonaventure
935 2481 312 65 Finnbarr,
1358 2527 29 26 bp.,
1416 2488 170 49 1868-

188 2558 122 54 The
333 2558 267 53 so-called
624 2557 170 55 Altar
817 2558 64 53 of
904 2557 274 57 Calvinus
1202 2578 71 34 on
1299 2559 95 55 the
1416 2558 263 56 Palatine
1700 2557 126 70 hill,
1846 2558 61 54 in
1985 2577 141 52 Rome,

119 2633 292 55 identified
441 2655 59 34 as
524 2636 94 52 the
645 2636 147 53 altar
819 2636 218 54 erected
1063 2636 74 72 by
1220 2636 221 54 Romulus
1467 2656 60 35 as
1552 2657 31 33 a
1612 2644 131 61 part
1770 2636 64 54 of
1857 2637 96 52 the

119 2655 1982 128 ceremony
320 2712 63 53 of
413 2711 288 71 founding
785 2731 138 52 Rome,
952 2713 75 70 by
1059 2713 399 54 Bonaventure
1491 2713 287 54 Finnbarr
1811 2712 315 55 Broderick

182 2789 594 70 … New York, 1930.
190 2869 763 50 1 p. l., 39 p. 1 illus. 23½ᶜᵐ.
129 2927 52 52 ©
210 2931 113 48 May
351 2932 39 46 7,
420 2930 140 47 1930;
590 2930 65 41 2c.
686 2932 95 38 and
810 2930 82 41 aff.
921 2931 113 40 Dec.
1062 2931 81 45 20;
1175 2931 40 39 A
1241 2930 171 48 31726;
1446 2932 54 40 B.
1531 2931 50 41 F.
1614 2930 277 49 Broderick,
1926 2931 201 48 Saugerties

198 2988 104 47 ,
332 2988 57 41 N.
418 2988 53 40 Y.
542 2987 249 48 (31-7096)

125 3081 182 64 Buch,
339 3083 157 53 Frau
526 3081 186 54 Marie
752 3082 141 64 (von
927 3082 131 52 dem
1090 3080 662 65 Bussche-Ippenburg)
1792 3098 130 46 von,
1959 3083 170 53 1857-

193 3157 132 54 Else
370 3174 109 36 von
525 3157 226 68 Arnim,
795 3158 185 69 gräfin
1027 3176 109 34 von
1183 3158 128 53 dem
1359 3157 634 70 Bussche-Ippenburg,
2040 3157 84 53 als

121 3234 189 69 gattin
349 3235 116 53 und
506 3241 228 61 mutter,
778 3238 335 64 1861-1919;
1158 3253 100 35 aus
1298 3234 242 69 briefen,
1579 3235 383 69 tagebüchern
2004 3235 118 53 und

122 3311 393 67 persönlichen
546 3312 415 69 erinnerungen
993 3313 267 68 gestaltet
1290 3331 109 34 von
1433 3312 185 53 Marie
1647 3330 113 35 von
1789 3312 181 66 Buch,
1999 3310 123 71 geb.

124 3387 173 53 freiin
331 3406 111 35 von
472 3389 127 52 dem
632 3390 265 52 Bussche.
972 3389 257 69 Leipzig,
1263 3390 252 53 Koehler
1545 3392 46 50 &
1624 3389 285 69 Amelang
1965 3392 152 63 [1930]

190 3468 99 45 247,
323 3489 9 29 [1]
410 3478 43 38 p.
514 3468 163 48 front.,
709 3470 140 46 illus.,
881 3469 170 48 plates,
1084 3472 148 45 ports.
1401 3501 8 8 22ᶜᵐ.

131 3522 1995 54 © Oct. 17, 1930; 1c. Dec. 9; A —Foreign 10777; Koehler & Amelang,
198 3593 41 38 g.
269 3594 59 29 m.
358 3584 40 39 b.
429 3584 44 39 h.
544 3583 249 48 (31-7006)

124 3677 181 66 Buck,
339 3677 181 54 Jacob
553 3678 68 54 R.

122 3750 1975 129 Why do Catholics—? By Rev. J. B. Buck … with a foreword
307 3827 1817 75 by Bt. Rev. Bernard Murphy … Milwaukee, The Bruce
121 3904 334 71 publishing
493 3924 276 54 company
812 3910 193 67 [ᶜ1931]
