2505 4370
1403 3992 30 51 738

436 421 212 41 German
687 420 196 41 version
923 420 54 41 of
1015 421 84 40 the
1139 420 222 41 author’s
1403 420 161 41 “Your
1604 422 257 40 character
1898 421 129 41 from
2069 433 124 37 your
362 424 2004 103 handwriting”.

370 532 2017 54 © July 7, 1930; 1c. Jan. 27, 1931; A—Foreign 11225; E. A. Seemann.
448 593 283 50 (31-12358)

362 689 152 65 Bull,
543 688 159 56 Lois.

435 767 328 68 Broadway
801 766 211 69 virgin,
1051 784 32 35 a
1120 766 186 68 novel,
1343 766 77 68 by
1456 765 136 54 Lois
1632 766 154 53 Bull.
1861 768 140 53 New
2040 768 182 67 York,
2261 769 124 52 The

361 845 844 68 Macaulay company [ ᶜ1 931 ]
439 925 718 50 vi p., 1 l., 9-280 p. 19½ᶜᵐ.
369 980 53 53 ©
457 986 113 47 May
604 983 70 48 20,
708 982 143 49 1931;
886 983 70 42 2c.
989 984 98 40 and
1120 983 83 40 aff.
1239 984 115 47 May
1388 983 83 48 23;
1507 983 42 40 A
1581 983 175 49 37502;
1793 985 263 47 Macaulay
2091 996 68 30 co.

452 1040 283 51 (31-13093)

364 1136 246 65 Bullett,
640 1135 217 56 Gerald
885 1134 278 66 William,
1195 1140 174 51 1894-

434 1214 246 53 Marden
709 1214 115 53 Fee
873 1213 94 71 [by]
1004 1212 216 56 Gerald
1253 1214 239 52 Bullett.
1567 1214 140 53 New
1739 1214 182 68 York,
1951 1216 72 52 A.
2054 1215 73 53 A.
2159 1214 227 72 Knopf,

366 1296 151 51 1931.

436 1374 82 49 vii,
547 1373 101 50 303,
681 1374 54 50 [1]
767 1384 44 38 p.
871 1373 147 42 19½ᶜᵐ.

371 1428 53 53 ©
463 1433 116 48 May
614 1432 71 48 22,
723 1430 142 48 1931;
904 1431 68 41 2c.
1012 1432 113 47 May
1164 1431 82 46 23;
1289 1430 81 40 aff.
1411 1431 116 48 May
1563 1430 83 48 25;
1687 1431 42 40 A
1765 1430 174 49 38408;
1981 1431 53 42 G.
2072 1432 74 42 W.
2186 1433 201 49 Bullett,

440 1491 122 40 East
591 1489 229 48 Harting,
849 1500 73 29 nr.
952 1488 301 49 Petersfield,
1285 1488 196 49 Sussex,
1512 1489 240 47 England.
1823 1488 284 49 (31-13091)

365 1571 323 66 Campbell,
716 1572 102 55 Sir
845 1570 294 56 Malcolm.

439 1650 123 53 The
594 1648 159 71 boys’
788 1647 107 55 life
931 1647 64 54 of
1032 1648 96 57 Sir
1162 1649 206 68 Henry
1408 1647 268 71 Segrave,
1711 1647 76 71 by
1826 1649 252 69 Captain
2114 1650 273 53 Malcolm

368 1727 2020 72 Campbell and J. Wentworth Day … with an introduction by
366 1807 157 53 Lord
560 1805 373 69 Cottenham;
972 1804 141 54 with
1148 1809 67 49 32
1248 1804 399 54 illustrations.
1724 1806 260 68 London,
2018 1805 366 56 Hutchinson

366 1888 46 51 &
439 1902 100 51 co.,
566 1885 105 55 ltd.
705 1886 174 67 [1930]

440 1967 86 41 284
554 1977 44 39 p.
628 1966 111 41 incl.
765 1965 153 41 front.
981 1966 172 48 plates,
1183 1966 152 47 ports.
1395 1963 148 43 19½ᶜᵐ.

375 2020 2018 53 © 1c. Oct. 25, 1930; A ad int. 14358; pubd. Oct. 10; Hutchinson & co.
452 2081 327 50 (publishers)
816 2081 88 41 ltd.
976 2079 285 50 (31-13838)

368 2162 216 66 Catlin,
615 2162 230 65 George
874 2161 258 54 Edward
1161 2160 256 66 Gordon,
1449 2165 174 51 1896-

438 2239 1954 73 Liquor control, by George E. G. Catlin … London, T. Butterworth
672 2321 225 54 limited
933 2323 174 65 [1931]

438 2402 88 41 256
568 2413 44 38 p.
688 2401 182 49 diagrs.
898 2401 48 48 (1
992 2401 146 48 fold.)
1221 2401 118 41 17ᶜᵐ.
1424 2399 304 50 (Half-title:
1769 2401 103 41 The
1915 2401 157 41 Home
2117 2403 274 49 university

367 2460 189 47 library
586 2458 53 41 of
666 2460 202 39 modern
897 2458 298 48 knowledge.
1262 2457 141 51 [151])

440 2518 183 38 Errata
650 2516 97 48 slip
770 2517 233 39 mounted
1029 2525 63 31 on
1118 2525 44 38 p.
1208 2514 41 50 [5]

442 2574 249 41 “Selected
720 2571 370 50 bibliography”:
1149 2582 45 38 p.
1222 2571 221 41 252-253.

377 2627 2015 55 © 1c. May 1, 1931; A ad int. 15018; pubd. Mar. 5; Henry Holt & co.,
444 2690 107 49 inc.,
582 2690 119 39 New
731 2689 145 39 York.
948 2686 283 49 (31-13104)

371 2769 248 67 Celarié,
650 2768 336 56 Henriette.

443 2851 228 54 Behind
718 2850 308 53 Moroccan
1072 2847 182 70 walls,
1298 2846 319 55 translated
1665 2848 113 53 and
1825 2848 252 69 adapted
2122 2848 77 71 by
370 2848 2002 137 Constance

593 2929 136 70 Lily
760 2928 215 54 Morris
1010 2927 154 53 from
1195 2927 98 53 the
1321 2925 176 55 books
1531 2924 66 55 of
1625 2924 307 56 Henriette
1964 2925 253 71 Celarie;
2252 2928 142 54 with

372 3009 252 70 pictures
662 3008 78 70 by
779 3006 169 55 Boris
989 3002 427 73 Artzybasheff.
1491 3003 141 54 New
1672 3004 182 71 York,
1893 3005 125 55 The
2055 3005 338 56 Macmillan

371 3104 300 52 company,
702 3088 154 51 1931.

425 3167 97 47 xiv,
552 3165 88 42 239
667 3175 44 39 p.
742 3165 110 40 incl.
883 3164 167 49 front.,
1079 3162 176 50 plates.
1314 3160 120 43 30ᶜᵐ.

443 3223 150 40 “This
627 3222 191 41 volume
854 3220 43 41 is
934 3221 142 40 made
1113 3228 64 39 up
1214 3217 57 42 of
1303 3229 28 30 a
1371 3217 233 42 selection
1641 3217 54 42 of
1732 3218 139 43 short
1909 3218 179 43 stories
2126 3219 128 43 from
2294 3222 96 41 two

368 3280 220 41 volumes
623 3278 62 46 by
718 3277 143 42 Mme.
897 3275 261 42 Henriette
1194 3274 206 46 Celarié,
1439 3273 223 42 ‘Amours
1699 3274 318 43 marocaines’
2057 3278 96 40 and
2194 3277 80 41 ‘La
2315 3279 76 41 vie

370 3330 1813 54 myst é rieuse des harems’, Librairie Hachette, 1927.”—Foreword.
379 3391 53 53 ©
462 3396 115 46 May
607 3393 68 48 12,
705 3391 143 48 1931;
878 3391 68 41 2c.
977 3391 97 40 and
1104 3389 83 41 aff.
1218 3390 115 47 May
1364 3390 83 46 13;
1479 3389 41 40 A
1549 3389 174 48 38118;
1756 3390 284 41 Macmillan
2072 3402 69 30 co.

458 3449 282 52 (31-12844)

373 3533 198 65 Clark,
600 3531 243 65 Sydney
870 3528 266 66 Aylmer,
1167 3532 174 51 1890-

444 3604 1951 77 Many-colored Belgium, by Sydney A. Clark … New York,
372 3692 68 52 R.
471 3692 80 51 M.
580 3688 280 55 McBride
886 3689 47 51 &
961 3704 301 52 company,
1293 3687 151 51 1931.

439 3770 88 43 247
559 3781 44 38 p.
664 3769 163 47 front.,
861 3766 171 50 plates.
1092 3766 147 41 21½ᶜᵐ.

440 3826 141 50 Maps
609 3838 60 30 on
698 3825 366 49 lining-papers.

380 3881 53 53 ©
464 3886 114 48 Apr.
608 3885 69 47 14,
708 3883 141 46 1931;
882 3882 69 40 2c.
981 3882 115 47 May
1126 3881 82 45 18;
1242 3878 83 41 aff.
1357 3879 115 48 May
1503 3878 83 48 15;
1620 3878 42 40 A
1691 3879 172 48 38231;
1899 3879 46 42 S.
1976 3879 54 42 A.
2062 3880 163 44 Clark.
449 3882 1928 111 Newton,
584 3943 147 39 Mass.
802 3938 284 50 (31-12836)
