2505 4370
1257 4011 135 53 1166

390 475 219 41 2 v . 25 ᶜᵐ.
395 539 156 42 These
588 539 275 49 pamphlets
900 550 84 30 are
1022 542 48 39 to
1107 541 57 40 be
1199 539 140 42 fitted
1378 541 102 41 into
1520 542 81 40 the
1639 541 148 42 backs
1825 541 52 43 of
1914 543 82 41 the
2033 544 218 41 volumes
2289 544 52 41 of

320 603 82 41 the
432 605 74 39 set
534 605 48 38 to
610 603 161 41 which
799 604 115 48 they
941 604 185 49 belong.

325 677 52 52 ©
409 681 119 47 July
556 680 69 49 29,
659 680 112 42 1931;
833 679 67 43 2c.
932 682 118 39 each
1082 682 120 48 Aug.
1235 681 56 40 15;
1353 682 83 41 aff.
1469 683 118 47 Aug.
1622 684 56 39 17;
1739 684 41 38 A
1811 682 140 42 40781;
2020 684 193 40 Vernon
2242 686 98 40 law

391 744 127 41 book
544 755 66 29 co.

394 855 279 53 Vernon’s
721 857 311 52 annotated
1078 855 244 54 Revised
1369 855 136 54 civil
1551 859 240 51 statutes
1837 857 65 52 of
1946 858 98 52 the
2088 862 144 49 state
2278 859 64 52 of

322 934 202 52 Texas.
603 936 132 50 1931
771 933 345 55 cumulative
1148 935 213 52 annual
1394 933 204 69 pocket
1629 939 134 63 part
1796 935 94 53 for
1918 936 255 53 volumes
2207 938 135 50 1-22

383 1011 1618 71 … Kansas City, Vernon law book company [ᶜ1931]
390 1099 244 43 22 v. 25 ᶜᵐ.
392 1164 157 40 These
575 1164 281 48 pamphlets
880 1175 84 30 are
993 1166 48 39 to
1069 1164 56 40 be
1152 1164 140 40 fitted
1320 1164 103 40 into
1453 1165 81 40 the
1562 1164 149 41 backs
1740 1165 52 41 of
1820 1165 83 41 the
1929 1166 219 41 volumes
2178 1166 53 40 of
2258 1166 81 41 the

319 1229 76 39 set
423 1230 51 38 to
500 1227 161 41 which
689 1227 115 48 they
832 1227 184 49 belong.

325 1302 52 52 ©
409 1306 118 47 July
558 1304 70 49 29,
660 1304 141 48 1931;
836 1305 67 42 2c.
933 1306 119 39 each
1084 1305 120 46 Aug.
1237 1304 56 41 15;
1354 1305 82 41 aff.
1469 1304 121 48 Aug.
1623 1306 56 40 17;
1741 1305 40 40 A
1811 1305 173 49 40784;
2019 1307 195 40 Vernon
2245 1307 96 39 law

391 1369 126 41 book
546 1380 68 31 co.

319 1476 293 66 Thoreau,
642 1477 209 64 Henry
877 1476 212 65 David,
1120 1478 330 56 1817-1862.

387 1554 181 54 Little
603 1573 188 35 essays
829 1554 154 53 from
1017 1556 96 51 the
1150 1555 187 53 works
1373 1554 64 53 of
1468 1556 204 68 Henry
1708 1556 195 54 David
1939 1558 284 67 Thoreau,
319 1577 1994 110 selected

523 1634 75 68 by
625 1634 239 55 Charles
889 1635 69 52 R.
985 1633 275 69 Murphy.
1338 1635 217 51 Boston
1583 1635 113 52 and
1721 1635 140 53 New
1887 1636 182 66 York,
317 1636 1994 130 Houghton

446 1712 205 53 Mifflin
683 1731 299 52 company,
1015 1716 152 50 1931.

393 1794 771 50 xi, [1] p., 1 l., 184, [1] p. 21 ᶜᵐ.
323 1870 52 52 ©
408 1873 119 49 July
557 1874 70 42 24.
659 1873 114 42 1931;
835 1874 68 41 2c.
936 1875 117 47 July
1086 1874 57 41 27;
1205 1874 82 40 aff.
1320 1875 117 47 July
1470 1874 82 47 25;
1588 1874 41 40 A
1659 1873 173 49 40518;
1868 1875 268 48 Houghton
2170 1874 169 40 Mifflin

392 1948 67 30 co.
532 1937 282 50 (31-20167)

320 2048 225 64 Unger,
577 2047 153 55 Carl.

393 2127 407 56 Esoterisches,
843 2145 112 34 von
998 2129 85 51 dr.
1131 2127 138 54 Carl
1312 2126 217 70 Unger.
1604 2127 290 60 Dornach,
1943 2126 398 56 Switzerland.

319 2205 1098 69 Philosophisch-anthroposophischer
1448 2206 215 68 verlag,
1695 2208 150 50 1929.

391 2295 25 39 1
480 2325 7 9 v.
560 2294 142 48 (Zum
731 2293 218 41 studium
977 2295 86 39 der
1090 2293 544 49 geisteswissenschaft,
1664 2294 52 48 6)

323 2368 52 52 ©
419 2372 129 49 Sept.
586 2371 69 42 29.
696 2370 141 48 1929;
910 2383 37 29 1c.
989 2373 114 47 May
1143 2372 38 48 5,
1223 2370 142 49 1930;
1408 2370 314 50 A—Foreign
1762 2369 142 50 7827;
392 2369 1928 115 Philosophischanthroposophischer
954 2437 181 47 verlag.

319 2546 123 53 The
468 2543 374 64 vest-pocket
870 2543 294 56 Standard
1190 2544 326 70 dictionary
1543 2544 64 53 of
1629 2544 96 53 the
1751 2543 247 70 English
2023 2545 286 68 language;

389 2621 274 70 designed
697 2626 61 49 to
790 2619 129 70 give
954 2621 96 53 the
1085 2622 417 69 orthography,
1538 2621 462 69 pronunciation,
388 2621 1923 146 syllabication,

559 2701 114 52 and
704 2699 301 54 definition
1034 2699 65 53 of
1125 2717 160 35 more
1311 2699 141 52 than
1481 2702 191 64 26,000
1700 2700 188 53 words
1917 2699 60 54 in
2008 2700 97 51 the
2134 2700 201 68 speech

389 2776 64 53 of
483 2779 97 51 the
611 2777 557 69 English-speaking
1198 2777 259 69 peoples;
1491 2775 141 55 with
1664 2796 29 33 a
1726 2795 290 50 summary
2048 2776 64 53 of
2143 2782 193 48 events

389 2856 60 53 in
483 2856 96 53 the
611 2856 182 53 world
825 2875 134 37 war,
993 2874 29 34 a
1056 2861 286 63 gazetteer
1373 2858 113 51 and
1517 2858 164 51 other
1712 2855 191 53 useful
1937 2855 398 59 information,

389 2934 303 69 including
737 2952 165 50 maps
947 2933 64 53 of
1055 2935 96 52 the
1197 2932 220 56 United
1467 2934 207 66 States,
1720 2934 76 52 its
1845 2933 228 69 foreign
389 2952 1921 129 possessions,
598 3017 130 64 etc.;

769 3012 279 70 abridged
1087 3012 154 52 from
1276 3012 97 52 the
1409 3011 173 54 Funk
1617 3015 46 50 &
1697 3011 302 69 Wagnalls
2041 3010 291 56 Standard

389 3088 1884 72 dictionary of the English language by James C. Fernald …
390 3168 50 53 A
489 3186 124 35 new
657 3169 102 55 ed.,
805 3167 294 70 amplified
1145 3168 113 53 and
1303 3166 284 70 carefully
1632 3167 221 53 revised
1897 3166 75 69 by
2014 3166 199 53 Frank
2256 3167 77 52 H.

388 3245 1946 70 Vizetelly … New York and London, Funk & Wagnalls
389 3329 514 65 company [ ᶜ19 31]
390 3405 744 50 viii, 294 p., 1 l. maps. 16 ᶜᵐ.
395 3462 229 42 Lettered
653 3475 61 29 on
738 3474 141 30 cover;
934 3464 141 39 Funk
1101 3464 36 40 &
1163 3464 255 47 Wagnalls
1442 3462 300 48 vest-pocket
1772 3462 245 41 Standard
2045 3460 290 49 dictionary.

327 3538 52 52 ©
407 3543 115 48 Apr.
554 3544 69 46 18,
656 3542 141 48 1931;
829 3543 66 41 2c.
930 3545 114 45 May
1074 3543 81 46 12;
1189 3542 84 42 aff.
1306 3543 114 47 May
1451 3541 82 48 23;
1567 3543 41 38 A
1637 3540 172 49 38402;
1845 3541 142 41 Funk
2018 3541 36 40 &
2085 3540 253 48 Wagnalls

398 3617 67 30 co.
538 3606 282 48 (31-20175)

323 3701 121 53 The
478 3697 233 55 volume
743 3702 218 68 library;
1028 3719 31 34 a
1091 3700 236 68 concise,
1360 3700 217 69 graded
1610 3698 321 71 repository
1964 3697 65 54 of
2062 3696 276 71 practical

392 3777 108 52 and
546 3777 249 52 cultural
833 3777 337 65 knowledge
1209 3776 273 68 designed
1524 3778 96 52 for
1657 3777 139 52 both
1838 3775 343 54 instruction
2221 3775 110 52 and

391 3852 1942 59 reference … New York, N. Y., Educators association
397 3933 193 67 [ᶜ1931]
