2505 4370
1079 3992 101 53 257

147 354 198 64 Adler,
377 355 230 63 Alfred,
642 355 171 55 1870-

217 435 108 52 Die
360 434 230 53 technik
626 436 100 52 der
761 435 735 70 individual-psychologic.
1571 438 46 48 2.
1657 440 38 47 t.
1733 435 110 53 Die
1880 437 140 52 seele
2058 437 97 52 des

147 511 1946 55 schwererziehbaren Schulkindes, von dr. Alfred Adler …
146 591 304 56 München,
479 591 54 52 J.
564 592 65 51 F.
660 592 345 67 Bergmann,
1037 595 148 48 1930.

215 670 564 51 vii, [1], 188 p. 25 ᶜᵐ .
150 724 1910 53 © Sept. 27, 1930; 1c. Dec. 9; A —Foreign 10545; J. F. Bergmann.
146 838 316 55 American
493 838 166 54 radio
688 838 165 64 relay
881 840 227 63 league.

218 916 121 53 The
372 915 164 54 radio
570 916 302 53 amateur’s
906 915 321 69 handbook,
1263 934 30 35 a
1327 916 233 54 manual
1593 915 68 55 of
1694 922 257 48 amateur
1984 915 167 70 high-

150 993 308 70 frequency
493 994 164 53 radio
693 994 496 69 communication,
1224 993 76 70 by
1336 994 96 53 the
1468 994 409 69 headquarters
1914 994 137 53 staff
2088 994 63 53 of

147 1072 95 53 the
276 1071 305 54 American
622 1072 162 53 radio
820 1073 156 68 relay
1013 1073 214 68 league.
1303 1071 99 56 7th
1441 1072 84 53 ed.
1600 1071 313 70 Hartford,
1953 1071 198 68 Conn.,

148 1150 121 54 The
295 1150 309 53 American
635 1150 162 53 radio
827 1151 156 68 relay
1011 1150 217 69 league,
1257 1149 128 69 inc.,
1416 1152 153 52 1930.

217 1212 1245 70 4 p. l., 218 p. incl. front., illus., diagrs. 24ᶜᵐ.
216 1290 72 41 On
327 1300 168 31 cover:
538 1291 39 37 A
617 1291 195 38 manual
856 1290 51 39 of
946 1292 224 38 amateur
1210 1289 294 41 short-wave
1546 1289 441 49 radiotelegraphic
142 1300 1989 88 communication.

216 1403 1883 49 First to third editions, inclusive, by Francis E. Handy: fourth to
144 1462 134 40 sixth
307 1461 223 46 editions,
563 1461 248 47 inclusive,
843 1462 61 46 by
936 1461 205 40 Francis
1171 1462 53 40 E.
1257 1461 180 48 Handy
1468 1461 98 41 and
1597 1462 124 41 Ross
1753 1461 56 42 A.
1841 1462 135 41 Hull.

146 1514 52 53 ©
226 1518 102 41 Oct.
354 1519 70 48 30,
452 1518 140 47 1930;
622 1519 68 41 2c.
717 1520 95 38 and
840 1518 81 40 aff.
949 1519 118 40 Nov.
1095 1520 52 43 7;
1177 1519 40 38 A
1244 1518 171 47 33852;
1445 1519 159 40 Amer.
1634 1518 139 41 radio
1801 1520 135 47 relay
1963 1521 184 46 league,

214 1576 91 41 inc.
375 1575 250 47 (31-5794)

140 1657 286 66 Bagnold,
458 1657 170 57 Enid.

206 1733 163 53 Alice
399 1733 114 53 and
541 1732 247 55 Thomas
824 1769 13 34 [
843 1733 110 52 and
960 1768 13 34 ]
1007 1734 164 69 Jane,
1201 1733 76 70 by
1307 1733 155 54 Enid
1494 1733 294 69 Bagnold;
1820 1733 323 55 illustrated

137 1810 73 68 by
250 1812 92 52 the
385 1811 207 52 author
634 1811 111 52 and
786 1809 253 54 Laurian
1080 1811 188 54 Jones.
1347 1811 138 55 New
1528 1811 162 53 York
1732 1812 112 53 and
1884 1813 259 69 London,

137 1888 68 53 A.
239 1889 69 51 A.
340 1888 225 69 Knopf,
595 1891 150 51 1931.

209 1970 1372 52 5 p. l., 3-173, [1] p., 1 1. front. (port.) illus. 22ᶜᵐ.
143 2024 52 53 ©
229 2029 110 41 Feb.
372 2029 68 46 14,
473 2027 141 48 1931;
648 2028 67 41 2c.
749 2029 110 39 Feb.
891 2027 83 46 27;
1010 2028 81 40 aff.
1127 2029 110 40 Feb.
1272 2028 81 47 19;
1389 2029 42 39 A
1462 2028 171 48 33991;
1670 2029 171 43 Alfred
1876 2031 54 41 A.
1964 2031 182 47 Knopf,

214 2086 91 40 inc.
374 2085 252 49 (31-5758)

142 2166 318 64 Bercovici,
487 2167 260 64 Konrad,
778 2172 170 49 1882-

268 2243 1848 74 … For a song … New York, Dodd, Mead & company [ᶜ1931]
204 2322 567 50 4 p. l., 296 p. 19½ᶜᵐ.
143 2379 52 53 ©
229 2383 109 41 Feb.
370 2383 71 44 27,
474 2381 141 49 1931;
649 2383 67 40 2c.
750 2383 121 40 Mar.
904 2383 27 38 4;
994 2381 82 41 aff.
1110 2382 122 40 Mar.
1268 2385 50 45 7;
1355 2383 42 39 A
1429 2382 170 48 35165;
1636 2384 59 39 K.
1730 2384 262 49 Bercovici,
2027 2386 117 39 New

210 2441 144 40 York.
426 2439 251 49 (31-5883)

138 2523 211 64 Boyce,
379 2522 279 53 Florence
690 2522 67 56 E.

209 2598 287 56 Sunshine
540 2598 112 53 and
698 2598 163 52 cheer
905 2596 153 54 from
1104 2598 297 66 Vermont,
1448 2616 31 34 a
1523 2598 147 54 book
1716 2598 64 54 of
1827 2618 191 50 poems
2064 2600 76 71 by

138 2677 272 51 Florence
454 2676 66 52 E.
565 2676 203 68 Boyce.
848 2674 188 52 North
1079 2674 367 68 Montpelier,
1488 2676 116 66 Vt.,
1647 2677 121 53 The
1811 2676 327 56 Driftwind

138 2771 172 51 press,
344 2755 150 50 1931.

205 2831 803 51 86 p. incl. plates, pl. 19½ᶜᵐ.
207 2889 318 41 “Illustrated
554 2889 126 40 from
708 2889 250 48 paintings
988 2889 49 39 in
1067 2888 62 40 oil
1162 2889 122 40 done
1314 2888 63 49 by
1404 2890 81 40 the
1516 2891 192 40 author.
1770 2892 72 39 An
1872 2893 185 41 edition
2088 2895 52 41 of

134 2946 86 40 250
249 2946 204 49 copies.”

142 3000 51 52 ©
221 3005 110 40 Feb.
358 3005 69 47 14,
455 3002 140 47 1931;
623 3002 67 41 2c.
717 3003 96 39 and
840 3001 82 41 aff.
950 3002 111 39 Feb.
1089 3001 81 41 17;
1202 3002 39 38 A
1269 3000 169 49 33967;
1471 3003 51 40 F.
1551 3004 51 39 E.
1633 3005 171 50 Boyce,
1833 3006 308 49 Waterbury,

208 3062 77 40 Vt.
355 3060 251 48 (31-5865)

137 3142 162 62 Brill,
329 3141 178 53 Ethel
536 3140 209 63 Claire,
776 3143 170 52 1877-

206 3219 296 68 Rupahu’s
535 3217 279 69 warning,
849 3236 29 33 a
914 3222 157 60 story
1104 3216 64 52 of
1199 3217 96 52 the
1328 3223 162 64 great
1526 3218 178 55 Sioux
1736 3221 290 59 outbreak,
2065 3225 70 67 by

139 3294 1994 75 E. C. Brill … with illustrations by Richard H. Rodgers.
135 3371 1474 71 Philadelphia. Macrae Smith company [ ᶜ1 931 ]
210 3456 85 40 286
325 3466 41 37 p.
427 3455 165 41 front.,
622 3454 127 41 illus.
916 3485 10 9 20ᶜᵐ.

208 3512 287 40 Illustrated
524 3510 363 49 lining-papers.

208 3568 162 41 “First
401 3566 228 42 edition.”

141 3621 51 52 ©
229 3626 109 38 Feb.
371 3624 70 44 24,
476 3623 139 46 1931;
652 3624 66 40 2c.
753 3623 95 39 and
883 3622 82 41 aff.
1000 3622 110 40 Feb.
1144 3621 82 46 28;
1265 3621 40 40 A
1339 3620 171 49 33995;
1546 3623 209 48 Macrae,
1795 3625 156 43 Smith
1986 3639 66 29 co.

219 3680 250 49 (31-5706)

137 3762 169 63 Burt,
334 3760 271 52 Maxwell
632 3759 333 63 Struthers,
997 3763 171 49 1882-

206 3840 272 67 Festival,
506 3840 76 67 by
612 3838 294 55 Struthers
938 3839 162 50 Burt.
1177 3837 139 51 New
1348 3836 178 69 York,
1557 3836 60 55 C.
1654 3838 310 57 Scribner’s
1993 3864 145 38 sons,

139 3922 149 49 1931.
