2505 4370
1309 4031 134 51 1022

350 454 121 52 und
492 452 403 70 textbeilagen.
971 456 46 50 9.
1042 453 93 53 bd.
1177 451 614 57 Oncken-Recherche.
1866 452 262 71 Leipzig,
352 452 1994 149 Bibliographisches
755 530 250 71 Institut,
1038 534 150 52 1928.

427 612 1945 51 2 p. l., 1660 numb, col., [ 2] p. illus., plates (part col., part fold.) maps
367 669 138 50 (part
528 670 147 49 fold.)
711 670 180 47 diagrs.
954 670 117 41 25ᶜᵐ.

359 723 51 52 ©
438 728 111 40 Dec.
575 728 70 39 14.
670 726 142 47 1928;
870 738 36 29 1c.
934 728 122 40 Mar.
1084 728 68 48 13,
1179 727 143 48 1929;
1350 728 313 48 A—Foreign
1690 727 171 48 12663;
1892 726 480 50 Bibliographisches

432 784 202 41 institut
659 795 41 30 a.
727 795 41 38 g.

353 877 285 66 Mitchell,
669 878 287 54 Nicholas
982 879 345 65 Pendleton,
1361 884 171 50 1911-

485 952 1886 71 … Land problems and policies in the African mandates of
350 1030 2020 73 the British commonwealth, by Nick P. Mitchell, jr. … with
351 1108 2022 72 foreword by Charles W. Pipkin … Baton Rouge, Louisiana
351 1193 147 50 state
528 1188 319 72 university
878 1207 175 50 press,
1087 1191 154 53 1931.

423 1271 98 48 xvi,
565 1271 99 48 155,
714 1272 55 50 [1]
813 1282 45 38 p.
918 1280 152 39 maps.
1128 1272 149 41 22½ᶜᵐ.
1349 1272 288 49 (Louisiana
1683 1275 126 40 state
1856 1272 272 53 university
2175 1275 198 42 studies,

351 1337 76 32 no.
457 1330 52 46 2)

425 1383 378 51 Bibliography:
833 1394 45 39 p.
913 1406 10 30 [
927 1384 235 51 142]-148.

363 1438 53 54 ©
444 1444 115 47 May
583 1443 69 48 21,
679 1442 142 49 1931;
850 1442 68 42 2c.
945 1445 96 38 and
1067 1443 84 40 aff.
1179 1444 128 40 June
1332 1444 54 47 3;
1415 1444 41 39 A
1482 1444 172 47 37658;
1683 1445 56 39 N.
1769 1445 51 40 P.
1849 1445 235 48 Mitchell,
2112 1445 76 48 jr..
2218 1447 158 39 Baton

431 1502 180 48 Rouge,
638 1502 83 40 La.
793 1500 283 51 (31-16696)

354 1594 326 66 Muldavin,
718 1595 231 55 Albert.

424 1673 123 54 The
575 1672 101 54 red
705 1673 103 69 fog
833 1673 148 69 lifts,
1008 1673 74 72 by
1110 1673 207 56 Albert
1347 1674 322 54 Muldavin.
1736 1674 139 54 New
1907 1673 181 71 York,
2117 1674 258 71 London,

353 1751 72 53 D.
457 1752 297 69 Appleton
783 1751 113 54 and
929 1770 296 52 company,
1259 1756 150 49 1931.

427 1832 626 50 vii, 310 p., 1 l. 19½ᶜᵐ.
365 1888 54 54 ©
444 1894 126 40 June
594 1892 69 49 19,
689 1892 140 48 1931;
858 1893 67 41 2c.
951 1895 96 39 and
1073 1893 82 42 aff.
1182 1894 128 40 June
1333 1893 83 42 22;
1445 1894 41 38 A
1509 1893 173 48 40040;
1710 1894 56 39 A.
1793 1892 268 50 Muldavin,
2089 1894 118 40 New
2233 1893 144 41 York.

449 1951 282 49 (31-16771)

356 2046 159 66 Neff,
547 2047 319 54 Lawrence
895 2045 244 57 Wilson.

428 2124 151 54 Race
615 2123 272 55 relations
923 2129 59 49 at
1021 2123 144 54 close
1202 2141 206 52 range;
1447 2122 293 70 watching
1775 2123 98 54 the
1908 2140 175 51 negro
2120 2121 256 70 problem

356 2198 2021 74 settle itself, by Lawrence W. Neff … Emory University, Ga.,
357 2281 231 53 Banner
618 2299 157 50 press
852 2284 153 66 [ᶜ1931]

429 2362 58 40 35
514 2373 31 37 p
618 2361 58 41 20½ᶜᵐ.

368 2419 52 52 ©
450 2424 115 47 May
591 2423 70 47 25,
689 2421 141 47 1931;
861 2422 67 41 2c.
956 2423 96 38 and
1081 2421 81 41 aff.
1193 2423 115 47 May
1335 2421 82 46 27;
1449 2421 41 39 A
1517 2421 172 47 38486;
1720 2421 51 39 L.
1802 2421 72 41 W.
1903 2419 124 48 Neff,
2058 2420 180 46 Emory
435 2418 1925 110 University,
673 2480 84 40 Ga.
830 2471 281 57 (31-16770)

360 2575 147 53 New
536 2576 163 52 York
740 2578 219 70 (State)
1044 2577 187 69 Laws,
1257 2580 258 65 statutes,
1543 2581 99 48 etc.

498 2649 1881 75 … The penal law of the state of New York, providing for
362 2735 97 53 the
486 2734 371 69 punishment
884 2733 64 55 of
971 2733 188 53 crime.
1239 2732 256 68 Chapter
1522 2734 67 51 40
1615 2731 64 55 of
1702 2732 97 53 the
1825 2731 391 53 consolidated
2242 2731 138 52 laws

366 2814 203 68 passed
606 2813 61 54 in
705 2815 152 67 1909,
892 2812 142 54 with
1070 2815 133 50 1931
1241 2811 408 54 amendments.
1725 2809 216 54 Edited
1974 2809 75 71 by
2084 2807 207 71 Henry
2324 2808 56 55 J.

364 2888 1946 73 Lee … Brooklyn, N. Y., Eagle library publications, ᶜ1 931.
442 2973 88 42 198
554 2985 42 37 p.
659 2973 145 39 21½ᶜᵐ.

371 3027 52 51 ©
452 3030 127 41 June
605 3031 39 47 4,
673 3029 141 47 1931;
844 3029 66 41 2c.
939 3031 96 38 and
1063 3028 84 41 aff.
1174 3029 128 40 June
1328 3026 81 48 19;
1441 3028 41 39 A
1508 3026 172 49 38957;
1711 3027 170 48 Henry
1909 3026 45 41 J.
1982 3026 107 47 Lee,
2119 3024 262 48 Brooklyn.

363 3142 148 51 New
540 3141 163 52 York
733 3143 163 51 trust
925 3156 84 39 co.

439 3224 133 49 1931
610 3220 392 53 amendments
1037 3217 274 70 affecting
1345 3216 166 69 wills,
1545 3221 179 50 trusts
1760 3217 113 53 and
1907 3220 208 49 estates
2146 3215 62 53 in
2242 3214 140 53 New

370 3298 166 53 York
588 3298 224 69 (except
855 3303 100 48 tax
996 3297 165 69 laws)
1255 3297 157 66 [New
1453 3294 182 68 York]
1683 3295 123 53 The
1847 3294 140 53 New
2029 3293 166 53 York
2234 3296 151 50 trust

366 3378 514 68 company [ ᶜ1 931]
442 3459 27 39 5
494 3469 42 37 p.
601 3490 8 16 l.,
636 3457 115 40 3-32
778 3468 43 37 p.
882 3456 146 41 23½ᶜᵐ.

373 3511 52 52 ©
456 3516 127 40 June
611 3513 69 49 26,
710 3513 142 47 1931;
885 3513 66 40 2c.
982 3514 96 39 and
1108 3512 82 41 aff.
1222 3512 117 47 July
1369 3511 52 47 9;
1455 3511 41 39 A
1523 3510 174 48 40293;
1730 3510 117 40 New
1879 3509 131 40 York
2039 3511 134 38 trust
2202 3517 68 32 co.

366 3624 244 64 Perard,
641 3622 207 55 Victor
876 3624 233 62 Semon,
1142 3622 173 55 1870-

437 3695 1948 74 Anatomy and drawing, by Victor Perard … New York,
365 3779 545 68 V. Perard [ ᶜ1 931]
434 3873 80 29 XX.
543 3862 114 50 [179]
685 3872 42 38 p.
788 3862 130 40 illus.
979 3861 57 40 22½
1068 3863 44 22 ᶜᵐ
1117 3894 8 8 .

441 3917 234 41 Contains
705 3920 210 46 preface,
945 3920 139 39 notes
1113 3929 59 30 on
1203 3916 284 49 proportion
1517 3916 97 40 and
1642 3914 223 49 drawing
1901 3913 90 49 (xx
2020 3923 42 38 p.
2095 3911 154 47 illus.)
2288 3910 93 40 and

366 3975 88 42 179
483 3985 147 39 pages
661 3976 51 41 of
741 3975 346 43 illustrations.
