2428 4370
1229 4098 136 50 1596

302 495 1996 73 [and] M. Spinka; edited by S. J. Case … Chicago, Ill., The
280 579 338 70 University
647 579 66 53 of
741 578 254 70 Chicago
1023 594 158 52 press
1215 579 173 65 [1931]

347 655 1951 55 xi, 265 p. 20 ᶜᵐ . (Half-title: The University of Chicago publications
276 713 1702 54 in religious education … Handbooks of ethics and religion)
348 774 452 51 “Bibliographies”
818 785 9 29 :
861 784 42 39 p.
937 772 160 43 20-21.

284 844 52 52 ©
365 848 129 48 Sept.
520 848 39 48 8,
585 846 115 41 1931;
755 846 68 43 2c.
848 846 104 42 Oct.
978 846 59 41 12;
1089 846 84 41 aff.
1200 846 103 42 Oct.
1330 845 26 41 9;
1412 847 41 38 A
1477 845 147 41 44087;
1681 844 286 48 University
1994 844 51 41 of
2074 843 226 48 Chicago,

353 904 225 50 Chicago.
651 904 282 49 (31-29796)

285 999 439 66 Chamberlain,
750 999 273 65 Rudolph
1049 1000 244 65 Wilson,
1319 1002 86 53 ed.

355 1074 1951 75 Beacon lights of literature … by Rudolph W. Chamberlain
347 1156 1959 71 … and Edwin B. Richards … Ninth year. Syracuse, N. Y.,
284 1236 1910 70 New York [etc.] Iroquois publishing company, inc. [ ᶜ1 931]
356 1318 895 50 1 v. front., illus., ports. 21½ ᶜᵐ .
358 1376 298 49 “Suggested
684 1375 205 50 reading
916 1375 113 41 list”
1060 1379 54 38 at
1141 1377 93 39 end
1262 1375 54 41 of
1344 1376 119 40 each
1493 1375 199 41 section.

287 1444 52 52 ©
372 1448 112 48 Apr.
517 1448 70 48 30,
620 1447 142 48 1931;
794 1447 69 42 2c.
895 1450 116 47 May
1040 1448 83 48 16;
1158 1447 82 41 aff.
1275 1449 115 47 May
1421 1448 83 47 15;
1538 1448 42 39 A
1610 1447 173 47 37330;
1821 1446 222 49 Iroquois
2076 1447 110 49 pub.
2219 1457 83 38 co.,

353 1505 95 41 inc.
518 1505 281 48 (31-29522)

290 1600 227 66 Chubb,
549 1600 287 66 Percival,
872 1607 173 50 1860-

355 1677 93 55 On
472 1678 95 54 the
593 1677 271 71 religious
890 1678 247 54 frontier;
1193 1679 152 53 from
1370 1699 73 35 an
1467 1683 230 65 outpost
1723 1678 63 55 of
1811 1677 208 56 ethical
2044 1677 261 70 religion,

285 1757 2019 72 by Percival Chubb … New York, The Macmillan company,
286 1839 152 50 1931.

355 1916 757 51 viii p., 2 l., 3-148 p. 19½ ᶜᵐ .
290 1974 52 52 ©
371 1977 102 41 Oct.
502 1978 29 39 6,
569 1976 115 42 1931;
741 1978 67 41 2c.
837 1980 96 38 and
962 1977 81 41 aff.
1073 1978 104 41 Oct.
1205 1979 26 40 7;
1289 1978 41 39 A
1356 1977 146 42 42894;
1563 1978 283 40 Macmillan
1874 1989 67 29 co.

370 2033 283 51 (31-29652)

290 2128 196 66 Clark,
512 2131 156 53 John
697 2131 77 65 S.,
802 2137 312 51 1823-1912

357 2207 257 55 Selected
649 2209 383 69 manuscripts
1068 2210 64 53 of
1167 2209 243 55 General
1445 2211 156 54 John
1639 2210 57 56 S.
1735 2208 194 69 Clark,
1964 2207 250 71 relating
2248 2213 58 48 to

285 2286 96 55 the
421 2286 322 70 aboriginal
781 2287 223 70 history
1044 2290 64 52 of
1146 2290 97 52 the
1286 2288 431 69 Susquehanna,
1757 2288 190 54 edited
1986 2288 75 70 by
2101 2287 206 54 Louise

285 2363 1222 75 Welles Murray … Athens, Pa., 1931.
357 2445 1951 54 xvi, 150 p. front., maps (1 fold.) 25½ ᶜᵐ . (Added t.-p.: Publications
288 2501 53 41 of
366 2503 83 40 the
480 2503 194 48 Society
701 2503 80 41 for
808 2505 364 46 Pennsylvania
1203 2507 323 47 archaeology.
1599 2517 41 31 v.
1672 2507 50 47 1)

358 2559 231 41 Lettered
616 2571 61 30 on
705 2571 142 30 cover
865 2572 8 28 :
907 2562 150 41 Clark
1085 2563 346 48 manuscripts.

358 2616 103 42 The
486 2618 332 49 manuscripts
845 2629 84 30 are
956 2629 111 30 now
1092 2620 50 39 in
1171 2621 82 39 the
1281 2620 278 48 possession
1585 2621 52 40 of
1666 2622 83 39 the
1779 2621 200 48 Cayuga
2007 2623 179 46 county
287 2621 2003 94 historical
494 2674 184 48 society.
751 2674 60 50 cf.
843 2686 44 38 p.
917 2675 105 43 xiii.

358 2731 355 49 Bibliography
731 2743 9 29 :
773 2743 43 38 p.
851 2731 250 51 [133]-135.

629 2791 146 50 CONTENTS.—pt.
796 2799 34 33 I.
853 2790 103 40 The
982 2790 320 41 Carantouan
1325 2791 121 41 sites
1470 2792 53 39 of
1548 2792 333 48 Champlain’s
1908 2792 276 49 “Voyages”
2213 2794 95 40 and

288 2846 130 42 their
449 2846 508 52 identification.—pt.
1032 2879 11 11 II.
1074 2847 104 41 The
1208 2847 395 53 Andastes.—pt.
1700 2881 11 10 III.
1744 2849 178 42 Indian
1957 2861 180 32 names.

293 2903 52 52 ©
373 2909 120 47 Aug.
522 2908 71 48 20,
622 2907 114 41 1931;
791 2907 68 42 2c.
889 2909 96 39 and
1013 2907 82 42 aff.
1126 2907 101 41 Oct.
1258 2909 26 39 7;
1341 2908 42 39 A
1408 2907 147 42 42909;
1616 2909 192 49 Society
1836 2910 79 40 for
1945 2908 361 49 Pennsylvania

360 2965 338 49 archaeology,
732 2965 377 49 Wilkes-Barre,
1143 2966 84 39 Pa.
1299 2965 282 50 (31-29649)

294 3060 196 65 Clark,
525 3059 204 67 Keith,
769 3062 169 55 1879-

364 3137 426 55 International
839 3138 528 69 communications,
1417 3140 98 53 the
1563 3139 310 54 American
1923 3141 265 67 attitude,
2236 3139 75 70 by

292 3215 2016 73 Keith Clark, PH. D. New York, Columbia university press;
291 3295 261 68 London,
576 3296 66 53 P.
671 3294 57 57 S.
753 3296 163 70 King
938 3298 47 52 &
1007 3314 119 50 son,
1151 3296 124 69 ltd.,
1302 3300 151 50 1931.

361 3378 86 40 261
487 3389 43 38 p.
594 3378 116 41 23ᶜᵐ.
783 3378 302 49 (Half-title:
1127 3379 197 42 Studies
1364 3380 51 40 in
1454 3379 206 50 history,
1700 3378 270 43 economics
2012 3380 93 39 and
2152 3378 161 49 public

292 3435 109 47 law,
434 3436 72 40 ed.
537 3436 62 47 by
630 3436 82 41 the
746 3433 207 53 Faculty
987 3437 52 40 of
1070 3436 220 50 political
1324 3437 188 41 science
1544 3437 53 42 of
1628 3435 254 44 Columbia
1916 3435 287 50 university,
2236 3446 74 30 no.

289 3491 112 49 340)

363 3549 266 42 Published
655 3552 104 40 also
784 3562 54 30 as
864 3550 154 42 thesis
1053 3550 15 49 (PH.
1240 3551 13 47 D.)
1288 3551 255 42 Columbia
1570 3550 288 49 university.

294 3603 52 52 ©
371 3608 116 48 July
510 3608 40 47 2,
574 3607 115 41 1931;
742 3608 65 40 2c.
833 3610 96 39 and
953 3608 82 41 aff.
1063 3608 116 49 July
1201 3609 56 40 23;
1312 3610 41 38 A
1376 3609 173 47 40462;
1578 3608 252 41 Columbia
1859 3606 272 49 university
2156 3616 150 39 press.

372 3664 282 48 (31-29613)

296 3759 242 53 Currier
567 3759 53 54 &
649 3761 152 55 Ives.

361 3833 55 52 A
463 3835 279 68 portfolio
790 3837 64 53 of
902 3836 236 60 Currier
1187 3838 115 54 and
1350 3838 145 57 Ives,
1590 3837 252 72 [Garden
1895 3834 152 71 City,
2095 3834 69 52 N.
2218 3832 91 69 Y.,

290 3909 354 74 Doubleday,
675 3914 198 55 Doran
900 3916 46 51 &
974 3934 96 50 co.,
1100 3917 127 69 inc.,
1257 3919 134 50 1931]

360 3991 845 54 16 mounted col. pl. 43 × 37½ ᶜᵐ .
