2428 4370
1048 3976 132 52 1683

125 352 199 63 Moler,
352 352 233 54 Arthur
610 353 86 63 B.,
727 357 169 49 1866-

191 431 118 51 The
356 429 244 53 barbers’
647 428 245 66 manual,
937 428 72 67 by
1060 427 66 53 A.
1176 427 65 51 B.
1294 426 181 52 Moler
1581 424 267 68 [Chicago,
1897 423 216 68 Gentry

124 506 591 70 printing co., ᶜ1 931 ]
192 597 1218 51 7 p. l., 7-210, [6] p. illus., pl. 24ᶜᵐ. $5.00
192 657 157 40 Blank
376 666 146 39 pages
549 656 80 40 for
658 655 314 40 “Notations”
1010 655 51 46 (6
1092 657 50 38 at
1171 654 117 47 end)

193 713 231 41 Previous
452 712 184 40 edition
663 713 89 38 has
780 712 134 41 title:
948 711 351 41 Standardized
1330 711 214 39 barbers’
1574 711 194 42 manual.

192 770 236 40 “Revised
460 768 183 41 edition
675 767 156 41 1931.”

128 839 50 52 ©
213 842 128 48 Sept.
370 843 40 45 1,
443 840 111 42 1931;
617 841 65 40 2c.
716 841 95 39 and
842 839 83 41 aff.
960 839 128 48 Sept.
1120 839 53 38 21;
1237 839 41 38 A
1309 839 144 40 42473;
1516 840 55 39 A.
1605 840 53 38 B.
1694 840 165 48 Moler,
1894 839 223 49 Chicago.

199 896 67 53 [©
295 900 171 47 theory
495 900 95 38 and
618 897 292 40 instruction
938 897 50 38 in
1018 895 273 49 barbering]
1363 895 280 50 (31-30497)

123 1024 321 61 Monnette,
477 1022 150 53 Orra
657 1021 259 62 Eugene.

195 1101 157 52 First
392 1100 222 54 settlers
654 1098 63 53 of
757 1116 65 50 ye
864 1098 351 68 plantations
1256 1098 64 53 of
1359 1097 361 70 Piscataway
1760 1100 114 52 and
125 1098 1973 149 Woodbridge,

365 1179 125 52 olde
514 1182 116 49 east
655 1177 136 51 New
817 1177 216 66 Jersey.
1061 1175 326 68 1664-1714,
1413 1195 31 34 a
1470 1174 199 69 period
1694 1176 63 53 of
1781 1174 137 71 fifty
1940 1194 182 52 years,

124 1252 1852 74 by Orra Eugene Monnette … pt. 3. Los Angeles, Calif.,
2001 1253 121 54 The
124 1336 183 67 Leroy
336 1333 248 55 Carman
610 1350 173 50 press,
811 1334 149 49 1931.

195 1410 1926 53 1 p. l., [297]-449 p. fold. front., pl., ports., fold. maps, facsims.,
121 1472 225 39 mounted
382 1472 87 39 col.
504 1469 345 41 coat-of-arms.
909 1468 116 41 25ᶜᵐ.

128 1538 50 52 ©
218 1542 100 40 Oct.
356 1541 70 46 31,
463 1540 107 40 1931;
641 1539 67 40 2c.
747 1540 94 39 and
880 1538 79 40 aff.
999 1540 117 38 Nov.
1156 1540 25 39 7;
1248 1539 41 38 A
1325 1537 145 41 44669;
1540 1538 53 41 O.
1631 1540 52 39 E.
1724 1540 262 45 Monnette,
2025 1539 94 40 Los

193 1598 219 49 Angeles.

127 1708 428 61 Montgomery,
585 1706 164 64 Lucy
777 1705 197 63 Maud,
1008 1708 170 52 1874-

194 1784 49 51 A
281 1783 227 68 tangled
549 1783 136 54 web.
722 1782 71 71 by
833 1783 62 51 L.
937 1782 76 52 M.
1056 1782 414 69 Montgomery.
1546 1781 137 55 New
1725 1781 179 69 York,
120 1781 1972 133 Frederick
305 1861 66 53 A.

407 1860 200 54 Stokes
639 1877 294 50 company,
969 1862 149 49 1931.

191 1940 475 49 5 p. l., 324 p. 19½ᶜᵐ.
129 2010 50 52 ©
206 2014 126 48 Sept.
357 2013 69 48 10,
448 2013 112 40 1931;
613 2013 66 39 2c.
706 2013 94 39 and
824 2011 82 41 aff.
933 2011 127 49 Sept.
1085 2011 55 40 12;
1194 2013 41 37 A
1256 2012 144 40 43541;
1456 2012 131 48 Lucy
1612 2014 151 39 Maud
1788 2014 334 46 Montgomery

195 2071 301 46 Macdonald,
532 2070 196 46 Norval,
762 2069 123 48 Ont.,
920 2068 213 41 Canada.
1204 2068 281 50 (31-28155)

125 2179 165 54 Ohio.
367 2181 205 53 Courts
603 2181 64 68 of
695 2179 249 69 appeals.

193 2256 1929 72 Reports of cases argued and determined … Reported by
126 2336 54 52 J.
214 2336 63 52 L.
311 2336 89 53 W.
435 2335 261 69 Henney,
732 2334 178 55 Court
943 2335 64 51 of
1038 2335 234 67 appeals
1307 2340 274 64 reporter,
1616 2335 236 55 Clinton
1888 2336 235 67 Collins,

128 2415 72 51 H.
256 2415 63 50 L.
377 2413 261 56 Connett,
694 2411 266 55 assistant
1015 2418 298 61 reporters,
1390 2432 50 33 v.
1497 2414 187 53 33-37.
1762 2412 220 55 Official
2035 2415 84 52 ed.

127 2492 322 59 Columbus,
478 2492 119 51 The
672 2535 8 8 F.
766 2534 9 9 J.
804 2491 155 52 Heer
985 2490 262 69 printing
1275 2509 97 51 co.,
1403 2494 325 50 1930-1931.

194 2571 214 42 5 V. 22½ ᶜᵐ.
126 2654 40 28 v.
193 2643 69 46 33,
293 2637 51 53 ©
372 2642 114 48 July
514 2643 38 46 7,
581 2641 115 41 1930;
750 2651 41 31 v.
819 2642 70 46 34,
920 2637 51 51 ©
1001 2641 102 41 Oct.
1130 2642 57 39 17;
1243 2653 42 29 v.
1314 2642 69 47 35,
1414 2637 52 53 ©
1494 2643 113 41 Dec.
1636 2644 56 39 17;
1749 2654 41 30 v.
1819 2643 70 48 36,
1922 2638 52 53 ©
2003 2643 116 48 July

195 2699 68 48 27,
290 2698 106 41 1931;
457 2710 41 30 v.
524 2700 69 41 37,
622 2693 52 53 ©
702 2699 125 47 Sept.
854 2698 55 40 25;
964 2697 66 39 2c.
1059 2699 117 40 each
1202 2700 96 38 and
1324 2698 107 40 affs.
1461 2700 101 40 Oct.
1590 2699 55 39 22;
1703 2701 41 38 A
1768 2698 323 42 43395-43399;

195 2757 42 39 J.
263 2757 49 38 L.
338 2758 68 38 W.
435 2757 214 46 Henney.
674 2755 78 40 for
777 2755 80 41 the
881 2758 128 38 state
1034 2755 52 40 of
1111 2755 135 45 Ohio,
1274 2756 275 48 Columbus,
1578 2757 52 40 O.
1693 2754 336 44 10738-10742

126 2864 265 65 Ottosen,
421 2867 177 52 Peter
627 2865 137 65 Hill,
795 2871 170 49 1885-
1178 2867 83 52 ed.

192 2944 220 52 Trench
445 2942 276 70 artillery,
751 2945 69 52 A.
852 2945 66 52 E.
950 2945 95 59 F.;
1077 2943 95 53 the
1205 2945 263 66 personal
1498 2945 357 66 experiences
1886 2945 64 53 of
125 2945 1965 128 lieutenants

376 3023 111 51 and
517 3020 258 68 captains
803 3021 64 52 of
897 3020 259 69 artillery
1189 3022 125 52 who
1346 3022 197 52 served
1573 3022 140 52 with
1745 3023 193 52 trench
125 3041 1969 116 mortars,
287 3097 187 54 edited
502 3098 75 70 by

604 3098 191 68 Major
824 3100 64 51 P.
922 3100 73 51 H.
1027 3098 257 66 Ottosen,
1351 3144 8 9 C.
1433 3144 9 9 A.
1511 3142 9 9 C.
1596 3098 338 54 Illustrated
1966 3098 151 55 from
126 3175 194 54 official
361 3176 393 69 photographs

789 3176 75 68 by
901 3176 97 52 the
1036 3175 201 70 Signal
1276 3194 181 49 corps,
1495 3177 71 53 U.
1608 3176 56 56 S.
1703 3177 200 67 Army.
125 3179 1968 129 Boston,

262 3254 1079 67 Lothrop. Lee & Shepard co. [ ᶜ1 931]
194 3334 83 39 367
307 3346 42 37 p.
408 3333 163 45 front.,
604 3335 142 46 illus.,
779 3337 155 46 plates
962 3334 48 43 (1
1045 3335 102 45 col.,
1178 3334 198 47 double)
1418 3337 162 45 ports.,
1611 3334 216 40 facsims.
1888 3334 115 41 23ᶜᵐ.

197 3405 135 47 Maps
365 3417 58 28 on
453 3405 362 48 lining-papers.

199 3461 149 49 Songs
375 3462 120 40 with
522 3463 152 39 music
691 3473 10 29 :
730 3474 44 37 p.
800 3462 218 41 237-239.

130 3527 50 52 ©
210 3532 99 41 Oct.
338 3534 67 46 17,
435 3533 112 40 1931;
605 3534 66 40 2c.
701 3535 95 40 and
823 3534 81 40 aff.
935 3534 100 40 Oct.
1066 3534 58 40 20;
1180 3534 41 39 A
1248 3533 144 41 43359;
1452 3534 227 47 Lothrop,
1710 3534 95 40 Lee
1832 3534 36 40 &
1900 3533 217 48 Shepard

196 3600 66 35 co,
331 3590 277 49 (31-30809)

128 3698 179 62 Palm,
338 3699 182 53 Edith
553 3700 186 63 Cling.

191 3774 174 53 Little
401 3775 167 54 folks’
601 3777 161 60 hour,
794 3774 197 55 stories
1026 3776 108 52 and
1171 3794 189 49 poems
1394 3775 92 52 for
1519 3775 274 65 children,
1824 3776 75 69 by
1932 3774 182 54 Edith

126 3849 1962 73 Cling Palm. Rock Island, Ill., Augustana book concern [ ᶜ1 931]
