2428 4370
1009 4038 131 49 1635

68 421 218 54 Punch.
401 467 9 8 v.
447 427 113 50 181,
587 441 87 34 no.
704 422 152 69 4705,
887 421 156 68 Sept.
1073 425 49 66 9,
1151 423 149 51 1931.

70 514 50 52 ©
155 519 61 38 1c.
252 519 115 37 Nov.
403 519 23 37 7,
533 516 48 38 1931;
651 517 36 36 A
724 517 60 39 ad
818 515 85 40 int.
939 513 143 41 15635;
1145 513 141 49 pubd.
1325 516 127 46 Sept.
1486 514 52 46 9;
1576 513 210 41 Herbert
1822 511 231 48 Heather,

139 576 206 39 London.

72 682 248 64 Purnell,
363 683 195 55 Idella.

143 763 117 52 The
292 760 245 69 wishing
567 759 125 66 owl,
723 779 32 34 a
785 760 173 68 Maya
988 758 323 71 storybook,
1341 760 74 67 by
1447 759 184 53 Idella
1663 757 256 70 Purnell,
74 755 1966 140 pictures

252 841 70 66 by
350 838 244 53 Frances
621 837 235 53 Purnell
881 837 265 53 Dehlsen.
1210 835 139 54 New
1377 836 179 69 York,
1584 837 119 52 The
1730 835 333 54 Macmillan

71 932 292 52 company,
398 918 146 49 1931.

136 994 66 40 xii
231 1005 57 37 p.,
317 996 26 38 1
406 1024 9 16 l.,
441 995 55 40 95
559 1027 9 8 p.
598 993 107 41 incl.
734 994 141 43 illus.,
905 995 168 47 plates,
1130 992 86 42 col.
1244 994 149 41 front.
1449 993 145 40 22½ᶜᵐ.

73 1064 50 52 ©
152 1070 99 38 Oct.
279 1068 68 39 20,
375 1065 111 40 1931;
544 1068 65 37 2c.
638 1066 94 40 and
760 1065 81 41 aff.
871 1065 102 40 Oct.
1000 1064 55 39 21;
1113 1064 41 39 A
1180 1062 145 42 44306;
1383 1064 282 40 Macmillan
1693 1075 67 31 co.

151 1123 278 50 (31-30264)

73 1233 180 61 Rabb,
282 1234 138 52 Mrs.
449 1233 172 61 Mary
658 1230 412 66 (Crownover)

141 1313 446 54 Reminiscences
637 1311 65 53 of
751 1312 170 67 Mary
972 1310 344 55 Crownover
1368 1310 182 68 Rabb,
1603 1310 134 54 wife
1792 1310 63 53 of
1906 1311 156 54 John

74 1391 173 54 Rabb.
316 1390 323 66 [Meridian,
665 1389 153 67 Tex.]
852 1388 156 53 Priv.
1036 1388 195 71 print.,
1260 1391 152 51 1931.

138 1471 54 41 15
221 1482 42 38 p.
324 1470 55 41 23½ᶜᵐ.

139 1544 69 39 On
240 1552 166 30 cover:
444 1540 395 44 Reminiscences,
873 1539 260 42 1823-1836
1165 1539 52 41 of
1247 1540 141 47 Mary
1420 1538 291 42 Crownover
1744 1540 148 40 Rabb.

75 1610 50 52 ©
154 1614 119 47 Aug.
301 1615 69 39 27,
401 1613 104 40 1931;
571 1615 67 38 2c.
667 1613 96 40 and
791 1612 83 42 aff.
907 1613 127 47 Sept.
1064 1613 53 46 3;
1149 1613 40 38 A
1218 1612 171 47 42136;
1422 1615 49 38 L.
1504 1614 54 39 B.
1590 1612 150 49 Rabb,
1775 1612 288 48 Smithville,

142 1670 112 40 Tex.
324 1670 281 48 (31-30063)

77 1781 173 63 Reed,
282 1783 138 51 Mrs.
453 1779 316 64 Josephine
801 1779 275 55 Violette.

145 1859 84 53 De
263 1859 159 53 leetle
456 1859 165 51 Jesus
655 1858 63 53 of
754 1857 78 55 St.
873 1858 175 67 Basil,
1080 1860 111 51 and
1224 1859 161 51 other
1418 1876 208 50 poems,
1661 1857 298 70 published
1995 1862 72 68 by

76 1933 1991 73 Mrs. Josephine Violette Reed … Wilton, Me., The Nelson
79 2013 173 69 print,
280 2016 149 50 1931.

147 2092 362 51 114 p. 18½ ᶜᵐ .
145 2164 238 42 “Written
413 2162 349 51 substantially
790 2165 48 38 in
869 2166 82 38 the
980 2164 188 40 French
1198 2163 329 50 dialect.”—p.
1574 2165 42 49 [3]

77 2231 49 51 ©
154 2234 126 49 Sept.
306 2235 69 47 26,
401 2234 110 40 1931;
567 2235 68 40 2c.
660 2235 94 40 and
782 2234 79 40 aff.
890 2235 102 41 Oct.
1018 2235 53 47 2;
1099 2235 40 39 A
1164 2232 171 51 42912;
1365 2236 43 40 J.
1436 2237 53 39 V.
1517 2236 143 46 Reed,
1689 2235 257 49 Lewiston,
1975 2239 88 37 Me.

153 2289 277 49 (31-29924)

77 2399 172 63 Reed,
287 2398 254 54 William
580 2399 287 56 Maxwell.

147 2475 119 54 The
295 2482 145 47 stars
471 2476 93 53 for
594 2476 153 68 Sam,
777 2477 71 69 by
878 2479 86 53 W.
996 2479 269 53 Maxwell
1293 2480 153 52 Reed;
1510 2481 187 52 edited
1729 2480 74 70 by
1835 2480 236 55 Charles

82 2554 62 52 E.
179 2552 82 57 St.
295 2555 183 65 John;
515 2554 352 54 decorations
902 2556 73 68 by
1008 2556 148 52 Karl
1189 2556 266 70 Moseley.
1532 2559 137 53 New
1706 2558 179 69 York,
78 2556 1968 145 Harcourt,

283 2632 864 70 Brace and company [ ᶜ19 31]
149 2712 1645 57 viii, 190 p. col. front., illus., plates (part col.) ports. 24 ᶜᵐ .
150 2784 284 41 Illustrated
470 2785 343 50 lining-papers
847 2788 48 39 in
930 2789 155 46 color;
1122 2788 201 42 initials.

152 2840 160 44 “First
345 2842 226 41 edition.”

81 2908 50 52 ©
157 2914 100 40 Oct.
283 2914 38 47 8,
347 2913 112 41 1931;
513 2917 67 39 2c.
606 2917 96 39 and
727 2916 81 39 aff.
835 2916 100 41 Oct.
963 2917 54 39 12;
1073 2919 40 37 A
1137 2916 145 43 42996;
1337 2919 261 50 Harcourt,
1626 2921 155 41 Brace
1806 2922 36 39 &
1868 2933 82 33 co.,
1976 2923 91 41 inc.

157 2969 277 49 (31-29970)

83 3062 194 64 Riche,
313 3065 224 64 Daniel,
574 3072 170 50 1864-

207 3141 1864 78 … Le mari camarade, roman. Paris, J. Ferenczi et fils
85 3218 168 66 [1931]

147 3295 730 55 2 p. l., [7]-251 p., 1 l. 19 ᶜᵐ .
85 3363 51 51 ©
163 3368 111 49 Apr.
301 3371 69 46 15,
399 3370 108 41 1931;
568 3373 64 39 1c.
663 3374 115 48 July
804 3376 53 38 21;
917 3377 310 46 A—Foreign
1258 3378 167 46 12616;
1458 3380 42 39 J.
1532 3379 227 41 Ferenczi
1789 3385 47 36 et
1866 3382 90 41 fils.

161 3424 276 51 (31-29672)

87 3518 246 64 Rockne,
362 3523 197 53 Knute
590 3525 293 63 Kenneth,
917 3534 322 50 1888-1931.

155 3598 117 55 The
304 3602 457 72 autobiography
792 3607 62 50 of
885 3606 194 54 Knute
1111 3608 70 51 K.
1218 3608 244 71 Rockne,
1493 3610 207 66 edited,
1722 3611 136 52 with
89 3608 1960 137 prefatory

244 3685 147 46 note,
421 3680 72 67 by
528 3681 220 55 Bonnie
783 3683 185 54 Skiles
1000 3685 229 53 Rockne
1271 3686 165 67 (Mrs.
1470 3686 195 55 Knute
1698 3687 74 55 K.
1807 3690 258 61 Rockne)

89 3754 104 50 and
239 3754 131 53 with
416 3756 380 56 introduction
840 3763 111 51 and
988 3763 308 69 postscript
1334 3765 74 68 by
1447 3766 215 52 Father
1699 3767 155 54 John
90 3764 1960 127 Cavanaugh,

377 3874 8 8 C.
441 3876 8 7 S.
510 3876 9 9 C.:
600 3837 318 54 illustrated
968 3838 149 53 from
1168 3840 407 69 photographs.
1659 3844 416 69 Indianapolis,

90 3906 1121 80 The Bobbs-Merrill company [ ᶜ19 31]
