2505 4370
1093 4055 101 54 471

186 513 69 39 “A
284 511 334 49 development
648 511 95 39 and
774 507 331 49 enlargement
1135 507 52 40 of
1218 517 62 29 an
1313 505 201 41 address
1544 503 158 42 which
1737 503 22 38 I
1792 512 120 38 gave
1945 503 53 39 at
2030 501 83 41 the

115 568 108 42 first
248 567 184 43 annual
456 567 209 47 meeting
690 565 52 42 of
766 566 82 41 the
874 563 113 43 Two
1012 562 222 42 hundred
1261 560 112 49 fifty
1400 558 265 44 associates
1693 558 53 43 of
1772 560 83 40 the
1882 557 231 41 Harvard

115 626 222 40 business
370 622 541 43 school.”—Foreword.

189 681 127 40 “The
365 678 330 43 introduction
763 677 72 40 [On
884 676 256 50 foresight]
1190 685 104 29 was
1342 672 260 49 originally
1652 671 244 42 delivered
1947 682 55 29 as
2053 679 62 30 an

117 738 202 39 address
356 738 50 40 at
446 736 82 40 the
563 734 230 40 Harvard
830 731 224 42 business
1094 729 392 42 school.”—Note
1537 729 66 48 (p.
1678 728 39 47 xi)

125 784 1994 59 © Feb. 20, 1931; 2c. Mar. 21; aff. Mar. 23; A 36047; W. B. Donham,
192 851 196 40 Boston.
460 848 248 50 (31-8505)

119 929 258 65 Dreiser,
409 930 320 61 Theodore,
761 930 170 52 1871-

188 1006 143 55 Fine
367 1006 305 66 furniture,
706 1004 75 69 by
815 1003 295 54 Theodore
1144 1002 249 53 Dreiser.
1469 1000 136 54 New
1645 999 175 67 York,
1857 999 264 52 Random

118 1085 189 67 house,
342 1086 150 52 1930.

191 1166 592 51 2 p. l., [3]-35 p. 21ᶜᵐ.
193 1224 112 40 “875
331 1223 160 48 copies
516 1222 79 39 for
620 1222 220 38 Random
868 1218 193 43 house.”

129 1278 52 52 ©
212 1282 112 39 Dec.
355 1279 71 50 27,
458 1279 113 40 1930;
633 1279 66 39 2c.
731 1279 96 39 and
860 1277 81 41 aff.
975 1277 109 40 Jan.
1117 1276 68 49 29,
1219 1274 115 41 1931;
1395 1276 41 39 A
1468 1272 144 44 35397;
1675 1275 53 42 T.
1763 1274 210 48 Dreiser,
2008 1274 117 40 New

195 1338 144 40 York.
409 1336 250 48 (31-8183)

123 1403 247 65 Dutton,
400 1402 245 54 Charles
673 1402 244 63 Judson,
950 1405 171 51 1888-

191 1479 239 54 Murder
471 1478 59 53 in
574 1497 31 33 a
647 1478 217 68 library
930 1477 91 69 [by]
1069 1476 239 55 Charles
1348 1476 56 53 J.
1447 1475 239 53 Dutton.
1763 1476 137 52 New
1947 1475 177 68 York,

122 1558 190 69 Dodd,
336 1556 173 54 Mead
537 1557 113 51 and
677 1572 297 55 company,
1003 1557 152 49 1931.

195 1638 471 50 4 p. l., 302 p. 19½ ᶜᵐ.
132 1694 52 53 ©
216 1700 121 39 Mar.
369 1696 71 50 27,
473 1695 140 49 1931;
646 1695 69 42 2c.
746 1696 113 48 Apr.
892 1695 55 48 2;
982 1704 80 31 aff.
1095 1693 116 50 Apr.
1242 1694 54 48 3;
1332 1694 40 39 A
1404 1691 172 52 36259;
1613 1693 151 51 Dodd,
1800 1694 141 41 Mead
1977 1694 35 41 &
2045 1704 83 34 co.,

199 1756 90 41 inc.
360 1753 250 50 (31-8419)

126 1820 298 66 Dwinger,
458 1820 206 53 Edwin
700 1819 198 64 Erich,
933 1824 169 50 1898-

131 1894 1994 135 … Zwischen weiss und rot; die russische trag ö die, 1919-1920.
356 1981 44 48 1.
437 1976 87 52 bis
561 1979 78 50 10.
675 1975 254 53 tausend.
1004 1975 164 64 Jena,
1205 1975 67 51 E.
1310 1973 353 69 Diederichs,
1700 1978 149 50 1930.

197 2055 1021 51 3 p. l., 5-503, [1] p. fold. map. 21ᶜᵐ.
135 2108 1982 112 © Sept. 15, 1930; 1c. Dec. 9; A—Foreign 10547; Eugen Diederichs v erlag. (31-7845)
134 2237 330 66 Entwistle,
495 2239 191 62 Mary.

201 2314 165 71 Open
392 2315 290 66 windows,
708 2314 74 69 by
810 2313 168 70 Mary
1007 2314 320 53 Entwistle.
1405 2313 361 72 Cambridge,
1795 2315 190 68 Mass.,
2012 2317 121 51 The

134 2392 233 56 Central
407 2392 320 53 committee
766 2411 73 33 on
879 2392 98 53 the
1013 2392 199 53 united
1255 2393 171 68 study
1467 2392 67 53 of
1572 2392 228 70 foreign
1841 2394 291 57 missions;

133 2472 137 52 New
319 2470 180 69 York,
546 2470 349 67 Missionary
944 2470 300 54 education
1292 2475 321 49 movement
1660 2469 64 54 of
1772 2472 95 52 the
1916 2472 218 54 United

135 2546 822 71 States and Canada [ ᶜ1 931 ]
202 2631 86 41 136
313 2642 43 38 p.
415 2629 165 49 front.,
608 2631 171 47 plates.
838 2630 116 41 19ᶜᵐ.

205 2687 137 40 “Life
371 2686 54 41 of
456 2688 80 39 the
566 2687 218 40 children
814 2685 49 40 in
895 2686 82 41 the
1006 2686 203 48 villages
1242 2687 51 40 of
1323 2697 146 37 many
1499 2686 524 45 lands.”—Foreword.

139 2737 1999 57 © Jan. 9, 1931; 2c. Mar. 27; aff. Mar. 25; A 36143; Central committee
209 2813 62 29 on
300 2800 82 43 the
412 2801 168 40 united
612 2801 146 47 study
790 2801 51 39 of
871 2800 189 51 foreign
1091 2801 241 40 missions.
1405 2800 252 53 (31-8316)

138 2868 237 64 Forbes,
403 2868 210 53 Rosita
639 2869 165 53 Torr.

209 2948 31 51 I
285 2947 144 54 have
474 2948 153 53 lived
674 2948 78 52 all
796 2947 128 54 this.
1000 2965 87 34 no.
1135 2951 46 47 2.
1258 2949 207 53 Where
1511 2948 157 55 there
1716 2949 140 52 ain’t
1899 2968 73 34 no
2019 2951 121 51 Ten

141 3024 516 55 Commandments.

223 3103 83 49 (In
340 3101 203 45 London
577 3101 201 52 Sunday
815 3102 219 52 graphic,
1070 3104 127 42 Mar.
1235 3104 41 49 1,
1314 3103 144 50 1931)

146 3155 1978 112 © 1c. Apr. 24, 1931; A ad int. 15035; pubd. Mar. 1; Joan Rosita McGrath, London.
143 3283 239 64 Fowler,
414 3285 257 63 Sydney.

210 3358 1933 75 The Bell street murders, by Sydney Fowler … London
165 3443 118 60 [etc.]
317 3436 68 56 G.
414 3435 69 57 G.
511 3438 236 68 Harrap
775 3441 45 50 &
844 3458 80 34 co.
952 3440 102 54 ltd.
1089 3443 173 64 [1931]

211 3520 99 49 255,
344 3521 53 50 [1]
430 3532 43 37 p.
533 3520 56 40 19½ᶜᵐ.

150 3570 1994 62 © 1c. Apr. 11, 1931; A ad int. 14938; pubd. Feb. 13; Macaulay co.. New
218 3636 142 40 York.
434 3634 249 49 (31-9828)

148 3699 336 67 Gallishaw,
514 3701 173 55 John.

215 3776 314 54 Advanced
573 3777 283 68 problems
899 3778 64 53 of
1005 3779 95 53 the
1143 3779 196 53 fiction
1384 3780 210 69 writer,
1638 3781 74 69 by
1758 3781 156 54 John
146 3781 1972 139 Gallishaw;

371 3872 29 34 a
441 3852 313 54 discussion
792 3855 63 52 of
890 3855 154 54 basic
1074 3857 133 72 plot
1245 3862 275 62 patterns.
1596 3857 140 54 New
1774 3858 180 69 York,
148 3859 1970 139 London,
306 3929 69 56 G.
404 3931 66 51 P.

499 3932 297 53 Putnam’s
823 3950 147 53 sons,
1002 3934 151 52 1931.
