2428 4370
1209 4085 139 50 2006

296 419 187 66 Stein,
508 422 125 53 Mrs
639 465 10 10 .
676 421 154 53 Rose
866 421 350 66 (Holzman)
1254 426 172 52 1881-

368 497 231 55 Within
640 498 160 54 those
841 499 179 67 walls,
1062 500 76 68 by
1180 500 69 53 R.
1293 500 78 53 H.
1418 499 178 57 Stein.
1674 503 236 68 Boston,
1953 502 193 69 Mass.,
2189 504 120 52 The

301 574 848 73 Stratford company [ ᶜ1 931 ]
365 659 495 49 2 l., 256 p. 19½ᶜᵐ.
301 726 52 53 ©
383 731 118 40 Nov.
529 730 70 50 28,
628 731 142 47 1931;
801 732 68 42 2c.
898 732 113 41 Dec.
1041 733 52 47 1;
1126 732 82 41 aff.
1240 734 113 41 Dec.
1382 735 54 46 4;
1469 734 41 40 A
1538 734 147 41 46170;
1748 734 257 41 Stratford
2032 746 81 36 co.,
2145 736 163 48 pubrs.

380 788 282 51 (31-34407)

292 898 272 65 Stevens,
595 899 246 57 Bertha.

361 973 175 57 Child
580 976 113 53 and
738 977 276 70 universe,
1056 977 76 70 by
1176 979 219 54 Bertha
1442 978 251 55 Stevens.
1775 978 138 54 New
1962 978 178 70 York,
2183 979 122 55 The

287 1053 855 74 John Day company [ ᶜ1 931 ]
358 1134 120 49 xxii,
508 1134 100 50 249,
643 1135 55 50 [1]
731 1146 43 38 p.
831 1136 166 50 front.,
1030 1137 171 49 plates.
1262 1138 147 41 24½ᶜᵐ.

359 1205 419 50 Bibliographical
808 1206 280 43 foot-notes.

297 1276 52 53 ©
377 1282 119 40 Nov.
523 1281 70 48 20,
621 1281 142 48 1931;
791 1282 68 39 2c.
889 1283 110 40 Dec.
1029 1284 54 46 4;
1114 1282 83 40 aff.
1226 1284 112 40 Dec.
1368 1284 53 46 1;
1452 1284 40 38 A
1518 1282 173 48 46109;
1722 1285 55 40 B.
1809 1284 217 47 Stevens,
2055 1284 251 41 Downer's

367 1338 170 49 Grove,
564 1340 76 39 Ill.
711 1339 281 50 (31-34535)

288 1448 292 65 Stingley,
611 1448 312 58 Glendora.

357 1523 341 73 Electricity
733 1528 234 51 manual
1006 1526 95 54 for
1136 1527 211 70 beauty
1385 1528 238 68 culture,
1660 1528 77 68 by
1774 1528 293 55 Glendora
285 1525 1996 147 Stingley.

470 1603 1552 72 [Chicago, Ill., Gentry printing company, ᶜ1 931]
357 1687 56 41 62
438 1697 44 39 p.
507 1687 111 43 incl.
645 1687 143 50 illus.,
815 1691 139 47 port.,
982 1688 155 51 diagr.
1306 1722 8 9 20ᶜᵐ.

295 1755 51 53 ©
372 1761 117 39 Nov.
516 1760 69 43 23,
612 1760 140 47 1931;
780 1761 66 41 2c.
872 1763 96 38 and
993 1761 82 41 aff.
1101 1762 118 40 Nov.
1246 1760 82 48 30;
1357 1761 41 40 A
1422 1761 173 46 46065;
1626 1762 53 40 G.
1710 1762 232 48 Stingley,
1971 1761 225 49 Chicago.

373 1818 282 47 (31-34525)

285 1913 235 65 Taylor,
552 1913 192 56 Mack.

358 1992 121 54 The
520 1993 111 52 law
671 1993 65 53 of
776 1995 186 66 postal
1006 1994 202 54 frauds
1248 1996 46 50 &
1335 1993 218 67 crimes,
1593 1993 141 54 with
1775 1994 181 52 forms
1996 1995 112 52 and
2153 1993 149 54 rules

286 2071 2016 70 of the court, by Mack Taylor … A comprehensive treatment
287 2149 65 53 of
380 2150 77 52 all
488 2151 188 66 postal
706 2149 218 64 crimes,
953 2151 300 68 including
1283 2152 95 50 the
1405 2169 98 35 use
1533 2151 64 52 of
1625 2150 97 55 the
1748 2150 171 54 mails
1944 2154 60 49 to
2036 2149 262 55 defraud.

285 2227 229 55 Kansas
541 2227 153 70 City,
721 2228 134 65 Mo.,
884 2228 231 53 Vernon
1144 2229 110 52 law
1281 2228 148 54 book
1456 2246 97 52 co.,
1586 2231 148 50 1931.

426 2341 9 17 xx,
465 2309 86 40 625
579 2319 41 38 p.
681 2309 118 41 24ᶜᵐ.

359 2380 255 49 Appendix
662 2381 65 48 (p.
765 2379 228 49 507-576):
1070 2381 149 40 Rules
1257 2380 51 40 of
1344 2381 83 41 the
1466 2381 233 48 Supreme
1735 2383 143 38 court
1911 2381 51 39 of
2000 2381 82 40 the
2121 2380 179 41 United

289 2438 176 40 States.
528 2438 152 40 Rules
707 2437 53 42 of
788 2438 80 41 the
898 2438 180 42 United
1112 2437 163 42 States
1307 2438 186 42 Circuit
1524 2441 139 38 court
1694 2438 54 41 of
1776 2439 199 48 appeals
2017 2437 164 50 (Fifth
281 2437 2001 105 circuit)

289 2563 51 52 ©
366 2568 122 39 Mar.
514 2568 69 47 23,
609 2566 140 48 1931;
776 2567 65 41 2c.
867 2567 115 49 Apr.
1007 2568 82 47 17;
1116 2567 84 42 aff.
1224 2568 115 48 Apr.
1364 2567 82 47 18;
1474 2568 41 38 A
1539 2567 173 47 36618;
1740 2567 193 40 Vernon
1959 2569 96 38 law
2080 2566 124 40 book
2230 2576 66 31 co.

366 2624 281 48 (31-14013)

280 2720 212 53 Texas.
567 2722 168 53 Latos
741 2767 11 25 ,
781 2727 258 66 statutes,
1068 2728 99 47 etc.

349 2799 282 56 Vernon's
675 2802 309 53 annotated
1026 2800 246 55 Revised
1313 2799 135 55 civil
1490 2802 114 52 and
1646 2799 266 54 criminal
1951 2802 241 51 statutes
2234 2798 64 54 of

279 2879 96 53 the
436 2883 145 49 state
644 2880 65 52 of
771 2880 199 53 Texas.
1049 2878 264 70 October,
1378 2883 152 66 1931,
1595 2877 347 56 cumulative
2002 2876 295 69 quarterly

281 2957 316 68 pamphlet,
644 2957 335 70 containing
1024 2959 78 52 all
1149 2959 139 52 laws
1334 2956 65 53 of
1446 2976 30 33 a
1524 2958 230 68 general
1801 2958 114 52 and
1960 2959 335 65 permanent

277 3034 2019 227 nature of the first and second called sessions of the 42nd legislature, with annotations construing the laws and with cumulative tables and indexes … Kansas City, Vernon law book
276 3288 300 51 company,
610 3273 151 50 1931.

349 3351 592 49 1 p. l., 5-176 p. 25ᶜᵐ.
283 3418 51 52 ©
358 3422 119 41 Nov.
503 3423 68 48 13,
598 3421 140 47 1931;
765 3422 66 41 2c.
858 3422 112 41 Dec.
998 3422 82 43 12;
1108 3421 81 41 aff.
1218 3422 111 40 Dec.
1355 3422 83 46 14;
1466 3422 41 39 A
1530 3420 173 47 45453;
1733 3421 192 40 Vernon
1952 3422 95 39 law
2075 3420 122 39 book
2224 3430 68 29 co.

275 3532 278 65 Thomas,
582 3532 206 54 James
815 3532 71 56 A.

343 3608 269 70 Trailing
670 3610 165 53 trade
892 3629 31 34 a
982 3610 224 53 million
1267 3610 180 67 miles,
1505 3609 75 68 by
1638 3609 195 53 James
1893 3608 70 52 A.
2023 3608 265 51 Thomas.
2336 3662 8 6 .

272 3686 281 69 Durham,
582 3688 72 52 N.
686 3687 82 68 C.,
794 3688 169 53 Duke
991 3688 322 68 university
1342 3706 175 50 press,
1549 3691 151 49 1931.

344 3768 1946 52 ix p., 2 l., 3-314 p. front., plates. 22ᶜᵐ. (Half-title: Duke university
273 3826 352 50 publications)

344 3897 141 48 Maps
514 3909 62 29 on
603 3898 366 50 lining-papers.

281 3962 51 54 ©
363 3968 118 42 Nov.
511 3969 70 44 12,
612 3969 141 50 1931;
785 3971 65 43 2c.
882 3972 117 42 Nov.
1032 3972 83 48 16;
1148 3971 82 42 aff.
1262 3972 119 40 Nov.
1412 3971 83 49 17;
1527 3971 41 40 A
1597 3971 171 47 45117;
1804 3971 139 40 Duke
1976 3968 129 43 univ.
2138 3978 150 39 press.

359 4026 281 52 (31-34519)
