2428 4370
1204 4042 133 50 1548

265 483 53 52 ©
345 487 103 41 Oct.
473 488 39 45 1,
539 485 113 41 1931;
707 485 67 43 2c.
801 485 101 41 Oct.
929 485 26 39 2;
1010 485 83 41 aff.
1121 485 102 42 Oct.
1250 487 27 39 3;
1332 486 41 38 A
1397 485 144 41 43043;
1600 486 193 47 Harper
1821 485 36 40 &
1882 485 126 40 bros.
2072 479 69 54 [©
2168 494 107 30 new

335 546 196 47 matter]
605 543 281 49 (31-28146)

266 638 389 55 Connecticut
698 643 113 52 and
851 640 266 53 Atlantic
1157 646 258 63 reporter
1456 640 205 69 digest,
1700 639 269 70 covering
2009 640 77 52 all
2129 657 150 36 cases

338 718 1881 71 reported in Connecticut reports and Atlantic reporter …
340 799 298 68 Compiled
701 800 111 51 and
872 799 190 52 edited
1120 799 77 68 by
1252 799 95 51 the
1405 796 341 70 publisher’s
1804 797 267 52 editorial
2129 795 151 54 staff.

378 875 1697 71 v. 27-29. St. Paul, Minn., West publishing co. [ ᶜ19 31 ]
332 960 26 39 3
425 989 8 8 v.
495 958 116 40 26ᶜᵐ.

617 1025 108 30 CONTENTS.—v.
769 1012 71 43 27.
885 1013 613 40 Powers-Railroads.—v.
1545 1012 71 41 28.
1662 1013 498 48 Rape-Salvage.—v.
2209 1011 71 42 29.

268 1073 200 40 Schools
497 1073 94 39 and
623 1072 160 40 school
816 1071 517 48 dists.–Stipulations.

269 1138 53 54 ©
354 1144 128 47 Sept.
513 1143 70 47 30,
615 1142 140 49 1931;
787 1144 66 41 2c.
884 1144 118 39 each
1033 1144 95 40 and
1159 1142 108 41 affs.
1301 1143 102 41 Oct.
1434 1144 55 38 12;
1550 1144 41 38 A
1620 1143 351 47 44031-44033;
2004 1144 135 39 West
2169 1142 109 49 pub.

337 1210 67 33 co.

268 1296 242 66 Cooper,
540 1296 204 54 Lenna
774 1297 278 57 Frances.

398 1372 1882 71 … Nutrition in health and disease for nurses, by Lenna F.
264 1450 2017 69 Cooper … Edith M. Barber … Helen S. Mitchell … 4th ed.,
265 1529 1992 148 rev. 102 illustrations. Philadelphia & London, J. B. Lippincott company [ ᶜ19 31 ]
265 1687 1997 107 xii, 606 p. illus., plates, diagrs. 21 ᶜᵐ. (Lippincott’s nursing manuals)
338 1803 297 42 “Reference
671 1804 148 41 books
856 1805 97 40 and
990 1803 308 48 magazines”;
1366 1815 44 38 p.
1452 1804 115 51 [586]

272 1875 51 51 ©
352 1879 116 48 July
493 1880 39 47 8,
559 1878 114 41 1931;
728 1881 67 40 2c.
821 1880 96 40 and
945 1878 80 41 aff.
1056 1879 129 47 Sept.
1212 1878 26 39 2;
1295 1878 40 39 A
1360 1879 144 39 41371;
1563 1879 44 40 J.
1634 1879 55 39 B.
1717 1878 279 48 Lippincott
2024 1889 66 30 co.

352 1935 282 49 (31-27257)

270 2030 210 66 Crane,
511 2031 282 65 Stephen,
827 2033 328 54 1871-1900.

333 2105 252 71 Maggie,
622 2107 258 69 together
917 2109 142 54 with
1096 2107 266 70 George’s
1396 2109 222 53 mother
1656 2107 111 55 and
1806 2108 121 56 The
1965 2108 129 53 blue
2129 2108 151 54 hotel

269 2183 111 70 [by]
426 2185 253 68 Stephen
720 2186 202 67 Crane,
960 2185 139 54 with
1141 2205 72 33 an
1253 2185 387 53 introduction
1680 2185 76 69 by
1796 2187 202 68 Henry
2037 2187 244 53 Hazlitt.

264 2262 137 55 New
435 2263 179 69 York,
645 2264 71 54 A.
748 2264 68 52 A.
849 2263 226 70 Knopf,
1107 2267 151 52 1931.

336 2346 769 50 xi p., 1 l., 19-218 p., 1 l. 19½ ᶜᵐ.
275 2414 51 53 ©
361 2420 127 47 Sept.
519 2419 70 48 25,
621 2419 140 47 1931;
793 2419 66 41 2c.
893 2420 95 40 and
1020 2418 81 41 aff.
1137 2419 129 48 Sept.
1296 2418 83 47 28;
1413 2419 42 39 A
1482 2417 174 49 41992;
1690 2417 172 42 Alfred
1894 2419 55 41 A.
1981 2419 180 48 Knopf,
2192 2419 92 40 inc.

350 2476 282 49 (31-28140)

277 2573 224 68 [Dame,
529 2573 235 53 Arthur
790 2573 179 69 Kent]

344 2653 56 51 A
429 2654 188 67 digest
646 2653 65 52 of
740 2654 95 53 the
866 2654 279 53 decisions
1175 2654 65 53 of
1267 2654 96 53 the
1397 2653 275 69 Supreme
1705 2658 163 49 court
1896 2654 65 52 of
1991 2653 295 53 Nebraska

273 2733 267 66 reported
574 2732 60 51 in
669 2732 291 53 Nebraska
996 2738 223 63 reports
1254 2733 252 53 volumes
1544 2732 258 67 117-120,
1837 2753 31 33 a
1901 2737 135 63 part
2070 2730 64 54 of
2170 2733 118 67 121,

273 2811 113 53 and
421 2811 59 53 in
513 2812 97 53 the
644 2811 433 54 Northwestern
1111 2815 259 65 reporter
1402 2811 252 53 volumes
1689 2813 262 67 221-235,
1982 2811 75 70 by
2092 2809 194 70 Ralph

275 2888 2011 71 S. Moseley … Supplement to Dame and Moseley’s Nebraska
273 2968 201 68 digest.
552 2968 346 54 Abatement
942 2971 112 52 and
1099 2968 219 53 revival
1360 2975 59 48 to
1460 2969 212 54 Words
1716 2970 112 52 and
1873 2968 250 68 phrases.
2203 2967 81 54 St.

272 3046 193 70 Louis,
489 3048 135 58 Mo.,
650 3047 249 54 Thomas
924 3048 111 52 law
1061 3047 148 54 book
1234 3064 301 51 company,
1564 3050 150 50 1931.

338 3141 478 49 1 p. l., 267 p. 26 ᶜᵐ.
273 3194 53 53 ©
355 3199 102 41 Oct.
484 3199 40 47 2,
552 3199 113 40 1931;
723 3199 65 40 2c.
817 3200 96 39 and
940 3198 83 42 aff.
1052 3198 103 42 Oct.
1184 3200 25 38 5;
1267 3200 41 39 A
1332 3199 146 41 42822;
1536 3198 214 41 Thomas
1777 3200 96 39 law
1901 3198 123 40 book
2051 3209 68 30 co.

271 3309 196 53 Dante
497 3308 313 66 Alighieri,
841 3316 329 50 1265-1321.

344 3387 124 53 The
491 3387 214 54 Divine
730 3388 235 69 comedy
991 3387 65 53 of
1081 3389 191 52 Dante
1298 3387 311 71 Alighieri,
1633 3386 321 56 translated
1979 3385 77 71 by
273 3385 1990 133 Jefferson

406 3465 1881 70 Butler Fletcher … New York, The Macmillan company,
273 3547 150 50 1931.

342 3626 990 51 xxii, 471 p., 1 l. front., plates. 24½ ᶜᵐ.
343 3684 341 41 Illustrations
713 3685 128 40 from
872 3685 249 48 drawings
1152 3686 61 48 by
1245 3684 266 44 Botticelli.

343 3739 133 42 Each
509 3742 131 47 plate
675 3742 341 48 accompanied
1049 3742 62 48 by
1144 3743 155 48 guard
1334 3743 136 40 sheet
1503 3741 121 42 with
1659 3740 293 50 descriptive
1986 3741 300 46 letterpress.

345 3796 1940 51 “Of this edition … two hundred and twelve copies have been printed,
271 3858 96 36 two
398 3853 222 43 hundred
652 3856 53 41 of
736 3856 158 41 which
926 3867 85 30 are
1043 3857 80 39 for
1155 3855 146 42 sale.”

271 3918 1740 58 © Sept. 23, 1931; 2c. and aff. Sept. 30; A 42726; Macmillan co.
352 3979 281 55 (31-28109)
