<alto xmlns="http://www.loc.gov/standards/alto/ns-v3#" xmlns:xlink="http://www.w3.org/1999/xlink" xmlns:xsi="http://www.w3.org/2001/XMLSchema-instance" xsi:schemaLocation="http://www.loc.gov/standards/alto/ns-v3# http://www.loc.gov/alto/v3/alto-3-0.xsd"><Description>
<MeasurementUnit>pixel</MeasurementUnit>
<sourceImageInformation>
<fileName>1931_v28_Part001.pdf</fileName>
</sourceImageInformation>
<OCRProcessing ID="IdOcr">
<ocrProcessingStep>
<processingDateTime>2019-04-22</processingDateTime>
<processingSoftware>
<softwareCreator>ABBYY</softwareCreator>
<softwareName>ABBYY Recognition Server</softwareName>
<softwareVersion>4.0</softwareVersion>
</processingSoftware>
</ocrProcessingStep>
</OCRProcessing>
</Description>
<Styles>
<ParagraphStyle ID="StyleId-FFFFFFFF-FFFF-FFFF-FFFF-FFFFFFFFFFFF-" ALIGN="Left" LEFT="0." RIGHT="0." FIRSTLINE="0."/>
<ParagraphStyle ID="StyleId-204B5AEB-67A1-44E2-A013-34B3A0F3E0EA-" ALIGN="Right" LEFT="0." RIGHT="0." FIRSTLINE="0." LINESPACE="8.300000191"/>
<ParagraphStyle ID="StyleId-03245871-796C-4429-B3C7-F9019C8C5B89-" ALIGN="Left" LEFT="0." RIGHT="0." FIRSTLINE="0." LINESPACE="12.19999981"/>
<ParagraphStyle ID="StyleId-BDCA8811-25FF-44DB-8D6F-2072A4ABC070-" ALIGN="Center" LEFT="0." RIGHT="0." FIRSTLINE="0." LINESPACE="12.19999981"/>
<ParagraphStyle ID="StyleId-2C5B7DF0-AF87-455E-B9A8-6FE387CB59BD-" ALIGN="Left" LEFT="0." RIGHT="0." FIRSTLINE="-13." LINESPACE="8.479999542"/>
<ParagraphStyle ID="StyleId-9FB72FA1-55D5-4161-8333-823D5732F4D0-" ALIGN="Block" LEFT="0." RIGHT="0." FIRSTLINE="-14." LINESPACE="10."/>
<ParagraphStyle ID="StyleId-212AEB8C-A829-4BF1-8E45-5BFE386A469C-" ALIGN="Block" LEFT="0." RIGHT="0." FIRSTLINE="-14." LINESPACE="11.35000038"/>
<ParagraphStyle ID="StyleId-4EC79CC1-EA62-49CE-ABB6-D84DDFCF4C7D-" ALIGN="Block" LEFT="0." RIGHT="0." FIRSTLINE="-10." LINESPACE="12.19999981"/>
<ParagraphStyle ID="StyleId-DAF2E8EE-6444-4951-9284-36A6C020C887-" ALIGN="Left" LEFT="0." RIGHT="0." FIRSTLINE="0." LINESPACE="9.399999619"/>
<ParagraphStyle ID="StyleId-25241749-1672-4977-B19F-38F59800D6D8-" ALIGN="Left" LEFT="0." RIGHT="0." FIRSTLINE="0." LINESPACE="11.10000038"/>
<ParagraphStyle ID="StyleId-8C523E19-EDEF-4F23-B010-536E1A1AAE1A-" ALIGN="Left" LEFT="0." RIGHT="0." FIRSTLINE="-13." LINESPACE="12.19999981"/>
<ParagraphStyle ID="StyleId-A1F9DE9E-2625-4D8B-AD7E-F0A0034C2989-" ALIGN="Block" LEFT="0." RIGHT="0." FIRSTLINE="0." LINESPACE="12.19999981"/>
<ParagraphStyle ID="StyleId-5725BB01-2B1C-440F-BAF2-696C4F4DF162-" ALIGN="Block" LEFT="0." RIGHT="0." FIRSTLINE="13." LINESPACE="12.19999981"/>
<ParagraphStyle ID="StyleId-F10A2092-61AA-44FD-99C2-123B3A8051CF-" ALIGN="Left" LEFT="0." RIGHT="0." FIRSTLINE="0." LINESPACE="5.5"/>
<ParagraphStyle ID="StyleId-B3CDC8CC-D2E1-4A23-B67C-CDD40993D1DD-" ALIGN="Left" LEFT="0." RIGHT="0." FIRSTLINE="0." LINESPACE="10."/>
<ParagraphStyle ID="StyleId-871EBF53-D909-4C8F-B368-AC7D897344DD-" ALIGN="Left" LEFT="0." RIGHT="0." FIRSTLINE="0."/>
<ParagraphStyle ID="StyleId-C4129744-680B-4878-B2C4-44BA3742C8D7-" ALIGN="Block" LEFT="0." RIGHT="0." FIRSTLINE="-14." LINESPACE="11.35000038"/>
<ParagraphStyle ID="StyleId-9CE98075-0B04-43D4-88D8-CE3BAB51B419-" ALIGN="Block" LEFT="0." RIGHT="0." FIRSTLINE="-10." LINESPACE="12.19999981"/>
<ParagraphStyle ID="StyleId-B2CFB7B3-DFFA-4E0E-94D6-C2BCE88DA9A9-" ALIGN="Left" LEFT="0." RIGHT="0." FIRSTLINE="0." LINESPACE="12.5"/>
<ParagraphStyle ID="StyleId-8D3352F3-1084-4DDE-A35D-B97102CCE686-" ALIGN="Left" LEFT="0." RIGHT="0." FIRSTLINE="0." LINESPACE="11.60000038"/>
<ParagraphStyle ID="StyleId-4A8DDA0D-166D-4E22-A597-BA51B892602D-" ALIGN="Block" LEFT="0." RIGHT="0." FIRSTLINE="0." LINESPACE="11.21000004"/>
<ParagraphStyle ID="StyleId-90EA4001-AA3C-45A1-AEDC-D1E1169EE5E5-" ALIGN="Block" LEFT="0." RIGHT="0." FIRSTLINE="13." LINESPACE="12.19999981"/>
</Styles>
<Layout>
<Page ID="Page1937" PHYSICAL_IMG_NR="1937" HEIGHT="4370" WIDTH="2428">
<TopMargin HEIGHT="481" WIDTH="2428" VPOS="0" HPOS="0">
</TopMargin>
<LeftMargin HEIGHT="3593" WIDTH="38" VPOS="481" HPOS="0">
</LeftMargin>
<RightMargin HEIGHT="3593" WIDTH="348" VPOS="481" HPOS="2080">
</RightMargin>
<BottomMargin HEIGHT="296" WIDTH="2428" VPOS="4074" HPOS="0">
</BottomMargin>
<PrintSpace HEIGHT="3593" WIDTH="2042" VPOS="481" HPOS="38">
<TextBlock ID="Page1937_Block1" HEIGHT="74" WIDTH="141" VPOS="4000" HPOS="1013" LANG="en-US" STYLEREFS="StyleId-8DF924CB-311A-48C4-8A1B-E8AEF97289E7-">
<TextLine HEIGHT="55" WIDTH="130" VPOS="4010" HPOS="1013">
<String CONTENT="1937" HEIGHT="55" WIDTH="130" VPOS="4010" HPOS="1013"/>
</TextLine>
</TextBlock>
<TextBlock ID="Page1937_Block2" HEIGHT="3527" WIDTH="2042" VPOS="481" HPOS="38" LANG="en-US" CS="1" STYLEREFS="StyleId-61233DEF-521A-41A9-B755-CEF4BD4AD09B-">
<Shape>
<Polygon POINTS="38,481 1132,481 1132,598 2080,598 2080,3953 672,3953 672,4008 38,4008 38,481"/>
</Shape>
<TextLine HEIGHT="49" WIDTH="452" VPOS="492" HPOS="117" CS="1">
<String CONTENT="xiv," HEIGHT="46" WIDTH="97" VPOS="495" HPOS="117"/>
<SP HEIGHT="45" WIDTH="27" VPOS="496" HPOS="215"/>
<String CONTENT="290" HEIGHT="42" WIDTH="86" VPOS="492" HPOS="243"/>
<SP HEIGHT="49" WIDTH="23" VPOS="492" HPOS="330"/>
<String LANG="fr" CONTENT="p." HEIGHT="37" WIDTH="44" VPOS="504" HPOS="354"/>
<SP HEIGHT="41" WIDTH="53" VPOS="493" HPOS="399"/>
<String CONTENT="22" HEIGHT="39" WIDTH="56" VPOS="493" HPOS="453"/>
<String STYLE="superscript" CS="1" CONTENT="&#7580;&#7504;"/>
<String CONTENT="." HEIGHT="8" WIDTH="9" VPOS="525" HPOS="560"/>
</TextLine>
<TextLine HEIGHT="51" WIDTH="1003" VPOS="545" HPOS="119" CS="1">
<String CONTENT="&#8220;Selected" HEIGHT="43" WIDTH="246" VPOS="551" HPOS="119"/>
<SP HEIGHT="40" WIDTH="31" VPOS="551" HPOS="366"/>
<String CS="1" CONTENT="bibliography&#8221;:" HEIGHT="50" WIDTH="366" VPOS="546" HPOS="398"/>
<SP HEIGHT="38" WIDTH="35" VPOS="558" HPOS="792"/>
<String CONTENT="p." HEIGHT="38" WIDTH="42" VPOS="558" HPOS="828"/>
<SP HEIGHT="41" WIDTH="33" VPOS="547" HPOS="871"/>
<String CONTENT="281-284." HEIGHT="42" WIDTH="217" VPOS="545" HPOS="905"/>
</TextLine>
<TextLine HEIGHT="61" WIDTH="1987" VPOS="613" HPOS="57" CS="1">
<String CONTENT="&#169;" HEIGHT="52" WIDTH="52" VPOS="622" HPOS="57"/>
<SP HEIGHT="52" WIDTH="23" VPOS="622" HPOS="110"/>
<String CONTENT="Nov" HEIGHT="39" WIDTH="102" VPOS="625" HPOS="134"/>
<SP HEIGHT="38" WIDTH="36" VPOS="626" HPOS="237"/>
<String CONTENT="12," HEIGHT="46" WIDTH="68" VPOS="624" HPOS="274"/>
<SP HEIGHT="46" WIDTH="26" VPOS="624" HPOS="343"/>
<String CS="1" CONTENT="1931;" HEIGHT="40" WIDTH="110" VPOS="622" HPOS="370"/>
<SP HEIGHT="47" WIDTH="25" VPOS="621" HPOS="509"/>
<String CONTENT="2c." HEIGHT="41" WIDTH="67" VPOS="621" HPOS="535"/>
<SP HEIGHT="41" WIDTH="23" VPOS="621" HPOS="603"/>
<String CONTENT="Nov." HEIGHT="40" WIDTH="118" VPOS="621" HPOS="627"/>
<SP HEIGHT="40" WIDTH="22" VPOS="621" HPOS="746"/>
<String CS="1" CONTENT="16;" HEIGHT="39" WIDTH="54" VPOS="619" HPOS="769"/>
<SP HEIGHT="36" WIDTH="26" VPOS="630" HPOS="851"/>
<String CONTENT="aff." HEIGHT="39" WIDTH="80" VPOS="619" HPOS="878"/>
<SP HEIGHT="38" WIDTH="24" VPOS="619" HPOS="959"/>
<String CONTENT="Nov." HEIGHT="39" WIDTH="117" VPOS="619" HPOS="984"/>
<SP HEIGHT="37" WIDTH="25" VPOS="620" HPOS="1102"/>
<String CS="1" CONTENT="17;" HEIGHT="38" WIDTH="54" VPOS="619" HPOS="1128"/>
<SP HEIGHT="48" WIDTH="26" VPOS="617" HPOS="1211"/>
<!-- cceid F2987944-6E8D-1014-9CF5-AEB3FCA41D69 --><String CONTENT="A" HEIGHT="39" WIDTH="41" VPOS="617" HPOS="1238"/>
<SP HEIGHT="40" WIDTH="20" VPOS="617" HPOS="1280"/>
<String CS="1" CONTENT="44799;" HEIGHT="41" WIDTH="149" VPOS="616" HPOS="1301"/>
<SP HEIGHT="47" WIDTH="27" VPOS="617" HPOS="1474"/>
<String CONTENT="University" HEIGHT="49" WIDTH="282" VPOS="614" HPOS="1502"/>
<SP HEIGHT="37" WIDTH="24" VPOS="626" HPOS="1785"/>
<String CONTENT="of" HEIGHT="42" WIDTH="53" VPOS="613" HPOS="1810"/>
<SP HEIGHT="40" WIDTH="22" VPOS="613" HPOS="1864"/>
<String CONTENT="North" HEIGHT="40" WIDTH="157" VPOS="614" HPOS="1887"/>
</TextLine>
<TextLine HEIGHT="52" WIDTH="752" VPOS="675" HPOS="125">
<String CONTENT="Carolina" HEIGHT="42" WIDTH="227" VPOS="680" HPOS="125"/>
<SP HEIGHT="37" WIDTH="26" VPOS="690" HPOS="353"/>
<String CONTENT="press." HEIGHT="39" WIDTH="148" VPOS="688" HPOS="380"/>
<SP HEIGHT="47" WIDTH="69" VPOS="678" HPOS="529"/>
<String CONTENT="(31-33752)" HEIGHT="50" WIDTH="278" VPOS="675" HPOS="599"/>
</TextLine>
<TextLine HEIGHT="67" WIDTH="1234" VPOS="769" HPOS="52" STYLEREFS="StyleId-8DF924CB-311A-48C4-8A1B-E8AEF97289E7-" CS="1">
<String CS="1" CONTENT="Macmunn," HEIGHT="62" WIDTH="335" VPOS="774" HPOS="52"/>
<SP HEIGHT="62" WIDTH="25" VPOS="774" HPOS="388"/>
<String CONTENT="Sir" HEIGHT="51" WIDTH="100" VPOS="774" HPOS="414"/>
<SP HEIGHT="54" WIDTH="24" VPOS="771" HPOS="515"/>
<String CONTENT="George" HEIGHT="62" WIDTH="226" VPOS="771" HPOS="540"/>
<SP HEIGHT="52" WIDTH="26" VPOS="770" HPOS="767"/>
<String CONTENT="Fletcher," HEIGHT="64" WIDTH="290" VPOS="769" HPOS="794"/>
<SP HEIGHT="58" WIDTH="29" VPOS="775" HPOS="1085"/>
<String CONTENT="1869-" HEIGHT="49" WIDTH="171" VPOS="773" HPOS="1115"/>
</TextLine>
<TextLine HEIGHT="72" WIDTH="1926" VPOS="843" HPOS="122" STYLEREFS="StyleId-8DF924CB-311A-48C4-8A1B-E8AEF97289E7-">
<String CONTENT="The" HEIGHT="52" WIDTH="119" VPOS="852" HPOS="122"/>
<SP HEIGHT="33" WIDTH="24" VPOS="871" HPOS="242"/>
<String CONTENT="romance" HEIGHT="35" WIDTH="261" VPOS="868" HPOS="267"/>
<SP HEIGHT="33" WIDTH="24" VPOS="869" HPOS="529"/>
<String CONTENT="of" HEIGHT="54" WIDTH="63" VPOS="848" HPOS="554"/>
<SP HEIGHT="52" WIDTH="21" VPOS="848" HPOS="618"/>
<String CONTENT="the" HEIGHT="52" WIDTH="95" VPOS="849" HPOS="640"/>
<SP HEIGHT="52" WIDTH="24" VPOS="849" HPOS="736"/>
<String CONTENT="Indian" HEIGHT="52" WIDTH="212" VPOS="848" HPOS="761"/>
<SP HEIGHT="53" WIDTH="25" VPOS="847" HPOS="974"/>
<String CONTENT="frontiers," HEIGHT="68" WIDTH="291" VPOS="847" HPOS="1000"/>
<SP HEIGHT="68" WIDTH="21" VPOS="847" HPOS="1292"/>
<String CONTENT="by" HEIGHT="68" WIDTH="75" VPOS="847" HPOS="1314"/>
<SP HEIGHT="70" WIDTH="23" VPOS="845" HPOS="1390"/>
<String CONTENT="Lt.-Gen." HEIGHT="54" WIDTH="260" VPOS="845" HPOS="1414"/>
<SP HEIGHT="55" WIDTH="30" VPOS="844" HPOS="1675"/>
<String CONTENT="Sir" HEIGHT="55" WIDTH="94" VPOS="844" HPOS="1706"/>
<SP HEIGHT="54" WIDTH="25" VPOS="843" HPOS="1801"/>
<String CONTENT="George" HEIGHT="68" WIDTH="221" VPOS="843" HPOS="1827"/>
</TextLine>
<TextLine HEIGHT="70" WIDTH="1566" VPOS="923" HPOS="54" STYLEREFS="StyleId-8DF924CB-311A-48C4-8A1B-E8AEF97289E7-" CS="1">
<String CS="1" CONTENT="Macmunn" HEIGHT="53" WIDTH="316" VPOS="930" HPOS="54"/>
<SP HEIGHT="33" WIDTH="32" VPOS="949" HPOS="371"/>
<String CS="1" CONTENT="&#8230;"/>
<SP HEIGHT="51" WIDTH="77" VPOS="928" HPOS="460"/>
<String CONTENT="London" HEIGHT="51" WIDTH="239" VPOS="927" HPOS="538"/>
<SP HEIGHT="50" WIDTH="25" VPOS="928" HPOS="778"/>
<String CONTENT="&amp;" HEIGHT="49" WIDTH="46" VPOS="928" HPOS="804"/>
<SP HEIGHT="51" WIDTH="23" VPOS="926" HPOS="851"/>
<String CONTENT="Toronto," HEIGHT="67" WIDTH="271" VPOS="926" HPOS="875"/>
<SP HEIGHT="69" WIDTH="26" VPOS="924" HPOS="1147"/>
<String CONTENT="J." HEIGHT="54" WIDTH="56" VPOS="924" HPOS="1174"/>
<SP HEIGHT="54" WIDTH="28" VPOS="923" HPOS="1231"/>
<String CONTENT="Cape" HEIGHT="68" WIDTH="157" VPOS="923" HPOS="1260"/>
<SP HEIGHT="48" WIDTH="31" VPOS="942" HPOS="1418"/>
<String CONTENT="[1931]" HEIGHT="64" WIDTH="170" VPOS="926" HPOS="1450"/>
</TextLine>
<TextLine HEIGHT="55" WIDTH="1753" VPOS="1002" HPOS="126" CS="1">
<String CONTENT="2" HEIGHT="38" WIDTH="28" VPOS="1010" HPOS="126"/>
<SP/>
<String LANG="fr" CONTENT="p." HEIGHT="36" WIDTH="41" VPOS="1021" HPOS="181"/>
<SP/>
<String LANG="fr" CS="1" CONTENT="l."/>
<String CONTENT="," HEIGHT="18" WIDTH="10" VPOS="1039" HPOS="289"/>
<SP HEIGHT="50" WIDTH="26" VPOS="1007" HPOS="300"/>
<String CONTENT="9-351," HEIGHT="48" WIDTH="157" VPOS="1007" HPOS="327"/>
<SP HEIGHT="29" WIDTH="34" VPOS="1027" HPOS="485"/>
<String CONTENT="[1]" HEIGHT="48" WIDTH="53" VPOS="1008" HPOS="520"/>
<SP HEIGHT="38" WIDTH="30" VPOS="1018" HPOS="574"/>
<String CONTENT="p." HEIGHT="36" WIDTH="41" VPOS="1018" HPOS="605"/>
<SP HEIGHT="39" WIDTH="29" VPOS="1006" HPOS="647"/>
<String CONTENT="incl." HEIGHT="40" WIDTH="111" VPOS="1006" HPOS="677"/>
<SP HEIGHT="30" WIDTH="27" VPOS="1016" HPOS="789"/>
<String CS="1" CONTENT="maps." HEIGHT="38" WIDTH="138" VPOS="1015" HPOS="817"/>
<SP HEIGHT="40" WIDTH="59" VPOS="1004" HPOS="970"/>
<String CONTENT="front.," HEIGHT="48" WIDTH="164" VPOS="1004" HPOS="1030"/>
<SP HEIGHT="37" WIDTH="31" VPOS="1015" HPOS="1195"/>
<String CONTENT="plates," HEIGHT="47" WIDTH="169" VPOS="1005" HPOS="1227"/>
<SP HEIGHT="49" WIDTH="31" VPOS="1003" HPOS="1397"/>
<String CONTENT="fold." HEIGHT="40" WIDTH="117" VPOS="1003" HPOS="1429"/>
<SP HEIGHT="29" WIDTH="30" VPOS="1014" HPOS="1547"/>
<String CONTENT="map." HEIGHT="39" WIDTH="124" VPOS="1012" HPOS="1578"/>
<SP HEIGHT="40" WIDTH="59" VPOS="1002" HPOS="1703"/>
<String CONTENT="23" HEIGHT="40" WIDTH="55" VPOS="1002" HPOS="1763"/>
<String STYLE="superscript" CS="1" CONTENT="&#7580;&#7504;"/>
<String CONTENT="." HEIGHT="9" WIDTH="8" VPOS="1032" HPOS="1871"/>
</TextLine>
<TextLine HEIGHT="53" WIDTH="1587" VPOS="1074" HPOS="58" CS="1">
<String CONTENT="&#169;" HEIGHT="51" WIDTH="52" VPOS="1076" HPOS="58"/>
<SP/>
<String CS="1" CONTENT="1c."/>
<SP HEIGHT="41" WIDTH="21" VPOS="1080" HPOS="201"/>
<String CONTENT="Dec." HEIGHT="39" WIDTH="112" VPOS="1080" HPOS="223"/>
<SP HEIGHT="41" WIDTH="21" VPOS="1078" HPOS="336"/>
<String CONTENT="3," HEIGHT="47" WIDTH="41" VPOS="1078" HPOS="358"/>
<SP HEIGHT="46" WIDTH="21" VPOS="1079" HPOS="400"/>
<String CS="1" CONTENT="1931;" HEIGHT="41" WIDTH="113" VPOS="1076" HPOS="422"/>
<SP HEIGHT="46" WIDTH="25" VPOS="1077" HPOS="562"/>
<!-- cceid F2989BB3-6E8D-1014-9CF5-AEB3FCA41D69 --><String CONTENT="A" HEIGHT="38" WIDTH="42" VPOS="1077" HPOS="588"/>
<SP HEIGHT="40" WIDTH="20" VPOS="1077" HPOS="631"/>
<String CONTENT="ad" HEIGHT="39" WIDTH="61" VPOS="1078" HPOS="652"/>
<SP HEIGHT="40" WIDTH="20" VPOS="1076" HPOS="714"/>
<String CONTENT="int." HEIGHT="40" WIDTH="85" VPOS="1076" HPOS="735"/>
<SP HEIGHT="38" WIDTH="21" VPOS="1078" HPOS="821"/>
<String CS="1" CONTENT="15782;" HEIGHT="41" WIDTH="142" VPOS="1074" HPOS="843"/>
<SP HEIGHT="37" WIDTH="22" VPOS="1086" HPOS="1014"/>
<String CONTENT="pubd." HEIGHT="48" WIDTH="142" VPOS="1075" HPOS="1037"/>
<SP HEIGHT="41" WIDTH="25" VPOS="1074" HPOS="1180"/>
<String CONTENT="Oct" HEIGHT="41" WIDTH="91" VPOS="1074" HPOS="1206"/>
<SP HEIGHT="41" WIDTH="18" VPOS="1074" HPOS="1298"/>
<String CS="1" CONTENT="5;" HEIGHT="40" WIDTH="29" VPOS="1074" HPOS="1317"/>
<SP HEIGHT="48" WIDTH="24" VPOS="1074" HPOS="1370"/>
<String CONTENT="Jonathan" HEIGHT="41" WIDTH="250" VPOS="1074" HPOS="1395"/>
</TextLine>
<TextLine HEIGHT="112" WIDTH="1903" VPOS="1070" HPOS="128" CS="1">
<String CONTENT="Cape" HEIGHT="48" WIDTH="129" VPOS="1074" HPOS="1669"/>
<SP HEIGHT="40" WIDTH="20" VPOS="1073" HPOS="1799"/>
<String CONTENT="&amp;" HEIGHT="40" WIDTH="37" VPOS="1073" HPOS="1820"/>
<SP HEIGHT="40" WIDTH="21" VPOS="1073" HPOS="1858"/>
<String CONTENT="Harrison" HEIGHT="106" WIDTH="1903" VPOS="1070" HPOS="128"/>
<SP HEIGHT="40" WIDTH="28" VPOS="1136" HPOS="216"/>
<String CONTENT="Smith," HEIGHT="47" WIDTH="169" VPOS="1135" HPOS="245"/>
<SP HEIGHT="48" WIDTH="28" VPOS="1134" HPOS="415"/>
<String CONTENT="inc.," HEIGHT="48" WIDTH="104" VPOS="1134" HPOS="444"/>
<SP HEIGHT="48" WIDTH="28" VPOS="1134" HPOS="549"/>
<String CONTENT="New" HEIGHT="39" WIDTH="117" VPOS="1134" HPOS="578"/>
<SP HEIGHT="39" WIDTH="25" VPOS="1134" HPOS="696"/>
<String CONTENT="York." HEIGHT="39" WIDTH="142" VPOS="1133" HPOS="722"/>
</TextLine>
<TextLine HEIGHT="67" WIDTH="914" VPOS="1227" HPOS="57" STYLEREFS="StyleId-8DF924CB-311A-48C4-8A1B-E8AEF97289E7-">
<String CONTENT="Matthews," HEIGHT="64" WIDTH="339" VPOS="1230" HPOS="57"/>
<SP HEIGHT="65" WIDTH="28" VPOS="1229" HPOS="397"/>
<String CONTENT="Florence" HEIGHT="53" WIDTH="276" VPOS="1228" HPOS="426"/>
<SP HEIGHT="51" WIDTH="29" VPOS="1228" HPOS="703"/>
<String CONTENT="Esther." HEIGHT="54" WIDTH="238" VPOS="1227" HPOS="733"/>
</TextLine>
<TextLine HEIGHT="71" WIDTH="1927" VPOS="1304" HPOS="129" STYLEREFS="StyleId-8DF924CB-311A-48C4-8A1B-E8AEF97289E7-" CS="1">
<String CONTENT="Experiencing" HEIGHT="69" WIDTH="425" VPOS="1306" HPOS="129"/>
<SP HEIGHT="66" WIDTH="20" VPOS="1308" HPOS="555"/>
<String CS="1" CONTENT="literature;" HEIGHT="52" WIDTH="295" VPOS="1306" HPOS="576"/>
<SP HEIGHT="48" WIDTH="27" VPOS="1324" HPOS="900"/>
<String CONTENT="a" HEIGHT="33" WIDTH="31" VPOS="1324" HPOS="928"/>
<SP HEIGHT="51" WIDTH="23" VPOS="1306" HPOS="960"/>
<String CONTENT="handbook" HEIGHT="53" WIDTH="306" VPOS="1304" HPOS="984"/>
<SP HEIGHT="52" WIDTH="23" VPOS="1304" HPOS="1291"/>
<String CONTENT="for" HEIGHT="53" WIDTH="93" VPOS="1304" HPOS="1315"/>
<SP HEIGHT="49" WIDTH="25" VPOS="1323" HPOS="1409"/>
<String CONTENT="primary" HEIGHT="69" WIDTH="258" VPOS="1304" HPOS="1435"/>
<SP HEIGHT="64" WIDTH="23" VPOS="1309" HPOS="1694"/>
<String CONTENT="teachers" HEIGHT="53" WIDTH="253" VPOS="1304" HPOS="1718"/>
<SP HEIGHT="46" WIDTH="25" VPOS="1309" HPOS="1972"/>
<String CONTENT="to" HEIGHT="48" WIDTH="58" VPOS="1309" HPOS="1998"/>
</TextLine>
<TextLine HEIGHT="72" WIDTH="1995" VPOS="1380" HPOS="59" STYLEREFS="StyleId-8DF924CB-311A-48C4-8A1B-E8AEF97289E7-" CS="1">
<String CONTENT="accompany" HEIGHT="50" WIDTH="344" VPOS="1402" HPOS="59"/>
<SP HEIGHT="68" WIDTH="28" VPOS="1384" HPOS="404"/>
<String CONTENT="My" HEIGHT="68" WIDTH="102" VPOS="1384" HPOS="433"/>
<SP HEIGHT="68" WIDTH="25" VPOS="1384" HPOS="536"/>
<String CONTENT="bookhouse," HEIGHT="68" WIDTH="338" VPOS="1382" HPOS="562"/>
<SP HEIGHT="66" WIDTH="24" VPOS="1384" HPOS="901"/>
<String CONTENT="by" HEIGHT="67" WIDTH="75" VPOS="1384" HPOS="926"/>
<SP HEIGHT="69" WIDTH="29" VPOS="1382" HPOS="1002"/>
<String CONTENT="Florence" HEIGHT="52" WIDTH="273" VPOS="1382" HPOS="1032"/>
<SP HEIGHT="52" WIDTH="27" VPOS="1382" HPOS="1306"/>
<String CONTENT="E." HEIGHT="53" WIDTH="70" VPOS="1382" HPOS="1334"/>
<SP HEIGHT="54" WIDTH="27" VPOS="1381" HPOS="1405"/>
<String CONTENT="Matthews" HEIGHT="54" WIDTH="310" VPOS="1381" HPOS="1433"/>
<SP HEIGHT="34" WIDTH="31" VPOS="1401" HPOS="1744"/>
<String CS="1" CONTENT="&#8230;"/>
<SP HEIGHT="33" WIDTH="30" VPOS="1402" HPOS="1834"/>
<String CONTENT="edited" HEIGHT="55" WIDTH="189" VPOS="1380" HPOS="1865"/>
</TextLine>
<TextLine HEIGHT="74" WIDTH="1996" VPOS="1458" HPOS="59" STYLEREFS="StyleId-8DF924CB-311A-48C4-8A1B-E8AEF97289E7-">
<String CONTENT="by" HEIGHT="67" WIDTH="75" VPOS="1465" HPOS="59"/>
<SP HEIGHT="69" WIDTH="21" VPOS="1463" HPOS="135"/>
<String CONTENT="Rebecca" HEIGHT="52" WIDTH="244" VPOS="1462" HPOS="157"/>
<SP HEIGHT="52" WIDTH="25" VPOS="1462" HPOS="402"/>
<String CONTENT="J." HEIGHT="52" WIDTH="54" VPOS="1462" HPOS="428"/>
<SP HEIGHT="54" WIDTH="26" VPOS="1461" HPOS="483"/>
<String CONTENT="Coffin." HEIGHT="57" WIDTH="192" VPOS="1458" HPOS="510"/>
<SP HEIGHT="53" WIDTH="56" VPOS="1460" HPOS="703"/>
<String CONTENT="With" HEIGHT="52" WIDTH="163" VPOS="1460" HPOS="760"/>
<SP HEIGHT="51" WIDTH="20" VPOS="1460" HPOS="924"/>
<String CONTENT="annotated" HEIGHT="52" WIDTH="308" VPOS="1460" HPOS="945"/>
<SP HEIGHT="52" WIDTH="22" VPOS="1460" HPOS="1254"/>
<String CONTENT="list" HEIGHT="53" WIDTH="99" VPOS="1459" HPOS="1277"/>
<SP HEIGHT="49" WIDTH="20" VPOS="1463" HPOS="1377"/>
<String CONTENT="of" HEIGHT="53" WIDTH="64" VPOS="1459" HPOS="1398"/>
<SP HEIGHT="54" WIDTH="20" VPOS="1459" HPOS="1463"/>
<String CONTENT="stories" HEIGHT="54" WIDTH="200" VPOS="1459" HPOS="1484"/>
<SP HEIGHT="53" WIDTH="22" VPOS="1459" HPOS="1685"/>
<String CONTENT="from" HEIGHT="52" WIDTH="154" VPOS="1459" HPOS="1708"/>
<SP HEIGHT="34" WIDTH="21" VPOS="1477" HPOS="1863"/>
<String CONTENT="many" HEIGHT="50" WIDTH="170" VPOS="1478" HPOS="1885"/>
</TextLine>
<TextLine HEIGHT="69" WIDTH="1934" VPOS="1536" HPOS="62" STYLEREFS="StyleId-8DF924CB-311A-48C4-8A1B-E8AEF97289E7-" CS="1">
<String CONTENT="sources" HEIGHT="35" WIDTH="220" VPOS="1558" HPOS="62"/>
<SP HEIGHT="54" WIDTH="38" VPOS="1538" HPOS="283"/>
<String CONTENT="for" HEIGHT="53" WIDTH="92" VPOS="1538" HPOS="322"/>
<SP HEIGHT="34" WIDTH="36" VPOS="1556" HPOS="415"/>
<String CONTENT="use" HEIGHT="34" WIDTH="94" VPOS="1556" HPOS="452"/>
<SP HEIGHT="52" WIDTH="37" VPOS="1538" HPOS="547"/>
<String CONTENT="in" HEIGHT="51" WIDTH="59" VPOS="1538" HPOS="585"/>
<SP HEIGHT="45" WIDTH="36" VPOS="1543" HPOS="645"/>
<String CONTENT="the" HEIGHT="50" WIDTH="96" VPOS="1539" HPOS="682"/>
<SP HEIGHT="48" WIDTH="33" VPOS="1556" HPOS="779"/>
<String CONTENT="primary" HEIGHT="68" WIDTH="259" VPOS="1537" HPOS="813"/>
<SP HEIGHT="50" WIDTH="35" VPOS="1555" HPOS="1073"/>
<String CONTENT="grades," HEIGHT="68" WIDTH="221" VPOS="1537" HPOS="1109"/>
<SP HEIGHT="65" WIDTH="33" VPOS="1537" HPOS="1331"/>
<String CONTENT="by" HEIGHT="68" WIDTH="76" VPOS="1537" HPOS="1365"/>
<SP HEIGHT="69" WIDTH="36" VPOS="1536" HPOS="1442"/>
<String CONTENT="Eloise" HEIGHT="54" WIDTH="192" VPOS="1536" HPOS="1479"/>
<SP HEIGHT="54" WIDTH="35" VPOS="1536" HPOS="1672"/>
<String CONTENT="Ramsey" HEIGHT="68" WIDTH="245" VPOS="1536" HPOS="1708"/>
<SP HEIGHT="49" WIDTH="42" VPOS="1555" HPOS="1954"/>
<String CS="1" CONTENT="&#8230;"/>
</TextLine>
<TextLine HEIGHT="72" WIDTH="1701" VPOS="1612" HPOS="62" STYLEREFS="StyleId-8DF924CB-311A-48C4-8A1B-E8AEF97289E7-" CS="1">
<String CONTENT="Chicago," HEIGHT="67" WIDTH="268" VPOS="1616" HPOS="62"/>
<SP HEIGHT="57" WIDTH="25" VPOS="1617" HPOS="331"/>
<String CONTENT="Toronto," HEIGHT="67" WIDTH="271" VPOS="1617" HPOS="357"/>
<SP HEIGHT="70" WIDTH="23" VPOS="1614" HPOS="629"/>
<String CONTENT="The" HEIGHT="53" WIDTH="120" VPOS="1614" HPOS="653"/>
<SP HEIGHT="51" WIDTH="26" VPOS="1616" HPOS="774"/>
<String CONTENT="Bookhouse" HEIGHT="53" WIDTH="336" VPOS="1614" HPOS="801"/>
<SP HEIGHT="53" WIDTH="25" VPOS="1614" HPOS="1138"/>
<String CONTENT="for" HEIGHT="52" WIDTH="92" VPOS="1614" HPOS="1164"/>
<SP HEIGHT="35" WIDTH="24" VPOS="1631" HPOS="1257"/>
<String CONTENT="children" HEIGHT="55" WIDTH="259" VPOS="1612" HPOS="1282"/>
<SP HEIGHT="47" WIDTH="29" VPOS="1633" HPOS="1542"/>
<String CONTENT="[" HEIGHT="34" WIDTH="12" VPOS="1646" HPOS="1572"/>
<String STYLE="superscript" CS="1" CONTENT="&#7580;193"/>
<String CONTENT="1]" HEIGHT="62" WIDTH="46" VPOS="1619" HPOS="1717"/>
</TextLine>
<TextLine HEIGHT="53" WIDTH="948" VPOS="1693" HPOS="129" CS="1">
<String CONTENT="3" HEIGHT="40" WIDTH="26" VPOS="1698" HPOS="129"/>
<SP HEIGHT="48" WIDTH="26" VPOS="1698" HPOS="156"/>
<String LANG="fr" CONTENT="p." HEIGHT="38" WIDTH="42" VPOS="1708" HPOS="183"/>
<SP/>
<String LANG="fr" CS="1" CONTENT="l."/>
<String CONTENT="," HEIGHT="16" WIDTH="9" VPOS="1728" HPOS="289"/>
<SP HEIGHT="29" WIDTH="31" VPOS="1716" HPOS="299"/>
<String CONTENT="[11]-123" HEIGHT="50" WIDTH="202" VPOS="1695" HPOS="331"/>
<SP HEIGHT="48" WIDTH="28" VPOS="1695" HPOS="534"/>
<String CONTENT="p." HEIGHT="37" WIDTH="42" VPOS="1706" HPOS="563"/>
<SP HEIGHT="42" WIDTH="62" VPOS="1694" HPOS="606"/>
<String CONTENT="illus.," HEIGHT="49" WIDTH="141" VPOS="1694" HPOS="669"/>
<SP/>
<String CS="1" CONTENT="pl."/>
<SP HEIGHT="40" WIDTH="58" VPOS="1693" HPOS="902"/>
<String CONTENT="24" HEIGHT="41" WIDTH="57" VPOS="1693" HPOS="961"/>
<String STYLE="superscript" CS="1" CONTENT="&#7580;&#7504;"/>
<String CONTENT="." HEIGHT="7" WIDTH="8" VPOS="1726" HPOS="1069"/>
</TextLine>
<TextLine HEIGHT="48" WIDTH="1148" VPOS="1751" HPOS="133" CS="1">
<String CONTENT="&#8220;Reference" HEIGHT="40" WIDTH="292" VPOS="1754" HPOS="133"/>
<SP HEIGHT="39" WIDTH="30" VPOS="1753" HPOS="426"/>
<String CONTENT="list" HEIGHT="40" WIDTH="82" VPOS="1752" HPOS="457"/>
<SP HEIGHT="39" WIDTH="29" VPOS="1753" HPOS="540"/>
<String CONTENT="for" HEIGHT="38" WIDTH="79" VPOS="1753" HPOS="570"/>
<SP HEIGHT="37" WIDTH="29" VPOS="1755" HPOS="650"/>
<String CS="1" CONTENT="teachers&#8221;:" HEIGHT="41" WIDTH="248" VPOS="1751" HPOS="680"/>
<SP HEIGHT="37" WIDTH="32" VPOS="1762" HPOS="957"/>
<String CONTENT="p." HEIGHT="37" WIDTH="42" VPOS="1762" HPOS="990"/>
<SP HEIGHT="38" WIDTH="32" VPOS="1754" HPOS="1033"/>
<String CONTENT="121-123." HEIGHT="42" WIDTH="215" VPOS="1751" HPOS="1066"/>
</TextLine>
<TextLine HEIGHT="52" WIDTH="1989" VPOS="1820" HPOS="66" CS="1">
<String CONTENT="&#169;" HEIGHT="52" WIDTH="52" VPOS="1820" HPOS="66"/>
<SP HEIGHT="52" WIDTH="26" VPOS="1820" HPOS="119"/>
<String CONTENT="Sept." HEIGHT="48" WIDTH="126" VPOS="1824" HPOS="146"/>
<SP HEIGHT="38" WIDTH="23" VPOS="1825" HPOS="273"/>
<String CONTENT="12," HEIGHT="47" WIDTH="70" VPOS="1823" HPOS="297"/>
<SP HEIGHT="45" WIDTH="21" VPOS="1825" HPOS="368"/>
<String CS="1" CONTENT="1931;" HEIGHT="41" WIDTH="113" VPOS="1822" HPOS="390"/>
<SP HEIGHT="41" WIDTH="25" VPOS="1823" HPOS="532"/>
<String CONTENT="2c." HEIGHT="41" WIDTH="67" VPOS="1823" HPOS="558"/>
<SP HEIGHT="30" WIDTH="23" VPOS="1834" HPOS="626"/>
<String CONTENT="and" HEIGHT="39" WIDTH="95" VPOS="1823" HPOS="650"/>
<SP HEIGHT="39" WIDTH="24" VPOS="1823" HPOS="746"/>
<String CONTENT="aff." HEIGHT="42" WIDTH="80" VPOS="1822" HPOS="771"/>
<SP HEIGHT="42" WIDTH="27" VPOS="1822" HPOS="852"/>
<String CONTENT="Sept." HEIGHT="48" WIDTH="127" VPOS="1822" HPOS="880"/>
<SP HEIGHT="37" WIDTH="25" VPOS="1824" HPOS="1008"/>
<String CS="1" CONTENT="17;" HEIGHT="39" WIDTH="54" VPOS="1824" HPOS="1034"/>
<SP HEIGHT="47" WIDTH="27" VPOS="1823" HPOS="1116"/>
<!-- cceid F298BE01-6E8D-1014-9CF5-AEB3FCA41D69 --><String CONTENT="A" HEIGHT="38" WIDTH="41" VPOS="1823" HPOS="1144"/>
<SP HEIGHT="38" WIDTH="21" VPOS="1823" HPOS="1186"/>
<String CS="1" CONTENT="41684;" HEIGHT="40" WIDTH="147" VPOS="1822" HPOS="1208"/>
<SP HEIGHT="47" WIDTH="26" VPOS="1823" HPOS="1381"/>
<String CONTENT="Bookhouse" HEIGHT="41" WIDTH="288" VPOS="1823" HPOS="1408"/>
<SP HEIGHT="40" WIDTH="21" VPOS="1823" HPOS="1697"/>
<String CONTENT="for" HEIGHT="40" WIDTH="80" VPOS="1823" HPOS="1719"/>
<SP HEIGHT="29" WIDTH="24" VPOS="1834" HPOS="1800"/>
<String CONTENT="children." HEIGHT="41" WIDTH="230" VPOS="1822" HPOS="1825"/>
</TextLine>
<TextLine HEIGHT="50" WIDTH="528" VPOS="1879" HPOS="146" CS="1">
<String CS="1" CONTENT="(CA" HEIGHT="48" WIDTH="14" VPOS="1881" HPOS="146"/>
<SP/>
<String CONTENT="31-990" HEIGHT="41" WIDTH="175" VPOS="1879" HPOS="246"/>
<SP HEIGHT="41" WIDTH="15" VPOS="1879" HPOS="422"/>
<String CONTENT="Unrev&#8217;d)" HEIGHT="49" WIDTH="236" VPOS="1879" HPOS="438"/>
</TextLine>
<TextLine HEIGHT="64" WIDTH="615" VPOS="1975" HPOS="64" STYLEREFS="StyleId-8DF924CB-311A-48C4-8A1B-E8AEF97289E7-">
<String CONTENT="Mazur," HEIGHT="62" WIDTH="223" VPOS="1977" HPOS="64"/>
<SP HEIGHT="64" WIDTH="27" VPOS="1975" HPOS="288"/>
<String CONTENT="Paul" HEIGHT="52" WIDTH="146" VPOS="1975" HPOS="316"/>
<SP HEIGHT="52" WIDTH="27" VPOS="1975" HPOS="463"/>
<String CONTENT="Myer." HEIGHT="62" WIDTH="188" VPOS="1976" HPOS="491"/>
</TextLine>
<TextLine HEIGHT="70" WIDTH="1861" VPOS="2052" HPOS="196" STYLEREFS="StyleId-8DF924CB-311A-48C4-8A1B-E8AEF97289E7-" CS="1">
<String CS="1" CONTENT="&#8230;"/>
<SP HEIGHT="53" WIDTH="38" VPOS="2053" HPOS="196"/>
<String CONTENT="New" HEIGHT="53" WIDTH="139" VPOS="2053" HPOS="235"/>
<SP HEIGHT="32" WIDTH="32" VPOS="2072" HPOS="375"/>
<String CONTENT="roads" HEIGHT="51" WIDTH="167" VPOS="2055" HPOS="408"/>
<SP HEIGHT="48" WIDTH="33" VPOS="2058" HPOS="576"/>
<String CONTENT="to" HEIGHT="48" WIDTH="58" VPOS="2058" HPOS="610"/>
<SP HEIGHT="49" WIDTH="33" VPOS="2071" HPOS="669"/>
<String CONTENT="prosperity;" HEIGHT="68" WIDTH="353" VPOS="2052" HPOS="703"/>
<SP HEIGHT="62" WIDTH="35" VPOS="2057" HPOS="1057"/>
<String CONTENT="the" HEIGHT="53" WIDTH="96" VPOS="2053" HPOS="1093"/>
<SP HEIGHT="34" WIDTH="33" VPOS="2072" HPOS="1190"/>
<String CONTENT="crisis" HEIGHT="55" WIDTH="161" VPOS="2052" HPOS="1224"/>
<SP HEIGHT="34" WIDTH="33" VPOS="2073" HPOS="1386"/>
<String CONTENT="and" HEIGHT="51" WIDTH="112" VPOS="2056" HPOS="1420"/>
<SP HEIGHT="51" WIDTH="35" VPOS="2056" HPOS="1533"/>
<String CONTENT="some" HEIGHT="34" WIDTH="150" VPOS="2072" HPOS="1569"/>
<SP HEIGHT="33" WIDTH="35" VPOS="2073" HPOS="1720"/>
<String CONTENT="ways" HEIGHT="50" WIDTH="152" VPOS="2072" HPOS="1756"/>
<SP HEIGHT="35" WIDTH="36" VPOS="2073" HPOS="1909"/>
<String CONTENT="out." HEIGHT="47" WIDTH="111" VPOS="2060" HPOS="1946"/>
</TextLine>
<TextLine HEIGHT="70" WIDTH="1121" VPOS="2129" HPOS="65" STYLEREFS="StyleId-8DF924CB-311A-48C4-8A1B-E8AEF97289E7-">
<String CONTENT="New" HEIGHT="53" WIDTH="138" VPOS="2131" HPOS="65"/>
<SP HEIGHT="51" WIDTH="26" VPOS="2131" HPOS="204"/>
<String CONTENT="York," HEIGHT="68" WIDTH="180" VPOS="2131" HPOS="231"/>
<SP HEIGHT="68" WIDTH="24" VPOS="2131" HPOS="412"/>
<String CONTENT="The" HEIGHT="52" WIDTH="123" VPOS="2131" HPOS="437"/>
<SP HEIGHT="53" WIDTH="24" VPOS="2130" HPOS="561"/>
<String CONTENT="Viking" HEIGHT="69" WIDTH="220" VPOS="2129" HPOS="586"/>
<SP HEIGHT="49" WIDTH="23" VPOS="2149" HPOS="807"/>
<String CONTENT="press," HEIGHT="50" WIDTH="175" VPOS="2148" HPOS="831"/>
<SP HEIGHT="62" WIDTH="26" VPOS="2135" HPOS="1007"/>
<String CONTENT="1931." HEIGHT="50" WIDTH="152" VPOS="2133" HPOS="1034"/>
</TextLine>
<TextLine HEIGHT="49" WIDTH="491" VPOS="2209" HPOS="131" STYLEREFS="StyleId-8DF924CB-311A-48C4-8A1B-E8AEF97289E7-" CS="1">
<String CONTENT="xiv," HEIGHT="47" WIDTH="97" VPOS="2211" HPOS="131"/>
<SP HEIGHT="47" WIDTH="30" VPOS="2211" HPOS="229"/>
<String CONTENT="194" HEIGHT="41" WIDTH="86" VPOS="2209" HPOS="260"/>
<SP HEIGHT="47" WIDTH="25" VPOS="2211" HPOS="347"/>
<String CONTENT="p." HEIGHT="38" WIDTH="44" VPOS="2220" HPOS="373"/>
<SP HEIGHT="39" WIDTH="58" VPOS="2210" HPOS="418"/>
<String CS="1" CONTENT="21&#189;&#7580;&#7504;." HEIGHT="39" WIDTH="145" VPOS="2210" HPOS="477"/>
</TextLine>
<TextLine HEIGHT="54" WIDTH="1991" VPOS="2276" HPOS="70" CS="1">
<String CONTENT="&#169;" HEIGHT="52" WIDTH="52" VPOS="2276" HPOS="70"/>
<SP HEIGHT="52" WIDTH="30" VPOS="2276" HPOS="123"/>
<String CONTENT="Dec." HEIGHT="40" WIDTH="112" VPOS="2281" HPOS="154"/>
<SP HEIGHT="39" WIDTH="30" VPOS="2282" HPOS="267"/>
<String CONTENT="7," HEIGHT="46" WIDTH="40" VPOS="2282" HPOS="298"/>
<SP HEIGHT="47" WIDTH="31" VPOS="2281" HPOS="339"/>
<String CS="1" CONTENT="1931;" HEIGHT="41" WIDTH="113" VPOS="2280" HPOS="371"/>
<SP HEIGHT="47" WIDTH="34" VPOS="2280" HPOS="513"/>
<String CONTENT="2c." HEIGHT="42" WIDTH="67" VPOS="2280" HPOS="548"/>
<SP HEIGHT="42" WIDTH="32" VPOS="2280" HPOS="616"/>
<String CONTENT="Dec." HEIGHT="42" WIDTH="111" VPOS="2280" HPOS="649"/>
<SP HEIGHT="41" WIDTH="30" VPOS="2281" HPOS="761"/>
<String CS="1" CONTENT="11;" HEIGHT="39" WIDTH="55" VPOS="2281" HPOS="792"/>
<SP HEIGHT="37" WIDTH="32" VPOS="2291" HPOS="876"/>
<String CONTENT="aff." HEIGHT="41" WIDTH="80" VPOS="2280" HPOS="909"/>
<SP HEIGHT="40" WIDTH="34" VPOS="2281" HPOS="990"/>
<String CONTENT="Dec." HEIGHT="41" WIDTH="112" VPOS="2281" HPOS="1025"/>
<SP HEIGHT="40" WIDTH="33" VPOS="2282" HPOS="1138"/>
<String CS="1" CONTENT="8;" HEIGHT="40" WIDTH="26" VPOS="2282" HPOS="1172"/>
<SP HEIGHT="47" WIDTH="33" VPOS="2281" HPOS="1225"/>
<!-- cceid F298E1CB-6E8D-1014-9CF5-AEB3FCA41D69 --><String CONTENT="A" HEIGHT="40" WIDTH="43" VPOS="2281" HPOS="1259"/>
<SP HEIGHT="40" WIDTH="28" VPOS="2281" HPOS="1303"/>
<String CS="1" CONTENT="46283;" HEIGHT="41" WIDTH="144" VPOS="2281" HPOS="1332"/>
<SP HEIGHT="46" WIDTH="35" VPOS="2283" HPOS="1505"/>
<String LANG="fr" CONTENT="P." HEIGHT="41" WIDTH="49" VPOS="2283" HPOS="1541"/>
<SP HEIGHT="40" WIDTH="35" VPOS="2284" HPOS="1591"/>
<String CONTENT="M." HEIGHT="38" WIDTH="62" VPOS="2284" HPOS="1627"/>
<SP HEIGHT="38" WIDTH="35" VPOS="2284" HPOS="1690"/>
<String CONTENT="Mazur," HEIGHT="46" WIDTH="183" VPOS="2284" HPOS="1726"/>
<SP HEIGHT="46" WIDTH="33" VPOS="2284" HPOS="1910"/>
<String CONTENT="New" HEIGHT="40" WIDTH="117" VPOS="2284" HPOS="1944"/>
</TextLine>
<TextLine HEIGHT="40" WIDTH="143" VPOS="2337" HPOS="137">
<String CONTENT="York." HEIGHT="40" WIDTH="143" VPOS="2337" HPOS="137"/>
</TextLine>
<TextLine HEIGHT="74" WIDTH="2000" VPOS="2430" HPOS="65" STYLEREFS="StyleId-8DF924CB-311A-48C4-8A1B-E8AEF97289E7-" CS="1">
<String CONTENT="Mr." HEIGHT="52" WIDTH="111" VPOS="2431" HPOS="65"/>
<SP HEIGHT="52" WIDTH="35" VPOS="2431" HPOS="177"/>
<String CS="1" CONTENT="Fothergill&#8217;s" HEIGHT="65" WIDTH="381" VPOS="2430" HPOS="213"/>
<SP HEIGHT="54" WIDTH="31" VPOS="2447" HPOS="595"/>
<String CONTENT="plot;" HEIGHT="68" WIDTH="152" VPOS="2433" HPOS="627"/>
<SP HEIGHT="66" WIDTH="34" VPOS="2434" HPOS="780"/>
<String CONTENT="his" HEIGHT="54" WIDTH="89" VPOS="2433" HPOS="815"/>
<SP HEIGHT="35" WIDTH="33" VPOS="2452" HPOS="905"/>
<String CONTENT="conspirators:" HEIGHT="69" WIDTH="414" VPOS="2433" HPOS="939"/>
<SP HEIGHT="52" WIDTH="33" VPOS="2434" HPOS="1354"/>
<String CONTENT="Martin" HEIGHT="55" WIDTH="223" VPOS="2433" HPOS="1388"/>
<SP HEIGHT="53" WIDTH="33" VPOS="2435" HPOS="1612"/>
<String CONTENT="Armstrong&#8212;" HEIGHT="69" WIDTH="419" VPOS="2435" HPOS="1646"/>
</TextLine>
<TextLine HEIGHT="73" WIDTH="1927" VPOS="2505" HPOS="135" STYLEREFS="StyleId-8DF924CB-311A-48C4-8A1B-E8AEF97289E7-" CS="1">
<String LANG="fr" CONTENT="H." HEIGHT="52" WIDTH="79" VPOS="2508" HPOS="135"/>
<SP HEIGHT="53" WIDTH="50" VPOS="2507" HPOS="215"/>
<String CONTENT="R." HEIGHT="55" WIDTH="69" VPOS="2507" HPOS="266"/>
<SP HEIGHT="53" WIDTH="50" VPOS="2509" HPOS="336"/>
<String CONTENT="Barbor&#8212;Elizabeth" HEIGHT="55" WIDTH="599" VPOS="2507" HPOS="387"/>
<SP HEIGHT="57" WIDTH="52" VPOS="2505" HPOS="987"/>
<String CONTENT="Bowen" HEIGHT="58" WIDTH="214" VPOS="2505" HPOS="1040"/>
<SP HEIGHT="49" WIDTH="57" VPOS="2527" HPOS="1255"/>
<String CS="1" CONTENT="[and" HEIGHT="52" WIDTH="114" VPOS="2511" HPOS="1331"/>
<SP HEIGHT="52" WIDTH="51" VPOS="2511" HPOS="1446"/>
<String CONTENT="others]" HEIGHT="69" WIDTH="208" VPOS="2509" HPOS="1498"/>
<SP HEIGHT="35" WIDTH="63" VPOS="2543" HPOS="1707"/>
<String CS="1" CONTENT="&#8230;"/>
<SP HEIGHT="54" WIDTH="92" VPOS="2511" HPOS="1830"/>
<String CONTENT="New" HEIGHT="54" WIDTH="139" VPOS="2511" HPOS="1923"/>
</TextLine>
<TextLine HEIGHT="71" WIDTH="1170" VPOS="2584" HPOS="138" STYLEREFS="StyleId-8DF924CB-311A-48C4-8A1B-E8AEF97289E7-" CS="1">
<String CONTENT="York," HEIGHT="67" WIDTH="179" VPOS="2585" HPOS="138"/>
<SP HEIGHT="68" WIDTH="25" VPOS="2584" HPOS="318"/>
<String CONTENT="Oxford" HEIGHT="56" WIDTH="231" VPOS="2584" HPOS="344"/>
<SP HEIGHT="52" WIDTH="24" VPOS="2586" HPOS="576"/>
<String CONTENT="university" HEIGHT="70" WIDTH="318" VPOS="2585" HPOS="601"/>
<SP HEIGHT="52" WIDTH="23" VPOS="2603" HPOS="920"/>
<String CONTENT="press" HEIGHT="52" WIDTH="159" VPOS="2603" HPOS="944"/>
<SP HEIGHT="49" WIDTH="29" VPOS="2605" HPOS="1104"/>
<String CONTENT="[" HEIGHT="35" WIDTH="14" VPOS="2619" HPOS="1134"/>
<String STYLE="superscript" CS="1" CONTENT="&#7580;193"/>
<String CS="1" CONTENT="1]" HEIGHT="50" WIDTH="27" VPOS="2589" HPOS="1281"/>
</TextLine>
<TextLine HEIGHT="48" WIDTH="507" VPOS="2665" HPOS="134" STYLEREFS="StyleId-8DF924CB-311A-48C4-8A1B-E8AEF97289E7-" CS="1">
<String CONTENT="xxii," HEIGHT="48" WIDTH="117" VPOS="2665" HPOS="134"/>
<SP HEIGHT="48" WIDTH="28" VPOS="2665" HPOS="252"/>
<String CONTENT="363" HEIGHT="41" WIDTH="86" VPOS="2665" HPOS="281"/>
<SP HEIGHT="47" WIDTH="27" VPOS="2666" HPOS="368"/>
<String CONTENT="p." HEIGHT="38" WIDTH="44" VPOS="2675" HPOS="396"/>
<SP HEIGHT="41" WIDTH="54" VPOS="2665" HPOS="441"/>
<String CS="1" CONTENT="20&#189;" HEIGHT="41" WIDTH="57" VPOS="2665" HPOS="496"/>
<String STYLE="superscript" CS="1" CONTENT="&#7580;&#7504;"/>
<String CONTENT="." HEIGHT="9" WIDTH="8" VPOS="2697" HPOS="633"/>
</TextLine>
<TextLine HEIGHT="53" WIDTH="1927" VPOS="2721" HPOS="137">
<String CONTENT="London" HEIGHT="41" WIDTH="199" VPOS="2721" HPOS="137"/>
<SP HEIGHT="30" WIDTH="34" VPOS="2733" HPOS="337"/>
<String CONTENT="edition" HEIGHT="41" WIDTH="184" VPOS="2722" HPOS="372"/>
<SP HEIGHT="48" WIDTH="44" VPOS="2724" HPOS="557"/>
<String CONTENT="(Eyre" HEIGHT="50" WIDTH="151" VPOS="2722" HPOS="602"/>
<SP HEIGHT="31" WIDTH="34" VPOS="2733" HPOS="754"/>
<String CONTENT="and" HEIGHT="39" WIDTH="97" VPOS="2725" HPOS="789"/>
<SP HEIGHT="42" WIDTH="37" VPOS="2722" HPOS="887"/>
<String CONTENT="Spottiswoode)" HEIGHT="52" WIDTH="378" VPOS="2722" HPOS="925"/>
<SP HEIGHT="49" WIDTH="43" VPOS="2725" HPOS="1304"/>
<String CONTENT="has" HEIGHT="41" WIDTH="91" VPOS="2725" HPOS="1348"/>
<SP HEIGHT="38" WIDTH="37" VPOS="2728" HPOS="1440"/>
<String CONTENT="title:" HEIGHT="42" WIDTH="136" VPOS="2724" HPOS="1478"/>
<SP HEIGHT="41" WIDTH="37" VPOS="2725" HPOS="1615"/>
<String CONTENT="The" HEIGHT="41" WIDTH="101" VPOS="2725" HPOS="1653"/>
<SP HEIGHT="40" WIDTH="38" VPOS="2726" HPOS="1755"/>
<String CONTENT="Fothergill" HEIGHT="48" WIDTH="270" VPOS="2726" HPOS="1794"/>
</TextLine>
<TextLine HEIGHT="44" WIDTH="233" VPOS="2778" HPOS="68">
<String CONTENT="omnibus." HEIGHT="44" WIDTH="233" VPOS="2778" HPOS="68"/>
</TextLine>
<TextLine HEIGHT="60" WIDTH="1992" VPOS="2845" HPOS="77" CS="1">
<String CONTENT="&#169;" HEIGHT="53" WIDTH="52" VPOS="2845" HPOS="77"/>
<SP HEIGHT="53" WIDTH="22" VPOS="2845" HPOS="130"/>
<String CONTENT="Nov." HEIGHT="40" WIDTH="117" VPOS="2851" HPOS="153"/>
<SP HEIGHT="39" WIDTH="24" VPOS="2852" HPOS="271"/>
<String CONTENT="19," HEIGHT="50" WIDTH="70" VPOS="2849" HPOS="296"/>
<SP HEIGHT="45" WIDTH="22" VPOS="2854" HPOS="367"/>
<String CS="1" CONTENT="1931;" HEIGHT="41" WIDTH="112" VPOS="2851" HPOS="390"/>
<SP HEIGHT="45" WIDTH="26" VPOS="2853" HPOS="531"/>
<String CONTENT="2c." HEIGHT="40" WIDTH="68" VPOS="2853" HPOS="558"/>
<SP HEIGHT="30" WIDTH="24" VPOS="2863" HPOS="627"/>
<String CONTENT="and" HEIGHT="39" WIDTH="95" VPOS="2853" HPOS="652"/>
<SP HEIGHT="39" WIDTH="24" VPOS="2853" HPOS="748"/>
<String CONTENT="aff." HEIGHT="41" WIDTH="80" VPOS="2852" HPOS="773"/>
<SP HEIGHT="39" WIDTH="25" VPOS="2854" HPOS="854"/>
<String CONTENT="Nov." HEIGHT="41" WIDTH="118" VPOS="2854" HPOS="880"/>
<SP HEIGHT="42" WIDTH="24" VPOS="2853" HPOS="999"/>
<String CS="1" CONTENT="25;" HEIGHT="40" WIDTH="56" VPOS="2853" HPOS="1024"/>
<SP HEIGHT="48" WIDTH="25" VPOS="2853" HPOS="1108"/>
<!-- cceid F29903D0-6E8D-1014-9CF5-AEB3FCA41D69 --><String CONTENT="A" HEIGHT="40" WIDTH="43" VPOS="2853" HPOS="1134"/>
<SP HEIGHT="41" WIDTH="20" VPOS="2853" HPOS="1178"/>
<String CS="1" CONTENT="45199;" HEIGHT="42" WIDTH="145" VPOS="2853" HPOS="1199"/>
<SP HEIGHT="48" WIDTH="29" VPOS="2854" HPOS="1372"/>
<String CONTENT="Oxford" HEIGHT="42" WIDTH="187" VPOS="2854" HPOS="1402"/>
<SP HEIGHT="39" WIDTH="26" VPOS="2857" HPOS="1590"/>
<String CONTENT="univ." HEIGHT="40" WIDTH="129" VPOS="2856" HPOS="1617"/>
<SP HEIGHT="39" WIDTH="26" VPOS="2866" HPOS="1747"/>
<String CONTENT="press," HEIGHT="40" WIDTH="148" VPOS="2865" HPOS="1774"/>
<SP HEIGHT="47" WIDTH="26" VPOS="2858" HPOS="1923"/>
<String CONTENT="New" HEIGHT="39" WIDTH="119" VPOS="2858" HPOS="1950"/>
</TextLine>
<TextLine HEIGHT="51" WIDTH="626" VPOS="2908" HPOS="146">
<String CONTENT="York," HEIGHT="48" WIDTH="143" VPOS="2908" HPOS="146"/>
<SP HEIGHT="48" WIDTH="40" VPOS="2908" HPOS="290"/>
<String CONTENT="inc." HEIGHT="40" WIDTH="90" VPOS="2908" HPOS="331"/>
<SP HEIGHT="48" WIDTH="69" VPOS="2909" HPOS="422"/>
<String CONTENT="(31-33382)" HEIGHT="50" WIDTH="280" VPOS="2909" HPOS="492"/>
</TextLine>
<TextLine HEIGHT="72" WIDTH="1355" VPOS="2998" HPOS="72" STYLEREFS="StyleId-8DF924CB-311A-48C4-8A1B-E8AEF97289E7-">
<String CONTENT="Mitchell-Hedges," HEIGHT="69" WIDTH="546" VPOS="2998" HPOS="72"/>
<SP HEIGHT="63" WIDTH="29" VPOS="3004" HPOS="619"/>
<String CONTENT="Frederick" HEIGHT="55" WIDTH="315" VPOS="3002" HPOS="649"/>
<SP HEIGHT="53" WIDTH="28" VPOS="3005" HPOS="965"/>
<String CONTENT="Albert," HEIGHT="68" WIDTH="229" VPOS="3002" HPOS="994"/>
<SP HEIGHT="58" WIDTH="31" VPOS="3012" HPOS="1224"/>
<String CONTENT="1882-" HEIGHT="50" WIDTH="171" VPOS="3010" HPOS="1256"/>
</TextLine>
<TextLine HEIGHT="76" WIDTH="1927" VPOS="3077" HPOS="138" STYLEREFS="StyleId-8DF924CB-311A-48C4-8A1B-E8AEF97289E7-" CS="1">
<String CONTENT="Land" HEIGHT="54" WIDTH="164" VPOS="3077" HPOS="138"/>
<SP HEIGHT="52" WIDTH="27" VPOS="3078" HPOS="303"/>
<String CONTENT="of" HEIGHT="53" WIDTH="64" VPOS="3077" HPOS="331"/>
<SP HEIGHT="53" WIDTH="23" VPOS="3077" HPOS="396"/>
<String CONTENT="wonder" HEIGHT="52" WIDTH="230" VPOS="3079" HPOS="420"/>
<SP HEIGHT="36" WIDTH="26" VPOS="3097" HPOS="651"/>
<String CONTENT="and" HEIGHT="53" WIDTH="110" VPOS="3080" HPOS="678"/>
<SP HEIGHT="53" WIDTH="28" VPOS="3080" HPOS="789"/>
<String CONTENT="fear," HEIGHT="69" WIDTH="141" VPOS="3080" HPOS="818"/>
<SP HEIGHT="67" WIDTH="25" VPOS="3082" HPOS="960"/>
<String CONTENT="by" HEIGHT="70" WIDTH="75" VPOS="3082" HPOS="986"/>
<SP HEIGHT="69" WIDTH="27" VPOS="3083" HPOS="1062"/>
<String CONTENT="F." HEIGHT="51" WIDTH="65" VPOS="3083" HPOS="1090"/>
<SP HEIGHT="52" WIDTH="28" VPOS="3082" HPOS="1156"/>
<String CONTENT="A." HEIGHT="56" WIDTH="72" VPOS="3082" HPOS="1185"/>
<SP HEIGHT="55" WIDTH="25" VPOS="3083" HPOS="1258"/>
<String CONTENT="Mitchell-Hedges" HEIGHT="70" WIDTH="519" VPOS="3083" HPOS="1284"/>
<SP HEIGHT="36" WIDTH="29" VPOS="3103" HPOS="1804"/>
<String CS="1" CONTENT="&#8230;"/>
<SP HEIGHT="36" WIDTH="32" VPOS="3103" HPOS="1893"/>
<String CONTENT="with" HEIGHT="54" WIDTH="139" VPOS="3083" HPOS="1926"/>
</TextLine>
<TextLine HEIGHT="76" WIDTH="1820" VPOS="3155" HPOS="70" STYLEREFS="StyleId-8DF924CB-311A-48C4-8A1B-E8AEF97289E7-" CS="1">
<String CONTENT="sixty" HEIGHT="69" WIDTH="151" VPOS="3155" HPOS="70"/>
<SP HEIGHT="68" WIDTH="30" VPOS="3156" HPOS="222"/>
<String CONTENT="illustrations" HEIGHT="55" WIDTH="378" VPOS="3155" HPOS="253"/>
<SP HEIGHT="34" WIDTH="31" VPOS="3176" HPOS="632"/>
<String CONTENT="and" HEIGHT="52" WIDTH="112" VPOS="3157" HPOS="664"/>
<SP HEIGHT="55" WIDTH="31" VPOS="3157" HPOS="777"/>
<String CONTENT="a" HEIGHT="33" WIDTH="31" VPOS="3179" HPOS="809"/>
<SP HEIGHT="36" WIDTH="32" VPOS="3176" HPOS="841"/>
<String CONTENT="map." HEIGHT="51" WIDTH="150" VPOS="3176" HPOS="874"/>
<SP HEIGHT="53" WIDTH="68" VPOS="3159" HPOS="1025"/>
<String CONTENT="New" HEIGHT="54" WIDTH="138" VPOS="3159" HPOS="1094"/>
<SP HEIGHT="53" WIDTH="32" VPOS="3160" HPOS="1233"/>
<String CONTENT="York," HEIGHT="70" WIDTH="178" VPOS="3160" HPOS="1266"/>
<SP HEIGHT="69" WIDTH="32" VPOS="3161" HPOS="1445"/>
<String CONTENT="London," HEIGHT="70" WIDTH="256" VPOS="3161" HPOS="1478"/>
<SP HEIGHT="69" WIDTH="32" VPOS="3162" HPOS="1735"/>
<String CONTENT="The" HEIGHT="52" WIDTH="122" VPOS="3162" HPOS="1768"/>
</TextLine>
<TextLine HEIGHT="140" WIDTH="1971" VPOS="3161" HPOS="70" STYLEREFS="StyleId-8DF924CB-311A-48C4-8A1B-E8AEF97289E7-" CS="1">
<String CONTENT="Century" HEIGHT="140" WIDTH="1971" VPOS="3161" HPOS="70"/>
<SP HEIGHT="51" WIDTH="24" VPOS="3250" HPOS="205"/>
<String CONTENT="co." HEIGHT="35" WIDTH="78" VPOS="3250" HPOS="230"/>
<SP HEIGHT="35" WIDTH="31" VPOS="3266" HPOS="309"/>
<String STYLE="subscript" CS="1" CONTENT="[&#7580;193"/>
<String CONTENT="1]" HEIGHT="65" WIDTH="47" VPOS="3236" HPOS="487"/>
</TextLine>
<TextLine HEIGHT="58" WIDTH="1867" VPOS="3311" HPOS="144" CS="1">
<String CONTENT="xviii" HEIGHT="40" WIDTH="120" VPOS="3311" HPOS="144"/>
<SP HEIGHT="48" WIDTH="23" VPOS="3311" HPOS="265"/>
<String LANG="fr" CONTENT="p.," HEIGHT="37" WIDTH="58" VPOS="3322" HPOS="289"/>
<SP HEIGHT="47" WIDTH="23" VPOS="3312" HPOS="348"/>
<String CONTENT="1" HEIGHT="39" WIDTH="24" VPOS="3312" HPOS="372"/>
<SP/>
<String CS="1" CONTENT="l.," HEIGHT="13" WIDTH="9" VPOS="3344" HPOS="457"/>
<SP HEIGHT="44" WIDTH="23" VPOS="3313" HPOS="467"/>
<String CONTENT="265" HEIGHT="41" WIDTH="85" VPOS="3312" HPOS="491"/>
<SP HEIGHT="50" WIDTH="22" VPOS="3312" HPOS="577"/>
<String CONTENT="p." HEIGHT="37" WIDTH="42" VPOS="3325" HPOS="600"/>
<SP/>
<String CS="1" CONTENT="front."/>
<SP HEIGHT="47" WIDTH="28" VPOS="3314" HPOS="843"/>
<String CONTENT="(port.)" HEIGHT="50" WIDTH="172" VPOS="3314" HPOS="872"/>
<SP HEIGHT="48" WIDTH="32" VPOS="3316" HPOS="1045"/>
<String CONTENT="illus." HEIGHT="42" WIDTH="126" VPOS="3316" HPOS="1078"/>
<SP HEIGHT="47" WIDTH="29" VPOS="3317" HPOS="1205"/>
<String CONTENT="(map)" HEIGHT="48" WIDTH="160" VPOS="3317" HPOS="1235"/>
<SP HEIGHT="49" WIDTH="34" VPOS="3318" HPOS="1396"/>
<String CONTENT="plates." HEIGHT="49" WIDTH="171" VPOS="3318" HPOS="1431"/>
<SP HEIGHT="41" WIDTH="52" VPOS="3320" HPOS="1603"/>
<String CONTENT="23" HEIGHT="41" WIDTH="57" VPOS="3320" HPOS="1656"/>
<String STYLE="superscript" CS="1" CONTENT="&#7580;&#7504;"/>
<String CONTENT="." HEIGHT="8" WIDTH="9" VPOS="3354" HPOS="1764"/>
<SP/>
<String CONTENT="$4.00" HEIGHT="50" WIDTH="129" VPOS="3319" HPOS="1882"/>
</TextLine>
<TextLine HEIGHT="49" WIDTH="452" VPOS="3368" HPOS="143">
<String CONTENT="&#8220;First" HEIGHT="41" WIDTH="164" VPOS="3368" HPOS="143"/>
<SP HEIGHT="47" WIDTH="26" VPOS="3370" HPOS="308"/>
<String CONTENT="printing.&#8221;" HEIGHT="49" WIDTH="260" VPOS="3368" HPOS="335"/>
</TextLine>
<TextLine HEIGHT="60" WIDTH="1637" VPOS="3437" HPOS="82" CS="1">
<String CONTENT="&#169;" HEIGHT="52" WIDTH="52" VPOS="3437" HPOS="82"/>
<SP HEIGHT="52" WIDTH="23" VPOS="3437" HPOS="135"/>
<String CONTENT="Nov." HEIGHT="40" WIDTH="118" VPOS="3442" HPOS="159"/>
<SP HEIGHT="41" WIDTH="23" VPOS="3441" HPOS="278"/>
<String CONTENT="24," HEIGHT="45" WIDTH="69" VPOS="3441" HPOS="302"/>
<SP HEIGHT="43" WIDTH="25" VPOS="3443" HPOS="372"/>
<String CS="1" CONTENT="1931;" HEIGHT="40" WIDTH="112" VPOS="3441" HPOS="398"/>
<SP HEIGHT="46" WIDTH="28" VPOS="3442" HPOS="538"/>
<String CONTENT="2c." HEIGHT="41" WIDTH="66" VPOS="3442" HPOS="567"/>
<SP HEIGHT="30" WIDTH="26" VPOS="3453" HPOS="634"/>
<String CONTENT="and" HEIGHT="39" WIDTH="94" VPOS="3444" HPOS="661"/>
<SP HEIGHT="39" WIDTH="26" VPOS="3444" HPOS="756"/>
<String CONTENT="aff." HEIGHT="40" WIDTH="79" VPOS="3443" HPOS="783"/>
<SP HEIGHT="38" WIDTH="26" VPOS="3445" HPOS="863"/>
<String CONTENT="Nov." HEIGHT="39" WIDTH="116" VPOS="3445" HPOS="890"/>
<SP HEIGHT="38" WIDTH="26" VPOS="3445" HPOS="1007"/>
<String CS="1" CONTENT="27;" HEIGHT="40" WIDTH="57" VPOS="3445" HPOS="1034"/>
<SP HEIGHT="46" WIDTH="27" VPOS="3446" HPOS="1117"/>
<!-- cceid F299250D-6E8D-1014-9CF5-AEB3FCA41D69 --><String CONTENT="A" HEIGHT="39" WIDTH="40" VPOS="3446" HPOS="1145"/>
<SP HEIGHT="39" WIDTH="24" VPOS="3446" HPOS="1186"/>
<String CS="1" CONTENT="44957;" HEIGHT="41" WIDTH="145" VPOS="3446" HPOS="1211"/>
<SP HEIGHT="46" WIDTH="28" VPOS="3448" HPOS="1384"/>
<String CONTENT="Century" HEIGHT="49" WIDTH="214" VPOS="3448" HPOS="1413"/>
<SP HEIGHT="37" WIDTH="24" VPOS="3460" HPOS="1628"/>
<String CONTENT="co." HEIGHT="30" WIDTH="66" VPOS="3460" HPOS="1653"/>
</TextLine>
<TextLine HEIGHT="50" WIDTH="280" VPOS="3497" HPOS="160">
<String CONTENT="(31-33759)" HEIGHT="50" WIDTH="280" VPOS="3497" HPOS="160"/>
</TextLine>
<TextLine HEIGHT="65" WIDTH="736" VPOS="3590" HPOS="77" STYLEREFS="StyleId-8DF924CB-311A-48C4-8A1B-E8AEF97289E7-">
<String CONTENT="Mueller," HEIGHT="65" WIDTH="260" VPOS="3590" HPOS="77"/>
<SP HEIGHT="62" WIDTH="29" VPOS="3593" HPOS="338"/>
<String CONTENT="Francis" HEIGHT="54" WIDTH="245" VPOS="3592" HPOS="368"/>
<SP HEIGHT="54" WIDTH="25" VPOS="3593" HPOS="614"/>
<String CONTENT="John." HEIGHT="57" WIDTH="173" VPOS="3593" HPOS="640"/>
</TextLine>
<TextLine HEIGHT="81" WIDTH="1923" VPOS="3664" HPOS="147" STYLEREFS="StyleId-8DF924CB-311A-48C4-8A1B-E8AEF97289E7-" CS="1">
<String CONTENT="Christ&#8217;s" HEIGHT="56" WIDTH="238" VPOS="3664" HPOS="147"/>
<SP HEIGHT="47" WIDTH="37" VPOS="3673" HPOS="386"/>
<String CONTENT="twelve," HEIGHT="58" WIDTH="214" VPOS="3668" HPOS="424"/>
<SP HEIGHT="58" WIDTH="35" VPOS="3668" HPOS="639"/>
<String CONTENT="by" HEIGHT="68" WIDTH="75" VPOS="3668" HPOS="675"/>
<SP HEIGHT="59" WIDTH="34" VPOS="3677" HPOS="751"/>
<String CONTENT="the" HEIGHT="54" WIDTH="95" VPOS="3669" HPOS="786"/>
<SP HEIGHT="51" WIDTH="35" VPOS="3670" HPOS="882"/>
<String CONTENT="Rev." HEIGHT="56" WIDTH="137" VPOS="3670" HPOS="918"/>
<SP HEIGHT="53" WIDTH="38" VPOS="3673" HPOS="1056"/>
<String LANG="fr" CONTENT="F." HEIGHT="51" WIDTH="63" VPOS="3673" HPOS="1095"/>
<SP HEIGHT="54" WIDTH="38" VPOS="3672" HPOS="1159"/>
<String CONTENT="J." HEIGHT="54" WIDTH="57" VPOS="3672" HPOS="1198"/>
<SP HEIGHT="52" WIDTH="35" VPOS="3674" HPOS="1256"/>
<String CONTENT="Mueller" HEIGHT="54" WIDTH="242" VPOS="3674" HPOS="1292"/>
<SP HEIGHT="34" WIDTH="42" VPOS="3696" HPOS="1535"/>
<String CS="1" CONTENT="&#8230;"/>
<SP HEIGHT="54" WIDTH="74" VPOS="3677" HPOS="1637"/>
<String CONTENT="Milwaukee," HEIGHT="68" WIDTH="358" VPOS="3677" HPOS="1712"/>
</TextLine>
<TextLine HEIGHT="78" WIDTH="1224" VPOS="3740" HPOS="75" STYLEREFS="StyleId-8DF924CB-311A-48C4-8A1B-E8AEF97289E7-" CS="1">
<String CONTENT="The" HEIGHT="56" WIDTH="120" VPOS="3740" HPOS="75"/>
<SP HEIGHT="55" WIDTH="28" VPOS="3741" HPOS="196"/>
<String CONTENT="Bruce" HEIGHT="53" WIDTH="182" VPOS="3741" HPOS="225"/>
<SP HEIGHT="50" WIDTH="27" VPOS="3760" HPOS="408"/>
<String CONTENT="publishing" HEIGHT="71" WIDTH="334" VPOS="3742" HPOS="436"/>
<SP HEIGHT="50" WIDTH="25" VPOS="3763" HPOS="771"/>
<String CONTENT="company" HEIGHT="55" WIDTH="276" VPOS="3763" HPOS="797"/>
<SP HEIGHT="49" WIDTH="31" VPOS="3769" HPOS="1074"/>
<String CONTENT="[" HEIGHT="34" WIDTH="13" VPOS="3783" HPOS="1106"/>
<String STYLE="superscript" CS="1" CONTENT="&#7580;193"/>
<String CONTENT="1]" HEIGHT="65" WIDTH="47" VPOS="3752" HPOS="1252"/>
</TextLine>
<TextLine HEIGHT="48" WIDTH="515" VPOS="3825" HPOS="145" CS="1">
<String CONTENT="4" HEIGHT="38" WIDTH="28" VPOS="3825" HPOS="145"/>
<SP HEIGHT="46" WIDTH="21" VPOS="3825" HPOS="174"/>
<String CONTENT="p." HEIGHT="38" WIDTH="44" VPOS="3833" HPOS="196"/>
<SP/>
<String CS="1" CONTENT="l.," HEIGHT="14" WIDTH="9" VPOS="3856" HPOS="301"/>
<SP HEIGHT="43" WIDTH="25" VPOS="3827" HPOS="311"/>
<String CONTENT="136" HEIGHT="41" WIDTH="87" VPOS="3825" HPOS="337"/>
<SP HEIGHT="47" WIDTH="23" VPOS="3826" HPOS="425"/>
<String CONTENT="p." HEIGHT="37" WIDTH="42" VPOS="3836" HPOS="449"/>
<SP HEIGHT="38" WIDTH="53" VPOS="3828" HPOS="492"/>
<String CONTENT="19" HEIGHT="40" WIDTH="55" VPOS="3827" HPOS="546"/>
<String STYLE="superscript" CS="1" CONTENT="&#7580;&#7504;"/>
<String CONTENT="." HEIGHT="9" WIDTH="8" VPOS="3858" HPOS="652"/>
</TextLine>
<TextLine HEIGHT="63" WIDTH="1785" VPOS="3890" HPOS="86" CS="1">
<String CONTENT="&#169;" HEIGHT="52" WIDTH="52" VPOS="3890" HPOS="86"/>
<SP HEIGHT="52" WIDTH="29" VPOS="3890" HPOS="139"/>
<String CONTENT="Nov." HEIGHT="39" WIDTH="116" VPOS="3896" HPOS="169"/>
<SP HEIGHT="38" WIDTH="30" VPOS="3897" HPOS="286"/>
<String CONTENT="13." HEIGHT="43" WIDTH="68" VPOS="3896" HPOS="317"/>
<SP HEIGHT="41" WIDTH="31" VPOS="3898" HPOS="386"/>
<String CONTENT="1931;" HEIGHT="49" WIDTH="140" VPOS="3895" HPOS="418"/>
<SP HEIGHT="48" WIDTH="31" VPOS="3896" HPOS="559"/>
<String CONTENT="2c." HEIGHT="41" WIDTH="66" VPOS="3896" HPOS="591"/>
<SP HEIGHT="30" WIDTH="30" VPOS="3907" HPOS="658"/>
<String CONTENT="and" HEIGHT="39" WIDTH="94" VPOS="3899" HPOS="689"/>
<SP HEIGHT="40" WIDTH="29" VPOS="3899" HPOS="784"/>
<String CONTENT="aff." HEIGHT="41" WIDTH="81" VPOS="3898" HPOS="814"/>
<SP HEIGHT="38" WIDTH="32" VPOS="3900" HPOS="896"/>
<String CONTENT="Nov." HEIGHT="41" WIDTH="118" VPOS="3900" HPOS="929"/>
<SP HEIGHT="41" WIDTH="29" VPOS="3900" HPOS="1048"/>
<String CONTENT="21;" HEIGHT="43" WIDTH="83" VPOS="3900" HPOS="1078"/>
<SP HEIGHT="41" WIDTH="32" VPOS="3902" HPOS="1162"/>
<!-- cceid F2994D51-6E8D-1014-9CF5-AEB3FCA41D69 --><String CONTENT="A" HEIGHT="39" WIDTH="40" VPOS="3902" HPOS="1195"/>
<SP HEIGHT="39" WIDTH="28" VPOS="3902" HPOS="1236"/>
<String CS="1" CONTENT="44885;" HEIGHT="41" WIDTH="145" VPOS="3903" HPOS="1265"/>
<SP HEIGHT="46" WIDTH="33" VPOS="3905" HPOS="1438"/>
<String CONTENT="Bruce" HEIGHT="40" WIDTH="156" VPOS="3905" HPOS="1472"/>
<SP HEIGHT="37" WIDTH="32" VPOS="3916" HPOS="1629"/>
<String CONTENT="pub." HEIGHT="47" WIDTH="108" VPOS="3906" HPOS="1662"/>
<SP HEIGHT="28" WIDTH="32" VPOS="3920" HPOS="1771"/>
<String CONTENT="co." HEIGHT="31" WIDTH="67" VPOS="3918" HPOS="1804"/>
</TextLine>
<TextLine HEIGHT="49" WIDTH="278" VPOS="3951" HPOS="163">
<String CONTENT="(31-33874)" HEIGHT="49" WIDTH="278" VPOS="3951" HPOS="163"/>
</TextLine>
</TextBlock>
</PrintSpace>
</Page>
</Layout>
</alto>