<alto xmlns="http://www.loc.gov/standards/alto/ns-v3#" xmlns:xlink="http://www.w3.org/1999/xlink" xmlns:xsi="http://www.w3.org/2001/XMLSchema-instance" xsi:schemaLocation="http://www.loc.gov/standards/alto/ns-v3# http://www.loc.gov/alto/v3/alto-3-0.xsd"><Description>
<MeasurementUnit>pixel</MeasurementUnit>
<sourceImageInformation>
<fileName>1931_v28_Part001.pdf</fileName>
</sourceImageInformation>
<OCRProcessing ID="IdOcr">
<ocrProcessingStep>
<processingDateTime>2019-04-22</processingDateTime>
<processingSoftware>
<softwareCreator>ABBYY</softwareCreator>
<softwareName>ABBYY Recognition Server</softwareName>
<softwareVersion>4.0</softwareVersion>
</processingSoftware>
</ocrProcessingStep>
</OCRProcessing>
</Description>
<Styles>
<ParagraphStyle ID="StyleId-FFFFFFFF-FFFF-FFFF-FFFF-FFFFFFFFFFFF-" ALIGN="Left" LEFT="0." RIGHT="0." FIRSTLINE="0."/>
<ParagraphStyle ID="StyleId-204B5AEB-67A1-44E2-A013-34B3A0F3E0EA-" ALIGN="Right" LEFT="0." RIGHT="0." FIRSTLINE="0." LINESPACE="8.300000191"/>
<ParagraphStyle ID="StyleId-03245871-796C-4429-B3C7-F9019C8C5B89-" ALIGN="Left" LEFT="0." RIGHT="0." FIRSTLINE="0." LINESPACE="12.19999981"/>
<ParagraphStyle ID="StyleId-BDCA8811-25FF-44DB-8D6F-2072A4ABC070-" ALIGN="Center" LEFT="0." RIGHT="0." FIRSTLINE="0." LINESPACE="12.19999981"/>
<ParagraphStyle ID="StyleId-2C5B7DF0-AF87-455E-B9A8-6FE387CB59BD-" ALIGN="Left" LEFT="0." RIGHT="0." FIRSTLINE="-13." LINESPACE="8.479999542"/>
<ParagraphStyle ID="StyleId-9FB72FA1-55D5-4161-8333-823D5732F4D0-" ALIGN="Block" LEFT="0." RIGHT="0." FIRSTLINE="-14." LINESPACE="10."/>
<ParagraphStyle ID="StyleId-212AEB8C-A829-4BF1-8E45-5BFE386A469C-" ALIGN="Block" LEFT="0." RIGHT="0." FIRSTLINE="-14." LINESPACE="11.35000038"/>
<ParagraphStyle ID="StyleId-4EC79CC1-EA62-49CE-ABB6-D84DDFCF4C7D-" ALIGN="Block" LEFT="0." RIGHT="0." FIRSTLINE="-10." LINESPACE="12.19999981"/>
<ParagraphStyle ID="StyleId-DAF2E8EE-6444-4951-9284-36A6C020C887-" ALIGN="Left" LEFT="0." RIGHT="0." FIRSTLINE="0." LINESPACE="9.399999619"/>
<ParagraphStyle ID="StyleId-25241749-1672-4977-B19F-38F59800D6D8-" ALIGN="Left" LEFT="0." RIGHT="0." FIRSTLINE="0." LINESPACE="11.10000038"/>
<ParagraphStyle ID="StyleId-8C523E19-EDEF-4F23-B010-536E1A1AAE1A-" ALIGN="Left" LEFT="0." RIGHT="0." FIRSTLINE="-13." LINESPACE="12.19999981"/>
<ParagraphStyle ID="StyleId-A1F9DE9E-2625-4D8B-AD7E-F0A0034C2989-" ALIGN="Block" LEFT="0." RIGHT="0." FIRSTLINE="0." LINESPACE="12.19999981"/>
<ParagraphStyle ID="StyleId-5725BB01-2B1C-440F-BAF2-696C4F4DF162-" ALIGN="Block" LEFT="0." RIGHT="0." FIRSTLINE="13." LINESPACE="12.19999981"/>
<ParagraphStyle ID="StyleId-F10A2092-61AA-44FD-99C2-123B3A8051CF-" ALIGN="Left" LEFT="0." RIGHT="0." FIRSTLINE="0." LINESPACE="5.5"/>
<ParagraphStyle ID="StyleId-B3CDC8CC-D2E1-4A23-B67C-CDD40993D1DD-" ALIGN="Left" LEFT="0." RIGHT="0." FIRSTLINE="0." LINESPACE="10."/>
<ParagraphStyle ID="StyleId-871EBF53-D909-4C8F-B368-AC7D897344DD-" ALIGN="Left" LEFT="0." RIGHT="0." FIRSTLINE="0."/>
<ParagraphStyle ID="StyleId-C4129744-680B-4878-B2C4-44BA3742C8D7-" ALIGN="Block" LEFT="0." RIGHT="0." FIRSTLINE="-14." LINESPACE="11.35000038"/>
<ParagraphStyle ID="StyleId-9CE98075-0B04-43D4-88D8-CE3BAB51B419-" ALIGN="Block" LEFT="0." RIGHT="0." FIRSTLINE="-10." LINESPACE="12.19999981"/>
<ParagraphStyle ID="StyleId-B2CFB7B3-DFFA-4E0E-94D6-C2BCE88DA9A9-" ALIGN="Left" LEFT="0." RIGHT="0." FIRSTLINE="0." LINESPACE="12.5"/>
<ParagraphStyle ID="StyleId-8D3352F3-1084-4DDE-A35D-B97102CCE686-" ALIGN="Left" LEFT="0." RIGHT="0." FIRSTLINE="0." LINESPACE="11.60000038"/>
<ParagraphStyle ID="StyleId-4A8DDA0D-166D-4E22-A597-BA51B892602D-" ALIGN="Block" LEFT="0." RIGHT="0." FIRSTLINE="0." LINESPACE="11.21000004"/>
<ParagraphStyle ID="StyleId-90EA4001-AA3C-45A1-AEDC-D1E1169EE5E5-" ALIGN="Block" LEFT="0." RIGHT="0." FIRSTLINE="13." LINESPACE="12.19999981"/>
</Styles>
<Layout>
<Page ID="Page283" PHYSICAL_IMG_NR="283" HEIGHT="4370" WIDTH="2505">
<TopMargin HEIGHT="366" WIDTH="2505" VPOS="0" HPOS="0">
</TopMargin>
<LeftMargin HEIGHT="3609" WIDTH="81" VPOS="366" HPOS="0">
</LeftMargin>
<RightMargin HEIGHT="3609" WIDTH="378" VPOS="366" HPOS="2127">
</RightMargin>
<BottomMargin HEIGHT="395" WIDTH="2505" VPOS="3975" HPOS="0">
<TextBlock ID="Page283_Block1" HEIGHT="117" WIDTH="233" VPOS="3992" HPOS="1049" LANG="en-US" STYLEREFS="StyleId-3BDA6221-54F4-4451-AD87-2B158DDDB91D-">
<Shape>
<Polygon POINTS="1250,3992 1281,3992 1281,4003 1282,4003 1282,4108 1255,4108 1255,4109 1050,4109 1050,4007 1049,4007 1049,3993 1250,3993 1250,3992"/>
</Shape>
<TextLine HEIGHT="50" WIDTH="101" VPOS="4007" HPOS="1064">
<String CONTENT="283" HEIGHT="50" WIDTH="101" VPOS="4007" HPOS="1064"/>
</TextLine>
</TextBlock>
</BottomMargin>
<PrintSpace HEIGHT="3609" WIDTH="2046" VPOS="366" HPOS="81">
<TextBlock ID="Page283_Block2" HEIGHT="3609" WIDTH="2046" VPOS="366" HPOS="81" LANG="en-US" CS="1" STYLEREFS="StyleId-E43280D1-BC45-4EF4-956E-EAEC5A2A36F7-">
<Shape>
<Polygon POINTS="1771,366 2121,366 2121,883 2122,883 2122,1403 2123,1403 2123,1923 2124,1923 2124,2443 2125,2443 2125,2963 2126,2963 2126,3483 2127,3483 2127,3971 1775,3971 1775,3972 1255,3972 1255,3973 734,3973 734,3974 214,3974 214,3975 88,3975 88,3974 87,3974 87,3487 86,3487 86,2967 85,2967 85,2447 84,2447 84,1927 83,1927 83,1407 82,1407 82,887 81,887 81,370 210,370 210,369 730,369 730,368 1250,368 1250,367 1771,367 1771,366"/>
</Shape>
<TextLine HEIGHT="69" WIDTH="1027" VPOS="377" HPOS="92" STYLEREFS="StyleId-FA74778C-DA4F-42D3-95FE-9EEF3DEE03DB-">
<String CONTENT="Norris," HEIGHT="62" WIDTH="228" VPOS="384" HPOS="92"/>
<SP HEIGHT="62" WIDTH="28" VPOS="383" HPOS="321"/>
<String CONTENT="Charles" HEIGHT="56" WIDTH="247" VPOS="381" HPOS="350"/>
<SP HEIGHT="53" WIDTH="28" VPOS="381" HPOS="598"/>
<String CONTENT="Cambios," HEIGHT="65" WIDTH="289" VPOS="378" HPOS="627"/>
<SP HEIGHT="59" WIDTH="32" VPOS="383" HPOS="917"/>
<String CONTENT="1877-" HEIGHT="54" WIDTH="169" VPOS="377" HPOS="950"/>
</TextLine>
<TextLine HEIGHT="87" WIDTH="1930" VPOS="443" HPOS="161" STYLEREFS="StyleId-FA74778C-DA4F-42D3-95FE-9EEF3DEE03DB-">
<String CONTENT="Gynecological" HEIGHT="73" WIDTH="442" VPOS="457" HPOS="161"/>
<SP HEIGHT="51" WIDTH="45" VPOS="457" HPOS="604"/>
<String CONTENT="and" HEIGHT="53" WIDTH="113" VPOS="456" HPOS="650"/>
<SP HEIGHT="52" WIDTH="44" VPOS="456" HPOS="764"/>
<String CONTENT="obstetrical" HEIGHT="54" WIDTH="325" VPOS="453" HPOS="809"/>
<SP HEIGHT="50" WIDTH="46" VPOS="453" HPOS="1135"/>
<String CONTENT="tuberculosis," HEIGHT="68" WIDTH="391" VPOS="448" HPOS="1182"/>
<SP HEIGHT="67" WIDTH="43" VPOS="448" HPOS="1574"/>
<String CONTENT="by" HEIGHT="67" WIDTH="74" VPOS="448" HPOS="1618"/>
<SP HEIGHT="70" WIDTH="48" VPOS="445" HPOS="1693"/>
<String CONTENT="Charles" HEIGHT="57" WIDTH="237" VPOS="444" HPOS="1742"/>
<SP HEIGHT="55" WIDTH="47" VPOS="443" HPOS="1980"/>
<String CONTENT="C." HEIGHT="55" WIDTH="63" VPOS="443" HPOS="2028"/>
</TextLine>
<TextLine HEIGHT="78" WIDTH="2001" VPOS="523" HPOS="92" STYLEREFS="StyleId-FA74778C-DA4F-42D3-95FE-9EEF3DEE03DB-" CS="1">
<String CONTENT="Norris" HEIGHT="55" WIDTH="202" VPOS="537" HPOS="92"/>
<SP HEIGHT="34" WIDTH="42" VPOS="556" HPOS="295"/>
<String CS="1" CONTENT="&#8230;"/>
<SP HEIGHT="53" WIDTH="80" VPOS="535" HPOS="394"/>
<String CONTENT="New" HEIGHT="52" WIDTH="142" VPOS="535" HPOS="475"/>
<SP HEIGHT="54" WIDTH="40" VPOS="533" HPOS="618"/>
<String CONTENT="York," HEIGHT="68" WIDTH="179" VPOS="532" HPOS="659"/>
<SP HEIGHT="68" WIDTH="39" VPOS="531" HPOS="839"/>
<String CONTENT="London," HEIGHT="67" WIDTH="258" VPOS="530" HPOS="879"/>
<SP HEIGHT="68" WIDTH="41" VPOS="529" HPOS="1138"/>
<String CONTENT="D." HEIGHT="53" WIDTH="71" VPOS="528" HPOS="1180"/>
<SP HEIGHT="53" WIDTH="43" VPOS="527" HPOS="1252"/>
<String CONTENT="Appleton" HEIGHT="69" WIDTH="297" VPOS="526" HPOS="1296"/>
<SP HEIGHT="35" WIDTH="42" VPOS="543" HPOS="1594"/>
<String CONTENT="and" HEIGHT="53" WIDTH="113" VPOS="524" HPOS="1637"/>
<SP HEIGHT="54" WIDTH="43" VPOS="523" HPOS="1751"/>
<String CONTENT="company." HEIGHT="51" WIDTH="298" VPOS="540" HPOS="1795"/>
</TextLine>
<TextLine HEIGHT="51" WIDTH="146" VPOS="618" HPOS="96" STYLEREFS="StyleId-FA74778C-DA4F-42D3-95FE-9EEF3DEE03DB-">
<String CONTENT="1931." HEIGHT="51" WIDTH="146" VPOS="618" HPOS="96"/>
</TextLine>
<TextLine HEIGHT="61" WIDTH="1901" VPOS="682" HPOS="192" CS="1">
<String CS="1" CONTENT="x"/>
<SP HEIGHT="38" WIDTH="34" VPOS="705" HPOS="192"/>
<String LANG="fr" CONTENT="p.," HEIGHT="37" WIDTH="57" VPOS="705" HPOS="227"/>
<SP HEIGHT="47" WIDTH="32" VPOS="695" HPOS="285"/>
<String CS="1" CONTENT="1"/>
<SP/>
<String CS="1" CONTENT="l.," HEIGHT="16" WIDTH="10" VPOS="725" HPOS="413"/>
<SP HEIGHT="49" WIDTH="34" VPOS="692" HPOS="424"/>
<String CONTENT="393" HEIGHT="40" WIDTH="85" VPOS="692" HPOS="459"/>
<SP HEIGHT="48" WIDTH="35" VPOS="692" HPOS="545"/>
<String CONTENT="p." HEIGHT="38" WIDTH="43" VPOS="702" HPOS="581"/>
<SP HEIGHT="42" WIDTH="57" VPOS="691" HPOS="625"/>
<String CONTENT="25" HEIGHT="42" WIDTH="57" VPOS="689" HPOS="683"/>
<String STYLE="superscript" CS="1" CONTENT="&#7580;&#7504;."/>
<SP HEIGHT="47" WIDTH="71" VPOS="691" HPOS="800"/>
<String CONTENT="(Gynecological" HEIGHT="52" WIDTH="392" VPOS="686" HPOS="872"/>
<SP HEIGHT="39" WIDTH="36" VPOS="686" HPOS="1265"/>
<String CONTENT="and" HEIGHT="38" WIDTH="96" VPOS="687" HPOS="1302"/>
<SP HEIGHT="38" WIDTH="35" VPOS="687" HPOS="1399"/>
<String CONTENT="obstetrical" HEIGHT="41" WIDTH="283" VPOS="683" HPOS="1435"/>
<SP HEIGHT="38" WIDTH="35" VPOS="683" HPOS="1719"/>
<String CONTENT="monographs," HEIGHT="48" WIDTH="338" VPOS="682" HPOS="1755"/>
</TextLine>
<TextLine HEIGHT="47" WIDTH="196" VPOS="751" HPOS="93" LANG="fr" CS="1">
<String CONTENT="vol." HEIGHT="41" WIDTH="88" VPOS="752" HPOS="93"/>
<SP HEIGHT="32" WIDTH="31" VPOS="761" HPOS="182"/>
<String CS="1" CONTENT="XI)" HEIGHT="41" WIDTH="13" VPOS="756" HPOS="276"/>
</TextLine>
<TextLine HEIGHT="48" WIDTH="1009" VPOS="801" HPOS="163">
<String CONTENT="&#8220;Literature&#8221;" HEIGHT="44" WIDTH="337" VPOS="803" HPOS="163"/>
<SP HEIGHT="40" WIDTH="29" VPOS="803" HPOS="501"/>
<String CONTENT="at" HEIGHT="37" WIDTH="52" VPOS="806" HPOS="531"/>
<SP HEIGHT="37" WIDTH="24" VPOS="806" HPOS="584"/>
<String CONTENT="end" HEIGHT="39" WIDTH="91" VPOS="804" HPOS="609"/>
<SP HEIGHT="40" WIDTH="29" VPOS="803" HPOS="701"/>
<String CONTENT="of" HEIGHT="40" WIDTH="52" VPOS="802" HPOS="731"/>
<SP HEIGHT="40" WIDTH="27" VPOS="802" HPOS="784"/>
<String CONTENT="each" HEIGHT="40" WIDTH="118" VPOS="802" HPOS="812"/>
<SP HEIGHT="39" WIDTH="27" VPOS="802" HPOS="931"/>
<String CONTENT="chapter." HEIGHT="46" WIDTH="213" VPOS="801" HPOS="959"/>
</TextLine>
<TextLine HEIGHT="58" WIDTH="1999" VPOS="865" HPOS="96" CS="1">
<String CONTENT="&#169;" HEIGHT="53" WIDTH="53" VPOS="870" HPOS="96"/>
<SP HEIGHT="53" WIDTH="44" VPOS="870" HPOS="149"/>
<String CONTENT="Feb." HEIGHT="40" WIDTH="110" VPOS="874" HPOS="193"/>
<SP HEIGHT="40" WIDTH="39" VPOS="873" HPOS="303"/>
<String CONTENT="27," HEIGHT="41" WIDTH="70" VPOS="873" HPOS="342"/>
<SP HEIGHT="40" WIDTH="43" VPOS="874" HPOS="412"/>
<String CS="1" CONTENT="1931;" HEIGHT="39" WIDTH="107" VPOS="872" HPOS="455"/>
<SP HEIGHT="40" WIDTH="44" VPOS="872" HPOS="597"/>
<String CONTENT="2c." HEIGHT="39" WIDTH="69" VPOS="872" HPOS="641"/>
<SP HEIGHT="31" WIDTH="41" VPOS="880" HPOS="710"/>
<String CONTENT="and" HEIGHT="39" WIDTH="97" VPOS="871" HPOS="751"/>
<SP HEIGHT="39" WIDTH="41" VPOS="871" HPOS="848"/>
<String CONTENT="aff." HEIGHT="40" WIDTH="84" VPOS="870" HPOS="889"/>
<SP HEIGHT="39" WIDTH="42" VPOS="871" HPOS="973"/>
<String CONTENT="Mar." HEIGHT="38" WIDTH="122" VPOS="871" HPOS="1015"/>
<SP HEIGHT="40" WIDTH="38" VPOS="869" HPOS="1137"/>
<String CS="1" CONTENT="3;" HEIGHT="38" WIDTH="26" VPOS="869" HPOS="1175"/>
<SP HEIGHT="42" WIDTH="44" VPOS="868" HPOS="1230"/>
<!-- cceid E081057D-6E8D-1014-9CF5-AEB3FCA41D69 --><String CONTENT="A" HEIGHT="38" WIDTH="40" VPOS="868" HPOS="1274"/>
<SP HEIGHT="39" WIDTH="40" VPOS="867" HPOS="1314"/>
<String CS="1" CONTENT="35053;" HEIGHT="39" WIDTH="146" VPOS="866" HPOS="1354"/>
<SP HEIGHT="40" WIDTH="44" VPOS="867" HPOS="1527"/>
<String CONTENT="D." HEIGHT="40" WIDTH="58" VPOS="867" HPOS="1571"/>
<SP HEIGHT="40" WIDTH="41" VPOS="867" HPOS="1629"/>
<String CONTENT="Appleton" HEIGHT="49" WIDTH="240" VPOS="865" HPOS="1670"/>
<SP HEIGHT="39" WIDTH="41" VPOS="865" HPOS="1910"/>
<String CONTENT="&amp;" HEIGHT="39" WIDTH="37" VPOS="865" HPOS="1951"/>
<SP HEIGHT="39" WIDTH="37" VPOS="865" HPOS="1988"/>
<String CONTENT="co." HEIGHT="28" WIDTH="70" VPOS="876" HPOS="2025"/>
</TextLine>
<TextLine HEIGHT="58" WIDTH="741" VPOS="927" HPOS="173">
<String CONTENT="[&#169;" HEIGHT="57" WIDTH="69" VPOS="928" HPOS="173"/>
<SP HEIGHT="53" WIDTH="22" VPOS="928" HPOS="243"/>
<String CONTENT="new" HEIGHT="30" WIDTH="106" VPOS="943" HPOS="266"/>
<SP HEIGHT="30" WIDTH="22" VPOS="943" HPOS="373"/>
<String CONTENT="matter]" HEIGHT="47" WIDTH="195" VPOS="933" HPOS="396"/>
<SP HEIGHT="49" WIDTH="70" VPOS="931" HPOS="592"/>
<String CONTENT="(31-5959)" HEIGHT="52" WIDTH="251" VPOS="927" HPOS="663"/>
</TextLine>
<TextLine HEIGHT="68" WIDTH="631" VPOS="1039" HPOS="97" STYLEREFS="StyleId-B618B2FF-1943-46A5-A3EB-C5A7B3541822-">
<String CONTENT="Novak," HEIGHT="65" WIDTH="227" VPOS="1042" HPOS="97"/>
<SP HEIGHT="64" WIDTH="28" VPOS="1042" HPOS="325"/>
<String CONTENT="Emil," HEIGHT="66" WIDTH="173" VPOS="1039" HPOS="354"/>
<SP HEIGHT="59" WIDTH="29" VPOS="1046" HPOS="528"/>
<String CONTENT="1883-" HEIGHT="50" WIDTH="170" VPOS="1044" HPOS="558"/>
</TextLine>
<TextLine HEIGHT="75" WIDTH="1931" VPOS="1108" HPOS="167" STYLEREFS="StyleId-FA74778C-DA4F-42D3-95FE-9EEF3DEE03DB-" CS="1">
<String CONTENT="Menstruation" HEIGHT="56" WIDTH="420" VPOS="1116" HPOS="167"/>
<SP HEIGHT="35" WIDTH="46" VPOS="1134" HPOS="588"/>
<String CONTENT="and" HEIGHT="53" WIDTH="109" VPOS="1115" HPOS="635"/>
<SP HEIGHT="52" WIDTH="50" VPOS="1115" HPOS="745"/>
<String CONTENT="its" HEIGHT="51" WIDTH="73" VPOS="1116" HPOS="796"/>
<SP HEIGHT="52" WIDTH="43" VPOS="1115" HPOS="870"/>
<String CONTENT="disorders," HEIGHT="65" WIDTH="303" VPOS="1114" HPOS="914"/>
<SP HEIGHT="66" WIDTH="46" VPOS="1113" HPOS="1218"/>
<String CONTENT="by" HEIGHT="67" WIDTH="73" VPOS="1113" HPOS="1265"/>
<SP HEIGHT="69" WIDTH="47" VPOS="1111" HPOS="1339"/>
<String CONTENT="Emil" HEIGHT="53" WIDTH="156" VPOS="1110" HPOS="1387"/>
<SP HEIGHT="53" WIDTH="46" VPOS="1110" HPOS="1544"/>
<String CONTENT="Novak" HEIGHT="55" WIDTH="205" VPOS="1108" HPOS="1591"/>
<SP HEIGHT="53" WIDTH="49" VPOS="1108" HPOS="1797"/>
<String CS="1" CONTENT="&#8230;"/>
<SP HEIGHT="34" WIDTH="51" VPOS="1127" HPOS="1905"/>
<String CONTENT="with" HEIGHT="52" WIDTH="141" VPOS="1108" HPOS="1957"/>
</TextLine>
<TextLine HEIGHT="80" WIDTH="2002" VPOS="1185" HPOS="97" STYLEREFS="StyleId-FA74778C-DA4F-42D3-95FE-9EEF3DEE03DB-">
<String CONTENT="forty-five" HEIGHT="71" WIDTH="294" VPOS="1194" HPOS="97"/>
<SP HEIGHT="54" WIDTH="28" VPOS="1193" HPOS="392"/>
<String CONTENT="illustrations." HEIGHT="55" WIDTH="396" VPOS="1191" HPOS="421"/>
<SP HEIGHT="52" WIDTH="65" VPOS="1192" HPOS="818"/>
<String CONTENT="New" HEIGHT="52" WIDTH="139" VPOS="1192" HPOS="884"/>
<SP HEIGHT="52" WIDTH="30" VPOS="1191" HPOS="1024"/>
<String CONTENT="York," HEIGHT="67" WIDTH="179" VPOS="1190" HPOS="1055"/>
<SP HEIGHT="68" WIDTH="30" VPOS="1189" HPOS="1235"/>
<String CONTENT="London," HEIGHT="66" WIDTH="259" VPOS="1189" HPOS="1266"/>
<SP HEIGHT="67" WIDTH="28" VPOS="1188" HPOS="1526"/>
<String CONTENT="D." HEIGHT="51" WIDTH="72" VPOS="1188" HPOS="1555"/>
<SP HEIGHT="53" WIDTH="29" VPOS="1186" HPOS="1628"/>
<String CONTENT="Appleton" HEIGHT="70" WIDTH="291" VPOS="1185" HPOS="1658"/>
<SP HEIGHT="33" WIDTH="35" VPOS="1204" HPOS="1950"/>
<String CONTENT="and" HEIGHT="53" WIDTH="113" VPOS="1185" HPOS="1986"/>
</TextLine>
<TextLine HEIGHT="68" WIDTH="484" VPOS="1273" HPOS="95" STYLEREFS="StyleId-FA74778C-DA4F-42D3-95FE-9EEF3DEE03DB-">
<String CONTENT="company," HEIGHT="51" WIDTH="297" VPOS="1290" HPOS="95"/>
<SP HEIGHT="63" WIDTH="34" VPOS="1275" HPOS="393"/>
<String CONTENT="1931." HEIGHT="50" WIDTH="151" VPOS="1273" HPOS="428"/>
</TextLine>
<TextLine HEIGHT="56" WIDTH="1933" VPOS="1344" HPOS="166" CS="1">
<String CONTENT="xix," HEIGHT="47" WIDTH="98" VPOS="1352" HPOS="166"/>
<SP HEIGHT="47" WIDTH="30" VPOS="1351" HPOS="265"/>
<String CONTENT="388" HEIGHT="41" WIDTH="87" VPOS="1351" HPOS="296"/>
<SP HEIGHT="47" WIDTH="26" VPOS="1352" HPOS="384"/>
<String CONTENT="p." HEIGHT="38" WIDTH="42" VPOS="1361" HPOS="411"/>
<SP HEIGHT="40" WIDTH="63" VPOS="1352" HPOS="454"/>
<String CONTENT="illus." HEIGHT="39" WIDTH="124" VPOS="1351" HPOS="518"/>
<SP HEIGHT="39" WIDTH="60" VPOS="1351" HPOS="643"/>
<String CONTENT="25" HEIGHT="41" WIDTH="56" VPOS="1349" HPOS="704"/>
<String STYLE="superscript" CS="1" CONTENT="&#7580;&#7504;."/>
<SP HEIGHT="46" WIDTH="70" VPOS="1351" HPOS="820"/>
<String CONTENT="(Gynecological" HEIGHT="50" WIDTH="393" VPOS="1347" HPOS="891"/>
<SP HEIGHT="40" WIDTH="31" VPOS="1347" HPOS="1285"/>
<String CONTENT="and" HEIGHT="39" WIDTH="95" VPOS="1348" HPOS="1317"/>
<SP HEIGHT="39" WIDTH="31" VPOS="1348" HPOS="1413"/>
<String CONTENT="obstetrical" HEIGHT="41" WIDTH="282" VPOS="1346" HPOS="1445"/>
<SP HEIGHT="39" WIDTH="32" VPOS="1346" HPOS="1728"/>
<String CONTENT="monographs," HEIGHT="48" WIDTH="338" VPOS="1344" HPOS="1761"/>
</TextLine>
<TextLine HEIGHT="42" WIDTH="182" VPOS="1409" HPOS="99" CS="1">
<String CONTENT="vol." HEIGHT="41" WIDTH="89" VPOS="1410" HPOS="99"/>
<SP HEIGHT="33" WIDTH="32" VPOS="1418" HPOS="189"/>
<String CS="1" CONTENT="II)" HEIGHT="32" WIDTH="8" VPOS="1416" HPOS="273"/>
</TextLine>
<TextLine HEIGHT="49" WIDTH="1010" VPOS="1461" HPOS="168">
<String CONTENT="&#8220;Literature&#8221;" HEIGHT="42" WIDTH="336" VPOS="1463" HPOS="168"/>
<SP HEIGHT="40" WIDTH="28" VPOS="1463" HPOS="505"/>
<String CONTENT="at" HEIGHT="37" WIDTH="51" VPOS="1466" HPOS="534"/>
<SP HEIGHT="37" WIDTH="26" VPOS="1466" HPOS="586"/>
<String CONTENT="end" HEIGHT="39" WIDTH="91" VPOS="1464" HPOS="613"/>
<SP HEIGHT="40" WIDTH="29" VPOS="1463" HPOS="705"/>
<String CONTENT="of" HEIGHT="41" WIDTH="55" VPOS="1461" HPOS="735"/>
<SP HEIGHT="41" WIDTH="24" VPOS="1461" HPOS="791"/>
<String CONTENT="each" HEIGHT="40" WIDTH="117" VPOS="1462" HPOS="816"/>
<SP HEIGHT="38" WIDTH="30" VPOS="1462" HPOS="934"/>
<String CONTENT="chapter." HEIGHT="47" WIDTH="213" VPOS="1461" HPOS="965"/>
</TextLine>
<TextLine HEIGHT="57" WIDTH="1999" VPOS="1527" HPOS="106" CS="1">
<String CONTENT="&#169;" HEIGHT="53" WIDTH="51" VPOS="1531" HPOS="106"/>
<SP HEIGHT="53" WIDTH="42" VPOS="1531" HPOS="158"/>
<String CONTENT="Feb." HEIGHT="42" WIDTH="109" VPOS="1534" HPOS="201"/>
<SP HEIGHT="39" WIDTH="39" VPOS="1536" HPOS="311"/>
<String CONTENT="27," HEIGHT="45" WIDTH="70" VPOS="1535" HPOS="351"/>
<SP HEIGHT="45" WIDTH="41" VPOS="1535" HPOS="422"/>
<String CS="1" CONTENT="1931;" HEIGHT="39" WIDTH="109" VPOS="1533" HPOS="464"/>
<SP HEIGHT="40" WIDTH="42" VPOS="1533" HPOS="604"/>
<String CONTENT="2c." HEIGHT="41" WIDTH="67" VPOS="1533" HPOS="647"/>
<SP HEIGHT="30" WIDTH="40" VPOS="1544" HPOS="715"/>
<String CONTENT="and" HEIGHT="38" WIDTH="94" VPOS="1533" HPOS="756"/>
<SP HEIGHT="38" WIDTH="41" VPOS="1533" HPOS="851"/>
<String CONTENT="aff." HEIGHT="41" WIDTH="81" VPOS="1531" HPOS="893"/>
<SP HEIGHT="39" WIDTH="44" VPOS="1533" HPOS="975"/>
<String CONTENT="Mar." HEIGHT="39" WIDTH="118" VPOS="1533" HPOS="1020"/>
<SP HEIGHT="41" WIDTH="40" VPOS="1531" HPOS="1139"/>
<String CONTENT="3;" HEIGHT="43" WIDTH="53" VPOS="1531" HPOS="1180"/>
<SP HEIGHT="42" WIDTH="46" VPOS="1532" HPOS="1234"/>
<!-- cceid E081CCDB-6E8D-1014-9CF5-AEB3FCA41D69 --><String CONTENT="A" HEIGHT="37" WIDTH="37" VPOS="1532" HPOS="1281"/>
<SP HEIGHT="40" WIDTH="40" VPOS="1530" HPOS="1319"/>
<String CONTENT="35045;" HEIGHT="48" WIDTH="172" VPOS="1529" HPOS="1360"/>
<SP HEIGHT="48" WIDTH="42" VPOS="1529" HPOS="1533"/>
<String CONTENT="D." HEIGHT="41" WIDTH="58" VPOS="1529" HPOS="1576"/>
<SP HEIGHT="40" WIDTH="41" VPOS="1530" HPOS="1635"/>
<String CONTENT="Appleton" HEIGHT="48" WIDTH="238" VPOS="1529" HPOS="1677"/>
<SP HEIGHT="39" WIDTH="42" VPOS="1528" HPOS="1916"/>
<String CONTENT="&amp;" HEIGHT="39" WIDTH="35" VPOS="1528" HPOS="1959"/>
<SP HEIGHT="39" WIDTH="39" VPOS="1528" HPOS="1995"/>
<String CONTENT="co." HEIGHT="29" WIDTH="70" VPOS="1538" HPOS="2035"/>
</TextLine>
<TextLine HEIGHT="56" WIDTH="758" VPOS="1585" HPOS="177">
<String CONTENT="[&#169;" HEIGHT="55" WIDTH="67" VPOS="1586" HPOS="177"/>
<SP HEIGHT="53" WIDTH="33" VPOS="1586" HPOS="245"/>
<String CONTENT="new" HEIGHT="29" WIDTH="105" VPOS="1602" HPOS="279"/>
<SP HEIGHT="29" WIDTH="30" VPOS="1602" HPOS="385"/>
<String CONTENT="matter]" HEIGHT="45" WIDTH="194" VPOS="1593" HPOS="416"/>
<SP HEIGHT="48" WIDTH="71" VPOS="1590" HPOS="611"/>
<String CONTENT="(31-5955)" HEIGHT="51" WIDTH="252" VPOS="1588" HPOS="683"/>
</TextLine>
<TextLine HEIGHT="68" WIDTH="1142" VPOS="1682" HPOS="101" STYLEREFS="StyleId-B618B2FF-1943-46A5-A3EB-C5A7B3541822-">
<String CONTENT="Ortenburger," HEIGHT="65" WIDTH="427" VPOS="1685" HPOS="101"/>
<SP HEIGHT="63" WIDTH="28" VPOS="1685" HPOS="529"/>
<String CONTENT="Arthur" HEIGHT="54" WIDTH="233" VPOS="1683" HPOS="558"/>
<SP HEIGHT="51" WIDTH="27" VPOS="1685" HPOS="792"/>
<String CONTENT="Irving," HEIGHT="66" WIDTH="221" VPOS="1682" HPOS="820"/>
<SP HEIGHT="55" WIDTH="32" VPOS="1691" HPOS="1042"/>
<String CONTENT="1898-" HEIGHT="51" WIDTH="168" VPOS="1688" HPOS="1075"/>
</TextLine>
<TextLine HEIGHT="73" WIDTH="1869" VPOS="1758" HPOS="231" STYLEREFS="StyleId-FA74778C-DA4F-42D3-95FE-9EEF3DEE03DB-" CS="1">
<String CS="1" CONTENT="&#8230;"/>
<SP HEIGHT="51" WIDTH="50" VPOS="1766" HPOS="231"/>
<String CONTENT="Notes" HEIGHT="51" WIDTH="175" VPOS="1766" HPOS="282"/>
<SP HEIGHT="34" WIDTH="43" VPOS="1781" HPOS="458"/>
<String CONTENT="on" HEIGHT="34" WIDTH="70" VPOS="1781" HPOS="502"/>
<SP HEIGHT="33" WIDTH="47" VPOS="1782" HPOS="573"/>
<String CONTENT="some" HEIGHT="36" WIDTH="148" VPOS="1779" HPOS="621"/>
<SP HEIGHT="34" WIDTH="48" VPOS="1780" HPOS="770"/>
<String CONTENT="reptiles" HEIGHT="67" WIDTH="230" VPOS="1762" HPOS="819"/>
<SP HEIGHT="35" WIDTH="43" VPOS="1780" HPOS="1050"/>
<String CONTENT="and" HEIGHT="52" WIDTH="112" VPOS="1763" HPOS="1094"/>
<SP HEIGHT="53" WIDTH="46" VPOS="1762" HPOS="1207"/>
<String CONTENT="amphibians" HEIGHT="69" WIDTH="364" VPOS="1760" HPOS="1254"/>
<SP HEIGHT="52" WIDTH="45" VPOS="1759" HPOS="1619"/>
<String CONTENT="from" HEIGHT="55" WIDTH="152" VPOS="1758" HPOS="1665"/>
<SP HEIGHT="34" WIDTH="46" VPOS="1778" HPOS="1818"/>
<String CONTENT="western" HEIGHT="45" WIDTH="235" VPOS="1766" HPOS="1865"/>
</TextLine>
<TextLine HEIGHT="73" WIDTH="2003" VPOS="1837" HPOS="102" STYLEREFS="StyleId-FA74778C-DA4F-42D3-95FE-9EEF3DEE03DB-" CS="1">
<String CONTENT="Oklahoma," HEIGHT="68" WIDTH="339" VPOS="1842" HPOS="102"/>
<SP HEIGHT="67" WIDTH="31" VPOS="1842" HPOS="442"/>
<String CS="1" CONTENT="by" HEIGHT="52" WIDTH="35" VPOS="1842" HPOS="474"/>
<SP HEIGHT="51" WIDTH="32" VPOS="1843" HPOS="550"/>
<String CONTENT="A." HEIGHT="51" WIDTH="67" VPOS="1843" HPOS="583"/>
<SP HEIGHT="51" WIDTH="36" VPOS="1843" HPOS="651"/>
<String CONTENT="I." HEIGHT="54" WIDTH="47" VPOS="1842" HPOS="688"/>
<SP HEIGHT="54" WIDTH="35" VPOS="1841" HPOS="736"/>
<String CONTENT="Ortenburger" HEIGHT="67" WIDTH="393" VPOS="1841" HPOS="772"/>
<SP HEIGHT="34" WIDTH="32" VPOS="1858" HPOS="1166"/>
<String CONTENT="and" HEIGHT="53" WIDTH="112" VPOS="1840" HPOS="1199"/>
<SP HEIGHT="52" WIDTH="37" VPOS="1840" HPOS="1312"/>
<String CONTENT="Beryl" HEIGHT="68" WIDTH="174" VPOS="1839" HPOS="1350"/>
<SP HEIGHT="52" WIDTH="34" VPOS="1839" HPOS="1525"/>
<String CONTENT="Freeman." HEIGHT="52" WIDTH="292" VPOS="1839" HPOS="1560"/>
<SP HEIGHT="53" WIDTH="76" VPOS="1837" HPOS="1853"/>
<String LANG="la" CS="1" CONTENT="Notes" HEIGHT="53" WIDTH="175" VPOS="1837" HPOS="1930"/>
</TextLine>
<TextLine HEIGHT="74" WIDTH="2002" VPOS="1915" HPOS="101" STYLEREFS="StyleId-FA74778C-DA4F-42D3-95FE-9EEF3DEE03DB-">
<String CONTENT="on" HEIGHT="33" WIDTH="70" VPOS="1938" HPOS="102"/>
<SP HEIGHT="36" WIDTH="45" VPOS="1937" HPOS="173"/>
<String CONTENT="a" HEIGHT="34" WIDTH="31" VPOS="1938" HPOS="219"/>
<SP HEIGHT="34" WIDTH="43" VPOS="1938" HPOS="251"/>
<String CONTENT="collection" HEIGHT="54" WIDTH="297" VPOS="1919" HPOS="294"/>
<SP HEIGHT="33" WIDTH="45" VPOS="1940" HPOS="592"/>
<String CONTENT="of" HEIGHT="53" WIDTH="64" VPOS="1918" HPOS="637"/>
<SP HEIGHT="55" WIDTH="43" VPOS="1917" HPOS="701"/>
<String CONTENT="birds" HEIGHT="52" WIDTH="160" VPOS="1919" HPOS="744"/>
<SP HEIGHT="50" WIDTH="45" VPOS="1919" HPOS="904"/>
<String CONTENT="from" HEIGHT="51" WIDTH="148" VPOS="1919" HPOS="949"/>
<SP HEIGHT="33" WIDTH="47" VPOS="1937" HPOS="1098"/>
<String CONTENT="western" HEIGHT="47" WIDTH="239" VPOS="1924" HPOS="1145"/>
<SP HEIGHT="55" WIDTH="47" VPOS="1916" HPOS="1384"/>
<String CONTENT="Oklahoma," HEIGHT="71" WIDTH="343" VPOS="1915" HPOS="1431"/>
<SP HEIGHT="70" WIDTH="44" VPOS="1915" HPOS="1774"/>
<String CONTENT="by" HEIGHT="69" WIDTH="73" VPOS="1915" HPOS="1818"/>
<SP HEIGHT="67" WIDTH="47" VPOS="1917" HPOS="1891"/>
<String CONTENT="A." HEIGHT="50" WIDTH="68" VPOS="1917" HPOS="1938"/>
<SP HEIGHT="51" WIDTH="51" VPOS="1916" HPOS="2006"/>
<String CONTENT="I." HEIGHT="51" WIDTH="46" VPOS="1916" HPOS="2057"/>
</TextLine>
<TextLine HEIGHT="75" WIDTH="2001" VPOS="1991" HPOS="104" STYLEREFS="StyleId-FA74778C-DA4F-42D3-95FE-9EEF3DEE03DB-">
<String CONTENT="Ortenburger" HEIGHT="70" WIDTH="393" VPOS="1996" HPOS="104"/>
<SP HEIGHT="34" WIDTH="33" VPOS="2014" HPOS="498"/>
<String CONTENT="and" HEIGHT="51" WIDTH="111" VPOS="1997" HPOS="532"/>
<SP HEIGHT="52" WIDTH="37" VPOS="1997" HPOS="644"/>
<String CONTENT="Elbert" HEIGHT="53" WIDTH="201" VPOS="1996" HPOS="682"/>
<SP HEIGHT="51" WIDTH="33" VPOS="1997" HPOS="884"/>
<String CONTENT="L." HEIGHT="52" WIDTH="61" VPOS="1997" HPOS="918"/>
<SP HEIGHT="52" WIDTH="38" VPOS="1997" HPOS="980"/>
<String CONTENT="Little," HEIGHT="67" WIDTH="192" VPOS="1995" HPOS="1019"/>
<SP HEIGHT="68" WIDTH="34" VPOS="1996" HPOS="1212"/>
<String CONTENT="jr." HEIGHT="69" WIDTH="71" VPOS="1995" HPOS="1247"/>
<SP HEIGHT="51" WIDTH="75" VPOS="1996" HPOS="1319"/>
<String CONTENT="A" HEIGHT="51" WIDTH="53" VPOS="1996" HPOS="1395"/>
<SP HEIGHT="53" WIDTH="36" VPOS="1994" HPOS="1449"/>
<String CONTENT="list" HEIGHT="52" WIDTH="96" VPOS="1994" HPOS="1486"/>
<SP HEIGHT="47" WIDTH="34" VPOS="2000" HPOS="1583"/>
<String CONTENT="of" HEIGHT="55" WIDTH="64" VPOS="1992" HPOS="1618"/>
<SP HEIGHT="54" WIDTH="33" VPOS="1992" HPOS="1683"/>
<String CONTENT="the" HEIGHT="54" WIDTH="94" VPOS="1993" HPOS="1717"/>
<SP HEIGHT="53" WIDTH="32" VPOS="1993" HPOS="1812"/>
<String CONTENT="birds" HEIGHT="53" WIDTH="160" VPOS="1993" HPOS="1845"/>
<SP HEIGHT="33" WIDTH="34" VPOS="2011" HPOS="2006"/>
<String CONTENT="of" HEIGHT="52" WIDTH="64" VPOS="1992" HPOS="2041"/>
</TextLine>
<TextLine HEIGHT="73" WIDTH="1995" VPOS="2071" HPOS="105" STYLEREFS="StyleId-FA74778C-DA4F-42D3-95FE-9EEF3DEE03DB-">
<String CONTENT="the" HEIGHT="51" WIDTH="92" VPOS="2075" HPOS="105"/>
<SP HEIGHT="36" WIDTH="50" VPOS="2091" HPOS="198"/>
<String CONTENT="campus" HEIGHT="49" WIDTH="233" VPOS="2092" HPOS="249"/>
<SP HEIGHT="33" WIDTH="49" VPOS="2092" HPOS="483"/>
<String CONTENT="of" HEIGHT="51" WIDTH="63" VPOS="2074" HPOS="533"/>
<SP HEIGHT="52" WIDTH="48" VPOS="2074" HPOS="597"/>
<String CONTENT="the" HEIGHT="53" WIDTH="93" VPOS="2073" HPOS="646"/>
<SP HEIGHT="52" WIDTH="53" VPOS="2075" HPOS="740"/>
<String CONTENT="University" HEIGHT="54" WIDTH="334" VPOS="2073" HPOS="794"/>
<SP HEIGHT="36" WIDTH="49" VPOS="2090" HPOS="1129"/>
<String CONTENT="of" HEIGHT="51" WIDTH="63" VPOS="2074" HPOS="1179"/>
<SP HEIGHT="55" WIDTH="51" VPOS="2073" HPOS="1243"/>
<String CONTENT="Oklahoma," HEIGHT="66" WIDTH="338" VPOS="2073" HPOS="1295"/>
<SP HEIGHT="67" WIDTH="50" VPOS="2072" HPOS="1634"/>
<String CONTENT="by" HEIGHT="68" WIDTH="73" VPOS="2072" HPOS="1685"/>
<SP HEIGHT="68" WIDTH="51" VPOS="2072" HPOS="1759"/>
<String CONTENT="Margaret" HEIGHT="68" WIDTH="289" VPOS="2072" HPOS="1811"/>
</TextLine>
<TextLine HEIGHT="75" WIDTH="2001" VPOS="2147" HPOS="104" STYLEREFS="StyleId-FA74778C-DA4F-42D3-95FE-9EEF3DEE03DB-">
<String CONTENT="Morse" HEIGHT="55" WIDTH="187" VPOS="2150" HPOS="104"/>
<SP HEIGHT="52" WIDTH="37" VPOS="2153" HPOS="292"/>
<String CONTENT="Nice." HEIGHT="53" WIDTH="154" VPOS="2152" HPOS="330"/>
<SP HEIGHT="51" WIDTH="74" VPOS="2153" HPOS="485"/>
<String CONTENT="A" HEIGHT="51" WIDTH="55" VPOS="2153" HPOS="560"/>
<SP HEIGHT="53" WIDTH="35" VPOS="2151" HPOS="616"/>
<String CONTENT="key" HEIGHT="71" WIDTH="106" VPOS="2150" HPOS="652"/>
<SP HEIGHT="61" WIDTH="34" VPOS="2159" HPOS="759"/>
<String CONTENT="to" HEIGHT="44" WIDTH="58" VPOS="2159" HPOS="794"/>
<SP HEIGHT="43" WIDTH="36" VPOS="2160" HPOS="853"/>
<String CONTENT="the" HEIGHT="52" WIDTH="94" VPOS="2151" HPOS="890"/>
<SP HEIGHT="51" WIDTH="37" VPOS="2151" HPOS="985"/>
<String CONTENT="lizards" HEIGHT="52" WIDTH="211" VPOS="2151" HPOS="1023"/>
<SP HEIGHT="35" WIDTH="37" VPOS="2168" HPOS="1235"/>
<String CONTENT="and" HEIGHT="51" WIDTH="110" VPOS="2152" HPOS="1273"/>
<SP HEIGHT="51" WIDTH="39" VPOS="2152" HPOS="1384"/>
<String CONTENT="snakes" HEIGHT="52" WIDTH="199" VPOS="2150" HPOS="1424"/>
<SP HEIGHT="35" WIDTH="38" VPOS="2167" HPOS="1624"/>
<String CONTENT="of" HEIGHT="52" WIDTH="63" VPOS="2149" HPOS="1663"/>
<SP HEIGHT="56" WIDTH="37" VPOS="2149" HPOS="1727"/>
<String CONTENT="Oklahoma," HEIGHT="56" WIDTH="340" VPOS="2149" HPOS="1765"/>
</TextLine>
<TextLine HEIGHT="77" WIDTH="1998" VPOS="2222" HPOS="104" STYLEREFS="StyleId-FA74778C-DA4F-42D3-95FE-9EEF3DEE03DB-">
<String CONTENT="by" HEIGHT="70" WIDTH="75" VPOS="2229" HPOS="104"/>
<SP HEIGHT="68" WIDTH="48" VPOS="2231" HPOS="180"/>
<String CONTENT="A." HEIGHT="52" WIDTH="68" VPOS="2231" HPOS="229"/>
<SP HEIGHT="52" WIDTH="50" VPOS="2231" HPOS="298"/>
<String CONTENT="I." HEIGHT="52" WIDTH="48" VPOS="2231" HPOS="349"/>
<SP HEIGHT="55" WIDTH="53" VPOS="2229" HPOS="398"/>
<String CONTENT="Ortenburger." HEIGHT="71" WIDTH="409" VPOS="2227" HPOS="452"/>
<SP HEIGHT="57" WIDTH="84" VPOS="2224" HPOS="862"/>
<String CONTENT="Norman," HEIGHT="70" WIDTH="280" VPOS="2224" HPOS="947"/>
<SP HEIGHT="65" WIDTH="53" VPOS="2229" HPOS="1228"/>
<String CONTENT="University" HEIGHT="69" WIDTH="337" VPOS="2227" HPOS="1282"/>
<SP HEIGHT="51" WIDTH="48" VPOS="2245" HPOS="1620"/>
<String CONTENT="of" HEIGHT="53" WIDTH="63" VPOS="2227" HPOS="1669"/>
<SP HEIGHT="57" WIDTH="50" VPOS="2226" HPOS="1733"/>
<String CONTENT="Oklahoma" HEIGHT="56" WIDTH="318" VPOS="2226" HPOS="1784"/>
</TextLine>
<TextLine HEIGHT="65" WIDTH="352" VPOS="2309" HPOS="107" STYLEREFS="StyleId-FA74778C-DA4F-42D3-95FE-9EEF3DEE03DB-">
<String CONTENT="press," HEIGHT="50" WIDTH="170" VPOS="2324" HPOS="107"/>
<SP HEIGHT="61" WIDTH="30" VPOS="2312" HPOS="278"/>
<String CONTENT="1930." HEIGHT="51" WIDTH="150" VPOS="2309" HPOS="309"/>
</TextLine>
<TextLine HEIGHT="54" WIDTH="1933" VPOS="2384" HPOS="176" CS="1">
<String CONTENT="3" HEIGHT="41" WIDTH="26" VPOS="2388" HPOS="176"/>
<SP/>
<String LANG="la" CS="1" CONTENT="p."/>
<SP/>
<String LANG="la" CS="1" CONTENT="l."/>
<String CONTENT="," HEIGHT="18" WIDTH="9" VPOS="2418" HPOS="342"/>
<SP HEIGHT="37" WIDTH="30" VPOS="2399" HPOS="352"/>
<String CONTENT="p." HEIGHT="37" WIDTH="44" VPOS="2399" HPOS="383"/>
<SP HEIGHT="30" WIDTH="31" VPOS="2407" HPOS="428"/>
<String CONTENT="[175]-239" HEIGHT="49" WIDTH="234" VPOS="2388" HPOS="460"/>
<SP HEIGHT="41" WIDTH="29" VPOS="2388" HPOS="695"/>
<String CONTENT="incl." HEIGHT="43" WIDTH="110" VPOS="2387" HPOS="725"/>
<SP HEIGHT="40" WIDTH="30" VPOS="2389" HPOS="836"/>
<String CONTENT="illus.," HEIGHT="45" WIDTH="144" VPOS="2389" HPOS="867"/>
<SP HEIGHT="37" WIDTH="29" VPOS="2399" HPOS="1012"/>
<String CS="1" CONTENT="pl.," HEIGHT="37" WIDTH="77" VPOS="2399" HPOS="1042"/>
<SP HEIGHT="35" WIDTH="30" VPOS="2399" HPOS="1120"/>
<String CONTENT="maps." HEIGHT="39" WIDTH="151" VPOS="2396" HPOS="1151"/>
<SP HEIGHT="41" WIDTH="59" VPOS="2387" HPOS="1303"/>
<String CONTENT="23" HEIGHT="40" WIDTH="55" VPOS="2387" HPOS="1363"/>
<String STYLE="superscript" CS="1" CONTENT="&#7580;&#7504;."/>
<SP HEIGHT="47" WIDTH="71" VPOS="2388" HPOS="1480"/>
<String CONTENT="(Publications" HEIGHT="49" WIDTH="359" VPOS="2386" HPOS="1552"/>
<SP HEIGHT="30" WIDTH="30" VPOS="2397" HPOS="1912"/>
<String CONTENT="of" HEIGHT="40" WIDTH="51" VPOS="2387" HPOS="1943"/>
<SP HEIGHT="39" WIDTH="32" VPOS="2387" HPOS="1995"/>
<String CONTENT="the" HEIGHT="38" WIDTH="81" VPOS="2389" HPOS="2028"/>
</TextLine>
<TextLine HEIGHT="55" WIDTH="1599" VPOS="2441" HPOS="110" CS="1">
<String CONTENT="University" HEIGHT="50" WIDTH="280" VPOS="2443" HPOS="110"/>
<SP HEIGHT="37" WIDTH="30" VPOS="2455" HPOS="391"/>
<String CONTENT="of" HEIGHT="39" WIDTH="52" VPOS="2446" HPOS="421"/>
<SP HEIGHT="40" WIDTH="31" VPOS="2445" HPOS="473"/>
<String CONTENT="Oklahoma" HEIGHT="41" WIDTH="270" VPOS="2444" HPOS="504"/>
<SP HEIGHT="39" WIDTH="31" VPOS="2445" HPOS="774"/>
<String CONTENT="biological" HEIGHT="49" WIDTH="254" VPOS="2444" HPOS="805"/>
<SP HEIGHT="38" WIDTH="31" VPOS="2446" HPOS="1060"/>
<String CONTENT="survey," HEIGHT="39" WIDTH="193" VPOS="2454" HPOS="1092"/>
<SP HEIGHT="29" WIDTH="58" VPOS="2456" HPOS="1286"/>
<String CONTENT="vol." HEIGHT="40" WIDTH="91" VPOS="2445" HPOS="1345"/>
<SP HEIGHT="31" WIDTH="28" VPOS="2454" HPOS="1437"/>
<String CS="1" CONTENT="II," HEIGHT="17" WIDTH="9" VPOS="2475" HPOS="1510"/>
<SP HEIGHT="35" WIDTH="30" VPOS="2457" HPOS="1520"/>
<String CONTENT="no." HEIGHT="30" WIDTH="75" VPOS="2456" HPOS="1551"/>
<SP HEIGHT="40" WIDTH="28" VPOS="2445" HPOS="1627"/>
<String CONTENT="4)" HEIGHT="50" WIDTH="54" VPOS="2443" HPOS="1655"/>
</TextLine>
<TextLine HEIGHT="57" WIDTH="1930" VPOS="2498" HPOS="179" CS="1">
<String CONTENT="The" HEIGHT="41" WIDTH="101" VPOS="2501" HPOS="179"/>
<SP HEIGHT="40" WIDTH="38" VPOS="2501" HPOS="281"/>
<String CONTENT="first," HEIGHT="47" WIDTH="122" VPOS="2501" HPOS="320"/>
<SP HEIGHT="35" WIDTH="40" VPOS="2513" HPOS="443"/>
<String CONTENT="second," HEIGHT="46" WIDTH="189" VPOS="2503" HPOS="484"/>
<SP HEIGHT="37" WIDTH="40" VPOS="2512" HPOS="674"/>
<String CONTENT="and" HEIGHT="39" WIDTH="92" VPOS="2503" HPOS="715"/>
<SP HEIGHT="38" WIDTH="44" VPOS="2503" HPOS="808"/>
<String CONTENT="fourth" HEIGHT="39" WIDTH="169" VPOS="2503" HPOS="853"/>
<SP HEIGHT="47" WIDTH="42" VPOS="2503" HPOS="1023"/>
<String CONTENT="papers" HEIGHT="38" WIDTH="175" VPOS="2512" HPOS="1066"/>
<SP HEIGHT="32" WIDTH="41" VPOS="2511" HPOS="1242"/>
<String CONTENT="are" HEIGHT="30" WIDTH="84" VPOS="2511" HPOS="1284"/>
<SP HEIGHT="40" WIDTH="41" VPOS="2502" HPOS="1369"/>
<String CS="1" CONTENT="Contribution[s]" HEIGHT="52" WIDTH="401" VPOS="2500" HPOS="1411"/>
<SP HEIGHT="50" WIDTH="41" VPOS="2501" HPOS="1813"/>
<String CONTENT="from" HEIGHT="39" WIDTH="126" VPOS="2501" HPOS="1855"/>
<SP HEIGHT="35" WIDTH="47" VPOS="2506" HPOS="1982"/>
<String CONTENT="the" HEIGHT="38" WIDTH="79" VPOS="2503" HPOS="2030"/>
</TextLine>
<TextLine HEIGHT="55" WIDTH="1997" VPOS="2554" HPOS="111">
<String CONTENT="Zoological" HEIGHT="49" WIDTH="269" VPOS="2557" HPOS="111"/>
<SP HEIGHT="38" WIDTH="43" VPOS="2560" HPOS="381"/>
<String CONTENT="laboratory" HEIGHT="48" WIDTH="282" VPOS="2559" HPOS="425"/>
<SP HEIGHT="38" WIDTH="42" VPOS="2569" HPOS="708"/>
<String CONTENT="of" HEIGHT="38" WIDTH="50" VPOS="2560" HPOS="751"/>
<SP HEIGHT="38" WIDTH="42" VPOS="2560" HPOS="802"/>
<String CONTENT="the" HEIGHT="39" WIDTH="81" VPOS="2559" HPOS="845"/>
<SP HEIGHT="40" WIDTH="44" VPOS="2559" HPOS="927"/>
<String CONTENT="University" HEIGHT="51" WIDTH="283" VPOS="2556" HPOS="972"/>
<SP HEIGHT="37" WIDTH="43" VPOS="2569" HPOS="1256"/>
<String CONTENT="of" HEIGHT="39" WIDTH="51" VPOS="2559" HPOS="1300"/>
<SP HEIGHT="41" WIDTH="43" VPOS="2558" HPOS="1352"/>
<String CONTENT="Oklahoma," HEIGHT="47" WIDTH="283" VPOS="2558" HPOS="1396"/>
<SP HEIGHT="36" WIDTH="44" VPOS="2569" HPOS="1680"/>
<String CONTENT="second" HEIGHT="40" WIDTH="173" VPOS="2560" HPOS="1725"/>
<SP HEIGHT="38" WIDTH="44" VPOS="2560" HPOS="1899"/>
<String CONTENT="series," HEIGHT="41" WIDTH="164" VPOS="2559" HPOS="1944"/>
</TextLine>
<TextLine HEIGHT="50" WIDTH="394" VPOS="2613" HPOS="109">
<String CONTENT="no." HEIGHT="30" WIDTH="72" VPOS="2625" HPOS="109"/>
<SP HEIGHT="41" WIDTH="26" VPOS="2615" HPOS="182"/>
<String CONTENT="82," HEIGHT="50" WIDTH="69" VPOS="2613" HPOS="209"/>
<SP HEIGHT="47" WIDTH="26" VPOS="2615" HPOS="279"/>
<String CONTENT="99," HEIGHT="48" WIDTH="69" VPOS="2614" HPOS="306"/>
<SP HEIGHT="46" WIDTH="26" VPOS="2616" HPOS="376"/>
<String CONTENT="102." HEIGHT="41" WIDTH="100" VPOS="2615" HPOS="403"/>
</TextLine>
<TextLine HEIGHT="54" WIDTH="1059" VPOS="2669" HPOS="179">
<String CONTENT="Bibliography" HEIGHT="50" WIDTH="349" VPOS="2670" HPOS="179"/>
<SP HEIGHT="37" WIDTH="25" VPOS="2682" HPOS="529"/>
<String CONTENT="at" HEIGHT="37" WIDTH="53" VPOS="2675" HPOS="555"/>
<SP HEIGHT="37" WIDTH="25" VPOS="2675" HPOS="609"/>
<String CONTENT="end" HEIGHT="39" WIDTH="93" VPOS="2673" HPOS="635"/>
<SP HEIGHT="42" WIDTH="24" VPOS="2672" HPOS="729"/>
<String CONTENT="of" HEIGHT="42" WIDTH="53" VPOS="2671" HPOS="754"/>
<SP HEIGHT="41" WIDTH="24" VPOS="2671" HPOS="808"/>
<String CONTENT="the" HEIGHT="39" WIDTH="81" VPOS="2673" HPOS="833"/>
<SP HEIGHT="40" WIDTH="25" VPOS="2672" HPOS="915"/>
<String CONTENT="first" HEIGHT="40" WIDTH="108" VPOS="2672" HPOS="941"/>
<SP HEIGHT="47" WIDTH="26" VPOS="2674" HPOS="1050"/>
<String CONTENT="paper." HEIGHT="38" WIDTH="161" VPOS="2683" HPOS="1077"/>
</TextLine>
<TextLine HEIGHT="60" WIDTH="2000" VPOS="2734" HPOS="115" CS="1">
<String CONTENT="&#169;" HEIGHT="53" WIDTH="51" VPOS="2738" HPOS="115"/>
<SP HEIGHT="53" WIDTH="29" VPOS="2738" HPOS="167"/>
<String CONTENT="Dec." HEIGHT="43" WIDTH="110" VPOS="2742" HPOS="197"/>
<SP HEIGHT="40" WIDTH="28" VPOS="2744" HPOS="308"/>
<String CONTENT="15," HEIGHT="46" WIDTH="67" VPOS="2743" HPOS="337"/>
<SP HEIGHT="44" WIDTH="29" VPOS="2745" HPOS="405"/>
<String CONTENT="1930;" HEIGHT="45" WIDTH="138" VPOS="2742" HPOS="435"/>
<SP HEIGHT="44" WIDTH="30" VPOS="2743" HPOS="574"/>
<String CONTENT="2c." HEIGHT="39" WIDTH="66" VPOS="2743" HPOS="605"/>
<SP HEIGHT="38" WIDTH="28" VPOS="2744" HPOS="672"/>
<String CONTENT="Feb." HEIGHT="41" WIDTH="108" VPOS="2742" HPOS="701"/>
<SP HEIGHT="38" WIDTH="30" VPOS="2744" HPOS="810"/>
<String CONTENT="16," HEIGHT="46" WIDTH="67" VPOS="2743" HPOS="841"/>
<SP HEIGHT="45" WIDTH="28" VPOS="2744" HPOS="909"/>
<String CS="1" CONTENT="1931;" HEIGHT="41" WIDTH="111" VPOS="2741" HPOS="938"/>
<SP HEIGHT="31" WIDTH="30" VPOS="2753" HPOS="1078"/>
<String CONTENT="aff." HEIGHT="40" WIDTH="82" VPOS="2742" HPOS="1109"/>
<SP HEIGHT="39" WIDTH="29" VPOS="2743" HPOS="1192"/>
<String CONTENT="Feb." HEIGHT="42" WIDTH="111" VPOS="2742" HPOS="1222"/>
<SP HEIGHT="39" WIDTH="27" VPOS="2744" HPOS="1334"/>
<String CONTENT="14;" HEIGHT="47" WIDTH="82" VPOS="2743" HPOS="1362"/>
<SP HEIGHT="46" WIDTH="30" VPOS="2744" HPOS="1445"/>
<!-- cceid E0828B4A-6E8D-1014-9CF5-AEB3FCA41D69 --><String CONTENT="A" HEIGHT="38" WIDTH="42" VPOS="2744" HPOS="1476"/>
<SP HEIGHT="41" WIDTH="25" VPOS="2743" HPOS="1519"/>
<String CONTENT="35086;" HEIGHT="48" WIDTH="171" VPOS="2743" HPOS="1545"/>
<SP HEIGHT="47" WIDTH="33" VPOS="2744" HPOS="1717"/>
<String CONTENT="University" HEIGHT="44" WIDTH="282" VPOS="2741" HPOS="1751"/>
<SP HEIGHT="28" WIDTH="28" VPOS="2754" HPOS="2034"/>
<String CONTENT="of" HEIGHT="38" WIDTH="52" VPOS="2744" HPOS="2063"/>
</TextLine>
<TextLine HEIGHT="53" WIDTH="772" VPOS="2797" HPOS="184">
<String CONTENT="Oklahoma" HEIGHT="42" WIDTH="267" VPOS="2798" HPOS="184"/>
<SP HEIGHT="37" WIDTH="33" VPOS="2811" HPOS="452"/>
<String CONTENT="press." HEIGHT="37" WIDTH="149" VPOS="2811" HPOS="486"/>
<SP HEIGHT="48" WIDTH="69" VPOS="2799" HPOS="636"/>
<String CONTENT="(31-6250)" HEIGHT="51" WIDTH="250" VPOS="2798" HPOS="706"/>
</TextLine>
<TextLine HEIGHT="65" WIDTH="474" VPOS="2895" HPOS="109" STYLEREFS="StyleId-B618B2FF-1943-46A5-A3EB-C5A7B3541822-">
<String CONTENT="Parker," HEIGHT="65" WIDTH="240" VPOS="2895" HPOS="109"/>
<SP HEIGHT="63" WIDTH="29" VPOS="2896" HPOS="350"/>
<String CONTENT="Helen." HEIGHT="55" WIDTH="203" VPOS="2895" HPOS="380"/>
</TextLine>
<TextLine HEIGHT="74" WIDTH="1934" VPOS="2971" HPOS="183" STYLEREFS="StyleId-FA74778C-DA4F-42D3-95FE-9EEF3DEE03DB-">
<String CONTENT="Arno" HEIGHT="53" WIDTH="159" VPOS="2975" HPOS="183"/>
<SP HEIGHT="36" WIDTH="30" VPOS="2991" HPOS="343"/>
<String CONTENT="art" HEIGHT="43" WIDTH="88" VPOS="2982" HPOS="374"/>
<SP HEIGHT="43" WIDTH="33" VPOS="2982" HPOS="463"/>
<String CONTENT="studies:" HEIGHT="55" WIDTH="241" VPOS="2973" HPOS="497"/>
<SP HEIGHT="34" WIDTH="35" VPOS="2993" HPOS="739"/>
<String CONTENT="a" HEIGHT="33" WIDTH="27" VPOS="2994" HPOS="775"/>
<SP HEIGHT="33" WIDTH="35" VPOS="2994" HPOS="803"/>
<String CONTENT="course" HEIGHT="35" WIDTH="192" VPOS="2992" HPOS="839"/>
<SP HEIGHT="51" WIDTH="30" VPOS="2977" HPOS="1032"/>
<String CONTENT="in" HEIGHT="51" WIDTH="59" VPOS="2977" HPOS="1063"/>
<SP HEIGHT="50" WIDTH="32" VPOS="2993" HPOS="1123"/>
<String CONTENT="picture" HEIGHT="70" WIDTH="220" VPOS="2973" HPOS="1156"/>
<SP HEIGHT="34" WIDTH="33" VPOS="2993" HPOS="1377"/>
<String CONTENT="appreciation." HEIGHT="68" WIDTH="410" VPOS="2974" HPOS="1411"/>
<SP HEIGHT="52" WIDTH="69" VPOS="2975" HPOS="1822"/>
<String CONTENT="Editor." HEIGHT="54" WIDTH="225" VPOS="2975" HPOS="1892"/>
</TextLine>
<TextLine HEIGHT="77" WIDTH="2001" VPOS="3048" HPOS="111" STYLEREFS="StyleId-FA74778C-DA4F-42D3-95FE-9EEF3DEE03DB-" CS="1">
<String CONTENT="Helen" HEIGHT="54" WIDTH="184" VPOS="3051" HPOS="111"/>
<SP HEIGHT="49" WIDTH="29" VPOS="3054" HPOS="296"/>
<String CONTENT="Parker" HEIGHT="53" WIDTH="217" VPOS="3051" HPOS="326"/>
<SP HEIGHT="32" WIDTH="35" VPOS="3072" HPOS="544"/>
<String CS="1" CONTENT="&#8230;"/>
<SP HEIGHT="33" WIDTH="84" VPOS="3086" HPOS="635"/>
<String CS="1" CONTENT="[v." HEIGHT="34" WIDTH="50" VPOS="3071" HPOS="738"/>
<SP HEIGHT="50" WIDTH="31" VPOS="3055" HPOS="789"/>
<String CONTENT="3." HEIGHT="48" WIDTH="46" VPOS="3055" HPOS="821"/>
<SP HEIGHT="50" WIDTH="41" VPOS="3053" HPOS="868"/>
<String CONTENT="French," HEIGHT="67" WIDTH="238" VPOS="3053" HPOS="910"/>
<SP HEIGHT="68" WIDTH="32" VPOS="3052" HPOS="1149"/>
<String CONTENT="Spanish]" HEIGHT="70" WIDTH="269" VPOS="3051" HPOS="1182"/>
<SP HEIGHT="66" WIDTH="80" VPOS="3053" HPOS="1452"/>
<String CONTENT="Chicago," HEIGHT="70" WIDTH="270" VPOS="3052" HPOS="1533"/>
<SP HEIGHT="58" WIDTH="29" VPOS="3055" HPOS="1804"/>
<String CONTENT="Arno" HEIGHT="51" WIDTH="162" VPOS="3055" HPOS="1834"/>
<SP HEIGHT="34" WIDTH="29" VPOS="3073" HPOS="1997"/>
<String CONTENT="art" HEIGHT="45" WIDTH="85" VPOS="3062" HPOS="2027"/>
</TextLine>
<TextLine HEIGHT="67" WIDTH="447" VPOS="3129" HPOS="111" STYLEREFS="StyleId-FA74778C-DA4F-42D3-95FE-9EEF3DEE03DB-" CS="1">
<String CONTENT="institute" HEIGHT="53" WIDTH="259" VPOS="3129" HPOS="111"/>
<SP HEIGHT="47" WIDTH="35" VPOS="3148" HPOS="371"/>
<String CS="1" CONTENT="[1931]" HEIGHT="50" WIDTH="131" VPOS="3132" HPOS="427"/>
</TextLine>
<TextLine HEIGHT="58" WIDTH="1781" VPOS="3205" HPOS="187" CS="1">
<String CONTENT="vi.," HEIGHT="49" WIDTH="93" VPOS="3209" HPOS="187"/>
<SP/>
<String CONTENT="219" HEIGHT="42" WIDTH="90" VPOS="3208" HPOS="280"/>
<SP HEIGHT="49" WIDTH="35" VPOS="3208" HPOS="371"/>
<String CONTENT="p." HEIGHT="36" WIDTH="42" VPOS="3221" HPOS="407"/>
<SP HEIGHT="29" WIDTH="60" VPOS="3220" HPOS="450"/>
<String CONTENT="mounted" HEIGHT="39" WIDTH="227" VPOS="3211" HPOS="511"/>
<SP HEIGHT="38" WIDTH="38" VPOS="3211" HPOS="739"/>
<String CONTENT="col." HEIGHT="39" WIDTH="85" VPOS="3212" HPOS="778"/>
<SP HEIGHT="41" WIDTH="36" VPOS="3210" HPOS="864"/>
<String CONTENT="front.," HEIGHT="44" WIDTH="163" VPOS="3210" HPOS="901"/>
<SP HEIGHT="36" WIDTH="39" VPOS="3222" HPOS="1065"/>
<String CONTENT="plates" HEIGHT="48" WIDTH="157" VPOS="3210" HPOS="1105"/>
<SP HEIGHT="48" WIDTH="27" VPOS="3211" HPOS="1263"/>
<String CONTENT="(part" HEIGHT="48" WIDTH="136" VPOS="3211" HPOS="1291"/>
<SP HEIGHT="37" WIDTH="35" VPOS="3214" HPOS="1428"/>
<String CONTENT="col." HEIGHT="40" WIDTH="86" VPOS="3212" HPOS="1464"/>
<SP HEIGHT="30" WIDTH="38" VPOS="3222" HPOS="1551"/>
<String CONTENT="mounted)" HEIGHT="49" WIDTH="254" VPOS="3211" HPOS="1590"/>
<SP HEIGHT="48" WIDTH="67" VPOS="3211" HPOS="1845"/>
<String CS="1" CONTENT="25&#189;" HEIGHT="40" WIDTH="55" VPOS="3211" HPOS="1913"/>
<String STYLE="superscript" CS="1" CONTENT="&#7580;&#7504;."/>
</TextLine>
<TextLine HEIGHT="62" WIDTH="1997" VPOS="3270" HPOS="119" CS="1">
<String CONTENT="&#169;" HEIGHT="53" WIDTH="54" VPOS="3274" HPOS="119"/>
<SP HEIGHT="53" WIDTH="27" VPOS="3274" HPOS="174"/>
<String CONTENT="Feb." HEIGHT="41" WIDTH="108" VPOS="3278" HPOS="202"/>
<SP HEIGHT="38" WIDTH="30" VPOS="3280" HPOS="311"/>
<String CONTENT="15," HEIGHT="42" WIDTH="66" VPOS="3279" HPOS="342"/>
<SP HEIGHT="40" WIDTH="31" VPOS="3281" HPOS="409"/>
<String CS="1" CONTENT="1931;" HEIGHT="40" WIDTH="109" VPOS="3278" HPOS="441"/>
<SP HEIGHT="38" WIDTH="28" VPOS="3281" HPOS="581"/>
<String CONTENT="2c." HEIGHT="39" WIDTH="67" VPOS="3281" HPOS="610"/>
<SP HEIGHT="40" WIDTH="30" VPOS="3280" HPOS="678"/>
<String CONTENT="Feb." HEIGHT="42" WIDTH="109" VPOS="3279" HPOS="709"/>
<SP HEIGHT="40" WIDTH="27" VPOS="3280" HPOS="819"/>
<String CS="1" CONTENT="20;" HEIGHT="38" WIDTH="56" VPOS="3280" HPOS="847"/>
<SP HEIGHT="30" WIDTH="30" VPOS="3291" HPOS="930"/>
<String CONTENT="aff." HEIGHT="40" WIDTH="82" VPOS="3281" HPOS="961"/>
<SP HEIGHT="40" WIDTH="30" VPOS="3281" HPOS="1044"/>
<String CONTENT="Feb." HEIGHT="40" WIDTH="110" VPOS="3281" HPOS="1075"/>
<SP HEIGHT="41" WIDTH="27" VPOS="3280" HPOS="1186"/>
<String CS="1" CONTENT="21;" HEIGHT="41" WIDTH="55" VPOS="3279" HPOS="1214"/>
<SP HEIGHT="41" WIDTH="31" VPOS="3281" HPOS="1298"/>
<!-- cceid E0834FFF-6E8D-1014-9CF5-AEB3FCA41D69 --><String CONTENT="A" HEIGHT="39" WIDTH="39" VPOS="3281" HPOS="1330"/>
<SP HEIGHT="40" WIDTH="28" VPOS="3281" HPOS="1370"/>
<String CONTENT="34481;" HEIGHT="48" WIDTH="171" VPOS="3281" HPOS="1399"/>
<SP HEIGHT="47" WIDTH="32" VPOS="3282" HPOS="1571"/>
<String CONTENT="Arno" HEIGHT="40" WIDTH="131" VPOS="3282" HPOS="1604"/>
<SP HEIGHT="30" WIDTH="29" VPOS="3292" HPOS="1736"/>
<String CONTENT="art" HEIGHT="38" WIDTH="78" VPOS="3285" HPOS="1766"/>
<SP HEIGHT="41" WIDTH="30" VPOS="3281" HPOS="1845"/>
<String CONTENT="institute." HEIGHT="42" WIDTH="240" VPOS="3281" HPOS="1876"/>
</TextLine>
<TextLine HEIGHT="67" WIDTH="872" VPOS="3386" HPOS="114" STYLEREFS="StyleId-B618B2FF-1943-46A5-A3EB-C5A7B3541822-">
<String CONTENT="Pike," HEIGHT="62" WIDTH="159" VPOS="3387" HPOS="114"/>
<SP HEIGHT="58" WIDTH="28" VPOS="3390" HPOS="274"/>
<String CONTENT="Joseph" HEIGHT="64" WIDTH="221" VPOS="3388" HPOS="303"/>
<SP HEIGHT="52" WIDTH="26" VPOS="3388" HPOS="525"/>
<String CONTENT="Brown," HEIGHT="60" WIDTH="231" VPOS="3388" HPOS="552"/>
<SP HEIGHT="49" WIDTH="32" VPOS="3398" HPOS="784"/>
<String CONTENT="1866-" HEIGHT="49" WIDTH="169" VPOS="3395" HPOS="817"/>
</TextLine>
<TextLine HEIGHT="146" WIDTH="1977" VPOS="3460" HPOS="113" STYLEREFS="StyleId-FA74778C-DA4F-42D3-95FE-9EEF3DEE03DB-" CS="1">
<String CONTENT="Classical" HEIGHT="55" WIDTH="275" VPOS="3463" HPOS="183"/>
<SP HEIGHT="53" WIDTH="32" VPOS="3465" HPOS="458"/>
<String CONTENT="studies" HEIGHT="53" WIDTH="216" VPOS="3466" HPOS="490"/>
<SP HEIGHT="51" WIDTH="31" VPOS="3468" HPOS="706"/>
<String CONTENT="&amp;" HEIGHT="50" WIDTH="47" VPOS="3468" HPOS="737"/>
<SP HEIGHT="50" WIDTH="31" VPOS="3468" HPOS="784"/>
<String CONTENT="sketches," HEIGHT="67" WIDTH="272" VPOS="3467" HPOS="815"/>
<SP HEIGHT="67" WIDTH="32" VPOS="3467" HPOS="1087"/>
<String CONTENT="by" HEIGHT="69" WIDTH="75" VPOS="3467" HPOS="1119"/>
<SP HEIGHT="67" WIDTH="33" VPOS="3469" HPOS="1194"/>
<String CONTENT="Joseph" HEIGHT="69" WIDTH="216" VPOS="3468" HPOS="1227"/>
<SP HEIGHT="51" WIDTH="40" VPOS="3469" HPOS="1443"/>
<String CONTENT="B." HEIGHT="50" WIDTH="66" VPOS="3470" HPOS="1483"/>
<SP HEIGHT="51" WIDTH="34" VPOS="3470" HPOS="1549"/>
<String CONTENT="Pike." HEIGHT="53" WIDTH="161" VPOS="3469" HPOS="1583"/>
<SP HEIGHT="53" WIDTH="71" VPOS="3469" HPOS="1744"/>
<String CONTENT="Minneapolis," HEIGHT="137" WIDTH="1977" VPOS="3469" HPOS="113"/>
</TextLine>
<TextLine HEIGHT="75" WIDTH="1342" VPOS="3540" HPOS="268" STYLEREFS="StyleId-FA74778C-DA4F-42D3-95FE-9EEF3DEE03DB-" CS="1">
<String CONTENT="The" HEIGHT="53" WIDTH="119" VPOS="3542" HPOS="268"/>
<SP HEIGHT="53" WIDTH="31" VPOS="3543" HPOS="388"/>
<String CONTENT="University" HEIGHT="63" WIDTH="338" VPOS="3542" HPOS="420"/>
<SP HEIGHT="43" WIDTH="29" VPOS="3561" HPOS="759"/>
<String CONTENT="of" HEIGHT="52" WIDTH="64" VPOS="3543" HPOS="789"/>
<SP HEIGHT="52" WIDTH="30" VPOS="3543" HPOS="854"/>
<String CONTENT="Minnesota" HEIGHT="53" WIDTH="323" VPOS="3544" HPOS="885"/>
<SP HEIGHT="51" WIDTH="33" VPOS="3563" HPOS="1209"/>
<String CONTENT="press" HEIGHT="51" WIDTH="156" VPOS="3563" HPOS="1243"/>
<SP HEIGHT="48" WIDTH="38" VPOS="3565" HPOS="1400"/>
<String CS="1" CONTENT="["/>
<String STYLE="superscript" CS="1" CONTENT="&#7580;1"/>
<String CS="1" CONTENT="931]" HEIGHT="48" WIDTH="97" VPOS="3550" HPOS="1513"/>
</TextLine>
<TextLine HEIGHT="50" WIDTH="349" VPOS="3624" HPOS="187" CS="1">
<String CONTENT="vii," HEIGHT="48" WIDTH="80" VPOS="3624" HPOS="187"/>
<SP/>
<String CONTENT="176" HEIGHT="41" WIDTH="87" VPOS="3624" HPOS="295"/>
<SP HEIGHT="49" WIDTH="23" VPOS="3624" HPOS="383"/>
<String CONTENT="p." HEIGHT="37" WIDTH="45" VPOS="3636" HPOS="407"/>
<SP HEIGHT="40" WIDTH="57" VPOS="3625" HPOS="453"/>
<String CS="1" CONTENT="20&#189;" HEIGHT="39" WIDTH="25" VPOS="3625" HPOS="511"/>
<String STYLE="superscript" CS="1" CONTENT="&#7580;&#7504;."/>
</TextLine>
<TextLine HEIGHT="56" WIDTH="1651" VPOS="3679" HPOS="463" CS="1">
<String CS="1" CONTENT="CONTENTS.&#8212;Verona" HEIGHT="40" WIDTH="250" VPOS="3682" HPOS="463"/>
<SP HEIGHT="31" WIDTH="29" VPOS="3691" HPOS="714"/>
<String CONTENT="and" HEIGHT="38" WIDTH="95" VPOS="3684" HPOS="744"/>
<SP HEIGHT="40" WIDTH="30" VPOS="3683" HPOS="840"/>
<String CONTENT="Catullus.&#8212;Giacomo" HEIGHT="44" WIDTH="531" VPOS="3682" HPOS="871"/>
<SP HEIGHT="39" WIDTH="27" VPOS="3686" HPOS="1403"/>
<String LANG="fr" CONTENT="Boni." HEIGHT="40" WIDTH="137" VPOS="3685" HPOS="1431"/>
<String CONTENT="&#8212;Pliny" HEIGHT="48" WIDTH="202" VPOS="3685" HPOS="1571"/>
<SP HEIGHT="38" WIDTH="27" VPOS="3695" HPOS="1774"/>
<String CONTENT="and" HEIGHT="39" WIDTH="93" VPOS="3686" HPOS="1802"/>
<SP HEIGHT="39" WIDTH="32" VPOS="3686" HPOS="1896"/>
<String CONTENT="Roman" HEIGHT="40" WIDTH="185" VPOS="3686" HPOS="1929"/>
</TextLine>
<TextLine HEIGHT="60" WIDTH="1999" VPOS="3733" HPOS="117">
<String CONTENT="society" HEIGHT="49" WIDTH="182" VPOS="3736" HPOS="117"/>
<SP HEIGHT="36" WIDTH="31" VPOS="3748" HPOS="300"/>
<String CONTENT="of" HEIGHT="39" WIDTH="52" VPOS="3738" HPOS="332"/>
<SP HEIGHT="39" WIDTH="33" VPOS="3738" HPOS="385"/>
<String CONTENT="the" HEIGHT="39" WIDTH="82" VPOS="3738" HPOS="419"/>
<SP HEIGHT="39" WIDTH="31" VPOS="3738" HPOS="502"/>
<String CONTENT="first" HEIGHT="39" WIDTH="107" VPOS="3738" HPOS="534"/>
<SP HEIGHT="38" WIDTH="33" VPOS="3741" HPOS="642"/>
<String CONTENT="century.&#8212;Seneca.&#8212;Roman" HEIGHT="47" WIDTH="727" VPOS="3739" HPOS="676"/>
<SP HEIGHT="30" WIDTH="34" VPOS="3751" HPOS="1404"/>
<String CONTENT="epistolography" HEIGHT="50" WIDTH="395" VPOS="3740" HPOS="1439"/>
<SP HEIGHT="47" WIDTH="33" VPOS="3742" HPOS="1835"/>
<String CONTENT="from" HEIGHT="40" WIDTH="127" VPOS="3742" HPOS="1869"/>
<SP HEIGHT="36" WIDTH="38" VPOS="3746" HPOS="1997"/>
<String CONTENT="the" HEIGHT="38" WIDTH="80" VPOS="3744" HPOS="2036"/>
</TextLine>
<TextLine HEIGHT="58" WIDTH="1999" VPOS="3790" HPOS="117">
<String CONTENT="earliest" HEIGHT="42" WIDTH="198" VPOS="3793" HPOS="117"/>
<SP HEIGHT="37" WIDTH="41" VPOS="3797" HPOS="316"/>
<String CONTENT="times" HEIGHT="40" WIDTH="142" VPOS="3794" HPOS="358"/>
<SP HEIGHT="36" WIDTH="41" VPOS="3798" HPOS="501"/>
<String CONTENT="to" HEIGHT="36" WIDTH="47" VPOS="3798" HPOS="543"/>
<SP HEIGHT="36" WIDTH="38" VPOS="3798" HPOS="591"/>
<String CONTENT="the" HEIGHT="39" WIDTH="82" VPOS="3796" HPOS="630"/>
<SP HEIGHT="31" WIDTH="39" VPOS="3804" HPOS="713"/>
<String CONTENT="age" HEIGHT="38" WIDTH="88" VPOS="3804" HPOS="753"/>
<SP HEIGHT="29" WIDTH="40" VPOS="3806" HPOS="842"/>
<String CONTENT="of" HEIGHT="39" WIDTH="51" VPOS="3796" HPOS="883"/>
<SP HEIGHT="39" WIDTH="42" VPOS="3796" HPOS="935"/>
<String LANG="de" CONTENT="Sidonius." HEIGHT="41" WIDTH="241" VPOS="3796" HPOS="978"/>
<String CONTENT="&#8212;Classical" HEIGHT="42" WIDTH="296" VPOS="3796" HPOS="1222"/>
<SP HEIGHT="46" WIDTH="43" VPOS="3799" HPOS="1519"/>
<String CONTENT="predecessors" HEIGHT="47" WIDTH="335" VPOS="3798" HPOS="1563"/>
<SP HEIGHT="29" WIDTH="41" VPOS="3810" HPOS="1899"/>
<String CONTENT="of" HEIGHT="39" WIDTH="51" VPOS="3800" HPOS="1941"/>
<SP HEIGHT="38" WIDTH="40" VPOS="3800" HPOS="1993"/>
<String CONTENT="the" HEIGHT="39" WIDTH="82" VPOS="3800" HPOS="2034"/>
</TextLine>
<TextLine HEIGHT="55" WIDTH="1996" VPOS="3846" HPOS="118">
<String CONTENT="short" HEIGHT="42" WIDTH="136" VPOS="3849" HPOS="118"/>
<SP HEIGHT="36" WIDTH="36" VPOS="3854" HPOS="255"/>
<String CONTENT="story.&#8212;A" HEIGHT="46" WIDTH="252" VPOS="3851" HPOS="292"/>
<SP HEIGHT="40" WIDTH="38" VPOS="3851" HPOS="545"/>
<String CONTENT="Greek" HEIGHT="42" WIDTH="156" VPOS="3850" HPOS="584"/>
<SP HEIGHT="40" WIDTH="37" VPOS="3851" HPOS="741"/>
<String CONTENT="conception" HEIGHT="47" WIDTH="279" VPOS="3852" HPOS="779"/>
<SP HEIGHT="28" WIDTH="39" VPOS="3863" HPOS="1059"/>
<String CONTENT="of" HEIGHT="38" WIDTH="51" VPOS="3853" HPOS="1099"/>
<SP HEIGHT="39" WIDTH="38" VPOS="3853" HPOS="1151"/>
<String CONTENT="the" HEIGHT="39" WIDTH="81" VPOS="3853" HPOS="1190"/>
<SP HEIGHT="29" WIDTH="36" VPOS="3864" HPOS="1272"/>
<String CONTENT="constitution" HEIGHT="41" WIDTH="319" VPOS="3853" HPOS="1309"/>
<SP HEIGHT="28" WIDTH="37" VPOS="3865" HPOS="1629"/>
<String CONTENT="of" HEIGHT="40" WIDTH="51" VPOS="3854" HPOS="1667"/>
<SP HEIGHT="40" WIDTH="37" VPOS="3854" HPOS="1719"/>
<String CONTENT="matter.&#8212;Can" HEIGHT="41" WIDTH="357" VPOS="3856" HPOS="1757"/>
</TextLine>
<TextLine HEIGHT="56" WIDTH="1635" VPOS="3904" HPOS="118">
<String CONTENT="Latin" HEIGHT="41" WIDTH="144" VPOS="3906" HPOS="118"/>
<SP HEIGHT="39" WIDTH="28" VPOS="3908" HPOS="263"/>
<String CONTENT="be" HEIGHT="39" WIDTH="57" VPOS="3908" HPOS="292"/>
<SP HEIGHT="29" WIDTH="29" VPOS="3918" HPOS="350"/>
<String CONTENT="revived" HEIGHT="39" WIDTH="195" VPOS="3908" HPOS="380"/>
<SP HEIGHT="38" WIDTH="28" VPOS="3909" HPOS="576"/>
<String CONTENT="as" HEIGHT="29" WIDTH="56" VPOS="3918" HPOS="605"/>
<SP HEIGHT="38" WIDTH="29" VPOS="3910" HPOS="662"/>
<String CONTENT="the" HEIGHT="40" WIDTH="81" VPOS="3908" HPOS="692"/>
<SP HEIGHT="40" WIDTH="28" VPOS="3907" HPOS="774"/>
<String CONTENT="international" HEIGHT="42" WIDTH="351" VPOS="3907" HPOS="803"/>
<SP HEIGHT="38" WIDTH="30" VPOS="3910" HPOS="1155"/>
<String CONTENT="language" HEIGHT="49" WIDTH="240" VPOS="3909" HPOS="1186"/>
<SP HEIGHT="29" WIDTH="27" VPOS="3921" HPOS="1427"/>
<String CONTENT="of" HEIGHT="39" WIDTH="52" VPOS="3911" HPOS="1455"/>
<SP HEIGHT="40" WIDTH="27" VPOS="3911" HPOS="1508"/>
<String CONTENT="science?" HEIGHT="42" WIDTH="217" VPOS="3910" HPOS="1536"/>
</TextLine>
</TextBlock>
</PrintSpace>
</Page>
</Layout>
</alto>