2505 4370
1249 4059 105 52 430

299 411 244 66 Robins,
575 412 238 56 Denise.

369 487 1953 76 Crowns, pounds, and guineas, by Denise Robins … London,
294 565 164 57 Mills
485 568 46 52 &
560 567 180 70 Boon,
770 567 225 55 limited
1030 572 174 67 [1931]

365 647 89 41 254
489 658 44 39 p.
732 680 10 10 19½ᶜᵐ.

305 718 2019 58 © 1c. Mar. 14, 1931; A ad int. 14832; pubd. Jan. 16; D. Robins, London.
383 779 254 49 (31-7630)

367 888 184 54 Fever
592 888 66 54 of
698 889 144 68 love,
880 889 76 70 by
998 890 211 53 Denise
1251 889 236 54 Robins.
1563 889 262 70 London,
1866 891 163 54 Mills
2070 895 47 51 &
2159 892 162 52 Boon

296 967 226 54 limited
560 971 174 64 [1931]

365 1051 343 50 254 p. 19 ᶜᵐ .
304 1120 2020 56 © 1c. Mar. 21, 1931; A ad int. 14864; pubd. Jan. 23; D. Robins, London.
383 1181 253 49 (31-8686)

296 1291 324 66 Robinson,
651 1292 209 53 Edwin
890 1291 341 66 Arlington,
1263 1296 173 51 1869-

427 1367 1890 72 … Poems, selected, with a preface, by Bliss Perry. New
294 1447 1198 71 York, The Macmillan company, 1931.
364 1527 461 50 xi, 304 p. 20½ ᶜᵐ .
301 1599 52 53 ©
391 1604 117 48 Apr.
545 1605 40 47 7,
625 1602 142 49 1931;
807 1602 66 41 2c.
914 1604 96 39 and
1049 1602 83 42 aff.
1170 1602 116 49 Apr.
1326 1602 51 47 8;
1419 1601 41 40 A
1497 1602 173 48 36370;
1712 1604 53 41 E.
1805 1603 55 42 A.
1900 1604 264 43 Robinson,
2205 1605 117 40 New

369 1662 148 40 York.
592 1660 283 49 (31-26742)

301 1774 360 69 [Robynson,
693 1776 140 51 Mrs.
866 1773 158 53 Belle
1057 1773 246 53 Hedden
1344 1772 427 69 (Joralemon)]
1811 1779 171 50 1880-

364 1849 1955 72 Frances, by her mother … [Cincinnati, Eaton publishing
293 1932 511 67 company, ᶜ193 0]
362 2009 898 50 106 p. incl. mounted port. 23 ᶜᵐ .
301 2079 51 53 ©
380 2084 119 40 Nov.
526 2083 70 49 21,
625 2082 142 47 1930;
797 2083 66 40 2c.
893 2083 117 40 Nov.
1038 2082 84 47 26;
1153 2082 83 42 aff.
1265 2082 117 41 Nov.
1410 2081 84 48 25;
1525 2082 41 40 A
1592 2082 172 48 31448;
1796 2083 54 42 B.
1879 2083 61 42 H.
1970 2083 44 41 J.
2043 2083 276 49 Robynson,

369 2140 295 42 Cincinnati.
736 2140 252 49 (31-6614)

292 2250 270 65 Rolland,
593 2250 272 66 Romain,
898 2255 169 50 1866-

427 2326 1888 73 … Goethe and Beethoven, translated from the French by
293 2406 2020 70 G. A. Pfister and E. S. Kemp … New York and London,
290 2485 237 69 Harper
557 2488 51 50 &
636 2485 281 68 brothers,
948 2488 151 51 1931.

367 2579 82 37 xx,
484 2567 88 40 254
608 2578 43 38 p.
730 2567 130 41 illus.
889 2566 136 48 (incl.
1062 2566 180 48 music)
1289 2567 158 47 plates
1477 2566 136 48 (part
1650 2565 199 49 double)
1895 2568 164 47 ports.,
2098 2567 217 43 facsims.

303 2624 48 50 (1
384 2625 203 48 double;
619 2625 111 41 incl.
758 2623 180 49 music)
1007 2625 148 40 24½ᶜᵐ.

365 2695 166 41 “First
562 2694 229 42 edition.”

366 2752 162 42 “Four
556 2762 169 37 essays
755 2762 221 39 compose
1007 2751 99 41 this
1137 2751 138 41 book.
1337 2752 102 40 The
1468 2751 108 40 first
1606 2751 97 41 and
1735 2752 80 40 the
1847 2752 189 47 longest
2067 2762 101 29 was
2200 2761 115 30 once

293 2810 260 49 published
586 2810 51 40 in
671 2810 81 41 the
788 2808 179 43 review
1003 2808 224 50 ‘Europa’;
1294 2809 23 39 I
1351 2809 125 39 have
1512 2808 188 42 revised
1734 2809 97 41 and
1866 2810 270 48 completed
2172 2808 144 40 it.”—

294 2869 223 48 Prelude,
545 2880 43 37 p.
616 2866 100 42 xix.

742 2936 1572 43 CONTENTS. —Goethe and Beethoven. — Goethe’s silence.—Goethe the
294 2994 255 43 musician.
567 3018 62 6 —
645 2995 216 42 Bettina.
863 2994 394 49 —Appendices:
1326 3029 9 8 I.
1380 2995 101 40 The
1527 2994 385 41 “Marseillaise”
1957 2994 50 40 in
2054 2994 260 48 Germany,

338 3051 739 43 II . Bettina’s letter on music.
299 3120 52 53 ©
380 3125 117 48 Apr.
525 3126 39 47 1,
593 3123 142 48 1931;
766 3124 67 41 2c.
863 3124 113 48 Apr.
1007 3125 52 45 1;
1091 3123 82 40 aff.
1203 3124 115 47 Apr.
1347 3123 53 40 3:
1433 3123 42 39 A
1500 3122 172 49 36270;
1705 3124 197 48 Harper
1931 3123 37 41 &
1996 3124 128 41 bros.

376 3181 287 49 (31-26703)

292 3276 237 65 Rorem,
562 3276 280 55 Clarence
869 3276 218 65 Rufus,
1119 3282 173 49 1894-

361 3353 1949 72 Accounting method, by C. Rufus Rorem … 2d ed. With
290 3433 368 53 Alternative
686 3432 333 70 laboratory
1050 3432 291 70 exercises,
1370 3434 76 68 by
1476 3434 90 53 W.
1598 3434 56 55 J.
1687 3433 274 55 Graham.
2039 3432 272 71 Chicago,

291 3509 1427 71 Ill., The University of Chicago press [ᶜ193 0]
363 3591 118 50 xvii,
510 3592 85 41 644
622 3604 43 37 p.
693 3592 111 42 incl.
835 3592 194 49 diagrs.,
1057 3592 169 41 forms.
1288 3593 148 40 23½ᶜᵐ.
1506 3591 302 50 (Half-title:
1835 3593 258 40 Materials
2122 3593 79 40 for
2231 3594 80 40 the

293 3650 149 47 study
469 3649 54 42 of
547 3648 249 49 business)

368 3719 337 42 “Alternative
744 3720 285 48 laboratory
1069 3720 288 49 exercises”,
1396 3720 62 48 by
1497 3721 72 40 W.
1611 3720 44 41 J.
1696 3720 216 41 Graham
1963 3720 67 49 (p.
2073 3719 229 48 539-587)

295 3777 103 43 also
425 3776 258 48 published
711 3778 293 47 separately.

368 3832 354 50 Bibliography:
780 3845 43 37 p.
853 3833 218 42 535-536.

299 3898 52 53 ©
385 3903 120 41 Nov.
538 3903 69 49 25,
643 3903 140 49 1930;
820 3904 67 43 2c.
923 3905 110 40 Feb.
1067 3904 67 43 19,
1171 3904 107 40 1931;
1351 3904 81 41 aff.
1469 3906 120 38 Mar.
1625 3904 83 47 30;
1745 3905 39 39 A
1820 3903 145 43 33839;
2029 3903 284 47 University

366 3960 54 41 of
449 3960 224 51 Chicago,
704 3962 224 49 Chicago.
1002 3961 252 50 (31-5357)
