2505 4370
1297 4050 97 47 590

333 396 214 67 Sweet,
579 395 256 55 William
867 398 268 64 Warren,
1171 404 171 50 1881-
1588 400 54 53 ed.

467 475 1886 70 … The Baptists, 1783-1830, a collection of source material,
334 552 73 71 by
448 551 264 58 William
751 555 246 54 Warren
1040 554 214 67 Sweet;
1298 555 231 69 general
1572 555 390 53 introduction
2003 555 74 70 by
2123 555 230 71 Shirley

333 631 1856 71 Jackson Case. New York, H. Holt and company [ ᶜ1 931]
409 708 1803 56 ix, 652 p. 22 ᶜᵐ . (His Religion on the American frontier. [v. 1]
409 784 1897 49 “The materials … in this volume deal with the expansion of the …
337 840 225 49 Baptists
598 841 103 41 into
738 842 82 40 the
860 842 232 47 territory
1130 842 218 40 between
1387 843 83 39 the
1507 842 272 47 Alleghany
1819 842 282 41 mountains
2139 844 93 38 and
2276 845 78 38 the

338 897 296 50 Mississippi
666 898 280 49 river.”—p.
976 900 42 40 3.

409 955 246 41 “Minutes
685 956 52 40 of
766 956 83 40 the
878 958 184 38 annual
1091 956 214 48 meeting
1334 956 53 41 of
1416 957 81 40 the
1527 956 226 49 baptized
1783 957 250 48 churches,
2067 956 207 41 Friends
2305 958 51 39 of

335 1012 273 49 humanity,
652 1013 111 40 held
808 1016 52 38 at
907 1012 273 50 Macoupin,
1226 1013 188 41 Greene
1457 1015 192 47 county,
1696 1013 205 48 Illinois,
1948 1014 283 49 September
2274 1016 82 39 the

335 1070 363 49 twenty-ninth,
741 1081 127 30 anno
912 1070 196 40 Domini
1151 1081 88 30 one
1284 1072 245 39 thousand
1572 1070 134 49 eight
1748 1072 222 39 hundred
2013 1072 97 39 and
2154 1074 200 45 twenty-

335 1128 90 48 six,
463 1130 95 39 and
594 1129 82 40 the
713 1130 94 39 two
842 1128 289 48 succeeding
1164 1127 151 49 days”
1360 1126 67 49 (p.
1466 1127 262 51 [589]-596)
1772 1130 96 39 and
1906 1127 245 42 “Minutes
2186 1130 51 39 of
2273 1131 81 39 the

336 1186 184 39 annual
561 1185 212 48 meeting
814 1185 51 40 of
906 1186 80 40 the
1032 1185 153 41 South
1226 1184 198 41 district
1465 1185 197 48 Baptist
1703 1184 311 50 association,
2057 1186 207 41 Friends
2302 1186 53 41 of

335 1242 272 49 humanity,
646 1244 112 39 held
795 1242 121 41 with
952 1243 163 49 Upper
1155 1241 158 42 Silver
1349 1242 143 41 creek
1527 1243 196 48 church,
1762 1243 224 41 Madison
2023 1247 194 44 county,
335 1244 2003 105 Illinois,

500 1299 330 49 commencing
872 1299 208 42 October
1121 1300 41 48 4,
1208 1298 145 42 1839”
1405 1299 68 49 (p.
1520 1298 262 51 [597]-607)
1833 1301 125 40 have
2001 1301 179 48 special
333 1302 2021 104 title-pages.

405 1414 354 49 Bibliography
777 1425 8 30 :
821 1425 43 37 p.
898 1414 219 41 629-637.

339 1481 2017 53 © Apr. 13, 1931; 2c. and aff. Apr. 21 ; A 35946 ; Henry Holt & co., inc.
418 1543 282 49 (31-26855)

332 1652 282 70 Swisher,
645 1654 182 54 Idella
858 1652 297 57 Gwatkin.

400 1731 98 54 An
538 1731 394 55 introduction
970 1737 59 47 to
1070 1751 31 33 a
1142 1732 173 69 study
1354 1729 64 54 of
1456 1731 96 53 the
1592 1730 181 66 tariff,
1811 1730 77 70 by
1928 1731 190 53 Idella
330 1730 2001 133 Gwatkin

466 1809 270 69 Swisher,
858 1853 9 9 PH.
940 1853 9 9 D.
1018 1809 407 71 Washington,
1459 1810 71 52 D.
1621 1851 29 25 C.,
1688 1808 340 55 Committee
2062 1828 72 34 on
2170 1809 185 68 living

331 1893 163 64 costs,
522 1887 278 55 National
828 1889 202 68 league
1057 1887 64 54 of
1152 1906 218 35 women
1401 1892 206 63 voters,
1640 1890 151 50 1931.

401 1969 590 50 119 p. 23 ᶜᵐ . $0.40
402 2041 379 48 Bibliography:
812 2051 44 38 p.
885 2039 220 43 116-119.

339 2111 51 51 ©
424 2115 115 47 Apr.
571 2115 40 47 4,
645 2113 140 47 1931;
821 2113 67 41 2c.
922 2114 93 38 and
1052 2112 82 42 aff.
1167 2113 115 47 Apr.
1317 2112 81 46 13;
1435 2112 41 38 A
1507 2111 171 47 35760;
1715 2111 117 41 Natl.
1881 2114 171 46 league
2088 2112 52 39 of
2173 2121 183 31 women

406 2174 177 38 voters.
657 2171 252 49 (31-9945)

331 2268 264 64 Tappan,
629 2267 183 54 Edith
842 2266 264 55 Haskell.

407 2347 176 70 Stray
623 2348 281 67 rhythms,
943 2364 186 36 verses
1167 2346 64 53 of
1268 2365 97 50 my
1400 2345 207 53 leisure
1644 2345 190 69 hours,
1872 2345 76 68 by
1985 2343 185 55 Edith
333 2344 2000 136 Haskell

495 2427 263 68 Tappan.
836 2426 188 51 North
1068 2425 368 68 Montpelier,
1482 2424 114 70 Vt.,
1642 2425 123 52 The
1809 2422 329 55 Driftwind
2183 2441 174 50 press,

335 2509 150 51 1931.

405 2586 628 49 2 p. l., 3-48 p. 18½ ᶜᵐ .
339 2655 52 53 ©
416 2661 123 39 Mar.
563 2659 39 47 9,
628 2657 112 42 1931
760 2668 9 37 ;
795 2658 66 40 2c.
888 2657 122 41 Mar.
1035 2656 56 40 19
1109 2667 9 37 ;
1144 2656 84 41 aff.
1254 2657 123 41 Mar.
1401 2657 56 40 18
1475 2667 9 36 ;
1511 2656 40 39 A
1575 2655 145 41 36012
1738 2666 9 37 ;
1776 2657 51 39 E.
1853 2656 60 39 H.
1939 2655 218 48 Tappan,
2183 2655 172 47 Derry,

406 2718 57 41 N.
496 2717 61 39 H.
628 2716 14 48 (CA
728 2715 175 41 31-281
925 2714 236 48 Unrev’d)

331 2810 262 56 Thomas
624 2810 289 67 Aquinas,
945 2813 188 69 Saint,
1166 2810 367 55 1225?-1274.

332 2888 2000 138 … Somme théologique. Le mariage. t. 1 ᵉʳ . suppl., questions
518 2966 1838 72 41-49. Traduction française par L. Misserey … Paris
341 3046 1878 72 [etc.] Société saint Jean l’Évangéliste, Desclée & cie [ ᶜ1 930]
406 3134 25 38 1
475 3144 41 28 v.
577 3133 147 40 16½ᶜᵐ.

405 3198 66 41 At
507 3198 125 41 head
671 3197 52 40 of
761 3197 135 40 title:
938 3185 225 51 Éditions
1201 3197 60 39 de
1299 3196 46 39 la
1386 3195 165 40 Revue
1590 3194 84 41 des
1712 3194 187 48 jeunes.
1962 3192 142 42 Saint
2142 3192 211 40 Thomas

330 3254 224 50 d’Aquin.

339 3321 52 53 ©
422 3325 117 48 July
566 3324 40 48 2,
637 3323 141 47 1930;
840 3334 38 29 1c.
910 3322 128 49 Sept.
1068 3322 53 47 5;
1153 3322 101 40 A—
1258 3321 207 48 Foreign
1497 3320 141 47 8844;
1672 3320 164 42 Revue
1867 3320 84 41 des
1981 3319 184 48 jeunes,
2197 3316 154 43 Paris.

418 3380 252 51 (31-9509)

331 3477 253 64 Thorpe,
619 3476 278 55 Clarence
928 3477 86 51 De
1045 3475 170 63 Witt,
1251 3476 171 54 1887-
1637 3476 84 53 ed.

404 3554 340 68 University
795 3552 286 70 readings,
1132 3553 240 52 selected
1425 3552 107 53 and
1588 3550 187 54 edited
1827 3551 74 68 by
1954 3551 273 55 Clarence
2275 3552 72 51 D.

333 3629 2016 73 Thorpe … and Erich A. Walter … New York and London,
332 3713 234 68 Harper
600 3715 50 50 &
682 3712 279 65 brothers,
996 3714 150 50 1931.

404 3790 1185 52 xii p., 2 l., 778 p. incl. front., ports. 22½ ᶜᵐ .
406 3863 164 41 “First
600 3862 228 43 edition.”

341 3931 51 52 ©
423 3935 112 48 Apr.
564 3935 68 42 15.
662 3934 107 41 3933
793 3945 9 37 ;
833 3934 66 42 2c.
929 3936 112 46 Apr.
1072 3934 80 46 35;
1184 3933 82 41 aff.
1297 3933 111 48 Apr.
1440 3933 54 39 17;
1554 3933 39 38 A
1621 3930 171 49 36540;
1826 3931 193 46 Harper
2049 3929 35 40 &
2114 3930 124 38 bros.

420 3992 251 51 (31-9930)
