2575 4398
1121 4040 67 56 67

165 399 219 66 Bülow,
415 401 166 51 Hans
612 398 188 55 Guido
829 415 131 47 von,
995 403 323 50 1830-1894.

235 494 221 52 Letters
500 493 65 52 of
607 493 165 53 Hans
816 511 110 34 von
972 493 204 50 Bülow
1220 497 58 46 to
1325 491 252 53 Richard
1622 492 271 68 Wagner,
1941 491 227 54 Cosima

162 572 269 68 Wagner,
459 571 89 54 his
579 571 282 68 daughter
893 570 261 67 Daniela,
1184 570 170 53 Luise
1385 588 111 34 von
1527 569 221 67 Bülow,
1780 569 147 52 Karl
165 569 1978 149 Klindworth,

392 649 136 54 Carl
552 648 329 58 Bechstein;
909 649 188 52 edited
1122 648 139 51 with
1288 667 71 34 an
1384 648 407 56 introduction,
1814 650 75 66 by
1913 648 253 53 Richard

164 734 169 46 count
382 728 94 51 Du
521 727 224 52 Moulin
795 726 243 55 Eckart;
1089 727 316 52 translated
1454 725 152 52 from
1654 727 95 51 the
1796 726 251 53 German
2094 728 73 67 by

163 806 254 51 Hannah
460 805 245 53 Waller:
753 805 98 52 the
894 803 343 53 translation
1281 804 189 53 edited
1516 804 139 51 with
1702 824 28 32 a
1778 804 231 68 preface
2054 806 112 51 and

163 890 157 48 notes
355 885 75 68 by
469 883 158 55 Scott
664 883 293 54 Goddard.
1034 883 138 51 New
1211 882 180 69 York,
1428 883 258 59 London,
1723 882 69 52 A.
1832 883 70 52 A.
1942 882 224 68 Knopf,

165 966 149 50 1931.

233 1039 1169 51 xxx, 434, vi p., 1 l. illus. (music) 24½ᶜᵐ.
242 1113 145 40 “This
412 1112 108 40 first
545 1112 183 40 edition
754 1111 206 41 consists
988 1111 52 40 of
1065 1121 87 30 one
1179 1112 244 40 thousand
1450 1112 263 40 numbered
1742 1111 159 49 copies
1929 1112 50 39 of
2007 1111 156 41 which

164 1171 99 39 this
292 1171 42 39 is
362 1170 203 40 number
593 1168 98 42 53.”

167 1237 52 53 ©
249 1242 109 40 Jan.
388 1242 39 46 2,
458 1239 143 49 1931;
628 1240 66 41 2c.
725 1242 95 39 and
851 1240 81 41 aff.
964 1241 109 40 Jan.
1103 1239 53 48 9;
1188 1240 42 39 A
1258 1239 170 49 33191;
1461 1240 174 41 Alfred
1665 1240 54 42 A.
1750 1241 180 48 Knopf,
1962 1241 90 41 inc.

244 1298 250 50 (31-2530)

162 1425 236 53 Bureau
427 1423 64 54 of
519 1422 317 66 municipal
865 1423 296 64 research,
1192 1423 425 70 Philadelphia.

292 1514 1867 70 … Criminal division probation in the Municipal court of
159 1592 437 69 Philadelphia;
637 1612 30 33 a
705 1598 196 63 report
936 1594 77 68 by
1049 1594 96 52 the
1183 1596 228 50 Bureau
1449 1592 64 54 of
1549 1594 317 67 municipal
1902 1595 251 52 research

159 1671 65 53 of
250 1672 408 67 Philadelphia
688 1670 64 54 of
781 1690 31 34 a
842 1672 172 67 study
1041 1671 165 53 made
1232 1672 76 69 by
1336 1670 46 53 it
1410 1690 59 34 as
1497 1677 171 63 agent
1695 1671 64 53 of
1785 1673 96 52 the
1911 1674 246 52 Thomas

161 1748 235 57 Skelton
427 1748 286 54 Harrison
743 1748 371 68 foundation;
1148 1747 116 54 this
1295 1753 195 64 report
1522 1750 279 67 prepared
1831 1751 74 68 by
1938 1750 219 70 George

158 1826 1996 69 E. Worthington … Philadelphia, Thomas Skelton Harrison
159 1904 362 68 foundation,
554 1908 149 51 1930.

231 1996 80 39 xx,
342 1986 58 40 42
432 1996 43 40 p.
534 1985 146 42 22½ᶜᵐ.
753 1984 367 51 (Philadelphia
1153 1985 268 50 Municipal
1453 1989 141 39 court
1625 1998 175 38 survey
1834 1987 175 46 series)

164 2054 51 52 ©
251 2059 111 41 Dec.
395 2057 70 49 27,
500 2058 140 46 1930;
676 2058 67 40 2c.
779 2060 97 38 and
910 2057 82 43 aff.
1028 2059 109 39 Jan.
1174 2058 38 48 8,
1249 2057 140 49 1931;
1428 2059 42 38 A
1503 2057 171 48 32662;
1713 2059 211 41 Thomas
1963 2059 197 41 Skelton

230 2116 241 40 Harrison
503 2116 307 40 foundation.
884 2115 250 49 (31-2010)

160 2223 169 66 Burt,
360 2226 207 63 Henry
597 2225 275 65 Jackson,
907 2228 168 52 1873-

225 2314 151 54 Steel
410 2314 410 67 construction;
858 2335 30 33 a
924 2321 120 49 text
1078 2315 113 52 and
1224 2315 286 55 reference
1545 2316 144 53 book
1723 2335 71 34 on
1827 2317 96 55 the
1959 2317 196 70 design

155 2391 1939 72 of steel framework for buildings, by Henry Jackson Burt …
154 2469 1582 70 revised by Herman Ritow … Chicago, American
1765 2473 278 53 technical
152 2493 1979 124 society,
348 2551 149 52 1931.

224 2632 1562 49 4 p. l. , 11-434 p. incl. illus., plates, tables, diagrs. 21½ᶜᵐ.
163 2699 1994 57 © Jan. 7, 1931; 2c. and aff. Jan. 10; A 32877; Amer. technical society.
233 2757 69 53 [©
335 2760 226 50 revision]
634 2760 250 49 (31-2538)

160 2871 230 63 Cartee,
423 2870 224 55 Elbert.

225 2961 256 52 Fireside
527 2961 293 68 thoughts,
865 2961 75 68 by
986 2962 200 52 Elbert
1235 2960 217 55 Cartee.
1534 2962 438 72 [Chattanooga,
153 2965 1977 126 Costello

316 3038 590 69 printing co., ᶜ193 1]
222 3118 529 50 4 p. l. , 43 p. 17½ᶜᵐ.
225 3190 182 40 Poems.

225 3245 163 41 “First
417 3245 227 41 edition.”

161 3310 51 52 ©
244 3316 109 39 Jan.
384 3316 38 47 8,
454 3315 140 48 1931;
626 3316 67 40 2c.
725 3318 96 38 and
851 3317 81 40 aff.
966 3318 108 40 Jan.
1106 3318 81 47 12;
1221 3319 40 38 A
1291 3319 171 47 33115;
1497 3321 52 39 E.
1584 3320 186 48 Cartee,
1804 3320 351 50 Chattanooga.

241 3371 250 49 (31-2028)

159 3480 253 65 Church,
443 3485 137 53 Mrs.
611 3482 273 65 Virginia
913 3485 291 53 Woodson
1242 3486 274 63 (Frame)
1557 3493 170 49 1880-

225 3571 346 55 Silhouettes
607 3573 64 53 of
705 3575 96 53 the
837 3575 174 53 Latin
1050 3582 248 62 quarter,
1335 3577 76 69 by
1447 3577 268 69 Virginia
1758 3578 247 54 Church.
153 3579 1975 138 Atlanta,

359 3649 936 72 Ga., The Bozart press [ ᶜ193 1]
221 3730 337 49 49 p. 20½ ᶜᵐ .
224 3800 238 41 “Limited
492 3801 107 42 first
629 3802 226 41 edition.”

222 3856 184 42 Poems.

161 3922 51 52 ©
242 3927 109 40 Jan.
380 3927 68 49 19,
478 3928 111 41 1931;
649 3928 66 41 2c.
745 3930 109 40 Jan.
883 3931 82 42 23;
998 3931 81 42 aff.
1110 3933 109 39 Jan.
1249 3933 82 47 20;
1363 3933 43 39 A
1432 3933 171 48 33307;
1636 3934 259 42 Lawrence
1925 3937 71 40 W.
2028 3936 123 48 Neff,

228 3984 177 48 Emory
441 3986 143 47 univ.,
624 3987 82 39 Ga.
779 3987 250 49 (31-2783)
