2505 4370
1298 4075 64 46 584

405 494 521 50 34 p. front. 26 ᶜᵐ .
408 565 241 42 “Limited
680 567 49 40 to
758 576 89 31 one
878 566 222 41 hundred
1131 565 204 50 copies.”

341 632 2014 54 © Mar. 31, 1931 ; 2c. Apr. 4; aff. Apr. 2; A 36335; B. R. C. Low. New
408 695 146 39 York.
626 694 251 49 (31-9927)

334 788 392 66 McCormick,
762 790 211 65 Cyrus,
1010 795 170 50 1890-

405 866 122 54 The
562 872 239 65 century
836 867 64 52 of
935 868 96 52 the
1068 886 230 50 reaper;
1339 886 72 34 an
1450 874 238 47 account
1726 867 64 54 of
1829 867 185 71 Cyrus
2052 869 144 52 Hall
336 869 1995 144 McCormick,

657 945 94 54 the
788 946 266 52 inventor
1090 945 63 53 of
1189 946 97 53 the
1322 963 230 51 reaper:
1589 946 64 53 of
1688 947 96 53 the
1819 945 371 56 McCormick
334 948 1998 143 harvesting

591 1023 261 53 machine
883 1041 301 52 company,
1214 1024 97 52 the
1340 1023 257 56 business
1627 1024 69 53 he
1728 1025 224 54 created
1973 1043 9 34 :
2017 1025 115 53 and
2165 1024 64 53 of
2261 1025 95 53 the

332 1099 428 54 International
789 1101 296 54 harvester
1114 1119 303 51 company,
1444 1102 89 53 his
1561 1102 126 53 heir
1716 1102 114 54 and
1859 1101 155 54 chief
2040 1103 317 68 memorial,

333 1176 2022 74 by Cyrus McCormick … Boston and New York, Houghton
331 1256 208 53 Mifflin
571 1274 301 51 company,
908 1258 151 51 1931.

403 1336 1354 51 xiv p., 1 l., 307 p. front., plates, ports. 21½ ᶜᵐ .
405 1394 292 41 Illustrated
730 1393 365 49 lining-papers.

342 1460 52 53 ©
427 1465 113 48 Apr.
572 1465 40 48 8,
644 1464 113 42 1931
777 1477 8 36 ;
819 1465 67 40 2c.
919 1467 114 46 Apr.
1066 1465 55 40 10
1140 1477 7 35 ;
1183 1466 82 41 aff.
1299 1468 114 47 Apr.
1446 1466 27 40 9
1491 1478 7 35 ;
1534 1467 41 39 A
1606 1467 116 41 35686
1770 1478 8 37 ;
1816 1467 49 42 C.
1899 1468 319 45 McCormick,

409 1468 1934 103 Chicago.
614 1522 252 50 (31-9940)

334 1618 343 65 Magruder,
711 1618 200 53 Frank
940 1619 247 64 Abbott,
1223 1624 173 50 1882-

406 1698 300 54 Teachers’
744 1700 235 52 manual
1022 1699 455 71 accompanying
1518 1697 123 57 Our
1683 1698 245 57 nation’s
1970 1707 392 63 government,

334 1779 75 69 by
467 1778 200 52 Frank
721 1777 221 53 Abbott
997 1778 319 69 Magruder
1376 1812 12 34 [
1395 1780 132 65 and]
1588 1779 250 70 Lashley
1894 1779 155 70 Grey
2104 1780 256 71 Harvey.

336 1856 1581 70 Boston, New York [etc.] Allyn and Bacon [ ᶜ1 931]
409 1939 65 47 xi,
508 1939 55 39 74
595 1949 43 37 p.
700 1938 128 40 illus.
858 1938 185 48 (maps)
1114 1937 117 43 20ᶜᵐ.

412 1996 354 48 Bibliography
797 1996 226 39 included
1056 1996 50 39 in
1139 1995 356 43 Introduction.

342 2063 51 53 ©
427 2069 123 39 Mar.
581 2068 68 47 17,
680 2066 142 47 1931;
853 2066 68 41 2c.
952 2068 96 38 and
1079 2066 83 42 aff.
1247 2077 69 30 Mar.
1347 2067 82 46 23;
1463 2068 41 38 A
1533 2067 173 48 36044;
1739 2067 147 49 Allyn
1917 2068 35 40 &
1983 2069 178 40 Bacon.

422 2124 13 49 (CA
522 2123 176 42 31-279
717 2123 177 41 Unrev’d)

359 2217 1138 80 [Marshak, Il’i͡a I͡A kovlevich] 1895-
406 2305 140 53 New
576 2303 254 55 Russia’s
860 2304 246 68 primer;
1140 2303 96 54 the
1270 2310 159 63 story
1459 2303 65 54 of
1555 2304 96 53 the
1683 2304 272 69 five-year
1989 2305 156 69 plan,
2174 2305 75 68 by
2279 2305 79 51 M.

394 2381 1966 71 Il in [ pseud.] translated from the Russian by George S. Counts
397 2461 1959 70 … and Nucia P. Lodge … Boston and New York, Houghton
331 2540 208 52 Mifflin
567 2557 301 51 company,
896 2542 153 51 1931.

405 2622 1155 50 xii, [1], 161, [1] p. incl. front., illus. 20½ ᶜᵐ .
407 2681 140 48 Maps
573 2691 61 33 on
659 2679 368 50 lining-papers.

407 2737 131 40 “The
568 2737 123 41 book
725 2746 101 31 was
859 2737 198 40 written
1090 2736 81 41 for
1204 2748 87 29 use
1322 2737 50 40 in
1410 2738 79 39 the
1523 2737 191 41 schools
1749 2738 95 39 and
1878 2747 102 29 was
2015 2735 228 50 designed
2282 2737 76 39 for

333 2795 222 40 children
579 2794 130 41 from
732 2795 174 39 twelve
930 2797 48 38 to
1001 2794 229 41 fourteen
1257 2803 143 39 years
1425 2794 53 40 of
1501 2793 240 49 age.”—p.
1767 2805 44 30 v.

343 2862 51 53 ©
422 2868 114 47 Apr.
560 2865 70 49 29,
656 2866 113 41 1931
788 2878 9 35 ;
824 2867 68 39 2c.
918 2868 115 46 May
1058 2868 23 37 1
1101 2877 8 36 ;
1138 2866 82 41 aff.
1246 2867 116 47 Apr.
1388 2866 56 40 30
1462 2876 8 37 ;
1499 2867 41 38 A
1564 2865 144 41 37091
1727 2876 10 37 ;
1767 2866 187 49 George
1979 2865 44 41 S.
2053 2866 184 41 Counts
2265 2866 93 39 and

409 2924 156 40 Nucia
598 2925 51 40 P.
682 2923 172 49 Lodge.
887 2924 118 39 New
1036 2924 144 40 York.
1254 2922 282 50 (31-26891)

337 3018 285 64 Mawson,
655 3018 393 64 Christopher
1079 3018 260 55 Orlando
1369 3016 326 65 Sylvester,
1731 3022 170 50 1870-

406 3095 122 54 The
565 3096 186 69 Roget
788 3096 327 68 dictionary
1149 3095 65 53 of
1248 3112 311 53 synonyms
1596 3095 113 52 and
1747 3099 333 64 antonyms;
2118 3093 172 69 being
2326 3111 31 34 a

335 3174 393 68 presentation
784 3173 64 54 of
903 3174 231 69 Roget’s
1189 3174 327 53 Thesaurus
1573 3173 65 54 of
1694 3173 248 69 English
2000 3173 187 52 words
2244 3172 112 53 and

335 3251 237 69 phrases
604 3254 60 51 in
696 3271 31 34 a
758 3252 386 68 modernized,
1172 3270 155 35 more
1361 3253 296 67 complete,
1688 3252 113 53 and
1833 3269 155 36 more
2020 3252 336 52 convenient

337 3330 155 53 form
533 3331 261 69 together
837 3331 141 53 with
1020 3330 216 54 briefer
1279 3331 363 68 synonymies
1687 3329 93 54 for
1821 3331 97 52 the
1958 3331 145 69 busy
2146 3330 211 68 writer,

336 3410 96 52 the
478 3409 181 53 whole
703 3409 321 68 comprised
1068 3410 60 51 in
1173 3428 105 34 one
1323 3409 385 68 alphabetical
1753 3415 421 64 arrangement,
2217 3409 139 54 with

336 3505 72 36 an
436 3488 294 68 appendix
756 3488 65 51 of
847 3487 229 69 foreign
1101 3488 189 52 words
1315 3488 111 52 and
1455 3488 375 68 expressions,
1855 3489 75 68 by
1955 3488 63 55 C.
2039 3487 69 56 O.
335 3488 1997 132 Sylvester

468 3566 1888 70 Mawson … New York, London, G. P. Putnam’s sons,
337 3648 153 50 1931.

408 3727 594 50 xi, 600, [12] p. 22½ ᶜᵐ .
410 3785 161 39 Blank
598 3795 146 38 pages
771 3784 80 40 for
878 3784 208 41 “Notes”
1122 3785 111 49 ([12]
1264 3786 52 40 at
1341 3785 117 48 end)

410 3841 164 41 “First
602 3841 229 41 edition.”

345 3908 2009 54 © Apr. 10, 1931 ; 2c. Apr. 16; aff. Apr. 17; A 36520; C. O. S. Mawson,
414 3971 269 48 Wellesley,
719 3972 146 40 Mass.
937 3970 281 50 (31-26743)
