2428 4370
995 3949 137 51 2021

118 416 1307 51 176 p. 18½ᶜᵐ. (His Builders of America, v. 16)
59 484 51 52 ©
136 489 118 41 Nov.
281 489 68 47 16,
376 487 140 48 1931;
545 487 66 41 2c.
639 489 96 38 and
761 486 82 42 aff.
870 487 112 39 Dec.
1009 487 53 46 4;
1093 487 41 38 A
1160 486 171 45 46164;
1362 486 141 40 Funk
1530 490 36 40 &
1593 484 251 49 Wagnalls
1872 494 67 31 co.

135 544 191 49 (32-22)

119 637 153 54 John
314 638 145 51 Paul
497 636 190 68 Jones,
726 637 94 51 the
858 653 131 34 man
1029 635 126 52 who
1196 634 218 54 carried
1455 635 96 53 the
1590 634 302 53 American
1931 632 116 69 flag

49 710 1996 72 to Europe, by Clifford Smyth … New York and London,
50 788 169 54 Funk
248 792 45 50 &
323 787 298 70 Wagnalls
652 805 292 52 company,
980 790 150 52 1931.

120 870 88 42 176
229 882 44 38 p.
327 872 145 40 18½ᶜᵐ.
537 871 115 49 (His
678 868 228 42 Builders
930 869 53 41 of
1005 868 238 49 America,
1269 880 41 29 v.
1404 871 13 46 11)

60 939 1989 52 © Nov. 16. 1981; 2c. and aff. Dec. 4; A 46164; Funk & Wagnalls co.
137 998 191 51 (32-17)

129 1093 83 53 La
238 1092 154 55 Salle
416 1093 112 52 and
553 1092 97 52 the
673 1091 258 68 pioneers
954 1089 64 54 of
1042 1090 139 53 New
1207 1090 237 67 France,
1467 1090 76 68 by
1571 1089 246 56 Clifford
1846 1090 204 69 Smyth

121 1167 1930 69 … New York and London, Funk & Wagnalls company, 1931.
129 1254 83 39 173
241 1263 42 38 p.
345 1252 143 39 18½ᶜᵐ.
561 1251 114 48 (His
706 1250 227 40 Builders
960 1249 53 41 of
1038 1249 238 49 America,
1306 1261 42 29 v.
1380 1250 51 47 8)

61 1320 51 52 ©
139 1324 118 40 Nov.
285 1324 68 46 16,
381 1321 139 48 1931;
549 1322 65 40 2c.
644 1323 94 39 and
766 1321 81 42 aff.
875 1321 111 40 Dec.
1014 1322 53 46 4;
1098 1322 41 38 A
1164 1321 171 47 46164;
1366 1321 141 39 Funk
1534 1321 37 40 &
1598 1322 251 47 Wagnalls
1878 1331 66 30 co.

139 1379 279 50 (31-35721)

130 1473 183 53 Lewis
341 1473 111 52 and
483 1471 194 68 Clark,
703 1472 259 68 pioneers
989 1472 59 52 in
1074 1470 314 54 America’s
1417 1471 297 53 westward
1744 1472 312 68 expansion

61 1548 1996 71 movement, by Clifford Smyth … New York and London,
59 1628 172 53 Funk
259 1630 47 50 &
335 1626 299 71 Wagnalls
666 1644 296 52 company,
996 1629 151 51 1931.

134 1713 86 39 175
248 1723 41 37 p.
351 1711 145 40 18½ᶜᵐ.
567 1711 115 47 (His
713 1711 227 40 Builders
970 1709 51 40 of
1048 1708 239 49 America,
1318 1721 43 31 v.
1392 1708 52 51 9)

63 1779 51 52 ©
141 1784 118 38 Nov.
287 1782 67 48 16,
381 1781 140 47 1931;
550 1781 66 40 2c.
645 1783 96 39 and
768 1781 81 41 aff.
876 1782 113 38 Dec.
1015 1781 54 46 4;
1099 1781 41 38 A
1164 1781 173 46 46164;
1369 1781 139 39 Funk
1537 1781 36 40 &
1600 1780 251 47 Wagnalls
1880 1789 67 33 co.

141 1838 278 49 (31-35722)

129 1933 214 53 Robert
379 1933 66 53 E.
484 1934 125 68 Lee,
647 1933 124 53 who
808 1934 249 67 brought
1091 1933 94 51 the
1224 1932 180 55 South
1443 1933 141 53 back
1622 1937 56 48 to
1715 1933 95 53 the
1847 1931 212 67 Union,

58 2009 1977 148 by Clifford Smyth … New York and London, Funk & Wagnalls company, 1931.
133 2168 82 41 172
243 2179 43 37 p.
377 2168 115 40 18½ᶜᵐ.
563 2168 115 47 (His
708 2167 227 41 Builders
964 2168 52 40 of
1042 2168 238 46 America,
1309 2179 44 30 v.
1381 2168 82 49 20)

65 2234 51 52 ©
145 2239 117 39 Nov.
289 2239 69 46 16,
385 2237 140 48 1931;
554 2237 66 41 2c.
650 2240 95 39 and
772 2238 80 40 aff.
880 2239 111 40 Dec.
1018 2239 54 47 4;
1102 2240 41 37 A
1169 2239 171 46 46164;
1372 2239 141 39 F'unk
1539 2239 37 41 &
1604 2239 251 48 Wagnalls
1884 2248 66 31 co.

143 2295 192 49 (32-26)

135 2389 190 69 Roger
369 2385 289 57 Williams
706 2388 111 53 and
865 2388 95 53 the
1007 2387 146 70 fight
1202 2388 94 53 for
1344 2389 271 69 religious
1665 2388 273 68 freedom,
1985 2388 75 70 by

68 2465 1994 70 Clifford Smyth … New York and London, Funk & Wagnalls
64 2561 297 52 company,
396 2546 151 51 1931.

135 2628 82 39 171
250 2636 43 38 p.
355 2626 145 40 18½ᶜᵐ.
571 2626 115 47 (His
718 2626 228 41 Builders
974 2626 54 41 of
1056 2627 238 47 America,
1326 2639 43 30 v.
1400 2628 51 48 6)

68 2679 51 52 ©
147 2684 116 38 Nov.
292 2682 68 48 16,
387 2681 140 49 1931;
556 2682 67 41 2c.
651 2685 94 38 and
772 2682 82 43 aff.
882 2684 112 40 Dec.
1020 2685 54 46 4;
1103 2684 43 38 A
1170 2684 172 46 46164;
1373 2684 142 40 Funk
1542 2683 36 41 &
1605 2683 252 48 Wagnalls
1886 2694 67 31 co.

146 2739 279 48 (31-35719)

130 2829 293 55 Theodore
459 2830 313 71 Roosevelt,
806 2833 126 53 who
972 2832 208 69 fought
1217 2833 93 54 for
1346 2834 94 53 the
1477 2849 199 52 square
1713 2832 125 53 deal
1876 2832 112 54 and
2027 2852 27 33 a

60 2907 1971 149 new nationalism, by Clifford Smyth … New York and London, Funk & Wagnalls company, 1931.
132 3065 84 41 176
241 3077 44 38 p.
341 3066 145 42 18½ᶜᵐ.
552 3067 115 48 (His
695 3066 227 42 Builders
947 3068 52 39 of
1022 3069 237 45 America,
1288 3080 39 28 v.
1356 3068 81 49 23)

71 3119 51 52 ©
149 3124 116 39 Nov.
294 3124 68 47 16,
389 3122 140 48 1931;
558 3122 66 41 2c.
653 3125 96 39 and
777 3123 80 42 aff.
884 3124 112 41 Dec.
1022 3126 54 46 4;
1106 3125 41 39 A
1173 3125 172 47 46164;
1376 3126 142 39 Funk
1545 3126 36 40 &
1607 3127 255 45 Wagnalls
1886 3135 67 30 co.

149 3180 190 48 (32-29)

133 3269 247 54 Thomas
423 3270 299 70 Jefferson,
766 3273 95 52 the
903 3272 193 55 father
1140 3274 63 52 of
1246 3273 303 54 American
1597 3274 345 69 democracy,
1987 3274 73 68 by

65 3345 1997 75 Clifford Smyth … New York and London, Funk & Wagnalls
63 3441 293 52 company,
390 3427 150 51 1931.

133 3503 85 43 176
243 3513 44 38 p.
343 3505 145 40 18½ᶜᵐ.
555 3504 115 50 (His
697 3506 226 41 Builders
949 3507 52 39 of
1027 3508 235 40 America,
1290 3520 43 29 v.
1359 3510 80 46 15)

74 3557 51 52 ©
153 3563 118 40 Nov.
298 3562 68 42 16,
393 3561 84 41 1931;
562 3562 66 41 2c.
657 3565 95 39 and
779 3562 79 39 aff.
888 3563 110 40 Dec.
1026 3564 54 46 4;
1110 3565 41 38 A
1176 3565 171 47 46164;
1378 3566 140 39 Funk
1547 3567 36 40 &
1610 3568 251 47 Wagnalls
1889 3578 66 29 co.

152 3618 190 47 (32-21)

140 3712 233 67 Ulysses
407 3713 55 55 S.
496 3713 203 58 Grant,
731 3715 185 52 whose
945 3720 178 49 motto
1156 3734 115 36 was
1302 3716 140 54 “Let
1472 3736 63 35 us
1566 3719 144 52 have
1742 3717 220 71 peace”,
1990 3718 77 69 by

69 3787 1972 151 Clifford Smyth … New York and London. Funk and Wagnalls company, 1931.
