2505 4370
1026 4049 100 50 611

67 411 362 64 Brubacher,
460 411 223 52 Abram
714 410 212 63 Royer.

138 490 161 68 High
325 491 190 53 school
539 488 372 68 composition
936 489 111 52 and
1072 505 304 50 grammar.
1453 487 98 52 9th
1573 506 85 50 yr.
1734 487 89 68 By
1848 485 218 54 Abram

67 561 1938 73 Royer Brubacher … and Katherine Eleanor Wheeling …
69 643 1902 70 New York and Chicago, Charles E. Merrill company [ ᶜ19 31]
176 723 1060 50 x , 355 p. col. front., col. plates. 20½ ᶜᵐ .
74 792 51 51 ©
157 797 121 38 Mar.
308 795 68 46 24,
407 796 139 45 1931;
578 794 67 39 2c.
675 794 114 48 Apr.
820 795 16 37 1;
904 805 81 28 aff.
1019 795 119 38 Mar.
1169 793 82 46 31;
1289 793 32 39 A
1355 792 171 46 35548;
1561 792 201 41 Charles
1795 793 52 38 E.
1885 791 176 39 Merrill

141 863 66 29 co.
271 848 68 53 [©
371 863 105 29 new
505 853 193 46 matter]

67 945 358 64 Brueckner,
454 946 117 51 Leo
597 944 173 54 John.

139 1025 120 53 The
293 1024 247 69 triangle
574 1022 366 53 arithmetics.
1017 1021 192 55 Grade
1243 1025 120 65 3-8,
1396 1022 77 68 by
1503 1021 114 53 Leo
1650 1021 55 54 J.
1742 1020 327 52 Brueckner

133 1097 1872 71 … C. J. Anderson … G. O. Banting … Elda L. Merton …
72 1178 268 69 Chicago,
381 1178 408 68 Philadelphia
854 1183 119 62 [etc.]
1020 1178 120 52 The
1181 1177 158 54 John
1379 1176 63 55 C.
1482 1176 266 53 Winston
1789 1192 280 51 company

182 1260 83 63 [ ᶜ19 31]
139 1335 982 48 6 v. illus. (part col.) tables. 20 ᶜᵐ .
142 1394 225 39 Lettered
399 1402 58 30 on
491 1402 139 31 cover:
691 1393 117 40 New
840 1393 169 47 Jersey
1040 1392 199 41 edition.

73 1450 184 41 Grades
283 1450 99 47 3-6,
413 1446 52 51 ©
495 1451 113 46 Apr.
636 1449 68 48 18,
734 1448 111 41 1931;
906 1449 184 40 Grades
1120 1450 37 46 7,
1188 1448 39 49 8,
1260 1445 51 51 ©
1342 1449 113 47 Apr.
1484 1447 55 41 25;
1596 1445 68 43 2c.
1693 1447 118 40 each
1841 1448 112 45 May
1984 1447 53 39 11;

141 1507 107 40 affs.
293 1508 113 46 May
448 1507 81 46 12;
575 1507 42 38 A
659 1505 346 48 37263-37268;
1052 1506 127 39 John
1224 1506 50 40 C.
1317 1505 224 40 Winston
1585 1515 67 30 co.
1733 1500 51 51 [©
1832 1503 236 40 revisions

141 1565 94 39 and
267 1564 262 48 additions]

69 1657 317 65 Buranelli,
414 1658 272 65 Prosper,
717 1663 171 51 1890-
1033 1660 83 52 ed.

134 1733 121 54 The
295 1733 429 69 post-graduate
765 1751 148 35 cross
950 1733 157 53 word
1151 1735 196 66 puzzle
1384 1732 162 53 book.
1623 1731 211 55 Second
1881 1731 181 52 series.

64 1810 54 51 A
146 1811 201 52 second
375 1810 313 71 anthology
714 1811 62 52 of
800 1810 268 69 fifty-five
1098 1810 236 52 difficult
1361 1828 149 34 cross
1540 1808 150 53 word
1722 1809 224 68 puzzles
1975 1809 90 52 for

65 1887 359 54 hard-boiled
463 1890 195 65 puzzle
698 1889 146 68 fans,
884 1888 231 53 selected
1159 1907 60 34 as
1257 1888 95 53 the
1390 1888 121 52 best
1548 1887 63 52 of
1647 1888 91 52 the
1776 1887 291 52 hundreds

65 1965 353 52 constructed
465 1964 302 71 especially
813 1965 92 53 for
951 1965 114 53 this
1112 1964 184 67 series,
1342 1964 298 69 including
1686 1964 108 53 five
1840 1964 221 70 foreign

65 2042 281 67 language
378 2041 225 69 puzzles
635 2043 112 51 and
782 2042 107 53 five
922 2042 370 68 diagramless
1327 2043 241 67 puzzles,
1602 2042 300 68 published
1936 2043 130 53 here

64 2119 342 70 exclusively
438 2119 92 53 for
560 2120 95 52 the
687 2118 123 55 first
839 2119 135 54 time
1005 2120 112 52 and
1150 2120 188 53 edited
1366 2120 74 72 by
1474 2121 245 67 Prosper
1750 2120 316 68 Buranelli,

68 2196 63 54 F.
184 2196 259 70 Gregory
490 2195 329 54 Hartswick
891 2197 129 69 [and]
1075 2199 295 67 Margaret
1418 2197 424 70 Petherbridge.
1931 2198 135 52 New

67 2272 178 71 York,
273 2272 198 55 Simon
499 2274 112 52 and
640 2273 284 69 Schuster,
952 2274 125 70 inc.,
1107 2278 150 49 1931.

133 2356 588 48 131 p. diagrs. 20 ᶜᵐ .
136 2411 313 50 Advertising
483 2415 179 38 matter:
729 2424 42 38 p.
809 2413 214 41 129-131.

77 2465 52 53 ©
159 2471 121 40 Mar.
309 2470 70 47 26,
409 2469 113 42 1931;
582 2470 67 42 2c.
679 2471 122 39 Mar.
830 2470 58 42 30;
1020 2503 9 10 aff.
1057 2471 114 48 Apr.
1201 2471 26 40 2;
1287 2472 42 40 A
1356 2472 146 41 35565;
1564 2473 162 41 Simon
1758 2473 36 42 &
1826 2473 244 50 Schuster,

143 2527 90 41 inc.
303 2528 280 47 (31-10612)

70 2620 257 65 Burden,
356 2622 199 53 Hazel.

136 2697 102 70 My
266 2697 172 69 barge
465 2697 63 53 of
555 2698 237 69 dreams,
819 2699 74 69 by
921 2699 181 53 Hazel
1130 2700 248 53 Burden.
1443 2701 111 54 Los
1581 2700 263 70 Angeles,
1874 2698 193 73 Calif.,

67 2774 1022 72 West coast publishing co. [ ᶜ19 31]
137 2856 27 38 4
190 2866 43 37 p.
295 2887 9 17 l.,
329 2856 176 41 15-156
527 2868 44 37 p.
630 2857 27 39 2
682 2859 123 46 port.
833 2857 134 50 (incl.
992 2859 175 47 front.)
1228 2860 145 41 23½ᶜᵐ.

140 2912 289 41 Illustrated
457 2915 98 46 t.-p.

141 2968 186 42 Poems.

79 3025 51 51 ©
167 3029 113 48 Apr.
317 3029 38 47 8,
393 3028 141 47 1931;
573 3030 66 39 2c.
677 3029 113 48 Apr.
827 3029 81 47 21;
1023 3062 6 8 aff.
1069 3031 114 48 Apr.
1220 3031 83 47 20;
1343 3031 40 39 A
1419 3032 171 46 36668;
1631 3033 60 40 H.
1731 3033 209 40 Burden.
1980 3033 92 39 Los

145 3086 216 47 Angeles.
433 3086 280 48 (31-10588)

74 3177 247 66 Burton,
349 3181 203 63 Harry
579 3180 226 65 Edwin,
835 3187 169 50 1868-

138 3253 1930 74 Latin—fourth year, by Harry Edwin Burton … and Richard
69 3329 2001 75 Mott Gummere … New York, Newark [etc.] Silver, Burdett
69 3408 463 71 and company [ ᶜ1931]
144 3489 59 47 lv,
230 3489 85 40 439
339 3501 58 37 p.,
424 3492 24 39 1
509 3522 8 16 l.,
544 3492 84 41 105
652 3504 42 37 p.
721 3493 108 41 incl.
857 3495 160 46 front.,
1043 3495 128 40 illus.
1226 3506 138 37 maps
1392 3496 47 48 (1
1469 3496 195 47 double)
1732 3498 145 39 19½ᶜᵐ.
74 3499 1980 86 (Lettered

236 3557 58 29 on
323 3556 163 32 cover:
515 3549 100 40 The
643 3548 178 41 climax
853 3550 172 49 series)

145 3600 188 43 “Books
364 3604 78 39 for
475 3602 270 43 reference”;
808 3617 42 38 p.
884 3605 149 44 lii-lv.

82 3655 51 51 ©
170 3660 121 39 Mar.
324 3660 69 46 30,
431 3659 111 41 1931;
606 3661 67 40 2c.
710 3664 94 38 and
840 3662 81 41 aff.
957 3664 112 47 Apr.
1106 3666 25 39 3;
1197 3665 39 38 A
1271 3663 170 49 36238;
1483 3665 170 49 Silver,
1689 3667 209 40 Burdett
1935 3667 35 40 &
2005 3677 66 31 co.

161 3715 278 48 (31-10769)

80 3806 192 65 Clark,
301 3809 260 54 Thomas
590 3811 219 65 Curtis,
840 3815 170 52 1877-

144 3884 56 51 It
233 3884 145 54 shall
407 3890 99 47 not
537 3885 65 52 be
634 3888 186 67 again,
850 3888 75 69 by
956 3890 248 53 Thomas
1240 3890 193 55 Curtis
1466 3890 188 55 Clark.
1723 3892 136 56 New
1894 3890 178 74 York,

75 3959 66 54 R.
170 3960 67 55 R.
265 3960 208 75 Smith,
497 3962 126 71 inc.,
652 3966 149 52 1931.
