2428 4370
1231 4083 138 47 2056

289 498 52 52 ©
370 503 112 40 Dec.
512 501 38 49 9,
581 502 113 41 1931;
754 502 66 42 2c.
851 503 113 40 Dec.
995 504 58 38 14;
1109 503 80 41 aff.
1223 504 111 40 Dec.
1365 504 53 39 11;
1480 504 40 39 A
1549 504 149 40 45486;
1758 503 543 42 Simmons-Boardman

356 559 284 50 publishing
673 569 67 32 co.
811 560 283 50 (31-35420)

338 615 192 64 Vaupel,
558 614 165 65 Karl,
751 618 84 53 ed.

352 691 109 54 Die
501 691 206 53 kinder
748 709 168 51 sagen
964 710 84 49 es;
1091 693 186 53 bilder
1318 693 118 52 und
1479 693 385 68 erzählungen
1904 712 112 34 von
2055 692 244 54 kindern

281 770 154 54 einer
464 769 345 71 dorfschule,
839 770 275 69 geordnet
1142 790 110 34 von
1282 771 148 54 Karl
1520 771 180 68 Vaupel.
1769 772 219 67 Berlin,
2019 772 283 53 Deutsche

319 848 1135 71 verlagsgesellschaft g. m. b. h. [ ᶜ1 929]
354 928 519 49 72 p. illus. 24 ½ ᶜᵐ .
292 984 1995 111 © Dec. 11, 1929; 1c. Nov. 17, 1930; A—Foreign 10270; Deutsche verlagsgesellschaft m. b. h. (31-35021)
283 1099 179 66 Wait,
495 1100 278 55 William.

356 1178 207 55 Wait’s
599 1179 253 68 practice
887 1184 58 47 at
979 1181 129 68 law,
1145 1179 60 52 in
1240 1181 195 68 equity
1471 1182 114 51 and
1621 1180 61 53 in
1719 1180 336 71 particular,
2091 1180 216 54 actions

289 1258 113 52 and
431 1258 372 69 proceedings
832 1257 60 53 in
920 1258 78 53 all
1025 1258 97 53 the
1150 1265 190 47 courts
1369 1258 66 53 of
1461 1260 198 52 record
1688 1259 64 52 of
1778 1259 96 52 the
1903 1263 147 50 state
2076 1259 63 52 of
2167 1258 140 53 New

289 1336 181 68 York,
509 1336 142 52 with
694 1336 375 68 appropriate
1112 1336 197 53 forms.
1387 1338 72 52 3d
1500 1338 105 68 ed.,
1645 1336 221 55 revised
1909 1339 113 52 and
2063 1337 245 69 entirely

289 1413 293 54 rewritten
624 1419 59 49 to
727 1414 262 53 conform
1031 1415 140 52 with
1214 1415 96 52 the
1354 1414 155 55 Civil
1553 1415 249 68 practice
1846 1421 89 47 act
1978 1418 113 51 and
2135 1416 173 54 allied

287 1492 2021 71 statutes, by Oscar Leroy Warren … Supplemental volume for
292 1574 149 51 1931.
517 1572 141 52 New
686 1572 181 66 York,
895 1572 208 69 Baker,
1132 1572 250 53 Voorhis
1410 1574 46 49 &
1482 1590 97 52 co.,
1611 1575 149 50 1931.

358 1652 527 49 xxvii, 693 p. 24 ᶜᵐ .
293 1706 52 53 ©
369 1712 114 39 Dec.
507 1709 58 43 28,
659 1711 56 40 1931;
769 1709 66 42 2c.
860 1712 96 40 and
980 1711 83 40 aff.
1089 1711 112 41 Dec.
1226 1709 56 42 29;
1337 1711 41 39 A
1400 1711 147 41 45688;
1601 1712 71 40 W.
1698 1711 147 48 Wait,
1871 1712 259 48 Peekskill,
2155 1712 56 40 N.
2238 1713 52 39 Y.,

361 1770 97 38 and
484 1769 142 39 Isaac
652 1769 52 39 V.
732 1769 53 40 A.
812 1769 147 46 Wait,
988 1769 331 47 Kinderliook,
1347 1769 55 39 N.
1430 1770 53 38 Y.

288 1823 199 65 Ward,
517 1822 261 54 Herbert
807 1823 65 54 F.

357 1899 308 63 Questions
695 1900 113 52 and
840 1918 247 35 answers
1119 1899 94 53 for
1242 1900 137 53 civil
1406 1899 213 54 service
1649 1899 228 54 clerical
1905 1899 299 69 positions,
2231 1899 75 69 by

286 1978 1874 68 Herbert F. Ward … New York, Noble and Noble [ ᶜ1 931]
358 2061 506 48 V, 80 p., 1 l. 28 ᶜᵐ .
294 2115 52 52 ©
376 2120 101 39 Oct.
507 2119 69 45 28,
605 2119 141 47 1931;
779 2119 66 40 2c.
877 2119 112 39 Dec.
1020 2119 82 47 10;
1135 2118 81 40 aff.
1250 2119 111 41 Dec.
1393 2119 81 45 11;
1508 2118 39 40 A
1577 2119 149 40 46266;
1783 2119 153 41 Noble
1964 2119 37 39 &
2031 2118 165 41 Noble.

373 2176 282 48 (31-35396)

287 2226 311 68 Williams,
628 2228 255 54 Edward
913 2227 403 67 Huntington,
1350 2233 173 51 1868-

289 2308 1997 132 The insanity plea, by Edward Huntington Williams … introduction
658 2387 77 70 by
772 2387 231 69 August
1043 2388 259 52 Vollmer
1341 2429 9 10 .
1393 2431 9 9 .
1483 2387 335 68 Baltimore,
1858 2389 123 52 The
2020 2387 289 55 Williams

289 2469 45 49 &
359 2465 255 55 Wilkins
643 2484 298 52 company,
975 2468 149 51 1931.

360 2547 437 49 xi, 169 p. 20 ᶜᵐ .
295 2600 52 52 ©
378 2605 111 39 Dec.
521 2605 40 48 4,
594 2603 141 48 1931;
769 2604 67 41 2c.
868 2605 96 39 and
996 2603 83 41 aff.
1113 2605 110 39 Dec.
1258 2603 81 49 12;
1373 2605 41 38 A
1444 2604 146 40 45420;
1653 2604 244 41 Williams
1931 2606 36 39 &
1998 2603 210 42 Wilkins
2241 2614 68 30 co.

373 2661 284 50 (31-35405)

288 2715 209 65 Willis,
523 2715 177 56 John.

358 2793 308 53 Roosevelt
701 2793 60 52 in
799 2792 97 54 the
934 2792 205 71 rough,
1175 2793 77 71 by
1288 2793 150 55 Jack
1473 2792 214 69 Willis,
1726 2812 60 34 as
1826 2793 122 54 told
1987 2799 58 47 to
2082 2793 227 52 Horace

292 2871 1350 66 Smith … New York, I. Washburn, 1931.
358 2955 1337 50 xiv, 246 p. front., plates, ports., facsims. 22½ ᶜᵐ .
296 3009 52 53 ©
378 3013 104 42 Oct.
508 3013 71 48 27,
608 3012 112 42 1931;
777 3013 67 41 2c.
874 3014 112 40 Dec.
1015 3014 59 39 15;
1129 3012 81 42 aff.
1239 3014 111 39 Dec.
1379 3012 60 41 10;
1494 3013 41 39 A
1561 3012 146 41 46408;
1767 3013 191 39 Horace
1991 3010 171 43 Smith,
2193 3012 117 39 New

364 3071 146 40 York.
582 3069 281 48 (31-35115)

291 3123 298 67 Winslow,
626 3123 165 54 Ellen
830 3124 195 54 Goode
1070 3122 366 68 (Rawlings)
1479 3125 173 52 “Mrs.
1688 3123 249 53 Watson
1972 3121 337 55 Winslow.”

362 3202 247 71 History
653 3203 63 54 of
758 3203 378 68 Perquimans
1181 3207 211 64 county
1436 3222 59 33 as
1540 3201 283 70 compiled
1887 3202 154 53 from
2085 3202 225 53 records

295 3280 182 55 found
531 3282 159 53 there
743 3283 111 52 and
909 3282 328 58 elsewhere;
1295 3282 279 53 abstracts
1629 3280 64 53 of
1745 3282 170 53 deeds
1969 3280 154 53 from
2177 3282 133 50 1681

296 3359 247 70 through
596 3360 97 53 the
744 3358 690 69 revolution—petitions,
1485 3358 295 67 divisions,
1832 3358 114 54 and
1997 3357 314 69 marriages

295 3436 183 55 found
506 3438 60 52 in
596 3437 377 69 Perquimans
1006 3439 112 52 and
1149 3436 268 69 adjacent
1446 3436 361 54 counties—a
1837 3436 155 55 brief
2021 3454 291 50 summary

295 3516 62 52 of
393 3516 95 53 the
526 3515 244 70 settling
798 3516 63 53 of
898 3515 396 68 Perquimans,
1330 3514 142 54 with
1508 3516 97 52 the
1641 3515 142 54 kind
1822 3516 114 53 and
1972 3532 238 35 manner
2248 3514 63 52 of

295 3595 410 52 settlers—two
730 3612 180 50 maps,
938 3612 103 35 one
1068 3594 63 52 of
1155 3594 96 53 the
1277 3595 95 52 old
1400 3594 185 59 order,
1613 3595 113 52 and
1754 3612 103 35 one
1885 3614 27 33 a
1944 3597 229 64 present
2198 3593 114 68 day

294 3671 592 68 map—illustrations
927 3672 64 53 of
1030 3692 29 33 a
1102 3672 111 52 few
1255 3673 95 52 old
1390 3671 315 54 residences
1748 3673 112 52 and
1900 3672 217 52 several
2157 3689 154 34 more

293 3750 237 52 modern
563 3768 148 35 ones.
788 3751 89 68 By
910 3750 139 52 Mrs.
1084 3750 242 53 Watson
1356 3749 295 53 Winslow.
1729 3749 264 69 Raleigh,
2028 3749 283 52 Edwards

295 3828 45 50 &
367 3827 342 69 Broughton
738 3846 98 51 co.,
865 3831 152 50 1931.

367 3906 1943 51 xi. 488 p. front., plates, ports., 2 fold. maps, coats of arms. 23½ ᶜᵐ .
301 3959 2007 55 © Sept. 16, 1931; 1c. Oct. 16; 1c. Nov. 12; aff. Dec. 9; A 45674; E. G.
370 4022 177 47 Evans,
575 4023 179 49 Joplin,
784 4025 91 41 Mo.
947 4023 282 49 (31-31891)
