2505 4370
1053 4026 97 53 873

92 410 263 63 Marolla,
388 408 67 55 G.
486 408 71 54 A.

218 472 1870 74 … Il tradimento di Duarte; romanzo d’avventure; otto ta vole
90 562 154 55 fuori
284 567 143 48 testo
470 561 58 53 di
572 559 179 54 Fabio
791 557 197 54 Fabbi.
1068 558 255 68 Firenze,
1422 598 10 11 R.
1475 553 323 70 Bemporad
1839 553 46 51 &
1928 547 158 72 figlio

93 644 172 66 [1930]

159 715 835 52 2 p. l., 182 p., 1 l. plates. 24½ᶜᵐ.
98 782 1994 59 © Nov. 15, 1930; 1c. Jan. 6, 1931; A—Foreign 10140; R. Bemporad e
165 850 143 48 figlio.
379 847 279 49 (31-14736)

93 941 247 55 Medical
372 941 116 53 and
522 938 356 65 chirurgical
910 936 233 65 faculty
1172 936 63 53 of
1268 936 104 53 the
1404 936 160 52 state
1595 934 64 52 of
1691 932 332 65 Maryland.

160 1014 359 55 Celebration
554 1015 63 52 of
649 1015 96 53 the
778 1012 316 54 centennial
1131 1012 63 52 of
1227 1015 96 51 the
1359 1010 218 68 library
1614 1008 63 53 of
1711 1008 96 52 the
1841 1007 248 54 Medical

90 1094 111 52 and
239 1090 347 70 chirurgical
624 1091 220 72 faculty
883 1090 61 53 of
981 1092 95 51 the
1115 1095 144 50 state
1296 1088 63 53 of
1395 1085 327 70 Maryland,
1763 1088 327 51 1830-1930.

91 1169 329 69 Baltimore,
452 1168 118 52 Md.
610 1167 257 70 [Printed
896 1167 75 70 by
1001 1169 94 52 the
1126 1167 271 69 Waverly
1430 1182 172 51 press,
1633 1163 127 70 inc.]
1799 1166 150 49 1931.

216 1250 988 51 xi, 77, [1] p. front., plates, ports. 27 ᶜᵐ.
162 1308 127 40 John
329 1306 218 49 Ruhräh,
587 1306 266 48 chairman,
896 1305 204 48 Library
1141 1304 274 42 centennial
1457 1303 293 42 celebration
1793 1302 299 49 committee;

91 1362 185 41 Marcia
303 1364 51 41 C.
381 1365 172 46 Noyes,
582 1362 249 43 executive
857 1363 257 46 secretary.

160 1419 269 41 Addresses
452 1418 140 49 given
622 1422 50 37 at
700 1421 82 39 the
808 1416 236 50 meetings
1069 1418 52 40 of
1142 1417 139 48 April
1307 1417 70 47 23,
1405 1416 129 42 1930.

439 1478 101 37 CONTENTS.—A
577 1478 200 44 century
815 1475 52 39 of
902 1474 255 41 American
1196 1473 206 42 medical
1438 1472 239 48 libraries,
1717 1471 277 49 1830-1930,
2034 1472 61 49 by

92 1531 262 41 Archibald
392 1530 387 41 Malloch.—The
819 1531 332 47 development
1189 1530 52 41 of
1278 1530 211 41 internal
1529 1529 234 40 medicine
1801 1529 175 46 during
2013 1529 82 39 the

91 1591 111 44 past
226 1599 89 29 one
340 1589 221 39 hundred
586 1597 141 38 years
765 1587 308 49 (1830-1930)
1108 1587 60 49 by
1196 1587 50 39 L.
1279 1588 50 39 F.
1357 1585 485 49 Barker.—Surgical
1874 1595 223 38 progress

93 1644 51 39 of
174 1644 83 41 the
288 1646 215 45 century,
534 1646 61 46 by
626 1645 37 39 I.
701 1644 43 40 S.
780 1643 479 48 Cutter.—Progress
1292 1643 51 40 of
1375 1642 203 40 medical
1613 1642 276 48 specialties
1921 1642 176 47 during

94 1701 83 40 the
219 1703 112 45 past
376 1712 87 32 one
511 1699 220 43 hundred
777 1709 156 39 years,
979 1698 62 52 by
1086 1699 181 49 Joseph
1316 1699 473 43 Collins.—Address
1835 1700 59 48 by
1943 1702 53 39 A.
2046 1699 49 43 C.

94 1757 352 41 Ritchie.—Dr.
484 1758 192 39 Samuel
710 1758 174 45 Baker,
920 1757 84 40 the
1039 1755 207 42 founder
1281 1757 53 39 of
1364 1758 82 38 the
1477 1757 199 48 library,
1711 1757 60 49 by
1805 1756 126 40 John
95 1757 1983 97 Ruhräh.
199 1815 127 38 —As

359 1823 72 30 we
464 1812 145 49 build,
646 1814 61 47 by
740 1812 186 41 Marcia
962 1813 48 41 C.
1046 1814 336 48 Noyes.—The
1418 1812 238 50 inception
1692 1815 97 39 and
1824 1815 187 46 growth
2046 1813 53 39 of

94 1869 82 41 the
201 1869 198 50 library,
430 1871 62 49 by
520 1871 165 48 Harry
714 1868 350 42 Friedenwald.
1067 1868 299 42 —Medicine
1396 1869 49 39 in
1477 1869 127 42 1830.
1634 1871 62 46 by
1725 1870 72 41 W.
1827 1871 60 40 H.
1917 1869 180 42 Welch.

103 1923 51 52 ©
178 1929 115 46 May
316 1928 39 47 1,
381 1926 112 41 1931;
548 1928 66 38 2c.
641 1928 93 38 and
761 1927 82 39 aff.
870 1928 111 45 May
1008 1926 52 38 11;
1117 1926 40 38 A
1182 1925 146 41 38045;
1384 1926 208 41 Medical
1618 1927 36 40 &
1680 1927 294 47 chirurgical
171 1927 1911 105 faculty

301 1985 52 40 of
378 1985 82 40 the
486 1987 129 37 state
642 1984 52 39 of
720 1984 272 47 Maryland,
1021 1983 283 40 Baltimore.
1371 1983 281 49 (31-15176)

98 2075 263 67 Meister,
390 2075 236 66 Morris,
658 2082 170 50 1895-

99 2154 1975 148 … Heat and health, by Morris Meister … New York, Chicago
292 2231 930 69 [etc.] C. Scribner’s sons [ ᶜ1 931]
167 2310 1932 51 xviii, 237 p. incl. front., illus., diagr. 20 ᶜᵐ. (Living in a world of
97 2366 510 50 science, [book II ] )
168 2423 377 48 Bibliography:
579 2434 43 38 p.
652 2423 137 41 xviii.

106 2479 51 52 ©
190 2485 79 38 May
333 2483 39 47 8,
404 2482 114 41 1931;
580 2483 67 40 2c.
679 2484 112 46 May
823 2483 56 39 14;
940 2482 81 41 aff.
1056 2483 112 48 May
1200 2482 56 40 12;
1319 2484 42 38 A
1390 2482 145 42 37299;
1599 2482 203 42 Charles
1836 2482 267 42 Scribner’s

174 2551 124 30 sons.
369 2540 280 48 (31-15074)

104 2633 229 53 Mendel
376 2636 269 66 bulletin;
694 2655 72 33 an
807 2635 317 53 indication
1165 2636 65 53 of
1270 2636 97 52 the
1406 2640 137 65 type
1585 2636 63 52 of
1689 2636 159 53 work
173 2654 1905 126 accomplished

173 2712 1905 149 by students of the School of science, Villanova college … v. 3,
650 2794 149 49 1931.
881 2789 445 72 [Philadelphia,
1364 2792 121 70 Pa.,
1521 2791 165 69 Lyon
1724 2795 111 51 and
1873 2791 231 70 Armor,
172 2870 125 68 inc.,
331 2872 153 64 1931]

175 2949 84 40 104
282 2960 41 37 p.
348 2950 110 39 incl.
482 2949 128 40 illus.
639 2949 132 48 (incl.
796 2951 174 46 ports.)
996 2950 86 40 col.
1105 2950 145 47 plate,
1276 2951 170 40 tables.
1505 2950 59 39 24½ᶜᵐ.

109 3002 52 51 ©
191 3008 113 45 May
330 3005 69 48 26,
430 3004 139 48 1931;
601 3006 67 39 2c.
697 3006 127 40 June
850 3006 82 42 22;
965 3006 82 40 aff.
1078 3007 125 39 June
1232 3006 82 47 20;
1346 3007 42 39 A
1415 3005 171 49 39028;
1623 3006 170 41 School
1821 3008 53 38 of
1904 3006 199 48 science,

177 3063 253 40 Villanova
458 3064 190 46 college,
675 3063 269 47 Villanova,
972 3064 82 40 Pa.

106 3155 419 64 Metropolitan
557 3177 252 34 museum
840 3159 211 52 studies.
1144 3178 50 33 v.
1227 3162 49 65 3,
1307 3164 81 63 pt.
1419 3162 49 66 2,
1501 3162 149 50 1931.
1750 3160 138 52 [New
1918 3159 181 67 York]

177 3233 119 54 The
327 3234 413 68 Metropolitan
768 3254 254 34 museum
1051 3236 65 53 of
1143 3242 108 62 art,
1281 3240 150 49 1931.

178 3314 1481 52 2 p. l., 135-255 p., 1 l. , [8] p., 1 l. illus., double pl. 31½ᶜᵐ.
179 3371 270 40 “Pubished
481 3372 414 47 semi-annually.’'

113 3422 51 53 ©
189 3428 125 39 June
337 3428 51 39 11,
430 3428 109 39 1931;
595 3428 67 41 2c.
687 3430 92 39 and
806 3429 82 41 aff.
912 3430 125 39 June
1062 3430 81 40 22;
1172 3430 38 38 A
1235 3428 171 48 38998;
1436 3430 348 48 Metropolitan
1807 3441 219 30 museum
2053 3432 52 39 of

180 3488 91 37 art.

110 3577 266 65 Michael,
409 3580 152 63 Ann,
593 3582 193 67 pseud.

182 3656 305 54 Cathedral
523 3662 186 51 street,
740 3659 75 68 by
845 3659 135 53 Ann
1011 3658 265 53 Michael.
1357 3659 156 66 [New
1546 3660 180 70 York,
1757 3659 242 56 Printed
2029 3660 77 71 by

110 3734 1080 70 the Haddon craftsmen, inc., ᶜ1 931]
181 3813 399 48 viii, 223 p. 19½ ᶜᵐ.
116 3866 51 51 ©
199 3871 119 39 Mar.
349 3872 38 45 7,
418 3869 139 45 1931;
588 3871 67 40 2c.
687 3873 121 40 Mar.
838 3872 80 41 12;
951 3873 81 40 aff.
1062 3873 112 47 Apr.
1206 3874 53 44 1;
1292 3873 40 38 A
1362 3873 171 47 35218;
1566 3875 108 40 Mae
1705 3874 181 48 Taylor
1914 3876 191 42 Krouse

183 3928 93 38 and
302 3929 246 45 Margaret
574 3928 48 41 C.
651 3928 242 47 Schaefer,
919 3929 354 48 Philadelphia.
1336 3929 252 50 (31-6492)
