2575 4398
1121 4055 67 51 65

158 407 316 53 American
509 406 278 53 institute
821 407 63 52 of
918 406 392 63 cooperation.

226 500 308 53 American
561 500 361 67 cooperation;
982 518 30 33 a
1038 500 296 52 collection
1360 500 63 51 of
1450 518 206 49 papers
1683 501 113 52 and
1823 500 341 53 discussions

159 578 349 68 comprising
534 579 95 52 the
657 578 154 54 sixth
839 596 245 35 summer
1113 577 210 54 session
1352 578 64 53 of
1443 578 95 53 the
1567 578 308 53 American
1903 578 260 53 institute

158 658 64 51 of
244 657 363 67 cooperation
632 662 55 46 at
715 655 150 54 Ohio
888 661 142 49 state
1055 656 335 68 university,
1417 656 326 57 Columbus,
1771 655 166 54 Ohio.
2014 656 150 53 June

153 734 2010 69 16-July 23,1930 … v. 1, 2. Washington, D. C., The American
157 812 968 69 institute of cooperation [ ᶜ193 1]
228 893 281 41 2 v . 23 ᶜᵐ .
163 962 52 52 ©
246 967 109 39 Jan.
386 966 67 48 13,
485 965 140 47 1931;
658 964 66 41 2c.
757 966 109 40 Jan.
898 964 80 48 19;
1013 965 81 40 aff.
1126 966 110 40 Jan.
1268 966 55 39 17;
1384 966 40 38 A
1455 966 170 46 32856;
1660 965 146 40 Amer.
1852 967 226 39 institute
2110 967 52 39 of

229 1023 323 48 cooperation.

158 1132 315 54 American
513 1133 279 53 institute
833 1133 63 52 of
935 1132 229 65 mining
1202 1133 115 52 and
1358 1132 433 64 metallurgical
1832 1133 331 64 engineers,

227 1211 110 55 inc.

227 1291 1937 53 Transactions … 1930. Year book. This volume contains
157 1388 206 50 papers
388 1371 112 52 and
526 1370 341 52 discussions
893 1371 297 67 presented
1216 1375 56 46 at
1298 1371 276 68 meetings
1598 1371 129 51 held
1754 1371 60 51 in
1842 1371 113 53 San

157 1370 1979 138 Francisco,
357 1449 260 57 October,
658 1452 149 52 1929,
843 1451 112 51 and
991 1449 137 52 New
1168 1448 179 60 York,
1382 1448 315 69 February,
1735 1452 161 52 1930;
1938 1447 225 56 officers,

157 1527 363 54 committees,
555 1528 294 54 abstracts,
881 1528 154 51 titles
1070 1528 63 51 of
1166 1545 206 50 papers
1405 1528 60 51 in
1501 1530 134 49 1930
1669 1528 267 55 volumes,
1970 1528 96 52 list
2101 1528 63 51 of

157 1608 135 50 1930
312 1606 279 52 technical
613 1605 382 68 publications
1018 1606 112 51 and
1152 1605 388 53 consolidated
1563 1606 187 53 index.
1823 1606 138 51 New
1986 1605 178 59 York,

157 1685 69 51 N.
258 1685 90 59 Y.,
377 1685 121 52 The
529 1684 290 62 Institute,
851 1686 148 50 1930.

230 1764 87 41 485
345 1775 43 37 p.
448 1764 129 41 illus.
606 1764 132 47 (incl.
769 1764 174 48 ports.)
983 1764 169 48 tables,
1185 1764 179 48 diagrs.
1425 1764 147 41 23½ᶜᵐ.

162 1832 52 52 ©
249 1836 109 41 Jan.
393 1836 39 48 6,
469 1835 110 41 1931;
645 1835 66 42 2c.
747 1836 109 41 Jan.
891 1836 55 39 14;
1011 1835 83 42 aff.
1129 1836 110 40 Feb.
1275 1835 26 39 2;
1367 1836 41 39 A
1441 1836 146 40 33475;
1650 1836 147 40 Amer.
1846 1836 228 40 institute
2110 1838 51 39 of

229 1893 185 48 mining
450 1894 95 39 and
584 1893 356 47 metallurgical
979 1892 265 48 engineers,
1284 1893 104 47 inc.,
1427 1893 119 41 New
1582 1893 146 41 York.

161 2001 224 65 Barrie,
415 2004 100 54 Sir
542 2002 205 54 James
775 2001 308 66 Matthew,
1153 2011 126 63 bart.,
1311 2007 171 50 1860-

223 2093 123 55 The
369 2091 204 56 littlest
599 2112 130 34 ones
754 2093 169 54 Peter
947 2093 124 52 Pan
1096 2095 45 50 &
1163 2093 244 69 Wendy,
1430 2093 74 69 by
1528 2094 56 54 J.
1610 2094 78 52 M.
1718 2094 217 53 Barrie.
2022 2093 136 54 [New

156 2171 178 69 York]
368 2170 62 56 C.
462 2169 312 57 Scribner’s
800 2189 127 36 sons
960 2174 174 67 [1930]

223 2251 1181 50 2 p. l. , 3-44, [1] p. illus., col. plates. 14 ᶜᵐ .
225 2322 74 41 On
323 2333 167 29 cover:
518 2323 176 39 Retold
720 2322 79 40 for
825 2323 82 40 the
931 2332 206 38 nursery
1165 2323 61 46 by
1253 2324 113 46 May
1393 2324 162 45 Byron;
1613 2324 280 40 illustrated
1921 2326 59 46 by
154 2325 1989 95 Kathleen
286 2379 190 41 Atkins.

225 2437 289 39 Illustrated
544 2435 350 48 lining-papers
923 2433 50 42 in
1003 2435 169 41 colors.

161 2507 51 53 ©
243 2513 108 39 Jan.
383 2511 68 48 23,
483 2509 140 48 1931;
656 2509 68 41 2c.
755 2509 109 41 Jan.
893 2508 57 41 27;
1010 2507 83 42 aff.
1124 2509 110 40 Jan.
1264 2508 83 48 28;
1381 2508 42 40 A
1451 2508 171 48 34644;
1659 2509 201 41 Charles
1895 2509 265 41 Scribners

233 2580 125 31 sons.
429 2567 250 51 (31-2675)

157 2682 247 64 Barron,
431 2679 220 64 Joseph
680 2678 276 55 Thomas.

224 2770 1874 69 Elements of epistemology, by Joseph Thomas Barron …
155 2848 1359 68 New York, The Macmillan company, 1931.
220 2931 551 50 6 p. l. , 225 p. 20½ᶜᵐ.
161 2998 1792 53 © Jan. 13, 1931; 2c. and aff. Jan. 14; A 33136; Macmillan co.
239 3059 249 50 (31-2776)

161 3168 211 66 Beach,
405 3169 207 65 Robin,
649 3175 170 49 1889-

222 3259 121 53 The
371 3264 155 63 story
555 3259 64 52 of
646 3258 311 72 electricity
988 3258 108 52 and
1129 3259 365 68 magnetism;
1527 3258 335 70 harnessing
1892 3258 263 54 invisible

156 3335 1996 73 energy for the service of mankind, by Robin Beach … and
155 3412 1997 72 Ernest J. Streubel … with additions by Adam Ward. New
157 3474 1324 86 York, P. F. Collier & son company [ ᶜ193 0]
224 3574 1931 50 2 p. l. , 3-408 p. col. front., illus., plates, ports., diagrs. 20 ᶜᵐ . (Added
158 3630 1903 53 t.-p.: Popular science library, editor-in-chief, G. P. Serviss … v. 6)
225 3702 162 39 Plates
421 3701 190 49 printed
646 3713 58 30 on
741 3702 111 41 both
891 3702 139 41 sides.

226 3758 258 41 Published
510 3758 48 39 in
585 3759 115 39 1922
726 3768 55 30 as
807 3761 88 37 vol.
925 3760 19 38 1
976 3760 52 39 of
1054 3760 79 39 the
1162 3759 215 40 author’s
1407 3760 280 48 Electricity
1715 3763 95 38 and
1839 3762 311 49 magnetism;

158 3815 77 41 the
264 3815 182 41 science
473 3816 52 39 of
551 3824 172 38 power.

164 3882 52 52 ©
241 3887 111 40 Dec.
377 3886 69 48 30,
471 3886 141 47 1930;
639 3886 67 41 2c.
734 3886 108 40 Jan.
869 3887 68 46 14,
964 3886 140 45 1931;
1134 3885 81 41 aff.
1243 3886 109 41 Jan.
1378 3885 82 48 21;
1489 3886 43 39 A
1556 3886 171 49 33274;
1757 3888 50 40 P.
1836 3888 52 41 F.
1917 3888 177 42 Collier
2122 3890 35 39 &

230 3954 87 29 son
346 3954 66 30 co.
477 3939 68 54 [©
576 3954 104 29 new
711 3945 193 45 matter,
936 3942 329 41 illustrations
1297 3944 96 39 and
1426 3943 251 51 revisions]

239 3999 249 49 (31-2695)
