2428 4370
989 3978 134 57 1703

193 438 778 52 xv, 171 p. illus., diagrs. 24 ᶜᵐ .
127 498 245 40 “Selected
405 495 360 49 bibliography”:
823 506 42 37 p.
899 494 215 42 159-167.

65 553 49 52 ©
144 557 101 40 Oct.
271 554 39 48 9,
339 553 111 42 1931;
508 555 67 40 2c.
605 554 101 41 Oct.
733 554 54 39 21;
846 552 82 43 aff.
957 553 100 40 Oct.
1086 551 55 40 22;
1199 552 41 39 A
1266 552 144 41 43375;
1469 552 57 41 D.
1555 552 106 40 Van
1689 550 247 41 Nostrand
1966 559 81 40 co.,

129 613 88 40 inc.
289 611 278 49 (31-31022)

60 708 215 61 Smart,
305 708 253 61 Morton,
590 706 170 54 1878-

127 782 333 55 Graduated
516 782 285 52 muscular
860 779 408 67 contractions;
1331 797 31 34 a
1422 778 349 69 description
1831 775 64 55 of
1953 776 96 52 the

61 860 223 52 method
330 860 112 52 and
487 860 75 52 its
606 857 353 69 application
1004 858 59 51 in
1107 858 95 51 the
1246 861 306 48 treatment
1596 854 63 54 of
1705 854 240 69 injuries
1990 859 59 47 to

61 931 1987 73 muscles and joints, by Morton Smart … Cincinnati, The
61 1015 175 51 Ruter
264 1032 175 49 press,
469 1016 150 50 1931.

127 1094 97 41 viii,
258 1094 56 40 78
343 1104 41 37 p.
447 1093 127 41 illus.
633 1092 147 42 20½ᶜᵐ.

65 1148 51 51 ©
148 1151 100 41 Oct.
278 1153 39 45 7,
347 1150 111 41 1931;
518 1151 65 40 2c.
616 1152 100 39 Oct.
746 1151 26 40 9;
832 1150 80 41 aff.
945 1150 101 42 Oct.
1077 1150 59 40 10;
1190 1151 41 38 A
1258 1148 145 42 43159;
1464 1150 61 39 M.
1560 1148 178 47 Smart,
1770 1148 281 47 Covington,

131 1208 89 47 Ky.
291 1208 279 47 (31-30862)

61 1300 213 65 Smith,
301 1304 137 52 Mrs.
468 1303 190 53 Sarah
687 1302 338 63 Hathaway
1059 1300 253 65 (Bixby)
1352 1302 170 53 1871-

127 1378 196 52 Adobe
363 1378 166 70 days;
573 1377 168 69 being
778 1378 92 52 the
908 1377 254 54 truthful
1200 1378 289 52 narrative
1527 1375 63 54 of
1628 1376 95 54 the
1762 1379 191 49 events
1991 1374 59 52 in

57 1456 94 51 the
178 1455 103 54 life
309 1455 63 53 of
400 1476 28 33 a
462 1454 319 55 California
810 1455 112 68 girl
952 1475 68 34 on
1051 1475 28 33 a
1110 1455 166 67 sheep
1306 1454 173 53 ranch
1510 1453 111 54 and
1652 1455 57 51 in
1741 1452 74 51 El
1844 1452 205 68 pueblo

59 1532 66 52 de
150 1532 243 54 Nuestra
421 1532 210 54 Señora
663 1532 67 54 de
757 1533 110 52 Los
897 1533 240 68 Angeles
1164 1532 165 52 while
1355 1530 45 54 it
1426 1551 116 33 was
1567 1538 94 61 yet
1687 1550 27 33 a
1747 1530 160 52 small
1937 1529 109 53 and

57 1608 225 55 humble
303 1614 149 47 town;
508 1610 256 66 together
787 1610 137 51 with
952 1629 69 34 an
1044 1616 235 47 account
1303 1609 61 52 of
1386 1610 125 51 how
1534 1609 156 52 three
1713 1625 190 51 young
1925 1625 122 34 men

62 1686 146 53 from
250 1687 192 54 Maine
483 1685 58 54 in
587 1690 132 50 1853
761 1687 170 54 drove
974 1686 168 69 sheep
1184 1690 51 51 &
1278 1687 167 54 cattle
1487 1704 185 37 across
1711 1685 94 53 the
1847 1683 204 71 plains,

60 1764 334 68 mountains,
420 1769 50 49 &
499 1764 211 54 deserts
738 1765 150 53 from
916 1765 226 53 Illinois
1166 1770 58 47 to
1251 1765 96 54 the
1372 1763 212 54 Pacific
1610 1770 149 47 coast;
1819 1766 111 52 and
1957 1764 95 53 the

59 1847 223 63 strange
316 1842 285 69 prophecy
636 1842 63 53 of
735 1841 259 53 Admiral
1032 1843 284 53 Thatcher
1352 1842 168 53 about
1557 1841 115 54 San
1707 1841 184 52 Pedro
60 1841 1968 146 harbor,

208 1919 74 69 by
319 1918 183 54 Sarah
542 1920 188 68 Bixby
770 1918 203 55 Smith.
1048 1919 397 53 Introduction
1484 1919 74 69 by
1596 1919 213 53 Robert
1845 1918 206 54 Ernest

63 1995 221 55 Cowan.
354 1997 110 52 Los
496 1995 264 70 Angeles,
793 1995 193 62 Calif.,
1021 1997 55 53 J.
1111 1995 224 69 Zeitlin,
1374 2000 148 50 1931.

127 2075 1384 50 4 p. l. , vi p., 1 l., 148 p. front., plates, ports. 24 ᶜᵐ .
130 2132 178 40 “Third
338 2133 183 41 edition
553 2133 202 46 revised,
786 2132 156 40 1931.”

68 2187 50 52 ©
156 2192 126 48 Sept.
317 2193 40 45 4,
394 2191 107 41 1931;
572 2191 66 40 2c.
677 2192 102 40 Oct.
814 2193 26 38 7;
906 2191 82 41 aff.
1025 2191 102 41 Oct.
1162 2191 56 41 20;
1284 2193 41 38 A
1360 2193 144 39 44385;
1574 2193 45 41 S.
1657 2194 53 37 B.
1752 2192 170 48 Smith,
1961 2193 93 39 Los

131 2248 217 48 Angeles.
420 2247 279 51 (31-30922)

64 2327 207 65 Tooke,
304 2329 246 54 Charles
576 2329 250 64 Wesley,
860 2331 170 53 1870-

133 2403 168 55 Cases
342 2425 72 33 on
457 2406 95 53 the
595 2407 108 51 law
746 2405 63 53 of
849 2405 314 69 municipal
1205 2406 409 68 corporations,
1659 2408 238 53 selected
1940 2407 110 53 and

64 2483 1963 144 annotated by Charles W. Tooke … 1931 ed. New York, Chicago
243 2565 136 62 [etc.]
428 2561 323 54 Commerce
790 2560 252 71 clearing
1080 2562 189 65 house,
1308 2562 125 66 inc.,
1471 2563 177 51 Loose
1689 2561 118 53 leaf
1845 2562 209 53 service

64 2635 1583 71 division of the Corporation trust company, ᶜ193 1.
134 2717 1504 51 xiii, 896 p. 25½ ᶜᵐ . [C C H university casebook series]
135 2774 260 42 Published
431 2775 116 41 1926
580 2777 152 39 under
770 2776 107 40 title:
941 2776 40 39 A
1014 2776 230 40 selection
1280 2776 51 40 of
1364 2786 136 30 cases
1533 2787 61 31 on
1628 2777 81 39 the
1745 2778 94 38 law
1874 2777 51 40 of
66 2789 1971 90 municipal
267 2832 346 48 corporations.

70 2885 50 52 ©
150 2890 126 47 Sept.
303 2891 67 42 15,
400 2890 112 41 1931;
570 2890 65 40 2c.
667 2892 101 39 Oct.
796 2890 55 39 24;
910 2890 80 40 aff.
1022 2890 102 42 Oct.
1154 2889 55 41 19;
1267 2892 41 38 A
1334 2890 145 41 44450;
1539 2890 273 41 Commerce
1842 2891 215 49 clearing

134 2946 161 47 house,
325 2946 89 40 inc.
486 2947 280 50 (31-31013)

69 3025 391 65 Vanderslice,
491 3029 274 58 Howard,
798 3034 324 63 1853-1929,
1151 3047 178 51 comp.

130 3103 127 52 Van
283 3103 98 54 der
410 3103 147 55 Slice
583 3108 108 52 and
721 3105 169 53 allied
918 3104 265 68 families,
1211 3105 276 68 compiled
1517 3106 73 68 by
1616 3105 256 53 Howard

64 3106 1963 127 Vanderslice
318 3182 112 53 and
457 3182 253 52 Howard
741 3182 252 53 Norman
1020 3183 277 53 Monnett.
1384 3184 111 51 [Los
1522 3184 263 67 Angeles,
1814 3182 237 54 Printed

64 3256 1050 72 by the Neuner corporation, ᶜ193 1]
133 3337 1754 51 3 p. l. , 9-287. [16] p. illus. (maps) plates, ports., facsims. 20 ᶜᵐ .
71 3390 50 52 ©
147 3397 99 40 Oct.
271 3398 68 47 16,
365 3396 111 41 1931;
531 3397 67 42 2c.
624 3399 102 40 Oct.
750 3399 55 39 26;
859 3399 82 41 aff.
968 3400 101 39 Oct.
1095 3399 56 39 24;
1206 3400 41 38 A
1270 3400 145 39 44416;
1474 3400 42 40 S.
1545 3401 37 39 I.
1608 3400 328 43 Vanderslice.
1962 3401 93 39 Los

136 3453 213 48 Angeles.
422 3454 278 48 (31-30925)

69 3532 125 53 Van
223 3534 198 60 Vorst,
449 3535 205 55 Marie.

133 3608 1923 74 Good night, ladies ! By Marie Van Vorst … London, Mills
64 3686 43 50 &
134 3686 176 66 Boon,
335 3687 220 56 limited
611 3693 131 49 [1931]

135 3765 333 50 287 p. 20 ᶜᵐ .
74 3819 1982 58 © 1c. Oct. 3, 1931; A ad int. 15548; pubd. Aug. 7; Marie Van Vorst
139 3880 201 49 Cagiati,
378 3883 286 49 Serravalle,
701 3885 141 47 Italy.
914 3885 279 47 (31-31445)
