2428 4370
1042 3978 134 57 1743

173 463 170 38 Issued
376 462 103 39 also
509 472 53 29 as
595 461 151 40 thesis
786 460 107 45 (PH.
954 460 35 43 D.)
1028 459 249 41 Columbia
1310 459 286 49 university.

171 518 375 48 Bibliography:
579 528 42 37 p.
651 517 157 40 33-34.

108 586 51 52 ©
193 591 115 46 July
340 591 41 46 3,
415 588 139 47 1931;
589 587 66 42 2c.
689 589 119 47 Aug.
841 588 81 47 20;
960 588 81 40 aff.
1076 589 119 47 Aug.
1230 589 82 47 18;
1349 589 41 39 A
1422 589 171 47 41156;
1631 589 238 40 Teachers
1905 588 190 48 college,

176 646 250 41 Columbia
462 646 283 47 university.
819 645 279 49 (31-31474)

102 753 391 65 Terpenning,
522 754 224 54 Walter
774 754 243 64 Abram,
1049 759 170 49 1886-

233 844 1863 69 … Village and open-country neighborhoods, by Walter A.
101 920 1996 71 Terpenning … with an introduction by the Right Honorable
104 998 1992 68 Sir Horace Plunkett … New York & London, The Century
101 1080 283 63 co. [ ᶜ1 931]
174 1157 130 48 xxiv,
345 1157 85 41 493
473 1169 41 37 p.
578 1157 163 49 front.,
783 1158 128 39 illus.
939 1156 134 49 (incl.
1114 1157 164 48 plans)
1332 1158 170 47 plates,
1548 1167 149 38 maps,
1740 1157 153 48 diagr.
1954 1158 145 41 22½ᶜᵐ.

114 1213 125 46 (The
266 1214 213 48 Century
506 1214 146 40 social
685 1214 185 41 science
896 1214 176 40 series)
1197 1212 131 50 $4.00

174 1283 374 49 Bibliography:
579 1297 42 37 p.
649 1284 216 42 463-490.

110 1352 51 52 ©
189 1356 102 41 Oct.
317 1355 68 48 19,
411 1354 140 50 1931;
580 1355 67 42 2c.
674 1358 94 38 and
794 1356 82 40 aff.
904 1356 101 40 Oct.
1033 1355 82 48 24;
1144 1357 41 38 A
1210 1357 171 46 43471;
1412 1356 216 48 Century
1653 1367 66 29 co.

188 1412 279 51 (31-31459)

103 1522 71 55 U.
204 1522 57 55 S.
335 1524 165 52 Laws,
544 1529 239 48 statutes,
825 1529 101 49 etc.

235 1613 1868 56 … United States Code annotated. 1931 cumulative annual
106 1691 2001 71 pocket part for General index … St. Paul, West publishing
105 1771 1444 70 co.; Northport, Edward Thompson co. [ ᶜ1 931 ]
174 1852 57 40 86
260 1863 42 37 p.
366 1852 144 40 23½ᶜᵐ.

179 1921 119 41 This
321 1922 247 48 pamphlet
591 1921 41 41 is
657 1925 49 37 to
731 1921 57 41 be
808 1921 139 41 fitted
970 1922 103 40 into
1099 1922 82 40 the
1203 1923 173 47 pocket
1401 1925 52 37 at
1479 1923 81 39 the
1584 1922 125 40 back
1732 1923 51 40 of
1808 1922 82 41 the
1915 1922 190 41 volume

107 1979 52 39 of
187 1979 80 40 the
295 1980 75 38 set
396 1981 52 37 to
473 1978 161 40 which
659 1978 39 40 it
726 1976 208 50 belongs.

113 2044 51 52 ©
196 2048 100 40 Oct.
327 2049 69 46 13,
425 2047 140 48 1931;
595 2048 68 41 2c.
693 2048 116 40 Nov.
840 2047 82 48 12;
956 2047 80 39 aff.
1068 2049 118 39 Nov.
1217 2049 82 46 13;
1330 2048 43 39 A
1400 2047 171 49 43977;
1604 2050 135 39 West
1768 2049 110 48 pub,
1910 2060 66 29 co.
2009 2049 96 41 and

181 2105 210 40 Edward
417 2105 275 48 Thompson
718 2116 65 28 co.

106 2197 128 53 Van
265 2199 214 64 Doren,
511 2199 190 64 Mark,
735 2205 169 49 1894-

174 2288 152 53 Dick
363 2289 113 52 and
515 2290 161 67 Tom,
714 2290 140 53 tales
895 2289 63 52 of
998 2295 111 47 two
1150 2290 214 68 ponies,
1402 2290 75 69 by
1515 2289 173 53 Mark
1725 2291 131 53 Van
1894 2291 212 67 Doren,

107 2365 322 55 illustrated
471 2366 76 70 by
589 2365 220 71 George
851 2367 79 54 M.
975 2367 310 67 Richards;
1332 2368 321 68 endpapers
1694 2368 75 69 by
1811 2369 295 68 Margaret

110 2445 125 53 Van
272 2444 208 52 Doren.
556 2444 137 53 New
734 2444 177 69 York,
949 2445 122 52 The
1104 2445 335 53 Macmillan
1478 2464 298 50 company,
1816 2449 149 50 1931.

177 2526 27 40 5
231 2537 43 37 p.
340 2557 8 17 l.,
379 2526 55 40 68
463 2537 42 37 p.
535 2526 110 41 incl.
674 2527 142 47 illus.,
846 2528 172 47 plates,
1078 2529 86 39 col.
1194 2527 150 41 front.
1404 2529 117 40 21ᶜᵐ.

115 2594 51 52 ©
195 2599 117 39 Nov.
343 2598 68 48 10,
441 2597 138 48 1931;
611 2597 67 40 2c.
709 2599 94 38 and
832 2597 82 42 aff.
942 2598 118 41 Nov.
1091 2598 83 47 11;
1205 2598 41 39 A
1274 2598 171 48 43950;
1479 2600 282 39 Macmillan
1792 2611 65 30 co.

191 2654 280 49 (31-28317)

109 2748 265 63 Warren,
401 2748 328 63 Raymond.

177 2837 123 55 Abe
345 2837 258 61 Lincoln,
647 2838 305 70 Kentucky
995 2839 128 69 boy,
1164 2839 75 70 by
1284 2841 302 69 Raymond
1630 2843 272 69 Warren;
108 2843 1973 125 illustrated

324 2917 1705 72 by the author. Chicago, The Reilly & Lee co. [ ᶜ1 931 ]
179 2997 1106 51 5 p. l. , 205 p. front., illus., plates. 22ᶜᵐ.
181 3068 139 47 Maps
349 3079 59 29 on
437 3067 360 50 lining-papers.

117 3132 51 52 ©
197 3138 101 41 Oct.
323 3139 69 47 23,
419 3138 140 48 1931;
587 3140 66 40 2c.
679 3140 116 40 Nov.
823 3140 53 48 2;
906 3141 81 40 aff.
1014 3142 119 40 Nov.
1159 3143 53 45 3;
1242 3142 43 38 A
1307 3142 171 47 44581;
1509 3143 160 47 Reilly
1696 3144 36 39 &
1759 3144 95 41 Lee
1878 3154 65 30 co.

195 3194 278 49 (31-31469)

111 3287 263 64 Watson,
402 3288 221 55 Harold
655 3290 263 64 Francis,
949 3296 170 50 1895-

177 3377 121 52 The
325 3378 171 53 sailor
525 3378 57 53 in
613 3380 245 68 English
887 3380 190 53 fiction
1108 3382 110 53 and
1251 3382 215 67 drama,
1497 3386 327 66 1550-1800,
1853 3383 72 70 by
108 3384 1975 122 Harold

230 3454 1876 77 Francis Watson … New York, Columbia university press,
112 3533 148 50 1931.

182 3609 1923 59 5 p. l., 241 p., 1 l. 21ᶜᵐ. (Half-title: Columbia university studies in
113 3667 199 47 English
342 3669 95 39 and
467 3679 222 38 compara
699 3670 96 47 tive
824 3671 282 45 literature)

183 3737 260 41 Published
475 3741 103 38 also
607 3751 55 29 as
691 3741 150 40 thesis
882 3741 107 45 (PH.
1052 3743 34 46 D.)
1126 3744 250 40 Columbia
1409 3745 283 49 university.

181 3793 375 50 Bibliography:
587 3806 43 38 p.
666 3796 247 49 [220]-230.

123 3861 51 52 ©
203 3866 99 41 Oct.
331 3868 69 46 15,
428 3867 140 48 1931;
597 3868 67 42 2c.
694 3870 99 40 Oct.
821 3868 82 47 29;
935 3870 80 40 aff.
1046 3871 101 41 Oct.
1176 3872 82 47 21;
1289 3874 41 38 A
1356 3874 172 47 44515;
1560 3874 252 43 Columbia
1837 3876 274 49 university

186 3931 150 38 press.
407 3922 278 51 (31-31504)
