2505 4370
992 4032 132 46 1089

79 396 362 66 Addington,
471 396 209 64 Sarah,
713 402 169 50 1891-

148 477 194 53 Dance
368 481 169 64 team,
561 477 75 68 by
665 475 182 55 Sarah
875 475 357 69 Addington.
1309 475 138 52 New
1474 475 181 71 York,
1682 476 71 53 D.
1782 475 291 69 Appleton

79 556 113 52 and
225 573 297 51 company,
558 557 149 50 1931.

143 631 478 48 3 p. l., 348 p. 19½ ᶜᵐ.
83 702 51 51 ©
174 705 115 47 July
327 706 67 47 17,
434 703 140 48 1931;
614 704 66 40 2c.
720 706 95 38 and
854 703 81 41 aff.
974 704 114 46 July
1127 703 82 48 18;
1248 703 42 39 A
1327 703 171 48 40403;
1543 703 46 41 S.
1628 703 291 48 Addington,
1960 704 115 40 New

151 763 141 39 York.
365 761 279 48 (31-18422)

77 854 220 66 Amiss,
326 855 155 54 John
511 857 79 54 M.

147 934 121 53 The
299 954 95 33 use
426 934 64 53 of
519 934 304 53 handbook
853 934 179 54 tables
1062 934 113 53 and
1207 934 308 66 formulas;
1549 932 109 55 five
1690 934 261 54 hundred
78 952 1972 128 examples

314 1014 113 51 and
451 1016 109 49 test
581 1012 286 67 questions
892 1029 72 36 on
987 1012 94 52 the
1107 1011 355 68 application
1485 1012 64 53 of
1572 1012 197 69 tables,
1796 1010 279 56 formulas

76 1091 113 52 and
219 1091 229 67 general
481 1091 134 51 data
646 1088 57 53 in
734 1088 381 70 Machinery’s
1147 1088 323 70 handbook,
1500 1090 238 53 selected
1771 1088 303 70 especially

78 1167 92 53 for
208 1167 369 69 engineering
614 1169 110 52 and
762 1168 163 52 trade
960 1168 236 68 schools,
1233 1165 463 70 apprenticeship
1736 1169 112 51 and
75 1168 1975 146 homestudy

275 1264 239 50 courses,
542 1250 57 48 to
629 1244 190 54 insure
847 1245 95 54 the
971 1250 145 47 most
1145 1243 256 55 effective
1431 1264 95 33 use
1555 1244 63 54 of
1647 1245 97 53 the
1768 1244 305 54 handbook

76 1324 110 52 and
221 1342 31 33 a
283 1323 286 68 thorough
601 1322 334 69 knowledge
966 1322 64 53 of
1059 1322 74 55 its
1165 1327 275 64 contents,
1469 1323 76 70 by
1577 1323 156 53 John
1767 1322 79 53 M.
1879 1321 194 55 Amiss

137 1398 1936 71 … and Franklin D. Jones … New York, The Industrial
73 1477 1973 70 press; London, The Machinery publishing company, ltd. [ ᶜ1 931]
138 1555 967 51 3 p. l., 210 p. illus., diagrs. 18½ᶜᵐ.
78 1624 51 53 ©
160 1630 113 46 May
301 1629 69 46 13,
399 1628 112 40 1931;
570 1628 67 41 2c.
667 1629 113 46 May
808 1629 56 39 27;
922 1628 82 39 aff.
1035 1629 112 45 May
1176 1628 55 40 25;
1291 1629 40 38 A
1359 1628 170 47 38478;
1564 1628 271 41 Industrial
1865 1638 151 39 press.
155 1685 280 55 (31-18284)

72 1781 205 65 Apple,
308 1781 227 53 Adrian
562 1782 68 55 R.

143 1861 151 53 True
324 1860 199 69 riches,
554 1881 31 33 a
615 1863 164 51 novel
810 1862 75 68 by
915 1860 226 54 Adrian
1172 1861 69 51 R.
1275 1860 211 70 Apple,
1517 1861 138 52 with
1691 1859 380 55 illustrations

71 1937 1749 70 by the author … Glendale, Calif., A. R. Apple [ ᶜ1 931]
135 2017 810 49 2 p. l., 3-174 p. illus. 20½ᶜᵐ.
76 2086 51 51 ©
158 2090 125 39 June
314 2089 38 48 6,
383 2087 113 42 1931;
558 2089 65 40 2c.
656 2090 96 39 and
783 2089 82 40 aff.
897 2089 126 40 June
1052 2090 55 38 12;
1166 2090 41 38 A
1236 2088 147 42 37910;
1442 2090 56 41 A.
1531 2090 55 39 R.
1618 2090 166 49 Apple.
153 2146 279 49 (31-18272)

70 2241 290 64 Athearn,
391 2243 140 54 Mrs.
563 2242 198 52 Laura
800 2241 422 66 (Armstrong)

141 2320 294 55 Christian
462 2321 249 68 worship
739 2321 92 52 for
855 2320 305 54 American
1186 2321 198 69 youth,
1407 2321 76 70 by
1507 2321 191 53 Laura
1723 2321 347 71 Armstrong

68 2398 1784 71 Athearn. New York, London, The Century co. [ ᶜ1 931 ]
134 2475 1306 51 xiii, 361 p. front., illus., plates. 21 ᶜᵐ. $2.50
136 2545 310 49 “Principles,
475 2546 235 47 methods,
742 2547 95 38 and
866 2545 297 42 materials.”

136 2603 196 41 “Direct
362 2602 293 41 correlation
685 2603 90 40 has
805 2603 118 39 been
953 2603 140 39 made
1125 2602 120 40 with
1281 2604 113 40 ‘The
1425 2614 105 30 new
1563 2606 197 46 hymnal
1791 2606 80 41 for
64 2607 1984 93 American
203 2659 178 49 youth’,
413 2660 162 40 edited

607 2660 60 48 by
700 2658 255 41 Professor
987 2659 60 41 H.
1079 2659 272 48 Augustine
1383 2660 538 45 Smith.”—Foreword.

135 2717 226 41 Includes
389 2716 169 43 music.

73 2787 52 53 ©
159 2792 126 40 June
317 2789 69 49 19,
421 2789 140 47 1931;
594 2788 68 42 2c.
695 2790 96 39 and
826 2787 80 42 aff.
942 2789 115 47 July
1091 2789 52 46 1;
1179 2789 41 38 A
1254 2788 172 49 40198;
1464 2790 214 49 Century
1712 2802 67 30 co.
151 2847 280 51 (31-18416)

68 2944 212 63 Babor,
310 2942 220 64 Joseph
562 2940 227 68 Albert,
823 2946 171 50 1895-

66 3018 1970 135 Elements of general chemistry, by Joseph A. Babor … William L.
332 3096 1729 58 Estabrooke … Alexander Lehrman … with foreword
64 3174 1996 71 by Herbert R. Moody … New York, Thomas Y. Crowell
64 3256 504 66 company [ ᶜ1 931]
173 3332 1433 50 x, 601 p. incl. illus., tables, diagrs. col. fold. pl. 22½ᶜᵐ.
135 3392 175 40 Tables
338 3403 60 28 on
426 3390 362 47 lining-papers.

72 3460 51 51 ©
154 3464 114 47 July
297 3464 55 37 15,
395 3462 113 39 1931;
568 3462 67 39 2c.
666 3462 94 38 and
790 3460 81 41 aff.
903 3461 116 48 July
1048 3462 81 46 18;
1162 3461 40 39 A
1230 3461 172 48 40404;
1434 3463 210 42 Thomas
1676 3466 53 39 Y.
1761 3466 200 41 Crowell
1997 3480 67 29 co.
151 3519 279 49 (31-18725)

67 3614 361 63 Barnhardt,
457 3613 168 53 Jesse
655 3612 239 63 Homer,
925 3612 172 55 1873-

136 3692 262 69 Looking
429 3692 154 51 them
616 3710 149 49 over,
796 3691 76 69 by
903 3689 157 54 Jesse
1092 3691 219 52 Homer
1344 3693 352 71 Barnhardt,
1765 3739 9 9 D.
1845 3738 10 12 D.
67 3699 1973 141 Boston,
210 3771 191 66 Mass.,

430 3767 990 70 The Stratford company [ ᶜ1 931 ]
132 3843 768 52 2 p. l., vii p., 1 l. , 233 p. 19 ᶜᵐ.
72 3920 51 51 ©
153 3924 125 39 June
305 3923 40 46 3,
373 3920 113 40 1931;
545 3919 68 40 2c.
642 3919 128 39 June
797 3918 51 42 6;
881 3918 81 38 aff.
992 3918 126 40 June
1146 3917 27 40 9;
1232 3918 41 39 A
1300 3918 171 49 38658;
1507 3920 251 45 Stratford
1789 3935 67 31 co.,
1902 3928 162 46 pubrs.
148 3977 278 51 (31-18300)
