2505 4370
1327 4017 104 55 706

430 347 108 55 Les
582 344 194 55 beaux
821 347 279 55 châteaux
1144 349 69 54 de
1260 349 237 55 France.
1572 349 314 55 Deuxième
1929 349 160 56 série.
2169 349 206 70 [Paris]

357 422 517 71 Hachette [ᶜ193 0]
431 503 975 51 159, [1] p. incl. front., illus. 37 ᶜᵐ .
367 560 2014 57 © Nov. 5, 1930; 1c. Mar. 20, 1931; A— Foreign 11450; Librairie Hachette,
451 622 281 49 (31-11824)

362 687 221 54 Berlin.
658 689 303 55 Deutsche
994 691 362 55 hochschule
1388 692 103 52 für
1522 691 228 65 politik.

433 764 223 54 Politik
701 767 84 53 als
831 768 428 68 Wissenschaft;
1310 769 142 53 zehn
1498 768 164 70 jahre
1707 769 286 53 Deutsche
2039 768 342 54 hochschule

363 842 100 54 für
494 842 229 73 politik,
757 844 460 71 herausgegeben
1250 865 113 35 von
1397 847 179 54 Ernst
1609 847 205 54 Jäckh.
1886 846 270 71 Ausgabe
2189 865 55 50 a,
2275 847 108 53 mit

361 924 30 49 3
423 920 407 71 abbildungen.
907 924 219 69 Berlin,
1154 925 78 53 H.
1265 924 385 69 Reckendorf,
1678 944 53 50 g.
1761 944 74 35 m.
1863 925 53 53 b.
1946 926 75 67 h.,
2053 928 153 50 1930.

436 1004 1222 53 ix, [1] p., 2 l., [3]-310 p. 3 pl., cliagrs. 24 ᶜᵐ .
719 1063 292 49 CONTENTS.—Beiträge
1046 1075 109 29 zum
1193 1065 218 48 problem
1448 1066 86 39 der
1568 1064 294 49 politischen
1899 1064 348 42 Wissenschaft
2284 1066 98 41 und

363 1117 136 42 ihrer
527 1119 162 40 lehre:
721 1119 232 50 Beiträge
982 1132 109 29 zum
1119 1121 238 41 Locarno-
1387 1123 98 39 und
1514 1122 425 48 Kellogg-vertrag
1984 1132 110 39 [von]
2126 1123 54 39 E.
2209 1122 174 41 Jäckh.

363 1175 454 49 Aussenpolitische
880 1177 202 49 bildung
1146 1179 97 40 und
1307 1179 441 48 aussenpolitische
1811 1179 263 48 erziehung
2155 1190 108 39 [von]
2330 1179 54 43 O.

364 1232 260 43 Hoetzsch.
685 1234 92 40 Die
827 1234 318 41 eurasischen
1193 1236 246 47 probleme
1489 1236 74 40 als
1612 1236 226 40 lehrfach
1902 1246 108 39 [von]
2065 1236 54 41 G.
2156 1236 227 41 Cleinow.

367 1290 460 41 Staatserkenntnis
871 1292 154 40 durch
1069 1292 298 41 räumliches
1411 1293 190 40 denken
1661 1303 108 39 [von]
1816 1292 55 42 A.
1915 1291 317 50 Grabowsky.
2293 1292 92 42 Die

363 1348 266 48 erziehung
654 1359 108 29 zum
789 1349 268 40 deutschen
1082 1352 134 38 Staat
1246 1360 122 39 [von]
1398 1350 52 41 F.
1477 1349 464 42 Poetzsch-Heffter.
1997 1348 279 50 Erziehung
2299 1360 86 30 zur

365 1405 520 49 deutschtumspolitik
927 1416 122 39 [von]
1092 1408 64 39 M.
1196 1408 63 40 H.
1297 1407 199 40 Boehm.
1564 1406 415 49 Innenpolitische
2018 1406 203 49 bildung
2274 1417 108 39 [von]

363 1462 57 42 A.
453 1462 242 42 Salomon.
757 1462 184 41 Politik
970 1464 99 39 und
1097 1463 277 49 Pädagogik
1405 1474 122 39 [von]
1561 1464 50 41 C.
1642 1464 269 41 Mennicke.

1972 1462 256 42 Friedrich
364 1463 2004 97 Naumann
543 1521 75 39 als
647 1520 286 48 politischer
961 1520 248 49 pädogoge
1241 1531 123 39 [von]
1395 1520 53 42 T.
1479 1522 176 39 Heuss.
1717 1520 183 41 Politik
1931 1521 99 40 und
2060 1521 168 40 schule
2262 1531 106 39 [von]

365 1578 44 41 J.
451 1577 194 42 Strunz.
707 1577 91 40 Die
836 1576 258 49 politische
1132 1578 242 48 Schulung
1412 1579 85 40 des
1559 1577 306 42 journalisten
1921 1588 108 39 [von]
2071 1578 54 40 E.
2166 1577 219 41 Dovifat.

366 1634 264 49 Ingenieur
669 1635 97 39 und
805 1634 259 49 politische
1101 1634 204 49 bildung
1346 1647 122 38 [von]
1509 1635 54 40 G.
1601 1633 662 42 Briefs.—Arbeitsberichte
2300 1635 87 40 der

365 1692 297 42 hochschule:
728 1692 97 40 Zur
859 1691 259 50 gründung
1154 1693 99 40 und
1290 1691 331 50 entwicklung
1655 1693 86 40 der
1775 1692 281 41 Deutschen
2092 1692 295 41 hochschule

364 1750 86 41 für
478 1749 178 50 politik
702 1761 107 38 [von]
843 1751 53 39 E.
926 1749 174 41 Jäckh.
1161 1750 157 40 Lehre
1347 1751 98 39 und
1475 1751 162 39 lehrer
1686 1761 106 38 [von]
1826 1750 60 40 H.
1920 1749 207 42 Simons.
2188 1749 199 41 Aufbau

367 1808 100 40 und
506 1807 123 41 ziele
668 1808 84 39 des
793 1807 449 49 hauptlehrganges
1301 1818 109 38 [von]
1454 1807 55 40 A.
1551 1807 228 41 Wolfers.
1839 1807 311 48 Ausbildung
2190 1807 85 40 der
366 1808 2004 98 attachés

569 1863 1818 51 [von] O. Schneider. Sozialpolitisches seminar [ von] C. Mennicke.
367 1921 388 49 Geopolitisches
805 1921 215 41 seminar
1069 1933 121 37 [von]
1243 1921 56 40 A.
1349 1921 317 48 Grabowsky.
1745 1920 642 49 Staatsbürgerkundliches

366 1977 2021 52 seminar [ von] J. Strunz. Deutschtumsseminar [von] M. H. Boehm.
367 2036 324 41 Eurasisches
741 2035 215 41 seminar
1008 2047 122 38 [von]
1184 2035 53 41 G.
1289 2034 227 42 Cleinow.
1577 2035 529 40 Volksbildnerkursus
2161 2044 121 40 [von]
2333 2034 54 40 E.

368 2095 308 48 Marquardt.
737 2092 412 41 Auslandsarbeit
1203 2102 109 40 [von]
1354 2093 71 40 W.
1465 2093 152 39 Haas.
1679 2091 447 41 Literaturbericht
2166 2102 122 39 [von]
2327 2091 60 40 K.

367 2151 215 41 Thieme.
644 2150 282 41 Bibliothek
963 2160 121 40 [von]
1124 2148 273 42 Catharina
1430 2159 95 30 von
1559 2150 183 47 Mayer.
1803 2147 182 42 Archiv
2023 2159 123 39 [von]
2184 2147 45 42 S.
367 2148 2004 101 Neumann.

591 2207 330 41 Hörerschaft
951 2207 100 40 und
1082 2205 415 41 hörerausschuss
1534 2216 121 39 [von]
1691 2207 61 39 H.
1785 2204 575 49 Thierbach.—Anhang.

373 2262 2016 54 © Nov. 10, 1930; 1c. Dec. 31; A —Foreign 10769; Verlag Hermann
443 2323 323 49 Reckendorf,
799 2334 42 37 g.
875 2333 61 30 m.
967 2323 41 39 b.
1044 2322 45 40 h.
1160 2321 282 48 (31-11804)

369 2389 262 67 Boileau,
661 2389 194 65 Ralph
883 2387 229 58 Edwin.

501 2461 1884 76 … The twelve gates to the new age; series by Ralph Edwin
370 2545 1997 150 Boileau … [1] Faith. [Chicago] The Emergent life foundation, 1931.
444 2707 87 41 204
564 2718 44 38 p.
667 2707 150 41 front.
879 2706 57 41 20½ᶜᵐ.

375 2762 53 52 ©
454 2765 115 48 Apr.
594 2763 70 46 29,
691 2763 113 42 1931;
860 2764 68 41 2c.
955 2765 97 39 and
1077 2763 82 42 aff.
1188 2765 114 47 May
1328 2765 27 38 4;
1411 2764 40 38 A
1477 2762 148 42 36910:
1680 2764 261 47 Emergent
1967 2763 91 40 life
2081 2760 308 42 foundation.

455 2821 282 50 (31-12472)

368 2876 304 66 Bowman,
703 2876 142 54 Earl
872 2875 311 66 Wayland.

444 2953 379 69 Arrowrock;
864 2971 171 52 songs
1074 2953 114 54 and
1227 2952 203 55 stories
1468 2951 66 54 of
1572 2971 32 34 a
1644 2951 289 71 prodigal,
1972 2950 142 55 with
373 2949 1996 153 frontispiece
564 3032 77 70 by

675 3032 96 54 the
807 3033 226 67 author,
1069 3032 141 53 Earl
1246 3031 293 69 Wayland
1576 3031 296 53 Bowman.
1949 3028 299 68 Caldwell,
2284 3027 110 68 Id.,

373 3109 1043 70 The Caxton printers, ltd. [ᶜ193 1]
442 3192 790 51 340 p., 1 l. incl. front. 20 ᶜᵐ .
377 3247 53 52 ©
468 3253 123 38 Mar.
626 3251 70 48 13,
733 3249 140 48 1931;
912 3251 68 41 2c.
1015 3251 116 48 Apr.
1167 3251 82 46 16;
1290 3251 82 40 aff.
1410 3252 113 47 May
1560 3249 53 48 9;
1652 3250 42 39 A
1728 3248 171 47 38036;
1942 3250 52 39 E.
2032 3249 72 40 W.
2142 3248 247 39 Bowman.

446 3309 303 47 Hollywood,
787 3308 146 41 Calif.
1004 3307 283 49 (31-12147)

372 3361 448 65 Breckinridge,
849 3361 373 65 Sophonisba
1248 3362 274 62 Preston,
1555 3365 171 50 1866-

373 3438 1992 134 … Marriage and the civic rights of women; separate domicil
492 3521 112 52 and
649 3519 384 69 independent
1079 3519 358 68 citizenship,
1479 3520 76 68 by
1602 3518 361 68 Sophonisba
2007 3518 66 51 P.

374 3514 1992 153 Breckinridge.
632 3598 271 69 Chicago,
940 3598 113 59 Ill.,
1089 3599 122 53 The
1245 3596 340 70 University
1621 3597 64 52 of
1723 3595 253 69 Chicago
2013 3613 158 50 press
2213 3595 172 66 [1931]

446 3679 64 47 xi,
542 3678 87 40 158
657 3690 43 37 p.
761 3678 147 42 23½ᶜᵐ.
980 3678 184 48 (Social
1197 3678 185 41 service
1413 3678 339 48 monographs,
1784 3689 76 30 no.
1893 3675 80 48 13)

445 3736 254 41 Half-title:
775 3736 102 40 The
924 3736 285 48 University
1258 3737 52 39 of
1358 3736 210 46 Chicago
1617 3735 150 41 social
1817 3734 186 40 service
2049 3730 340 50 monographs,

375 3792 256 48 published
667 3793 49 39 in
751 3793 313 47 conjunction
1100 3794 119 39 with
1257 3794 80 40 the
1374 3793 159 41 Social
1569 3792 186 41 service
1787 3791 191 47 review,
2016 3791 162 40 edited
2213 3791 61 47 by
2313 3789 78 38 the

374 3849 191 48 faculty
592 3851 52 39 of
672 3851 81 41 the
780 3851 252 40 Graduate
1060 3852 164 39 school
1251 3851 52 40 of
1331 3850 151 40 social
1511 3849 183 42 service
1724 3847 416 42 administration.

376 3903 53 52 ©
461 3907 109 40 Feb.
601 3907 69 48 24,
701 3908 113 41 1931;
875 3908 68 41 2c.
972 3909 115 47 Apr.
1117 3909 55 39 14;
1233 3908 82 40 aff.
1348 3908 114 47 Apr.
1492 3908 55 40 13;
1608 3908 39 38 A
1676 3907 144 41 35741;
1884 3904 283 48 University
2198 3904 53 41 of
444 3901 1925 113 Chicago,

607 3964 223 52 Chicago.
903 3965 253 50 (31-6840)
