2505 4370
1040 4040 106 53 413

196 483 823 53 x, 142 p. illus., diagrs. 24 ½ᶜᵐ .
159 541 415 52 Bibliographical
607 540 279 43 foot-notes.

98 596 1834 55 © Sept. 23, 1930; 1c. Dec. 9; A— Foreign 10389; Julius Springer.
179 657 251 51 (31-7399)

91 739 205 64 Sellar,
327 736 225 56 Walter
582 734 381 56 Carruthers.

164 819 134 49 1066
323 815 114 52 and
463 814 78 52 all
565 814 155 66 that;
749 830 32 35 a
807 811 341 54 memorable
1173 810 225 70 history
1422 808 65 56 of
1512 809 292 71 England,
94 808 1984 155 comprising

218 894 77 52 all
320 894 95 51 the
443 896 162 63 parts
629 908 113 52 you
768 908 105 35 can
900 889 310 54 remember
1237 887 303 71 including
1564 906 106 35 one
1695 887 264 54 hundred
1987 887 115 53 and

91 972 159 52 three
287 970 148 70 good
472 968 215 69 things,
724 967 110 54 five
869 968 113 53 bad
1018 967 172 69 kings
1227 968 115 52 and
1379 971 115 48 two
1531 966 245 69 genuine
1812 967 178 66 dates,
2026 964 78 71 by

92 1043 1947 60 Walter Carruthers Sellar … and Robert Julian Yeatman …
93 1121 2012 73 illustrated by John Reynolds … New York, E. P. Dutton &
91 1222 98 49 co.,
214 1204 108 52 inc.
394 1204 154 66 [ᶜ1931]

159 1282 973 51 xii, 116 p. incl. front. illus. 19½ᶜᵐ.
99 1339 52 52 ©
184 1342 122 42 Mar.
338 1343 70 47 17,
441 1340 141 49 1931;
618 1341 68 41 2c.
720 1342 121 39 Mar.
875 1340 83 47 20;
994 1340 83 41 aff.
1111 1340 123 40 Mar.
1267 1338 83 48 19;
1387 1339 42 40 A
1460 1338 172 47 34964;
1669 1338 54 40 E.
1757 1338 53 41 P.
1844 1337 189 42 Dutton
2067 1337 38 42 &

166 1410 81 38 co.,
282 1399 92 40 inc.
445 1397 251 50 (31-7678)

92 1479 238 65 Shafer,
363 1479 243 66 Robert,
642 1485 171 50 1889-
1024 1479 86 55 ed.

163 1559 177 53 From
372 1558 268 54 Beowulf
669 1562 59 49 to
760 1559 248 53 Thomas
1040 1557 211 70 Hardy;
1315 1562 153 49 texts
1495 1556 240 53 selected
1768 1557 114 53 and
1913 1555 192 55 edited

93 1633 1985 153 by Robert Shafer … Rev. ed. Garden City, N. Y., Doubleday,
252 1717 200 54 Doran
481 1718 45 50 &
554 1733 298 52 company,
881 1714 109 54 inc.
1026 1747 13 35 [
1067 1717 131 50 ᶜ1931
1206 1746 12 35 ]

160 1795 26 39 2
254 1826 9 10 v.
324 1794 174 42 double
532 1804 153 38 maps.
742 1793 148 42 23½ᶜᵐ.

525 1880 13 11 CONTENTS.—I.
572 1849 145 41 From
754 1849 225 41 Beowulf
1013 1851 48 39 to
1098 1848 213 41 Edward
1348 1847 262 42 Gibbon.—II
1656 1878 12 11 .
1705 1848 144 41 From
1886 1847 217 43 Richard

93 1906 226 47 Brinsley
349 1905 242 42 Sheridan
619 1908 49 39 to
698 1905 213 41 Thomas
939 1905 186 48 Hardy.

100 1961 52 52 ©
196 1965 124 41 Mar.
363 1965 70 48 11,
476 1963 114 41 1931;
662 1962 68 42 2c.
774 1963 118 41 each
936 1964 95 39 and
1074 1962 83 41 aff.
1203 1963 124 40 Mar.
1370 1961 57 41 19;
1499 1961 43 41 A
1584 1961 146 42 35370;
1803 1961 301 49 Doubleday,

167 2021 167 41 Doran
367 2024 36 41 &
435 2032 82 37 co.,
550 2021 92 41 inc.
712 2020 251 48 (31-7756)

94 2102 173 55 Some
299 2103 151 69 legal
485 2103 202 68 phases
723 2102 65 55 of
820 2107 298 64 corporate
1152 2101 309 70 financing,
1496 2101 459 70 reorganization
1991 2101 113 53 and

159 2175 351 69 regulation;
544 2177 239 53 lectures
812 2175 195 54 before
1038 2176 96 53 the
1165 2175 361 56 Association
1557 2175 65 54 of
1650 2175 98 55 the
1777 2175 104 53 bar
1910 2174 65 54 of
2006 2174 95 54 the

161 2253 116 72 city
325 2255 63 52 of
438 2254 138 53 New
626 2254 179 68 York,
856 2257 327 67 1926-1930,
1230 2254 77 71 by
1357 2253 226 54 Arthur
1632 2253 72 53 A.
1753 2253 348 68 Ballantine,

160 2330 1916 72 Eldon Bisbee, Franklin W. M. Cutcheon … [and others]
162 2408 268 70 Chicago,
462 2408 319 70 Callaghan
813 2408 113 54 and
956 2425 299 53 company,
1287 2411 152 53 1931.

164 2492 101 49 viii,
304 2493 85 41 513
427 2503 43 37 p.
530 2492 148 41 22½ᶜᵐ.
752 2491 301 50 (Half-title:
1088 2492 233 41 Lectures
1359 2503 61 30 on
1456 2494 127 47 legal
1621 2493 155 49 topics
1813 2493 166 41 before
2020 2495 82 39 the

95 2548 308 42 Association
433 2549 52 40 of
512 2550 84 40 the
623 2551 88 39 bar
740 2549 54 41 of
820 2549 84 40 the
931 2548 99 48 city
1057 2549 52 41 of
1136 2549 121 41 New
1284 2549 146 49 York,
1460 2551 95 39 vol.
1677 2582 9 17 VIII,
1717 2550 287 48 1926-1930)

168 2606 436 48 “Supplementary
638 2608 49 38 to
721 2606 231 40 Lectures
986 2605 245 41 delivered
1267 2606 51 40 in
1351 2606 116 41 1916
1499 2608 96 39 and
1630 2607 256 48 published
1920 2608 50 40 in
96 2608 1986 95 volume
229 2673 22 30 I
274 2663 51 41 of
352 2663 101 40 this
479 2661 194 43 series.”

103 2715 51 52 ©
183 2720 123 41 Mar.
334 2719 70 49 16,
434 2719 114 41 1931;
606 2719 67 41 2c.
703 2720 96 39 and
829 2719 83 41 aff.
942 2721 122 40 Mar.
1094 2719 57 41 18;
1208 2720 43 39 A
1278 2719 147 42 34929;
1483 2720 309 42 Association
1823 2722 52 40 of
1905 2721 81 41 the
2016 2722 90 39 bar

170 2777 52 39 of
251 2777 82 41 the
362 2777 100 47 city
492 2777 52 40 of
573 2777 118 39 New
720 2777 145 48 York,
896 2777 117 40 New
1043 2777 146 40 York.
1260 2776 253 51 (31-7789)

160 2857 1883 70 … The South eastern reporter, v. 155. Permanent ed. …
166 2936 140 52 with
345 2937 373 68 key-number
760 2937 379 54 annotations.
1215 2938 319 53 November
1578 2943 47 63 6,
1670 2938 437 69 1930-January

169 3018 46 64 1,
246 3017 148 49 1931.
475 3014 81 55 St.
585 3015 166 69 Paul,
776 3015 160 53 West
963 3015 338 70 publishing
1327 3035 98 50 co.,
1455 3020 149 49 1931.

171 3094 97 48 xvi,
299 3092 84 42 993
415 3105 44 38 p.
519 3094 116 41 26ᶜᵐ.
706 3095 255 48 (National
993 3098 218 46 reporter
1244 3097 387 48 system—State
1663 3097 177 51 series)

104 3146 52 52 ©
190 3151 109 40 Feb.
332 3152 69 48 17,
435 3150 112 41 1931;
610 3150 68 43 2c.
709 3152 115 48 Apr.
856 3153 56 39 14;
975 3152 83 42 aff.
1091 3153 113 48 Apr.
1239 3153 56 40 15;
1358 3154 41 39 A
1431 3153 144 41 35841;
1638 3155 138 40 West
1807 3155 110 48 pub.
1950 3165 67 30 co.

159 3287 1920 148 … South eastern reporter digest. [Virginia edition] Including cases
467 3370 265 65 reported
759 3370 60 51 in
843 3371 251 52 volumes
1122 3373 237 49 141-155
1391 3370 182 55 South
1600 3376 222 48 eastern
1848 3375 257 64 reporter

170 3442 1933 74 148, *149, *150-153, 154† Virginia reports and also … state
167 3523 1936 73 reports … with table of statutes construed … Edited by
166 3600 96 53 the
291 3600 267 53 editorial
587 3601 134 53 staff
750 3602 63 53 of
841 3604 97 52 the
967 3602 309 55 American
1304 3602 187 71 digest
1520 3608 226 63 system.
1823 3603 80 55 St.
1936 3604 167 69 Paul,

163 3677 161 54 West
354 3678 336 69 publishing
720 3699 97 49 co.,
850 3683 150 50 1931.

167 3756 550 51 iii, 1090, 9 p. 26 ᶜᵐ .
201 3814 120 41 *Part
355 3815 52 40 of
444 3813 98 42 this
578 3816 191 41 volume
806 3818 112 47 only
954 3817 239 40 included.
1283 3818 108 40 †And
1430 3819 296 47 subsequent
1761 3819 215 40 volumes
2015 3824 86 36 not

98 3872 81 44 yet
216 3871 270 47 published.

104 3922 51 52 ©
186 3928 122 40 Mar.
337 3927 69 49 25,
437 3927 140 48 1931;
608 3928 69 43 2c.
705 3929 115 48 Apr.
849 3931 83 45 17;
964 3929 83 42 aff.
1077 3930 115 48 Apr.
1222 3930 83 47 18;
1337 3930 41 39 A
1408 3929 172 49 36579;
1612 3930 137 42 West
1777 3932 110 48 pub.
1918 3941 68 31 co.
