2505 4370
1059 4037 104 55 129

124 403 1978 147 American art annual … v. 27 (for the year 1930) Washington,
339 483 1463 69 D. C., The American federation of arts [ ᶜ1 931]
194 562 83 49 xii,
310 563 87 41 647
426 575 43 37 p.
530 563 164 49 front.,
727 564 172 41 double
931 564 170 49 plates.
1160 562 56 43 23ᶜᵐ.

196 621 227 40 Includes
455 621 301 49 advertising
786 623 195 40 matter.

129 673 51 52 ©
209 678 109 40 Jan.
345 676 68 49 29,
443 676 106 41 1931;
612 677 67 41 2c.
707 679 95 38 and
830 677 82 42 aff.
942 678 110 41 Feb.
1079 679 25 39 3;
1163 678 39 39 A
1229 678 145 41 34147;
1432 678 145 41 Amer.
1617 678 277 41 federation
1924 679 52 40 of
2003 681 119 39 arts.

121 827 317 55 American
478 829 279 52 institute
796 829 64 52 of
899 828 228 65 mining
1166 829 117 53 and
1321 828 433 64 metallurgical
1792 829 331 65 engineers,

190 906 111 53 inc.
375 909 143 52 Iron
546 910 115 52 and
688 908 137 53 steel
854 909 263 54 division.

123 985 1975 131 Transactions … 1930. Papers and discussions presented before
282 1064 122 53 The
440 1063 266 53 Division
744 1070 58 46 at
837 1064 277 68 meetings
1148 1064 133 53 held
1320 1069 56 48 at
1416 1064 139 52 New
1593 1065 180 67 York,
1809 1064 314 68 February,

123 1144 151 65 1930,
317 1142 114 53 and
474 1147 57 47 at
577 1140 269 69 Chicago,
892 1140 347 70 September,
1287 1144 147 49 1930.
1511 1142 139 52 New
1695 1142 179 69 York,
1917 1143 69 52 N.
2033 1144 90 68 Y.,

119 1220 120 52 The
268 1220 291 67 Institute,
591 1221 149 50 1930.

191 1298 87 41 438
307 1310 42 37 p.
410 1299 143 48 illus.,
585 1301 137 46 port.,
755 1299 168 47 tables,
954 1298 180 49 diagrs.
1194 1298 57 41 23½ᶜᵐ.

125 1352 51 52 ©
212 1357 111 40 Dec.
359 1356 38 48 6,
434 1355 116 41 1930;
611 1356 67 40 2c.
715 1356 108 41 Jan.
860 1357 68 47 14,
964 1354 114 42 1931;
1143 1355 82 42 aff.
1264 1356 110 41 Feb.
1410 1355 26 39 2;
1501 1356 43 39 A
1577 1355 146 42 33474;
1787 1357 145 40 Amer.
192 1358 1912 95 institute

324 1412 52 41 of
402 1412 187 48 mining
616 1414 94 40 and
739 1413 356 48 metallurgical
1124 1412 265 49 engineers,
1420 1413 106 49 inc.,
1556 1414 118 39 New
1702 1414 145 40 York.

117 1506 2005 72 American law reports annotated … v. 70. Rochester, N. Y.,
187 1587 120 52 The
342 1587 268 68 Lawyers
646 1586 378 67 co-operative
1062 1585 337 69 publishing
1433 1601 308 55 company;
1781 1587 341 70 Northport,

187 1665 63 53 L.
288 1665 67 69 I.,
392 1665 69 53 N.
503 1665 88 52 Y.
630 1664 253 54 Edward
922 1664 329 68 Thompson
1291 1682 307 52 company;
1643 1664 116 56 San
1797 1665 323 56 Francisco,

188 1743 194 68 Calif.,
416 1742 586 70 Bancroft-Whitney
1036 1761 297 51 company,
1370 1745 147 49 1931.

189 1822 440 50 viii, 1623 p. 25½ ᶜᵐ.
123 1876 51 52 ©
203 1881 109 40 Feb.
340 1881 39 47 2,
406 1879 115 41 1931;
577 1880 65 40 2c.
672 1881 96 39 and
795 1879 82 41 aff.
906 1880 109 40 Feb.
1044 1879 25 40 5;
1126 1879 42 39 A
1194 1879 146 40 34166;
1397 1879 230 49 Lawyers
1656 1880 322 48 co-operative
2008 1883 110 47 pub.

189 1948 80 38 co.,
300 1938 211 40 Edward
540 1937 274 47 Thompson
842 1947 81 37 co.,
953 1937 37 39 &
1017 1936 489 48 Bancroft-Whitney
1535 1946 68 32 co.

116 2031 362 65 Armistead,
512 2032 245 64 George,
792 2036 169 50 1870-

181 2107 1935 72 The Texas tax problem, by George Armistead … Houston,
113 2185 1210 71 Tex., Gulf publishing company [ ᶜ1 931]
219 2298 8 16 x,
258 2266 87 41 209
371 2277 43 38 p.
476 2266 178 48 diagrs.
715 2265 54 41 23½ᶜᵐ.

122 2323 51 52 ©
213 2327 109 41 Jan.
360 2326 70 49 23,
470 2325 141 48 1931;
652 2325 67 41 2c.
760 2325 109 41 Jan.
909 2324 82 48 28;
1034 2324 82 41 aff.
1157 2325 111 40 Jan.
1307 2324 83 48 27;
1433 2325 41 39 A
1512 2324 172 48 34028;
1728 2325 52 40 G.
1821 2325 294 48 Armistead,

187 2385 238 40 Houston.
496 2381 250 50 (31-3206)

115 2476 326 66 Ashhurst,
472 2476 213 65 Astley
714 2477 222 51 Paston
968 2477 240 61 Cooper,
1240 2476 172 53 1876-

181 2551 269 69 Surgery,
487 2551 73 53 its
596 2551 308 69 principles
941 2551 112 52 and
1086 2552 266 67 practice,
1387 2550 92 52 for
1515 2551 255 53 students
1806 2551 112 52 and
110 2570 1982 127 practitioners,

111 2628 1980 149 by Astley Paston Cooper Ashhurst … 4th ed., thoroughly
362 2725 132 50 rev.,
535 2707 139 52 with
715 2710 63 49 15
822 2705 222 53 colored
1084 2705 183 69 plates
1307 2706 112 51 and
1463 2709 132 49 1063
1635 2706 379 54 illustrations
2053 2709 61 51 in

110 2785 93 53 the
236 2792 135 62 text,
405 2785 207 70 mostly
644 2783 260 70 original.
975 2782 424 71 Philadelphia,
1435 2784 111 53 Lea
1585 2786 45 50 &
1667 2784 258 70 Febiger,
1962 2789 151 49 1931.

182 2865 63 51 xi,
279 2871 70 49 [1],
379 2869 203 41 17-1189
611 2879 42 38 p.
714 2867 141 47 illus.,
884 2879 62 29 xv
976 2868 87 40 col.
1160 2898 8 17 pl.,
1200 2866 179 49 diagrs.
1437 2867 57 40 24½ᶜᵐ.

121 2923 51 52 ©
203 2928 111 41 Feb.
343 2927 39 48 2,
414 2926 113 41 1931;
587 2925 67 41 2c.
686 2926 111 40 Feb.
825 2926 28 38 4;
912 2924 82 40 aff.
1027 2925 110 40 Feb.
1169 2924 25 40 5;
1254 2924 43 39 A
1326 2924 143 41 34181;
1531 2925 96 40 Lea
1660 2925 37 41 &
1728 2926 215 48 Febiger.

197 2982 250 51 (31-3550)

114 3064 171 54 B.-M.
315 3081 137 37 co.’s
478 3065 340 54 cumulative
849 3069 225 48 current
1105 3064 134 53 code
1270 3064 380 69 annotations,
1676 3064 246 70 keeping
1950 3085 76 49 up
2056 3073 58 46 to

183 3145 130 53 date
346 3144 198 54 Kerr’s
577 3143 322 67 cyclopedic
938 3141 322 55 California
1298 3142 179 68 codes,
1512 3142 322 68 Henning’s
1869 3143 246 53 General

185 3224 154 53 laws,
384 3222 159 53 third
590 3220 233 66 edition,
871 3222 112 51 and
1030 3221 116 51 also
1194 3220 134 52 code
1376 3239 152 34 cases
1571 3220 155 53 from
1770 3221 184 53 Idaho
2000 3224 113 51 and

183 3296 1932 72 Montana … bringing decisions down to 80 Cal. Dec. 482,
185 3381 62 49 63
283 3377 120 54 Cal.
440 3396 130 48 app.
603 3377 131 51 Dec.
768 3376 119 67 714,
920 3378 101 48 292
1053 3376 132 50 Pac.
1220 3378 102 48 896
1362 3374 371 69 (California,
1766 3376 202 56 Idaho,
2002 3380 112 51 and

182 3456 277 51 Montana
490 3454 176 68 cases)
716 3456 169 63 [1930]
966 3453 292 67 Prepared
1290 3454 110 51 and
1434 3456 308 51 annotated
1772 3455 75 68 by
1880 3455 233 52 Everett

181 3534 76 51 H.
289 3534 180 51 Roan.
548 3531 115 55 San
696 3531 320 67 Francisco,
1051 3530 407 52 Bender-Moss
1491 3549 297 51 company,
1822 3535 148 49 1931.

185 3614 61 47 iv,
285 3612 70 50 [2],
391 3613 88 40 314
512 3622 42 37 p.
614 3610 56 41 25½ᶜᵐ.

125 3666 47 52 ©
203 3670 109 41 Jan.
341 3670 68 46 24,
442 3668 111 41 1931;
613 3668 67 40 2c.
712 3668 108 39 Jan.
851 3667 48 39 31;
966 3666 82 40 aff.
1080 3666 109 40 Jan.
1221 3665 82 47 30;
1336 3665 41 40 A
1408 3666 146 40 33467;
1613 3666 344 42 Bender-Moss
1988 3679 68 30 co.

114 3808 198 65 Bates,
342 3807 257 53 Herbert
630 3807 238 61 Ernest,
899 3810 171 49 1905-

185 3883 178 55 Seven
408 3884 141 52 tales
592 3883 110 52 and
749 3881 341 66 Alexander,
1132 3880 75 69 by
1247 3880 79 53 H.
1371 3880 67 52 E.
1482 3881 189 53 Bates.
1745 3881 141 54 New
1930 3884 180 73 York,

113 3962 120 54 The
257 3961 221 70 Viking
503 3978 174 51 press,
707 3962 148 50 1930.
