2505 4370
1303 4032 102 54 160

348 373 311 65 Williams,
692 374 228 64 George
949 374 338 56 Valentine.

422 466 122 52 The
575 485 209 34 unseen
817 465 246 59 witness,
1096 468 34 52 by
1202 467 307 55 Valentine
1544 468 304 53 Williams.
1925 469 340 55 Illustrated
2297 472 73 56 by

350 544 89 54 W.
474 544 66 53 R.
578 543 171 56 Stott,

436 623 78 46 (In
547 622 295 44 Illustrated
874 624 201 43 London
1105 638 152 37 news,
1289 625 283 44 Christmas
1602 626 226 51 number,
1859 625 146 52 1930)

355 693 2014 56 © 1c. Jan. 27, 1931; A ad int. 14720; pubd. Dec. 1, 1930; G. V. Williams,
425 756 213 40 London.

352 863 308 66 Williams,
691 866 170 53 Jesse
893 865 261 66 Feiring,
1188 872 173 51 1886-

479 956 1716 73 … Health and the rules of the game, by Jesse Feiring
348 958 1996 149 Williams … and Theresa Dansdill … Chicago, New York [etc.]
347 1114 66 52 B.
442 1114 78 52 H.
553 1113 265 55 Sanborn
845 1116 46 51 &
918 1132 99 50 co.,
1048 1118 152 50 1931.

418 1196 1592 52 viii, 136 p. col. illus. 20 ᶜᵐ . (Wholesome living series)
421 1267 202 43 Stories.

353 1336 52 53 ©
437 1340 110 42 Jan.
576 1340 70 43 22,
676 1340 112 41 1931;
849 1341 68 41 2c.
947 1342 96 39 and
1072 1341 84 42 aff.
1186 1342 111 40 Jan.
1327 1342 82 45 24;
1443 1343 42 38 A
1511 1340 172 48 32959;
1717 1342 140 48 Benj.
1888 1342 61 41 H.
1984 1342 221 41 Sanborn
2236 1342 37 41 &
2302 1351 65 31 co.

431 1397 253 50 (31-2960)

347 1507 309 66 Williams,
692 1510 242 64 Walter,
972 1515 171 50 1864-
1358 1513 85 54 ed.

414 1598 294 70 Missouri,
747 1601 225 54 mother
1011 1601 65 53 of
1114 1602 97 53 the
1251 1603 178 66 West,
1468 1602 75 69 by
1583 1603 224 53 Walter
1844 1601 310 69 Williams,
2267 1644 10 10 LL.
2356 1644 9 9 D.

344 1680 115 54 and
494 1679 189 72 Floyd
722 1679 210 57 Calvin
968 1680 369 67 Shoemaker,
1413 1725 10 10 A.
1499 1724 29 26 B.,
1605 1725 9 9 A.
1710 1723 28 26 M.,
1773 1680 237 55 assisted
2045 1680 78 70 by
2160 1698 72 37 an
345 1681 1997 147 advisory

572 1760 250 66 council;
858 1759 274 54 Missouri
1166 1760 328 69 biography
1524 1760 76 69 by
1633 1760 212 68 special
1878 1759 136 55 staff
2047 1759 65 54 of
2147 1760 221 53 writers

407 1836 1960 72 … Chicago, New York, The American historical society,
344 1915 126 69 inc.,
506 1920 152 49 1930.

415 1999 1084 49 5 V. front., illus., plates, ports. 26½ ᶜᵐ .
351 2070 52 51 ©
442 2073 127 41 June
604 2073 68 47 13,
709 2072 115 41 1930;
890 2072 67 40 2c.
994 2072 119 40 each
1150 2073 112 39 Feb.
1298 2073 40 47 3,
1375 2070 141 49 1931;
1557 2072 82 41 aff.
1678 2073 112 41 Feb.
1824 2071 55 48 9;
1917 2072 44 40 A
1993 2072 174 48 33618;
2206 2072 146 42 Amer.

422 2131 256 40 historical
706 2141 107 37 soc.,
840 2130 93 40 inc.
1004 2128 252 50 (31-3913)

346 2240 388 65 Williamson,
766 2241 177 63 Julia,
977 2244 83 52 ed.

478 2329 1883 71 … The stars through magic casements; illustrated by Edna
343 2408 1878 70 M. Reindel. New York, D. Appleton and company [ ᶜ1 931 ]
413 2489 986 52 xxi, 245, [1] p. front., illus. 19½ ᶜᵐ .
414 2561 68 41 At
512 2562 125 40 head
670 2561 53 41 of
755 2561 109 41 title
882 2572 9 30 :
924 2562 73 48 By
1029 2561 135 41 Julia
1198 2560 324 42 Williamson.

414 2619 43 40 A
485 2618 254 42 collection
766 2618 52 41 of
844 2618 179 48 myths,
1050 2619 214 47 legends,
1293 2618 177 41 stories
1497 2619 95 39 and
1624 2629 176 37 poems.

415 2673 1019 51 “Books … recommended”: p. xi-[xii]
351 2749 52 51 ©
437 2752 111 40 Jan.
580 2750 70 47 30,
684 2749 142 47 1931;
861 2749 68 41 2c.
962 2749 97 40 and
1092 2748 81 41 aff.
1209 2749 113 40 Feb.
1355 2748 53 46 2;
1444 2747 42 40 A
1517 2747 172 47 33473;
1726 2747 58 41 D.
1818 2747 241 49 Appleton
2095 2747 36 41 &
2164 2758 68 30 co.
2295 2743 69 53 [©

418 2809 210 49 preface,
658 2807 160 49 index,
850 2807 307 41 educational
1192 2808 286 47 apparatus]
1551 2805 253 50 (31-3714)

348 2904 201 64 Willit,
579 2903 211 66 Virgil,
821 2923 179 50 comp.

477 2990 1871 73 … Selected articles on chain, group and branch banking.
344 3069 2013 74 compiled by Virgil Willit … New York, The H. W. Wilson
343 3170 297 51 company,
673 3155 151 49 1930.

413 3229 1436 53 346 p. 20 ᶜᵐ . (The Handbook series. ser. IV, V. 2)
414 3303 354 50 Bibliography
786 3313 9 30 :
825 3313 42 39 p.
911 3301 177 51 [61]-77.

350 3374 52 53 ©
431 3379 113 40 Dec.
571 3378 69 48 31,
668 3376 143 48 1930;
840 3376 67 42 2c.
937 3376 109 40 Jan.
1075 3374 69 49 24,
1174 3374 113 40 1931;
1348 3373 82 41 aff.
1459 3373 111 41 Jan.
1598 3372 84 48 23;
1713 3373 40 39 A
1780 3372 172 47 33357;
1984 3372 61 40 H.
2074 3373 73 40 W.
2177 3372 183 39 Wilson

422 3448 81 37 co.,
531 3436 90 41 inc.
694 3433 282 50 (31-26394)

346 3530 243 64 Wilson,
620 3531 188 53 Nena.

412 3619 174 70 Ring,
615 3620 93 52 the
737 3624 156 66 story
922 3618 63 53 of
1015 3639 30 34 a
1074 3618 83 55 St.
1191 3617 280 68 Bernard,
1498 3617 73 69 by
1602 3616 157 55 Nena
1789 3615 250 67 Wilson;
2072 3612 289 69 drawings

341 3698 74 69 by
443 3699 125 52 Don
602 3698 226 55 Nelson.
898 3696 268 69 Chicago,
1196 3696 249 53 Thomas
1475 3694 57 55 S.
1562 3693 287 53 Rockwell
1881 3710 297 50 company,
2209 3693 148 50 1930.

414 3776 827 51 64 p. incl. front., illus. 20½ ᶜᵐ .
414 3848 217 42 “Second
660 3848 232 50 printing,
920 3848 283 40 November.
1237 3845 125 41 1930.”

349 3919 52 53 ©
432 3924 128 48 Sept.
589 3924 69 48 17,
685 3922 141 48 1930;
854 3923 66 39 2c.
950 3922 111 41 Jan.
1087 3921 70 48 28,
1190 3920 107 39 1931;
1357 3919 82 40 aff.
1468 3919 112 40 Dec.
1608 3918 70 48 17,
1706 3917 142 48 1930;
1878 3917 43 40 A
1945 3916 174 46 33387;
2149 3915 211 39 Thomas

420 3980 44 43 S.
494 3980 247 42 Rockwell
770 3992 67 31 co.
908 3978 253 52 (31-2832)
