2505 4370
1323 4041 105 57 714

371 399 269 64 Monson,
668 397 227 56 Ronald
925 398 73 56 A.

437 475 210 53 Across
679 473 208 56 Africa
921 493 73 35 on
1029 474 142 70 foot,
1202 477 78 70 by
1313 477 228 55 Ronald
1575 477 72 54 A.
1682 478 273 68 Monson;
1992 479 395 71 photographs

365 552 76 71 by
468 552 55 56 J.
552 552 232 56 Hunter
811 551 240 57 Wilson.
1113 554 261 70 London,
1402 554 68 54 E.
1500 556 281 55 Mathews
1810 560 52 52 &
1891 557 245 71 Marrot,
2163 560 150 51 1931.

439 633 98 50 xiv,
566 634 89 41 386
682 644 43 38 p.
757 633 111 42 incl.
897 645 153 38 maps,
1110 635 152 43 front.
1291 634 200 51 (ports.)
1528 639 173 48 plates.
1871 671 9 9 22ᶜᵐ.

439 703 42 41 A
509 704 256 41 narrative
794 704 54 41 of
875 705 85 40 the
987 705 208 50 journey
1224 706 131 41 from
1386 706 132 51 Cape
1548 708 149 41 Town
1728 711 49 38 to
1809 709 160 49 Cairo,
2000 710 308 41 undertaken
2338 712 50 40 in

370 760 284 50 September
685 761 117 42 1928
833 762 62 48 by
929 762 214 42 Edward
1175 763 56 41 A.
1269 763 132 42 Cook
1435 766 96 39 and
1565 765 193 42 Ronald
1793 765 53 42 A.
1881 767 220 48 Monson,
2136 769 94 39 and
367 778 2002 89 completed

560 818 51 41 in
643 819 268 41 December
938 819 118 42 1929
1082 822 62 46 by
1175 820 193 41 Ronald
1398 820 55 43 A.
1487 822 203 40 Monson
1722 824 95 39 and
1849 824 166 41 James
2048 824 195 41 Hunter
365 826 2004 93 Wilson.
530 876 62 49 cf.
625 875 133 43 Pref.

375 945 2014 56 © 1c. Apr. 21, 1931; A ad int. 15002; pubd. Feb. 23; Dodd, Mead & co.,
443 1007 105 49 inc.,
579 1008 118 40 New
727 1008 146 41 York.
948 1007 283 49 (31-12758)

367 1101 270 66 Morand,
667 1101 166 67 Paul,
865 1107 174 51 1888-

435 1178 205 55 World
676 1178 352 71 champions,
1063 1180 75 70 by
1172 1180 151 53 Paul
1359 1180 279 67 Morand;
1675 1181 317 55 translated
2027 1182 76 71 by
2140 1182 246 53 Hamish

363 1256 1851 74 Miles. New York, Harcourt, Brace and company [ ᶜ1 931 ]
436 1337 609 50 3 p. l., 3-290 p. 20ᶜᵐ.
373 1408 53 53 ©
456 1414 116 47 May
601 1413 70 48 14,
702 1411 141 48 1931;
875 1412 69 42 2c.
975 1413 96 40 and
1102 1412 83 41 aff.
1216 1413 116 47 May
1362 1412 83 48 16;
1479 1413 40 39 A
1549 1413 173 47 37341;
1757 1413 263 49 Harcourt,
2053 1414 157 40 Brace
2241 1414 37 41 &
2307 1424 83 38 co.,

441 1470 91 41 inc.
605 1469 283 50 (31-12372)

365 1566 309 65 Nabokov,
704 1564 295 57 Vladimir
1027 1564 491 58 Vladimirovich.

434 1640 217 71 König,
685 1641 180 68 dame,
899 1641 164 70 bube,
1097 1642 92 54 ein
1224 1641 145 71 spiel
1403 1642 109 54 mit
1544 1642 127 53 dem
1706 1642 296 70 Schicksal,
2039 1662 200 35 roman
2276 1662 111 35 von

361 1720 89 56 W.
483 1719 490 55 Nabokoff-Sirin.
1042 1720 221 69 Berlin,
1292 1720 252 57 Ullstein
1579 1725 175 67 [1930]

435 1804 822 52 1 p. l., 5-265, [1] p., 1 l. 19ᶜᵐ.
439 1875 356 43 “Autorisierte
836 1876 325 49 Übersetzung
1200 1888 94 29 von
1340 1876 244 49 Siegfried
1624 1889 94 29 von
1757 1879 290 48 Vegesack.”

372 1945 1732 53 © July 31, 1930; 1c. Oct. 14; A—Foreign 9607; Ullstein a.-g.
451 2005 283 50 (31-11788)

366 2110 319 67 Nazhivin,
712 2112 147 53 Ivan
889 2109 387 69 Fedorovich,
1307 2113 174 55 1874-

439 2190 122 53 The
594 2191 143 68 dogs
774 2189 110 70 [by]
921 2189 149 54 Ivan
1102 2188 319 69 Nazhivin;
1458 2190 319 54 translated
1811 2189 154 56 from
1995 2191 101 54 the
2123 2189 267 55 Russian.

366 2268 415 70 Philadelphia
811 2270 115 53 and
955 2268 262 70 London,
1246 2267 58 56 J.
1336 2269 67 53 B.
1435 2267 341 69 Lippincott
1805 2286 303 54 company,
2140 2272 153 51 1931.

438 2350 88 40 336
555 2361 45 38 p.
693 2349 118 43 19½ᶜᵐ.

371 2418 53 53 ©
456 2424 124 40 Mar.
609 2423 40 47 7,
679 2420 142 48 1931;
853 2420 69 43 2c.
953 2422 95 39 and
1078 2420 83 42 aff.
1193 2422 116 47 May
1339 2420 83 48 16;
1455 2421 41 39 A
1525 2421 173 47 37386;
1732 2421 45 42 J.
1809 2422 54 39 B.
1895 2421 281 49 Lippincott
2206 2432 69 30 co.

451 2478 282 51 (31-26869)

364 2574 149 54 New
543 2573 165 55 York
750 2576 219 70 (State)
1055 2574 186 72 Laws,
1270 2580 259 63 statutes,
1560 2580 103 49 etc.

434 2651 141 55 New
610 2651 166 54 York
810 2651 138 54 civil
982 2650 269 70 practice,
1288 2649 338 71 containing
1662 2651 96 53 the
1797 2649 156 57 Civil
1990 2651 252 69 practice
2280 2655 108 63 act,

363 2731 153 53 rules
562 2729 66 54 of
672 2729 138 54 civil
855 2728 271 70 practice,
1174 2727 364 71 Surrogate’s
1586 2735 162 47 court
1796 2734 110 63 act,
1952 2729 226 55 Justice
2225 2734 163 48 court

363 2814 111 63 act,
519 2806 182 57 Court
744 2807 67 54 of
856 2807 199 55 claims
1101 2813 110 64 act,
1255 2806 327 70 Municipal
1627 2813 163 48 court
1835 2807 154 69 code,
2035 2807 140 55 New
2222 2806 166 55 York

364 2886 119 70 city
519 2893 162 47 court
716 2892 110 63 act,
861 2887 151 52 rules
1049 2885 66 54 of
1150 2886 232 53 various
1418 2891 191 48 courts
1646 2886 115 53 and
1798 2885 200 69 tables,
2031 2886 356 70 thoroughly

364 2965 315 53 annotated
725 2963 156 54 from
925 2964 98 53 the
1068 2964 138 53 time
1254 2963 64 54 of
1363 2969 322 48 enactment
1733 2982 60 35 as
1840 2963 280 54 amended
2167 2969 58 48 to
2272 2964 114 53 and

363 3042 304 70 including
707 3042 96 54 the
848 3044 134 51 1931
1027 3042 214 53 session
1285 3040 66 55 of
1393 3042 97 53 the
1533 3041 381 70 Legislature,
1956 3041 78 70 by
2077 3041 198 55 James
2321 3040 64 56 C.

365 3118 2022 71 Cahill … 6th ed., with references to Consolidated laws. By
364 3198 165 53 Basil
576 3198 177 54 Jones
800 3198 116 53 and
964 3196 159 55 John
1170 3197 81 54 M.
1304 3196 342 56 Greenfield.
1735 3195 274 71 Chicago,
2060 3195 325 72 Callaghan

362 3276 117 53 and
510 3293 302 52 company,
844 3278 152 50 1931.

433 3355 912 50 2 p. l., 1141 p. incl. tables. 27ᶜᵐ.
436 3426 179 41 “Table
648 3426 54 41 of
733 3426 253 41 contents”
1020 3436 61 31 on
1112 3426 139 41 front
1284 3425 339 50 lining-paper.

436 3483 67 41 To
536 3483 57 42 be
622 3483 115 48 kept
768 3485 48 38 to
849 3484 116 41 date
996 3483 62 49 by
1089 3484 83 40 the
1203 3483 228 41 issuance
1460 3483 55 40 of
1543 3483 174 48 pocket
1750 3484 346 47 supplements,
2158 3484 61 47 cf.
2253 3481 130 43 Pref.

365 3541 48 39 to
448 3538 86 43 6th
564 3539 201 44 edition.

372 3606 53 53 ©
454 3612 113 47 May
590 3611 41 49 9,
657 3611 141 48 1931;
827 3611 67 41 2c.
921 3612 95 39 and
1044 3611 82 41 aff.
1155 3612 113 47 May
1296 3612 82 46 13;
1408 3611 38 39 A
1472 3611 173 47 38138;
1675 3611 271 48 Callaghan
1973 3610 37 41 &
2037 3621 68 31 co.

452 3669 281 49 (31-12112)

434 3764 1951 70 … The New York supplement, with key-number annotations.
443 3842 1941 71 V. 246. Permanent ed. … January 6-February 3, 1931.
446 3920 81 54 St.
559 3923 165 68 Paul,
750 3923 157 54 West
938 3921 337 71 publishing
1302 3940 98 51 co.,
1431 3923 150 51 1931.
