2505 4370
1259 4044 104 49 240

382 455 65 41 At
475 455 125 41 head
631 456 50 39 of
711 457 108 39 title:
879 456 417 42 Commonwealth
1326 458 52 40 of
1407 459 378 48 Pennsylvania.

385 514 241 43 Includes,
662 515 117 41 also,
816 514 199 40 various
1051 515 118 41 sites
1204 528 61 27 on
1302 516 80 40 the
1412 498 120 59 lew
1568 518 132 39 York
1735 518 103 40 side
1874 519 52 39 of
1962 519 82 40 the
2079 519 258 41 Delaware

309 572 146 40 river.

315 640 2021 55 © Sept. 17, 1930; 2c. Mar. 6, 1931; aff. Mar. 5; A 34711; Commonwealth
384 702 53 40 of
464 703 377 47 Pennsylvania,
872 703 319 48 Harrisburg,
1222 703 84 42 Pa.
1382 703 281 48 (31-27344)

309 798 309 64 Scoggins,
652 798 248 55 Charles
931 799 226 64 Elbert,
1192 805 171 49 1888-

377 875 124 54 The
541 876 175 53 house
755 875 65 53 of
862 876 293 67 darkness,
1195 877 76 68 by
1314 876 62 56 C.
1421 878 67 52 E.
1534 876 296 71 Scoggins.
1911 878 422 69 Indianapolis.

307 954 1161 71 The Bobbs-Merrill company [ᶜ193 1]
378 1038 654 49 3 p. l., 11-319 p. 19½ ᶜᵐ .
379 1096 164 41 “First
576 1095 230 42 edition.”

313 1165 2020 54 © Jan. 30, 1931; 2c. Feb. 13; aff. Feb. 14; A 34524; C. E. Scoggins,
379 1228 229 47 Boulder,
644 1226 99 41 Col.
815 1224 253 51 (31-5222)

306 1322 217 62 Smith,
555 1325 164 69 Lady
749 1320 254 54 Eleanor
1034 1321 339 65 Furneaux,
1404 1326 172 50 1902-

438 1399 1570 72 … Flamenco … London, V. Gollancz ltd., 1931.
373 1482 345 50 384 p. 19 ᶜᵐ .
375 1540 65 41 At
468 1541 126 40 head
622 1541 53 39 of
702 1540 110 41 title;
872 1541 212 40 Eleanor
1114 1539 173 42 Smith.

377 1596 1894 51 “First published January 1931 … third impression January 1931.”
310 1665 2021 54 © 1c. Feb. 21, 1931; A ad int. 14768; pubd. Jan. 12; E. Smith, Charlton,
378 1729 248 46 Banbury,
659 1727 338 46 Oxfordshire,
1031 1729 239 46 England.
1342 1726 253 50 (31-6379)

305 1824 348 64 Spearman,
685 1823 247 56 Charles
963 1824 274 62 Edward,
1275 1829 170 49 1863-

305 1900 1998 133 Creative mind, by C. Spearman … New York, D. Appleton
448 1981 113 52 and
608 1998 311 51 company:
970 1979 351 70 Cambridge
1373 1979 187 70 [Eng.]
1613 1980 121 52 The
1781 1979 344 70 University
2171 1999 156 50 press

307 2062 197 64 [ ᶜ193 1]
371 2138 1954 50 xii p., 2 l., 162 p. illus. (incl. music) diagrs. 20 ᶜᵐ . (Half-title: The
302 2199 375 45 contemporary
704 2196 187 48 library
921 2196 55 40 of
1002 2196 321 48 psychology)

372 2254 102 41 The
503 2253 332 41 illustrations
863 2264 83 30 are
976 2253 264 40 numbered
1272 2263 55 30 as
1354 2253 173 48 plates.

307 2322 52 52 ©
392 2326 112 40 Feb.
536 2326 69 42 13,
637 2325 110 41 1931;
812 2325 66 41 2c.
912 2326 112 39 Feb.
1056 2325 58 40 16:
1172 2325 84 41 aff.
1289 2325 112 40 Feb.
1433 2325 55 40 17;
1550 2325 41 39 A
1621 2325 146 41 34377;
1830 2326 57 40 D.
1919 2325 244 49 Appleton
2194 2330 37 41 &
2261 2337 67 30 co.

387 2383 254 50 (31-5329)

303 2479 320 65 Spellman,
653 2480 258 53 Howard
942 2479 227 56 Hilton.

369 2556 56 51 A
448 2554 231 55 treatise
704 2573 70 34 on
803 2554 95 53 the
923 2554 312 69 principles
1262 2554 62 52 of
1348 2555 109 52 law
1482 2553 320 71 governing
1825 2561 297 61 corporate
302 2555 1998 147 directors,
475 2633 74 71 by

298 2632 2023 146 Howard Hilton Spellman … New York, Prentice-Hall,
489 2713 126 67 inc.,
651 2715 150 51 1931.

370 2795 100 49 xix,
504 2796 86 41 780
621 2805 44 38 p.
725 2795 147 42 23½ᶜᵐ.

372 2853 179 42 “Table
583 2854 54 40 of
664 2853 163 41 cases”:
890 2863 41 38 p.
968 2851 249 52 [689]-761.

306 2922 52 52 ©
388 2927 111 41 Jan.
529 2928 38 40 7.
597 2925 141 47 1931;
770 2926 67 41 2c.
868 2926 111 40 Feb.
1009 2926 58 40 16;
1123 2925 82 42 aff.
1236 2926 112 39 Feb.
1380 2925 81 47 12;
1493 2925 43 39 A
1563 2924 171 48 33779;
1768 2925 378 48 Prentice-Hall,
2178 2926 90 40 inc.

385 2984 253 49 (31-5166)

301 3080 242 63 Speyer,
574 3082 138 53 Mrs.
743 3080 268 52 Leonora
1048 3080 143 64 (von
1222 3079 247 63 Stosch)
1509 3082 171 51 1872-

432 3154 1885 71 … Naked heel … New York, London, A. A. Knopf, 1931.
369 3239 593 49 xiv, 79 p., 1 l. 22½ ᶜᵐ .
368 3298 66 40 At
461 3298 125 40 head
613 3298 54 39 of
691 3296 109 41 title:
856 3298 212 40 Leonora
1103 3298 193 46 Speyer.

368 3354 184 40 Poems.

306 3423 52 52 ©
388 3426 111 40 Feb.
528 3426 69 43 20,
627 3424 114 41 1931;
799 3425 68 41 2c.
896 3425 95 40 and
1020 3425 81 40 aff.
1135 3425 110 40 Feb.
1274 3424 56 39 21;
1389 3423 39 40 A
1457 3422 145 42 33894;
1662 3424 51 41 L.
1746 3424 192 49 Speyer,
1969 3425 120 39 New
2118 3425 144 39 York.

384 3484 253 47 (31-5332)

302 3580 197 64 Stern,
531 3580 312 53 Bernhard
875 3579 241 63 Joseph,
1153 3584 169 49 1894-

370 3656 186 54 Lewis
595 3657 206 69 Henry
842 3657 266 68 Morgan,
1149 3655 173 54 social
1366 3654 387 67 evolutionist,
1793 3654 78 70 by
1913 3655 302 53 Bernhard
2262 3656 54 52 J.

302 3732 1990 71 Stern. Chicago, Ill., The University of Chicago press [ ᶜ193 1]
369 3814 433 49 ix, 221 p. 21 ᶜᵐ .
371 3871 378 48 Bibliography;
787 3882 41 38 p.
862 3871 218 41 202-216.

306 3925 52 52 ©
393 3929 110 41 Jan.
537 3930 39 44 6,
612 3929 105 40 1931;
788 3930 67 40 2c.
891 3931 95 39 and
1021 3930 81 40 aff.
1139 3930 110 40 Feb.
1287 3929 80 40 19:
1406 3929 38 39 A
1479 3928 170 46 33832;
1689 3927 284 49 University
2008 3928 53 40 of
2096 3926 223 48 Chicago,

375 3986 225 50 Chicago.
672 3986 251 51 (31-5595)
