2428 4370
1235 4040 136 52 1884

272 386 408 66 Engineering
710 388 414 55 news-record.

337 463 289 54 Practical
655 463 389 54 construction
1071 464 234 53 manual;
1367 483 32 35 a
1428 463 298 54 collection
1754 463 64 54 of
1848 464 277 69 practical
269 482 1992 130 suggestions

562 540 95 56 for
695 542 206 71 saving
938 542 139 54 time
1118 543 114 54 and
1272 542 161 55 labor
1472 561 73 36 on
1585 541 135 56 civil
1762 542 372 71 engineering
2174 543 112 53 and

269 620 388 54 construction
705 621 174 53 work.
964 620 303 70 Compiled
1315 620 154 55 from
1516 620 432 71 “Engineering
270 640 1994 113 news-record”.
501 700 141 53 New

679 700 181 68 York,
895 699 69 53 N.
1004 698 91 71 Y.,
1131 699 322 69 Reprinted
1491 699 153 54 from
1681 699 397 70 Engineering
2112 719 175 35 news-

272 778 426 67 record [ ᶜ19 31]
342 861 86 41 253
459 872 44 38 p.
563 860 145 49 illus.,
741 860 180 49 diagrs.
980 861 56 39 21½ᶜᵐ.

345 918 133 41 Four
501 918 51 41 of
576 919 83 40 the
684 917 211 41 sections
919 918 236 47 preceded
1180 918 61 47 by
1265 918 265 40 half-titles
1555 920 82 39 not
1663 918 228 41 included
1916 918 49 40 in
1992 919 82 40 the
2099 919 190 49 paging.

283 971 52 53 ©
365 976 102 41 Oct.
495 978 39 42 1.
563 975 141 48 1931;
734 974 65 41 2c.
829 976 118 39 Nov.
975 975 53 47 5;
1058 974 82 41 aff.
1171 973 103 43 Oct.
1302 976 83 47 31;
1416 976 42 39 A
1483 975 174 48 44820;
1689 975 354 41 McGraw-Hill
2070 977 111 47 pub.
2211 986 82 32 co.,

349 1033 106 48 inc.,
482 1034 120 40 New
626 1034 146 39 York.
843 1030 284 51 (31-33196)

275 1125 275 67 Erskine,
578 1126 176 65 John,
785 1127 172 56 1879-

344 1202 344 55 Unfinished
731 1201 271 72 business,
1045 1203 75 70 by
1163 1203 158 55 John
1366 1202 262 55 Erskine.
1711 1202 416 70 Indianapolis,
2171 1203 121 52 The

273 1280 975 72 Bobbs-Merrill company [ ᶜ19 31]
343 1364 275 49 347 p. 21 ᶜᵐ.
347 1419 163 44 “First
538 1420 227 42 edition.”

287 1475 2012 53 © Nov. 16, 1931; 2c. Nov. 20; aff. Nov. 21; A 44896; J. Erskine. New
353 1537 145 40 York.
570 1535 283 50 (31-33120)

281 1618 193 64 Fitch,
504 1618 227 64 Henry.

351 1695 123 54 The
513 1694 224 70 perfect
774 1694 269 54 calendar
1084 1693 94 56 for
1217 1713 170 51 every
1426 1713 136 51 year
1602 1692 65 57 of
1706 1695 98 53 the
1845 1694 298 56 Christian
2185 1714 113 47 era,

281 1773 2017 71 designed for practical every-day use … by Henry Fitch; with
283 1871 31 34 a
350 1852 428 70 chronological
813 1853 200 52 record
1050 1851 65 55 of
1150 1853 322 67 important
1511 1857 194 49 events
1743 1852 60 53 in
1840 1852 96 53 the
1975 1851 224 70 history
2237 1851 64 54 of

282 1931 95 53 the
409 1931 183 53 world
624 1930 156 53 from
847 1974 9 9 B.
927 1974 9 9 C.
973 1933 171 51 10000
1173 1936 58 47 to
1266 1934 133 49 1931
1475 1974 9 9 A.
1554 1975 10 9 D.
1634 1931 139 53 Rev.
1807 1931 86 53 ed.
1964 1931 139 52 New
2137 1930 163 53 York

283 2008 1620 71 and London, Funk and Wagnalls company [ ᶜ19 31 ]
352 2090 57 41 50
436 2101 44 38 p.
539 2090 27 39 23½ᶜᵐ.

290 2145 1902 53 © Oct. 5, 1931; 2c. and aff. Oct. 26; A 44424; Funk & Wagnalls co.
369 2207 283 50 (31-33214)

289 2289 157 55 Food
476 2289 347 57 industries.

357 2368 349 70 Preserving
734 2367 311 55 foodstuffs
1070 2368 76 70 by
1173 2368 171 69 quick
1372 2368 260 70 freezing
1659 2369 114 53 and
1802 2367 410 71 refrigeration;
2274 2386 31 32 a

287 2447 269 53 selection
581 2445 64 55 of
670 2446 415 54 authoritative
1111 2447 228 54 articles
1364 2447 115 53 and
1504 2447 202 68 timely
1730 2447 270 53 editorial
2026 2456 281 43 comment

290 2525 153 53 from
473 2525 162 53 Food
664 2525 312 54 industries
1004 2525 304 70 reporting
1334 2525 97 54 the
1456 2525 126 53 best
1608 2525 64 54 of
1700 2525 238 53 modern
1967 2524 249 69 practice
2246 2523 57 53 in

288 2604 97 52 the
417 2603 277 55 scientific
723 2605 222 52 control
977 2604 64 54 of
1073 2603 432 71 refrigeration,
1537 2604 172 69 quick
1740 2603 259 69 freezing
2032 2603 114 53 and
2181 2602 123 54 cold

288 2688 244 64 storage.
610 2685 86 51 1st
719 2683 84 53 ed.
880 2683 141 53 New
1046 2683 183 68 York,
1253 2683 71 53 N.
1350 2683 93 67 Y.,
1468 2683 163 53 Food
1655 2682 328 68 industries,
2008 2680 297 56 McGraw-

289 2761 130 53 Hill
447 2761 339 70 publishing
812 2780 301 51 company,
1140 2761 424 69 incorporated,
1592 2763 151 51 1931.

357 2843 829 53 224, [16] p. illus., diagrs. 24 ᶜᵐ.
297 2897 52 53 ©
381 2902 129 49 Sept.
540 2902 70 48 16,
641 2901 114 42 1931;
813 2902 68 41 2c.
911 2903 120 41 Nov.
1061 2903 29 39 6;
1147 2902 81 40 aff.
1263 2902 129 48 Sept.
1422 2901 59 41 26;
1537 2902 43 39 A
1606 2901 145 41 43843;
1814 2898 351 43 McGraw-Hill
2197 2899 110 49 pub.

365 2970 82 37 co.,
474 2959 90 41 inc.
638 2959 281 49 (31-33056)

291 3037 316 67 Fullwood,
634 3042 140 52 Mrs.
803 3040 177 53 Anna
1015 3039 311 68 (Mebane)
1365 3041 172 54 1870-

361 3118 122 52 The
505 3122 178 48 tower
706 3118 64 53 of
792 3118 169 70 light,
985 3117 231 56 written
1238 3120 78 69 by
1337 3120 202 67 Nancy
1565 3118 319 54 Fullwood.
1961 3118 139 53 New
2125 3116 180 65 York,

290 3195 208 70 Macoy
529 3196 338 70 publishing
898 3215 99 49 co.,
1031 3201 150 50 1931.

363 3254 538 73 2 p. l., 7-120 p. 21 ᶜᵐ.
366 3333 24 17 “…
475 3334 42 40 A
544 3334 191 42 limited
763 3334 184 42 edition
974 3334 269 50 consisting
1274 3335 52 40 of
1352 3335 93 41 five
1474 3335 223 40 hundred
1724 3334 162 48 copies
1914 3336 126 46 only,
2071 3344 101 30 was
2202 3334 107 39 first

296 3390 194 50 printed
514 3392 130 41 from
670 3393 84 40 the
780 3396 112 44 type
918 3393 53 40 of
996 3391 160 42 which
1181 3391 99 43 this
1307 3403 118 38 copy
1451 3392 42 41 is
1520 3392 203 40 number
1749 3391 130 41 274.”
1936 3392 176 48 Signed
2140 3393 59 47 by
2226 3393 82 39 the

294 3449 194 43 author.

369 3505 70 40 “A
466 3506 199 41 further
698 3506 269 42 revelation
996 3507 53 40 of
1082 3508 82 40 the
1192 3506 125 49 light
1348 3506 52 41 of
1434 3507 131 41 Sano
1591 3507 165 47 Tarot,
1788 3517 55 29 as
1874 3508 73 39 set
1977 3506 136 40 forth
2145 3506 47 39 in
2227 3508 80 38 the

295 3562 137 49 book,
461 3563 116 42 ‘The
603 3574 120 39 song
747 3564 51 41 of
827 3564 128 42 Sano
983 3563 210 43 Tarot’.”

303 3616 50 52 ©
381 3620 101 42 Oct.
509 3622 70 47 23,
606 3621 113 41 1931;
776 3622 67 41 2c.
869 3622 118 40 Nov.
1015 3622 52 47 6;
1096 3622 82 40 aff.
1206 3622 117 39 Nov.
1352 3622 25 40 3;
1435 3622 42 39 A
1500 3620 173 48 43898;
1703 3622 168 48 Nancy
1900 3622 265 46 Fullwood,
2194 3622 117 38 New

370 3679 146 40 York.
587 3678 280 48 (31-33001)

297 3756 523 69 Georges-Michel,
851 3759 235 66 Michel,
1118 3766 172 51 1883-

363 3831 138 56 Left
532 3835 169 70 bank,
736 3837 73 69 by
846 3836 214 55 Michel
1097 3836 518 71 Georges-Michel;
1653 3836 313 55 translated
2005 3837 74 70 by
2117 3836 192 54 Keene

293 3906 205 58 Wallis
529 3912 151 53 from
711 3913 94 54 the
834 3914 224 54 French
1088 3914 183 68 novel,
1301 3915 108 54 Les
1438 3917 407 67 Montparnos;
1878 3914 325 57 illustrated
2234 3913 75 73 by
