2428 4370
1028 3961 137 57 1877

99 345 290 65 Eberlein,
418 344 220 53 Harold
667 342 355 55 Donaldson.

94 413 1973 139 … The American home book of decoration; upstairs, by Harold
241 497 326 53 Donaldson
620 496 294 65 Eberlein;
969 496 138 51 with
1164 495 391 67 photographs
1608 493 111 53 and
1774 491 315 69 diagrams;

95 569 1970 154 edited by Reginald T. Townsend … Garden City, N. Y., Doubleday,
341 654 194 52 Doran
564 654 45 49 &
638 668 292 51 company,
956 653 125 66 inc.,
1114 653 149 50 1931.

166 730 1920 51 xi p., 1 l., 171 p. front., plates. 18½ ᶜᵐ. (The American home library)
168 791 162 39 “First
357 788 226 43 edition.”

106 859 51 52 ©
195 863 101 40 Oct.
330 862 69 43 22,
437 860 139 46 1931;
613 861 65 37 2c.
716 861 93 38 and
846 859 81 40 aff.
966 858 101 40 Oct.
1104 857 55 41 30;
1225 858 42 39 A
1300 858 171 41 43721;
1513 859 58 40 H.
1610 858 55 41 D.
1704 858 238 47 Eberlein,
1981 858 116 39 New

178 920 142 39 York.
391 918 279 48 (31-33050)

101 1012 234 64 Eipper,
362 1012 164 63 Paul,
558 1017 169 49 1891-

171 1089 226 68 Circus;
434 1107 144 49 men,
609 1090 202 66 beasts,
846 1091 111 51 and
990 1088 127 68 joys
1151 1087 64 51 of
1248 1088 94 51 the
1376 1088 156 58 road,
1564 1087 76 68 by
1674 1088 149 52 Paul
1857 1088 238 68 Eipper,

102 1166 136 54 with
265 1169 350 65 forty-seven
643 1165 392 68 photographs
1060 1166 72 67 by
1158 1165 209 52 Hedda
1391 1164 264 55 Walther
1680 1166 111 51 and
1818 1170 111 46 two

100 1166 1969 144 photographic
438 1242 198 68 views;
677 1242 314 53 translated
1028 1243 73 68 by
1143 1242 309 53 Frederick
1491 1243 77 51 H.
1609 1242 272 53 Martens.
1958 1243 136 52 New

101 1322 177 65 York,
306 1323 121 51 The
510 1321 162 68 Viking
700 1339 172 48 press,
902 1324 148 49 1931.

171 1400 732 50 5 p. l., 3-213 p. plates. 24 ᶜᵐ.
107 1469 51 52 ©
190 1474 115 39 Nov.
338 1473 66 40 13.
435 1472 112 39 1931;
607 1472 65 38 2c.
705 1472 116 39 Nov.
852 1471 59 39 10;
967 1471 81 41 aff.
1081 1471 115 39 Nov.
1228 1471 53 40 17;
1343 1471 44 41 A
1412 1470 172 47 44838;
1619 1470 180 48 Viking
1826 1479 150 39 press,
2009 1470 90 43 inc.

188 1529 279 48 (31-33010)

103 1631 196 65 Elson,
328 1634 206 62 Henry
560 1632 273 64 William,
864 1634 170 54 1857-

169 1705 1869 71 Modern times and the living past, by Henry W. Elson …
99 1784 1961 68 New York, Cincinnati [etc.] American book company [ ᶜ19 31 ]
170 1867 100 49 viii,
311 1867 97 48 730,
449 1866 272 40 ix-xxxviii
759 1878 42 36 p.
862 1867 87 40 col.
986 1867 164 47 front.,
1189 1866 144 48 illus.,
1373 1867 157 47 plates
1579 1866 137 48 (part
1755 1866 112 48 col.)
1936 1871 163 45 ports.,

101 1933 136 38 maps
274 1923 137 48 (part
436 1922 198 48 double)
702 1923 59 40 20½ᶜᵐ.

172 1980 124 40 “For
320 1980 197 40 further
542 1979 228 48 reading”
795 1982 52 37 at
871 1980 92 38 end
989 1979 52 39 of
1065 1979 119 40 each
1210 1979 215 48 chapter.

108 2047 51 52 ©
187 2052 117 40 Nov.
334 2053 37 46 7,
399 2050 110 40 1931;
566 2051 70 39 2c.
664 2050 118 40 Nov.
810 2050 80 40 11;
922 2048 81 40 aff.
1032 2049 116 40 Nov.
1179 2049 54 39 12;
1293 2050 39 38 A
1358 2049 173 47 44740;
1562 2049 157 39 Amer.
1749 2049 125 40 book
1902 2059 65 30 co.
2033 2045 68 55 [©

175 2109 223 47 changes]
471 2107 280 48 (31-32818)

103 2202 262 63 Ergang,
397 2202 222 52 Robert
650 2200 305 64 Reinhold,
992 2206 170 50 1898-

169 2278 223 54 Herder
420 2279 110 51 and
556 2278 95 54 the
678 2277 369 54 foundations
1072 2277 64 52 of
1163 2276 248 55 German
1438 2277 383 69 nationalism,

98 2277 1999 148 by Robert Reinhold Ergang, PH. D. New York, Columbia university
102 2452 179 49 press;
311 2433 254 66 London,
593 2433 63 51 P.
687 2432 57 54 S.
776 2433 159 67 King
965 2434 44 50 &
1037 2451 117 48 son,
1181 2433 121 68 ltd.,
1333 2435 150 51 1931.

170 2511 1928 52 288 p. 23 ᶜᵐ. (Half-title: Studies in history, economics and public law,
100 2571 71 39 ed.
196 2570 61 46 by
282 2570 82 40 the
389 2570 206 46 Faculty
621 2569 51 40 of
696 2569 215 47 political
940 2569 185 40 science
1150 2570 52 40 of
1230 2569 249 41 Columbia
1508 2571 286 49 university,
1823 2583 73 30 no.
1924 2570 111 46 341)

171 2627 170 39 Issued
369 2627 102 39 also
498 2637 55 29 as
581 2626 152 40 thesis
769 2626 13 46 (PH.
956 2626 14 46 D.)
1006 2626 250 41 Columbia
1286 2628 285 47 university.

169 2683 348 47 Bibliography;
582 2694 43 37 p.
661 2682 214 42 267-282.

110 2752 51 52 ©
202 2756 101 41 Oct.
339 2756 68 42 16,
446 2755 140 46 1931;
625 2756 67 40 2c.
730 2757 94 38 and
862 2755 81 40 aff.
984 2755 102 41 Oct.
1124 2754 82 48 29;
1248 2757 39 37 A
1325 2756 145 40 44500;
1540 2757 254 41 Columbia
1832 2757 270 49 university

176 2823 149 39 press.
397 2812 279 49 (31-33043)

103 2908 141 65 Faÿ,
273 2908 285 64 Bernard,
591 2914 170 48 1893-

231 2981 1868 71 … George Washington, republican aristocrat. Boston and
100 3058 135 53 New
274 3059 177 70 York,
484 3060 314 67 Houghton
833 3061 202 53 Mifflin
1070 3080 296 50 company,
1402 3066 151 51 1931.

171 3140 1255 53 xvi p., 1 l., 297 p. front., pl., ports., maps. 24 ᶜᵐ.
173 3198 102 39 The
309 3199 132 48 plate
476 3198 43 39 is
555 3200 338 45 accompanied
930 3200 61 49 by
1029 3212 26 28 a
1094 3202 152 46 guard
1285 3202 135 40 sheet
1456 3201 118 42 with
1613 3202 291 49 descriptive
98 3204 2003 98 letter-press.

172 3308 234 43 “Sources
430 3312 96 39 and
548 3310 165 41 notes”;
769 3322 43 38 p.
856 3311 234 51 [275]-286.

109 3377 51 52 ©
190 3382 114 39 Nov.
334 3382 67 47 13,
432 3381 112 40 1931;
603 3382 65 41 2c.
698 3382 116 39 Nov.
844 3381 83 48 20;
959 3382 81 39 aff.
1071 3383 117 41 Nov.
1218 3383 82 47 19;
1332 3384 40 38 A
1400 3384 171 46 44882;
1604 3386 54 39 B.
1689 3385 116 48 Faÿ,
1836 3385 154 41 Paris.

189 3438 279 49 (31-32881)

105 3531 188 64 Fitch,
322 3533 202 63 Harry
549 3534 249 63 Norton,
830 3535 170 54 1887-

169 3609 95 51 An
298 3608 248 68 analysis
582 3609 63 54 of
679 3610 96 52 the
806 3609 364 70 supervisory
1204 3610 281 55 activities
1524 3615 112 51 and
1671 3614 325 69 techniques
2032 3614 65 53 of

100 3684 94 53 the
246 3684 343 70 elementary
642 3686 189 53 school
881 3687 259 70 training
1192 3689 324 67 supervisor
1569 3691 56 51 in
1680 3696 143 48 state
1873 3692 221 52 normal

99 3760 1996 75 schools and teachers colleges, by Harry N. Fitch … New York
100 3837 132 69 city,
259 3840 278 52 Teachers
562 3840 226 68 college,
818 3842 299 55 Columbia
1142 3842 334 71 university,
1504 3848 149 50 1931.
