2428 4370
1050 4029 135 53 1591

103 438 244 60 Turner,
378 435 210 62 Nancy
616 433 180 64 Byrd,
831 436 170 50 1880-

171 527 72 53 In
273 525 95 53 the
443 541 99 50 days
573 522 63 53 of
665 539 194 55 young
887 519 400 71 Washington,
1319 521 74 69 by
1428 523 199 67 Nancy
1660 521 159 68 Byrd
1855 522 240 66 Turner,

103 604 137 53 with
271 600 380 56 illustrations
679 602 76 68 by
785 600 225 53 Arthur
1042 599 232 53 Becher.
1350 601 218 51 Boston
1598 600 111 52 and
1742 600 139 52 New
1914 597 181 61 York,

103 680 314 70 Houghton
447 676 204 56 Mifflin
681 695 297 51 company,
1012 678 150 53 1931.

170 754 1063 59 4 p. l., 242 p. col. front., plates. 21 ᶜᵐ .
174 832 137 45 Maps
339 842 58 29 on
425 830 360 48 lining-papers.

105 894 1879 62 © Oct. 7, 1931; 2c. and aff. Oct. 12; A 44105; N. B. Turner, Boston.
190 956 278 50 (31-29305)

104 1063 218 65 Waldo,
351 1065 137 54 Mrs.
519 1065 167 52 Edna
721 1065 112 64 (La
862 1064 230 64 Moore)
1130 1070 171 49 1893-

176 1156 112 52 Yet
321 1156 98 54 she
455 1154 243 69 follows,
733 1155 97 53 the
862 1160 159 64 story
1055 1154 65 54 of
1155 1156 176 65 Betty
1365 1155 278 53 Freeman
1677 1154 319 68 Dearborn,
2029 1155 75 69 by

108 1233 164 52 Edna
300 1234 84 52 La
412 1232 198 55 Moore
635 1233 238 68 Waldo;
906 1231 325 55 illustrated
1256 1231 77 70 by
1364 1230 147 56 Clell
1540 1231 70 56 G.
1640 1231 264 57 Gannon.
107 1226 1975 158 Bismarck,

341 1306 1141 76 N. D., Capital publishing co. [ ᶜ1 931 ]
175 1390 901 54 227 p. front., illus., port. 19½ ᶜᵐ ·
180 1463 152 47 “Only
365 1473 87 31 one
486 1463 221 39 hundred
742 1461 158 49 copies
935 1462 54 40 of
1021 1461 100 43 this
1156 1462 123 40 book
1314 1463 123 39 have
1469 1462 119 40 been
1621 1461 208 51 printed,
1864 1463 118 41 each
2016 1471 90 33 one

107 1520 261 39 numbered
392 1518 95 42 and
511 1519 168 48 signed
703 1520 61 47 by
788 1519 83 40 the
896 1516 221 44 author.”
1177 1517 119 41 This
1323 1519 41 40 is
1389 1519 204 39 number
1617 1519 70 40 63.

113 1584 1992 60 © Sept. 25, 1931; 2c. Oct. 1; aff. Oct. 2; A 42774; E. L. Waldo, Bismarck,
179 1644 55 43 N.
260 1647 56 40 D.
387 1644 279 51 (31-29391)

108 1755 237 64 Warby,
381 1754 305 66 Marjorie.

175 1845 152 52 Love
370 1845 59 53 in
473 1845 179 53 Little
696 1844 355 66 Melchester,
1095 1845 75 69 by
1215 1844 280 71 Marjorie
1540 1846 235 70 Warby.
1850 1847 259 67 London,

109 1923 157 53 Mills
291 1925 45 50 &
362 1924 179 66 Boon,
567 1922 222 55 limited
821 1926 173 64 [1931]

175 2005 88 40 254
292 2016 43 37 p.
395 2004 146 42 19½ᶜᵐ.

116 2072 1992 58 © 1c. Sept. 25, 1931; A ad int. 15514; pubd. July 31; Marjorie Lang,
183 2133 293 48 Upminster,
512 2133 165 48 Essex,
712 2132 237 48 England.
1019 2131 280 51 (31-29413)

116 2242 188 62 Ware,
335 2241 155 54 John
519 2240 278 65 Christie,
831 2246 171 50 1880-

178 2329 333 70 Analytical
538 2329 323 69 chemistry,
890 2349 31 33 a
947 2330 273 54 textbook
1246 2330 95 54 for
1368 2351 30 33 a
1428 2351 266 51 one-year
1724 2335 386 56 combination

112 2425 189 34 course
344 2407 60 51 in
446 2407 337 69 qualitative
827 2407 114 53 and
981 2407 383 70 quantitative
1408 2411 269 69 analysis,
1721 2412 77 69 by
1842 2413 155 55 John
2045 2414 63 56 C.

114 2482 1971 137 Ware … New York, J. Wiley & sons, inc.; London, Chapman &
339 2562 160 69 Hall,
525 2562 241 68 limited,
796 2565 150 51 1931.

179 2641 1431 55 xiv, 462 p. incl. front., illus., diagrs. 23½ ᶜᵐ . $3.75
120 2709 50 52 ©
196 2713 98 40 Oct.
319 2714 39 47 3,
383 2711 113 42 1931;
547 2712 67 42 2c.
640 2714 100 41 Oct.
766 2714 29 40 8;
845 2713 82 43 aff.
952 2714 101 42 Oct.
1079 2715 28 40 6;
1156 2716 42 40 A
1220 2717 146 40 43112;
1419 2719 44 41 J.
1488 2718 49 43 C.
1561 2720 159 48 Ware,
1747 2722 179 41 Saddle
1949 2724 161 50 River,

185 2768 54 40 N.
269 2770 43 40 J.
382 2768 280 51 (31-29173)

120 2880 183 63 Wees,
334 2880 260 53 Frances
622 2880 252 65 Shelley.

189 2968 118 52 The
355 2973 254 65 mystery
656 2969 65 53 of
769 2972 96 51 the
914 2971 269 71 creeping
1227 2993 134 34 man
1434 2976 76 69 [by]
1583 2979 249 54 Frances
1882 2980 230 73 Shelley

119 3043 1784 83 Wees … Philadelphia, Macrae Smith company [ ᶜ1 931]
189 3126 1012 54 3 p. l., [9]-330 p. illus. (plan) 20ᶜᵐ.
195 3196 159 41 “First
381 3196 227 43 edition.”

124 3262 52 52 ©
209 3267 101 42 Oct.
343 3266 42 48 5,
416 3268 141 46 1931;
590 3269 70 41 2c.
693 3269 96 41 and
820 3270 82 40 aff.
937 3271 103 41 Oct.
1075 3272 82 48 10;
1193 3273 43 39 A
1266 3274 148 43 43188;
1476 3278 51 39 F.
1565 3278 46 42 S.
1643 3280 154 49 Wees,
1832 3283 123 41 Palo
1984 3284 128 46 Alto,
193 3323 141 42 Calif.
407 3325 281 51 (31-29196)

126 3431 145 65 Will,
303 3433 169 53 Allen
505 3434 267 65 Sinclair,
806 3441 172 50 1868-

191 3522 323 54 Education
539 3523 94 53 for
657 3541 335 52 newspaper
1018 3525 107 55 life;
1181 3546 72 36 an
1279 3535 237 49 account
1543 3532 65 54 of
1631 3534 98 55 the
1753 3542 363 66 cooperation

124 3597 62 52 of
210 3618 32 33 a
265 3599 318 70 university
606 3602 113 53 and
743 3603 97 52 the
865 3621 175 50 press,
1062 3605 76 69 by
1160 3605 173 55 Allen
1358 3607 251 57 Sinclair
1632 3612 159 55 Will.
1853 3616 264 72 Newark,

127 3675 64 51 N.
219 3676 74 67 J.,
320 3678 121 52 The
468 3678 177 53 Essex
671 3696 173 52 press,
873 3683 151 50 1931.

195 3758 357 49 314 p. 20½ ᶜᵐ .
198 3814 99 39 “An
328 3818 202 38 account
563 3816 50 40 of
646 3817 82 41 the
761 3817 169 48 origin,
965 3819 334 48 development
1332 3823 96 41 and
1462 3826 332 45 stabilization
1828 3833 53 40 of
131 3829 1972 88 instruction
257 3870 50 40 in

335 3871 290 49 journalism
655 3872 52 40 in
736 3874 117 39 New
882 3874 185 49 Jersey,
1099 3876 49 39 in
1179 3877 157 41 which
1369 3879 209 48 Rutgers
1610 3885 271 51 university
1910 3894 97 40 and
2036 3895 83 42 the

129 3926 114 40 New
273 3927 171 50 Jersey
473 3939 139 37 press
640 3928 296 43 association
967 3931 124 42 have
1124 3934 195 41 worked
1351 3937 515 50 together.”—Introd.
