2428 4370
995 4012 136 51 2099

410 440 289 61 CONTENTS!—Preface,
748 454 58 47 by
855 454 45 40 J.
947 454 60 40 PI.
1056 451 696 48 Penniman.—Introduction,
1799 453 61 47 by
1907 454 55 40 R.
2009 455 56 39 A.

76 511 482 46 Brotemarkle.—pt.
575 517 33 33 I.
627 510 267 39 Historical:
949 510 233 46 Lightner
1210 510 231 40 Witmer:
1470 520 26 29 a
1524 508 330 49 biographical
1881 511 182 48 sketch,

77 566 57 50 by
166 568 180 47 Joseph
379 567 196 41 Collins.
635 566 202 49 History
869 567 52 40 of
952 567 82 40 the
1065 565 356 49 psychological
1452 565 156 48 clinic,
1643 567 59 46 by
1740 566 44 41 S.
1816 567 70 40 W.
76 567 1970 106 Fernberger.—pt.
463 655 11 9 II.

507 624 432 40 Commemorative
970 623 185 40 studies:
1216 625 102 38 The
1348 623 216 48 primary
1595 624 241 47 problems
1869 625 52 39 of
76 625 1972 97 clinical

209 682 304 48 psychology.
573 682 184 38 Mental
798 680 272 48 deficiency,
1112 681 59 47 by
1212 680 52 41 F.
1302 681 57 39 N.
1401 680 245 40 Maxfield.
1706 681 100 40 The
1846 682 218 46 superior

73 737 142 49 child,
254 739 59 46 by
349 738 133 40 Alice
522 739 61 40 M.
623 738 147 39 Jones
806 737 260 41 Rockwell.
1125 737 102 40 The
1262 737 266 48 pre-school
1566 737 143 47 child,
1747 738 59 46 by
1845 738 218 47 Dorothy

74 794 58 43 K.
157 794 271 40 Hallowell.
493 794 169 40 School
688 795 161 47 levels,
877 794 60 47 by
963 795 62 39 M.
1047 793 44 40 S.
1110 794 223 47 Murphy.
1396 794 101 39 The
1522 793 268 41 correction
1816 793 52 40 of
1893 796 170 46 speech

73 850 198 49 defects,
301 852 59 47 by
389 852 53 39 E.
470 852 53 41 B.
555 851 276 46 Twitmyer.
896 849 187 49 Special
1112 850 271 47 education,
1414 850 59 47 by
1505 850 181 48 Gladys
1718 849 53 41 G.
1804 851 97 40 Ide.
75 852 1969 103 College

203 908 198 39 student
428 909 254 47 personnel
711 908 146 47 work,
886 908 58 46 by
975 908 54 38 R.
1060 908 54 39 A.
1146 908 351 39 Brotemarkle.
1558 908 247 46 Industry,
1833 908 60 46 by
1926 909 61 38 M.
2020 909 43 39 S.

73 964 195 40 Viteles.
333 963 279 40 Individual
646 965 181 39 mental
861 962 193 49 testing,
1089 965 58 46 by
1184 964 61 41 H.
1281 964 43 40 J.
1359 964 318 47 Humpstone.
1741 964 164 48 Group
75 974 1971 86 mental

188 1021 134 47 tests,
367 1021 60 48 by
472 1021 55 42 R.
623 1053 9 9 H.
681 1022 259 46 Sylvester.
1014 1021 547 47 Psychobiochemistry,
1606 1022 59 46 by
1708 1021 60 40 H.
1811 1022 52 39 E.
1910 1022 153 40 Starr.

73 1076 283 48 Diagnostic
393 1078 271 47 education,
702 1078 59 47 by
799 1078 186 39 Arthur
1025 1078 220 47 Phillips.
1306 1078 199 40 Private
1543 1078 225 47 practice,
1805 1079 61 46 by
1904 1078 159 40 David

73 1134 217 40 Mitchell;
348 1136 101 39 The
478 1133 353 42 contributions
861 1136 53 39 of
940 1133 195 42 clinical
1164 1135 290 47 psychology
1486 1138 48 37 to
1564 1136 141 39 other
1730 1134 152 41 fields.
71 1135 1976 96 General

207 1191 305 49 psychology,
548 1192 59 47 by
645 1192 263 41 Stevenson
947 1191 171 42 Smith.
1178 1192 101 39 The
1312 1190 262 49 principles
1611 1192 51 39 of
1695 1192 272 47 education,
2003 1192 61 48 by

72 1247 137 42 Anna
248 1250 44 41 J.
331 1249 228 47 McKeag.
620 1248 101 41 The
758 1250 160 39 school
956 1250 265 47 counselor,
1258 1250 60 46 by
1357 1248 138 41 Anna
1537 1250 52 39 E.
1625 1249 188 40 Biddle.
1875 1249 190 48 College

72 1304 279 50 admission,
402 1306 60 47 by
510 1307 59 40 K.
619 1306 52 41 G.
722 1306 174 39 Miller.
972 1306 215 40 Teacher
1237 1306 228 47 training,
1513 1306 60 47 by
1623 1307 44 39 J.
1715 1307 57 38 D.
1820 1306 243 41 Heilman.

72 1363 215 39 Teacher
328 1362 216 49 training
583 1364 81 38 for
706 1363 178 47 special
924 1363 271 47 education,
1238 1364 59 46 by
1338 1362 52 41 F.
1431 1363 61 42 H.
1534 1363 178 40 Reiter.
1774 1364 102 38 The
1915 1363 145 40 social

72 1419 223 48 sciences,
337 1420 60 48 by
439 1420 247 48 Franklyn
728 1420 220 41 Paschal.
1012 1419 157 41 Social
1209 1419 183 40 service
1432 1421 146 46 work,
1619 1421 59 46 by
1720 1420 252 40 Charlotte
2011 1421 52 39 E.

73 1476 171 41 Grave.
305 1478 156 39 Moral
492 1477 229 48 training,
753 1478 58 47 by
841 1478 53 42 E.
930 1478 43 40 S.
1006 1477 226 40 Rudisill.
1294 1477 217 40 Conduct
1541 1478 253 47 problems,
1825 1478 60 47 by
1918 1478 142 40 Clara

74 1532 58 43 H.
157 1534 163 40 Town.
382 1533 339 49 Criminology,
750 1534 58 48 by
837 1535 55 40 R.
921 1535 60 39 H.
1011 1534 161 41 Gault.
1233 1533 249 48 Religious
1509 1534 295 48 experience,
1837 1536 58 46 by
1924 1535 57 40 D.
2011 1536 52 38 E.

72 1590 312 49 Buzby.—pt.
471 1622 11 9 III.
508 1592 230 47 Reprints
763 1593 52 38 of
839 1591 232 48 Lightner
1097 1591 203 40 Witmer:
1357 1590 204 42 Clinical
1589 1592 290 47 psychology;
1936 1593 127 38 from

71 1649 81 39 the
199 1647 363 49 Psychological
609 1647 155 42 clinic.
828 1648 127 40 1907.
1016 1648 71 41 On
1134 1649 83 39 the
1264 1648 206 40 relation
1519 1649 53 38 of
1616 1648 306 48 intelligence
1968 1649 93 39 and

70 1703 240 50 efficiency;
371 1705 130 41 from
533 1707 82 40 the
646 1705 362 49 Psychological
1043 1705 155 49 clinic,
1232 1704 127 42 1915.
1421 1705 363 49 Psychological
1816 1706 248 48 diagnosis

70 1764 96 39 and
201 1764 83 39 the
318 1763 338 49 psychonomic
694 1762 293 42 orientation
1023 1763 51 40 of
1113 1762 266 48 analytical
1417 1763 212 46 science;
1668 1763 126 41 from
1832 1765 82 39 the
69 1765 1976 103 Psychological

363 1820 154 47 clinic,
546 1820 128 42 1925.

76 1887 51 52 ©
155 1892 111 41 Dec.
292 1893 68 44 11,
387 1891 112 41 1931;
555 1893 67 39 2c.
649 1893 112 40 Dec.
787 1893 82 45 24;
973 1925 7 7 aff.
1008 1893 109 39 Dec.
1146 1892 82 47 28;
1258 1892 41 39 A
1324 1891 171 47 46592;
1528 1891 280 49 University
1838 1892 50 39 of
144 1893 1905 103 Pennsylvania

396 1961 148 36 press.
616 1948 249 49 (32-1554)

69 2041 181 65 Cohn,
279 2043 172 54 Clara
485 2041 272 67 (Viebig)
795 2049 172 49 1860-

137 2119 170 54 Clara
345 2119 251 72 Viebig’s
634 2120 117 54 Der
788 2119 332 69 gefangene,
1159 2119 188 56 edited
1384 2119 141 54 with
1565 2123 174 65 notes,
1778 2118 284 70 exercises,

66 2195 1934 72 and vocabulary by O. S. Fleissner and E. Mentz-Fleissner …
65 2273 137 54 New
230 2272 180 70 York,
435 2275 63 52 F.
529 2274 57 55 S.
617 2274 194 56 Crofts
837 2277 44 49 &
909 2294 96 49 co.,
1034 2278 151 52 1931.

134 2353 1136 50 xviii, 132 p. front. (port.) plates. 19½ ᶜᵐ .
135 2410 262 42 Published
423 2411 49 39 in
498 2411 116 40 1925
639 2411 50 39 in
716 2413 81 39 the
822 2413 219 39 authors
1070 2412 388 42 Franzosenzeit.
1514 2415 61 46 cf.
1606 2413 183 41 Introd.

75 2480 51 52 ©
151 2485 109 39 Dec.
287 2485 38 47 1,
349 2483 112 42 1931;
515 2484 66 41 2c.
607 2485 111 40 Dec.
742 2484 52 47 9;
820 2485 82 41 aff.
928 2485 110 41 Jan.
1061 2486 69 45 14,
1155 2484 112 41 1932;
1321 2484 41 40 A
1384 2484 145 40 45401;
1584 2486 50 38 F.
1663 2485 44 42 S.
1733 2485 166 40 Crofts
1924 2485 36 40 &
1983 2495 82 38 co.,

143 2541 89 40 inc.
296 2537 68 53 [©
390 2551 105 31 new
522 2544 179 38 matter
727 2542 36 40 &
788 2541 342 52 illustrations]
1204 2541 279 48 (31-35089)

69 2645 229 64 College
329 2649 278 50 entrance
639 2645 401 53 examination
1070 2646 200 54 board.

200 2722 1865 66 … Questions set at the examinations of 1930, held June
73 2804 166 49 16-21
268 2801 76 66 by
369 2801 95 54 the
496 2801 228 66 College
752 2805 262 51 entrance
1044 2801 385 54 examination
1458 2802 179 53 board
1668 2803 112 53 and
68 2801 1975 130 September

202 2883 168 49 15-19
403 2879 75 65 by
513 2900 31 33 a
578 2879 236 52 number
848 2879 63 53 of
944 2878 378 66 universities,
1356 2880 255 64 colleges,
1648 2882 113 52 and
1795 2879 271 55 scientific

69 2956 1902 66 schools. Boston, New York [etc.] Ginn and company [ ᶜ19 31]
141 3028 426 47 vi, 226 p. 24 ᶜᵐ .
76 3081 51 52 ©
163 3086 109 39 Jan.
307 3085 67 47 17,
407 3084 112 40 1931;
582 3083 67 41 2c.
685 3084 109 41 Jan.
827 3084 55 40 30;
1021 3115 6 5 aff.
1064 3084 109 39 Jan.
1208 3083 56 40 29;
1328 3085 40 38 A
1402 3083 143 42 34072;
1612 3084 190 48 College
1836 3087 230 37 entrance

143 3141 333 40 examination
503 3141 165 46 board,
698 3141 117 38 New
843 3141 143 41 York.

67 3236 106 53 Les
208 3233 253 54 colonies
494 3236 309 64 françaises;
868 3238 101 50 340
1004 3236 465 68 photographies.
1550 3234 203 68 [Paris]
137 3235 1904 128 Flammarion

299 3315 191 63 [ ᶜ19 31]
138 3392 1240 49 viii, 271 p. incl. illus., maps (1 double) 24 ᶜᵐ .
139 3448 128 42 Title
293 3449 228 48 vignette.

76 3503 1989 52 © July 30, 1931; 1c. Aug. 17; A—Foreign 13401; Ernest Flammarion.
153 3563 221 48 (32-134)

71 3657 336 54 Commerce
436 3656 260 65 clearing
721 3658 202 55 house.

200 3734 1861 69 … Procedure and practice before the United States Board
69 3809 64 52 of
157 3816 98 47 tax
279 3810 233 68 appeals
535 3810 298 73 including
855 3818 160 48 court
1040 3812 149 54 rules
1214 3814 93 52 for
1332 3812 223 65 review,
1579 3812 174 53 Rules
1780 3810 64 55 of
1867 3812 194 53 Board

70 3886 64 53 of
166 3892 98 50 tax
300 3888 251 69 appeals,
585 3886 280 71 specimen
902 3890 197 68 forms,
1135 3890 154 56 Code
1324 3890 64 53 of
1421 3889 263 53 evidence
1720 3888 64 53 of
1816 3889 244 55 District
