2505 4370
1333 4045 102 52 622

353 396 192 54 South
595 403 240 48 western
888 401 271 65 reporter.
1241 397 220 56 Second
1511 397 185 54 series.
1775 396 171 56 Cases
1996 397 216 69 argued
2262 397 112 52 and

427 477 353 53 determined
824 477 59 52 in
926 477 95 52 the
1067 475 278 69 Supreme
1388 481 189 49 courts
1621 477 64 51 of
1728 475 313 69 Arkansas,
2085 475 291 67 Missouri,

427 557 330 57 Tennessee,
795 557 112 52 and
947 556 212 66 Texas;
1204 554 209 56 Courts
1449 554 64 53 of
1550 555 233 68 appeals
1819 554 64 54 of
1919 553 308 71 Kentucky
2265 555 112 53 and

428 635 272 54 Missouri
720 654 9 33 :
779 634 206 55 Courts
1029 634 63 53 of
1134 633 136 54 civil
1312 635 114 52 and
1468 633 264 54 criminal
1776 634 235 68 appeals
2054 634 114 53 and
428 633 1925 134 Commission

700 713 63 52 of
798 713 235 68 appeals
1070 711 65 54 of
1169 714 203 66 Texas,
1409 710 139 54 with
1584 712 376 68 key-number
1995 711 381 53 annotations.

470 835 8 9 v.
528 795 68 48 34
650 791 128 68 (2d)
837 792 298 69 February
1184 789 307 54 17—March
1541 793 82 66 10,
1672 794 149 48 1931.
1900 792 348 51 Permanent
2293 791 83 52 ed.

430 869 83 55 St.
543 870 167 69 Paul,
734 870 160 53 West
923 869 338 69 publishing
1288 887 98 51 co.,
1416 872 149 50 1931.

428 950 441 49 xvi, 1204 p. 26 ᶜᵐ.
360 1018 52 53 ©
444 1022 115 48 Apr.
591 1022 68 48 16,
692 1021 141 47 1931;
866 1021 66 40 2c.
966 1022 114 46 May
1111 1021 83 47 15;
1228 1020 83 41 aff.
1344 1022 115 46 May
1490 1020 82 47 22;
1607 1021 39 39 A
1677 1020 173 47 38419;
1884 1020 136 41 West
2052 1021 112 48 pub.
2197 1032 67 30 co.

357 1131 255 64 Steiner,
643 1132 239 65 Rudolf,
918 1136 327 51 1861-1925.

357 1220 1996 153 … Farbenlehre. [ Dornach (Schweiz) Philosophisch-anthroposophischer
796 1306 198 67 verlag
1024 1322 91 34 am
1144 1303 414 70 Goetheanum,
1591 1305 149 51 1929.

432 1385 1948 48 1 v. illus. 21½ ᶜᵐ. (Kunst im lichte der mysterienweisheit … 7. hft.
362 1452 2000 110 © Dec. 24, 1929; 1c. Sept. 15, 1930; A—Foreign 9337; Philosophischanthroposophischer
993 1515 167 47 verlag
1190 1525 79 28 am
1301 1513 349 49 Goetheanum,
1682 1513 244 46 Dornach,
1961 1513 337 40 Switzerland.
443 1571 282 49 (31-10395)

358 1665 311 66 Stockard,
704 1665 249 56 Charles
982 1666 248 65 Rupert,
1267 1666 173 55 1879-

426 1754 1892 70 The physical basis of personality, by Charles R. Stockard …
357 1833 1669 71 New York, W. W. Norton & company, inc. [ ᶜ1 931 ]
430 1916 1485 51 xviii p., 1 l., 21-320 p. front., illus., pl., diagrs. 22 ᶜᵐ.
429 1975 103 41 The
558 1976 130 47 plate
713 1973 44 43 is
784 1975 195 49 printed
1008 1986 60 29 on
1094 1976 116 40 both
1238 1974 141 41 sides.

430 2032 120 41 This
582 2033 122 41 book
739 2032 43 41 is
813 2032 256 48 primarily
1105 2044 61 28 an
1203 2033 221 39 outcome
1455 2032 52 40 of
1539 2033 82 40 the
1656 2034 131 39 Lane
1823 2032 203 41 medical
2064 2034 208 39 lectures
359 2034 2006 96 delivered

576 2090 60 48 by
669 2091 83 39 the
784 2087 178 42 author
996 2092 51 38 at
1082 2089 234 41 Stanford
1353 2087 270 51 university
1659 2089 44 40 in
1738 2089 128 40 1930.
1928 2090 60 48 cf.
2063 2090 88 40 Pref.

430 2147 165 41 “First
625 2145 227 43 edition.”

431 2202 377 50 Bibliography:
843 2213 44 38 p.
917 2202 219 42 306-316.

368 2272 53 53 ©
448 2277 115 48 Apr.
591 2276 40 48 6,
659 2275 113 41 1931;
830 2276 67 39 2c.
925 2275 115 48 Apr.
1068 2274 55 40 15;
1181 2274 83 41 aff.
1293 2274 114 48 Apr.
1437 2275 54 39 14;
1550 2275 39 39 A
1617 2275 145 40 36477;
1819 2276 73 41 W.
1921 2277 72 40 W.
2021 2276 188 41 Norton
2239 2281 36 40 &
2302 2288 81 36 co.,

435 2334 91 40 inc.
598 2332 282 50 (31-10758)

361 2429 391 65 Teitelbaum,
783 2428 176 56 John.

438 2522 256 69 “Happy
725 2519 212 71 days!”
1011 2520 56 52 A
1094 2519 149 54 book
1273 2519 64 55 of
1366 2522 150 68 good
1544 2521 181 70 cheer,
1755 2521 63 52 of
1848 2520 291 71 cocktails,
2168 2522 220 71 drinks,

367 2599 2020 72 and how to mix them, by John … New York city, Felshin
366 2679 339 69 publishing
732 2696 300 51 company,
1064 2680 153 51 1931.

439 2760 59 41 96
529 2772 43 37 p.
632 2759 56 41 20½ᶜᵐ.

371 2829 53 54 ©
462 2833 112 41 Feb.
610 2833 68 48 14,
716 2830 115 42 1931;
896 2832 68 42 2c.
1002 2832 95 40 and
1135 2830 82 43 aff.
1256 2831 110 41 Feb.
1404 2829 56 43 26;
1526 2831 40 40 A
1601 2830 147 43 33957;
1816 2831 199 42 Felshin
2052 2833 111 49 pub.
2201 2843 67 32 co.

365 2957 279 63 Thomas,
675 2957 248 54 Charles
951 2956 259 65 Wright,
1240 2959 85 53 ed.

438 3050 213 68 Essays
713 3049 60 53 in
834 3055 441 63 contemporary
1337 3049 372 66 civilization,
1773 3049 190 54 edited
2027 3049 76 71 by
2168 3050 62 55 C.
2294 3051 91 54 W.

366 3127 1874 70 Thomas … New York, The Macmillan company, 1931.
475 3239 8 17 x,
523 3208 71 51 [2],
629 3208 86 41 627
748 3219 44 37 p.
852 3207 57 41 20½ᶜᵐ.

375 3276 53 53 ©
459 3281 115 48 Apr.
603 3280 69 47 21,
703 3279 113 40 1931;
877 3279 66 41 2c.
976 3280 96 39 and
1102 3280 81 39 aff.
1214 3281 115 47 Apr.
1360 3279 54 40 22;
1475 3280 41 39 A
1546 3281 145 40 36677;
1752 3280 285 41 Macmillan
2068 3292 68 30 co.
452 3337 282 49 (31-10658)

370 3430 219 65 Tillier,
622 3431 237 65 Claude,
894 3437 326 51 1801-1844.

504 3521 1881 72 … Mon oncle Benjamin, edited with notes, exercises, and
370 3600 2009 71 vocabulary by Alexander H. Krappe … with a foreword by
370 3677 1786 71 Daniel Mornet … New York, Prentice-Hall, inc., 1931.
440 3757 406 50 xix, 223 p. 19 ᶜᵐ.
443 3814 425 50 “Bibliographie”
887 3825 9 30 :
927 3826 44 37 p.
1000 3815 100 40 xix.

378 3883 53 53 ©
462 3889 122 40 Mar.
613 3889 69 43 30,
713 3889 140 47 1931;
885 3890 68 39 2c.
982 3890 114 46 Apr.
1128 3890 80 40 13;
1242 3889 83 40 aff.
1355 3889 113 47 Apr.
1499 3890 81 46 24;
1614 3890 40 38 A
1683 3889 172 47 36768;
1889 3889 377 42 Prentice-Hall.
2298 3888 91 42 inc.

450 3941 69 55 [©
553 3946 345 49 introduction,
933 3949 150 46 notes,
1116 3946 255 48 exercises,
1407 3946 309 51 vocabulary]
1794 3946 280 51 (31-10592)
