2428 4370
1070 4028 133 56 1571

115 428 201 63 Negro
343 446 135 51 year
507 424 172 57 book;
716 441 68 34 an
816 422 211 53 annual
1059 416 398 72 encyclopedia
1490 415 64 53 of
1584 415 97 52 the
1709 430 193 52 negro,
185 414 1923 144 1931-1932.

407 489 1701 76 Monroe N. Work … editor. Tuskegee Institute, Ala.,
184 575 1200 76 Negro year book publishing co. [ ᶜ1 931]
180 652 1238 59 xiv p., 1 l., 544 p. maps, tables, diagr. 24ᶜᵐ.
117 730 51 52 ©
208 732 126 47 Sept.
370 730 69 47 15,
476 726 139 49 1931;
654 727 67 41 2c.
758 727 95 39 and
888 724 81 40 aff.
1009 724 102 40 Oct.
1148 721 82 49 12;
1269 722 43 39 A
1346 720 171 47 44110;
1558 720 245 47 Tuskegee
1841 718 188 40 normal
2068 716 37 40 &

184 787 261 42 industrial
468 783 240 48 institute,
731 781 247 48 Tuskegee
1001 779 249 48 Institute,
1272 779 107 39 Ala.

116 868 1930 81 Ohio jurisprudence; cumulative supplement to vols. 1-7 …
185 958 323 67 Rochester,
595 997 10 10 N.
633 955 91 69 Y.,
751 954 121 53 The
897 953 268 68 Lawyers
1191 948 384 70 co-operative
1600 946 335 70 publishing
187 964 1897 134 company,
388 1037 150 50 1931.

182 1115 55 42 17
302 1147 10 8 v.
370 1114 116 39 24ᶜᵐ.

186 1171 157 41 These
366 1168 275 50 pamphlets
668 1178 83 29 are
779 1171 49 36 to
852 1168 60 39 be
935 1166 138 39 fitted
1099 1165 104 40 into
1230 1164 84 40 the
1338 1163 152 40 backs
1514 1162 52 41 of
1594 1162 84 40 the
1701 1159 217 43 volumes
1946 1160 52 40 of
2025 1160 85 40 the

115 1233 71 36 set
214 1231 49 37 to
291 1227 157 39 which
475 1225 113 49 they
615 1225 181 47 belong.

121 1294 51 52 ©
202 1298 100 39 Oct.
331 1298 38 46 7,
398 1294 140 48 1931;
567 1295 67 41 2c.
663 1295 119 40 each
809 1293 101 41 Oct.
937 1292 54 48 9;
1021 1291 81 41 aff.
1134 1291 102 42 Oct.
1264 1291 82 46 10;
1376 1290 41 39 A
1443 1287 172 50 43194;
1646 1290 228 46 Lawyers
187 1296 1904 98 co-operative
345 1352 109 48 pub.
485 1363 66 30 co.

121 1446 252 63 Pahlow,
409 1445 308 54 Gertrude.

193 1525 234 53 Murder
464 1526 55 51 in
556 1523 93 53 the
685 1521 282 71 morning,
1001 1523 72 68 by
1111 1519 285 56 Gertrude
1431 1518 254 54 Pahlow.
1761 1518 137 52 New
1937 1516 179 67 York,

126 1601 711 69 E. J. Clode, inc. [ ᶜ1 931]
190 1681 86 42 256
307 1692 41 38 p.
409 1680 144 42 19½ᶜᵐ.

125 1749 51 52 ©
204 1752 99 42 Oct.
330 1754 39 45 7,
393 1751 142 49 1931;
561 1754 66 39 2c.
654 1753 96 38 and
775 1751 80 39 aff.
884 1751 101 41 Oct.
1011 1751 53 46 8;
1092 1751 40 38 A
1156 1748 173 49 43097;
1359 1749 211 41 Edward
1598 1748 44 41 J.
1670 1747 159 49 Clode,
1857 1747 90 42 inc.

202 1808 280 50 (31-25919)

124 1903 353 64 Parkhurst,
511 1901 345 55 Genevieve.

194 1981 324 70 Headlong,
560 1981 74 69 by
675 1979 316 55 Genevieve
1033 1978 339 54 Parkhurst.
1448 1978 138 53 New
1633 1978 177 69 York,
1853 1977 76 53 H.
1976 1976 139 53 Holt

128 2060 645 68 and company [ ᶜ1 931]
193 2136 611 52 4 p. l., 3-297 p. 19½ᶜᵐ.
197 2194 162 41 “First
390 2192 260 50 printing.”

133 2249 51 52 ©
211 2252 101 40 Oct.
339 2252 39 47 6,
405 2249 140 49 1931;
571 2251 67 41 2c.
666 2250 101 40 Oct.
794 2249 80 47 10;
904 2249 82 41 aff.
1014 2249 100 40 Oct.
1141 2249 83 48 12;
1252 2249 41 39 A
1317 2248 172 48 44054;
1519 2248 168 49 Henry
1713 2248 121 40 Holt
1858 2246 36 42 &
1920 2257 83 38 co.,
2029 2247 92 39 inc.

209 2308 277 49 (31-29014)

130 2400 262 67 Phillips,
482 2399 169 67 Velma,
686 2406 170 50 1891-

195 2474 286 55 Evidence
515 2474 64 54 of
611 2475 96 53 the
739 2474 140 54 need
913 2475 64 53 of
1010 2474 299 55 education
1346 2474 94 54 for
1475 2473 235 57 efficient
1745 2473 377 70 purchasing;

128 2572 69 33 an
237 2551 305 69 analytical
578 2552 169 71 study
785 2551 62 53 of
882 2551 336 54 consumers’
1254 2549 316 56 difficulties
1606 2553 59 53 in
1704 2549 269 72 choosing
2011 2550 113 56 and

133 2629 213 70 buying
392 2628 254 70 clothing
694 2628 110 53 and
850 2628 163 57 home
1061 2628 377 71 furnishings,
1488 2627 92 54 for
1629 2632 95 51 the
1771 2646 246 52 purpose
2064 2628 64 53 of

134 2705 374 70 formulating
557 2704 268 70 practical
876 2704 356 71 suggestions
1280 2706 93 52 for
1421 2705 304 55 successful
1772 2705 235 72 buying,
2055 2705 71 69 by

186 2778 1940 80 Velma Phillips … New York city, Teachers college, Columbia
132 2861 328 70 university,
492 2864 148 51 1931.

207 2954 38 29 v.
281 2943 84 41 109
399 2954 44 37 p.
503 2941 144 42 23½ᶜᵐ.
719 2942 261 49 (Teachers
1016 2943 191 48 college,
1244 2943 248 41 Columbia
1532 2944 282 48 university.
137 2943 1976 99 Contributions
293 3004 48 37 to
370 3000 271 48 education,
672 3010 74 30 no.
776 2999 111 49 447)

206 3054 256 43 Published
493 3055 102 41 also
625 3065 57 31 as
709 3055 151 41 thesis
901 3058 107 43 (ph.
1038 3058 64 46 d.)
1144 3055 246 42 Columbia
1428 3055 280 50 university.

141 3108 51 53 ©
225 3113 127 40 June
383 3112 68 48 10,
484 3111 139 43 1931;
659 3112 67 40 2c.
760 3112 115 48 July
906 3112 53 47 3;
995 3111 82 41 aff.
1112 3111 117 48 July
1258 3111 57 41 25
1333 3123 10 36 ;
1378 3113 42 38 A
1451 3111 171 49 40721;
1661 3111 243 44 Teachers
1935 3113 192 48 college,

211 3169 249 41 Columbia
488 3168 283 49 university.
842 3167 281 52 (31-29052)

142 3261 271 66 Putnam,
443 3262 254 54 Howard
725 3260 233 66 Phelps,
989 3267 169 50 1894-

211 3341 121 51 The
366 3340 107 52 five
507 3356 239 51 seasons,
782 3339 76 68 by
892 3339 214 67 Phelps
1141 3340 266 52 Putnam.
1484 3341 138 53 New
1660 3342 179 64 York,
1874 3343 258 67 London,

142 3417 61 54 C.
233 3415 311 57 Scribner’s
572 3434 146 51 sons,
747 3420 147 50 1931.

213 3496 538 50 5 p. l., 3-6G p. 21ᶜᵐ.
215 3553 179 40 Poems.

149 3607 51 52 ©
232 3610 125 49 Sept.
387 3611 67 45 25,
485 3608 139 49 1931;
656 3610 66 41 2c.
755 3611 100 40 Oct.
885 3610 82 46 10;
1000 3610 81 40 aff.
1114 3610 101 43 Oct.
1246 3609 81 48 12;
1359 3612 41 38 A
1428 3610 171 50 44005;
1633 3612 201 41 Charles
1868 3612 265 42 Scribner's

215 3678 122 29 sons.
409 3666 277 48 (31-28157)

150 3758 232 66 Racine,
413 3759 234 54 Samuel
677 3758 332 65 Frederick,
1042 3764 170 49 1882-

217 3829 1919 85 Review questions in law, by Samuel F. Racine … Seattle,
151 3908 1181 76 Wash., Western institute press [ ᶜ1 931 ]
