2428 4370
1026 4046 133 57 1445

98 440 381 63 Riesenberg,
510 437 182 65 Felix,
726 438 168 54 1879-

166 515 241 54 Endless
442 514 169 69 river,
644 514 76 68 by
754 512 165 53 Felix
954 511 362 69 Riesenberg.
1392 512 136 51 New
1568 511 177 68 York,
1782 511 307 63 Harcourt,

97 593 858 66 Brace and company [ ᶜ1 931]
166 673 535 50 3 p. l. , 3-316 p. 19½ᶜᵐ.
169 732 162 41 “First
362 730 226 41 edition.”

101 800 52 51 ©
190 804 126 47 Sept.
350 802 67 47 10,
454 800 138 46 1931;
629 800 65 39 2c.
733 800 124 47 Sept.
892 798 58 41 16;
1010 798 80 39 aff.
1130 798 126 47 Sept.
1293 798 81 46 23;
1412 798 39 38 A
1485 799 170 40 41834;
1695 799 50 40 F.
1782 798 306 44 Riesenberg,

170 859 292 46 Bronxville,
499 858 55 40 N.
590 857 52 38 Y.
717 854 278 49 (31-24495)

98 951 210 65 Rippy,
337 952 201 53 James
567 951 170 63 Fred,
768 955 169 49 1892-

166 1029 172 52 Latin
377 1027 265 52 America
682 1026 60 52 in
782 1026 179 52 world
1000 1024 246 69 politics,
1286 1043 70 34 an
1399 1023 215 54 outline
1656 1042 221 51 survey,
1918 1024 76 69 by
2034 1025 56 54 J.

96 1100 1974 73 Fred Rippy … Rev. ed. New York, F. S. Crofts & co., 1931.
163 1183 674 52 7 p. l. , 301 p. maps. 22½ᶜᵐ.
103 1254 51 51 ©
187 1258 126 47 Sept.
342 1258 40 46 4,
413 1254 112 41 1931;
583 1254 66 41 2c.
680 1256 95 39 and
804 1254 81 41 aff.
918 1254 127 48 Sept.
1076 1253 55 40 19;
1190 1254 40 39 A
1259 1253 144 41 41705;
1464 1254 52 41 F.
1548 1254 43 39 S.
1625 1254 165 40 Crofts
1821 1254 35 39 &
1886 1265 82 31 co.,
2000 1255 91 39 inc.

180 1313 278 49 (31-24450)

100 1405 316 65 Robinson,
448 1405 206 53 Edwin
684 1405 335 64 Arlington,
1050 1410 171 49 1869-

166 1484 279 53 Matthias
476 1489 58 47 at
564 1484 95 52 the
690 1484 155 66 door,
873 1483 76 68 by
982 1481 207 54 Edwin
1220 1481 313 68 Arlington
1568 1482 308 53 Robinson.
1953 1484 135 51 New

99 1560 177 69 York,
306 1562 119 52 The
456 1560 332 53 Macmillan
816 1578 297 50 company,
1144 1563 148 49 1931.

171 1642 621 49 5 p. l., 3-99 p., 1 l. 24 ᶜᵐ.
170 1699 41 40 A
238 1698 250 41 narrative
515 1708 151 39 poem.

173 1757 93 41 “Of
298 1756 98 41 this
428 1755 197 49 edition,
660 1755 85 40 500
779 1754 158 48 copies
970 1755 122 39 have
1125 1755 118 39 been
1277 1754 191 48 printed
1502 1755 58 47 by
1596 1756 56 39 D.
1688 1756 53 39 B.
1776 1755 201 47 Updike,
2013 1757 79 38 the

101 1814 332 46 Merrymount
463 1823 149 37 press,
645 1811 225 41 Boston.”

174 1870 173 48 Signed
376 1871 60 46 by
463 1871 81 39 the
572 1870 190 39 author.

104 1925 51 51 ©
191 1928 125 47 Sept.
347 1928 68 45 15,
446 1925 139 47 1931;
618 1926 66 40 2c.
718 1927 93 38 and
843 1925 79 40 aff.
960 1925 126 48 Sept.
1120 1925 81 46 16;
1235 1925 40 39 A
1305 1924 144 40 42347;
1513 1927 52 39 E.
1598 1926 51 38 A.
1686 1925 258 44 Robinson,
1979 1927 116 38 New

170 1985 142 39 York.
383 1983 278 48 (31-24423)

100 2075 399 65 Rodeheaver,
532 2077 220 51 Homer
785 2075 209 65 Alvan,
1032 2081 170 49 1880-

169 2154 258 68 Hymnal
462 2153 306 54 handbook
804 2153 93 53 for
938 2153 292 55 Standard
1268 2154 205 67 hymns
1512 2154 113 52 and
1664 2154 196 68 gospel
1898 2171 196 50 songs;

99 2250 31 33 a
169 2231 293 53 collection
504 2230 64 54 of
608 2231 198 53 stories
846 2231 113 52 and
1000 2229 378 53 information
1421 2230 170 52 about
1632 2230 225 68 hymns,
1898 2231 191 68 gospel

98 2327 167 50 songs
296 2309 112 52 and
438 2309 150 52 their
617 2309 239 67 writers,
888 2308 271 69 designed
1192 2314 59 47 to
1282 2308 133 68 help
1447 2307 289 53 ministers
1771 2308 113 52 and
1917 2307 177 53 music

99 2385 272 54 directors
401 2390 182 48 create
611 2391 223 64 greater
864 2385 393 69 appreciation
1289 2387 112 52 and
1432 2385 235 53 interest
1697 2385 61 53 in
1788 2403 281 51 congrega
99 2463 179 53 tional

103 2461 1967 143 singing. By Homer A. Rodeheaver … Chicago, Philadelphia,
378 2542 1035 62 The Rodeheaver company [ ᶜ1 931]
169 2633 32 28 x,
243 2621 100 48 191,
379 2623 40 50 [5]
465 2633 42 38 p.
567 2623 60 42 20ᶜᵐ.

106 2675 51 51 ©
185 2681 119 44 Aug.
331 2679 69 47 25,
427 2680 112 40 1931;
597 2681 67 41 2c.
692 2682 117 47 Aug.
837 2682 54 39 31;
951 2681 82 41 aff.
1061 2680 118 48 Aug.
1209 2680 59 41 28;
1322 2681 41 38 A
1389 2679 148 41 42149;
1593 2681 60 40 H.
1684 2681 51 37 A.
1768 2679 326 48 Rodeheaver,

175 2735 221 49 Chicago.
466 2737 277 47 (31-24133)

109 2829 261 66 [Rogers,
403 2829 190 65 Ralph
625 2832 237 68 Ernest]
903 2837 171 50 1881-

233 2906 1864 71 … New modern illustrative bookkeeping, elementary course,
103 2983 227 68 journal
353 2985 247 66 method,
621 2985 170 53 based
814 3004 153 49 upon
992 2987 139 51 New
1152 2987 235 51 modern
1413 2986 345 53 illustrative
103 2986 1967 143 bookkeeping,

252 3061 1843 70 introductory course, by Charles F. Rittenhouse … script
101 3138 75 68 by
207 3139 252 52 Edward
495 3139 61 54 C.
589 3139 160 54 Mills
783 3141 111 52 and
929 3141 235 54 Charles
1198 3141 67 52 E.
1299 3142 201 51 Leslie.
1575 3142 139 51 New
1748 3141 179 67 York,
102 3141 1968 127 Cincinnati

369 3216 1164 70 [etc.] American book company [ ᶜ1 931]
174 3298 1174 49 152 p. 25½ ᶜᵐ. (Williams & Rogers series)
106 3352 51 51 ©
187 3355 125 48 Sept.
339 3354 39 48 9,
406 3354 139 47 1931;
572 3353 66 42 2c.
669 3355 125 48 Sept.
821 3357 82 45 11;
933 3357 79 38 aff.
1045 3357 126 46 Sept.
1199 3356 81 46 12;
1310 3358 39 38 A
1377 3358 170 41 41612;
1578 3357 256 41 American
1861 3359 122 40 book
2011 3369 81 36 co.,

175 3412 117 39 New
324 3412 142 39 York.
548 3408 51 51 [©
633 3412 221 49 changes]
926 3412 281 49 (31-24117)

105 3506 232 62 Rorem,
368 3505 275 54 Clarence
670 3506 214 64 Rufus,
915 3512 171 49 1894-

233 3581 1857 70 … The “municipal doctor” system in rural Saskatchewan,
99 3658 1966 146 by C. Rufus Rorem … Chicago, Ill., The University of Chicago
266 3754 155 49 press
457 3740 170 64 [1931]

171 3816 1920 51 2 p. l. , 3-84 p. illus. (maps) 23 ᶜᵐ. (Publications of the Committee
102 3882 59 30 on
187 3873 80 40 the
294 3874 127 40 costs
448 3874 52 39 of
521 3874 205 40 medical
753 3884 136 31 care:
917 3885 75 30 no.
1017 3875 80 46 11)

105 3926 51 51 ©
186 3931 115 47 July
328 3929 70 43 28,
429 3929 110 42 1931;
599 3930 67 41 2c.
696 3933 94 38 and
819 3933 82 38 aff.
932 3933 118 47 Aug.
1082 3932 55 41 28;
1197 3934 41 38 A
1265 3933 145 40 42047;
1471 3934 283 48 University
1784 3935 50 41 of
1866 3936 223 49 Chicago,

173 3986 219 50 Chicago.
464 3987 278 50 (31-24278)
