2505 4370
1339 4023 101 55 786

367 462 116 52 and
516 461 142 52 with
693 461 78 52 all
806 459 218 54 former
1058 459 377 54 translations
1470 459 309 71 diligently
1813 460 308 69 compared
2158 461 113 52 and
369 479 1998 129 revised,

579 544 57 49 to
669 538 188 54 which
890 557 96 35 are
1018 538 187 54 added
1238 557 177 51 many
1448 538 210 69 unique
1693 537 254 54 features
1979 536 64 56 of
2076 538 98 54 the
2207 537 186 70 Bible,

367 618 140 53 such
538 636 60 35 as
630 636 74 34 an
735 616 386 69 alphabetical
1155 622 407 64 arrangement
1593 616 65 54 of
1691 617 98 53 the
1820 616 235 70 leading
2089 616 304 68 doctrines,

367 695 97 52 the
501 694 265 69 parables
800 695 116 53 and
950 694 282 68 miracles,
1270 694 284 69 harmony
1590 694 65 53 of
1692 695 96 53 the
1825 693 261 70 Gospels,
2123 694 269 69 pictorial

368 772 403 69 pronouncing
805 772 346 70 dictionary,
1186 773 120 53 also
1341 772 214 69 special
1592 772 229 54 articles
1855 792 73 34 on
1964 773 97 53 the
2097 772 187 70 Bible,
2320 792 75 35 an

369 850 261 69 inspired
670 850 166 68 book,
878 868 104 35 our
1026 850 250 70 English
1320 850 187 69 Bible,
1551 850 253 70 analysis
1849 850 65 54 of
1956 851 78 52 all
2077 852 100 53 the
2217 851 178 55 books

369 927 2026 73 of the Bible, etc., etc. Red letter ed. … The only family
371 1006 169 53 Bible
580 1006 188 69 richly
809 1005 330 54 illustrated
1181 1006 143 52 with
1363 1005 289 54 beautiful
1695 1007 227 53 colored
1963 1008 187 67 plates
2192 1007 65 54 of
2297 1009 97 52 the

370 1084 97 53 old
503 1089 255 48 masters.
835 1083 273 70 Chicago,
1145 1081 455 57 Manufactured
1636 1085 76 69 by
1749 1085 97 53 the
1882 1085 159 54 John
2078 1085 71 53 A.
2189 1085 204 54 Hertel

369 1180 80 35 co.
483 1160 94 54 for
609 1161 428 53 International
1070 1160 242 71 Sunday
1343 1163 192 52 school
1568 1163 202 70 league
1808 1165 173 65 [1931]

446 1242 116 51 [977]
593 1252 44 39 p.
697 1242 86 44 col.
813 1242 166 48 front.,
1011 1242 145 51 illus.,
1183 1242 163 49 plates
1384 1243 137 49 (part
1551 1243 114 51 col.)
1704 1242 171 50 tables,
1906 1244 171 41 forms.
2136 1243 119 46 30ᶜᵐ.

442 1299 211 41 Various
681 1298 221 49 pagings.

442 1357 101 41 The
572 1357 120 41 New
718 1356 288 42 Testament
1032 1355 92 42 has
1154 1356 185 49 special
1366 1357 98 48 t.-p.

381 1410 53 53 ©
463 1416 115 47 May
605 1414 71 49 22,
705 1413 113 42 1931;
878 1414 67 41 2c.
977 1416 116 46 May
1119 1414 57 41 27;
1234 1414 85 42 aff.
1349 1416 115 47 May
1493 1415 56 40 25;
1608 1416 41 39 A
1677 1415 147 43 38477;
1884 1416 130 41 John
2043 1417 53 40 A.
2129 1418 172 39 Hertel
2330 1429 67 30 co.

452 1468 69 54 [©
551 1482 107 31 new
686 1474 196 47 matter]
960 1470 283 50 (31-13978)

374 1538 745 65 Bosch Labr ú s, Luis C.
508 1617 1890 70 … Los almog á vares. Ilustraciones de Francisco de Cidón.
376 1699 336 69 Barcelona,
741 1697 291 55 Editorial
1062 1696 231 72 ibérica,
1320 1697 67 53 P.
1415 1697 209 71 Pugés,
1656 1700 150 52 1928.

445 1777 86 42 143
560 1788 43 39 p.
664 1778 173 48 plates.
898 1776 149 43 22½ᶜᵐ.

447 1835 58 40 In
536 1844 152 32 verse.

382 1889 1997 109 © Dec. 20, 1928; 1c. Sept. 25, 1929; A—Foreign 6311; L . C. Bosch-Labrús,
615 1951 285 41 Barcelona,
938 1949 163 49 Spain.
1173 1949 284 49 (31-13069)

375 2017 280 66 Bristow,
685 2016 202 66 Gwen,
918 2021 173 51 1903-

446 2098 123 52 The
600 2096 335 70 Gutenberg
963 2096 279 66 murders,
1273 2095 74 69 by
1379 2095 179 55 Gwen
1589 2095 252 54 Bristow
1873 2097 114 53 and
2017 2100 185 52 Bruce
375 2099 1993 146 Manning.

611 2175 139 54 New
790 2174 182 70 York,
1009 2176 123 51 The
1167 2174 264 69 Mystery
1468 2173 218 70 league,
1724 2173 127 70 inc.,
1892 2179 149 49 1931.

448 2257 88 42 286
563 2268 44 38 p.
668 2255 147 42 19½ᶜᵐ.

450 2315 163 40 “First
644 2312 229 43 edition.”

452 2370 318 49 Advertising
797 2372 208 38 matter:
1035 2380 43 38 p.
1109 2368 251 51 [277]-286.

384 2425 53 53 ©
467 2431 116 47 May
610 2428 70 48 22,
711 2427 113 41 1931;
884 2428 68 42 2c.
982 2428 95 39 and
1109 2427 82 40 aff.
1223 2428 115 46 May
1367 2426 58 41 29;
1483 2428 42 38 A
1552 2427 147 41 38515;
1759 2429 220 48 Mystery
2009 2430 186 48 league,
2226 2430 89 40 inc.

465 2486 282 50 (31-13709)

377 2555 236 65 Brown,
640 2554 272 64 Warren,
945 2557 171 50 1894-

448 2631 251 69 Rockne,
737 2631 75 71 by
850 2631 246 55 Warren
1138 2632 231 51 Brown.
1447 2628 272 70 Chicago,
1761 2629 193 71 Reilly
1995 2633 113 52 and
2149 2634 109 51 Lee
2299 2652 98 47 co.,

380 2715 151 51 1931.

450 2789 1083 52 234 p. incl. front. plates, ports. 22ᶜᵐ.
386 2847 53 54 ©
469 2853 114 47 May
613 2852 69 47 18,
712 2847 113 44 1931;
886 2850 67 40 2c.
982 2850 97 39 and
1108 2847 83 41 aff.
1222 2848 115 47 May
1367 2847 55 40 25;
1482 2847 40 40 A
1551 2847 146 42 38427;
1757 2847 161 50 Reilly
1948 2848 37 42 &
2015 2850 94 41 Lee
2139 2862 67 30 co.

465 2906 282 52 (31-13839)

377 2962 229 65 Butler,
639 2959 258 64 Samuel,
932 2963 330 51 1835-1902.

451 3040 315 62 Erewhon;
802 3056 80 52 or,
916 3038 155 55 Over
1102 3038 96 53 the
1232 3055 195 50 range,
1460 3036 76 71 by
1571 3036 231 57 Samuel
1837 3038 230 69 Butler;
379 3039 1995 135 introduction
531 3119 76 68 by

637 3119 76 52 H.
745 3117 78 54 M.
855 3114 353 70 Tomlinson,
1239 3112 386 57 illustrations
1653 3114 78 69 by
1760 3115 77 54 H.
1872 3116 239 55 Charles
379 3119 1992 132 Tomlinson.
573 3198 139 52 New
743 3196 180 64 York,
955 3193 275 57 Cheshire
1259 3193 190 67 house,
1483 3195 149 50 1931.

457 3274 1881 53 3 p. l., v-xxxiv p„ 1 l., 361 p., 1 l. illus. (music) col. plates. 25ᶜᵐ.
454 3336 102 40 “An
584 3334 186 41 edition
797 3334 52 40 of
878 3334 174 39 twelve
1082 3332 222 40 hundred
1336 3330 204 49 copies.”

387 3390 53 53 ©
471 3396 121 39 Mar.
620 3392 69 43 20.
718 3391 141 46 1931;
889 3390 68 41 2c.
985 3391 113 47 Apr.
1128 3390 51 44 6;
1211 3389 83 41 aff.
1325 3390 112 47 May
1467 3389 82 47 18;
1580 3390 39 38 A
1647 3390 173 47 38435;
1852 3390 236 43 Cheshire
2115 3392 164 45 house,
2311 3393 89 42 inc.

476 3447 55 52 [©
561 3448 349 50 introduction]
984 3446 282 49 (31-13701)

382 3506 253 63 Cailliet,
664 3502 208 55 Emile.

451 3576 1946 75 La prohibition de l’occulte, par Emile Cailliet … Paris,
380 3664 66 51 F.
476 3661 204 66 Alcan,
708 3662 152 51 1930.

453 3742 84 49 xii,
567 3742 88 40 206
683 3751 57 39 p.,
771 3740 26 40 1
849 3771 8 9 l.
920 3737 117 42 19ᶜᵐ.

452 3798 188 50 “Étude
674 3804 271 49 entreprise
980 3814 114 30 sous
1128 3804 70 39 les
1234 3800 225 50 auspices
1495 3801 60 42 de
1588 3802 49 41 la
1674 3801 276 43 Fondation
1986 3803 159 41 Adam
2183 3804 214 49 Seybert,

384 3866 58 39 de
476 3861 306 52 philosophie
816 3859 349 42 intellectuelle
1199 3860 49 39 et
1284 3857 200 48 morale,
1520 3856 29 41 à
1584 3856 319 41 l’Université
1937 3858 58 40 de
2032 3860 367 46 Pensylvanie.”

389 3913 2013 56 © Sept. 25, 1930; 1c. Jan. 23, 1931; A— Foreign 10669; Librairie Félix
451 3976 166 41 Alcan.
689 3972 283 46 (31-12987)
