2505 4370
1075 3984 133 57 1273

130 364 188 64 Allen,
343 362 194 64 Philip
564 360 304 65 Schuyler,
899 361 169 54 1871-

126 435 1970 152 Medieval Latin lyrics, by Philip Schuyler Allen … Chicago,
315 511 1453 74 Ill., The University of Chicago press [ ᶜ1 931]
197 600 65 47 ix,
290 599 83 41 341
401 609 45 38 p.
505 598 145 39 24½ᶜᵐ.

133 666 52 52 ©
217 671 115 47 July
364 671 39 47 7,
436 668 139 47 1981;
610 668 67 41 2c.
709 669 95 39 and
837 666 81 41 aff.
951 667 120 48 Aug.
1102 666 83 46 28;
1220 665 41 39 A
1292 664 170 48 42060;
1500 664 282 48 University
1816 664 53 39 of
1901 663 224 46 Chicago,

203 726 222 47 Chicago.
496 725 279 48 (31-22424)

130 817 243 66 Allison,
402 818 341 63 Nathaniel,
775 819 170 54 1876-

195 892 305 70 Diagnosis
531 896 59 51 in
622 894 147 67 joint
800 893 239 67 disease;
1072 913 30 32 a
1136 892 224 54 clinical
1393 892 107 53 and
1538 890 382 69 pathological
1954 890 169 70 study

125 967 1999 73 of arthritis, by Nathaniel Allison … and Ralph K. Ghormley
187 1048 1392 69 … New York, W. Wood and company, 1931.
195 1128 65 47 xi,
287 1128 86 41 196
399 1139 45 38 p.
471 1128 110 41 incl.
607 1129 142 47 illus.,
777 1129 171 47 plates,
1004 1129 87 39 col.
1118 1128 164 47 front.,
1313 1129 85 39 col.
1429 1129 171 47 plates.
1656 1128 116 40 31ᶜᵐ.

199 1186 171 39 “From
403 1186 82 39 the
520 1184 299 48 Orthopedic
844 1184 184 41 service
1062 1184 52 41 of
1145 1185 81 39 the
1263 1185 386 39 Massachusetts
1683 1186 196 46 general
1913 1183 210 47 hospital

127 1242 95 40 and
247 1243 81 39 the
356 1242 230 39 Harvard
611 1241 205 40 medical
841 1242 162 39 school
1038 1240 311 49 (1924-1930)
1410 1241 222 40 Assisted
1659 1242 60 46 by
1747 1243 81 38 the
1856 1243 70 38 De
1954 1242 173 39 Leniar

128 1298 176 41 Mobile
334 1300 226 39 research
589 1298 167 41 fund.”

198 1356 225 39 Includes
454 1353 392 49 bibliographies.

137 1425 51 52 ©
219 1430 117 47 July
363 1428 73 48 24,
466 1427 141 44 1931;
639 1427 65 40 2c.
737 1428 120 47 Aug.
888 1428 55 38 24;
1004 1427 80 38 aff.
1118 1427 120 46 Aug.
1269 1426 83 47 22;
1385 1427 42 38 A
1457 1427 171 47 41194;
1665 1428 215 40 William
1912 1429 151 39 Wood
2096 1428 35 40 &

204 1496 66 30 co.
342 1485 279 49 (31-22553)

132 1580 316 53 American
479 1578 278 54 institute
787 1579 63 53 of
876 1578 282 64 banking.

196 1654 167 52 Bank
397 1659 411 64 management.
883 1654 136 53 New
1059 1654 161 53 York
1257 1654 131 70 city,
1427 1654 303 53 American
1768 1656 259 53 institute
2067 1655 63 53 of

125 1732 255 69 banking
410 1736 173 66 [1931]

198 1815 86 41 544
309 1826 43 38 p.
381 1815 109 41 incl.
516 1815 141 47 illus.,
685 1815 191 47 diagrs.,
902 1816 167 40 forms.
1128 1814 147 42 22½ᶜᵐ.

201 1871 226 41 Lettered
454 1882 59 30 on
539 1881 167 31 cover:
739 1871 225 48 Banking
1056 1903 9 9 III.

203 1927 160 42 “First
387 1927 218 49 printing
629 1929 190 46 August
844 1926 156 42 1931.”

139 1995 52 52 ©
222 2000 119 47 Aug.
373 1998 70 48 20,
475 1997 141 48 1931;
647 1997 67 41 2c.
747 1999 96 38 and
874 1997 82 41 aff.
987 1998 117 47 Aug.
1138 1997 83 49 21;
1256 1998 41 39 A
1327 1999 172 46 41143;
1534 1999 256 41 American
1825 2001 225 41 institute
2083 2002 52 39 of

206 2056 227 47 banking.
504 2054 277 49 (31-22251)

135 2150 317 54 American
482 2150 111 52 law
623 2152 234 61 reports
885 2150 343 53 annotated.

207 2228 1928 71 Cumulative index … vols. 70-73. Combining cases and
137 2307 380 57 annotations,
553 2307 116 53 also
706 2307 418 67 supplemental
1160 2306 276 54 decisions
1473 2307 94 53 for
1601 2307 70 51 A.
1708 2307 63 53 L.
1809 2308 68 52 R.
1913 2307 60 52 in
138 2327 1974 110 continuation

456 2385 63 51 of
546 2385 95 51 the
671 2384 144 52 Blue
844 2383 146 54 book
1019 2383 64 53 of
1116 2387 133 49 1929
1281 2386 112 51 and
1423 2384 73 53 its
1527 2385 291 68 appendix
1850 2387 93 52 for
1973 2405 163 51 years

140 2465 132 50 1929
311 2464 113 52 and
465 2465 148 49 1930.
689 2462 323 65 Rochester,
1051 2462 69 52 N.
1162 2462 91 65 Y.,
1291 2463 119 53 The
1449 2464 269 67 Lawyers
1755 2465 382 66 co-operative

138 2540 335 69 publishing
500 2557 306 50 company;
836 2539 340 69 Northport,
1202 2540 66 50 L.
1295 2539 66 58 I.,
1389 2540 68 51 N.
1487 2540 91 68 Y.,
1605 2541 253 54 Edward
140 2543 1972 127 Thompson

275 2636 307 49 company:
625 2617 113 54 San
777 2617 322 68 Francisco,
1138 2616 194 70 Calif.,
1371 2617 587 73 Bancroft-Whitney
139 2638 1975 126 company,
341 2698 148 49 1931.

209 2775 97 47 251,
338 2774 57 41 96
421 2784 42 40 p.
524 2775 113 39 24ᶜᵐ.

145 2828 52 53 ©
227 2833 119 48 Aug.
377 2831 70 49 11,
477 2830 138 49 1931;
648 2831 68 41 2c.
746 2831 119 49 Aug.
897 2831 83 47 15;
1014 2830 81 43 aff.
1125 2831 120 49 Aug.
1278 2832 82 47 14;
1394 2832 41 40 A
1465 2831 172 50 41059;
1672 2833 228 50 Lawyers
214 2846 1908 84 co-operative

367 2889 109 48 pub.
503 2900 81 37 co.,
611 2890 210 39 Edward
846 2888 275 48 Thompson
1146 2900 81 36 co.,
1256 2890 488 48 Bancroft-Whitney
1771 2903 66 30 co.

140 2983 317 54 American
488 2982 366 64 sociological
883 2982 243 64 society.

215 3063 186 55 Social
436 3061 251 67 conflict;
725 3080 207 49 papers
963 3063 299 66 presented
1297 3068 56 47 at
1387 3064 96 52 the
1515 3064 379 70 twenty-fifth
1929 3070 211 50 annual

141 3141 248 68 meeting
411 3140 65 51 of
498 3140 95 52 the
614 3139 305 53 American
942 3139 360 68 sociological
1326 3142 227 69 society,
1575 3143 132 53 held
1731 3148 59 47 at
1813 3143 328 69 Cleveland,

144 3218 168 64 Ohio,
340 3216 308 53 December
677 3219 187 64 29-31,
895 3219 149 49 1930.
1122 3216 269 70 Chicago,
1420 3218 111 67 Ill.,
1562 3220 120 53 The
1712 3221 336 71 University
2078 3225 64 51 of

145 3296 251 67 Chicago
429 3313 154 49 press
620 3296 193 64 [ᶜ1931]

216 3374 81 48 vii,
326 3375 88 40 258
437 3384 43 38 p.
545 3373 168 46 tables,
743 3373 178 47 diagrs.
982 3372 115 41 24ᶜᵐ.
1171 3374 123 47 (The
1323 3375 257 41 American
1610 3378 304 49 sociological
1946 3381 194 41 societv.

144 3444 42 29 V.
217 3432 80 47 25)

150 3485 52 52 ©
235 3488 115 47 May
379 3487 69 48 18,
481 3485 140 48 1931;
655 3485 66 39 2c.
756 3486 126 39 June
912 3484 26 40 9
956 3496 9 34 ;
1000 3486 81 41 aff.
1115 3487 129 39 June
1275 3488 52 46 8;
1363 3488 40 39 A
1435 3489 170 48 38647;
1641 3490 159 42 Amer.
1835 3493 306 47 sociological

218 3544 195 48 society,
449 3543 222 43 Chicago.

146 3637 173 53 B.-M.
349 3652 135 37 co.'s
514 3636 343 54 cumulative
882 3644 226 46 current
1136 3638 135 53 code
1300 3641 380 69 annotations,
1708 3642 245 71 keeping
1981 3665 75 49 up
2085 3651 58 49 to

217 3716 129 51 date
383 3713 196 54 Kerr’s
617 3714 323 68 cyclopedic
977 3714 325 54 California
1341 3717 178 65 codes,
1557 3718 321 70 Henning’s
1915 3726 229 65 general

218 3794 154 52 laws,
419 3792 158 53 third
846 3833 10 24 edition,
903 3793 112 51 and
1060 3792 117 52 also
1225 3794 135 51 code
1405 3812 150 36 cases
1602 3796 152 53 from
1800 3798 184 54 Idaho
2031 3805 112 51 and

219 3868 1924 68 Montana [1930] … bringing decisions down to 81 Cal. dec.
