<alto xmlns="http://www.loc.gov/standards/alto/ns-v3#" xmlns:xlink="http://www.w3.org/1999/xlink" xmlns:xsi="http://www.w3.org/2001/XMLSchema-instance" xsi:schemaLocation="http://www.loc.gov/standards/alto/ns-v3# http://www.loc.gov/alto/v3/alto-3-0.xsd"><Description>
<MeasurementUnit>pixel</MeasurementUnit>
<sourceImageInformation>
<fileName>1931_v28_Part001.pdf</fileName>
</sourceImageInformation>
<OCRProcessing ID="IdOcr">
<ocrProcessingStep>
<processingDateTime>2019-04-22</processingDateTime>
<processingSoftware>
<softwareCreator>ABBYY</softwareCreator>
<softwareName>ABBYY Recognition Server</softwareName>
<softwareVersion>4.0</softwareVersion>
</processingSoftware>
</ocrProcessingStep>
</OCRProcessing>
</Description>
<Styles>
<ParagraphStyle ID="StyleId-FFFFFFFF-FFFF-FFFF-FFFF-FFFFFFFFFFFF-" ALIGN="Left" LEFT="0." RIGHT="0." FIRSTLINE="0."/>
<ParagraphStyle ID="StyleId-204B5AEB-67A1-44E2-A013-34B3A0F3E0EA-" ALIGN="Right" LEFT="0." RIGHT="0." FIRSTLINE="0." LINESPACE="8.300000191"/>
<ParagraphStyle ID="StyleId-03245871-796C-4429-B3C7-F9019C8C5B89-" ALIGN="Left" LEFT="0." RIGHT="0." FIRSTLINE="0." LINESPACE="12.19999981"/>
<ParagraphStyle ID="StyleId-BDCA8811-25FF-44DB-8D6F-2072A4ABC070-" ALIGN="Center" LEFT="0." RIGHT="0." FIRSTLINE="0." LINESPACE="12.19999981"/>
<ParagraphStyle ID="StyleId-2C5B7DF0-AF87-455E-B9A8-6FE387CB59BD-" ALIGN="Left" LEFT="0." RIGHT="0." FIRSTLINE="-13." LINESPACE="8.479999542"/>
<ParagraphStyle ID="StyleId-9FB72FA1-55D5-4161-8333-823D5732F4D0-" ALIGN="Block" LEFT="0." RIGHT="0." FIRSTLINE="-14." LINESPACE="10."/>
<ParagraphStyle ID="StyleId-212AEB8C-A829-4BF1-8E45-5BFE386A469C-" ALIGN="Block" LEFT="0." RIGHT="0." FIRSTLINE="-14." LINESPACE="11.35000038"/>
<ParagraphStyle ID="StyleId-4EC79CC1-EA62-49CE-ABB6-D84DDFCF4C7D-" ALIGN="Block" LEFT="0." RIGHT="0." FIRSTLINE="-10." LINESPACE="12.19999981"/>
<ParagraphStyle ID="StyleId-DAF2E8EE-6444-4951-9284-36A6C020C887-" ALIGN="Left" LEFT="0." RIGHT="0." FIRSTLINE="0." LINESPACE="9.399999619"/>
<ParagraphStyle ID="StyleId-25241749-1672-4977-B19F-38F59800D6D8-" ALIGN="Left" LEFT="0." RIGHT="0." FIRSTLINE="0." LINESPACE="11.10000038"/>
<ParagraphStyle ID="StyleId-8C523E19-EDEF-4F23-B010-536E1A1AAE1A-" ALIGN="Left" LEFT="0." RIGHT="0." FIRSTLINE="-13." LINESPACE="12.19999981"/>
<ParagraphStyle ID="StyleId-A1F9DE9E-2625-4D8B-AD7E-F0A0034C2989-" ALIGN="Block" LEFT="0." RIGHT="0." FIRSTLINE="0." LINESPACE="12.19999981"/>
<ParagraphStyle ID="StyleId-5725BB01-2B1C-440F-BAF2-696C4F4DF162-" ALIGN="Block" LEFT="0." RIGHT="0." FIRSTLINE="13." LINESPACE="12.19999981"/>
<ParagraphStyle ID="StyleId-F10A2092-61AA-44FD-99C2-123B3A8051CF-" ALIGN="Left" LEFT="0." RIGHT="0." FIRSTLINE="0." LINESPACE="5.5"/>
<ParagraphStyle ID="StyleId-B3CDC8CC-D2E1-4A23-B67C-CDD40993D1DD-" ALIGN="Left" LEFT="0." RIGHT="0." FIRSTLINE="0." LINESPACE="10."/>
<ParagraphStyle ID="StyleId-871EBF53-D909-4C8F-B368-AC7D897344DD-" ALIGN="Left" LEFT="0." RIGHT="0." FIRSTLINE="0."/>
<ParagraphStyle ID="StyleId-C4129744-680B-4878-B2C4-44BA3742C8D7-" ALIGN="Block" LEFT="0." RIGHT="0." FIRSTLINE="-14." LINESPACE="11.35000038"/>
<ParagraphStyle ID="StyleId-9CE98075-0B04-43D4-88D8-CE3BAB51B419-" ALIGN="Block" LEFT="0." RIGHT="0." FIRSTLINE="-10." LINESPACE="12.19999981"/>
<ParagraphStyle ID="StyleId-B2CFB7B3-DFFA-4E0E-94D6-C2BCE88DA9A9-" ALIGN="Left" LEFT="0." RIGHT="0." FIRSTLINE="0." LINESPACE="12.5"/>
<ParagraphStyle ID="StyleId-8D3352F3-1084-4DDE-A35D-B97102CCE686-" ALIGN="Left" LEFT="0." RIGHT="0." FIRSTLINE="0." LINESPACE="11.60000038"/>
<ParagraphStyle ID="StyleId-4A8DDA0D-166D-4E22-A597-BA51B892602D-" ALIGN="Block" LEFT="0." RIGHT="0." FIRSTLINE="0." LINESPACE="11.21000004"/>
<ParagraphStyle ID="StyleId-90EA4001-AA3C-45A1-AEDC-D1E1169EE5E5-" ALIGN="Block" LEFT="0." RIGHT="0." FIRSTLINE="13." LINESPACE="12.19999981"/>
</Styles>
<Layout>
<Page ID="Page1407" PHYSICAL_IMG_NR="1407" HEIGHT="4370" WIDTH="2505">
<TopMargin HEIGHT="384" WIDTH="2505" VPOS="0" HPOS="0">
</TopMargin>
<LeftMargin HEIGHT="3674" WIDTH="90" VPOS="384" HPOS="0">
</LeftMargin>
<RightMargin HEIGHT="3674" WIDTH="379" VPOS="384" HPOS="2126">
</RightMargin>
<BottomMargin HEIGHT="312" WIDTH="2505" VPOS="4058" HPOS="0">
</BottomMargin>
<PrintSpace HEIGHT="3674" WIDTH="2036" VPOS="384" HPOS="90">
<TextBlock ID="Page1407_Block1" HEIGHT="72" WIDTH="152" VPOS="3986" HPOS="1044" LANG="en-US" STYLEREFS="StyleId-F052520A-E566-4A69-B262-E3C986A67F19-">
<TextLine HEIGHT="53" WIDTH="131" VPOS="3996" HPOS="1055">
<String CONTENT="1407" HEIGHT="53" WIDTH="131" VPOS="3996" HPOS="1055"/>
</TextLine>
</TextBlock>
<TextBlock ID="Page1407_Block2" HEIGHT="3610" WIDTH="2036" VPOS="384" HPOS="90" LANG="en-US" CS="1" STYLEREFS="StyleId-F7CB51C7-D5D6-4C4E-95B6-3EB275641308-">
<TextLine HEIGHT="51" WIDTH="374" VPOS="475" HPOS="172" CS="1">
<String CONTENT="111," HEIGHT="49" WIDTH="99" VPOS="476" HPOS="172"/>
<SP HEIGHT="30" WIDTH="29" VPOS="496" HPOS="272"/>
<String CONTENT="[1]" HEIGHT="50" WIDTH="53" VPOS="476" HPOS="302"/>
<SP HEIGHT="38" WIDTH="27" VPOS="487" HPOS="356"/>
<String CONTENT="p." HEIGHT="37" WIDTH="44" VPOS="487" HPOS="384"/>
<SP HEIGHT="42" WIDTH="60" VPOS="475" HPOS="429"/>
<String CS="1" CONTENT="23&#189;&#7580;&#7504;." HEIGHT="41" WIDTH="56" VPOS="475" HPOS="490"/>
</TextLine>
<TextLine HEIGHT="56" WIDTH="1991" VPOS="527" HPOS="110" CS="1">
<String CONTENT="&#169;" HEIGHT="49" WIDTH="50" VPOS="530" HPOS="110"/>
<SP HEIGHT="49" WIDTH="29" VPOS="530" HPOS="161"/>
<String CONTENT="Sept." HEIGHT="48" WIDTH="125" VPOS="535" HPOS="191"/>
<SP HEIGHT="41" WIDTH="25" VPOS="534" HPOS="317"/>
<String CONTENT="2," HEIGHT="42" WIDTH="39" VPOS="534" HPOS="343"/>
<SP HEIGHT="42" WIDTH="25" VPOS="534" HPOS="383"/>
<String CONTENT="1930;" HEIGHT="45" WIDTH="140" VPOS="532" HPOS="409"/>
<SP/>
<String CS="1" CONTENT="1c."/>
<SP/>
<String CONTENT="Feb." HEIGHT="39" WIDTH="108" VPOS="533" HPOS="671"/>
<SP HEIGHT="38" WIDTH="27" VPOS="533" HPOS="780"/>
<String CONTENT="13," HEIGHT="47" WIDTH="69" VPOS="532" HPOS="808"/>
<SP HEIGHT="47" WIDTH="26" VPOS="532" HPOS="878"/>
<String CONTENT="1931;" HEIGHT="48" WIDTH="140" VPOS="530" HPOS="905"/>
<SP HEIGHT="47" WIDTH="28" VPOS="531" HPOS="1046"/>
<!-- cceid EF92D39E-6E8D-1014-9CF5-AEB3FCA41D69 --><String CONTENT="A&#8212;Foreign" HEIGHT="49" WIDTH="308" VPOS="529" HPOS="1075"/>
<SP HEIGHT="37" WIDTH="27" VPOS="531" HPOS="1384"/>
<String CONTENT="11614;" HEIGHT="47" WIDTH="169" VPOS="530" HPOS="1412"/>
<SP HEIGHT="47" WIDTH="28" VPOS="530" HPOS="1582"/>
<String CONTENT="Neue" HEIGHT="38" WIDTH="133" VPOS="530" HPOS="1611"/>
<SP HEIGHT="37" WIDTH="26" VPOS="539" HPOS="1745"/>
<String CONTENT="geist" HEIGHT="49" WIDTH="121" VPOS="527" HPOS="1772"/>
<SP HEIGHT="36" WIDTH="26" VPOS="532" HPOS="1894"/>
<String CONTENT="verlag." HEIGHT="49" WIDTH="180" VPOS="527" HPOS="1921"/>
</TextLine>
<TextLine HEIGHT="50" WIDTH="281" VPOS="590" HPOS="187">
<String CONTENT="(31-23922)" HEIGHT="50" WIDTH="281" VPOS="590" HPOS="187"/>
</TextLine>
<TextLine HEIGHT="66" WIDTH="969" VPOS="667" HPOS="106" STYLEREFS="StyleId-67116FFE-0FE1-4FDC-98F6-F20BC7DBB06D-">
<String CONTENT="Hoover," HEIGHT="62" WIDTH="250" VPOS="671" HPOS="106"/>
<SP HEIGHT="62" WIDTH="27" VPOS="671" HPOS="357"/>
<String CONTENT="Harvey" HEIGHT="62" WIDTH="242" VPOS="671" HPOS="385"/>
<SP HEIGHT="63" WIDTH="26" VPOS="670" HPOS="628"/>
<String CONTENT="Edgar," HEIGHT="65" WIDTH="217" VPOS="667" HPOS="655"/>
<SP HEIGHT="58" WIDTH="30" VPOS="674" HPOS="873"/>
<String CONTENT="1863-" HEIGHT="50" WIDTH="171" VPOS="673" HPOS="904"/>
</TextLine>
<TextLine HEIGHT="148" WIDTH="1972" VPOS="741" HPOS="100" STYLEREFS="StyleId-67116FFE-0FE1-4FDC-98F6-F20BC7DBB06D-" CS="1">
<String CONTENT="The" HEIGHT="53" WIDTH="122" VPOS="745" HPOS="169"/>
<SP HEIGHT="52" WIDTH="31" VPOS="745" HPOS="292"/>
<String CONTENT="lay" HEIGHT="69" WIDTH="95" VPOS="745" HPOS="324"/>
<SP HEIGHT="53" WIDTH="35" VPOS="761" HPOS="420"/>
<String CONTENT="of" HEIGHT="53" WIDTH="64" VPOS="744" HPOS="456"/>
<SP HEIGHT="53" WIDTH="32" VPOS="744" HPOS="521"/>
<String CONTENT="the" HEIGHT="53" WIDTH="97" VPOS="744" HPOS="554"/>
<SP HEIGHT="55" WIDTH="32" VPOS="742" HPOS="652"/>
<String CONTENT="law," HEIGHT="71" WIDTH="127" VPOS="742" HPOS="685"/>
<SP HEIGHT="51" WIDTH="36" VPOS="762" HPOS="813"/>
<String CONTENT="a" HEIGHT="33" WIDTH="31" VPOS="762" HPOS="850"/>
<SP HEIGHT="50" WIDTH="33" VPOS="761" HPOS="882"/>
<String CONTENT="parody," HEIGHT="71" WIDTH="238" VPOS="743" HPOS="916"/>
<SP HEIGHT="72" WIDTH="31" VPOS="741" HPOS="1155"/>
<String CONTENT="by" HEIGHT="70" WIDTH="76" VPOS="741" HPOS="1187"/>
<SP HEIGHT="68" WIDTH="36" VPOS="743" HPOS="1264"/>
<String LANG="la" CONTENT="H." HEIGHT="53" WIDTH="76" VPOS="743" HPOS="1301"/>
<SP HEIGHT="54" WIDTH="38" VPOS="742" HPOS="1378"/>
<String CONTENT="E." HEIGHT="53" WIDTH="67" VPOS="742" HPOS="1417"/>
<SP HEIGHT="54" WIDTH="37" VPOS="741" HPOS="1485"/>
<String CONTENT="Hoover" HEIGHT="53" WIDTH="229" VPOS="741" HPOS="1523"/>
<SP HEIGHT="35" WIDTH="41" VPOS="761" HPOS="1753"/>
<String CS="1" CONTENT="&#8230;"/>
<SP HEIGHT="53" WIDTH="74" VPOS="742" HPOS="1852"/>
<String CONTENT="Amarillo," HEIGHT="147" WIDTH="1972" VPOS="742" HPOS="100"/>
</TextLine>
<TextLine HEIGHT="71" WIDTH="1444" VPOS="818" HPOS="275" STYLEREFS="StyleId-67116FFE-0FE1-4FDC-98F6-F20BC7DBB06D-" CS="1">
<String CONTENT="Tex.," HEIGHT="66" WIDTH="156" VPOS="823" HPOS="275"/>
<SP HEIGHT="67" WIDTH="26" VPOS="822" HPOS="432"/>
<String CONTENT="Printed" HEIGHT="55" WIDTH="239" VPOS="819" HPOS="459"/>
<SP HEIGHT="54" WIDTH="27" VPOS="819" HPOS="699"/>
<String CONTENT="by" HEIGHT="68" WIDTH="73" VPOS="820" HPOS="727"/>
<SP HEIGHT="70" WIDTH="26" VPOS="818" HPOS="801"/>
<String CONTENT="Russell" HEIGHT="55" WIDTH="225" VPOS="818" HPOS="828"/>
<SP HEIGHT="51" WIDTH="25" VPOS="821" HPOS="1054"/>
<String CONTENT="stationery" HEIGHT="68" WIDTH="311" VPOS="820" HPOS="1080"/>
<SP HEIGHT="51" WIDTH="29" VPOS="837" HPOS="1392"/>
<String CONTENT="co.," HEIGHT="49" WIDTH="98" VPOS="837" HPOS="1422"/>
<SP HEIGHT="60" WIDTH="25" VPOS="826" HPOS="1521"/>
<String STYLE="superscript" CS="1" CONTENT="&#7580;1"/>
<String CONTENT="931." HEIGHT="48" WIDTH="116" VPOS="822" HPOS="1603"/>
</TextLine>
<TextLine HEIGHT="51" WIDTH="270" VPOS="904" HPOS="173" CS="1">
<String CONTENT="[46]" HEIGHT="51" WIDTH="83" VPOS="904" HPOS="173"/>
<SP HEIGHT="39" WIDTH="26" VPOS="916" HPOS="257"/>
<String CONTENT="p." HEIGHT="37" WIDTH="43" VPOS="916" HPOS="284"/>
<SP HEIGHT="41" WIDTH="58" VPOS="905" HPOS="328"/>
<String CS="1" CONTENT="22&#189;&#7580;&#7504;." HEIGHT="39" WIDTH="56" VPOS="905" HPOS="387"/>
</TextLine>
<TextLine HEIGHT="41" WIDTH="234" VPOS="961" HPOS="170">
<String CONTENT="In" HEIGHT="40" WIDTH="57" VPOS="961" HPOS="170"/>
<SP HEIGHT="30" WIDTH="26" VPOS="971" HPOS="228"/>
<String CONTENT="verse." HEIGHT="32" WIDTH="149" VPOS="970" HPOS="255"/>
</TextLine>
<TextLine HEIGHT="53" WIDTH="1991" VPOS="1013" HPOS="113" CS="1">
<String CONTENT="&#169;" HEIGHT="51" WIDTH="51" VPOS="1015" HPOS="113"/>
<SP HEIGHT="51" WIDTH="23" VPOS="1015" HPOS="165"/>
<String CS="1" CONTENT="July"/>
<SP HEIGHT="40" WIDTH="23" VPOS="1017" HPOS="305"/>
<String CONTENT="28," HEIGHT="47" WIDTH="69" VPOS="1017" HPOS="329"/>
<SP HEIGHT="46" WIDTH="25" VPOS="1018" HPOS="399"/>
<String CONTENT="1931;" HEIGHT="46" WIDTH="140" VPOS="1016" HPOS="425"/>
<SP HEIGHT="48" WIDTH="24" VPOS="1014" HPOS="566"/>
<String CONTENT="2c." HEIGHT="42" WIDTH="67" VPOS="1014" HPOS="591"/>
<SP HEIGHT="29" WIDTH="25" VPOS="1027" HPOS="659"/>
<String CONTENT="and" HEIGHT="37" WIDTH="93" VPOS="1018" HPOS="685"/>
<SP HEIGHT="37" WIDTH="25" VPOS="1018" HPOS="779"/>
<String CONTENT="aff." HEIGHT="42" WIDTH="82" VPOS="1014" HPOS="805"/>
<SP HEIGHT="41" WIDTH="24" VPOS="1015" HPOS="888"/>
<String CONTENT="Aug." HEIGHT="47" WIDTH="117" VPOS="1015" HPOS="913"/>
<SP HEIGHT="37" WIDTH="26" VPOS="1016" HPOS="1031"/>
<String CONTENT="10;" HEIGHT="47" WIDTH="81" VPOS="1014" HPOS="1058"/>
<SP HEIGHT="45" WIDTH="27" VPOS="1016" HPOS="1140"/>
<!-- cceid EF9322A3-6E8D-1014-9CF5-AEB3FCA41D69 --><String CONTENT="A" HEIGHT="37" WIDTH="40" VPOS="1016" HPOS="1168"/>
<SP HEIGHT="40" WIDTH="23" VPOS="1015" HPOS="1209"/>
<String CONTENT="39969;" HEIGHT="48" WIDTH="172" VPOS="1013" HPOS="1233"/>
<SP HEIGHT="46" WIDTH="27" VPOS="1015" HPOS="1406"/>
<String LANG="la" CONTENT="H." HEIGHT="40" WIDTH="61" VPOS="1015" HPOS="1434"/>
<SP HEIGHT="39" WIDTH="25" VPOS="1016" HPOS="1496"/>
<String CONTENT="E." HEIGHT="37" WIDTH="52" VPOS="1016" HPOS="1522"/>
<SP HEIGHT="38" WIDTH="26" VPOS="1015" HPOS="1575"/>
<String CONTENT="Hoover," HEIGHT="46" WIDTH="206" VPOS="1015" HPOS="1602"/>
<SP HEIGHT="47" WIDTH="28" VPOS="1014" HPOS="1809"/>
<String CONTENT="Canadian." HEIGHT="40" WIDTH="266" VPOS="1014" HPOS="1838"/>
</TextLine>
<TextLine HEIGHT="49" WIDTH="463" VPOS="1072" HPOS="179">
<String CONTENT="Tex." HEIGHT="39" WIDTH="113" VPOS="1075" HPOS="179"/>
<SP HEIGHT="46" WIDTH="69" VPOS="1075" HPOS="293"/>
<String CONTENT="(31-23795)" HEIGHT="49" WIDTH="279" VPOS="1072" HPOS="363"/>
</TextLine>
<TextLine HEIGHT="69" WIDTH="913" VPOS="1154" HPOS="107" STYLEREFS="StyleId-E0B33E31-6473-44C4-9E4A-837F371C39D2-">
<String CONTENT="Illinois." HEIGHT="53" WIDTH="239" VPOS="1154" HPOS="107"/>
<SP HEIGHT="50" WIDTH="73" VPOS="1156" HPOS="347"/>
<String CONTENT="Laws," HEIGHT="66" WIDTH="184" VPOS="1156" HPOS="421"/>
<SP HEIGHT="47" WIDTH="26" VPOS="1175" HPOS="606"/>
<String CONTENT="statutes," HEIGHT="62" WIDTH="256" VPOS="1161" HPOS="633"/>
<SP HEIGHT="50" WIDTH="29" VPOS="1173" HPOS="890"/>
<String CONTENT="etc." HEIGHT="47" WIDTH="100" VPOS="1160" HPOS="920"/>
</TextLine>
<TextLine HEIGHT="133" WIDTH="1970" VPOS="1228" HPOS="106" STYLEREFS="StyleId-67116FFE-0FE1-4FDC-98F6-F20BC7DBB06D-" CS="1">
<String CONTENT="Revised" HEIGHT="56" WIDTH="245" VPOS="1228" HPOS="175"/>
<SP HEIGHT="51" WIDTH="31" VPOS="1233" HPOS="421"/>
<String CONTENT="statutes" HEIGHT="49" WIDTH="238" VPOS="1234" HPOS="453"/>
<SP HEIGHT="34" WIDTH="31" VPOS="1248" HPOS="692"/>
<String CONTENT="of" HEIGHT="53" WIDTH="65" VPOS="1229" HPOS="724"/>
<SP HEIGHT="52" WIDTH="28" VPOS="1229" HPOS="790"/>
<String CONTENT="the" HEIGHT="51" WIDTH="97" VPOS="1230" HPOS="819"/>
<SP HEIGHT="33" WIDTH="30" VPOS="1248" HPOS="917"/>
<String CONTENT="state" HEIGHT="47" WIDTH="144" VPOS="1234" HPOS="948"/>
<SP HEIGHT="34" WIDTH="30" VPOS="1247" HPOS="1093"/>
<String CONTENT="of" HEIGHT="53" WIDTH="65" VPOS="1228" HPOS="1124"/>
<SP HEIGHT="53" WIDTH="29" VPOS="1228" HPOS="1190"/>
<String CONTENT="Illinois," HEIGHT="67" WIDTH="246" VPOS="1228" HPOS="1220"/>
<SP HEIGHT="48" WIDTH="33" VPOS="1247" HPOS="1467"/>
<String CONTENT="embracing" HEIGHT="70" WIDTH="326" VPOS="1228" HPOS="1501"/>
<SP HEIGHT="50" WIDTH="31" VPOS="1248" HPOS="1828"/>
<String CONTENT="all" HEIGHT="52" WIDTH="78" VPOS="1228" HPOS="1860"/>
<SP HEIGHT="69" WIDTH="31" VPOS="1228" HPOS="1939"/>
<String CONTENT="general" HEIGHT="115" WIDTH="1970" VPOS="1246" HPOS="106"/>
</TextLine>
<TextLine HEIGHT="148" WIDTH="1973" VPOS="1304" HPOS="106" STYLEREFS="StyleId-67116FFE-0FE1-4FDC-98F6-F20BC7DBB06D-" CS="1">
<String CONTENT="laws" HEIGHT="52" WIDTH="138" VPOS="1308" HPOS="251"/>
<SP HEIGHT="34" WIDTH="27" VPOS="1326" HPOS="390"/>
<String CONTENT="of" HEIGHT="52" WIDTH="66" VPOS="1309" HPOS="418"/>
<SP HEIGHT="52" WIDTH="26" VPOS="1309" HPOS="485"/>
<String CONTENT="the" HEIGHT="54" WIDTH="94" VPOS="1307" HPOS="512"/>
<SP HEIGHT="34" WIDTH="27" VPOS="1326" HPOS="607"/>
<String CONTENT="state" HEIGHT="48" WIDTH="144" VPOS="1311" HPOS="635"/>
<SP HEIGHT="34" WIDTH="28" VPOS="1324" HPOS="780"/>
<String CONTENT="of" HEIGHT="52" WIDTH="65" VPOS="1306" HPOS="809"/>
<SP HEIGHT="53" WIDTH="26" VPOS="1306" HPOS="875"/>
<String CONTENT="Illinois" HEIGHT="55" WIDTH="227" VPOS="1304" HPOS="902"/>
<SP HEIGHT="54" WIDTH="27" VPOS="1305" HPOS="1130"/>
<String CONTENT="in" HEIGHT="53" WIDTH="60" VPOS="1305" HPOS="1158"/>
<SP HEIGHT="53" WIDTH="30" VPOS="1305" HPOS="1219"/>
<String CONTENT="force" HEIGHT="53" WIDTH="156" VPOS="1305" HPOS="1250"/>
<SP HEIGHT="52" WIDTH="27" VPOS="1307" HPOS="1407"/>
<String CONTENT="August" HEIGHT="67" WIDTH="228" VPOS="1307" HPOS="1435"/>
<SP HEIGHT="49" WIDTH="31" VPOS="1310" HPOS="1664"/>
<String CONTENT="1," HEIGHT="63" WIDTH="46" VPOS="1310" HPOS="1696"/>
<SP HEIGHT="62" WIDTH="32" VPOS="1311" HPOS="1743"/>
<String CONTENT="1931," HEIGHT="61" WIDTH="150" VPOS="1309" HPOS="1776"/>
<SP HEIGHT="46" WIDTH="29" VPOS="1324" HPOS="1927"/>
<String CONTENT="compiled" HEIGHT="128" WIDTH="1973" VPOS="1324" HPOS="106"/>
<SP HEIGHT="53" WIDTH="46" VPOS="1386" HPOS="262"/>
<String CONTENT="and" HEIGHT="51" WIDTH="113" VPOS="1386" HPOS="309"/>
</TextLine>
<TextLine HEIGHT="70" WIDTH="1632" VPOS="1382" HPOS="471" STYLEREFS="StyleId-67116FFE-0FE1-4FDC-98F6-F20BC7DBB06D-">
<String CONTENT="edited" HEIGHT="53" WIDTH="188" VPOS="1384" HPOS="471"/>
<SP HEIGHT="52" WIDTH="43" VPOS="1385" HPOS="660"/>
<String CONTENT="by" HEIGHT="67" WIDTH="74" VPOS="1385" HPOS="704"/>
<SP HEIGHT="66" WIDTH="46" VPOS="1386" HPOS="779"/>
<String CONTENT="James" HEIGHT="53" WIDTH="194" VPOS="1386" HPOS="826"/>
<SP HEIGHT="55" WIDTH="47" VPOS="1384" HPOS="1021"/>
<String CONTENT="C." HEIGHT="55" WIDTH="63" VPOS="1384" HPOS="1069"/>
<SP HEIGHT="55" WIDTH="50" VPOS="1383" HPOS="1133"/>
<String CONTENT="Cahill." HEIGHT="56" WIDTH="208" VPOS="1382" HPOS="1184"/>
<SP HEIGHT="49" WIDTH="93" VPOS="1387" HPOS="1393"/>
<String CONTENT="1931" HEIGHT="50" WIDTH="133" VPOS="1387" HPOS="1487"/>
<SP HEIGHT="49" WIDTH="47" VPOS="1388" HPOS="1621"/>
<String CONTENT="ed.," HEIGHT="66" WIDTH="104" VPOS="1385" HPOS="1669"/>
<SP HEIGHT="68" WIDTH="42" VPOS="1383" HPOS="1774"/>
<String CONTENT="by" HEIGHT="69" WIDTH="76" VPOS="1383" HPOS="1817"/>
<SP HEIGHT="66" WIDTH="48" VPOS="1386" HPOS="1894"/>
<String CONTENT="Basil" HEIGHT="53" WIDTH="160" VPOS="1383" HPOS="1943"/>
</TextLine>
<TextLine HEIGHT="70" WIDTH="1627" VPOS="1460" HPOS="104" STYLEREFS="StyleId-67116FFE-0FE1-4FDC-98F6-F20BC7DBB06D-" CS="1">
<String CONTENT="Jones" HEIGHT="55" WIDTH="175" VPOS="1463" HPOS="104"/>
<SP HEIGHT="35" WIDTH="33" VPOS="1482" HPOS="280"/>
<String CS="1" CONTENT="&#8230;"/>
<SP HEIGHT="55" WIDTH="80" VPOS="1461" HPOS="371"/>
<String CONTENT="Chicago," HEIGHT="69" WIDTH="269" VPOS="1461" HPOS="452"/>
<SP HEIGHT="67" WIDTH="30" VPOS="1462" HPOS="722"/>
<String CONTENT="Callaghan" HEIGHT="70" WIDTH="320" VPOS="1460" HPOS="753"/>
<SP HEIGHT="36" WIDTH="31" VPOS="1477" HPOS="1074"/>
<String CONTENT="and" HEIGHT="51" WIDTH="112" VPOS="1462" HPOS="1106"/>
<SP HEIGHT="51" WIDTH="30" VPOS="1462" HPOS="1219"/>
<String CONTENT="company," HEIGHT="51" WIDTH="298" VPOS="1478" HPOS="1250"/>
<SP HEIGHT="60" WIDTH="31" VPOS="1466" HPOS="1549"/>
<String CONTENT="1931." HEIGHT="49" WIDTH="150" VPOS="1464" HPOS="1581"/>
</TextLine>
<TextLine HEIGHT="49" WIDTH="558" VPOS="1542" HPOS="175" CS="1">
<String CONTENT="2" HEIGHT="39" WIDTH="26" VPOS="1544" HPOS="175"/>
<SP/>
<String CS="1" CONTENT="p."/>
<SP/>
<String CS="1" CONTENT="l.," HEIGHT="16" WIDTH="8" VPOS="1575" HPOS="335"/>
<SP HEIGHT="47" WIDTH="26" VPOS="1544" HPOS="344"/>
<String CONTENT="3076" HEIGHT="41" WIDTH="117" VPOS="1542" HPOS="371"/>
<SP HEIGHT="48" WIDTH="25" VPOS="1543" HPOS="489"/>
<String CONTENT="p." HEIGHT="37" WIDTH="42" VPOS="1554" HPOS="515"/>
<SP HEIGHT="39" WIDTH="59" VPOS="1543" HPOS="558"/>
<String CS="1" CONTENT="27&#7580;&#7504;." HEIGHT="40" WIDTH="115" VPOS="1543" HPOS="618"/>
</TextLine>
<TextLine HEIGHT="49" WIDTH="1146" VPOS="1598" HPOS="179">
<String CONTENT="&#8220;Table" HEIGHT="41" WIDTH="176" VPOS="1599" HPOS="179"/>
<SP HEIGHT="29" WIDTH="25" VPOS="1611" HPOS="356"/>
<String CONTENT="of" HEIGHT="41" WIDTH="53" VPOS="1599" HPOS="382"/>
<SP HEIGHT="41" WIDTH="24" VPOS="1599" HPOS="436"/>
<String CONTENT="contents&#8221;" HEIGHT="41" WIDTH="250" VPOS="1599" HPOS="461"/>
<SP HEIGHT="40" WIDTH="25" VPOS="1599" HPOS="712"/>
<String CONTENT="on" HEIGHT="30" WIDTH="60" VPOS="1609" HPOS="738"/>
<SP HEIGHT="39" WIDTH="25" VPOS="1600" HPOS="799"/>
<String CONTENT="front" HEIGHT="39" WIDTH="136" VPOS="1600" HPOS="825"/>
<SP HEIGHT="39" WIDTH="24" VPOS="1600" HPOS="962"/>
<String CONTENT="lining-paper." HEIGHT="49" WIDTH="338" VPOS="1598" HPOS="987"/>
</TextLine>
<TextLine HEIGHT="48" WIDTH="1926" VPOS="1661" HPOS="179">
<String CONTENT="Lettered" HEIGHT="40" WIDTH="226" VPOS="1662" HPOS="179"/>
<SP HEIGHT="40" WIDTH="42" VPOS="1662" HPOS="406"/>
<String CONTENT="on" HEIGHT="29" WIDTH="62" VPOS="1672" HPOS="449"/>
<SP HEIGHT="30" WIDTH="38" VPOS="1672" HPOS="512"/>
<String CONTENT="cover:" HEIGHT="30" WIDTH="168" VPOS="1672" HPOS="551"/>
<SP HEIGHT="39" WIDTH="42" VPOS="1662" HPOS="720"/>
<String CONTENT="Keyed" HEIGHT="47" WIDTH="167" VPOS="1662" HPOS="763"/>
<SP HEIGHT="39" WIDTH="41" VPOS="1662" HPOS="931"/>
<String CONTENT="to" HEIGHT="39" WIDTH="49" VPOS="1663" HPOS="973"/>
<SP HEIGHT="31" WIDTH="40" VPOS="1671" HPOS="1023"/>
<String CONTENT="annotated" HEIGHT="39" WIDTH="267" VPOS="1662" HPOS="1064"/>
<SP HEIGHT="39" WIDTH="40" VPOS="1662" HPOS="1332"/>
<String CONTENT="statutes" HEIGHT="38" WIDTH="212" VPOS="1663" HPOS="1373"/>
<SP HEIGHT="29" WIDTH="42" VPOS="1672" HPOS="1586"/>
<String CONTENT="and" HEIGHT="39" WIDTH="95" VPOS="1662" HPOS="1629"/>
<SP HEIGHT="39" WIDTH="41" VPOS="1662" HPOS="1725"/>
<String CONTENT="Illinois" HEIGHT="40" WIDTH="190" VPOS="1661" HPOS="1767"/>
<SP HEIGHT="38" WIDTH="42" VPOS="1664" HPOS="1958"/>
<String CONTENT="text" HEIGHT="38" WIDTH="104" VPOS="1664" HPOS="2001"/>
</TextLine>
<TextLine HEIGHT="41" WIDTH="161" VPOS="1720" HPOS="107">
<String CONTENT="books." HEIGHT="41" WIDTH="161" VPOS="1720" HPOS="107"/>
</TextLine>
<TextLine HEIGHT="43" WIDTH="427" VPOS="1775" HPOS="182">
<String CONTENT="&#8220;Sixth" HEIGHT="43" WIDTH="172" VPOS="1775" HPOS="182"/>
<SP HEIGHT="39" WIDTH="26" VPOS="1777" HPOS="355"/>
<String CONTENT="edition.&#8221;" HEIGHT="41" WIDTH="227" VPOS="1775" HPOS="382"/>
</TextLine>
<TextLine HEIGHT="109" WIDTH="1819" VPOS="1829" HPOS="113" CS="1">
<String CONTENT="&#169;" HEIGHT="52" WIDTH="52" VPOS="1829" HPOS="113"/>
<SP HEIGHT="52" WIDTH="27" VPOS="1829" HPOS="166"/>
<String CONTENT="Aug." HEIGHT="48" WIDTH="119" VPOS="1834" HPOS="194"/>
<SP HEIGHT="39" WIDTH="29" VPOS="1835" HPOS="314"/>
<String CONTENT="19," HEIGHT="50" WIDTH="68" VPOS="1832" HPOS="344"/>
<SP HEIGHT="48" WIDTH="30" VPOS="1834" HPOS="413"/>
<String CONTENT="1931;" HEIGHT="47" WIDTH="140" VPOS="1832" HPOS="444"/>
<SP HEIGHT="46" WIDTH="31" VPOS="1833" HPOS="585"/>
<String CONTENT="2c." HEIGHT="40" WIDTH="65" VPOS="1833" HPOS="617"/>
<SP HEIGHT="29" WIDTH="31" VPOS="1843" HPOS="683"/>
<String CONTENT="and" HEIGHT="37" WIDTH="93" VPOS="1835" HPOS="715"/>
<SP HEIGHT="37" WIDTH="30" VPOS="1835" HPOS="809"/>
<String CONTENT="aff." HEIGHT="40" WIDTH="80" VPOS="1832" HPOS="840"/>
<SP HEIGHT="37" WIDTH="30" VPOS="1834" HPOS="921"/>
<String CONTENT="Aug." HEIGHT="46" WIDTH="118" VPOS="1834" HPOS="952"/>
<SP HEIGHT="40" WIDTH="30" VPOS="1832" HPOS="1071"/>
<String CONTENT="24;" HEIGHT="47" WIDTH="83" VPOS="1832" HPOS="1102"/>
<SP HEIGHT="45" WIDTH="32" VPOS="1834" HPOS="1186"/>
<!-- cceid EF937658-6E8D-1014-9CF5-AEB3FCA41D69 --><String CONTENT="A" HEIGHT="37" WIDTH="41" VPOS="1834" HPOS="1219"/>
<SP HEIGHT="37" WIDTH="27" VPOS="1834" HPOS="1261"/>
<String CONTENT="41192;" HEIGHT="49" WIDTH="172" VPOS="1831" HPOS="1289"/>
<SP HEIGHT="47" WIDTH="33" VPOS="1833" HPOS="1462"/>
<String CONTENT="Callaghan" HEIGHT="48" WIDTH="270" VPOS="1833" HPOS="1496"/>
<SP HEIGHT="40" WIDTH="29" VPOS="1838" HPOS="1767"/>
<String CONTENT="&amp;" HEIGHT="40" WIDTH="37" VPOS="1838" HPOS="1797"/>
<SP HEIGHT="40" WIDTH="28" VPOS="1838" HPOS="1835"/>
<String CONTENT="co." HEIGHT="33" WIDTH="68" VPOS="1842" HPOS="1864"/>
<SP/>
<String CONTENT="(31-23924)" HEIGHT="49" WIDTH="279" VPOS="1889" HPOS="191"/>
</TextLine>
<TextLine HEIGHT="66" WIDTH="901" VPOS="1969" HPOS="111" STYLEREFS="StyleId-56C71FDE-8C9E-492F-889A-D4E3A436E85C-">
<String CONTENT="Ker," HEIGHT="65" WIDTH="137" VPOS="1970" HPOS="111"/>
<SP HEIGHT="64" WIDTH="29" VPOS="1971" HPOS="249"/>
<String CONTENT="Annita" HEIGHT="55" WIDTH="227" VPOS="1969" HPOS="279"/>
<SP HEIGHT="51" WIDTH="30" VPOS="1972" HPOS="507"/>
<String CONTENT="Melville," HEIGHT="65" WIDTH="269" VPOS="1970" HPOS="538"/>
<SP HEIGHT="58" WIDTH="33" VPOS="1977" HPOS="808"/>
<String CONTENT="1908-" HEIGHT="50" WIDTH="170" VPOS="1976" HPOS="842"/>
</TextLine>
<TextLine HEIGHT="145" WIDTH="1971" VPOS="2049" HPOS="115" STYLEREFS="StyleId-67116FFE-0FE1-4FDC-98F6-F20BC7DBB06D-" CS="1">
<String CONTENT="A" HEIGHT="52" WIDTH="56" VPOS="2049" HPOS="182"/>
<SP HEIGHT="54" WIDTH="28" VPOS="2049" HPOS="239"/>
<String CONTENT="survey" HEIGHT="52" WIDTH="205" VPOS="2068" HPOS="268"/>
<SP HEIGHT="52" WIDTH="28" VPOS="2068" HPOS="474"/>
<String CONTENT="of" HEIGHT="53" WIDTH="64" VPOS="2049" HPOS="503"/>
<SP HEIGHT="53" WIDTH="26" VPOS="2049" HPOS="568"/>
<String CONTENT="Mexican" HEIGHT="54" WIDTH="263" VPOS="2049" HPOS="595"/>
<SP HEIGHT="34" WIDTH="30" VPOS="2069" HPOS="859"/>
<String CONTENT="scientific" HEIGHT="54" WIDTH="271" VPOS="2049" HPOS="890"/>
<SP HEIGHT="49" WIDTH="28" VPOS="2069" HPOS="1162"/>
<String CONTENT="periodicals," HEIGHT="70" WIDTH="359" VPOS="2049" HPOS="1191"/>
<SP HEIGHT="63" WIDTH="29" VPOS="2056" HPOS="1551"/>
<String CONTENT="to" HEIGHT="47" WIDTH="57" VPOS="2056" HPOS="1581"/>
<SP HEIGHT="34" WIDTH="30" VPOS="2069" HPOS="1639"/>
<String CONTENT="which" HEIGHT="53" WIDTH="185" VPOS="2050" HPOS="1670"/>
<SP HEIGHT="51" WIDTH="30" VPOS="2052" HPOS="1856"/>
<String CONTENT="are" HEIGHT="34" WIDTH="95" VPOS="2069" HPOS="1887"/>
<SP HEIGHT="34" WIDTH="29" VPOS="2069" HPOS="1983"/>
<String CONTENT="appended" HEIGHT="125" WIDTH="1971" VPOS="2069" HPOS="115"/>
</TextLine>
<TextLine HEIGHT="71" WIDTH="1753" VPOS="2127" HPOS="357" STYLEREFS="StyleId-67116FFE-0FE1-4FDC-98F6-F20BC7DBB06D-">
<String CONTENT="some" HEIGHT="36" WIDTH="151" VPOS="2145" HPOS="357"/>
<SP HEIGHT="34" WIDTH="20" VPOS="2147" HPOS="509"/>
<String CONTENT="notes" HEIGHT="48" WIDTH="158" VPOS="2133" HPOS="530"/>
<SP HEIGHT="33" WIDTH="20" VPOS="2148" HPOS="689"/>
<String CONTENT="on" HEIGHT="34" WIDTH="72" VPOS="2148" HPOS="710"/>
<SP HEIGHT="53" WIDTH="21" VPOS="2129" HPOS="783"/>
<String CONTENT="Mexican" HEIGHT="53" WIDTH="264" VPOS="2128" HPOS="805"/>
<SP HEIGHT="51" WIDTH="22" VPOS="2129" HPOS="1070"/>
<String CONTENT="historical" HEIGHT="52" WIDTH="297" VPOS="2128" HPOS="1093"/>
<SP HEIGHT="67" WIDTH="19" VPOS="2129" HPOS="1391"/>
<String CONTENT="periodicals," HEIGHT="70" WIDTH="358" VPOS="2127" HPOS="1411"/>
<SP HEIGHT="67" WIDTH="21" VPOS="2130" HPOS="1770"/>
<String CONTENT="by" HEIGHT="68" WIDTH="74" VPOS="2130" HPOS="1792"/>
<SP HEIGHT="70" WIDTH="24" VPOS="2128" HPOS="1867"/>
<String CONTENT="Annita" HEIGHT="53" WIDTH="218" VPOS="2127" HPOS="1892"/>
</TextLine>
<TextLine HEIGHT="71" WIDTH="1999" VPOS="2204" HPOS="113" STYLEREFS="StyleId-67116FFE-0FE1-4FDC-98F6-F20BC7DBB06D-">
<String CONTENT="Melville" HEIGHT="53" WIDTH="255" VPOS="2205" HPOS="113"/>
<SP HEIGHT="52" WIDTH="29" VPOS="2206" HPOS="369"/>
<String CONTENT="Ker." HEIGHT="51" WIDTH="135" VPOS="2206" HPOS="399"/>
<SP HEIGHT="49" WIDTH="68" VPOS="2207" HPOS="535"/>
<String CONTENT="Publication" HEIGHT="54" WIDTH="362" VPOS="2204" HPOS="604"/>
<SP HEIGHT="33" WIDTH="31" VPOS="2224" HPOS="967"/>
<String CONTENT="of" HEIGHT="51" WIDTH="63" VPOS="2206" HPOS="999"/>
<SP HEIGHT="51" WIDTH="30" VPOS="2206" HPOS="1063"/>
<String CONTENT="the" HEIGHT="51" WIDTH="96" VPOS="2207" HPOS="1094"/>
<SP HEIGHT="53" WIDTH="27" VPOS="2205" HPOS="1191"/>
<String CONTENT="Harvey" HEIGHT="70" WIDTH="238" VPOS="2205" HPOS="1219"/>
<SP HEIGHT="68" WIDTH="31" VPOS="2207" HPOS="1458"/>
<String CONTENT="Bassler" HEIGHT="52" WIDTH="228" VPOS="2207" HPOS="1490"/>
<SP HEIGHT="53" WIDTH="31" VPOS="2205" HPOS="1719"/>
<String CONTENT="foundation." HEIGHT="54" WIDTH="361" VPOS="2205" HPOS="1751"/>
</TextLine>
<TextLine HEIGHT="70" WIDTH="1825" VPOS="2283" HPOS="120" STYLEREFS="StyleId-67116FFE-0FE1-4FDC-98F6-F20BC7DBB06D-">
<String CONTENT="[Baltimore," HEIGHT="68" WIDTH="352" VPOS="2283" HPOS="120"/>
<SP HEIGHT="68" WIDTH="23" VPOS="2283" HPOS="473"/>
<String CONTENT="Md.," HEIGHT="67" WIDTH="138" VPOS="2283" HPOS="497"/>
<SP HEIGHT="66" WIDTH="25" VPOS="2284" HPOS="636"/>
<String CONTENT="Printed" HEIGHT="53" WIDTH="242" VPOS="2283" HPOS="662"/>
<SP HEIGHT="51" WIDTH="24" VPOS="2285" HPOS="905"/>
<String CONTENT="at" HEIGHT="47" WIDTH="57" VPOS="2289" HPOS="930"/>
<SP HEIGHT="48" WIDTH="25" VPOS="2288" HPOS="988"/>
<String CONTENT="the" HEIGHT="53" WIDTH="96" VPOS="2283" HPOS="1014"/>
<SP HEIGHT="53" WIDTH="21" VPOS="2283" HPOS="1111"/>
<String CONTENT="Waverly" HEIGHT="69" WIDTH="275" VPOS="2283" HPOS="1133"/>
<SP HEIGHT="49" WIDTH="26" VPOS="2303" HPOS="1409"/>
<String CONTENT="press," HEIGHT="51" WIDTH="174" VPOS="2302" HPOS="1436"/>
<SP HEIGHT="70" WIDTH="23" VPOS="2283" HPOS="1611"/>
<String CONTENT="inc.]" HEIGHT="68" WIDTH="125" VPOS="2283" HPOS="1635"/>
<SP HEIGHT="62" WIDTH="35" VPOS="2289" HPOS="1761"/>
<String CONTENT="1931." HEIGHT="49" WIDTH="148" VPOS="2287" HPOS="1797"/>
</TextLine>
<TextLine HEIGHT="48" WIDTH="940" VPOS="2362" HPOS="252" STYLEREFS="StyleId-67116FFE-0FE1-4FDC-98F6-F20BC7DBB06D-" CS="1">
<String CS="1" CONTENT="xv," HEIGHT="16" WIDTH="8" VPOS="2394" HPOS="252"/>
<SP HEIGHT="45" WIDTH="31" VPOS="2365" HPOS="261"/>
<String CONTENT="105" HEIGHT="40" WIDTH="84" VPOS="2362" HPOS="293"/>
<SP HEIGHT="47" WIDTH="30" VPOS="2363" HPOS="378"/>
<String CONTENT="p." HEIGHT="37" WIDTH="43" VPOS="2373" HPOS="409"/>
<SP HEIGHT="38" WIDTH="58" VPOS="2363" HPOS="453"/>
<String CONTENT="front.," HEIGHT="46" WIDTH="164" VPOS="2363" HPOS="512"/>
<SP HEIGHT="35" WIDTH="32" VPOS="2374" HPOS="677"/>
<String CONTENT="illus." HEIGHT="39" WIDTH="128" VPOS="2364" HPOS="710"/>
<SP HEIGHT="48" WIDTH="28" VPOS="2362" HPOS="839"/>
<String CONTENT="(ports.)" HEIGHT="48" WIDTH="198" VPOS="2362" HPOS="868"/>
<SP HEIGHT="47" WIDTH="69" VPOS="2363" HPOS="1067"/>
<String CS="1" CONTENT="25&#189;" HEIGHT="40" WIDTH="55" VPOS="2363" HPOS="1137"/>
<String STYLE="superscript" CS="1" CONTENT="&#7580;&#7504;."/>
</TextLine>
<TextLine HEIGHT="47" WIDTH="962" VPOS="2419" HPOS="185" CS="1">
<String CONTENT="Contents," HEIGHT="44" WIDTH="246" VPOS="2419" HPOS="185"/>
<SP HEIGHT="42" WIDTH="31" VPOS="2421" HPOS="432"/>
<String CS="1" CONTENT="type-written" HEIGHT="47" WIDTH="328" VPOS="2419" HPOS="464"/>
<SP HEIGHT="38" WIDTH="27" VPOS="2421" HPOS="793"/>
<String CONTENT="leaf" HEIGHT="40" WIDTH="102" VPOS="2419" HPOS="821"/>
<SP HEIGHT="39" WIDTH="27" VPOS="2419" HPOS="924"/>
<String CONTENT="laid" HEIGHT="40" WIDTH="101" VPOS="2419" HPOS="952"/>
<SP HEIGHT="40" WIDTH="30" VPOS="2419" HPOS="1054"/>
<String CONTENT="in." HEIGHT="39" WIDTH="62" VPOS="2419" HPOS="1085"/>
</TextLine>
<TextLine HEIGHT="101" WIDTH="1975" VPOS="2471" HPOS="120" CS="1">
<String CONTENT="&#169;" HEIGHT="51" WIDTH="51" VPOS="2471" HPOS="120"/>
<SP HEIGHT="51" WIDTH="32" VPOS="2471" HPOS="172"/>
<String CONTENT="Sept." HEIGHT="47" WIDTH="125" VPOS="2476" HPOS="205"/>
<SP HEIGHT="40" WIDTH="30" VPOS="2476" HPOS="331"/>
<String CONTENT="23," HEIGHT="47" WIDTH="70" VPOS="2476" HPOS="362"/>
<SP HEIGHT="46" WIDTH="30" VPOS="2477" HPOS="433"/>
<String CONTENT="1931;" HEIGHT="44" WIDTH="138" VPOS="2474" HPOS="464"/>
<SP HEIGHT="43" WIDTH="32" VPOS="2475" HPOS="603"/>
<String CONTENT="2c." HEIGHT="41" WIDTH="67" VPOS="2475" HPOS="636"/>
<SP HEIGHT="29" WIDTH="30" VPOS="2487" HPOS="704"/>
<String CONTENT="and" HEIGHT="38" WIDTH="94" VPOS="2477" HPOS="735"/>
<SP HEIGHT="38" WIDTH="31" VPOS="2477" HPOS="830"/>
<String CONTENT="aff." HEIGHT="41" WIDTH="81" VPOS="2475" HPOS="862"/>
<SP HEIGHT="40" WIDTH="34" VPOS="2476" HPOS="944"/>
<String CONTENT="Sept." HEIGHT="47" WIDTH="128" VPOS="2476" HPOS="979"/>
<SP HEIGHT="41" WIDTH="28" VPOS="2476" HPOS="1108"/>
<String CS="1" CONTENT="26;" HEIGHT="39" WIDTH="56" VPOS="2476" HPOS="1137"/>
<SP HEIGHT="45" WIDTH="34" VPOS="2478" HPOS="1220"/>
<!-- cceid EF93D3D0-6E8D-1014-9CF5-AEB3FCA41D69 --><String CONTENT="A" HEIGHT="37" WIDTH="40" VPOS="2478" HPOS="1255"/>
<SP HEIGHT="37" WIDTH="28" VPOS="2478" HPOS="1296"/>
<String CS="1" CONTENT="41883;" HEIGHT="39" WIDTH="142" VPOS="2478" HPOS="1325"/>
<SP HEIGHT="46" WIDTH="32" VPOS="2477" HPOS="1496"/>
<String CONTENT="A" HEIGHT="39" WIDTH="41" VPOS="2477" HPOS="1529"/>
<SP HEIGHT="39" WIDTH="46" VPOS="2477" HPOS="1571"/>
<String CONTENT="M." HEIGHT="37" WIDTH="60" VPOS="2479" HPOS="1618"/>
<SP HEIGHT="38" WIDTH="33" VPOS="2478" HPOS="1679"/>
<String CONTENT="Ker," HEIGHT="46" WIDTH="112" VPOS="2478" HPOS="1713"/>
<SP HEIGHT="46" WIDTH="32" VPOS="2478" HPOS="1826"/>
<String CONTENT="Washington." HEIGHT="96" WIDTH="1908" VPOS="2476" HPOS="187"/>
</TextLine>
<TextLine HEIGHT="49" WIDTH="280" VPOS="2532" HPOS="353">
<String CONTENT="(31-24433)" HEIGHT="49" WIDTH="280" VPOS="2532" HPOS="353"/>
</TextLine>
<TextLine HEIGHT="67" WIDTH="625" VPOS="2609" HPOS="115" STYLEREFS="StyleId-56C71FDE-8C9E-492F-889A-D4E3A436E85C-">
<String CONTENT="King," HEIGHT="65" WIDTH="176" VPOS="2609" HPOS="115"/>
<SP HEIGHT="63" WIDTH="28" VPOS="2611" HPOS="292"/>
<String CONTENT="Frank," HEIGHT="65" WIDTH="218" VPOS="2611" HPOS="321"/>
<SP HEIGHT="59" WIDTH="28" VPOS="2617" HPOS="540"/>
<String CONTENT="1892-" HEIGHT="49" WIDTH="171" VPOS="2617" HPOS="569"/>
</TextLine>
<TextLine HEIGHT="74" WIDTH="1929" VPOS="2686" HPOS="181" STYLEREFS="StyleId-67116FFE-0FE1-4FDC-98F6-F20BC7DBB06D-" CS="1">
<String CONTENT="The" HEIGHT="52" WIDTH="120" VPOS="2686" HPOS="181"/>
<SP HEIGHT="35" WIDTH="35" VPOS="2704" HPOS="302"/>
<String CONTENT="case" HEIGHT="35" WIDTH="122" VPOS="2706" HPOS="338"/>
<SP HEIGHT="35" WIDTH="36" VPOS="2706" HPOS="461"/>
<String CONTENT="of" HEIGHT="52" WIDTH="64" VPOS="2687" HPOS="498"/>
<SP HEIGHT="52" WIDTH="33" VPOS="2687" HPOS="563"/>
<String CONTENT="the" HEIGHT="51" WIDTH="95" VPOS="2688" HPOS="597"/>
<SP HEIGHT="49" WIDTH="36" VPOS="2706" HPOS="693"/>
<String CONTENT="painted" HEIGHT="68" WIDTH="233" VPOS="2687" HPOS="730"/>
<SP HEIGHT="69" WIDTH="35" VPOS="2688" HPOS="964"/>
<String CONTENT="girl," HEIGHT="70" WIDTH="131" VPOS="2688" HPOS="1000"/>
<SP HEIGHT="69" WIDTH="31" VPOS="2689" HPOS="1132"/>
<String CONTENT="by" HEIGHT="70" WIDTH="76" VPOS="2689" HPOS="1164"/>
<SP HEIGHT="68" WIDTH="37" VPOS="2691" HPOS="1241"/>
<String CONTENT="Frank" HEIGHT="53" WIDTH="197" VPOS="2689" HPOS="1279"/>
<SP HEIGHT="52" WIDTH="35" VPOS="2689" HPOS="1477"/>
<String CONTENT="King" HEIGHT="68" WIDTH="162" VPOS="2689" HPOS="1513"/>
<SP HEIGHT="49" WIDTH="42" VPOS="2708" HPOS="1676"/>
<String CS="1" CONTENT="&#8230;"/>
<SP HEIGHT="52" WIDTH="77" VPOS="2691" HPOS="1774"/>
<String CONTENT="London," HEIGHT="69" WIDTH="258" VPOS="2691" HPOS="1852"/>
</TextLine>
<TextLine HEIGHT="73" WIDTH="733" VPOS="2761" HPOS="111" STYLEREFS="StyleId-67116FFE-0FE1-4FDC-98F6-F20BC7DBB06D-">
<String CONTENT="Jarrolds," HEIGHT="71" WIDTH="280" VPOS="2761" HPOS="111"/>
<SP HEIGHT="69" WIDTH="25" VPOS="2763" HPOS="392"/>
<String CONTENT="limited" HEIGHT="56" WIDTH="221" VPOS="2762" HPOS="418"/>
<SP HEIGHT="68" WIDTH="31" VPOS="2765" HPOS="640"/>
<String CONTENT="[1931]" HEIGHT="66" WIDTH="172" VPOS="2768" HPOS="672"/>
</TextLine>
<TextLine HEIGHT="50" WIDTH="607" VPOS="2843" HPOS="183" CS="1">
<String CONTENT="3" HEIGHT="41" WIDTH="26" VPOS="2843" HPOS="183"/>
<SP/>
<String CS="1" CONTENT="p."/>
<SP/>
<String CS="1" CONTENT="l.," HEIGHT="16" WIDTH="8" VPOS="2875" HPOS="341"/>
<SP HEIGHT="48" WIDTH="23" VPOS="2843" HPOS="350"/>
<String CONTENT="9-288" HEIGHT="41" WIDTH="147" VPOS="2843" HPOS="374"/>
<SP HEIGHT="50" WIDTH="20" VPOS="2843" HPOS="522"/>
<String CONTENT="p." HEIGHT="38" WIDTH="42" VPOS="2855" HPOS="543"/>
<SP HEIGHT="41" WIDTH="58" VPOS="2844" HPOS="586"/>
<String CS="1" CONTENT="19&#189;&#7580;&#7504;." HEIGHT="43" WIDTH="145" VPOS="2844" HPOS="645"/>
</TextLine>
<TextLine HEIGHT="58" WIDTH="1989" VPOS="2899" HPOS="123" CS="1">
<String CONTENT="&#169;" HEIGHT="51" WIDTH="51" VPOS="2899" HPOS="123"/>
<SP/>
<String CS="1" CONTENT="1c."/>
<SP/>
<String CONTENT="Aug." HEIGHT="47" WIDTH="120" VPOS="2904" HPOS="303"/>
<SP HEIGHT="40" WIDTH="29" VPOS="2904" HPOS="424"/>
<String CONTENT="29," HEIGHT="47" WIDTH="69" VPOS="2904" HPOS="454"/>
<SP HEIGHT="45" WIDTH="30" VPOS="2906" HPOS="524"/>
<String CONTENT="1931;" HEIGHT="48" WIDTH="139" VPOS="2903" HPOS="555"/>
<SP HEIGHT="46" WIDTH="32" VPOS="2905" HPOS="695"/>
<!-- cceid EF9426CB-6E8D-1014-9CF5-AEB3FCA41D69 --><String CONTENT="A" HEIGHT="38" WIDTH="40" VPOS="2905" HPOS="728"/>
<SP HEIGHT="39" WIDTH="28" VPOS="2905" HPOS="769"/>
<String CONTENT="ad" HEIGHT="39" WIDTH="65" VPOS="2906" HPOS="798"/>
<SP HEIGHT="40" WIDTH="26" VPOS="2905" HPOS="864"/>
<String CONTENT="int." HEIGHT="40" WIDTH="84" VPOS="2905" HPOS="891"/>
<SP HEIGHT="37" WIDTH="33" VPOS="2908" HPOS="976"/>
<String CONTENT="15434;" HEIGHT="48" WIDTH="169" VPOS="2905" HPOS="1010"/>
<SP HEIGHT="37" WIDTH="32" VPOS="2917" HPOS="1180"/>
<String CONTENT="pubd." HEIGHT="48" WIDTH="144" VPOS="2906" HPOS="1213"/>
<SP HEIGHT="40" WIDTH="30" VPOS="2908" HPOS="1358"/>
<String CONTENT="July" HEIGHT="47" WIDTH="115" VPOS="2907" HPOS="1389"/>
<SP HEIGHT="47" WIDTH="30" VPOS="2907" HPOS="1505"/>
<String CS="1" CONTENT="3;" HEIGHT="40" WIDTH="25" VPOS="2907" HPOS="1536"/>
<SP HEIGHT="45" WIDTH="36" VPOS="2909" HPOS="1590"/>
<String CONTENT="F." HEIGHT="39" WIDTH="49" VPOS="2909" HPOS="1627"/>
<SP HEIGHT="39" WIDTH="34" VPOS="2909" HPOS="1677"/>
<String CONTENT="King," HEIGHT="47" WIDTH="141" VPOS="2909" HPOS="1712"/>
<SP HEIGHT="47" WIDTH="33" VPOS="2909" HPOS="1854"/>
<String CONTENT="Halifax," HEIGHT="49" WIDTH="224" VPOS="2908" HPOS="1888"/>
</TextLine>
<TextLine HEIGHT="49" WIDTH="891" VPOS="2960" HPOS="194">
<String CONTENT="Yorkshire," HEIGHT="47" WIDTH="276" VPOS="2960" HPOS="194"/>
<SP HEIGHT="45" WIDTH="30" VPOS="2962" HPOS="471"/>
<String CONTENT="England." HEIGHT="46" WIDTH="233" VPOS="2962" HPOS="502"/>
<SP HEIGHT="48" WIDTH="70" VPOS="2961" HPOS="736"/>
<String CONTENT="(31-24266)" HEIGHT="48" WIDTH="278" VPOS="2961" HPOS="807"/>
</TextLine>
<TextLine HEIGHT="68" WIDTH="918" VPOS="3023" HPOS="119" STYLEREFS="StyleId-56C71FDE-8C9E-492F-889A-D4E3A436E85C-">
<String CONTENT="Lally," HEIGHT="66" WIDTH="184" VPOS="3023" HPOS="119"/>
<SP HEIGHT="64" WIDTH="31" VPOS="3025" HPOS="304"/>
<String CONTENT="Frank" HEIGHT="52" WIDTH="198" VPOS="3025" HPOS="336"/>
<SP HEIGHT="52" WIDTH="28" VPOS="3025" HPOS="535"/>
<String CONTENT="Edward," HEIGHT="65" WIDTH="271" VPOS="3026" HPOS="564"/>
<SP HEIGHT="58" WIDTH="32" VPOS="3033" HPOS="836"/>
<String CONTENT="1889-" HEIGHT="50" WIDTH="168" VPOS="3033" HPOS="869"/>
</TextLine>
<TextLine HEIGHT="74" WIDTH="1862" VPOS="3099" HPOS="246" STYLEREFS="StyleId-67116FFE-0FE1-4FDC-98F6-F20BC7DBB06D-" CS="1">
<String CS="1" CONTENT="&#8230;"/>
<SP HEIGHT="53" WIDTH="43" VPOS="3099" HPOS="246"/>
<String CONTENT="French" HEIGHT="52" WIDTH="221" VPOS="3099" HPOS="290"/>
<SP HEIGHT="51" WIDTH="38" VPOS="3100" HPOS="512"/>
<String CONTENT="opposition" HEIGHT="68" WIDTH="322" VPOS="3100" HPOS="551"/>
<SP HEIGHT="47" WIDTH="37" VPOS="3109" HPOS="874"/>
<String CONTENT="to" HEIGHT="49" WIDTH="57" VPOS="3109" HPOS="912"/>
<SP HEIGHT="49" WIDTH="39" VPOS="3109" HPOS="970"/>
<String CONTENT="the" HEIGHT="53" WIDTH="96" VPOS="3104" HPOS="1010"/>
<SP HEIGHT="52" WIDTH="35" VPOS="3106" HPOS="1107"/>
<String CONTENT="Mexican" HEIGHT="55" WIDTH="265" VPOS="3104" HPOS="1143"/>
<SP HEIGHT="49" WIDTH="38" VPOS="3124" HPOS="1409"/>
<String CONTENT="policy" HEIGHT="67" WIDTH="187" VPOS="3106" HPOS="1448"/>
<SP HEIGHT="49" WIDTH="39" VPOS="3124" HPOS="1636"/>
<String CONTENT="of" HEIGHT="52" WIDTH="63" VPOS="3106" HPOS="1676"/>
<SP HEIGHT="54" WIDTH="35" VPOS="3106" HPOS="1740"/>
<String CONTENT="the" HEIGHT="52" WIDTH="94" VPOS="3108" HPOS="1776"/>
<SP HEIGHT="34" WIDTH="39" VPOS="3125" HPOS="1871"/>
<String CONTENT="second" HEIGHT="52" WIDTH="197" VPOS="3107" HPOS="1911"/>
</TextLine>
<TextLine HEIGHT="77" WIDTH="2001" VPOS="3175" HPOS="112" STYLEREFS="StyleId-67116FFE-0FE1-4FDC-98F6-F20BC7DBB06D-" CS="1">
<String CONTENT="empire," HEIGHT="68" WIDTH="230" VPOS="3175" HPOS="112"/>
<SP HEIGHT="68" WIDTH="20" VPOS="3175" HPOS="343"/>
<String CONTENT="by" HEIGHT="69" WIDTH="75" VPOS="3175" HPOS="364"/>
<SP HEIGHT="66" WIDTH="26" VPOS="3178" HPOS="440"/>
<String CONTENT="Frank" HEIGHT="51" WIDTH="194" VPOS="3177" HPOS="467"/>
<SP HEIGHT="52" WIDTH="23" VPOS="3177" HPOS="662"/>
<String CONTENT="Edward" HEIGHT="53" WIDTH="254" VPOS="3178" HPOS="686"/>
<SP HEIGHT="52" WIDTH="24" VPOS="3179" HPOS="941"/>
<String CONTENT="Lally," HEIGHT="69" WIDTH="186" VPOS="3180" HPOS="966"/>
<SP HEIGHT="50" WIDTH="23" VPOS="3199" HPOS="1153"/>
<String CS="1" CONTENT="PH." HEIGHT="11" WIDTH="11" VPOS="3223" HPOS="1265"/>
<SP HEIGHT="34" WIDTH="23" VPOS="3200" HPOS="1277"/>
<String CS="1" CONTENT="D." HEIGHT="10" WIDTH="10" VPOS="3225" HPOS="1339"/>
<SP HEIGHT="52" WIDTH="74" VPOS="3183" HPOS="1350"/>
<String CONTENT="Baltimore," HEIGHT="69" WIDTH="332" VPOS="3183" HPOS="1425"/>
<SP HEIGHT="68" WIDTH="22" VPOS="3184" HPOS="1758"/>
<String CONTENT="The" HEIGHT="51" WIDTH="121" VPOS="3184" HPOS="1781"/>
<SP HEIGHT="54" WIDTH="25" VPOS="3184" HPOS="1903"/>
<String CONTENT="Johns" HEIGHT="54" WIDTH="184" VPOS="3184" HPOS="1929"/>
</TextLine>
<TextLine HEIGHT="70" WIDTH="647" VPOS="3252" HPOS="113" STYLEREFS="StyleId-67116FFE-0FE1-4FDC-98F6-F20BC7DBB06D-">
<String CONTENT="Hopkins" HEIGHT="69" WIDTH="265" VPOS="3252" HPOS="113"/>
<SP HEIGHT="49" WIDTH="27" VPOS="3272" HPOS="379"/>
<String CONTENT="press," HEIGHT="50" WIDTH="173" VPOS="3272" HPOS="407"/>
<SP HEIGHT="64" WIDTH="30" VPOS="3258" HPOS="581"/>
<String CONTENT="1931." HEIGHT="50" WIDTH="148" VPOS="3258" HPOS="612"/>
</TextLine>
<TextLine HEIGHT="56" WIDTH="1924" VPOS="3334" HPOS="187" CS="1">
<String CONTENT="163" HEIGHT="42" WIDTH="84" VPOS="3334" HPOS="187"/>
<SP HEIGHT="47" WIDTH="34" VPOS="3336" HPOS="272"/>
<String CONTENT="p." HEIGHT="37" WIDTH="43" VPOS="3346" HPOS="307"/>
<SP HEIGHT="38" WIDTH="63" VPOS="3338" HPOS="351"/>
<String CS="1" CONTENT="24&#189;" HEIGHT="40" WIDTH="58" VPOS="3336" HPOS="415"/>
<String STYLE="superscript" CS="1" CONTENT="&#7580;&#7504;."/>
<SP HEIGHT="48" WIDTH="76" VPOS="3337" HPOS="562"/>
<String CONTENT="(Johns" HEIGHT="50" WIDTH="177" VPOS="3335" HPOS="639"/>
<SP HEIGHT="39" WIDTH="34" VPOS="3338" HPOS="817"/>
<String CONTENT="Hopkins" HEIGHT="47" WIDTH="222" VPOS="3338" HPOS="852"/>
<SP HEIGHT="32" WIDTH="37" VPOS="3348" HPOS="1075"/>
<String CONTENT="university" HEIGHT="52" WIDTH="270" VPOS="3338" HPOS="1113"/>
<SP HEIGHT="39" WIDTH="36" VPOS="3351" HPOS="1384"/>
<String CONTENT="studies" HEIGHT="40" WIDTH="184" VPOS="3342" HPOS="1421"/>
<SP HEIGHT="38" WIDTH="38" VPOS="3343" HPOS="1606"/>
<String CONTENT="in" HEIGHT="37" WIDTH="44" VPOS="3343" HPOS="1645"/>
<SP HEIGHT="38" WIDTH="40" VPOS="3344" HPOS="1690"/>
<String CONTENT="historical" HEIGHT="40" WIDTH="245" VPOS="3344" HPOS="1731"/>
<SP HEIGHT="37" WIDTH="42" VPOS="3345" HPOS="1977"/>
<String CONTENT="and" HEIGHT="39" WIDTH="91" VPOS="3345" HPOS="2020"/>
</TextLine>
<TextLine HEIGHT="53" WIDTH="994" VPOS="3389" HPOS="117" CS="1">
<String CONTENT="political" HEIGHT="49" WIDTH="216" VPOS="3389" HPOS="117"/>
<SP HEIGHT="39" WIDTH="26" VPOS="3392" HPOS="334"/>
<String CONTENT="science" HEIGHT="43" WIDTH="182" VPOS="3391" HPOS="361"/>
<SP HEIGHT="29" WIDTH="31" VPOS="3405" HPOS="544"/>
<String CS="1" CONTENT="&#8230;"/>
<SP HEIGHT="32" WIDTH="61" VPOS="3401" HPOS="623"/>
<String CONTENT="ser." HEIGHT="32" WIDTH="89" VPOS="3401" HPOS="685"/>
<SP HEIGHT="29" WIDTH="27" VPOS="3404" HPOS="775"/>
<String CS="1" CONTENT="XLIX," HEIGHT="17" WIDTH="8" VPOS="3425" HPOS="925"/>
<SP HEIGHT="38" WIDTH="24" VPOS="3404" HPOS="934"/>
<String CONTENT="no." HEIGHT="31" WIDTH="74" VPOS="3404" HPOS="959"/>
<SP HEIGHT="40" WIDTH="25" VPOS="3395" HPOS="1034"/>
<String CONTENT="3)" HEIGHT="47" WIDTH="51" VPOS="3395" HPOS="1060"/>
</TextLine>
<TextLine HEIGHT="57" WIDTH="1602" VPOS="3446" HPOS="189" CS="1">
<String CONTENT="Published" HEIGHT="42" WIDTH="260" VPOS="3446" HPOS="189"/>
<SP HEIGHT="39" WIDTH="23" VPOS="3449" HPOS="450"/>
<String CONTENT="also" HEIGHT="39" WIDTH="103" VPOS="3450" HPOS="474"/>
<SP HEIGHT="30" WIDTH="24" VPOS="3459" HPOS="578"/>
<String CONTENT="as" HEIGHT="30" WIDTH="55" VPOS="3459" HPOS="603"/>
<SP HEIGHT="39" WIDTH="21" VPOS="3450" HPOS="659"/>
<String CONTENT="thesis" HEIGHT="41" WIDTH="152" VPOS="3448" HPOS="681"/>
<SP HEIGHT="47" WIDTH="25" VPOS="3450" HPOS="834"/>
<String CS="1" CONTENT="(PH." HEIGHT="47" WIDTH="106" VPOS="3450" HPOS="860"/>
<SP HEIGHT="30" WIDTH="24" VPOS="3460" HPOS="967"/>
<String CS="1" CONTENT="D.)" HEIGHT="47" WIDTH="35" VPOS="3452" HPOS="1022"/>
<SP HEIGHT="47" WIDTH="26" VPOS="3452" HPOS="1058"/>
<String CONTENT="Johns" HEIGHT="40" WIDTH="154" VPOS="3452" HPOS="1085"/>
<SP HEIGHT="39" WIDTH="24" VPOS="3452" HPOS="1240"/>
<String CONTENT="Hopkins" HEIGHT="49" WIDTH="221" VPOS="3452" HPOS="1265"/>
<SP HEIGHT="29" WIDTH="24" VPOS="3464" HPOS="1487"/>
<String CONTENT="university." HEIGHT="49" WIDTH="279" VPOS="3454" HPOS="1512"/>
</TextLine>
<TextLine HEIGHT="51" WIDTH="696" VPOS="3502" HPOS="187">
<String CONTENT="Bibliography:" HEIGHT="49" WIDTH="372" VPOS="3502" HPOS="187"/>
<SP HEIGHT="38" WIDTH="32" VPOS="3515" HPOS="560"/>
<String CONTENT="p." HEIGHT="38" WIDTH="41" VPOS="3515" HPOS="593"/>
<SP HEIGHT="40" WIDTH="32" VPOS="3505" HPOS="635"/>
<String CONTENT="151-155." HEIGHT="41" WIDTH="215" VPOS="3505" HPOS="668"/>
</TextLine>
<TextLine HEIGHT="59" WIDTH="1988" VPOS="3556" HPOS="128">
<String CONTENT="&#169;" HEIGHT="51" WIDTH="51" VPOS="3556" HPOS="128"/>
<SP HEIGHT="51" WIDTH="34" VPOS="3556" HPOS="180"/>
<String CONTENT="Aug." HEIGHT="47" WIDTH="117" VPOS="3562" HPOS="215"/>
<SP HEIGHT="37" WIDTH="35" VPOS="3562" HPOS="333"/>
<String CONTENT="18," HEIGHT="48" WIDTH="68" VPOS="3561" HPOS="369"/>
<SP HEIGHT="47" WIDTH="35" VPOS="3562" HPOS="438"/>
<String CONTENT="1931;" HEIGHT="47" WIDTH="139" VPOS="3560" HPOS="474"/>
<SP HEIGHT="46" WIDTH="35" VPOS="3561" HPOS="614"/>
<String CONTENT="2c." HEIGHT="40" WIDTH="65" VPOS="3561" HPOS="650"/>
<SP HEIGHT="37" WIDTH="35" VPOS="3563" HPOS="716"/>
<String CONTENT="Aug." HEIGHT="46" WIDTH="118" VPOS="3563" HPOS="752"/>
<SP HEIGHT="40" WIDTH="34" VPOS="3561" HPOS="871"/>
<String CONTENT="21;" HEIGHT="47" WIDTH="82" VPOS="3561" HPOS="906"/>
<SP HEIGHT="34" WIDTH="36" VPOS="3574" HPOS="989"/>
<String CONTENT="aff." HEIGHT="42" WIDTH="82" VPOS="3563" HPOS="1026"/>
<SP HEIGHT="41" WIDTH="34" VPOS="3564" HPOS="1109"/>
<String CONTENT="Aug." HEIGHT="48" WIDTH="120" VPOS="3564" HPOS="1144"/>
<SP HEIGHT="40" WIDTH="33" VPOS="3565" HPOS="1265"/>
<String CONTENT="22;" HEIGHT="48" WIDTH="83" VPOS="3564" HPOS="1299"/>
<SP HEIGHT="45" WIDTH="37" VPOS="3567" HPOS="1383"/>
<!-- cceid EF94793C-6E8D-1014-9CF5-AEB3FCA41D69 --><String CONTENT="A" HEIGHT="37" WIDTH="39" VPOS="3567" HPOS="1421"/>
<SP HEIGHT="38" WIDTH="31" VPOS="3567" HPOS="1461"/>
<String CONTENT="40986;" HEIGHT="48" WIDTH="171" VPOS="3566" HPOS="1493"/>
<SP HEIGHT="46" WIDTH="37" VPOS="3568" HPOS="1665"/>
<String CONTENT="Johns" HEIGHT="40" WIDTH="154" VPOS="3568" HPOS="1703"/>
<SP HEIGHT="39" WIDTH="33" VPOS="3569" HPOS="1858"/>
<String CONTENT="Hopkins" HEIGHT="46" WIDTH="224" VPOS="3569" HPOS="1892"/>
</TextLine>
<TextLine HEIGHT="48" WIDTH="497" VPOS="3617" HPOS="195">
<String CONTENT="press." HEIGHT="37" WIDTH="147" VPOS="3627" HPOS="195"/>
<SP HEIGHT="48" WIDTH="70" VPOS="3617" HPOS="343"/>
<String CONTENT="(31-23798)" HEIGHT="48" WIDTH="278" VPOS="3617" HPOS="414"/>
</TextLine>
<TextLine HEIGHT="65" WIDTH="478" VPOS="3681" HPOS="125" STYLEREFS="StyleId-56C71FDE-8C9E-492F-889A-D4E3A436E85C-" CS="1">
<String CS="1" CONTENT="Latan&#233;," HEIGHT="65" WIDTH="242" VPOS="3681" HPOS="125"/>
<SP HEIGHT="63" WIDTH="33" VPOS="3683" HPOS="368"/>
<String CONTENT="Edith." HEIGHT="55" WIDTH="201" VPOS="3682" HPOS="402"/>
</TextLine>
<TextLine HEIGHT="77" WIDTH="1863" VPOS="3757" HPOS="191" STYLEREFS="StyleId-67116FFE-0FE1-4FDC-98F6-F20BC7DBB06D-" CS="1">
<String CONTENT="American" HEIGHT="54" WIDTH="306" VPOS="3757" HPOS="191"/>
<SP HEIGHT="51" WIDTH="25" VPOS="3761" HPOS="498"/>
<String CONTENT="history" HEIGHT="68" WIDTH="220" VPOS="3759" HPOS="524"/>
<SP HEIGHT="66" WIDTH="27" VPOS="3761" HPOS="745"/>
<String CONTENT="for" HEIGHT="51" WIDTH="94" VPOS="3761" HPOS="773"/>
<SP HEIGHT="50" WIDTH="23" VPOS="3780" HPOS="868"/>
<String CONTENT="young" HEIGHT="50" WIDTH="192" VPOS="3780" HPOS="892"/>
<SP HEIGHT="66" WIDTH="22" VPOS="3764" HPOS="1085"/>
<String CONTENT="Americans," HEIGHT="68" WIDTH="354" VPOS="3763" HPOS="1108"/>
<SP HEIGHT="66" WIDTH="25" VPOS="3765" HPOS="1463"/>
<String CONTENT="by" HEIGHT="69" WIDTH="76" VPOS="3765" HPOS="1489"/>
<SP HEIGHT="66" WIDTH="26" VPOS="3768" HPOS="1566"/>
<String CONTENT="Edith" HEIGHT="53" WIDTH="178" VPOS="3766" HPOS="1593"/>
<SP HEIGHT="52" WIDTH="29" VPOS="3768" HPOS="1772"/>
<String CS="1" CONTENT="Latan&#233;" HEIGHT="52" WIDTH="185" VPOS="3769" HPOS="1802"/>
<SP HEIGHT="35" WIDTH="32" VPOS="3788" HPOS="2022"/>
<String CS="1" CONTENT="&#8230;"/>
</TextLine>
<TextLine HEIGHT="79" WIDTH="1988" VPOS="3836" HPOS="124" STYLEREFS="StyleId-67116FFE-0FE1-4FDC-98F6-F20BC7DBB06D-" CS="1">
<String CONTENT="and" HEIGHT="51" WIDTH="111" VPOS="3836" HPOS="124"/>
<SP HEIGHT="54" WIDTH="35" VPOS="3836" HPOS="236"/>
<String CONTENT="John" HEIGHT="54" WIDTH="156" VPOS="3836" HPOS="272"/>
<SP HEIGHT="51" WIDTH="36" VPOS="3838" HPOS="429"/>
<String CONTENT="Holladay" HEIGHT="70" WIDTH="293" VPOS="3837" HPOS="466"/>
<SP HEIGHT="67" WIDTH="35" VPOS="3840" HPOS="760"/>
<String CS="1" CONTENT="Latan&#233;." HEIGHT="51" WIDTH="232" VPOS="3840" HPOS="796"/>
<SP HEIGHT="50" WIDTH="75" VPOS="3841" HPOS="1029"/>
<String CONTENT="Boston," HEIGHT="67" WIDTH="233" VPOS="3841" HPOS="1105"/>
<SP HEIGHT="65" WIDTH="35" VPOS="3843" HPOS="1339"/>
<String CONTENT="New" HEIGHT="52" WIDTH="138" VPOS="3843" HPOS="1375"/>
<SP HEIGHT="51" WIDTH="36" VPOS="3844" HPOS="1514"/>
<String CONTENT="York" HEIGHT="51" WIDTH="163" VPOS="3844" HPOS="1551"/>
<SP HEIGHT="67" WIDTH="39" VPOS="3844" HPOS="1715"/>
<String CS="1" CONTENT="[etc.]" HEIGHT="63" WIDTH="119" VPOS="3849" HPOS="1773"/>
<SP HEIGHT="66" WIDTH="42" VPOS="3846" HPOS="1893"/>
<String CONTENT="Allyn" HEIGHT="69" WIDTH="176" VPOS="3846" HPOS="1936"/>
</TextLine>
<TextLine HEIGHT="73" WIDTH="558" VPOS="3912" HPOS="125" STYLEREFS="StyleId-67116FFE-0FE1-4FDC-98F6-F20BC7DBB06D-" CS="1">
<String CONTENT="and" HEIGHT="52" WIDTH="111" VPOS="3912" HPOS="125"/>
<SP HEIGHT="53" WIDTH="26" VPOS="3912" HPOS="237"/>
<String CONTENT="Bacon" HEIGHT="50" WIDTH="193" VPOS="3915" HPOS="264"/>
<SP HEIGHT="49" WIDTH="34" VPOS="3931" HPOS="458"/>
<String CONTENT="[" HEIGHT="33" WIDTH="12" VPOS="3947" HPOS="493"/>
<String STYLE="superscript" CS="1" CONTENT="&#7580;1"/>
<String CONTENT="931]" HEIGHT="68" WIDTH="116" VPOS="3917" HPOS="567"/>
</TextLine>
</TextBlock>
</PrintSpace>
</Page>
</Layout>
</alto>