2505 4370
1286 4038 105 57 694

326 391 274 66 Goodale,
630 393 140 54 Mrs.
800 390 335 55 Katherine
1174 391 301 67 (Molony)

391 469 230 54 Behind
648 468 96 53 the
772 487 186 35 scenes
987 468 143 55 with
1159 469 214 53 Edwin
1400 469 209 71 Booth,
1635 469 76 71 by
1739 469 322 55 Katherine
2090 468 254 55 Goodale

332 545 2014 74 (Kitty Molony); with a foreword by Mrs. Fiske … Boston
322 625 115 54 and
466 625 139 54 New
637 625 181 69 York,
848 626 320 69 Houghton
1195 624 208 55 Mifflin
1433 644 297 54 company,
1763 629 152 51 1931.

392 706 1306 50 xiii, [1], 327, [1] p. front., plates, ports. 22 ᶜᵐ .
394 763 104 42 One
525 764 135 48 plate
688 763 346 50 accompanied
1062 764 63 48 by
1154 766 158 47 guard
1341 765 137 40 sheet
1509 764 122 41 with
1662 765 296 48 descriptive
1985 767 302 48 letterpress.

330 835 2017 53 © May 15, 1931; 2c. and aff. May 18; A 37363; K. Goodale, Los Angeles.
408 894 284 52 (31-12996)

326 990 363 66 Goodspeed,
719 990 204 65 Edgar
949 989 287 66 Johnson,
1269 991 173 55 1871-

395 1069 126 54 The
556 1074 160 64 story
753 1068 66 54 of
854 1069 97 52 the
988 1070 141 53 New
1166 1071 349 65 Testament,
1553 1069 76 69 by
1668 1069 201 69 Edgar
1907 1070 55 54 J.
2004 1070 341 68 Goodspeed

386 1144 1819 72 … Chicago, Ill., The University of Chicago press [1931]
395 1227 1952 50 xiii, 150 p. 17 ᶜᵐ . (Half-title: The University of Chicago publications
326 1284 1723 50 in religious education … Handbooks of ethics and religion)
399 1342 217 42 “Second
650 1342 186 41 edition
873 1344 129 39 June
1036 1342 130 41 1929.
1230 1342 187 42 Second
1452 1342 291 49 impression
1781 1344 252 48 February
2069 1343 159 41 1931.”

396 1401 382 48 Bibliography:
809 1411 43 38 p.
881 1399 219 42 146-148.

330 1467 52 54 ©
413 1472 128 41 June
568 1471 70 50 25,
667 1470 116 42 1929;
840 1472 69 41 2c.
939 1472 97 40 and
1065 1470 83 42 aff.
1180 1472 114 47 May
1324 1471 40 49 8,
1394 1470 114 42 1931;
1567 1473 41 38 A
1636 1471 145 42 38034;
1843 1471 285 49 University

2159 1472 52 39 of
398 1470 1932 108 Chicago,
570 1529 226 49 Chicago.
871 1527 283 52 (31-12983)

326 1623 256 67 Gosnell,
614 1625 246 64 Harpur
891 1624 191 56 Allen.

396 1700 187 72 Scoop
617 1700 369 70 circulation;
1020 1720 199 51 scoops
1253 1702 115 54 and
1399 1701 153 54 their
1582 1700 279 56 influence
1891 1721 75 35 on
1997 1702 351 70 condensing

323 1780 2025 71 equipment, by Lieut. Comdr. H. Allen Gosnell … New York,
325 1859 255 70 Chicago
638 1864 139 63 [etc.]
834 1857 654 57 Simmons-Boardman
1538 1858 338 71 publishing
1925 1878 81 35 co.;
2088 1860 260 72 London,

325 1937 986 71 Simpkin, Marshall, ltd. [ ᶜ193 1]
398 2020 910 51 xi, 69 p. incl. front., illus. 20 ᶜᵐ .
331 2091 52 52 ©
407 2095 117 48 Apr.
546 2093 72 50 27,
643 2092 113 42 1931;
811 2093 69 41 2c.
904 2094 113 46 Apr.
1042 2091 60 41 30;
1153 2091 81 41 aff.
1263 2093 114 47 May
1402 2091 26 39 2;
1484 2093 41 38 A
1549 2090 145 42 37095;
1750 2092 62 42 H.
1837 2093 55 41 A.

1921 2092 210 49 Gosnell,
399 2093 1933 108 Princeton,
528 2152 59 41 N.
619 2152 44 40 J.
734 2149 284 51 (31-12505)

330 2247 284 65 Graham,
644 2245 158 56 John
832 2246 87 65 E.,
954 2245 174 57 1875-

392 2324 125 53 The
540 2343 128 51 way
693 2324 64 52 of
779 2323 97 55 the
900 2321 237 70 skeptic,
1163 2321 76 71 by
1322 2321 242 55 Reverend
1590 2321 157 55 John
1772 2322 70 55 E.
1871 2321 272 55 Graham.
2207 2322 138 55 New

323 2403 182 68 York,
553 2403 64 52 L.
669 2400 357 70 MacVeagh,
1076 2400 123 53 The
1247 2399 138 53 Dial
1440 2417 186 51 press;
1681 2400 271 70 Toronto,
2001 2401 346 69 Longmans,

323 2480 686 70 Green and co. [ ᶜ193 1 ]
394 2559 773 52 viii p., 1 l., 11-316 p. 21 ᶜᵐ .
396 2620 77 40 An
503 2629 196 31 answer
727 2621 50 38 to
810 2616 254 42 “Treatise
1095 2626 62 30 on
1191 2617 84 40 the
1304 2615 146 49 gods”
1484 2617 61 47 by
1576 2617 62 40 H.
1669 2617 51 41 L.
1752 2616 236 41 Mencken.
2063 2620 63 48 cf.
2160 2619 186 43 Introd.

324 2689 44 38 p.
401 2676 161 42 13-18.

333 2750 52 52 ©
415 2753 118 48 Apr,
562 2751 70 48 20,
665 2750 114 41 1931;
840 2748 68 42 2c.
940 2749 97 39 and
1068 2746 83 42 aff.
1184 2747 116 47 May
1331 2747 55 39 11;
1449 2747 41 38 A
1519 2745 145 41 38053;
1727 2746 116 40 Dial
1873 2757 151 39 press,
2057 2747 92 40 inc.

415 2808 283 53 (31-12476)

328 2908 213 66 Grove,
570 2903 248 56 Harriet
844 2902 186 65 Pyne.

398 2976 1948 77 Betty Lee, freshman, by Harriet Pyne Grove … New York,
328 3062 275 70 Chicago,
629 3062 71 54 A.
728 3061 65 52 L.
823 3061 151 51 Burt
999 3072 284 53 company
1357 3058 153 67 [ᶜ1931]

399 3144 89 41 254
514 3156 44 38 p.
617 3142 152 40 front.
830 3138 147 42 19½ᶜᵐ.
1047 3137 130 48 (Her
1202 3137 103 40 The
1333 3137 148 48 Betty
1509 3136 94 41 Lee
1630 3135 177 50 series)

333 3200 52 52 ©
419 3204 115 46 May
565 3201 40 48 2,
638 3199 113 41 1931;
813 3198 68 41 2c.
915 3198 114 46 May
1060 3196 26 40 5;
1148 3194 83 41 aff.
1266 3196 114 47 May
1413 3195 28 40 8;
1500 3194 43 40 A
1571 3193 146 41 36994;
1777 3195 56 41 A.
1866 3195 51 40 L.
1952 3195 127 41 Burt
2110 3206 69 31 co.

411 3257 284 52 (31-12235)

400 3344 1945 79 Betty Lee, sophomore, by Harriet Pyne Grove … New
330 3432 181 67 York,
546 3430 273 68 Chicago,
852 3428 71 53 A.
956 3427 66 53 L.
1057 3427 151 52 Burt
1240 3441 285 53 company
1604 3426 152 66 [ᶜ1931]

400 3513 89 42 256
513 3525 44 38 p.
619 3512 151 40 front.
831 3507 148 42 19½ᶜᵐ.
1047 3506 131 50 (Her
1201 3505 104 41 The
1332 3505 149 47 Betty
1508 3504 95 41 Lee
1629 3504 177 48 series)

334 3570 52 52 ©
414 3574 116 46 May
555 3570 39 49 2,
622 3569 114 41 1931;
792 3567 68 41 2c.
887 3567 114 46 May
1029 3565 26 40 5;
1112 3563 84 42 aff.
1223 3564 115 47 May
1366 3562 25 41 8;
1448 3563 41 38 A
1514 3561 146 42 36995;
1718 3564 54 40 A.
1800 3564 51 40 L.
1881 3564 128 41 Burt
2033 3573 69 32 co.

413 3626 282 52 (31-12236)

398 3724 125 53 The
562 3718 274 71 campfire
875 3715 144 72 girls
1059 3714 65 54 of
1160 3712 355 70 Wyandotte
1557 3729 185 51 camp,
1780 3711 77 71 by
1897 3712 245 55 Harriet
2184 3715 163 68 Pyne

328 3788 2011 72 Grove … New York, Chicago, A. L. Burt company [ ᶜ193 1]
397 3868 1191 61 254 p. front. 19 ᶜᵐ . [The Camp fire girls]
337 3937 52 53 ©
418 3942 114 45 May
557 3938 40 48 2,
625 3936 112 41 1931;
795 3934 67 41 2c.
890 3933 113 47 May
1030 3931 25 40 5;
1113 3928 81 43 aff.
1223 3930 115 46 May
1366 3928 26 40 8;
1449 3928 40 39 A
1515 3926 145 43 36993;
1717 3929 55 40 A.
1801 3929 50 38 L.
1881 3929 125 41 Burt
2033 3940 69 32 co.

419 3994 281 53 (31-12460)
