<alto xmlns="http://www.loc.gov/standards/alto/ns-v3#" xmlns:xlink="http://www.w3.org/1999/xlink" xmlns:xsi="http://www.w3.org/2001/XMLSchema-instance" xsi:schemaLocation="http://www.loc.gov/standards/alto/ns-v3# http://www.loc.gov/alto/v3/alto-3-0.xsd"><Description>
<MeasurementUnit>pixel</MeasurementUnit>
<sourceImageInformation>
<fileName>1931_v28_Part001.pdf</fileName>
</sourceImageInformation>
<OCRProcessing ID="IdOcr">
<ocrProcessingStep>
<processingDateTime>2019-04-22</processingDateTime>
<processingSoftware>
<softwareCreator>ABBYY</softwareCreator>
<softwareName>ABBYY Recognition Server</softwareName>
<softwareVersion>4.0</softwareVersion>
</processingSoftware>
</ocrProcessingStep>
</OCRProcessing>
</Description>
<Styles>
<ParagraphStyle ID="StyleId-FFFFFFFF-FFFF-FFFF-FFFF-FFFFFFFFFFFF-" ALIGN="Left" LEFT="0." RIGHT="0." FIRSTLINE="0."/>
<ParagraphStyle ID="StyleId-204B5AEB-67A1-44E2-A013-34B3A0F3E0EA-" ALIGN="Right" LEFT="0." RIGHT="0." FIRSTLINE="0." LINESPACE="8.300000191"/>
<ParagraphStyle ID="StyleId-03245871-796C-4429-B3C7-F9019C8C5B89-" ALIGN="Left" LEFT="0." RIGHT="0." FIRSTLINE="0." LINESPACE="12.19999981"/>
<ParagraphStyle ID="StyleId-BDCA8811-25FF-44DB-8D6F-2072A4ABC070-" ALIGN="Center" LEFT="0." RIGHT="0." FIRSTLINE="0." LINESPACE="12.19999981"/>
<ParagraphStyle ID="StyleId-2C5B7DF0-AF87-455E-B9A8-6FE387CB59BD-" ALIGN="Left" LEFT="0." RIGHT="0." FIRSTLINE="-13." LINESPACE="8.479999542"/>
<ParagraphStyle ID="StyleId-9FB72FA1-55D5-4161-8333-823D5732F4D0-" ALIGN="Block" LEFT="0." RIGHT="0." FIRSTLINE="-14." LINESPACE="10."/>
<ParagraphStyle ID="StyleId-212AEB8C-A829-4BF1-8E45-5BFE386A469C-" ALIGN="Block" LEFT="0." RIGHT="0." FIRSTLINE="-14." LINESPACE="11.35000038"/>
<ParagraphStyle ID="StyleId-4EC79CC1-EA62-49CE-ABB6-D84DDFCF4C7D-" ALIGN="Block" LEFT="0." RIGHT="0." FIRSTLINE="-10." LINESPACE="12.19999981"/>
<ParagraphStyle ID="StyleId-DAF2E8EE-6444-4951-9284-36A6C020C887-" ALIGN="Left" LEFT="0." RIGHT="0." FIRSTLINE="0." LINESPACE="9.399999619"/>
<ParagraphStyle ID="StyleId-25241749-1672-4977-B19F-38F59800D6D8-" ALIGN="Left" LEFT="0." RIGHT="0." FIRSTLINE="0." LINESPACE="11.10000038"/>
<ParagraphStyle ID="StyleId-8C523E19-EDEF-4F23-B010-536E1A1AAE1A-" ALIGN="Left" LEFT="0." RIGHT="0." FIRSTLINE="-13." LINESPACE="12.19999981"/>
<ParagraphStyle ID="StyleId-A1F9DE9E-2625-4D8B-AD7E-F0A0034C2989-" ALIGN="Block" LEFT="0." RIGHT="0." FIRSTLINE="0." LINESPACE="12.19999981"/>
<ParagraphStyle ID="StyleId-5725BB01-2B1C-440F-BAF2-696C4F4DF162-" ALIGN="Block" LEFT="0." RIGHT="0." FIRSTLINE="13." LINESPACE="12.19999981"/>
<ParagraphStyle ID="StyleId-F10A2092-61AA-44FD-99C2-123B3A8051CF-" ALIGN="Left" LEFT="0." RIGHT="0." FIRSTLINE="0." LINESPACE="5.5"/>
<ParagraphStyle ID="StyleId-B3CDC8CC-D2E1-4A23-B67C-CDD40993D1DD-" ALIGN="Left" LEFT="0." RIGHT="0." FIRSTLINE="0." LINESPACE="10."/>
<ParagraphStyle ID="StyleId-871EBF53-D909-4C8F-B368-AC7D897344DD-" ALIGN="Left" LEFT="0." RIGHT="0." FIRSTLINE="0."/>
<ParagraphStyle ID="StyleId-C4129744-680B-4878-B2C4-44BA3742C8D7-" ALIGN="Block" LEFT="0." RIGHT="0." FIRSTLINE="-14." LINESPACE="11.35000038"/>
<ParagraphStyle ID="StyleId-9CE98075-0B04-43D4-88D8-CE3BAB51B419-" ALIGN="Block" LEFT="0." RIGHT="0." FIRSTLINE="-10." LINESPACE="12.19999981"/>
<ParagraphStyle ID="StyleId-B2CFB7B3-DFFA-4E0E-94D6-C2BCE88DA9A9-" ALIGN="Left" LEFT="0." RIGHT="0." FIRSTLINE="0." LINESPACE="12.5"/>
<ParagraphStyle ID="StyleId-8D3352F3-1084-4DDE-A35D-B97102CCE686-" ALIGN="Left" LEFT="0." RIGHT="0." FIRSTLINE="0." LINESPACE="11.60000038"/>
<ParagraphStyle ID="StyleId-4A8DDA0D-166D-4E22-A597-BA51B892602D-" ALIGN="Block" LEFT="0." RIGHT="0." FIRSTLINE="0." LINESPACE="11.21000004"/>
<ParagraphStyle ID="StyleId-90EA4001-AA3C-45A1-AEDC-D1E1169EE5E5-" ALIGN="Block" LEFT="0." RIGHT="0." FIRSTLINE="13." LINESPACE="12.19999981"/>
</Styles>
<Layout>
<Page ID="Page513" PHYSICAL_IMG_NR="513" HEIGHT="4370" WIDTH="2505">
<TopMargin HEIGHT="400" WIDTH="2505" VPOS="0" HPOS="0">
</TopMargin>
<LeftMargin HEIGHT="3633" WIDTH="98" VPOS="400" HPOS="0">
</LeftMargin>
<RightMargin HEIGHT="3633" WIDTH="369" VPOS="400" HPOS="2136">
</RightMargin>
<BottomMargin HEIGHT="337" WIDTH="2505" VPOS="4033" HPOS="0">
<TextBlock ID="Page513_Block1" HEIGHT="73" WIDTH="180" VPOS="4040" HPOS="1012" LANG="en-US" STYLEREFS="StyleId-9C28869C-B65B-4B1C-ADAD-61953C1B4CA6-">
<TextLine HEIGHT="49" WIDTH="99" VPOS="4044" HPOS="1056">
<String CONTENT="513" HEIGHT="49" WIDTH="99" VPOS="4044" HPOS="1056"/>
</TextLine>
</TextBlock>
</BottomMargin>
<PrintSpace HEIGHT="3633" WIDTH="2038" VPOS="400" HPOS="98">
<TextBlock ID="Page513_Block2" HEIGHT="3633" WIDTH="2038" VPOS="400" HPOS="98" LANG="en-US" CS="1" STYLEREFS="StyleId-3CB72BB0-E595-4551-8940-6F668CD4E795-">
<TextLine HEIGHT="69" WIDTH="2001" VPOS="410" HPOS="124" STYLEREFS="StyleId-AB181B6D-51AE-4AA7-9625-620A384557A3-">
<String CONTENT="The" HEIGHT="52" WIDTH="119" VPOS="413" HPOS="124"/>
<SP HEIGHT="55" WIDTH="42" VPOS="410" HPOS="244"/>
<String CONTENT="American" HEIGHT="53" WIDTH="317" VPOS="410" HPOS="287"/>
<SP HEIGHT="35" WIDTH="40" VPOS="428" HPOS="605"/>
<String CONTENT="missal;" HEIGHT="66" WIDTH="221" VPOS="411" HPOS="646"/>
<SP HEIGHT="66" WIDTH="42" VPOS="411" HPOS="868"/>
<String CONTENT="being" HEIGHT="68" WIDTH="170" VPOS="411" HPOS="911"/>
<SP HEIGHT="63" WIDTH="39" VPOS="416" HPOS="1082"/>
<String CONTENT="the" HEIGHT="52" WIDTH="97" VPOS="411" HPOS="1122"/>
<SP HEIGHT="52" WIDTH="40" VPOS="411" HPOS="1220"/>
<String CONTENT="liturgy" HEIGHT="68" WIDTH="220" VPOS="411" HPOS="1261"/>
<SP HEIGHT="67" WIDTH="41" VPOS="412" HPOS="1482"/>
<String CONTENT="from" HEIGHT="53" WIDTH="152" VPOS="412" HPOS="1524"/>
<SP HEIGHT="50" WIDTH="39" VPOS="414" HPOS="1677"/>
<String CONTENT="the" HEIGHT="53" WIDTH="97" VPOS="411" HPOS="1717"/>
<SP HEIGHT="52" WIDTH="41" VPOS="412" HPOS="1815"/>
<String CONTENT="Book" HEIGHT="54" WIDTH="163" VPOS="410" HPOS="1857"/>
<SP HEIGHT="54" WIDTH="38" VPOS="410" HPOS="2021"/>
<String CONTENT="of" HEIGHT="52" WIDTH="65" VPOS="412" HPOS="2060"/>
</TextLine>
<TextLine HEIGHT="70" WIDTH="1927" VPOS="485" HPOS="191" STYLEREFS="StyleId-AB181B6D-51AE-4AA7-9625-620A384557A3-">
<String CONTENT="common" HEIGHT="35" WIDTH="254" VPOS="504" HPOS="191"/>
<SP HEIGHT="49" WIDTH="38" VPOS="505" HPOS="446"/>
<String CONTENT="prayer" HEIGHT="51" WIDTH="206" VPOS="504" HPOS="485"/>
<SP HEIGHT="34" WIDTH="39" VPOS="504" HPOS="692"/>
<String CONTENT="according" HEIGHT="68" WIDTH="303" VPOS="485" HPOS="732"/>
<SP HEIGHT="61" WIDTH="37" VPOS="492" HPOS="1036"/>
<String CONTENT="to" HEIGHT="47" WIDTH="57" VPOS="492" HPOS="1074"/>
<SP HEIGHT="46" WIDTH="38" VPOS="492" HPOS="1132"/>
<String CONTENT="the" HEIGHT="53" WIDTH="95" VPOS="485" HPOS="1171"/>
<SP HEIGHT="35" WIDTH="35" VPOS="503" HPOS="1267"/>
<String CONTENT="use" HEIGHT="37" WIDTH="97" VPOS="503" HPOS="1303"/>
<SP HEIGHT="35" WIDTH="37" VPOS="505" HPOS="1401"/>
<String CONTENT="of" HEIGHT="53" WIDTH="63" VPOS="485" HPOS="1439"/>
<SP HEIGHT="56" WIDTH="37" VPOS="485" HPOS="1503"/>
<String CONTENT="the" HEIGHT="54" WIDTH="96" VPOS="487" HPOS="1541"/>
<SP HEIGHT="34" WIDTH="36" VPOS="505" HPOS="1638"/>
<String CONTENT="church" HEIGHT="53" WIDTH="208" VPOS="486" HPOS="1675"/>
<SP HEIGHT="53" WIDTH="39" VPOS="485" HPOS="1884"/>
<String CONTENT="in" HEIGHT="53" WIDTH="60" VPOS="485" HPOS="1924"/>
<SP HEIGHT="47" WIDTH="37" VPOS="491" HPOS="1985"/>
<String CONTENT="the" HEIGHT="54" WIDTH="95" VPOS="486" HPOS="2023"/>
</TextLine>
<TextLine HEIGHT="71" WIDTH="1930" VPOS="562" HPOS="189" STYLEREFS="StyleId-AB181B6D-51AE-4AA7-9625-620A384557A3-">
<String CONTENT="United" HEIGHT="56" WIDTH="215" VPOS="563" HPOS="189"/>
<SP HEIGHT="56" WIDTH="28" VPOS="563" HPOS="405"/>
<String CONTENT="States" HEIGHT="56" WIDTH="188" VPOS="563" HPOS="434"/>
<SP HEIGHT="34" WIDTH="27" VPOS="583" HPOS="623"/>
<String CONTENT="of" HEIGHT="53" WIDTH="63" VPOS="563" HPOS="651"/>
<SP HEIGHT="53" WIDTH="25" VPOS="563" HPOS="715"/>
<String CONTENT="America," HEIGHT="70" WIDTH="281" VPOS="563" HPOS="741"/>
<SP HEIGHT="49" WIDTH="27" VPOS="584" HPOS="1023"/>
<String CONTENT="with" HEIGHT="55" WIDTH="140" VPOS="562" HPOS="1051"/>
<SP HEIGHT="54" WIDTH="27" VPOS="562" HPOS="1192"/>
<String CONTENT="introits," HEIGHT="70" WIDTH="247" VPOS="562" HPOS="1220"/>
<SP HEIGHT="50" WIDTH="26" VPOS="582" HPOS="1468"/>
<String LANG="fr" CONTENT="graduais," HEIGHT="69" WIDTH="288" VPOS="563" HPOS="1495"/>
<SP HEIGHT="47" WIDTH="29" VPOS="585" HPOS="1784"/>
<String CONTENT="and" HEIGHT="56" WIDTH="112" VPOS="563" HPOS="1814"/>
<SP HEIGHT="54" WIDTH="31" VPOS="563" HPOS="1927"/>
<String CONTENT="other" HEIGHT="53" WIDTH="160" VPOS="564" HPOS="1959"/>
</TextLine>
<TextLine HEIGHT="132" WIDTH="1905" VPOS="640" HPOS="189" STYLEREFS="StyleId-AB181B6D-51AE-4AA7-9625-620A384557A3-" CS="1">
<String CONTENT="devotions" HEIGHT="54" WIDTH="294" VPOS="641" HPOS="190"/>
<SP HEIGHT="48" WIDTH="27" VPOS="661" HPOS="485"/>
<String CONTENT="proper" HEIGHT="50" WIDTH="207" VPOS="659" HPOS="513"/>
<SP HEIGHT="47" WIDTH="30" VPOS="648" HPOS="721"/>
<String CONTENT="to" HEIGHT="47" WIDTH="58" VPOS="648" HPOS="752"/>
<SP HEIGHT="46" WIDTH="28" VPOS="647" HPOS="811"/>
<String CONTENT="the" HEIGHT="51" WIDTH="95" VPOS="642" HPOS="840"/>
<SP HEIGHT="33" WIDTH="28" VPOS="660" HPOS="936"/>
<String CONTENT="same," HEIGHT="51" WIDTH="167" VPOS="659" HPOS="965"/>
<SP HEIGHT="63" WIDTH="29" VPOS="647" HPOS="1133"/>
<String CONTENT="together" HEIGHT="68" WIDTH="257" VPOS="641" HPOS="1163"/>
<SP HEIGHT="33" WIDTH="32" VPOS="660" HPOS="1421"/>
<String CONTENT="with" HEIGHT="55" WIDTH="140" VPOS="640" HPOS="1454"/>
<SP HEIGHT="69" WIDTH="32" VPOS="641" HPOS="1595"/>
<String CONTENT="propers" HEIGHT="50" WIDTH="235" VPOS="660" HPOS="1628"/>
<SP HEIGHT="54" WIDTH="30" VPOS="642" HPOS="1864"/>
<String CONTENT="for" HEIGHT="53" WIDTH="93" VPOS="642" HPOS="1895"/>
<SP HEIGHT="35" WIDTH="30" VPOS="660" HPOS="1989"/>
<String CONTENT="additional" HEIGHT="130" WIDTH="1905" VPOS="642" HPOS="189"/>
</TextLine>
<TextLine HEIGHT="70" WIDTH="1645" VPOS="718" HPOS="472" STYLEREFS="StyleId-AB181B6D-51AE-4AA7-9625-620A384557A3-">
<String CONTENT="holy" HEIGHT="68" WIDTH="134" VPOS="720" HPOS="472"/>
<SP HEIGHT="70" WIDTH="44" VPOS="718" HPOS="607"/>
<String CONTENT="days" HEIGHT="70" WIDTH="138" VPOS="718" HPOS="652"/>
<SP HEIGHT="35" WIDTH="43" VPOS="739" HPOS="791"/>
<String CONTENT="and" HEIGHT="53" WIDTH="112" VPOS="719" HPOS="835"/>
<SP HEIGHT="52" WIDTH="40" VPOS="719" HPOS="948"/>
<String CONTENT="saints&#8217;" HEIGHT="53" WIDTH="194" VPOS="718" HPOS="989"/>
<SP HEIGHT="53" WIDTH="44" VPOS="718" HPOS="1184"/>
<String CONTENT="days" HEIGHT="70" WIDTH="140" VPOS="718" HPOS="1229"/>
<SP HEIGHT="36" WIDTH="44" VPOS="738" HPOS="1370"/>
<String CONTENT="and" HEIGHT="51" WIDTH="111" VPOS="720" HPOS="1415"/>
<SP HEIGHT="52" WIDTH="45" VPOS="719" HPOS="1527"/>
<String CONTENT="for" HEIGHT="52" WIDTH="93" VPOS="719" HPOS="1573"/>
<SP HEIGHT="33" WIDTH="43" VPOS="738" HPOS="1667"/>
<String CONTENT="requiem" HEIGHT="67" WIDTH="247" VPOS="719" HPOS="1711"/>
<SP HEIGHT="35" WIDTH="45" VPOS="738" HPOS="1959"/>
<String CONTENT="and" HEIGHT="54" WIDTH="112" VPOS="719" HPOS="2005"/>
</TextLine>
<TextLine HEIGHT="72" WIDTH="1904" VPOS="794" HPOS="187" STYLEREFS="StyleId-AB181B6D-51AE-4AA7-9625-620A384557A3-" CS="1">
<String CONTENT="votive" HEIGHT="53" WIDTH="188" VPOS="796" HPOS="187"/>
<SP HEIGHT="34" WIDTH="26" VPOS="815" HPOS="376"/>
<String CONTENT="masses." HEIGHT="35" WIDTH="219" VPOS="815" HPOS="403"/>
<SP HEIGHT="53" WIDTH="64" VPOS="796" HPOS="623"/>
<String CONTENT="Milwaukee," HEIGHT="71" WIDTH="357" VPOS="794" HPOS="688"/>
<SP HEIGHT="69" WIDTH="27" VPOS="796" HPOS="1046"/>
<String CONTENT="Morehouse" HEIGHT="52" WIDTH="335" VPOS="796" HPOS="1074"/>
<SP HEIGHT="50" WIDTH="28" VPOS="814" HPOS="1410"/>
<String CONTENT="publishing" HEIGHT="70" WIDTH="335" VPOS="796" HPOS="1439"/>
<SP HEIGHT="51" WIDTH="27" VPOS="815" HPOS="1775"/>
<String CONTENT="co." HEIGHT="33" WIDTH="76" VPOS="817" HPOS="1803"/>
<SP HEIGHT="34" WIDTH="38" VPOS="832" HPOS="1880"/>
<String STYLE="subscript" CONTENT="[" HEIGHT="34" WIDTH="12" VPOS="832" HPOS="1919"/>
<String STYLE="superscript" CS="1" CONTENT="&#7580;19"/>
<String CS="1" CONTENT="31]" HEIGHT="49" WIDTH="64" VPOS="800" HPOS="2027"/>
</TextLine>
<TextLine HEIGHT="50" WIDTH="472" VPOS="876" HPOS="259" STYLEREFS="StyleId-AB181B6D-51AE-4AA7-9625-620A384557A3-" CS="1">
<String STYLE="subscript" CS="1" CONTENT="xx"/>
<String CONTENT="," HEIGHT="16" WIDTH="8" VPOS="907" HPOS="259"/>
<SP HEIGHT="30" WIDTH="31" VPOS="896" HPOS="268"/>
<String CS="1" CONTENT="[2]," HEIGHT="49" WIDTH="71" VPOS="877" HPOS="300"/>
<SP HEIGHT="48" WIDTH="28" VPOS="877" HPOS="372"/>
<String CONTENT="590" HEIGHT="41" WIDTH="85" VPOS="876" HPOS="401"/>
<SP HEIGHT="48" WIDTH="25" VPOS="877" HPOS="487"/>
<String CONTENT="p." HEIGHT="37" WIDTH="42" VPOS="888" HPOS="513"/>
<SP HEIGHT="40" WIDTH="58" VPOS="877" HPOS="556"/>
<String CONTENT="32" HEIGHT="41" WIDTH="56" VPOS="876" HPOS="615"/>
<String STYLE="superscript" CS="1" CONTENT="&#7580;&#7504;"/>
<String CONTENT="." HEIGHT="9" WIDTH="8" VPOS="908" HPOS="723"/>
</TextLine>
<TextLine HEIGHT="42" WIDTH="414" VPOS="932" HPOS="191">
<String CONTENT="&#8220;First" HEIGHT="40" WIDTH="160" VPOS="934" HPOS="191"/>
<SP HEIGHT="38" WIDTH="26" VPOS="936" HPOS="352"/>
<String CONTENT="edition.&#8221;" HEIGHT="42" WIDTH="226" VPOS="932" HPOS="379"/>
</TextLine>
<TextLine HEIGHT="42" WIDTH="420" VPOS="989" HPOS="190">
<String CONTENT="Includes" HEIGHT="40" WIDTH="225" VPOS="991" HPOS="190"/>
<SP HEIGHT="30" WIDTH="27" VPOS="1001" HPOS="416"/>
<String CONTENT="music." HEIGHT="41" WIDTH="166" VPOS="989" HPOS="444"/>
</TextLine>
<TextLine HEIGHT="56" WIDTH="1995" VPOS="1057" HPOS="125" CS="1">
<String CONTENT="&#169;" HEIGHT="51" WIDTH="51" VPOS="1062" HPOS="125"/>
<SP HEIGHT="51" WIDTH="30" VPOS="1062" HPOS="177"/>
<String CONTENT="Mar." HEIGHT="40" WIDTH="122" VPOS="1066" HPOS="208"/>
<SP HEIGHT="40" WIDTH="29" VPOS="1066" HPOS="331"/>
<String CONTENT="16," HEIGHT="43" WIDTH="69" VPOS="1065" HPOS="361"/>
<SP HEIGHT="42" WIDTH="31" VPOS="1066" HPOS="431"/>
<String CS="1" CONTENT="1931;" HEIGHT="41" WIDTH="105" VPOS="1063" HPOS="463"/>
<SP/>
<String CONTENT="2c." HEIGHT="38" WIDTH="67" VPOS="1065" HPOS="635"/>
<SP HEIGHT="39" WIDTH="30" VPOS="1064" HPOS="703"/>
<String CONTENT="Apr." HEIGHT="46" WIDTH="113" VPOS="1064" HPOS="734"/>
<SP HEIGHT="38" WIDTH="29" VPOS="1064" HPOS="848"/>
<String CONTENT="4;" HEIGHT="40" WIDTH="53" VPOS="1064" HPOS="878"/>
<SP HEIGHT="31" WIDTH="33" VPOS="1073" HPOS="932"/>
<String CONTENT="aff." HEIGHT="40" WIDTH="80" VPOS="1061" HPOS="966"/>
<SP HEIGHT="39" WIDTH="31" VPOS="1062" HPOS="1047"/>
<String CONTENT="Apr." HEIGHT="47" WIDTH="113" VPOS="1062" HPOS="1079"/>
<SP HEIGHT="39" WIDTH="32" VPOS="1062" HPOS="1193"/>
<String CONTENT="6;" HEIGHT="45" WIDTH="52" VPOS="1062" HPOS="1226"/>
<SP HEIGHT="50" WIDTH="32" VPOS="1057" HPOS="1279"/>
<!-- cceid E48A94C1-6E8D-1014-9CF5-AEB3FCA41D69 --><String CONTENT="A" HEIGHT="43" WIDTH="41" VPOS="1057" HPOS="1312"/>
<SP HEIGHT="44" WIDTH="29" VPOS="1057" HPOS="1354"/>
<String CS="1" CONTENT="35630;" HEIGHT="40" WIDTH="144" VPOS="1061" HPOS="1384"/>
<SP/>
<String CONTENT="Morehouse" HEIGHT="41" WIDTH="287" VPOS="1062" HPOS="1591"/>
<SP HEIGHT="38" WIDTH="30" VPOS="1073" HPOS="1879"/>
<String CONTENT="pub." HEIGHT="47" WIDTH="109" VPOS="1064" HPOS="1910"/>
<SP HEIGHT="29" WIDTH="32" VPOS="1074" HPOS="2020"/>
<String CONTENT="co." HEIGHT="29" WIDTH="67" VPOS="1074" HPOS="2053"/>
</TextLine>
<TextLine HEIGHT="49" WIDTH="249" VPOS="1121" HPOS="201">
<String CONTENT="(31-9188)" HEIGHT="49" WIDTH="249" VPOS="1121" HPOS="201"/>
</TextLine>
<TextLine HEIGHT="65" WIDTH="986" VPOS="1213" HPOS="118" STYLEREFS="StyleId-0381E876-B72D-47C4-81A4-B92208B19DCA-">
<String CONTENT="Anderson," HEIGHT="62" WIDTH="329" VPOS="1216" HPOS="118"/>
<SP HEIGHT="62" WIDTH="28" VPOS="1216" HPOS="448"/>
<String CONTENT="Robert" HEIGHT="53" WIDTH="221" VPOS="1215" HPOS="477"/>
<SP HEIGHT="53" WIDTH="28" VPOS="1215" HPOS="699"/>
<String CONTENT="John," HEIGHT="64" WIDTH="173" VPOS="1213" HPOS="728"/>
<SP HEIGHT="57" WIDTH="31" VPOS="1220" HPOS="902"/>
<String CONTENT="1892-" HEIGHT="49" WIDTH="170" VPOS="1219" HPOS="934"/>
</TextLine>
<TextLine HEIGHT="147" WIDTH="1975" VPOS="1290" HPOS="117" STYLEREFS="StyleId-AB181B6D-51AE-4AA7-9625-620A384557A3-" CS="1">
<String CONTENT="Secondary" HEIGHT="67" WIDTH="325" VPOS="1293" HPOS="189"/>
<SP HEIGHT="49" WIDTH="57" VPOS="1311" HPOS="515"/>
<String CONTENT="aluminum" HEIGHT="53" WIDTH="316" VPOS="1291" HPOS="573"/>
<SP HEIGHT="69" WIDTH="65" VPOS="1290" HPOS="890"/>
<String CONTENT="(metallurgy," HEIGHT="69" WIDTH="391" VPOS="1290" HPOS="956"/>
<SP HEIGHT="61" WIDTH="57" VPOS="1296" HPOS="1348"/>
<String CONTENT="technology," HEIGHT="69" WIDTH="358" VPOS="1290" HPOS="1406"/>
<SP HEIGHT="47" WIDTH="58" VPOS="1310" HPOS="1765"/>
<String CONTENT="raw" HEIGHT="35" WIDTH="118" VPOS="1309" HPOS="1824"/>
<SP HEIGHT="35" WIDTH="55" VPOS="1309" HPOS="1943"/>
<String CONTENT="materials," HEIGHT="128" WIDTH="1975" VPOS="1309" HPOS="117"/>
</TextLine>
<TextLine HEIGHT="72" WIDTH="1752" VPOS="1366" HPOS="364" STYLEREFS="StyleId-AB181B6D-51AE-4AA7-9625-620A384557A3-">
<String CONTENT="production," HEIGHT="70" WIDTH="361" VPOS="1368" HPOS="364"/>
<SP HEIGHT="51" WIDTH="38" VPOS="1387" HPOS="726"/>
<String CONTENT="economics," HEIGHT="65" WIDTH="328" VPOS="1368" HPOS="765"/>
<SP HEIGHT="47" WIDTH="37" VPOS="1386" HPOS="1094"/>
<String CONTENT="and" HEIGHT="51" WIDTH="112" VPOS="1369" HPOS="1132"/>
<SP HEIGHT="51" WIDTH="39" VPOS="1369" HPOS="1245"/>
<String CONTENT="utilization)" HEIGHT="69" WIDTH="354" VPOS="1366" HPOS="1285"/>
<SP HEIGHT="69" WIDTH="48" VPOS="1366" HPOS="1640"/>
<String CONTENT="by" HEIGHT="70" WIDTH="77" VPOS="1367" HPOS="1689"/>
<SP HEIGHT="69" WIDTH="36" VPOS="1368" HPOS="1767"/>
<String CONTENT="Robert" HEIGHT="54" WIDTH="218" VPOS="1368" HPOS="1804"/>
<SP HEIGHT="54" WIDTH="35" VPOS="1369" HPOS="2023"/>
<String CONTENT="J." HEIGHT="54" WIDTH="57" VPOS="1369" HPOS="2059"/>
</TextLine>
<TextLine HEIGHT="71" WIDTH="2001" VPOS="1443" HPOS="116" STYLEREFS="StyleId-AB181B6D-51AE-4AA7-9625-620A384557A3-" CS="1">
<String CONTENT="Anderson," HEIGHT="67" WIDTH="320" VPOS="1447" HPOS="116"/>
<SP HEIGHT="48" WIDTH="28" VPOS="1466" HPOS="437"/>
<String CS="1" CONTENT="D."/>
<SP/>
<String CS="1" CONTENT="SC."/>
<SP HEIGHT="49" WIDTH="70" VPOS="1449" HPOS="623"/>
<String CONTENT="1st" HEIGHT="49" WIDTH="82" VPOS="1449" HPOS="694"/>
<SP HEIGHT="47" WIDTH="29" VPOS="1451" HPOS="777"/>
<String CONTENT="ed." HEIGHT="52" WIDTH="84" VPOS="1446" HPOS="807"/>
<SP HEIGHT="55" WIDTH="69" VPOS="1444" HPOS="892"/>
<String CONTENT="Cleveland," HEIGHT="67" WIDTH="328" VPOS="1444" HPOS="962"/>
<SP HEIGHT="68" WIDTH="33" VPOS="1443" HPOS="1291"/>
<String CONTENT="O.," HEIGHT="69" WIDTH="86" VPOS="1443" HPOS="1325"/>
<SP HEIGHT="67" WIDTH="30" VPOS="1445" HPOS="1412"/>
<String CONTENT="The" HEIGHT="53" WIDTH="123" VPOS="1444" HPOS="1443"/>
<SP HEIGHT="56" WIDTH="30" VPOS="1443" HPOS="1567"/>
<String CONTENT="Sherwood" HEIGHT="56" WIDTH="310" VPOS="1443" HPOS="1598"/>
<SP HEIGHT="68" WIDTH="31" VPOS="1445" HPOS="1909"/>
<String CONTENT="press," HEIGHT="50" WIDTH="176" VPOS="1464" HPOS="1941"/>
</TextLine>
<TextLine HEIGHT="66" WIDTH="308" VPOS="1525" HPOS="115" STYLEREFS="StyleId-AB181B6D-51AE-4AA7-9625-620A384557A3-">
<String CONTENT="inc.," HEIGHT="66" WIDTH="125" VPOS="1525" HPOS="115"/>
<SP HEIGHT="62" WIDTH="31" VPOS="1529" HPOS="241"/>
<String CONTENT="1931." HEIGHT="50" WIDTH="150" VPOS="1526" HPOS="273"/>
</TextLine>
<TextLine HEIGHT="51" WIDTH="1073" VPOS="1601" HPOS="250" CS="1">
<String CS="1" CONTENT="xv," HEIGHT="17" WIDTH="10" VPOS="1635" HPOS="250"/>
<SP HEIGHT="48" WIDTH="26" VPOS="1604" HPOS="261"/>
<String CONTENT="563" HEIGHT="41" WIDTH="85" VPOS="1603" HPOS="288"/>
<SP HEIGHT="48" WIDTH="22" VPOS="1603" HPOS="374"/>
<String CONTENT="p." HEIGHT="38" WIDTH="45" VPOS="1613" HPOS="397"/>
<SP HEIGHT="41" WIDTH="26" VPOS="1603" HPOS="443"/>
<String CONTENT="incl." HEIGHT="42" WIDTH="109" VPOS="1603" HPOS="470"/>
<SP HEIGHT="41" WIDTH="25" VPOS="1604" HPOS="580"/>
<String CONTENT="front.," HEIGHT="46" WIDTH="162" VPOS="1604" HPOS="606"/>
<SP HEIGHT="46" WIDTH="26" VPOS="1604" HPOS="769"/>
<String CONTENT="illus.," HEIGHT="45" WIDTH="142" VPOS="1604" HPOS="796"/>
<SP HEIGHT="46" WIDTH="27" VPOS="1603" HPOS="939"/>
<String CONTENT="diagrs." HEIGHT="47" WIDTH="177" VPOS="1603" HPOS="967"/>
<SP HEIGHT="40" WIDTH="59" VPOS="1601" HPOS="1145"/>
<String CONTENT="24" HEIGHT="39" WIDTH="58" VPOS="1601" HPOS="1205"/>
<String STYLE="superscript" CS="1" CONTENT="&#7580;&#7504;"/>
<String CONTENT="." HEIGHT="8" WIDTH="9" VPOS="1634" HPOS="1314"/>
</TextLine>
<TextLine HEIGHT="51" WIDTH="1303" VPOS="1657" HPOS="185">
<String CONTENT="&#8220;Selected" HEIGHT="42" WIDTH="246" VPOS="1659" HPOS="185"/>
<SP HEIGHT="40" WIDTH="24" VPOS="1660" HPOS="432"/>
<String CONTENT="bibliography&#8221;" HEIGHT="50" WIDTH="365" VPOS="1658" HPOS="457"/>
<SP HEIGHT="41" WIDTH="28" VPOS="1658" HPOS="823"/>
<String CONTENT="at" HEIGHT="39" WIDTH="52" VPOS="1660" HPOS="852"/>
<SP HEIGHT="39" WIDTH="23" VPOS="1660" HPOS="905"/>
<String CONTENT="end" HEIGHT="39" WIDTH="91" VPOS="1660" HPOS="929"/>
<SP HEIGHT="38" WIDTH="26" VPOS="1660" HPOS="1021"/>
<String CONTENT="of" HEIGHT="41" WIDTH="53" VPOS="1657" HPOS="1048"/>
<SP HEIGHT="41" WIDTH="24" VPOS="1657" HPOS="1102"/>
<String CONTENT="each" HEIGHT="40" WIDTH="118" VPOS="1658" HPOS="1127"/>
<SP HEIGHT="39" WIDTH="28" VPOS="1658" HPOS="1246"/>
<String CONTENT="chapter." HEIGHT="47" WIDTH="213" VPOS="1659" HPOS="1275"/>
</TextLine>
<TextLine HEIGHT="51" WIDTH="1951" VPOS="1729" HPOS="121" CS="1">
<String CONTENT="&#169;" HEIGHT="51" WIDTH="51" VPOS="1729" HPOS="121"/>
<SP HEIGHT="51" WIDTH="29" VPOS="1729" HPOS="173"/>
<String CONTENT="Mar." HEIGHT="39" WIDTH="120" VPOS="1734" HPOS="203"/>
<SP HEIGHT="40" WIDTH="27" VPOS="1733" HPOS="324"/>
<String CONTENT="31," HEIGHT="45" WIDTH="70" VPOS="1733" HPOS="352"/>
<SP HEIGHT="45" WIDTH="27" VPOS="1733" HPOS="423"/>
<String CONTENT="1931;" HEIGHT="46" WIDTH="139" VPOS="1731" HPOS="451"/>
<SP HEIGHT="44" WIDTH="30" VPOS="1733" HPOS="591"/>
<String CONTENT="2c." HEIGHT="37" WIDTH="67" VPOS="1733" HPOS="622"/>
<SP HEIGHT="38" WIDTH="27" VPOS="1732" HPOS="690"/>
<String CONTENT="Apr." HEIGHT="46" WIDTH="112" VPOS="1732" HPOS="718"/>
<SP HEIGHT="39" WIDTH="25" VPOS="1732" HPOS="831"/>
<String CONTENT="4;" HEIGHT="45" WIDTH="53" VPOS="1732" HPOS="857"/>
<SP HEIGHT="36" WIDTH="30" VPOS="1741" HPOS="911"/>
<String CONTENT="aff." HEIGHT="40" WIDTH="81" VPOS="1730" HPOS="942"/>
<SP HEIGHT="38" WIDTH="31" VPOS="1731" HPOS="1024"/>
<String CONTENT="Apr." HEIGHT="47" WIDTH="109" VPOS="1731" HPOS="1056"/>
<SP HEIGHT="38" WIDTH="29" VPOS="1731" HPOS="1166"/>
<String CONTENT="2;" HEIGHT="44" WIDTH="52" VPOS="1731" HPOS="1196"/>
<SP HEIGHT="44" WIDTH="32" VPOS="1731" HPOS="1249"/>
<!-- cceid E48B3FB5-6E8D-1014-9CF5-AEB3FCA41D69 --><String CONTENT="A" HEIGHT="38" WIDTH="38" VPOS="1731" HPOS="1282"/>
<SP HEIGHT="39" WIDTH="27" VPOS="1731" HPOS="1321"/>
<String CONTENT="36308;" HEIGHT="47" WIDTH="172" VPOS="1730" HPOS="1349"/>
<SP HEIGHT="46" WIDTH="34" VPOS="1731" HPOS="1522"/>
<String CONTENT="Sherwood" HEIGHT="41" WIDTH="255" VPOS="1730" HPOS="1557"/>
<SP HEIGHT="47" WIDTH="32" VPOS="1733" HPOS="1813"/>
<String CONTENT="press," HEIGHT="37" WIDTH="149" VPOS="1743" HPOS="1846"/>
<SP HEIGHT="41" WIDTH="32" VPOS="1733" HPOS="1996"/>
<String LANG="fr" CS="1" CONTENT="inc" HEIGHT="39" WIDTH="43" VPOS="1733" HPOS="2029"/>
</TextLine>
<TextLine HEIGHT="48" WIDTH="250" VPOS="1789" HPOS="198">
<String CONTENT="(31-9141)" HEIGHT="48" WIDTH="250" VPOS="1789" HPOS="198"/>
</TextLine>
<TextLine HEIGHT="63" WIDTH="635" VPOS="1881" HPOS="117" STYLEREFS="StyleId-0381E876-B72D-47C4-81A4-B92208B19DCA-">
<String CONTENT="Ardel," HEIGHT="62" WIDTH="196" VPOS="1881" HPOS="117"/>
<SP HEIGHT="61" WIDTH="28" VPOS="1882" HPOS="314"/>
<String CONTENT="Henri," HEIGHT="63" WIDTH="205" VPOS="1881" HPOS="343"/>
<SP HEIGHT="58" WIDTH="32" VPOS="1886" HPOS="549"/>
<String CONTENT="1863-" HEIGHT="49" WIDTH="170" VPOS="1886" HPOS="582"/>
</TextLine>
<TextLine HEIGHT="67" WIDTH="1223" VPOS="1967" HPOS="247" STYLEREFS="StyleId-AB181B6D-51AE-4AA7-9625-620A384557A3-" CS="1">
<String CS="1" CONTENT="&#8230;"/>
<SP HEIGHT="51" WIDTH="34" VPOS="1969" HPOS="247"/>
<String CS="1" CONTENT="&#200;"/>
<String LANG="fr" CONTENT="ve" HEIGHT="33" WIDTH="64" VPOS="1987" HPOS="339"/>
<SP HEIGHT="34" WIDTH="29" VPOS="1987" HPOS="404"/>
<String LANG="fr" CONTENT="et" HEIGHT="47" WIDTH="54" VPOS="1974" HPOS="434"/>
<SP HEIGHT="52" WIDTH="27" VPOS="1968" HPOS="489"/>
<String LANG="fr" CONTENT="le" HEIGHT="52" WIDTH="52" VPOS="1968" HPOS="517"/>
<SP HEIGHT="35" WIDTH="27" VPOS="1986" HPOS="570"/>
<String CONTENT="serpent." HEIGHT="62" WIDTH="241" VPOS="1972" HPOS="598"/>
<SP HEIGHT="51" WIDTH="76" VPOS="1968" HPOS="840"/>
<String CONTENT="Paris," HEIGHT="67" WIDTH="183" VPOS="1967" HPOS="917"/>
<SP HEIGHT="66" WIDTH="30" VPOS="1968" HPOS="1101"/>
<String CONTENT="Plou" HEIGHT="50" WIDTH="146" VPOS="1967" HPOS="1132"/>
<SP HEIGHT="47" WIDTH="36" VPOS="1986" HPOS="1279"/>
<String CS="1" CONTENT="[1930]" HEIGHT="63" WIDTH="154" VPOS="1970" HPOS="1316"/>
</TextLine>
<TextLine HEIGHT="49" WIDTH="644" VPOS="2047" HPOS="184" CS="1">
<String CONTENT="3" HEIGHT="40" WIDTH="27" VPOS="2048" HPOS="184"/>
<SP HEIGHT="48" WIDTH="24" VPOS="2048" HPOS="212"/>
<String CONTENT="p." HEIGHT="38" WIDTH="42" VPOS="2058" HPOS="237"/>
<SP HEIGHT="39" WIDTH="24" VPOS="2048" HPOS="280"/>
<String CS="1" CONTENT="l.," HEIGHT="16" WIDTH="8" VPOS="2079" HPOS="341"/>
<SP HEIGHT="48" WIDTH="23" VPOS="2047" HPOS="350"/>
<String CONTENT="246" HEIGHT="40" WIDTH="90" VPOS="2047" HPOS="374"/>
<SP HEIGHT="47" WIDTH="22" VPOS="2048" HPOS="465"/>
<String LANG="fr" CONTENT="p.," HEIGHT="37" WIDTH="56" VPOS="2058" HPOS="488"/>
<SP HEIGHT="46" WIDTH="26" VPOS="2048" HPOS="545"/>
<String CONTENT="1" HEIGHT="38" WIDTH="25" VPOS="2048" HPOS="572"/>
<SP HEIGHT="38" WIDTH="23" VPOS="2048" HPOS="598"/>
<String CS="1" CONTENT="l."/>
<SP HEIGHT="39" WIDTH="58" VPOS="2048" HPOS="653"/>
<String CONTENT="19" HEIGHT="40" WIDTH="57" VPOS="2047" HPOS="712"/>
<String STYLE="superscript" CS="1" CONTENT="&#7580;&#7504;"/>
<String CONTENT="." HEIGHT="8" WIDTH="9" VPOS="2078" HPOS="819"/>
</TextLine>
<TextLine HEIGHT="52" WIDTH="1720" VPOS="2115" HPOS="119" CS="1">
<String LANG="en-US" CONTENT="&#169;" HEIGHT="52" WIDTH="50" VPOS="2115" HPOS="119"/>
<SP HEIGHT="52" WIDTH="30" VPOS="2115" HPOS="170"/>
<String LANG="en-US" CONTENT="Oct." HEIGHT="41" WIDTH="102" VPOS="2119" HPOS="201"/>
<SP HEIGHT="40" WIDTH="26" VPOS="2119" HPOS="304"/>
<String LANG="en-US" CONTENT="3," HEIGHT="48" WIDTH="38" VPOS="2119" HPOS="331"/>
<SP HEIGHT="47" WIDTH="28" VPOS="2120" HPOS="370"/>
<String LANG="en-US" CS="1" CONTENT="1930;" HEIGHT="41" WIDTH="117" VPOS="2117" HPOS="399"/>
<SP/>
<String LANG="en-US" CS="1" CONTENT="1c."/>
<SP HEIGHT="39" WIDTH="30" VPOS="2118" HPOS="637"/>
<String LANG="en-US" CONTENT="Dec." HEIGHT="40" WIDTH="112" VPOS="2118" HPOS="668"/>
<SP HEIGHT="39" WIDTH="26" VPOS="2119" HPOS="781"/>
<String LANG="en-US" CS="1" CONTENT="12;" HEIGHT="40" WIDTH="54" VPOS="2117" HPOS="808"/>
<SP/>
<!-- cceid E48BEAD6-6E8D-1014-9CF5-AEB3FCA41D69 --><String LANG="en-US" CONTENT="A&#8212;Foreign" HEIGHT="48" WIDTH="311" VPOS="2117" HPOS="921"/>
<SP HEIGHT="40" WIDTH="27" VPOS="2116" HPOS="1233"/>
<String LANG="en-US" CS="1" CONTENT="9770;" HEIGHT="42" WIDTH="114" VPOS="2116" HPOS="1261"/>
<SP/>
<String LANG="fr" CONTENT="Librairie" HEIGHT="41" WIDTH="241" VPOS="2117" HPOS="1434"/>
<SP HEIGHT="39" WIDTH="29" VPOS="2119" HPOS="1676"/>
<String LANG="fr" CONTENT="Plon." HEIGHT="40" WIDTH="133" VPOS="2119" HPOS="1706"/>
</TextLine>
<TextLine HEIGHT="49" WIDTH="249" VPOS="2175" HPOS="197" CS="1">
<String CS="1" CONTENT="(31-8605)" HEIGHT="49" WIDTH="249" VPOS="2175" HPOS="197"/>
</TextLine>
<TextLine HEIGHT="64" WIDTH="1195" VPOS="2268" HPOS="114" STYLEREFS="StyleId-0381E876-B72D-47C4-81A4-B92208B19DCA-">
<String CONTENT="Atkins," HEIGHT="64" WIDTH="237" VPOS="2268" HPOS="114"/>
<SP HEIGHT="61" WIDTH="26" VPOS="2271" HPOS="352"/>
<String CONTENT="Willard" HEIGHT="54" WIDTH="245" VPOS="2269" HPOS="379"/>
<SP HEIGHT="52" WIDTH="27" VPOS="2270" HPOS="625"/>
<String CONTENT="Earl," HEIGHT="63" WIDTH="157" VPOS="2269" HPOS="653"/>
<SP HEIGHT="57" WIDTH="30" VPOS="2275" HPOS="811"/>
<String CONTENT="1889-" HEIGHT="50" WIDTH="170" VPOS="2274" HPOS="842"/>
<SP HEIGHT="34" WIDTH="210" VPOS="2286" HPOS="1013"/>
<String CONTENT="ed." HEIGHT="54" WIDTH="85" VPOS="2271" HPOS="1224"/>
</TextLine>
<TextLine HEIGHT="70" WIDTH="1930" VPOS="2345" HPOS="183" STYLEREFS="StyleId-AB181B6D-51AE-4AA7-9625-620A384557A3-">
<String CONTENT="Economic" HEIGHT="54" WIDTH="306" VPOS="2345" HPOS="183"/>
<SP HEIGHT="53" WIDTH="34" VPOS="2346" HPOS="490"/>
<String CONTENT="behavior," HEIGHT="67" WIDTH="288" VPOS="2345" HPOS="525"/>
<SP HEIGHT="47" WIDTH="35" VPOS="2365" HPOS="814"/>
<String CONTENT="an" HEIGHT="34" WIDTH="72" VPOS="2364" HPOS="850"/>
<SP HEIGHT="51" WIDTH="34" VPOS="2346" HPOS="923"/>
<String CONTENT="institutional" HEIGHT="53" WIDTH="389" VPOS="2345" HPOS="958"/>
<SP HEIGHT="53" WIDTH="34" VPOS="2345" HPOS="1348"/>
<String CONTENT="approach," HEIGHT="67" WIDTH="309" VPOS="2347" HPOS="1383"/>
<SP HEIGHT="66" WIDTH="32" VPOS="2347" HPOS="1693"/>
<String CONTENT="by" HEIGHT="68" WIDTH="74" VPOS="2347" HPOS="1726"/>
<SP HEIGHT="49" WIDTH="35" VPOS="2366" HPOS="1801"/>
<String CONTENT="members" HEIGHT="53" WIDTH="276" VPOS="2347" HPOS="1837"/>
</TextLine>
<TextLine HEIGHT="132" WIDTH="1977" VPOS="2423" HPOS="112" STYLEREFS="StyleId-AB181B6D-51AE-4AA7-9625-620A384557A3-" CS="1">
<String CONTENT="of" HEIGHT="53" WIDTH="63" VPOS="2423" HPOS="113"/>
<SP HEIGHT="54" WIDTH="32" VPOS="2423" HPOS="177"/>
<String CONTENT="the" HEIGHT="53" WIDTH="96" VPOS="2424" HPOS="210"/>
<SP HEIGHT="53" WIDTH="30" VPOS="2424" HPOS="307"/>
<String CONTENT="Department" HEIGHT="67" WIDTH="382" VPOS="2424" HPOS="338"/>
<SP HEIGHT="47" WIDTH="32" VPOS="2429" HPOS="721"/>
<String CONTENT="of" HEIGHT="53" WIDTH="63" VPOS="2423" HPOS="754"/>
<SP HEIGHT="53" WIDTH="34" VPOS="2423" HPOS="818"/>
<String CONTENT="economics," HEIGHT="68" WIDTH="327" VPOS="2423" HPOS="853"/>
<SP HEIGHT="68" WIDTH="34" VPOS="2423" HPOS="1181"/>
<String CONTENT="New" HEIGHT="53" WIDTH="139" VPOS="2423" HPOS="1216"/>
<SP HEIGHT="52" WIDTH="36" VPOS="2423" HPOS="1356"/>
<String CONTENT="York" HEIGHT="54" WIDTH="162" VPOS="2423" HPOS="1393"/>
<SP HEIGHT="52" WIDTH="32" VPOS="2424" HPOS="1556"/>
<String CONTENT="university;" HEIGHT="69" WIDTH="346" VPOS="2424" HPOS="1589"/>
<SP HEIGHT="53" WIDTH="31" VPOS="2427" HPOS="1936"/>
<String CONTENT="Willard" HEIGHT="128" WIDTH="1977" VPOS="2427" HPOS="112"/>
</TextLine>
<TextLine HEIGHT="70" WIDTH="1834" VPOS="2499" HPOS="278" STYLEREFS="StyleId-AB181B6D-51AE-4AA7-9625-620A384557A3-">
<String CONTENT="E." HEIGHT="53" WIDTH="67" VPOS="2501" HPOS="278"/>
<SP HEIGHT="53" WIDTH="37" VPOS="2501" HPOS="346"/>
<String CONTENT="Atkins," HEIGHT="67" WIDTH="232" VPOS="2501" HPOS="384"/>
<SP HEIGHT="66" WIDTH="35" VPOS="2502" HPOS="617"/>
<String CONTENT="Donald" HEIGHT="52" WIDTH="230" VPOS="2502" HPOS="653"/>
<SP HEIGHT="53" WIDTH="35" VPOS="2501" HPOS="884"/>
<String CONTENT="W." HEIGHT="53" WIDTH="89" VPOS="2501" HPOS="920"/>
<SP HEIGHT="52" WIDTH="36" VPOS="2501" HPOS="1010"/>
<String CONTENT="McConnell," HEIGHT="70" WIDTH="358" VPOS="2499" HPOS="1047"/>
<SP HEIGHT="68" WIDTH="39" VPOS="2501" HPOS="1406"/>
<String CONTENT="Corwin" HEIGHT="55" WIDTH="230" VPOS="2501" HPOS="1446"/>
<SP HEIGHT="52" WIDTH="36" VPOS="2503" HPOS="1677"/>
<String CONTENT="D." HEIGHT="52" WIDTH="73" VPOS="2503" HPOS="1714"/>
<SP HEIGHT="52" WIDTH="39" VPOS="2504" HPOS="1788"/>
<String CONTENT="Edwards" HEIGHT="55" WIDTH="284" VPOS="2504" HPOS="1828"/>
</TextLine>
<TextLine HEIGHT="73" WIDTH="1979" VPOS="2581" HPOS="136" STYLEREFS="StyleId-AB181B6D-51AE-4AA7-9625-620A384557A3-" CS="1">
<String CS="1" CONTENT="[and" HEIGHT="51" WIDTH="112" VPOS="2585" HPOS="136"/>
<SP HEIGHT="51" WIDTH="46" VPOS="2585" HPOS="249"/>
<String CONTENT="others]" HEIGHT="66" WIDTH="207" VPOS="2583" HPOS="296"/>
<SP HEIGHT="34" WIDTH="58" VPOS="2615" HPOS="504"/>
<String CS="1" CONTENT="&#8230;"/>
<SP HEIGHT="32" WIDTH="77" VPOS="2601" HPOS="618"/>
<String CONTENT="v." HEIGHT="33" WIDTH="50" VPOS="2601" HPOS="696"/>
<SP HEIGHT="47" WIDTH="51" VPOS="2587" HPOS="747"/>
<String CONTENT="1." HEIGHT="47" WIDTH="43" VPOS="2587" HPOS="799"/>
<SP HEIGHT="51" WIDTH="75" VPOS="2583" HPOS="843"/>
<String CONTENT="Boston," HEIGHT="54" WIDTH="232" VPOS="2583" HPOS="919"/>
<SP HEIGHT="56" WIDTH="46" VPOS="2581" HPOS="1152"/>
<String CONTENT="New" HEIGHT="53" WIDTH="140" VPOS="2581" HPOS="1199"/>
<SP HEIGHT="51" WIDTH="47" VPOS="2583" HPOS="1340"/>
<String CONTENT="York" HEIGHT="53" WIDTH="163" VPOS="2582" HPOS="1388"/>
<SP HEIGHT="68" WIDTH="50" VPOS="2582" HPOS="1552"/>
<String CONTENT="[etc.]" HEIGHT="64" WIDTH="138" VPOS="2587" HPOS="1603"/>
<SP HEIGHT="68" WIDTH="50" VPOS="2583" HPOS="1742"/>
<String CONTENT="Houghton" HEIGHT="71" WIDTH="322" VPOS="2583" HPOS="1793"/>
</TextLine>
<TextLine HEIGHT="70" WIDTH="742" VPOS="2659" HPOS="111" STYLEREFS="StyleId-AB181B6D-51AE-4AA7-9625-620A384557A3-" CS="1">
<String CONTENT="Mifflin" HEIGHT="53" WIDTH="202" VPOS="2659" HPOS="111"/>
<SP HEIGHT="35" WIDTH="30" VPOS="2679" HPOS="314"/>
<String CONTENT="company" HEIGHT="51" WIDTH="281" VPOS="2678" HPOS="345"/>
<SP HEIGHT="50" WIDTH="34" VPOS="2679" HPOS="627"/>
<String CS="1" CONTENT="["/>
<String STYLE="superscript" CS="1" CONTENT="&#7580;19"/>
<String CONTENT="31]" HEIGHT="63" WIDTH="81" VPOS="2663" HPOS="772"/>
</TextLine>
<TextLine HEIGHT="51" WIDTH="1186" VPOS="2739" HPOS="182" CS="1">
<String CONTENT="xiii," HEIGHT="47" WIDTH="103" VPOS="2741" HPOS="182"/>
<SP HEIGHT="29" WIDTH="34" VPOS="2761" HPOS="286"/>
<String CONTENT="[3]," HEIGHT="48" WIDTH="70" VPOS="2742" HPOS="321"/>
<SP HEIGHT="47" WIDTH="31" VPOS="2741" HPOS="392"/>
<String CONTENT="3-600," HEIGHT="48" WIDTH="157" VPOS="2739" HPOS="424"/>
<SP HEIGHT="29" WIDTH="35" VPOS="2761" HPOS="582"/>
<String CONTENT="[1]" HEIGHT="49" WIDTH="53" VPOS="2741" HPOS="618"/>
<SP HEIGHT="37" WIDTH="33" VPOS="2751" HPOS="672"/>
<String CONTENT="p." HEIGHT="36" WIDTH="41" VPOS="2751" HPOS="706"/>
<SP HEIGHT="40" WIDTH="59" VPOS="2740" HPOS="748"/>
<String CONTENT="illus.," HEIGHT="43" WIDTH="140" VPOS="2740" HPOS="808"/>
<SP HEIGHT="42" WIDTH="32" VPOS="2741" HPOS="949"/>
<String CONTENT="diagrs." HEIGHT="48" WIDTH="179" VPOS="2740" HPOS="982"/>
<SP HEIGHT="39" WIDTH="58" VPOS="2740" HPOS="1162"/>
<String CS="1" CONTENT="24&#189;&#7580;&#7504;." HEIGHT="41" WIDTH="147" VPOS="2740" HPOS="1221"/>
</TextLine>
<TextLine HEIGHT="51" WIDTH="1927" VPOS="2796" HPOS="184" CS="1">
<String CONTENT="&#8220;Responsibility" HEIGHT="48" WIDTH="411" VPOS="2796" HPOS="184"/>
<SP HEIGHT="47" WIDTH="38" VPOS="2796" HPOS="596"/>
<String CONTENT="for" HEIGHT="39" WIDTH="79" VPOS="2796" HPOS="635"/>
<SP HEIGHT="30" WIDTH="38" VPOS="2806" HPOS="715"/>
<String CONTENT="editorial" HEIGHT="40" WIDTH="225" VPOS="2796" HPOS="754"/>
<SP HEIGHT="38" WIDTH="39" VPOS="2798" HPOS="980"/>
<String CONTENT="work" HEIGHT="39" WIDTH="134" VPOS="2797" HPOS="1020"/>
<SP HEIGHT="39" WIDTH="43" VPOS="2797" HPOS="1155"/>
<String CS="1" CONTENT="&#8230;"/>
<SP HEIGHT="39" WIDTH="41" VPOS="2797" HPOS="1245"/>
<String CONTENT="fell" HEIGHT="40" WIDTH="87" VPOS="2797" HPOS="1287"/>
<SP HEIGHT="38" WIDTH="38" VPOS="2798" HPOS="1375"/>
<String CONTENT="largely" HEIGHT="48" WIDTH="186" VPOS="2798" HPOS="1414"/>
<SP HEIGHT="36" WIDTH="39" VPOS="2809" HPOS="1601"/>
<String CONTENT="upon" HEIGHT="38" WIDTH="125" VPOS="2809" HPOS="1641"/>
<SP HEIGHT="39" WIDTH="40" VPOS="2801" HPOS="1767"/>
<String CONTENT="Willard" HEIGHT="42" WIDTH="208" VPOS="2800" HPOS="1808"/>
<SP HEIGHT="40" WIDTH="39" VPOS="2802" HPOS="2017"/>
<String CONTENT="E." HEIGHT="40" WIDTH="54" VPOS="2803" HPOS="2057"/>
</TextLine>
<TextLine HEIGHT="42" WIDTH="413" VPOS="2853" HPOS="111">
<String CONTENT="Atkins.&#8221;&#8212;Pref." HEIGHT="42" WIDTH="413" VPOS="2853" HPOS="111"/>
</TextLine>
<TextLine HEIGHT="51" WIDTH="1173" VPOS="2908" HPOS="184" CS="1">
<String CONTENT="&#8220;Questions" HEIGHT="49" WIDTH="288" VPOS="2910" HPOS="184"/>
<SP HEIGHT="30" WIDTH="25" VPOS="2920" HPOS="473"/>
<String CONTENT="and" HEIGHT="39" WIDTH="96" VPOS="2910" HPOS="499"/>
<SP HEIGHT="39" WIDTH="24" VPOS="2910" HPOS="596"/>
<String CS="1" CONTENT="readings&#8221;:" HEIGHT="49" WIDTH="254" VPOS="2908" HPOS="621"/>
<SP/>
<String CONTENT="v." HEIGHT="28" WIDTH="40" VPOS="2921" HPOS="933"/>
<SP HEIGHT="40" WIDTH="26" VPOS="2909" HPOS="974"/>
<String CONTENT="1," HEIGHT="47" WIDTH="39" VPOS="2909" HPOS="1001"/>
<SP HEIGHT="37" WIDTH="26" VPOS="2920" HPOS="1041"/>
<String CONTENT="p." HEIGHT="37" WIDTH="42" VPOS="2920" HPOS="1068"/>
<SP HEIGHT="40" WIDTH="24" VPOS="2910" HPOS="1111"/>
<String CS="1" CONTENT="547-[592]" HEIGHT="50" WIDTH="221" VPOS="2909" HPOS="1136"/>
</TextLine>
<TextLine HEIGHT="53" WIDTH="1994" VPOS="2980" HPOS="117" CS="1">
<String CONTENT="&#169;" HEIGHT="51" WIDTH="51" VPOS="2980" HPOS="117"/>
<SP HEIGHT="51" WIDTH="31" VPOS="2980" HPOS="169"/>
<String CONTENT="Mar." HEIGHT="38" WIDTH="121" VPOS="2985" HPOS="201"/>
<SP HEIGHT="40" WIDTH="27" VPOS="2983" HPOS="323"/>
<String CS="1" CONTENT="21," HEIGHT="38" WIDTH="54" VPOS="2983" HPOS="351"/>
<SP HEIGHT="40" WIDTH="30" VPOS="2983" HPOS="422"/>
<String CONTENT="1931;" HEIGHT="47" WIDTH="139" VPOS="2981" HPOS="453"/>
<SP HEIGHT="47" WIDTH="31" VPOS="2981" HPOS="593"/>
<String CONTENT="2c." HEIGHT="40" WIDTH="67" VPOS="2981" HPOS="625"/>
<SP HEIGHT="39" WIDTH="30" VPOS="2981" HPOS="693"/>
<String CONTENT="Mar." HEIGHT="40" WIDTH="121" VPOS="2981" HPOS="724"/>
<SP HEIGHT="39" WIDTH="28" VPOS="2982" HPOS="846"/>
<String CONTENT="30;" HEIGHT="47" WIDTH="81" VPOS="2980" HPOS="875"/>
<SP HEIGHT="35" WIDTH="32" VPOS="2992" HPOS="957"/>
<String CONTENT="aff." HEIGHT="40" WIDTH="80" VPOS="2981" HPOS="990"/>
<SP HEIGHT="39" WIDTH="33" VPOS="2982" HPOS="1071"/>
<String CONTENT="Mar." HEIGHT="39" WIDTH="121" VPOS="2982" HPOS="1105"/>
<SP HEIGHT="39" WIDTH="29" VPOS="2981" HPOS="1227"/>
<String CONTENT="28;" HEIGHT="47" WIDTH="82" VPOS="2981" HPOS="1257"/>
<SP HEIGHT="45" WIDTH="32" VPOS="2983" HPOS="1340"/>
<!-- cceid E48C94D9-6E8D-1014-9CF5-AEB3FCA41D69 --><String CONTENT="A" HEIGHT="38" WIDTH="40" VPOS="2983" HPOS="1373"/>
<SP HEIGHT="40" WIDTH="28" VPOS="2983" HPOS="1414"/>
<String CONTENT="36173;" HEIGHT="47" WIDTH="170" VPOS="2982" HPOS="1443"/>
<SP HEIGHT="44" WIDTH="35" VPOS="2985" HPOS="1614"/>
<String CONTENT="Houghton" HEIGHT="48" WIDTH="260" VPOS="2985" HPOS="1650"/>
<SP HEIGHT="38" WIDTH="33" VPOS="2987" HPOS="1911"/>
<String CONTENT="Mifflin" HEIGHT="40" WIDTH="166" VPOS="2986" HPOS="1945"/>
</TextLine>
<TextLine HEIGHT="48" WIDTH="387" VPOS="3039" HPOS="182">
<String CONTENT="co." HEIGHT="29" WIDTH="67" VPOS="3052" HPOS="182"/>
<SP HEIGHT="47" WIDTH="68" VPOS="3040" HPOS="250"/>
<String CONTENT="(31-9114)" HEIGHT="48" WIDTH="250" VPOS="3039" HPOS="319"/>
</TextLine>
<TextLine HEIGHT="65" WIDTH="1283" VPOS="3130" HPOS="109" STYLEREFS="StyleId-0381E876-B72D-47C4-81A4-B92208B19DCA-">
<String CONTENT="Barton," HEIGHT="61" WIDTH="243" VPOS="3134" HPOS="109"/>
<SP HEIGHT="62" WIDTH="27" VPOS="3133" HPOS="353"/>
<String CONTENT="John" HEIGHT="53" WIDTH="155" VPOS="3133" HPOS="381"/>
<SP HEIGHT="51" WIDTH="26" VPOS="3133" HPOS="537"/>
<String CONTENT="Mackintosh" HEIGHT="54" WIDTH="374" VPOS="3130" HPOS="564"/>
<SP HEIGHT="51" WIDTH="28" VPOS="3131" HPOS="939"/>
<String CONTENT="Tilney," HEIGHT="65" WIDTH="223" VPOS="3130" HPOS="968"/>
<SP HEIGHT="57" WIDTH="29" VPOS="3138" HPOS="1192"/>
<String CONTENT="1898-" HEIGHT="49" WIDTH="170" VPOS="3137" HPOS="1222"/>
</TextLine>
<TextLine HEIGHT="134" WIDTH="1975" VPOS="3207" HPOS="113" STYLEREFS="StyleId-AB181B6D-51AE-4AA7-9625-620A384557A3-" CS="1">
<String CONTENT="The" HEIGHT="52" WIDTH="121" VPOS="3211" HPOS="185"/>
<SP HEIGHT="52" WIDTH="23" VPOS="3211" HPOS="307"/>
<String CONTENT="Holy" HEIGHT="67" WIDTH="159" VPOS="3211" HPOS="331"/>
<SP HEIGHT="70" WIDTH="27" VPOS="3208" HPOS="491"/>
<String CONTENT="Ghost," HEIGHT="67" WIDTH="200" VPOS="3208" HPOS="519"/>
<SP HEIGHT="68" WIDTH="23" VPOS="3207" HPOS="720"/>
<String CONTENT="by" HEIGHT="69" WIDTH="74" VPOS="3207" HPOS="744"/>
<SP HEIGHT="62" WIDTH="26" VPOS="3214" HPOS="819"/>
<String CONTENT="the" HEIGHT="52" WIDTH="96" VPOS="3209" HPOS="846"/>
<SP HEIGHT="53" WIDTH="24" VPOS="3208" HPOS="943"/>
<String CONTENT="Reverend" HEIGHT="53" WIDTH="298" VPOS="3208" HPOS="968"/>
<SP HEIGHT="53" WIDTH="26" VPOS="3209" HPOS="1267"/>
<String CONTENT="John" HEIGHT="53" WIDTH="156" VPOS="3209" HPOS="1294"/>
<SP HEIGHT="53" WIDTH="26" VPOS="3210" HPOS="1451"/>
<String CONTENT="M." HEIGHT="53" WIDTH="79" VPOS="3210" HPOS="1478"/>
<SP HEIGHT="51" WIDTH="28" VPOS="3212" HPOS="1558"/>
<String CONTENT="T." HEIGHT="51" WIDTH="65" VPOS="3212" HPOS="1587"/>
<SP HEIGHT="51" WIDTH="28" VPOS="3213" HPOS="1653"/>
<String CONTENT="Barton" HEIGHT="53" WIDTH="221" VPOS="3213" HPOS="1682"/>
<SP HEIGHT="33" WIDTH="34" VPOS="3232" HPOS="1904"/>
<String CS="1" CONTENT="&#8230;"/>
<SP HEIGHT="52" WIDTH="33" VPOS="3215" HPOS="1994"/>
<String CONTENT="introduction" HEIGHT="126" WIDTH="1975" VPOS="3215" HPOS="113"/>
</TextLine>
<TextLine HEIGHT="71" WIDTH="1647" VPOS="3285" HPOS="466" STYLEREFS="StyleId-AB181B6D-51AE-4AA7-9625-620A384557A3-" CS="1">
<String CONTENT="by" HEIGHT="69" WIDTH="76" VPOS="3286" HPOS="466"/>
<SP HEIGHT="70" WIDTH="26" VPOS="3285" HPOS="543"/>
<String CONTENT="George" HEIGHT="70" WIDTH="221" VPOS="3285" HPOS="570"/>
<SP HEIGHT="53" WIDTH="26" VPOS="3286" HPOS="792"/>
<String CONTENT="Johnson" HEIGHT="53" WIDTH="259" VPOS="3286" HPOS="819"/>
<SP HEIGHT="34" WIDTH="33" VPOS="3304" HPOS="1079"/>
<String CS="1" CONTENT="&#8230;"/>
<SP HEIGHT="53" WIDTH="76" VPOS="3286" HPOS="1171"/>
<String CONTENT="New" HEIGHT="53" WIDTH="139" VPOS="3286" HPOS="1248"/>
<SP HEIGHT="53" WIDTH="29" VPOS="3287" HPOS="1388"/>
<String CONTENT="York," HEIGHT="69" WIDTH="181" VPOS="3287" HPOS="1418"/>
<SP HEIGHT="67" WIDTH="26" VPOS="3289" HPOS="1600"/>
<String CONTENT="The" HEIGHT="53" WIDTH="123" VPOS="3289" HPOS="1627"/>
<SP HEIGHT="53" WIDTH="25" VPOS="3290" HPOS="1751"/>
<String CONTENT="Macmillan" HEIGHT="55" WIDTH="336" VPOS="3290" HPOS="1777"/>
</TextLine>
<TextLine HEIGHT="67" WIDTH="486" VPOS="3367" HPOS="112" STYLEREFS="StyleId-AB181B6D-51AE-4AA7-9625-620A384557A3-">
<String CONTENT="company," HEIGHT="50" WIDTH="296" VPOS="3384" HPOS="112"/>
<SP HEIGHT="62" WIDTH="39" VPOS="3370" HPOS="409"/>
<String CONTENT="1931." HEIGHT="50" WIDTH="149" VPOS="3367" HPOS="449"/>
</TextLine>
<TextLine HEIGHT="52" WIDTH="1893" VPOS="3444" HPOS="216" CS="1">
<String CS="1" CONTENT="x"/>
<SP HEIGHT="36" WIDTH="47" VPOS="3459" HPOS="216"/>
<String LANG="fr" CONTENT="p.," HEIGHT="36" WIDTH="57" VPOS="3459" HPOS="264"/>
<SP HEIGHT="45" WIDTH="48" VPOS="3448" HPOS="322"/>
<String CONTENT="1" HEIGHT="38" WIDTH="25" VPOS="3448" HPOS="371"/>
<SP HEIGHT="38" WIDTH="48" VPOS="3448" HPOS="397"/>
<String CS="1" CONTENT="l.," HEIGHT="16" WIDTH="8" VPOS="3477" HPOS="483"/>
<SP HEIGHT="46" WIDTH="50" VPOS="3447" HPOS="492"/>
<String CONTENT="74" HEIGHT="39" WIDTH="55" VPOS="3446" HPOS="543"/>
<SP HEIGHT="47" WIDTH="47" VPOS="3446" HPOS="599"/>
<String CONTENT="p." HEIGHT="37" WIDTH="42" VPOS="3456" HPOS="647"/>
<SP HEIGHT="40" WIDTH="59" VPOS="3446" HPOS="690"/>
<String CS="1" CONTENT="17&#189;&#7580;&#7504;." HEIGHT="40" WIDTH="145" VPOS="3446" HPOS="750"/>
<SP/>
<String CONTENT="(Half-tille:" HEIGHT="50" WIDTH="300" VPOS="3444" HPOS="965"/>
<SP HEIGHT="39" WIDTH="47" VPOS="3446" HPOS="1266"/>
<String CONTENT="The" HEIGHT="42" WIDTH="103" VPOS="3446" HPOS="1314"/>
<SP HEIGHT="39" WIDTH="49" VPOS="3449" HPOS="1418"/>
<String CONTENT="treasury" HEIGHT="47" WIDTH="225" VPOS="3449" HPOS="1468"/>
<SP HEIGHT="38" WIDTH="49" VPOS="3458" HPOS="1694"/>
<String CONTENT="of" HEIGHT="41" WIDTH="53" VPOS="3448" HPOS="1744"/>
<SP HEIGHT="42" WIDTH="48" VPOS="3448" HPOS="1798"/>
<String CONTENT="the" HEIGHT="41" WIDTH="81" VPOS="3450" HPOS="1847"/>
<SP HEIGHT="40" WIDTH="49" VPOS="3451" HPOS="1929"/>
<String CONTENT="faith" HEIGHT="42" WIDTH="130" VPOS="3451" HPOS="1979"/>
</TextLine>
<TextLine HEIGHT="46" WIDTH="261" VPOS="3504" HPOS="111" CS="1">
<String CS="1" CONTENT="series:" HEIGHT="40" WIDTH="150" VPOS="3505" HPOS="111"/>
<SP/>
<String CONTENT="5)" HEIGHT="46" WIDTH="49" VPOS="3504" HPOS="323"/>
</TextLine>
<TextLine HEIGHT="53" WIDTH="1687" VPOS="3558" HPOS="113" CS="1">
<String CONTENT="&#169;" HEIGHT="53" WIDTH="52" VPOS="3558" HPOS="113"/>
<SP HEIGHT="53" WIDTH="27" VPOS="3558" HPOS="166"/>
<String CONTENT="Mar." HEIGHT="37" WIDTH="121" VPOS="3564" HPOS="194"/>
<SP HEIGHT="38" WIDTH="23" VPOS="3563" HPOS="316"/>
<String CONTENT="31," HEIGHT="46" WIDTH="69" VPOS="3562" HPOS="340"/>
<SP HEIGHT="47" WIDTH="27" VPOS="3561" HPOS="410"/>
<String CS="1" CONTENT="1931;" HEIGHT="40" WIDTH="104" VPOS="3560" HPOS="438"/>
<SP/>
<String CONTENT="2c." HEIGHT="40" WIDTH="67" VPOS="3559" HPOS="607"/>
<SP HEIGHT="28" WIDTH="25" VPOS="3571" HPOS="675"/>
<String CONTENT="and" HEIGHT="39" WIDTH="93" VPOS="3561" HPOS="701"/>
<SP HEIGHT="39" WIDTH="27" VPOS="3561" HPOS="795"/>
<String CONTENT="aff." HEIGHT="41" WIDTH="80" VPOS="3559" HPOS="823"/>
<SP HEIGHT="40" WIDTH="26" VPOS="3560" HPOS="904"/>
<String CONTENT="Apr." HEIGHT="47" WIDTH="113" VPOS="3560" HPOS="931"/>
<SP HEIGHT="39" WIDTH="27" VPOS="3561" HPOS="1045"/>
<String CS="1" CONTENT="1;" HEIGHT="37" WIDTH="20" VPOS="3561" HPOS="1073"/>
<SP/>
<!-- cceid E48D3C38-6E8D-1014-9CF5-AEB3FCA41D69 --><String CONTENT="A" HEIGHT="39" WIDTH="39" VPOS="3560" HPOS="1154"/>
<SP HEIGHT="40" WIDTH="24" VPOS="3560" HPOS="1194"/>
<String CS="1" CONTENT="36214;" HEIGHT="42" WIDTH="145" VPOS="3560" HPOS="1219"/>
<SP/>
<String CONTENT="Macmillan" HEIGHT="42" WIDTH="280" VPOS="3562" HPOS="1423"/>
<SP HEIGHT="31" WIDTH="27" VPOS="3573" HPOS="1704"/>
<String CONTENT="co." HEIGHT="30" WIDTH="68" VPOS="3574" HPOS="1732"/>
</TextLine>
<TextLine HEIGHT="49" WIDTH="250" VPOS="3617" HPOS="191">
<String CONTENT="(31-9018)" HEIGHT="49" WIDTH="250" VPOS="3617" HPOS="191"/>
</TextLine>
<TextLine HEIGHT="64" WIDTH="559" VPOS="3711" HPOS="108" STYLEREFS="StyleId-0381E876-B72D-47C4-81A4-B92208B19DCA-">
<String LANG="fr" CONTENT="Baudoin," HEIGHT="62" WIDTH="283" VPOS="3713" HPOS="108"/>
<SP HEIGHT="64" WIDTH="31" VPOS="3711" HPOS="392"/>
<String LANG="en-US" CONTENT="Gaston." HEIGHT="55" WIDTH="243" VPOS="3711" HPOS="424"/>
</TextLine>
<TextLine HEIGHT="68" WIDTH="1274" VPOS="3786" HPOS="239" STYLEREFS="StyleId-AB181B6D-51AE-4AA7-9625-620A384557A3-" CS="1">
<String LANG="en-US" CS="1" CONTENT="&#8230;"/>
<SP HEIGHT="51" WIDTH="30" VPOS="3789" HPOS="239"/>
<String LANG="fr" CONTENT="Les" HEIGHT="52" WIDTH="107" VPOS="3789" HPOS="270"/>
<SP HEIGHT="35" WIDTH="24" VPOS="3806" HPOS="378"/>
<String LANG="en-US" CONTENT="centurions" HEIGHT="55" WIDTH="324" VPOS="3786" HPOS="403"/>
<SP HEIGHT="33" WIDTH="30" VPOS="3806" HPOS="728"/>
<String LANG="en-US" CS="1" CONTENT="&#8230;"/>
<SP HEIGHT="51" WIDTH="77" VPOS="3787" HPOS="816"/>
<String LANG="en-US" CONTENT="Paris," HEIGHT="67" WIDTH="184" VPOS="3786" HPOS="894"/>
<SP HEIGHT="66" WIDTH="26" VPOS="3787" HPOS="1079"/>
<String LANG="de" CONTENT="Rieder," HEIGHT="68" WIDTH="226" VPOS="3786" HPOS="1106"/>
<SP HEIGHT="62" WIDTH="29" VPOS="3792" HPOS="1333"/>
<String LANG="en-US" CONTENT="1930." HEIGHT="50" WIDTH="150" VPOS="3791" HPOS="1363"/>
</TextLine>
<TextLine HEIGHT="58" WIDTH="1835" VPOS="3868" HPOS="177" CS="1">
<String LANG="en-US" CONTENT="3" HEIGHT="40" WIDTH="26" VPOS="3872" HPOS="177"/>
<SP HEIGHT="47" WIDTH="28" VPOS="3872" HPOS="204"/>
<String LANG="fr" CONTENT="p." HEIGHT="37" WIDTH="43" VPOS="3882" HPOS="233"/>
<SP HEIGHT="39" WIDTH="26" VPOS="3872" HPOS="277"/>
<String LANG="en-US" CS="1" CONTENT="l.," HEIGHT="16" WIDTH="8" VPOS="3902" HPOS="339"/>
<SP HEIGHT="30" WIDTH="32" VPOS="3890" HPOS="348"/>
<String LANG="en-US" CONTENT="[9]-221" HEIGHT="50" WIDTH="174" VPOS="3870" HPOS="381"/>
<SP HEIGHT="46" WIDTH="30" VPOS="3870" HPOS="556"/>
<String LANG="fr" CONTENT="p.," HEIGHT="36" WIDTH="56" VPOS="3880" HPOS="587"/>
<SP HEIGHT="46" WIDTH="29" VPOS="3869" HPOS="644"/>
<String LANG="en-US" CONTENT="1" HEIGHT="38" WIDTH="25" VPOS="3869" HPOS="674"/>
<SP HEIGHT="38" WIDTH="26" VPOS="3869" HPOS="700"/>
<String LANG="en-US" CS="1" CONTENT="l."/>
<SP HEIGHT="37" WIDTH="59" VPOS="3870" HPOS="758"/>
<String LANG="en-US" CONTENT="19" HEIGHT="40" WIDTH="55" VPOS="3868" HPOS="818"/>
<String STYLE="superscript" LANG="en-US" CS="1" CONTENT="&#7580;&#7504;"/>
<String LANG="en-US" CONTENT="." HEIGHT="8" WIDTH="8" VPOS="3900" HPOS="925"/>
<SP HEIGHT="47" WIDTH="69" VPOS="3868" HPOS="934"/>
<String LANG="fr" CONTENT="(Prosateurs" HEIGHT="47" WIDTH="316" VPOS="3868" HPOS="1004"/>
<SP HEIGHT="39" WIDTH="27" VPOS="3870" HPOS="1321"/>
<String LANG="fr" CONTENT="fran&#231;ais" HEIGHT="49" WIDTH="219" VPOS="3870" HPOS="1349"/>
<SP HEIGHT="31" WIDTH="29" VPOS="3882" HPOS="1569"/>
<String LANG="fr" CONTENT="contemporains)" HEIGHT="51" WIDTH="413" VPOS="3875" HPOS="1599"/>
</TextLine>
<TextLine HEIGHT="56" WIDTH="1996" VPOS="3928" HPOS="112" CS="1">
<String LANG="en-US" CONTENT="&#169;" HEIGHT="52" WIDTH="50" VPOS="3932" HPOS="112"/>
<SP HEIGHT="52" WIDTH="28" VPOS="3932" HPOS="163"/>
<String LANG="en-US" CONTENT="Nov." HEIGHT="38" WIDTH="116" VPOS="3937" HPOS="192"/>
<SP HEIGHT="38" WIDTH="27" VPOS="3937" HPOS="309"/>
<String LANG="en-US" CONTENT="18," HEIGHT="48" WIDTH="69" VPOS="3935" HPOS="337"/>
<SP HEIGHT="47" WIDTH="29" VPOS="3936" HPOS="407"/>
<String LANG="en-US" CONTENT="1930;" HEIGHT="46" WIDTH="140" VPOS="3933" HPOS="437"/>
<SP HEIGHT="44" WIDTH="31" VPOS="3935" HPOS="578"/>
<String LANG="en-US" CS="1" CONTENT="1c."/>
<SP HEIGHT="40" WIDTH="28" VPOS="3933" HPOS="677"/>
<String LANG="en-US" CONTENT="Jan." HEIGHT="40" WIDTH="109" VPOS="3933" HPOS="706"/>
<SP HEIGHT="40" WIDTH="27" VPOS="3932" HPOS="816"/>
<String LANG="en-US" CONTENT="23," HEIGHT="44" WIDTH="68" VPOS="3932" HPOS="844"/>
<SP HEIGHT="42" WIDTH="29" VPOS="3934" HPOS="913"/>
<String LANG="en-US" CONTENT="1931;" HEIGHT="48" WIDTH="141" VPOS="3932" HPOS="943"/>
<SP HEIGHT="46" WIDTH="29" VPOS="3934" HPOS="1085"/>
<!-- cceid E48DE795-6E8D-1014-9CF5-AEB3FCA41D69 --><String LANG="en-US" CONTENT="A&#8212;Foreign" HEIGHT="49" WIDTH="312" VPOS="3934" HPOS="1115"/>
<SP HEIGHT="38" WIDTH="28" VPOS="3937" HPOS="1428"/>
<String LANG="en-US" CONTENT="10624;" HEIGHT="49" WIDTH="170" VPOS="3935" HPOS="1457"/>
<SP HEIGHT="56" WIDTH="32" VPOS="3928" HPOS="1628"/>
<String LANG="fr" CONTENT="&#201;ditions" HEIGHT="54" WIDTH="223" VPOS="3928" HPOS="1661"/>
<SP HEIGHT="39" WIDTH="30" VPOS="3943" HPOS="1885"/>
<String LANG="de" CONTENT="Rieder." HEIGHT="42" WIDTH="192" VPOS="3942" HPOS="1916"/>
</TextLine>
<TextLine HEIGHT="41" WIDTH="249" VPOS="3991" HPOS="189">
<String CONTENT="(31-8606)" HEIGHT="41" WIDTH="249" VPOS="3991" HPOS="189"/>
</TextLine>
</TextBlock>
</PrintSpace>
</Page>
</Layout>
</alto>