<alto xmlns="http://www.loc.gov/standards/alto/ns-v3#" xmlns:xlink="http://www.w3.org/1999/xlink" xmlns:xsi="http://www.w3.org/2001/XMLSchema-instance" xsi:schemaLocation="http://www.loc.gov/standards/alto/ns-v3# http://www.loc.gov/alto/v3/alto-3-0.xsd"><Description>
<MeasurementUnit>pixel</MeasurementUnit>
<sourceImageInformation>
<fileName>1931_v28_Part001.pdf</fileName>
</sourceImageInformation>
<OCRProcessing ID="IdOcr">
<ocrProcessingStep>
<processingDateTime>2019-04-22</processingDateTime>
<processingSoftware>
<softwareCreator>ABBYY</softwareCreator>
<softwareName>ABBYY Recognition Server</softwareName>
<softwareVersion>4.0</softwareVersion>
</processingSoftware>
</ocrProcessingStep>
</OCRProcessing>
</Description>
<Styles>
<ParagraphStyle ID="StyleId-FFFFFFFF-FFFF-FFFF-FFFF-FFFFFFFFFFFF-" ALIGN="Left" LEFT="0." RIGHT="0." FIRSTLINE="0."/>
<ParagraphStyle ID="StyleId-204B5AEB-67A1-44E2-A013-34B3A0F3E0EA-" ALIGN="Right" LEFT="0." RIGHT="0." FIRSTLINE="0." LINESPACE="8.300000191"/>
<ParagraphStyle ID="StyleId-03245871-796C-4429-B3C7-F9019C8C5B89-" ALIGN="Left" LEFT="0." RIGHT="0." FIRSTLINE="0." LINESPACE="12.19999981"/>
<ParagraphStyle ID="StyleId-BDCA8811-25FF-44DB-8D6F-2072A4ABC070-" ALIGN="Center" LEFT="0." RIGHT="0." FIRSTLINE="0." LINESPACE="12.19999981"/>
<ParagraphStyle ID="StyleId-2C5B7DF0-AF87-455E-B9A8-6FE387CB59BD-" ALIGN="Left" LEFT="0." RIGHT="0." FIRSTLINE="-13." LINESPACE="8.479999542"/>
<ParagraphStyle ID="StyleId-9FB72FA1-55D5-4161-8333-823D5732F4D0-" ALIGN="Block" LEFT="0." RIGHT="0." FIRSTLINE="-14." LINESPACE="10."/>
<ParagraphStyle ID="StyleId-212AEB8C-A829-4BF1-8E45-5BFE386A469C-" ALIGN="Block" LEFT="0." RIGHT="0." FIRSTLINE="-14." LINESPACE="11.35000038"/>
<ParagraphStyle ID="StyleId-4EC79CC1-EA62-49CE-ABB6-D84DDFCF4C7D-" ALIGN="Block" LEFT="0." RIGHT="0." FIRSTLINE="-10." LINESPACE="12.19999981"/>
<ParagraphStyle ID="StyleId-DAF2E8EE-6444-4951-9284-36A6C020C887-" ALIGN="Left" LEFT="0." RIGHT="0." FIRSTLINE="0." LINESPACE="9.399999619"/>
<ParagraphStyle ID="StyleId-25241749-1672-4977-B19F-38F59800D6D8-" ALIGN="Left" LEFT="0." RIGHT="0." FIRSTLINE="0." LINESPACE="11.10000038"/>
<ParagraphStyle ID="StyleId-8C523E19-EDEF-4F23-B010-536E1A1AAE1A-" ALIGN="Left" LEFT="0." RIGHT="0." FIRSTLINE="-13." LINESPACE="12.19999981"/>
<ParagraphStyle ID="StyleId-A1F9DE9E-2625-4D8B-AD7E-F0A0034C2989-" ALIGN="Block" LEFT="0." RIGHT="0." FIRSTLINE="0." LINESPACE="12.19999981"/>
<ParagraphStyle ID="StyleId-5725BB01-2B1C-440F-BAF2-696C4F4DF162-" ALIGN="Block" LEFT="0." RIGHT="0." FIRSTLINE="13." LINESPACE="12.19999981"/>
<ParagraphStyle ID="StyleId-F10A2092-61AA-44FD-99C2-123B3A8051CF-" ALIGN="Left" LEFT="0." RIGHT="0." FIRSTLINE="0." LINESPACE="5.5"/>
<ParagraphStyle ID="StyleId-B3CDC8CC-D2E1-4A23-B67C-CDD40993D1DD-" ALIGN="Left" LEFT="0." RIGHT="0." FIRSTLINE="0." LINESPACE="10."/>
<ParagraphStyle ID="StyleId-871EBF53-D909-4C8F-B368-AC7D897344DD-" ALIGN="Left" LEFT="0." RIGHT="0." FIRSTLINE="0."/>
<ParagraphStyle ID="StyleId-C4129744-680B-4878-B2C4-44BA3742C8D7-" ALIGN="Block" LEFT="0." RIGHT="0." FIRSTLINE="-14." LINESPACE="11.35000038"/>
<ParagraphStyle ID="StyleId-9CE98075-0B04-43D4-88D8-CE3BAB51B419-" ALIGN="Block" LEFT="0." RIGHT="0." FIRSTLINE="-10." LINESPACE="12.19999981"/>
<ParagraphStyle ID="StyleId-B2CFB7B3-DFFA-4E0E-94D6-C2BCE88DA9A9-" ALIGN="Left" LEFT="0." RIGHT="0." FIRSTLINE="0." LINESPACE="12.5"/>
<ParagraphStyle ID="StyleId-8D3352F3-1084-4DDE-A35D-B97102CCE686-" ALIGN="Left" LEFT="0." RIGHT="0." FIRSTLINE="0." LINESPACE="11.60000038"/>
<ParagraphStyle ID="StyleId-4A8DDA0D-166D-4E22-A597-BA51B892602D-" ALIGN="Block" LEFT="0." RIGHT="0." FIRSTLINE="0." LINESPACE="11.21000004"/>
<ParagraphStyle ID="StyleId-90EA4001-AA3C-45A1-AEDC-D1E1169EE5E5-" ALIGN="Block" LEFT="0." RIGHT="0." FIRSTLINE="13." LINESPACE="12.19999981"/>
</Styles>
<Layout>
<Page ID="Page1940" PHYSICAL_IMG_NR="1940" HEIGHT="4370" WIDTH="2428">
<TopMargin HEIGHT="400" WIDTH="2428" VPOS="0" HPOS="0">
</TopMargin>
<LeftMargin HEIGHT="3718" WIDTH="248" VPOS="400" HPOS="0">
</LeftMargin>
<RightMargin HEIGHT="3718" WIDTH="134" VPOS="400" HPOS="2294">
</RightMargin>
<BottomMargin HEIGHT="252" WIDTH="2428" VPOS="4118" HPOS="0">
</BottomMargin>
<PrintSpace HEIGHT="3718" WIDTH="2046" VPOS="400" HPOS="248">
<TextBlock ID="Page1940_Block1" HEIGHT="72" WIDTH="156" VPOS="4046" HPOS="1188" LANG="en-US" STYLEREFS="StyleId-8DF924CB-311A-48C4-8A1B-E8AEF97289E7-">
<TextLine HEIGHT="51" WIDTH="135" VPOS="4056" HPOS="1199">
<String CONTENT="1940" HEIGHT="51" WIDTH="135" VPOS="4056" HPOS="1199"/>
</TextLine>
</TextBlock>
<TextBlock ID="Page1940_Block2" HEIGHT="3654" WIDTH="2046" VPOS="400" HPOS="248" LANG="en-US" CS="1" STYLEREFS="StyleId-61233DEF-521A-41A9-B755-CEF4BD4AD09B-">
<TextLine HEIGHT="50" WIDTH="863" VPOS="494" HPOS="341" CS="1">
<String CONTENT="xi" HEIGHT="40" WIDTH="52" VPOS="494" HPOS="341"/>
<SP HEIGHT="49" WIDTH="27" VPOS="494" HPOS="394"/>
<String CONTENT="p.," HEIGHT="38" WIDTH="60" VPOS="505" HPOS="422"/>
<SP HEIGHT="48" WIDTH="27" VPOS="494" HPOS="483"/>
<String CONTENT="2" HEIGHT="40" WIDTH="26" VPOS="494" HPOS="511"/>
<SP/>
<String CS="1" CONTENT="l.," HEIGHT="17" WIDTH="8" VPOS="527" HPOS="604"/>
<SP HEIGHT="49" WIDTH="30" VPOS="495" HPOS="613"/>
<String CONTENT="354" HEIGHT="41" WIDTH="86" VPOS="495" HPOS="644"/>
<SP HEIGHT="48" WIDTH="29" VPOS="496" HPOS="731"/>
<String CONTENT="p." HEIGHT="38" WIDTH="41" VPOS="506" HPOS="761"/>
<SP HEIGHT="39" WIDTH="60" VPOS="496" HPOS="803"/>
<String CONTENT="illus." HEIGHT="41" WIDTH="129" VPOS="496" HPOS="864"/>
<SP HEIGHT="40" WIDTH="62" VPOS="497" HPOS="994"/>
<String CS="1" CONTENT="23&#189;" HEIGHT="41" WIDTH="56" VPOS="497" HPOS="1057"/>
<String STYLE="superscript" CS="1" CONTENT="&#7580;&#7504;"/>
<String CONTENT="&#183;" HEIGHT="8" WIDTH="8" VPOS="528" HPOS="1196"/>
</TextLine>
<TextLine HEIGHT="59" WIDTH="2007" VPOS="560" HPOS="275" CS="1">
<String CONTENT="&#169;" HEIGHT="54" WIDTH="52" VPOS="560" HPOS="275"/>
<SP HEIGHT="54" WIDTH="23" VPOS="560" HPOS="328"/>
<String CONTENT="Nov." HEIGHT="41" WIDTH="118" VPOS="566" HPOS="352"/>
<SP HEIGHT="40" WIDTH="25" VPOS="567" HPOS="471"/>
<String CONTENT="18," HEIGHT="50" WIDTH="69" VPOS="566" HPOS="497"/>
<SP HEIGHT="49" WIDTH="26" VPOS="567" HPOS="567"/>
<String CS="1" CONTENT="1931;" HEIGHT="42" WIDTH="113" VPOS="566" HPOS="594"/>
<SP HEIGHT="49" WIDTH="26" VPOS="566" HPOS="736"/>
<String CONTENT="2c." HEIGHT="43" WIDTH="67" VPOS="566" HPOS="763"/>
<SP HEIGHT="41" WIDTH="25" VPOS="568" HPOS="831"/>
<String CONTENT="Nov." HEIGHT="43" WIDTH="119" VPOS="568" HPOS="857"/>
<SP HEIGHT="44" WIDTH="25" VPOS="567" HPOS="977"/>
<String CS="1" CONTENT="21;" HEIGHT="41" WIDTH="53" VPOS="567" HPOS="1003"/>
<SP HEIGHT="32" WIDTH="29" VPOS="580" HPOS="1086"/>
<String CONTENT="aff." HEIGHT="42" WIDTH="81" VPOS="568" HPOS="1116"/>
<SP HEIGHT="40" WIDTH="27" VPOS="569" HPOS="1198"/>
<String CONTENT="Nov." HEIGHT="40" WIDTH="117" VPOS="569" HPOS="1226"/>
<SP HEIGHT="41" WIDTH="26" VPOS="568" HPOS="1344"/>
<String CS="1" CONTENT="23;" HEIGHT="43" WIDTH="55" VPOS="568" HPOS="1371"/>
<SP HEIGHT="48" WIDTH="28" VPOS="569" HPOS="1455"/>
<!-- cceid F29B0271-6E8D-1014-9CF5-AEB3FCA41D69 --><String CONTENT="A" HEIGHT="41" WIDTH="41" VPOS="569" HPOS="1484"/>
<SP HEIGHT="41" WIDTH="23" VPOS="569" HPOS="1526"/>
<String CS="1" CONTENT="45167;" HEIGHT="42" WIDTH="147" VPOS="569" HPOS="1550"/>
<SP HEIGHT="49" WIDTH="29" VPOS="569" HPOS="1723"/>
<String CONTENT="Open" HEIGHT="50" WIDTH="130" VPOS="569" HPOS="1753"/>
<SP HEIGHT="29" WIDTH="28" VPOS="580" HPOS="1884"/>
<String CONTENT="court" HEIGHT="38" WIDTH="139" VPOS="573" HPOS="1913"/>
<SP HEIGHT="46" WIDTH="25" VPOS="573" HPOS="2053"/>
<String CONTENT="pub." HEIGHT="48" WIDTH="108" VPOS="571" HPOS="2079"/>
<SP HEIGHT="29" WIDTH="28" VPOS="582" HPOS="2188"/>
<String CONTENT="co." HEIGHT="29" WIDTH="65" VPOS="582" HPOS="2217"/>
</TextLine>
<TextLine HEIGHT="50" WIDTH="283" VPOS="624" HPOS="354">
<String CONTENT="(31-33774)" HEIGHT="50" WIDTH="283" VPOS="624" HPOS="354"/>
</TextLine>
<TextLine HEIGHT="69" WIDTH="1193" VPOS="718" HPOS="271" STYLEREFS="StyleId-8DF924CB-311A-48C4-8A1B-E8AEF97289E7-">
<String CONTENT="Shannon," HEIGHT="67" WIDTH="301" VPOS="718" HPOS="271"/>
<SP HEIGHT="65" WIDTH="31" VPOS="720" HPOS="573"/>
<String CONTENT="Frederick" HEIGHT="56" WIDTH="317" VPOS="719" HPOS="605"/>
<SP HEIGHT="54" WIDTH="29" VPOS="721" HPOS="923"/>
<String CONTENT="Franklin," HEIGHT="67" WIDTH="305" VPOS="720" HPOS="953"/>
<SP HEIGHT="58" WIDTH="31" VPOS="729" HPOS="1259"/>
<String CONTENT="1877-" HEIGHT="55" WIDTH="173" VPOS="723" HPOS="1291"/>
</TextLine>
<TextLine HEIGHT="71" WIDTH="1939" VPOS="797" HPOS="343" STYLEREFS="StyleId-8DF924CB-311A-48C4-8A1B-E8AEF97289E7-" CS="1">
<String CONTENT="The" HEIGHT="54" WIDTH="123" VPOS="797" HPOS="343"/>
<SP HEIGHT="36" WIDTH="31" VPOS="815" HPOS="467"/>
<String CONTENT="universe" HEIGHT="53" WIDTH="264" VPOS="798" HPOS="499"/>
<SP HEIGHT="34" WIDTH="32" VPOS="817" HPOS="764"/>
<String CONTENT="within," HEIGHT="68" WIDTH="225" VPOS="799" HPOS="797"/>
<SP HEIGHT="67" WIDTH="32" VPOS="800" HPOS="1023"/>
<String CONTENT="by" HEIGHT="68" WIDTH="76" VPOS="800" HPOS="1056"/>
<SP HEIGHT="68" WIDTH="32" VPOS="800" HPOS="1133"/>
<String CONTENT="Frederick" HEIGHT="54" WIDTH="314" VPOS="799" HPOS="1166"/>
<SP HEIGHT="53" WIDTH="32" VPOS="799" HPOS="1481"/>
<String CONTENT="F." HEIGHT="53" WIDTH="67" VPOS="800" HPOS="1514"/>
<SP HEIGHT="56" WIDTH="36" VPOS="799" HPOS="1582"/>
<String CONTENT="Shannon" HEIGHT="56" WIDTH="276" VPOS="799" HPOS="1619"/>
<SP HEIGHT="35" WIDTH="41" VPOS="819" HPOS="1896"/>
<String CS="1" CONTENT="&#8230;"/>
<SP HEIGHT="34" WIDTH="40" VPOS="819" HPOS="1995"/>
<String CONTENT="with" HEIGHT="54" WIDTH="142" VPOS="800" HPOS="2036"/>
<SP HEIGHT="53" WIDTH="34" VPOS="800" HPOS="2179"/>
<String CONTENT="an" HEIGHT="35" WIDTH="68" VPOS="818" HPOS="2214"/>
</TextLine>
<TextLine HEIGHT="71" WIDTH="2008" VPOS="875" HPOS="272" STYLEREFS="StyleId-8DF924CB-311A-48C4-8A1B-E8AEF97289E7-" CS="1">
<String CONTENT="appreciation" HEIGHT="68" WIDTH="396" VPOS="875" HPOS="272"/>
<SP HEIGHT="53" WIDTH="50" VPOS="876" HPOS="669"/>
<String CONTENT="by" HEIGHT="69" WIDTH="77" VPOS="876" HPOS="720"/>
<SP HEIGHT="69" WIDTH="47" VPOS="876" HPOS="798"/>
<String CONTENT="Gaius" HEIGHT="55" WIDTH="182" VPOS="876" HPOS="846"/>
<SP HEIGHT="56" WIDTH="49" VPOS="877" HPOS="1029"/>
<String CONTENT="Glenn" HEIGHT="56" WIDTH="190" VPOS="877" HPOS="1079"/>
<SP HEIGHT="54" WIDTH="48" VPOS="877" HPOS="1270"/>
<String CONTENT="Atkins" HEIGHT="54" WIDTH="216" VPOS="877" HPOS="1319"/>
<SP HEIGHT="34" WIDTH="55" VPOS="897" HPOS="1536"/>
<String CS="1" CONTENT="&#8230;"/>
<SP HEIGHT="54" WIDTH="77" VPOS="878" HPOS="1650"/>
<String CONTENT="New" HEIGHT="54" WIDTH="139" VPOS="878" HPOS="1728"/>
<SP HEIGHT="52" WIDTH="51" VPOS="879" HPOS="1868"/>
<String CONTENT="York" HEIGHT="53" WIDTH="164" VPOS="878" HPOS="1920"/>
<SP HEIGHT="68" WIDTH="56" VPOS="878" HPOS="2085"/>
<String STYLE="subscript" CS="1" CONTENT="[etc."/>
<String CONTENT="]" HEIGHT="34" WIDTH="12" VPOS="911" HPOS="2268"/>
</TextLine>
<TextLine HEIGHT="66" WIDTH="1163" VPOS="954" HPOS="271" STYLEREFS="StyleId-8DF924CB-311A-48C4-8A1B-E8AEF97289E7-" CS="1">
<String CONTENT="Fleming" HEIGHT="66" WIDTH="269" VPOS="954" HPOS="271"/>
<SP HEIGHT="66" WIDTH="30" VPOS="954" HPOS="541"/>
<String CONTENT="H." HEIGHT="53" WIDTH="79" VPOS="954" HPOS="572"/>
<SP HEIGHT="53" WIDTH="31" VPOS="954" HPOS="652"/>
<String CONTENT="Revell" HEIGHT="53" WIDTH="199" VPOS="954" HPOS="684"/>
<SP HEIGHT="52" WIDTH="32" VPOS="956" HPOS="884"/>
<String CONTENT="company" HEIGHT="47" WIDTH="284" VPOS="973" HPOS="917"/>
<SP HEIGHT="46" WIDTH="36" VPOS="974" HPOS="1202"/>
<String CS="1" CONTENT="["/>
<String STYLE="superscript" CS="1" CONTENT="&#7580;193"/>
<String CONTENT="1]" HEIGHT="60" WIDTH="47" VPOS="960" HPOS="1387"/>
</TextLine>
<TextLine HEIGHT="50" WIDTH="371" VPOS="1035" HPOS="336" CS="1">
<String LANG="en-US" CONTENT="186" HEIGHT="41" WIDTH="90" VPOS="1036" HPOS="336"/>
<SP HEIGHT="49" WIDTH="27" VPOS="1036" HPOS="427"/>
<String LANG="en-US" CONTENT="p" HEIGHT="38" WIDTH="31" VPOS="1047" HPOS="455"/>
<SP HEIGHT="47" WIDTH="72" VPOS="1038" HPOS="487"/>
<String LANG="el" CONTENT="19" HEIGHT="42" WIDTH="56" VPOS="1035" HPOS="560"/>
<String LANG="en-US" CS="1" CONTENT="&#189;&#7580;&#7504;"/>
<String LANG="el" CONTENT="." HEIGHT="8" WIDTH="8" VPOS="1069" HPOS="699"/>
</TextLine>
<TextLine HEIGHT="51" WIDTH="1270" VPOS="1093" HPOS="346">
<String CONTENT="&#8220;A" HEIGHT="39" WIDTH="70" VPOS="1094" HPOS="346"/>
<SP HEIGHT="39" WIDTH="24" VPOS="1094" HPOS="417"/>
<String CONTENT="new" HEIGHT="32" WIDTH="106" VPOS="1103" HPOS="442"/>
<SP HEIGHT="31" WIDTH="25" VPOS="1104" HPOS="549"/>
<String CONTENT="volume" HEIGHT="38" WIDTH="192" VPOS="1096" HPOS="575"/>
<SP HEIGHT="30" WIDTH="25" VPOS="1104" HPOS="768"/>
<String CONTENT="of" HEIGHT="41" WIDTH="53" VPOS="1093" HPOS="794"/>
<SP HEIGHT="42" WIDTH="26" VPOS="1093" HPOS="848"/>
<String CONTENT="Shannon&#8217;s" HEIGHT="43" WIDTH="273" VPOS="1093" HPOS="875"/>
<SP HEIGHT="30" WIDTH="26" VPOS="1106" HPOS="1149"/>
<String CONTENT="sermons.&#8221;&#8212;p." HEIGHT="50" WIDTH="369" VPOS="1094" HPOS="1176"/>
<SP HEIGHT="39" WIDTH="29" VPOS="1097" HPOS="1546"/>
<String CONTENT="7." HEIGHT="40" WIDTH="40" VPOS="1097" HPOS="1576"/>
</TextLine>
<TextLine HEIGHT="55" WIDTH="2011" VPOS="1160" HPOS="273" CS="1">
<String CONTENT="&#169;" HEIGHT="53" WIDTH="52" VPOS="1160" HPOS="273"/>
<SP HEIGHT="53" WIDTH="31" VPOS="1160" HPOS="326"/>
<String CONTENT="Nov." HEIGHT="41" WIDTH="119" VPOS="1165" HPOS="358"/>
<SP HEIGHT="40" WIDTH="30" VPOS="1166" HPOS="478"/>
<String CONTENT="7," HEIGHT="48" WIDTH="40" VPOS="1166" HPOS="509"/>
<SP HEIGHT="48" WIDTH="31" VPOS="1166" HPOS="550"/>
<String CS="1" CONTENT="1931;" HEIGHT="41" WIDTH="114" VPOS="1164" HPOS="582"/>
<SP HEIGHT="47" WIDTH="33" VPOS="1166" HPOS="725"/>
<String CONTENT="2c." HEIGHT="41" WIDTH="68" VPOS="1166" HPOS="759"/>
<SP HEIGHT="30" WIDTH="30" VPOS="1177" HPOS="828"/>
<String CONTENT="and" HEIGHT="39" WIDTH="97" VPOS="1168" HPOS="859"/>
<SP HEIGHT="39" WIDTH="31" VPOS="1168" HPOS="957"/>
<String CONTENT="aff." HEIGHT="41" WIDTH="81" VPOS="1166" HPOS="989"/>
<SP HEIGHT="39" WIDTH="33" VPOS="1167" HPOS="1071"/>
<String CONTENT="Nov." HEIGHT="39" WIDTH="118" VPOS="1167" HPOS="1105"/>
<SP HEIGHT="39" WIDTH="33" VPOS="1167" HPOS="1224"/>
<String CS="1" CONTENT="24;" HEIGHT="39" WIDTH="56" VPOS="1167" HPOS="1258"/>
<SP HEIGHT="48" WIDTH="29" VPOS="1166" HPOS="1342"/>
<!-- cceid F29B21FA-6E8D-1014-9CF5-AEB3FCA41D69 --><String CONTENT="A" HEIGHT="40" WIDTH="46" VPOS="1166" HPOS="1372"/>
<SP HEIGHT="40" WIDTH="30" VPOS="1166" HPOS="1419"/>
<String CS="1" CONTENT="44923;" HEIGHT="41" WIDTH="145" VPOS="1166" HPOS="1450"/>
<SP HEIGHT="45" WIDTH="36" VPOS="1168" HPOS="1624"/>
<String CONTENT="Fleming" HEIGHT="49" WIDTH="223" VPOS="1166" HPOS="1661"/>
<SP HEIGHT="48" WIDTH="30" VPOS="1167" HPOS="1885"/>
<String CONTENT="H." HEIGHT="40" WIDTH="61" VPOS="1167" HPOS="1916"/>
<SP HEIGHT="40" WIDTH="34" VPOS="1167" HPOS="1978"/>
<String CONTENT="Revell" HEIGHT="41" WIDTH="170" VPOS="1166" HPOS="2013"/>
<SP HEIGHT="41" WIDTH="31" VPOS="1166" HPOS="2184"/>
<String CONTENT="co." HEIGHT="33" WIDTH="68" VPOS="1176" HPOS="2216"/>
</TextLine>
<TextLine HEIGHT="50" WIDTH="283" VPOS="1222" HPOS="350">
<String CONTENT="(31-33780)" HEIGHT="50" WIDTH="283" VPOS="1222" HPOS="350"/>
</TextLine>
<TextLine HEIGHT="68" WIDTH="808" VPOS="1315" HPOS="266" STYLEREFS="StyleId-43A4278D-E194-4277-9C0F-69849A47B49B-">
<String CONTENT="Slater," HEIGHT="68" WIDTH="215" VPOS="1315" HPOS="266"/>
<SP HEIGHT="66" WIDTH="32" VPOS="1317" HPOS="482"/>
<String CONTENT="George" HEIGHT="65" WIDTH="229" VPOS="1317" HPOS="515"/>
<SP HEIGHT="53" WIDTH="31" VPOS="1319" HPOS="745"/>
<String CONTENT="A.," HEIGHT="64" WIDTH="90" VPOS="1319" HPOS="777"/>
<SP HEIGHT="58" WIDTH="33" VPOS="1325" HPOS="868"/>
<String CONTENT="1867-" HEIGHT="55" WIDTH="172" VPOS="1320" HPOS="902"/>
</TextLine>
<TextLine HEIGHT="70" WIDTH="1947" VPOS="1395" HPOS="333" STYLEREFS="StyleId-8DF924CB-311A-48C4-8A1B-E8AEF97289E7-">
<String CONTENT="The" HEIGHT="52" WIDTH="122" VPOS="1396" HPOS="333"/>
<SP HEIGHT="53" WIDTH="27" VPOS="1395" HPOS="456"/>
<String CONTENT="hills" HEIGHT="54" WIDTH="137" VPOS="1395" HPOS="484"/>
<SP HEIGHT="34" WIDTH="28" VPOS="1415" HPOS="622"/>
<String CONTENT="of" HEIGHT="53" WIDTH="64" VPOS="1396" HPOS="651"/>
<SP HEIGHT="53" WIDTH="28" VPOS="1396" HPOS="716"/>
<String CONTENT="home;" HEIGHT="67" WIDTH="192" VPOS="1397" HPOS="745"/>
<SP HEIGHT="67" WIDTH="33" VPOS="1397" HPOS="938"/>
<String CONTENT="American" HEIGHT="56" WIDTH="309" VPOS="1396" HPOS="972"/>
<SP HEIGHT="51" WIDTH="30" VPOS="1398" HPOS="1282"/>
<String CONTENT="life" HEIGHT="54" WIDTH="106" VPOS="1396" HPOS="1313"/>
<SP HEIGHT="49" WIDTH="29" VPOS="1416" HPOS="1420"/>
<String CONTENT="pictured" HEIGHT="69" WIDTH="263" VPOS="1396" HPOS="1450"/>
<SP HEIGHT="53" WIDTH="29" VPOS="1396" HPOS="1714"/>
<String CONTENT="in" HEIGHT="53" WIDTH="60" VPOS="1396" HPOS="1744"/>
<SP HEIGHT="53" WIDTH="30" VPOS="1396" HPOS="1805"/>
<String CONTENT="New" HEIGHT="54" WIDTH="139" VPOS="1396" HPOS="1836"/>
<SP HEIGHT="54" WIDTH="31" VPOS="1396" HPOS="1976"/>
<String CONTENT="England" HEIGHT="69" WIDTH="272" VPOS="1396" HPOS="2008"/>
</TextLine>
<TextLine HEIGHT="73" WIDTH="2019" VPOS="1473" HPOS="263" STYLEREFS="StyleId-8DF924CB-311A-48C4-8A1B-E8AEF97289E7-">
<String CONTENT="in" HEIGHT="54" WIDTH="59" VPOS="1473" HPOS="263"/>
<SP HEIGHT="48" WIDTH="26" VPOS="1480" HPOS="323"/>
<String CONTENT="the" HEIGHT="54" WIDTH="97" VPOS="1474" HPOS="350"/>
<SP HEIGHT="52" WIDTH="28" VPOS="1475" HPOS="448"/>
<String CONTENT="last" HEIGHT="53" WIDTH="110" VPOS="1475" HPOS="477"/>
<SP HEIGHT="52" WIDTH="28" VPOS="1475" HPOS="588"/>
<String CONTENT="half" HEIGHT="52" WIDTH="130" VPOS="1475" HPOS="617"/>
<SP HEIGHT="52" WIDTH="25" VPOS="1475" HPOS="748"/>
<String CONTENT="of" HEIGHT="52" WIDTH="63" VPOS="1475" HPOS="774"/>
<SP HEIGHT="52" WIDTH="27" VPOS="1475" HPOS="838"/>
<String CONTENT="the" HEIGHT="51" WIDTH="95" VPOS="1476" HPOS="866"/>
<SP HEIGHT="34" WIDTH="28" VPOS="1494" HPOS="962"/>
<String CONTENT="nineteenth" HEIGHT="54" WIDTH="330" VPOS="1476" HPOS="991"/>
<SP HEIGHT="52" WIDTH="28" VPOS="1476" HPOS="1322"/>
<String CONTENT="century," HEIGHT="66" WIDTH="253" VPOS="1479" HPOS="1351"/>
<SP HEIGHT="69" WIDTH="28" VPOS="1476" HPOS="1605"/>
<String CONTENT="by" HEIGHT="70" WIDTH="74" VPOS="1476" HPOS="1634"/>
<SP HEIGHT="72" WIDTH="28" VPOS="1474" HPOS="1709"/>
<String CONTENT="George" HEIGHT="70" WIDTH="221" VPOS="1474" HPOS="1738"/>
<SP HEIGHT="54" WIDTH="29" VPOS="1476" HPOS="1960"/>
<String CONTENT="A." HEIGHT="51" WIDTH="68" VPOS="1476" HPOS="1990"/>
<SP HEIGHT="55" WIDTH="32" VPOS="1474" HPOS="2059"/>
<String CONTENT="Slater" HEIGHT="55" WIDTH="190" VPOS="1474" HPOS="2092"/>
</TextLine>
<TextLine HEIGHT="72" WIDTH="1086" VPOS="1552" HPOS="324" STYLEREFS="StyleId-8DF924CB-311A-48C4-8A1B-E8AEF97289E7-" CS="1">
<String CS="1" CONTENT="&#8230;"/>
<SP HEIGHT="55" WIDTH="71" VPOS="1552" HPOS="324"/>
<String CONTENT="New" HEIGHT="56" WIDTH="139" VPOS="1552" HPOS="396"/>
<SP HEIGHT="54" WIDTH="31" VPOS="1552" HPOS="536"/>
<String CONTENT="York," HEIGHT="69" WIDTH="180" VPOS="1552" HPOS="568"/>
<SP HEIGHT="68" WIDTH="30" VPOS="1553" HPOS="749"/>
<String LANG="fr" CONTENT="W." HEIGHT="53" WIDTH="87" VPOS="1553" HPOS="780"/>
<SP HEIGHT="53" WIDTH="32" VPOS="1553" HPOS="868"/>
<String CONTENT="E." HEIGHT="54" WIDTH="67" VPOS="1553" HPOS="901"/>
<SP HEIGHT="53" WIDTH="33" VPOS="1554" HPOS="969"/>
<String CONTENT="Rudge," HEIGHT="70" WIDTH="223" VPOS="1554" HPOS="1003"/>
<SP HEIGHT="67" WIDTH="31" VPOS="1557" HPOS="1227"/>
<String CONTENT="1931." HEIGHT="50" WIDTH="151" VPOS="1556" HPOS="1259"/>
</TextLine>
<TextLine HEIGHT="51" WIDTH="1027" VPOS="1633" HPOS="331" CS="1">
<String CONTENT="48," HEIGHT="48" WIDTH="72" VPOS="1634" HPOS="331"/>
<SP HEIGHT="31" WIDTH="31" VPOS="1653" HPOS="404"/>
<String CONTENT="[2]" HEIGHT="51" WIDTH="56" VPOS="1633" HPOS="436"/>
<SP HEIGHT="38" WIDTH="28" VPOS="1645" HPOS="493"/>
<String CONTENT="p." HEIGHT="37" WIDTH="45" VPOS="1645" HPOS="522"/>
<SP/>
<String CS="1" CONTENT="front."/>
<SP HEIGHT="48" WIDTH="26" VPOS="1633" HPOS="774"/>
<String CONTENT="(port.)" HEIGHT="49" WIDTH="176" VPOS="1633" HPOS="801"/>
<SP HEIGHT="48" WIDTH="33" VPOS="1634" HPOS="978"/>
<String CONTENT="plates." HEIGHT="47" WIDTH="173" VPOS="1635" HPOS="1012"/>
<SP HEIGHT="39" WIDTH="55" VPOS="1636" HPOS="1186"/>
<String CONTENT="18" HEIGHT="41" WIDTH="57" VPOS="1634" HPOS="1242"/>
<String STYLE="superscript" CS="1" CONTENT="&#7580;&#7504;"/>
<String CONTENT="." HEIGHT="8" WIDTH="8" VPOS="1668" HPOS="1350"/>
</TextLine>
<TextLine HEIGHT="100" WIDTH="2001" VPOS="1691" HPOS="262" CS="1">
<String CONTENT="&#8220;One" HEIGHT="43" WIDTH="132" VPOS="1691" HPOS="334"/>
<SP HEIGHT="39" WIDTH="29" VPOS="1694" HPOS="467"/>
<String CONTENT="thousand" HEIGHT="41" WIDTH="247" VPOS="1692" HPOS="497"/>
<SP HEIGHT="40" WIDTH="30" VPOS="1692" HPOS="745"/>
<String CONTENT="copies" HEIGHT="49" WIDTH="159" VPOS="1691" HPOS="776"/>
<SP HEIGHT="30" WIDTH="29" VPOS="1702" HPOS="936"/>
<String CONTENT="of" HEIGHT="41" WIDTH="52" VPOS="1691" HPOS="966"/>
<SP HEIGHT="42" WIDTH="26" VPOS="1691" HPOS="1019"/>
<String CONTENT="this" HEIGHT="42" WIDTH="100" VPOS="1691" HPOS="1046"/>
<SP HEIGHT="41" WIDTH="29" VPOS="1692" HPOS="1147"/>
<String CONTENT="book" HEIGHT="41" WIDTH="123" VPOS="1692" HPOS="1177"/>
<SP HEIGHT="40" WIDTH="29" VPOS="1692" HPOS="1301"/>
<String CONTENT="were" HEIGHT="31" WIDTH="128" VPOS="1702" HPOS="1331"/>
<SP HEIGHT="31" WIDTH="28" VPOS="1702" HPOS="1460"/>
<String CONTENT="made.&#8221;" HEIGHT="43" WIDTH="185" VPOS="1691" HPOS="1489"/>
<SP HEIGHT="41" WIDTH="58" VPOS="1691" HPOS="1675"/>
<String CONTENT="This" HEIGHT="42" WIDTH="119" VPOS="1692" HPOS="1734"/>
<SP HEIGHT="30" WIDTH="29" VPOS="1704" HPOS="1854"/>
<String CONTENT="copy" HEIGHT="39" WIDTH="119" VPOS="1703" HPOS="1884"/>
<SP HEIGHT="38" WIDTH="28" VPOS="1704" HPOS="2004"/>
<String CONTENT="not" HEIGHT="39" WIDTH="85" VPOS="1696" HPOS="2033"/>
<SP HEIGHT="39" WIDTH="27" VPOS="1696" HPOS="2119"/>
<String CONTENT="numbered." HEIGHT="87" WIDTH="2001" VPOS="1704" HPOS="262"/>
</TextLine>
<TextLine HEIGHT="54" WIDTH="2013" VPOS="1819" HPOS="269">
<String CONTENT="&#169;" HEIGHT="54" WIDTH="52" VPOS="1819" HPOS="269"/>
<SP HEIGHT="54" WIDTH="34" VPOS="1819" HPOS="322"/>
<String CONTENT="Nov." HEIGHT="40" WIDTH="119" VPOS="1825" HPOS="357"/>
<SP HEIGHT="40" WIDTH="34" VPOS="1825" HPOS="477"/>
<String CONTENT="12." HEIGHT="41" WIDTH="69" VPOS="1824" HPOS="512"/>
<SP HEIGHT="41" WIDTH="34" VPOS="1824" HPOS="582"/>
<String CONTENT="1931;" HEIGHT="47" WIDTH="141" VPOS="1822" HPOS="617"/>
<SP HEIGHT="47" WIDTH="35" VPOS="1822" HPOS="759"/>
<String CONTENT="2c." HEIGHT="41" WIDTH="68" VPOS="1822" HPOS="795"/>
<SP HEIGHT="38" WIDTH="34" VPOS="1824" HPOS="864"/>
<String CONTENT="Nov." HEIGHT="39" WIDTH="117" VPOS="1824" HPOS="899"/>
<SP HEIGHT="38" WIDTH="36" VPOS="1824" HPOS="1017"/>
<String CONTENT="17;" HEIGHT="46" WIDTH="82" VPOS="1824" HPOS="1054"/>
<SP HEIGHT="37" WIDTH="37" VPOS="1833" HPOS="1137"/>
<String CONTENT="aff." HEIGHT="41" WIDTH="81" VPOS="1822" HPOS="1175"/>
<SP HEIGHT="40" WIDTH="35" VPOS="1823" HPOS="1257"/>
<String CONTENT="Nov." HEIGHT="40" WIDTH="119" VPOS="1823" HPOS="1293"/>
<SP HEIGHT="40" WIDTH="34" VPOS="1823" HPOS="1413"/>
<String CONTENT="28;" HEIGHT="48" WIDTH="83" VPOS="1823" HPOS="1448"/>
<SP HEIGHT="48" WIDTH="36" VPOS="1823" HPOS="1532"/>
<!-- cceid F29B4338-6E8D-1014-9CF5-AEB3FCA41D69 --><String CONTENT="A" HEIGHT="40" WIDTH="42" VPOS="1823" HPOS="1569"/>
<SP HEIGHT="40" WIDTH="31" VPOS="1823" HPOS="1612"/>
<String CONTENT="45213;" HEIGHT="47" WIDTH="173" VPOS="1824" HPOS="1644"/>
<SP HEIGHT="46" WIDTH="35" VPOS="1825" HPOS="1818"/>
<String CONTENT="William" HEIGHT="42" WIDTH="219" VPOS="1823" HPOS="1854"/>
<SP HEIGHT="39" WIDTH="34" VPOS="1825" HPOS="2074"/>
<String CONTENT="Edwin" HEIGHT="41" WIDTH="173" VPOS="1824" HPOS="2109"/>
</TextLine>
<TextLine HEIGHT="50" WIDTH="541" VPOS="1880" HPOS="335">
<String CONTENT="Rudge." HEIGHT="48" WIDTH="184" VPOS="1882" HPOS="335"/>
<SP HEIGHT="48" WIDTH="74" VPOS="1882" HPOS="520"/>
<String CONTENT="(31-33760)" HEIGHT="50" WIDTH="281" VPOS="1880" HPOS="595"/>
</TextLine>
<TextLine HEIGHT="70" WIDTH="2018" VPOS="1977" HPOS="266" STYLEREFS="StyleId-8DF924CB-311A-48C4-8A1B-E8AEF97289E7-">
<String CONTENT="The" HEIGHT="52" WIDTH="122" VPOS="1979" HPOS="266"/>
<SP HEIGHT="38" WIDTH="25" VPOS="1993" HPOS="389"/>
<String CONTENT="stag" HEIGHT="61" WIDTH="140" VPOS="1980" HPOS="415"/>
<SP HEIGHT="48" WIDTH="26" VPOS="1993" HPOS="556"/>
<String CONTENT="at" HEIGHT="47" WIDTH="59" VPOS="1985" HPOS="583"/>
<SP HEIGHT="47" WIDTH="26" VPOS="1985" HPOS="643"/>
<String CONTENT="eve." HEIGHT="35" WIDTH="111" VPOS="1997" HPOS="670"/>
<SP HEIGHT="53" WIDTH="75" VPOS="1978" HPOS="782"/>
<String CONTENT="New" HEIGHT="53" WIDTH="141" VPOS="1978" HPOS="858"/>
<SP HEIGHT="51" WIDTH="27" VPOS="1979" HPOS="1000"/>
<String CONTENT="York," HEIGHT="69" WIDTH="182" VPOS="1977" HPOS="1028"/>
<SP HEIGHT="69" WIDTH="22" VPOS="1977" HPOS="1211"/>
<String CONTENT="Farrar" HEIGHT="54" WIDTH="222" VPOS="1977" HPOS="1234"/>
<SP HEIGHT="52" WIDTH="23" VPOS="1979" HPOS="1457"/>
<String CONTENT="&amp;" HEIGHT="51" WIDTH="46" VPOS="1979" HPOS="1481"/>
<SP HEIGHT="52" WIDTH="25" VPOS="1978" HPOS="1528"/>
<String CONTENT="Rinehart," HEIGHT="69" WIDTH="302" VPOS="1977" HPOS="1554"/>
<SP HEIGHT="68" WIDTH="23" VPOS="1978" HPOS="1857"/>
<String CONTENT="incorporated" HEIGHT="69" WIDTH="403" VPOS="1978" HPOS="1881"/>
</TextLine>
<TextLine HEIGHT="64" WIDTH="196" VPOS="2059" HPOS="339" STYLEREFS="StyleId-8DF924CB-311A-48C4-8A1B-E8AEF97289E7-" CS="1">
<String STYLE="subscript" CONTENT="[" HEIGHT="34" WIDTH="13" VPOS="2089" HPOS="339"/>
<String STYLE="superscript" CS="1" CONTENT="&#7580;193"/>
<String CONTENT="1" HEIGHT="49" WIDTH="28" VPOS="2059" HPOS="487"/>
<String STYLE="subscript" CONTENT="]" HEIGHT="35" WIDTH="14" VPOS="2087" HPOS="521"/>
</TextLine>
<TextLine HEIGHT="52" WIDTH="758" VPOS="2135" HPOS="333" CS="1">
<String CONTENT="3" HEIGHT="39" WIDTH="27" VPOS="2139" HPOS="333"/>
<SP HEIGHT="46" WIDTH="22" VPOS="2139" HPOS="361"/>
<String LANG="fr" CONTENT="p." HEIGHT="38" WIDTH="44" VPOS="2147" HPOS="384"/>
<SP/>
<String LANG="fr" CS="1" CONTENT="l."/>
<String CONTENT="," HEIGHT="16" WIDTH="9" VPOS="2168" HPOS="487"/>
<SP HEIGHT="30" WIDTH="27" VPOS="2157" HPOS="497"/>
<String CONTENT="[89]" HEIGHT="51" WIDTH="85" VPOS="2136" HPOS="525"/>
<SP HEIGHT="40" WIDTH="26" VPOS="2147" HPOS="611"/>
<String CONTENT="p." HEIGHT="38" WIDTH="42" VPOS="2147" HPOS="638"/>
<SP HEIGHT="30" WIDTH="26" VPOS="2148" HPOS="681"/>
<String CONTENT="of" HEIGHT="42" WIDTH="53" VPOS="2136" HPOS="708"/>
<SP HEIGHT="40" WIDTH="21" VPOS="2136" HPOS="762"/>
<String CONTENT="illus." HEIGHT="41" WIDTH="127" VPOS="2137" HPOS="784"/>
<SP HEIGHT="43" WIDTH="58" VPOS="2135" HPOS="912"/>
<String CONTENT="31" HEIGHT="41" WIDTH="57" VPOS="2135" HPOS="971"/>
<String STYLE="superscript" CS="1" CONTENT="&#7580;&#7504;"/>
<String CONTENT="." HEIGHT="8" WIDTH="9" VPOS="2170" HPOS="1082"/>
</TextLine>
<TextLine HEIGHT="50" WIDTH="1945" VPOS="2192" HPOS="335">
<String CONTENT="A" HEIGHT="38" WIDTH="42" VPOS="2195" HPOS="335"/>
<SP HEIGHT="40" WIDTH="43" VPOS="2195" HPOS="378"/>
<String CONTENT="collection" HEIGHT="40" WIDTH="256" VPOS="2195" HPOS="422"/>
<SP HEIGHT="29" WIDTH="43" VPOS="2205" HPOS="679"/>
<String CONTENT="of" HEIGHT="40" WIDTH="52" VPOS="2194" HPOS="723"/>
<SP HEIGHT="40" WIDTH="41" VPOS="2194" HPOS="776"/>
<String CONTENT="unpublished" HEIGHT="48" WIDTH="327" VPOS="2193" HPOS="818"/>
<SP HEIGHT="41" WIDTH="43" VPOS="2193" HPOS="1146"/>
<String CONTENT="humorous" HEIGHT="41" WIDTH="267" VPOS="2193" HPOS="1190"/>
<SP HEIGHT="40" WIDTH="46" VPOS="2194" HPOS="1458"/>
<String CONTENT="drawings" HEIGHT="48" WIDTH="248" VPOS="2193" HPOS="1505"/>
<SP HEIGHT="40" WIDTH="44" VPOS="2193" HPOS="1754"/>
<String CONTENT="by" HEIGHT="48" WIDTH="62" VPOS="2193" HPOS="1799"/>
<SP HEIGHT="48" WIDTH="46" VPOS="2193" HPOS="1862"/>
<String CONTENT="Rea," HEIGHT="49" WIDTH="116" VPOS="2193" HPOS="1909"/>
<SP HEIGHT="50" WIDTH="51" VPOS="2192" HPOS="2026"/>
<String CONTENT="Soglow," HEIGHT="50" WIDTH="202" VPOS="2192" HPOS="2078"/>
</TextLine>
<TextLine HEIGHT="50" WIDTH="463" VPOS="2250" HPOS="266">
<String LANG="de" CONTENT="Steig" HEIGHT="50" WIDTH="135" VPOS="2250" HPOS="266"/>
<SP HEIGHT="38" WIDTH="24" VPOS="2262" HPOS="402"/>
<String LANG="en-US" CONTENT="and" HEIGHT="39" WIDTH="96" VPOS="2253" HPOS="427"/>
<SP HEIGHT="39" WIDTH="26" VPOS="2253" HPOS="524"/>
<String LANG="en-US" CONTENT="others." HEIGHT="43" WIDTH="178" VPOS="2251" HPOS="551"/>
</TextLine>
<TextLine HEIGHT="50" WIDTH="507" VPOS="2307" HPOS="336">
<String CONTENT="&#8220;Second" HEIGHT="42" WIDTH="215" VPOS="2307" HPOS="336"/>
<SP HEIGHT="47" WIDTH="28" VPOS="2310" HPOS="552"/>
<String CONTENT="printing.&#8221;" HEIGHT="50" WIDTH="262" VPOS="2307" HPOS="581"/>
</TextLine>
<TextLine HEIGHT="53" WIDTH="2011" VPOS="2377" HPOS="269" CS="1">
<String CONTENT="&#169;" HEIGHT="53" WIDTH="52" VPOS="2377" HPOS="269"/>
<SP HEIGHT="53" WIDTH="26" VPOS="2377" HPOS="322"/>
<String CONTENT="Nov." HEIGHT="40" WIDTH="119" VPOS="2383" HPOS="349"/>
<SP HEIGHT="42" WIDTH="24" VPOS="2381" HPOS="469"/>
<String CONTENT="21," HEIGHT="49" WIDTH="71" VPOS="2381" HPOS="494"/>
<SP HEIGHT="48" WIDTH="25" VPOS="2382" HPOS="566"/>
<String CS="1" CONTENT="1931;" HEIGHT="42" WIDTH="115" VPOS="2380" HPOS="592"/>
<SP HEIGHT="47" WIDTH="27" VPOS="2381" HPOS="735"/>
<String CONTENT="2c." HEIGHT="41" WIDTH="68" VPOS="2381" HPOS="763"/>
<SP HEIGHT="30" WIDTH="26" VPOS="2392" HPOS="832"/>
<String CONTENT="and" HEIGHT="39" WIDTH="97" VPOS="2382" HPOS="859"/>
<SP HEIGHT="38" WIDTH="25" VPOS="2382" HPOS="957"/>
<String CONTENT="aff." HEIGHT="39" WIDTH="81" VPOS="2380" HPOS="983"/>
<SP HEIGHT="38" WIDTH="27" VPOS="2381" HPOS="1065"/>
<String CONTENT="Nov." HEIGHT="39" WIDTH="118" VPOS="2381" HPOS="1093"/>
<SP HEIGHT="39" WIDTH="26" VPOS="2381" HPOS="1212"/>
<String CS="1" CONTENT="23;" HEIGHT="40" WIDTH="56" VPOS="2380" HPOS="1239"/>
<SP HEIGHT="42" WIDTH="30" VPOS="2381" HPOS="1323"/>
<!-- cceid F29B6534-6E8D-1014-9CF5-AEB3FCA41D69 --><String CONTENT="A" HEIGHT="38" WIDTH="40" VPOS="2381" HPOS="1354"/>
<SP HEIGHT="38" WIDTH="25" VPOS="2381" HPOS="1395"/>
<String CS="1" CONTENT="45191;" HEIGHT="41" WIDTH="146" VPOS="2378" HPOS="1421"/>
<SP HEIGHT="48" WIDTH="30" VPOS="2380" HPOS="1595"/>
<String CONTENT="Farrar" HEIGHT="40" WIDTH="185" VPOS="2380" HPOS="1626"/>
<SP HEIGHT="41" WIDTH="27" VPOS="2385" HPOS="1812"/>
<String CONTENT="&amp;" HEIGHT="41" WIDTH="37" VPOS="2385" HPOS="1840"/>
<SP HEIGHT="46" WIDTH="26" VPOS="2380" HPOS="1878"/>
<String CONTENT="Rinehart," HEIGHT="48" WIDTH="255" VPOS="2380" HPOS="1905"/>
<SP HEIGHT="48" WIDTH="27" VPOS="2380" HPOS="2161"/>
<String CONTENT="inc." HEIGHT="39" WIDTH="91" VPOS="2380" HPOS="2189"/>
</TextLine>
<TextLine HEIGHT="49" WIDTH="282" VPOS="2439" HPOS="346">
<String CONTENT="(31-33728)" HEIGHT="49" WIDTH="282" VPOS="2439" HPOS="346"/>
</TextLine>
<TextLine HEIGHT="66" WIDTH="802" VPOS="2534" HPOS="262" STYLEREFS="StyleId-43A4278D-E194-4277-9C0F-69849A47B49B-">
<String CONTENT="Stigler," HEIGHT="64" WIDTH="242" VPOS="2536" HPOS="262"/>
<SP HEIGHT="62" WIDTH="28" VPOS="2537" HPOS="505"/>
<String CONTENT="William" HEIGHT="55" WIDTH="257" VPOS="2535" HPOS="534"/>
<SP HEIGHT="52" WIDTH="31" VPOS="2536" HPOS="792"/>
<String CONTENT="Alonzo." HEIGHT="55" WIDTH="240" VPOS="2534" HPOS="824"/>
</TextLine>
<TextLine HEIGHT="69" WIDTH="1942" VPOS="2612" HPOS="331" STYLEREFS="StyleId-8DF924CB-311A-48C4-8A1B-E8AEF97289E7-" CS="1">
<String CONTENT="Workers" HEIGHT="55" WIDTH="274" VPOS="2613" HPOS="331"/>
<SP HEIGHT="34" WIDTH="44" VPOS="2632" HPOS="606"/>
<String CONTENT="and" HEIGHT="52" WIDTH="114" VPOS="2614" HPOS="651"/>
<SP HEIGHT="52" WIDTH="41" VPOS="2614" HPOS="766"/>
<String CONTENT="wealth" HEIGHT="54" WIDTH="211" VPOS="2613" HPOS="808"/>
<SP HEIGHT="51" WIDTH="42" VPOS="2616" HPOS="1020"/>
<String CONTENT="of" HEIGHT="53" WIDTH="65" VPOS="2612" HPOS="1063"/>
<SP HEIGHT="54" WIDTH="40" VPOS="2612" HPOS="1129"/>
<String CONTENT="Texas," HEIGHT="64" WIDTH="202" VPOS="2615" HPOS="1170"/>
<SP HEIGHT="66" WIDTH="41" VPOS="2613" HPOS="1373"/>
<String CONTENT="by" HEIGHT="68" WIDTH="77" VPOS="2613" HPOS="1415"/>
<SP HEIGHT="67" WIDTH="40" VPOS="2614" HPOS="1493"/>
<String CONTENT="W." HEIGHT="54" WIDTH="92" VPOS="2614" HPOS="1534"/>
<SP HEIGHT="54" WIDTH="43" VPOS="2613" HPOS="1627"/>
<String CONTENT="A." HEIGHT="54" WIDTH="72" VPOS="2613" HPOS="1671"/>
<SP HEIGHT="55" WIDTH="46" VPOS="2612" HPOS="1744"/>
<String CONTENT="Stigler" HEIGHT="69" WIDTH="218" VPOS="2612" HPOS="1791"/>
<SP HEIGHT="34" WIDTH="45" VPOS="2632" HPOS="2010"/>
<String CS="1" CONTENT="&#8230;"/>
<SP HEIGHT="36" WIDTH="50" VPOS="2630" HPOS="2112"/>
<String CONTENT="and" HEIGHT="52" WIDTH="110" VPOS="2612" HPOS="2163"/>
</TextLine>
<TextLine HEIGHT="70" WIDTH="2012" VPOS="2690" HPOS="260" STYLEREFS="StyleId-8DF924CB-311A-48C4-8A1B-E8AEF97289E7-" CS="1">
<String CONTENT="William" HEIGHT="55" WIDTH="263" VPOS="2691" HPOS="260"/>
<SP HEIGHT="52" WIDTH="22" VPOS="2693" HPOS="524"/>
<String CONTENT="T." HEIGHT="53" WIDTH="64" VPOS="2693" HPOS="547"/>
<SP HEIGHT="53" WIDTH="28" VPOS="2693" HPOS="612"/>
<String CONTENT="Tardy" HEIGHT="68" WIDTH="198" VPOS="2692" HPOS="641"/>
<SP HEIGHT="50" WIDTH="28" VPOS="2710" HPOS="840"/>
<String CS="1" CONTENT="&#8230;"/>
<SP HEIGHT="54" WIDTH="79" VPOS="2691" HPOS="925"/>
<String CONTENT="Dallas," HEIGHT="67" WIDTH="221" VPOS="2691" HPOS="1005"/>
<SP HEIGHT="65" WIDTH="23" VPOS="2693" HPOS="1227"/>
<String CONTENT="B." HEIGHT="51" WIDTH="67" VPOS="2693" HPOS="1251"/>
<SP HEIGHT="53" WIDTH="26" VPOS="2692" HPOS="1319"/>
<String CONTENT="Upshaw" HEIGHT="68" WIDTH="260" VPOS="2690" HPOS="1346"/>
<SP HEIGHT="34" WIDTH="25" VPOS="2709" HPOS="1607"/>
<String CONTENT="and" HEIGHT="53" WIDTH="114" VPOS="2690" HPOS="1633"/>
<SP HEIGHT="54" WIDTH="23" VPOS="2690" HPOS="1748"/>
<String CONTENT="company" HEIGHT="51" WIDTH="283" VPOS="2707" HPOS="1772"/>
<SP HEIGHT="63" WIDTH="21" VPOS="2695" HPOS="2056"/>
<String CS="1" CONTENT="[&#7580;1931]" HEIGHT="35" WIDTH="14" VPOS="2723" HPOS="2258"/>
</TextLine>
<TextLine HEIGHT="50" WIDTH="723" VPOS="2772" HPOS="333" CS="1">
<String CONTENT="4" HEIGHT="38" WIDTH="28" VPOS="2775" HPOS="333"/>
<SP HEIGHT="47" WIDTH="25" VPOS="2775" HPOS="362"/>
<String LANG="fr" CONTENT="p." HEIGHT="37" WIDTH="42" VPOS="2785" HPOS="388"/>
<SP/>
<String LANG="fr" CS="1" CONTENT="l."/>
<String CONTENT="," HEIGHT="15" WIDTH="8" VPOS="2805" HPOS="495"/>
<SP HEIGHT="47" WIDTH="25" VPOS="2773" HPOS="504"/>
<String CONTENT="232" HEIGHT="40" WIDTH="87" VPOS="2773" HPOS="530"/>
<SP HEIGHT="48" WIDTH="25" VPOS="2773" HPOS="618"/>
<String CONTENT="p." HEIGHT="37" WIDTH="44" VPOS="2784" HPOS="644"/>
<SP HEIGHT="40" WIDTH="59" VPOS="2773" HPOS="689"/>
<String CONTENT="illus." HEIGHT="40" WIDTH="129" VPOS="2773" HPOS="749"/>
<SP HEIGHT="40" WIDTH="58" VPOS="2773" HPOS="879"/>
<String CS="1" CONTENT="20&#7580;&#7504;." HEIGHT="42" WIDTH="118" VPOS="2772" HPOS="938"/>
</TextLine>
<TextLine HEIGHT="54" WIDTH="1900" VPOS="2827" HPOS="267" CS="1">
<String CONTENT="&#169;" HEIGHT="54" WIDTH="52" VPOS="2827" HPOS="267"/>
<SP HEIGHT="54" WIDTH="23" VPOS="2827" HPOS="320"/>
<String CONTENT="July" HEIGHT="49" WIDTH="119" VPOS="2831" HPOS="344"/>
<SP HEIGHT="49" WIDTH="19" VPOS="2831" HPOS="464"/>
<String CONTENT="24," HEIGHT="48" WIDTH="70" VPOS="2831" HPOS="484"/>
<SP HEIGHT="48" WIDTH="25" VPOS="2831" HPOS="555"/>
<String CS="1" CONTENT="1931;" HEIGHT="43" WIDTH="113" VPOS="2829" HPOS="581"/>
<SP HEIGHT="43" WIDTH="26" VPOS="2830" HPOS="723"/>
<String CONTENT="2c." HEIGHT="41" WIDTH="66" VPOS="2830" HPOS="750"/>
<SP HEIGHT="29" WIDTH="27" VPOS="2841" HPOS="817"/>
<String CONTENT="and" HEIGHT="40" WIDTH="95" VPOS="2832" HPOS="845"/>
<SP HEIGHT="40" WIDTH="25" VPOS="2832" HPOS="941"/>
<String CONTENT="aff." HEIGHT="43" WIDTH="82" VPOS="2830" HPOS="967"/>
<SP HEIGHT="43" WIDTH="23" VPOS="2830" HPOS="1050"/>
<String CONTENT="Aug." HEIGHT="49" WIDTH="121" VPOS="2830" HPOS="1074"/>
<SP HEIGHT="42" WIDTH="25" VPOS="2830" HPOS="1196"/>
<String CS="1" CONTENT="24;" HEIGHT="40" WIDTH="56" VPOS="2830" HPOS="1222"/>
<SP HEIGHT="48" WIDTH="27" VPOS="2831" HPOS="1306"/>
<!-- cceid F29B864F-6E8D-1014-9CF5-AEB3FCA41D69 --><String CONTENT="A" HEIGHT="39" WIDTH="41" VPOS="2831" HPOS="1334"/>
<SP HEIGHT="39" WIDTH="21" VPOS="2831" HPOS="1376"/>
<String CS="1" CONTENT="44395;" HEIGHT="42" WIDTH="146" VPOS="2829" HPOS="1398"/>
<SP HEIGHT="47" WIDTH="28" VPOS="2831" HPOS="1572"/>
<String CONTENT="Banks" HEIGHT="41" WIDTH="168" VPOS="2830" HPOS="1601"/>
<SP HEIGHT="41" WIDTH="26" VPOS="2830" HPOS="1770"/>
<String CONTENT="Upshaw" HEIGHT="50" WIDTH="216" VPOS="2829" HPOS="1797"/>
<SP HEIGHT="42" WIDTH="23" VPOS="2828" HPOS="2014"/>
<String CONTENT="&amp;" HEIGHT="42" WIDTH="37" VPOS="2828" HPOS="2038"/>
<SP HEIGHT="42" WIDTH="23" VPOS="2828" HPOS="2076"/>
<String CONTENT="co." HEIGHT="32" WIDTH="67" VPOS="2838" HPOS="2100"/>
</TextLine>
<TextLine HEIGHT="49" WIDTH="282" VPOS="2889" HPOS="346">
<String CONTENT="(31-33704)" HEIGHT="49" WIDTH="282" VPOS="2889" HPOS="346"/>
</TextLine>
<TextLine HEIGHT="66" WIDTH="731" VPOS="2984" HPOS="261" STYLEREFS="StyleId-43A4278D-E194-4277-9C0F-69849A47B49B-">
<String CONTENT="Teeters," HEIGHT="65" WIDTH="264" VPOS="2985" HPOS="261"/>
<SP HEIGHT="65" WIDTH="28" VPOS="2985" HPOS="526"/>
<String CONTENT="William" HEIGHT="55" WIDTH="257" VPOS="2984" HPOS="555"/>
<SP HEIGHT="53" WIDTH="28" VPOS="2985" HPOS="813"/>
<String CONTENT="Ray." HEIGHT="64" WIDTH="150" VPOS="2985" HPOS="842"/>
</TextLine>
<TextLine HEIGHT="72" WIDTH="1940" VPOS="3060" HPOS="333" STYLEREFS="StyleId-8DF924CB-311A-48C4-8A1B-E8AEF97289E7-" CS="1">
<String CONTENT="Early" HEIGHT="70" WIDTH="183" VPOS="3062" HPOS="333"/>
<SP HEIGHT="69" WIDTH="35" VPOS="3063" HPOS="517"/>
<String CONTENT="journeys" HEIGHT="69" WIDTH="271" VPOS="3063" HPOS="553"/>
<SP HEIGHT="52" WIDTH="37" VPOS="3063" HPOS="825"/>
<String CONTENT="in" HEIGHT="52" WIDTH="60" VPOS="3063" HPOS="863"/>
<SP HEIGHT="35" WIDTH="37" VPOS="3080" HPOS="924"/>
<String CONTENT="science," HEIGHT="68" WIDTH="231" VPOS="3061" HPOS="962"/>
<SP HEIGHT="67" WIDTH="33" VPOS="3062" HPOS="1194"/>
<String CONTENT="by" HEIGHT="70" WIDTH="77" VPOS="3062" HPOS="1228"/>
<SP HEIGHT="68" WIDTH="33" VPOS="3064" HPOS="1306"/>
<String LANG="fr" CONTENT="W." HEIGHT="53" WIDTH="91" VPOS="3064" HPOS="1340"/>
<SP HEIGHT="53" WIDTH="35" VPOS="3063" HPOS="1432"/>
<String CONTENT="R." HEIGHT="53" WIDTH="69" VPOS="3063" HPOS="1468"/>
<SP HEIGHT="52" WIDTH="37" VPOS="3064" HPOS="1538"/>
<String CONTENT="Teeters" HEIGHT="51" WIDTH="229" VPOS="3064" HPOS="1576"/>
<SP HEIGHT="36" WIDTH="41" VPOS="3081" HPOS="1806"/>
<String CS="1" CONTENT="&#8230;"/>
<SP HEIGHT="38" WIDTH="41" VPOS="3079" HPOS="1906"/>
<String CONTENT="and" HEIGHT="54" WIDTH="115" VPOS="3061" HPOS="1948"/>
<SP HEIGHT="56" WIDTH="36" VPOS="3060" HPOS="2064"/>
<String CONTENT="Clara" HEIGHT="56" WIDTH="172" VPOS="3060" HPOS="2101"/>
</TextLine>
<TextLine HEIGHT="149" WIDTH="1989" VPOS="3139" HPOS="259" STYLEREFS="StyleId-8DF924CB-311A-48C4-8A1B-E8AEF97289E7-" CS="1">
<String LANG="en-US" CONTENT="M." HEIGHT="53" WIDTH="78" VPOS="3142" HPOS="259"/>
<SP HEIGHT="53" WIDTH="32" VPOS="3142" HPOS="338"/>
<String LANG="de" CONTENT="Heising" HEIGHT="72" WIDTH="251" VPOS="3140" HPOS="371"/>
<SP HEIGHT="51" WIDTH="35" VPOS="3161" HPOS="623"/>
<String LANG="en-US" CS="1" CONTENT="&#8230;"/>
<SP HEIGHT="55" WIDTH="80" VPOS="3140" HPOS="714"/>
<String LANG="en-US" CONTENT="Chicago," HEIGHT="70" WIDTH="272" VPOS="3140" HPOS="795"/>
<SP HEIGHT="67" WIDTH="33" VPOS="3143" HPOS="1068"/>
<String LANG="en-US" CONTENT="Philadelphia," HEIGHT="70" WIDTH="431" VPOS="3139" HPOS="1102"/>
<SP HEIGHT="68" WIDTH="28" VPOS="3141" HPOS="1534"/>
<String LANG="en-US" CONTENT="J." HEIGHT="54" WIDTH="57" VPOS="3141" HPOS="1563"/>
<SP HEIGHT="50" WIDTH="34" VPOS="3143" HPOS="1621"/>
<String LANG="fr" CONTENT="B." HEIGHT="50" WIDTH="66" VPOS="3143" HPOS="1656"/>
<SP HEIGHT="52" WIDTH="31" VPOS="3141" HPOS="1723"/>
<String LANG="fr" CONTENT="Lippincott" HEIGHT="69" WIDTH="341" VPOS="3139" HPOS="1755"/>
<SP HEIGHT="46" WIDTH="30" VPOS="3145" HPOS="2097"/>
<String LANG="en-US" CONTENT="company" HEIGHT="132" WIDTH="1986" VPOS="3156" HPOS="262"/>
<SP HEIGHT="50" WIDTH="34" VPOS="3238" HPOS="416"/>
<String STYLE="subscript" LANG="en-US" CS="1" CONTENT="[&#7580;193"/>
<String LANG="en-US" CONTENT="1]" HEIGHT="63" WIDTH="46" VPOS="3224" HPOS="599"/>
</TextLine>
<TextLine HEIGHT="42" WIDTH="466" VPOS="3300" HPOS="331" CS="1">
<String CONTENT="3" HEIGHT="41" WIDTH="26" VPOS="3300" HPOS="331"/>
<SP HEIGHT="41" WIDTH="27" VPOS="3300" HPOS="358"/>
<String CS="1" CONTENT="v." HEIGHT="7" WIDTH="8" VPOS="3334" HPOS="422"/>
<SP HEIGHT="41" WIDTH="59" VPOS="3300" HPOS="431"/>
<String CONTENT="illus." HEIGHT="41" WIDTH="129" VPOS="3300" HPOS="491"/>
<SP HEIGHT="40" WIDTH="59" VPOS="3301" HPOS="621"/>
<String CONTENT="19" HEIGHT="41" WIDTH="57" VPOS="3300" HPOS="681"/>
<String STYLE="superscript" CS="1" CONTENT="&#7580;&#7504;"/>
<String CONTENT="." HEIGHT="8" WIDTH="7" VPOS="3334" HPOS="790"/>
</TextLine>
<TextLine HEIGHT="53" WIDTH="1702" VPOS="3353" HPOS="266" CS="1">
<String CONTENT="&#169;" HEIGHT="53" WIDTH="52" VPOS="3353" HPOS="266"/>
<SP HEIGHT="53" WIDTH="28" VPOS="3353" HPOS="319"/>
<String CONTENT="Oct." HEIGHT="41" WIDTH="102" VPOS="3358" HPOS="348"/>
<SP HEIGHT="39" WIDTH="27" VPOS="3359" HPOS="451"/>
<String CONTENT="1," HEIGHT="44" WIDTH="40" VPOS="3359" HPOS="479"/>
<SP HEIGHT="44" WIDTH="26" VPOS="3359" HPOS="520"/>
<String CONTENT="1931;" HEIGHT="48" WIDTH="142" VPOS="3356" HPOS="547"/>
<SP HEIGHT="47" WIDTH="28" VPOS="3357" HPOS="690"/>
<String CONTENT="2c" HEIGHT="42" WIDTH="56" VPOS="3357" HPOS="719"/>
<SP HEIGHT="30" WIDTH="22" VPOS="3369" HPOS="776"/>
<String CONTENT="each" HEIGHT="40" WIDTH="118" VPOS="3359" HPOS="799"/>
<SP HEIGHT="38" WIDTH="28" VPOS="3359" HPOS="918"/>
<String CONTENT="and" HEIGHT="39" WIDTH="97" VPOS="3359" HPOS="947"/>
<SP HEIGHT="39" WIDTH="26" VPOS="3359" HPOS="1045"/>
<String CONTENT="affs." HEIGHT="41" WIDTH="107" VPOS="3358" HPOS="1072"/>
<SP HEIGHT="39" WIDTH="28" VPOS="3358" HPOS="1180"/>
<String CONTENT="Nov." HEIGHT="40" WIDTH="118" VPOS="3358" HPOS="1209"/>
<SP HEIGHT="39" WIDTH="29" VPOS="3358" HPOS="1328"/>
<String CONTENT="16;" HEIGHT="42" WIDTH="82" VPOS="3358" HPOS="1358"/>
<SP HEIGHT="42" WIDTH="30" VPOS="3358" HPOS="1441"/>
<!-- cceid F29BA654-6E8D-1014-9CF5-AEB3FCA41D69 --><String CONTENT="A" HEIGHT="39" WIDTH="41" VPOS="3358" HPOS="1472"/>
<SP HEIGHT="39" WIDTH="25" VPOS="3358" HPOS="1514"/>
<String CONTENT="45041-45043;" HEIGHT="47" WIDTH="351" VPOS="3356" HPOS="1540"/>
<SP HEIGHT="47" WIDTH="32" VPOS="3356" HPOS="1892"/>
<String CONTENT="J." HEIGHT="41" WIDTH="43" VPOS="3356" HPOS="1925"/>
</TextLine>
<TextLine HEIGHT="110" WIDTH="1922" VPOS="3355" HPOS="337" CS="1">
<String LANG="fr" CONTENT="B." HEIGHT="40" WIDTH="54" VPOS="3357" HPOS="2000"/>
<SP HEIGHT="41" WIDTH="28" VPOS="3356" HPOS="2055"/>
<String LANG="fr" CONTENT="Lippincott" HEIGHT="101" WIDTH="1922" VPOS="3355" HPOS="337"/>
<SP HEIGHT="38" WIDTH="27" VPOS="3418" HPOS="439"/>
<String LANG="en-US" CONTENT="co." HEIGHT="30" WIDTH="67" VPOS="3426" HPOS="467"/>
<SP HEIGHT="48" WIDTH="74" VPOS="3416" HPOS="535"/>
<String LANG="en-US" CONTENT="(31-33706)" HEIGHT="49" WIDTH="281" VPOS="3416" HPOS="610"/>
</TextLine>
<TextLine HEIGHT="67" WIDTH="901" VPOS="3509" HPOS="260" STYLEREFS="StyleId-43A4278D-E194-4277-9C0F-69849A47B49B-">
<String CONTENT="Thoma," HEIGHT="65" WIDTH="245" VPOS="3509" HPOS="260"/>
<SP HEIGHT="63" WIDTH="27" VPOS="3511" HPOS="506"/>
<String CONTENT="Ludwig," HEIGHT="66" WIDTH="268" VPOS="3510" HPOS="534"/>
<SP HEIGHT="59" WIDTH="29" VPOS="3517" HPOS="803"/>
<String CONTENT="1867-1921." HEIGHT="54" WIDTH="328" VPOS="3513" HPOS="833"/>
</TextLine>
<TextLine HEIGHT="74" WIDTH="1946" VPOS="3584" HPOS="328" STYLEREFS="StyleId-8DF924CB-311A-48C4-8A1B-E8AEF97289E7-">
<String CONTENT="Die" HEIGHT="53" WIDTH="111" VPOS="3587" HPOS="328"/>
<SP HEIGHT="52" WIDTH="27" VPOS="3588" HPOS="440"/>
<String CONTENT="lokalbahn," HEIGHT="67" WIDTH="328" VPOS="3588" HPOS="468"/>
<SP HEIGHT="67" WIDTH="26" VPOS="3588" HPOS="797"/>
<String CONTENT="by" HEIGHT="70" WIDTH="77" VPOS="3588" HPOS="824"/>
<SP HEIGHT="69" WIDTH="24" VPOS="3589" HPOS="902"/>
<String CONTENT="Ludwig" HEIGHT="70" WIDTH="251" VPOS="3588" HPOS="927"/>
<SP HEIGHT="69" WIDTH="25" VPOS="3589" HPOS="1179"/>
<String CONTENT="Thoma," HEIGHT="59" WIDTH="240" VPOS="3588" HPOS="1205"/>
<SP HEIGHT="40" WIDTH="26" VPOS="3607" HPOS="1446"/>
<String CONTENT="edited" HEIGHT="53" WIDTH="190" VPOS="3588" HPOS="1473"/>
<SP HEIGHT="53" WIDTH="28" VPOS="3588" HPOS="1664"/>
<String CONTENT="with" HEIGHT="53" WIDTH="139" VPOS="3587" HPOS="1693"/>
<SP HEIGHT="53" WIDTH="31" VPOS="3586" HPOS="1833"/>
<String CONTENT="introduction," HEIGHT="60" WIDTH="409" VPOS="3584" HPOS="1865"/>
</TextLine>
<TextLine HEIGHT="74" WIDTH="2013" VPOS="3661" HPOS="258" STYLEREFS="StyleId-8DF924CB-311A-48C4-8A1B-E8AEF97289E7-" CS="1">
<String CONTENT="notes" HEIGHT="48" WIDTH="160" VPOS="3670" HPOS="258"/>
<SP HEIGHT="34" WIDTH="36" VPOS="3684" HPOS="419"/>
<String CONTENT="and" HEIGHT="53" WIDTH="112" VPOS="3666" HPOS="456"/>
<SP HEIGHT="53" WIDTH="38" VPOS="3666" HPOS="569"/>
<String CONTENT="vocabulary" HEIGHT="69" WIDTH="348" VPOS="3666" HPOS="608"/>
<SP HEIGHT="68" WIDTH="32" VPOS="3667" HPOS="957"/>
<String CONTENT="by" HEIGHT="68" WIDTH="77" VPOS="3667" HPOS="990"/>
<SP HEIGHT="68" WIDTH="35" VPOS="3667" HPOS="1068"/>
<String CONTENT="A." HEIGHT="52" WIDTH="69" VPOS="3667" HPOS="1104"/>
<SP HEIGHT="52" WIDTH="38" VPOS="3667" HPOS="1174"/>
<String CONTENT="E." HEIGHT="53" WIDTH="67" VPOS="3667" HPOS="1213"/>
<SP HEIGHT="53" WIDTH="37" VPOS="3667" HPOS="1281"/>
<String LANG="de" CONTENT="Zucker" HEIGHT="53" WIDTH="217" VPOS="3666" HPOS="1319"/>
<SP HEIGHT="33" WIDTH="39" VPOS="3686" HPOS="1537"/>
<String CS="1" CONTENT="&#8230;"/>
<SP HEIGHT="52" WIDTH="77" VPOS="3666" HPOS="1634"/>
<String CONTENT="New" HEIGHT="52" WIDTH="140" VPOS="3666" HPOS="1712"/>
<SP HEIGHT="53" WIDTH="36" VPOS="3664" HPOS="1853"/>
<String CONTENT="York," HEIGHT="66" WIDTH="181" VPOS="3664" HPOS="1890"/>
<SP HEIGHT="66" WIDTH="35" VPOS="3664" HPOS="2072"/>
<String LANG="fr" CONTENT="F." HEIGHT="52" WIDTH="66" VPOS="3664" HPOS="2108"/>
<SP HEIGHT="56" WIDTH="40" VPOS="3661" HPOS="2175"/>
<String CONTENT="S." HEIGHT="56" WIDTH="55" VPOS="3661" HPOS="2216"/>
</TextLine>
<TextLine HEIGHT="71" WIDTH="577" VPOS="3741" HPOS="261" STYLEREFS="StyleId-8DF924CB-311A-48C4-8A1B-E8AEF97289E7-">
<String CONTENT="Crofts" HEIGHT="56" WIDTH="199" VPOS="3741" HPOS="261"/>
<SP HEIGHT="51" WIDTH="25" VPOS="3746" HPOS="461"/>
<String CONTENT="&amp;" HEIGHT="50" WIDTH="46" VPOS="3746" HPOS="487"/>
<SP HEIGHT="51" WIDTH="24" VPOS="3746" HPOS="534"/>
<String CONTENT="co.," HEIGHT="50" WIDTH="99" VPOS="3762" HPOS="559"/>
<SP HEIGHT="64" WIDTH="27" VPOS="3748" HPOS="659"/>
<String CONTENT="1931." HEIGHT="50" WIDTH="151" VPOS="3747" HPOS="687"/>
</TextLine>
<TextLine HEIGHT="50" WIDTH="909" VPOS="3825" HPOS="330" CS="1">
<String CONTENT="xiv," HEIGHT="48" WIDTH="96" VPOS="3825" HPOS="330"/>
<SP HEIGHT="46" WIDTH="26" VPOS="3827" HPOS="427"/>
<String CONTENT="135" HEIGHT="41" WIDTH="85" VPOS="3826" HPOS="454"/>
<SP HEIGHT="48" WIDTH="26" VPOS="3827" HPOS="540"/>
<String CONTENT="p." HEIGHT="38" WIDTH="42" VPOS="3837" HPOS="567"/>
<SP/>
<String CS="1" CONTENT="front."/>
<SP HEIGHT="46" WIDTH="27" VPOS="3827" HPOS="821"/>
<String CONTENT="(port.)" HEIGHT="48" WIDTH="175" VPOS="3827" HPOS="849"/>
<SP HEIGHT="46" WIDTH="67" VPOS="3827" HPOS="1025"/>
<String CS="1" CONTENT="19&#189;&#7580;&#7504;." HEIGHT="40" WIDTH="146" VPOS="3828" HPOS="1093"/>
</TextLine>
<TextLine HEIGHT="54" WIDTH="2007" VPOS="3878" HPOS="266">
<String CONTENT="&#169;" HEIGHT="52" WIDTH="51" VPOS="3878" HPOS="266"/>
<SP HEIGHT="52" WIDTH="28" VPOS="3878" HPOS="318"/>
<String CONTENT="Nov." HEIGHT="41" WIDTH="119" VPOS="3883" HPOS="347"/>
<SP HEIGHT="39" WIDTH="27" VPOS="3885" HPOS="467"/>
<String CONTENT="14." HEIGHT="39" WIDTH="68" VPOS="3885" HPOS="495"/>
<SP HEIGHT="38" WIDTH="27" VPOS="3886" HPOS="564"/>
<String CONTENT="1931;" HEIGHT="48" WIDTH="140" VPOS="3883" HPOS="592"/>
<SP HEIGHT="47" WIDTH="29" VPOS="3884" HPOS="733"/>
<String CONTENT="2c." HEIGHT="43" WIDTH="67" VPOS="3884" HPOS="763"/>
<SP HEIGHT="41" WIDTH="28" VPOS="3886" HPOS="831"/>
<String CONTENT="Nov." HEIGHT="39" WIDTH="117" VPOS="3886" HPOS="860"/>
<SP HEIGHT="39" WIDTH="29" VPOS="3886" HPOS="978"/>
<String CONTENT="17;" HEIGHT="46" WIDTH="82" VPOS="3886" HPOS="1008"/>
<SP HEIGHT="37" WIDTH="31" VPOS="3895" HPOS="1091"/>
<String CONTENT="aff." HEIGHT="42" WIDTH="82" VPOS="3884" HPOS="1123"/>
<SP HEIGHT="41" WIDTH="28" VPOS="3885" HPOS="1206"/>
<String CONTENT="Dec." HEIGHT="40" WIDTH="113" VPOS="3885" HPOS="1235"/>
<SP HEIGHT="39" WIDTH="30" VPOS="3886" HPOS="1349"/>
<String CONTENT="12;" HEIGHT="42" WIDTH="81" VPOS="3885" HPOS="1380"/>
<SP HEIGHT="42" WIDTH="32" VPOS="3885" HPOS="1462"/>
<!-- cceid F29BC84C-6E8D-1014-9CF5-AEB3FCA41D69 --><String CONTENT="A" HEIGHT="39" WIDTH="40" VPOS="3885" HPOS="1495"/>
<SP HEIGHT="39" WIDTH="24" VPOS="3885" HPOS="1536"/>
<String CONTENT="44836;" HEIGHT="41" WIDTH="173" VPOS="3884" HPOS="1561"/>
<SP HEIGHT="41" WIDTH="31" VPOS="3884" HPOS="1735"/>
<String LANG="fr" CONTENT="F." HEIGHT="40" WIDTH="52" VPOS="3884" HPOS="1767"/>
<SP HEIGHT="41" WIDTH="31" VPOS="3883" HPOS="1820"/>
<String CONTENT="S." HEIGHT="41" WIDTH="45" VPOS="3883" HPOS="1852"/>
<SP HEIGHT="42" WIDTH="30" VPOS="3882" HPOS="1898"/>
<String CONTENT="Crofts" HEIGHT="41" WIDTH="166" VPOS="3882" HPOS="1929"/>
<SP HEIGHT="40" WIDTH="28" VPOS="3882" HPOS="2096"/>
<String CONTENT="&amp;" HEIGHT="40" WIDTH="37" VPOS="3882" HPOS="2125"/>
<SP HEIGHT="40" WIDTH="26" VPOS="3882" HPOS="2163"/>
<String CONTENT="co.," HEIGHT="36" WIDTH="83" VPOS="3892" HPOS="2190"/>
</TextLine>
<TextLine HEIGHT="55" WIDTH="1500" VPOS="3937" HPOS="335" CS="1">
<String CONTENT="inc." HEIGHT="40" WIDTH="90" VPOS="3939" HPOS="335"/>
<SP HEIGHT="30" WIDTH="64" VPOS="3961" HPOS="426"/>
<String CS="1" CONTENT="[&#169;" HEIGHT="52" WIDTH="51" VPOS="3937" HPOS="507"/>
<SP HEIGHT="52" WIDTH="29" VPOS="3937" HPOS="559"/>
<String CONTENT="preface," HEIGHT="48" WIDTH="209" VPOS="3941" HPOS="589"/>
<SP HEIGHT="43" WIDTH="30" VPOS="3943" HPOS="799"/>
<String CONTENT="introduction," HEIGHT="50" WIDTH="348" VPOS="3942" HPOS="830"/>
<SP HEIGHT="38" WIDTH="29" VPOS="3954" HPOS="1179"/>
<String CONTENT="notes," HEIGHT="44" WIDTH="153" VPOS="3945" HPOS="1209"/>
<SP HEIGHT="37" WIDTH="32" VPOS="3952" HPOS="1363"/>
<String CONTENT="and" HEIGHT="40" WIDTH="95" VPOS="3943" HPOS="1396"/>
<SP HEIGHT="40" WIDTH="29" VPOS="3943" HPOS="1492"/>
<String CONTENT="vocabulary]" HEIGHT="50" WIDTH="313" VPOS="3942" HPOS="1522"/>
</TextLine>
<TextLine HEIGHT="49" WIDTH="280" VPOS="3996" HPOS="344">
<String CONTENT="(31-33206)" HEIGHT="49" WIDTH="280" VPOS="3996" HPOS="344"/>
</TextLine>
</TextBlock>
</PrintSpace>
</Page>
</Layout>
</alto>