2505 4370
1081 3979 135 51 1065

150 426 2001 72 Watters … Des Moines, Ia., Wallace publishing company
154 508 194 68 [ ᶜ19 31]
220 586 890 48 ix, 133 p. 1 illus., diagrs. 24 ᶜᵐ .
223 642 145 41 “This
395 643 200 39 manual
624 643 91 39 has
742 643 118 39 been
887 643 141 39 made
1056 642 210 49 possible
1295 643 60 46 by
1384 641 115 41 four
1528 652 144 37 years
1702 642 51 41 of
1783 643 145 47 study
1958 643 95 39 and
151 651 1985 89 research

347 710 59 30 on
432 700 80 38 the
536 701 111 46 part
672 698 51 40 of
746 709 62 28 an
835 698 158 41 entire
1017 698 162 41 school
1204 700 196 46 system,
1426 699 81 40 the
1531 698 163 49 public
1718 700 191 39 schools
1933 699 51 39 of
151 699 1987 105 Hamtramck,

398 754 853 49 Michigan.”—Acknowledgments.

222 813 198 48 “Pupils
448 814 142 38 cards
616 812 81 40 for
723 810 225 43 Creative
976 810 229 49 teaching
1228 811 51 39 in
1308 812 84 39 the
1417 811 112 40 field
1557 812 51 39 of
1635 810 233 49 spelling”:
1927 812 56 40 15
2012 810 142 42 cards

148 869 103 41 laid
280 869 65 42 in.

161 925 51 53 ©
248 930 127 40 June
409 928 70 47 26,
518 926 112 42 1931;
697 927 66 40 2c.
800 927 117 47 July
953 925 26 40 2;
1122 958 7 8 aff.
1168 926 116 47 July
1322 926 25 38 1;
1415 925 42 39 A
1490 925 140 41 40231;
1704 927 61 40 H.
1803 926 175 47 Miller,
2022 927 42 40 S.
2105 926 53 41 A.

229 986 196 41 Courtis
453 985 96 39 and
578 985 236 39 Garnette
839 984 230 46 Watters,
1100 982 337 48 Hamtramck,
1469 983 143 40 Mich.

241 1042 280 49 (31-17730)

153 1133 174 66 Mills,
358 1133 287 55 Adelbert
674 1133 188 65 Philo,
890 1136 55 53 d.
979 1138 150 50 1918.

217 1210 298 54 Materials
546 1210 62 53 of
638 1209 400 69 construction,
1069 1208 148 54 their
1247 1208 399 55 manufacture
1677 1211 114 52 and
1821 1208 335 69 properties,

151 1285 2003 73 by the late Professor Adelbert P. Mills … 4th ed., edited by
153 1363 2000 71 Harrison W. Hayward … New York, J. Wiley & sons, inc.;
152 1444 251 68 London,
436 1443 298 68 Chapman
761 1444 45 51 &
835 1442 159 68 Hall,
1020 1441 241 69 limited,
1292 1444 150 52 1931.

220 1523 26 39 2
273 1534 43 37 p.
381 1554 9 17 l.,
416 1522 200 47 iii-xxv,
644 1522 86 41 423
758 1534 42 37 p.
859 1522 143 47 illus.,
1031 1523 180 46 diagrs.
1269 1522 146 41 23½ᶜᵐ.
1525 1520 132 49 $4.00

220 1580 350 48 Bibliography
600 1579 226 41 included
854 1578 49 40 in
934 1578 195 50 preface
1160 1581 46 38 to
1235 1578 111 43 first
1373 1577 200 44 edition.

160 1636 51 52 ©
239 1641 116 46 July
378 1640 41 47 3,
444 1638 112 41 1931;
613 1639 67 40 2c.
708 1639 116 47 July
849 1637 53 47 9;
1006 1671 8 7 aff.
1040 1638 116 46 July
1184 1638 25 39 8;
1265 1639 40 37 A
1331 1637 172 49 39313;
1534 1638 157 40 Grace
1718 1637 47 41 C.
1794 1638 146 48 Mills,
1972 1638 187 43 Ithaca,

229 1697 55 39 N.
320 1697 54 41 Y.
409 1698 97 39 and
542 1696 241 40 Harrison
818 1696 71 40 W.
925 1695 264 48 Hayward,
1228 1694 303 50 Cambridge,
1568 1696 149 41 Mass.

238 1754 280 49 (31-17622)

154 1847 271 65 Mitford,
453 1847 229 64 Nancy.

221 1923 305 69 Highland
571 1924 159 70 fling,
774 1924 75 69 by
897 1925 200 68 Nancy
1143 1923 268 53 Mitford.
1504 1924 260 66 London,
1810 1927 66 50 T.
152 1927 1980 143 Butterworth,

379 2001 224 54 limited
635 2005 172 65 [1931]

223 2083 98 48 287,
358 2083 55 49 [1]
448 2095 43 37 p.
551 2083 147 41 19½ᶜᵐ.

227 2139 215 41 “Second
471 2139 303 49 impression,
805 2140 171 40 March
1003 2138 158 42 1931.”

159 2192 1983 101 © 1c. May 6, 1931; A ad int. 15249; pubd. Mar. 12; N. Mitford, London.
408 2254 281 48 (31-18181)

152 2346 435 64 Montgomery,
614 2349 138 53 Mrs.
778 2348 188 52 Helen
1003 2347 307 66 (Barrett)
1347 2353 171 50 1861-

218 2423 122 53 The
365 2424 313 68 preaching
704 2424 165 54 value
894 2424 64 54 of
983 2424 261 54 missions;
1299 2424 171 69 being
1493 2425 97 53 the
1617 2424 155 54 John
1799 2424 79 52 M.
1908 2424 247 69 English

147 2499 240 55 lectures
438 2501 286 54 delivered
773 2508 60 48 at
880 2502 97 53 the
1027 2502 239 52 Newton
1316 2502 339 68 theological
1706 2501 326 53 institution
2080 2502 75 68 by

149 2576 2007 73 Helen Barrett Montgomery … in November, 1929 … edited by
149 2655 94 51 the
280 2655 377 68 Department
694 2656 64 52 of
794 2655 337 71 missionary
1168 2656 317 70 education,
1523 2657 195 53 Board
1757 2657 63 53 of
1857 2656 298 54 education

149 2732 2006 72 of the Northern Baptist convention … Philadelphia, Boston
171 2809 955 73 [etc.] The Judson press [ ᶜ19 31]
220 2889 27 41 5
273 2902 43 37 p.
380 2922 9 17 l.,
419 2890 86 41 166
531 2902 44 37 p.
630 2890 148 43 20½ᶜᵐ.

221 2947 377 49 Bibliography:
633 2960 43 37 p.
706 2947 217 44 161-166.

159 3003 51 52 ©
249 3009 114 45 May
399 3008 70 46 18,
507 3007 113 41 1931;
688 3007 66 40 2c.
794 3008 125 39 June
956 3008 55 38 15;
1079 3007 81 40 aff.
1200 3008 130 39 June
1363 3008 82 48 23;
1486 3009 41 39 A
1564 3008 172 46 39037;
1779 3010 187 40 Judson
2006 3020 151 37 press.

238 3065 279 47 (31-17633)

153 3135 307 66 Mottram,
490 3136 192 64 Ralph
713 3136 167 65 Hale,
912 3142 172 50 1883-

220 3210 189 54 Castle
442 3210 205 69 island,
681 3211 74 71 by
791 3211 67 52 R.
895 3212 77 53 H.
1009 3215 293 52 Mottram.
1377 3213 137 54 New
1553 3213 161 52 York
1750 3213 112 52 and
1897 3214 257 69 London,

147 3287 231 68 Harper
407 3292 51 50 &
486 3287 274 70 brothers,
789 3292 150 49 1931.

218 3370 593 49 4 p. l., 3-361 p. 20 ᶜᵐ .
220 3425 162 42 “First
413 3426 226 41 edition.”

160 3478 1995 57 © July 8, 1931; 2c. July 8; aff. July 10; A 39342; B. H. Mottram.
227 3541 171 47 Eaton,
430 3540 239 48 Norwich,
703 3543 234 43 England.
1012 3541 281 48 (31-17599)

155 3618 259 67 Mursell,
445 3619 204 54 James
678 3621 319 65 Lockhart,
1031 3628 171 50 1893-

223 3696 121 52 The
391 3698 352 69 psychology
791 3698 64 52 of
902 3700 188 52 school
1137 3700 179 53 music
1364 3702 268 69 teaching
1699 3702 93 68 [by]
1845 3703 193 54 James
2086 3705 65 50 L.

153 3773 1993 76 Mursell … and Mabelle Glenn … New York, Boston [etc.]
154 3849 204 68 Silver,
386 3852 248 52 Burdett
661 3854 112 52 and
801 3871 280 52 company
1113 3859 193 64 [ᶜ1931]
