2505 4370
1282 4028 135 51 1118

339 380 388 65 Rohrbough,
757 381 191 65 Lynn,
979 384 85 53 ed.

423 456 209 55 Games
669 475 81 35 we
786 457 114 53 like
936 457 140 68 best,
1114 458 191 53 edited
1343 458 77 70 by
1454 458 171 70 Lynn
1664 460 113 52 and
1815 459 324 55 Katherine
349 461 1988 143 Rohrbough.

626 535 141 53 New
798 534 181 70 York,
1007 536 68 53 R.
1106 536 68 53 R.
1206 534 212 74 Smith,
1446 535 128 70 inc.,
1604 540 153 51 1931.

421 616 407 49 xvi, 184 p. 19½ ᶜᵐ.
420 672 238 41 Contains
690 674 168 41 music.

345 742 52 52 ©
426 746 117 47 July
570 747 39 45 1,
637 745 113 41 1931;
807 746 68 38 2c.
904 748 94 38 and
1028 746 82 42 aff.
1139 747 117 47 July
1283 748 55 39 15;
1396 747 40 40 A
1462 748 147 40 40374;
1668 748 50 40 L.
1749 749 312 48 Rohrbough,
2092 750 272 49 Delaware,

415 803 138 40 Ohio.
626 803 282 48 (31-18826)

338 899 325 64 Rollinson,
694 900 178 53 Ethel
902 899 300 66 Augusta.

408 976 345 69 Diagnostic
793 976 216 70 testing
1050 977 112 52 and
1206 977 275 53 remedial
1523 977 270 70 teaching
1834 977 66 54 of
1940 978 199 70 Gregg
338 979 2003 144 shorthand,

546 1054 1817 72 by Ethel A. Rollinson … with a foreword by Percival
337 1133 79 53 M.
458 1132 304 71 Symonds.
839 1133 140 53 New
1014 1133 182 68 York,
1233 1132 257 71 Chicago
1550 1139 121 62 [etc.]
1713 1134 123 54 The
1872 1134 199 71 Gregg
338 1135 2000 146 publishing

466 1214 494 66 company [ ᶜ1 931]
409 1295 62 47 vi,
507 1295 84 40 391
629 1306 42 37 p.
733 1294 129 41 illus.
924 1295 57 40 20½ᶜᵐ.

345 1350 52 52 ©
429 1354 118 47 July
577 1354 68 42 17,
678 1353 107 40 1931;
852 1353 68 40 2c.
952 1354 94 38 and
1079 1352 82 41 aff.
1194 1353 117 47 July
1340 1352 83 48 21;
1457 1353 41 39 A
1527 1353 173 48 40436;
1736 1354 160 48 Gregg
1925 1355 109 48 pub.
2067 1365 69 31 co.

429 1410 283 50 (31-19261)

339 1506 411 65 Rounsevelle,
780 1505 236 65 Phillip.

407 1585 264 68 Archery
702 1582 329 69 simplified,
1061 1585 36 52 by
1168 1583 227 69 Phillip
1428 1585 394 68 Rounsevelle,
1855 1586 398 70 photographs
2286 1588 76 69 by

338 1664 96 53 the
464 1664 225 66 author,
721 1662 293 70 drawings
1040 1663 75 70 by
1145 1662 231 54 Hubert
1405 1664 67 52 E.
1504 1663 333 54 Blackburn
1867 1665 112 53 and
2010 1665 97 53 the
2137 1667 222 53 author.

338 1744 142 53 New
513 1744 181 67 York,
728 1743 70 52 A.
835 1743 56 55 S.
931 1745 220 50 Barnes
1183 1742 113 52 and
1331 1759 282 52 company
1647 1742 422 72 incorporated,
2107 1749 150 50 1931.

410 1824 582 49 xii, 120 p. illus. 23½ ᶜᵐ.
411 1882 236 41 Contains
676 1881 396 49 bibliographies.

345 1937 52 52 ©
427 1940 118 49 July
572 1942 68 46 14,
668 1940 143 47 1931;
840 1939 68 43 2c.
937 1941 116 46 July
1081 1941 55 39 17;
1193 1940 83 41 aff.
1307 1940 116 48 July
1451 1941 82 46 16;
1565 1941 40 38 A
1633 1939 174 50 40399;
1838 1941 54 41 A.
1925 1941 45 41 S.
1999 1942 194 40 Barnes
2218 1943 37 40 &
2282 1953 81 34 co.,

415 1998 93 41 inc.
579 1997 283 49 (31-19283)

340 2094 186 64 Ruck,
559 2095 204 54 Berta.

411 2175 123 52 The
565 2176 96 66 lap
691 2175 65 52 of
783 2175 227 67 luxury.
1094 2172 384 68 [Conclusion]

425 2253 85 48 (In
538 2252 160 43 Home
726 2251 120 43 chat
874 2251 280 52 magazine,
1185 2251 130 43 June
1346 2253 72 49 20,
1451 2251 145 51 1931)

346 2308 2018 53 © 1c. Aug. 12, 1931; A ad int. 15388; pubd. June 15; Berta Ruck Oliver.
415 2370 242 42 Windsor,
691 2370 169 47 Berks,
892 2370 238 47 England.

341 2467 375 64 Sandstrom,
745 2466 223 55 James.

338 2543 1997 151 Palmistry at a glance … by James Sandstrom … [Los Angeles,
539 2621 1510 71 Press of Progressive printing company, ᶜ1 931]
413 2705 88 41 125
528 2716 43 38 p.
633 2706 129 40 illus.
822 2705 59 41 20½ᶜᵐ.

347 2760 52 52 ©
441 2765 83 39 July
597 2763 68 49 10,
707 2762 112 42 1931;
890 2763 68 41 2c.
999 2764 96 39 and
1136 2763 81 40 aff.
1260 2763 118 48 July
1417 2763 82 48 21;
1542 2764 41 38 A
1622 2762 173 49 40449;
1839 2763 45 41 J.
1927 2763 303 47 Sandstrom,
2272 2764 93 40 Los

419 2822 221 49 Angeles.
715 2820 283 49 (31-19285)

341 2917 218 66 Sibley,
592 2917 243 65 Robert,
871 2923 171 50 1881-

409 2993 316 55 America’s
765 3012 220 35 answer
1023 3001 59 46 to
1122 2994 97 53 the
1260 2994 248 53 Russian
1549 2994 312 69 challenge,
1900 2994 61 52 in
2000 2994 188 53 which
339 2994 2000 132 electric

501 3091 210 50 power,
763 3090 59 35 as
875 3091 30 34 a
959 3090 260 35 common
1272 3072 418 67 denominator,
1741 3072 49 53 is
1841 3071 411 70 requisitioned
2303 3077 60 48 to

339 3151 188 53 throw
563 3150 153 70 light
751 3169 73 35 on
858 3151 96 52 the
990 3150 250 55 Russian
1277 3150 227 69 enigma
1542 3151 113 52 and
1691 3150 95 53 the
1823 3150 295 69 challenge
2154 3150 47 53 it
339 3169 2000 113 presents

339 3227 1998 149 to western civilization, by Robert Sibley … San Francisco,
533 3306 1058 69 Calif., The Farallon press [ ᶜ1 931]
412 3390 51 41 xi
501 3402 57 37 p.,
594 3390 27 39 2
680 3422 22 14 l.,
740 3391 98 46 171,
880 3391 55 48 [1]
974 3400 43 37 p.
1053 3389 110 41 incl.
1202 3390 230 39 mounted
1470 3390 88 40 col.
1594 3389 164 46 front.,
1798 3390 229 40 mounted
2065 3391 89 39 col.
2193 3392 154 46 plates.

341 3448 176 41 double
549 3458 127 37 map.
737 3448 173 47 plates,
943 3457 127 38 map.
1131 3446 56 40 25½ᶜᵐ.

415 3505 166 40 “First
607 3503 220 49 printing;
883 3504 206 39 number
1115 3501 129 43 502.”

349 3559 52 52 ©
436 3564 128 39 June
596 3562 59 39 10,
700 3560 105 40 1931;
876 3561 66 40 2c.
979 3564 92 37 and
1110 3560 81 41 aff.
1228 3560 127 39 June
1389 3560 55 40 30;
1508 3561 41 38 A
1583 3559 143 42 39173;
1793 3560 234 41 Farallon
2062 3571 150 38 press.

430 3619 281 49 (31-18973)

345 3712 288 66 Silliman,
664 3714 116 54 Sue
809 3715 297 62 Imogene.

421 3787 82 56 St.
544 3790 218 68 Joseph
801 3790 60 53 in
899 3790 346 68 homespun;
1289 3809 31 33 a
1361 3789 322 53 centennial
1723 3790 284 67 souvenir,
2045 3789 77 68 by
2164 3788 112 56 Sue
2314 3788 48 53 I.

350 3864 285 56 Silliman.
712 3869 185 52 Three
926 3869 224 66 Rivers,
1177 3867 196 68 Mich.,
1402 3868 184 53 Three
1617 3867 204 54 Rivers
1852 3866 339 70 publishing
349 3884 1987 130 company,
549 3949 150 51 1931.
