2505 4370
1073 4016 104 50 467

197 463 800 51 2 p. l., 3-20 p. 1 illus. 21 ᶜᵐ .
200 522 112 40 “875
340 521 161 50 copies
527 521 79 40 for
635 520 220 40 Random
883 518 194 41 house.”

135 576 51 52 ©
217 581 111 41 Dec.
358 580 69 47 27,
457 578 139 47 1930;
627 578 68 40 2c.
726 578 95 40 and
851 577 82 40 aff.
963 576 109 41 Jan.
1103 575 68 49 29,
1203 575 142 48 1931;
1378 576 40 39 A
1446 574 172 48 35395;
1655 575 45 42 S.
1731 576 54 39 V.
1816 576 167 45 Benét,
2015 574 116 39 New

200 638 145 40 York.
416 635 249 49 (31-8184)

128 731 402 64 Bergengren,
558 731 129 62 Roy
713 728 335 64 Frederick,
1080 729 171 54 1879-

127 802 1977 151 Credit union; a cooperative banking book [by] Roy F. Bergengren … New
718 883 179 67 York,
928 883 120 52 The
1079 881 289 54 Beekman
1397 881 107 52 hill
1533 900 176 49 press,
1741 884 151 50 1931.

197 967 83 48 xii,
310 967 87 41 300
423 978 41 37 p.
492 966 108 41 incl.
626 966 170 41 forms.
854 966 148 41 22½ᶜᵐ.

199 1025 288 39 Illustrated
519 1023 363 48 lining-papers.

134 1078 51 52 ©
226 1083 121 39 Mar.
386 1081 69 48 24,
495 1079 113 42 1931;
675 1079 67 41 2c.
783 1079 95 40 and
918 1079 82 40 aff.
1039 1079 122 41 Mar.
1200 1077 57 41 26;
1326 1078 41 39 A
1405 1078 148 41 35446;
1620 1078 54 40 R.
1716 1079 52 40 F.
1809 1078 322 48 Bergengren,

200 1139 196 40 Boston.
468 1136 249 50 (31-8409)

126 1232 219 64 Brady,
374 1232 227 63 George
630 1231 229 64 Stuart,
891 1231 171 54 1887-

195 1308 298 53 Materials
518 1307 306 54 handbook;
883 1326 71 34 an
982 1306 401 69 encyclopedia
1413 1306 93 52 for
1533 1305 351 70 purchasing
1911 1310 218 65 agents,

127 1382 1937 72 engineers, executives, and foremen, by George S. Brady …
125 1464 74 52 2d
229 1464 84 52 ed.
381 1463 140 53 New
553 1462 163 53 York
749 1463 112 52 and
894 1462 258 62 London,
1183 1460 434 56 McGraw-Hill
1647 1459 149 55 book
1829 1478 300 46 company,

126 1540 125 66 inc.,
283 1543 152 49 1931.

194 1617 1164 51 xxiii, 588 p. illus., diagrs. 18 ᶜᵐ . $5.00
134 1674 51 53 ©
213 1679 122 41 Mar.
362 1678 69 48 26,
459 1676 140 49 1931;
627 1677 68 43 2c.
723 1679 121 41 Mar.
872 1678 82 47 28;
984 1677 82 41 aff.
1095 1678 121 42 Mar.
1243 1678 55 41 31;
1359 1678 39 40 A
1425 1677 172 48 35520;
1628 1676 350 43 McGraw-Hill
2009 1677 124 40 book

200 1747 82 37 co.,
314 1736 90 40 inc.
476 1735 249 48 (31-8518)

126 1830 335 65 Bromfield,
492 1830 197 64 Louis,
722 1836 169 50 1896-

195 1906 246 54 Tabloid
486 1925 171 50 news,
701 1907 75 69 by
822 1907 174 53 Louis
1044 1906 330 54 Bromfield.
1450 1907 138 52 New
1637 1906 180 71 York,
1864 1907 265 53 Random

123 1984 191 68 house,
347 1987 152 50 1930.

195 2067 790 48 2 p. l., 3-31 p. 1 illus. 21 ᶜᵐ .
198 2123 112 41 “875
338 2124 161 48 copies
523 2124 80 40 for
629 2125 221 40 Random
875 2124 193 41 house.”

133 2178 51 52 ©
215 2183 112 39 Dec.
355 2181 70 49 27,
455 2181 116 41 1930;
626 2181 67 41 2c.
725 2183 95 39 and
848 2182 82 41 aff.
961 2183 109 40 Jan.
1100 2181 69 49 29,
1201 2181 115 41 1931;
1374 2183 40 39 A
1443 2181 144 42 35393;
1648 2183 51 41 L.
1731 2183 274 45 Bromfield,
2038 2183 94 41 Los

200 2240 219 47 Angeles.
490 2239 250 48 (31-8182)

125 2318 260 66 Brophy,
416 2320 175 65 John,
627 2325 169 50 1899-

195 2396 1935 70 Flesh and blood, by John Brophy … London and Toronto,
125 2473 56 54 J.
208 2473 80 53 M.
315 2474 156 53 Dent
498 2475 114 52 and
638 2493 129 34 sons
793 2474 103 54 ltd.
929 2478 173 64 [1931]

195 2556 100 47 253,
328 2558 55 48 [1]
413 2567 45 37 p.
518 2556 147 43 19½ᶜᵐ.

133 2609 1981 110 © 1c. Apr. 10, 1931; A ad int. 14933; pubd. Feb. 12; J. Brophy, Brentford,
361 2671 283 46 Middlesex,
682 2672 235 47 England.
988 2671 250 51 (31-9827)

126 2752 290 54 Brothers
444 2753 64 52 of
535 2753 102 52 the
666 2754 205 52 sacred
899 2754 193 62 heart,
1120 2756 385 67 Arthabaska,
1536 2754 138 66 Que.

194 2827 176 56 Short
399 2829 114 54 and
541 2847 129 52 easy
697 2829 229 56 method
957 2829 64 54 of
1049 2830 485 69 accompaniment
1563 2830 91 54 for
1685 2830 95 54 the
1808 2827 320 72 Gregorian

125 2906 170 56 chant
338 2907 305 69 according
681 2914 58 48 to
780 2908 94 52 the
913 2908 311 69 principles
1263 2908 63 54 of
1364 2909 96 55 the
1502 2909 187 53 school
1730 2908 64 54 of
1835 2907 293 72 Solesmes,

125 2983 267 54 followed
422 2985 74 69 by
527 3004 70 35 an
628 2985 289 68 appendix
949 2986 93 53 for
1071 2987 94 52 the
1198 2987 485 68 accompaniment
1710 2987 64 52 of
1801 2986 222 69 hymns,
2051 2986 76 69 by

123 3062 96 53 the
247 3062 276 53 Brothers
551 3062 64 52 of
641 3062 94 54 the
765 3064 195 53 sacred
990 3064 179 67 heart,
1198 3064 385 69 Arthabaska,
1613 3065 65 53 P.
1712 3063 69 63 Q.
1824 3063 293 71 (Canada)

123 3138 252 54 Tournai
413 3139 322 72 (Belgium)
774 3140 226 72 Society
1027 3142 63 53 of
1116 3141 67 56 St
1209 3142 153 54 John
1394 3142 94 54 the
1515 3140 355 71 Evangelist,
1898 3140 230 55 Desclée

124 3218 44 51 &
198 3236 98 50 co.,
328 3220 150 50 1931.

196 3296 49 41 vi
274 3308 57 37 p.,
364 3298 25 38 1
459 3328 9 17 l.,
499 3298 71 48 47,
607 3299 54 49 [1]
696 3308 42 38 p.
798 3298 128 41 illus.
955 3298 204 49 (music)
1226 3300 148 41 20½ᶜᵐ.

181 3354 118 40 New
315 3353 199 41 edition,
575 3354 60 48 cf.
668 3365 43 37 p.
733 3354 82 50 [iii]

197 3410 299 48 “Gregorian
522 3411 442 48 accompaniment”
1004 3413 48 48 (1
1079 3413 127 48 leaf)
1242 3413 101 41 laid
1372 3414 62 39 in.

133 3467 1982 109 © 1c. Mar. 21, 1931; A ad int. 14871; pubd. Mar. 16; Frères du Sacrecoeur,
391 3528 325 47 Arthabaska,
753 3528 199 48 Quebec,
990 3529 213 41 Canada.
1275 3527 251 52 (31-9417)

127 3609 232 63 Brown,
390 3608 245 55 Charles
665 3609 227 65 Ewing,
926 3616 171 49 1883-

197 3687 55 52 A
299 3705 124 34 new
473 3687 291 67 approach
814 3692 57 47 to
924 3685 296 56 Christian
1272 3688 185 68 unity,
1506 3688 76 68 by
1634 3687 239 56 Charles
1922 3686 212 68 Ewing

129 3763 1731 69 Brown … Anderson, Ind., The Warner press [ ᶜ19 31]
196 3846 762 49 3 p. l., v-vii, 9-205 p. 19 ᶜᵐ .
135 3898 51 52 ©
214 3903 122 40 Mar.
361 3902 68 48 16,
458 3901 114 42 1931;
624 3902 68 42 2c.
719 3904 121 40 Mar.
867 3904 56 39 21;
979 3903 80 41 aff.
1089 3905 121 39 Mar.
1237 3903 56 41 23;
1350 3905 40 38 A
1417 3903 145 42 36040;
1621 3903 175 51 Gospel
1824 3904 214 46 trumpet
2065 3912 69 31 co.

212 3958 250 46 (31-8315)
