2505 4370
1022 4005 100 50 913

83 371 316 55 American
438 373 360 69 bankruptcy
837 378 238 62 reports.
1149 372 140 53 New
1326 371 187 70 series,
1549 370 149 55 cited
1735 370 130 53 Am.
1905 372 67 51 B.
2009 370 70 53 R.

165 451 95 69 (N.
297 451 88 69 S.)
426 450 296 69 reporting
752 451 95 52 the
876 450 361 68 bankruptcy
1271 449 276 53 decisions
1579 450 112 52 and
1725 448 264 69 opinions
2020 448 62 53 in

155 529 95 53 the
293 528 217 55 United
556 527 187 56 States
788 527 64 54 of
895 528 94 52 the
1033 527 221 54 federal
1297 533 206 63 courts,
1545 532 146 49 state
1733 532 189 49 courts
1966 527 113 54 and

152 607 241 54 referees
453 607 61 52 in
571 606 377 67 bankruptcy.
1023 604 212 54 Edited
1294 606 77 69 by
1429 605 152 53 Fred
1641 604 67 52 E.
1767 604 311 54 Rosbrook.

153 703 51 33 V.
257 685 79 53 17.
410 683 249 69 Albany,
707 683 70 53 N.
826 683 91 69 Y.,
964 682 278 53 Matthew
1289 683 226 52 Bender
1563 684 45 50 &
1652 700 298 51 company,
150 683 1906 147 incorporated,
538 764 149 49 1931.

150 855 96 47 xvi,
292 853 83 41 812
420 865 43 37 p.
523 853 114 39 24ᶜᵐ.

85 921 52 52 ©
167 926 115 47 July
310 924 39 48 9,
379 923 141 48 1931;
552 923 66 42 2c.
648 925 119 46 July
793 924 82 47 11;
908 923 81 42 aff.
1019 925 115 46 July
1164 923 82 48 10;
1280 924 40 39 A
1348 923 172 48 39366;
1554 925 237 40 Matthew
1821 926 190 39 Bender
2042 925 36 41 &

154 993 81 36 co.,
262 983 90 39 inc.

79 1089 376 56 Association
486 1090 97 53 for
610 1090 277 54 research
916 1091 60 52 in
1004 1105 257 39 nervous
1289 1089 117 54 and
1435 1089 224 55 mental
1689 1090 282 56 diseases.

207 1178 1866 70 … Schizophrenia <dementia praecox> an investigation of the
73 1263 147 47 most
247 1263 189 46 recent
462 1257 303 68 advances;
796 1258 95 53 the
920 1258 369 68 proceedings
1315 1258 63 53 of
1407 1259 94 51 the
1531 1258 376 68 Association,
1936 1258 136 53 New

76 1334 178 68 York,
287 1334 304 55 December
623 1335 132 52 27th
788 1335 112 54 and
935 1336 150 65 28th,
1122 1338 163 63 1929;
1320 1334 264 54 editorial
1615 1335 207 53 board:
1857 1334 217 69 George

74 1412 76 51 H.
184 1412 205 68 Kirby,
423 1429 63 34 m.
522 1430 67 51 d.,
620 1412 247 53 Thomas
899 1412 73 53 K.
1011 1413 196 70 Davis,
1240 1430 65 34 m.
1340 1431 67 51 d.,
1439 1413 201 69 Henry
1674 1413 180 68 Alsop
1888 1412 185 71 Riley,

77 1507 63 34 m.
185 1508 47 33 d.;
310 1490 141 53 with
496 1493 65 47 23
607 1489 378 55 illustrations
1032 1489 113 52 and
1192 1493 64 48 10
1300 1490 192 54 tables.
1578 1490 331 69 Baltimore,
1952 1490 121 53 The

73 1564 286 57 Williams
389 1569 46 49 &
464 1566 249 55 Wilkins
742 1585 294 52 company,
1068 1571 149 48 1931.

212 1691 9 18 xv,
250 1660 87 41 246
361 1672 42 37 p.
459 1661 142 48 illus.,
631 1661 179 50 diagrs.
868 1662 144 41 23½ᶜᵐ.
1083 1663 97 49 (Its
1213 1662 159 41 Series
1402 1663 51 40 of
1482 1664 223 39 research
1735 1662 324 50 publications.

74 1718 353 50 vol. x [1929])
144 1789 134 40 Each
303 1788 184 41 section
515 1791 233 46 preceded
776 1791 61 46 by
863 1789 238 41 half-title
1130 1791 85 39 not
1241 1790 226 40 included
1495 1789 51 40 in
1575 1791 82 39 the
1686 1789 190 49 paging.

146 1845 129 40 “The
307 1848 197 46 present
536 1846 122 40 book
693 1846 327 48 supplements
1055 1847 95 39 and
1183 1845 238 49 amplifies
1453 1856 144 37 many
1634 1847 50 40 of
1719 1847 82 40 the
76 1846 1977 97 contributions

229 1902 226 41 included
482 1902 50 39 in
561 1913 27 29 a
614 1903 162 47 larger
803 1904 190 38 volume
1021 1913 60 29 on
1109 1902 368 48 schizophrenia
1507 1903 254 48 published
1791 1905 60 47 by
1882 1905 81 38 the
73 1904 1983 96 Association

337 1959 50 39 in
414 1959 117 41 1928
571 1959 213 48 (volume
814 1971 29 26 v
871 1959 51 40 of
951 1959 98 40 this
1078 1958 422 47 series).”—Pref.

150 2017 1345 49 “List of members … February, 1931”: p. 235-246.
150 2077 349 47 Bibliography
527 2078 52 38 at
606 2077 91 39 end
724 2076 52 40 of
803 2075 118 40 each
949 2075 200 47 chapter
1178 2078 170 45 except
1377 2078 109 38 two.

81 2143 52 52 ©
161 2148 114 47 May
301 2147 68 40 19.
398 2145 140 48 1931;
568 2146 67 40 2c.
663 2147 114 46 May
803 2145 82 47 22;
916 2145 82 41 aff.
1028 2146 126 39 June
1180 2145 83 47 12;
1295 2146 41 38 A
1362 2146 144 40 38358;
1565 2145 307 41 Association
1900 2147 78 39 for
149 2157 1909 87 research
349 2205 50 38 in
430 2214 206 30 nervous
669 2205 96 38 and
794 2205 182 37 mental
1009 2203 202 47 disease,
1245 2203 118 40 New
1395 2203 145 40 York.

159 2260 280 50 (31-14952)

74 2353 179 66 Bahr,
286 2355 326 64 Hermann,
648 2360 171 50 1863-

142 2443 1867 69 Das konzert, lustspiel in drei akten, von Hermann Bahr …
71 2521 187 53 edited
283 2521 141 54 with
448 2520 405 69 introduction,
875 2529 174 61 notes,
1075 2521 113 54 and
1215 2521 343 68 vocabulary
1584 2521 75 69 by
1685 2520 163 55 Josef
1873 2520 197 53 Wiehr

159 2598 1201 71 … New York, Prentice-Hall, inc., 1931.
245 2723 9 17 xxv,
281 2692 87 41 146
395 2703 43 37 p.
470 2691 110 42 incl.
608 2692 136 40 front.
787 2692 172 48 (port.)
1133 2724 8 8 19ᶜᵐ.

81 2761 52 52 ©
176 2767 113 46 May
331 2766 39 48 8,
414 2764 141 48 1931;
600 2766 65 40 2c.
711 2767 96 39 and
850 2766 82 39 aff.
976 2766 113 47 May
1133 2765 82 47 22;
1261 2765 42 39 A
1345 2765 171 47 38343;
1562 2765 375 48 Prentice-Hall,
1983 2764 91 41 inc.

154 2818 77 53 [©
263 2823 208 49 preface,
506 2823 344 49 introduction,
884 2825 150 47 notes,
1068 2823 318 48 vocabulary]
1466 2820 280 52 (31-15459)

75 2915 222 68 Bailey,
328 2918 252 64 Carolyn
611 2918 286 65 Sherwin,
929 2919 171 55 1875-

143 3008 174 68 Plays
355 3008 92 53 for
481 3010 96 51 the
610 3008 302 54 children's
945 3012 162 64 hour,
1139 3010 76 68 by
1250 3010 253 69 Carolyn
1540 3009 260 56 Sherwin
1837 3009 228 68 Bailey;

75 3103 73 35 an
209 3086 306 53 American
578 3086 306 54 childhood
949 3086 402 69 presentation.
1447 3086 371 70 Springfield,
1880 3087 191 68 Mass.,

74 3162 1022 71 Milton Bradley company [ ᶜ1 931 ]
145 3259 26 39 2
202 3268 43 37 p.
312 3288 8 17 l.,
351 3257 146 41 3-257
528 3269 44 37 p.
630 3259 148 41 21½ᶜᵐ.

82 3323 52 52 ©
162 3328 126 40 June
313 3329 40 47 2,
382 3328 141 49 1931;
551 3329 67 42 2c.
647 3331 126 39 June
800 3330 81 47 10;
913 3330 80 41 aff.
1024 3332 125 39 June
1177 3331 82 46 16;
1290 3330 41 39 A
1359 3330 170 47 37964;
1562 3331 173 40 Milton
1764 3331 212 47 Bradley
2005 3341 67 31 co.

161 3384 279 49 (31-15444)

78 3477 297 66 Barnikol,
407 3481 203 64 Ernst,
641 3483 84 53 ed.

148 3569 406 71 Forschungen
586 3592 100 33 zur
719 3574 340 69 entstehung
1093 3576 98 52 des
1223 3573 493 55 Urchristentums
1749 3575 97 52 des
1879 3574 197 53 Neuen

79 3648 1994 144 Testaments und der kirche. D. dr. Ernst Barnikol … heraus-geber.
359 3727 1712 72 I und II. Kiel, Germany, W. G. Mühlau verlag, 1929.
145 3818 117 41 2 v ·
84 3884 1987 58 © Dec. 3, 1929; 1c. each Jan 27, 1830; A—Foreign 6296; Walter G.
152 3945 215 49 Mühlau,
399 3947 179 48 verlag.
