2428 4370
1244 4014 136 56 1874

363 444 291 40 Illustrated
683 445 99 46 t.-p.
811 444 97 40 and
936 442 355 50 lining-papers
1318 442 51 42 in
1398 444 171 40 colors.

299 496 2011 52 © Oct. 29, 1931; 2c. Nov. 18; aff. Nov. 16; A 45086; D. W. Barucli, Los
368 558 220 49 Angeles.
665 557 281 49 (31-33062)

291 652 212 67 Beebe,
532 650 222 55 Lucius
780 650 237 67 Morris,
1049 657 173 50 1902-
1437 670 180 52 comp.

360 728 55 51 A
446 727 409 70 bibliography
889 728 64 52 of
983 728 97 54 the
1111 728 266 70 writings
1410 728 64 53 of
1504 727 211 54 Edwin
1750 726 312 70 Arlington

291 726 1994 147 Robinson,
447 806 75 68 by
563 804 213 55 Lucius
815 805 187 53 Beebe
1042 810 50 51 &
1134 806 217 55 Robert
1392 807 55 54 J.
1489 805 267 69 Bulkley,
1797 805 69 68 jr.
1947 804 364 69 Cambridge,

289 882 191 71 Mass.,
509 883 121 55 The
661 884 252 52 Dunster
939 886 175 51 house
1140 883 311 70 bookshop,
1481 886 151 50 1931.

363 966 368 50 59 p., 1 l. 20½ ᶜᵐ.
366 1023 186 41 “Three
589 1023 222 42 hundred
848 1022 161 49 copies
1042 1024 196 49 printed
1275 1023 48 39 in
1361 1024 57 41 U.
1458 1024 44 41 S.
1538 1025 57 39 A.
1662 1023 138 49 Fifty
1836 1023 161 48 copies
2033 1033 60 32 on
2128 1021 186 43 Arnold

293 1080 300 42 unbleached
623 1089 164 39 paper,
820 1081 96 40 two
948 1080 224 41 hundred
1204 1080 97 41 and
1334 1080 111 50 fifty
1476 1080 160 48 copies
1669 1091 58 30 on
1762 1079 213 49 Utopian
2008 1080 122 41 book
2163 1089 151 39 paper

291 1136 195 47 printed
511 1137 128 40 from
666 1139 113 46 type
803 1136 160 41 which
988 1137 92 41 has
1103 1138 117 40 been
1250 1136 337 42 distributed.”

367 1192 1946 51 “300 copies numbered I to L and 1 to 250. This copy is number
290 1249 172 53 <166>”

303 1305 52 52 ©
381 1310 118 47 July
523 1309 69 48 15,
617 1307 115 42 1931;
786 1308 68 41 2c.
880 1310 96 39 and
1001 1306 83 42 aff.
1110 1306 119 42 Nov.
1255 1305 54 41 21;
1367 1308 41 38 A
1431 1305 174 49 44892;
1634 1307 218 41 Dunster
1878 1307 151 40 house
2055 1306 260 48 bookshop,

375 1366 92 41 inc.
539 1365 281 49 (31-32883)

297 1443 289 66 Blossom,
618 1443 319 55 Frederick
967 1444 336 64 Augustus,
1337 1445 172 54 1878-
1724 1444 85 53 ed.

367 1522 149 55 Told
541 1529 59 47 at
624 1522 97 54 the
746 1521 314 69 Explorers
1084 1521 129 56 club;
1269 1528 126 47 true
1420 1522 142 53 tales
1586 1519 65 56 of
1673 1522 238 53 modern
1934 1520 381 70 exploration,

297 1598 2018 72 edited by Frederick A. Blossom … New York, A. & C. Boni,
295 1680 127 68 inc.,
456 1682 152 52 1931.

408 1793 8 16 x,
439 1761 88 41 425
550 1773 44 38 p.
654 1761 165 48 front.,
843 1760 144 48 illus.,
1011 1760 173 50 plates,
1210 1762 151 47 ports.
1420 1759 57 42 23½ᶜᵐ.

369 1820 293 40 Illustrated
682 1817 367 50 lining-papers,

304 1874 52 52 ©
382 1878 102 40 Oct.
509 1877 70 49 29,
602 1874 115 43 1931;
771 1876 66 41 2c.
863 1876 103 41 Oct.
990 1875 57 42 30;
1101 1874 81 42 aff.
1208 1875 119 40 Nov.
1351 1876 25 40 3;
1431 1875 41 40 A
1495 1875 145 41 44582;
1696 1875 171 41 Albert
1890 1875 35 41 &
1951 1874 203 42 Charles
2180 1873 137 50 Boni,

373 1935 91 40 inc.
536 1933 281 50 (31-33009)

298 2015 332 65 Bogardus,
663 2015 225 64 Emory
916 2014 284 66 Stephen,
1234 2019 173 51 1882-

432 2091 1883 70 … Fundamentals of social psychology. 2d ed. By Emory
301 2170 1919 70 S. Bogardus … New York, London, The Century co. [ᶜ1931]
370 2250 1691 51 xii, 444 p. diagrs. 23 ᶜᵐ. (The Century social science series)
374 2308 305 50 “Readings”
717 2311 54 39 at
804 2310 93 40 end
932 2309 54 41 of
1022 2310 120 40 each
1179 2310 232 47 chapter;
1448 2309 70 40 “A
1555 2309 150 41 social
1742 2309 293 49 psychology
2071 2308 215 48 library”:

301 2376 43 38 p.
364 2366 222 43 435-436.

307 2421 52 52 ©
388 2425 102 41 Oct.
518 2425 70 48 21,
615 2422 114 44 1931;
787 2424 66 42 2c.
882 2425 104 41 Oct.
1014 2425 54 40 31;
1127 2424 83 42 aff.
1239 2424 104 42 Oct.
1371 2424 57 40 24;
1485 2424 44 40 A
1553 2423 146 43 44827;
1759 2424 214 49 Century
2004 2435 67 31 co.

389 2481 283 50 (31-32909)

299 2562 233 65 Britan,
560 2562 252 55 Halbert
839 2561 211 68 Hains,
1081 2564 173 55 1874-

371 2639 1886 71 The affective consciousness, by Halbert Hains Britan …
300 2719 140 53 New
469 2718 183 69 York,
679 2719 121 53 The
827 2719 340 53 Macmillan
1195 2737 300 51 company,
1526 2721 153 51 1931.

372 2800 594 51 ix p., 2 l., 391 p. 20½ᶜᵐ.
373 2858 352 42 “References”
755 2861 53 39 at
834 2860 94 40 end
954 2860 54 40 of
1034 2859 120 41 each
1181 2859 216 49 chapter.

309 2914 52 52 ©
392 2918 119 40 Nov.
543 2917 69 49 10,
643 2916 110 42 1931;
817 2916 68 41 2c.
917 2918 101 39 and
1046 2916 82 41 aff.
1160 2917 119 40 Nov.
1312 2917 54 39 11;
1428 2916 42 40 A
1500 2916 147 42 43949;
1708 2917 283 41 Macmillan
2023 2927 68 31 co.

387 2974 283 50 (31-32932)

301 3055 217 65 Burns,
545 3054 257 56 William
830 3054 73 58 A.

371 3131 288 54 Practical
701 3130 168 70 sheep
910 3131 352 70 husbandry,
1304 3131 74 71 by
1421 3133 147 54 Wm.
1613 3132 71 54 A.
1727 3132 221 66 Burns;
1994 3151 31 33 a
299 3149 1994 112 comprehensive

571 3208 230 55 treatise
841 3209 65 54 of
947 3208 278 69 practical
1266 3209 260 56 methods
1568 3210 95 53 for
1704 3208 337 71 producing,
2084 3209 234 69 feeding

301 3286 2016 70 and fattening sheep and lambs for market … Chicago, Ill.,
297 3363 640 68 W. A. Burns, ᶜ19 31.
371 3446 1142 51 96 p. incl. front. (port.) illus., tables. 24 ᶜᵐ.
375 3502 299 50 “Preparing
703 3504 98 41 and
830 3503 197 49 serving
1055 3506 189 40 mutton
1276 3506 97 40 and
1402 3505 128 41 lamb
1559 3506 80 40 for
1670 3505 81 43 the
1782 3505 158 42 table”;
2002 3516 41 39 p.
2076 3506 158 41 89-96.

311 3556 53 53 ©
395 3562 104 41 Oct.
530 3562 39 41 1.
600 3561 141 43 1931;
775 3562 67 41 2c.
874 3562 103 41 Oct.
1008 3562 58 40 26;
1125 3561 82 43 aff.
1239 3562 119 41 Nov.
1388 3563 54 46 4;
1476 3563 44 39 A
1546 3563 174 47 43759;
1754 3564 71 40 W.
1857 3563 54 40 A.
1946 3565 174 39 Burns.

390 3618 283 48 (31-32898)

304 3698 462 67 Busse-Wilson,
802 3699 330 58 Elisabeth.

377 3777 120 55 Das
526 3780 162 53 leben
717 3782 101 52 der
845 3780 252 68 heiligen
1128 3780 297 55 Elisabeth
1455 3801 112 34 von
1596 3781 336 71 Thüringen;
1996 3783 99 53 das
2126 3779 193 56 abbild

306 3854 155 55 einer
522 3856 525 57 mittelalterlichen
1110 3860 159 57 seele,
1333 3878 108 35 von
1509 3860 297 54 Elisabeth
1875 3858 443 58 Busse-Wilson.

304 3931 308 73 München,
644 3936 171 75 Beck,
849 3941 151 51 1931.
