2505 4370
1047 4003 99 49 155

98 374 132 62 Poe,
261 371 307 53 Elisabeth
598 370 257 54 Ellicott.

167 450 197 66 Edgar
410 447 175 52 Allan
632 448 133 68 Poe,
809 465 30 33 a
885 446 141 68 high
1072 445 178 67 priest
1294 443 64 53 of
1401 444 96 52 the
1539 441 315 69 beautiful;
1901 461 31 33 a
95 440 1975 156 biographical
429 542 158 51 essay

622 523 430 68 supplemented
1090 523 72 69 by
1198 521 169 56 select
1400 523 117 52 Poe
1553 539 209 51 poems,
1797 518 299 69 including

99 604 152 53 “The
289 603 227 67 raven”,
558 602 154 52 “The
750 601 191 69 bells”,
983 600 297 53 “Annabel
1321 599 163 69 Lee”,
1525 605 120 62 etc.,
1683 599 75 69 by
1799 597 298 54 Elisabeth

97 675 2001 72 Ellicott Poe and Vylla Poe Wilson … Washington, The
98 758 194 69 Stylus
329 757 335 68 publishing
696 774 297 49 company,
1030 757 148 51 1930.

167 841 365 48 112 p. 20½ ᶜᵐ .
103 894 52 51 ©
182 899 111 39 Dec.
318 898 55 38 22,
473 896 54 38 1930;
582 898 67 37 2c.
676 896 95 38 and
797 895 80 39 aff
908 894 108 40 Feb.
1042 894 40 47 3,
1109 892 141 49 1931;
1280 893 41 39 A
1346 893 171 48 34149;
1548 895 53 39 E.
1629 894 53 40 E.
1710 893 98 40 Poe
1832 894 96 39 and
1955 893 142 48 Vylla

171 956 96 38 Poe
297 955 198 42 Wilson,
536 953 328 46 Washington.
939 950 249 48 (31-3905)

100 1049 421 62 Presbyterian
552 1046 222 54 church
805 1046 58 51 in
894 1045 102 53 the
1027 1046 72 54 U.
1129 1046 57 53 S.
1216 1045 72 52 A.
1366 1046 244 53 General
1638 1047 295 69 assembly.

166 1126 204 69 Digest
399 1124 65 53 of
492 1125 95 51 the
617 1128 116 48 acts
764 1124 113 52 and
907 1122 381 53 deliverances
1320 1122 64 52 of
1414 1123 95 51 the
1541 1123 244 54 General
1817 1122 278 69 assembly

100 1203 63 52 of
198 1204 96 51 the
328 1201 405 68 Presbyterian
771 1201 210 52 church
1019 1201 60 53 in
1115 1200 96 53 the
1247 1200 219 55 United
1506 1200 188 55 States
1731 1199 63 53 of
1830 1200 267 53 America

159 1277 1943 69 … v. 1. Issued from the office of the General assembly and
98 1360 75 68 by
203 1360 72 53 its
309 1359 309 67 authority.
695 1356 426 69 Philadelphia,
1154 1357 121 69 Pa.,
1311 1359 147 50 1930.

168 1437 450 50 liv, 877 p. 24 ᶜᵐ .
170 1496 224 39 Lettered
424 1506 61 29 on
510 1504 141 31 cover
668 1505 9 29 :
706 1494 101 39 The
834 1493 344 48 Presbyterian
1206 1493 171 48 digest,
1406 1493 129 41 1930.

170 1550 340 41 Introduction
540 1549 168 50 signed
726 1562 8 28 :
767 1549 157 42 Lewis
957 1550 232 47 Seymour
1220 1550 190 47 Mudge,
1443 1549 156 41 editor;
1661 1550 216 41 William
1907 1551 51 40 P.
99 1550 1982 106 Finney,
234 1608 241 40 associate
504 1607 171 41 editor.

105 1661 50 53 ©
191 1665 109 40 Dec.
334 1665 70 49 31,
439 1664 116 40 1930;
614 1663 68 41 2c.
716 1665 95 38 and
845 1663 82 41 aff.
961 1664 109 40 Jan.
1103 1662 69 50 21,
1208 1662 142 49 1931;
1385 1662 44 40 A
1459 1662 172 50 33254;
1667 1663 233 41 Trustees
1933 1663 53 41 of
2018 1663 86 41 the

173 1722 206 41 General
410 1723 241 46 assembly
683 1722 52 39 of
766 1722 82 39 the
880 1721 346 47 Presbyterian
1257 1720 181 41 church
1470 1721 51 39 in
1553 1721 85 41 the
1668 1721 56 42 U.
1760 1720 46 42 S.
1837 1720 69 48 A.,
173 1719 1905 109 Philadelphia.
452 1777 250 50 (31-3924)

102 1872 224 64 Prince,
355 1872 225 54 Walter
610 1872 301 65 Franklin,
944 1878 171 49 1863-

169 1950 122 53 The
324 1950 315 54 enchanted
673 1950 327 70 boundary;
1036 1949 173 71 being
1242 1969 32 34 a
1310 1968 205 51 survey
1551 1950 64 55 of
1648 1951 264 69 negative
101 1969 1974 112 reactions
285 2033 59 47 to
381 2026 196 54 claims

618 2028 64 52 of
719 2027 231 69 psychic
990 2028 371 69 phenomena,
1400 2031 326 65 1820-1930,
1762 2028 75 69 by
1875 2028 225 55 Walter

99 2104 2002 71 Franklin Prince … Boston, Mass., Boston society for psychic
100 2183 271 69 research,
400 2186 150 50 1930.

201 2264 597 48 x p., 1 l., 348 p. 23½ ᶜᵐ .
107 2315 51 52 ©
202 2320 109 41 Jan.
352 2320 69 49 24,
465 2320 112 41 1931;
648 2320 66 41 2c.
758 2323 97 38 and
896 2321 82 41 aff.
1023 2322 108 40 Feb.
1176 2322 28 39 6;
1274 2322 41 39 A
1355 2321 144 41 33563;
1573 2322 185 40 Boston
1799 2321 183 48 society
2023 2321 80 41 for

176 2377 197 48 psychic
397 2378 240 41 research.
707 2378 250 49 (31-3884)

98 2470 222 53 Punch.
395 2493 51 32 V.
478 2473 116 69 179,
620 2493 87 34 no.
737 2477 153 65 4666,
916 2475 133 51 Dec.
1080 2477 81 65 10,
1191 2477 149 49 1930.

108 2547 1995 57 © 1c. Feb. 4, 1931; A ad int. 14731; pubd. Dec. 10, 1930; Herbert
176 2609 231 48 Heather,
440 2610 211 42 London.

101 2691 275 63 Raymer,
404 2691 223 53 Robert
657 2691 244 64 George.

103 2765 1973 148 Montana, the land and the people, by Robert George Raymer, M . A.;
519 2845 1520 71 Montana biography by special staff writers …
102 2921 249 71 Chicago
380 2924 114 52 and
522 2924 138 53 New
688 2923 180 70 York,
896 2925 122 52 The
1043 2924 185 54 Lewis
1258 2924 335 70 publishing
1621 2942 298 52 company,
1950 2928 150 50 1930.

170 3006 25 39 3
258 3036 9 9 v.
326 3006 164 48 front.,
521 3006 142 49 illus.,
693 3009 149 45 ports.
902 3006 147 43 26½ᶜᵐ.

173 3062 123 39 “For
329 3063 196 39 further
560 3063 229 48 reading”
824 3065 53 38 at
911 3065 92 39 end
1037 3064 52 40 of
1120 3074 131 29 some
1287 3065 52 39 of
1372 3065 85 39 the
1488 3065 241 48 chapters.

108 3114 50 52 ©
185 3120 116 40 Nov.
329 3120 67 47 11,
424 3118 140 48 1930;
592 3119 67 41 2c.
686 3120 119 40 each
828 3120 118 41 Nov.
973 3121 25 39 3;
1055 3120 53 40 aff.
1164 3121 112 41 Feb.
1302 3121 41 49 9,
1370 3119 114 43 1931;
1539 3122 43 39 A
1607 3121 144 42 33619;
1809 3121 155 41 Lewis
1991 3124 111 46 pub.

175 3187 65 29 co.
311 3176 251 49 (31-3911)

103 3257 220 65 Rohde,
355 3257 172 55 Emil.

172 3336 1869 72 Practical and corrective hair dyeing, by Emil Rohde …
109 3412 1349 72 [Chicago, Print. by C. A. Lawes co.] ᶜ1 931.
171 3491 1385 52 95, [1] p. incl. front. (port.) illus. 19½ ᶜᵐ . $3.50
107 3545 51 52 ©
185 3550 110 41 Jan.
322 3550 38 48 6,
388 3550 113 40 1931;
557 3551 67 40 2c.
652 3552 109 40 Jan.
788 3551 53 39 21;
899 3551 82 42 aff.
1009 3552 110 42 Jan.
1145 3552 58 40 27;
1258 3552 41 39 A
1325 3552 171 48 33470;
1527 3554 53 40 E.
1609 3553 181 48 Rohde,
1820 3552 222 49 Chicago.

184 3606 250 48 (31-3812)

102 3686 283 54 Rubicam
413 3687 277 55 business
715 3689 215 64 school,
956 3692 86 52 St.
1070 3691 191 54 Louis.

171 3764 279 54 Rubicam
489 3766 277 53 dictation
806 3768 211 53 studies
1060 3788 57 33 as
1159 3769 310 68 developed
1509 3771 113 52 and
1660 3770 207 68 taught
1907 3769 59 53 in
2004 3771 96 51 the

103 3842 275 53 Rubicam
409 3844 252 53 business
695 3845 206 69 school,
935 3845 82 55 St.
1050 3845 189 52 Louis.
1318 3845 82 55 St.
1432 3845 192 68 Louis,
1658 3847 132 69 Mo.,
1824 3846 273 54 Rubicam

105 3919 697 71 business school [ ᶜ1 931 ]
