2505 4370
1059 4011 136 57 1087

189 490 181 50 pany;
408 472 250 67 Albany,
693 473 70 51 N.
799 473 91 64 Y.,
927 471 113 52 and
1075 472 138 52 New
1249 472 182 67 York,
1464 472 70 53 N.
1572 472 92 68 Y.,
1698 473 79 52 M.
1814 472 227 52 Bender
2075 475 46 50 &

188 566 297 51 company,
512 549 418 68 incorporated,
961 551 151 52 1931.

187 631 272 48 154 p. 23 ᶜᵐ.
125 698 51 51 ©
212 703 114 45 July
359 702 25 38 3,
436 701 139 41 1931;
612 701 67 40 2c.
714 702 115 46 July
864 702 53 45 7;
952 700 82 41 aff.
1069 701 116 46 July
1220 700 54 47 6;
1310 700 42 39 A
1383 700 171 48 39268;
1593 701 236 40 Matthew
1864 701 188 40 Bender
2090 703 35 39 &

193 768 81 36 co.,
311 758 104 46 inc.,
455 760 94 37 and
589 758 172 46 Baker,
800 757 205 39 Voorhis
1043 758 35 39 &
1116 768 67 29 co.
1253 754 67 52 [©
1360 757 247 41 additions
1645 759 94 39 and
1779 758 223 49 changes]
203 814 280 49 (31-18043)

119 908 231 64 Taylor,
381 908 228 64 George
636 906 275 57 William.

187 985 119 52 The
348 983 440 53 full-fashioned
831 983 224 70 hosiery
1098 983 238 70 worker,
1378 983 90 55 his
1509 984 289 69 changing
1839 983 283 55 economic

117 1060 2006 74 status, by George W. Taylor … Philadelphia, University of
118 1137 419 72 Pennsylvania
569 1156 173 50 press,
774 1140 150 51 1931.

220 1218 1903 51 x p., 2 l., 237 p. diagrs. 23½ᶜᵐ. (Half-title: Industrial research dept.,
119 1277 236 40 Wharton
391 1276 165 40 school
590 1275 51 40 of
672 1274 188 41 finance
896 1275 95 40 and
1025 1284 279 38 commerce,
1342 1275 285 49 University
1659 1276 53 41 of
1747 1275 377 50 Pennsylvania,

120 1331 353 50 Philadelphia.
537 1332 244 40 Research
816 1330 201 42 studies,
1186 1331 16 48 XIII)

188 1387 349 50 Bibliography
556 1399 9 30 :
601 1399 41 37 p.
677 1386 218 43 231-232.

127 1458 51 53 ©
206 1464 126 39 June
357 1462 69 46 26,
454 1461 109 40 1931;
622 1461 65 39 2c.
718 1461 114 46 July
859 1461 24 36 2;
941 1459 80 41 aff.
1052 1460 125 39 June
1204 1458 82 47 30;
1317 1461 40 37 A
1384 1458 171 49 39193;
1588 1460 282 47 University
1899 1461 50 39 of
198 1462 1909 105 Pennsylvania
452 1529 149 37 press.

673 1517 280 47 (31-17743)

119 1614 253 63 Thralls,
402 1613 112 52 Zoe
543 1612 223 64 Agnes.

190 1688 1871 71 Geography in the elementary school, by Zoc A. Thralls …
121 1767 2003 69 and Edwin H. Reeder … New York, Chicago [etc.] Rand,
121 1845 876 68 M c Nally & company [ ᶜ1 931 ]
195 1926 65 47 xi,
287 1928 84 38 441
400 1938 43 37 p.
504 1926 128 40 illus.
661 1925 133 47 (incl.
822 1925 163 49 maps)
1022 1925 153 48 diagr.
1236 1925 56 39 21½ᶜᵐ.

194 1983 348 41 “References”
571 1985 51 38 at
651 1983 91 39 end
771 1982 52 40 of
848 1983 117 39 each
996 1983 215 47 chapter.

129 2038 51 51 ©
209 2042 126 39 June
361 2041 70 41 30,
460 2039 140 42 1931;
631 2041 65 39 2c.
728 2041 115 46 July
870 2041 25 38 3;
956 2039 79 39 aff.
1067 2040 116 47 July
1212 2040 52 46 6;
1297 2041 40 38 A
1365 2039 170 48 39224;
1568 2042 141 39 Rand
1741 2041 224 41 McNally
1996 2044 34 38 &
2061 2053 67 30 co.
206 2097 279 49 (31-17885)

124 2191 288 64 Thurber,
440 2191 221 52 Robert
691 2191 208 63 Bruce,
931 2195 170 50 1882-

193 2266 1931 71 Beautiful gold, by Robert Bruce Thurber … New York.
124 2344 1620 71 Chicago [etc.] Fleming H. Revell company [ ᶜ1 931 ]
194 2427 83 39 211
307 2438 43 37 p.
411 2427 57 40 19½ᶜᵐ.

130 2481 51 51 ©
213 2485 117 46 July
359 2485 69 46 11,
460 2483 112 41 1931;
634 2484 65 39 2c.
732 2485 94 38 and
859 2483 82 40 aff.
974 2483 115 48 July
1120 2484 82 47 15;
1237 2484 41 38 A
1308 2483 171 48 39466;
1516 2485 220 48 Fleming
1766 2487 61 40 H.
1861 2487 166 41 Revell
2061 2501 67 29 co.

208 2541 280 48 (31-18177)

123 2636 247 62 Turner,
402 2635 379 55 Chittenden.

189 2712 122 52 The
331 2711 112 54 rise
465 2711 63 53 of
550 2709 392 71 chiropractic,
961 2709 75 69 by
1059 2709 346 55 Chittenden
1428 2711 238 54 Turner.
1725 2713 113 53 Los
1862 2713 266 71 Angeles,

120 2787 1121 72 Powell publishing company [ ᶜ1 931 ]
193 2868 856 50 2 p. l., vii-ix p., 1 l. , 386 p. 20½ᶜᵐ.
132 2928 51 51 ©
215 2931 111 47 Apr.
359 2929 69 43 10,
460 2928 112 41 1931;
632 2928 67 41 2c.
731 2929 94 39 and
858 2927 81 42 aff.
972 2928 115 47 July
1118 2928 28 39 6;
1204 2928 43 39 A
1276 2927 146 42 39227;
1483 2930 180 40 Powell
1696 2932 108 47 pub.
1838 2943 66 31 co.
211 2986 279 49 (31-18014)

129 3081 224 52 Vassar
386 3085 220 65 poetry,
642 3082 148 50 1930.
866 3079 139 53 New
1039 3078 182 70 York,
1254 3078 145 53 Pub.
1435 3078 94 55 for
1619 3098 157 37 Vassar
1809 3082 211 70 college
2057 3085 72 69 by

196 3154 1371 70 Farrar and Rinehart, incorporated [ ᶜ1 930 ]
202 3236 527 51 ix p., 1 l. , 75 p. 19½ᶜᵐ.
200 3291 1925 52 “The poems … are by students in residence at Vassar this year, 1930.
129 3355 102 38 The
271 3352 229 41 selection
540 3352 89 38 has
670 3351 118 38 been
826 3350 141 39 made
1005 3349 62 47 by
1107 3349 138 40 three
1286 3348 199 49 seniors,
1527 3350 229 48 Angelica
1799 3352 160 49 Gibbs,
2002 3356 124 39 Jane

129 3411 161 39 Boone
317 3410 94 39 and
440 3408 211 39 Frances
681 3404 477 49 Strunsky.”—Pref.

135 3462 1972 109 © May 29, 1930; 2c. June 18, 1931; aff. June 22; A 40043; Vassar college, Poughkeepsie,
753 3520 54 40 N.
840 3520 50 38 Y.
963 3518 278 49 (31-17888)

127 3619 277 61 Wagner,
435 3615 236 52 Ellasue
701 3614 237 53 Canter.

194 3686 1931 72 Korea: the old and the new, by Ellasue Wagner … New
127 3763 1798 74 York, Chicago [etc.] Fleming H. Revell company [ ᶜ1 931]
197 3850 87 41 160
319 3860 42 38 p.
427 3848 165 47 front.,
629 3846 173 49 plates.
868 3843 147 43 19½ᶜᵐ.

137 3901 1989 116 © May 16, 1931; 2c. and aff. May 27; A 38447; Fleming H. Revell co. (31-18020)
