<alto xmlns="http://www.loc.gov/standards/alto/ns-v3#" xmlns:xlink="http://www.w3.org/1999/xlink" xmlns:xsi="http://www.w3.org/2001/XMLSchema-instance" xsi:schemaLocation="http://www.loc.gov/standards/alto/ns-v3# http://www.loc.gov/alto/v3/alto-3-0.xsd"><Description>
<MeasurementUnit>pixel</MeasurementUnit>
<sourceImageInformation>
<fileName>1931_v28_Part001.pdf</fileName>
</sourceImageInformation>
<OCRProcessing ID="IdOcr">
<ocrProcessingStep>
<processingDateTime>2019-04-22</processingDateTime>
<processingSoftware>
<softwareCreator>ABBYY</softwareCreator>
<softwareName>ABBYY Recognition Server</softwareName>
<softwareVersion>4.0</softwareVersion>
</processingSoftware>
</ocrProcessingStep>
</OCRProcessing>
</Description>
<Styles>
<ParagraphStyle ID="StyleId-FFFFFFFF-FFFF-FFFF-FFFF-FFFFFFFFFFFF-" ALIGN="Left" LEFT="0." RIGHT="0." FIRSTLINE="0."/>
<ParagraphStyle ID="StyleId-204B5AEB-67A1-44E2-A013-34B3A0F3E0EA-" ALIGN="Right" LEFT="0." RIGHT="0." FIRSTLINE="0." LINESPACE="8.300000191"/>
<ParagraphStyle ID="StyleId-03245871-796C-4429-B3C7-F9019C8C5B89-" ALIGN="Left" LEFT="0." RIGHT="0." FIRSTLINE="0." LINESPACE="12.19999981"/>
<ParagraphStyle ID="StyleId-BDCA8811-25FF-44DB-8D6F-2072A4ABC070-" ALIGN="Center" LEFT="0." RIGHT="0." FIRSTLINE="0." LINESPACE="12.19999981"/>
<ParagraphStyle ID="StyleId-2C5B7DF0-AF87-455E-B9A8-6FE387CB59BD-" ALIGN="Left" LEFT="0." RIGHT="0." FIRSTLINE="-13." LINESPACE="8.479999542"/>
<ParagraphStyle ID="StyleId-9FB72FA1-55D5-4161-8333-823D5732F4D0-" ALIGN="Block" LEFT="0." RIGHT="0." FIRSTLINE="-14." LINESPACE="10."/>
<ParagraphStyle ID="StyleId-212AEB8C-A829-4BF1-8E45-5BFE386A469C-" ALIGN="Block" LEFT="0." RIGHT="0." FIRSTLINE="-14." LINESPACE="11.35000038"/>
<ParagraphStyle ID="StyleId-4EC79CC1-EA62-49CE-ABB6-D84DDFCF4C7D-" ALIGN="Block" LEFT="0." RIGHT="0." FIRSTLINE="-10." LINESPACE="12.19999981"/>
<ParagraphStyle ID="StyleId-DAF2E8EE-6444-4951-9284-36A6C020C887-" ALIGN="Left" LEFT="0." RIGHT="0." FIRSTLINE="0." LINESPACE="9.399999619"/>
<ParagraphStyle ID="StyleId-25241749-1672-4977-B19F-38F59800D6D8-" ALIGN="Left" LEFT="0." RIGHT="0." FIRSTLINE="0." LINESPACE="11.10000038"/>
<ParagraphStyle ID="StyleId-8C523E19-EDEF-4F23-B010-536E1A1AAE1A-" ALIGN="Left" LEFT="0." RIGHT="0." FIRSTLINE="-13." LINESPACE="12.19999981"/>
<ParagraphStyle ID="StyleId-A1F9DE9E-2625-4D8B-AD7E-F0A0034C2989-" ALIGN="Block" LEFT="0." RIGHT="0." FIRSTLINE="0." LINESPACE="12.19999981"/>
<ParagraphStyle ID="StyleId-5725BB01-2B1C-440F-BAF2-696C4F4DF162-" ALIGN="Block" LEFT="0." RIGHT="0." FIRSTLINE="13." LINESPACE="12.19999981"/>
<ParagraphStyle ID="StyleId-F10A2092-61AA-44FD-99C2-123B3A8051CF-" ALIGN="Left" LEFT="0." RIGHT="0." FIRSTLINE="0." LINESPACE="5.5"/>
<ParagraphStyle ID="StyleId-B3CDC8CC-D2E1-4A23-B67C-CDD40993D1DD-" ALIGN="Left" LEFT="0." RIGHT="0." FIRSTLINE="0." LINESPACE="10."/>
<ParagraphStyle ID="StyleId-871EBF53-D909-4C8F-B368-AC7D897344DD-" ALIGN="Left" LEFT="0." RIGHT="0." FIRSTLINE="0."/>
<ParagraphStyle ID="StyleId-C4129744-680B-4878-B2C4-44BA3742C8D7-" ALIGN="Block" LEFT="0." RIGHT="0." FIRSTLINE="-14." LINESPACE="11.35000038"/>
<ParagraphStyle ID="StyleId-9CE98075-0B04-43D4-88D8-CE3BAB51B419-" ALIGN="Block" LEFT="0." RIGHT="0." FIRSTLINE="-10." LINESPACE="12.19999981"/>
<ParagraphStyle ID="StyleId-B2CFB7B3-DFFA-4E0E-94D6-C2BCE88DA9A9-" ALIGN="Left" LEFT="0." RIGHT="0." FIRSTLINE="0." LINESPACE="12.5"/>
<ParagraphStyle ID="StyleId-8D3352F3-1084-4DDE-A35D-B97102CCE686-" ALIGN="Left" LEFT="0." RIGHT="0." FIRSTLINE="0." LINESPACE="11.60000038"/>
<ParagraphStyle ID="StyleId-4A8DDA0D-166D-4E22-A597-BA51B892602D-" ALIGN="Block" LEFT="0." RIGHT="0." FIRSTLINE="0." LINESPACE="11.21000004"/>
<ParagraphStyle ID="StyleId-90EA4001-AA3C-45A1-AEDC-D1E1169EE5E5-" ALIGN="Block" LEFT="0." RIGHT="0." FIRSTLINE="13." LINESPACE="12.19999981"/>
</Styles>
<Layout>
<Page ID="Page604" PHYSICAL_IMG_NR="604" HEIGHT="4370" WIDTH="2505">
<TopMargin HEIGHT="412" WIDTH="2505" VPOS="0" HPOS="0">
</TopMargin>
<LeftMargin HEIGHT="3715" WIDTH="300" VPOS="412" HPOS="0">
</LeftMargin>
<RightMargin HEIGHT="3715" WIDTH="153" VPOS="412" HPOS="2352">
</RightMargin>
<BottomMargin HEIGHT="243" WIDTH="2505" VPOS="4127" HPOS="0">
</BottomMargin>
<PrintSpace HEIGHT="3715" WIDTH="2052" VPOS="412" HPOS="300">
<TextBlock ID="Page604_Block1" HEIGHT="71" WIDTH="172" VPOS="4056" HPOS="1229" LANG="de" CS="1" STYLEREFS="StyleId-F3E776EC-2FDE-46B3-B895-75FCC94E40DA-">
<TextLine HEIGHT="49" WIDTH="33" VPOS="4064" HPOS="1339" CS="1">
<String CS="1" CONTENT="604" HEIGHT="49" WIDTH="33" VPOS="4064" HPOS="1339"/>
</TextLine>
</TextBlock>
<TextBlock ID="Page604_Block2" HEIGHT="3621" WIDTH="2052" VPOS="412" HPOS="300" LANG="en-US" CS="1" STYLEREFS="StyleId-0A197E3F-C4DF-4698-B1C3-9878D410D742-">
<TextLine HEIGHT="65" WIDTH="600" VPOS="423" HPOS="319" STYLEREFS="StyleId-9F9D0711-F487-41ED-A491-BAA3F8C466D7-">
<String CONTENT="Olson," HEIGHT="65" WIDTH="201" VPOS="423" HPOS="319"/>
<SP HEIGHT="65" WIDTH="27" VPOS="423" HPOS="521"/>
<String CONTENT="Edmund" HEIGHT="54" WIDTH="276" VPOS="423" HPOS="549"/>
<SP HEIGHT="53" WIDTH="27" VPOS="423" HPOS="826"/>
<String CONTENT="T." HEIGHT="55" WIDTH="65" VPOS="423" HPOS="854"/>
</TextLine>
<TextLine HEIGHT="74" WIDTH="1952" VPOS="497" HPOS="386">
<String CONTENT="Utah;" HEIGHT="68" WIDTH="189" VPOS="498" HPOS="386"/>
<SP HEIGHT="50" WIDTH="43" VPOS="516" HPOS="576"/>
<String CONTENT="a" HEIGHT="34" WIDTH="31" VPOS="516" HPOS="620"/>
<SP HEIGHT="34" WIDTH="37" VPOS="516" HPOS="652"/>
<String CONTENT="romance" HEIGHT="36" WIDTH="261" VPOS="515" HPOS="690"/>
<SP HEIGHT="53" WIDTH="39" VPOS="498" HPOS="952"/>
<String CONTENT="in" HEIGHT="54" WIDTH="61" VPOS="498" HPOS="992"/>
<SP HEIGHT="51" WIDTH="37" VPOS="517" HPOS="1054"/>
<String CONTENT="pioneer" HEIGHT="71" WIDTH="232" VPOS="497" HPOS="1092"/>
<SP HEIGHT="53" WIDTH="37" VPOS="499" HPOS="1325"/>
<String CONTENT="days," HEIGHT="72" WIDTH="157" VPOS="499" HPOS="1363"/>
<SP HEIGHT="48" WIDTH="39" VPOS="518" HPOS="1521"/>
<String CONTENT="with" HEIGHT="54" WIDTH="142" VPOS="499" HPOS="1561"/>
<SP HEIGHT="52" WIDTH="36" VPOS="499" HPOS="1704"/>
<String CONTENT="historical" HEIGHT="54" WIDTH="295" VPOS="498" HPOS="1741"/>
<SP HEIGHT="52" WIDTH="37" VPOS="500" HPOS="2037"/>
<String CONTENT="accounts" HEIGHT="50" WIDTH="263" VPOS="506" HPOS="2075"/>
</TextLine>
<TextLine HEIGHT="70" WIDTH="2021" VPOS="576" HPOS="316">
<String CONTENT="of" HEIGHT="52" WIDTH="64" VPOS="577" HPOS="316"/>
<SP HEIGHT="52" WIDTH="34" VPOS="577" HPOS="381"/>
<String CONTENT="turbulent" HEIGHT="55" WIDTH="298" VPOS="576" HPOS="416"/>
<SP HEIGHT="48" WIDTH="33" VPOS="583" HPOS="715"/>
<String CONTENT="scenes" HEIGHT="37" WIDTH="188" VPOS="594" HPOS="749"/>
<SP HEIGHT="54" WIDTH="33" VPOS="576" HPOS="938"/>
<String CONTENT="incident" HEIGHT="56" WIDTH="254" VPOS="576" HPOS="972"/>
<SP HEIGHT="49" WIDTH="35" VPOS="583" HPOS="1227"/>
<String CONTENT="to" HEIGHT="48" WIDTH="59" VPOS="583" HPOS="1263"/>
<SP HEIGHT="49" WIDTH="37" VPOS="582" HPOS="1323"/>
<String CONTENT="the" HEIGHT="54" WIDTH="95" VPOS="577" HPOS="1361"/>
<SP HEIGHT="35" WIDTH="36" VPOS="596" HPOS="1457"/>
<String CONTENT="adjustments" HEIGHT="69" WIDTH="380" VPOS="577" HPOS="1494"/>
<SP HEIGHT="35" WIDTH="34" VPOS="596" HPOS="1875"/>
<String CONTENT="of" HEIGHT="53" WIDTH="65" VPOS="578" HPOS="1910"/>
<SP HEIGHT="54" WIDTH="35" VPOS="578" HPOS="1976"/>
<String CONTENT="social" HEIGHT="54" WIDTH="173" VPOS="578" HPOS="2012"/>
<SP HEIGHT="52" WIDTH="37" VPOS="579" HPOS="2186"/>
<String CONTENT="and" HEIGHT="52" WIDTH="113" VPOS="579" HPOS="2224"/>
</TextLine>
<TextLine HEIGHT="74" WIDTH="2024" VPOS="653" HPOS="316">
<String CONTENT="political" HEIGHT="69" WIDTH="260" VPOS="654" HPOS="316"/>
<SP HEIGHT="52" WIDTH="52" VPOS="655" HPOS="577"/>
<String CONTENT="differences" HEIGHT="56" WIDTH="332" VPOS="653" HPOS="630"/>
<SP HEIGHT="55" WIDTH="49" VPOS="654" HPOS="963"/>
<String CONTENT="between" HEIGHT="55" WIDTH="250" VPOS="654" HPOS="1013"/>
<SP HEIGHT="48" WIDTH="47" VPOS="660" HPOS="1264"/>
<String CONTENT="the" HEIGHT="53" WIDTH="99" VPOS="655" HPOS="1312"/>
<SP HEIGHT="53" WIDTH="44" VPOS="655" HPOS="1412"/>
<String CONTENT="Latter-day" HEIGHT="72" WIDTH="340" VPOS="655" HPOS="1457"/>
<SP HEIGHT="51" WIDTH="50" VPOS="676" HPOS="1798"/>
<String CONTENT="saints" HEIGHT="56" WIDTH="179" VPOS="655" HPOS="1849"/>
<SP HEIGHT="37" WIDTH="48" VPOS="674" HPOS="2029"/>
<String CONTENT="and" HEIGHT="53" WIDTH="114" VPOS="656" HPOS="2078"/>
<SP HEIGHT="54" WIDTH="50" VPOS="656" HPOS="2193"/>
<String CONTENT="the" HEIGHT="53" WIDTH="96" VPOS="657" HPOS="2244"/>
</TextLine>
<TextLine HEIGHT="132" WIDTH="2001" VPOS="732" HPOS="313" CS="1">
<String CONTENT="government" HEIGHT="64" WIDTH="373" VPOS="737" HPOS="313"/>
<SP HEIGHT="48" WIDTH="29" VPOS="737" HPOS="687"/>
<String CONTENT="of" HEIGHT="52" WIDTH="64" VPOS="733" HPOS="717"/>
<SP HEIGHT="52" WIDTH="28" VPOS="733" HPOS="782"/>
<String CONTENT="the" HEIGHT="52" WIDTH="95" VPOS="733" HPOS="811"/>
<SP HEIGHT="54" WIDTH="30" VPOS="733" HPOS="907"/>
<String CONTENT="United" HEIGHT="55" WIDTH="218" VPOS="732" HPOS="938"/>
<SP HEIGHT="55" WIDTH="32" VPOS="733" HPOS="1157"/>
<String CONTENT="States," HEIGHT="69" WIDTH="209" VPOS="734" HPOS="1190"/>
<SP HEIGHT="51" WIDTH="31" VPOS="752" HPOS="1400"/>
<String CONTENT="out" HEIGHT="47" WIDTH="98" VPOS="739" HPOS="1432"/>
<SP HEIGHT="47" WIDTH="30" VPOS="739" HPOS="1531"/>
<String CONTENT="of" HEIGHT="53" WIDTH="62" VPOS="732" HPOS="1562"/>
<SP HEIGHT="54" WIDTH="29" VPOS="732" HPOS="1625"/>
<String CONTENT="which" HEIGHT="56" WIDTH="187" VPOS="732" HPOS="1655"/>
<SP HEIGHT="52" WIDTH="32" VPOS="734" HPOS="1843"/>
<String CONTENT="emerged" HEIGHT="70" WIDTH="261" VPOS="734" HPOS="1876"/>
<SP HEIGHT="69" WIDTH="32" VPOS="734" HPOS="2138"/>
<String CONTENT="problems" HEIGHT="129" WIDTH="2000" VPOS="735" HPOS="314"/>
</TextLine>
<TextLine HEIGHT="71" WIDTH="1857" VPOS="810" HPOS="482">
<String CONTENT="that" HEIGHT="53" WIDTH="128" VPOS="810" HPOS="482"/>
<SP HEIGHT="64" WIDTH="28" VPOS="815" HPOS="611"/>
<String CONTENT="puzzled" HEIGHT="69" WIDTH="240" VPOS="810" HPOS="640"/>
<SP HEIGHT="53" WIDTH="30" VPOS="810" HPOS="881"/>
<String CONTENT="and" HEIGHT="53" WIDTH="112" VPOS="810" HPOS="912"/>
<SP HEIGHT="69" WIDTH="28" VPOS="810" HPOS="1025"/>
<String CONTENT="perplexed" HEIGHT="70" WIDTH="310" VPOS="810" HPOS="1054"/>
<SP HEIGHT="53" WIDTH="30" VPOS="810" HPOS="1365"/>
<String CONTENT="America&#8217;s" HEIGHT="55" WIDTH="313" VPOS="810" HPOS="1396"/>
<SP HEIGHT="36" WIDTH="28" VPOS="829" HPOS="1710"/>
<String CONTENT="ranking" HEIGHT="70" WIDTH="250" VPOS="811" HPOS="1739"/>
<SP HEIGHT="51" WIDTH="28" VPOS="830" HPOS="1990"/>
<String CONTENT="statesmen," HEIGHT="63" WIDTH="320" VPOS="818" HPOS="2019"/>
</TextLine>
<TextLine HEIGHT="74" WIDTH="2020" VPOS="886" HPOS="315">
<String CONTENT="including" HEIGHT="71" WIDTH="301" VPOS="886" HPOS="315"/>
<SP HEIGHT="51" WIDTH="30" VPOS="906" HPOS="617"/>
<String CONTENT="episodes" HEIGHT="71" WIDTH="257" VPOS="886" HPOS="648"/>
<SP HEIGHT="48" WIDTH="31" VPOS="894" HPOS="906"/>
<String CONTENT="touching" HEIGHT="70" WIDTH="278" VPOS="887" HPOS="938"/>
<SP HEIGHT="64" WIDTH="29" VPOS="893" HPOS="1217"/>
<String CONTENT="the" HEIGHT="56" WIDTH="97" VPOS="887" HPOS="1247"/>
<SP HEIGHT="37" WIDTH="30" VPOS="906" HPOS="1345"/>
<String CONTENT="marriage" HEIGHT="71" WIDTH="285" VPOS="888" HPOS="1376"/>
<SP HEIGHT="34" WIDTH="33" VPOS="908" HPOS="1662"/>
<String CONTENT="system," HEIGHT="64" WIDTH="226" VPOS="895" HPOS="1696"/>
<SP HEIGHT="69" WIDTH="30" VPOS="890" HPOS="1923"/>
<String CONTENT="by" HEIGHT="70" WIDTH="74" VPOS="890" HPOS="1954"/>
<SP HEIGHT="70" WIDTH="33" VPOS="890" HPOS="2029"/>
<String CONTENT="Edmund" HEIGHT="54" WIDTH="272" VPOS="890" HPOS="2063"/>
</TextLine>
<TextLine HEIGHT="132" WIDTH="1999" VPOS="965" HPOS="312" CS="1">
<String CONTENT="T." HEIGHT="55" WIDTH="64" VPOS="966" HPOS="313"/>
<SP HEIGHT="56" WIDTH="35" VPOS="965" HPOS="378"/>
<String CONTENT="Olson" HEIGHT="54" WIDTH="177" VPOS="965" HPOS="414"/>
<SP HEIGHT="37" WIDTH="39" VPOS="985" HPOS="592"/>
<String CS="1" CONTENT="&#8230;"/>
<SP HEIGHT="51" WIDTH="36" VPOS="984" HPOS="690"/>
<String CONTENT="profusely" HEIGHT="71" WIDTH="298" VPOS="966" HPOS="727"/>
<SP HEIGHT="72" WIDTH="30" VPOS="965" HPOS="1026"/>
<String CONTENT="illustrated" HEIGHT="54" WIDTH="327" VPOS="965" HPOS="1057"/>
<SP HEIGHT="52" WIDTH="33" VPOS="966" HPOS="1385"/>
<String CONTENT="with" HEIGHT="54" WIDTH="141" VPOS="966" HPOS="1419"/>
<SP HEIGHT="53" WIDTH="30" VPOS="966" HPOS="1561"/>
<String CONTENT="rare," HEIGHT="50" WIDTH="143" VPOS="985" HPOS="1592"/>
<SP HEIGHT="49" WIDTH="32" VPOS="986" HPOS="1736"/>
<String CONTENT="antique" HEIGHT="68" WIDTH="230" VPOS="968" HPOS="1769"/>
<SP HEIGHT="36" WIDTH="33" VPOS="988" HPOS="2000"/>
<String CONTENT="and" HEIGHT="53" WIDTH="111" VPOS="969" HPOS="2034"/>
<SP HEIGHT="52" WIDTH="35" VPOS="969" HPOS="2146"/>
<String CONTENT="modern" HEIGHT="127" WIDTH="1999" VPOS="970" HPOS="312"/>
</TextLine>
<TextLine HEIGHT="73" WIDTH="1676" VPOS="1042" HPOS="449">
<String CONTENT="pictures." HEIGHT="69" WIDTH="266" VPOS="1044" HPOS="449"/>
<SP HEIGHT="55" WIDTH="73" VPOS="1044" HPOS="716"/>
<String CONTENT="Salt" HEIGHT="56" WIDTH="128" VPOS="1043" HPOS="790"/>
<SP HEIGHT="52" WIDTH="31" VPOS="1045" HPOS="919"/>
<String CONTENT="Lake" HEIGHT="54" WIDTH="158" VPOS="1045" HPOS="951"/>
<SP HEIGHT="57" WIDTH="36" VPOS="1042" HPOS="1110"/>
<String CONTENT="City," HEIGHT="73" WIDTH="154" VPOS="1042" HPOS="1147"/>
<SP HEIGHT="71" WIDTH="36" VPOS="1044" HPOS="1302"/>
<String CONTENT="Utah," HEIGHT="71" WIDTH="177" VPOS="1044" HPOS="1339"/>
<SP HEIGHT="70" WIDTH="33" VPOS="1045" HPOS="1517"/>
<String CONTENT="The" HEIGHT="55" WIDTH="123" VPOS="1045" HPOS="1551"/>
<SP HEIGHT="36" WIDTH="36" VPOS="1064" HPOS="1675"/>
<String CONTENT="author," HEIGHT="68" WIDTH="222" VPOS="1046" HPOS="1712"/>
<SP HEIGHT="64" WIDTH="38" VPOS="1050" HPOS="1935"/>
<String CONTENT="1931." HEIGHT="52" WIDTH="151" VPOS="1050" HPOS="1974"/>
</TextLine>
<TextLine HEIGHT="52" WIDTH="1953" VPOS="1127" HPOS="385" STYLEREFS="StyleId-93597268-5198-435D-A6A1-CC362FB3DBD3-" CS="1">
<String CONTENT="3" HEIGHT="41" WIDTH="27" VPOS="1128" HPOS="385"/>
<SP HEIGHT="47" WIDTH="31" VPOS="1128" HPOS="413"/>
<String CONTENT="p." HEIGHT="38" WIDTH="44" VPOS="1137" HPOS="445"/>
<SP HEIGHT="41" WIDTH="33" VPOS="1128" HPOS="490"/>
<String CS="1" CONTENT="l.," HEIGHT="16" WIDTH="10" VPOS="1159" HPOS="557"/>
<SP HEIGHT="37" WIDTH="31" VPOS="1138" HPOS="568"/>
<String CONTENT="xix," HEIGHT="47" WIDTH="100" VPOS="1127" HPOS="600"/>
<SP HEIGHT="32" WIDTH="37" VPOS="1147" HPOS="701"/>
<String CONTENT="[1]," HEIGHT="50" WIDTH="71" VPOS="1129" HPOS="739"/>
<SP HEIGHT="46" WIDTH="33" VPOS="1128" HPOS="811"/>
<String CONTENT="345," HEIGHT="50" WIDTH="101" VPOS="1127" HPOS="845"/>
<SP HEIGHT="32" WIDTH="36" VPOS="1147" HPOS="947"/>
<String CONTENT="[3]" HEIGHT="52" WIDTH="56" VPOS="1127" HPOS="984"/>
<SP HEIGHT="40" WIDTH="30" VPOS="1138" HPOS="1041"/>
<String CONTENT="p." HEIGHT="38" WIDTH="44" VPOS="1138" HPOS="1072"/>
<SP HEIGHT="33" WIDTH="60" VPOS="1136" HPOS="1117"/>
<String CONTENT="col." HEIGHT="41" WIDTH="87" VPOS="1127" HPOS="1178"/>
<SP HEIGHT="40" WIDTH="33" VPOS="1128" HPOS="1266"/>
<String CONTENT="front.," HEIGHT="47" WIDTH="164" VPOS="1128" HPOS="1300"/>
<SP HEIGHT="46" WIDTH="34" VPOS="1129" HPOS="1465"/>
<String CONTENT="illus.," HEIGHT="43" WIDTH="144" VPOS="1129" HPOS="1500"/>
<SP HEIGHT="37" WIDTH="35" VPOS="1140" HPOS="1645"/>
<String LANG="fr" CS="1" CONTENT="plates" HEIGHT="46" WIDTH="159" VPOS="1131" HPOS="1681"/>
<SP HEIGHT="47" WIDTH="26" VPOS="1130" HPOS="1841"/>
<String CONTENT="(part" HEIGHT="48" WIDTH="136" VPOS="1130" HPOS="1868"/>
<SP HEIGHT="40" WIDTH="32" VPOS="1133" HPOS="2005"/>
<String CONTENT="col.)" HEIGHT="45" WIDTH="113" VPOS="1133" HPOS="2038"/>
<SP HEIGHT="45" WIDTH="40" VPOS="1133" HPOS="2152"/>
<String CS="1" CONTENT="23&#189;&#7580;&#7504;." HEIGHT="39" WIDTH="145" VPOS="1133" HPOS="2193"/>
</TextLine>
<TextLine HEIGHT="56" WIDTH="2019" VPOS="1182" HPOS="322" STYLEREFS="StyleId-93597268-5198-435D-A6A1-CC362FB3DBD3-" CS="1">
<String CONTENT="&#169;" HEIGHT="53" WIDTH="52" VPOS="1182" HPOS="322"/>
<SP HEIGHT="53" WIDTH="24" VPOS="1182" HPOS="375"/>
<String CONTENT="Apr." HEIGHT="48" WIDTH="115" VPOS="1187" HPOS="400"/>
<SP HEIGHT="39" WIDTH="23" VPOS="1188" HPOS="516"/>
<String CONTENT="4," HEIGHT="47" WIDTH="42" VPOS="1188" HPOS="540"/>
<SP HEIGHT="47" WIDTH="24" VPOS="1188" HPOS="583"/>
<String CS="1" CONTENT="1931;" HEIGHT="43" WIDTH="113" VPOS="1184" HPOS="608"/>
<SP/>
<String CONTENT="2c." HEIGHT="40" WIDTH="68" VPOS="1187" HPOS="777"/>
<SP HEIGHT="40" WIDTH="23" VPOS="1187" HPOS="846"/>
<String CONTENT="Apr." HEIGHT="47" WIDTH="115" VPOS="1187" HPOS="870"/>
<SP HEIGHT="40" WIDTH="23" VPOS="1186" HPOS="986"/>
<String CS="1" CONTENT="8;" HEIGHT="40" WIDTH="27" VPOS="1186" HPOS="1010"/>
<SP/>
<String CONTENT="aff." HEIGHT="42" WIDTH="83" VPOS="1184" HPOS="1092"/>
<SP HEIGHT="42" WIDTH="23" VPOS="1184" HPOS="1176"/>
<String CONTENT="Apr." HEIGHT="49" WIDTH="116" VPOS="1184" HPOS="1200"/>
<SP HEIGHT="40" WIDTH="24" VPOS="1185" HPOS="1317"/>
<String CS="1" CONTENT="21;" HEIGHT="40" WIDTH="55" VPOS="1185" HPOS="1342"/>
<SP/>
<!-- cceid E6076978-6E8D-1014-9CF5-AEB3FCA41D69 --><String CONTENT="A" HEIGHT="39" WIDTH="38" VPOS="1186" HPOS="1454"/>
<SP HEIGHT="41" WIDTH="26" VPOS="1186" HPOS="1493"/>
<String CS="1" CONTENT="35938;" HEIGHT="41" WIDTH="147" VPOS="1186" HPOS="1520"/>
<SP/>
<String CONTENT="E." HEIGHT="41" WIDTH="53" VPOS="1188" HPOS="1723"/>
<SP HEIGHT="41" WIDTH="25" VPOS="1188" HPOS="1777"/>
<String CONTENT="T." HEIGHT="42" WIDTH="52" VPOS="1188" HPOS="1803"/>
<SP HEIGHT="42" WIDTH="27" VPOS="1188" HPOS="1856"/>
<String CONTENT="Olson," HEIGHT="50" WIDTH="162" VPOS="1188" HPOS="1884"/>
<SP HEIGHT="50" WIDTH="29" VPOS="1188" HPOS="2047"/>
<String CONTENT="Salt" HEIGHT="43" WIDTH="105" VPOS="1188" HPOS="2077"/>
<SP HEIGHT="40" WIDTH="26" VPOS="1191" HPOS="2183"/>
<String CONTENT="Lake" HEIGHT="40" WIDTH="131" VPOS="1190" HPOS="2210"/>
</TextLine>
<TextLine HEIGHT="49" WIDTH="480" VPOS="1243" HPOS="390" STYLEREFS="StyleId-93597268-5198-435D-A6A1-CC362FB3DBD3-">
<String CONTENT="City." HEIGHT="48" WIDTH="126" VPOS="1244" HPOS="390"/>
<SP HEIGHT="48" WIDTH="69" VPOS="1244" HPOS="517"/>
<String CONTENT="(31-10405)" HEIGHT="49" WIDTH="283" VPOS="1243" HPOS="587"/>
</TextLine>
<TextLine HEIGHT="135" WIDTH="1960" VPOS="1324" HPOS="378" CS="1">
<String CS="1" CONTENT="&#8230;"/>
<SP HEIGHT="52" WIDTH="34" VPOS="1328" HPOS="378"/>
<String CONTENT="The" HEIGHT="53" WIDTH="124" VPOS="1328" HPOS="413"/>
<SP HEIGHT="56" WIDTH="25" VPOS="1325" HPOS="538"/>
<String CONTENT="Pacific" HEIGHT="55" WIDTH="217" VPOS="1324" HPOS="564"/>
<SP HEIGHT="37" WIDTH="28" VPOS="1342" HPOS="782"/>
<String CONTENT="reporter," HEIGHT="66" WIDTH="274" VPOS="1329" HPOS="811"/>
<SP HEIGHT="34" WIDTH="76" VPOS="1344" HPOS="1086"/>
<String CONTENT="v." HEIGHT="35" WIDTH="53" VPOS="1344" HPOS="1163"/>
<SP HEIGHT="51" WIDTH="28" VPOS="1328" HPOS="1217"/>
<String CONTENT="294." HEIGHT="49" WIDTH="120" VPOS="1328" HPOS="1246"/>
<SP HEIGHT="53" WIDTH="73" VPOS="1325" HPOS="1367"/>
<String CONTENT="Permanent" HEIGHT="54" WIDTH="349" VPOS="1325" HPOS="1441"/>
<SP HEIGHT="49" WIDTH="29" VPOS="1331" HPOS="1791"/>
<String CONTENT="ed." HEIGHT="52" WIDTH="84" VPOS="1328" HPOS="1821"/>
<SP HEIGHT="11" WIDTH="36" VPOS="1368" HPOS="1906"/>
<String CS="1" CONTENT="&#8230;"/>
<SP HEIGHT="34" WIDTH="34" VPOS="1346" HPOS="2001"/>
<String CONTENT="with" HEIGHT="54" WIDTH="143" VPOS="1326" HPOS="2036"/>
<SP HEIGHT="53" WIDTH="25" VPOS="1327" HPOS="2180"/>
<String CONTENT="key-number" HEIGHT="132" WIDTH="1953" VPOS="1327" HPOS="385"/>
</TextLine>
<TextLine HEIGHT="73" WIDTH="1665" VPOS="1403" HPOS="674">
<String CONTENT="annotations." HEIGHT="54" WIDTH="383" VPOS="1404" HPOS="674"/>
<SP HEIGHT="54" WIDTH="73" VPOS="1404" HPOS="1058"/>
<String CONTENT="January" HEIGHT="69" WIDTH="267" VPOS="1404" HPOS="1132"/>
<SP HEIGHT="66" WIDTH="43" VPOS="1407" HPOS="1400"/>
<String CONTENT="23-February" HEIGHT="72" WIDTH="406" VPOS="1403" HPOS="1444"/>
<SP HEIGHT="65" WIDTH="44" VPOS="1410" HPOS="1851"/>
<String CONTENT="13," HEIGHT="67" WIDTH="82" VPOS="1409" HPOS="1896"/>
<SP HEIGHT="65" WIDTH="45" VPOS="1411" HPOS="1979"/>
<String CONTENT="1931." HEIGHT="50" WIDTH="152" VPOS="1409" HPOS="2025"/>
<SP HEIGHT="56" WIDTH="77" VPOS="1406" HPOS="2178"/>
<String CONTENT="St." HEIGHT="56" WIDTH="83" VPOS="1406" HPOS="2256"/>
</TextLine>
<TextLine HEIGHT="72" WIDTH="1031" VPOS="1482" HPOS="386">
<String CONTENT="Paul," HEIGHT="70" WIDTH="168" VPOS="1484" HPOS="386"/>
<SP HEIGHT="70" WIDTH="25" VPOS="1484" HPOS="555"/>
<String CONTENT="West" HEIGHT="55" WIDTH="162" VPOS="1484" HPOS="581"/>
<SP HEIGHT="64" WIDTH="26" VPOS="1488" HPOS="744"/>
<String CONTENT="publishing" HEIGHT="71" WIDTH="339" VPOS="1482" HPOS="771"/>
<SP HEIGHT="52" WIDTH="25" VPOS="1501" HPOS="1111"/>
<String CONTENT="co.," HEIGHT="52" WIDTH="99" VPOS="1500" HPOS="1137"/>
<SP HEIGHT="66" WIDTH="29" VPOS="1486" HPOS="1237"/>
<String CONTENT="1931." HEIGHT="49" WIDTH="150" VPOS="1486" HPOS="1267"/>
</TextLine>
<TextLine HEIGHT="52" WIDTH="1745" VPOS="1563" HPOS="390" STYLEREFS="StyleId-93597268-5198-435D-A6A1-CC362FB3DBD3-" CS="1">
<String CONTENT="xviii," HEIGHT="50" WIDTH="136" VPOS="1564" HPOS="390"/>
<SP HEIGHT="48" WIDTH="30" VPOS="1566" HPOS="527"/>
<String CONTENT="1199" HEIGHT="42" WIDTH="116" VPOS="1563" HPOS="558"/>
<SP HEIGHT="50" WIDTH="28" VPOS="1563" HPOS="675"/>
<String CONTENT="p." HEIGHT="37" WIDTH="41" VPOS="1576" HPOS="704"/>
<SP HEIGHT="42" WIDTH="61" VPOS="1563" HPOS="746"/>
<String CONTENT="26" HEIGHT="41" WIDTH="57" VPOS="1563" HPOS="808"/>
<String STYLE="superscript" CS="1" CONTENT="&#7580;&#7504;"/>
<String CONTENT="." HEIGHT="7" WIDTH="7" VPOS="1597" HPOS="918"/>
<SP HEIGHT="49" WIDTH="70" VPOS="1564" HPOS="926"/>
<String CONTENT="(National" HEIGHT="49" WIDTH="258" VPOS="1564" HPOS="997"/>
<SP HEIGHT="38" WIDTH="31" VPOS="1565" HPOS="1256"/>
<String CONTENT="reporter" HEIGHT="46" WIDTH="218" VPOS="1566" HPOS="1288"/>
<SP HEIGHT="30" WIDTH="30" VPOS="1574" HPOS="1507"/>
<String CONTENT="system&#8212;State" HEIGHT="47" WIDTH="386" VPOS="1564" HPOS="1538"/>
<SP HEIGHT="30" WIDTH="31" VPOS="1575" HPOS="1925"/>
<String CONTENT="series)" HEIGHT="51" WIDTH="178" VPOS="1564" HPOS="1957"/>
</TextLine>
<TextLine HEIGHT="54" WIDTH="1877" VPOS="1618" HPOS="321" STYLEREFS="StyleId-93597268-5198-435D-A6A1-CC362FB3DBD3-" CS="1">
<String CONTENT="&#169;" HEIGHT="53" WIDTH="52" VPOS="1618" HPOS="321"/>
<SP HEIGHT="53" WIDTH="29" VPOS="1618" HPOS="374"/>
<String CONTENT="Apr." HEIGHT="48" WIDTH="116" VPOS="1623" HPOS="404"/>
<SP HEIGHT="40" WIDTH="30" VPOS="1624" HPOS="521"/>
<String CONTENT="7," HEIGHT="48" WIDTH="39" VPOS="1624" HPOS="552"/>
<SP HEIGHT="49" WIDTH="30" VPOS="1623" HPOS="592"/>
<String CS="1" CONTENT="1931;" HEIGHT="43" WIDTH="114" VPOS="1620" HPOS="623"/>
<SP/>
<String CONTENT="2c." HEIGHT="40" WIDTH="65" VPOS="1622" HPOS="798"/>
<SP HEIGHT="38" WIDTH="34" VPOS="1623" HPOS="864"/>
<String CONTENT="May" HEIGHT="47" WIDTH="114" VPOS="1623" HPOS="899"/>
<SP HEIGHT="46" WIDTH="29" VPOS="1624" HPOS="1014"/>
<String CONTENT="15;" HEIGHT="46" WIDTH="83" VPOS="1623" HPOS="1044"/>
<SP HEIGHT="37" WIDTH="32" VPOS="1632" HPOS="1128"/>
<String CONTENT="aff." HEIGHT="42" WIDTH="83" VPOS="1621" HPOS="1161"/>
<SP HEIGHT="41" WIDTH="33" VPOS="1622" HPOS="1245"/>
<String CONTENT="May" HEIGHT="47" WIDTH="113" VPOS="1622" HPOS="1279"/>
<SP HEIGHT="49" WIDTH="29" VPOS="1620" HPOS="1393"/>
<String CONTENT="22;" HEIGHT="49" WIDTH="84" VPOS="1620" HPOS="1423"/>
<SP HEIGHT="48" WIDTH="32" VPOS="1621" HPOS="1508"/>
<!-- cceid E60811BF-6E8D-1014-9CF5-AEB3FCA41D69 --><String CONTENT="A" HEIGHT="40" WIDTH="40" VPOS="1621" HPOS="1541"/>
<SP HEIGHT="41" WIDTH="29" VPOS="1621" HPOS="1582"/>
<String CONTENT="38416;" HEIGHT="49" WIDTH="172" VPOS="1621" HPOS="1612"/>
<SP HEIGHT="47" WIDTH="33" VPOS="1623" HPOS="1785"/>
<String CONTENT="West" HEIGHT="41" WIDTH="136" VPOS="1623" HPOS="1819"/>
<SP HEIGHT="46" WIDTH="30" VPOS="1625" HPOS="1956"/>
<String CONTENT="pub." HEIGHT="48" WIDTH="111" VPOS="1623" HPOS="1987"/>
<SP HEIGHT="31" WIDTH="31" VPOS="1633" HPOS="2099"/>
<String CONTENT="co." HEIGHT="33" WIDTH="67" VPOS="1632" HPOS="2131"/>
</TextLine>
<TextLine HEIGHT="68" WIDTH="448" VPOS="1703" HPOS="315" STYLEREFS="StyleId-9F9D0711-F487-41ED-A491-BAA3F8C466D7-">
<String CONTENT="Pettit," HEIGHT="66" WIDTH="212" VPOS="1705" HPOS="315"/>
<SP HEIGHT="66" WIDTH="34" VPOS="1705" HPOS="528"/>
<String CONTENT="Ethel." HEIGHT="60" WIDTH="200" VPOS="1703" HPOS="563"/>
</TextLine>
<TextLine HEIGHT="70" WIDTH="1954" VPOS="1780" HPOS="384" CS="1">
<String CONTENT="The" HEIGHT="54" WIDTH="124" VPOS="1782" HPOS="384"/>
<SP HEIGHT="36" WIDTH="33" VPOS="1800" HPOS="509"/>
<String CONTENT="rich" HEIGHT="54" WIDTH="124" VPOS="1781" HPOS="543"/>
<SP HEIGHT="53" WIDTH="35" VPOS="1781" HPOS="668"/>
<String CONTENT="are" HEIGHT="35" WIDTH="95" VPOS="1799" HPOS="704"/>
<SP HEIGHT="36" WIDTH="36" VPOS="1798" HPOS="800"/>
<String CONTENT="always" HEIGHT="70" WIDTH="216" VPOS="1780" HPOS="837"/>
<SP HEIGHT="35" WIDTH="35" VPOS="1799" HPOS="1054"/>
<String CONTENT="with" HEIGHT="54" WIDTH="142" VPOS="1780" HPOS="1090"/>
<SP HEIGHT="53" WIDTH="37" VPOS="1780" HPOS="1233"/>
<String CONTENT="us," HEIGHT="50" WIDTH="83" VPOS="1798" HPOS="1271"/>
<SP HEIGHT="68" WIDTH="35" VPOS="1780" HPOS="1355"/>
<String CONTENT="by" HEIGHT="70" WIDTH="75" VPOS="1780" HPOS="1391"/>
<SP HEIGHT="70" WIDTH="38" VPOS="1780" HPOS="1467"/>
<String CONTENT="E." HEIGHT="54" WIDTH="68" VPOS="1780" HPOS="1506"/>
<SP HEIGHT="53" WIDTH="36" VPOS="1781" HPOS="1575"/>
<String CONTENT="Pettit" HEIGHT="54" WIDTH="186" VPOS="1780" HPOS="1612"/>
<SP HEIGHT="48" WIDTH="39" VPOS="1787" HPOS="1799"/>
<String CS="1" CONTENT="&#8230;"/>
<SP HEIGHT="54" WIDTH="75" VPOS="1781" HPOS="1899"/>
<String CONTENT="New" HEIGHT="54" WIDTH="141" VPOS="1781" HPOS="1975"/>
<SP HEIGHT="53" WIDTH="39" VPOS="1782" HPOS="2117"/>
<String CONTENT="York," HEIGHT="68" WIDTH="181" VPOS="1782" HPOS="2157"/>
</TextLine>
<TextLine HEIGHT="71" WIDTH="1071" VPOS="1858" HPOS="315" CS="1">
<String CONTENT="Sears" HEIGHT="56" WIDTH="171" VPOS="1859" HPOS="315"/>
<SP HEIGHT="50" WIDTH="30" VPOS="1879" HPOS="487"/>
<String CONTENT="publishing" HEIGHT="71" WIDTH="339" VPOS="1858" HPOS="518"/>
<SP HEIGHT="52" WIDTH="29" VPOS="1876" HPOS="858"/>
<String CONTENT="company" HEIGHT="51" WIDTH="284" VPOS="1876" HPOS="888"/>
<SP HEIGHT="49" WIDTH="35" VPOS="1878" HPOS="1173"/>
<String CS="1" CONTENT="["/>
<String STYLE="superscript" CS="1" CONTENT="&#7580;19"/>
<String CS="1" CONTENT="31]" HEIGHT="51" WIDTH="65" VPOS="1860" HPOS="1321"/>
</TextLine>
<TextLine HEIGHT="51" WIDTH="539" VPOS="1939" HPOS="379" CS="1">
<String CONTENT="3" HEIGHT="42" WIDTH="27" VPOS="1940" HPOS="379"/>
<SP HEIGHT="50" WIDTH="27" VPOS="1940" HPOS="407"/>
<String LANG="fr" CONTENT="p." HEIGHT="39" WIDTH="43" VPOS="1951" HPOS="435"/>
<SP HEIGHT="41" WIDTH="28" VPOS="1941" HPOS="479"/>
<String CS="1" CONTENT="l.," HEIGHT="17" WIDTH="9" VPOS="1973" HPOS="544"/>
<SP HEIGHT="49" WIDTH="26" VPOS="1941" HPOS="554"/>
<String CONTENT="314" HEIGHT="42" WIDTH="88" VPOS="1940" HPOS="581"/>
<SP HEIGHT="48" WIDTH="23" VPOS="1940" HPOS="670"/>
<String CONTENT="p." HEIGHT="38" WIDTH="44" VPOS="1950" HPOS="694"/>
<SP HEIGHT="43" WIDTH="58" VPOS="1939" HPOS="739"/>
<String CONTENT="20" HEIGHT="42" WIDTH="58" VPOS="1939" HPOS="798"/>
<String STYLE="superscript" CS="1" CONTENT="&#7580;&#7504;"/>
<String CONTENT="." HEIGHT="11" WIDTH="11" VPOS="1971" HPOS="907"/>
</TextLine>
<TextLine HEIGHT="53" WIDTH="1908" VPOS="1995" HPOS="319" STYLEREFS="StyleId-93597268-5198-435D-A6A1-CC362FB3DBD3-" CS="1">
<String CONTENT="&#169;" HEIGHT="53" WIDTH="52" VPOS="1995" HPOS="319"/>
<SP HEIGHT="53" WIDTH="29" VPOS="1995" HPOS="372"/>
<String CONTENT="Apr." HEIGHT="48" WIDTH="115" VPOS="2000" HPOS="402"/>
<SP HEIGHT="42" WIDTH="28" VPOS="1999" HPOS="518"/>
<String CONTENT="25," HEIGHT="49" WIDTH="70" VPOS="1999" HPOS="547"/>
<SP HEIGHT="49" WIDTH="27" VPOS="1999" HPOS="618"/>
<String CONTENT="1931;" HEIGHT="49" WIDTH="143" VPOS="1997" HPOS="646"/>
<SP HEIGHT="48" WIDTH="30" VPOS="1998" HPOS="790"/>
<String CONTENT="2c." HEIGHT="42" WIDTH="68" VPOS="1998" HPOS="821"/>
<SP HEIGHT="31" WIDTH="29" VPOS="2009" HPOS="890"/>
<String CS="1" CONTENT="and" HEIGHT="29" WIDTH="62" VPOS="2009" HPOS="920"/>
<SP HEIGHT="39" WIDTH="27" VPOS="1999" HPOS="1018"/>
<String CONTENT="aff." HEIGHT="41" WIDTH="82" VPOS="1997" HPOS="1046"/>
<SP HEIGHT="39" WIDTH="30" VPOS="1999" HPOS="1129"/>
<String CONTENT="Apr." HEIGHT="47" WIDTH="114" VPOS="1999" HPOS="1160"/>
<SP HEIGHT="42" WIDTH="29" VPOS="1997" HPOS="1275"/>
<String CONTENT="28;" HEIGHT="48" WIDTH="83" VPOS="1997" HPOS="1305"/>
<SP HEIGHT="46" WIDTH="31" VPOS="1999" HPOS="1389"/>
<!-- cceid E608C172-6E8D-1014-9CF5-AEB3FCA41D69 --><String CONTENT="A" HEIGHT="38" WIDTH="41" VPOS="1999" HPOS="1421"/>
<SP HEIGHT="41" WIDTH="27" VPOS="1998" HPOS="1463"/>
<String CONTENT="37016;" HEIGHT="49" WIDTH="174" VPOS="1997" HPOS="1491"/>
<SP HEIGHT="48" WIDTH="33" VPOS="1998" HPOS="1666"/>
<String CONTENT="Sears" HEIGHT="41" WIDTH="145" VPOS="1998" HPOS="1700"/>
<SP HEIGHT="40" WIDTH="29" VPOS="2008" HPOS="1846"/>
<String CONTENT="pub." HEIGHT="50" WIDTH="111" VPOS="1998" HPOS="1876"/>
<SP HEIGHT="32" WIDTH="30" VPOS="2009" HPOS="1988"/>
<String CONTENT="co.," HEIGHT="39" WIDTH="83" VPOS="2009" HPOS="2019"/>
<SP HEIGHT="49" WIDTH="31" VPOS="1999" HPOS="2103"/>
<String CONTENT="inc." HEIGHT="43" WIDTH="92" VPOS="1999" HPOS="2135"/>
</TextLine>
<TextLine HEIGHT="50" WIDTH="283" VPOS="2056" HPOS="398" STYLEREFS="StyleId-93597268-5198-435D-A6A1-CC362FB3DBD3-">
<String CONTENT="(31-10519)" HEIGHT="50" WIDTH="283" VPOS="2056" HPOS="398"/>
</TextLine>
<TextLine HEIGHT="70" WIDTH="1316" VPOS="2135" HPOS="336" CS="1">
<String STYLE="subscript" CS="1" CONTENT="["/>
<String CONTENT="Pieshkov," HEIGHT="66" WIDTH="318" VPOS="2137" HPOS="336"/>
<SP HEIGHT="66" WIDTH="31" VPOS="2137" HPOS="655"/>
<String CS="1" CONTENT="Aleksi&#865;ei&#774;" HEIGHT="55" WIDTH="186" VPOS="2135" HPOS="687"/>
<SP HEIGHT="54" WIDTH="27" VPOS="2136" HPOS="955"/>
<String CONTENT="Maksimovich]" HEIGHT="69" WIDTH="457" VPOS="2136" HPOS="983"/>
<SP HEIGHT="62" WIDTH="39" VPOS="2143" HPOS="1441"/>
<String CONTENT="1868-" HEIGHT="50" WIDTH="171" VPOS="2141" HPOS="1481"/>
</TextLine>
<TextLine HEIGHT="72" WIDTH="1891" VPOS="2212" HPOS="447" CS="1">
<String CS="1" CONTENT="&#8230;"/>
<SP HEIGHT="53" WIDTH="39" VPOS="2216" HPOS="447"/>
<String CONTENT="The" HEIGHT="54" WIDTH="122" VPOS="2215" HPOS="487"/>
<SP HEIGHT="36" WIDTH="32" VPOS="2233" HPOS="610"/>
<String CONTENT="magnet," HEIGHT="65" WIDTH="252" VPOS="2219" HPOS="643"/>
<SP HEIGHT="63" WIDTH="32" VPOS="2219" HPOS="896"/>
<String CONTENT="translated" HEIGHT="53" WIDTH="320" VPOS="2214" HPOS="929"/>
<SP HEIGHT="54" WIDTH="37" VPOS="2212" HPOS="1250"/>
<String CONTENT="from" HEIGHT="54" WIDTH="153" VPOS="2212" HPOS="1288"/>
<SP HEIGHT="47" WIDTH="35" VPOS="2219" HPOS="1442"/>
<String CONTENT="the" HEIGHT="53" WIDTH="96" VPOS="2213" HPOS="1478"/>
<SP HEIGHT="53" WIDTH="33" VPOS="2213" HPOS="1575"/>
<String CONTENT="Russian" HEIGHT="53" WIDTH="250" VPOS="2213" HPOS="1609"/>
<SP HEIGHT="53" WIDTH="33" VPOS="2213" HPOS="1860"/>
<String CONTENT="by" HEIGHT="70" WIDTH="77" VPOS="2213" HPOS="1894"/>
<SP HEIGHT="70" WIDTH="32" VPOS="2213" HPOS="1972"/>
<String CONTENT="Alexander" HEIGHT="54" WIDTH="333" VPOS="2213" HPOS="2005"/>
</TextLine>
<TextLine HEIGHT="73" WIDTH="1637" VPOS="2290" HPOS="314" CS="1">
<String CONTENT="Bakshy." HEIGHT="69" WIDTH="255" VPOS="2294" HPOS="314"/>
<SP HEIGHT="54" WIDTH="73" VPOS="2293" HPOS="570"/>
<String CONTENT="New" HEIGHT="54" WIDTH="141" VPOS="2293" HPOS="644"/>
<SP HEIGHT="54" WIDTH="34" VPOS="2292" HPOS="786"/>
<String CONTENT="York," HEIGHT="70" WIDTH="182" VPOS="2292" HPOS="821"/>
<SP HEIGHT="70" WIDTH="33" VPOS="2292" HPOS="1004"/>
<String LANG="fr" CONTENT="J." HEIGHT="55" WIDTH="57" VPOS="2292" HPOS="1038"/>
<SP HEIGHT="57" WIDTH="34" VPOS="2290" HPOS="1096"/>
<String CONTENT="Cape" HEIGHT="70" WIDTH="160" VPOS="2290" HPOS="1131"/>
<SP HEIGHT="51" WIDTH="31" VPOS="2294" HPOS="1292"/>
<String CONTENT="&amp;" HEIGHT="51" WIDTH="46" VPOS="2294" HPOS="1324"/>
<SP HEIGHT="53" WIDTH="31" VPOS="2292" HPOS="1371"/>
<String CONTENT="H." HEIGHT="53" WIDTH="79" VPOS="2292" HPOS="1403"/>
<SP HEIGHT="55" WIDTH="37" VPOS="2291" HPOS="1483"/>
<String CONTENT="Smith" HEIGHT="55" WIDTH="192" VPOS="2291" HPOS="1521"/>
<SP HEIGHT="67" WIDTH="40" VPOS="2293" HPOS="1714"/>
<String CONTENT="[" HEIGHT="35" WIDTH="13" VPOS="2325" HPOS="1755"/>
<String STYLE="superscript" CS="1" CONTENT="&#7580;19"/>
<String CONTENT="31]" HEIGHT="65" WIDTH="86" VPOS="2295" HPOS="1865"/>
</TextLine>
<TextLine HEIGHT="50" WIDTH="532" VPOS="2376" HPOS="383" STYLEREFS="StyleId-93597268-5198-435D-A6A1-CC362FB3DBD3-" CS="1">
<String CONTENT="3" HEIGHT="40" WIDTH="25" VPOS="2378" HPOS="383"/>
<SP HEIGHT="48" WIDTH="28" VPOS="2378" HPOS="409"/>
<String LANG="fr" CONTENT="p." HEIGHT="38" WIDTH="44" VPOS="2388" HPOS="438"/>
<SP HEIGHT="42" WIDTH="24" VPOS="2378" HPOS="483"/>
<String CS="1" CONTENT="l.," HEIGHT="16" WIDTH="10" VPOS="2408" HPOS="544"/>
<SP HEIGHT="48" WIDTH="25" VPOS="2376" HPOS="555"/>
<String CONTENT="839" HEIGHT="42" WIDTH="86" VPOS="2376" HPOS="581"/>
<SP HEIGHT="50" WIDTH="25" VPOS="2376" HPOS="668"/>
<String CONTENT="p." HEIGHT="39" WIDTH="43" VPOS="2387" HPOS="694"/>
<SP HEIGHT="41" WIDTH="58" VPOS="2377" HPOS="738"/>
<String CONTENT="21" HEIGHT="40" WIDTH="56" VPOS="2377" HPOS="797"/>
<String STYLE="superscript" CS="1" CONTENT="&#7580;&#7504;"/>
<String CONTENT="." HEIGHT="9" WIDTH="9" VPOS="2408" HPOS="906"/>
</TextLine>
<TextLine HEIGHT="51" WIDTH="1314" VPOS="2431" HPOS="384" STYLEREFS="StyleId-93597268-5198-435D-A6A1-CC362FB3DBD3-">
<String CONTENT="Author&#8217;s" HEIGHT="42" WIDTH="235" VPOS="2433" HPOS="384"/>
<SP HEIGHT="38" WIDTH="24" VPOS="2444" HPOS="620"/>
<String CONTENT="pseud.," HEIGHT="48" WIDTH="181" VPOS="2434" HPOS="645"/>
<SP HEIGHT="47" WIDTH="27" VPOS="2434" HPOS="827"/>
<String CONTENT="Maxim" HEIGHT="41" WIDTH="187" VPOS="2432" HPOS="855"/>
<SP HEIGHT="41" WIDTH="28" VPOS="2432" HPOS="1043"/>
<String CONTENT="Gorki," HEIGHT="48" WIDTH="165" VPOS="2432" HPOS="1072"/>
<SP HEIGHT="37" WIDTH="26" VPOS="2443" HPOS="1238"/>
<String CONTENT="at" HEIGHT="39" WIDTH="54" VPOS="2434" HPOS="1265"/>
<SP HEIGHT="41" WIDTH="23" VPOS="2432" HPOS="1320"/>
<String CONTENT="head" HEIGHT="40" WIDTH="125" VPOS="2432" HPOS="1344"/>
<SP HEIGHT="39" WIDTH="25" VPOS="2433" HPOS="1470"/>
<String CONTENT="of" HEIGHT="41" WIDTH="52" VPOS="2431" HPOS="1496"/>
<SP HEIGHT="41" WIDTH="25" VPOS="2431" HPOS="1549"/>
<String CONTENT="title." HEIGHT="41" WIDTH="123" VPOS="2432" HPOS="1575"/>
</TextLine>
<TextLine HEIGHT="53" WIDTH="2017" VPOS="2489" HPOS="319" STYLEREFS="StyleId-93597268-5198-435D-A6A1-CC362FB3DBD3-" CS="1">
<String CONTENT="&#169;" HEIGHT="53" WIDTH="51" VPOS="2489" HPOS="319"/>
<SP HEIGHT="53" WIDTH="28" VPOS="2489" HPOS="371"/>
<String CONTENT="Apr." HEIGHT="47" WIDTH="116" VPOS="2495" HPOS="400"/>
<SP HEIGHT="41" WIDTH="25" VPOS="2493" HPOS="517"/>
<String CONTENT="20," HEIGHT="50" WIDTH="71" VPOS="2492" HPOS="543"/>
<SP HEIGHT="49" WIDTH="28" VPOS="2493" HPOS="615"/>
<String CS="1" CONTENT="1931;" HEIGHT="41" WIDTH="112" VPOS="2491" HPOS="644"/>
<SP/>
<String CONTENT="2c." HEIGHT="41" WIDTH="68" VPOS="2492" HPOS="817"/>
<SP HEIGHT="42" WIDTH="28" VPOS="2491" HPOS="886"/>
<String CONTENT="Apr." HEIGHT="49" WIDTH="114" VPOS="2491" HPOS="915"/>
<SP HEIGHT="41" WIDTH="27" VPOS="2490" HPOS="1030"/>
<String CS="1" CONTENT="21;" HEIGHT="40" WIDTH="55" VPOS="2490" HPOS="1058"/>
<SP/>
<String CONTENT="aff." HEIGHT="41" WIDTH="83" VPOS="2490" HPOS="1174"/>
<SP HEIGHT="41" WIDTH="28" VPOS="2490" HPOS="1258"/>
<String CONTENT="Apr." HEIGHT="48" WIDTH="114" VPOS="2490" HPOS="1287"/>
<SP HEIGHT="42" WIDTH="27" VPOS="2489" HPOS="1402"/>
<String CS="1" CONTENT="22;" HEIGHT="39" WIDTH="55" VPOS="2489" HPOS="1430"/>
<SP/>
<!-- cceid E60967F4-6E8D-1014-9CF5-AEB3FCA41D69 --><String CONTENT="A" HEIGHT="40" WIDTH="42" VPOS="2489" HPOS="1545"/>
<SP HEIGHT="42" WIDTH="25" VPOS="2489" HPOS="1588"/>
<String CS="1" CONTENT="36725;" HEIGHT="42" WIDTH="146" VPOS="2489" HPOS="1614"/>
<SP/>
<String CONTENT="Maxim" HEIGHT="41" WIDTH="187" VPOS="2489" HPOS="1821"/>
<SP HEIGHT="43" WIDTH="28" VPOS="2489" HPOS="2009"/>
<String CONTENT="Gorki," HEIGHT="50" WIDTH="167" VPOS="2489" HPOS="2038"/>
<SP HEIGHT="50" WIDTH="27" VPOS="2489" HPOS="2206"/>
<String CONTENT="i." HEIGHT="44" WIDTH="32" VPOS="2489" HPOS="2234"/>
<SP HEIGHT="32" WIDTH="27" VPOS="2501" HPOS="2267"/>
<String CONTENT="e." HEIGHT="33" WIDTH="41" VPOS="2501" HPOS="2295"/>
</TextLine>
<TextLine HEIGHT="51" WIDTH="1662" VPOS="2547" HPOS="386" STYLEREFS="StyleId-93597268-5198-435D-A6A1-CC362FB3DBD3-" CS="1">
<String LANG="fr" CONTENT="Aleks" HEIGHT="40" WIDTH="149" VPOS="2551" HPOS="386"/>
<String LANG="en-US" CS="1" CONTENT="i&#865;ei&#774;"/>
<SP HEIGHT="38" WIDTH="17" VPOS="2551" HPOS="604"/>
<String LANG="en-US" CONTENT="Maksimovich" HEIGHT="41" WIDTH="354" VPOS="2549" HPOS="622"/>
<SP HEIGHT="39" WIDTH="19" VPOS="2549" HPOS="977"/>
<String LANG="fr" CONTENT="P" HEIGHT="39" WIDTH="36" VPOS="2549" HPOS="997"/>
<String LANG="en-US" CS="1" CONTENT="i&#865;e"/>
<String LANG="fr" CONTENT="shkov," HEIGHT="48" WIDTH="168" VPOS="2548" HPOS="1086"/>
<SP/>
<String LANG="en-US" CONTENT="Sorrento," HEIGHT="49" WIDTH="244" VPOS="2547" HPOS="1277"/>
<SP HEIGHT="47" WIDTH="21" VPOS="2549" HPOS="1522"/>
<String LANG="en-US" CONTENT="Italy." HEIGHT="48" WIDTH="143" VPOS="2548" HPOS="1544"/>
<SP/>
<String LANG="en-US" CONTENT="(31-10369)" HEIGHT="51" WIDTH="282" VPOS="2547" HPOS="1766"/>
</TextLine>
<TextLine HEIGHT="67" WIDTH="1057" VPOS="2631" HPOS="312">
<String CONTENT="Pitkin," HEIGHT="65" WIDTH="223" VPOS="2633" HPOS="312"/>
<SP HEIGHT="64" WIDTH="28" VPOS="2634" HPOS="536"/>
<String CONTENT="Walter" HEIGHT="55" WIDTH="228" VPOS="2633" HPOS="565"/>
<SP HEIGHT="53" WIDTH="27" VPOS="2632" HPOS="794"/>
<String CONTENT="Boughton," HEIGHT="64" WIDTH="341" VPOS="2631" HPOS="822"/>
<SP HEIGHT="58" WIDTH="32" VPOS="2636" HPOS="1164"/>
<String CONTENT="1878-" HEIGHT="54" WIDTH="172" VPOS="2632" HPOS="1197"/>
</TextLine>
<TextLine HEIGHT="71" WIDTH="1954" VPOS="2705" HPOS="381">
<String CONTENT="How" HEIGHT="53" WIDTH="153" VPOS="2711" HPOS="381"/>
<SP HEIGHT="34" WIDTH="26" VPOS="2728" HPOS="535"/>
<String CONTENT="we" HEIGHT="35" WIDTH="83" VPOS="2728" HPOS="562"/>
<SP HEIGHT="53" WIDTH="26" VPOS="2710" HPOS="646"/>
<String CONTENT="learn," HEIGHT="66" WIDTH="178" VPOS="2710" HPOS="673"/>
<SP HEIGHT="49" WIDTH="26" VPOS="2727" HPOS="852"/>
<String CONTENT="a" HEIGHT="34" WIDTH="32" VPOS="2727" HPOS="879"/>
<SP HEIGHT="54" WIDTH="24" VPOS="2707" HPOS="912"/>
<String CONTENT="book" HEIGHT="54" WIDTH="150" VPOS="2707" HPOS="937"/>
<SP HEIGHT="53" WIDTH="24" VPOS="2707" HPOS="1088"/>
<String CONTENT="for" HEIGHT="53" WIDTH="96" VPOS="2707" HPOS="1113"/>
<SP HEIGHT="51" WIDTH="23" VPOS="2725" HPOS="1210"/>
<String CONTENT="young" HEIGHT="51" WIDTH="197" VPOS="2725" HPOS="1234"/>
<SP HEIGHT="51" WIDTH="27" VPOS="2725" HPOS="1432"/>
<String CONTENT="people" HEIGHT="69" WIDTH="203" VPOS="2705" HPOS="1460"/>
<SP HEIGHT="34" WIDTH="27" VPOS="2725" HPOS="1664"/>
<String CONTENT="with" HEIGHT="52" WIDTH="141" VPOS="2706" HPOS="1692"/>
<SP HEIGHT="54" WIDTH="28" VPOS="2706" HPOS="1834"/>
<String CONTENT="emphasis" HEIGHT="68" WIDTH="287" VPOS="2706" HPOS="1863"/>
<SP HEIGHT="35" WIDTH="27" VPOS="2724" HPOS="2151"/>
<String CONTENT="upon" HEIGHT="51" WIDTH="156" VPOS="2723" HPOS="2179"/>
</TextLine>
<TextLine HEIGHT="71" WIDTH="2022" VPOS="2785" HPOS="311" CS="1">
<String CONTENT="the" HEIGHT="52" WIDTH="96" VPOS="2791" HPOS="311"/>
<SP HEIGHT="35" WIDTH="38" VPOS="2808" HPOS="408"/>
<String CONTENT="art" HEIGHT="48" WIDTH="91" VPOS="2794" HPOS="447"/>
<SP HEIGHT="48" WIDTH="36" VPOS="2794" HPOS="539"/>
<String CONTENT="of" HEIGHT="54" WIDTH="66" VPOS="2788" HPOS="576"/>
<SP HEIGHT="53" WIDTH="36" VPOS="2788" HPOS="643"/>
<String CONTENT="efficient" HEIGHT="54" WIDTH="236" VPOS="2787" HPOS="680"/>
<SP HEIGHT="48" WIDTH="39" VPOS="2792" HPOS="917"/>
<String CONTENT="reading," HEIGHT="70" WIDTH="259" VPOS="2786" HPOS="957"/>
<SP/>
<String CONTENT="by" HEIGHT="71" WIDTH="76" VPOS="2785" HPOS="1254"/>
<SP/>
<String CONTENT="Walter" HEIGHT="54" WIDTH="226" VPOS="2786" HPOS="1366"/>
<SP/>
<String CONTENT="B." HEIGHT="51" WIDTH="67" VPOS="2786" HPOS="1630"/>
<SP/>
<String CONTENT="Pitkin" HEIGHT="53" WIDTH="205" VPOS="2785" HPOS="1737"/>
<SP/>
<String CS="1" CONTENT="&#8230;"/>
<SP/>
<String CONTENT="1st" HEIGHT="50" WIDTH="83" VPOS="2788" HPOS="2125"/>
<SP HEIGHT="48" WIDTH="37" VPOS="2790" HPOS="2209"/>
<String CONTENT="ed." HEIGHT="53" WIDTH="86" VPOS="2785" HPOS="2247"/>
</TextLine>
<TextLine HEIGHT="69" WIDTH="2022" VPOS="2864" HPOS="311">
<String CONTENT="New" HEIGHT="53" WIDTH="140" VPOS="2870" HPOS="311"/>
<SP HEIGHT="53" WIDTH="49" VPOS="2869" HPOS="452"/>
<String CONTENT="York" HEIGHT="53" WIDTH="164" VPOS="2869" HPOS="502"/>
<SP HEIGHT="52" WIDTH="43" VPOS="2869" HPOS="667"/>
<String CONTENT="and" HEIGHT="53" WIDTH="113" VPOS="2868" HPOS="711"/>
<SP HEIGHT="54" WIDTH="46" VPOS="2867" HPOS="825"/>
<String CONTENT="London," HEIGHT="66" WIDTH="261" VPOS="2867" HPOS="872"/>
<SP HEIGHT="68" WIDTH="45" VPOS="2865" HPOS="1134"/>
<String CONTENT="McGraw-Hill" HEIGHT="56" WIDTH="434" VPOS="2864" HPOS="1180"/>
<SP HEIGHT="53" WIDTH="47" VPOS="2864" HPOS="1615"/>
<String CONTENT="book" HEIGHT="53" WIDTH="148" VPOS="2864" HPOS="1663"/>
<SP HEIGHT="53" WIDTH="45" VPOS="2864" HPOS="1812"/>
<String CONTENT="company," HEIGHT="51" WIDTH="301" VPOS="2882" HPOS="1858"/>
<SP HEIGHT="67" WIDTH="47" VPOS="2865" HPOS="2160"/>
<String CONTENT="inc.," HEIGHT="67" WIDTH="125" VPOS="2865" HPOS="2208"/>
</TextLine>
<TextLine HEIGHT="51" WIDTH="155" VPOS="2950" HPOS="312">
<String CONTENT="1931." HEIGHT="51" WIDTH="155" VPOS="2950" HPOS="312"/>
</TextLine>
<TextLine HEIGHT="53" WIDTH="979" VPOS="3025" HPOS="383" STYLEREFS="StyleId-93597268-5198-435D-A6A1-CC362FB3DBD3-" CS="1">
<String CONTENT="ix," HEIGHT="48" WIDTH="66" VPOS="3030" HPOS="383"/>
<SP HEIGHT="48" WIDTH="26" VPOS="3030" HPOS="450"/>
<String CONTENT="263" HEIGHT="41" WIDTH="86" VPOS="3030" HPOS="477"/>
<SP HEIGHT="48" WIDTH="28" VPOS="3030" HPOS="564"/>
<String CONTENT="p." HEIGHT="38" WIDTH="42" VPOS="3040" HPOS="593"/>
<SP HEIGHT="40" WIDTH="59" VPOS="3029" HPOS="636"/>
<String CONTENT="illus.," HEIGHT="46" WIDTH="146" VPOS="3029" HPOS="696"/>
<SP HEIGHT="38" WIDTH="27" VPOS="3038" HPOS="843"/>
<String CS="1" CONTENT="pl."/>
<SP HEIGHT="42" WIDTH="57" VPOS="3027" HPOS="934"/>
<String CONTENT="20" HEIGHT="41" WIDTH="59" VPOS="3027" HPOS="992"/>
<String STYLE="superscript" CS="1" CONTENT="&#7580;&#7504;"/>
<String CONTENT="." HEIGHT="9" WIDTH="9" VPOS="3058" HPOS="1102"/>
<SP/>
<String CONTENT="$1.60" HEIGHT="49" WIDTH="134" VPOS="3025" HPOS="1228"/>
</TextLine>
<TextLine HEIGHT="59" WIDTH="2017" VPOS="3082" HPOS="317" STYLEREFS="StyleId-93597268-5198-435D-A6A1-CC362FB3DBD3-">
<String CONTENT="&#169;" HEIGHT="56" WIDTH="52" VPOS="3085" HPOS="317"/>
<SP HEIGHT="56" WIDTH="28" VPOS="3085" HPOS="370"/>
<String CONTENT="Apr." HEIGHT="48" WIDTH="116" VPOS="3089" HPOS="399"/>
<SP HEIGHT="42" WIDTH="27" VPOS="3089" HPOS="516"/>
<String CONTENT="16," HEIGHT="48" WIDTH="69" VPOS="3088" HPOS="544"/>
<SP HEIGHT="47" WIDTH="29" VPOS="3089" HPOS="614"/>
<String CONTENT="1931;" HEIGHT="49" WIDTH="141" VPOS="3085" HPOS="644"/>
<SP HEIGHT="48" WIDTH="29" VPOS="3086" HPOS="786"/>
<String CONTENT="2c." HEIGHT="40" WIDTH="66" VPOS="3086" HPOS="816"/>
<SP HEIGHT="38" WIDTH="30" VPOS="3086" HPOS="883"/>
<String CONTENT="Apr." HEIGHT="47" WIDTH="113" VPOS="3086" HPOS="914"/>
<SP HEIGHT="41" WIDTH="30" VPOS="3085" HPOS="1028"/>
<String CONTENT="18;" HEIGHT="47" WIDTH="82" VPOS="3084" HPOS="1059"/>
<SP HEIGHT="36" WIDTH="31" VPOS="3095" HPOS="1142"/>
<String CONTENT="aff." HEIGHT="41" WIDTH="84" VPOS="3084" HPOS="1174"/>
<SP HEIGHT="40" WIDTH="28" VPOS="3085" HPOS="1259"/>
<String CONTENT="Apr." HEIGHT="47" WIDTH="114" VPOS="3085" HPOS="1288"/>
<SP HEIGHT="39" WIDTH="29" VPOS="3084" HPOS="1403"/>
<String CONTENT="20;" HEIGHT="49" WIDTH="83" VPOS="3082" HPOS="1433"/>
<SP HEIGHT="47" WIDTH="31" VPOS="3084" HPOS="1517"/>
<!-- cceid E60A0DA6-6E8D-1014-9CF5-AEB3FCA41D69 --><String CONTENT="A" HEIGHT="39" WIDTH="41" VPOS="3084" HPOS="1549"/>
<SP HEIGHT="40" WIDTH="27" VPOS="3084" HPOS="1591"/>
<String CONTENT="36628;" HEIGHT="49" WIDTH="173" VPOS="3083" HPOS="1619"/>
<SP HEIGHT="47" WIDTH="31" VPOS="3085" HPOS="1793"/>
<String CONTENT="McGraw-Hill" HEIGHT="42" WIDTH="355" VPOS="3083" HPOS="1825"/>
<SP HEIGHT="40" WIDTH="28" VPOS="3084" HPOS="2181"/>
<String CONTENT="book" HEIGHT="40" WIDTH="124" VPOS="3084" HPOS="2210"/>
</TextLine>
<TextLine HEIGHT="52" WIDTH="560" VPOS="3143" HPOS="385" STYLEREFS="StyleId-93597268-5198-435D-A6A1-CC362FB3DBD3-">
<String CONTENT="co.," HEIGHT="37" WIDTH="83" VPOS="3158" HPOS="385"/>
<SP HEIGHT="49" WIDTH="30" VPOS="3146" HPOS="469"/>
<String CONTENT="inc." HEIGHT="40" WIDTH="91" VPOS="3146" HPOS="500"/>
<SP HEIGHT="48" WIDTH="69" VPOS="3145" HPOS="592"/>
<String CONTENT="(31-10268)" HEIGHT="50" WIDTH="283" VPOS="3143" HPOS="662"/>
</TextLine>
<TextLine HEIGHT="67" WIDTH="650" VPOS="3210" HPOS="310" STYLEREFS="StyleId-9F9D0711-F487-41ED-A491-BAA3F8C466D7-">
<String CONTENT="Prescott," HEIGHT="62" WIDTH="295" VPOS="3215" HPOS="310"/>
<SP HEIGHT="64" WIDTH="26" VPOS="3213" HPOS="606"/>
<String CONTENT="P." HEIGHT="54" WIDTH="63" VPOS="3213" HPOS="633"/>
<SP HEIGHT="55" WIDTH="29" VPOS="3212" HPOS="697"/>
<String CONTENT="Albion." HEIGHT="55" WIDTH="233" VPOS="3210" HPOS="727"/>
</TextLine>
<TextLine HEIGHT="74" WIDTH="1946" VPOS="3286" HPOS="383">
<String CONTENT="Building" HEIGHT="70" WIDTH="286" VPOS="3290" HPOS="383"/>
<SP HEIGHT="51" WIDTH="37" VPOS="3309" HPOS="670"/>
<String CONTENT="and" HEIGHT="52" WIDTH="113" VPOS="3290" HPOS="708"/>
<SP HEIGHT="52" WIDTH="38" VPOS="3289" HPOS="822"/>
<String CONTENT="loan" HEIGHT="51" WIDTH="133" VPOS="3289" HPOS="861"/>
<SP HEIGHT="49" WIDTH="40" VPOS="3306" HPOS="995"/>
<String CONTENT="procedure" HEIGHT="68" WIDTH="316" VPOS="3287" HPOS="1036"/>
<SP HEIGHT="52" WIDTH="38" VPOS="3287" HPOS="1353"/>
<String CONTENT="in" HEIGHT="52" WIDTH="60" VPOS="3287" HPOS="1392"/>
<SP HEIGHT="54" WIDTH="40" VPOS="3287" HPOS="1453"/>
<String CONTENT="New" HEIGHT="54" WIDTH="139" VPOS="3287" HPOS="1494"/>
<SP HEIGHT="55" WIDTH="39" VPOS="3287" HPOS="1634"/>
<String CONTENT="Jersey;" HEIGHT="68" WIDTH="231" VPOS="3287" HPOS="1674"/>
<SP HEIGHT="48" WIDTH="42" VPOS="3304" HPOS="1906"/>
<String CONTENT="a" HEIGHT="34" WIDTH="32" VPOS="3304" HPOS="1949"/>
<SP HEIGHT="51" WIDTH="39" VPOS="3288" HPOS="1982"/>
<String CONTENT="handbook" HEIGHT="53" WIDTH="307" VPOS="3286" HPOS="2022"/>
</TextLine>
<TextLine HEIGHT="71" WIDTH="2014" VPOS="3363" HPOS="313">
<String CONTENT="for" HEIGHT="54" WIDTH="94" VPOS="3369" HPOS="313"/>
<SP HEIGHT="47" WIDTH="26" VPOS="3376" HPOS="408"/>
<String CONTENT="the" HEIGHT="54" WIDTH="97" VPOS="3369" HPOS="435"/>
<SP HEIGHT="35" WIDTH="24" VPOS="3387" HPOS="533"/>
<String CONTENT="use" HEIGHT="36" WIDTH="98" VPOS="3386" HPOS="558"/>
<SP HEIGHT="35" WIDTH="26" VPOS="3386" HPOS="657"/>
<String CONTENT="of" HEIGHT="54" WIDTH="65" VPOS="3367" HPOS="684"/>
<SP HEIGHT="54" WIDTH="24" VPOS="3367" HPOS="750"/>
<String CONTENT="officers," HEIGHT="68" WIDTH="227" VPOS="3366" HPOS="775"/>
<SP HEIGHT="68" WIDTH="28" VPOS="3366" HPOS="1003"/>
<String CONTENT="directors" HEIGHT="53" WIDTH="278" VPOS="3366" HPOS="1032"/>
<SP HEIGHT="34" WIDTH="27" VPOS="3383" HPOS="1311"/>
<String CONTENT="and" HEIGHT="52" WIDTH="113" VPOS="3365" HPOS="1339"/>
<SP HEIGHT="52" WIDTH="27" VPOS="3365" HPOS="1453"/>
<String CONTENT="employees" HEIGHT="68" WIDTH="318" VPOS="3364" HPOS="1481"/>
<SP HEIGHT="33" WIDTH="27" VPOS="3383" HPOS="1800"/>
<String CONTENT="of" HEIGHT="53" WIDTH="64" VPOS="3363" HPOS="1828"/>
<SP HEIGHT="53" WIDTH="23" VPOS="3363" HPOS="1893"/>
<String CONTENT="building" HEIGHT="68" WIDTH="270" VPOS="3363" HPOS="1917"/>
<SP HEIGHT="49" WIDTH="27" VPOS="3382" HPOS="2188"/>
<String CONTENT="and" HEIGHT="53" WIDTH="111" VPOS="3363" HPOS="2216"/>
</TextLine>
<TextLine HEIGHT="72" WIDTH="2016" VPOS="3441" HPOS="312" CS="1">
<String CONTENT="loan" HEIGHT="52" WIDTH="133" VPOS="3449" HPOS="312"/>
<SP HEIGHT="36" WIDTH="39" VPOS="3465" HPOS="446"/>
<String CONTENT="associations," HEIGHT="68" WIDTH="387" VPOS="3445" HPOS="486"/>
<SP HEIGHT="69" WIDTH="36" VPOS="3444" HPOS="874"/>
<String CONTENT="by" HEIGHT="69" WIDTH="76" VPOS="3444" HPOS="911"/>
<SP HEIGHT="67" WIDTH="38" VPOS="3446" HPOS="988"/>
<String CONTENT="P." HEIGHT="53" WIDTH="64" VPOS="3446" HPOS="1027"/>
<SP HEIGHT="54" WIDTH="41" VPOS="3445" HPOS="1092"/>
<String CONTENT="Albion" HEIGHT="56" WIDTH="215" VPOS="3441" HPOS="1134"/>
<SP HEIGHT="52" WIDTH="40" VPOS="3443" HPOS="1350"/>
<String CONTENT="Prescott" HEIGHT="52" WIDTH="262" VPOS="3443" HPOS="1391"/>
<SP HEIGHT="48" WIDTH="44" VPOS="3447" HPOS="1654"/>
<String CS="1" CONTENT="&#8230;"/>
<SP HEIGHT="53" WIDTH="79" VPOS="3442" HPOS="1755"/>
<String CONTENT="Newark," HEIGHT="66" WIDTH="266" VPOS="3442" HPOS="1835"/>
<SP HEIGHT="66" WIDTH="39" VPOS="3442" HPOS="2102"/>
<String LANG="fr" CONTENT="N." HEIGHT="54" WIDTH="68" VPOS="3442" HPOS="2142"/>
<SP HEIGHT="53" WIDTH="41" VPOS="3443" HPOS="2211"/>
<String CONTENT="J.," HEIGHT="64" WIDTH="75" VPOS="3443" HPOS="2253"/>
</TextLine>
<TextLine HEIGHT="70" WIDTH="744" VPOS="3524" HPOS="314">
<String CONTENT="Soney" HEIGHT="68" WIDTH="189" VPOS="3526" HPOS="314"/>
<SP HEIGHT="65" WIDTH="24" VPOS="3529" HPOS="504"/>
<String CONTENT="&amp;" HEIGHT="50" WIDTH="46" VPOS="3529" HPOS="529"/>
<SP HEIGHT="56" WIDTH="25" VPOS="3524" HPOS="576"/>
<String CONTENT="Sage" HEIGHT="69" WIDTH="151" VPOS="3524" HPOS="602"/>
<SP HEIGHT="34" WIDTH="24" VPOS="3542" HPOS="754"/>
<String CONTENT="co.," HEIGHT="51" WIDTH="99" VPOS="3542" HPOS="779"/>
<SP HEIGHT="67" WIDTH="28" VPOS="3526" HPOS="879"/>
<String CONTENT="1931." HEIGHT="50" WIDTH="150" VPOS="3525" HPOS="908"/>
</TextLine>
<TextLine HEIGHT="56" WIDTH="1173" VPOS="3601" HPOS="382" STYLEREFS="StyleId-93597268-5198-435D-A6A1-CC362FB3DBD3-" CS="1">
<String CONTENT="viii" HEIGHT="41" WIDTH="88" VPOS="3606" HPOS="382"/>
<SP HEIGHT="50" WIDTH="25" VPOS="3607" HPOS="471"/>
<String LANG="fr" CONTENT="p.," HEIGHT="38" WIDTH="58" VPOS="3619" HPOS="497"/>
<SP HEIGHT="48" WIDTH="26" VPOS="3607" HPOS="556"/>
<String CONTENT="1" HEIGHT="39" WIDTH="26" VPOS="3607" HPOS="583"/>
<SP HEIGHT="39" WIDTH="27" VPOS="3607" HPOS="610"/>
<String CS="1" CONTENT="l.," HEIGHT="18" WIDTH="9" VPOS="3636" HPOS="674"/>
<SP HEIGHT="48" WIDTH="27" VPOS="3606" HPOS="684"/>
<String CONTENT="408" HEIGHT="43" WIDTH="87" VPOS="3604" HPOS="712"/>
<SP HEIGHT="48" WIDTH="27" VPOS="3605" HPOS="800"/>
<String CONTENT="p." HEIGHT="38" WIDTH="42" VPOS="3615" HPOS="828"/>
<SP HEIGHT="42" WIDTH="59" VPOS="3603" HPOS="871"/>
<String CONTENT="forms" HEIGHT="41" WIDTH="155" VPOS="3603" HPOS="931"/>
<SP HEIGHT="49" WIDTH="26" VPOS="3602" HPOS="1087"/>
<String CONTENT="(1" HEIGHT="49" WIDTH="49" VPOS="3602" HPOS="1114"/>
<SP HEIGHT="40" WIDTH="29" VPOS="3602" HPOS="1164"/>
<String CONTENT="fold.)" HEIGHT="48" WIDTH="145" VPOS="3601" HPOS="1194"/>
<SP HEIGHT="48" WIDTH="67" VPOS="3601" HPOS="1340"/>
<String CS="1" CONTENT="23&#189;" HEIGHT="41" WIDTH="56" VPOS="3601" HPOS="1408"/>
<String STYLE="superscript" CS="1" CONTENT="&#7580;&#7504;"/>
<String CONTENT="." HEIGHT="9" WIDTH="9" VPOS="3634" HPOS="1546"/>
</TextLine>
<TextLine HEIGHT="55" WIDTH="1845" VPOS="3658" HPOS="317" STYLEREFS="StyleId-93597268-5198-435D-A6A1-CC362FB3DBD3-">
<String CONTENT="&#169;" HEIGHT="53" WIDTH="52" VPOS="3660" HPOS="317"/>
<SP HEIGHT="53" WIDTH="29" VPOS="3660" HPOS="370"/>
<String CONTENT="Apr." HEIGHT="48" WIDTH="114" VPOS="3665" HPOS="400"/>
<SP HEIGHT="39" WIDTH="29" VPOS="3666" HPOS="515"/>
<String CONTENT="14," HEIGHT="46" WIDTH="68" VPOS="3665" HPOS="545"/>
<SP HEIGHT="46" WIDTH="28" VPOS="3665" HPOS="614"/>
<String CONTENT="1931;" HEIGHT="46" WIDTH="143" VPOS="3662" HPOS="643"/>
<SP HEIGHT="46" WIDTH="27" VPOS="3662" HPOS="787"/>
<String CONTENT="2c." HEIGHT="41" WIDTH="67" VPOS="3662" HPOS="815"/>
<SP HEIGHT="31" WIDTH="29" VPOS="3672" HPOS="883"/>
<String CONTENT="and" HEIGHT="39" WIDTH="95" VPOS="3664" HPOS="913"/>
<SP HEIGHT="39" WIDTH="29" VPOS="3664" HPOS="1009"/>
<String CONTENT="aff." HEIGHT="40" WIDTH="81" VPOS="3660" HPOS="1039"/>
<SP HEIGHT="39" WIDTH="30" VPOS="3661" HPOS="1121"/>
<String CONTENT="Apr." HEIGHT="47" WIDTH="114" VPOS="3661" HPOS="1152"/>
<SP HEIGHT="40" WIDTH="29" VPOS="3661" HPOS="1267"/>
<String CONTENT="18;" HEIGHT="47" WIDTH="81" VPOS="3659" HPOS="1297"/>
<SP HEIGHT="47" WIDTH="31" VPOS="3659" HPOS="1379"/>
<!-- cceid E60ABC02-6E8D-1014-9CF5-AEB3FCA41D69 --><String CONTENT="A" HEIGHT="39" WIDTH="41" VPOS="3659" HPOS="1411"/>
<SP HEIGHT="41" WIDTH="26" VPOS="3658" HPOS="1453"/>
<String CONTENT="35877;" HEIGHT="47" WIDTH="173" VPOS="3658" HPOS="1480"/>
<SP HEIGHT="47" WIDTH="33" VPOS="3658" HPOS="1654"/>
<String CONTENT="Soney" HEIGHT="48" WIDTH="155" VPOS="3658" HPOS="1688"/>
<SP HEIGHT="48" WIDTH="28" VPOS="3658" HPOS="1844"/>
<String CONTENT="&amp;" HEIGHT="41" WIDTH="36" VPOS="3658" HPOS="1873"/>
<SP HEIGHT="41" WIDTH="31" VPOS="3658" HPOS="1910"/>
<String CONTENT="Sage" HEIGHT="48" WIDTH="123" VPOS="3658" HPOS="1942"/>
<SP HEIGHT="30" WIDTH="28" VPOS="3668" HPOS="2066"/>
<String CONTENT="co." HEIGHT="30" WIDTH="67" VPOS="3668" HPOS="2095"/>
</TextLine>
<TextLine HEIGHT="49" WIDTH="282" VPOS="3720" HPOS="395" STYLEREFS="StyleId-93597268-5198-435D-A6A1-CC362FB3DBD3-">
<String CONTENT="(31-10379)" HEIGHT="49" WIDTH="282" VPOS="3720" HPOS="395"/>
</TextLine>
<TextLine HEIGHT="70" WIDTH="938" VPOS="3785" HPOS="318" STYLEREFS="StyleId-9F9D0711-F487-41ED-A491-BAA3F8C466D7-" CS="1">
<String CONTENT="[Rabin," HEIGHT="68" WIDTH="229" VPOS="3787" HPOS="318"/>
<SP HEIGHT="63" WIDTH="29" VPOS="3788" HPOS="548"/>
<String CONTENT="Michael" HEIGHT="55" WIDTH="255" VPOS="3786" HPOS="578"/>
<SP HEIGHT="52" WIDTH="24" VPOS="3787" HPOS="834"/>
<String CS="1" CONTENT="Myer]" HEIGHT="62" WIDTH="170" VPOS="3787" HPOS="859"/>
<SP HEIGHT="62" WIDTH="33" VPOS="3792" HPOS="1049"/>
<String CONTENT="1907-" HEIGHT="54" WIDTH="173" VPOS="3785" HPOS="1083"/>
</TextLine>
<TextLine HEIGHT="74" WIDTH="1949" VPOS="3856" HPOS="378" CS="1">
<String CONTENT="Prologue" HEIGHT="67" WIDTH="286" VPOS="3862" HPOS="378"/>
<SP HEIGHT="47" WIDTH="29" VPOS="3868" HPOS="665"/>
<String CONTENT="to" HEIGHT="47" WIDTH="56" VPOS="3868" HPOS="695"/>
<SP HEIGHT="52" WIDTH="34" VPOS="3862" HPOS="752"/>
<String CONTENT="freedom," HEIGHT="68" WIDTH="272" VPOS="3860" HPOS="787"/>
<SP HEIGHT="68" WIDTH="31" VPOS="3860" HPOS="1060"/>
<String CONTENT="by" HEIGHT="70" WIDTH="73" VPOS="3860" HPOS="1092"/>
<SP HEIGHT="69" WIDTH="29" VPOS="3861" HPOS="1166"/>
<String CONTENT="Michael" HEIGHT="55" WIDTH="249" VPOS="3858" HPOS="1196"/>
<SP HEIGHT="51" WIDTH="33" VPOS="3858" HPOS="1446"/>
<String LANG="fr" CONTENT="Romain" HEIGHT="52" WIDTH="244" VPOS="3858" HPOS="1480"/>
<SP HEIGHT="52" WIDTH="37" VPOS="3875" HPOS="1725"/>
<String LANG="fr" CS="1" CONTENT="["/>
<String CONTENT="pseud.]" HEIGHT="69" WIDTH="213" VPOS="3857" HPOS="1782"/>
<SP HEIGHT="68" WIDTH="72" VPOS="3856" HPOS="1996"/>
<String CONTENT="London," HEIGHT="67" WIDTH="258" VPOS="3856" HPOS="2069"/>
</TextLine>
<TextLine HEIGHT="71" WIDTH="1004" VPOS="3938" HPOS="311">
<String CONTENT="Nash" HEIGHT="54" WIDTH="154" VPOS="3939" HPOS="311"/>
<SP HEIGHT="53" WIDTH="27" VPOS="3940" HPOS="466"/>
<String CONTENT="&amp;" HEIGHT="51" WIDTH="45" VPOS="3942" HPOS="494"/>
<SP HEIGHT="56" WIDTH="30" VPOS="3938" HPOS="540"/>
<String CONTENT="Grayson," HEIGHT="71" WIDTH="280" VPOS="3938" HPOS="571"/>
<SP HEIGHT="67" WIDTH="29" VPOS="3942" HPOS="852"/>
<String CONTENT="limited" HEIGHT="56" WIDTH="221" VPOS="3938" HPOS="882"/>
<SP HEIGHT="70" WIDTH="35" VPOS="3938" HPOS="1104"/>
<String CONTENT="[1931]" HEIGHT="67" WIDTH="175" VPOS="3941" HPOS="1140"/>
</TextLine>
</TextBlock>
</PrintSpace>
</Page>
</Layout>
</alto>