2575 4398
1339 4093 69 51 66

365 409 208 65 Benét,
609 409 263 64 Stephen
912 408 275 65 Vincent,
1229 414 173 50 1898-

434 488 241 53 Ballads
708 487 114 53 and
856 504 211 51 poems,
1102 489 313 50 1915-1930
1455 487 110 68 [by]
1609 485 255 70 Stephen
1897 486 252 55 Vincent
2184 488 197 53 Benét.

364 564 233 57 Garden
630 564 153 64 City,
813 564 70 53 N.
916 565 91 63 Y.,
1037 564 361 64 Doubleday,
1430 565 201 53 Doran
1662 567 47 50 &
1738 582 301 46 company,
2070 565 127 63 inc.,
2231 569 150 50 1931.

430 645 745 50 3 p. l., v-xii, 229 p. 24½ ᶜᵐ .
434 703 230 42 “Edition
693 703 53 41 of
773 702 86 41 201
889 702 265 41 numbered
1184 702 162 49 copies
1374 701 53 42 of
1453 702 159 41 which
1643 702 162 49 copies
1834 704 265 41 numbered
2128 704 56 41 10
2217 707 48 39 to
2296 704 81 41 201

364 772 83 30 are
474 761 80 41 for
581 762 103 40 sale
769 760 24 16 …”
849 761 119 40 This
994 771 121 38 copy
1140 762 86 39 not
1252 761 280 40 numbered.

434 819 149 41 “This
616 819 125 41 book
776 819 56 49 is,
867 819 50 40 in
954 819 82 43 the
1073 820 147 48 main,
1258 830 27 30 a
1323 820 231 40 selection
1592 819 128 41 from
1756 820 138 42 three
1928 819 179 43 earlier
2143 819 152 43 books
2332 820 52 42 of

363 886 151 38 verse,
544 877 67 41 all
639 887 112 31 now
779 879 86 39 out
892 877 53 41 of
973 875 381 50 print.”—Note.

371 931 2014 53 © Jan. 2, 1931; 2c. and aff. Jan. 12 : A 33187; S. V . Benet, New York.
452 991 254 51 (31-2655)

368 1086 185 66 Bond,
582 1087 339 54 Alexander
951 1089 255 64 Russell,
1239 1092 173 52 1876-

431 1163 123 53 The
589 1169 157 66 story
782 1164 63 52 of
878 1165 346 67 mechanics;
1264 1165 96 54 the
1394 1165 212 53 science
1642 1165 65 53 of
1743 1166 224 67 captive
2003 1164 156 53 force
2195 1181 64 35 or

364 1163 2001 147 development
715 1243 64 51 of
805 1243 260 53 machine
1094 1261 191 50 power
1311 1244 58 52 in
1400 1243 115 54 this
1545 1243 308 53 industrial

361 1242 1999 151 age, by A. Russell Bond … with additions by
1439 1321 947 69 Albert A. Hopkins … New
363 1398 1368 74 York, P. F. Collier & son company [ ᶜ193 0]
434 1484 1953 51 2 p. l. , 3-416 p. col. front., illus., plates, diagrs. 20ᶜᵐ. (Added t.-p.:
366 1539 1801 54 Popular science library, editor-in-chief, G. P. Serviss … v. 5)
435 1598 165 42 Plates
628 1600 193 47 printed
856 1611 57 29 on
946 1600 114 41 both
1094 1599 140 42 sides.

435 1656 263 41 Published
733 1656 47 40 in
815 1656 115 41 1922
967 1658 152 40 under
1154 1657 134 41 title:
1329 1657 302 44 Mechanics;
1671 1657 83 41 the
1788 1658 186 41 science
2008 1658 51 39 of
2092 1658 291 42 machinery.

372 1710 52 53 ©
451 1715 113 41 Dec.
589 1714 69 49 30,
686 1713 141 48 1930;
856 1714 67 41 2c.
951 1715 109 40 Jan.
1088 1715 68 48 14,
1185 1713 112 41 1931;
1355 1714 82 41 aff.
1465 1715 111 41 Jan.
1602 1714 56 40 21;
1715 1715 41 39 A
1782 1714 144 42 33273;
1985 1716 51 40 P.
2065 1715 52 42 F.
2146 1715 179 41 Collier
2354 1720 36 40 &

440 1784 87 29 son
557 1784 67 29 co.
691 1768 70 54 [©
790 1782 107 30 new
927 1775 194 38 matter,
1154 1772 333 41 illustrations
1519 1775 96 39 and
1648 1773 254 50 revisions]

454 1829 253 50 (31-2697)

365 1926 217 65 Boone,
612 1927 134 54 Lee.

499 2005 1889 72 … Scientific results of the cruises of the yachts “Eagle” and
401 2087 121 51 “Ara”
651 2090 330 52 1921-1928,
1051 2087 263 54 William
1385 2087 73 51 K.
1532 2086 364 58 Vanderbilt,
1968 2085 419 66 commanding.

369 2165 337 52 Crustacea:
770 2167 415 67 Stomatopoda
1249 2169 112 51 and
1423 2167 354 66 Brachyura.
1856 2167 90 70 By
2007 2166 110 52 Lee
2179 2167 209 51 Boone.

365 2244 395 69 Huntington,
802 2245 69 52 N.
915 2245 92 54 Y.,
1047 2245 158 52 Priv.
1250 2244 173 69 print.
1473 2246 138 66 [The
1657 2244 228 54 Science
1927 2263 157 49 press
2125 2243 266 69 printing

365 2342 299 50 company,
694 2324 328 58 Lancaster,
1053 2325 121 66 Pa.]
1214 2325 149 51 1930.

442 2403 1946 50 228 p. 74 pl. 25 ᶜᵐ . (Bulletin of the Vanderbilt marine museum,
367 2463 92 40 vol.
493 2473 41 29 ii
543 2461 14 48 )

373 2516 1988 52 © Nov. 12. 1930; 1c. Jan. 22, 1931; 1c. Jan. 27; aff. Nov. 22. 1930;
438 2578 44 41 A
509 2577 148 42 33389;
716 2579 49 40 L.
798 2579 175 47 Boone,
1005 2579 119 40 New
1153 2579 146 40 York.
1371 2576 282 51 (30-32299)

365 2674 199 65 Bratt,
603 2675 146 53 Karl
789 2675 169 63 Axel,
1003 2681 172 50 1882-

435 2751 155 54 That
631 2759 137 47 next
812 2752 153 53 war?
1070 2753 109 70 [By]
1228 2753 195 68 Major
1466 2754 74 52 K.
1583 2754 72 52 A.
1700 2754 200 65 Bratt;
1946 2751 321 54 translated
2308 2750 75 70 by

365 2830 211 56 Ernest
626 2830 263 68 Classen;
941 2832 139 52 with
1133 2851 71 33 an
1254 2832 391 53 introduction
1695 2832 76 69 by
1820 2830 274 54 Nicholas
2141 2831 242 68 Murray

366 2909 1893 70 Butler. New York, Harcourt, Brace and company [ ᶜ193 1]
435 2992 506 50 xviii, 268 p. 21 ᶜᵐ .
372 3046 52 53 ©
458 3052 110 40 Jan.
603 3052 38 46 8,
675 3050 115 42 1931;
851 3050 67 42 2c.
953 3053 96 38 and
1083 3051 81 41 aff.
1199 3052 110 40 Jan.
1343 3050 55 40 22;
1461 3051 41 39 A
1534 3049 144 42 32913;
1744 3052 263 47 Harcourt,
2042 3051 155 41 Brace
2232 3052 37 40 &
2302 3062 82 36 co.,

439 3108 91 41 inc.
602 3109 260 49 (31-26376
871 3111 14 48 )

366 3205 210 65 Bruce,
610 3205 317 55 Kathleen.

497 3280 1650 73 … Virginia iron manufacture in the slave era, by
362 3282 1994 146 Kathleen Bruce … with illustrations and map. New York,
362 3361 1993 147 London, The Century co. [ ᶜ193 0]
434 3520 1713 51 xiii, 482 p. front. (port.) plates, fold. map. 22½ ᶜᵐ . $4.50
433 3577 65 42 At
526 3579 126 39 head
681 3579 51 40 of
757 3578 136 41 title:
925 3577 100 42 The
1053 3579 257 41 American
1340 3579 250 41 historical
1625 3580 306 41 association.

434 3635 266 49 Copyright
729 3636 126 46 date,
883 3636 130 48 1930,
1044 3638 245 40 corrected
1321 3637 49 38 in
1400 3637 303 48 manuscript
1731 3639 49 39 to
1812 3636 128 42 1931.

436 3691 66 42 “A
544 3693 218 41 doctoral
801 3692 317 43 dissertation
1164 3693 255 52 [Radcliffe
1458 3695 191 47 college,
1691 3693 353 53 1924]”—Pref.

435 3749 149 41 “This
618 3751 189 41 volume
839 3750 43 40 is
913 3751 257 48 published
1202 3752 127 39 from
1364 3761 24 28 a
1425 3752 122 40 fund
1583 3752 304 42 contributed
1925 3754 49 39 to
2009 3754 80 39 the
2122 3755 255 38 American

363 3806 254 41 historical
665 3807 294 42 association
1008 3810 61 48 by
1118 3808 81 41 the
1246 3808 233 49 Carnegie
1526 3808 308 48 corporation
1885 3809 52 40 of
1982 3809 116 42 New
2145 3809 232 40 York”.—

361 3872 45 39 p.
435 3862 77 52 [iv]

431 3919 349 51 Bibliography
799 3933 8 28 :
843 3932 42 37 p.
919 3921 218 41 431-451.

369 3972 52 53 ©
454 3979 110 40 Jan.
597 3978 67 43 10.
698 3978 140 42 1931;
873 3979 66 40 2c.
973 3980 94 39 and
1101 3979 81 41 aff.
1216 3980 109 39 Jan.
1360 3980 80 40 14:
1477 3980 37 38 A
1548 3980 171 46 33145;
1755 3980 145 39 Amer.
1948 3978 253 41 historical
2237 3987 143 39 assn.,

438 4035 335 49 Washington.
846 4036 250 49 (31-2539)
