2428 4370
1035 4010 98 49 1625

76 389 241 63 Adams,
349 386 281 54 Franklin
658 386 219 63 Pierce,
909 390 170 49 1881-

147 480 375 68 Christopher
548 478 305 56 Columbus
879 479 112 51 and
1016 476 161 54 other
1202 476 270 68 patriotic
1496 495 183 34 verses
1708 476 109 69 [by]
78 475 1966 138 Franklin

182 560 63 52 P.
272 558 234 53 Adams.
568 557 138 52 New
735 555 179 68 York,
939 555 122 53 The
1087 553 220 70 Viking
1334 574 172 49 press,
1537 557 149 50 1931.

140 641 27 39 6
194 651 43 37 p.
302 671 8 16 l.,
340 638 147 41 3-116
514 649 42 37 p.
620 637 115 40 21ᶜᵐ.

75 707 50 52 ©
150 711 101 40 Oct.
274 710 39 48 9,
338 708 112 41 1931;
503 708 67 39 2c.
595 709 100 39 Oct.
721 709 80 45 14;
827 707 81 41 aff.
934 707 102 40 Oct.
1061 706 55 39 12;
1170 706 39 38 A
1232 705 144 40 44147;
1429 706 52 40 F.
1507 707 49 37 P.
1583 706 194 46 Adams,
1802 705 262 47 Westport,

142 766 144 40 Conn.
358 764 278 50 (31-29927)

73 875 352 64 Alexander,
456 876 228 63 Carter,
717 879 169 50 1881-

143 967 381 54 Educational
557 968 281 66 research;
876 966 355 69 suggestions
1265 968 112 51 and
1410 983 221 36 sources
1663 966 63 51 of
1759 966 134 52 data
1926 966 140 51 with

73 1043 1932 72 specific reference to administration, by Carter Alexander …
74 1126 70 52 3d
171 1125 103 67 ed.,
303 1125 105 52 enl.
439 1125 111 52 and
578 1140 111 35 rev.
755 1122 137 53 New
922 1122 163 52 York
1112 1122 133 67 city,
1274 1122 277 53 Teachers
1581 1122 227 69 college,
72 1121 1970 135 Columbia

191 1202 334 68 university,
557 1204 148 49 1931.

173 1280 399 50 v, 115 p. 22½ ᶜᵐ .
146 1351 146 41 “This
326 1350 210 42 revision
570 1352 91 39 has
693 1351 82 40 the
807 1360 131 31 same
975 1350 123 40 aims
1131 1360 54 30 as
1219 1352 82 38 the
1335 1350 114 41 1927
1482 1350 185 40 edition
1699 1362 59 28 on
1791 1351 157 40 which
1983 1353 81 38 the

72 1406 1990 50 author had the coöperation of … George D. Strayer, N. L. Engelhardt,
72 1464 1987 49 and Paul R. Mort … It incorporates … entries up to May 15, 1931
121 1521 1940 52 … [and] standards for a dissertation in … [the] field [of educational
73 1579 605 50 research.]”—Foreword
705 1581 48 38 to
778 1579 58 40 3d
862 1578 86 48 ed.,
974 1579 92 41 enl.
1094 1579 96 39 and
1216 1589 95 29 rev.

142 1635 418 49 “Bibliographies
607 1636 95 40 and
749 1637 137 39 notes
933 1646 60 29 on
1038 1634 274 41 individual
1358 1635 156 48 items,
1563 1636 380 49 alphabetically
71 1648 1976 94 arranged”:

336 1706 43 38 p.
411 1692 219 52 [18]-115.

72 1762 50 52 ©
154 1767 116 47 July
298 1767 68 46 13,
398 1765 112 41 1931;
569 1765 68 41 2c.
667 1765 120 48 Aug.
816 1763 58 41 20;
932 1764 80 40 aff.
1048 1765 127 47 Sept.
1206 1764 58 41 30;
1322 1764 40 39 A
1392 1763 146 42 43001;
1598 1766 240 41 Teachers
1870 1767 191 48 college,

139 1823 250 40 Columbia
419 1822 283 47 university.
773 1821 278 48 (31-30100)

70 1929 313 55 American
413 1931 112 52 law
554 1933 251 62 reports,
836 1931 343 54 annotated.

72 2021 1970 133 Cumulative index … vols. 70-74. Combining cases and annotations
388 2101 118 52 also
539 2100 416 68 supplemental
987 2099 277 54 decisions
1296 2100 94 53 for
1420 2100 70 54 A.
1524 2102 63 50 L.
1620 2102 67 52 R.
1720 2103 61 52 in
72 2104 1973 127 continuation

254 2179 63 52 of
342 2179 96 51 the
465 2179 147 52 Blue
635 2178 148 53 book
806 2178 65 52 of
898 2181 132 49 1929
1058 2179 113 52 and
1198 2177 74 54 its
1298 2179 292 67 appendix
1619 2180 94 54 for
1739 2200 166 50 years
1934 2185 131 50 1929

72 2258 111 52 and
223 2259 148 50 1930.
447 2256 323 69 Rochester,
807 2256 69 53 N.
918 2256 88 69 Y.,
1044 2256 123 52 The
1201 2256 268 67 Lawyers
1506 2258 385 67 co-operative
73 2260 1971 142 publishing

316 2351 307 50 company;
657 2333 338 67 Northport,
1027 2334 64 51 L.
1124 2333 67 67 I.,
1222 2334 69 51 N.
1326 2335 94 67 Y.,
1450 2335 254 54 Edward
1737 2337 331 69 Thompson

71 2430 303 50 company;
415 2412 115 54 San
565 2411 320 69 Francisco,
922 2410 196 71 Calif.,
1152 2411 584 72 Bancroft-Whitney
1770 2434 297 52 company.

74 2495 147 49 1931.

135 2569 577 51 298, [5], 110 p. 24 ᶜᵐ .
74 2636 50 52 ©
151 2641 99 40 Oct.
278 2641 67 48 19,
371 2640 114 41 1931;
538 2640 66 40 2c.
632 2640 102 41 Oct.
759 2640 54 38 21;
870 2639 81 41 aff.
980 2640 101 40 Oct.
1107 2639 56 40 22;
1219 2641 41 38 A
1284 2641 143 41 43403;
1485 2642 232 49 Lawyers
1742 2647 320 47 co-operative

139 2699 107 45 pub.
276 2709 80 36 co.,
387 2698 210 39 Edward
625 2697 275 47 Thompson
928 2706 82 39 co.,
1040 2698 487 49 Bancroft-Whitney
1556 2711 67 30 co.

75 2808 216 64 Avery,
321 2807 262 54 Maurice
610 2807 282 66 Wescott,
924 2811 83 52 ed.

142 2899 171 52 Latin
353 2916 165 50 prose
555 2897 313 68 literature,
909 2896 144 55 Cato
1091 2903 60 48 to
1196 2897 322 72 Suetonius,
1560 2902 75 69 by
1678 2905 256 55 Maurice
1974 2909 89 53 W.

73 2974 1724 75 Avery … Boston, Little, Brown, and company, 1931.
140 3054 1174 51 xii p., 2 l., [3]-400 p. front. (port.) 19½ ᶜᵐ .
76 3125 50 52 ©
154 3130 126 48 Sept.
306 3130 66 46 15,
399 3128 111 40 1931;
566 3129 65 39 2c.
658 3129 95 38 and
778 3127 81 42 aff.
888 3128 127 48 Sept.
1041 3128 54 39 21;
1152 3130 40 38 A
1215 3130 145 41 42503;
1418 3133 62 41 M.
1506 3134 72 41 W.
1604 3136 173 48 Avery.
143 3139 1903 94 Williamstown,

310 3187 145 38 Mass.
527 3184 277 48 (31-30072)

76 3293 205 66 Bailly,
313 3295 292 64 Auguste,
640 3295 169 54 1878-

203 3384 1860 78 … Maeterlinck, par Auguste Bailly. Avec un portrait de
75 3462 252 53 Maurice
380 3461 379 54 Maeterlinck
813 3481 68 34 en
938 3461 355 70 frontispice,
1352 3484 76 34 un
1487 3467 305 58 fac-similé
73 3476 1969 132 d’autographe

329 3545 53 48 et
423 3558 77 34 un
542 3538 165 54 Essai
750 3540 68 52 de
858 3539 423 70 bibliographie
1323 3561 106 49 par
1470 3546 237 56 Francis
1750 3552 314 58 Ambrière.

79 3618 199 67 [Paris]
313 3616 433 53 Firmin-Didot
795 3619 153 64 [1931]

145 3697 1920 57 3 p. l., 212, [1] p., 1 l. front. (port.) illus. (facsim.) 19 ᶜᵐ . (Visage
76 3755 398 49 contemporains.
537 3754 82 50 [1])

147 3826 167 41 “Essai
344 3828 58 38 de
428 3825 364 48 bibliographie,
822 3835 89 38 par
942 3825 202 41 Francis
1172 3826 279 43 Ambrière”:
1509 3843 44 37 p.
1582 3833 234 57 195-[213]

80 3894 50 52 ©
158 3900 124 38 June
306 3900 26 37 4,
372 3897 107 40 1931;
569 3909 36 26 1c.
634 3896 115 47 July
775 3896 81 46 31;
886 3897 101 37 A—
989 3896 206 49 Foreign
1222 3897 169 49 13272;
1424 3900 357 53 Firmin-Didot
1808 3912 37 41 &
1872 3916 70 38 cie.

159 3954 276 46 (31-29518)
