2428 4370
1230 4065 134 50 1988

370 473 730 50 3 p. l., xv, 29 p. illus. 27 ᶜᵐ.
370 530 43 42 A
438 540 153 39 poem.

373 588 1942 55 “This edition … has been embellished by Robert Ball. 500 copies,
299 645 87 41 200
415 645 52 40 of
494 645 161 41 which
684 647 123 40 have
836 647 121 40 been
984 648 228 41 coloured
1242 649 60 44 by
1332 650 144 48 hand,
1506 651 124 39 have
1659 651 119 40 been
1805 650 195 49 printed
2029 652 62 48 by
2121 653 196 48 Eugene

299 702 679 43 V. Connett … No. 209.”
372 759 130 41 “The
530 760 172 40 fourth
731 760 570 43 edition.”—Foreword.

305 812 53 53 ©
390 818 120 41 Nov.
542 817 69 50 12,
645 817 112 41 1931;
820 818 68 41 2c.
920 820 119 39 Nov.
1071 818 56 41 18;
1190 819 83 42 aff.
1305 820 120 42 Nov.
1458 821 57 40 27;
1577 820 43 41 A
1650 820 149 41 46046;
1861 822 272 48 Derrydale
2165 832 151 38 press.

380 871 69 54 [©
481 876 247 40 foreword
759 877 96 39 and
887 876 347 51 illustrations]
1311 877 282 49 (31-34428)

300 956 280 66 Masters,
611 958 202 63 Edgar
840 958 136 66 Lee,
1008 964 173 50 1868-

368 1032 256 72 Godbey,
670 1055 31 33 a
749 1034 280 55 dramatic
1073 1054 183 53 poem,
1302 1037 75 70 by
1424 1037 201 69 Edgar
1671 1037 111 54 Lee
1827 1037 260 54 Masters.
2173 1037 137 56 New

297 1112 178 71 York,
503 1112 190 69 Dodd,
720 1113 171 53 Mead
919 1115 46 51 &
992 1132 298 54 company,
1318 1118 152 51 1931.

367 1193 538 50 7 p. l., 3-253 p. 24½ ᶜᵐ.
368 1251 186 40 “Three
587 1253 223 39 hundred
847 1253 96 39 and
976 1252 304 47 forty-seven
1312 1253 265 41 numbered
1612 1254 161 48 copies
1806 1256 125 40 have
1965 1256 119 40 been
2119 1255 192 48 printed

295 1309 129 40 from
457 1311 113 46 type
601 1319 61 30 on
692 1309 80 40 old
805 1309 253 41 Stratford
1089 1319 149 39 paper
1270 1311 96 39 and
1397 1320 85 30 are
1512 1312 338 47 autographed
1883 1314 60 46 by
1975 1314 83 40 the
2088 1313 225 42 author.”

295 1365 121 41 This
443 1375 121 40 copy
594 1365 43 41 is
664 1367 85 39 not
776 1366 279 41 numbered.

303 1422 53 53 ©
382 1427 118 39 Nov.
528 1427 69 46 14,
625 1424 111 42 1931;
792 1424 69 43 2c.
887 1426 120 39 Nov.
1034 1425 58 40 18;
1146 1424 83 41 aff.
1255 1426 120 40 Nov.
1403 1425 55 40 19;
1514 1427 43 39 A
1580 1426 146 41 44862;
1784 1429 53 40 E.
1864 1428 52 41 L.
1944 1430 227 47 Masters,
2199 1429 118 41 New

369 1484 146 40 York.
587 1482 282 50 (31-34213)

297 1565 202 53 Matas
525 1566 275 70 birthday
828 1568 226 53 volume;
1116 1587 31 34 a
1175 1565 298 55 collection
1500 1566 66 54 of
1591 1567 252 70 surgical
1869 1587 188 52 essays
2085 1569 232 55 written

367 1643 62 54 in
464 1644 183 52 honor
683 1643 65 53 of
787 1644 275 69 Rudolph
1098 1646 210 67 Matas,
1346 1646 140 52 New
1525 1644 272 71 Orleans;
1837 1645 143 54 with
2018 1650 100 51 102
367 1646 1921 147 illustrations,

666 1729 29 48 5
724 1724 61 52 in
815 1723 171 66 color,
1019 1724 114 53 and
1164 1721 253 71 portrait
1446 1722 64 54 of
1540 1725 104 55 Dr.
1676 1724 208 54 Matas.
1960 1725 140 54 New
2132 1725 181 64 York,

365 1802 65 53 P.
461 1803 67 53 B.
556 1801 247 69 Hoeber,
830 1800 128 70 inc.,
987 1805 151 50 1931.

366 1882 1708 51 xiii, 396 p. incl. illus., col. plates, diagrs. front. (port.) 27½ ᶜᵐ.
371 1941 210 40 “Eleven
623 1941 222 39 hundred
890 1940 162 47 copies
1093 1940 54 40 of
1188 1939 100 41 this
1330 1940 125 40 book
1494 1942 126 39 have
1661 1941 119 40 been
1823 1941 194 49 printed
2059 1942 53 40 of
2153 1943 159 40 which

297 2010 89 30 one
422 1999 247 41 thousand
704 2009 84 29 are
821 1998 80 39 for
936 1997 117 40 sale.
1116 1997 103 41 The
1254 1997 110 41 first
1399 1998 115 39 four
1548 1998 224 40 hundred
1806 2009 85 30 are
1927 1999 168 48 signed
2131 1999 61 48 by
2226 2000 85 41 Dr.

295 2057 178 39 Matas.
537 2055 119 40 This
683 2055 42 40 is
751 2065 119 38 copy
897 2054 205 40 number
1128 2053 129 41 639.”

368 2111 298 49 “Reprinted
701 2111 121 41 with
856 2111 251 41 additions
1142 2112 96 39 and
1272 2111 299 41 corrections
1604 2112 129 39 from
1768 2112 83 40 the
1886 2112 259 41 American

296 2113 1999 97 journal
414 2171 52 40 of
498 2179 203 39 surgery
745 2170 129 48 (new
906 2168 167 48 series,
1105 2167 93 43 vol.
1319 2201 9 16 XIV,
1360 2169 204 40 number
1595 2170 40 47 1,
1669 2169 118 48 Oct.,
1819 2169 179 49 1931)”

367 2226 352 49 Bibliography
747 2229 51 38 at
824 2227 93 39 end
942 2226 53 40 of
1022 2236 131 30 some
1178 2225 52 41 of
1257 2226 82 40 the
1367 2236 183 38 essays.

301 2282 52 52 ©
381 2287 117 39 Nov.
527 2286 69 45 11,
626 2283 114 42 1931;
796 2283 69 42 2c.
894 2285 96 39 and
1019 2282 82 40 aff.
1129 2284 118 40 Nov.
1277 2284 83 47 17;
1390 2284 41 39 A
1458 2283 172 49 44801;
1662 2285 124 39 Paul
1816 2285 55 41 B.
1901 2285 206 47 Hoeber,
2137 2285 92 40 inc.

382 2343 282 48 (31-34231)

293 2425 214 63 Millar,
539 2427 139 52 Mrs.
709 2423 186 53 Helen
926 2422 279 65 Jackson,
1235 2425 84 53 ed.

363 2502 56 53 A
459 2502 287 53 thousand
788 2502 157 53 ideas
987 2500 94 54 for
1123 2500 270 67 mothers,
1434 2500 78 70 by
1552 2500 188 53 Helen
1782 2500 253 54 Jackson
2077 2501 230 67 Millar;

293 2581 329 53 illustrated
657 2580 76 70 by
770 2579 218 53 Lillian
1027 2580 67 52 B.
1133 2578 281 55 Wuerfel.
1490 2579 140 53 New
1669 2577 182 70 York,
1889 2578 262 69 London,
2188 2578 122 54 The

294 2657 602 71 Century co. [ ᶜ19 31 ]
361 2737 853 51 x, 185 p. illus. 23 ᶜᵐ. $2.00
365 2795 1945 48 “Ideas for mothers, told by the mothers themselves … Under the
294 2852 2010 51 title, ‘Mothers and their children’, they have appeared … in several
292 2924 134 30 score
452 2913 54 40 of
531 2913 136 48 daily
693 2910 606 50 newspapers.”—Introd.

363 2970 379 49 Bibliography;
776 2979 43 39 p.
853 2968 100 42 185.

299 3026 52 52 ©
382 3030 119 41 Nov.
530 3029 70 43 24,
632 3027 113 41 1931;
804 3027 68 41 2c.
904 3028 96 39 and
1031 3026 81 42 aff.
1145 3027 117 40 Nov.
1294 3026 55 41 27;
1410 3026 41 39 A
1480 3024 145 42 44954;
1688 3026 215 48 Century
1933 3036 68 30 co.

377 3086 282 48 (31-34305)

291 3152 211 66 Miller,
534 3151 249 56 Francis
809 3149 351 67 Trevelyan,
1194 3150 173 57 1877-

362 3232 252 52 Thomas
654 3231 72 53 A.
771 3229 238 68 Edison,
1050 3227 334 55 benefactor
1427 3226 65 55 of
1532 3226 309 68 mankind;
1886 3227 96 53 the
2026 3223 283 56 romantic

291 3309 105 53 life
427 3315 159 63 story
617 3308 63 53 of
710 3309 96 52 the
838 3307 230 54 world’s
1099 3310 251 66 greatest
1381 3307 283 67 inventor,
1693 3304 77 71 by
1802 3304 242 53 Francis
291 3302 1990 154 Trevelyan

290 3380 1991 154 Miller … Philadelphia, Chicago [etc.] The John C. Winston company [ ᶜ19 31]
360 3546 87 41 320
472 3556 44 38 p.
576 3547 166 46 front.,
770 3546 143 48 illus.,
940 3545 172 49 plates,
1141 3546 166 48 ports.,
1335 3543 217 42 facsims.
1612 3542 117 43 22ᶜᵐ.

362 3603 288 41 Illustrated
678 3603 364 48 lining-papers.

298 3658 52 52 ©
375 3663 113 40 Dec.
511 3663 41 47 1,
575 3661 113 41 1931;
744 3662 66 41 2c.
837 3662 110 39 Dec.
974 3661 25 39 5;
1054 3659 81 41 aff.
1162 3660 111 40 Dec.
1300 3660 26 40 3;
1382 3660 40 39 A
1445 3658 173 47 45330;
1648 3659 127 40 John
1805 3657 48 41 C.
1880 3657 225 41 Winston
2132 3666 67 31 co.

379 3720 283 48 (31-34311)

291 3785 190 54 Music
509 3785 378 65 supervisors
915 3785 266 54 national
1212 3784 368 55 conference.

364 3858 1944 74 Yearbook … Twenty-fourth year, 1931. California music
290 3942 356 68 supervisors
694 3942 349 71 conference,
1088 3943 112 53 Los
1245 3940 268 71 Angeles,
1563 3938 345 72 California,
1953 3937 201 54 March
2204 3938 103 49 30-
