2428 4370
1013 3997 138 52 2101

91 376 202 65 Davis,
324 374 221 55 Harold
574 374 253 64 Thayer,
861 377 172 51 1892-

161 453 358 68 Philosophy
563 452 113 52 and
721 451 234 52 modern
1001 448 230 70 science,
1274 447 78 70 by
1397 446 302 55 Professor
1743 446 229 54 Harold
2021 446 64 52 T.

91 525 1827 73 Davis … Bloomington, Ind., The Principia press, 1931.
163 606 1701 55 xiv, 335 p. illus., VIII pl. (incl. front.) on 7 l., diagrs. 23½ᶜᵐ.
98 680 51 52 ©
179 684 101 40 Oct.
309 684 68 47 15,
405 681 113 42 1931;
576 682 66 41 2c.
671 682 110 39 Dec.
810 682 25 39 7;
893 679 81 42 aff.
1005 680 109 39 Dec.
1143 677 30 40 9;
1227 679 42 39 A
1294 676 145 43 46598;
1498 678 248 48 Principia
1773 688 149 39 press.

175 739 220 50 (32-420)

90 833 231 66 Devito,
345 833 155 54 John
525 832 72 56 A.

161 912 207 52 Pawns
401 909 64 54 of
497 908 243 70 destiny,
772 926 31 35 a
836 925 280 49 romance,
1147 906 75 69 by
1255 906 158 55 John
1446 906 72 52 A.
1553 905 226 54 Devito.
1856 907 233 67 Boston,

91 986 823 70 B. Humphries, inc. [ ᶜ19 31]
157 1071 87 40 252
271 1081 45 39 p.
374 1069 147 42 19½ᶜᵐ.

97 1137 51 52 ©
179 1142 113 46 May
318 1140 70 48 22,
418 1139 140 48 1931;
588 1139 65 39 2c.
685 1140 114 39 Nov.
831 1138 81 47 12;
1019 1170 8 9 aff.
1057 1138 111 39 Dec.
1200 1139 81 45 14;
1314 1137 43 38 A
1384 1136 171 47 45154;
1588 1136 157 39 Bruce
1776 1135 312 48 Humphries,

165 1198 90 40 inc.
325 1195 279 50 (31-33069)

88 1292 385 63 Drummond,
505 1290 224 54 Ronald
760 1289 202 55 Blake.

156 1368 122 52 The
314 1373 90 47 art
438 1366 63 54 of
538 1386 155 35 wave
729 1365 211 70 riding,
975 1366 75 69 by
1085 1365 127 52 Ron
1252 1365 374 52 Drummond.
1707 1363 379 70 [Hollywood,

88 1446 193 67 Calif.,
315 1446 122 52 The
471 1442 240 57 Cloister
745 1460 173 53 press,
1006 1445 119 66 ᶜ1931]

156 1524 688 51 3 p. l., 26 p. illus. 23 ᶜᵐ .
97 1595 51 52 ©
179 1599 126 47 Sept.
334 1596 69 50 19,
431 1597 113 40 1931;
600 1597 67 40 2c.
698 1597 127 46 Sept.
852 1596 58 40 26;
966 1596 81 41 aff.
1075 1596 117 40 Nov.
1221 1595 55 39 21;
1334 1596 40 39 A
1401 1594 144 41 44935;
1605 1596 54 40 R.
1690 1596 53 40 B.
1774 1595 315 50 Drummond,

164 1655 301 48 Hollywood,
490 1653 142 42 Calif.
704 1653 220 49 (32-116)

89 1762 209 62 Facey,
328 1758 209 54 Albert
567 1760 66 52 E.,
679 1761 74 64 jr.

156 1826 308 53 American
494 1825 189 53 rabbit
711 1825 246 67 culture;
992 1824 115 68 fur,
1139 1822 138 55 food
1307 1824 113 52 and
1452 1823 190 70 fancy,
1670 1823 76 69 by
1776 1824 72 52 A.
1878 1824 68 53 E.
88 1825 1974 148 Facey,

227 1901 1855 71 jr. Sellers ville, Pa., The Item publishing company [ ᶜ19 31]
158 1983 1105 53 199, [1] p. incl. front. (port.) illus. 19 ᶜᵐ .
96 2053 52 53 ©
176 2058 112 40 Dec.
315 2057 68 47 18,
412 2055 112 41 1931;
581 2054 67 42 2c.
677 2057 95 39 and
798 2055 82 40 aff.
909 2055 112 41 Dec.
1049 2053 56 41 19;
1161 2055 40 38 A
1227 2055 149 39 45556;
1432 2056 124 39 Item
1584 2055 107 48 pub.
1722 2067 67 28 co.

173 2113 222 50 (32-432)

89 2208 222 64 Fetter,
340 2207 199 53 Frank
566 2205 293 66 Whitson,
891 2210 171 51 1899-

157 2281 1867 72 Monetary inflation in Chile, by Frank Whitson Fetter …
87 2362 313 54 Published
432 2361 94 53 for
554 2361 97 53 the
678 2360 423 54 International
1131 2359 218 55 finance
1378 2360 212 54 section
1620 2360 66 54 of
1712 2361 99 54 the
87 2361 1976 131 Department

269 2439 64 54 of
361 2438 309 54 economics
701 2438 111 54 and
841 2437 174 55 social
1044 2437 357 54 institutions
1431 2438 61 53 in
1521 2438 309 54 Princeton
89 2439 1974 147 university,

272 2516 237 54 Walker
564 2515 360 53 foundation.
1017 2515 327 69 Princeton,
1399 2515 310 55 Princeton
1764 2516 322 72 university

90 2612 171 51 press,
295 2597 150 49 1931.

155 2674 105 48 xiii,
291 2674 72 50 [2],
391 2673 85 41 213
503 2683 42 39 p.
601 2674 181 48 diagrs.
834 2673 147 41 23½ᶜᵐ.
1049 2674 299 49 (Half-title:
1376 2673 335 43 Publications
1740 2674 54 41 of
1819 2675 82 41 the
88 2676 1980 96 International

329 2730 185 41 finance
541 2731 182 40 section
749 2731 51 40 of
822 2731 82 40 the
930 2730 322 48 Department
1276 2731 54 40 of
1353 2731 267 41 economics
1648 2732 96 40 and
1772 2731 147 42 social
86 2732 1981 96 institutions

297 2786 876 48 in Princeton university … vol. III)
157 2844 170 42 Issued
354 2844 102 41 also
484 2855 55 30 as
564 2844 153 41 thesis
755 2844 14 49 (PH.
941 2844 15 50 D.)
993 2843 260 43 Princeton
1280 2842 286 50 university.

159 2901 373 48 Bibliography:
565 2912 43 37 p.
661 2900 233 51 [197]-205.

95 2955 51 52 ©
181 2960 116 40 Nov.
333 2959 68 49 20,
437 2958 140 45 1931;
613 2959 68 41 2c.
715 2960 117 39 Nov.
867 2959 83 47 23;
987 2959 80 40 aff.
1105 2960 117 40 Nov.
1257 2960 83 47 21;
1376 2960 42 39 A
1450 2959 173 49 44940;
1661 2960 258 42 Princeton
1956 2961 130 42 univ.

161 3027 149 38 press.
380 3016 221 49 (32-417)

89 3109 194 65 Foley,
313 3109 198 56 Louis.

85 3183 1974 131 The greatest saint of France, by Louis Foley … with illustrations
84 3262 1975 145 by A. L. Warner. Milwaukee, Wis., Morehouse publishing co. [ ᶜ19 31 ]
156 3417 1144 54 xi, [1], 321. [1] p. incl. front., illus. 21½ ᶜᵐ .
156 3474 319 43 “References
503 3478 95 39 and
624 3477 164 41 notes”:
843 3488 45 37 p.
933 3476 235 51 [293]-321.

95 3528 51 52 ©
175 3533 126 47 Sept.
328 3535 38 45 1,
393 3533 112 40 1931;
561 3531 66 42 2c.
654 3535 96 38 and
776 3533 79 40 aff.
883 3534 112 41 Dec.
1021 3533 53 40 21;
1132 3536 41 37 A
1196 3534 145 41 46509;
1398 3536 288 40 Morehouse
1711 3535 282 49 publishing
2016 3546 66 32 co.

172 3589 219 48 (32-455)

89 3681 332 66 Frederick,
452 3683 200 63 Byron
683 3682 262 67 Clifford,
978 3689 171 50 1899-

157 3758 320 69 Summary,
503 3760 136 70 play
667 3760 63 52 of
756 3762 95 53 the
876 3762 183 53 hands
1085 3761 94 54 for
1206 3762 227 53 auction
1461 3762 112 54 and
1602 3768 252 49 contract
1880 3761 202 72 bridge

87 3836 239 68 players,
353 3836 75 69 by
454 3836 198 68 Byron
680 3836 61 55 C.
771 3837 321 55 Frederick.
1173 3839 242 69 [Kansas
1444 3839 152 70 City,
1621 3840 133 69 Mo.,
1780 3841 121 52 The
86 3840 1971 127 Keystone

277 3916 379 67 press, ᶜ19 31]
