2428 4370
992 4021 133 51 1961

63 376 295 54 Altamira
385 394 40 47 y
453 378 240 63 Crevea,
721 376 228 64 Rafael,
981 381 171 49 1866-

195 451 1852 71 … Histoire d’Espagne, par don Rafael Altamira y Crevea
124 529 756 70 … Paris, A. Colin, 1931.
134 610 99 50 222,
276 611 54 50 [2]
371 621 43 37 p.
474 611 145 40 17½ᶜᵐ.
693 610 288 49 (Collection
1020 612 214 40 Armand
1275 611 137 42 Colin
1461 611 217 49 (Section
1718 610 253 41 d’histoire
2008 615 38 37 el

61 668 209 41 sciences
301 667 357 49 economiques)
726 669 55 38 n°
809 667 109 48 139)

133 724 447 48 “Bibliographie”:
611 735 42 37 p.
704 724 97 49 [223]

67 776 1988 53 © June 27, 1931; 1c. Aug. 31; A—Foreign 13487; Max Leclerc & cie.,
135 838 151 39 Paris.
358 838 278 47 (31-34414)

62 932 374 54 Association
465 932 64 53 of
556 931 365 64 community
950 931 202 54 chests
1179 932 114 52 and
1323 930 273 56 councils.

133 1008 189 55 Social
357 1009 283 68 planning
674 1009 61 52 in
772 1008 350 68 community
1160 1008 181 53 chests
1379 1008 112 52 and
1531 1008 277 67 councils;
60 1008 1970 147 underlying

265 1086 330 68 principles,
639 1084 286 54 executive
970 1085 315 68 technique,
1332 1086 112 52 and
1491 1085 260 52 methods
1797 1084 64 54 of
1906 1085 142 69 joint

61 1161 1992 71 planning and action … New York, Association of community
60 1240 182 53 chests
268 1240 113 53 and
405 1239 266 69 councils,
699 1242 150 51 1931.

131 1320 57 40 47
215 1331 42 37 p.
318 1319 116 42 23ᶜᵐ.

131 1376 184 41 “Three
341 1376 226 48 chapters
591 1376 127 41 from
745 1388 27 30 a
798 1377 136 40 forth
962 1376 189 48 coming
1174 1376 257 41 handbook
1458 1388 61 29 on
1549 1377 81 40 the
1658 1376 395 42 administration

59 1432 54 41 of
137 1432 295 47 community
460 1433 162 41 chests
650 1434 96 39 and
775 1432 256 43 councils.”

66 1486 51 53 ©
147 1491 100 40 Oct.
278 1492 68 42 14,
375 1489 142 48 1931;
546 1491 67 40 2c.
643 1491 117 42 Nov.
791 1493 50 44 7;
874 1491 81 40 aff.
986 1492 117 40 Nov.
1133 1492 83 46 14;
1247 1492 39 39 A
1315 1491 173 47 44825;
1519 1491 308 41 Association
1857 1493 53 39 of
132 1503 1907 92 community

355 1548 158 40 chests
547 1548 37 40 &
618 1548 225 41 councils.
914 1548 279 48 (31-34199)

60 1640 267 55 Atlantic
356 1645 287 61 reporter.

130 1720 204 70 Digest
366 1723 65 52 of
460 1723 93 51 the
586 1722 259 53 Atlantic
879 1726 270 64 reporter.
1228 1725 131 49 1931
1393 1722 228 66 annual,
1655 1721 266 68 covering
60 1721 1975 130 Atlantic

261 1799 1796 68 reporter volumes 151-155 … with table of cases digested.
62 1875 212 54 Edited
311 1878 74 67 by
422 1877 96 52 the
555 1876 266 53 editorial
860 1875 133 54 staff
1032 1877 63 52 of
1132 1877 95 52 the
1265 1875 306 55 American
1609 1876 187 70 digest
1832 1880 225 66 system.

63 1952 82 55 St.
175 1954 164 68 Paul,
367 1954 161 53 West
554 1954 333 69 publishing
916 1972 97 50 co.,
1045 1957 151 49 1931.

129 2033 86 41 706
248 2044 43 38 p.
352 2033 115 42 26ᶜᵐ.

67 2086 50 52 ©
144 2091 116 39 Nov.
287 2089 69 48 28,
382 2089 142 48 1931;
550 2090 66 41 2c.
645 2091 110 40 Dec.
783 2090 82 48 12;
894 2090 82 41 aff.
1005 2091 110 40 Dec.
1144 2092 80 45 14;
1254 2091 41 39 A
1321 2091 171 47 45457;
1523 2092 135 40 West
1684 2090 279 50 publishing
1991 2104 64 29 co.

59 2199 212 64 Ayres,
300 2200 173 64 Ruby
499 2199 269 56 Mildred.

129 2277 160 53 Look
316 2281 58 49 to
400 2279 96 51 the
525 2277 216 69 spring.
822 2279 362 65 [Instalment
1212 2282 47 64 6]

142 2355 83 49 (In
251 2355 144 43 Mabs
424 2355 205 52 weekly,
657 2355 125 44 Nov.
812 2357 41 49 7,
884 2356 144 50 1931)

67 2410 1992 56 © 1c. Dec. 30, 1931; A ad int. 15916; pubd. Nov. 3; Ruby Mildred Ayres
133 2471 197 48 Pocock,
363 2472 300 48 Weybridge,
700 2473 190 47 Surrey,
925 2473 236 48 England.

62 2552 456 64 Baumgartner,
547 2551 360 65 Apollinaris
931 2551 275 57 William.

130 2627 259 55 Catholic
440 2626 365 69 journalism;
862 2648 31 34 a
945 2628 170 70 study
1168 2628 62 52 of
1281 2629 75 53 its
1407 2628 393 69 development
1851 2631 59 52 in
1961 2631 95 53 the

59 2704 215 54 United
324 2702 204 70 States,
580 2704 325 70 1789-1930,
952 2704 75 69 by
1076 2704 358 69 Apollinaris
1480 2705 89 53 W.
1620 2706 436 70 Baumgartner.

58 2779 135 54 New
233 2780 179 68 York,
450 2779 298 56 Columbia
784 2780 314 71 university
1136 2799 171 50 press,
1346 2786 149 51 1931.

128 2863 95 48 xvi,
250 2865 86 40 113
365 2875 58 38 p.,
448 2866 26 39 1
522 2896 10 9 l.
590 2863 116 40 21ᶜᵐ.

128 2918 202 43 “Thesis
365 2920 255 47 presented
657 2919 47 39 in
741 2918 179 49 partial
955 2919 279 42 fulfillment
1269 2922 53 39 of
1357 2921 82 42 the
1476 2922 350 49 requirements
1862 2926 80 40 for
1977 2928 79 38 the

60 2975 171 48 degree
269 2976 53 39 of
358 2978 181 37 master
577 2974 52 41 of
667 2973 184 42 science
888 2975 48 38 in
974 2975 289 47 journalism
1305 2980 50 37 at
1397 2978 247 41 Columbia
1686 2981 361 49 university.”—

59 3032 269 41 Foreword.

128 3086 373 50 Bibliography:
530 3097 43 38 p.
599 3086 214 41 105-107.

67 3142 52 51 ©
155 3146 101 39 Oct.
292 3146 39 47 1,
365 3143 108 41 1931;
541 3144 66 39 2c.
644 3143 102 40 Oct.
781 3143 50 45 1;
870 3141 80 41 aff.
987 3142 100 41 Oct.
1124 3143 53 47 5;
1214 3144 40 39 A
1288 3145 173 46 42882;
1500 3146 250 42 Columbia
1789 3148 269 43 university

135 3212 147 38 press.
358 3200 278 46 (31-34104)

61 3282 174 64 Beck,
264 3281 228 53 Verner
520 3281 62 54 C.

130 3359 125 51 Bon
259 3356 147 69 jour,
448 3357 205 66 soldat,
694 3355 75 69 by
809 3356 221 53 Verner
1074 3354 63 56 C.
1181 3357 170 52 Beck.
1428 3359 235 65 Boston,
1704 3362 191 67 Mass.,
1938 3364 119 53 The

63 3434 299 57 Stratford
390 3451 279 51 company
703 3436 191 64 [ᶜ1931]

131 3515 560 50 2 p. l., 191 p. 19½ᶜᵐ.
67 3571 1974 101 © Nov. 25, 1931; 2c. Dec. 1; aff. Dec. 4; A 46172; Stratford co ., publishers.
395 3629 279 49 (31-34002)

64 3710 266 64 Bentley,
356 3708 222 55 Wilson
606 3707 231 65 Alwyn,
867 3712 170 51 1865-

139 3789 169 54 Snow
349 3786 256 69 crystals,
644 3784 75 69 by
757 3786 90 52 W.
889 3785 71 53 A.
1003 3786 242 69 Bentley
1287 3787 113 52 and
1441 3788 89 54 W.
1573 3790 55 54 J.
1671 3791 388 71 Humphreys.

70 3870 83 49 1st
181 3866 84 53 ed.
340 3865 138 52 New
507 3862 164 54 York
699 3863 112 53 and
840 3863 259 67 London,
1126 3862 430 56 McGraw-Hill
1589 3867 146 57 book
1765 3888 298 53 company,

64 3944 125 67 inc.,
227 3944 151 53 1931.
