2505 4370
1079 4046 99 51 663

136 408 242 66 Hewitt,
409 410 252 52 Edward
689 407 340 65 Ringwood,
1061 413 170 50 1866-

201 483 196 53 Better
429 490 154 47 trout
615 488 263 62 streams;
913 482 150 54 their
1095 483 407 70 maintenance,
1537 483 139 53 with
1711 483 208 68 special

130 483 1977 150 reference to trout habits and food supply, by Edward R. Hewitt …
131 639 135 53 New
295 639 178 66 York,
499 638 254 67 London,
783 638 59 55 C.
872 637 311 56 Scribner’s
1209 657 145 50 sons,
1385 642 149 51 1931.

201 719 970 52 xii p., 1 l., 140 p. illus., plates. 21½ ᶜᵐ.
138 789 52 52 ©
219 794 114 47 Apr.
364 795 70 46 24,
467 792 139 48 1931;
638 792 68 41 2c.
738 794 114 46 May
883 793 53 46 1;
970 792 82 41 aff.
1085 792 114 48 Apr.
1230 791 84 49 29;
1350 793 40 38 A
1422 792 171 48 36864;
1630 792 201 42 Charles
1867 792 267 42 Scribner’s

205 860 125 31 sons.
401 849 278 49 (31-11706)

133 944 323 64 Hofmann,
488 943 209 54 Albert
727 960 131 50 von,
891 945 171 54 1867-

132 1023 1978 148 … Das deutsche land und die deutsche geschichte … Stuttgart [etc.]
474 1102 283 52 Deutsche
787 1101 482 69 verlags-anstalt,
1303 1104 149 50 1930.

199 1182 623 48 3 v. illus. (maps) 23 ᶜᵐ.
204 1237 1931 49 “Anstatt einbändig erscheint das buch jetzt in drei bänden … Der
118 1294 2016 48 ‘behandelte Stoff … hat sich jetzt bis auf unsere grenzgebiete und darüber
131 1352 175 39 hinaus
336 1352 314 47 ausgedehnt.
712 1352 73 38 Im
839 1351 125 39 süden
993 1353 169 38 wurde
1187 1353 88 38 das
1303 1351 314 48 Alpengebiet
1645 1351 393 48 miteinbezogen,
2067 1351 66 40 im

132 1412 179 36 westen
342 1408 78 40 die
449 1408 328 40 Niederlande
804 1408 146 39 sowie
980 1407 420 40 Nordfrankreich
1432 1409 97 38 und
1559 1408 124 39 auch
1716 1408 50 39 in
1797 1410 137 38 osten
1968 1408 165 40 wurde

131 1476 84 29 vor
245 1466 91 39 den
367 1464 289 49 politischen
687 1472 205 40 grenzen
923 1465 360 39 Deutschlands
1316 1464 135 40 nicht
1481 1464 106 39 halt
1617 1464 263 48 gemacht.”

478 1519 104 41 CONTENTS.—1.
620 1517 78 44 bd.
738 1521 92 40 Die
869 1522 237 46 lagerung
1145 1522 86 38 der
1271 1521 265 39 deutschen
1577 1520 275 48 geschichte
1893 1520 240 41 zwischen

129 1578 121 40 nord
283 1580 97 38 und
415 1575 210 43 süd.—2.
660 1574 79 43 bd.
772 1577 90 40 Die
894 1578 236 47 lagerung
1163 1577 86 40 der
1284 1577 264 40 deutschen
1582 1577 274 48 geschichte
1893 1577 240 40 zwischen

129 1638 121 37 west
291 1637 96 38 und
430 1632 193 43 ost.—3.
663 1630 77 43 bd.
784 1634 547 41 Südwestdeutschland
1373 1634 97 39 und
1513 1633 87 40 das
1641 1634 329 48 Alpengebiet.
2031 1634 102 41 Das

128 1692 231 41 deutsche
387 1691 309 41 küstenland.

137 1759 1995 109 © Nov. 12, 1930; 1c. each Dec. 31; A — Foreign 10988; Deutsche verlags-anstalt. (31-11063)
132 1916 195 62 Jones,
360 1914 245 55 Charles
635 1914 175 54 Reed.

206 1989 1927 70 The Rum row murders, by Charles Reed Jones … New
141 2069 1201 68 York, The Macaulay company [ ᶜ19 31 ]
201 2153 86 39 314
323 2163 42 37 p.
457 2149 26 41 19½ᶜᵐ.

135 2218 52 52 ©
221 2224 112 46 May
364 2223 39 47 5,
436 2221 112 41 1931;
610 2221 68 41 2c.
711 2222 112 47 May
856 2221 28 41 8;
942 2220 82 41 aff.
1058 2222 113 47 May
1203 2221 26 40 7;
1291 2220 42 40 A
1364 2219 144 42 37204;
1572 2219 258 49 Macaulay
1863 2230 67 30 co.

212 2279 280 49 (31-11728)

130 2374 214 64 Keller,
375 2374 254 52 Edward
658 2373 83 64 L.,
772 2392 179 50 comp.

198 2448 175 54 Great
419 2464 247 38 sermons
710 2448 74 67 by
828 2464 191 52 young
1066 2447 314 68 preachers,
1427 2446 279 68 compiled
1752 2447 74 69 by
1875 2446 254 53 Edward

130 2523 1589 70 L. Keller … New York, R. R. Smith, inc., 1931.
197 2607 391 49 xii, 244 p. 19½ ᶜᵐ.
136 2676 52 52 ©
219 2681 111 47 Apr.
360 2680 72 48 30,
463 2679 113 41 1931;
637 2679 68 42 2c.
738 2681 94 38 and
865 2679 82 42 aff.
979 2680 114 46 May
1126 2681 24 37 1;
1213 2680 43 38 A
1285 2679 144 41 37111;
1492 2678 215 41 Richard
1741 2679 55 41 R.
1833 2678 172 49 Smith,
2039 2679 92 40 inc.

213 2736 278 50 (31-11799)

130 2832 319 65 Kiessling,
479 2830 291 57 Wilhelm.

198 2910 117 51 Der
351 2908 285 54 rothirsch
670 2908 118 52 und
824 2908 151 52 seine
1008 2907 156 69 jagd.
1296 2925 71 34 Von
1402 2908 90 53 W.
1528 2907 311 70 Kiessling.
1912 2910 48 51 2.
1998 2908 128 53 aufl.

130 2987 112 52 Mit
271 2989 31 48 2
334 2984 574 55 farbendrucktafeln
937 2986 117 51 und
1084 2985 100 53 275
1216 2985 529 68 textabbildungen,
1776 2986 168 53 sowie
132 2987 1973 130 zahlreichen

381 3064 202 53 leisten
609 3064 117 51 und
795 3064 269 67 vignetten.
1141 3063 337 67 Neudamm,
1506 3062 55 54 J.
1592 3063 318 69 Neumann,
1944 3068 149 50 1925.

201 3145 1443 49 vi p., 1 l., 607, [1] p. illus., 3 col. pl. (2 fold.) 25½ᶜᵐ.
202 3203 117 40 “Die
402 3202 460 47 weidmannssprache
898 3203 83 38 des
1017 3201 422 48 hochwildjägers.
1505 3202 502 50 Zusammenstellung
2044 3206 85 39 der

131 3260 81 40 für
242 3261 87 38 das
359 3258 194 41 rotwild
582 3258 98 40 und
708 3258 131 39 seine
866 3258 115 48 jagd
1010 3258 405 48 gebräuchlichen
1446 3258 442 41 weidmännischen
1919 3260 210 40 bezeich-

133 3315 215 49 uungen”:
406 3326 44 37 p.
481 3314 247 50 [589]-603.

136 3383 1880 52 © Nov. 23, 1925; 1c. Mar. 9, 1926; A —Foreign 11147; J. Neumann.
212 3442 279 51 (31-11011)

130 3539 270 63 Leopold,
433 3536 167 58 Aldo.

197 3614 216 66 Report
439 3630 69 34 on
537 3631 30 33 a
592 3629 161 50 game
776 3630 203 53 survey
1005 3612 62 52 of
1092 3614 95 51 the
1213 3612 171 53 north
1413 3613 212 52 central
1651 3617 188 62 states,
1863 3613 163 52 made
2052 3613 74 69 by

127 3690 151 52 Aldo
313 3689 253 68 Leopold
605 3688 93 53 for
732 3689 94 52 the
863 3689 279 68 Sporting
1180 3708 150 34 arms
1368 3690 112 51 and
1518 3689 375 52 ammunition

130 3708 1972 112 manufacturers’
452 3766 256 54 institute
734 3766 178 52 under
940 3766 275 53 direction
1242 3766 63 52 of
1330 3767 73 52 its
1430 3766 332 55 Committee
1789 3785 70 34 on

128 3774 1974 218 restoration and protection of game … Madison, Wis. [Democrat printing company, printers] 1931.
