2505 4370
1280 4021 105 57 776

322 352 239 68 Jullian,
592 352 243 56 Camille
862 353 202 66 Louis,
1094 360 174 50 1859-

454 428 1886 74 … Au seuil de notre histoire; leçons faites au Collège de
325 510 2023 132 France (Chaire d’histoire et antiquités nationales) … I.1905-1914.
554 590 804 71 Paris, Boivin & c ⁱᵉ [1930]
323 684 2003 107 4 p. l., 256 p. 19 ½ᶜᵐ . (Bibliothèque de la Revue des cours et conférences)
397 808 65 39 At
491 807 126 40 head
648 807 52 40 of
728 807 135 41 title:
898 808 208 41 Camille
1136 808 203 41 Jullian.

330 872 1711 111 © Feb. 1, 1930; 1c Mar. 21; A—Foreign 6980; Boivin & cie. (31-12837)
321 1028 281 66 Karazin,
632 1028 217 56 Nikolaĭ
900 1029 411 70 Nikolaevich,
1344 1036 329 51 1842-1908.

455 1106 1889 74 … Cranes flying south; translated from the Russian by
319 1184 80 54 M.
435 1185 370 70 Pokrovsky;
840 1185 330 55 illustrated
1200 1187 78 69 by
1311 1188 153 54 Yera
1499 1188 174 53 Bock.
1743 1188 141 53 New
1918 1187 183 70 York,
2134 1188 211 54 Junior

319 1263 243 70 literary
591 1264 183 69 guild,
807 1267 153 51 1931.

393 1359 1038 52 5 p. l., 235 p. incl. illus., plates. 21ᶜᵐ.
394 1433 65 39 At
483 1432 127 40 head
635 1433 53 39 of
713 1432 109 41 title:
876 1433 58 42 N.
959 1434 237 42 Karazin.

393 1489 131 42 Title
550 1500 64 30 on
638 1489 31 40 2
692 1490 179 42 leaves.

393 1547 294 40 Illustrated
716 1548 100 47 t.-p.
845 1548 98 40 and
969 1546 371 51 lining-papers.

394 1603 165 42 “First
584 1603 231 42 edition.”

330 1657 52 54 ©
409 1662 115 49 Apr.
552 1662 41 49 1,
619 1660 116 42 1931;
792 1662 68 41 2c.
888 1663 114 48 May
1030 1663 28 38 4;
1115 1661 83 42 aff.
1226 1663 115 48 May
1370 1662 59 40 15;
1484 1663 41 38 A
1553 1660 144 42 38261;
1756 1662 262 49 Magdalen
2047 1662 299 50 Pokrovsky,

395 1721 120 40 New
550 1721 144 40 York.
766 1720 283 50 (31-26864)

321 1815 300 65 Kearney,
651 1815 207 54 James
884 1815 66 55 F.

394 1895 366 69 Psychology
787 1895 62 52 in
876 1895 97 53 the
998 1914 124 34 new
1150 1894 318 71 literature,
1493 1896 76 68 by
1596 1895 196 54 James
1820 1895 67 53 F.
1915 1893 290 72 Kearney,
2264 1935 11 12 S.
2336 1936 11 13 J.

329 1973 292 69 [Chicago]
656 1973 220 68 Loyola
906 1973 321 71 university
1259 1992 176 52 press,
1467 1976 152 50 1931.

388 2066 594 49 xi p., 1 l., 85 p. 20ᶜᵐ.
330 2135 52 52 ©
410 2139 115 48 Apr.
553 2139 69 46 30,
651 2137 112 42 1931;
822 2141 68 39 2c.
919 2140 95 40 and
1042 2139 83 41 aff.
1153 2139 115 48 May
1296 2140 27 38 4;
1380 2140 42 39 A
1449 2139 145 41 36908;
1653 2140 180 48 Loyola
1866 2139 131 43 univ.
2025 2149 153 39 press.

408 2196 283 49 (31-12845)

322 2290 263 66 Keliher,
614 2291 165 55 Alice
808 2290 294 66 Virginia,
1133 2297 174 50 1903-

393 2371 58 53 A
476 2371 223 54 critical
725 2373 173 68 study
922 2372 66 53 of
1011 2372 420 69 homogeneous
1455 2371 310 71 grouping,
1790 2371 145 55 with
1959 2391 32 35 a
2017 2370 245 70 critique
2283 2370 66 55 of

319 2449 2004 133 measurement as the basis for classification, by Alice V. Keliher …
594 2529 139 53 New
761 2529 164 53 York
952 2528 134 71 city,
1112 2529 282 53 Teachers
1423 2529 229 69 college,
1680 2527 303 57 Columbia
2009 2528 340 71 university,

326 2611 151 50 1931.

326 2687 2005 107 vi p., 1 l., 165 p. diagrs. 23½ᶜᵐ. (Teachers college, Columbia university. Contributions to education, no. 452)
399 2817 265 42 Published
691 2818 105 40 also
824 2828 54 30 as
906 2817 154 41 thesis
1098 2817 107 49 (PH.
1268 2815 33 49 D.)
1340 2816 253 43 Columbia
1624 2816 302 50 university;
1956 2827 30 30 a
2016 2825 251 40 summary
2296 2814 52 42 of

323 2874 112 43 this,
470 2875 82 39 the
586 2874 234 47 complete
856 2875 159 46 study,
1050 2884 104 30 was
1184 2873 261 49 published
1478 2874 51 40 in
1562 2872 131 49 1930,
1729 2873 104 41 also
1868 2872 123 42 with
2025 2871 157 44 thesis
2214 2873 128 45 note,

327 2933 156 39 under
519 2932 109 40 title:
696 2932 41 39 A
775 2932 193 40 critical
1006 2933 148 47 study
1192 2932 53 41 of
1283 2932 356 48 homogeneous
1678 2931 241 50 grouping
1956 2931 51 41 in
2045 2931 301 47 elementary

325 2990 206 41 schools.

328 3044 2000 109 List of experimental studies in homogeneous grouping: p. 93; “General bibliography” at end of parts I and II.
331 3172 52 52 ©
422 3177 114 47 Apr.
573 3175 27 40 9,
651 3174 111 42 1931;
831 3174 68 42 2c.
938 3176 114 50 May
1090 3176 26 39 7;
1183 3175 83 40 aff.
1305 3176 115 47 May
1457 3176 55 39 11;
1581 3175 42 39 A
1657 3174 147 42 38080;
1871 3174 243 41 Teachers
2153 3174 192 48 college,

400 3234 252 41 Columbia
687 3234 129 39 univ.
893 3232 282 49 (31-13236)

325 3327 222 66 Lavell,
575 3330 139 55 Mrs.
744 3327 205 56 Edith.

395 3405 1952 73 Linda Carlton’s island adventure, by Edith Lavell … New
327 3486 180 69 York,
536 3486 271 69 Chicago,
834 3485 71 53 A.
932 3486 66 52 L.
1026 3485 150 53 Burt
1202 3503 284 52 company
1516 3488 194 64 [ᶜ1931]

392 3564 87 41 287
510 3574 44 38 p.
614 3565 149 40 front.
826 3564 145 41 19½ᶜᵐ.
1044 3565 128 48 (Her
1203 3564 158 41 Linda
1396 3562 203 43 Carlton
1635 3564 176 49 series)

332 3632 52 52 ©
413 3637 115 47 May
554 3635 69 48 21,
652 3635 107 41 1931;
823 3637 66 40 2c.
919 3637 95 39 and
1043 3635 80 41 aff.
1154 3637 114 47 May
1296 3635 83 48 22;
1408 3636 42 39 A
1477 3635 172 48 38330;
1679 3635 56 43 A.
1764 3636 51 39 L.
1845 3636 126 39 Burt
1999 3645 68 31 co.

411 3693 282 48 (31-13224)

324 3786 135 65 Lee,
489 3787 344 67 Archibald,
864 3794 172 50 1881-

394 3864 74 52 In
514 3864 97 53 the
655 3865 241 68 market,
941 3866 76 68 by
1063 3865 321 53 Archibald
1432 3865 127 52 Lee.
1636 3865 242 52 London
1949 3869 120 61 [etc.]
2126 3861 213 56 Cassell

323 3941 114 54 and
466 3958 299 55 company,
794 3942 103 55 ltd.
934 3946 173 66 [1931]
