2505 4370
1287 4068 68 52 78

324 381 297 66 Rabelais,
658 382 302 68 François,
998 387 135 51 1490
1179 385 359 67 (ca.)-1553?

392 459 342 70 Gargantua
785 461 113 52 and
948 461 376 69 Pantagruel,
1373 461 75 70 by
1500 463 275 64 François
1826 463 298 68 Rabelais;
2177 466 162 52 wood

322 538 348 70 engravings
719 538 75 57 by
844 539 260 54 Howard
1158 537 217 58 Simon.
1464 540 139 54 New
1657 541 181 68 York,
1890 542 48 53 I.
1990 542 349 71 Washburn,

322 619 151 51 1930.

390 697 1477 53 xxii p., 2 ]., 3-720 p. front., 1 illus., plates. 24½ ᶜᵐ .
326 751 1997 112 © Dec. 16, 1930; 2c. Jan. 26, 1931; aff. Jan. 24; A 32995; Ives Washburn, inc. [© illustrations] (31-2790) 486
322 908 206 65 Reese,
562 909 203 55 Curtis
797 909 316 67 Williford,
1150 912 172 54 1887-

389 986 1950 73 Humanist religion, by Curtis W. Reese … New York, The
654 1068 508 67 Macmillan company, 1931.
389 1145 58 40 95
472 1155 43 38 p.
577 1145 147 40 17½ᶜᵐ.

324 1201 1735 54 © Jan. 20, 1931; 2c. and aff. Jan. 21; A 33279; Macmillan co.
401 1262 253 50 (31-2668)
2160 1264 91 45 487

324 1359 321 65 Roberson,
676 1359 251 55 Charles
954 1360 216 55 Heber.

386 1435 179 55 What
605 1436 166 55 Jesus
811 1437 236 68 taught;
1090 1438 382 67 interspersed
1512 1439 142 53 with
1696 1459 31 34 a
1770 1438 152 53 brief
1963 1438 375 73 word-study,

318 1515 259 68 together
628 1514 141 53 with
820 1516 96 51 the
965 1523 245 47 customs
1262 1516 113 53 and
1427 1516 307 53 traditions
1784 1516 64 53 of
1896 1516 112 54 His
2058 1516 154 68 time,
2264 1518 74 70 by

318 1592 2016 73 Charles Heber Roberson … Austin, Tex., Firm foundation
317 1670 337 72 publishing
680 1673 189 68 house,
901 1676 150 51 1930.

386 1753 468 49 15, 736 p. 221 ᶜᵐ .
321 1811 52 52 ©
408 1816 120 39 Nov.
562 1815 40 46 3,
638 1814 141 47 1930';
816 1816 66 39 2c.
920 1816 95 39 and
1051 1815 81 40 aff.
1172 1816 110 39 Dec.
1318 1814 83 47 29;
1440 1815 39 39 A
1515 1814 172 47 32795;
1727 1815 135 39 Firm
1896 1815 296 41 foundation
2227 1816 110 48 pub.

390 1874 164 39 house.
626 1871 252 50 (31-2891)
2153 1870 89 44 488

319 1969 277 63 Roberts,
630 1969 227 53 Walter
891 1968 264 54 Charles.

384 2045 137 54 Just
554 2044 93 52 for
680 2044 137 67 fun;
855 2045 226 67 rhymes
1114 2045 75 71 by
1224 2045 221 53 Walter
1482 2044 236 56 Charles
1753 2045 259 66 Roberts,
2047 2045 291 69 drawings

315 2122 2016 72 by Catherine G. Selle … [Evanston, Ill., New York, etc.]
313 2201 1152 69 Row, Peterson and company [ ᶜ193 1 3
384 2281 639 49 3 p. l. , 58 p. illus. 19 ᶜᵐ
320 2339 2014 53 © Jan. 1, 1931; 2c. and aff. Jan. 19; A 32982; Row, Peterson & co.,
388 2402 265 45 Evanston,
688 2401 75 39 Ill.
835 2398 252 50 (31-2679)
2152 2396 90 44 489

317 2497 249 63 Rogers,
596 2495 318 54 Frederick
945 2495 189 63 Rand,
1166 2499 174 51 1894-

383 2573 275 71 Physical
688 2573 265 70 capacity
984 2577 167 65 tests;
1185 2579 161 47 notes
1380 2591 72 34 on
1483 2572 215 70 testing
1728 2572 327 71 techniques
2090 2575 113 52 and
2236 2576 97 51 the

313 2652 367 70 significance
715 2653 64 52 of
812 2658 154 64 tests,
999 2651 76 69 by
1110 2651 313 55 Frederick
1457 2651 170 54 Rand
1663 2653 235 69 Rogers.
1976 2653 139 53 New
2152 2653 180 68 York,

313 2732 71 55 A.
421 2732 56 56 S.
511 2733 219 52 Barnes
765 2731 113 53 and
912 2748 299 51 company,
1246 2729 422 69 incorporated,
1703 2734 149 50 1931.

384 2786 953 78 viii p., 1 l., 50, [3] p. illus. 19½ ᶜᵐ .
319 2869 2013 52 © Jan. 7, 1931; 2c. Jan. 9; aff. Jan. 14: A 33132; A. S. Barnes & co.,
389 2930 91 41 inc.
553 2928 252 49 (31-2013)
2150 2926 90 44 490

316 3025 173 65 Rose,
519 3026 155 53 John
706 3027 231 62 Carter,
970 3025 328 55 1861-1927.

383 3104 387 55 Jurisdiction
798 3104 113 53 and
939 3104 316 68 procedure
1282 3102 65 54 of
1373 3103 96 53 the
1496 3101 221 55 federal
1745 3107 208 62 courts,
1980 3102 74 69 by
2082 3103 158 54 John
2270 3102 62 55 C.

313 3180 1958 70 Rose … 4th ed., rev. and enl. to date by Byron F. Babbitt …
314 3259 2018 71 with foreword by John C. Knox … Albany, N. Y., M. Bender
312 3342 45 50 &
388 3357 300 50 company,
721 3338 422 70 incorporated,
1178 3342 153 50 1931.

382 3420 1444 50 xxxix, 994, 102 p., 1 l. illus. (map) 26 ᶜᵐ . $15.00
319 3475 2013 52 © Jan. 19, 1930; 2c. Jan. 21; aff. Jan. 20; A 32906; Matthew Bender &
386 3546 81 38 co.,
501 3536 91 39 inc.
663 3534 252 51 (31-2151)
2147 3531 90 45 491

316 3633 282 63 Rosman,
628 3630 165 55 Alice
825 3631 208 55 Grant.

384 3710 149 54 Jock
563 3710 95 52 the
695 3709 162 68 Scot;
894 3710 96 52 the
1024 3711 343 52 adventures
1401 3707 64 54 of
1497 3710 96 53 the
1626 3709 114 70 dog
1773 3707 64 55 of
1868 3709 96 52 the
1993 3711 175 51 house
2201 3709 126 52 who

314 3805 145 50 gave
501 3806 78 51 up
619 3792 155 49 town
817 3786 107 53 life
965 3792 58 47 to
1067 3806 105 34 run
1219 3805 29 34 a
1294 3792 242 62 country
1579 3792 194 62 estate,
1814 3788 76 69 by
1931 3785 165 55 Alice
2138 3786 187 56 Grant

313 3863 1985 152 Rosman; with illustrations by Joan Esley. New York, Minton, Balch & company [ᶜ193 0]
