2505 4370
1270 4045 103 51 146

371 450 492 50 xii, 153, [1] p. 19 ᶜᵐ.
372 508 353 47 Bibliography
753 509 52 38 at
832 507 92 40 end
952 506 52 41 of
1030 507 119 39 each
1177 507 216 47 chapter.

307 561 51 54 ©
386 566 112 41 Dec.
525 566 69 49 31,
622 564 141 48 1930;
792 564 66 42 2c.
887 565 94 40 and
1010 563 82 43 aff.
1120 564 111 42 Jan.
1259 563 69 49 12,
1355 562 143 49 1931;
1527 562 42 41 A
1595 562 171 49 33264;
1798 564 288 41 Morehouse
2115 563 109 50 pub.
2252 575 67 30 co.

387 622 253 50 (31-3883)

302 720 250 64 Burton,
583 718 191 56 Miles.

377 797 122 53 The
528 804 179 48 secret
732 795 66 55 of
824 796 166 70 High
1020 795 344 54 Eldersham
1417 794 94 71 [by]
1544 794 170 55 Miles
1745 796 243 52 Burton.
2062 794 262 54 London.

306 876 145 53 Pub.
477 874 96 54 for
594 876 98 52 the
715 873 193 56 Crime
931 875 129 52 club
1084 874 123 68 ltd.,
1228 874 76 69 by
1326 874 92 54 W.
1443 872 220 56 Collins
1687 892 129 35 sons
1839 875 47 51 &
1907 890 80 36 co.
2011 872 104 54 ltd.
2166 874 136 51 [1930]

371 956 384 51 249, [1] p. 19 ᶜᵐ.
309 1011 2017 52 © 1c Jan. 27, 1931; A ad int. 14717; pubd. Dec. 1, 1930; Mystery
376 1074 185 46 league,
592 1073 104 47 inc.,
727 1073 118 39 New
873 1073 145 40 York.
1091 1072 254 49 (31-3875)

306 1168 232 64 Corser,
567 1168 169 54 Jean.

375 1248 368 67 Manuscript
788 1247 263 70 writing;
1099 1268 32 33 a
1174 1248 308 53 handbook
1525 1249 73 68 by
1641 1249 148 53 Jean
1834 1246 217 55 Corser.
306 1245 1997 150 Cleveland,

492 1324 1393 71 O., The Harter publishing company [ ᶜ1 931]
375 1404 1160 50 1 p. l. , 5-61 p. illus. (incl. facsims.) 28 ᶜᵐ.
376 1461 192 41 “Books
596 1473 60 28 on
686 1462 201 48 writing
914 1462 96 41 and
1042 1461 258 49 lettering”:
1360 1472 44 38 p.
1432 1461 160 41 45-46.

311 1515 52 52 ©
395 1520 112 40 Jan.
537 1520 39 47 8,
607 1518 142 49 1931;
781 1519 66 41 2c.
881 1520 110 40 Jan.
1022 1519 82 48 19;
1138 1520 82 41 aff.
1253 1520 111 41 Jan.
1395 1520 82 47 17;
1510 1520 42 39 A
1581 1519 172 48 33256;
1787 1520 186 40 Harter
2004 1520 111 48 pub.
2147 1530 68 30 co.

389 1575 254 49 (31-3829)

309 1671 329 67 Crawford,
670 1672 193 55 Lewis
895 1674 326 66 Ferandus,
1255 1675 171 56 1870-
1641 1676 86 54 ed.

375 1748 248 71 History
665 1750 66 53 of
773 1752 188 52 North
1005 1752 250 67 Dakota,
1295 1752 75 70 by
1414 1752 185 54 Lewis
1642 1753 66 51 F.
1753 1751 338 67 Crawford;
2138 1751 188 53 North

306 1829 1959 70 Dakota biography by a separate staff of special writers …
307 1907 255 70 Chicago
593 1909 114 51 and
737 1908 140 53 New
909 1907 181 69 York,
1120 1909 123 52 The
1272 1908 308 54 American
1610 1908 298 53 historical
1939 1907 232 69 society,
2202 1908 127 67 inc.,

308 1989 152 50 1931.

378 2069 1746 50 3 V. front., illus. (incl. facsim.) plates, ports., fold. map. 26½ ᶜᵐ.
379 2126 354 49 Bibliography
760 2129 51 39 at
838 2129 91 38 end
958 2128 51 39 of
1036 2138 131 30 some
1195 2127 52 40 of
1274 2128 82 39 the
1383 2128 244 48 chapters.

315 2180 51 53 ©
395 2185 112 41 Jan.
534 2185 69 47 31,
633 2184 107 40 1931;
805 2184 67 41 2c.
902 2185 116 39 each
1049 2185 110 40 Feb.
1188 2186 53 45 3;
1274 2184 82 42 aff.
1387 2185 111 39 Feb.
1528 2184 52 48 9;
1611 2184 42 40 A
1681 2184 172 48 33620;
1884 2184 146 40 Amer.
2073 2184 256 43 historical

383 2243 196 48 society,
609 2242 91 40 inc.
773 2241 251 49 (31-3914)

309 2337 368 54 Dartmouth
706 2338 237 64 college.
1018 2340 179 53 Amos
1225 2340 160 53 Tuck
1412 2340 193 53 school
1632 2341 63 68 of
1721 2339 469 54 administration
2218 2341 114 52 and

380 2418 236 67 finance.
695 2418 340 54 Committee
1069 2437 73 35 on
1171 2418 277 54 research.

378 2492 241 55 Manual
652 2511 72 35 on
758 2493 256 53 research
1048 2495 112 53 and
1193 2499 240 63 reports,
1466 2493 141 53 with
1641 2493 210 69 special
1885 2492 355 70 application
2272 2498 58 49 to

311 2570 436 70 investigations
787 2571 61 53 in
889 2572 96 54 the
1026 2571 132 54 field
1199 2571 65 54 of
1301 2571 271 70 business,
1613 2571 327 71 economics,
1983 2571 113 55 and
2137 2571 195 69 public

311 2648 214 56 affairs.
607 2650 198 53 Issued
847 2650 75 69 by
968 2651 97 53 the
1110 2648 338 56 Committee
1492 2668 72 34 on
1608 2650 252 54 research
1910 2649 64 53 of
2016 2650 97 52 the
2153 2649 178 54 Amos

309 2727 163 54 Tuck
499 2727 190 55 school
719 2728 65 53 of
813 2727 467 55 administration
1313 2728 112 54 and
1456 2727 236 71 finance,
1721 2728 350 52 Dartmouth
2104 2727 228 70 college,

308 2806 292 69 Hanover,
637 2806 138 55 New
812 2805 368 71 Hampshire.
1254 2805 334 72 Baltimore,
1623 2807 121 52 The
1781 2804 290 56 Williams
2107 2806 47 52 &
310 2804 1996 137 Wilkins

470 2904 298 53 company,
797 2889 151 51 1931.

382 2965 469 51 108 p. illus. 19 ᶜᵐ.
384 3024 239 41 “General
657 3024 170 49 guides
861 3026 49 39 to
945 3022 380 44 information”:
1363 3035 43 38 p.
1442 3023 172 48 96-99;
1652 3024 307 41 “Statistical
1995 3025 135 40 work
2166 3025 51 41 of
2252 3024 79 42 the

312 3080 182 43 United
533 3081 163 41 States
735 3083 316 46 government
1089 3082 96 39 and
1225 3082 85 39 the
1343 3081 184 41 states”:
1597 3092 42 38 p.
1679 3081 202 41 100-101;
1949 3081 353 50 Bibliography:

312 3148 44 39 p.
386 3138 221 41 102-103.

319 3195 52 52 ©
404 3198 112 42 Jan.
547 3198 69 48 28,
649 3197 113 41 1931;
824 3197 67 40 2c.
924 3199 94 38 and
1052 3196 81 42 aff.
1168 3197 110 40 Jan.
1311 3195 82 49 29;
1429 3197 39 38 A
1499 3195 173 48 34050;
1707 3196 210 41 Wilkins
1951 3196 36 41 &
2019 3196 211 40 Wilkins
2264 3207 68 29 co.

397 3256 254 49 (31-3846)

314 3350 87 54 De
433 3351 230 64 Forest,
693 3350 181 54 Louis
905 3351 357 64 Effingham,
1298 3356 170 50 1891-

383 3427 1883 70 The Van Cortlandt family, by L. Effingham De Forest …
313 3505 1762 70 New York, The Historical publication society [ ᶜ1 930]
387 3586 473 51 [33] p. illus. 26 ᶜᵐ.
385 3643 276 48 “Prepared
692 3655 55 29 as
777 3655 62 30 an
870 3645 221 48 example
1123 3644 53 42 of
1204 3646 83 41 the
1321 3645 197 42 articles
1552 3648 48 39 to
1633 3645 56 42 be
1722 3645 225 41 included
1981 3644 49 40 in
2061 3644 84 41 the
2178 3642 151 42 series

313 3699 51 39 of
393 3699 217 41 volumes
640 3701 204 41 entitled
874 3701 101 41 The
1005 3702 77 41 old
1115 3702 118 41 New
1264 3702 131 40 York
1424 3702 231 46 families,
1685 3701 157 42 which
1873 3700 100 41 will
2003 3700 56 41 be
2092 3700 235 48 prepared

313 3756 155 39 under
510 3757 81 40 the
632 3757 229 41 editorial
906 3758 306 47 supervision
1256 3759 52 41 of
1349 3758 51 41 L.
1444 3758 268 49 Effingham
1759 3759 56 40 de
1861 3758 174 40 Forest
2078 3757 97 39 and
314 3754 1997 97 published

498 3811 62 48 by
588 3814 81 39 the
698 3813 270 41 Historical
998 3815 302 47 publication
1332 3814 226 48 society.”

382 3866 350 51 Bibliography:
791 3880 43 37 p.
867 3869 174 52 [31-33]

319 3919 52 52 ©
411 3924 129 48 Sept.
577 3925 68 49 26,
684 3926 141 44 1930,
864 3928 67 40 2c.
969 3929 111 40 Jan.
1116 3931 69 43 28,
1225 3929 108 39 1931;
1407 3929 81 42 aff.
1529 3930 110 40 Jan.
1677 3930 52 48 7;
1769 3929 41 40 A
1847 3928 172 49 34064;
2061 3925 269 41 Historical

385 3982 302 53 publication
717 3985 196 50 society.
986 3985 227 51 (31-4086)
