<alto xmlns="http://www.loc.gov/standards/alto/ns-v3#" xmlns:xlink="http://www.w3.org/1999/xlink" xmlns:xsi="http://www.w3.org/2001/XMLSchema-instance" xsi:schemaLocation="http://www.loc.gov/standards/alto/ns-v3# http://www.loc.gov/alto/v3/alto-3-0.xsd"><Description>
<MeasurementUnit>pixel</MeasurementUnit>
<sourceImageInformation>
<fileName>1931_v28_Part001.pdf</fileName>
</sourceImageInformation>
<OCRProcessing ID="IdOcr">
<ocrProcessingStep>
<processingDateTime>2019-04-22</processingDateTime>
<processingSoftware>
<softwareCreator>ABBYY</softwareCreator>
<softwareName>ABBYY Recognition Server</softwareName>
<softwareVersion>4.0</softwareVersion>
</processingSoftware>
</ocrProcessingStep>
</OCRProcessing>
</Description>
<Styles>
<ParagraphStyle ID="StyleId-FFFFFFFF-FFFF-FFFF-FFFF-FFFFFFFFFFFF-" ALIGN="Left" LEFT="0." RIGHT="0." FIRSTLINE="0."/>
<ParagraphStyle ID="StyleId-204B5AEB-67A1-44E2-A013-34B3A0F3E0EA-" ALIGN="Right" LEFT="0." RIGHT="0." FIRSTLINE="0." LINESPACE="8.300000191"/>
<ParagraphStyle ID="StyleId-03245871-796C-4429-B3C7-F9019C8C5B89-" ALIGN="Left" LEFT="0." RIGHT="0." FIRSTLINE="0." LINESPACE="12.19999981"/>
<ParagraphStyle ID="StyleId-BDCA8811-25FF-44DB-8D6F-2072A4ABC070-" ALIGN="Center" LEFT="0." RIGHT="0." FIRSTLINE="0." LINESPACE="12.19999981"/>
<ParagraphStyle ID="StyleId-2C5B7DF0-AF87-455E-B9A8-6FE387CB59BD-" ALIGN="Left" LEFT="0." RIGHT="0." FIRSTLINE="-13." LINESPACE="8.479999542"/>
<ParagraphStyle ID="StyleId-9FB72FA1-55D5-4161-8333-823D5732F4D0-" ALIGN="Block" LEFT="0." RIGHT="0." FIRSTLINE="-14." LINESPACE="10."/>
<ParagraphStyle ID="StyleId-212AEB8C-A829-4BF1-8E45-5BFE386A469C-" ALIGN="Block" LEFT="0." RIGHT="0." FIRSTLINE="-14." LINESPACE="11.35000038"/>
<ParagraphStyle ID="StyleId-4EC79CC1-EA62-49CE-ABB6-D84DDFCF4C7D-" ALIGN="Block" LEFT="0." RIGHT="0." FIRSTLINE="-10." LINESPACE="12.19999981"/>
<ParagraphStyle ID="StyleId-DAF2E8EE-6444-4951-9284-36A6C020C887-" ALIGN="Left" LEFT="0." RIGHT="0." FIRSTLINE="0." LINESPACE="9.399999619"/>
<ParagraphStyle ID="StyleId-25241749-1672-4977-B19F-38F59800D6D8-" ALIGN="Left" LEFT="0." RIGHT="0." FIRSTLINE="0." LINESPACE="11.10000038"/>
<ParagraphStyle ID="StyleId-8C523E19-EDEF-4F23-B010-536E1A1AAE1A-" ALIGN="Left" LEFT="0." RIGHT="0." FIRSTLINE="-13." LINESPACE="12.19999981"/>
<ParagraphStyle ID="StyleId-A1F9DE9E-2625-4D8B-AD7E-F0A0034C2989-" ALIGN="Block" LEFT="0." RIGHT="0." FIRSTLINE="0." LINESPACE="12.19999981"/>
<ParagraphStyle ID="StyleId-5725BB01-2B1C-440F-BAF2-696C4F4DF162-" ALIGN="Block" LEFT="0." RIGHT="0." FIRSTLINE="13." LINESPACE="12.19999981"/>
<ParagraphStyle ID="StyleId-F10A2092-61AA-44FD-99C2-123B3A8051CF-" ALIGN="Left" LEFT="0." RIGHT="0." FIRSTLINE="0." LINESPACE="5.5"/>
<ParagraphStyle ID="StyleId-B3CDC8CC-D2E1-4A23-B67C-CDD40993D1DD-" ALIGN="Left" LEFT="0." RIGHT="0." FIRSTLINE="0." LINESPACE="10."/>
<ParagraphStyle ID="StyleId-871EBF53-D909-4C8F-B368-AC7D897344DD-" ALIGN="Left" LEFT="0." RIGHT="0." FIRSTLINE="0."/>
<ParagraphStyle ID="StyleId-C4129744-680B-4878-B2C4-44BA3742C8D7-" ALIGN="Block" LEFT="0." RIGHT="0." FIRSTLINE="-14." LINESPACE="11.35000038"/>
<ParagraphStyle ID="StyleId-9CE98075-0B04-43D4-88D8-CE3BAB51B419-" ALIGN="Block" LEFT="0." RIGHT="0." FIRSTLINE="-10." LINESPACE="12.19999981"/>
<ParagraphStyle ID="StyleId-B2CFB7B3-DFFA-4E0E-94D6-C2BCE88DA9A9-" ALIGN="Left" LEFT="0." RIGHT="0." FIRSTLINE="0." LINESPACE="12.5"/>
<ParagraphStyle ID="StyleId-8D3352F3-1084-4DDE-A35D-B97102CCE686-" ALIGN="Left" LEFT="0." RIGHT="0." FIRSTLINE="0." LINESPACE="11.60000038"/>
<ParagraphStyle ID="StyleId-4A8DDA0D-166D-4E22-A597-BA51B892602D-" ALIGN="Block" LEFT="0." RIGHT="0." FIRSTLINE="0." LINESPACE="11.21000004"/>
<ParagraphStyle ID="StyleId-90EA4001-AA3C-45A1-AEDC-D1E1169EE5E5-" ALIGN="Block" LEFT="0." RIGHT="0." FIRSTLINE="13." LINESPACE="12.19999981"/>
</Styles>
<Layout>
<Page ID="Page701" PHYSICAL_IMG_NR="701" HEIGHT="4370" WIDTH="2505">
<TopMargin HEIGHT="350" WIDTH="2505" VPOS="0" HPOS="0">
</TopMargin>
<LeftMargin HEIGHT="3587" WIDTH="104" VPOS="350" HPOS="0">
</LeftMargin>
<RightMargin HEIGHT="3587" WIDTH="365" VPOS="350" HPOS="2140">
</RightMargin>
<BottomMargin HEIGHT="433" WIDTH="2505" VPOS="3937" HPOS="0">
<TextBlock ID="Page701_Block1" HEIGHT="134" WIDTH="325" VPOS="3958" HPOS="1008" LANG="en-US" STYLEREFS="StyleId-23FD788B-F2DC-4932-A521-29298B30DC93-">
<TextLine HEIGHT="58" WIDTH="102" VPOS="3967" HPOS="1061">
<String CONTENT="701" HEIGHT="58" WIDTH="102" VPOS="3967" HPOS="1061"/>
</TextLine>
</TextBlock>
</BottomMargin>
<PrintSpace HEIGHT="3587" WIDTH="2036" VPOS="350" HPOS="104">
<TextBlock ID="Page701_Block2" HEIGHT="3587" WIDTH="2036" VPOS="350" HPOS="104" LANG="en-US" CS="1" STYLEREFS="StyleId-7156F8EE-8ABB-475E-9106-3520734AE744-">
<TextLine HEIGHT="50" WIDTH="575" VPOS="440" HPOS="190" CS="1">
<String CONTENT="3" HEIGHT="41" WIDTH="28" VPOS="442" HPOS="190"/>
<SP HEIGHT="48" WIDTH="27" VPOS="442" HPOS="219"/>
<String CONTENT="p." HEIGHT="38" WIDTH="44" VPOS="452" HPOS="247"/>
<SP/>
<String CS="1" CONTENT="l.," HEIGHT="17" WIDTH="9" VPOS="471" HPOS="359"/>
<SP HEIGHT="48" WIDTH="29" VPOS="440" HPOS="369"/>
<String CONTENT="259" HEIGHT="42" WIDTH="88" VPOS="440" HPOS="399"/>
<SP HEIGHT="47" WIDTH="26" VPOS="441" HPOS="488"/>
<String CONTENT="p." HEIGHT="38" WIDTH="44" VPOS="450" HPOS="515"/>
<SP HEIGHT="40" WIDTH="58" VPOS="440" HPOS="560"/>
<String CS="1" CONTENT="19&#189;&#7580;&#7504;." HEIGHT="9" WIDTH="10" VPOS="471" HPOS="755"/>
</TextLine>
<TextLine HEIGHT="51" WIDTH="1432" VPOS="493" HPOS="193">
<String CONTENT="London" HEIGHT="40" WIDTH="198" VPOS="497" HPOS="193"/>
<SP HEIGHT="29" WIDTH="30" VPOS="508" HPOS="392"/>
<String CONTENT="edition" HEIGHT="41" WIDTH="184" VPOS="497" HPOS="423"/>
<SP HEIGHT="48" WIDTH="43" VPOS="496" HPOS="608"/>
<String CONTENT="(John" HEIGHT="48" WIDTH="151" VPOS="496" HPOS="652"/>
<SP HEIGHT="41" WIDTH="33" VPOS="494" HPOS="804"/>
<String CONTENT="Lane)" HEIGHT="48" WIDTH="155" VPOS="494" HPOS="838"/>
<SP HEIGHT="48" WIDTH="42" VPOS="494" HPOS="994"/>
<String CONTENT="has" HEIGHT="40" WIDTH="89" VPOS="494" HPOS="1037"/>
<SP HEIGHT="38" WIDTH="34" VPOS="496" HPOS="1127"/>
<String CONTENT="title:" HEIGHT="42" WIDTH="136" VPOS="493" HPOS="1162"/>
<SP HEIGHT="39" WIDTH="35" VPOS="494" HPOS="1299"/>
<String CONTENT="The" HEIGHT="40" WIDTH="100" VPOS="494" HPOS="1335"/>
<SP HEIGHT="41" WIDTH="31" VPOS="493" HPOS="1436"/>
<String CONTENT="brink." HEIGHT="41" WIDTH="157" VPOS="493" HPOS="1468"/>
</TextLine>
<TextLine HEIGHT="52" WIDTH="1993" VPOS="565" HPOS="130" CS="1">
<String CONTENT="&#169;" HEIGHT="52" WIDTH="51" VPOS="565" HPOS="130"/>
<SP HEIGHT="52" WIDTH="31" VPOS="565" HPOS="182"/>
<String CONTENT="May" HEIGHT="40" WIDTH="112" VPOS="569" HPOS="214"/>
<SP HEIGHT="42" WIDTH="29" VPOS="567" HPOS="327"/>
<String CONTENT="8," HEIGHT="48" WIDTH="38" VPOS="567" HPOS="357"/>
<SP HEIGHT="47" WIDTH="31" VPOS="568" HPOS="396"/>
<String CS="1" CONTENT="1931;" HEIGHT="42" WIDTH="112" VPOS="566" HPOS="428"/>
<SP HEIGHT="47" WIDTH="30" VPOS="567" HPOS="569"/>
<String CONTENT="2c." HEIGHT="42" WIDTH="67" VPOS="567" HPOS="600"/>
<SP HEIGHT="41" WIDTH="30" VPOS="568" HPOS="668"/>
<String CONTENT="May" HEIGHT="47" WIDTH="113" VPOS="568" HPOS="699"/>
<SP HEIGHT="49" WIDTH="29" VPOS="566" HPOS="813"/>
<String CS="1" CONTENT="13;" HEIGHT="41" WIDTH="54" VPOS="566" HPOS="843"/>
<SP/>
<String CS="1" CONTENT="aff."/>
<SP HEIGHT="40" WIDTH="30" VPOS="567" HPOS="1041"/>
<String CONTENT="May" HEIGHT="46" WIDTH="113" VPOS="567" HPOS="1072"/>
<SP HEIGHT="47" WIDTH="30" VPOS="566" HPOS="1186"/>
<String CS="1" CONTENT="14;" HEIGHT="40" WIDTH="55" VPOS="565" HPOS="1217"/>
<SP HEIGHT="42" WIDTH="34" VPOS="565" HPOS="1300"/>
<!-- cceid E784EBF2-6E8D-1014-9CF5-AEB3FCA41D69 --><String CONTENT="A" HEIGHT="40" WIDTH="39" VPOS="565" HPOS="1335"/>
<SP HEIGHT="41" WIDTH="28" VPOS="565" HPOS="1375"/>
<String CS="1" CONTENT="37315;" HEIGHT="41" WIDTH="144" VPOS="565" HPOS="1404"/>
<SP HEIGHT="47" WIDTH="33" VPOS="565" HPOS="1576"/>
<String CONTENT="Dodd," HEIGHT="48" WIDTH="153" VPOS="565" HPOS="1610"/>
<SP HEIGHT="47" WIDTH="33" VPOS="566" HPOS="1764"/>
<String CONTENT="Mead" HEIGHT="39" WIDTH="141" VPOS="566" HPOS="1798"/>
<SP HEIGHT="40" WIDTH="31" VPOS="565" HPOS="1940"/>
<String CONTENT="&amp;" HEIGHT="40" WIDTH="37" VPOS="565" HPOS="1972"/>
<SP HEIGHT="41" WIDTH="29" VPOS="565" HPOS="2010"/>
<String CONTENT="co.," HEIGHT="38" WIDTH="83" VPOS="577" HPOS="2040"/>
</TextLine>
<TextLine HEIGHT="48" WIDTH="439" VPOS="624" HPOS="195" CS="1">
<String CONTENT="inc." HEIGHT="41" WIDTH="90" VPOS="625" HPOS="195"/>
<SP/>
<String CONTENT="(31-12126)" HEIGHT="48" WIDTH="277" VPOS="624" HPOS="357"/>
</TextLine>
<TextLine HEIGHT="66" WIDTH="776" VPOS="718" HPOS="124" STYLEREFS="StyleId-33FC9B40-1612-415F-A973-453AA9314793-">
<String CONTENT="Reeves," HEIGHT="63" WIDTH="242" VPOS="721" HPOS="124"/>
<SP HEIGHT="64" WIDTH="29" VPOS="720" HPOS="367"/>
<String CONTENT="Grace" HEIGHT="53" WIDTH="185" VPOS="720" HPOS="397"/>
<SP HEIGHT="55" WIDTH="30" VPOS="718" HPOS="583"/>
<String CONTENT="Gardner." HEIGHT="55" WIDTH="286" VPOS="718" HPOS="614"/>
</TextLine>
<TextLine HEIGHT="71" WIDTH="1805" VPOS="792" HPOS="253" STYLEREFS="StyleId-33FC9B40-1612-415F-A973-453AA9314793-" CS="1">
<String CS="1" CONTENT="&#8230;"/>
<SP HEIGHT="51" WIDTH="32" VPOS="797" HPOS="253"/>
<String CONTENT="Problems" HEIGHT="53" WIDTH="296" VPOS="796" HPOS="286"/>
<SP HEIGHT="54" WIDTH="27" VPOS="795" HPOS="583"/>
<String CONTENT="in" HEIGHT="52" WIDTH="59" VPOS="795" HPOS="611"/>
<SP HEIGHT="54" WIDTH="29" VPOS="793" HPOS="671"/>
<String CONTENT="food" HEIGHT="54" WIDTH="137" VPOS="793" HPOS="701"/>
<SP HEIGHT="52" WIDTH="29" VPOS="795" HPOS="839"/>
<String CONTENT="and" HEIGHT="53" WIDTH="112" VPOS="794" HPOS="869"/>
<SP HEIGHT="53" WIDTH="28" VPOS="794" HPOS="982"/>
<String CONTENT="the" HEIGHT="54" WIDTH="96" VPOS="793" HPOS="1011"/>
<SP HEIGHT="54" WIDTH="30" VPOS="793" HPOS="1108"/>
<String CONTENT="family," HEIGHT="70" WIDTH="224" VPOS="793" HPOS="1139"/>
<SP HEIGHT="67" WIDTH="26" VPOS="794" HPOS="1364"/>
<String CONTENT="by" HEIGHT="68" WIDTH="75" VPOS="794" HPOS="1391"/>
<SP HEIGHT="70" WIDTH="30" VPOS="792" HPOS="1467"/>
<String CONTENT="Grace" HEIGHT="55" WIDTH="182" VPOS="792" HPOS="1498"/>
<SP HEIGHT="55" WIDTH="28" VPOS="792" HPOS="1681"/>
<String CONTENT="G." HEIGHT="55" WIDTH="70" VPOS="792" HPOS="1710"/>
<SP HEIGHT="52" WIDTH="29" VPOS="794" HPOS="1781"/>
<String CONTENT="Reeves" HEIGHT="52" WIDTH="213" VPOS="794" HPOS="1811"/>
<SP HEIGHT="35" WIDTH="33" VPOS="811" HPOS="2025"/>
<String CS="1" CONTENT="&#8230;"/>
</TextLine>
<TextLine HEIGHT="69" WIDTH="1823" VPOS="870" HPOS="122" STYLEREFS="StyleId-33FC9B40-1612-415F-A973-453AA9314793-" CS="1">
<String CONTENT="in" HEIGHT="52" WIDTH="58" VPOS="872" HPOS="122"/>
<SP HEIGHT="34" WIDTH="27" VPOS="891" HPOS="181"/>
<String CONTENT="collaboration" HEIGHT="53" WIDTH="410" VPOS="872" HPOS="209"/>
<SP HEIGHT="34" WIDTH="30" VPOS="890" HPOS="620"/>
<String CONTENT="with" HEIGHT="52" WIDTH="140" VPOS="872" HPOS="651"/>
<SP HEIGHT="52" WIDTH="27" VPOS="871" HPOS="792"/>
<String CONTENT="Mabel" HEIGHT="53" WIDTH="191" VPOS="871" HPOS="820"/>
<SP HEIGHT="51" WIDTH="30" VPOS="872" HPOS="1012"/>
<String CONTENT="B." HEIGHT="50" WIDTH="66" VPOS="873" HPOS="1043"/>
<SP HEIGHT="51" WIDTH="31" VPOS="872" HPOS="1110"/>
<String CONTENT="Trilling" HEIGHT="69" WIDTH="255" VPOS="870" HPOS="1142"/>
<SP HEIGHT="50" WIDTH="32" VPOS="889" HPOS="1398"/>
<String CS="1" CONTENT="&#8230;"/>
<SP HEIGHT="33" WIDTH="35" VPOS="889" HPOS="1489"/>
<String CONTENT="and" HEIGHT="53" WIDTH="112" VPOS="870" HPOS="1525"/>
<SP HEIGHT="53" WIDTH="33" VPOS="870" HPOS="1638"/>
<String CONTENT="Florence" HEIGHT="53" WIDTH="273" VPOS="870" HPOS="1672"/>
</TextLine>
<TextLine HEIGHT="224" WIDTH="1977" VPOS="870" HPOS="120" STYLEREFS="StyleId-33FC9B40-1612-415F-A973-453AA9314793-" CS="1">
<String LANG="en-US" CONTENT="Williams" HEIGHT="132" WIDTH="1975" VPOS="870" HPOS="122"/>
<SP HEIGHT="34" WIDTH="35" VPOS="968" HPOS="287"/>
<String LANG="en-US" CS="1" CONTENT="&#8230;"/>
<SP/>
<String LANG="en-US" CONTENT="94" HEIGHT="50" WIDTH="66" VPOS="951" HPOS="456"/>
<SP HEIGHT="52" WIDTH="30" VPOS="948" HPOS="523"/>
<String LANG="en-US" CONTENT="illustrations." HEIGHT="53" WIDTH="395" VPOS="948" HPOS="554"/>
<SP HEIGHT="55" WIDTH="72" VPOS="947" HPOS="950"/>
<String LANG="en-US" CONTENT="Chicago," HEIGHT="70" WIDTH="269" VPOS="947" HPOS="1023"/>
<SP HEIGHT="68" WIDTH="32" VPOS="948" HPOS="1293"/>
<String LANG="en-US" CONTENT="London" HEIGHT="53" WIDTH="241" VPOS="947" HPOS="1326"/>
<SP HEIGHT="48" WIDTH="38" VPOS="966" HPOS="1568"/>
<String LANG="en-US" CS="1" CONTENT="[etc.]" HEIGHT="62" WIDTH="120" VPOS="951" HPOS="1625"/>
<SP HEIGHT="67" WIDTH="40" VPOS="946" HPOS="1746"/>
<String LANG="fr" CONTENT="J." HEIGHT="55" WIDTH="58" VPOS="946" HPOS="1787"/>
<SP HEIGHT="50" WIDTH="32" VPOS="949" HPOS="1846"/>
<String LANG="fr" CONTENT="B." HEIGHT="51" WIDTH="70" VPOS="949" HPOS="1879"/>
<SP HEIGHT="53" WIDTH="32" VPOS="947" HPOS="1950"/>
<String LANG="fr" CONTENT="Lippincott" HEIGHT="147" WIDTH="1977" VPOS="947" HPOS="120"/>
</TextLine>
<TextLine HEIGHT="67" WIDTH="510" VPOS="1028" HPOS="372" STYLEREFS="StyleId-33FC9B40-1612-415F-A973-453AA9314793-" CS="1">
<String CONTENT="company" HEIGHT="52" WIDTH="281" VPOS="1043" HPOS="372"/>
<SP HEIGHT="50" WIDTH="35" VPOS="1045" HPOS="654"/>
<String CONTENT="[" HEIGHT="34" WIDTH="13" VPOS="1058" HPOS="690"/>
<String STYLE="superscript" CS="1" CONTENT="&#7580;193"/>
<String CONTENT="1]" HEIGHT="64" WIDTH="46" VPOS="1028" HPOS="836"/>
</TextLine>
<TextLine HEIGHT="51" WIDTH="1930" VPOS="1103" HPOS="190" CS="1">
<String CONTENT="xiii" HEIGHT="40" WIDTH="91" VPOS="1106" HPOS="190"/>
<SP HEIGHT="48" WIDTH="21" VPOS="1106" HPOS="282"/>
<String LANG="fr" CONTENT="p.," HEIGHT="38" WIDTH="58" VPOS="1116" HPOS="304"/>
<SP HEIGHT="47" WIDTH="23" VPOS="1107" HPOS="363"/>
<String CONTENT="1" HEIGHT="39" WIDTH="27" VPOS="1107" HPOS="387"/>
<SP/>
<String CS="1" CONTENT="l.," HEIGHT="15" WIDTH="7" VPOS="1138" HPOS="474"/>
<SP HEIGHT="47" WIDTH="25" VPOS="1106" HPOS="482"/>
<String CONTENT="350" HEIGHT="42" WIDTH="86" VPOS="1105" HPOS="508"/>
<SP HEIGHT="48" WIDTH="20" VPOS="1105" HPOS="595"/>
<String CONTENT="p." HEIGHT="37" WIDTH="43" VPOS="1116" HPOS="616"/>
<SP HEIGHT="40" WIDTH="59" VPOS="1106" HPOS="660"/>
<String CONTENT="illus.," HEIGHT="48" WIDTH="144" VPOS="1106" HPOS="720"/>
<SP HEIGHT="47" WIDTH="24" VPOS="1107" HPOS="865"/>
<String CONTENT="diagrs." HEIGHT="48" WIDTH="179" VPOS="1105" HPOS="890"/>
<SP HEIGHT="41" WIDTH="58" VPOS="1104" HPOS="1070"/>
<String CONTENT="20" HEIGHT="41" WIDTH="56" VPOS="1104" HPOS="1129"/>
<String STYLE="superscript" CS="1" CONTENT="&#7580;&#7504;"/>
<String CONTENT="." HEIGHT="9" WIDTH="9" VPOS="1137" HPOS="1236"/>
<SP HEIGHT="48" WIDTH="71" VPOS="1105" HPOS="1246"/>
<String CONTENT="(Lippincott&#8217;s" HEIGHT="50" WIDTH="341" VPOS="1103" HPOS="1318"/>
<SP HEIGHT="40" WIDTH="25" VPOS="1105" HPOS="1660"/>
<String CONTENT="home" HEIGHT="40" WIDTH="140" VPOS="1105" HPOS="1686"/>
<SP HEIGHT="31" WIDTH="24" VPOS="1114" HPOS="1827"/>
<String CONTENT="economics" HEIGHT="42" WIDTH="268" VPOS="1104" HPOS="1852"/>
</TextLine>
<TextLine HEIGHT="47" WIDTH="154" VPOS="1162" HPOS="121">
<String CONTENT="texts)" HEIGHT="47" WIDTH="154" VPOS="1162" HPOS="121"/>
</TextLine>
<TextLine HEIGHT="49" WIDTH="1593" VPOS="1216" HPOS="192">
<String CONTENT="&#8220;References" HEIGHT="41" WIDTH="319" VPOS="1217" HPOS="192"/>
<SP HEIGHT="41" WIDTH="26" VPOS="1216" HPOS="512"/>
<String CONTENT="for" HEIGHT="41" WIDTH="80" VPOS="1216" HPOS="539"/>
<SP HEIGHT="39" WIDTH="26" VPOS="1217" HPOS="620"/>
<String CONTENT="further" HEIGHT="40" WIDTH="197" VPOS="1217" HPOS="647"/>
<SP HEIGHT="29" WIDTH="26" VPOS="1227" HPOS="845"/>
<String CONTENT="reading&#8221;" HEIGHT="49" WIDTH="230" VPOS="1216" HPOS="872"/>
<SP HEIGHT="41" WIDTH="29" VPOS="1216" HPOS="1103"/>
<String CONTENT="at" HEIGHT="39" WIDTH="53" VPOS="1218" HPOS="1133"/>
<SP HEIGHT="39" WIDTH="27" VPOS="1218" HPOS="1187"/>
<String CONTENT="end" HEIGHT="40" WIDTH="94" VPOS="1217" HPOS="1215"/>
<SP HEIGHT="40" WIDTH="28" VPOS="1217" HPOS="1310"/>
<String CONTENT="of" HEIGHT="39" WIDTH="53" VPOS="1216" HPOS="1339"/>
<SP HEIGHT="42" WIDTH="24" VPOS="1216" HPOS="1393"/>
<String CONTENT="each" HEIGHT="41" WIDTH="120" VPOS="1217" HPOS="1418"/>
<SP HEIGHT="40" WIDTH="29" VPOS="1217" HPOS="1539"/>
<String CONTENT="chapter." HEIGHT="46" WIDTH="216" VPOS="1218" HPOS="1569"/>
</TextLine>
<TextLine HEIGHT="51" WIDTH="1884" VPOS="1286" HPOS="129" CS="1">
<String LANG="en-US" CONTENT="&#169;" HEIGHT="51" WIDTH="51" VPOS="1286" HPOS="129"/>
<SP HEIGHT="51" WIDTH="27" VPOS="1286" HPOS="181"/>
<String LANG="en-US" CONTENT="Feb." HEIGHT="40" WIDTH="110" VPOS="1290" HPOS="209"/>
<SP HEIGHT="40" WIDTH="26" VPOS="1290" HPOS="320"/>
<String LANG="en-US" CONTENT="12," HEIGHT="47" WIDTH="69" VPOS="1289" HPOS="347"/>
<SP HEIGHT="46" WIDTH="28" VPOS="1290" HPOS="417"/>
<String LANG="en-US" CS="1" CONTENT="1931;" HEIGHT="42" WIDTH="113" VPOS="1287" HPOS="446"/>
<SP HEIGHT="47" WIDTH="27" VPOS="1288" HPOS="589"/>
<String LANG="en-US" CONTENT="2c." HEIGHT="42" WIDTH="68" VPOS="1288" HPOS="617"/>
<SP HEIGHT="31" WIDTH="27" VPOS="1299" HPOS="686"/>
<String LANG="en-US" CONTENT="and" HEIGHT="38" WIDTH="95" VPOS="1290" HPOS="714"/>
<SP/>
<String LANG="en-US" CS="1" CONTENT="aff."/>
<SP HEIGHT="40" WIDTH="29" VPOS="1289" HPOS="920"/>
<String LANG="en-US" CONTENT="May" HEIGHT="47" WIDTH="113" VPOS="1289" HPOS="950"/>
<SP HEIGHT="47" WIDTH="27" VPOS="1289" HPOS="1064"/>
<String LANG="en-US" CS="1" CONTENT="16;" HEIGHT="40" WIDTH="55" VPOS="1288" HPOS="1092"/>
<SP HEIGHT="47" WIDTH="29" VPOS="1288" HPOS="1175"/>
<!-- cceid E78587DB-6E8D-1014-9CF5-AEB3FCA41D69 --><String LANG="en-US" CONTENT="A" HEIGHT="39" WIDTH="43" VPOS="1288" HPOS="1205"/>
<SP HEIGHT="40" WIDTH="25" VPOS="1288" HPOS="1249"/>
<String LANG="en-US" CS="1" CONTENT="37336;" HEIGHT="40" WIDTH="147" VPOS="1288" HPOS="1275"/>
<SP HEIGHT="47" WIDTH="31" VPOS="1288" HPOS="1447"/>
<String LANG="fr" CONTENT="J." HEIGHT="41" WIDTH="43" VPOS="1288" HPOS="1479"/>
<SP HEIGHT="41" WIDTH="28" VPOS="1288" HPOS="1523"/>
<String LANG="fr" CONTENT="B." HEIGHT="41" WIDTH="55" VPOS="1288" HPOS="1552"/>
<SP HEIGHT="41" WIDTH="28" VPOS="1288" HPOS="1608"/>
<String LANG="fr" CONTENT="Lippincott" HEIGHT="48" WIDTH="280" VPOS="1288" HPOS="1637"/>
<SP HEIGHT="38" WIDTH="26" VPOS="1291" HPOS="1918"/>
<String LANG="en-US" CONTENT="co." HEIGHT="31" WIDTH="68" VPOS="1298" HPOS="1945"/>
</TextLine>
<TextLine HEIGHT="50" WIDTH="280" VPOS="1344" HPOS="204">
<String CONTENT="(31-12952)" HEIGHT="50" WIDTH="280" VPOS="1344" HPOS="204"/>
</TextLine>
<TextLine HEIGHT="67" WIDTH="694" VPOS="1438" HPOS="121" STYLEREFS="StyleId-33FC9B40-1612-415F-A973-453AA9314793-">
<String LANG="fr" CONTENT="Ries," HEIGHT="66" WIDTH="158" VPOS="1438" HPOS="121"/>
<SP HEIGHT="63" WIDTH="28" VPOS="1441" HPOS="280"/>
<String LANG="en-US" CONTENT="Heinrich," HEIGHT="66" WIDTH="303" VPOS="1439" HPOS="309"/>
<SP HEIGHT="59" WIDTH="30" VPOS="1446" HPOS="613"/>
<String LANG="en-US" CONTENT="1871-" HEIGHT="56" WIDTH="171" VPOS="1439" HPOS="644"/>
</TextLine>
<TextLine HEIGHT="70" WIDTH="1929" VPOS="1516" HPOS="192" STYLEREFS="StyleId-33FC9B40-1612-415F-A973-453AA9314793-" CS="1">
<String CONTENT="Engineering" HEIGHT="69" WIDTH="393" VPOS="1516" HPOS="192"/>
<SP HEIGHT="51" WIDTH="24" VPOS="1535" HPOS="586"/>
<String CONTENT="geology," HEIGHT="68" WIDTH="258" VPOS="1518" HPOS="611"/>
<SP HEIGHT="68" WIDTH="27" VPOS="1516" HPOS="870"/>
<String CONTENT="by" HEIGHT="69" WIDTH="74" VPOS="1516" HPOS="898"/>
<SP HEIGHT="68" WIDTH="25" VPOS="1517" HPOS="973"/>
<String LANG="fr" CONTENT="H." HEIGHT="52" WIDTH="77" VPOS="1517" HPOS="999"/>
<SP HEIGHT="52" WIDTH="29" VPOS="1517" HPOS="1077"/>
<String LANG="fr" CONTENT="Ries" HEIGHT="54" WIDTH="133" VPOS="1516" HPOS="1107"/>
<SP HEIGHT="35" WIDTH="33" VPOS="1535" HPOS="1241"/>
<String CS="1" CONTENT="&#8230;"/>
<SP HEIGHT="32" WIDTH="33" VPOS="1537" HPOS="1331"/>
<String CONTENT="and" HEIGHT="52" WIDTH="113" VPOS="1517" HPOS="1365"/>
<SP HEIGHT="52" WIDTH="27" VPOS="1517" HPOS="1479"/>
<String CONTENT="Thomas" HEIGHT="54" WIDTH="250" VPOS="1516" HPOS="1507"/>
<SP HEIGHT="53" WIDTH="26" VPOS="1517" HPOS="1758"/>
<String CONTENT="L." HEIGHT="52" WIDTH="65" VPOS="1517" HPOS="1785"/>
<SP HEIGHT="54" WIDTH="27" VPOS="1517" HPOS="1851"/>
<String CONTENT="Watson" HEIGHT="54" WIDTH="242" VPOS="1517" HPOS="1879"/>
</TextLine>
<TextLine HEIGHT="70" WIDTH="1715" VPOS="1593" HPOS="182" STYLEREFS="StyleId-33FC9B40-1612-415F-A973-453AA9314793-" CS="1">
<String CS="1" CONTENT="&#8230;"/>
<SP HEIGHT="49" WIDTH="68" VPOS="1597" HPOS="182"/>
<String CONTENT="4th" HEIGHT="51" WIDTH="97" VPOS="1595" HPOS="251"/>
<SP HEIGHT="52" WIDTH="29" VPOS="1595" HPOS="349"/>
<String CONTENT="ed." HEIGHT="53" WIDTH="85" VPOS="1594" HPOS="379"/>
<SP HEIGHT="52" WIDTH="64" VPOS="1595" HPOS="465"/>
<String CONTENT="New" HEIGHT="52" WIDTH="138" VPOS="1595" HPOS="530"/>
<SP HEIGHT="52" WIDTH="29" VPOS="1594" HPOS="669"/>
<String CONTENT="York," HEIGHT="68" WIDTH="179" VPOS="1593" HPOS="699"/>
<SP HEIGHT="67" WIDTH="27" VPOS="1594" HPOS="879"/>
<String CONTENT="J." HEIGHT="54" WIDTH="56" VPOS="1594" HPOS="907"/>
<SP HEIGHT="54" WIDTH="29" VPOS="1594" HPOS="964"/>
<String CONTENT="Wiley" HEIGHT="68" WIDTH="191" VPOS="1594" HPOS="994"/>
<SP HEIGHT="66" WIDTH="27" VPOS="1596" HPOS="1186"/>
<String CONTENT="&amp;" HEIGHT="50" WIDTH="47" VPOS="1596" HPOS="1214"/>
<SP HEIGHT="51" WIDTH="28" VPOS="1596" HPOS="1262"/>
<String CONTENT="sons," HEIGHT="51" WIDTH="146" VPOS="1612" HPOS="1291"/>
<SP HEIGHT="70" WIDTH="29" VPOS="1593" HPOS="1438"/>
<String CONTENT="inc.;" HEIGHT="67" WIDTH="136" VPOS="1593" HPOS="1468"/>
<SP HEIGHT="67" WIDTH="32" VPOS="1593" HPOS="1605"/>
<String CONTENT="London," HEIGHT="69" WIDTH="259" VPOS="1593" HPOS="1638"/>
</TextLine>
<TextLine HEIGHT="145" WIDTH="1977" VPOS="1595" HPOS="119" STYLEREFS="StyleId-33FC9B40-1612-415F-A973-453AA9314793-" CS="1">
<String CONTENT="Chapman" HEIGHT="129" WIDTH="1977" VPOS="1595" HPOS="119"/>
<SP HEIGHT="51" WIDTH="24" VPOS="1673" HPOS="252"/>
<String CONTENT="&amp;" HEIGHT="51" WIDTH="45" VPOS="1673" HPOS="277"/>
<SP HEIGHT="54" WIDTH="21" VPOS="1670" HPOS="323"/>
<String CONTENT="Hall," HEIGHT="70" WIDTH="162" VPOS="1670" HPOS="345"/>
<SP HEIGHT="68" WIDTH="25" VPOS="1672" HPOS="508"/>
<String CONTENT="limited," HEIGHT="70" WIDTH="240" VPOS="1670" HPOS="534"/>
<SP HEIGHT="66" WIDTH="27" VPOS="1674" HPOS="775"/>
<String CONTENT="1931." HEIGHT="51" WIDTH="150" VPOS="1673" HPOS="803"/>
</TextLine>
<TextLine HEIGHT="50" WIDTH="1751" VPOS="1751" HPOS="190" CS="1">
<String CONTENT="vii," HEIGHT="47" WIDTH="81" VPOS="1752" HPOS="190"/>
<SP HEIGHT="47" WIDTH="33" VPOS="1752" HPOS="272"/>
<String CONTENT="708" HEIGHT="41" WIDTH="86" VPOS="1751" HPOS="306"/>
<SP HEIGHT="48" WIDTH="32" VPOS="1752" HPOS="393"/>
<String CONTENT="p." HEIGHT="39" WIDTH="43" VPOS="1761" HPOS="426"/>
<SP HEIGHT="41" WIDTH="59" VPOS="1751" HPOS="470"/>
<String CONTENT="illus.," HEIGHT="48" WIDTH="141" VPOS="1751" HPOS="530"/>
<SP HEIGHT="37" WIDTH="34" VPOS="1762" HPOS="672"/>
<String CONTENT="maps" HEIGHT="38" WIDTH="136" VPOS="1762" HPOS="707"/>
<SP HEIGHT="48" WIDTH="47" VPOS="1752" HPOS="844"/>
<String CONTENT="(part" HEIGHT="48" WIDTH="136" VPOS="1752" HPOS="892"/>
<SP HEIGHT="39" WIDTH="32" VPOS="1753" HPOS="1029"/>
<String CONTENT="double)" HEIGHT="48" WIDTH="198" VPOS="1752" HPOS="1062"/>
<SP HEIGHT="47" WIDTH="45" VPOS="1753" HPOS="1261"/>
<String CONTENT="diagrs." HEIGHT="48" WIDTH="179" VPOS="1752" HPOS="1307"/>
<SP HEIGHT="40" WIDTH="58" VPOS="1752" HPOS="1487"/>
<String CS="1" CONTENT="23&#189;&#7580;&#7504;." HEIGHT="41" WIDTH="147" VPOS="1752" HPOS="1546"/>
<SP HEIGHT="50" WIDTH="115" VPOS="1751" HPOS="1694"/>
<String CONTENT="$5.00" HEIGHT="50" WIDTH="131" VPOS="1751" HPOS="1810"/>
</TextLine>
<TextLine HEIGHT="49" WIDTH="1245" VPOS="1807" HPOS="192">
<String CONTENT="&#8220;References&#8221;" HEIGHT="41" WIDTH="348" VPOS="1807" HPOS="192"/>
<SP HEIGHT="41" WIDTH="28" VPOS="1807" HPOS="541"/>
<String CONTENT="at" HEIGHT="39" WIDTH="54" VPOS="1810" HPOS="570"/>
<SP HEIGHT="39" WIDTH="24" VPOS="1810" HPOS="625"/>
<String CONTENT="end" HEIGHT="39" WIDTH="91" VPOS="1810" HPOS="650"/>
<SP HEIGHT="39" WIDTH="28" VPOS="1810" HPOS="742"/>
<String CONTENT="of" HEIGHT="41" WIDTH="52" VPOS="1808" HPOS="771"/>
<SP HEIGHT="39" WIDTH="25" VPOS="1808" HPOS="824"/>
<String CONTENT="most" HEIGHT="38" WIDTH="126" VPOS="1811" HPOS="850"/>
<SP HEIGHT="38" WIDTH="28" VPOS="1811" HPOS="977"/>
<String CONTENT="of" HEIGHT="40" WIDTH="53" VPOS="1808" HPOS="1006"/>
<SP HEIGHT="41" WIDTH="24" VPOS="1808" HPOS="1060"/>
<String CONTENT="the" HEIGHT="40" WIDTH="82" VPOS="1809" HPOS="1085"/>
<SP HEIGHT="30" WIDTH="28" VPOS="1819" HPOS="1168"/>
<String CONTENT="chapters." HEIGHT="46" WIDTH="240" VPOS="1810" HPOS="1197"/>
</TextLine>
<TextLine HEIGHT="52" WIDTH="1996" VPOS="1875" HPOS="127" CS="1">
<String CONTENT="&#169;" HEIGHT="51" WIDTH="51" VPOS="1875" HPOS="127"/>
<SP HEIGHT="51" WIDTH="30" VPOS="1875" HPOS="179"/>
<String CONTENT="May" HEIGHT="46" WIDTH="112" VPOS="1880" HPOS="210"/>
<SP HEIGHT="47" WIDTH="29" VPOS="1879" HPOS="323"/>
<String CONTENT="11," HEIGHT="46" WIDTH="68" VPOS="1879" HPOS="353"/>
<SP HEIGHT="46" WIDTH="29" VPOS="1879" HPOS="422"/>
<String CONTENT="1931;" HEIGHT="48" WIDTH="139" VPOS="1877" HPOS="452"/>
<SP HEIGHT="47" WIDTH="31" VPOS="1878" HPOS="592"/>
<String CONTENT="2c." HEIGHT="40" WIDTH="66" VPOS="1878" HPOS="624"/>
<SP HEIGHT="29" WIDTH="30" VPOS="1889" HPOS="691"/>
<String CONTENT="and" HEIGHT="38" WIDTH="95" VPOS="1880" HPOS="722"/>
<SP/>
<String CS="1" CONTENT="aff."/>
<SP HEIGHT="39" WIDTH="27" VPOS="1880" HPOS="931"/>
<String CONTENT="May" HEIGHT="47" WIDTH="114" VPOS="1880" HPOS="959"/>
<SP HEIGHT="47" WIDTH="29" VPOS="1880" HPOS="1074"/>
<String CONTENT="13;" HEIGHT="45" WIDTH="81" VPOS="1880" HPOS="1104"/>
<SP HEIGHT="46" WIDTH="32" VPOS="1879" HPOS="1186"/>
<!-- cceid E786350A-6E8D-1014-9CF5-AEB3FCA41D69 --><String CONTENT="A" HEIGHT="39" WIDTH="42" VPOS="1879" HPOS="1219"/>
<SP HEIGHT="41" WIDTH="26" VPOS="1879" HPOS="1262"/>
<String CONTENT="38151;" HEIGHT="47" WIDTH="170" VPOS="1879" HPOS="1289"/>
<SP HEIGHT="46" WIDTH="33" VPOS="1880" HPOS="1460"/>
<String LANG="fr" CONTENT="H." HEIGHT="40" WIDTH="60" VPOS="1880" HPOS="1494"/>
<SP HEIGHT="40" WIDTH="32" VPOS="1880" HPOS="1555"/>
<String LANG="fr" CONTENT="Ries," HEIGHT="48" WIDTH="129" VPOS="1879" HPOS="1588"/>
<SP HEIGHT="46" WIDTH="30" VPOS="1881" HPOS="1718"/>
<String CONTENT="Ithaca," HEIGHT="46" WIDTH="186" VPOS="1880" HPOS="1749"/>
<SP HEIGHT="45" WIDTH="29" VPOS="1881" HPOS="1936"/>
<String LANG="fr" CONTENT="N." HEIGHT="40" WIDTH="57" VPOS="1881" HPOS="1966"/>
<SP HEIGHT="39" WIDTH="30" VPOS="1882" HPOS="2024"/>
<String CONTENT="Y.," HEIGHT="40" WIDTH="68" VPOS="1882" HPOS="2055"/>
</TextLine>
<TextLine HEIGHT="50" WIDTH="1577" VPOS="1935" HPOS="194" CS="1">
<String CONTENT="and" HEIGHT="39" WIDTH="97" VPOS="1936" HPOS="194"/>
<SP HEIGHT="40" WIDTH="27" VPOS="1935" HPOS="292"/>
<String CONTENT="Adie" HEIGHT="40" WIDTH="121" VPOS="1935" HPOS="320"/>
<SP HEIGHT="40" WIDTH="31" VPOS="1935" HPOS="442"/>
<String CONTENT="S." HEIGHT="41" WIDTH="45" VPOS="1935" HPOS="474"/>
<SP HEIGHT="41" WIDTH="29" VPOS="1935" HPOS="520"/>
<String CONTENT="Watson," HEIGHT="47" WIDTH="214" VPOS="1935" HPOS="550"/>
<SP HEIGHT="35" WIDTH="32" VPOS="1947" HPOS="765"/>
<String CONTENT="administratrix," HEIGHT="50" WIDTH="409" VPOS="1935" HPOS="798"/>
<SP HEIGHT="49" WIDTH="32" VPOS="1936" HPOS="1208"/>
<String CONTENT="Charlottesville," HEIGHT="48" WIDTH="411" VPOS="1936" HPOS="1241"/>
<SP HEIGHT="47" WIDTH="33" VPOS="1937" HPOS="1653"/>
<String LANG="fr" CONTENT="Va." HEIGHT="39" WIDTH="84" VPOS="1937" HPOS="1687"/>
</TextLine>
<TextLine HEIGHT="49" WIDTH="280" VPOS="1991" HPOS="205">
<String CONTENT="(31-12950)" HEIGHT="49" WIDTH="280" VPOS="1991" HPOS="205"/>
</TextLine>
<TextLine HEIGHT="66" WIDTH="957" VPOS="2085" HPOS="122" STYLEREFS="StyleId-33FC9B40-1612-415F-A973-453AA9314793-">
<String CONTENT="Robey," HEIGHT="65" WIDTH="218" VPOS="2085" HPOS="122"/>
<SP HEIGHT="63" WIDTH="27" VPOS="2087" HPOS="341"/>
<String CONTENT="William" HEIGHT="55" WIDTH="257" VPOS="2085" HPOS="369"/>
<SP HEIGHT="51" WIDTH="26" VPOS="2087" HPOS="627"/>
<String CONTENT="Henry," HEIGHT="64" WIDTH="222" VPOS="2087" HPOS="654"/>
<SP HEIGHT="58" WIDTH="31" VPOS="2093" HPOS="877"/>
<String CONTENT="1870-" HEIGHT="56" WIDTH="170" VPOS="2087" HPOS="909"/>
</TextLine>
<TextLine HEIGHT="72" WIDTH="1868" VPOS="2162" HPOS="252" STYLEREFS="StyleId-33FC9B40-1612-415F-A973-453AA9314793-" CS="1">
<String CS="1" CONTENT="&#8230;"/>
<SP HEIGHT="52" WIDTH="40" VPOS="2162" HPOS="252"/>
<String CONTENT="Headache," HEIGHT="67" WIDTH="326" VPOS="2162" HPOS="293"/>
<SP HEIGHT="65" WIDTH="35" VPOS="2164" HPOS="620"/>
<String CONTENT="by" HEIGHT="68" WIDTH="75" VPOS="2164" HPOS="656"/>
<SP HEIGHT="68" WIDTH="34" VPOS="2164" HPOS="732"/>
<String CONTENT="William" HEIGHT="54" WIDTH="262" VPOS="2163" HPOS="767"/>
<SP HEIGHT="52" WIDTH="33" VPOS="2164" HPOS="1030"/>
<String CONTENT="H." HEIGHT="53" WIDTH="78" VPOS="2164" HPOS="1064"/>
<SP HEIGHT="52" WIDTH="37" VPOS="2165" HPOS="1143"/>
<String CONTENT="Robey" HEIGHT="68" WIDTH="199" VPOS="2165" HPOS="1181"/>
<SP HEIGHT="50" WIDTH="40" VPOS="2183" HPOS="1381"/>
<String CS="1" CONTENT="&#8230;"/>
<SP HEIGHT="51" WIDTH="78" VPOS="2166" HPOS="1479"/>
<String CONTENT="Philadelphia" HEIGHT="70" WIDTH="410" VPOS="2164" HPOS="1558"/>
<SP HEIGHT="34" WIDTH="36" VPOS="2184" HPOS="1969"/>
<String CONTENT="and" HEIGHT="53" WIDTH="114" VPOS="2167" HPOS="2006"/>
</TextLine>
<TextLine HEIGHT="70" WIDTH="1354" VPOS="2240" HPOS="118" STYLEREFS="StyleId-33FC9B40-1612-415F-A973-453AA9314793-" CS="1">
<String LANG="en-US" CONTENT="London," HEIGHT="67" WIDTH="258" VPOS="2240" HPOS="118"/>
<SP HEIGHT="67" WIDTH="27" VPOS="2240" HPOS="377"/>
<String LANG="fr" CONTENT="J." HEIGHT="54" WIDTH="56" VPOS="2240" HPOS="405"/>
<SP HEIGHT="50" WIDTH="30" VPOS="2242" HPOS="462"/>
<String LANG="fr" CONTENT="B." HEIGHT="50" WIDTH="67" VPOS="2242" HPOS="493"/>
<SP HEIGHT="51" WIDTH="30" VPOS="2241" HPOS="561"/>
<String LANG="fr" CONTENT="Lippincott" HEIGHT="68" WIDTH="341" VPOS="2240" HPOS="592"/>
<SP HEIGHT="48" WIDTH="27" VPOS="2246" HPOS="934"/>
<String LANG="en-US" CONTENT="company" HEIGHT="51" WIDTH="281" VPOS="2259" HPOS="962"/>
<SP HEIGHT="51" WIDTH="34" VPOS="2259" HPOS="1244"/>
<String STYLE="subscript" LANG="en-US" CONTENT="[" HEIGHT="35" WIDTH="15" VPOS="2274" HPOS="1279"/>
<String STYLE="superscript" LANG="en-US" CS="1" CONTENT="&#7580;193"/>
<String LANG="en-US" CONTENT="1" HEIGHT="49" WIDTH="28" VPOS="2245" HPOS="1425"/>
<String STYLE="subscript" LANG="en-US" CONTENT="]" HEIGHT="35" WIDTH="13" VPOS="2274" HPOS="1459"/>
</TextLine>
<TextLine HEIGHT="51" WIDTH="1266" VPOS="2319" HPOS="187" STYLEREFS="StyleId-33FC9B40-1612-415F-A973-453AA9314793-" CS="1">
<String CONTENT="xiii," HEIGHT="49" WIDTH="104" VPOS="2319" HPOS="187"/>
<SP HEIGHT="49" WIDTH="26" VPOS="2319" HPOS="292"/>
<String CONTENT="234" HEIGHT="41" WIDTH="87" VPOS="2319" HPOS="319"/>
<SP HEIGHT="49" WIDTH="26" VPOS="2319" HPOS="407"/>
<String CONTENT="p." HEIGHT="38" WIDTH="44" VPOS="2330" HPOS="434"/>
<SP HEIGHT="40" WIDTH="56" VPOS="2320" HPOS="479"/>
<String CONTENT="21" HEIGHT="40" WIDTH="56" VPOS="2320" HPOS="536"/>
<String STYLE="superscript" CS="1" CONTENT="&#7580;&#7504;"/>
<String CONTENT="." HEIGHT="8" WIDTH="8" VPOS="2352" HPOS="645"/>
<SP HEIGHT="49" WIDTH="69" VPOS="2320" HPOS="654"/>
<String CONTENT="(Everyday" HEIGHT="49" WIDTH="282" VPOS="2320" HPOS="724"/>
<SP HEIGHT="37" WIDTH="26" VPOS="2331" HPOS="1007"/>
<String CONTENT="practice" HEIGHT="47" WIDTH="211" VPOS="2321" HPOS="1034"/>
<SP HEIGHT="30" WIDTH="31" VPOS="2332" HPOS="1246"/>
<String CONTENT="series)" HEIGHT="49" WIDTH="175" VPOS="2321" HPOS="1278"/>
</TextLine>
<TextLine HEIGHT="50" WIDTH="1222" VPOS="2375" HPOS="190">
<String CONTENT="&#8220;References&#8221;" HEIGHT="41" WIDTH="348" VPOS="2375" HPOS="190"/>
<SP HEIGHT="41" WIDTH="24" VPOS="2375" HPOS="539"/>
<String CONTENT="at" HEIGHT="39" WIDTH="53" VPOS="2377" HPOS="564"/>
<SP HEIGHT="40" WIDTH="23" VPOS="2377" HPOS="618"/>
<String CONTENT="end" HEIGHT="39" WIDTH="93" VPOS="2378" HPOS="642"/>
<SP HEIGHT="39" WIDTH="22" VPOS="2378" HPOS="736"/>
<String CONTENT="of" HEIGHT="40" WIDTH="52" VPOS="2377" HPOS="759"/>
<SP HEIGHT="39" WIDTH="21" VPOS="2377" HPOS="812"/>
<String CONTENT="most" HEIGHT="39" WIDTH="127" VPOS="2379" HPOS="834"/>
<SP HEIGHT="39" WIDTH="21" VPOS="2379" HPOS="962"/>
<String CONTENT="of" HEIGHT="40" WIDTH="53" VPOS="2377" HPOS="984"/>
<SP HEIGHT="41" WIDTH="22" VPOS="2377" HPOS="1038"/>
<String CONTENT="the" HEIGHT="40" WIDTH="82" VPOS="2378" HPOS="1061"/>
<SP HEIGHT="29" WIDTH="25" VPOS="2389" HPOS="1144"/>
<String CONTENT="chapters." HEIGHT="46" WIDTH="242" VPOS="2379" HPOS="1170"/>
</TextLine>
<TextLine HEIGHT="57" WIDTH="1884" VPOS="2442" HPOS="127" CS="1">
<String LANG="en-US" CONTENT="&#169;" HEIGHT="51" WIDTH="51" VPOS="2442" HPOS="127"/>
<SP HEIGHT="51" WIDTH="30" VPOS="2442" HPOS="179"/>
<String LANG="en-US" CONTENT="Feb." HEIGHT="42" WIDTH="111" VPOS="2445" HPOS="210"/>
<SP HEIGHT="42" WIDTH="27" VPOS="2445" HPOS="322"/>
<String LANG="en-US" CONTENT="2," HEIGHT="49" WIDTH="40" VPOS="2445" HPOS="350"/>
<SP HEIGHT="47" WIDTH="30" VPOS="2447" HPOS="391"/>
<String LANG="en-US" CS="1" CONTENT="1931;" HEIGHT="41" WIDTH="114" VPOS="2445" HPOS="422"/>
<SP HEIGHT="48" WIDTH="29" VPOS="2446" HPOS="565"/>
<String LANG="en-US" CONTENT="2c." HEIGHT="42" WIDTH="68" VPOS="2446" HPOS="595"/>
<SP HEIGHT="30" WIDTH="29" VPOS="2458" HPOS="664"/>
<String LANG="en-US" CONTENT="and" HEIGHT="39" WIDTH="95" VPOS="2448" HPOS="694"/>
<SP/>
<String LANG="en-US" CS="1" CONTENT="aff."/>
<SP HEIGHT="39" WIDTH="30" VPOS="2449" HPOS="904"/>
<String LANG="en-US" CONTENT="May" HEIGHT="47" WIDTH="113" VPOS="2449" HPOS="935"/>
<SP HEIGHT="47" WIDTH="30" VPOS="2449" HPOS="1049"/>
<String LANG="en-US" CS="1" CONTENT="15;" HEIGHT="40" WIDTH="54" VPOS="2448" HPOS="1080"/>
<SP HEIGHT="46" WIDTH="32" VPOS="2449" HPOS="1162"/>
<!-- cceid E786D624-6E8D-1014-9CF5-AEB3FCA41D69 --><String LANG="en-US" CONTENT="A" HEIGHT="39" WIDTH="41" VPOS="2449" HPOS="1195"/>
<SP HEIGHT="40" WIDTH="27" VPOS="2449" HPOS="1237"/>
<String LANG="en-US" CS="1" CONTENT="38175;" HEIGHT="41" WIDTH="145" VPOS="2448" HPOS="1265"/>
<SP HEIGHT="47" WIDTH="34" VPOS="2449" HPOS="1437"/>
<String LANG="fr" CONTENT="J." HEIGHT="40" WIDTH="42" VPOS="2449" HPOS="1472"/>
<SP HEIGHT="38" WIDTH="33" VPOS="2451" HPOS="1515"/>
<String LANG="fr" CONTENT="B." HEIGHT="39" WIDTH="54" VPOS="2451" HPOS="1549"/>
<SP HEIGHT="39" WIDTH="30" VPOS="2451" HPOS="1604"/>
<String LANG="fr" CONTENT="Lippincott" HEIGHT="49" WIDTH="278" VPOS="2450" HPOS="1635"/>
<SP HEIGHT="38" WIDTH="28" VPOS="2454" HPOS="1914"/>
<String LANG="en-US" CONTENT="co." HEIGHT="29" WIDTH="68" VPOS="2463" HPOS="1943"/>
</TextLine>
<TextLine HEIGHT="51" WIDTH="280" VPOS="2501" HPOS="204">
<String CONTENT="(31-12947)" HEIGHT="51" WIDTH="280" VPOS="2501" HPOS="204"/>
</TextLine>
<TextLine HEIGHT="66" WIDTH="800" VPOS="2595" HPOS="120" STYLEREFS="StyleId-33FC9B40-1612-415F-A973-453AA9314793-">
<String CONTENT="Robinson," HEIGHT="66" WIDTH="319" VPOS="2595" HPOS="120"/>
<SP HEIGHT="63" WIDTH="25" VPOS="2598" HPOS="440"/>
<String CONTENT="Mabel" HEIGHT="53" WIDTH="193" VPOS="2597" HPOS="466"/>
<SP HEIGHT="53" WIDTH="27" VPOS="2597" HPOS="660"/>
<String CONTENT="Louise." HEIGHT="55" WIDTH="232" VPOS="2597" HPOS="688"/>
</TextLine>
<TextLine HEIGHT="78" WIDTH="1928" VPOS="2672" HPOS="191" STYLEREFS="StyleId-33FC9B40-1612-415F-A973-453AA9314793-">
<String CONTENT="Robin" HEIGHT="54" WIDTH="188" VPOS="2672" HPOS="191"/>
<SP HEIGHT="34" WIDTH="43" VPOS="2692" HPOS="380"/>
<String CONTENT="and" HEIGHT="53" WIDTH="112" VPOS="2673" HPOS="424"/>
<SP HEIGHT="54" WIDTH="42" VPOS="2673" HPOS="537"/>
<String CONTENT="Angus," HEIGHT="70" WIDTH="221" VPOS="2674" HPOS="580"/>
<SP HEIGHT="68" WIDTH="41" VPOS="2676" HPOS="802"/>
<String CONTENT="by" HEIGHT="69" WIDTH="76" VPOS="2676" HPOS="844"/>
<SP HEIGHT="68" WIDTH="39" VPOS="2677" HPOS="921"/>
<String CONTENT="Mabel" HEIGHT="53" WIDTH="192" VPOS="2677" HPOS="961"/>
<SP HEIGHT="53" WIDTH="39" VPOS="2677" HPOS="1154"/>
<String CONTENT="L." HEIGHT="52" WIDTH="66" VPOS="2678" HPOS="1194"/>
<SP HEIGHT="51" WIDTH="44" VPOS="2679" HPOS="1261"/>
<String CONTENT="Robinson;" HEIGHT="69" WIDTH="321" VPOS="2677" HPOS="1306"/>
<SP HEIGHT="68" WIDTH="46" VPOS="2678" HPOS="1628"/>
<String CONTENT="illustrated" HEIGHT="55" WIDTH="325" VPOS="2678" HPOS="1675"/>
<SP HEIGHT="53" WIDTH="41" VPOS="2680" HPOS="2001"/>
<String CONTENT="by" HEIGHT="69" WIDTH="76" VPOS="2681" HPOS="2043"/>
</TextLine>
<TextLine HEIGHT="77" WIDTH="1998" VPOS="2749" HPOS="121" STYLEREFS="StyleId-33FC9B40-1612-415F-A973-453AA9314793-" CS="1">
<String CONTENT="Eloise" HEIGHT="53" WIDTH="191" VPOS="2749" HPOS="121"/>
<SP HEIGHT="50" WIDTH="37" VPOS="2753" HPOS="313"/>
<String CONTENT="Burns" HEIGHT="51" WIDTH="192" VPOS="2753" HPOS="351"/>
<SP HEIGHT="52" WIDTH="35" VPOS="2753" HPOS="544"/>
<String CONTENT="Wilkin," HEIGHT="59" WIDTH="239" VPOS="2752" HPOS="580"/>
<SP HEIGHT="57" WIDTH="73" VPOS="2754" HPOS="820"/>
<String CONTENT="New" HEIGHT="52" WIDTH="139" VPOS="2754" HPOS="894"/>
<SP HEIGHT="52" WIDTH="36" VPOS="2755" HPOS="1034"/>
<String CONTENT="York," HEIGHT="67" WIDTH="179" VPOS="2755" HPOS="1071"/>
<SP HEIGHT="65" WIDTH="37" VPOS="2757" HPOS="1251"/>
<String CONTENT="The" HEIGHT="53" WIDTH="121" VPOS="2755" HPOS="1289"/>
<SP HEIGHT="51" WIDTH="35" VPOS="2757" HPOS="1411"/>
<String CS="1" CONTENT="Macmillan"/>
<SP HEIGHT="33" WIDTH="37" VPOS="2775" HPOS="1783"/>
<String CONTENT="company," HEIGHT="51" WIDTH="298" VPOS="2775" HPOS="1821"/>
</TextLine>
<TextLine HEIGHT="52" WIDTH="151" VPOS="2829" HPOS="122" STYLEREFS="StyleId-33FC9B40-1612-415F-A973-453AA9314793-">
<String CONTENT="1931." HEIGHT="52" WIDTH="151" VPOS="2829" HPOS="122"/>
</TextLine>
<TextLine HEIGHT="52" WIDTH="1723" VPOS="2908" HPOS="193" CS="1">
<String CONTENT="6" HEIGHT="41" WIDTH="28" VPOS="2908" HPOS="193"/>
<SP HEIGHT="49" WIDTH="26" VPOS="2908" HPOS="222"/>
<String LANG="fr" CONTENT="p." HEIGHT="37" WIDTH="41" VPOS="2920" HPOS="249"/>
<SP/>
<String LANG="fr" CS="1" CONTENT="l."/>
<String CONTENT="," HEIGHT="15" WIDTH="7" VPOS="2941" HPOS="358"/>
<SP HEIGHT="45" WIDTH="31" VPOS="2911" HPOS="366"/>
<String CONTENT="186" HEIGHT="42" WIDTH="87" VPOS="2909" HPOS="398"/>
<SP HEIGHT="48" WIDTH="28" VPOS="2909" HPOS="486"/>
<String CONTENT="p." HEIGHT="37" WIDTH="43" VPOS="2920" HPOS="515"/>
<SP HEIGHT="41" WIDTH="29" VPOS="2910" HPOS="559"/>
<String CONTENT="incl." HEIGHT="43" WIDTH="110" VPOS="2910" HPOS="589"/>
<SP HEIGHT="42" WIDTH="30" VPOS="2911" HPOS="700"/>
<String CONTENT="illus.," HEIGHT="48" WIDTH="142" VPOS="2911" HPOS="731"/>
<SP HEIGHT="37" WIDTH="31" VPOS="2922" HPOS="874"/>
<String CONTENT="plates" HEIGHT="46" WIDTH="156" VPOS="2913" HPOS="906"/>
<SP HEIGHT="48" WIDTH="26" VPOS="2912" HPOS="1063"/>
<String CONTENT="(1" HEIGHT="48" WIDTH="50" VPOS="2912" HPOS="1090"/>
<SP HEIGHT="39" WIDTH="30" VPOS="2914" HPOS="1141"/>
<String CONTENT="double)" HEIGHT="47" WIDTH="199" VPOS="2913" HPOS="1172"/>
<SP HEIGHT="47" WIDTH="70" VPOS="2913" HPOS="1372"/>
<String CONTENT="col." HEIGHT="40" WIDTH="86" VPOS="2915" HPOS="1443"/>
<SP HEIGHT="41" WIDTH="30" VPOS="2914" HPOS="1530"/>
<String CONTENT="front." HEIGHT="41" WIDTH="150" VPOS="2914" HPOS="1561"/>
<SP HEIGHT="40" WIDTH="58" VPOS="2915" HPOS="1712"/>
<String CS="1" CONTENT="20&#189;&#7580;&#7504;." HEIGHT="42" WIDTH="145" VPOS="2914" HPOS="1771"/>
</TextLine>
<TextLine HEIGHT="58" WIDTH="1996" VPOS="2962" HPOS="127" CS="1">
<String CONTENT="&#169;" HEIGHT="51" WIDTH="51" VPOS="2962" HPOS="127"/>
<SP HEIGHT="51" WIDTH="32" VPOS="2962" HPOS="179"/>
<String CONTENT="May" HEIGHT="47" WIDTH="114" VPOS="2967" HPOS="212"/>
<SP HEIGHT="47" WIDTH="29" VPOS="2967" HPOS="327"/>
<String CONTENT="12," HEIGHT="48" WIDTH="70" VPOS="2967" HPOS="357"/>
<SP HEIGHT="47" WIDTH="30" VPOS="2968" HPOS="428"/>
<String CONTENT="1931;" HEIGHT="48" WIDTH="141" VPOS="2966" HPOS="459"/>
<SP HEIGHT="47" WIDTH="31" VPOS="2967" HPOS="601"/>
<String CONTENT="2c." HEIGHT="41" WIDTH="68" VPOS="2967" HPOS="633"/>
<SP HEIGHT="29" WIDTH="32" VPOS="2979" HPOS="702"/>
<String CONTENT="and" HEIGHT="38" WIDTH="94" VPOS="2970" HPOS="735"/>
<SP/>
<String CS="1" CONTENT="aff."/>
<SP HEIGHT="39" WIDTH="34" VPOS="2971" HPOS="945"/>
<String CONTENT="May" HEIGHT="47" WIDTH="113" VPOS="2971" HPOS="980"/>
<SP HEIGHT="47" WIDTH="30" VPOS="2971" HPOS="1094"/>
<String CONTENT="13;" HEIGHT="46" WIDTH="81" VPOS="2971" HPOS="1125"/>
<SP HEIGHT="46" WIDTH="35" VPOS="2971" HPOS="1207"/>
<!-- cceid E78775B6-6E8D-1014-9CF5-AEB3FCA41D69 --><String CONTENT="A" HEIGHT="39" WIDTH="41" VPOS="2971" HPOS="1243"/>
<SP HEIGHT="40" WIDTH="31" VPOS="2971" HPOS="1285"/>
<String CONTENT="38110;" HEIGHT="48" WIDTH="171" VPOS="2971" HPOS="1317"/>
<SP HEIGHT="46" WIDTH="36" VPOS="2973" HPOS="1489"/>
<String CONTENT="M." HEIGHT="40" WIDTH="63" VPOS="2973" HPOS="1526"/>
<SP HEIGHT="41" WIDTH="33" VPOS="2972" HPOS="1590"/>
<String CONTENT="L." HEIGHT="41" WIDTH="50" VPOS="2972" HPOS="1624"/>
<SP HEIGHT="40" WIDTH="33" VPOS="2973" HPOS="1675"/>
<String CONTENT="Robinson," HEIGHT="47" WIDTH="260" VPOS="2973" HPOS="1709"/>
<SP HEIGHT="46" WIDTH="33" VPOS="2974" HPOS="1970"/>
<String CONTENT="New" HEIGHT="40" WIDTH="119" VPOS="2974" HPOS="2004"/>
</TextLine>
<TextLine HEIGHT="51" WIDTH="494" VPOS="3022" HPOS="192">
<String CONTENT="York." HEIGHT="41" WIDTH="144" VPOS="3022" HPOS="192"/>
<SP HEIGHT="48" WIDTH="68" VPOS="3024" HPOS="337"/>
<String CONTENT="(31-12977)" HEIGHT="49" WIDTH="280" VPOS="3024" HPOS="406"/>
</TextLine>
<TextLine HEIGHT="65" WIDTH="833" VPOS="3116" HPOS="120" STYLEREFS="StyleId-33FC9B40-1612-415F-A973-453AA9314793-">
<String CONTENT="Rogers," HEIGHT="65" WIDTH="244" VPOS="3116" HPOS="120"/>
<SP HEIGHT="63" WIDTH="31" VPOS="3118" HPOS="365"/>
<String CONTENT="Robert" HEIGHT="54" WIDTH="222" VPOS="3117" HPOS="397"/>
<SP HEIGHT="52" WIDTH="30" VPOS="3119" HPOS="620"/>
<String CONTENT="Emmons." HEIGHT="56" WIDTH="302" VPOS="3119" HPOS="651"/>
</TextLine>
<TextLine HEIGHT="75" WIDTH="1931" VPOS="3191" HPOS="188" STYLEREFS="StyleId-33FC9B40-1612-415F-A973-453AA9314793-">
<String CONTENT="How" HEIGHT="53" WIDTH="151" VPOS="3191" HPOS="188"/>
<SP HEIGHT="47" WIDTH="31" VPOS="3198" HPOS="340"/>
<String CONTENT="to" HEIGHT="47" WIDTH="60" VPOS="3198" HPOS="372"/>
<SP HEIGHT="51" WIDTH="31" VPOS="3194" HPOS="433"/>
<String CONTENT="be" HEIGHT="52" WIDTH="67" VPOS="3194" HPOS="465"/>
<SP HEIGHT="53" WIDTH="30" VPOS="3193" HPOS="533"/>
<String CONTENT="interesting;" HEIGHT="72" WIDTH="365" VPOS="3193" HPOS="564"/>
<SP HEIGHT="48" WIDTH="35" VPOS="3215" HPOS="930"/>
<String CONTENT="a" HEIGHT="34" WIDTH="31" VPOS="3215" HPOS="966"/>
<SP HEIGHT="51" WIDTH="32" VPOS="3198" HPOS="998"/>
<String CONTENT="little" HEIGHT="54" WIDTH="149" VPOS="3197" HPOS="1031"/>
<SP HEIGHT="52" WIDTH="29" VPOS="3199" HPOS="1181"/>
<String CONTENT="book" HEIGHT="53" WIDTH="149" VPOS="3198" HPOS="1211"/>
<SP HEIGHT="53" WIDTH="29" VPOS="3198" HPOS="1361"/>
<String CONTENT="of" HEIGHT="53" WIDTH="65" VPOS="3198" HPOS="1391"/>
<SP HEIGHT="68" WIDTH="31" VPOS="3198" HPOS="1457"/>
<String CONTENT="platitudes" HEIGHT="68" WIDTH="312" VPOS="3198" HPOS="1489"/>
<SP HEIGHT="53" WIDTH="34" VPOS="3200" HPOS="1802"/>
<String CONTENT="for" HEIGHT="54" WIDTH="93" VPOS="3200" HPOS="1837"/>
<SP HEIGHT="53" WIDTH="33" VPOS="3200" HPOS="1931"/>
<String CONTENT="folks" HEIGHT="54" WIDTH="154" VPOS="3200" HPOS="1965"/>
</TextLine>
<TextLine HEIGHT="79" WIDTH="1827" VPOS="3268" HPOS="121" STYLEREFS="StyleId-33FC9B40-1612-415F-A973-453AA9314793-" CS="1">
<String CONTENT="in" HEIGHT="52" WIDTH="58" VPOS="3268" HPOS="121"/>
<SP HEIGHT="50" WIDTH="33" VPOS="3287" HPOS="180"/>
<String CONTENT="general," HEIGHT="66" WIDTH="247" VPOS="3271" HPOS="214"/>
<SP HEIGHT="67" WIDTH="33" VPOS="3270" HPOS="462"/>
<String CONTENT="including" HEIGHT="71" WIDTH="299" VPOS="3270" HPOS="496"/>
<SP HEIGHT="49" WIDTH="32" VPOS="3292" HPOS="796"/>
<String CONTENT="educators" HEIGHT="54" WIDTH="295" VPOS="3273" HPOS="829"/>
<SP HEIGHT="33" WIDTH="35" VPOS="3294" HPOS="1125"/>
<String CONTENT="and" HEIGHT="52" WIDTH="113" VPOS="3276" HPOS="1161"/>
<SP HEIGHT="53" WIDTH="33" VPOS="3276" HPOS="1275"/>
<String CONTENT="students," HEIGHT="67" WIDTH="276" VPOS="3277" HPOS="1309"/>
<SP HEIGHT="66" WIDTH="32" VPOS="3278" HPOS="1586"/>
<String CONTENT="by" HEIGHT="69" WIDTH="77" VPOS="3278" HPOS="1619"/>
<SP HEIGHT="68" WIDTH="35" VPOS="3279" HPOS="1697"/>
<String CONTENT="Robert" HEIGHT="52" WIDTH="215" VPOS="3279" HPOS="1733"/>
</TextLine>
<TextLine HEIGHT="145" WIDTH="1977" VPOS="3279" HPOS="118" STYLEREFS="StyleId-33FC9B40-1612-415F-A973-453AA9314793-" CS="1">
<String CONTENT="Emmons" HEIGHT="120" WIDTH="1977" VPOS="3279" HPOS="118"/>
<SP HEIGHT="53" WIDTH="27" VPOS="3346" HPOS="279"/>
<String CONTENT="Rogers" HEIGHT="69" WIDTH="218" VPOS="3346" HPOS="307"/>
<SP HEIGHT="33" WIDTH="32" VPOS="3367" HPOS="526"/>
<String CS="1" CONTENT="&#8230;"/>
<SP HEIGHT="50" WIDTH="78" VPOS="3350" HPOS="616"/>
<String CONTENT="Boston," HEIGHT="68" WIDTH="233" VPOS="3350" HPOS="695"/>
<SP HEIGHT="67" WIDTH="28" VPOS="3351" HPOS="929"/>
<String LANG="fr" CONTENT="L." HEIGHT="53" WIDTH="63" VPOS="3351" HPOS="958"/>
<SP HEIGHT="54" WIDTH="34" VPOS="3351" HPOS="1022"/>
<String CONTENT="C." HEIGHT="54" WIDTH="61" VPOS="3351" HPOS="1057"/>
<SP HEIGHT="51" WIDTH="30" VPOS="3354" HPOS="1119"/>
<String CONTENT="Page" HEIGHT="67" WIDTH="157" VPOS="3354" HPOS="1150"/>
<SP HEIGHT="50" WIDTH="30" VPOS="3356" HPOS="1308"/>
<String CONTENT="&amp;" HEIGHT="50" WIDTH="45" VPOS="3356" HPOS="1339"/>
<SP HEIGHT="50" WIDTH="27" VPOS="3356" HPOS="1385"/>
<String CONTENT="company" HEIGHT="51" WIDTH="280" VPOS="3373" HPOS="1413"/>
<SP HEIGHT="50" WIDTH="34" VPOS="3374" HPOS="1694"/>
<String CS="1" CONTENT="[1931]" HEIGHT="65" WIDTH="151" VPOS="3358" HPOS="1750"/>
</TextLine>
<TextLine HEIGHT="52" WIDTH="632" VPOS="3427" HPOS="189" STYLEREFS="StyleId-33FC9B40-1612-415F-A973-453AA9314793-" CS="1">
<String CONTENT="xii" HEIGHT="40" WIDTH="70" VPOS="3427" HPOS="189"/>
<SP HEIGHT="49" WIDTH="25" VPOS="3427" HPOS="260"/>
<String CONTENT="p.," HEIGHT="37" WIDTH="57" VPOS="3439" HPOS="286"/>
<SP HEIGHT="47" WIDTH="25" VPOS="3429" HPOS="344"/>
<String CONTENT="2" HEIGHT="39" WIDTH="27" VPOS="3429" HPOS="370"/>
<SP/>
<String CS="1" CONTENT="l.," HEIGHT="17" WIDTH="9" VPOS="3460" HPOS="458"/>
<SP HEIGHT="47" WIDTH="23" VPOS="3430" HPOS="468"/>
<String CONTENT="170" HEIGHT="40" WIDTH="88" VPOS="3429" HPOS="492"/>
<SP HEIGHT="50" WIDTH="20" VPOS="3429" HPOS="581"/>
<String CONTENT="p." HEIGHT="38" WIDTH="44" VPOS="3441" HPOS="602"/>
<SP HEIGHT="39" WIDTH="56" VPOS="3431" HPOS="647"/>
<String CONTENT="20" HEIGHT="41" WIDTH="57" VPOS="3430" HPOS="704"/>
<String STYLE="superscript" CS="1" CONTENT="&#7580;&#7504;"/>
<String CONTENT="." HEIGHT="8" WIDTH="9" VPOS="3464" HPOS="812"/>
</TextLine>
<TextLine HEIGHT="50" WIDTH="692" VPOS="3484" HPOS="190">
<String CONTENT="Bibliography:" HEIGHT="49" WIDTH="376" VPOS="3484" HPOS="190"/>
<SP HEIGHT="38" WIDTH="27" VPOS="3496" HPOS="567"/>
<String CONTENT="p." HEIGHT="38" WIDTH="44" VPOS="3496" HPOS="595"/>
<SP HEIGHT="39" WIDTH="25" VPOS="3487" HPOS="640"/>
<String CONTENT="169-170." HEIGHT="43" WIDTH="216" VPOS="3486" HPOS="666"/>
</TextLine>
<TextLine HEIGHT="60" WIDTH="1991" VPOS="3538" HPOS="125" CS="1">
<String CONTENT="&#169;" HEIGHT="51" WIDTH="51" VPOS="3538" HPOS="125"/>
<SP HEIGHT="51" WIDTH="32" VPOS="3538" HPOS="177"/>
<String CONTENT="May" HEIGHT="47" WIDTH="113" VPOS="3542" HPOS="210"/>
<SP HEIGHT="46" WIDTH="29" VPOS="3543" HPOS="324"/>
<String CONTENT="14," HEIGHT="45" WIDTH="69" VPOS="3543" HPOS="354"/>
<SP HEIGHT="45" WIDTH="32" VPOS="3543" HPOS="424"/>
<String CS="1" CONTENT="1931;" HEIGHT="42" WIDTH="112" VPOS="3541" HPOS="457"/>
<SP HEIGHT="47" WIDTH="31" VPOS="3542" HPOS="597"/>
<String CONTENT="2c." HEIGHT="42" WIDTH="67" VPOS="3542" HPOS="629"/>
<SP HEIGHT="29" WIDTH="31" VPOS="3555" HPOS="697"/>
<String CONTENT="and" HEIGHT="38" WIDTH="94" VPOS="3546" HPOS="729"/>
<SP/>
<String CS="1" CONTENT="aff."/>
<SP HEIGHT="38" WIDTH="32" VPOS="3547" HPOS="939"/>
<String CONTENT="May" HEIGHT="46" WIDTH="113" VPOS="3547" HPOS="972"/>
<SP HEIGHT="46" WIDTH="32" VPOS="3547" HPOS="1086"/>
<String CS="1" CONTENT="18;" HEIGHT="40" WIDTH="55" VPOS="3547" HPOS="1119"/>
<SP HEIGHT="46" WIDTH="35" VPOS="3547" HPOS="1199"/>
<!-- cceid E7880F31-6E8D-1014-9CF5-AEB3FCA41D69 --><String CONTENT="A" HEIGHT="39" WIDTH="42" VPOS="3547" HPOS="1235"/>
<SP HEIGHT="41" WIDTH="27" VPOS="3547" HPOS="1278"/>
<String CS="1" CONTENT="38238;" HEIGHT="42" WIDTH="146" VPOS="3547" HPOS="1306"/>
<SP HEIGHT="47" WIDTH="35" VPOS="3548" HPOS="1477"/>
<String LANG="fr" CONTENT="L." HEIGHT="41" WIDTH="49" VPOS="3548" HPOS="1513"/>
<SP HEIGHT="41" WIDTH="34" VPOS="3549" HPOS="1563"/>
<String CONTENT="C." HEIGHT="41" WIDTH="49" VPOS="3549" HPOS="1598"/>
<SP HEIGHT="39" WIDTH="33" VPOS="3550" HPOS="1648"/>
<String CONTENT="Page" HEIGHT="48" WIDTH="128" VPOS="3550" HPOS="1682"/>
<SP HEIGHT="40" WIDTH="30" VPOS="3550" HPOS="1811"/>
<String CONTENT="&amp;" HEIGHT="40" WIDTH="37" VPOS="3550" HPOS="1842"/>
<SP HEIGHT="41" WIDTH="28" VPOS="3550" HPOS="1880"/>
<String CONTENT="co.," HEIGHT="35" WIDTH="81" VPOS="3562" HPOS="1909"/>
<SP HEIGHT="47" WIDTH="33" VPOS="3550" HPOS="1991"/>
<String CONTENT="inc." HEIGHT="43" WIDTH="91" VPOS="3550" HPOS="2025"/>
</TextLine>
<TextLine HEIGHT="49" WIDTH="279" VPOS="3597" HPOS="202">
<String CONTENT="(31-12968)" HEIGHT="49" WIDTH="279" VPOS="3597" HPOS="202"/>
</TextLine>
<TextLine HEIGHT="72" WIDTH="1382" VPOS="3689" HPOS="118" STYLEREFS="StyleId-33FC9B40-1612-415F-A973-453AA9314793-" CS="1">
<String LANG="en-US" CONTENT="Romanov," HEIGHT="67" WIDTH="320" VPOS="3689" HPOS="118"/>
<SP HEIGHT="64" WIDTH="28" VPOS="3692" HPOS="439"/>
<String LANG="en-US" CS="1" CONTENT="Pantele&#301;mon" HEIGHT="55" WIDTH="404" VPOS="3692" HPOS="468"/>
<SP HEIGHT="56" WIDTH="28" VPOS="3694" HPOS="873"/>
<String LANG="fr" CONTENT="Serg" HEIGHT="65" WIDTH="148" VPOS="3694" HPOS="902"/>
<String LANG="en-US" CS="1" CONTENT="i&#865;e"/>
<String LANG="fr" CONTENT="evich," HEIGHT="66" WIDTH="187" VPOS="3695" HPOS="1111"/>
<SP HEIGHT="58" WIDTH="31" VPOS="3703" HPOS="1299"/>
<String LANG="en-US" CONTENT="1884-" HEIGHT="51" WIDTH="169" VPOS="3702" HPOS="1331"/>
</TextLine>
<TextLine HEIGHT="73" WIDTH="1642" VPOS="3768" HPOS="187" STYLEREFS="StyleId-33FC9B40-1612-415F-A973-453AA9314793-" CS="1">
<String CONTENT="Three" HEIGHT="54" WIDTH="181" VPOS="3768" HPOS="187"/>
<SP HEIGHT="50" WIDTH="27" VPOS="3787" HPOS="369"/>
<String CONTENT="pairs" HEIGHT="68" WIDTH="157" VPOS="3769" HPOS="397"/>
<SP HEIGHT="35" WIDTH="26" VPOS="3788" HPOS="555"/>
<String CONTENT="of" HEIGHT="54" WIDTH="64" VPOS="3769" HPOS="582"/>
<SP HEIGHT="54" WIDTH="24" VPOS="3769" HPOS="647"/>
<String CONTENT="silk" HEIGHT="53" WIDTH="112" VPOS="3770" HPOS="672"/>
<SP HEIGHT="54" WIDTH="24" VPOS="3770" HPOS="785"/>
<String CS="1" CONTENT="stockings;" HEIGHT="70" WIDTH="288" VPOS="3771" HPOS="810"/>
<SP HEIGHT="49" WIDTH="30" VPOS="3791" HPOS="1127"/>
<String CONTENT="a" HEIGHT="34" WIDTH="31" VPOS="3791" HPOS="1158"/>
<SP HEIGHT="34" WIDTH="28" VPOS="3791" HPOS="1190"/>
<String CONTENT="novel" HEIGHT="52" WIDTH="165" VPOS="3775" HPOS="1219"/>
<SP HEIGHT="52" WIDTH="27" VPOS="3775" HPOS="1385"/>
<String CONTENT="of" HEIGHT="55" WIDTH="65" VPOS="3772" HPOS="1413"/>
<SP HEIGHT="56" WIDTH="24" VPOS="3772" HPOS="1479"/>
<String CONTENT="the" HEIGHT="53" WIDTH="96" VPOS="3776" HPOS="1504"/>
<SP HEIGHT="53" WIDTH="27" VPOS="3776" HPOS="1601"/>
<String CONTENT="life" HEIGHT="55" WIDTH="105" VPOS="3774" HPOS="1629"/>
<SP HEIGHT="35" WIDTH="28" VPOS="3794" HPOS="1735"/>
<String CONTENT="of" HEIGHT="54" WIDTH="65" VPOS="3775" HPOS="1764"/>
</TextLine>
<TextLine HEIGHT="145" WIDTH="1994" VPOS="3776" HPOS="115" STYLEREFS="StyleId-33FC9B40-1612-415F-A973-453AA9314793-" CS="1">
<String CONTENT="the" HEIGHT="55" WIDTH="97" VPOS="3776" HPOS="1856"/>
<SP HEIGHT="35" WIDTH="23" VPOS="3796" HPOS="1954"/>
<String CONTENT="educated" HEIGHT="120" WIDTH="1973" VPOS="3777" HPOS="115"/>
<SP HEIGHT="53" WIDTH="26" VPOS="3844" HPOS="276"/>
<String CONTENT="class" HEIGHT="54" WIDTH="143" VPOS="3845" HPOS="303"/>
<SP HEIGHT="35" WIDTH="21" VPOS="3864" HPOS="447"/>
<String CONTENT="under" HEIGHT="53" WIDTH="182" VPOS="3846" HPOS="469"/>
<SP HEIGHT="47" WIDTH="24" VPOS="3852" HPOS="652"/>
<String CONTENT="the" HEIGHT="52" WIDTH="95" VPOS="3848" HPOS="677"/>
<SP HEIGHT="36" WIDTH="23" VPOS="3865" HPOS="773"/>
<String CONTENT="soviet" HEIGHT="53" WIDTH="178" VPOS="3848" HPOS="797"/>
<SP HEIGHT="62" WIDTH="33" VPOS="3854" HPOS="976"/>
<String CS="1" CONTENT="[by]" HEIGHT="70" WIDTH="94" VPOS="3849" HPOS="1025"/>
<SP HEIGHT="66" WIDTH="32" VPOS="3851" HPOS="1120"/>
<String CONTENT="Panteleimon" HEIGHT="53" WIDTH="395" VPOS="3851" HPOS="1153"/>
<SP HEIGHT="53" WIDTH="27" VPOS="3852" HPOS="1549"/>
<String CS="1" CONTENT="Romanof;" HEIGHT="55" WIDTH="292" VPOS="3852" HPOS="1577"/>
<SP HEIGHT="62" WIDTH="29" VPOS="3859" HPOS="1896"/>
<String LANG="la" CONTENT="trans-" HEIGHT="50" WIDTH="183" VPOS="3859" HPOS="1926"/>
</TextLine>
</TextBlock>
</PrintSpace>
</Page>
</Layout>
</alto>