2505 4370
1255 4043 101 49 260

353 461 84 41 xii.
471 460 100 47 251,
607 461 57 49 [1]
698 469 43 38 p.
801 458 118 40 22ᶜᵐ.

355 516 446 48 “Bibliographical
837 515 338 48 suggestions”
1211 515 225 41 included
1473 516 48 40 in
1559 516 346 42 introduction.

291 588 52 52 ©
370 592 112 40 Feb.
507 590 40 48 9,
574 589 142 48 1931;
743 589 69 42 2c.
838 589 110 41 Feb.
974 589 83 46 25;
1086 589 82 41 aff.
1196 589 114 42 Feb.
1334 588 84 47 21;
1446 589 41 40 A
1511 589 174 48 34493;
1714 590 262 41 Princeton
2003 589 133 43 univ.
2163 600 149 39 press.

369 647 254 49 (31-5862)

287 758 346 64 Dickinson,
667 757 421 65 Goldsworthy
1117 757 227 65 Lowes,
1377 763 171 50 1862-

358 836 180 55 After
570 843 114 47 two
716 836 288 54 thousand
1039 854 194 52 years;
1271 856 28 33 a
1337 836 268 70 dialogue
1637 837 249 53 between
1923 838 172 53 Plato
2130 839 110 53 and
2280 859 25 32 a

288 917 238 53 modern
574 934 197 51 young
816 933 152 48 man,
1014 914 78 72 by
1140 915 69 55 G.
1261 916 198 52 Lowes
1508 914 335 55 Dickinson.
1938 917 140 53 New
2130 918 182 53 York.

285 992 1205 70 W. W. Norton & company, inc. [ ᶜ1 931]
357 1075 706 52 4 p. l., [11]-213 p. 19½ᶜᵐ.
293 1145 51 53 ©
373 1150 112 40 Feb.
512 1150 68 47 11,
608 1147 141 48 1931;
778 1148 67 41 2c.
873 1148 112 40 Feb.
1012 1147 58 40 19;
1124 1146 82 43 aff.
1236 1147 110 40 Feb.
1375 1147 58 40 18;
1487 1147 40 39 A
1552 1145 174 49 33990;
1755 1148 72 41 W.
1854 1148 73 42 W.
1953 1148 191 41 Norton
2170 1149 37 42 &
2232 1159 83 38 co.,

360 1207 92 41 inc.
524 1205 253 50 (31-5936)

290 1302 281 64 Dickson,
603 1302 160 53 Belle
792 1302 65 55 L.

364 1382 181 53 Plans
587 1380 114 54 and
746 1379 286 54 activities
1077 1377 95 56 for
1213 1378 98 55 the
1355 1378 262 71 primary
1659 1379 225 70 grades,
1927 1379 75 72 by
2047 1381 161 55 Belle
2252 1381 63 54 L.

295 1456 2023 73 Dickson … San Francisco, Calif., Harr Wagner publishing
292 1539 520 69 company [ ᶜ1 930]
364 1619 756 51 2 p. l., iii-vii, 190 p. 20ᶜᵐ.
364 1678 381 50 Bibliography:
780 1690 43 38 p.
858 1677 218 43 187-190.

296 1749 51 53 ©
387 1754 110 39 Jan.
537 1752 68 48 18,
645 1751 142 46 1931;
828 1751 67 41 2c.
934 1751 112 40 Jan.
1083 1750 83 47 21;
1207 1749 83 42 aff.
1331 1750 112 41 Feb.
1483 1749 82 47 16;
1608 1749 40 41 A
1685 1748 173 48 33917;
1900 1750 55 40 B.
1996 1751 51 41 L.
2088 1750 230 47 Dickson,

364 1811 196 46 Areata,
595 1809 144 41 Calif.
812 1808 253 49 (31-5801)

294 1907 258 65 Duguid,
583 1906 220 55 Julian.

359 1983 186 56 Green
580 1982 143 67 hell;
760 1982 341 54 adventures
1137 1982 55 53 in
1234 1981 94 52 the
1365 1980 339 68 mysterious
1737 1979 226 72 jungles
1999 1981 64 55 of
2096 1988 218 50 eastern

291 2061 247 71 Bolivia,
562 2062 75 71 by
664 2060 203 54 Julian
897 2058 270 71 Duguid;
1195 2059 138 53 with
1365 2080 24 33 a
1423 2059 285 53 foreword
1735 2060 75 69 by
1834 2059 114 55 His
1974 2060 342 72 Excellency

290 2137 2027 73 Marques de Merry del Val … illustrated from photographs
291 2220 169 55 taken
489 2220 74 68 by
590 2218 277 55 members
897 2216 63 54 of
989 2217 95 52 the
1114 2215 347 69 expedition.
1528 2215 139 54 New
1701 2215 179 73 York,
1908 2216 260 70 London,
2197 2217 121 54 The

293 2298 596 71 Century co. [ ᶜ1 931]
399 2411 9 16 x,
440 2379 73 50 [2],
542 2377 87 42 339
654 2389 43 37 p.
758 2377 166 46 front.,
954 2376 129 40 illus.
1113 2375 163 49 (map)
1312 2376 173 48 plates.
1547 2375 117 41 23ᶜᵐ.
1782 2374 131 50 $4.00

364 2439 142 47 Maps
536 2447 60 30 on
625 2435 368 47 lining-papers.

364 2493 165 42 “First
562 2491 263 51 printing.”

299 2567 52 52 ©
384 2570 113 40 Feb.
528 2568 69 43 23,
630 2567 106 40 1931;
805 2564 67 41 2c.
905 2565 95 39 and
1033 2563 81 41 aff.
1150 2563 111 39 Feb.
1294 2561 83 47 28;
1411 2561 40 39 A
1481 2559 173 50 33999;
1690 2561 217 50 Century
1937 2573 70 32 co.

377 2625 254 52 (31-5972)

297 2723 328 63 Edmunds,
656 2720 237 53 Palmer
924 2717 230 63 Daniel,
1188 2721 174 50 1890-

366 2802 279 56 Common
697 2799 110 53 law
859 2796 183 54 forms
1090 2793 66 55 of
1203 2793 279 71 pleading
1530 2793 114 54 and
1696 2794 268 70 practice,
2015 2796 302 72 including

296 2881 321 70 pleadings,
644 2877 266 66 motions,
937 2874 232 67 notices,
1199 2872 267 68 verdicts,
1495 2873 196 53 orders
1720 2875 114 52 and
1863 2873 352 72 judgments,
2242 2876 75 70 by

296 2948 2021 77 Palmer D. Edmunds … Chicago, Callaghan and company.
298 3042 151 50 1931.

365 3120 26 39 2
461 3152 7 7 v.
528 3118 118 42 26ᶜᵐ.

367 3177 161 46 Paged
562 3172 358 48 continuously.

365 3233 181 40 Pocket
571 3230 166 41 device
763 3240 61 29 on
850 3227 158 42 inside
1034 3227 54 40 of
1112 3226 122 41 back
1264 3236 143 32 cover
1431 3225 54 41 of
1509 3227 121 40 each
1658 3226 205 43 volume.

301 3284 1987 57 © Feb. 14. 1931; 1c. each and aff. Feb. 17; 1c. each Feb. 19; A 34431;
371 3348 273 48 Callaghan
675 3345 36 40 &
742 3355 65 30 co.
880 3342 254 50 (31-5667)

299 3442 351 64 Electricity
693 3442 233 69 applied
972 3447 58 47 to
1072 3439 120 54 coal
1236 3439 241 68 mining.
1560 3438 355 69 [Baltimore,
1961 3440 237 53 Printed
2252 3447 64 60 by

370 3524 97 52 the
497 3520 135 54 20th
665 3524 237 62 century
935 3515 267 71 printing
1232 3533 101 51 co.]
1373 3517 152 52 1931.

366 3599 989 56 4 p. l., 123 p. illus., diagrs. 23½ᶜᵐ.
371 3655 1948 56 “This pamphlet was prepared originally by R. C. Fleming … The
301 3711 1971 60 pamphlet was later revised by several consulting electrical engineers …
301 3769 2013 58 Finally the entire pamphlet was revised by Graham Bright … who pul
299 3839 37 38 it
368 3838 47 38 in
448 3836 65 40 its
543 3834 196 49 present
768 3828 514 43 form.”—Foreword.

302 3891 51 52 ©
392 3895 110 39 Jan.
538 3893 69 46 17,
644 3889 142 47 1931;
824 3887 68 42 2c.
930 3888 95 39 and
1063 3885 83 41 aff.
1183 3886 111 40 Jan.
1333 3885 82 47 19;
1457 3885 41 40 A
1534 3884 172 48 33235;
1748 3885 262 48 Maryland
2047 3885 187 42 bureau
2273 3884 51 42 of

369 3952 167 47 mines,
571 3948 283 43 Baltimore.
926 3942 252 52 (31-5792)
