2505 4370
1027 4021 134 51 1433

109 427 353 63 Alexander,
492 427 218 55 James.

171 502 320 69 Mastering
522 520 143 52 your
698 520 123 33 own
856 500 187 66 mind;
1080 520 70 34 an
1184 499 386 54 introduction
1607 505 58 47 to
103 499 1970 152 thought-control,

257 576 1844 74 by James Alexander … New York and London, Funk &
103 658 294 62 Wagnalls
432 675 292 45 company,
760 659 147 50 1931.

173 737 57 42 58
255 748 43 37 p.
357 736 56 41 19½ᶜᵐ.

111 807 50 52 ©
195 812 125 47 Sept.
351 812 69 46 11,
451 809 111 41 1931;
623 810 65 40 2c.
720 810 94 39 and
846 807 80 40 aff.
962 810 127 47 Sept.
1120 809 55 40 17;
1236 809 40 38 A
1306 807 171 47 41668;
1512 809 140 38 Funk
1681 809 37 39 &
1749 809 253 47 Wagnalls
2031 817 67 31 co.

191 866 278 49 (31-24272)

106 976 315 53 American
454 975 500 54 electrochemical
985 976 242 61 society.

176 1053 1928 69 Transactions of the Electrochemical society … v. 59. 59th
105 1133 229 68 general
362 1132 265 68 meeting,
658 1131 419 68 Birmingham,
1106 1130 150 66 Ala.,
1283 1130 173 67 April
1484 1134 86 63 23,
1599 1134 68 48 24
1694 1132 112 51 and
1836 1134 85 62 25,
1952 1132 150 51 1931.

107 1211 137 51 New
275 1209 162 52 York
465 1210 132 67 city,
627 1209 120 52 The
776 1207 504 53 Electrochemical
1310 1207 228 70 society,
1568 1208 125 66 inc.,
1725 1212 149 49 1931.

175 1288 1395 50 xii, 516 p. front. (port.) illus., tables, diagrs. 23½ᶜᵐ.
108 1355 50 52 ©
193 1360 125 47 Sept.
350 1359 70 47 25,
452 1358 111 41 1931;
624 1359 66 40 2c.
726 1358 127 48 Sept.
883 1358 56 41 28;
1000 1358 82 41 aff.
1116 1358 126 49 Sept.
1275 1358 55 40 26;
1391 1359 42 38 A
1462 1356 144 42 41928;
1669 1358 429 41 Electrochemical

175 1416 193 47 society,
401 1416 90 40 inc.

103 1511 316 53 American
449 1511 326 63 petroleum
807 1510 296 56 institute.

170 1586 326 53 Petroleum
538 1586 147 54 facts
725 1588 113 52 and
879 1586 226 70 figures,
1145 1588 283 67 prepared
1468 1587 76 69 by
1584 1586 205 55 Public
1828 1587 273 54 relations

100 1664 378 68 department,
513 1664 306 54 American
854 1664 316 70 petroleum
1206 1665 278 54 institute.
1561 1665 116 68 [4th
1712 1666 85 53 ed.]

99 1666 1975 145 [Baltimore, The Lord Baltimore press, ᶜ1 931]
171 1824 905 49 xiv, 268 p. incl. tables, diagr. 23½ ᶜᵐ.
173 1882 210 48 “Papers
410 1881 256 49 published
693 1892 53 29 or
772 1883 243 47 approved
1042 1881 79 41 for
1149 1881 327 49 publication”:
1535 1893 44 38 p.
1606 1882 219 42 216-224.

107 1949 50 52 ©
193 1955 126 46 Sept.
353 1955 68 46 11,
456 1953 138 46 1931;
630 1952 65 41 2c.
731 1954 96 38 and
860 1952 83 42 aff.
979 1953 125 47 Sept.
1140 1954 81 45 14;
1259 1953 40 38 A
1331 1952 171 48 42296;
1539 1954 257 40 American
1829 1956 270 46 petroleum

176 2010 238 40 institute.
486 2009 278 48 (31-24115)

103 2104 330 64 Anderson,
461 2104 146 53 Paul
634 2105 65 54 L.

169 2181 115 51 For
317 2180 256 53 freedom
606 2181 113 52 and
754 2180 93 53 for
881 2179 168 69 Gaul,
1084 2180 75 70 by
1193 2181 149 52 Paul
1376 2181 65 53 L.
1476 2181 331 68 Anderson;
99 2183 1973 127 illustrations

275 2258 75 68 by
377 2258 80 52 M.
488 2258 238 53 Painter
754 2257 286 69 Duhring.
1107 2259 138 52 New
1276 2258 180 68 York,
1485 2259 260 71 London,
1775 2261 72 52 D.
99 2260 1974 127 Appleton

224 2335 114 53 and
365 2353 299 51 company,
693 2338 150 51 1931.

169 2415 1603 52 vii, [1] p., 1 l., 294, [1] p. front., illus. (incl. maps) 19½ᶜᵐ.
107 2484 50 51 ©
190 2488 125 47 Sept.
347 2488 58 40 18,
447 2487 111 41 1931;
618 2488 68 41 2c.
718 2490 100 39 and,
845 2488 81 42 aff.
961 2490 125 46 Sept.
1119 2488 56 40 19;
1235 2490 41 38 A
1305 2489 148 41 41729;
1510 2491 49 38 P.
1594 2491 49 38 L.
1675 2491 266 48 Anderson,
1976 2494 118 39 East

177 2544 202 48 Orange,
406 2545 55 39 N.
491 2545 41 39 J.
605 2544 278 51 (31-24139)

104 2637 327 66 Anderson,
460 2640 87 54 W.
576 2640 92 63 H.,
698 2656 304 50 company,
1035 2643 344 53 Cincinnati.

168 2714 119 52 The
325 2733 120 34 new
487 2714 149 54 Ohio
675 2715 133 70 jury
849 2716 133 53 code
1032 2717 235 69 (Senate
1303 2717 121 70 bill,
1461 2737 88 34 no.
1591 2721 126 68 184)
1767 2738 70 33 an
1880 2726 116 46 act:
2036 2724 58 48 to

101 2792 190 67 revise,
316 2793 355 68 supplement
696 2794 111 51 and
834 2794 257 70 recodify
1115 2795 94 52 the
1234 2796 139 52 laws
1396 2796 64 52 of
1485 2794 149 56 Ohio
1658 2797 234 53 relative
1917 2804 56 47 to
1999 2798 97 54 the

100 2870 222 51 method
350 2871 63 52 of
437 2871 359 68 summoning
822 2872 111 53 and
961 2873 269 68 selecting
1257 2873 204 70 jurors,
1487 2874 141 52 with
1653 2875 111 52 full
1792 2881 305 49 comments

100 2945 1995 75 by Francis B. Kavanagh … secretary of the Special committee
98 3022 63 52 of
205 3025 96 53 the
347 3024 149 54 Ohio
544 3032 143 47 state
734 3027 102 53 bar
885 3028 347 53 association.
1320 3028 309 69 Including
1677 3030 310 55 references
2036 3038 57 46 to

100 3100 210 53 former
347 3103 307 67 analogous
692 3103 238 56 sections
972 3104 110 53 and
1123 3125 31 32 a
1194 3106 213 52 concise
1445 3106 212 68 subject
1700 3107 183 54 index.
98 3109 1970 133 Cincinnati,

357 3180 1199 62 The W. H. Anderson company [ ᶜ1 931]
169 3257 56 42 28
253 3269 42 38 p.
355 3259 56 40 26½ᶜᵐ.

107 3326 51 51 ©
183 3331 117 47 Aug.
327 3332 52 37 21,
422 3330 111 41 1931;
589 3332 65 39 2c.
681 3332 119 48 Aug.
825 3332 55 39 22;
934 3332 80 41 aff.
1041 3334 120 48 Aug.
1186 3334 56 39 24;
1298 3335 40 39 A
1363 3336 142 40 41201;
1563 3339 69 38 TV.
1661 3339 60 41 H.
1748 3339 251 40 Anderson
2027 3352 68 29 co.

187 3387 278 47 (31-24481)

104 3480 327 64 Anderson,
462 3482 224 53 Walter
715 3484 289 64 Houston,
1038 3490 170 50 1886-

165 3556 368 55 Limitations
561 3558 62 52 of
651 3560 96 51 the
777 3564 292 63 corporate
1098 3561 183 69 entity;
1343 3583 31 33 a
1404 3563 228 54 treatise
1660 3566 63 52 of
1750 3567 93 53 the
1873 3569 106 50 law
98 3588 1971 114 relating
310 3640 57 47 to
399 3635 94 52 the
523 3635 330 69 overriding
882 3636 63 53 of
973 3638 96 53 the
1101 3644 294 62 corporate
1425 3640 208 71 fiction,
1662 3644 74 68 by
1766 3645 220 53 Walter
2015 3648 77 51 H.

97 3711 1994 80 Anderson … St. Louis, Mo., Thomas law book company, 1931.
168 3791 414 48 xlvi, 641 p. 23½ ᶜᵐ.
107 3860 50 52 ©
193 3866 126 47 Sept.
352 3864 38 46 2,
425 3864 112 41 1931;
601 3865 64 39 2c.
703 3865 125 47 Sept.
862 3866 27 38 4;
951 3866 81 41 aff.
1070 3868 126 47 Sept.
1230 3869 54 38 11;
1348 3869 43 39 A
1419 3871 143 41 42281;
1627 3875 70 40 W.
1733 3876 59 40 H.
1827 3877 249 42 Anderson

177 3921 256 47 Pocatello,
462 3921 166 40 Idaho.
698 3921 278 48 (31-24480)
