2505 4370
1318 4046 102 50 164

361 373 416 65 D’Auvergne,
811 374 274 53 Edmund
1118 373 164 53 Basil
1315 373 266 57 Francis.

432 452 124 53 The
596 450 339 70 prodigious
972 451 273 69 marshal,
1283 450 174 72 being
1497 453 97 53 the
1632 452 107 54 life
1780 454 114 53 and
1934 452 443 70 extraordinary

363 529 344 55 adventures
750 528 65 55 of
856 527 259 56 Maurice
1158 530 68 54 de
1274 530 167 69 Saxe,
1483 531 254 54 marshal
1780 529 64 55 of
1885 532 241 69 France,
2168 548 101 39 son
2312 529 65 56 of

361 608 97 54 the
485 606 142 73 king
654 607 64 54 of
744 608 245 67 Poland,
1015 625 313 52 conqueror
1355 608 65 53 of
1445 609 97 54 the
1571 608 266 70 English,
1863 610 306 68 pretender
2194 614 60 48 to
2281 609 97 53 the

362 685 286 55 dukedom
696 686 65 53 of
807 686 290 69 Kurland,
1144 687 115 52 and
1306 687 290 54 universal
1641 687 174 66 lover,
1860 688 76 69 by
1984 688 274 54 Edmund
2310 689 67 52 B.

361 762 1919 73 D’Auvergne … New York, Dodd, Mead & company, 1931.
432 844 1131 51 xiii p., 2 l., 3-327 p. front., ports. 21 ᶜᵐ .
366 898 2016 54 © Jan. 23, 1931 ; 2c. and aff. Feb. 11 ; A 33665 ; Dodd, Mead & co., inc.
445 959 252 50 (31-4291)

363 1056 86 53 De
482 1057 231 62 Forest,
744 1057 182 53 Louis
959 1055 358 65 Effingham,
1353 1062 171 49 1891-

435 1134 166 55 Jelke
636 1134 113 53 and
785 1134 236 53 Frazier
1058 1135 113 52 and
1206 1134 175 54 allied
1418 1133 270 69 families,
1721 1135 77 69 by
1831 1135 67 54 L.
1934 1134 327 71 Effingham
2295 1135 87 53 De

364 1212 2020 70 Forest … New York, The De Forest publishing company,
363 1295 152 50 1931.

432 1374 694 49 4 p. l., 7-93 p. pl. 25 ᶜᵐ .
435 1432 184 41 “These
651 1432 305 49 genealogies
989 1444 126 29 were
1148 1432 240 49 prepared
1421 1434 50 39 to
1503 1431 208 50 amplify
1744 1431 97 42 and
1875 1430 160 43 revise
2065 1433 233 41 accounts
2330 1431 53 43 of

364 1490 138 41 these
536 1500 135 31 same
704 1490 217 41 families
958 1490 257 49 published
1251 1490 51 39 in
1339 1488 115 42 1925
1489 1490 52 39 in
1577 1490 82 41 the
1696 1488 252 51 magazine
1987 1488 396 43 Americana.”—

361 1548 276 41 Foreword.

438 1605 236 42 Contains
720 1605 81 40 the
848 1605 154 47 Jelke,
1050 1605 215 49 Frazier,
1315 1604 158 49 Story,
1525 1604 162 49 Stark,
1735 1603 200 51 O’Hair,
1982 1604 158 49 Faris,
2189 1604 192 46 Clarke,

364 1662 360 50 Chamberlain,
756 1664 97 39 and
883 1663 257 40 unrelated
1172 1662 202 41 Frazier
1403 1661 233 43 families.

436 1721 236 42 Contains
703 1721 398 49 bibliographies.

366 1776 2017 52 © Feb. 10, 1931 ; 2c. and aff. Feb. 12 ; A 34292 ; L. E. de Forest, New
437 1837 146 41 York.
655 1835 253 51 (31-4302)

362 1933 146 63 Dell,
541 1933 178 52 Ethel
747 1933 159 63 May.

433 2014 122 52 The
585 2014 216 52 eternal
830 2013 164 52 loser.
1077 2011 365 67 [Instalment
1476 2015 45 62 1]

445 2091 84 48 (In
557 2091 87 51 My
675 2090 144 43 home
850 2089 278 52 magazine,
1158 2089 145 50 Mar.,
1335 2087 147 51 1931)

366 2147 2015 53 © 1c. Feb. 26, 1931; A ad int. 14780; pubd. Feb. 10; Ethel Mary Savage,
434 2208 320 49 Winchester,
784 2209 238 47 England.

362 2307 251 63 Dygert,
642 2306 139 52 Mrs.
811 2304 192 52 Natta
1041 2301 276 68 (Fisher)

431 2384 123 53 The
592 2382 176 71 perils
806 2382 64 53 of
909 2381 139 54 food
1086 2379 310 72 deficiency
1433 2381 113 52 and
1584 2381 251 53 nature’s
1870 2381 237 70 healing
2141 2382 237 70 bounty,

359 2462 76 69 by
462 2463 181 53 Natta
671 2461 207 54 Fisher
904 2462 227 67 Dygert
1158 2459 113 53 and
1303 2458 223 54 Bonnie
1554 2458 261 54 Lucinda
1844 2458 222 57 Fisher.
2143 2461 236 70 Boston,

360 2537 1312 70 The Christopher publishing house [ ᶜ1 931]
432 2621 569 51 xiii, [15]-64 p. 21 ᶜᵐ .
366 2677 53 52 ©
446 2681 112 40 Feb.
584 2679 39 49 5,
649 2678 114 42 1931
782 2689 9 36 ;
819 2678 68 40 2c.
913 2677 112 41 Feb.
1051 2675 26 41 9
1095 2687 9 37 ;
1133 2676 82 42 aff.
1242 2676 113 41 Feb.
1381 2677 27 39 7
1425 2686 9 37 ;
1463 2676 42 39 A
1529 2674 142 42 33591
1691 2685 11 39 ;
1732 2675 321 50 Christopher
2078 2677 111 48 pub.
2216 2677 164 42 house.

444 2735 253 51 (31-4163)

363 2833 294 66 Einstein,
691 2831 230 66 Albert,
956 2831 172 56 1879-

432 2912 197 54 About
670 2909 281 69 Zionism;
995 2909 264 69 speeches
1301 2909 114 52 and
1456 2908 213 69 letters,
1710 2908 76 70 by
1826 2908 304 61 Professor
2172 2911 205 54 Albert

361 2990 266 55 Einstein
645 3011 11 41 ;
690 2988 318 54 translated
1042 2988 113 53 and
1189 2986 189 54 edited
1412 2986 141 53 with
1586 3004 72 35 an
1688 2986 393 56 introduction
2113 2988 76 69 by
2220 2990 154 53 Leon

363 3068 216 57 Simon.
656 3069 140 52 New
827 3067 181 67 York,
1037 3066 122 53 The
1188 3064 339 53 Macmillan
1557 3082 299 52 company,
1889 3068 149 51 1931.

432 3149 307 50 94 p. 21 ᶜᵐ .
434 3207 148 41 “This
615 3207 191 40 volume
840 3204 42 42 is
916 3204 255 48 composed
1205 3202 54 42 of
1291 3202 324 41 translations
1648 3202 53 41 of
1733 3204 218 40 extracts
1984 3204 128 41 from
2149 3206 226 47 speeches

361 3265 99 41 and
489 3266 172 39 letters
690 3262 246 42 delivered
967 3261 96 40 and
1094 3259 200 42 written
1324 3260 61 47 by
1417 3258 257 41 Professor
1704 3258 222 43 Einstein
1957 3261 179 49 during
2168 3263 80 40 the
2280 3264 89 39 last

359 3322 115 41 nine
507 3332 56 30 or
594 3323 81 39 ten
705 3317 439 51 years.”—Introd.

433 3379 191 42 “Select
651 3374 369 51 bibliography”
1038 3385 10 30 ;
1080 3385 44 38 p.
1171 3372 177 51 [89]-94.

365 3432 54 53 ©
446 3436 112 40 Feb.
584 3436 40 47 3,
651 3433 110 42 1931
784 3445 8 35 ;
822 3433 67 40 2c.
918 3433 96 39 and
1042 3431 82 42 aff.
1153 3430 112 42 Feb.
1290 3430 54 46 4;
1374 3428 40 41 A
1441 3428 172 48 33526;
1644 3430 284 42 Macmillan
1956 3442 68 30 co.

443 3492 254 50 (31-4292)

362 3577 243 62 Eldean,
638 3575 152 53 Fred
822 3573 260 64 August.

434 3654 151 53 How
616 3658 58 48 to
705 3651 121 54 find
856 3651 97 53 the
983 3651 110 52 law
1111 3668 10 48 ;
1157 3668 32 34 a
1220 3650 151 68 legal
1403 3646 291 55 reference
1722 3648 325 70 handbook,
2078 3650 302 69 including

364 3726 2015 75 chapters on brief making, by Fred A. Eldean … St. Paul,
363 3806 1300 71 Minn., West publishing company [ ᶜ1 931]
500 3888 820 52 xv, 782 p. plates, maps. 26½ ᶜᵐ .
435 3950 239 53 Chapters
700 3949 55 39 21
782 3948 95 42 and
905 3947 55 40 23
987 3946 235 51 preceded
1249 3946 62 48 by
1339 3944 264 43 half-titles
1630 3945 86 41 not
1742 3944 228 42 included
1996 3944 51 41 in
2075 3945 83 41 the
2185 3945 191 50 paging.
