2505 4370
0 0 0 0 555
105 403 559 67 Mancini, Niccol ò .
235 469 1863 77 … Elettricità e magnetismo; rotazione elettro-magnetica
99 557 220 69 gravita
330 557 229 52 zionale.
630 554 276 69 Bologna,
938 553 62 53 L.
1040 550 281 70 Cappelli,
1359 553 148 52 1931.

331 635 702 55 1 p. l., [v]-vii, 506 p. illus. 25 ᶜᵐ.
172 699 64 39 At
265 697 122 41 head
419 697 51 40 of
497 696 108 40 title
624 707 7 28 :
662 696 55 39 N.
747 691 226 43 Mancini.

114 759 1995 59 © Jan. 1 , 1931; 1c. Jan. 27; A— Foreign 10693; N. Mancini, Bologna,
184 826 143 47 Italy.
399 822 249 50 (31-9359)

107 918 322 63 Millberry,
462 918 131 62 Guy
622 916 291 62 Stillman,
946 915 171 54 1872-

179 995 47 50 A
267 995 171 67 study
472 992 63 53 of
568 993 94 51 the
697 992 191 52 dental
931 991 249 68 problem
1217 989 60 52 in
1310 987 262 68 Hawaii;
1611 1008 31 31 a
1676 1005 204 50 survey
1916 986 64 51 of
2016 987 95 51 the

108 1072 189 52 dental
341 1071 190 52 health
573 1070 358 52 educational
971 1085 269 50 program
1281 1068 55 51 in
1377 1067 97 52 the
1512 1065 192 68 public
1741 1065 219 52 schools
1998 1065 112 51 and

109 1150 189 51 dental
337 1148 213 53 service
586 1147 58 52 in
683 1148 239 51 Palama
961 1146 320 52 settlement
1320 1145 110 51 and
1470 1144 59 52 in
1567 1144 163 51 other
1769 1142 191 68 public
1999 1143 110 51 and

109 1221 2005 73 private institutions, by Guy S. Millberry … under the auspices
110 1304 65 50 of
203 1304 94 52 the
327 1304 380 66 Department
737 1302 63 51 of
831 1301 191 69 public
1054 1301 340 52 instruction
1427 1300 113 52 and
1572 1299 96 53 the
1699 1298 215 69 Strong
111 1298 1979 150 foundation,

357 1382 152 65 1930,
535 1380 315 60 Honolulu,
878 1380 63 52 T.
973 1379 75 52 H.
1119 1378 315 68 [Berkeley,
1464 1375 194 71 Calif.,
1685 1378 168 52 Press
1880 1378 64 52 of
1971 1374 56 56 J.
2057 1379 58 52 J.

112 1458 773 67 Gillick & co., inc., ᶜ1 930]
185 1538 1249 51 158 p., 1 l. illus., tables (1 fold.) diagrs. 24 ᶜᵐ.
187 1597 349 49 Bibliography
553 1607 11 30 :
593 1608 42 36 p.
661 1596 99 41 144.

123 1666 51 52 ©
203 1670 110 42 Jan.
341 1669 37 47 5,
408 1668 108 39 1931;
578 1672 67 35 2c.
675 1668 109 40 Jan.
812 1668 81 45 27;
925 1665 81 42 aff.
1036 1666 109 39 Jan.
1174 1667 82 46 26;
1289 1666 40 38 A
1357 1666 171 48 34357;
1562 1665 52 41 G.
1647 1665 46 43 S.
1722 1665 267 51 Millberry,
2022 1666 97 40 San

191 1725 274 43 Francisco.
536 1724 250 49 (31-9550)

116 1820 234 65 Morris,
383 1821 168 53 Cora.

188 1897 154 52 Four
374 1914 186 51 gypsy
594 1897 273 56 children,
900 1896 73 68 by
1008 1896 149 54 Cora
1191 1895 239 70 Morris;
1468 1895 318 55 illustrated
1826 1897 74 68 by
119 1898 1969 129 Dorothea

287 1975 198 53 Fouse.
563 1975 137 51 New
739 1974 178 66 York,
956 1975 121 51 The
1115 1971 333 54 Macmillan
1489 1991 298 52 company,
1828 1977 147 50 1931.

196 2053 1301 50 5 p. l., 80 p., 1 l. incl. illus., plates, front. 22 ᶜᵐ.
192 2112 288 41 Illustrated
508 2111 350 49 lining-papers
887 2112 48 39 in
963 2113 168 37 colors.

128 2179 53 51 ©
210 2184 114 47 Apr.
355 2183 71 41 14.
457 2181 113 41 1931;
630 2182 68 40 2c.
729 2184 97 38 and
857 2182 83 40 aff.
970 2182 114 48 Apr.
1117 2183 55 38 15;
1233 2183 43 38 A
1306 2181 146 41 36504;
1514 2180 284 44 Macmillan
1830 2194 69 30 co.
206 2238 251 51 (31-9623)

123 2333 228 65 Munro,
382 2333 255 54 William
666 2334 276 63 Bennett,
976 2335 169 53 1875-

190 2410 120 53 The
348 2415 370 62 government
758 2409 63 53 of
858 2410 95 54 the
992 2410 216 54 United
1250 2410 205 69 States,
1497 2411 274 71 national,
1810 2415 160 64 state,
2010 2412 114 53 and

121 2484 2005 78 local, by William Bennett Munro … 3d ed. New York, The
122 2563 333 55 Macmillan
491 2583 294 51 company,
824 2567 149 52 1931.

194 2642 776 51 ix p., 1 l. , 795 p. diagr. 22 ᶜᵐ.
198 2701 348 42 “References”
578 2704 51 38 at
660 2703 91 38 end
780 2702 52 40 of
860 2702 118 41 each
1010 2703 200 47 chapter
1241 2704 87 40 but
1358 2713 101 31 one.

134 2771 53 54 ©
213 2775 115 50 Apr.
354 2776 69 41 14.
453 2775 140 47 1931;
623 2776 66 40 2c.
719 2776 96 39 and
843 2775 82 42 aff.
952 2776 115 47 Apr.
1095 2776 55 39 15;
1209 2777 42 38 A
1277 2776 172 47 36502;
1482 2776 283 41 Macmillan
1792 2786 70 31 co.
213 2831 250 50 (31-9640)

195 2923 1870 76 The governments of Europe, by William Bennett Munro …
128 3003 137 53 New
299 3004 111 53 and
445 3022 109 33 rev.
590 3004 83 51 ed.
743 3003 136 53 New
914 3003 177 72 York,
1124 3005 121 51 The
1280 3002 332 55 Macmillan
1648 3022 294 52 company,
1976 3007 153 52 1931.

199 3081 1518 55 xi p., 1 l. , 841 p. 1 illus., maps (part double) diagr. 22½ ᶜᵐ.
202 3139 348 50 Bibliography
577 3142 52 38 at
658 3142 91 38 end
778 3140 51 40 of
856 3140 117 42 each
1001 3142 214 46 chapter.

141 3197 51 51 ©
221 3200 111 49 Apr.
363 3202 69 46 14,
463 3199 139 47 1931;
635 3199 66 41 2c.
732 3201 94 38 and
856 3200 80 41 aff.
967 3199 114 48 Apr.
1111 3199 82 48 15;
1226 3201 41 38 A
1296 3200 170 47 36500;
1501 3200 281 41 Macmillan
1814 3212 67 30 co.
219 3256 249 49 (31-9644)

135 3350 278 53 National
454 3350 501 64 student-faculty
995 3351 348 53 conference
1381 3369 71 34 on
1492 3350 245 64 religion
1776 3351 114 52 and
206 3351 1909 140 education,

382 3430 246 63 Detroit,
661 3433 148 49 1930.

209 3502 321 55 Education
563 3504 273 68 adequate
868 3503 92 55 for
992 3506 233 51 modern
1258 3506 193 65 times;
1485 3504 342 55 discussions
1860 3504 112 52 and
138 3523 1972 126 proposals

361 3580 64 53 of
460 3581 94 53 the
591 3582 269 52 National
899 3582 481 69 student-faculty
1414 3581 332 55 conference
1782 3600 73 34 on
1892 3581 243 69 religion

139 3660 111 51 and
282 3658 316 54 education.
674 3660 137 51 New
841 3659 178 60 York,
1050 3660 142 52 Pub.
1225 3659 94 54 for
1348 3661 96 52 the
1476 3659 238 54 Council
1745 3659 65 53 of
1841 3658 295 55 Christian

140 3734 1268 72 associations by Association press [ ᶜ1 931 ]
247 3818 307 49 x, 276 p. 22 ᶜᵐ.
213 3875 168 41 Issued
415 3876 155 38 under
602 3876 81 39 the
716 3874 234 42 direction
985 3875 51 40 of
1068 3886 27 29 a
1129 3875 274 40 committee
1435 3876 259 47 appointed
1730 3877 60 47 by
1824 3879 81 38 the
1937 3877 199 42 Council

143 3932 52 39 of
224 3930 251 43 Christian
504 3931 334 48 associations,
867 3932 52 40 T.
958 3932 64 40 W.
1054 3932 229 48 Graham,
1312 3931 267 45 chairman,
1637 3934 62 47 cf.
1729 3934 130 41 Pref.
