2428 4370
1246 4042 136 53 1958

312 388 205 55 Rhode
553 389 200 54 Island
790 393 111 53 and
937 391 265 54 Atlantic
1236 396 259 64 reporter
1530 390 202 71 digest.
1812 394 133 51 1931
1984 391 347 54 cumulative

385 469 1946 70 annual pocket parts for volumes 1-36 … St. Paul, West
381 547 660 65 publishing co. [ ᶜ1931]
381 631 60 42 36
507 663 10 10 v.
577 631 62 42 25ᶜᵐ.

383 701 297 42 Cover-title.

386 759 156 41 These
570 759 275 48 pamphlets
876 769 84 31 are
987 762 49 38 to
1066 759 59 40 be
1151 758 140 41 fitted
1320 758 104 41 into
1455 759 82 40 the
1565 759 198 48 pockets
1794 761 51 40 at
1876 759 82 40 the
1987 759 149 41 backs
2165 759 52 41 of
2247 759 81 41 the

312 817 219 40 volumes
561 816 52 41 of
642 816 82 41 the
753 819 73 38 set
854 819 49 38 to
935 816 159 41 which
1125 816 114 48 they
1270 816 184 48 belong.

317 882 54 54 ©
397 887 119 42 Nov.
545 887 69 49 27,
643 886 113 42 1931;
814 887 67 41 2c.
910 888 121 41 each
1059 888 113 41 Dec.
1201 886 54 41 12;
1314 886 83 43 aff.
1426 887 113 41 Dec.
1569 887 55 39 14;
1682 887 42 39 A
1750 886 146 41 45473;
1956 888 139 39 West
2120 887 108 48 pub.
2261 897 53 31 co

310 996 279 65 Richard,
618 997 274 65 Dorothy
920 999 193 64 Mary,
1145 998 329 55 1873-1924.

308 1074 1995 132 Dorothy Mary Richard, her alabaster box, by Eldon H. Martin …
515 1152 1813 71 with a foreword by Prof. Ozora S. Davis … New York
312 1236 140 63 [etc.]
485 1232 270 70 Fleming
779 1232 77 53 H.
884 1232 202 54 Revell
1113 1250 283 51 company
1428 1234 175 65 [ᶜ1931]

377 1315 88 41 208
495 1327 44 37 p.
599 1315 137 41 front.
779 1314 174 50 (port.)
1022 1315 117 41 21ᶜᵐ.

381 1387 267 42 Selections
673 1388 130 40 from
829 1388 223 48 Dorothy
1077 1387 258 42 Richard’s
1362 1388 186 40 letters.

316 1454 51 54 ©
400 1460 118 41 Nov.
553 1460 38 48 7,
625 1459 114 41 1931;
802 1459 68 42 2c.
904 1460 96 39 and
1034 1458 82 42 aff.
1149 1459 119 41 Nov.
1303 1458 56 40 24;
1423 1459 40 38 A
1495 1458 145 40 44921;
1706 1458 222 49 Fleming
1961 1460 60 38 H.
2057 1460 169 39 Revell
2260 1470 66 30 co.

396 1516 282 50 (31-33998)

309 1626 275 65 Roberts,
612 1625 290 67 Brigham
931 1628 227 65 Henry,
1188 1629 173 54 1857-

378 1705 122 54 The
539 1704 250 72 “falling
825 1704 228 71 away”;
1094 1724 82 50 or,
1214 1705 122 54 The
1373 1704 228 56 world’s
1640 1705 112 54 loss
1789 1702 64 55 of
1891 1705 96 54 the
2028 1704 294 56 Christian

308 1783 244 70 religion
595 1785 114 53 and
752 1784 241 68 church;
1039 1784 316 54 discourses
1398 1783 289 54 delivered
1730 1802 135 35 over
1906 1784 164 53 radio
2112 1785 211 53 station

306 1861 175 71 KSL,
529 1863 128 55 Salt
700 1862 158 54 Lake
903 1862 154 70 City,
1106 1862 240 69 Sunday
1390 1862 271 70 evenings
1709 1862 153 53 from
1906 1862 199 54 March
2158 1866 65 50 10
2266 1869 60 47 to

306 1940 2021 71 June 30, 1929, by Elder B. H. Roberts … Salt Lake City,
307 2020 177 68 Utah,
510 2019 237 54 Deseret
775 2019 147 53 book
948 2037 301 52 company,
1280 2022 152 52 1931.

375 2103 98 49 xiv,
499 2104 87 40 253
613 2115 43 37 p.
716 2103 136 41 front.
896 2103 175 49 (port.)
1105 2103 132 41 illus.
1296 2103 148 41 22½ᶜᵐ.

379 2174 182 42 “Other
588 2175 159 40 works
775 2174 52 40 of
853 2175 149 39 Elder
1028 2175 54 40 B.
1109 2174 61 41 H.
1197 2173 238 42 Roberts”:
1493 2185 42 38 p.
1565 2174 67 50 [iii]

315 2242 51 53 ©
397 2247 101 40 Oct.
529 2247 40 48 5,
599 2245 114 42 1931;
772 2246 66 39 2c.
868 2247 117 39 Nov.
1016 2244 59 41 20;
1132 2245 82 42 aff.
1245 2245 118 42 Nov.
1394 2245 55 40 21;
1510 2246 41 39 A
1578 2245 147 42 44897;
1785 2247 54 40 B.
1871 2248 59 38 H.
1964 2247 222 48 Roberts,
2220 2247 105 42 Salt

380 2305 134 41 Lake
543 2304 125 49 City.
739 2303 282 50 (31-33994)

308 2414 178 65 Sand,
517 2413 182 57 René.

439 2491 1860 148 … Le service social à travers le monde; assistance—prévoyance—hygiène.
307 2567 2016 149 Préface de m. Paul Strauss … Paris, A. Colin, 1931.
376 2728 482 51 vii, 250 p. 22 ½ᶜᵐ .
312 2797 2012 56 © May 13, 1931; 1c. July 16; A— Foreign 12457; Max Leclerc & cie.,
379 2860 157 42 Paris.
609 2860 281 49 (31-34202)

305 2969 611 67 Schneider-Reichel,
946 2972 329 64 Margaret.

375 3046 80 55 Es
483 3066 120 35 war
631 3045 209 56 einmal
866 3048 91 55 ein
983 3067 221 52 grosses
1230 3048 286 69 krokodil,
1543 3050 89 53 ein
1662 3049 332 54 bilderbuch
2027 3068 110 35 von

303 3052 1993 144 Margaret Schneider-Reichel. Berlin, H. Stufïer, ᶜ 1930.
376 3206 1120 52 cover-title, [24] p. col. illus. 22 × 28 ½ᶜᵐ .
732 3279 1529 49 CONTENTS.— Es war einmal ein grosses krokodil.— Vom wipperl.
305 3333 177 42 Jumbo
514 3336 98 39 und
641 3335 168 49 Pippa.

312 3400 2010 57 © Dec. 31, 1930; 1c. Apr. 8, 1931; A— Foreign 12815; Herbert Stu ffer
383 3463 180 47 verlag,
597 3463 180 41 Berlin.
853 3464 283 50 (31-33710)

306 3540 251 67 Semple,
588 3542 166 56 Ellen
785 3544 322 66 Churchill,
1140 3552 172 50 1863-

372 3616 121 53 The
524 3621 294 68 geography
894 3622 63 53 of
991 3622 94 55 the
1117 3622 461 54 Mediterranean
1614 3624 226 68 region;
1881 3621 69 56 ils
1988 3621 240 54 relation
2262 3628 58 47 to

303 3693 2018 75 ancient history, by Ellen Churchill Semple … New York,
365 3814 11 9 H.
406 3771 147 57 Holt
581 3773 113 55 and
723 3793 278 54 company
1035 3780 195 67 [ᶜ1931]

374 3852 1125 55 viii p., 2 l., 3-737 p. front., maps. 22½ᶜᵐ.
378 3920 235 46 “General
660 3927 392 52 bibliography”:
1100 3940 42 39 p.
1188 3930 231 49 709-714;
1469 3931 361 41 “Authorities”
1875 3935 52 37 at
1971 3932 90 41 end
2108 3931 53 41 of
2204 3929 118 41 each

301 3975 214 53 chapter.
