2428 4370
994 4020 131 49 1911

135 489 162 40 “First
319 486 227 42 edition.”

68 542 51 52 ©
147 546 101 41 Oct.
273 545 68 47 24,
369 544 139 47 1931;
537 544 65 41 2c.
631 545 93 39 and
753 542 79 43 aff.
861 543 117 41 Nov.
1005 544 81 45 13;
1116 543 39 40 A
1181 542 144 41 44976;
1383 543 58 41 K.
1470 542 48 41 C.
1550 543 227 45 Strahan,
1806 542 248 42 Portland.

136 604 76 39 Or.
284 601 279 49 (31-33327)

62 696 178 64 Todd,
267 694 191 55 Jessie
488 694 212 56 Mabel.

193 769 1857 70 … Drawing in the elementary school, by Jessie M. Todd
122 845 1589 72 … Chicago, Ill., The University of Chicago [1931]
163 926 1890 52 v, 60 p. incl. front., illus., plates. 23 ᶜᵐ . (Publications of the
61 984 301 48 Laboratory
387 985 188 40 schools
601 985 54 39 of
678 985 81 40 the
785 984 282 46 University
1093 984 54 40 of
1170 982 223 49 Chicago,
1446 994 75 32 no.
1547 982 40 41 2.
1614 984 265 47 February,
1905 982 138 44 1931)

69 1040 51 51 ©
145 1044 113 47 Apr.
284 1045 38 45 1,
349 1042 111 41 1931;
517 1043 65 39 2c.
610 1044 94 39 and
732 1043 79 38 aff.
840 1043 117 40 Nov.
985 1041 54 40 16;
1096 1043 40 38 A
1160 1042 145 39 45055;
1363 1042 281 46 University
1672 1042 50 40 of
1752 1042 221 47 Chicago.

145 1099 278 49 (31-33393)

60 1180 228 63 Towns,
318 1179 244 55 Charles
589 1180 246 64 Barnes,
865 1184 170 50 1862-

130 1256 358 69 Reclaiming
519 1257 95 52 the
648 1256 251 67 drinker,
929 1257 76 68 by
1040 1255 235 55 Charles
1310 1257 67 51 B.
1411 1256 223 52 Towns.
1704 1256 137 51 New
1878 1255 179 70 York,

62 1333 627 63 Barnes & company [ ᶜ1931]
131 1415 303 49 77 p. 19 ᶜᵐ .
69 1468 51 52 ©
146 1474 117 39 Nov.
289 1474 68 41 11.
383 1472 112 40 1931;
551 1472 65 40 2c.
645 1474 93 38 and
766 1472 79 40 aff.
873 1473 117 40 Nov.
1017 1472 80 46 17;
1127 1472 41 39 A
1192 1473 145 40 44835;
1395 1473 49 40 C.
1472 1473 52 38 B.
1553 1473 188 46 Towns,
1770 1473 116 39 New
1914 1473 143 40 York.

146 1529 278 48 (31-33318)

63 1609 70 54 U.
163 1609 56 53 S.
294 1610 275 67 Supreme
598 1616 173 46 court.

134 1687 224 68 Patent,
401 1686 323 70 copyright,
764 1688 161 52 trade
966 1686 165 54 mark
1172 1705 168 48 cases,
1381 1685 291 71 adjudged
1716 1686 60 54 in
1817 1687 95 53 the

65 1686 1971 146 Supreme
282 1770 161 48 court
470 1766 64 52 of
561 1765 94 53 the
684 1766 215 53 United
929 1765 187 54 States;
1176 1765 333 69 containing
1536 1765 180 54 briefs
1745 1765 66 54 of
1836 1767 225 51 counsel

76 1843 217 67 (points
324 1845 112 52 and
468 1842 363 70 authorities)
873 1848 301 48 statement
1204 1843 63 52 of
1295 1862 167 49 cases,
1494 1844 113 52 and
1635 1842 206 70 syllabi
1873 1843 65 53 of
1966 1845 97 51 the

65 1938 149 36 cases
238 1921 76 68 by
338 1921 95 53 the
458 1919 199 55 official
683 1926 272 62 reporter,
981 1940 59 34 as
1066 1920 299 54 contained
1392 1920 59 53 in
1477 1921 95 53 the
1600 1918 219 56 Official
1845 1920 216 54 edition

65 1999 62 51 of
159 1999 94 51 the
285 2005 237 61 reports,
557 1999 249 53 volumes
838 1999 101 52 278
972 2002 58 48 to
1063 2002 100 49 283
1197 1998 291 53 inclusive.
1564 1998 214 54 Edited
1811 2000 76 68 by

64 1997 1972 145 William Edward Baldwin … New York, The Banks
1772 2077 109 51 law
63 2077 1974 145 publishing
305 2171 298 51 company,
634 2156 148 50 1931.

137 2233 113 49 [192]
286 2245 43 37 p.
392 2234 128 39 illus.
581 2234 145 40 23½ᶜᵐ.

137 2290 73 40 On
246 2299 166 31 cover:
454 2289 267 41 Baldwin’s
755 2293 181 45 patent,
976 2290 267 49 copyright,
1283 2292 140 40 trade
1460 2291 141 40 mark
1638 2290 198 48 service,

67 2292 1977 102 supplementing
314 2346 267 41 Baldwin’s
613 2348 55 39 U.
707 2346 44 41 S.
788 2347 229 48 Supreme
1052 2350 138 38 court
1225 2350 182 46 patent,
1444 2348 266 48 copyright,
1748 2349 138 40 trade
1922 2349 140 38 mark

64 2413 147 31 cases.

139 2459 110 41 1931
285 2459 142 41 issue.

69 2511 1991 53 © Oct. 16. 1931; 2c. Oct. 22; aff. Oct. 23; A 44397; William Edward
137 2573 237 47 Baldwin,
414 2574 116 39 New
568 2574 144 40 York.

62 2651 300 65 Valotton,
391 2651 335 65 Benjamin.

195 2729 1867 71 … Quel est ton pays? [v. 3] Et voici la France. Paris,
63 2808 204 71 Payot,
298 2812 149 51 1931.

135 2890 701 50 281 p., 1 l. plates. 19 ᶜᵐ .
135 2946 63 40 At
229 2946 123 41 head
382 2946 53 40 of
463 2947 109 40 title:
633 2948 258 47 Benjamin
923 2949 238 39 Valloton.

69 2998 1990 55 © Oct. 5, 1931; 1c. Nov. 30; A—Foreign 14416; B. Vallotton, Strasbourg,
138 3059 197 42 France.

63 3137 271 65 Wallace,
366 3139 219 64 Edgar,
618 3142 170 53 1875-

195 3214 1862 73 … On the spot … Garden City, N. Y., Pub. for the Crime
63 3291 1765 75 club, inc., by Doubleday, Doran & company, inc. [ ᶜ193 1]
132 3351 518 72 3 p. l., 313 p. 20 ᶜᵐ .
135 3430 162 41 “First
321 3430 227 42 edition.”

70 3483 51 52 ©
148 3489 116 38 Nov.
292 3488 67 47 12,
387 3488 113 40 1931;
555 3487 67 42 2c.
650 3491 94 38 and
772 3490 78 39 aff.
879 3490 116 40 Nov.
1024 3491 55 40 23;
1134 3491 41 38 A
1200 3490 145 41 44969;
1403 3493 51 37 E.
1482 3492 228 46 Wallace,
1741 3492 210 40 London.

150 3544 279 47 (31-33329)

63 3624 317 65 Wangner,
407 3626 138 54 Mrs.
578 3626 164 53 Ellen
771 3629 52 53 J.
862 3627 235 66 (Diffin)
1137 3630 170 53 1872-

196 3702 1862 72 … The American home book of kitchens, by Ellen D.
64 3779 320 70 Wangner;
424 3782 326 53 illustrated
788 3781 137 54 with
966 3784 423 67 photographs;
1433 3783 187 53 edited
1660 3784 75 67 by
1775 3783 280 69 Reginald

66 3858 1993 71 T. Townsend … Garden City, N. Y., Doubleday, Doran &
65 3952 297 54 company,
385 3935 127 70 inc.,
538 3939 152 52 1931.
