2505 4370
1048 3998 101 51 143

180 438 974 50 ix, 184 p., 1 l. tables (1 fold.) 23 ᶜᵐ.
180 495 1219 51 Thesis (PH. D .)—Columbia university, 1931.
178 551 130 43 Vita.

180 608 292 42 “Published
502 608 121 41 with
650 609 83 41 the
758 610 234 48 approval
1020 610 52 41 of
1101 612 83 39 the
1211 611 244 40 Research
1484 611 187 40 council
1701 612 51 40 of
1781 613 82 39 the
110 611 1976 95 Association

237 665 53 41 of
312 665 223 41 national
561 665 312 49 advertisers,
900 665 227 49 inc.”—p.
1158 666 77 50 [iv]

180 721 266 42 Published
486 722 103 40 also
633 720 209 42 without
883 721 152 42 thesis
1078 724 125 47 note,
1246 723 155 40 under
1444 723 110 40 title:
1626 723 123 41 How
1792 724 189 41 schools
2024 736 85 29 use

109 777 303 49 advertising
441 777 241 42 material.

180 834 320 41 “References
526 832 153 42 found
706 836 126 39 most
857 834 218 48 helpful”:
1133 845 44 38 p.
1204 834 218 42 183-184.

116 905 51 52 ©
198 908 112 40 Dec.
338 908 68 47 30,
438 906 114 41 1930;
610 907 68 41 2c.
708 907 109 40 Jan.
848 906 39 49 5,
918 905 140 49 1931;
1092 906 82 41 aff.
1206 907 111 40 Jan.
1347 906 82 48 10;
1462 906 43 39 A
1532 905 171 49 32692;
1736 906 126 41 Assn.
1907 908 52 39 of
1990 910 120 39 natl.

183 964 310 49 advertisers,
523 964 91 40 inc.
685 962 250 51 (31-3572)

175 1056 148 52 How
354 1056 216 53 schools
602 1074 97 36 use
730 1055 354 70 advertising
1111 1054 262 54 material;
1436 1077 31 33 a
1501 1055 169 70 study
1701 1054 64 53 of
1796 1055 95 54 the
1921 1074 96 34 use
2045 1056 64 51 of

107 1132 353 69 advertising
486 1132 260 55 material
776 1132 73 70 by
875 1134 251 53 teachers
1154 1132 59 53 in
1240 1133 217 53 schools
1486 1135 113 52 and
1628 1132 236 69 colleges
1893 1133 114 54 and
2034 1136 75 65 by

106 1209 2003 72 home economics workers, by Saidee E. Stark … New York
106 1287 130 70 city,
262 1288 357 53 Association
646 1288 64 52 of
732 1287 255 53 national
1013 1288 357 69 advertisers,
1397 1286 106 54 inc.
1612 1290 120 66 [ᶜ1930]

176 1367 833 50 ix, 184 p. tables (1 fold.) 23½ ᶜᵐ.
177 1424 294 41 “Published
498 1424 120 41 with
647 1426 83 39 the
758 1425 234 48 approval
1019 1424 52 40 of
1097 1426 82 39 the
1207 1424 247 41 Research
1484 1425 185 40 council
1702 1425 52 40 of
1781 1427 83 39 the
106 1426 1985 96 Association

237 1480 52 43 of
310 1481 223 41 national
559 1480 312 49 advertisers,
898 1479 228 50 inc.”—p.
1156 1480 76 50 [iv]

177 1537 265 42 Published
478 1538 103 40 also
618 1548 55 30 as
709 1536 154 41 thesis
909 1537 108 49 (PH.
1086 1538 35 47 D.)
1167 1536 252 41 Columbia
1458 1536 285 49 university,
1781 1538 154 40 under
1971 1538 136 41 title:

105 1594 103 42 The
237 1595 337 48 development
604 1593 52 42 of
686 1593 199 42 criteria
915 1593 81 41 for
1024 1594 82 40 the
1135 1591 309 42 educational
1478 1594 281 40 evaluation
1793 1595 51 40 of
105 1594 1987 106 advertising

211 1650 231 42 material
469 1651 119 41 used
614 1651 61 48 by
702 1650 141 41 home
869 1648 268 42 economics
1165 1650 229 40 workers.

177 1708 321 42 “References
528 1707 155 42 found
711 1709 128 40 most
866 1705 218 51 helpful”:
1145 1718 44 38 p.
1218 1706 218 42 183-184.

113 1778 1996 53 © Dec. 30, 1930; 2c. Jan. 5, 1931; aff. Jan. 10; A 32693; Association of
180 1841 117 40 natl.
329 1839 311 47 advertisers,
671 1838 91 40 inc.
832 1836 251 50 (31-3573)

107 1933 295 65 Stebbins,
435 1932 244 56 Charles
706 1931 281 64 Maurice,
1018 1932 170 54 1871-

177 2013 368 69 Progressive
575 2031 194 34 course
799 2013 60 51 in
889 2011 191 68 Latin,
1111 2012 231 52 manual
1376 2011 92 52 for
1497 2012 96 52 the
1624 2011 126 53 first
1781 2030 134 50 year
1946 2012 165 57 book,

107 2089 2002 71 by Charles M. Stebbins … Brooklyn, N. Y. Stebbins and
105 2170 508 67 company [ ᶜ1 930]
174 2249 61 48 iv,
270 2249 87 40 175
386 2258 45 38 p.
492 2247 59 42 19½cm

112 2315 51 52 ©
191 2319 102 41 Oct.
317 2317 70 50 20,
412 2317 118 41 1930;
580 2318 69 41 2c.
674 2319 97 39 and
796 2317 83 41 aff.
905 2317 110 41 Jan.
1041 2318 39 47 5,
1107 2315 113 42 1931;
1277 2316 39 39 A
1342 2315 148 41 31988;
1544 2317 207 41 Charles
1775 2318 62 40 M.
1868 2317 238 49 Stebbins,

177 2375 263 49 Brooklyn.

105 2469 278 64 Steuben,
413 2470 197 53 Arndt
641 2486 132 47 von,
805 2470 171 55 1871-
1187 2471 85 52 ed.

171 2544 212 57 S-O-S
432 2544 92 55 die
567 2563 113 49 see;
728 2543 419 55 Deutschlands
1191 2563 109 35 see-
1347 2544 118 52 und
1510 2544 493 70 kolonialgeltung
2047 2545 60 53 in

169 2621 1934 70 v rgangenheit und zkunft, hrsg. im auftrage der deutschen
101 2699 635 69 Steuben-gesellschaft
768 2718 108 34 von
909 2699 194 54 Arndt
1132 2718 110 34 von
1278 2700 263 66 Steuben,
1573 2702 89 53 W.
99 2701 1983 129 Müller-Eberhart

256 2777 118 52 und
401 2776 316 70 geheimrat
741 2777 286 68 professor
1056 2777 84 53 dr.
1168 2778 140 53 Max
1335 2777 200 54 Rabes.
1599 2779 156 54 Köln
1784 2797 89 34 am
1903 2780 203 67 Rhein,

99 2854 264 54 Hoursch
394 2857 47 50 &
474 2854 322 71 Bechstedt,
833 2859 149 50 1930.

171 2938 1932 51 106 p., 1 l. incl. front., illus. (part col. mounted) ports. col. mounted
99 2994 285 48 plates. 32 ᶜᵐ.
111 3062 51 52 ©
189 3066 103 41 Oct.
317 3067 38 47 1,
382 3065 116 41 1930;
553 3067 66 40 1c.
646 3067 111 40 Dec.
783 3065 29 40 9;
864 3066 312 48 A—Foreign
1200 3066 149 42 10438;
1402 3068 226 41 Hoursch
1655 3070 38 40 &
1719 3070 275 42 Bechstedt.

190 3122 251 50 (31-3707)

104 3216 918 65 Szpyrk ó wna, Marja Helena.
235 3295 1870 64 … Cuda w Lourdes. Lw ó w-Warszawa, Książnica-atlas,
106 3376 149 49 1930.

175 3452 864 52 2 p. l. , 196 p. plates, port. 21½ ᶜᵐ.
175 3510 1017 50 At head of title: M. H. Szpyrk ó wna.
109 3561 51 52 ©
191 3565 120 49 Aug.
343 3567 38 47 1,
414 3566 142 47 1930;
620 3578 36 30 1c.
689 3568 119 48 Aug.
840 3568 82 47 28;
957 3569 311 49 A—Foreign
1301 3570 140 47 8764;
1477 3571 425 43 Książnica-atlas.

186 3621 84 48 (CA
284 3623 146 40 31-85
447 3623 235 48 Unrev’d)

103 3714 320 66 Thurston,
456 3718 217 53 Ernest
702 3718 255 65 Temple,
988 3722 166 53 1879-

169 3792 141 53 Man
345 3793 59 52 in
444 3812 32 34 a
512 3793 167 54 black
713 3795 103 52 hat
874 3795 93 69 [by]
1011 3798 235 67 Temple
1287 3798 306 54 Thurston.
1671 3799 232 55 Garden
1944 3801 153 73 City.

101 3867 68 56 N.
199 3869 90 71 Y.,
316 3870 357 71 Doubleday,
700 3871 197 54 Doran
927 3875 45 50 &
999 3892 299 53 company,
1327 3875 126 70 inc.,
1485 3879 150 51 1931.
