2428 4370
1030 3988 137 55 2127

86 369 192 62 Pratt,
311 368 222 54 Carroll
564 365 322 65 Cornelius,
920 370 170 50 1894-

158 444 121 53 The
310 443 268 69 meaning
610 442 64 53 of
705 442 205 68 music;
946 461 31 33 a
1011 442 171 69 study
1214 441 60 52 in
1309 438 423 72 psychological
1767 439 313 53 aesthetics,

85 518 1968 137 by Carroll C. Pratt … 1st ed. New York and London, McGraw-Hill
444 599 147 52 book
620 616 296 50 company,
947 598 125 65 inc.,
1107 601 149 50 1931.

158 677 1305 52 viii, 253 p. illus. (incl. music) 19½ ᶜᵐ. $2.00
94 734 51 52 ©
169 738 110 41 Dec.
302 737 40 48 9,
366 737 113 41 1931;
531 737 65 40 2c.
623 737 110 40 Dec.
758 737 80 42 16;
865 736 81 41 aff.
971 737 110 39 Dec.
1108 737 80 45 14;
1216 736 39 39 A
1278 735 145 40 45522;
1478 734 349 41 McGraw-Hill
1853 733 122 40 book
2000 743 82 33 co.,

160 794 90 41 inc.
321 794 221 49 (32-676)

86 874 222 65 Printz,
338 875 253 52 Edward
620 875 62 54 F.

157 950 121 53 The
303 951 224 67 growth
555 949 64 53 of
643 949 226 68 liberty,
894 949 76 68 by
996 949 67 52 E.
1092 950 66 51 F.
1185 948 220 52 Printz.
1479 947 165 69 Long
1672 948 206 66 Beach,
1906 945 176 56 Calif.

93 1025 1211 71 [Los Angeles, A. C. Kline & son, ᶜ1 931]
157 1107 1085 51 4 p. l. , viii, 177, 14, 186, [2] p. port. 23 ᶜᵐ.
96 1162 51 52 ©
181 1167 100 40 Oct.
313 1165 40 48 2,
385 1165 111 40 1931;
558 1165 66 41 2c.
657 1166 111 39 Dec.
800 1166 56 39 17;
916 1164 81 42 aff.
1030 1164 110 40 Dec.
1174 1164 55 39 15;
1291 1164 40 38 A
1361 1163 144 40 45526;
1569 1164 51 39 E.
1655 1164 50 37 F.
1739 1162 180 49 Printz,
1954 1164 133 47 Long

164 1223 175 47 Beach,
371 1221 143 42 Calif.
585 1220 219 50 (32-639)

87 1301 435 66 Puttkammer,
552 1303 184 52 Ernst
765 1301 266 55 Wilfred.

156 1378 58 52 A
236 1379 232 52 manual
493 1377 65 53 of
582 1378 262 53 criminal
869 1379 108 51 law
1004 1378 110 52 and
1142 1376 264 54 criminal
1431 1377 310 67 procedure
1768 1376 94 53 for
1888 1376 198 69 police,

90 1455 73 68 by
194 1455 178 54 Ernst
399 1456 90 54 W.
522 1455 414 68 Puttkammer,
967 1455 281 68 prepared
1278 1455 181 52 under
1488 1454 96 53 the
1614 1453 255 69 auspices
1899 1454 64 52 of
1992 1455 96 52 the

90 1531 267 56 Citizens’
397 1533 181 68 police
619 1532 336 67 committee,
994 1533 428 52 Northwestern
1464 1531 335 69 university,
1840 1532 113 53 and
1992 1532 95 52 the

89 1608 1972 149 University of Chicago. Chicago, Ill., The University of Chicago press [ ᶜ1 931]
162 1769 80 49 vii,
271 1770 69 49 93,
372 1771 54 50 [1]
457 1782 44 37 p.
561 1770 56 41 19½ᶜᵐ.

164 1827 236 41 “Revised
431 1827 227 41 edition.”

100 1880 51 52 ©
190 1885 100 40 Oct.
328 1885 68 47 13,
435 1883 139 47 1931;
614 1884 64 40 2c.
719 1885 94 39 and
850 1884 82 40 aff.
971 1885 111 39 Dec.
1121 1884 80 45 12;
1243 1884 40 39 A
1318 1884 172 46 45680;
1534 1885 52 38 E.
1627 1885 68 39 W.
1737 1884 350 47 Puttkammer,

168 1941 221 48 Chicago.
461 1941 221 49 (32-747)

94 2021 321 64 Redmond,
446 2021 204 64 Olney.

161 2097 121 53 The
312 2094 184 73 Olney
525 2097 296 54 Redmond
849 2097 135 69 plan
1014 2103 58 49 to
1100 2098 108 52 end
1236 2098 461 68 unemployment
1724 2097 113 54 and
90 2097 1975 131 depression

242 2175 421 63 permanently:
699 2195 29 33 a
787 2175 68 52 job
890 2175 93 52 for
1014 2194 165 44 every
1211 2176 166 53 man!
1454 2175 404 63 Schenectady.
1891 2176 68 52 N.
1998 2175 88 63 Y.,

93 2250 606 71 O. Redmond [ ᶜ1 931]
163 2331 791 49 xi, 287 p. front. (port.) 19½ᶜᵐ.
165 2389 164 41 “First
363 2389 230 48 printing,
631 2389 273 48 December,
944 2389 129 49 1931,
1113 2388 116 42 5000
1262 2390 202 49 copies.”

101 2444 51 52 ©
181 2449 111 41 Dec.
318 2449 39 46 5,
383 2447 114 42 1931;
552 2447 66 41 2c.
647 2449 95 40 and
770 2447 80 41 aff.
879 2448 111 40 Dec.
1019 2449 27 39 7;
1102 2448 40 39 A
1167 2448 144 40 46201;
1370 2449 52 42 O.
1451 2449 262 41 Redmond.

179 2506 221 48 (32-863)

94 2584 209 65 Reeds,
333 2583 250 56 Chester
611 2583 227 67 Albert,
870 2590 170 50 1882-

164 2660 1867 70 The earth; our ever-changing planet, by Chester A. Reeds …
97 2738 1796 70 New York, The University society, incorporated [ ᶜ1 931]
99 2819 1978 106 iv p., 1 l., 120 p. illus., diagrs. 23 ᶜᵐ. (The University series; highlights
272 2877 52 40 of
350 2878 195 39 modern
573 2878 294 48 knowledge.
928 2878 234 49 Geology)

170 2933 342 49 “Suggestions
539 2934 79 40 for
644 2934 196 40 further
865 2934 229 49 reading”:
1151 2946 43 37 p.
1222 2936 216 41 111-113.

106 2987 51 52 ©
189 2991 101 40 Oct.
318 2990 69 47 30,
417 2991 139 46 1931;
588 2990 66 41 2c.
685 2994 99 39 and
809 2990 82 42 aff.
923 2991 100 41 Oct.
1054 2992 82 47 31;
1168 2992 40 38 A
1237 2992 172 47 44556;
1443 2993 283 48 University
1756 3004 106 37 soc.,
1893 2993 91 40 inc.

195 3047 220 48 (32-647)

106 3127 293 71 [Régnier,
438 3131 169 52 Mme.
647 3128 186 54 Marie
874 3128 214 55 Louise
1130 3129 352 55 Antoinette
1529 3132 100 64 (de
1670 3130 287 64 Herédia)
2007 3131 68 52 de]

173 3205 170 55 1875-

233 3282 1860 73 … Les poesies de Gerard d’Houville [pseud.] Paris, B.
101 3360 232 55 Grasset
370 3364 152 65 [1931]

171 3441 1916 51 4 p. l. , 11-246, [1] p., 2 l. 19 ᶜᵐ. (“Les cahiers verts” … [5. sér.] 6)
108 3494 51 52 ©
184 3500 112 47 Apr.
322 3499 68 48 18,
415 3499 107 40 1931;
610 3511 35 28 1c.
671 3501 117 47 Aug.
814 3501 55 39 31;
924 3500 309 49 A—Foreign
1259 3501 143 41 13526;
1458 3501 224 41 Editions
1708 3503 222 39 Bernard
176 3502 1905 93 Grasset.

333 3554 220 49 (32-687)

103 3635 290 64 Salomon,
423 3636 180 53 Louis
630 3637 285 55 Bernard.

174 3712 121 53 The
326 3713 153 52 devil
511 3713 130 52 take
673 3714 127 65 her;
836 3732 31 34 a
899 3714 171 68 study
1104 3714 65 53 of
1201 3716 96 53 the
1329 3715 299 54 rebellious
1659 3716 156 53 lover
1846 3717 60 52 in
106 3719 1965 123 English

104 3791 1969 146 poetry, by Louis B. Salomon … Philadelphia. University of Pennsylvania press, 1931.
