2505 4370
1048 3998 101 52 691

92 362 305 65 Curtman,
427 361 179 54 Louis
632 360 199 65 Jacob,
860 361 171 53 1878-

160 438 355 64 Qualitative
554 436 270 55 chemical
866 435 267 69 analysis,
1175 433 154 54 from
1369 436 96 51 the
1507 433 337 69 standpoint
1884 431 65 55 of
1989 433 97 53 the

90 516 136 53 laws
268 513 65 55 of
373 514 364 70 equilibrium
780 514 112 52 and
934 513 95 52 the
1071 511 314 53 ionization
1429 512 220 69 theory,
1690 511 77 70 by
1808 510 176 54 Louis
2027 510 57 55 J.

92 590 1854 68 Curtman … New York, The Macmillan company, 1931.
192 668 1559 53 x p., 1 l., 539 p. front., illus., fold. col. pl., diagrs. 22½ ᶜᵐ .
157 729 174 40 Tables
361 739 63 30 on
455 728 358 47 lining-papers.

96 782 1644 53 © May 5, 1931; 2c. and aff. May 6; A 36953; Macmillan co.
172 842 279 49 (31-12191)

90 922 318 66 Davidson,
439 922 184 53 Helen
652 923 140 63 Pye.

91 997 1972 132 … An experimental study of bright, average, and dull children
267 1081 58 47 at
359 1076 97 53 the
494 1074 295 69 four-year
823 1076 214 52 mental
1072 1075 171 67 level;
1285 1074 153 53 from
1474 1075 96 54 the
1607 1076 380 67 Department
2024 1075 66 54 of

90 1151 1935 70 psychology, Stanford university; by Helen P. Davidson …
88 1229 1367 69 Worcester, Mass., Clark university, ᶜ193 1.
160 1311 1929 53 p. 119-289. illus. 24½ᶜᵐ. (Genetic psychology monographs … vol. IX,
90 1379 76 31 no.
193 1368 112 48 3-4)

160 1425 76 39 An
260 1424 350 48 investigation
632 1423 54 41 of
712 1423 203 49 reading
940 1423 174 48 ability.
1188 1424 60 49 cf.
1277 1435 43 37 p.
1348 1424 100 41 125.

163 1480 348 41 “References”:
572 1491 43 37 p.
641 1480 217 41 280-287.

97 1535 51 52 ©
176 1538 115 49 Apr.
318 1538 68 48 16,
414 1535 113 43 1931;
584 1536 68 42 2c.
680 1538 113 47 Apr.
822 1536 55 40 18;
935 1536 80 40 aff.
1046 1537 113 48 May
1187 1537 24 38 1;
1272 1536 40 39 A
1339 1536 143 41 37103;
1543 1536 149 42 Clark
1721 1536 285 49 university.

176 1594 279 49 (31-12965)

115 1676 238 66 [Davies,
381 1676 186 64 Betty
593 1674 246 70 Evelyn]

160 1751 1929 71 Diana’s daughter, by Pauline Warwick [pseud.] … New
92 1830 176 68 York,
315 1830 62 52 L.
427 1828 370 70 MacVeagh,
844 1829 123 55 The
1013 1828 136 53 Dial
1197 1847 183 51 press;
1431 1830 268 71 Toronto,
1745 1831 344 71 Longmans,

90 1907 184 55 Green
304 1906 112 54 and
444 1925 98 49 co.,
574 1909 150 51 1931.

160 1986 342 49 301 p. 20 ᶜᵐ .
99 2043 51 52 ©
176 2048 114 47 May
315 2045 39 49 9,
380 2045 113 41 1931;
548 2045 68 41 2c.
643 2047 113 47 May
781 2046 55 38 14;
892 2045 82 41 aff.
1002 2047 113 47 May
1141 2046 55 40 16;
1251 2046 41 39 A
1318 2046 144 41 37327;
1520 2047 113 40 Dial
1661 2059 149 38 press,
1837 2048 91 41 inc.

175 2103 279 49 (31-12371)

91 2184 234 64 Depew,
352 2182 166 65 Ollie,
547 2201 179 52 comp.

160 2259 155 53 Here
348 2277 95 35 are
479 2260 157 68 dogs,
671 2277 32 35 a
737 2259 294 54 collection
1068 2258 65 55 of
1164 2278 206 52 essays,
1405 2261 240 54 selected
1679 2260 76 72 by
1790 2261 153 57 Ollie

90 2263 1978 144 Depew. New York, The Century co. [ ᶜ193 1]
158 2416 746 50 xiii, 328 p. 19½ ᶜᵐ . $2.50
162 2473 162 41 “First
355 2472 262 49 printing.”

101 2527 51 52 ©
179 2532 114 47 Apr.
319 2531 69 47 17,
415 2530 114 41 1931;
585 2530 68 41 2c.
681 2531 114 48 May
822 2531 28 40 6;
905 2531 81 41 aff.
1016 2533 113 47 May
1156 2533 25 40 5;
1239 2532 42 40 A
1306 2534 148 40 37156;
1511 2533 213 50 Century
1751 2545 69 32 co.

178 2587 279 49 (31-12189)

94 2665 234 65 Dewey,
355 2666 175 66 John,
560 2672 170 50 1859-

225 2743 1867 77 … The way out of educational confusion, by John Dewey
155 2819 1479 74 … Cambridge, Harvard university press, 1931.
166 2903 1352 52 3 p. l. , 41 p. 18½ ᶜᵐ . (The Inglis lecture, 1931)
103 2956 51 52 ©
185 2962 114 46 May
329 2961 39 46 5,
399 2959 113 42 1931;
573 2961 67 40 2c.
671 2962 113 46 May
815 2963 53 38 11;
931 2962 81 40 aff.
1044 2964 114 47 May
1189 2964 26 40 8;
1275 2965 43 38 A
1346 2965 146 41 37367;
1553 2966 254 42 President
1840 2968 37 41 &
1904 2969 193 42 fellows

170 3018 53 39 of
250 3018 230 39 Harvard
510 3019 189 47 college,
732 3018 299 49 Cambridge,
1063 3020 148 41 Mass.
1283 3021 279 49 (31-12970)

96 3097 85 52 De
210 3095 169 66 Witt,
412 3096 253 57 Clinton.

167 3173 120 52 The
321 3171 151 56 Ohio
506 3174 110 52 law
650 3175 64 52 of
744 3176 318 54 mechanics
1096 3177 142 55 liens
1273 3180 112 52 and
1419 3180 268 55 laborer’s
1720 3182 374 69 preferences,

95 3249 2001 81 by Clinton De Witt … Cleveland, O., The Haynes publishing
97 3344 296 52 company,
426 3331 150 50 1931.

168 3384 567 74 4 p. l., 790 p. 23½ ᶜᵐ .
170 3466 180 40 Pocket
373 3466 164 40 device
563 3477 61 29 on
647 3467 156 42 inside
829 3469 52 40 of
905 3469 122 42 back
1053 3482 154 31 cover.

170 3521 179 43 “Table
374 3522 53 40 of
453 3521 164 42 cases”:
676 3534 43 38 p.
746 3525 217 42 724-728.

106 3574 51 52 ©
190 3579 114 48 Apr.
337 3579 69 48 11,
442 3578 111 42 1931;
617 3580 66 40 2c.
718 3581 113 48 May
864 3583 54 40 13;
983 3583 82 40 aff.
1101 3585 113 48 May
1248 3585 56 40 15;
1368 3586 42 39 A
1441 3587 145 41 38170;
1650 3588 198 48 Haynes
1884 3589 107 48 pub.
2028 3601 68 29 co.

183 3635 279 49 (31-12729)

100 3713 241 67 Dexter,
372 3716 140 54 Mrs.
544 3715 307 57 Elisabeth
881 3720 289 55 Williams
1207 3722 348 67 (Anthony)
1596 3726 171 56 1887-

168 3789 122 54 The
317 3790 261 55 minister
611 3794 113 52 and
758 3795 206 70 family
995 3798 249 54 troubles;
1308 3817 32 34 a
1371 3818 123 35 case
1526 3803 173 66 study
1728 3801 66 54 of
1825 3803 95 54 the

100 3804 1970 115 relation
257 3867 66 54 of
355 3868 96 53 the
486 3868 260 55 minister
780 3873 113 53 and
928 3875 94 52 the
1059 3876 211 53 church
1307 3882 58 47 to
1401 3897 96 33 sex
1534 3879 113 54 and
1685 3878 206 71 family
1928 3881 167 69 prob-
