<alto xmlns="http://www.loc.gov/standards/alto/ns-v3#" xmlns:xlink="http://www.w3.org/1999/xlink" xmlns:xsi="http://www.w3.org/2001/XMLSchema-instance" xsi:schemaLocation="http://www.loc.gov/standards/alto/ns-v3# http://www.loc.gov/alto/v3/alto-3-0.xsd"><Description>
<MeasurementUnit>pixel</MeasurementUnit>
<sourceImageInformation>
<fileName>1931_v28_Part001.pdf</fileName>
</sourceImageInformation>
<OCRProcessing ID="IdOcr">
<ocrProcessingStep>
<processingDateTime>2019-04-22</processingDateTime>
<processingSoftware>
<softwareCreator>ABBYY</softwareCreator>
<softwareName>ABBYY Recognition Server</softwareName>
<softwareVersion>4.0</softwareVersion>
</processingSoftware>
</ocrProcessingStep>
</OCRProcessing>
</Description>
<Styles>
<ParagraphStyle ID="StyleId-FFFFFFFF-FFFF-FFFF-FFFF-FFFFFFFFFFFF-" ALIGN="Left" LEFT="0." RIGHT="0." FIRSTLINE="0."/>
<ParagraphStyle ID="StyleId-204B5AEB-67A1-44E2-A013-34B3A0F3E0EA-" ALIGN="Right" LEFT="0." RIGHT="0." FIRSTLINE="0." LINESPACE="8.300000191"/>
<ParagraphStyle ID="StyleId-03245871-796C-4429-B3C7-F9019C8C5B89-" ALIGN="Left" LEFT="0." RIGHT="0." FIRSTLINE="0." LINESPACE="12.19999981"/>
<ParagraphStyle ID="StyleId-BDCA8811-25FF-44DB-8D6F-2072A4ABC070-" ALIGN="Center" LEFT="0." RIGHT="0." FIRSTLINE="0." LINESPACE="12.19999981"/>
<ParagraphStyle ID="StyleId-2C5B7DF0-AF87-455E-B9A8-6FE387CB59BD-" ALIGN="Left" LEFT="0." RIGHT="0." FIRSTLINE="-13." LINESPACE="8.479999542"/>
<ParagraphStyle ID="StyleId-9FB72FA1-55D5-4161-8333-823D5732F4D0-" ALIGN="Block" LEFT="0." RIGHT="0." FIRSTLINE="-14." LINESPACE="10."/>
<ParagraphStyle ID="StyleId-212AEB8C-A829-4BF1-8E45-5BFE386A469C-" ALIGN="Block" LEFT="0." RIGHT="0." FIRSTLINE="-14." LINESPACE="11.35000038"/>
<ParagraphStyle ID="StyleId-4EC79CC1-EA62-49CE-ABB6-D84DDFCF4C7D-" ALIGN="Block" LEFT="0." RIGHT="0." FIRSTLINE="-10." LINESPACE="12.19999981"/>
<ParagraphStyle ID="StyleId-DAF2E8EE-6444-4951-9284-36A6C020C887-" ALIGN="Left" LEFT="0." RIGHT="0." FIRSTLINE="0." LINESPACE="9.399999619"/>
<ParagraphStyle ID="StyleId-25241749-1672-4977-B19F-38F59800D6D8-" ALIGN="Left" LEFT="0." RIGHT="0." FIRSTLINE="0." LINESPACE="11.10000038"/>
<ParagraphStyle ID="StyleId-8C523E19-EDEF-4F23-B010-536E1A1AAE1A-" ALIGN="Left" LEFT="0." RIGHT="0." FIRSTLINE="-13." LINESPACE="12.19999981"/>
<ParagraphStyle ID="StyleId-A1F9DE9E-2625-4D8B-AD7E-F0A0034C2989-" ALIGN="Block" LEFT="0." RIGHT="0." FIRSTLINE="0." LINESPACE="12.19999981"/>
<ParagraphStyle ID="StyleId-5725BB01-2B1C-440F-BAF2-696C4F4DF162-" ALIGN="Block" LEFT="0." RIGHT="0." FIRSTLINE="13." LINESPACE="12.19999981"/>
<ParagraphStyle ID="StyleId-F10A2092-61AA-44FD-99C2-123B3A8051CF-" ALIGN="Left" LEFT="0." RIGHT="0." FIRSTLINE="0." LINESPACE="5.5"/>
<ParagraphStyle ID="StyleId-B3CDC8CC-D2E1-4A23-B67C-CDD40993D1DD-" ALIGN="Left" LEFT="0." RIGHT="0." FIRSTLINE="0." LINESPACE="10."/>
<ParagraphStyle ID="StyleId-871EBF53-D909-4C8F-B368-AC7D897344DD-" ALIGN="Left" LEFT="0." RIGHT="0." FIRSTLINE="0."/>
<ParagraphStyle ID="StyleId-C4129744-680B-4878-B2C4-44BA3742C8D7-" ALIGN="Block" LEFT="0." RIGHT="0." FIRSTLINE="-14." LINESPACE="11.35000038"/>
<ParagraphStyle ID="StyleId-9CE98075-0B04-43D4-88D8-CE3BAB51B419-" ALIGN="Block" LEFT="0." RIGHT="0." FIRSTLINE="-10." LINESPACE="12.19999981"/>
<ParagraphStyle ID="StyleId-B2CFB7B3-DFFA-4E0E-94D6-C2BCE88DA9A9-" ALIGN="Left" LEFT="0." RIGHT="0." FIRSTLINE="0." LINESPACE="12.5"/>
<ParagraphStyle ID="StyleId-8D3352F3-1084-4DDE-A35D-B97102CCE686-" ALIGN="Left" LEFT="0." RIGHT="0." FIRSTLINE="0." LINESPACE="11.60000038"/>
<ParagraphStyle ID="StyleId-4A8DDA0D-166D-4E22-A597-BA51B892602D-" ALIGN="Block" LEFT="0." RIGHT="0." FIRSTLINE="0." LINESPACE="11.21000004"/>
<ParagraphStyle ID="StyleId-90EA4001-AA3C-45A1-AEDC-D1E1169EE5E5-" ALIGN="Block" LEFT="0." RIGHT="0." FIRSTLINE="13." LINESPACE="12.19999981"/>
</Styles>
<Layout>
<Page ID="Page353" PHYSICAL_IMG_NR="353" HEIGHT="4370" WIDTH="2505">
<TopMargin HEIGHT="378" WIDTH="2505" VPOS="0" HPOS="0">
</TopMargin>
<LeftMargin HEIGHT="3644" WIDTH="120" VPOS="378" HPOS="0">
</LeftMargin>
<RightMargin HEIGHT="3644" WIDTH="351" VPOS="378" HPOS="2154">
</RightMargin>
<BottomMargin HEIGHT="348" WIDTH="2505" VPOS="4022" HPOS="0">
<TextBlock ID="Page353_Block1" HEIGHT="90" WIDTH="414" VPOS="4022" HPOS="1008" LANG="en-US" STYLEREFS="StyleId-1CD97FA9-4F5E-439D-868F-05E2BF68F138-">
<TextLine HEIGHT="52" WIDTH="104" VPOS="4025" HPOS="1086">
<String CONTENT="353" HEIGHT="52" WIDTH="104" VPOS="4025" HPOS="1086"/>
</TextLine>
</TextBlock>
</BottomMargin>
<PrintSpace HEIGHT="3644" WIDTH="2034" VPOS="378" HPOS="120">
<TextBlock ID="Page353_Block2" HEIGHT="3644" WIDTH="2034" VPOS="378" HPOS="120" LANG="en-US" CS="1" STYLEREFS="StyleId-3B479056-3772-45B0-AAE2-5FF7D1DB3170-">
<TextLine HEIGHT="68" WIDTH="517" VPOS="389" HPOS="133" STYLEREFS="StyleId-0F5A1DE5-9E06-4601-92DD-9514484D6B1F-" LANG="de">
<String CONTENT="Abbott," HEIGHT="65" WIDTH="245" VPOS="392" HPOS="133"/>
<SP HEIGHT="67" WIDTH="30" VPOS="390" HPOS="379"/>
<String CONTENT="Austin." HEIGHT="55" WIDTH="240" VPOS="389" HPOS="410"/>
</TextLine>
<TextLine HEIGHT="148" WIDTH="1978" VPOS="467" HPOS="134" STYLEREFS="StyleId-B602BAD7-B0F2-4701-9A0B-9297D75000A4-" CS="1">
<String LANG="de" CONTENT="Abbott" HEIGHT="53" WIDTH="221" VPOS="470" HPOS="202"/>
<SP HEIGHT="53" WIDTH="29" VPOS="469" HPOS="424"/>
<String LANG="de" CONTENT="New" HEIGHT="53" WIDTH="139" VPOS="469" HPOS="454"/>
<SP HEIGHT="52" WIDTH="31" VPOS="469" HPOS="594"/>
<String LANG="de" CONTENT="York" HEIGHT="52" WIDTH="162" VPOS="468" HPOS="626"/>
<SP HEIGHT="54" WIDTH="31" VPOS="468" HPOS="789"/>
<String LANG="en-US" CONTENT="digest" HEIGHT="69" WIDTH="183" VPOS="468" HPOS="821"/>
<SP HEIGHT="47" WIDTH="37" VPOS="473" HPOS="1005"/>
<String LANG="de" CS="1" CONTENT="&#8230;"/>
<SP HEIGHT="53" WIDTH="79" VPOS="468" HPOS="1099"/>
<String LANG="de" CONTENT="Consolidated" HEIGHT="54" WIDTH="406" VPOS="467" HPOS="1179"/>
<SP HEIGHT="53" WIDTH="31" VPOS="467" HPOS="1586"/>
<String LANG="de" CONTENT="ed." HEIGHT="53" WIDTH="85" VPOS="467" HPOS="1618"/>
<SP HEIGHT="49" WIDTH="77" VPOS="469" HPOS="1704"/>
<String LANG="de" CONTENT="1930" HEIGHT="49" WIDTH="133" VPOS="469" HPOS="1782"/>
<SP HEIGHT="49" WIDTH="30" VPOS="469" HPOS="1916"/>
<String LANG="en-US" CONTENT="cumulative" HEIGHT="116" WIDTH="1978" VPOS="485" HPOS="134"/>
<SP HEIGHT="34" WIDTH="29" VPOS="567" HPOS="309"/>
<String LANG="en-US" CONTENT="annual" HEIGHT="54" WIDTH="213" VPOS="547" HPOS="339"/>
<SP HEIGHT="68" WIDTH="28" VPOS="547" HPOS="553"/>
<String LANG="en-US" CONTENT="pocket" HEIGHT="69" WIDTH="202" VPOS="546" HPOS="582"/>
<SP HEIGHT="63" WIDTH="31" VPOS="552" HPOS="785"/>
<String LANG="en-US" CONTENT="part" HEIGHT="62" WIDTH="129" VPOS="553" HPOS="817"/>
<SP HEIGHT="47" WIDTH="36" VPOS="553" HPOS="947"/>
<String LANG="en-US" CS="1" CONTENT="&#8230;"/>
<SP HEIGHT="34" WIDTH="79" VPOS="564" HPOS="1040"/>
<String LANG="en-US" CONTENT="v." HEIGHT="34" WIDTH="49" VPOS="564" HPOS="1120"/>
<SP HEIGHT="49" WIDTH="34" VPOS="549" HPOS="1170"/>
<String LANG="en-US" CONTENT="1-40" HEIGHT="50" WIDTH="135" VPOS="547" HPOS="1205"/>
<SP HEIGHT="50" WIDTH="35" VPOS="547" HPOS="1341"/>
<String LANG="en-US" CS="1" CONTENT="&#8230;"/>
<SP HEIGHT="53" WIDTH="77" VPOS="544" HPOS="1433"/>
<String LANG="en-US" CONTENT="Rochester" HEIGHT="54" WIDTH="307" VPOS="544" HPOS="1511"/>
</TextLine>
<TextLine HEIGHT="55" WIDTH="285" VPOS="543" HPOS="1852" STYLEREFS="StyleId-B602BAD7-B0F2-4701-9A0B-9297D75000A4-">
<String CONTENT="and" HEIGHT="53" WIDTH="113" VPOS="545" HPOS="1852"/>
<SP HEIGHT="54" WIDTH="33" VPOS="543" HPOS="1966"/>
<String CONTENT="New" HEIGHT="53" WIDTH="137" VPOS="543" HPOS="2000"/>
</TextLine>
<TextLine HEIGHT="151" WIDTH="2001" VPOS="621" HPOS="137" STYLEREFS="StyleId-B602BAD7-B0F2-4701-9A0B-9297D75000A4-" CS="1">
<String CONTENT="York" HEIGHT="52" WIDTH="161" VPOS="626" HPOS="137"/>
<SP HEIGHT="53" WIDTH="34" VPOS="626" HPOS="299"/>
<String CONTENT="city," HEIGHT="69" WIDTH="133" VPOS="626" HPOS="334"/>
<SP HEIGHT="70" WIDTH="34" VPOS="625" HPOS="468"/>
<String LANG="fr" CONTENT="N." HEIGHT="52" WIDTH="69" VPOS="625" HPOS="503"/>
<SP HEIGHT="51" WIDTH="35" VPOS="626" HPOS="573"/>
<String CONTENT="Y.," HEIGHT="66" WIDTH="90" VPOS="626" HPOS="609"/>
<SP HEIGHT="66" WIDTH="35" VPOS="626" HPOS="700"/>
<String CONTENT="The" HEIGHT="52" WIDTH="121" VPOS="626" HPOS="736"/>
<SP HEIGHT="52" WIDTH="35" VPOS="626" HPOS="858"/>
<String CONTENT="Lawyers" HEIGHT="67" WIDTH="267" VPOS="626" HPOS="894"/>
<SP HEIGHT="33" WIDTH="35" VPOS="644" HPOS="1162"/>
<String CONTENT="co-operative" HEIGHT="68" WIDTH="384" VPOS="622" HPOS="1198"/>
<SP HEIGHT="48" WIDTH="37" VPOS="641" HPOS="1583"/>
<String CONTENT="publishing" HEIGHT="69" WIDTH="334" VPOS="621" HPOS="1621"/>
<SP HEIGHT="50" WIDTH="34" VPOS="640" HPOS="1956"/>
<String CONTENT="company:" HEIGHT="131" WIDTH="1971" VPOS="641" HPOS="138"/>
<SP HEIGHT="54" WIDTH="36" VPOS="703" HPOS="316"/>
<String CONTENT="St." HEIGHT="54" WIDTH="82" VPOS="703" HPOS="353"/>
<SP HEIGHT="50" WIDTH="34" VPOS="704" HPOS="436"/>
<String CONTENT="Paul," HEIGHT="65" WIDTH="165" VPOS="704" HPOS="471"/>
<SP HEIGHT="67" WIDTH="29" VPOS="702" HPOS="637"/>
<String CONTENT="Minn.," HEIGHT="68" WIDTH="202" VPOS="701" HPOS="667"/>
<SP HEIGHT="66" WIDTH="28" VPOS="703" HPOS="870"/>
<String CONTENT="West" HEIGHT="52" WIDTH="159" VPOS="703" HPOS="899"/>
<SP HEIGHT="60" WIDTH="31" VPOS="709" HPOS="1059"/>
<String CONTENT="publishing" HEIGHT="69" WIDTH="336" VPOS="700" HPOS="1091"/>
<SP HEIGHT="48" WIDTH="29" VPOS="720" HPOS="1428"/>
<String CONTENT="company:" HEIGHT="51" WIDTH="308" VPOS="719" HPOS="1458"/>
<SP HEIGHT="55" WIDTH="35" VPOS="700" HPOS="1767"/>
<String CONTENT="New" HEIGHT="52" WIDTH="138" VPOS="700" HPOS="1803"/>
<SP HEIGHT="52" WIDTH="38" VPOS="700" HPOS="1942"/>
<String CONTENT="York" HEIGHT="53" WIDTH="157" VPOS="699" HPOS="1981"/>
</TextLine>
<TextLine HEIGHT="71" WIDTH="1464" VPOS="780" HPOS="134" STYLEREFS="StyleId-B602BAD7-B0F2-4701-9A0B-9297D75000A4-" CS="1">
<String CONTENT="city," HEIGHT="69" WIDTH="132" VPOS="782" HPOS="134"/>
<SP HEIGHT="69" WIDTH="26" VPOS="781" HPOS="267"/>
<String LANG="fr" CONTENT="N." HEIGHT="53" WIDTH="69" VPOS="781" HPOS="294"/>
<SP HEIGHT="52" WIDTH="29" VPOS="781" HPOS="364"/>
<String CONTENT="Y.," HEIGHT="68" WIDTH="90" VPOS="781" HPOS="394"/>
<SP HEIGHT="68" WIDTH="27" VPOS="781" HPOS="485"/>
<String CONTENT="Baker," HEIGHT="69" WIDTH="206" VPOS="780" HPOS="513"/>
<SP HEIGHT="69" WIDTH="26" VPOS="780" HPOS="720"/>
<String CS="1" CONTENT="Voorhis"/>
<SP HEIGHT="52" WIDTH="26" VPOS="781" HPOS="993"/>
<String CONTENT="&amp;" HEIGHT="50" WIDTH="45" VPOS="781" HPOS="1020"/>
<SP HEIGHT="51" WIDTH="23" VPOS="781" HPOS="1066"/>
<String CONTENT="company" HEIGHT="51" WIDTH="282" VPOS="797" HPOS="1090"/>
<SP HEIGHT="49" WIDTH="32" VPOS="799" HPOS="1373"/>
<String CONTENT="[" HEIGHT="34" WIDTH="13" VPOS="811" HPOS="1406"/>
<String STYLE="superscript" CS="1" CONTENT="&#7580;19"/>
<String CONTENT="31]" HEIGHT="62" WIDTH="83" VPOS="783" HPOS="1515"/>
</TextLine>
<TextLine HEIGHT="42" WIDTH="253" VPOS="861" HPOS="203" CS="1">
<String LANG="en-US" CONTENT="40" HEIGHT="40" WIDTH="59" VPOS="862" HPOS="203"/>
<SP HEIGHT="40" WIDTH="34" VPOS="862" HPOS="263"/>
<String LANG="fr" CONTENT="v." HEIGHT="30" WIDTH="44" VPOS="873" HPOS="298"/>
<SP HEIGHT="42" WIDTH="56" VPOS="861" HPOS="343"/>
<String LANG="en-US" CONTENT="25" HEIGHT="40" WIDTH="56" VPOS="861" HPOS="400"/>
<String STYLE="superscript" LANG="en-US" CS="1" CONTENT="&#7580;&#7504;."/>
</TextLine>
<TextLine HEIGHT="51" WIDTH="1933" VPOS="929" HPOS="205">
<String CONTENT="These" HEIGHT="41" WIDTH="153" VPOS="932" HPOS="205"/>
<SP HEIGHT="38" WIDTH="35" VPOS="942" HPOS="359"/>
<String CONTENT="pamphlets" HEIGHT="48" WIDTH="274" VPOS="932" HPOS="395"/>
<SP HEIGHT="31" WIDTH="36" VPOS="940" HPOS="670"/>
<String CONTENT="are" HEIGHT="30" WIDTH="83" VPOS="940" HPOS="707"/>
<SP HEIGHT="38" WIDTH="35" VPOS="933" HPOS="791"/>
<String CONTENT="to" HEIGHT="38" WIDTH="48" VPOS="933" HPOS="827"/>
<SP HEIGHT="40" WIDTH="36" VPOS="931" HPOS="876"/>
<String CONTENT="be" HEIGHT="40" WIDTH="55" VPOS="931" HPOS="913"/>
<SP HEIGHT="41" WIDTH="34" VPOS="930" HPOS="969"/>
<String CONTENT="fitted" HEIGHT="41" WIDTH="139" VPOS="930" HPOS="1004"/>
<SP HEIGHT="40" WIDTH="35" VPOS="930" HPOS="1144"/>
<String CONTENT="into" HEIGHT="41" WIDTH="104" VPOS="930" HPOS="1180"/>
<SP HEIGHT="40" WIDTH="36" VPOS="931" HPOS="1285"/>
<String CONTENT="the" HEIGHT="41" WIDTH="81" VPOS="930" HPOS="1322"/>
<SP HEIGHT="40" WIDTH="36" VPOS="931" HPOS="1404"/>
<String CONTENT="backs" HEIGHT="41" WIDTH="147" VPOS="930" HPOS="1441"/>
<SP HEIGHT="31" WIDTH="36" VPOS="940" HPOS="1589"/>
<String CONTENT="of" HEIGHT="41" WIDTH="52" VPOS="930" HPOS="1626"/>
<SP HEIGHT="40" WIDTH="36" VPOS="930" HPOS="1679"/>
<String CONTENT="the" HEIGHT="41" WIDTH="82" VPOS="930" HPOS="1716"/>
<SP HEIGHT="31" WIDTH="34" VPOS="940" HPOS="1799"/>
<String CONTENT="volumes" HEIGHT="40" WIDTH="215" VPOS="930" HPOS="1834"/>
<SP HEIGHT="30" WIDTH="35" VPOS="940" HPOS="2050"/>
<String CONTENT="of" HEIGHT="40" WIDTH="52" VPOS="929" HPOS="2086"/>
</TextLine>
<TextLine HEIGHT="48" WIDTH="824" VPOS="988" HPOS="135">
<String CONTENT="the" HEIGHT="39" WIDTH="82" VPOS="990" HPOS="135"/>
<SP HEIGHT="29" WIDTH="30" VPOS="1000" HPOS="218"/>
<String CONTENT="set" HEIGHT="39" WIDTH="75" VPOS="990" HPOS="249"/>
<SP HEIGHT="39" WIDTH="28" VPOS="990" HPOS="325"/>
<String CONTENT="to" HEIGHT="38" WIDTH="49" VPOS="991" HPOS="354"/>
<SP HEIGHT="29" WIDTH="32" VPOS="1000" HPOS="404"/>
<String CONTENT="which" HEIGHT="40" WIDTH="157" VPOS="988" HPOS="437"/>
<SP HEIGHT="39" WIDTH="33" VPOS="989" HPOS="595"/>
<String CONTENT="they" HEIGHT="47" WIDTH="113" VPOS="988" HPOS="629"/>
<SP HEIGHT="46" WIDTH="32" VPOS="989" HPOS="743"/>
<String CONTENT="belong." HEIGHT="47" WIDTH="183" VPOS="989" HPOS="776"/>
</TextLine>
<TextLine HEIGHT="52" WIDTH="2001" VPOS="1056" HPOS="137" CS="1">
<String CONTENT="&#169;" HEIGHT="52" WIDTH="53" VPOS="1056" HPOS="137"/>
<SP HEIGHT="52" WIDTH="26" VPOS="1056" HPOS="191"/>
<String CONTENT="Feb." HEIGHT="40" WIDTH="110" VPOS="1060" HPOS="218"/>
<SP HEIGHT="41" WIDTH="27" VPOS="1059" HPOS="329"/>
<String CONTENT="14," HEIGHT="48" WIDTH="69" VPOS="1059" HPOS="357"/>
<SP HEIGHT="48" WIDTH="28" VPOS="1059" HPOS="427"/>
<String CS="1" CONTENT="1931;" HEIGHT="41" WIDTH="113" VPOS="1058" HPOS="456"/>
<SP HEIGHT="47" WIDTH="28" VPOS="1058" HPOS="597"/>
<String CONTENT="2c." HEIGHT="40" WIDTH="67" VPOS="1058" HPOS="626"/>
<SP HEIGHT="29" WIDTH="28" VPOS="1070" HPOS="694"/>
<String CONTENT="each" HEIGHT="40" WIDTH="120" VPOS="1059" HPOS="723"/>
<SP HEIGHT="38" WIDTH="23" VPOS="1059" HPOS="844"/>
<String CONTENT="Apr." HEIGHT="47" WIDTH="113" VPOS="1059" HPOS="868"/>
<SP HEIGHT="38" WIDTH="28" VPOS="1059" HPOS="982"/>
<String CS="1" CONTENT="13;" HEIGHT="40" WIDTH="54" VPOS="1058" HPOS="1011"/>
<SP HEIGHT="37" WIDTH="29" VPOS="1068" HPOS="1094"/>
<String CS="1" CONTENT="aff."/>
<SP HEIGHT="41" WIDTH="28" VPOS="1058" HPOS="1206"/>
<String CONTENT="Apr." HEIGHT="48" WIDTH="114" VPOS="1058" HPOS="1235"/>
<SP HEIGHT="40" WIDTH="29" VPOS="1058" HPOS="1350"/>
<String CS="1" CONTENT="15;" HEIGHT="40" WIDTH="55" VPOS="1057" HPOS="1380"/>
<SP HEIGHT="48" WIDTH="29" VPOS="1057" HPOS="1463"/>
<!-- cceid E1C6799A-6E8D-1014-9CF5-AEB3FCA41D69 --><String CONTENT="A" HEIGHT="40" WIDTH="43" VPOS="1057" HPOS="1493"/>
<SP HEIGHT="41" WIDTH="25" VPOS="1057" HPOS="1537"/>
<String CS="1" CONTENT="35804;" HEIGHT="42" WIDTH="146" VPOS="1056" HPOS="1563"/>
<SP HEIGHT="46" WIDTH="29" VPOS="1058" HPOS="1736"/>
<String CONTENT="West" HEIGHT="39" WIDTH="138" VPOS="1058" HPOS="1766"/>
<SP HEIGHT="47" WIDTH="24" VPOS="1058" HPOS="1905"/>
<String CONTENT="pub." HEIGHT="48" WIDTH="110" VPOS="1057" HPOS="1930"/>
<SP HEIGHT="28" WIDTH="28" VPOS="1069" HPOS="2041"/>
<String CONTENT="co." HEIGHT="30" WIDTH="68" VPOS="1068" HPOS="2070"/>
</TextLine>
<TextLine HEIGHT="47" WIDTH="944" VPOS="1116" HPOS="135">
<String CONTENT="and" HEIGHT="39" WIDTH="96" VPOS="1118" HPOS="135"/>
<SP HEIGHT="40" WIDTH="27" VPOS="1116" HPOS="232"/>
<String CONTENT="Lawyers" HEIGHT="47" WIDTH="229" VPOS="1116" HPOS="260"/>
<SP HEIGHT="29" WIDTH="29" VPOS="1127" HPOS="490"/>
<String CONTENT="co-operative" HEIGHT="47" WIDTH="322" VPOS="1116" HPOS="520"/>
<SP HEIGHT="38" WIDTH="29" VPOS="1125" HPOS="843"/>
<String CONTENT="pub." HEIGHT="47" WIDTH="108" VPOS="1116" HPOS="873"/>
<SP HEIGHT="29" WIDTH="30" VPOS="1127" HPOS="982"/>
<String CONTENT="co." HEIGHT="29" WIDTH="66" VPOS="1126" HPOS="1013"/>
</TextLine>
<TextLine HEIGHT="66" WIDTH="1299" VPOS="1208" HPOS="131" STYLEREFS="StyleId-0F5A1DE5-9E06-4601-92DD-9514484D6B1F-">
<String CONTENT="Adlerblum," HEIGHT="65" WIDTH="365" VPOS="1209" HPOS="131"/>
<SP HEIGHT="65" WIDTH="31" VPOS="1209" HPOS="497"/>
<String CONTENT="Mrs." HEIGHT="55" WIDTH="138" VPOS="1209" HPOS="529"/>
<SP HEIGHT="53" WIDTH="31" VPOS="1209" HPOS="668"/>
<String CONTENT="Nima" HEIGHT="54" WIDTH="180" VPOS="1209" HPOS="700"/>
<SP HEIGHT="63" WIDTH="38" VPOS="1211" HPOS="881"/>
<String CONTENT="(Hirschensohn)" HEIGHT="66" WIDTH="510" VPOS="1208" HPOS="920"/>
</TextLine>
<TextLine HEIGHT="71" WIDTH="1934" VPOS="1284" HPOS="200" STYLEREFS="StyleId-B602BAD7-B0F2-4701-9A0B-9297D75000A4-">
<String CONTENT="A" HEIGHT="53" WIDTH="56" VPOS="1287" HPOS="200"/>
<SP HEIGHT="68" WIDTH="27" VPOS="1287" HPOS="257"/>
<String CONTENT="perspective" HEIGHT="69" WIDTH="354" VPOS="1286" HPOS="285"/>
<SP HEIGHT="34" WIDTH="29" VPOS="1305" HPOS="640"/>
<String CONTENT="of" HEIGHT="53" WIDTH="64" VPOS="1286" HPOS="670"/>
<SP HEIGHT="56" WIDTH="29" VPOS="1286" HPOS="735"/>
<String CONTENT="Jewish" HEIGHT="56" WIDTH="216" VPOS="1286" HPOS="765"/>
<SP HEIGHT="52" WIDTH="30" VPOS="1287" HPOS="982"/>
<String CONTENT="life" HEIGHT="55" WIDTH="106" VPOS="1284" HPOS="1013"/>
<SP HEIGHT="48" WIDTH="28" VPOS="1291" HPOS="1120"/>
<String CONTENT="through" HEIGHT="68" WIDTH="252" VPOS="1287" HPOS="1149"/>
<SP HEIGHT="52" WIDTH="32" VPOS="1286" HPOS="1402"/>
<String CONTENT="its" HEIGHT="53" WIDTH="74" VPOS="1286" HPOS="1435"/>
<SP HEIGHT="54" WIDTH="33" VPOS="1285" HPOS="1510"/>
<String CONTENT="festivals," HEIGHT="68" WIDTH="278" VPOS="1285" HPOS="1544"/>
<SP HEIGHT="66" WIDTH="30" VPOS="1287" HPOS="1823"/>
<String CONTENT="by" HEIGHT="68" WIDTH="75" VPOS="1287" HPOS="1854"/>
<SP HEIGHT="67" WIDTH="30" VPOS="1288" HPOS="1930"/>
<String CONTENT="Nima" HEIGHT="54" WIDTH="173" VPOS="1286" HPOS="1961"/>
</TextLine>
<TextLine HEIGHT="72" WIDTH="2004" VPOS="1361" HPOS="130" STYLEREFS="StyleId-B602BAD7-B0F2-4701-9A0B-9297D75000A4-">
<String CONTENT="H." HEIGHT="53" WIDTH="76" VPOS="1365" HPOS="130"/>
<SP HEIGHT="53" WIDTH="29" VPOS="1366" HPOS="207"/>
<String CONTENT="Adlerblum." HEIGHT="54" WIDTH="358" VPOS="1365" HPOS="237"/>
<SP HEIGHT="52" WIDTH="74" VPOS="1366" HPOS="596"/>
<String CONTENT="New" HEIGHT="52" WIDTH="138" VPOS="1366" HPOS="671"/>
<SP HEIGHT="52" WIDTH="29" VPOS="1366" HPOS="810"/>
<String CONTENT="York," HEIGHT="67" WIDTH="179" VPOS="1364" HPOS="840"/>
<SP HEIGHT="64" WIDTH="28" VPOS="1367" HPOS="1020"/>
<String CONTENT="The" HEIGHT="52" WIDTH="121" VPOS="1365" HPOS="1049"/>
<SP HEIGHT="53" WIDTH="27" VPOS="1365" HPOS="1171"/>
<String CONTENT="Jewish" HEIGHT="54" WIDTH="217" VPOS="1364" HPOS="1199"/>
<SP HEIGHT="55" WIDTH="31" VPOS="1361" HPOS="1417"/>
<String CONTENT="forum" HEIGHT="55" WIDTH="192" VPOS="1361" HPOS="1449"/>
<SP HEIGHT="49" WIDTH="28" VPOS="1382" HPOS="1642"/>
<String CONTENT="publishing" HEIGHT="69" WIDTH="335" VPOS="1364" HPOS="1671"/>
<SP HEIGHT="51" WIDTH="28" VPOS="1382" HPOS="2007"/>
<String CONTENT="co.," HEIGHT="50" WIDTH="98" VPOS="1382" HPOS="2036"/>
</TextLine>
<TextLine HEIGHT="68" WIDTH="312" VPOS="1441" HPOS="131" STYLEREFS="StyleId-B602BAD7-B0F2-4701-9A0B-9297D75000A4-">
<String CONTENT="inc.," HEIGHT="68" WIDTH="125" VPOS="1441" HPOS="131"/>
<SP HEIGHT="62" WIDTH="33" VPOS="1447" HPOS="257"/>
<String CONTENT="1930." HEIGHT="51" WIDTH="152" VPOS="1445" HPOS="291"/>
</TextLine>
<TextLine HEIGHT="50" WIDTH="908" VPOS="1522" HPOS="205" CS="1">
<String CONTENT="78" HEIGHT="40" WIDTH="59" VPOS="1524" HPOS="205"/>
<SP HEIGHT="48" WIDTH="26" VPOS="1524" HPOS="265"/>
<String CONTENT="p." HEIGHT="38" WIDTH="43" VPOS="1534" HPOS="292"/>
<SP HEIGHT="42" WIDTH="57" VPOS="1523" HPOS="336"/>
<String CONTENT="front.," HEIGHT="48" WIDTH="165" VPOS="1523" HPOS="394"/>
<SP HEIGHT="49" WIDTH="30" VPOS="1522" HPOS="560"/>
<String CONTENT="illus.," HEIGHT="50" WIDTH="144" VPOS="1522" HPOS="591"/>
<SP HEIGHT="39" WIDTH="29" VPOS="1533" HPOS="736"/>
<String CONTENT="plates." HEIGHT="47" WIDTH="172" VPOS="1524" HPOS="766"/>
<SP HEIGHT="41" WIDTH="57" VPOS="1523" HPOS="939"/>
<String CS="1" CONTENT="20&#7580;&#7504;." HEIGHT="40" WIDTH="116" VPOS="1523" HPOS="997"/>
</TextLine>
<TextLine HEIGHT="49" WIDTH="921" VPOS="1579" HPOS="206">
<String CONTENT="Bibliography" HEIGHT="48" WIDTH="351" VPOS="1580" HPOS="206"/>
<SP HEIGHT="48" WIDTH="27" VPOS="1580" HPOS="558"/>
<String CONTENT="included" HEIGHT="41" WIDTH="225" VPOS="1580" HPOS="586"/>
<SP HEIGHT="39" WIDTH="26" VPOS="1581" HPOS="812"/>
<String CONTENT="in" HEIGHT="39" WIDTH="49" VPOS="1581" HPOS="839"/>
<SP HEIGHT="38" WIDTH="27" VPOS="1590" HPOS="889"/>
<String CONTENT="preface." HEIGHT="49" WIDTH="210" VPOS="1579" HPOS="917"/>
</TextLine>
<TextLine HEIGHT="54" WIDTH="1999" VPOS="1646" HPOS="139" CS="1">
<String CONTENT="&#169;" HEIGHT="54" WIDTH="51" VPOS="1646" HPOS="139"/>
<SP HEIGHT="54" WIDTH="31" VPOS="1646" HPOS="191"/>
<String CONTENT="Jan." HEIGHT="40" WIDTH="109" VPOS="1650" HPOS="223"/>
<SP HEIGHT="40" WIDTH="30" VPOS="1650" HPOS="333"/>
<String CONTENT="2," HEIGHT="47" WIDTH="39" VPOS="1650" HPOS="364"/>
<SP HEIGHT="46" WIDTH="31" VPOS="1651" HPOS="404"/>
<String CONTENT="1931;" HEIGHT="47" WIDTH="139" VPOS="1649" HPOS="436"/>
<SP HEIGHT="46" WIDTH="32" VPOS="1650" HPOS="576"/>
<String CONTENT="2c." HEIGHT="42" WIDTH="68" VPOS="1650" HPOS="609"/>
<SP HEIGHT="31" WIDTH="30" VPOS="1661" HPOS="678"/>
<String CONTENT="and" HEIGHT="39" WIDTH="94" VPOS="1651" HPOS="709"/>
<SP HEIGHT="40" WIDTH="30" VPOS="1651" HPOS="804"/>
<String CS="1" CONTENT="aff."/>
<SP HEIGHT="40" WIDTH="31" VPOS="1651" HPOS="919"/>
<String CONTENT="Mar." HEIGHT="39" WIDTH="122" VPOS="1651" HPOS="951"/>
<SP HEIGHT="40" WIDTH="30" VPOS="1650" HPOS="1074"/>
<String CONTENT="12;" HEIGHT="46" WIDTH="81" VPOS="1650" HPOS="1105"/>
<SP HEIGHT="46" WIDTH="34" VPOS="1650" HPOS="1187"/>
<!-- cceid E1C73F24-6E8D-1014-9CF5-AEB3FCA41D69 --><String CONTENT="A" HEIGHT="39" WIDTH="40" VPOS="1650" HPOS="1222"/>
<SP HEIGHT="40" WIDTH="29" VPOS="1650" HPOS="1263"/>
<String CONTENT="35215;" HEIGHT="47" WIDTH="171" VPOS="1649" HPOS="1293"/>
<SP HEIGHT="45" WIDTH="35" VPOS="1651" HPOS="1465"/>
<String CONTENT="Jewish" HEIGHT="41" WIDTH="183" VPOS="1649" HPOS="1501"/>
<SP HEIGHT="40" WIDTH="30" VPOS="1649" HPOS="1685"/>
<String CONTENT="forum" HEIGHT="40" WIDTH="163" VPOS="1650" HPOS="1716"/>
<SP HEIGHT="37" WIDTH="31" VPOS="1662" HPOS="1880"/>
<String CONTENT="pub." HEIGHT="48" WIDTH="109" VPOS="1651" HPOS="1912"/>
<SP HEIGHT="28" WIDTH="32" VPOS="1663" HPOS="2022"/>
<String CONTENT="co.," HEIGHT="37" WIDTH="83" VPOS="1662" HPOS="2055"/>
</TextLine>
<TextLine HEIGHT="50" WIDTH="411" VPOS="1706" HPOS="207">
<String CONTENT="inc." HEIGHT="41" WIDTH="89" VPOS="1707" HPOS="207"/>
<SP HEIGHT="49" WIDTH="69" VPOS="1707" HPOS="297"/>
<String CONTENT="(31-6902)" HEIGHT="50" WIDTH="251" VPOS="1706" HPOS="367"/>
</TextLine>
<TextLine HEIGHT="64" WIDTH="1105" VPOS="1802" HPOS="133" STYLEREFS="StyleId-0F5A1DE5-9E06-4601-92DD-9514484D6B1F-">
<String CONTENT="American" HEIGHT="54" WIDTH="318" VPOS="1802" HPOS="133"/>
<SP HEIGHT="36" WIDTH="26" VPOS="1819" HPOS="452"/>
<String CONTENT="academy" HEIGHT="63" WIDTH="283" VPOS="1803" HPOS="479"/>
<SP HEIGHT="47" WIDTH="27" VPOS="1819" HPOS="763"/>
<String CONTENT="of" HEIGHT="53" WIDTH="63" VPOS="1802" HPOS="791"/>
<SP HEIGHT="53" WIDTH="25" VPOS="1802" HPOS="855"/>
<String CONTENT="optometry." HEIGHT="62" WIDTH="357" VPOS="1804" HPOS="881"/>
</TextLine>
<TextLine HEIGHT="70" WIDTH="1872" VPOS="1881" HPOS="205" STYLEREFS="StyleId-B602BAD7-B0F2-4701-9A0B-9297D75000A4-" CS="1">
<String CONTENT="Report" HEIGHT="69" WIDTH="216" VPOS="1881" HPOS="205"/>
<SP HEIGHT="48" WIDTH="38" VPOS="1886" HPOS="422"/>
<String CONTENT="of" HEIGHT="53" WIDTH="64" VPOS="1881" HPOS="461"/>
<SP HEIGHT="53" WIDTH="33" VPOS="1881" HPOS="526"/>
<String CONTENT="the" HEIGHT="51" WIDTH="95" VPOS="1883" HPOS="560"/>
<SP HEIGHT="47" WIDTH="33" VPOS="1887" HPOS="656"/>
<String CONTENT="transactions" HEIGHT="54" WIDTH="378" VPOS="1881" HPOS="690"/>
<SP HEIGHT="35" WIDTH="33" VPOS="1900" HPOS="1069"/>
<String CONTENT="of" HEIGHT="51" WIDTH="64" VPOS="1882" HPOS="1103"/>
<SP HEIGHT="51" WIDTH="34" VPOS="1882" HPOS="1168"/>
<String CONTENT="the" HEIGHT="52" WIDTH="95" VPOS="1882" HPOS="1203"/>
<SP HEIGHT="33" WIDTH="35" VPOS="1901" HPOS="1299"/>
<String CONTENT="ninth" HEIGHT="53" WIDTH="168" VPOS="1881" HPOS="1335"/>
<SP HEIGHT="52" WIDTH="35" VPOS="1883" HPOS="1504"/>
<String CONTENT="annual" HEIGHT="51" WIDTH="212" VPOS="1884" HPOS="1540"/>
<SP HEIGHT="50" WIDTH="33" VPOS="1884" HPOS="1753"/>
<String CONTENT="meeting" HEIGHT="69" WIDTH="249" VPOS="1882" HPOS="1787"/>
<SP HEIGHT="50" WIDTH="40" VPOS="1901" HPOS="2037"/>
<String CS="1" CONTENT="&#8230;"/>
</TextLine>
<TextLine HEIGHT="70" WIDTH="2003" VPOS="1958" HPOS="133" STYLEREFS="StyleId-B602BAD7-B0F2-4701-9A0B-9297D75000A4-">
<String CONTENT="held" HEIGHT="54" WIDTH="133" VPOS="1958" HPOS="133"/>
<SP HEIGHT="51" WIDTH="46" VPOS="1961" HPOS="267"/>
<String CONTENT="at" HEIGHT="47" WIDTH="58" VPOS="1965" HPOS="314"/>
<SP HEIGHT="54" WIDTH="49" VPOS="1959" HPOS="373"/>
<String CONTENT="Omaha," HEIGHT="69" WIDTH="241" VPOS="1959" HPOS="423"/>
<SP HEIGHT="68" WIDTH="48" VPOS="1960" HPOS="665"/>
<String CONTENT="Nebraska," HEIGHT="69" WIDTH="311" VPOS="1959" HPOS="714"/>
<SP HEIGHT="68" WIDTH="45" VPOS="1960" HPOS="1026"/>
<String CONTENT="December," HEIGHT="67" WIDTH="327" VPOS="1960" HPOS="1072"/>
<SP HEIGHT="64" WIDTH="51" VPOS="1963" HPOS="1400"/>
<String CONTENT="1930." HEIGHT="48" WIDTH="146" VPOS="1963" HPOS="1452"/>
<SP HEIGHT="33" WIDTH="82" VPOS="1992" HPOS="1599"/>
<String CONTENT="[First" HEIGHT="66" WIDTH="175" VPOS="1959" HPOS="1682"/>
<SP HEIGHT="48" WIDTH="47" VPOS="1965" HPOS="1858"/>
<String CONTENT="edition," HEIGHT="52" WIDTH="230" VPOS="1961" HPOS="1906"/>
</TextLine>
<TextLine HEIGHT="146" WIDTH="1982" VPOS="2037" HPOS="134" STYLEREFS="StyleId-B602BAD7-B0F2-4701-9A0B-9297D75000A4-" CS="1">
<String LANG="fr" CONTENT="v." HEIGHT="33" WIDTH="50" VPOS="2056" HPOS="134"/>
<SP HEIGHT="46" WIDTH="39" VPOS="2043" HPOS="185"/>
<String CONTENT="5." HEIGHT="46" WIDTH="43" VPOS="2043" HPOS="225"/>
<SP HEIGHT="51" WIDTH="75" VPOS="2037" HPOS="269"/>
<String CONTENT="Minneapolis," HEIGHT="68" WIDTH="404" VPOS="2037" HPOS="345"/>
<SP HEIGHT="67" WIDTH="33" VPOS="2038" HPOS="750"/>
<String CONTENT="Minn.," HEIGHT="68" WIDTH="203" VPOS="2037" HPOS="784"/>
<SP HEIGHT="66" WIDTH="34" VPOS="2039" HPOS="988"/>
<String CONTENT="The" HEIGHT="51" WIDTH="121" VPOS="2039" HPOS="1023"/>
<SP HEIGHT="53" WIDTH="33" VPOS="2037" HPOS="1145"/>
<String CONTENT="American" HEIGHT="53" WIDTH="308" VPOS="2037" HPOS="1179"/>
<SP HEIGHT="69" WIDTH="35" VPOS="2037" HPOS="1488"/>
<String CONTENT="journal" HEIGHT="69" WIDTH="229" VPOS="2037" HPOS="1524"/>
<SP HEIGHT="51" WIDTH="36" VPOS="2039" HPOS="1754"/>
<String CONTENT="of" HEIGHT="51" WIDTH="63" VPOS="2039" HPOS="1791"/>
<SP HEIGHT="51" WIDTH="34" VPOS="2039" HPOS="1855"/>
<String CONTENT="optometry" HEIGHT="140" WIDTH="1982" VPOS="2043" HPOS="134"/>
</TextLine>
<TextLine HEIGHT="69" WIDTH="907" VPOS="2115" HPOS="259" STYLEREFS="StyleId-B602BAD7-B0F2-4701-9A0B-9297D75000A4-">
<String CONTENT="publishing" HEIGHT="68" WIDTH="336" VPOS="2115" HPOS="259"/>
<SP HEIGHT="50" WIDTH="29" VPOS="2133" HPOS="596"/>
<String CONTENT="association," HEIGHT="69" WIDTH="356" VPOS="2115" HPOS="626"/>
<SP HEIGHT="65" WIDTH="32" VPOS="2119" HPOS="983"/>
<String CONTENT="1931]" HEIGHT="63" WIDTH="150" VPOS="2118" HPOS="1016"/>
</TextLine>
<TextLine HEIGHT="49" WIDTH="980" VPOS="2195" HPOS="203" CS="1">
<String CONTENT="4" HEIGHT="38" WIDTH="29" VPOS="2196" HPOS="203"/>
<SP HEIGHT="47" WIDTH="29" VPOS="2196" HPOS="233"/>
<String CONTENT="p." HEIGHT="37" WIDTH="41" VPOS="2206" HPOS="263"/>
<SP HEIGHT="39" WIDTH="31" VPOS="2197" HPOS="305"/>
<String CS="1" CONTENT="l.,"/>
<SP HEIGHT="48" WIDTH="31" VPOS="2195" HPOS="382"/>
<String CONTENT="11-223" HEIGHT="41" WIDTH="175" VPOS="2195" HPOS="414"/>
<SP HEIGHT="48" WIDTH="29" VPOS="2196" HPOS="590"/>
<String CONTENT="p." HEIGHT="38" WIDTH="41" VPOS="2206" HPOS="620"/>
<SP HEIGHT="40" WIDTH="60" VPOS="2195" HPOS="662"/>
<String CONTENT="illus.," HEIGHT="48" WIDTH="142" VPOS="2195" HPOS="723"/>
<SP HEIGHT="46" WIDTH="33" VPOS="2197" HPOS="866"/>
<String CONTENT="tables." HEIGHT="40" WIDTH="169" VPOS="2196" HPOS="900"/>
<SP HEIGHT="40" WIDTH="59" VPOS="2195" HPOS="1070"/>
<String CS="1" CONTENT="23&#189;" HEIGHT="41" WIDTH="53" VPOS="2195" HPOS="1130"/>
<String STYLE="superscript" CS="1" CONTENT="&#7580;&#7504;."/>
</TextLine>
<TextLine HEIGHT="52" WIDTH="2000" VPOS="2262" HPOS="139" CS="1">
<String CONTENT="&#169;" HEIGHT="52" WIDTH="52" VPOS="2262" HPOS="139"/>
<SP HEIGHT="52" WIDTH="29" VPOS="2262" HPOS="192"/>
<String CONTENT="Mar." HEIGHT="40" WIDTH="120" VPOS="2266" HPOS="222"/>
<SP HEIGHT="41" WIDTH="28" VPOS="2265" HPOS="343"/>
<String CONTENT="20," HEIGHT="49" WIDTH="70" VPOS="2265" HPOS="372"/>
<SP HEIGHT="47" WIDTH="29" VPOS="2267" HPOS="443"/>
<String CS="1" CONTENT="1931;" HEIGHT="41" WIDTH="112" VPOS="2265" HPOS="473"/>
<SP HEIGHT="48" WIDTH="30" VPOS="2265" HPOS="613"/>
<String CONTENT="2c." HEIGHT="41" WIDTH="68" VPOS="2265" HPOS="644"/>
<SP HEIGHT="40" WIDTH="27" VPOS="2266" HPOS="713"/>
<String CONTENT="Apr." HEIGHT="48" WIDTH="114" VPOS="2266" HPOS="741"/>
<SP HEIGHT="39" WIDTH="28" VPOS="2267" HPOS="856"/>
<String CS="1" CONTENT="4;" HEIGHT="38" WIDTH="26" VPOS="2267" HPOS="885"/>
<SP HEIGHT="36" WIDTH="31" VPOS="2276" HPOS="939"/>
<String CS="1" CONTENT="aff." HEIGHT="41" WIDTH="82" VPOS="2265" HPOS="971"/>
<SP HEIGHT="40" WIDTH="29" VPOS="2266" HPOS="1054"/>
<String CONTENT="Apr." HEIGHT="48" WIDTH="113" VPOS="2266" HPOS="1084"/>
<SP HEIGHT="40" WIDTH="29" VPOS="2266" HPOS="1198"/>
<String CS="1" CONTENT="11;" HEIGHT="39" WIDTH="48" VPOS="2266" HPOS="1228"/>
<SP HEIGHT="48" WIDTH="32" VPOS="2265" HPOS="1311"/>
<!-- cceid E1C7F9B0-6E8D-1014-9CF5-AEB3FCA41D69 --><String CONTENT="A" HEIGHT="39" WIDTH="40" VPOS="2265" HPOS="1344"/>
<SP HEIGHT="41" WIDTH="27" VPOS="2265" HPOS="1385"/>
<String CS="1" CONTENT="35725;" HEIGHT="41" WIDTH="144" VPOS="2265" HPOS="1413"/>
<SP HEIGHT="46" WIDTH="33" VPOS="2266" HPOS="1585"/>
<String CONTENT="American" HEIGHT="41" WIDTH="256" VPOS="2266" HPOS="1619"/>
<SP HEIGHT="31" WIDTH="31" VPOS="2276" HPOS="1876"/>
<String CONTENT="academy" HEIGHT="47" WIDTH="231" VPOS="2267" HPOS="1908"/>
</TextLine>
<TextLine HEIGHT="48" WIDTH="687" VPOS="2323" HPOS="205">
<String CONTENT="of" HEIGHT="40" WIDTH="53" VPOS="2323" HPOS="205"/>
<SP HEIGHT="40" WIDTH="30" VPOS="2323" HPOS="259"/>
<String CONTENT="optometry," HEIGHT="47" WIDTH="286" VPOS="2324" HPOS="290"/>
<SP HEIGHT="48" WIDTH="32" VPOS="2323" HPOS="577"/>
<String CONTENT="Baltimore." HEIGHT="40" WIDTH="282" VPOS="2323" HPOS="610"/>
</TextLine>
<TextLine HEIGHT="65" WIDTH="563" VPOS="2415" HPOS="135" STYLEREFS="StyleId-0F5A1DE5-9E06-4601-92DD-9514484D6B1F-">
<String CONTENT="American" HEIGHT="54" WIDTH="316" VPOS="2416" HPOS="135"/>
<SP HEIGHT="52" WIDTH="30" VPOS="2417" HPOS="452"/>
<String CONTENT="digest." HEIGHT="65" WIDTH="215" VPOS="2415" HPOS="483"/>
</TextLine>
<TextLine HEIGHT="73" WIDTH="1935" VPOS="2494" HPOS="207" STYLEREFS="StyleId-B602BAD7-B0F2-4701-9A0B-9297D75000A4-">
<String CONTENT="Current" HEIGHT="55" WIDTH="246" VPOS="2495" HPOS="207"/>
<SP HEIGHT="52" WIDTH="26" VPOS="2497" HPOS="454"/>
<String CONTENT="digest" HEIGHT="68" WIDTH="187" VPOS="2496" HPOS="481"/>
<SP HEIGHT="69" WIDTH="32" VPOS="2495" HPOS="669"/>
<String CONTENT="(American" HEIGHT="70" WIDTH="332" VPOS="2494" HPOS="702"/>
<SP HEIGHT="51" WIDTH="28" VPOS="2497" HPOS="1035"/>
<String CONTENT="digest" HEIGHT="69" WIDTH="187" VPOS="2494" HPOS="1064"/>
<SP HEIGHT="49" WIDTH="24" VPOS="2499" HPOS="1252"/>
<String CONTENT="system)" HEIGHT="69" WIDTH="236" VPOS="2495" HPOS="1277"/>
<SP HEIGHT="68" WIDTH="83" VPOS="2495" HPOS="1514"/>
<String CONTENT="v." HEIGHT="33" WIDTH="50" VPOS="2515" HPOS="1598"/>
<SP HEIGHT="48" WIDTH="30" VPOS="2500" HPOS="1649"/>
<String CONTENT="5." HEIGHT="48" WIDTH="44" VPOS="2500" HPOS="1680"/>
<SP HEIGHT="54" WIDTH="74" VPOS="2497" HPOS="1725"/>
<String CONTENT="January" HEIGHT="70" WIDTH="264" VPOS="2497" HPOS="1800"/>
<SP HEIGHT="64" WIDTH="29" VPOS="2503" HPOS="2065"/>
<String CONTENT="1," HEIGHT="63" WIDTH="47" VPOS="2503" HPOS="2095"/>
</TextLine>
<TextLine HEIGHT="70" WIDTH="2003" VPOS="2572" HPOS="138" STYLEREFS="StyleId-B602BAD7-B0F2-4701-9A0B-9297D75000A4-">
<String CONTENT="1930," HEIGHT="66" WIDTH="152" VPOS="2576" HPOS="138"/>
<SP HEIGHT="63" WIDTH="29" VPOS="2579" HPOS="291"/>
<String CONTENT="to" HEIGHT="47" WIDTH="58" VPOS="2579" HPOS="321"/>
<SP HEIGHT="52" WIDTH="29" VPOS="2574" HPOS="380"/>
<String CONTENT="December" HEIGHT="52" WIDTH="310" VPOS="2574" HPOS="410"/>
<SP HEIGHT="48" WIDTH="29" VPOS="2577" HPOS="721"/>
<String CONTENT="31," HEIGHT="65" WIDTH="84" VPOS="2577" HPOS="751"/>
<SP HEIGHT="65" WIDTH="31" VPOS="2577" HPOS="836"/>
<String CONTENT="1930." HEIGHT="49" WIDTH="149" VPOS="2576" HPOS="868"/>
<SP HEIGHT="53" WIDTH="73" VPOS="2572" HPOS="1018"/>
<String CONTENT="A" HEIGHT="52" WIDTH="55" VPOS="2572" HPOS="1092"/>
<SP HEIGHT="54" WIDTH="31" VPOS="2572" HPOS="1148"/>
<String CONTENT="digest" HEIGHT="69" WIDTH="187" VPOS="2573" HPOS="1180"/>
<SP HEIGHT="48" WIDTH="28" VPOS="2577" HPOS="1368"/>
<String CONTENT="of" HEIGHT="51" WIDTH="67" VPOS="2574" HPOS="1397"/>
<SP HEIGHT="52" WIDTH="28" VPOS="2574" HPOS="1465"/>
<String CONTENT="all" HEIGHT="52" WIDTH="76" VPOS="2574" HPOS="1494"/>
<SP HEIGHT="51" WIDTH="31" VPOS="2575" HPOS="1571"/>
<String CONTENT="current" HEIGHT="47" WIDTH="228" VPOS="2580" HPOS="1603"/>
<SP HEIGHT="52" WIDTH="31" VPOS="2575" HPOS="1832"/>
<String CONTENT="decisions" HEIGHT="53" WIDTH="277" VPOS="2575" HPOS="1864"/>
</TextLine>
<TextLine HEIGHT="71" WIDTH="2005" VPOS="2650" HPOS="137" STYLEREFS="StyleId-B602BAD7-B0F2-4701-9A0B-9297D75000A4-">
<String CONTENT="of" HEIGHT="53" WIDTH="64" VPOS="2650" HPOS="137"/>
<SP HEIGHT="53" WIDTH="34" VPOS="2650" HPOS="202"/>
<String CONTENT="the" HEIGHT="52" WIDTH="95" VPOS="2652" HPOS="237"/>
<SP HEIGHT="54" WIDTH="35" VPOS="2650" HPOS="333"/>
<String CONTENT="American" HEIGHT="54" WIDTH="308" VPOS="2650" HPOS="369"/>
<SP HEIGHT="33" WIDTH="34" VPOS="2671" HPOS="678"/>
<String CONTENT="courts" HEIGHT="47" WIDTH="188" VPOS="2657" HPOS="713"/>
<SP HEIGHT="34" WIDTH="36" VPOS="2670" HPOS="902"/>
<String CONTENT="as" HEIGHT="34" WIDTH="59" VPOS="2670" HPOS="939"/>
<SP HEIGHT="34" WIDTH="36" VPOS="2670" HPOS="999"/>
<String CONTENT="reported" HEIGHT="66" WIDTH="266" VPOS="2652" HPOS="1036"/>
<SP HEIGHT="53" WIDTH="38" VPOS="2651" HPOS="1303"/>
<String CONTENT="in" HEIGHT="52" WIDTH="60" VPOS="2651" HPOS="1342"/>
<SP HEIGHT="47" WIDTH="35" VPOS="2656" HPOS="1403"/>
<String CONTENT="the" HEIGHT="51" WIDTH="96" VPOS="2652" HPOS="1439"/>
<SP HEIGHT="52" WIDTH="35" VPOS="2652" HPOS="1536"/>
<String CONTENT="National" HEIGHT="54" WIDTH="274" VPOS="2651" HPOS="1572"/>
<SP HEIGHT="52" WIDTH="36" VPOS="2653" HPOS="1847"/>
<String CONTENT="reporter" HEIGHT="63" WIDTH="258" VPOS="2658" HPOS="1884"/>
</TextLine>
<TextLine HEIGHT="70" WIDTH="2004" VPOS="2728" HPOS="137" STYLEREFS="StyleId-B602BAD7-B0F2-4701-9A0B-9297D75000A4-">
<String CONTENT="system" HEIGHT="63" WIDTH="208" VPOS="2735" HPOS="137"/>
<SP HEIGHT="33" WIDTH="36" VPOS="2748" HPOS="346"/>
<String CONTENT="and" HEIGHT="52" WIDTH="112" VPOS="2730" HPOS="383"/>
<SP HEIGHT="52" WIDTH="35" VPOS="2730" HPOS="496"/>
<String CONTENT="the" HEIGHT="52" WIDTH="96" VPOS="2729" HPOS="532"/>
<SP HEIGHT="34" WIDTH="34" VPOS="2748" HPOS="629"/>
<String CONTENT="state" HEIGHT="49" WIDTH="145" VPOS="2733" HPOS="664"/>
<SP HEIGHT="34" WIDTH="33" VPOS="2747" HPOS="810"/>
<String CONTENT="reports," HEIGHT="65" WIDTH="240" VPOS="2733" HPOS="844"/>
<SP HEIGHT="48" WIDTH="35" VPOS="2748" HPOS="1085"/>
<String CONTENT="continuing" HEIGHT="69" WIDTH="338" VPOS="2728" HPOS="1121"/>
<SP HEIGHT="62" WIDTH="32" VPOS="2735" HPOS="1460"/>
<String CONTENT="the" HEIGHT="52" WIDTH="95" VPOS="2730" HPOS="1493"/>
<SP HEIGHT="51" WIDTH="35" VPOS="2731" HPOS="1589"/>
<String CONTENT="Third" HEIGHT="53" WIDTH="185" VPOS="2730" HPOS="1625"/>
<SP HEIGHT="53" WIDTH="36" VPOS="2731" HPOS="1811"/>
<String CONTENT="decennial" HEIGHT="53" WIDTH="293" VPOS="2732" HPOS="1848"/>
</TextLine>
<TextLine HEIGHT="71" WIDTH="2005" VPOS="2805" HPOS="137" STYLEREFS="StyleId-B602BAD7-B0F2-4701-9A0B-9297D75000A4-">
<String CONTENT="digest." HEIGHT="69" WIDTH="201" VPOS="2807" HPOS="137"/>
<SP HEIGHT="52" WIDTH="73" VPOS="2807" HPOS="339"/>
<String CONTENT="Prepared" HEIGHT="68" WIDTH="294" VPOS="2807" HPOS="413"/>
<SP HEIGHT="52" WIDTH="49" VPOS="2807" HPOS="708"/>
<String CONTENT="and" HEIGHT="53" WIDTH="114" VPOS="2807" HPOS="758"/>
<SP HEIGHT="53" WIDTH="49" VPOS="2807" HPOS="873"/>
<String CONTENT="edited" HEIGHT="54" WIDTH="188" VPOS="2806" HPOS="923"/>
<SP HEIGHT="54" WIDTH="46" VPOS="2806" HPOS="1112"/>
<String CONTENT="by" HEIGHT="70" WIDTH="76" VPOS="2806" HPOS="1159"/>
<SP HEIGHT="65" WIDTH="49" VPOS="2811" HPOS="1236"/>
<String CONTENT="the" HEIGHT="53" WIDTH="96" VPOS="2807" HPOS="1286"/>
<SP HEIGHT="34" WIDTH="47" VPOS="2826" HPOS="1383"/>
<String CONTENT="editorial" HEIGHT="56" WIDTH="265" VPOS="2805" HPOS="1431"/>
<SP HEIGHT="53" WIDTH="49" VPOS="2808" HPOS="1697"/>
<String CONTENT="staff" HEIGHT="54" WIDTH="134" VPOS="2807" HPOS="1747"/>
<SP HEIGHT="54" WIDTH="48" VPOS="2807" HPOS="1882"/>
<String CONTENT="of" HEIGHT="53" WIDTH="64" VPOS="2809" HPOS="1931"/>
<SP HEIGHT="54" WIDTH="48" VPOS="2809" HPOS="1996"/>
<String CONTENT="the" HEIGHT="53" WIDTH="97" VPOS="2811" HPOS="2045"/>
</TextLine>
<TextLine HEIGHT="73" WIDTH="2005" VPOS="2883" HPOS="135" STYLEREFS="StyleId-B602BAD7-B0F2-4701-9A0B-9297D75000A4-">
<String CONTENT="American" HEIGHT="53" WIDTH="308" VPOS="2885" HPOS="135"/>
<SP HEIGHT="52" WIDTH="29" VPOS="2886" HPOS="444"/>
<String CONTENT="digest" HEIGHT="68" WIDTH="185" VPOS="2885" HPOS="474"/>
<SP HEIGHT="48" WIDTH="29" VPOS="2890" HPOS="660"/>
<String CONTENT="system." HEIGHT="65" WIDTH="224" VPOS="2888" HPOS="690"/>
<SP HEIGHT="55" WIDTH="77" VPOS="2883" HPOS="915"/>
<String CONTENT="St." HEIGHT="55" WIDTH="81" VPOS="2883" HPOS="993"/>
<SP HEIGHT="51" WIDTH="31" VPOS="2885" HPOS="1075"/>
<String CONTENT="Paul," HEIGHT="69" WIDTH="166" VPOS="2884" HPOS="1107"/>
<SP HEIGHT="68" WIDTH="28" VPOS="2885" HPOS="1274"/>
<String CONTENT="West" HEIGHT="53" WIDTH="159" VPOS="2885" HPOS="1303"/>
<SP HEIGHT="64" WIDTH="30" VPOS="2889" HPOS="1463"/>
<String CONTENT="publishing" HEIGHT="70" WIDTH="334" VPOS="2886" HPOS="1494"/>
<SP HEIGHT="50" WIDTH="29" VPOS="2906" HPOS="1829"/>
<String CONTENT="co.," HEIGHT="42" WIDTH="97" VPOS="2905" HPOS="1859"/>
<SP HEIGHT="55" WIDTH="31" VPOS="2892" HPOS="1957"/>
<String CONTENT="1931." HEIGHT="50" WIDTH="151" VPOS="2891" HPOS="1989"/>
</TextLine>
<TextLine HEIGHT="49" WIDTH="417" VPOS="2965" HPOS="205" STYLEREFS="StyleId-B602BAD7-B0F2-4701-9A0B-9297D75000A4-" CS="1">
<String CONTENT="vi," HEIGHT="49" WIDTH="61" VPOS="2965" HPOS="205"/>
<SP HEIGHT="49" WIDTH="38" VPOS="2965" HPOS="267"/>
<String CONTENT="2968" HEIGHT="41" WIDTH="119" VPOS="2965" HPOS="306"/>
<SP HEIGHT="47" WIDTH="33" VPOS="2966" HPOS="426"/>
<String CONTENT="p." HEIGHT="37" WIDTH="43" VPOS="2976" HPOS="460"/>
<SP HEIGHT="40" WIDTH="61" VPOS="2965" HPOS="504"/>
<String CONTENT="26" HEIGHT="40" WIDTH="56" VPOS="2965" HPOS="566"/>
<String STYLE="superscript" CS="1" CONTENT="&#7580;&#7504;."/>
</TextLine>
<TextLine HEIGHT="53" WIDTH="1833" VPOS="3033" HPOS="142" CS="1">
<String CONTENT="&#169;" HEIGHT="52" WIDTH="52" VPOS="3033" HPOS="142"/>
<SP HEIGHT="52" WIDTH="25" VPOS="3033" HPOS="195"/>
<String CONTENT="Mar." HEIGHT="39" WIDTH="121" VPOS="3038" HPOS="221"/>
<SP HEIGHT="40" WIDTH="24" VPOS="3037" HPOS="343"/>
<String CONTENT="12," HEIGHT="49" WIDTH="70" VPOS="3035" HPOS="368"/>
<SP HEIGHT="48" WIDTH="24" VPOS="3036" HPOS="439"/>
<String CS="1" CONTENT="1931;" HEIGHT="41" WIDTH="113" VPOS="3035" HPOS="464"/>
<SP HEIGHT="47" WIDTH="27" VPOS="3035" HPOS="606"/>
<String CONTENT="2c." HEIGHT="41" WIDTH="67" VPOS="3035" HPOS="634"/>
<SP HEIGHT="41" WIDTH="25" VPOS="3035" HPOS="702"/>
<String CONTENT="Apr." HEIGHT="48" WIDTH="112" VPOS="3035" HPOS="728"/>
<SP HEIGHT="40" WIDTH="26" VPOS="3035" HPOS="841"/>
<String CS="1" CONTENT="17;" HEIGHT="40" WIDTH="56" VPOS="3035" HPOS="868"/>
<SP HEIGHT="37" WIDTH="28" VPOS="3045" HPOS="951"/>
<String CS="1" CONTENT="aff." HEIGHT="41" WIDTH="80" VPOS="3034" HPOS="980"/>
<SP HEIGHT="40" WIDTH="26" VPOS="3035" HPOS="1061"/>
<String CONTENT="Apr." HEIGHT="48" WIDTH="114" VPOS="3035" HPOS="1088"/>
<SP HEIGHT="41" WIDTH="24" VPOS="3035" HPOS="1203"/>
<String CS="1" CONTENT="18;" HEIGHT="41" WIDTH="60" VPOS="3034" HPOS="1228"/>
<SP HEIGHT="47" WIDTH="27" VPOS="3034" HPOS="1312"/>
<!-- cceid E1C8BC92-6E8D-1014-9CF5-AEB3FCA41D69 --><String CONTENT="A" HEIGHT="40" WIDTH="41" VPOS="3034" HPOS="1340"/>
<SP HEIGHT="42" WIDTH="24" VPOS="3034" HPOS="1382"/>
<String CS="1" CONTENT="36594;" HEIGHT="42" WIDTH="146" VPOS="3034" HPOS="1407"/>
<SP HEIGHT="46" WIDTH="29" VPOS="3037" HPOS="1579"/>
<String CONTENT="West" HEIGHT="41" WIDTH="137" VPOS="3037" HPOS="1609"/>
<SP HEIGHT="47" WIDTH="23" VPOS="3039" HPOS="1747"/>
<String CONTENT="pub." HEIGHT="48" WIDTH="107" VPOS="3038" HPOS="1771"/>
<SP HEIGHT="30" WIDTH="28" VPOS="3050" HPOS="1879"/>
<String CONTENT="co." HEIGHT="31" WIDTH="67" VPOS="3049" HPOS="1908"/>
</TextLine>
<TextLine HEIGHT="65" WIDTH="777" VPOS="3144" HPOS="138" STYLEREFS="StyleId-0F5A1DE5-9E06-4601-92DD-9514484D6B1F-">
<String CONTENT="Anderson," HEIGHT="64" WIDTH="329" VPOS="3145" HPOS="138"/>
<SP HEIGHT="63" WIDTH="30" VPOS="3146" HPOS="468"/>
<String CONTENT="David," HEIGHT="65" WIDTH="209" VPOS="3144" HPOS="499"/>
<SP HEIGHT="59" WIDTH="34" VPOS="3150" HPOS="709"/>
<String CONTENT="1875-" HEIGHT="54" WIDTH="171" VPOS="3145" HPOS="744"/>
</TextLine>
<TextLine HEIGHT="148" WIDTH="1981" VPOS="3220" HPOS="137" STYLEREFS="StyleId-B602BAD7-B0F2-4701-9A0B-9297D75000A4-" CS="1">
<String CONTENT="The" HEIGHT="52" WIDTH="121" VPOS="3223" HPOS="207"/>
<SP HEIGHT="35" WIDTH="43" VPOS="3240" HPOS="329"/>
<String CONTENT="enchanted" HEIGHT="53" WIDTH="316" VPOS="3222" HPOS="373"/>
<SP HEIGHT="68" WIDTH="40" VPOS="3222" HPOS="690"/>
<String CONTENT="galleon," HEIGHT="69" WIDTH="244" VPOS="3221" HPOS="731"/>
<SP HEIGHT="68" WIDTH="40" VPOS="3220" HPOS="976"/>
<String CONTENT="by" HEIGHT="70" WIDTH="76" VPOS="3220" HPOS="1017"/>
<SP HEIGHT="69" WIDTH="40" VPOS="3221" HPOS="1094"/>
<String CONTENT="David" HEIGHT="53" WIDTH="195" VPOS="3221" HPOS="1135"/>
<SP HEIGHT="54" WIDTH="42" VPOS="3220" HPOS="1331"/>
<String CONTENT="Anderson." HEIGHT="56" WIDTH="320" VPOS="3220" HPOS="1374"/>
<SP HEIGHT="34" WIDTH="79" VPOS="3257" HPOS="1695"/>
<String CS="1" CONTENT="[San" HEIGHT="56" WIDTH="116" VPOS="3223" HPOS="1795"/>
<SP HEIGHT="52" WIDTH="46" VPOS="3226" HPOS="1912"/>
<String CONTENT="Francisco]" HEIGHT="141" WIDTH="1981" VPOS="3226" HPOS="137"/>
<SP HEIGHT="66" WIDTH="30" VPOS="3301" HPOS="299"/>
<String CONTENT="Priv." HEIGHT="52" WIDTH="159" VPOS="3300" HPOS="330"/>
<SP HEIGHT="50" WIDTH="24" VPOS="3317" HPOS="490"/>
<String CONTENT="print." HEIGHT="67" WIDTH="177" VPOS="3300" HPOS="515"/>
<SP HEIGHT="34" WIDTH="31" VPOS="3332" HPOS="693"/>
<String CS="1" CONTENT="[The" HEIGHT="52" WIDTH="123" VPOS="3300" HPOS="743"/>
<SP HEIGHT="55" WIDTH="22" VPOS="3298" HPOS="867"/>
<String CONTENT="Windsor" HEIGHT="55" WIDTH="274" VPOS="3298" HPOS="890"/>
<SP HEIGHT="51" WIDTH="21" VPOS="3317" HPOS="1165"/>
<String CONTENT="press]" HEIGHT="51" WIDTH="177" VPOS="3317" HPOS="1187"/>
<SP HEIGHT="64" WIDTH="32" VPOS="3302" HPOS="1365"/>
<String CONTENT="1930." HEIGHT="52" WIDTH="151" VPOS="3301" HPOS="1398"/>
</TextLine>
<TextLine HEIGHT="49" WIDTH="655" VPOS="3381" HPOS="205" CS="1">
<String LANG="en-US" CONTENT="3" HEIGHT="39" WIDTH="26" VPOS="3383" HPOS="205"/>
<SP HEIGHT="47" WIDTH="25" VPOS="3383" HPOS="232"/>
<String LANG="fr" CONTENT="p." HEIGHT="37" WIDTH="43" VPOS="3393" HPOS="258"/>
<SP HEIGHT="39" WIDTH="26" VPOS="3383" HPOS="302"/>
<String LANG="en-US" CS="1" CONTENT="l.,"/>
<SP HEIGHT="47" WIDTH="26" VPOS="3382" HPOS="374"/>
<String LANG="en-US" CS="1" CONTENT="18"/>
<SP HEIGHT="48" WIDTH="23" VPOS="3382" HPOS="460"/>
<String LANG="fr" CS="1" CONTENT="p.,"/>
<SP/>
<String LANG="fr" CS="1" CONTENT="1"/>
<SP/>
<String LANG="fr" CS="1" CONTENT="l."/>
<SP HEIGHT="38" WIDTH="25" VPOS="3392" HPOS="653"/>
<String LANG="en-US" CS="1" CONTENT="pl." HEIGHT="38" WIDTH="63" VPOS="3392" HPOS="679"/>
<SP HEIGHT="41" WIDTH="56" VPOS="3382" HPOS="743"/>
<String LANG="en-US" CS="1" CONTENT="30&#189;" HEIGHT="42" WIDTH="60" VPOS="3381" HPOS="800"/>
<String STYLE="superscript" LANG="en-US" CS="1" CONTENT="&#7580;&#7504;."/>
</TextLine>
<TextLine HEIGHT="50" WIDTH="1033" VPOS="3436" HPOS="208">
<String CONTENT="&#8220;The" HEIGHT="39" WIDTH="127" VPOS="3440" HPOS="208"/>
<SP HEIGHT="30" WIDTH="26" VPOS="3449" HPOS="336"/>
<String CONTENT="edition" HEIGHT="40" WIDTH="184" VPOS="3438" HPOS="363"/>
<SP HEIGHT="29" WIDTH="22" VPOS="3449" HPOS="548"/>
<String CONTENT="consists" HEIGHT="41" WIDTH="207" VPOS="3438" HPOS="571"/>
<SP HEIGHT="30" WIDTH="24" VPOS="3448" HPOS="779"/>
<String CONTENT="of" HEIGHT="41" WIDTH="52" VPOS="3437" HPOS="804"/>
<SP HEIGHT="41" WIDTH="24" VPOS="3437" HPOS="857"/>
<String CONTENT="sixty" HEIGHT="48" WIDTH="132" VPOS="3437" HPOS="882"/>
<SP HEIGHT="37" WIDTH="23" VPOS="3448" HPOS="1015"/>
<String CONTENT="copies.&#8221;" HEIGHT="50" WIDTH="202" VPOS="3436" HPOS="1039"/>
</TextLine>
<TextLine HEIGHT="56" WIDTH="1997" VPOS="3505" HPOS="144">
<String CONTENT="&#169;" HEIGHT="52" WIDTH="52" VPOS="3505" HPOS="144"/>
<SP HEIGHT="52" WIDTH="30" VPOS="3505" HPOS="197"/>
<String CONTENT="Dec." HEIGHT="39" WIDTH="111" VPOS="3510" HPOS="228"/>
<SP HEIGHT="40" WIDTH="30" VPOS="3509" HPOS="340"/>
<String CONTENT="1," HEIGHT="47" WIDTH="38" VPOS="3509" HPOS="371"/>
<SP HEIGHT="48" WIDTH="32" VPOS="3508" HPOS="410"/>
<String CONTENT="1930;" HEIGHT="48" WIDTH="139" VPOS="3506" HPOS="443"/>
<SP HEIGHT="47" WIDTH="31" VPOS="3507" HPOS="583"/>
<String CONTENT="2c." HEIGHT="42" WIDTH="67" VPOS="3507" HPOS="615"/>
<SP HEIGHT="41" WIDTH="30" VPOS="3508" HPOS="683"/>
<String CONTENT="Jan." HEIGHT="39" WIDTH="109" VPOS="3508" HPOS="714"/>
<SP HEIGHT="39" WIDTH="29" VPOS="3508" HPOS="824"/>
<String CONTENT="31," HEIGHT="48" WIDTH="69" VPOS="3507" HPOS="854"/>
<SP HEIGHT="47" WIDTH="31" VPOS="3508" HPOS="924"/>
<String CONTENT="1931;" HEIGHT="47" WIDTH="140" VPOS="3507" HPOS="956"/>
<SP HEIGHT="37" WIDTH="33" VPOS="3517" HPOS="1097"/>
<String CONTENT="aff." HEIGHT="41" WIDTH="83" VPOS="3506" HPOS="1131"/>
<SP HEIGHT="39" WIDTH="30" VPOS="3508" HPOS="1215"/>
<String CONTENT="Jan." HEIGHT="40" WIDTH="110" VPOS="3508" HPOS="1246"/>
<SP HEIGHT="41" WIDTH="30" VPOS="3508" HPOS="1357"/>
<String CONTENT="30;" HEIGHT="47" WIDTH="83" VPOS="3507" HPOS="1388"/>
<SP HEIGHT="46" WIDTH="32" VPOS="3508" HPOS="1472"/>
<!-- cceid E1C984CA-6E8D-1014-9CF5-AEB3FCA41D69 --><String CONTENT="A" HEIGHT="40" WIDTH="43" VPOS="3508" HPOS="1505"/>
<SP HEIGHT="41" WIDTH="27" VPOS="3508" HPOS="1549"/>
<String CONTENT="33505;" HEIGHT="48" WIDTH="171" VPOS="3508" HPOS="1577"/>
<SP HEIGHT="46" WIDTH="34" VPOS="3510" HPOS="1749"/>
<String CONTENT="D." HEIGHT="40" WIDTH="58" VPOS="3510" HPOS="1784"/>
<SP HEIGHT="40" WIDTH="30" VPOS="3510" HPOS="1843"/>
<String CONTENT="Anderson," HEIGHT="51" WIDTH="267" VPOS="3510" HPOS="1874"/>
</TextLine>
<TextLine HEIGHT="49" WIDTH="752" VPOS="3563" HPOS="211">
<String CONTENT="Berkeley," HEIGHT="47" WIDTH="249" VPOS="3565" HPOS="211"/>
<SP HEIGHT="48" WIDTH="37" VPOS="3564" HPOS="461"/>
<String CONTENT="Calif." HEIGHT="40" WIDTH="142" VPOS="3564" HPOS="499"/>
<SP HEIGHT="47" WIDTH="70" VPOS="3564" HPOS="642"/>
<String CONTENT="(31-6882)" HEIGHT="48" WIDTH="250" VPOS="3563" HPOS="713"/>
</TextLine>
<TextLine HEIGHT="150" WIDTH="2003" VPOS="3657" HPOS="140" STYLEREFS="StyleId-B602BAD7-B0F2-4701-9A0B-9297D75000A4-" CS="1">
<String CONTENT="Atlantic" HEIGHT="54" WIDTH="268" VPOS="3657" HPOS="140"/>
<SP HEIGHT="37" WIDTH="41" VPOS="3675" HPOS="409"/>
<String CONTENT="reporter" HEIGHT="64" WIDTH="256" VPOS="3664" HPOS="451"/>
<SP HEIGHT="52" WIDTH="41" VPOS="3660" HPOS="708"/>
<String CONTENT="digest," HEIGHT="69" WIDTH="203" VPOS="3659" HPOS="750"/>
<SP HEIGHT="50" WIDTH="41" VPOS="3677" HPOS="954"/>
<String CONTENT="covering" HEIGHT="70" WIDTH="269" VPOS="3657" HPOS="996"/>
<SP HEIGHT="50" WIDTH="41" VPOS="3677" HPOS="1266"/>
<String CONTENT="all" HEIGHT="53" WIDTH="78" VPOS="3659" HPOS="1308"/>
<SP HEIGHT="52" WIDTH="40" VPOS="3660" HPOS="1387"/>
<String CONTENT="cases" HEIGHT="36" WIDTH="150" VPOS="3677" HPOS="1428"/>
<SP HEIGHT="34" WIDTH="43" VPOS="3679" HPOS="1579"/>
<String CONTENT="reported" HEIGHT="65" WIDTH="265" VPOS="3663" HPOS="1623"/>
<SP HEIGHT="53" WIDTH="42" VPOS="3663" HPOS="1889"/>
<String CONTENT="in" HEIGHT="54" WIDTH="59" VPOS="3663" HPOS="1932"/>
<SP HEIGHT="52" WIDTH="43" VPOS="3665" HPOS="1992"/>
<String CONTENT="Atlantic" HEIGHT="125" WIDTH="1909" VPOS="3665" HPOS="209"/>
<SP HEIGHT="33" WIDTH="34" VPOS="3757" HPOS="387"/>
<String CONTENT="reporter" HEIGHT="63" WIDTH="255" VPOS="3742" HPOS="422"/>
<SP HEIGHT="33" WIDTH="39" VPOS="3756" HPOS="678"/>
<String CS="1" CONTENT="&#8230;"/>
<SP HEIGHT="55" WIDTH="80" VPOS="3736" HPOS="774"/>
<String CONTENT="Compiled" HEIGHT="68" WIDTH="299" VPOS="3736" HPOS="855"/>
<SP HEIGHT="51" WIDTH="36" VPOS="3738" HPOS="1155"/>
<String CONTENT="and" HEIGHT="51" WIDTH="114" VPOS="3738" HPOS="1192"/>
<SP HEIGHT="51" WIDTH="33" VPOS="3738" HPOS="1307"/>
<String CONTENT="edited" HEIGHT="54" WIDTH="189" VPOS="3736" HPOS="1341"/>
<SP HEIGHT="52" WIDTH="31" VPOS="3738" HPOS="1531"/>
<String CONTENT="by" HEIGHT="68" WIDTH="76" VPOS="3738" HPOS="1563"/>
<SP HEIGHT="63" WIDTH="31" VPOS="3743" HPOS="1640"/>
<String CONTENT="the" HEIGHT="53" WIDTH="96" VPOS="3739" HPOS="1672"/>
<SP HEIGHT="49" WIDTH="34" VPOS="3758" HPOS="1769"/>
<String CONTENT="publisher&#8217;s" HEIGHT="66" WIDTH="339" VPOS="3741" HPOS="1804"/>
</TextLine>
<TextLine HEIGHT="148" WIDTH="1906" VPOS="3813" HPOS="211" STYLEREFS="StyleId-B602BAD7-B0F2-4701-9A0B-9297D75000A4-" CS="1">
<String CONTENT="editorial" HEIGHT="54" WIDTH="264" VPOS="3814" HPOS="211"/>
<SP HEIGHT="52" WIDTH="43" VPOS="3816" HPOS="476"/>
<String CS="1" CONTENT="staff." HEIGHT="54" WIDTH="133" VPOS="3814" HPOS="520"/>
<SP HEIGHT="32" WIDTH="73" VPOS="3834" HPOS="669"/>
<String CS="1" CONTENT="v." HEIGHT="10" WIDTH="10" VPOS="3856" HPOS="784"/>
<SP HEIGHT="49" WIDTH="46" VPOS="3818" HPOS="795"/>
<String CONTENT="10," HEIGHT="64" WIDTH="81" VPOS="3817" HPOS="842"/>
<SP HEIGHT="63" WIDTH="44" VPOS="3818" HPOS="924"/>
<String CONTENT="11" HEIGHT="48" WIDTH="61" VPOS="3818" HPOS="969"/>
<SP HEIGHT="48" WIDTH="48" VPOS="3818" HPOS="1031"/>
<String CS="1" CONTENT="&#8230;"/>
<SP HEIGHT="55" WIDTH="82" VPOS="3813" HPOS="1136"/>
<String CONTENT="St," HEIGHT="55" WIDTH="81" VPOS="3813" HPOS="1219"/>
<SP HEIGHT="51" WIDTH="43" VPOS="3815" HPOS="1301"/>
<String CONTENT="Paul," HEIGHT="68" WIDTH="166" VPOS="3815" HPOS="1345"/>
<SP HEIGHT="69" WIDTH="42" VPOS="3814" HPOS="1512"/>
<String CONTENT="Minn.," HEIGHT="71" WIDTH="201" VPOS="3814" HPOS="1555"/>
<SP HEIGHT="67" WIDTH="40" VPOS="3818" HPOS="1757"/>
<String CONTENT="West" HEIGHT="55" WIDTH="160" VPOS="3818" HPOS="1798"/>
<SP HEIGHT="65" WIDTH="41" VPOS="3826" HPOS="1959"/>
<String CONTENT="publishing" HEIGHT="139" WIDTH="1906" VPOS="3822" HPOS="211"/>
<SP HEIGHT="51" WIDTH="27" VPOS="3910" HPOS="428"/>
<String CONTENT="co." HEIGHT="35" WIDTH="77" VPOS="3910" HPOS="456"/>
<SP HEIGHT="34" WIDTH="36" VPOS="3925" HPOS="534"/>
<String CONTENT="[" HEIGHT="34" WIDTH="13" VPOS="3925" HPOS="571"/>
<String STYLE="superscript" CS="1" CONTENT="&#7580;19"/>
<String CONTENT="31]" HEIGHT="64" WIDTH="83" VPOS="3894" HPOS="680"/>
</TextLine>
<TextLine HEIGHT="44" WIDTH="229" VPOS="3971" HPOS="209" CS="1">
<String LANG="en-US" CONTENT="2" HEIGHT="41" WIDTH="26" VPOS="3972" HPOS="209"/>
<SP/>
<String LANG="fr" CONTENT="v." HEIGHT="31" WIDTH="42" VPOS="3984" HPOS="275"/>
<SP HEIGHT="44" WIDTH="60" VPOS="3971" HPOS="318"/>
<String LANG="en-US" CONTENT="26" HEIGHT="42" WIDTH="59" VPOS="3971" HPOS="379"/>
<String STYLE="superscript" LANG="en-US" CS="1" CONTENT="&#7580;&#7504;."/>
</TextLine>
</TextBlock>
</PrintSpace>
</Page>
</Layout>
</alto>