2428 4370
1027 4035 132 49 1531

104 500 50 52 ©
181 504 126 48 Sept.
330 503 69 48 18,
422 503 111 40 1931;
588 502 67 41 2c.
679 503 95 39 and
796 500 81 42 aff.
904 500 128 51 Sept.
1056 500 55 41 30;
1164 501 40 39 A
1226 501 172 47 42714;
1426 502 52 38 A.
1504 500 54 43 G.
1584 502 232 47 Brodeur,
1842 500 249 48 Berkeley,

170 560 143 42 Calif.
384 559 278 48 (31-25803)

100 668 323 64 Burnham,
453 668 214 64 Smith,
697 674 169 49 1866-

171 748 119 52 The
322 747 235 69 making
588 747 63 53 of
682 766 102 33 our
815 750 268 65 country;
1119 766 32 34 a
1181 746 223 57 history
1434 747 63 52 of
1528 747 97 53 the
1653 744 217 56 United
1905 746 187 55 States

101 822 1968 137 for schools, by Smith Burnham … Illustrated with three hundred and
417 902 345 69 thirty-four
794 900 344 71 engravings
1170 900 59 52 in
1262 900 166 54 black
1460 902 111 53 and
1606 900 189 70 white,
1828 900 266 69 fifty-one

102 999 177 49 maps,
302 980 114 54 and
442 980 158 68 eight
624 981 154 51 color
801 979 184 69 plates
1011 979 153 53 from
1188 978 96 52 the
1310 978 56 54 J.
1391 978 63 52 L.
1484 976 68 57 G.
1579 978 194 53 Ferris
1798 978 295 54 collection

98 1052 1996 75 of American historical paintings … Philadelphia, Chicago
108 1144 135 59 [etc.]
275 1135 121 53 The
421 1136 156 53 John
606 1134 60 54 C.
694 1135 264 53 Winston
984 1151 280 51 company
1405 1136 83 64 [ᶜ1931]

168 1208 1523 57 xvi, 617, 39 p. col. front., illus., col. plates, maps. 20½ ᶜᵐ.
170 1271 175 40 Versos
379 1270 51 40 of
461 1269 316 48 frontispiece
808 1270 95 39 and
936 1270 157 48 plates
1126 1268 194 41 contain
1355 1268 292 50 descriptive
1682 1271 295 46 letterpress.

166 1327 217 41 Another
409 1325 182 42 edition
623 1326 253 49 published
907 1326 50 40 in
984 1325 113 41 1931
1128 1326 153 39 under
1312 1325 107 41 title;
1477 1325 100 43 The
1609 1328 134 46 story
1772 1326 52 41 of
1853 1326 236 41 America.

168 1382 348 43 “References”
541 1391 52 33 at
619 1384 89 40 end
736 1383 52 40 of
812 1383 118 41 each
957 1382 213 49 chapter.

102 1451 50 52 ©
180 1456 119 47 Aug.
328 1454 68 48 10,
424 1453 140 47 1931;
593 1453 66 41 2c.
689 1454 95 39 and
811 1452 82 41 aff.
923 1452 103 42 Oct.
1053 1453 53 47 3;
1137 1453 40 39 A
1203 1452 173 47 42862;
1406 1452 128 42 John
1564 1452 49 42 C.
1642 1452 225 42 Winston
1896 1464 67 31 co.
2040 1448 52 53 [©

169 1510 237 42 revisions
430 1512 36 39 &
491 1511 262 49 additions]
820 1507 280 53 (31-25893)

101 1618 233 65 Conley,
365 1618 192 65 Philip
589 1619 267 64 Mallory,
889 1621 171 54 1887-

168 1698 159 55 West
358 1698 268 70 Virginia
654 1700 299 70 yesterday
982 1700 112 53 and
1125 1701 202 68 today;
1360 1720 31 33 a
1420 1698 272 56 textbook
1717 1700 60 53 in
1805 1701 94 55 the

101 1717 1972 132 geography,
333 1776 239 69 history,
605 1796 299 50 resources,
937 1777 326 69 industries,
1296 1780 112 52 and
1440 1784 373 64 government
1842 1780 63 54 of
1936 1781 158 54 West

99 1852 1971 153 Virginia, by Phil Conley … Charleston, W. Va., West Virginia
284 1931 204 55 review
514 1951 157 49 press
811 1935 64 49 [ᶜ1931]

167 2010 1413 52 xiii, 446 p. incl. front., illus. maps (2 double) 21½ ᶜᵐ.
169 2068 404 48 “Collaborators,
608 2069 136 47 Boyd
780 2069 54 40 B.
873 2068 185 42 Stutler;
1125 2070 140 47 Mary
1301 2070 119 40 Yost
1458 2069 261 43 Sandrus.”

171 2124 346 43 “References”
546 2129 53 37 at
625 2127 92 39 end
746 2126 52 39 of
824 2127 127 40 most
978 2127 52 40 of
1058 2126 83 40 the
1169 2126 240 49 chapters.

103 2193 50 52 ©
184 2197 127 48 Sept.
339 2197 69 40 18.
437 2195 112 41 1931;
607 2197 68 40 2c.
703 2197 96 39 and
825 2195 83 43 aff.
940 2197 129 48 Sept.
1096 2196 58 42 28;
1210 2197 43 39 A
1279 2195 145 43 42673;
1484 2199 49 38 P.
1566 2198 193 49 Conley,
1791 2199 302 48 Charleston,

172 2254 72 41 W.
266 2254 85 40 Va.
413 2252 279 50 (31-25891)

103 2348 192 64 Cross,
325 2348 221 53 Robert
576 2347 173 57 Alan.

165 2424 120 52 The
326 2423 222 69 history
591 2423 65 54 of
699 2423 286 57 Southern
1029 2425 348 54 Methodism
1422 2426 59 53 in
1528 2427 139 54 New
1712 2428 260 68 Orleans,
2017 2431 76 69 by

98 2499 1993 76 Robert Alan Cross … with an introduction by Rev. W. L.
97 2578 1055 70 Doss, jr. … [New Orleans] 1931.
163 2657 243 51 64 p. 23 ᶜᵐ.
104 2726 52 52 ©
187 2731 128 47 Sept.
342 2731 71 47 16,
440 2730 141 46 1931;
612 2732 70 40 2c.
710 2734 97 38 and
834 2731 85 43 aff.
951 2733 129 48 Sept.
1109 2734 84 47 18;
1224 2735 42 38 A
1293 2734 175 49 42395;
1500 2737 54 38 R.
1585 2738 56 40 A.
1673 2737 159 50 Cross,
1862 2739 119 40 New
169 2735 1909 95 Orleans.
386 2787 280 50 (31-25989)

102 2882 302 55 Delaware
443 2889 113 51 and
592 2887 261 54 Atlantic
889 2893 255 64 reporter
1181 2890 184 69 digest
1402 2891 269 70 covering
1709 2895 77 51 all
1824 2913 150 35 cases
172 2909 1899 124 reported

172 2964 1900 147 in Delaware reports and Atlantic reporter … Compiled
356 3043 112 51 and
497 3042 188 53 edited
713 3044 75 67 by
815 3044 94 52 the
939 3044 339 68 publisher’s
1306 3046 265 54 editorial
1600 3047 149 54 staff,
1825 3068 49 32 v.
1907 3053 187 52 27-29.

175 3117 1366 75 St. Paul, Minn., West publishing co. [ ᶜ19 31 ]
168 3197 208 42 3 v. 26 ᶜᵐ.
457 3266 111 29 CONTENTS.—v.
605 3255 71 42 27.
711 3257 622 43 Powers-Railroads.—v.
1369 3260 71 41 28.
1477 3262 507 50 Rape-Salvage.—v.
2023 3265 71 42 29.

106 3310 194 41 Schools
322 3312 95 40 and
438 3312 161 41 school
619 3314 512 50 dists.-Stipulations.

107 3375 50 52 ©
189 3381 126 48 Sept.
344 3383 70 47 30,
443 3382 140 48 1931;
614 3384 67 41 2c.
711 3386 117 40 each
857 3386 96 41 and
983 3386 109 41 affs.
1123 3386 101 41 Oct.
1255 3388 81 47 12;
1368 3389 41 39 A
1437 3389 326 42 44018-44020;
1820 3394 136 40 West
1983 3393 110 50 pub.

174 3448 64 31 co.

110 3530 1126 75 [D ē m ē trakopoulos, Polybios] 1864-
174 3611 120 52 The
330 3611 125 53 iron
490 3618 317 65 testament,
842 3617 76 68 by
953 3618 106 51 Pol
1097 3617 178 55 Areas
1335 3619 194 67 [pseud.]
1593 3622 312 54 translated
1946 3624 147 54 from

109 3687 228 54 modern
388 3688 186 55 Greek
621 3692 75 69 by
750 3692 53 55 S.
857 3692 270 71 Gargilis.
1205 3696 233 68 Boston,
1489 3697 189 70 Mass.,
1732 3699 56 55 S.
1840 3700 256 70 Gargilis

112 3768 189 64 [ ᶜ19 31]
174 3842 460 51 192 p. illus. 20½ ᶜᵐ.
110 3908 51 52 ©
187 3913 128 49 Sept.
338 3916 70 47 18,
430 3916 114 41 1931;
596 3918 70 41 2c.
685 3921 100 38 and
809 3919 81 40 aff.
919 3920 127 49 Sept.
1070 3922 57 40 25;
1181 3923 43 39 A
1245 3922 149 42 42567;
1447 3924 44 41 S.
1518 3926 228 49 Gargilis.

186 3969 279 53 (31-25910)
