2505 4370
1065 4007 98 49 641

132 380 244 65 Abbott,
406 379 239 55 Austin.

199 469 1934 71 Abbott New York digest … Consolidated ed. April, 1931,
129 549 344 56 cumulative
502 549 291 69 quarterly
823 548 312 69 pamphlet,
1167 547 139 55 with
1335 548 344 55 cumulative
1708 549 152 55 table
1887 549 64 54 of
1981 567 151 37 cases

131 626 1997 71 digested … Rochester and New York city, N. Y., The Lawyers
128 707 383 68 co-operative
543 704 333 69 publishing
908 723 306 50 company;
1255 704 82 55 St.
1371 705 165 68 Paul,
1565 704 203 70 Minn.,
1798 706 162 54 West
127 705 1980 148 publishing

129 781 1977 151 company; New York city, N. Y., Baker, Voorhis & company [ ᶜ1 931]
197 942 279 48 122 p. 25½ ᶜᵐ.
133 1010 51 52 ©
213 1014 114 48 Apr.
356 1014 67 47 15,
454 1012 111 41 1931;
624 1013 66 40 2c.
720 1013 113 47 May
862 1013 54 39 15;
975 1012 82 40 aff.
1088 1013 112 47 May
1229 1011 57 39 22;
1345 1011 39 40 A
1412 1011 144 42 38413;
1617 1012 135 41 West
1781 1012 109 48 pub.
1921 1024 80 32 co.,
2033 1012 97 39 and

198 1071 229 47 Lawyers
465 1069 320 48 co-operative
822 1070 108 47 pub.
969 1080 67 30 co.

126 1179 210 65 Adam,
366 1180 164 63 Karl,
562 1180 170 54 1876-

196 1268 1869 72 Christ our Brother, by Karl Adam … translated by Dom
123 1347 195 54 Justin
349 1347 282 67 McCann,
698 1390 9 10 O.
771 1390 9 10 S.
850 1390 10 10 B.
928 1347 135 52 New
1097 1346 180 67 York,
1307 1347 122 53 The
1459 1346 336 54 Macmillan
1827 1364 300 52 company,

125 1428 150 49 1931.

194 1505 45 40 vi
267 1515 58 38 p.,
352 1504 27 39 2
429 1536 22 18 l.,
479 1504 86 41 210
593 1514 44 39 p.
696 1504 56 41 19½ᶜᵐ.

129 1573 51 52 ©
215 1576 112 49 Apr.
362 1576 69 48 21,
466 1575 140 47 1931;
642 1576 68 41 2c.
744 1578 93 39 and
874 1576 81 40 aff.
990 1577 111 47 Apr.
1137 1576 83 46 22;
1258 1576 38 39 A
1332 1576 171 46 30676;
1542 1575 278 42 Macmillan
1857 1588 66 30 co.
207 1634 280 47 (31-11512)

123 1728 317 55 American
470 1729 246 53 medical
744 1727 375 55 association.
1194 1729 234 54 Section
1458 1748 74 34 on
1558 1730 488 71 ophthalmology.

195 1823 217 67 Papers
442 1827 59 47 to
532 1823 67 53 be
627 1823 297 67 presented
955 1821 195 54 before
1181 1822 97 53 the
1308 1821 211 55 section
1550 1841 71 34 on
1653 1822 473 71 ophthalmology

124 1901 62 51 of
219 1901 95 52 the
344 1899 307 54 American
685 1899 240 54 medical
959 1899 353 53 association.
1388 1899 427 70 Philadelphia,
125 1901 1978 145 Pennsylvania,

334 1979 152 53 June
513 1981 152 66 8-12,
695 1981 149 49 1931.
926 1977 288 69 [Chicago,
1239 1977 114 70 Ill.,
1379 1977 309 55 American
1710 1979 242 53 medical
123 1997 1979 128 association,
387 2059 152 63 1931]

193 2148 1336 51 4 p. l., [11]-372 p. illus., col. plates, diagrs. 22½ᶜᵐ.
127 2203 1911 52 © May 19, 1931; 2c. and aff. May 22; A 37455; Amer. medical assn.
122 2316 317 54 American
469 2317 196 53 school
695 2316 63 52 of
787 2314 265 55 classical
1080 2314 232 55 studies
1340 2318 64 51 at
1433 2315 253 56 Athens.

193 2409 270 67 Corinth;
496 2408 204 54 results
731 2408 64 52 of
824 2407 364 55 excavations
1216 2410 315 52 conducted
1560 2410 75 69 by
1665 2410 123 54 The
1816 2409 309 55 American

121 2488 190 53 school
349 2487 62 53 of
452 2487 255 53 classical
745 2486 213 54 studies
998 2491 58 47 at
1093 2485 239 55 Athens,
1407 2505 51 34 v.
1501 2490 45 49 9.
1591 2487 322 69 Sculpture,
124 2492 2003 140 1896-1923,

295 2563 1823 71 by Franklin P. Johnson … Cambridge, Mass., Published
123 2644 92 52 for
252 2644 96 52 the
383 2643 307 53 American
727 2643 191 53 school
954 2642 63 52 of
1054 2641 256 54 classical
1347 2641 214 56 studies
1599 2649 59 48 at
1694 2643 240 70 Athens,
119 2645 1981 130 Harvard

288 2720 319 70 university
635 2739 174 49 press,
838 2722 151 50 1931.

191 2800 725 51 xiii, 158 p, 2 l. illus. 31 ᶜᵐ.
125 2871 51 52 ©
213 2876 114 46 May
359 2874 70 46 11,
463 2872 141 46 1931;
640 2872 67 40 2c.
744 2873 113 46 May
891 2871 48 39 21;
1012 2872 80 40 aff.
1131 2873 112 46 May
1281 2872 82 46 18;
1401 2872 40 39 A
1475 2873 171 47 37415;
1685 2874 230 42 Trustees
1953 2876 50 40 of
2041 2876 81 40 the

350 2928 1574 50 Amer. school of classical studies at Athens, Cambridge, Mass.
118 3039 339 63 Archibald,
489 3040 247 53 Warren
769 3039 306 62 Seymour.

187 3130 226 53 Horace
455 3128 294 67 Bushnell,
790 3128 74 69 by
907 3128 242 53 Warren
1199 3126 277 70 Seymour
1522 3127 333 56 Archibald.
118 3132 1974 143 Hartford,
297 3207 198 67 Conn.,

523 3208 66 51 E.
620 3208 70 52 V.
719 3204 279 68 Mitchell,
1031 3207 151 50 1930.

186 3288 26 41 5
242 3298 43 38 p.
337 3319 8 8 l.,
393 3287 87 40 155
511 3297 44 38 p.
614 3286 56 40 19½ᶜᵐ.

123 3355 1996 54 © Jan. 15, 1930; 1c. and aff. Apr. 22, 1931; 1c. Apr. 30; A 36879; Edwin
191 3416 255 41 Valentine
480 3415 228 40 Mitchell,
742 3414 90 39 inc.
903 3413 279 48 (31-11513)

119 3510 198 64 Arien,
349 3506 271 56 Michael.

247 3597 1871 73 … Men dislike women, a romance. Garden City, N. Y.,
115 3678 357 67 Doubleday,
496 3676 197 52 Doran
719 3677 45 50 &
786 3692 297 51 company,
1110 3673 126 68 inc.,
1264 3677 150 50 1931.

183 3756 473 51 4 p. l., 310 p. 20½ᶜᵐ.
186 3830 163 41 “First
371 3826 230 44 edition.”

123 3894 1992 61 © Mar. 23, 1931; 2c. and aff. May 11; A 37288; M. Arien, Cannes, A. M.,
190 3958 196 38 France.
459 3952 278 44 (31-26890)
