2575 4398
1104 4031 68 56 47

130 364 198 65 Ward,
356 367 139 51 Mrs.
527 362 279 52 Florence
834 361 321 53 Jeannette
1190 357 239 67 (Baier)
1466 362 173 51 1886-

195 440 233 70 Stormy
478 438 128 53 fires
679 437 94 69 [by]
828 436 271 54 Florence
1148 434 196 57 Ward.
1433 432 427 69 Philadelphia,
1910 435 229 52 Macrae

125 518 738 68 Smith company [ ᶜ1 931 ]
195 598 672 53 2 p. l., [9]-308 p. 19½ᶜᵐ.
198 658 163 42 “First
389 657 228 42 edition.”

133 728 51 51 ©
216 732 110 40 Jan.
357 729 68 49 12,
457 728 140 48 1931;
630 728 67 40 2c.
731 728 109 41 Jan.
872 727 55 40 15;
988 725 82 42 aff.
1102 727 111 39 Jan.
1244 725 60 42 14;
1360 724 43 40 A
1431 723 172 48 32870;
1639 725 211 47 Macrae,
1887 723 157 41 Smith
2078 734 66 29 co.

211 786 252 50 (31-1922)

130 897 437 64 Weatherwax,
596 897 205 53 James
828 894 205 65 Lloyd,
1065 900 172 49 1884-

196 974 239 68 Physics
470 973 63 52 of
570 971 301 72 radiology
911 971 93 53 for
1041 971 95 55 the
1174 969 231 55 student
1443 969 63 53 of
1544 968 445 70 roentgenology
2030 967 110 53 and

128 1046 2011 74 radium therapy, by J. L. Weatherwax … with a foreword
126 1125 2017 76 by Henry K. Pancoast … with 126 illustrations. New York,
125 1209 63 54 P.
221 1209 67 54 B.
319 1208 243 68 Hoeber,
592 1211 126 64 inc.,
750 1210 150 51 1931.

198 1291 135 49 xviii,
367 1293 88 40 240
488 1302 43 38 p.
592 1291 143 43 illus.,
774 1290 180 48 diagrs.
1013 1290 148 42 19½ᶜᵐ.

135 1361 51 52 ©
217 1365 111 41 Jan.
357 1364 69 49 10,
455 1364 141 41 1931;
628 1364 67 40 2c.
726 1364 95 39 and
851 1362 81 41 aff.
965 1363 110 40 Jan.
1105 1362 82 47 13;
1219 1361 43 40 A
1289 1361 172 47 32774;
1495 1361 125 40 Paul
1649 1361 55 41 B.
1735 1361 206 42 Hoeber,
1973 1360 91 40 inc.

213 1421 252 51 (31-1789)

134 1532 269 66 Weltzin,
438 1532 237 55 Joakim
712 1531 338 57 Frederick.

130 1606 1991 150 … The legal authority of the American public school as developed
404 1687 76 71 by
522 1707 31 33 a
593 1686 171 72 study
804 1687 63 52 of
907 1686 251 72 liability
1199 1693 57 46 to
1298 1686 285 69 damages,
1623 1686 75 70 by
1740 1686 55 54 J.
1842 1685 305 54 Frederick

127 1765 1295 70 Weltzin … [Grand Forks, N. D., ᶜ1 930]
199 1849 1947 52 2 p. l., [vii]-xi, 239 p. 22½ᶜᵐ. (University of North Dakota. School
131 1906 51 40 of
211 1906 257 43 education
499 1906 205 42 bulletin
735 1916 75 33 no.
841 1907 52 48 7)

200 1963 377 50 Bibliography:
612 1974 44 39 p.
700 1963 249 53 [222]-229.

138 2034 52 52 ©
218 2038 111 40 Dec.
358 2036 69 50 29,
456 2036 141 48 1930;
626 2036 68 41 2c.
723 2037 110 40 Jan.
861 2037 69 48 13,
959 2035 141 48 1931;
1131 2035 83 42 aff.
1243 2036 111 41 Jan.
1383 2035 82 49 12;
1496 2035 43 40 A
1565 2035 173 48 33130;
1770 2038 44 39 J.
1845 2037 51 41 F.
1927 2036 222 47 Weltzin,

208 2095 167 41 Grand
409 2095 169 48 Forks,
612 2095 55 40 N.
704 2094 58 39 D.
833 2092 252 51 (31-1909)

136 2202 297 66 Whicher,
466 2203 229 65 George
726 2205 263 64 Meason,
1023 2209 173 50 1860-

203 2281 162 54 Roba
401 2281 255 72 d’ltalia,
692 2282 252 68 reprints
982 2281 155 55 from
1173 2282 261 53 “Roman
1472 2282 225 68 pearls”
1736 2283 111 52 and
1888 2282 123 55 “On
2054 2283 96 52 the

134 2359 182 55 Tibur
350 2360 193 70 road”,
576 2360 76 70 by
686 2361 223 69 George
942 2362 237 52 Meason
1210 2360 275 56 Whicher
1518 2362 113 52 and
1667 2361 223 70 George
1925 2361 225 53 Frisbie

132 2437 288 55 Whicher.
496 2439 291 71 Amherst,
820 2441 192 67 Mass.,
1048 2441 121 52 The
1206 2440 336 69 Bookmart,
1579 2442 151 53 1930.

204 2519 914 52 2 p. l., vii-xi p., 1 l., 87 p. 19½ᶜᵐ.
206 2576 185 43 Poems.

141 2645 2011 54 © Oct. 16, 1930; 2c. Oct. 20; aff. Jan. 5, 1931; A 32569; G. M. Whicher,
206 2706 242 49 Amherst,
477 2708 147 40 Mass.
689 2705 68 53 [©
785 2719 106 30 new
916 2712 195 46 matter]
1185 2708 254 50 (31-1076)

138 2814 331 68 Whitbeck,
499 2818 133 64 Ray
659 2818 270 65 Hughes,
962 2822 172 54 1871-

205 2892 309 55 Economic
542 2896 336 69 geography
907 2896 65 54 of
1002 2897 186 55 South
1217 2897 285 68 America,
1530 2898 76 70 by
1637 2898 69 53 R.
1738 2898 78 53 H.
1845 2896 308 57 Whitbeck

136 2972 1991 147 … 2d ed. New York and London, McGraw-Hill book company, inc., 1931.
206 3133 63 49 ix,
301 3133 90 42 430
422 3145 42 38 p.
496 3134 111 43 incl.
638 3135 165 50 front.,
837 3136 144 43 illus.,
1014 3147 152 39 maps,
1201 3137 180 50 diagrs.
1443 3138 147 42 23½ᶜᵐ.
1708 3136 130 49 $3.50

209 3191 236 41 “General
474 3193 303 41 references”:
835 3205 42 38 p.
905 3195 220 41 409-412.
1182 3195 353 41 “References”
1562 3199 52 38 at
1639 3198 90 39 end
1759 3197 52 40 of
1837 3200 127 38 most
1991 3197 51 41 of
2072 3199 79 40 the

136 3249 242 48 chapters.

141 3315 51 52 ©
219 3321 109 39 Jan.
355 3321 38 48 6,
420 3320 141 43 1931;
589 3322 66 40 2c.
683 3323 110 40 Jan.
819 3322 53 47 9;
901 3323 82 41 aff.
1010 3323 110 41 Jan.
1148 3323 81 48 10;
1258 3324 41 39 A
1324 3323 172 48 32694;
1527 3325 55 41 R.
1610 3325 61 41 H.
1699 3325 271 49 Whitbeck,
209 3325 1925 100 Madison,
340 3378 117 41 Wis.
529 3378 252 51 (31-1804)

138 3485 303 67 Wilenski,
473 3488 289 64 Reginald
793 3491 278 65 Howard,
1106 3492 170 54 1887-

202 3562 57 53 A
285 3563 310 55 miniature
621 3565 224 71 history
871 3567 65 53 of
962 3573 108 63 art,
1096 3568 76 70 by
1198 3569 69 53 R.
1296 3569 78 54 H.
1402 3569 312 68 Wilenski;
1746 3570 142 52 with
1917 3590 31 33 a
134 3570 1990 123 chapter

259 3659 71 34 on
369 3642 307 54 American
717 3651 91 46 art
846 3645 75 69 by
960 3646 257 54 Edward
1257 3646 192 54 Alden
1490 3648 219 54 Jewell.
1787 3649 139 53 New
1970 3648 180 61 York,

135 3716 230 58 Oxford
398 3721 319 71 university
751 3742 175 51 press,
959 3727 152 52 1930.

205 3803 931 50 xii, 136 p. XXIV pl. on 12 l. 19ᶜᵐ.
206 3860 199 41 London
446 3862 185 41 edition
681 3863 215 48 (Oxford
940 3864 272 49 university
1255 3867 161 48 press)
1469 3868 209 40 without
1717 3869 82 40 the
1842 3869 203 48 chapter
2086 3880 61 31 on

137 3917 256 41 American
421 3921 79 38 art
527 3920 97 40 and
653 3919 218 42 Selected
899 3921 85 41 list
1013 3922 52 41 of
1091 3925 81 38 art
1203 3924 170 48 works,
1403 3925 88 40 has
1521 3925 136 40 title:
1688 3926 41 39 A
1757 3925 267 41 miniature
138 3927 1990 94 history
270 3974 52 41 of
347 3976 259 48 European
631 3979 93 39 art.
