2428 4370
1228 4049 135 50 1544

378 473 351 41 “References”
757 478 51 38 at
834 476 92 40 end
954 475 52 41 of
1033 487 131 29 some
1191 476 53 40 of
1270 477 82 39 the
1379 478 239 47 chapters.

309 527 52 54 ©
387 532 115 49 Apr.
526 532 70 50 27,
622 531 114 43 1931;
791 533 67 42 2c.
886 535 96 39 and
1008 533 83 43 aff.
1118 534 121 49 Aug.
1265 533 55 41 22;
1377 534 41 40 A
1443 534 145 42 41202;
1647 535 123 42 Ohio
1798 538 129 39 state
1954 535 145 51 univ.,
375 536 1923 103 Columbus,
505 590 52 42 O.
621 590 281 51 (31-27587)

302 655 285 68 Witham,
620 660 154 53 Rose
805 658 304 67 Adelaide,
1144 663 172 54 1873-
1530 664 85 53 ed.

370 734 212 71 Essays
627 735 66 53 of
734 736 194 70 today,
971 736 279 54 informal
1294 738 113 53 and
1452 736 230 70 formal,
1724 738 76 69 by
1843 738 148 55 Rose
2032 739 283 54 Adelaide

297 813 1994 148 Witham … Boston, New York [etc.] Houghton Mifflin company [ᶜ1931]
369 975 559 50 xxvii, [6], 398 p. 19½ ᶜᵐ.
305 1029 53 52 ©
385 1033 128 48 Sept.
539 1033 69 49 15,
633 1033 113 42 1931;
799 1033 68 41 2c.
894 1033 127 49 Sept.
1048 1034 58 40 28;
1158 1034 82 41 aff.
1267 1034 127 48 Sept.
1421 1034 55 40 25;
1531 1035 40 38 A
1594 1034 145 41 42681;
1795 1035 54 39 R.
1870 1036 53 38 A.
1944 1035 232 49 Witham,
372 1036 1923 103 Sudbury,
535 1091 147 41 Mass.
748 1091 280 50 (31-25811)

300 1156 259 66 Wright,
588 1157 195 66 Philip
815 1159 211 65 Green,
1058 1164 173 51 1861-

366 1235 122 53 The
523 1235 202 55 Cuban
757 1235 277 54 situation
1066 1237 114 53 and
1214 1254 104 36 our
1351 1241 189 66 treaty
1574 1237 291 69 relations,
1897 1238 75 69 by
2005 1238 202 69 Philip
2242 1237 68 57 G.

295 1313 254 70 Wright.
614 1314 406 70 Washington,
1049 1315 73 53 D.
1155 1314 82 68 C.,
1266 1315 122 53 The
1418 1315 328 69 Brookings
1777 1315 349 68 institution,
2161 1320 151 50 1931.

367 1395 1948 51 xiv, 207 p. diagrs. 21 ᶜᵐ. (Half-title; The Institute of economics
295 1452 1446 49 of the Brookings institution … Publication no. 42)
371 1508 261 43 “Confined
662 1510 52 41 in
743 1511 82 41 the
854 1510 133 41 main
1018 1513 49 38 to
1099 1512 82 39 the
1212 1509 337 50 development
1580 1511 54 40 of
1662 1512 82 40 the
1777 1520 148 38 sugar
1957 1511 242 50 industry,
2230 1512 83 42 the

295 1568 115 47 part
434 1568 160 40 which
621 1578 91 30 our
735 1570 164 45 treaty
926 1568 236 41 relations
1187 1568 126 40 have
1336 1567 177 48 played
1540 1568 52 40 in
1618 1567 100 42 this
1746 1567 349 50 development,
2124 1571 96 40 and
2248 1569 65 42 its

295 1623 203 49 bearing
524 1636 62 29 on
614 1624 171 41 Cuban
811 1624 228 49 industry
1068 1626 97 39 and
1195 1623 517 42 trade.”—Director's
1740 1624 121 48 pref.

303 1680 51 53 ©
383 1682 129 51 Sept.
537 1685 70 47 11,
632 1682 113 43 1931;
800 1683 67 42 2c.
895 1685 94 39 and
1017 1683 82 43 aff.
1129 1683 128 49 Sept.
1285 1684 55 40 14;
1396 1684 40 39 A
1461 1683 146 42 41656;
1664 1684 273 49 Brookings
1964 1684 298 44 institution.

381 1742 282 47 (31-24455)

296 1809 292 65 Wyckoff,
620 1809 191 65 Ralph
843 1810 227 55 Walter
1102 1810 356 65 Graystone,
1492 1812 173 54 1897-

365 1886 1884 72 The structure of crystals, by Ralph W. G. Wyckoff …
293 1967 72 53 2d
395 1967 85 52 ed.
546 1966 141 53 New
717 1966 181 68 York,
928 1967 123 53 The
1083 1965 293 55 Chemical
1407 1966 228 70 catalog
1666 1984 300 53 company,
1996 1966 129 70 inc.,
2157 1970 151 51 1931.

293 2047 2001 109 497 p. illus., diagrs. 24 ᶜᵐ. (American chemical society. Monograph series, [no. 19])
367 2163 68 38 “A
469 2162 341 48 bibliography
846 2162 53 40 of
932 2161 181 49 crystal
1154 2162 249 41 structure
1439 2161 148 42 data”;
1656 2172 41 38 p.
1735 2161 220 43 397-475.

300 2217 2013 52 © Sept. 21, 1931; 2c. Sept. 24; aff. Sept. 23; A 42565; Chemical catalog
367 2289 82 38 co.,
476 2279 90 40 inc.
633 2278 282 49 (31-25031)

295 2346 357 66 Zebrowski,
686 2347 332 55 Bernhard.

369 2425 121 53 Der
545 2424 391 54 Frankfurter
994 2424 170 67 Otto;
1224 2425 94 53 die
1373 2425 519 70 selbstbiographie
1947 2425 151 54 eines
2156 2426 133 68 geld-
298 2503 545 68 schrankknackers,

873 2503 313 53 bearbeitet
1218 2504 118 53 und
1368 2502 461 70 herausgegeben
1862 2521 111 35 von
2008 2503 303 53 Bernhard

298 2580 1617 71 Zebrowski. Stuttgart, R. Lutz nachfolger [ ᶜ 1930]
366 2663 1936 51 333 p. 20 ᶜᵐ. ( Half-title ; Lutz’memoirenbibliothek. 7. reihe, 3. bd.)
297 2719 1994 111 © Oct. 29. 1930; 1c. Feb. 26, 1931; A —Foreign 12051; Robert Lutz nachfolger
552 2782 114 40 Otto
697 2781 266 41 Schramm.
1032 2779 282 51 (31-23452)

292 2848 206 67 Zoller,
530 2852 194 63 Hugo,
759 2855 171 51 1852-

359 2927 108 54 Als
494 2928 276 69 jurnalist
795 2928 119 52 und
944 2926 259 53 forscher
1230 2926 61 53 in
1320 2925 425 54 Deutschlands
1774 2943 225 51 grosser
289 2924 1992 150 kolonialzeit,

448 3002 1859 73 von prof. dr. Hugo Z ö ller. Leipzig, Koehler & Amelang
295 3088 174 65 [1930]

357 3164 690 51 456 p. front., ports. 22½ ᶜᵐ.
298 3221 2008 53 © Feb. 3, 1931; 1c. Apr. 16; A —Foreign 12750; Koehler & Amelang,
365 3294 40 37 g.
435 3294 60 30 m.
523 3284 42 40 b.
593 3283 44 39 h.
705 3282 281 49 (31-23909)

293 3349 176 63 Zyve,
499 3352 140 53 Mrs.
673 3349 191 56 Claire
902 3349 290 66 (Turner)
1235 3354 171 50 1895-

289 3422 1992 229 An experimental study of spelling methods, by Claire Turner Zyve … New York city, Teachers college, Columbia university, 1931.
395 3697 9 17 v,
443 3666 58 41 86
537 3677 44 38 p.
646 3666 56 40 23½ᶜᵐ.
870 3665 267 48 (Teachers
1176 3665 193 48 college,
1409 3662 253 43 Columbia
1701 3661 289 50 university.
293 3661 1994 102 Contributions

450 3724 49 39 to
525 3722 274 48 education,
830 3733 75 29 no.
932 3722 113 47 466)

362 3779 264 40 Published
653 3780 105 39 also
785 3789 54 30 as
868 3778 154 41 thesis
1050 3778 14 48 (PH.
1239 3777 14 48 D.)
1290 3775 254 44 Columbia
1573 3775 289 49 university.

362 3835 352 49 Bibliography;
773 3846 42 38 p.
847 3834 160 42 82-84.

297 3888 55 53 ©
386 3894 126 39 June
547 3894 39 47 3,
624 3892 140 44 1931;
801 3893 67 40 2c.
906 3892 116 48 July
1057 3892 54 46 3;
1150 3890 83 42 aff.
1270 3891 116 48 July
1423 3890 82 44 16;
1544 3890 42 40 A
1618 3890 173 46 40381;
1830 3888 246 41 Teachers
2109 3887 194 49 college,

371 3949 251 44 Columbia
648 3950 287 50 university.
999 3949 283 51 (31-24126)
