2428 4370
1031 4019 133 52 1989

94 459 1969 134 April 2, 1931 [etc.] … Chicago, Ill., Music supervisors national
305 538 330 55 conference
711 541 149 64 [ᶜ1931]

166 620 273 48 508 p. 23½ ᶜᵐ.
101 672 51 52 ©
189 677 110 40 Dec.
333 677 40 47 4,
408 676 113 39 1931;
584 675 66 40 2c.
686 675 109 40 Dec.
833 676 26 39 7;
923 674 82 41 aff.
1041 674 110 41 Dec.
1188 675 55 39 18;
1308 674 40 39 A
1382 675 148 40 46455;
1594 674 155 41 Music
1785 674 304 48 supervisors

167 733 118 41 natl.
312 732 295 41 conference.

95 827 262 63 Nathan,
387 826 237 55 Marcel.

225 900 1862 70 … Les malades dits imaginaires, par M. Nathan … Paris,
95 979 610 69 G. Doin & c ⁱᵉ , 1931.
169 1059 1912 51 ix, 133, [1] p. 18 ᶜᵐ . (Collection des actualités de médecine pratique)
167 1115 419 49 “Bibliographie”;
651 1127 41 37 p.
727 1116 245 50 [131]-133.

103 1168 1986 53 © Apr. 30, 1931; 1c. Oct. 12; A— Foreign 13887; Gaston Doin & ne.
183 1230 278 49 (31-34606)

95 1310 1264 71 New York ( State) Surrogate's courts.
167 1389 120 52 The
326 1388 354 69 Surrogate’s
719 1394 158 47 court
913 1396 89 46 act
1037 1390 64 51 of
1136 1390 94 52 the
1267 1394 144 47 state
1447 1389 63 52 of
1546 1388 140 53 New
1720 1388 179 53 York.
1974 1390 120 51 The

99 1466 268 53 decedent
389 1470 174 49 estate
584 1468 110 50 law
717 1467 63 52 of
801 1467 95 52 the
920 1471 145 49 state
1089 1465 64 53 of
1175 1466 138 53 New
1339 1466 178 69 York,
1542 1465 138 53 with
1709 1470 132 49 1931

96 1467 1999 146 amendments and notes. Edited by Henry J. Lee … Brooklyn,
97 1623 69 52 N.
195 1621 90 66 Y.,
313 1620 180 69 Eagle
520 1620 217 69 library
763 1620 378 69 publications
1219 1623 150 65 [ᶜ1931]

167 1701 58 42 86
259 1713 42 37 p.
360 1701 145 41 25½ᶜᵐ.

102 1755 52 51 ©
182 1759 115 47 July
321 1759 69 48 11,
416 1758 140 47 1931;
583 1758 67 41 2c.
676 1759 95 39 and
797 1758 82 42 aff.
905 1759 120 47 Aug.
1052 1758 81 47 20;
1164 1759 38 38 A
1228 1758 171 47 40876;
1429 1759 168 47 Henry
1625 1759 42 40 J.
1698 1759 105 47 Lee,
1832 1760 260 47 Brooklyn.

98 1895 286 53 Nouveau
410 1895 169 55 traité
605 1899 68 52 de
698 1897 328 69 pathologie
1049 1896 394 70 chirurgicale,
1469 1897 193 68 publié
1685 1915 128 37 sous
1836 1900 55 50 la

167 1897 1905 128 direction
322 1974 68 52 de
422 1975 70 52 A.
531 1976 216 65 Basset,
780 1975 75 51 H.
891 1971 343 72 Costantini,
1269 1974 68 54 G.
1373 1975 348 67 Jeanneney,
1751 1975 54 52 J.
169 1974 1899 148 Maisonnet,

308 2050 1364 71 G. Miginiac … Paris, G. Doin & c ⁱᵉ , 1931.
171 2132 26 38 2
264 2163 7 8 v.
333 2133 141 47 illus.,
508 2133 156 47 plates
694 2131 133 49 (part
862 2132 113 47 col.)
1042 2131 59 41 27½ᶜᵐ.

104 2185 1992 53 t. 1, © Jan. 26, 1931; t. 2, © Feb. 25; 1c. each Oct. 12; A— Foreign
172 2246 157 47 13914,
356 2245 169 48 13915;
557 2247 184 39 Gaston
771 2246 124 40 Doin
922 2247 37 40 &
987 2246 82 40 cie.
1145 2245 280 49 (31-34234)

99 2324 232 52 Palmer
363 2324 410 66 publications,
804 2325 111 55 inc.

168 2403 325 53 Petroleum
532 2403 367 70 engineering
935 2403 319 54 handbook.
1330 2405 73 52 2d
1440 2405 84 52 ed.
1599 2403 56 52 A
1691 2402 305 54 handbook
2034 2402 64 53 of

100 2499 298 51 processes,
425 2481 259 53 methods
713 2483 111 51 and
852 2480 273 69 practices
1154 2481 60 51 in
1241 2500 97 34 use
1363 2483 59 51 in
1450 2481 96 52 the
1574 2481 226 53 various
1830 2480 77 52 oil
1935 2479 160 55 fields

102 2559 113 52 and
243 2557 283 54 refineries
555 2559 60 51 in
642 2559 96 51 the
766 2558 216 54 United
1014 2558 202 55 States.
1294 2558 300 68 Compiled
1622 2558 140 52 with
1791 2558 96 52 the
1918 2557 182 54 active

99 2633 1936 71 cooperation of America’s leading oil producers and refiners …
101 2713 111 53 Los
239 2711 264 70 Angeles,
532 2712 193 70 Calif.,
751 2713 228 53 Palmer
1007 2713 398 68 publications,
1432 2715 107 51 inc.
1614 2716 151 63 [ᶜ1931]

171 2793 86 40 461
289 2803 41 37 p.
391 2793 143 47 illus.,
566 2793 169 47 tables,
769 2794 178 47 diagrs.
1006 2793 60 41 30½ᶜᵐ.

106 2845 51 53 ©
185 2851 118 48 Aug.
328 2849 70 45 25,
425 2849 111 42 1931;
592 2851 66 40 2c.
689 2851 124 48 Sept.
840 2851 29 39 2;
923 2849 80 41 aff.
1035 2851 127 48 Sept.
1190 2852 25 39 5;
1271 2851 41 40 A
1337 2851 144 40 41765;
1538 2851 192 39 Palmer
1756 2849 341 49 publications,

177 2907 88 40 inc.

99 2986 455 65 Pennsylvania.
629 2990 181 69 Laws,
840 2995 257 61 statutes,
1127 2996 101 47 etc.

170 3066 280 54 Purdon’s
485 3067 423 68 Pennsylvania
943 3072 255 61 statutes,
1235 3067 323 52 annotated.
1633 3067 346 51 Permanent
2015 3065 83 54 ed.

102 3142 1973 148 1931 cumulative annual pocket part for Tables … Philadelphia, George T. Bisel co.; Newark,
1229 3220 186 71 Soney
1439 3222 48 50 &
1513 3220 147 69 Sage
1686 3240 78 34 co.;
1824 3220 84 55 St.
1933 3221 166 68 Paul,

101 3298 159 53 West
286 3298 335 69 publishing
647 3316 79 35 co.
801 3301 151 64 [ᶜ1931]

171 3377 245 49 24 p. 23½ ᶜᵐ.
174 3434 292 42 Cover-title.

176 3491 117 41 This
316 3492 248 47 pamphlet
586 3492 41 40 is
652 3494 49 38 to
725 3492 57 39 be
804 3491 138 41 fitted
966 3492 105 41 into
1094 3492 82 40 the
1198 3492 172 47 pocket
1394 3494 51 38 at
1471 3492 82 40 the
1576 3491 124 40 back
1725 3491 51 40 of
1802 3492 80 40 the
1908 3492 190 39 volume

104 3547 52 39 of
183 3548 82 40 the
292 3551 75 37 set
394 3550 49 39 to
472 3548 158 41 which
659 3548 40 41 it
728 3548 207 49 belongs.

109 3600 51 51 ©
187 3605 117 40 Nov.
330 3604 69 48 20,
425 3604 112 41 1931;
594 3605 67 41 2c.
688 3606 110 41 Dec.
825 3606 56 39 12;
937 3605 81 41 aff.
1046 3606 111 41 Dec.
1185 3606 54 38 14;
1295 3605 40 39 A
1361 3606 144 39 45466;
1565 3605 183 47 George
1775 3605 50 38 T.
1856 3604 132 40 Bisel
2016 3613 81 37 co.,

179 3660 155 49 Soney
361 3662 36 39 &
427 3662 121 48 Sage
575 3672 66 30 co.
670 3664 95 39 and
791 3663 137 40 West
954 3662 109 49 pub.
1092 3672 66 31 co.

102 3738 309 68 Pershing,
443 3742 153 53 John
627 3743 238 65 Joseph,
900 3748 170 50 1860-

173 3819 1864 72 My experiences in the world war, by John J. Pershing …
105 3896 138 53 with
282 3897 311 69 sixty-nine
632 3898 427 67 reproductions
1101 3900 153 52 from
1292 3899 394 68 photographs
1726 3899 111 53 and
1878 3915 220 36 numer-
