2428 4370
1000 4011 132 50 1935

70 384 391 64 Kestenberg,
491 383 135 63 Leo,
659 387 169 51 1882-
1039 381 84 55 ed.

138 471 1920 70 Kunst und technik; aufsätze von R. Beyer … [u. a.] hrsg.
69 568 111 35 von
210 553 115 52 Leo
356 549 373 69 Kestenberg,
758 547 105 55 mit
896 554 62 50 18
993 548 439 53 Illustrationen.
1509 547 216 69 Berlin,
67 547 1970 136 Volksverband

250 625 1805 70 der bücherfreunde, Wegweiser-verlag, g. m. b. h. [ᶜ193 0]
138 707 1326 50 446 p., 1 l. illus. (music) plates, cliagrs. 21½ ᶜᵐ .
140 766 198 39 “Dieses
368 766 122 39 buch
519 764 66 39 ist
614 764 49 39 in
693 764 84 39 der
804 763 359 40 auswahlreihe
1191 764 83 39 des
1303 763 421 39 Volksverbandes
1754 763 85 38 der
70 761 1976 101 bücherfreunde

309 820 280 41 erschienen
622 822 97 38 und
753 819 121 41 wird
906 830 93 28 nur
1030 829 61 29 an
1125 820 171 38 dessen
1328 818 275 48 mitglieder
1636 817 314 49 abgegeben.”

478 875 397 50 CONTENTS.—Philosophische
922 876 98 39 und
1069 873 277 42 technische
1392 876 300 46 grundlagen:
1772 875 145 40 Form
1965 876 96 37 und

70 932 208 50 technik,
312 944 92 30 von
441 934 52 40 E.
528 932 234 41 Cassirer.
822 930 163 41 Musik
1020 932 97 39 und
1153 931 328 48 gesellschaft,
1517 942 91 29 von
1644 932 51 39 P.
1731 931 332 47 Honigsheim.

69 989 296 41 Technische
406 989 300 48 grundlagen
748 990 96 38 und
884 987 336 47 bedingungen
1262 988 50 38 in
1352 988 86 39 der
1478 988 370 39 mechanischen
1889 988 173 45 musik,

70 1058 93 29 von
207 1048 53 39 E.
307 1045 404 48 Meyer.—Musik
758 1046 96 38 und
899 1044 222 40 technik:
1171 1043 164 41 Musik
1380 1044 98 39 und
1525 1044 197 39 technik
1766 1045 50 38 in
1861 1046 85 38 der
69 1055 1976 87 geschichte

313 1104 86 38 der
426 1101 175 48 musik,
631 1112 91 29 von
754 1102 51 39 E.
837 1102 280 37 Preussner.
1177 1101 99 38 Der
1304 1099 281 41 schaffende
1615 1100 215 40 musiker
1860 1102 95 38 und
1987 1101 76 39 die

70 1158 195 41 technik
295 1159 83 39 der
407 1159 291 47 gegenwart,
731 1167 90 29 von
850 1157 54 40 E.
934 1157 211 40 Krenek.
1207 1156 216 40 Technik
1453 1157 99 39 und
1583 1158 135 38 recht
1748 1157 66 38 im
1844 1157 219 40 bereiche

70 1215 86 40 der
194 1214 172 49 musik,
408 1224 93 30 von
540 1214 59 41 K.
639 1213 530 48 Gerstberger.—Wort
1208 1214 98 39 und
1345 1213 197 42 technik:
1608 1214 138 40 Wort
1786 1214 96 39 und
68 1214 1977 106 rundfunk,

249 1282 93 29 von
385 1272 54 39 E.
483 1271 175 40 Hardt.
737 1270 211 47 Sprache
991 1270 98 39 und
1135 1269 209 48 technik,
1389 1280 93 29 von
1525 1269 160 41 Vilma
1730 1271 332 47 Monckeberg.

69 1328 211 39 Theater
321 1328 97 39 und
461 1325 208 49 technik,
712 1337 91 29 von
846 1325 235 40 Heinrich
1218 1358 8 9 XLV.
1269 1324 224 49 erbprinz
1533 1326 403 41 Reuss.—Funk:
69 1326 1977 105 Organisation
385 1384 83 39 des

506 1383 264 39 deutschen
808 1383 291 47 rundfunks,
1138 1393 92 29 von
1270 1383 59 40 K.
1367 1394 92 29 von
1499 1384 323 39 Boeckmann.
68 1384 1978 103 Musikpädagogik
372 1439 65 39 im

474 1438 264 49 rundfunk,
771 1449 91 29 von
896 1439 61 40 H.
993 1440 293 39 Mersmann.
1346 1439 102 40 Das
1481 1439 272 40 Verhältnis
1788 1441 83 39 des
66 1441 1981 96 schaffenden

289 1496 244 40 musikers
575 1506 108 29 zum
730 1495 263 48 rundfunk,
1039 1507 92 29 von
1178 1496 63 40 M.
1286 1495 219 48 Butting.
1579 1496 297 48 Allgemeine
68 1497 1978 96 musikalische
311 1552 242 49 probleme

578 1553 84 39 des
689 1552 289 47 rundfunks,
1005 1563 94 29 von
1123 1552 61 40 H.
1212 1553 72 40 W.
1310 1562 94 30 von
1427 1553 608 40 Waltershausen.—Film:

69 1608 214 41 Technik
308 1610 97 38 und
432 1608 113 48 film,
575 1619 93 29 von
696 1609 70 40 W.
795 1608 286 41 Ruttmann.
1144 1608 303 48 Filmmusik,
1476 1619 94 30 von
1598 1610 58 40 K.
1685 1609 379 48 Pringsheim.—

69 1665 206 40 Tonfilm:
349 1664 204 40 Tonfilm
599 1666 74 39 als
716 1664 167 40 faktor
926 1665 49 38 in
1021 1664 211 49 technik,
1276 1665 280 40 Wirtschaft
1600 1667 98 39 und
1743 1666 184 48 kultur,
1970 1677 91 30 von

69 1722 59 43 H.
159 1723 44 42 J.
233 1721 417 42 Küchenmeister.
712 1722 162 40 Musik
905 1723 98 39 und
1034 1721 200 49 tonfilm,
1266 1733 93 30 von
1390 1724 56 39 R.
1478 1723 557 49 Beyer.—Schallplatte:

69 1778 90 42 Die
189 1779 312 47 Schallplatte
529 1779 65 39 im
624 1780 296 38 kulturellen
950 1779 138 39 leben
1120 1789 200 30 unserer
1350 1780 109 48 zeit,
1492 1791 91 29 von
1613 1781 72 40 W.
1717 1781 348 47 Gronostay.—

68 1835 231 41 Ausblick:
361 1836 91 40 Die
486 1835 208 40 Zukunft
727 1837 85 38 der
844 1835 375 49 technisierung,
1254 1847 92 29 von
1379 1836 51 41 F.
1464 1837 341 40 Warschauer.

70 1902 1979 108 © Nov. 1, 1930; 1c. Dec. 31; A —Foreign 10822; Volksverband der bücherfreunde,
383 1963 490 47 Wegweiser-verlag,
899 1974 40 36 g.
966 1973 59 28 m.
1051 1963 42 39 b.
1118 1963 45 39 h.
1234 1963 280 49 (31-34600)

68 2083 208 66 Kirby,
303 2084 209 64 Rollin,
541 2086 172 55 1874-

132 2173 372 69 Highlights;
547 2193 31 33 a
618 2179 227 48 cartoon
884 2175 220 70 history
1143 2176 64 55 of
1246 2179 96 51 the
1378 2175 260 55 nineteen
1677 2176 274 70 twenties,
1989 2177 73 71 by

63 2249 196 54 Rollin
288 2250 189 67 Kirby;
540 2270 30 33 a
601 2251 262 53 selection
893 2252 63 51 of
983 2252 90 52 his
1104 2258 259 48 cartoons
1393 2255 60 51 in
1483 2253 95 55 the
1608 2253 219 67 World,
1860 2255 140 52 with
2031 2273 26 33 a

65 2326 282 53 foreword
373 2327 74 67 by
473 2327 219 54 Walter
716 2327 347 71 Lippmann,
1091 2329 367 68 frontispiece
1486 2331 247 66 portrait
1758 2330 74 69 by
1860 2331 202 54 Albert

66 2403 246 54 Sterner.
399 2403 231 69 Edited,
681 2403 140 53 with
870 2404 393 70 illuminating
1313 2412 254 62 excerpts
1620 2408 150 51 from
63 2414 1975 133 contemporary
312 2498 237 51 sources,
589 2480 74 69 by

704 2482 199 69 Henry
945 2481 66 53 B.
1052 2481 335 56 Hoffmann.
1466 2483 137 55 New
1647 2485 179 68 York,
1865 2487 88 53 W.
1998 2488 64 51 F.

62 2557 244 68 Payson,
337 2560 149 51 1931.

134 2637 1710 55 3 p. l. , xi-xv, [1], 140, [1] p. front. (port.) illus., diagr. 28½ᶜᵐ.
74 2706 51 52 ©
152 2711 117 40 Nov.
297 2710 68 46 16,
393 2709 140 48 1931;
562 2710 67 40 2c.
657 2712 95 38 and
780 2710 79 40 aff.
888 2712 118 40 Nov.
1034 2711 83 48 20;
1146 2713 40 38 A
1213 2712 171 49 45120;
1416 2715 217 40 William
1662 2716 259 48 Farquhar
141 2717 1906 97 Payson,

268 2767 91 40 inc.
429 2766 279 50 (31-28519)

67 2886 346 68 Krumbine,
442 2888 172 55 Miles
639 2890 222 66 Henry,
891 2896 171 50 1891-

132 2978 175 70 Ways
339 2980 63 51 of
433 2978 299 71 believing,
761 2981 74 68 by
866 2981 169 54 Miles
1067 2983 77 54 H.
1177 2984 332 51 Krumbine.
1581 2985 134 52 New
1754 2985 162 53 York
1950 2986 108 54 and

63 3054 254 70 London,
346 3055 230 68 Harper
605 3059 46 49 &
679 3056 272 71 brothers,
983 3062 149 51 1931.

138 3136 1923 59 ix p., 1 l., 156 p. 20 ᶜᵐ . ( Half-title : Living issues in religion, ed. by
65 3191 62 42 M.
154 3193 63 41 H.
246 3193 290 50 Krumbine)

137 3248 162 43 “First
329 3249 225 42 edition.”

76 3315 51 52 ©
157 3320 117 40 Nov.
306 3320 69 47 18,
406 3320 139 47 1931;
577 3320 68 41 2c.
674 3322 118 39 Nov.
851 3323 25 38 17;
938 3322 82 41 aff.
1051 3323 118 41 Nov.
1200 3323 82 48 20;
1316 3325 40 38 A
1386 3326 172 48 45111;
1593 3328 61 38 M.
1687 3328 58 39 H.
1781 3327 281 42 Krumbine.

144 3376 273 41 Cleveland.
488 3377 279 48 (31-33878)

69 3498 281 64 Lamond,
381 3499 175 56 John.

139 3590 225 52 Arthur
397 3591 198 54 Conan
626 3592 199 68 Doyle,
856 3612 31 33 a
919 3594 253 66 memoir,
1201 3594 75 69 by
1307 3597 94 51 the
1433 3597 138 52 Rev.
1602 3598 155 52 John
1788 3600 277 64 Lamond,

108 3667 841 72 D . D.; with an epilogue by
990 3672 163 67 Lady
1197 3672 194 54 Conan
1434 3674 199 67 Doyle.
1708 3676 259 67 London,
2008 3678 55 53 J.

71 3744 466 69 Murray [ ᶜ193 1 ]
142 3825 96 47 xiv,
271 3825 86 40 310
389 3836 41 37 p.
491 3826 163 47 front.,
754 3858 8 16 pl.,
795 3829 147 45 ports.
1005 3826 145 44 22½ᶜᵐ,

78 3889 1402 60 © 1c. Dec. 2, 1931; A ad int. 15768; pubd. Oct. 6;
1514 3902 41 40 J.
1589 3902 229 50 Lamond,
1852 3904 210 42 London.
