2505 4370
1315 4031 102 51 156

403 460 544 51 2 p. l., 220 p. 20 ᶜᵐ .
343 517 52 54 ©
424 523 110 39 Jan.
561 520 40 49 9,
629 519 114 42 1931;
801 520 67 41 2c.
898 521 95 39 and
1022 520 83 42 aff.
1134 521 111 41 Jan.
1275 519 81 47 19;
1389 520 37 39 A
1455 520 171 48 33436;
1658 520 242 41 Rubicam
1925 519 229 42 business
2179 520 176 41 school.

422 580 252 49 (31-3831)

339 662 185 65 Ruck,
554 662 203 55 Berta.

415 738 164 56 Offer
604 737 67 56 of
693 738 307 70 marriage,
1025 738 76 70 by
1129 739 177 53 Berta
1333 738 182 54 Ruck.
1590 737 140 55 New
1759 738 183 70 York,
1967 739 195 68 Dodd,
2188 738 169 54 Mead

341 821 44 49 &
414 834 304 53 company,
748 819 154 52 1931.

410 898 705 51 viii p., 1 l., 310 p. 19½ ᶜᵐ .
347 953 51 53 ©
441 958 111 41 Feb.
594 958 38 47 6,
674 956 141 48 1931;
858 958 68 39 2c.
967 958 98 39 and
1105 957 82 40 aff.
1230 957 113 41 Feb.
1384 958 82 45 11;
1511 958 41 38 A
1591 956 172 49 33668;
1808 957 149 40 Berta
2001 956 138 41 Ruck
2182 956 178 50 Oliver,

412 1015 244 49 Windsor,
698 1016 169 46 Berks,
908 1015 239 48 England.
1218 1014 254 49 (31-3874)

338 1080 352 65 Schuchert,
723 1080 266 66 Charles,
1022 1086 171 50 1858-

411 1159 1947 73 Outlines of historical geology, by Charles Schuchert … 2d
341 1240 106 69 ed.,
494 1240 310 53 rewritten.
881 1240 138 53 New
1069 1240 181 68 York,
1296 1241 57 53 J.
1399 1240 192 70 Wiley
1635 1242 46 50 &
1725 1259 147 50 sons,
1916 1239 108 54 inc.;
2104 1240 259 65 London,

343 1317 304 70 Chapman
676 1320 46 51 &
749 1318 163 70 Hall,
940 1319 243 69 limited,
1215 1321 151 51 1931.

410 1396 1955 52 2 p. l., iii-v, 348 p. front., illus. (incl. ports., maps) 23½ ᶜᵐ . $3.00
413 1456 134 41 First
578 1456 186 41 edition
796 1456 257 49 published
1086 1456 116 40 1924
1231 1466 56 30 as
1318 1459 68 46 pt.
1416 1466 40 29 n
1486 1456 52 41 of
1570 1456 349 48 Introductory
1948 1456 217 47 geology.

347 1510 52 52 ©
435 1514 110 41 Jan.
579 1514 69 49 31,
684 1512 141 48 1931;
860 1513 69 42 2c.
965 1514 111 42 Feb.
1110 1515 54 46 4;
1200 1513 84 42 aff.
1320 1513 110 42 Feb.
1465 1514 52 48 3;
1555 1514 43 39 A
1629 1514 172 48 34187;
1840 1513 49 42 C.
1929 1512 282 48 Schuchert,
2246 1512 119 40 New

414 1572 189 40 Haven.
675 1570 252 50 (31-3819)

342 1637 211 66 Seidel,
583 1640 161 54 Frau
770 1640 107 52 Ina
915 1638 254 66 (Seidel)
1208 1644 174 50 1885-

476 1717 1887 71 … Das wunschkind, roman … Stuttgart, Berlin, Deutsche
345 1795 468 70 verlags-anstalt
868 1799 153 64 [1930]

413 1879 29 39 2
501 1911 8 7 v.
539 1878 52 40 in
618 1880 40 40 1.
719 1877 146 42 19½ᶜᵐ.

349 1931 52 52 ©
429 1935 103 42 Oct.
556 1935 69 49 24,
652 1934 142 48 1930;
822 1936 67 41 1c.
915 1936 113 41 Dec.
1054 1934 53 49 9;
1136 1935 314 47 A—Foreign
1476 1935 170 48 10543;
1676 1935 248 41 Deutsche
1948 1934 417 47 verlags-anstalt.

429 1992 251 50 (31-4897)

344 2059 236 65 Sellers,
613 2059 247 56 Charles
891 2060 297 65 Coleman,
1220 2066 174 49 1903-

416 2138 375 69 Theophilus,
830 2140 97 52 the
967 2139 357 67 Battle-axe;
1368 2159 31 33 a
1435 2138 184 54 history
1697 2139 65 53 of
1798 2140 96 52 the
1932 2139 142 53 lives
2112 2139 114 53 and
346 2139 1991 130 adventures
658 2217 65 51 of

767 2217 357 69 Theophilus
1169 2219 255 52 Ransom
1469 2217 177 55 Gates
1689 2218 114 52 and
1850 2217 95 53 the
1991 2217 371 53 Battle-axes.

344 2294 93 69 By
472 2294 239 56 Charles
749 2295 273 56 Coleman
1060 2295 227 57 Sellers.
1363 2296 408 68 Philadelphia
1817 2296 187 68 [Press
2038 2294 65 53 of
345 2297 1995 127 Patterson

473 2376 47 51 &
542 2373 198 55 White
765 2391 99 53 co.]
900 2377 151 53 1930.

418 2453 1746 52 1 p. l., 7-67 p. incl. illus. (map) plates. front. (port.) 20½ ᶜᵐ .
423 2510 320 42 Ornamental
773 2511 369 51 lining-papers.

422 2566 95 42 “Of
562 2570 82 40 the
691 2570 138 39 three
875 2570 222 40 hundred
1146 2569 162 49 copies
1354 2570 54 41 of
1451 2571 313 47 Theophilus,
1815 2569 98 41 this
1961 2569 41 40 is
2049 2570 82 40 the
2180 2568 183 43 144th.”

350 2625 207 48 Signed:
590 2625 205 42 Charles
827 2626 231 42 Coleman
1091 2627 196 41 Sellers.

422 2681 382 50 “Bibliography
836 2683 54 41 of
919 2683 300 49 Theophilus
1250 2684 57 40 R.
1341 2684 178 41 Gates”
1540 2694 9 29 :
1584 2695 43 37 p.
1662 2683 158 41 66-67.

354 2735 52 53 ©
447 2740 112 41 Dec.
598 2739 68 46 22,
706 2739 141 44 1930;
889 2740 68 42 2c.
996 2742 96 39 and
1131 2741 81 41 aff.
1255 2742 110 40 Jan.
1405 2740 69 51 12,
1514 2740 141 49 1931;
1696 2742 44 39 A
1776 2740 172 48 32933;
1992 2740 49 42 C.
2082 2739 49 42 C.
2176 2740 191 47 Sellers,

422 2797 250 50 Ardmore,
708 2799 84 39 Pa.
864 2798 252 52 (31-3926)

347 2863 213 66 Shiels,
593 2865 325 56 Archibald
950 2866 389 65 Williamson,
1374 2870 172 54 1878-
1760 2886 180 49 comp.

420 2941 183 70 Early
642 2960 248 52 voyages
927 2944 66 53 of
1031 2944 97 53 the
1166 2944 243 67 Pacific;
1453 2964 31 34 a
1525 2944 113 53 few
1676 2949 162 50 notes
1875 2962 75 35 on
1987 2944 96 53 the
2124 2943 142 67 days
2304 2940 65 55 of

349 3019 129 54 iron
516 3038 130 36 men
686 3022 113 52 and
841 3023 234 52 wooden
1116 3023 179 69 ships,
1335 3022 278 69 compiled
1659 3023 76 68 by
1775 3022 214 53 Archie
2027 3022 93 54 W.
2164 3019 205 57 Shiels.

354 3098 408 70 [Bellingham,
804 3100 215 68 Wash.,
1067 3101 157 53 Priv.
1274 3101 197 72 print.,
1523 3101 188 55 Union
1760 3099 264 71 printing
2069 3117 300 52 company,

405 3179 121 66 ᶜ1 931]
421 3261 721 48 4 p. l., 11-61 p., 1 l. 22 ᶜᵐ .
421 3318 310 48 Head-piece.

424 3375 142 41 “Two
601 3376 222 40 hundred
857 3376 113 48 fifty
1003 3376 161 48 copies
1198 3376 53 40 of
1285 3378 137 38 these
1454 3379 137 37 notes
1625 3377 125 39 have
1782 3377 118 39 been
1935 3376 196 49 printed
2164 3376 80 40 for
354 3377 1999 96 private

501 3432 319 41 distribution
858 3433 61 48 by
956 3434 83 40 the
1076 3434 182 39 author
1297 3433 198 49 [Signed]
1535 3432 178 41 Archie
1749 3434 71 40 W.
1860 3433 173 42 Shiels.
2095 3433 120 40 This
2251 3443 120 39 copy

354 3491 39 39 is
420 3490 266 42 numbered
712 3489 130 41 202.”

359 3544 52 52 ©
451 3547 113 42 Dec.
601 3547 69 45 20,
710 3547 140 46 1930;
891 3546 68 43 2c.
998 3549 96 38 and
1133 3546 83 43 aff.
1255 3547 111 41 Jan.
1405 3546 69 48 28,
1514 3545 141 49 1931;
1697 3548 42 39 A
1775 3547 173 48 33402;
1988 3547 55 41 A.
2084 3548 72 41 W.
2199 3545 171 50 Shiels,

431 3606 152 41 South
620 3605 322 50 Bellingham,
979 3604 165 42 Wash.
1216 3603 253 51 (31-3910)

356 3672 269 65 Sinclair,
659 3673 246 55 Charles
939 3673 247 64 George,
1220 3678 172 49 1889-

423 3749 419 70 Microbiology
867 3750 112 53 and
1004 3749 347 70 elementary
1378 3749 313 70 pathology
1715 3750 93 53 for
1834 3750 94 53 the
1952 3768 96 35 use
2073 3749 66 53 of
2162 3766 211 52 nurses,

355 3826 2015 71 by Charles G. Sinclair … with 102 illustrations, some in colors.
357 3903 426 73 Philadelphia,
815 3906 64 52 F.
915 3905 69 54 A.
1017 3904 181 55 Davis
1230 3922 296 52 company,
1560 3907 151 51 1931.
