2505 4370
1030 4013 100 48 929

84 375 314 54 American
439 376 327 70 physicians
805 376 111 52 and
954 390 297 52 surgeons;
1293 392 32 34 a
1360 370 396 70 biographical
1793 368 284 69 directory

150 452 65 54 of
261 452 322 68 practicing
629 450 273 53 members
952 449 64 53 of
1064 450 95 51 the
1207 447 243 53 medical
1499 444 324 70 profession
1871 444 61 52 in
1981 443 95 54 the

150 530 217 55 United
397 528 188 56 States
616 528 112 53 and
758 526 234 55 Canada;
1054 525 301 69 including
1382 523 388 69 supplements
1799 522 61 53 in
1890 520 186 55 which

150 626 95 33 are
283 607 169 52 listed
493 607 113 52 and
645 604 277 54 classified
960 604 96 52 the
1097 603 234 68 leading
1369 601 298 68 hospitals,
1708 599 367 54 sanitariums

150 685 113 52 and
304 683 196 52 health
540 688 208 47 resorts
790 680 64 54 of
895 681 138 52 both
1077 680 311 66 countries;
1436 679 283 68 prepared
1761 678 75 69 by
1882 677 194 54 James

151 756 1925 69 Clark Fifield … Minneapolis, The Midwest company
155 840 192 64 [ ᶜ19 31]
147 915 309 50 1737 p. 27½ ᶜᵐ.
88 984 1644 52 © June 13, 1931; 2c. and aff. June 15; A 38857; Midwest co.
165 1044 279 49 (31-15612)

84 1138 266 53 Atlantic
382 1144 255 65 reporter
669 1141 203 68 digest,
902 1141 267 68 covering
1199 1141 78 52 all
1308 1156 149 37 cases
1489 1139 265 68 reported
1784 1138 63 53 in
153 1137 1903 134 Atlantic

152 1214 1903 134 reporter … Compiled and edited by the publisher’s editorial
355 1292 1727 72 staff, v. 18-23 … St. Paul, Minn., West publishing
151 1376 312 64 co. [ ᶜ19 31 ]
153 1452 206 41 6 v. 26 ᶜᵐ.
432 1521 104 28 CONTENTS.—v.
567 1508 69 41 18.
667 1509 560 41 Infants-Insurrection
1256 1510 95 39 and
1379 1509 331 41 sedition.—v.
1741 1507 69 41 19.
1840 1510 242 39 Interest-

85 1568 338 47 Judgment.—
425 1578 42 29 v.
505 1566 72 42 20.
614 1568 213 39 Judicial
865 1568 538 39 sales-Lewdness.—v.
1442 1564 72 42 21.
1552 1566 133 40 Libel
1721 1568 96 38 and
1854 1568 220 38 slander-

86 1625 303 47 Marshaling
428 1628 156 37 assets
622 1626 96 39 and
756 1625 374 40 securities.—v.
1172 1624 72 40 22.
1286 1626 185 39 Master
1511 1625 96 39 and
1647 1627 319 37 servant.—v.
2009 1622 71 42 23.

85 1682 483 49 Mayhem-Motions.

83 1749 1994 53 v. 18-20, © June 8, 1931; v. 21-23, © June 30; 2c. each July 13; affs.
159 1811 115 47 July
300 1811 55 39 15;
410 1812 41 38 A
473 1810 320 41 39438-39443:
850 1812 132 39 West
1009 1811 109 47 pub.
1145 1821 67 29 co.

81 1904 262 54 Baldwin
373 1905 113 53 law
514 1905 342 64 publishing
885 1921 306 48 company,
1222 1906 326 54 Cleveland.

151 1981 312 53 Baldwin’s
491 2000 124 34 new
645 1981 149 55 Ohio
824 1982 237 67 probate
1089 1982 152 67 code,
1270 1981 256 53 effective
1555 1981 263 69 January
1849 1985 46 63 1,
1927 1984 153 65 1932,

82 2057 331 70 containing
450 2065 279 47 comment
766 2058 64 53 of
865 2060 96 52 the
1001 2058 226 68 Special
1265 2058 318 54 committee
1620 2077 72 34 on
1729 2060 248 53 revision
2015 2059 64 53 of

82 2135 149 55 Ohio
279 2136 238 68 probate
564 2136 137 53 laws
749 2136 64 52 of
859 2137 95 52 the
1003 2137 150 54 Ohio
1199 2142 145 47 state
1391 2137 103 52 bar
1542 2137 365 67 association;
1960 2138 117 53 also

80 2212 200 54 official
305 2214 214 52 section
544 2214 265 53 numbers;
869 2213 197 53 official
1095 2214 277 69 headings;
1434 2213 312 55 references
1774 2220 60 48 to
1864 2215 216 55 former

81 2291 308 67 analogous
426 2291 267 66 sections;
735 2291 266 53 editorial
1035 2297 157 47 notes
1230 2293 114 51 and
1381 2311 31 33 a
1449 2293 276 68 complete
1761 2293 189 68 index,

79 2295 1976 126 edited
236 2369 113 52 and
388 2369 309 53 annotated
736 2369 77 68 by
851 2369 96 53 the
986 2369 320 68 publishers
1347 2370 267 53 editorial
1654 2371 150 53 staff.
81 2372 1972 141 Cleveland,
264 2446 121 53 The
415 2447 269 52 Baldwin
713 2447 110 52 law
854 2446 335 70 publishing
1219 2465 296 51 company,
1548 2451 151 50 1931.

151 2527 536 49 2 p. l., 95, 24 p. 25½ᶜᵐ.
88 2595 51 52 ©
165 2601 112 46 May
299 2599 69 48 26,
392 2599 114 41 1931;
559 2600 67 40 2c.
650 2601 94 38 and
769 2600 80 39 aff.
875 2601 126 40 June
1024 2600 52 47 8;
1103 2601 41 38 A
1166 2600 145 41 37824;
1364 2601 216 41 William
1605 2603 211 41 Edward
1841 2605 238 49 Baldwin,

156 2657 273 41 Cleveland.
503 2657 278 48 (31-15701)

83 2750 213 66 Beach,
325 2752 126 53 Rex
480 2752 381 65 Ellingwood,
894 2753 170 55 1877-

149 2828 210 70 Money
382 2829 133 53 mad
561 2828 94 70 [by]
684 2829 123 54 Rex
833 2829 206 54 Beach.
1100 2829 140 54 New
1268 2829 180 70 York,
1474 2829 431 72 Cosmopolitan
1930 2834 147 56 book

80 2905 381 69 corporation,
495 2909 150 51 1931.

147 2985 667 52 3 p. l., 307, [1] p. 19 ½ᶜᵐ .
151 3041 163 42 “First
351 3042 229 42 edition.”

91 3095 1988 62 © June 19, 1931; 2c. June 22; aff. June 20; A 39062; Rex Beach, Sebring,
158 3156 102 41 Fla.
331 3157 278 47 (31-15687)

85 3249 140 66 Bell,
258 3251 152 53 John
443 3253 130 64 Joy,
608 3253 171 55 1871-

155 3329 178 55 Laird
365 3331 64 53 of
459 3330 147 55 Glen
635 3330 257 71 Laggan,
924 3352 31 33 a
985 3333 361 54 sentimental
1376 3337 250 69 comedy,
1655 3338 76 70 by
1760 3338 56 55 J.
1847 3339 56 54 J.
1935 3340 144 54 Bell.

86 3406 256 70 London,
371 3408 301 68 Chapman
698 3411 111 52 and
836 3410 160 70 Hall,
1021 3412 123 69 ltd.,
1170 3414 151 50 1931.

150 3487 482 47 3 p. l., 286 p. 19½ᶜᵐ.
92 3538 1986 64 © 1c. June 16, 1931; A ad int. 15202; pubd. Apr. 21; J. J. Bell. Glasgow.
170 3600 277 49 (31-15994)

90 3693 255 66 Betters,
373 3697 145 52 Paul
548 3697 255 64 Vernon,
834 3704 170 50 1906-

215 3773 1862 78 … The Personnel classification board; its history, activities
86 3848 1991 82 and organization, by Paul V. Betters … Washington, The
86 3924 321 71 Brookings
443 3926 346 71 institution,
825 3932 149 49 1931.
