2505 4370
1295 4050 103 52 450

330 384 246 67 Becker,
608 384 181 55 Beril.

462 460 1888 76 … Paul Gauguin, the calm madman. New York, A. & C.
327 538 152 56 Boni [ᶜ1931]
400 621 1234 51 6 p. l., 3-340 p. front., plates, ports. 23 ½ᶜᵐ .
399 679 67 41 At
491 680 126 41 head
645 679 53 42 of
726 679 110 41 title:
893 680 75 48 By
995 681 133 40 Beril
1158 680 202 41 Becker.

400 736 383 49 Bibliography:
818 747 44 38 p.
894 736 220 42 337-340.

339 793 51 53 ©
421 799 123 40 Mar.
572 797 70 49 20,
672 795 114 42 1931;
844 797 68 41 2c.
942 798 96 39 and
1067 796 82 43 aff.
1180 798 123 41 Mar.
1332 797 49 39 21;
1445 798 40 38 A
1515 798 145 40 36004;
1719 797 171 42 Albert
1918 798 37 41 &
1983 798 204 41 Charles
2217 797 138 49 Boni,

406 855 92 41 inc.
570 854 254 50 (31-8071)

331 935 285 65 Seeding,
647 935 266 67 Francis,
944 939 197 68 pseud.

399 1012 1950 71 Death walks in Eastrepps, by Francis Beeding … New
332 1090 179 72 York,
537 1091 121 53 The
685 1091 260 70 Mystery
973 1090 218 71 league,
1217 1091 128 69 inc.,
1373 1094 152 50 1931.

399 1171 89 42 284
514 1183 44 38 p.
618 1171 149 43 19½ᶜᵐ.

401 1228 166 43 “First
592 1227 231 44 edition.”

400 1286 321 49 Advertising
748 1287 182 40 matter:
991 1296 43 38 p.
1080 1284 239 51 [275]-284.

340 1344 52 53 ©
428 1349 123 40 Mar.
586 1348 70 48 23,
692 1346 113 42 1931;
870 1347 69 40 2c.
973 1347 96 40 and
1103 1345 83 41 aff.
1223 1347 124 40 Mar.
1382 1346 54 41 31;
1502 1346 41 40 A
1577 1346 147 41 35519;
1789 1348 219 47 Mystery
2044 1348 184 48 league,
2266 1347 91 41 inc.

418 1404 254 52 (31-8218)

334 1486 252 66 Berend,
619 1486 184 65 Alice,
840 1487 170 55 1878-

401 1564 159 54 Herr
597 1563 192 69 Fünf;
831 1581 201 35 roman
1070 1581 111 35 von
1219 1562 166 54 Alice
1423 1563 245 54 Berend.
1744 1563 219 69 Berlin,
2004 1563 56 56 S.
2099 1564 256 68 Fischer,

334 1646 153 52 1930.

404 1726 753 52 3 p. l., [9]-218 p., 1 l. 20 ᶜᵐ .
407 1785 173 41 “Erste
613 1784 73 41 bis
718 1785 174 39 zehnte
923 1781 235 51 auflage.”

341 1839 2017 53 © Oct. 2, 1930; 1c. Dec. 9; A—Foreign 10517; S. Fischer verlag, a.-g.
420 1899 252 51 (31-7660)

334 1984 246 64 Berger,
612 1981 190 56 Josef.

403 2059 209 72 Sleepy
647 2058 186 70 Steve,
865 2059 76 69 by
973 2057 167 56 Josef
1175 2057 246 69 Berger;
1456 2055 327 56 illustrated
1815 2057 76 72 by
1926 2058 265 70 Dorothy
2226 2058 128 73 Gay

330 2135 1817 71 Thomas. New York, Minton, Balch & company [ ᶜ19 31 ]
404 2217 926 52 2 p. l., 200 p. front., illus. 21 ᶜᵐ .
343 2277 52 53 ©
432 2281 113 41 Feb.
580 2280 69 48 25,
685 2278 114 41 1931;
864 2278 67 41 2c.
969 2278 112 40 Feb.
1116 2277 56 41 28;
1238 2276 82 41 aff.
1358 2277 123 40 Mar.
1517 2275 58 42 28;
1638 2276 43 40 A
1715 2277 146 41 35484;
1927 2277 44 42 J.
2009 2278 196 48 Berger,
2243 2279 117 39 New

410 2339 147 40 York.
628 2336 253 49 (31-8207)

336 2420 186 54 Bible.
601 2420 65 54 O.
705 2421 63 51 T.
844 2417 267 70 English.
1187 2417 331 54 Selections.
1595 2419 154 50 1931.

405 2498 126 54 The
558 2497 161 69 Holy
752 2494 357 70 Scriptures;
1146 2512 73 34 an
1253 2492 368 69 abridgment
1654 2491 95 53 for
1781 2511 99 35 use
1911 2492 61 53 in
2005 2493 98 53 the
2137 2494 219 54 Jewish

333 2577 194 54 school
565 2575 114 53 and
718 2575 180 52 home.
976 2570 432 70 Philadelphia,
1447 2571 123 52 The
1611 2571 217 54 Jewish
1870 2570 360 70 publication
333 2591 1997 133 society

514 2652 65 54 of
606 2651 287 68 America,
926 2651 330 52 1931-5691.

407 2731 506 50 xxiv, 795 p. 21 ᶜᵐ .
408 2791 148 41 “This
583 2790 125 41 book
734 2789 43 40 is
803 2788 259 48 published
1090 2787 128 40 from
1248 2787 83 41 the
1358 2786 200 47 Minnie,
1588 2786 278 43 Katharine
1896 2789 96 40 and
2021 2787 137 41 Julia
2186 2789 172 48 Mayer

335 2850 125 41 fund
491 2847 307 50 bequeathed
829 2845 62 49 by
924 2845 135 42 Julia
1093 2843 172 50 Mayer
1298 2846 51 39 to
1381 2844 82 41 the
1496 2842 210 43 Hebrew
1741 2843 201 51 Sunday
1975 2845 164 42 school
2174 2846 183 49 society

335 2906 53 42 of
421 2902 389 51 Philadelphia.”

407 2962 294 48 “Compiled,
738 2959 164 42 edited
939 2959 96 40 and
1070 2958 239 48 prepared
1346 2957 79 40 for
1461 2957 83 40 the
1578 2965 138 40 press
1750 2957 64 48 by
1851 2957 122 42 Miss
2011 2958 160 48 Emily
336 2958 2004 102 Solis-Cohen.”—Pref.

345 3074 52 53 ©
437 3078 123 40 Mar.
598 3076 69 49 13,
707 3075 113 40 1931;
889 3073 68 42 2c.
996 3074 96 39 and
1130 3071 83 41 aff.
1255 3073 122 39 Mar.
1416 3072 56 39 16;
1540 3071 41 40 A
1618 3072 144 41 35311;
1833 3072 186 42 Jewish
2057 3074 302 49 publication

412 3134 184 48 society
627 3133 52 41 of
710 3132 238 41 America.
1021 3128 253 51 (31-8062)

337 3201 202 64 Bloch,
571 3201 149 53 Jean
750 3197 280 65 Richard,
1062 3201 173 50 1884-

405 3278 58 53 A
501 3277 170 70 night
708 3276 61 52 in
810 3272 343 70 Kurdistan,
1193 3273 75 70 by
1311 3270 431 56 Jean-Richard
1784 3273 210 67 Bloch;
2038 3276 315 53 translated

334 3358 73 70 by
452 3355 253 70 Stephen
746 3350 430 56 Haden-Guest.
1261 3350 136 53 New
1446 3350 180 67 York,
1669 3349 198 56 Simon
1912 3352 112 52 and
2068 3351 287 71 Schuster,
337 3438 152 52 1931.

405 3509 684 56 3 p. l., 291 p., 1 l. 19½ᶜᵐ.
345 3574 52 53 ©
429 3578 111 40 Jan.
569 3574 69 50 22,
668 3572 142 48 1931;
843 3571 68 41 2c.
943 3572 122 39 Mar.
1094 3568 53 48 9;
1182 3568 83 41 aff.
1298 3570 121 39 Mar.
1451 3568 82 47 26;
1567 3568 41 40 A
1636 3569 172 47 35481;
1847 3570 163 41 Simon
2042 3571 37 41 &
2114 3571 244 50 Schuster,

414 3635 93 40 inc.
578 3630 253 52 (31-8212)

338 3703 303 61 Bowman,
671 3697 247 54 Border.

408 3775 477 70 Indexed-digest
914 3772 65 54 of
1007 3777 202 64 patent
1236 3790 153 34 cases
1419 3771 61 52 in
1510 3771 98 52 the
1634 3769 219 56 United
1888 3771 189 56 States
2109 3774 246 53 District

339 3857 115 53 and
492 3854 224 57 Circuit
752 3858 190 48 courts
978 3849 64 58 of
1078 3849 254 69 appeals,
1370 3846 153 55 from
1563 3852 137 50 1924
1734 3853 58 48 to
1832 3853 151 64 1930,
2019 3850 76 70 by
2133 3853 221 53 Border

339 3926 1738 72 Bowman … New York, Baker, Voorhis & co., 1930.
