2505 4370
1220 4042 139 54 1162

359 462 1948 54 168 p. illus. (incl. maps) 19 ᶜᵐ. (Lettered on cover; Social study
288 519 154 41 series;
498 520 209 47 History
733 521 96 39 and
856 521 304 48 geography)

363 577 187 42 Stories
579 578 52 40 of
659 579 178 39 nomad
867 578 89 41 life
986 578 50 40 in
1066 579 250 40 Palestine
1347 580 96 39 and
1476 579 156 49 Syria,
1664 582 187 47 largely
1881 581 129 40 from
2041 582 84 39 the
2155 582 153 41 Bible.

296 631 53 53 ©
374 636 129 41 June
526 636 69 46 10,
623 635 113 41 1931;
792 635 68 42 2c.
887 636 128 40 June
1041 636 53 40 13;
1152 636 81 41 aff.
1262 638 116 47 July
1404 636 53 48 8;
1485 638 40 39 A
1551 636 173 49 40297;
1754 638 142 41 Rand
1924 639 227 48 McNally
2179 639 36 40 &
2241 649 68 32 co.

374 692 283 50 (31-20079)

288 775 235 66 Moody,
552 775 261 54 Herbert
844 774 68 57 G.

362 854 189 54 “Meet
576 855 96 53 the
698 853 178 70 king”;
935 859 158 66 story
1120 855 65 54 of
1210 857 206 52 second
1443 854 72 54 A.
1545 855 68 54 E.
1641 855 114 55 F.’s
1782 856 350 70 pilgrimage
2157 859 153 53 after

282 928 219 69 hitting
538 930 96 54 the
676 929 166 55 Paris
883 928 136 57 trail
1068 929 109 70 [by]
1221 930 79 55 H.
1342 929 67 55 G.
1450 930 232 70 Moody.
1781 932 137 54 [New
1963 932 180 69 York,
2184 933 122 54 The

286 1010 627 71 Winwick co., ᶜ19 31]
355 1091 1231 51 50 p. front., illus. (facsims.) plates, 17 ½ᶜᵐ .
295 1144 2012 54 © June 15, 1931; 2c. June 19; aff. June 30; A 39158; H. G. Moody.
363 1207 237 49 Redding,
634 1207 145 41 Calif.
851 1206 282 49 (31-19292)

286 1288 271 65 Morand,
588 1288 165 66 Paul,
789 1294 171 50 1888-

420 1365 1471 71 … Papiers d’identité. Paris, B. Grasset [1931]
353 1447 625 49 348 p., 1 l. incl. pl. 19 ᶜᵐ.
354 1504 198 47 Essays,
579 1515 178 38 poems,
786 1507 88 38 etc.

358 1561 424 49 “Bibliographie”;
845 1573 43 37 p.
927 1560 250 52 [339]-343.

290 1619 2016 58 © Mar. 20, 1931; 1c. May 29; A—Foreign 12207; Éditions Bernard
359 1692 218 42 Grasset.
648 1690 284 50 (31-20095)

286 1758 238 65 Morris,
557 1759 170 65 Cora,
759 1779 180 50 comp.

359 1835 123 53 The
504 1853 187 51 gypsy
714 1841 159 65 story
895 1836 165 54 teller
1089 1836 110 68 [by]
1231 1835 151 56 Cora
1405 1837 233 68 Morris,
1660 1837 327 54 illustrated
2009 1838 76 68 by
2109 1839 198 52 Frank

289 1913 233 54 Dobias.
598 1913 140 54 New
764 1914 183 69 York,
971 1915 123 53 The
1115 1914 341 54 Macmillan
1480 1933 301 53 company,
1806 1919 151 49 1931.

356 1997 98 47 xvi,
480 1998 88 40 206
595 2009 42 37 p.
698 1999 86 39 col.
813 1998 165 47 front.,
1007 1998 130 41 illus.
1197 1998 149 41 23½ᶜᵐ.

357 2054 292 42 Illustrated
682 2058 97 46 t.-p.
814 2056 96 39 and
942 2054 367 49 lining-papers.

290 2116 53 53 ©
371 2121 121 48 Aug.
522 2121 40 48 4,
593 2119 141 49 1931;
766 2120 67 41 2c.
864 2121 97 39 and
990 2120 83 41 aff.
1103 2121 118 48 Aug.
1253 2121 52 46 5;
1338 2121 41 39 A
1407 2119 173 49 39868;
1614 2121 286 41 Macmillan
1929 2134 67 29 co.

369 2183 284 50 (31-20196)

286 2249 249 65 Neville,
567 2249 176 55 Vera.

359 2327 123 53 The
513 2327 382 53 meddlesome
928 2344 212 50 mouse,
1172 2327 76 69 by
1343 2345 94 35 Vera
1473 2328 242 52 Neville.
1792 2328 138 53 New
1967 2329 181 68 York,
2185 2329 120 53 The

289 2404 335 54 Macmillan
653 2424 301 52 company,
987 2408 153 52 1931.

359 2488 589 50 [36] p. col. illus. 22½ ᶜᵐ.
289 2550 53 53 ©
372 2555 122 48 Aug.
524 2556 41 47 4,
597 2553 142 49 1931;
772 2554 67 41 2c.
872 2555 96 39 and
1001 2554 82 41 aff.
1115 2555 119 47 Aug.
1269 2555 52 46 5;
1354 2555 41 38 A
1425 2553 172 49 39870;
1634 2554 284 41 Macmillan
1951 2565 67 31 co.

371 2617 284 50 (31-20195)

284 2683 360 67 Pakington,
672 2683 374 66 Humphrey.

354 2763 159 52 Four
542 2762 60 52 in
634 2762 227 64 family,
888 2762 76 64 by
992 2762 350 64 Humphrey
1370 2762 350 64 Pakington.
1796 2763 260 63 London,
2090 2763 213 55 Chatto

283 2841 113 53 and
424 2841 265 69 Windus,
720 2845 150 50 1931.

354 2923 390 49 vii, 328 p. 20 ᶜᵐ.
291 2984 2014 54 © 1c. Apr. 20, 1931; A ad int. 14974; pubd. Apr. 1; W. W. Norton & co.,
358 3052 108 49 inc.,
496 3054 117 39 New
643 3054 146 41 York.
860 3053 283 48 (31-19905)

285 3119 460 64 Pennsylvania.
820 3122 186 65 Laws,
1033 3127 259 64 statutes,
1319 3127 101 47 etc.

355 3198 285 53 Purclon's
675 3199 428 70 Pennsylvania
1139 3204 258 51 statutes,
1431 3198 328 53 annotated.
1836 3198 348 52 Permanent
2219 3197 82 52 ed.

287 3277 58 52 A
383 3278 373 67 compilation
798 3277 66 52 of
902 3279 93 52 the
1035 3278 231 68 general
1308 3279 112 51 and
1462 3283 337 62 permanent
1837 3278 138 51 laws
2017 3275 154 52 from
2208 3275 96 52 the

287 3374 137 50 year
457 3355 134 54 1700
622 3360 59 49 to
714 3361 226 62 present
972 3356 154 57 time,
1157 3356 263 67 together
1451 3355 139 52 with
1625 3354 366 53 annotations
2025 3354 153 53 from
2213 3353 93 53 the

286 3452 151 34 cases
489 3433 336 69 construing
875 3434 159 53 those
1087 3435 154 50 laws.
1319 3433 151 53 Title
1527 3436 78 49 12.
1649 3432 153 55 Civil
1857 3433 112 52 and
2019 3430 285 69 equitable

288 3511 273 53 remedies
598 3513 112 52 and
747 3512 331 68 procedure,
1116 3512 26 66 §
1184 3514 134 50 1821
1357 3517 57 46 to
1453 3512 124 52 end.
1654 3510 151 54 Title
1847 3514 79 49 13.
1970 3510 334 55 Constables

349 3586 1954 73 … Prepared by the publishers’ editorial staff. Philadelphia,
290 3668 120 64 Pa.,
452 3666 221 69 George
714 3669 64 50 T.
820 3667 156 53 Bisel
1015 3685 78 35 co.;
1166 3667 265 69 Newark,
1470 3666 67 53 N.
1579 3667 75 68 J.,
1695 3666 188 69 Soney
1919 3668 46 50 &
2004 3666 149 69 Sage
2190 3685 78 34 co.;

293 3743 79 54 St.
405 3746 166 59 Paul,
600 3746 203 58 Minn.,
831 3746 157 52 West
1020 3745 339 69 publishing
1388 3763 79 34 co.
1505 3748 193 65 [ᶜ1931]

358 3832 64 46 ix,
456 3832 85 41 597
572 3845 42 36 p.
675 3834 56 39 24½ᶜᵐ.

293 3890 53 53 ©
372 3895 114 47 July
514 3896 68 46 16,
608 3896 113 41 1931;
776 3896 67 41 2c.
871 3898 119 47 Aug.
1018 3896 54 41 15;
1129 3896 81 41 aff.
1239 3897 121 47 Aug.
1387 3897 55 40 17;
1498 3897 40 39 A
1564 3895 146 42 40793;
1768 3896 184 49 George
1979 3896 51 40 T.
2059 3895 129 42 Bisel
2220 3907 80 30 co.,

365 3958 156 48 Souey
550 3959 35 41 &
616 3960 124 46 Sage
768 3971 81 38 co.,
880 3961 96 41 and
1005 3961 137 41 West
1168 3960 113 50 pub.
1311 3970 68 32 co.
