2505 4370
1118 4033 103 53 457

144 404 121 52 The
307 398 241 54 Lincoln
594 397 218 68 library
855 395 64 52 of
961 392 263 55 essential
1268 388 397 70 information,
1709 407 73 34 an
1825 384 325 69 up-to-date

211 476 232 53 manual
493 473 94 53 for
637 471 158 67 daily
843 467 305 68 reference,
1198 465 95 53 for
1341 462 500 68 self-instruction,
1889 459 114 54 and
2052 457 96 53 for

211 539 1913 162 general culture … Buffalo, N. Y., The Frontier press company,
423 633 149 50 1931.

213 715 26 40 1
273 726 42 37 p.
383 745 8 17 l.,
423 712 174 42 7-2174
629 720 44 38 p.
732 709 129 40 illus.
889 707 135 49 (incl.
1055 705 163 49 maps)
1260 706 159 47 plates
1446 702 138 51 (part
1642 703 86 47 col.)
1770 703 164 48 ports.,
1967 701 182 48 diagrs.

144 772 147 42 24½ ᶜᵐ .
152 836 52 54 ©
234 841 121 40 Mar.
382 841 70 48 17,
481 838 112 41 1931;
650 835 67 42 2c.
748 837 122 38 Mar.
898 834 57 41 18;
1012 832 82 43 aff.
1124 833 123 40 Mar.
1276 831 56 40 19;
1390 833 42 38 A
1458 830 146 42 35304;
1663 829 227 41 Frontier
1919 839 136 40 press
2084 836 67 32 co.

223 894 69 54 [©
321 897 188 40 revised
535 896 194 48 matter]
802 890 251 53 (31-8045)

148 994 220 63 Litten,
400 988 277 55 Frederic
702 988 238 53 Nelson.

218 1069 222 53 Brooks
476 1066 64 54 of
575 1065 97 55 the
768 1066 149 67 Valley
954 1063 263 69 airways,
1253 1061 77 68 by
1367 1058 270 56 Frederic
1676 1058 211 53 Nelson
1926 1058 197 53 Litten;

150 1146 324 55 illustrated
505 1146 76 67 by
616 1142 151 57 Svén
799 1142 200 53 Elven.
1075 1140 138 53 New
1249 1138 181 68 York,
1461 1138 260 67 London,
1753 1137 71 52 D.
1860 1136 296 69 Appleton

148 1226 112 53 and
287 1240 298 52 company,
611 1224 153 51 1931.

253 1299 1170 57 v, [1 ] p., 1 l., 280, [1] p. front., illus. 19½ᶜᵐ.
157 1370 52 55 ©
237 1376 122 39 Mar.
385 1374 71 48 27,
483 1373 111 40 1931;
652 1371 66 43 2c.
746 1374 95 39 and
868 1372 82 41 aff.
978 1372 122 42 Mar.
1126 1372 53 37 31;
1238 1370 42 39 A
1306 1370 145 41 35527;
1509 1368 58 42 D.
1595 1369 239 48 Appleton
1861 1366 37 43 &
1926 1376 67 32 co.

234 1431 251 50 (31-8328)

150 1525 338 66 Liwschitz,
517 1526 79 54 M.

221 1606 110 52 Die
356 1603 374 55 elektrischen
756 1601 342 56 maschinen.
1173 1602 93 51 bd.
1293 1604 47 48 2.
1382 1599 424 55 Konstruktion
1831 1600 118 52 und
154 1597 1985 157 isolierung,

348 1676 1813 77 von dr.-ing. M. Liwschitz, dipl.-ing. H. Glöckner … mit
154 1766 102 51 462
292 1761 387 70 abbildungen
714 1761 80 52 im
827 1766 120 47 text
981 1761 118 52 und
1137 1763 62 48 13
1238 1758 201 53 tafeln.
1514 1757 242 69 Leipzig
1790 1758 117 54 und
1945 1757 220 69 Berlin,

156 1842 65 52 B.
254 1840 67 55 G.
353 1840 280 68 Teubner,
662 1843 150 49 1931.

229 1917 1097 52 viii, 306 p. illus., tables, diagrs. 23 ᶜᵐ .
235 1978 181 40 Folded
448 1978 141 47 plans
619 1977 96 40 and
744 1976 179 48 diagrs.
954 1976 229 40 mounted
1213 1985 63 30 on
1305 1985 157 32 cover.

163 2029 51 54 ©
248 2035 117 39 Nov.
400 2034 41 48 3,
475 2032 141 48 1930;
652 2034 68 40 1c.
755 2034 121 39 Mar.
911 2031 69 49 19,
1014 2030 141 50 1931;
1190 2031 312 49 A—Foreign
1537 2030 171 48 11756;
1747 2030 55 40 B.
1838 2028 54 43 G.
1927 2029 237 41 Teubner.

158 2144 167 65 Lose,
357 2143 262 55 Charles.

224 2219 121 52 The
371 2216 306 71 vanishing
701 2222 171 64 trout,
898 2238 31 34 a
955 2218 170 71 study
1150 2217 63 53 of
1239 2225 159 47 trout
1424 2220 112 53 and
1561 2222 157 49 trout
1745 2214 211 72 fishing
1978 2217 61 53 in
2065 2215 99 55 the

158 2291 2002 77 waters of central Pennsylvania, by Charles Lose … with an
156 2368 2007 79 introduction by Henry W. Shoemaker … Altoona, Pa., The
156 2447 908 73 Altoona tribune press, ᶜ19 31.
227 2527 1546 55 3 p. l., 318 p. 21 ᶜᵐ . (Alpine club wild life bulletin, ix)
169 2587 51 54 ©
261 2591 113 41 Feb.
412 2590 70 50 16,
523 2587 141 50 1931;
706 2589 68 41 2c.
814 2590 96 39 and
949 2589 83 41 aff.
1073 2588 110 41 Feb.
1225 2589 84 46 18;
1352 2588 42 40 A
1432 2587 172 52 35272;
1646 2588 162 42 Times
1849 2589 193 41 tribune
2084 2599 83 30 co.,

234 2648 224 48 Altoona,
490 2648 84 39 Pa.
645 2645 249 50 (31-8088)

163 2740 366 67 Macdonald,
559 2740 185 53 Zillah
773 2740 70 55 K.

231 2817 400 70 Haunthouse,
665 2818 75 69 by
775 2816 186 55 Zillah
996 2816 74 55 K.
1107 2816 378 69 Macdonald;
1525 2817 323 54 illustrated
1885 2817 76 70 by
1997 2817 172 54 Decie

162 2897 260 54 Merwin.
497 2895 139 55 New
688 2895 181 67 York,
918 2895 261 69 London,
1229 2896 73 53 D.
1355 2894 293 71 Appleton
1705 2897 113 52 and
1870 2913 299 53 company,

163 2978 151 51 1931.

233 3054 1036 51 5 p. l., 282, [1] p. front., illus. 19½ ᶜᵐ .
233 3113 148 40 Plans
409 3123 63 30 on
497 3111 364 50 lining-papers.

173 3164 52 54 ©
255 3170 123 40 Mar.
405 3169 72 48 27,
504 3167 141 49 1931;
675 3168 68 41 2c.
774 3170 95 39 and
971 3202 9 9 aff.
1009 3169 124 43 Mar.
1159 3170 84 46 31;
1276 3169 41 39 A
1344 3167 173 51 35530;
1551 3170 47 41 Z.
1628 3169 60 41 K.
1719 3169 304 48 Macdonald,
2054 3170 117 40 New

241 3226 144 40 York.
456 3223 251 52 (31-8329)

167 3318 337 66 McKearin,
539 3318 227 66 George
798 3317 271 66 Skinner,
1104 3321 172 54 1874-

233 3395 159 52 Loan
422 3393 313 55 exhibition
766 3395 62 52 of
858 3397 156 70 early
1043 3396 304 54 American
1379 3401 228 67 pottery
1640 3397 108 54 and
1784 3396 156 72 early
166 3396 1982 129 American

325 3473 181 67 glass;
542 3472 96 54 the
672 3474 285 67 examples
994 3473 192 54 shown
1222 3492 96 34 are
1353 3473 235 56 selected
1627 3474 148 53 from
1815 3475 96 53 the
1947 3474 226 68 private

166 3544 2002 81 collection of George S. McKearin … notes and descriptions by
167 3627 95 54 the
286 3644 203 35 owner.
575 3627 253 55 [Hoosick
854 3628 177 71 Falls,
1053 3627 71 53 N.
1153 3629 91 70 Y.,
1268 3628 240 55 Printed
1535 3629 74 70 by
1635 3630 70 52 D.
1734 3630 64 52 L.
1824 3628 161 72 Hall,
2013 3632 134 50 1931]

240 3706 56 41 56
330 3717 43 38 p.
434 3706 129 41 illus.
623 3706 146 42 27½ᶜᵐ.

241 3763 71 41 On
338 3774 140 30 cover:
533 3762 153 43 Third
710 3763 358 43 International
1096 3764 226 49 antiques
1349 3765 288 50 exposition,
1666 3766 165 41 Grand
1859 3768 186 40 central
171 3765 1983 103 palace,
296 3820 130 41 1931.

181 3875 51 54 ©
268 3880 109 40 Feb.
411 3879 72 49 27,
517 3877 111 42 1931;
694 3880 66 40 2c.
796 3880 121 39 Mar.
953 3881 27 38 5;
1042 3879 82 43 aff.
1161 3881 123 40 Mar.
1319 3880 57 40 10;
1438 3879 41 41 A
1511 3880 144 42 34765;
1722 3880 53 42 G.
1814 3880 45 42 S.
1896 3880 279 49 McKearin,

248 3937 215 40 Hoosick
490 3935 147 50 Falls,
665 3937 56 40 N.
751 3937 52 40 Y.
873 3936 249 49 (31-8072)
