2505 4370
1062 4051 102 50 403

531 485 451 49 CONTENTS.—Story.—Analysis
1018 486 53 41 of
1108 486 84 41 the
1226 487 115 40 loan
1378 485 194 43 shark’s
1606 484 516 52 operations.—Guide

118 546 46 39 to
194 544 142 42 home
364 542 278 51 budgeting.

121 599 52 52 ©
206 605 121 38 Mar.
357 603 70 47 13,
459 602 112 40 1931;
632 602 69 41 2c.
732 603 93 38 and
860 601 82 41 aff.
976 603 122 40 Mar.
1129 602 56 40 17;
1246 602 43 39 A
1318 600 147 42 35290;
1525 602 54 41 G.
1612 603 72 40 W.
1717 602 252 41 Burkdoll.
2004 601 118 40 Fort

188 660 185 47 Worth,
407 660 113 39 Tex.
592 658 251 49 (31-7609)

111 740 273 65 Buswell,
413 740 134 63 Guy
572 738 277 66 Thomas,
879 745 172 50 1891-

252 814 1870 72 … The vocabulary of arithmetic, by G. T. Buswell … and
116 892 2005 72 Lenore John … Chicago, Ill., The University of Chicago
121 976 173 66 [1931]

184 1056 66 48 xi,
289 1055 88 40 146
413 1065 45 38 p.
518 1054 143 50 illus.,
703 1054 154 50 diagr.
916 1054 147 42 23½ᶜᵐ.
1135 1054 435 49 (Supplementary
1609 1052 311 43 educational
116 1063 1988 99 monographs,
338 1113 110 48 pub.

477 1113 52 38 in
556 1112 314 48 conjunction
898 1112 119 42 with
1046 1113 83 39 the
1159 1111 174 42 School
1361 1111 181 42 review
1569 1111 99 41 and
1695 1110 86 42 the
1807 1111 314 48 Elementary

115 1170 164 41 school
309 1170 212 48 journal,
553 1180 76 31 no.
662 1169 82 50 38)

188 1227 264 48 “Concepts
484 1226 51 41 of
565 1226 241 41 technical
837 1227 96 39 and
964 1225 382 42 semi-technical
1378 1227 152 39 terms
1560 1224 52 41 in
1643 1225 82 41 the
1757 1223 282 43 arithmetic
2069 1223 55 42 of

115 1284 83 40 the
224 1284 109 40 first
360 1284 78 40 six
466 1283 325 49 grades.”—p.
820 1283 40 41 3.

188 1340 146 41 “Five
361 1341 222 40 hundred
613 1343 149 38 terms
792 1341 268 47 commonly
1090 1340 117 41 used
1237 1339 52 40 in
1318 1337 310 44 arithmetic”:
1686 1348 45 40 p.
1761 1337 219 44 107-116.

117 1394 52 52 ©
194 1398 110 41 Jan.
327 1398 70 49 30,
423 1398 113 40 1931;
590 1397 67 42 2c.
682 1399 123 40 Mar.
829 1397 27 40 9;
908 1397 82 43 aff.
1016 1399 120 39 Mar.
1163 1398 27 40 7;
1244 1397 41 39 A
1309 1397 143 41 35191;
1508 1396 284 49 University
1818 1396 52 41 of
1895 1394 224 51 Chicago.

197 1455 251 48 (31-7616)

114 1535 269 65 Callcott,
410 1538 140 53 Mrs.
578 1536 174 64 Mary
779 1537 348 54 Stevenson.

109 1607 1985 151 … Child labor legislation in New York; the historical development
458 1689 114 53 and
599 1688 97 54 the
723 1688 457 57 administrative
1209 1687 276 71 practices
1516 1687 63 54 of
1606 1686 155 55 child
1789 1686 162 55 labor
1978 1686 139 56 laws

109 1764 60 53 in
199 1765 96 54 the
320 1771 145 48 state
492 1766 65 54 of
584 1766 138 54 New
754 1766 179 71 York,
963 1768 330 68 1905-1930,
1319 1766 76 72 by
1422 1768 170 69 Mary
1622 1765 312 56 Stevenson
110 1765 1982 146 Callcott,

366 1887 11 11 PH.
454 1887 10 10 D.
537 1843 136 55 New
713 1843 180 70 York,
925 1844 122 53 The
1079 1843 338 55 Macmillan
1454 1861 299 53 company,
1791 1846 150 51 1931.

251 1958 10 16 xv,
289 1927 88 41 267
403 1938 45 38 p.
507 1926 147 43 19½ᶜᵐ.
725 1926 281 49 (American
1036 1927 151 41 social
1215 1937 226 39 progress
1471 1927 176 49 series)

183 1983 379 49 Bibliography;
594 1995 43 37 p.
667 1983 217 41 265-267.

120 2037 52 52 ©
209 2041 112 41 Feb.
356 2041 70 49 24,
463 2040 141 48 1931;
642 2041 68 42 2c.
747 2043 96 38 and
880 2040 81 42 aff.
1000 2042 111 42 Feb.
1146 2041 83 48 25;
1269 2042 41 39 A
1345 2042 172 47 34518;
1557 2043 64 42 M.
1661 2042 45 42 S.
1745 2042 223 48 Callcott,
2004 2042 119 40 New

191 2099 144 39 York.
406 2098 251 48 (31-7791)

114 2180 233 64 Cappel,
375 2182 140 53 Mrs.
545 2181 224 53 Jeanne
799 2181 344 63 L’Strange.

191 2258 315 70 Chippewa
560 2261 157 53 tales,
793 2279 52 33 v.
899 2263 32 48 2
1007 2260 92 69 [by]
1158 2260 304 54 Wa-be-no
1516 2259 354 69 O-pee-chee.
114 2260 1980 131 Illustrated
334 2339 76 69 by

439 2337 432 55 Waano-Gano.
946 2339 111 53 Los
1089 2338 267 69 Angeles,
1390 2338 195 69 Calif.,
1617 2339 217 53 Wetzel
114 2338 1984 146 publishing
244 2435 98 50 co.,
373 2419 151 50 1931.

185 2496 737 49 95 p. front., illus. 19½ ᶜᵐ .
121 2548 52 52 ©
200 2553 113 41 Dec.
339 2554 40 47 7,
407 2553 143 48 1930;
578 2554 67 40 2c.
675 2554 110 41 Jan.
812 2555 39 47 8,
879 2554 142 48 1931;
1051 2553 83 43 aff.
1162 2554 115 49 Apr.
1305 2554 82 48 14;
1418 2554 43 40 A
1486 2554 172 48 35794;
1688 2555 184 41 Wetzel
1899 2555 110 48 pub.
2038 2565 83 37 co.,

187 2610 91 42 inc.

115 2691 315 65 Charnley,
459 2691 265 55 Mitchell
810 2735 14 13 V.

179 2766 124 53 The
330 2766 156 71 boys’
514 2767 107 53 life
653 2767 63 54 of
748 2768 251 55 Herbert
1028 2769 250 68 Hoover,
1308 2770 75 70 by
1416 2768 262 55 Mitchell
1767 2809 12 13 V.
1814 2766 307 73 Charnley,

111 2843 325 58 illustrated
475 2844 141 55 with
654 2846 409 70 photographs.
1138 2846 139 56 New
1318 2846 162 54 York
1520 2847 113 55 and
1670 2845 259 70 London,
111 2845 1986 146 Harper
239 2924 46 51 &

313 2922 277 70 brothers,
620 2927 152 51 1931.

186 3004 1348 51 viii p., 2 l., 3-272 p. front., plates, ports. 19½ᶜᵐ.
185 3060 164 42 “First
379 3061 229 42 edition.”

121 3114 52 52 ©
208 3120 122 39 Mar.
362 3119 70 48 18,
466 3118 112 42 1931;
641 3118 67 42 2c.
743 3121 122 39 Mar.
899 3121 56 39 19;
1018 3120 82 41 aff.
1136 3122 123 39 Mar.
1294 3121 57 40 20;
1414 3121 40 39 A
1487 3121 146 41 34957;
1695 3121 196 48 Harper
1924 3120 37 41 &
1994 3120 126 40 bros.

199 3176 251 49 (31-7517)

120 3242 214 69 [Clark,
362 3244 141 54 Mrs.
533 3244 193 53 Mabel
756 3245 307 63 Margaret
1101 3244 281 69 (Cowie)]

182 3317 1938 73 Dragon, by Lesley Storm [ pseud.] London [etc.] Cassell and
113 3414 296 50 company,
435 3394 223 56 limited
690 3400 173 66 [1931]

181 3478 663 50 3 p. l., 343, [1] p. 19½ᶜᵐ.
181 3532 259 42 American
475 3532 183 43 edition
702 3536 139 48 (New
876 3536 143 47 York,
1056 3537 183 40 Farrar
1273 3537 37 41 &
1345 3536 239 42 Rinehart
1620 3536 362 50 incorporated)
2030 3537 91 40 has

113 3590 131 41 title:
280 3590 150 41 Seven
463 3591 278 47 daughters.

122 3644 1997 54 © 1c. Mar. 7, 1931; A ad int. 14859; pubd. Feb. 5; M. M. C. Clark,
190 3706 211 39 London.
474 3705 249 48 (31-7571)

116 3770 249 65 Corwin,
398 3770 255 54 Edward
684 3764 255 73 Samuel,
972 3774 171 53 1878-

190 3848 122 54 The
347 3847 393 56 Constitution
776 3850 113 52 and
925 3849 156 53 what
1115 3850 48 52 it
1197 3868 193 35 means
1425 3850 196 67 today,
1654 3848 78 70 by
1767 3849 258 57 Edward
2064 3847 58 57 S.

121 3925 1778 72 Corwin … Princeton, Princeton university press, 1930.
