2505 4370
1035 4036 100 52 595

73 409 162 63 Betz,
268 407 275 64 William,
578 407 169 55 1879-

68 476 1976 152 Algebra for today, second course, by William Betz … Boston,
208 559 136 53 New
374 558 162 53 York
585 562 117 65 [etc.]
737 556 154 56 Ginn
920 556 111 53 and
1061 574 279 51 company
1372 558 192 66 [ᶜ1931]

187 639 1110 52 x, 502 p. incl. illus., tables, diagrs. 19½ ᶜᵐ .
80 709 51 52 ©
170 714 111 47 Apr.
318 714 67 46 11,
423 712 112 40 1931;
601 710 67 41 2c.
706 712 93 39 and
836 710 81 41 aff.
956 710 112 48 Apr.
1105 709 56 40 20;
1227 709 40 39 A
1304 707 143 43 35924;
1515 709 72 41 W.
1626 710 129 47 Betz,
1796 708 275 44 Rochester,

147 770 55 41 N.
232 771 53 39 Y.
355 768 278 49 (31-10392)

74 862 228 65 Bissell,
334 863 241 62 Harvey
606 861 379 55 Sutherland.

143 937 270 68 Cruising
462 936 137 52 with
649 937 94 52 the
792 935 474 66 Wanderlusters,
1315 934 74 70 by
1504 952 170 52 Harvey
1726 934 56 55 S.
1834 933 233 66 Bissell;

72 1014 242 52 wherein
351 1015 94 50 the
478 1014 115 51 real
629 1013 182 54 South
846 1031 117 36 seas
1000 1013 47 52 is
1084 1012 303 66 disclosed;
1424 1012 140 53 with
1602 1010 296 69 thirty-six
71 1011 1997 148 full-page

249 1091 376 55 illustrations
667 1091 149 52 from
852 1090 392 68 photographs
1281 1090 169 52 taken
1484 1089 75 71 by
1597 1089 95 52 the
1729 1088 220 68 author,
71 1094 1974 143 together

306 1170 139 53 with
485 1187 30 34 a
556 1167 364 69 frontispiece
959 1167 59 52 in
1059 1168 192 52 colors.
1328 1167 110 53 Los
1480 1166 261 69 Angeles,
1781 1166 289 69 Saturday

69 1246 164 69 night
268 1245 333 68 publishing
633 1261 293 53 company,
960 1248 148 50 1930.

141 1328 1225 49 3 p. l., 230 p. col. front., plates, ports. 24 ᶜᵐ .
140 1398 140 49 Maps
310 1411 57 28 on
398 1399 347 48 lining-papers.,

143 1453 162 42 Plates
339 1455 339 46 accompanied
711 1457 59 47 by
805 1457 153 46 guard
993 1456 133 39 sheet
1159 1454 118 41 with
1313 1454 290 48 descriptive
1639 1455 291 48 letterpress.

81 1522 51 53 ©
159 1527 117 40 Nov.
305 1527 67 48 10,
400 1525 141 48 1930;
571 1526 66 40 2c.
664 1527 116 47 Apr.
807 1527 67 46 14,
903 1525 140 46 1931;
1074 1525 82 40 aff.
1185 1527 123 40 Mar.
1336 1525 81 47 10;
1447 1525 42 39 A
1515 1524 171 49 36490;
1719 1526 60 41 H.
1810 1525 46 41 S.
1885 1524 189 52 Bissell,

147 1584 66 40 La
251 1583 272 48 Crescenta,
560 1583 145 40 Calif.
774 1582 278 48 (31-10238)

76 1677 335 66 Blashfield,
444 1678 84 54 De
559 1677 149 55 Witt
740 1677 252 56 Clinton.

149 1757 359 54 Blashfield’s
550 1758 328 67 cyclopedia
921 1755 64 53 of
1025 1756 344 53 automobile
1409 1757 138 66 law;
1593 1776 30 34 a
1667 1757 277 67 complete
77 1774 1975 130 encyclopedic

452 1840 303 48 treatment
807 1835 63 52 of
920 1835 96 52 the
1066 1835 109 52 law
1226 1835 64 52 of
1342 1833 387 69 automobiles,
1779 1834 298 70 including

77 1912 320 70 regulation
436 1914 74 68 by
551 1913 331 68 municipal,
923 1918 144 48 state
1108 1914 111 52 and
1263 1912 219 53 federal
1523 1911 355 70 authorities,
77 1916 1973 128 automobile

324 1990 316 69 insurance,
681 1992 112 51 and
833 1991 346 67 negligence,
1220 1989 141 53 with
1405 2009 30 33 a
1477 1989 211 69 special
1730 1990 235 68 chapter
2006 2008 72 35 on

78 2068 319 68 proximate
429 2086 161 34 cause
624 2069 111 52 and
766 2068 255 54 doctrine
1051 2069 63 51 of
1145 2069 113 52 last
1286 2068 150 52 clear
1467 2069 223 68 chance,
1724 2069 112 53 and
1869 2085 31 34 a
77 2086 1977 128 complete

261 2146 236 68 chapter
530 2164 73 35 on
635 2146 280 68 evidence,
945 2145 299 69 including
1279 2164 86 34 res
1400 2144 125 69 ipsa
1557 2145 253 67 loquitur
1844 2147 111 52 and
1991 2162 88 36 res

77 2228 184 63 gestæ.
337 2224 91 68 By
462 2223 87 53 De
583 2222 150 55 Witt
770 2223 59 54 C.
868 2222 330 53 Blashfield.
1274 2242 50 33 v.
1360 2226 48 49 4.
1448 2224 347 53 Permanent
77 2223 1976 131 cumulative

226 2301 375 68 supplement.
676 2300 174 52 From
886 2300 347 70 September,
1271 2304 151 66 1926,
1455 2305 57 50 to
1546 2301 263 70 January
1845 2305 47 64 1,
1926 2305 152 49 1931.

77 2377 227 55 Kansas
333 2378 152 70 City,
511 2378 134 70 Mo.,
670 2378 230 53 Vernon
926 2380 110 51 law
1060 2378 148 53 book
1233 2397 308 50 company;
1575 2378 82 55 St.
1686 2378 165 67 Paul,
1876 2379 203 68 Minn.,

76 2457 158 53 West
262 2456 335 69 publishing
624 2474 296 51 company,
951 2459 149 49 1931.

154 2536 469 49 iv, 996 p. 23½ ᶜᵐ .
85 2603 51 52 ©
164 2608 113 48 Apr.
304 2608 38 47 1,
370 2606 113 41 1931;
540 2606 67 40 2c.
635 2607 114 47 May
775 2607 54 39 15;
887 2607 80 40 aff.
997 2609 113 46 May
1137 2607 56 39 22;
1251 2608 41 38 A
1318 2607 143 41 38418;
1519 2609 193 39 Vernon
1738 2609 97 40 law
1861 2609 123 39 book
2012 2619 67 30 co.

155 2660 68 55 [©
253 2665 210 39 revision
492 2664 94 39 and
616 2664 259 49 additions]

79 2757 229 65 Boillin,
341 2759 174 62 Mary
545 2757 232 64 Louise,
812 2762 169 51 1895-

147 2831 453 55 Determination
646 2832 63 54 of
754 2832 95 56 the
895 2833 436 69 interrelations,
1378 2833 212 70 partial
1637 2833 112 54 and
1795 2833 281 70 multiple,

77 2909 245 53 between
352 2909 228 54 various
608 2911 480 68 anthropometric
1116 2919 434 46 measurements
1580 2912 62 52 of
1670 2911 207 70 college
77 2931 1973 122 women,

77 2986 1974 146 by Mary Louise Boillin … New York city, Teachers college,
251 3063 296 56 Columbia
585 3064 333 71 university,
953 3069 149 51 1930.

79 3145 1983 104 vi p., 1 l., 63 p. diagrs. 23½ ᶜᵐ . (Teachers college, Columbia university.
247 3202 363 42 Contributions
637 3206 49 39 to
717 3204 269 47 education,
1016 3216 73 29 no.
1117 3206 112 47 450)

152 3258 1527 53 Published also as thesis (PH. D.) Columbia university.
149 3314 347 50 Bibliography:
558 3327 41 37 p.
633 3315 157 42 62-63.

89 3381 51 52 ©
173 3386 109 39 Jan.
313 3387 68 47 30,
413 3386 112 40 1931;
587 3386 66 41 2c.
685 3388 121 39 Mar.
838 3388 55 38 24;
955 3388 81 40 aff.
1070 3389 120 39 Mar.
1222 3390 55 38 31;
1341 3389 39 39 A
1411 3390 144 41 35673;
1618 3391 240 41 Teachers
1891 3390 190 49 college,

158 3442 249 42 Columbia
442 3444 129 39 univ.
642 3443 277 48 (31-10255)

83 3535 246 65 Bowles,
356 3539 140 53 Mrs.
526 3537 128 53 Ella
681 3537 298 55 Shannon.

154 3614 337 69 Homespun
529 3616 377 70 handicrafts,
945 3618 74 69 by
1058 3618 132 53 Ella
1233 3618 273 55 Shannon
1544 3620 249 66 Bowles;
1836 3619 140 53 with
2018 3623 67 50 60

86 3691 393 55 illustrations.
555 3693 406 70 Philadelphia
996 3697 45 50 &
1075 3696 258 69 London,
1369 3696 53 54 J.
1461 3698 67 51 B.
1565 3696 339 70 Lippincott
86 3716 1973 123 company,
285 3773 150 49 1931.

157 3848 830 50 251 p. incl. front., illus. 22 ᶜᵐ .
92 3914 51 53 ©
173 3919 109 40 Jan.
310 3919 68 49 22,
407 3920 113 41 1931;
578 3921 66 40 2c.
675 3923 93 39 and
798 3922 80 40 aff.
908 3925 112 47 Apr.
1050 3924 26 40 8;
1133 3925 40 38 A
1200 3924 147 41 36368;
1404 3926 52 38 E.
1488 3924 47 42 S.
1564 3926 201 48 Bowles,
1798 3924 284 48 Franconia,

158 3976 56 43 N.
242 3976 60 42 H.
