2505 4370
1067 4024 130 49 1331

149 393 323 62 Chapman,
505 388 251 55 Michael
786 389 273 53 Andrew.

215 469 121 51 The
361 467 165 53 heart
552 465 65 53 of
642 466 96 52 the
766 465 248 67 fathers;
1044 462 154 55 brief
1225 482 251 35 sermons
1506 482 72 35 on
1606 463 97 53 the
1733 462 237 70 Sunday
145 461 1971 153 Gospels,
309 544 152 54 from
486 543 192 69 points
702 543 60 52 in
787 542 96 53 the
908 540 263 71 patristic
1196 540 262 54 homilies
1486 540 64 55 of
1573 541 96 54 the
1694 541 159 53 third
1880 545 261 62 nocturn,

143 618 1998 69 by the Reverend Michael Andrew Chapman … St. Louis,
144 700 133 67 Mo.,
312 699 113 53 and
460 699 257 66 London,
754 698 66 52 B.
856 696 228 53 Herder
1117 695 149 54 book
1300 714 99 49 co.,
1436 698 152 51 1931.

214 780 79 48 vii,
321 780 84 39 371
434 789 44 38 p.
535 778 147 41 19½ᶜᵐ.

149 834 52 52 ©
229 838 121 48 Aug.
376 836 71 49 20,
475 835 141 48 1931;
646 835 67 42 2c.
743 836 94 39 and
866 834 83 41 aff.
977 835 120 47 Aug.
1125 834 83 47 24;
1239 835 43 38 A
1307 834 171 47 41210;
1510 836 55 39 B.
1595 835 190 40 Herder
1814 834 123 41 book
1965 846 68 29 co.

227 893 278 50 (31-22635)

147 988 283 63 Clement,
460 986 234 53 Arthur
725 986 66 55 G.

212 1062 123 55 Our
402 1061 444 69 surroundings;
917 1080 73 34 an
1059 1062 346 67 elementary
1473 1061 230 68 general
1768 1060 230 68 science,
2065 1060 76 68 by

140 1137 2001 57 Arthur G. Clement … Morton C. Collister … and Ernest L.
139 1215 1978 148 Thurston … Syracuse, N. Y., The Iroquois publishing company,
339 1293 336 68 inc. [ ᶜ1 931]
211 1376 84 48 xii,
322 1376 84 40 628
432 1386 44 38 p.
535 1375 143 48 illus.,
704 1375 88 42 col.
816 1386 77 37 pl.,
920 1375 179 49 diagrs.
1157 1375 119 42 21ᶜᵐ.

211 1433 288 40 Illustrated
542 1431 363 48 lining-papers.

213 1487 349 42 “References”
590 1489 52 38 at
668 1488 89 39 end
788 1486 52 41 of
866 1487 118 40 each
1012 1487 201 48 chapter
1241 1489 172 46 except
1441 1497 103 30 one.

147 1542 52 53 ©
231 1547 119 47 Aug.
381 1545 70 46 23,
484 1544 139 47 1931;
658 1544 68 41 2c.
761 1544 126 47 Sept.
921 1543 53 47 2;
1008 1542 81 43 aff.
1126 1543 128 47 Sept.
1288 1544 53 46 1;
1376 1543 41 39 A
1448 1542 172 48 42106;
1658 1544 222 47 Iroquois
1913 1544 109 48 pub.
2058 1555 83 36 co.,

213 1602 91 41 inc.
371 1597 70 54 [©
471 1612 107 29 new
608 1602 194 47 matter,
834 1599 236 41 revisions
1102 1601 95 39 and
1229 1600 345 50 illustrations]

225 1658 279 50 (31-22685)

144 1741 252 62 Coburn,
427 1738 176 55 Walt.

140 1814 1971 150 Barb wire, by Walt Coburn. New York, London, The Century co. [ ᶜ1 931]
211 1974 63 49 vi,
303 1975 87 41 346
418 1985 45 38 p.
521 1973 117 43 20ᶜᵐ.
753 1971 132 51 $2.00

212 2031 162 41 “First
404 2029 261 51 printing.”

146 2084 52 53 ©
226 2089 129 48 Sept.
381 2089 42 47 1,
448 2087 140 49 1931;
616 2087 68 41 2c.
711 2088 96 39 and
834 2086 83 42 aff.
946 2086 128 48 Sept.
1100 2087 53 46 4;
1182 2086 42 39 A
1248 2086 173 48 41430;
1453 2086 215 49 Century
1695 2098 66 30 co.

224 2145 279 49 (31-22651)

143 2225 305 55 Columbia
479 2223 351 64 university.
904 2226 170 67 Dept,
1110 2227 63 67 of
1203 2223 249 70 English
1483 2227 115 52 and
1631 2229 384 65 comparative
212 2226 1905 132 literature.

213 2381 55 52 A
306 2382 162 52 home
508 2382 172 67 study
717 2399 194 34 course
948 2381 59 51 in
1045 2380 254 54 business
1339 2380 263 68 English,
1642 2383 281 65 prepared
1960 2382 182 51 under

144 2459 95 52 the
269 2457 355 69 supervision
656 2459 63 51 of
751 2459 95 52 the
877 2458 379 66 Department
1289 2458 64 52 of
1385 2458 263 68 English,
1684 2458 299 55 Columbia
143 2460 1972 144 university.

447 2535 1427 70 New York, Columbia university press [ ᶜ1 931]
211 2616 56 40 74
298 2627 43 37 p.
401 2615 145 42 19½ᶜᵐ.

146 2668 52 52 ©
232 2673 126 39 June
389 2671 70 49 10,
491 2671 139 47 1931;
665 2672 68 40 2c.
767 2672 126 39 June
926 2672 81 47 11;
1044 2671 81 40 aff.
1159 2673 127 39 June
1319 2672 82 47 13;
1437 2672 41 39 A
1511 2672 172 47 37897;
1721 2672 251 41 Columbia
2008 2673 130 40 univ.

212 2739 135 37 press.
432 2729 14 48 (CA
531 2727 176 41 31-670
723 2727 233 48 Unrev’d)

143 2808 298 65 Crockett,
472 2808 208 55 Albert
711 2809 269 65 Stevens,
1013 2809 170 56 1873-

209 2885 282 54 Peacocks
537 2903 73 35 on
657 2886 242 67 parade;
951 2905 32 33 a
1030 2886 293 53 narrative
1371 2885 64 54 of
1485 2906 31 33 a
1566 2887 209 68 unique
1824 2887 200 69 period
2075 2888 61 53 in

139 2963 307 53 American
479 2963 173 53 social
685 2962 221 70 history
942 2964 113 52 and
1090 2963 73 54 its
1197 2968 148 49 most
1380 2963 247 54 colorful
1662 2964 226 70 figures,
1922 2965 77 69 by
140 2965 1971 128 Albert

138 3039 1974 147 Stevens Crockett … New York, Sears publishing company, inc. [ ᶜ1 931]
271 3196 1168 51 xv p., 1 l., 314 p. front., plates, ports. 22½ᶜᵐ.
208 3253 305 48 Descriptive
540 3254 52 40 of
617 3254 86 41 life
731 3256 49 38 in
806 3255 117 40 New
949 3254 132 42 York
1105 3255 127 41 from
1261 3255 116 42 1890
1403 3259 50 38 to
1482 3255 128 49 1914,
1639 3257 140 40 when
1807 3257 83 41 the
1919 3257 214 42 Peacock

139 3309 128 51 alley
290 3310 53 41 of
366 3310 83 41 the
477 3310 439 41 Waldorf-Astoria
944 3322 101 30 was
1074 3313 52 40 at
1152 3311 65 42 its
1244 3312 182 49 height.

145 3364 52 52 ©
226 3369 120 48 Aug.
373 3367 70 48 26,
474 3367 140 48 1931;
645 3369 65 40 2c.
745 3369 126 48 Sept.
901 3370 52 46 1;
985 3369 81 40 aff.
1100 3370 127 48 Sept.
1258 3372 53 45 3;
1343 3372 42 38 A
1411 3370 171 49 42119;
1618 3371 143 41 Sears
1790 3372 110 47 pub.
1931 3383 83 36 co.,
2043 3372 93 41 inc.

222 3424 279 49 (31-22625)

141 3506 195 62 Cross,
364 3505 99 52 Ira
490 3505 230 64 Brown,
753 3511 169 50 1880-

208 3579 1923 76 Money and banking, by Ira B. Cross … New York city.
137 3657 1196 73 American institute of banking [ ᶜ1 931]
211 3738 86 41 544
322 3749 44 37 p.
427 3738 164 49 diagrs
664 3738 117 43 21ᶜᵐ.

212 3795 227 40 Lettered
465 3806 59 29 on
549 3806 167 31 cover:
743 3797 227 49 Banking
993 3807 52 31 n.

211 3851 162 41 “First
400 3852 230 49 printing,
658 3853 190 48 August
874 3853 157 42 1931.”

143 3903 52 52 ©
233 3909 120 47 Aug.
390 3909 71 46 24,
501 3908 139 48 1931;
680 3910 68 41 2c.
786 3912 95 38 and
920 3911 82 42 aff.
1041 3912 120 46 Aug.
1199 3911 83 48 25;
1324 3913 42 38 A
1403 3911 171 49 40997;
1617 3914 158 39 Amer.
1816 3914 226 39 institute
2083 3914 50 39 of

210 3964 226 50 banking.
511 3965 278 52 (31-22643)
