2505 4370
1081 4007 102 50 259

148 372 213 64 Conde,
391 371 246 55 Bertha.

218 446 1870 70 Spiritual adventures in social relations, by Bertha Conde …
146 525 315 63 Nashville,
489 526 195 62 Tenn.,
716 524 329 64 Cokesbury
1077 543 174 45 press,
1283 528 151 51 1931.

217 610 84 40 153
333 620 44 37 p.
438 608 146 41 19½ᶜᵐ.

218 667 188 39 “Books
434 669 49 36 to
510 675 84 30 use
621 665 79 40 for
728 665 247 40 reference
1003 664 48 39 in
1080 664 274 41 discussion
1381 664 237 49 groups”:
1646 676 44 37 p.
1717 666 100 41 153.

150 733 51 52 ©
239 738 109 39 Jan.
383 736 70 48 24,
490 736 140 46 1931;
667 736 68 39 2c.
772 738 95 38 and
904 736 82 40 aff.
1023 736 110 39 Feb.
1170 734 81 49 19;
1291 735 41 40 A
1367 735 171 48 33866;
1578 736 180 40 Lamar
1795 738 36 40 &
1866 736 284 48 Whitmore,

215 794 266 40 Nashville.
554 792 249 50 (31-5779)

146 888 307 65 Conkling,
483 888 253 54 Wallace
767 888 319 55 Edmonds.

210 963 1938 71 True values [by] Wallace Edmonds Conkling … Milwaukee.
141 1040 334 54 Morehouse
507 1040 335 70 publishing
873 1060 107 47 co.;
1015 1042 258 69 London,
1304 1042 69 52 A.
1407 1041 67 54 R.
1509 1042 295 56 Mowbray
1835 1044 46 50 &
1914 1061 98 49 co.,
2042 1042 104 55 ltd.

146 1121 194 66 [ ᶜ1 931 ]
210 1198 724 50 viii p., 2 l., [3]-54 p. 18ᶜᵐ.
211 1255 296 41 “Addresses
533 1255 49 40 in
611 1255 138 41 Saint
776 1255 173 41 Luke's
976 1256 194 45 church,
1200 1256 358 42 Germantown.
1590 1256 354 49 Philadelphia,
1973 1257 176 47 during

140 1312 135 48 Lent,
309 1311 497 44 1930.”—Foreword.

147 1382 51 52 ©
227 1387 111 40 Feb.
366 1386 70 47 18,
464 1385 141 47 1931;
636 1385 66 40 2c.
733 1386 110 39 Feb.
871 1384 82 47 24;
984 1384 81 40 aff.
1097 1384 111 40 Feb.
1237 1383 83 48 21;
1352 1384 41 39 A
1419 1383 171 48 33938;
1623 1384 288 41 Morehouse
1940 1385 110 48 pub.
2080 1394 67 31 co.

225 1442 250 50 (31-5980)

143 1537 241 64 Counts,
416 1538 228 63 George
672 1536 324 64 Sylvester,
1031 1542 165 49 1889-

211 1615 121 54 The
371 1616 183 53 soviet
589 1615 294 69 challenge
923 1620 57 47 to
1021 1614 285 67 America,
1345 1613 74 71 by
1459 1614 222 70 George
1724 1613 55 56 S.
1824 1614 217 55 Counts
2088 1658 8 8 .
2134 1658 6 9 .

142 1694 137 54 New
304 1693 181 69 York,
509 1693 121 55 The
654 1693 157 56 John
834 1694 131 69 Day
990 1711 282 51 company
1378 1695 93 51 [ᶜ1931]

273 1807 12 17 xv,
311 1777 87 40 372
423 1788 59 38 p.,
508 1777 20 39 1
562 1777 29 40 1.
650 1777 118 41 24ᶜᵐ.

211 1834 128 39 “The
370 1833 160 47 major
562 1833 273 49 provisions
866 1832 52 41 of
948 1833 82 40 the
1062 1832 230 48 five-year
1326 1833 112 47 plan
1471 1833 96 39 and
1600 1833 81 39 the
1715 1833 99 37 rôle
1847 1833 154 38 which
138 1835 1951 95 educational

384 1889 310 41 institutions
728 1901 83 30 are
845 1889 199 49 playing
1075 1889 49 40 in
1158 1889 129 40 their
1319 1889 284 40 fulfillment
1637 1889 266 40 constitute
1939 1891 79 37 the
139 1892 1986 103 primary

299 1947 162 41 theme
485 1947 52 40 of
561 1947 84 41 the
666 1949 197 46 present
888 1946 338 48 volume.”—p.
1254 1946 69 41 18.

209 2004 248 41 “Selected
486 2002 396 50 bibliography”:
915 2014 42 38 p.
985 2003 218 41 341-362.

145 2069 51 52 ©
229 2073 110 41 Feb.
371 2074 39 48 6,
442 2072 141 49 1931;
616 2073 68 42 2c.
716 2074 111 40 Feb.
857 2073 82 47 24;
974 2073 82 40 aff.
1090 2073 111 40 Feb.
1233 2072 83 48 26;
1351 2073 42 39 A
1422 2071 171 49 33966;
1630 2072 54 41 G.
1719 2072 46 42 S.
1798 2072 196 46 Counts,
2028 2073 118 39 New

210 2131 144 40 York.
425 2131 250 48 (31-5813)

140 2226 220 63 Curtis,
390 2227 255 52 Edward
675 2226 56 54 S.

209 2305 119 52 The
360 2305 187 52 North
581 2305 307 53 American
919 2305 230 66 Indian,
1181 2304 170 69 being
1384 2325 27 33 a
1448 2305 168 53 series
1648 2305 63 50 of
1747 2306 249 51 volumes
138 2305 1983 147 picturing
375 2385 113 51 and
529 2383 323 69 describing
890 2384 95 52 the
1025 2383 242 53 Indians
1307 2382 63 53 of
1409 2384 94 51 the
1545 2383 216 53 United
1805 2383 204 66 States,
2050 2385 94 51 the

137 2461 312 52 Dominion
494 2461 63 53 of
604 2461 252 55 Canada,
901 2463 111 51 and
1058 2461 246 55 Alaska;
1353 2461 245 57 written,
1645 2461 342 59 illustrated,
2032 2464 110 50 and

138 2539 302 67 published
481 2540 75 68 by
600 2540 252 52 Edward
898 2539 55 55 S.
999 2539 221 56 Curtis;
1267 2538 188 54 edited
1499 2541 74 67 by
1615 2538 308 54 Frederick
1963 2540 181 53 Webb

137 2616 2005 148 Hodge: foreword by Theodore Roosevelt: field research conducted under the patronage of J. Pierpont Morgan … v. 18.
161 2774 120 52 [The
345 2773 370 69 Chipewyan,
779 2773 156 55 Cree.
995 2774 96 51 the
1155 2772 174 55 Sarsi.
1406 2773 303 58 Norwood,
1770 2774 191 68 Mass.,
2023 2775 120 52 The

136 2852 705 68 Plimpton press, ᶜ1 928]
207 2932 84 48 xii,
324 2932 84 41 253
442 2943 42 37 p.
546 2932 84 40 col.
664 2932 165 48 front.,
862 2932 171 48 plates.
1092 2931 117 42 32ᶜᵐ.

142 2998 51 52 ©
219 3003 118 40 Nov.
363 3003 40 46 1,
431 3001 139 43 1930;
600 3002 66 41 2c.
694 3003 93 39 and
816 3002 81 40 aff.
924 3003 111 39 Dec.
1064 3002 56 40 10;
1175 3002 40 39 A
1241 3002 173 47 34536;
1443 3002 156 41 North
1628 3002 158 42 Amer.
1815 3002 190 48 Indian,
2034 3002 106 46 inc.,

207 3060 118 39 New
359 3060 145 40 York.

136 3154 238 64 Daiger,
402 3155 73 52 K.
506 3155 57 54 S.

205 3232 221 51 Fourth
456 3232 218 66 degree,
702 3250 30 33 a
759 3237 252 62 mystery
1036 3232 182 56 novel,
1244 3232 75 67 by
1347 3233 73 51 K.
1453 3233 54 52 S.
1536 3232 231 69 Daiger.
138 3233 1970 142 Philadelphia,

319 3308 989 69 Macrae Smith company [ ᶜ1 931]
206 3388 87 41 296
319 3400 42 38 p.
422 3389 145 41 19½ᶜᵐ.

207 3446 160 40 “First
395 3445 227 42 edition.”

140 3497 52 53 ©
225 3501 108 42 Feb.
366 3503 70 46 24,
467 3502 106 40 1931;
642 3503 65 40 20.
741 3504 92 38 and
868 3503 81 40 aff.
983 3504 109 39 Feb.
1124 3503 59 41 28;
1243 3503 40 40 A
1313 3502 171 48 33996;
1521 3505 208 47 Macrae,
1767 3503 155 42 Smith
1956 3514 66 31 co.

216 3558 251 48 (31-5704)

138 3652 191 53 Dante
362 3651 311 66 Alighieri,
708 3660 324 49 1265-1321.

203 3730 121 53 The
363 3729 243 54 Inferno
644 3730 64 53 of
744 3731 207 66 Dante,
988 3732 315 53 translated
1345 3732 121 53 into
1507 3732 245 69 English
1792 3736 153 51 terza
1986 3733 147 53 rima

135 3806 1974 147 verse with introduction and notes by Lacy Lockert … Princeton, Princeton university press, 1931.
