2505 4370
1260 4075 135 49 1330

314 397 197 65 Baldt,
539 398 199 52 Laura
766 398 189 54 Irene.

444 470 1887 73 … Clothing, simplicity-economy for the high school girl,
311 548 2020 76 by Laura I. Baldt … and Helen D. Harkness … Chicago,
309 630 1205 70 London [etc.] J. B. Lippincott [ ᶜ1 931 ]
381 711 86 49 xii,
494 710 87 41 401
611 722 43 38 p.
710 712 87 39 col.
825 710 166 50 front.,
1021 711 144 48 illus.,
1193 710 182 49 diagrs.
1435 710 117 42 20ᶜᵐ.
1622 710 346 49 (Lippincott’s
1998 710 141 43 home
311 722 2003 87 economics
463 770 145 47 texts,
639 768 72 41 ed.
742 769 61 47 by
834 768 54 42 B.
921 768 54 41 R.
1008 768 264 48 Andrews)

383 825 355 49 Bibliography
770 827 52 38 at
850 827 93 38 end
974 824 53 41 of
1057 825 119 40 each
1208 823 199 42 section.

321 881 51 53 ©
403 887 115 46 May
544 885 70 49 28,
644 884 141 48 1931;
815 884 69 41 2c.
912 885 96 40 and
1038 883 82 42 aff.
1147 883 122 48 Aug.
1297 883 84 48 26;
1412 883 41 39 A
1481 882 173 48 41243;
1685 883 45 42 J.
1760 884 54 39 B.
1844 883 282 49 Lippincott
2154 894 67 32 co.

399 942 283 49 (31-22668)

317 1023 330 66 Blatchley,
677 1023 191 55 Willis
897 1023 265 66 Stanley,
1195 1030 172 49 1859-

383 1101 106 69 My
528 1106 207 47 nature
774 1101 179 67 nook;
998 1119 82 50 or,
1122 1101 178 54 Notes
1341 1119 73 35 on
1457 1100 97 54 the
1594 1100 233 53 natural
1867 1100 226 70 history
2135 1099 65 54 of
2238 1101 97 52 the

315 1177 1777 72 vicinity of Dunedin, Florida, by W. S. Blatchley …
314 1180 1997 146 Indianapolis,
688 1257 122 54 The
839 1257 219 53 Nature
1089 1256 340 70 publishing
1457 1275 299 51 company,
1788 1260 152 50 1931.

385 1341 88 40 302
500 1352 44 37 p.
605 1340 130 40 illus.
765 1340 164 48 (plan)
965 1351 65 29 xv
1055 1351 64 38 pl.
1147 1340 136 49 (incl.
1309 1340 167 48 front.,
1503 1340 150 48 port.)
1720 1340 119 41 20ᶜᵐ.

322 1394 52 52 ©
404 1399 123 47 Aug.
558 1398 69 47 21,
658 1397 141 48 1931;
833 1397 67 42 2c.
932 1399 96 38 and
1059 1397 81 40 aff.
1173 1398 122 47 Aug.
1326 1397 82 47 26;
1443 1397 41 39 A
1511 1396 173 48 41295;
1719 1398 72 41 W.
1825 1397 46 41 S.
1904 1398 271 47 Blatchley,
390 1397 1930 107 Indianapolis.
700 1455 281 48 (31-22686)

319 1537 235 63 Brown,
586 1535 198 65 Emily
813 1536 196 56 Clark.

386 1612 166 53 Book
580 1613 114 53 and
723 1612 97 70 job
850 1613 267 70 printing
1146 1613 60 52 in
1237 1612 284 70 Chicago;
1553 1631 33 34 a
1615 1613 173 69 study
1816 1611 65 55 of
1908 1612 430 70 organizations

315 1691 65 54 of
414 1692 321 70 employers
772 1693 114 53 and
921 1691 152 54 their
1109 1690 274 56 relations
1419 1691 142 54 with
1597 1691 180 70 labor,
1810 1691 76 71 by
1924 1691 197 71 Emily
2160 1691 179 57 Clark

316 1770 2022 71 Brown … Chicago, Ill., The University of Chicago press
321 1852 175 65 [1931]

387 1932 106 49 xiii,
535 1933 86 41 363
664 1943 43 38 p.
768 1933 147 40 21½ᶜᵐ.
986 1931 305 50 (Half-title:
1335 1931 161 42 Social
1538 1932 189 42 science
1768 1932 202 49 studies,
2013 1933 219 42 directed
2276 1937 61 47 by

317 1991 82 40 the
445 1989 160 42 Social
647 1989 188 41 science
877 1990 227 40 research
1148 1989 278 41 committee
1468 1989 53 41 of
1562 1990 83 41 the
1689 1990 285 49 University
2015 1990 54 42 of
2112 1991 226 50 Chicago,

317 2058 75 31 no.
523 2047 15 48 XXI)

387 2104 382 48 Bibliography:
799 2114 43 38 p.
868 2104 219 40 323-332.

323 2158 52 52 ©
405 2163 121 48 Aug.
557 2163 69 47 11,
657 2161 141 48 1931;
830 2159 67 43 2c.
929 2162 96 39 and
1056 2160 81 40 aff.
1169 2161 122 46 Aug.
1321 2159 82 48 28;
1435 2160 41 39 A
1505 2160 174 48 42054;
1713 2160 285 49 University
2029 2161 53 40 of
2113 2160 225 50 Chicago,

393 2220 226 47 Chicago.
691 2218 282 49 (31-22677)

319 2300 212 64 Bruce,
560 2299 224 54 Robert
814 2299 62 56 C.

387 2376 240 55 Camera
662 2383 205 47 secrets
899 2376 63 52 of
994 2376 369 70 Hollywood,
1394 2376 35 53 by
1504 2375 216 55 Robert
1757 2375 61 56 C.
1854 2375 187 54 Bruce
2076 2375 115 55 and
2224 2375 113 53 Pat

314 2455 287 68 Dowling.
664 2453 326 70 Simplified
1014 2454 409 71 photography
1448 2454 94 52 for
1564 2454 97 54 the
1685 2454 166 53 home
1877 2453 222 70 picture
2123 2454 211 53 maker.

313 2531 2019 71 Hollywood, Calif., Camera secrets publishing company, ᶜ1 931.
385 2613 101 49 135,
520 2613 56 50 [1]
608 2624 43 38 p.
683 2614 78 40 incl.
824 2613 165 46 front.,
1022 2613 145 49 illus.,
1197 2614 173 48 plates.
1431 2613 147 42 24½ᶜᵐ.

324 2670 52 52 ©
404 2674 118 47 July
547 2674 70 48 21,
646 2672 141 47 1931;
816 2673 67 41 2c.
910 2674 120 47 Aug.
1058 2673 53 47 3;
1142 2672 82 42 aff.
1253 2673 120 47 Aug.
1400 2671 83 49 18;
1513 2673 41 39 A
1579 2672 174 49 40823;
1786 2673 205 42 Camera
2020 2676 182 38 secrets
2229 2673 110 49 pub.

392 2742 68 29 co.
533 2731 281 49 (31-22667)

319 2796 323 67 Buranelli,
672 2798 275 65 Prosper,
982 2801 173 52 1890-
1369 2798 85 55 ed.

389 2876 122 52 The
536 2894 152 35 cross
711 2876 160 52 word
895 2875 198 68 puzzle
1118 2874 165 54 book.
1346 2874 397 71 Twenty-first
1765 2874 187 56 series.
2014 2875 57 54 A
2096 2881 240 65 twenty-

318 2953 125 53 first
477 2954 317 68 anthology
825 2953 64 54 of
918 2952 276 71 fifty-five
1224 2972 127 34 new
1381 2971 152 36 cross
1565 2954 159 53 word
1758 2954 246 69 puzzles,
2035 2953 303 70 including

318 3031 159 52 three
518 3031 211 69 special
772 3032 307 53 children’s
1121 3031 364 54 educational
1527 3050 151 36 cross
1722 3032 159 53 word
1924 3033 229 68 puzzles
319 3030 1993 132 published

537 3110 131 53 here
702 3110 347 70 exclusively
1082 3110 94 52 for
1208 3111 96 52 the
1336 3110 127 54 first
1495 3111 156 67 time,
1685 3111 114 53 and
1833 3110 191 54 edited
2057 3110 76 70 by
321 3111 1992 144 Prosper
455 3188 317 67 Buranelli,
806 3189 66 52 F.
907 3188 264 70 Gregory
1202 3188 336 54 Hartswick
1577 3223 13 34 [
1596 3189 132 67 and]
1767 3189 299 70 Margaret
2101 3190 235 52 Pether-

319 3266 219 69 bridge.
602 3266 138 52 New
770 3265 181 68 York,
981 3266 201 56 Simon
1209 3268 115 52 and
1353 3265 290 70 Schuster,
1670 3267 128 68 inc.,
1828 3269 152 51 1931.

388 3347 867 49 1 p. l., 5-126 p. diagrs. 19½ᶜᵐ.
389 3404 318 48 Advertising
737 3406 208 40 matter:
977 3415 43 38 p.
1071 3404 236 51 [125]-126.

325 3457 52 52 ©
405 3462 122 48 Aug.
555 3463 70 47 27,
655 3462 141 47 1931;
828 3464 66 39 2c.
926 3467 96 38 and
1052 3463 83 40 aff.
1164 3464 122 47 Aug.
1315 3463 83 47 29;
1429 3464 41 39 A
1497 3464 174 48 42078;
1707 3464 165 43 Simon
1902 3464 37 42 &
1970 3464 246 43 Schuster,
2247 3465 91 40 inc.

403 3519 282 50 (31-22629)

322 3586 320 65 Campbell,
675 3588 298 55 Florence.

390 3662 164 53 Your
602 3662 142 71 days
794 3683 94 34 are
937 3663 342 70 numbered;
1332 3685 31 33 a
1415 3666 233 52 manual
1699 3664 65 55 of
1812 3665 376 70 numerology
2241 3663 94 56 for

318 3740 343 66 everybody,
701 3742 35 53 by
819 3743 275 54 Florence
1138 3742 320 64 Campbell,
1556 3786 10 11 M.
1652 3787 10 10 A.
1742 3744 140 53 New
1926 3743 183 63 York,
2152 3744 69 53 R.
2264 3744 69 53 R.

319 3815 211 73 Smith,
561 3819 128 69 inc.,
722 3823 151 51 1931.

421 3899 1017 51 x p., 1 l., 245 p. illus., diagrs. 20½ᶜᵐ.
322 3951 52 53 ©
415 3956 121 50 Aug.
576 3959 69 43 24.
685 3958 140 45 1931;
867 3960 66 42 2c.
976 3964 96 39 and
1112 3961 82 41 aff.
1236 3962 120 45 Aug.
1397 3961 81 49 26;
1521 3963 41 40 A
1600 3962 173 48 42018;
1818 3961 51 41 F.
1913 3961 262 50 Campbell,
2218 3962 117 40 New

392 4015 145 43 York.
613 4017 280 49 (31-22632)
