2505 4370
1096 4031 100 51 567

175 478 896 57 204 p. incl. front., plates. 19½ ᶜᵐ .
116 555 52 53 ©
203 558 108 42 Feb.
344 557 69 48 28,
447 554 113 43 1931;
622 556 66 40 2c.
722 554 113 47 Apr.
867 552 26 40 3;
956 550 83 43 aff.
1071 550 114 48 Apr.
1219 550 24 38 1;
1308 549 40 39 A
1380 545 144 44 36332;
1589 546 173 40 Milton
1796 543 211 48 Bradley
2041 549 69 31 co.

194 614 249 52 (31-9709)

112 710 255 64 Hegner,
397 709 222 53 Robert
647 704 290 65 Wilhelm,
970 709 169 50 1880-

179 787 356 68 Laboratory
562 784 172 69 guide
761 782 92 53 for
880 779 228 71 College
1134 779 256 67 zoology,
1418 777 73 69 by
1519 777 213 51 Robert
1762 775 84 53 W.
1876 773 233 67 Hegner

170 856 1448 75 … New York, The Macmillan company, 1931.
184 938 904 56 viii p., 1 l., 75 p. 1 illus. 22½ ᶜᵐ .
119 1014 51 52 ©
199 1017 114 49 Apr.
341 1016 67 44 14,
439 1015 111 40 1931;
607 1014 66 40 2c.
703 1013 96 39 and
826 1011 80 40 aff.
937 1011 113 47 Apr.
1081 1009 81 47 15;
1191 1008 40 39 A
1260 1006 172 49 36499;
1464 1005 282 41 Macmillan
1802 1014 38 32 co.

198 1072 249 51 (31-9665)

115 1167 189 65 Hirst,
336 1166 245 53 Francis
612 1163 279 65 Wrigley,
927 1163 170 55 1873-

183 1242 149 53 Wall
369 1246 172 49 street
577 1239 111 54 and
723 1239 284 52 Lombard
1046 1243 195 58 street;
1283 1236 94 54 the
1413 1235 152 53 stock
1605 1233 286 67 exchange
1927 1231 187 66 slump

113 1321 62 50 of
205 1322 132 50 1929
367 1318 112 53 and
511 1319 92 51 the
630 1315 164 56 trade
821 1313 322 70 depression
1173 1314 64 52 of
1268 1317 152 62 1930,
1447 1311 73 71 by
1555 1311 230 52 Francis
1816 1309 82 55 W.
1934 1309 177 51 Hirst.

114 1395 133 55 New
282 1395 177 70 York,
488 1395 122 55 The
641 1393 332 52 Macmillan
1004 1409 297 52 company,
1334 1393 146 51 1931.

185 1477 716 51 ix p., 2 l., 3-180 p. 19½ᶜᵐ.
123 1547 51 52 ©
209 1551 112 49 Apr.
356 1551 67 47 14,
460 1548 111 41 1931;
635 1548 64 41 2c.
737 1549 94 38 and
866 1547 81 40 aff.
981 1546 112 49 Apr.
1130 1546 54 39 15;
1248 1546 40 38 A
1322 1542 145 44 36498;
1532 1542 282 41 Macmillan
1849 1551 66 34 co.

200 1607 249 49 (31-9721)

121 1703 300 65 Hoffman,
451 1701 141 54 Levi
621 1699 253 66 Samuel,
907 1700 170 55 1875-

186 1778 122 53 The
343 1777 197 54 Christ
576 1794 80 36 we
692 1777 152 66 love;
884 1795 70 33 an
992 1774 285 54 unknown
1313 1773 152 53 voice
1505 1773 148 51 from
1691 1772 96 53 the
1823 1771 194 54 echoes
2056 1771 65 51 of

118 1857 93 51 the
247 1853 235 70 pilgrim
520 1853 170 54 exiles
725 1854 62 51 of
822 1854 94 51 the
953 1853 82 54 St.
1072 1852 250 54 Andrew
1361 1852 62 51 of
1463 1850 151 66 1734,
1648 1850 72 69 by
1756 1851 64 53 L.
1859 1849 54 55 S.
118 1849 1978 135 Hoffman

116 1926 1979 155 … New York, Chicago [etc.] Fleming H. Revell company [ ᶜ1 931 ]
188 2092 369 49 224 p 1 9½ᶜᵐ.
130 2146 53 53 ©
213 2150 123 41 Mar.
363 2150 70 46 21,
465 2147 141 49 1931;
637 2149 68 40 2c.
735 2149 96 38 and
860 2147 83 41 aff.
971 2147 124 41 Mar.
1124 2147 83 46 25;
1239 2148 45 38 A
1310 2144 172 50 36076;
1517 2145 221 49 Fleming
1767 2146 61 40 H.
1861 2146 166 40 Revell
2059 2156 67 29 co.

206 2205 252 52 (31-9910)

127 2302 224 65 Houck,
382 2300 317 55 Frederick
730 2299 231 65 Alfons,
995 2304 170 51 1866-

196 2378 318 53 Fountains
554 2376 64 52 of
656 2377 126 67 joy;
826 2395 79 48 or,
946 2375 125 71 “By
1111 2382 175 46 water
1327 2375 112 53 and
1476 2375 223 68 blood”,
1738 2376 75 68 by
1852 2375 96 54 the
1988 2375 138 52 Rev.

126 2450 1822 75 Frederick A. Houck … St. Louis, Mo., and London, B.
127 2454 1978 133 Herder
251 2532 147 54 book
425 2550 98 50 co.,
552 2534 150 51 1931.

199 2613 455 52 ix, 277 p. 19½ ᶜᵐ .
467 2672 142 46 CONTENTS.—pt.
651 2669 40 41 1.
733 2672 180 39 Water.
930 2694 58 5 —
1007 2670 68 49 pt.
1117 2669 41 40 2.
1201 2670 337 42 Sacramental
1579 2674 167 39 water.
1762 2695 58 5 —
1838 2671 67 48 pt.
1947 2670 42 42 3.
2029 2672 102 40 The

130 2727 220 51 precious
376 2729 155 39 blood.

136 2783 51 52 ©
218 2787 114 48 Apr.
365 2785 37 49 6,
436 2784 140 47 1931;
610 2782 67 43 2c.
708 2784 113 47 Apr.
856 2784 51 46 8;
942 2783 81 42 aff.
1056 2785 113 47 Apr.
1203 2783 81 47 10;
1320 2785 39 38 A
1391 2784 144 42 35727;
1598 2786 54 40 B.
1686 2785 190 42 Herder
1909 2786 121 40 book
2064 2795 68 31 co.

213 2842 278 52 (31-10190)

134 2939 177 64 Hoyt,
401 2955 143 37 Vance
581 2938 238 65 Joseph.

207 3018 282 68 Bar-Rac,
515 3018 98 52 the
636 3015 322 73 biography
984 3017 64 54 of
1074 3036 31 34 a
1134 3035 253 52 raccoon,
1413 3019 73 70 by
1570 3037 134 35 Vance
1730 3018 214 70 Joseph
1976 3019 161 69 Hoyt

196 3092 1942 76 … with illustrations from photographs by the author. Boston,
133 3166 1107 76 Lothrop, Lee & Shepard co. [ ᶜ1 931 ]
204 3248 795 65 111 p. front., plates. 21½ ᶜᵐ .
209 3307 287 41 Illustrated
528 3304 362 50 lining-papers.

143 3363 52 53 ©
230 3367 114 49 Apr.
379 3366 56 39 15,
543 3366 52 38 1931;
662 3364 66 41 2c.
765 3365 113 47 Apr.
914 3366 82 47 18;
1035 3364 80 42 aff.
1152 3366 115 47 Apr.
1302 3365 84 49 20;
1423 3366 41 40 A
1499 3366 174 48 36655;
1710 3366 226 50 Lothrop,
1974 3368 93 40 Lee
2105 3367 35 40 &

217 3424 217 48 Shepard
458 3435 68 29 co.
589 3421 279 51 (31-10077)

141 3515 303 65 Hubbard,
478 3515 222 66 Elbert,
734 3521 323 53 1856-1915.

211 3596 119 54 The
363 3595 346 71 philosophy
738 3597 64 53 of
834 3596 200 54 Elbert
1066 3596 284 53 Hubbard;
1414 3597 132 53 here
1577 3597 273 69 gathered
1883 3597 260 68 together

141 3673 73 68 by
235 3673 88 53 his
345 3692 100 35 son
469 3672 198 54 Elbert
691 3674 282 53 Hubbard
1049 3717 11 13 II,
1084 3694 93 34 are
1200 3675 95 52 the
1319 3680 196 62 potent
1537 3676 248 67 sayings,
1807 3674 94 54 the
144 3692 1975 113 muscular

268 3768 432 49 commonsense,
739 3753 112 52 and
889 3752 96 53 the
1022 3751 282 70 energetic
1340 3752 260 54 idealism
1638 3752 185 53 which
1862 3754 162 53 made
2065 3771 78 49 up

143 3827 199 55 Elbert
363 3827 330 55 Hubbard’s
715 3828 511 70 philosophy—the
1249 3829 293 69 teachings
1564 3831 75 68 by
1662 3848 190 35 means
1874 3830 62 53 of
1961 3831 181 52 which

146 3908 68 51 he
243 3908 202 66 helped
480 3906 311 54 thousands
820 3906 63 52 of
913 3926 126 33 men
1070 3909 111 51 and
1214 3925 215 35 women
1461 3913 57 47 to
1550 3907 402 69 achievement,
1982 3908 163 52 made
