2428 4370
1224 4008 137 60 1674

351 445 388 52 290, [1] p. 19 ᶜᵐ.
290 514 2010 54 © Mar. 17, 1931; 1c. Sept. 15; A— Foreign 13643; Philipp Reclam, jun.
369 577 282 48 (31-30652)

287 671 335 66 Bradbury,
652 672 204 64 Harry
884 673 227 64 Bower,
1145 677 329 51 1863-1923.

353 749 357 69 Bradbury’s
731 749 258 69 lawyers’
1011 749 232 53 manual;
1299 750 97 54 the
1419 749 258 69 lawyers’
1702 748 465 68 remembrancer,
2191 746 109 54 law

283 826 2018 71 clerks’ and law students’ guide and assistant … Annotated
285 905 180 54 forms
505 905 63 53 of
606 904 136 54 civil
780 906 249 69 practice
1069 911 147 48 most
1256 905 328 72 frequently
1623 904 214 56 needed
1875 904 62 53 in
1974 904 328 69 Appellate,

283 983 296 70 Supreme,
611 982 360 71 Surrogates’
1003 984 114 55 and
1150 983 247 56 inferior
1427 988 217 60 courts;
1677 984 150 69 legal
1860 983 113 54 and
284 983 1994 148 documentary

443 1062 180 54 forms
652 1062 324 71 constantly
1005 1063 139 54 used
1170 1062 77 71 by
1275 1062 258 70 lawyers,
1559 1063 77 70 by
1665 1062 200 71 Harry
1894 1062 68 54 B.
1994 1061 308 70 Bradbury

348 1138 1956 74 … 4th ed., rev. by Edwin M. Bohm … New York, Baker,
341 1219 191 54 Voorhis
564 1221 46 51 &
644 1237 97 52 co.,
775 1222 150 51 1931.

354 1300 72 49 lii,
455 1299 116 42 2101
604 1311 44 38 p.
708 1299 58 41 25½ᶜᵐ.

358 1370 296 42 “Addenda”
684 1372 231 40 mounted
948 1382 62 31 on
1040 1371 137 41 front
1207 1370 341 50 lining-paper.

293 1440 55 54 ©
374 1445 102 42 Oct.
504 1445 70 48 20,
602 1444 114 42 1931;
773 1445 66 41 2c.
868 1446 97 40 and
993 1444 82 43 aff.
1105 1444 102 43 Oct.
1235 1445 57 40 23;
1348 1446 42 39 A
1415 1445 148 41 43503;
1620 1446 177 49 Baker,
1825 1445 212 42 Voorhis
2064 1446 36 41 &
2126 1457 68 32 co.
373 1503 284 49 (31-30617)

288 1597 222 67 Braun,
545 1600 149 54 Curt
725 1598 323 67 Johannes,
1086 1604 172 50 1903-

357 1675 113 56 Die
495 1682 125 49 saat
646 1677 137 70 geht
809 1675 132 71 auf;
970 1695 200 36 roman
1198 1695 114 35 von
1338 1675 146 57 Curt
1510 1676 57 56 J.
1596 1677 217 54 Braun.
1916 1720 11 11 1.
1956 1676 86 55 bis
2072 1679 81 51 10.
287 1682 1993 127 tausend.

506 1755 1000 72 Berlin, Scherl g. m. b. h. [ ᶜ1 931]
355 1837 390 51 216, [1] p. 18 ᶜᵐ.
294 1906 52 53 ©
377 1910 129 41 June
533 1909 72 50 22,
634 1910 144 48 1931;
866 1945 9 8 1c.
908 1911 129 49 Sept.
1068 1912 83 47 15;
1183 1912 103 39 A—
1289 1911 211 49 Foreign
1528 1911 172 48 13644;
1732 1912 193 48 August
1959 1910 181 49 Scherl,
2171 1921 44 39 g.
2245 1922 62 29 m.

362 1968 42 40 b.
430 1968 46 40 h.
552 1967 283 52 (31-30651)

291 2063 343 65 Broderick,
675 2064 422 54 Bonaventure
1137 2065 316 64 Finnbarr,
1495 2067 110 68 bp.,
1646 2070 173 50 1868-

365 2144 122 53 The
523 2143 217 54 Forum
776 2145 138 53 stele
951 2144 59 54 in
1046 2146 97 52 the
1176 2145 179 69 Lapis
1391 2145 166 69 niger
1592 2149 59 50 at
1686 2145 197 66 Rome,
1918 2143 296 56 identified
2250 2165 59 34 as

293 2222 98 54 the
434 2224 115 54 sole
594 2222 393 70 recognizable
1030 2230 263 47 remnant
1337 2223 65 54 of
1443 2223 97 55 the
1584 2224 186 52 wreck
1813 2223 65 52 of
1919 2224 96 54 the
2059 2222 248 71 original

293 2300 152 53 altar
470 2303 220 52 erected
714 2302 75 70 by
813 2301 280 54 Romulus
1118 2321 62 35 as
1204 2322 31 34 a
1261 2307 133 63 part
1420 2304 64 52 of
1506 2302 90 55 his
1621 2321 299 52 ceremony
1945 2302 65 53 of
2034 2302 213 54 formally

295 2377 291 72 founding
616 2380 97 52 the
746 2378 117 72 city
895 2381 65 52 of
991 2381 198 68 Rome,
1222 2382 111 52 and
1367 2381 74 53 its
1473 2379 341 69 inscription
1851 2382 353 67 interpreted
2234 2382 75 68 by

293 2458 1778 71 Bonaventure Finnbarr Broderick … New York, 1931.
361 2537 86 40 112
474 2549 42 38 p.
579 2537 129 43 illus.
738 2539 134 49 (incl.
900 2538 142 50 plan)
1110 2538 55 42 23½ᶜᵐ.

295 2605 52 53 ©
380 2610 102 41 Oct.
513 2612 40 46 7,
583 2610 115 42 1931;
756 2610 67 42 2c.
854 2612 97 39 and
980 2611 83 42 aff.
1095 2611 102 41 Oct.
1228 2612 56 39 14;
1344 2612 41 39 A
1413 2612 146 40 44134;
1620 2613 55 40 B.
1707 2612 52 42 F.
1790 2611 281 48 Broderick,
364 2611 1926 106 Saugerties,

501 2669 56 41 N.
589 2669 53 40 Y.
715 2668 282 50 (31-30525)

290 2763 248 66 Brooks,
567 2767 140 52 Mrs.
737 2763 195 55 Annie
960 2763 156 58 Sills.

359 2841 404 70 Everywhere,
794 2843 361 69 everywhere
1189 2840 323 60 Christmas
1544 2843 249 72 tonight,
1828 2843 77 71 by
1939 2843 192 55 Annie
2167 2842 138 58 Sills

290 2920 251 67 Brooks;
583 2939 166 36 cover
789 2921 201 70 design
1029 2922 76 71 by
1145 2923 69 54 N.
1257 2922 69 56 G.
1365 2922 368 55 Wuenscher.
1811 2922 84 57 St.
1938 2923 194 68 Louis,
2171 2922 134 67 Mo.,

288 2999 836 71 The Bethany press [ ᶜ1 931 ]
359 3079 274 51 ill p. 20 ᶜᵐ.
364 3150 147 43 Short
536 3152 192 43 stories.

295 3219 52 53 ©
383 3223 101 42 Oct.
519 3224 39 48 6,
593 3224 114 41 1931;
769 3225 67 42 2c.
870 3230 97 39 and
1001 3226 82 41 aff.
1119 3226 103 43 Oct.
1256 3227 57 40 24;
1374 3227 43 41 A
1447 3227 147 41 43480;
1656 3226 57 43 A.
1750 3226 44 42 S.
1830 3226 204 48 Brooks,
2069 3225 238 49 Durham,

363 3281 56 39 N.
456 3282 48 41 C.
576 3281 283 51 (31-30601)

288 3375 223 66 Biilow,
541 3378 314 55 Bernhard
887 3378 286 57 Heinrich
1204 3379 227 55 Martin
1461 3380 165 65 Karl,
1656 3383 158 69 fürst
1841 3395 134 40 von.

422 3456 1888 73 … Memoirs, [II. From Morocco crisis to resignation of the
288 3534 476 71 chancellorship]
847 3539 327 52 1903-1909.
1249 3539 243 54 London
1541 3541 47 50 &
1636 3539 141 52 New
1827 3538 181 70 York,
2055 3539 253 52 Putnam

368 3616 120 65 [ ᶜ1 931]
427 3696 1251 52 xv p., 1 l. , 534 p., 1 l. front., plates, ports. 24½ᶜᵐ.
359 3764 64 42 At
453 3765 125 42 head
607 3767 54 40 of
690 3767 108 41 title
816 3778 9 30 :
857 3768 176 41 Prince
1061 3780 93 31 von
1185 3770 186 41 Bülow.

364 3822 323 43 “Translated
715 3823 126 42 from
870 3826 83 40 the
981 3826 213 41 German
1220 3828 61 48 by
1312 3828 51 40 F.
1391 3827 56 42 A.
1476 3826 187 50 Voigt.”

292 3887 2011 107 © 1c. Nov. 18, 1931; A ad int. 15686; pubd. Nov. 2; Little, Brown, & co., Boston.
