<alto xmlns="http://www.loc.gov/standards/alto/ns-v3#" xmlns:xlink="http://www.w3.org/1999/xlink" xmlns:xsi="http://www.w3.org/2001/XMLSchema-instance" xsi:schemaLocation="http://www.loc.gov/standards/alto/ns-v3# http://www.loc.gov/alto/v3/alto-3-0.xsd"><Description>
<MeasurementUnit>pixel</MeasurementUnit>
<sourceImageInformation>
<fileName>1931_v28_Part001.pdf</fileName>
</sourceImageInformation>
<OCRProcessing ID="IdOcr">
<ocrProcessingStep>
<processingDateTime>2019-04-22</processingDateTime>
<processingSoftware>
<softwareCreator>ABBYY</softwareCreator>
<softwareName>ABBYY Recognition Server</softwareName>
<softwareVersion>4.0</softwareVersion>
</processingSoftware>
</ocrProcessingStep>
</OCRProcessing>
</Description>
<Styles>
<ParagraphStyle ID="StyleId-FFFFFFFF-FFFF-FFFF-FFFF-FFFFFFFFFFFF-" ALIGN="Left" LEFT="0." RIGHT="0." FIRSTLINE="0."/>
<ParagraphStyle ID="StyleId-204B5AEB-67A1-44E2-A013-34B3A0F3E0EA-" ALIGN="Right" LEFT="0." RIGHT="0." FIRSTLINE="0." LINESPACE="8.300000191"/>
<ParagraphStyle ID="StyleId-03245871-796C-4429-B3C7-F9019C8C5B89-" ALIGN="Left" LEFT="0." RIGHT="0." FIRSTLINE="0." LINESPACE="12.19999981"/>
<ParagraphStyle ID="StyleId-BDCA8811-25FF-44DB-8D6F-2072A4ABC070-" ALIGN="Center" LEFT="0." RIGHT="0." FIRSTLINE="0." LINESPACE="12.19999981"/>
<ParagraphStyle ID="StyleId-2C5B7DF0-AF87-455E-B9A8-6FE387CB59BD-" ALIGN="Left" LEFT="0." RIGHT="0." FIRSTLINE="-13." LINESPACE="8.479999542"/>
<ParagraphStyle ID="StyleId-9FB72FA1-55D5-4161-8333-823D5732F4D0-" ALIGN="Block" LEFT="0." RIGHT="0." FIRSTLINE="-14." LINESPACE="10."/>
<ParagraphStyle ID="StyleId-212AEB8C-A829-4BF1-8E45-5BFE386A469C-" ALIGN="Block" LEFT="0." RIGHT="0." FIRSTLINE="-14." LINESPACE="11.35000038"/>
<ParagraphStyle ID="StyleId-4EC79CC1-EA62-49CE-ABB6-D84DDFCF4C7D-" ALIGN="Block" LEFT="0." RIGHT="0." FIRSTLINE="-10." LINESPACE="12.19999981"/>
<ParagraphStyle ID="StyleId-DAF2E8EE-6444-4951-9284-36A6C020C887-" ALIGN="Left" LEFT="0." RIGHT="0." FIRSTLINE="0." LINESPACE="9.399999619"/>
<ParagraphStyle ID="StyleId-25241749-1672-4977-B19F-38F59800D6D8-" ALIGN="Left" LEFT="0." RIGHT="0." FIRSTLINE="0." LINESPACE="11.10000038"/>
<ParagraphStyle ID="StyleId-8C523E19-EDEF-4F23-B010-536E1A1AAE1A-" ALIGN="Left" LEFT="0." RIGHT="0." FIRSTLINE="-13." LINESPACE="12.19999981"/>
<ParagraphStyle ID="StyleId-A1F9DE9E-2625-4D8B-AD7E-F0A0034C2989-" ALIGN="Block" LEFT="0." RIGHT="0." FIRSTLINE="0." LINESPACE="12.19999981"/>
<ParagraphStyle ID="StyleId-5725BB01-2B1C-440F-BAF2-696C4F4DF162-" ALIGN="Block" LEFT="0." RIGHT="0." FIRSTLINE="13." LINESPACE="12.19999981"/>
<ParagraphStyle ID="StyleId-F10A2092-61AA-44FD-99C2-123B3A8051CF-" ALIGN="Left" LEFT="0." RIGHT="0." FIRSTLINE="0." LINESPACE="5.5"/>
<ParagraphStyle ID="StyleId-B3CDC8CC-D2E1-4A23-B67C-CDD40993D1DD-" ALIGN="Left" LEFT="0." RIGHT="0." FIRSTLINE="0." LINESPACE="10."/>
<ParagraphStyle ID="StyleId-871EBF53-D909-4C8F-B368-AC7D897344DD-" ALIGN="Left" LEFT="0." RIGHT="0." FIRSTLINE="0."/>
<ParagraphStyle ID="StyleId-C4129744-680B-4878-B2C4-44BA3742C8D7-" ALIGN="Block" LEFT="0." RIGHT="0." FIRSTLINE="-14." LINESPACE="11.35000038"/>
<ParagraphStyle ID="StyleId-9CE98075-0B04-43D4-88D8-CE3BAB51B419-" ALIGN="Block" LEFT="0." RIGHT="0." FIRSTLINE="-10." LINESPACE="12.19999981"/>
<ParagraphStyle ID="StyleId-B2CFB7B3-DFFA-4E0E-94D6-C2BCE88DA9A9-" ALIGN="Left" LEFT="0." RIGHT="0." FIRSTLINE="0." LINESPACE="12.5"/>
<ParagraphStyle ID="StyleId-8D3352F3-1084-4DDE-A35D-B97102CCE686-" ALIGN="Left" LEFT="0." RIGHT="0." FIRSTLINE="0." LINESPACE="11.60000038"/>
<ParagraphStyle ID="StyleId-4A8DDA0D-166D-4E22-A597-BA51B892602D-" ALIGN="Block" LEFT="0." RIGHT="0." FIRSTLINE="0." LINESPACE="11.21000004"/>
<ParagraphStyle ID="StyleId-90EA4001-AA3C-45A1-AEDC-D1E1169EE5E5-" ALIGN="Block" LEFT="0." RIGHT="0." FIRSTLINE="13." LINESPACE="12.19999981"/>
</Styles>
<Layout>
<Page ID="Page2030" PHYSICAL_IMG_NR="2030" HEIGHT="4370" WIDTH="2428">
<TopMargin HEIGHT="494" WIDTH="2428" VPOS="0" HPOS="0">
</TopMargin>
<LeftMargin HEIGHT="3662" WIDTH="213" VPOS="494" HPOS="0">
</LeftMargin>
<RightMargin HEIGHT="3662" WIDTH="94" VPOS="494" HPOS="2334">
</RightMargin>
<BottomMargin HEIGHT="214" WIDTH="2428" VPOS="4156" HPOS="0">
</BottomMargin>
<PrintSpace HEIGHT="3662" WIDTH="2121" VPOS="494" HPOS="213">
<TextBlock ID="Page2030_Block1" HEIGHT="72" WIDTH="160" VPOS="4084" HPOS="1200" LANG="en-US" STYLEREFS="StyleId-34E8823A-73C1-402D-94B4-4D9D93A69B11-">
<TextLine HEIGHT="51" WIDTH="141" VPOS="4094" HPOS="1209">
<String CONTENT="2030" HEIGHT="51" WIDTH="141" VPOS="4094" HPOS="1209"/>
</TextLine>
</TextBlock>
<TextBlock ID="Page2030_Block2" HEIGHT="3598" WIDTH="2121" VPOS="494" HPOS="213" LANG="en-US" CS="1" STYLEREFS="StyleId-125330F4-FAE6-470A-9BCF-1912E5BC76E1-">
<TextLine HEIGHT="52" WIDTH="2008" VPOS="510" HPOS="274" CS="1">
<String CONTENT="&#169;" HEIGHT="52" WIDTH="51" VPOS="510" HPOS="274"/>
<SP HEIGHT="52" WIDTH="34" VPOS="510" HPOS="326"/>
<String CONTENT="Nov." HEIGHT="40" WIDTH="116" VPOS="515" HPOS="361"/>
<SP HEIGHT="39" WIDTH="31" VPOS="515" HPOS="478"/>
<String CONTENT="3," HEIGHT="44" WIDTH="40" VPOS="515" HPOS="510"/>
<SP HEIGHT="43" WIDTH="33" VPOS="516" HPOS="551"/>
<String CONTENT="1931;" HEIGHT="46" WIDTH="141" VPOS="513" HPOS="585"/>
<SP HEIGHT="45" WIDTH="33" VPOS="514" HPOS="727"/>
<String CONTENT="2c." HEIGHT="40" WIDTH="66" VPOS="514" HPOS="761"/>
<SP HEIGHT="30" WIDTH="31" VPOS="524" HPOS="828"/>
<String CONTENT="and" HEIGHT="38" WIDTH="97" VPOS="515" HPOS="860"/>
<SP HEIGHT="37" WIDTH="31" VPOS="515" HPOS="958"/>
<String CONTENT="aff." HEIGHT="40" WIDTH="82" VPOS="512" HPOS="990"/>
<SP HEIGHT="39" WIDTH="34" VPOS="512" HPOS="1073"/>
<String CONTENT="Dec." HEIGHT="41" WIDTH="111" VPOS="512" HPOS="1108"/>
<SP HEIGHT="40" WIDTH="33" VPOS="513" HPOS="1220"/>
<String CS="1" CONTENT="12;" HEIGHT="39" WIDTH="58" VPOS="512" HPOS="1254"/>
<SP HEIGHT="41" WIDTH="34" VPOS="513" HPOS="1337"/>
<!-- cceid F2DF98E0-6E8D-1014-9CF5-AEB3FCA41D69 --><String CONTENT="A" HEIGHT="39" WIDTH="40" VPOS="513" HPOS="1372"/>
<SP HEIGHT="39" WIDTH="31" VPOS="513" HPOS="1413"/>
<String CONTENT="45424;" HEIGHT="47" WIDTH="172" VPOS="512" HPOS="1445"/>
<SP HEIGHT="46" WIDTH="36" VPOS="513" HPOS="1618"/>
<String CONTENT="University" HEIGHT="48" WIDTH="283" VPOS="512" HPOS="1655"/>
<SP HEIGHT="37" WIDTH="33" VPOS="523" HPOS="1939"/>
<String CONTENT="of" HEIGHT="40" WIDTH="51" VPOS="512" HPOS="1973"/>
<SP HEIGHT="41" WIDTH="32" VPOS="512" HPOS="2025"/>
<String CONTENT="Chicago," HEIGHT="49" WIDTH="224" VPOS="511" HPOS="2058"/>
</TextLine>
<TextLine HEIGHT="50" WIDTH="577" VPOS="571" HPOS="344">
<String CONTENT="Chicago." HEIGHT="48" WIDTH="223" VPOS="573" HPOS="344"/>
<SP HEIGHT="48" WIDTH="71" VPOS="572" HPOS="568"/>
<String CONTENT="(31-34920)" HEIGHT="49" WIDTH="281" VPOS="571" HPOS="640"/>
</TextLine>
<TextLine HEIGHT="66" WIDTH="767" VPOS="667" HPOS="270" STYLEREFS="StyleId-2B686DF3-980E-4C10-9D37-0DB4F1CF6E68-">
<String CONTENT="Griffin," HEIGHT="66" WIDTH="225" VPOS="667" HPOS="270"/>
<SP HEIGHT="65" WIDTH="27" VPOS="668" HPOS="496"/>
<String CONTENT="Edward" HEIGHT="52" WIDTH="257" VPOS="667" HPOS="524"/>
<SP HEIGHT="52" WIDTH="24" VPOS="667" HPOS="782"/>
<String CONTENT="Mason." HEIGHT="54" WIDTH="230" VPOS="667" HPOS="807"/>
</TextLine>
<TextLine HEIGHT="70" WIDTH="1942" VPOS="743" HPOS="339" STYLEREFS="StyleId-C5E2C08E-C9CC-4E45-B4BC-54D24A39E0C7-">
<String CONTENT="The" HEIGHT="52" WIDTH="121" VPOS="745" HPOS="339"/>
<SP HEIGHT="46" WIDTH="43" VPOS="751" HPOS="461"/>
<String CONTENT="technic" HEIGHT="54" WIDTH="224" VPOS="745" HPOS="505"/>
<SP HEIGHT="35" WIDTH="44" VPOS="764" HPOS="730"/>
<String CONTENT="of" HEIGHT="53" WIDTH="64" VPOS="744" HPOS="775"/>
<SP HEIGHT="52" WIDTH="43" VPOS="744" HPOS="840"/>
<String CONTENT="resilient" HEIGHT="54" WIDTH="258" VPOS="743" HPOS="884"/>
<SP HEIGHT="47" WIDTH="45" VPOS="749" HPOS="1143"/>
<String CONTENT="arch" HEIGHT="52" WIDTH="136" VPOS="744" HPOS="1189"/>
<SP HEIGHT="52" WIDTH="43" VPOS="744" HPOS="1326"/>
<String CONTENT="assemblage," HEIGHT="70" WIDTH="367" VPOS="743" HPOS="1370"/>
<SP HEIGHT="68" WIDTH="40" VPOS="745" HPOS="1738"/>
<String CONTENT="by" HEIGHT="68" WIDTH="77" VPOS="745" HPOS="1779"/>
<SP HEIGHT="68" WIDTH="42" VPOS="745" HPOS="1857"/>
<String CONTENT="Edward" HEIGHT="53" WIDTH="256" VPOS="744" HPOS="1900"/>
<SP HEIGHT="53" WIDTH="43" VPOS="744" HPOS="2157"/>
<String CONTENT="M." HEIGHT="54" WIDTH="80" VPOS="744" HPOS="2201"/>
</TextLine>
<TextLine HEIGHT="72" WIDTH="1872" VPOS="820" HPOS="267" STYLEREFS="StyleId-C5E2C08E-C9CC-4E45-B4BC-54D24A39E0C7-" CS="1">
<String CONTENT="Griffin" HEIGHT="56" WIDTH="205" VPOS="820" HPOS="267"/>
<SP HEIGHT="32" WIDTH="40" VPOS="844" HPOS="473"/>
<String CS="1" CONTENT="&#8230;"/>
<SP HEIGHT="53" WIDTH="78" VPOS="822" HPOS="571"/>
<String CONTENT="Newark," HEIGHT="70" WIDTH="266" VPOS="822" HPOS="650"/>
<SP HEIGHT="69" WIDTH="37" VPOS="823" HPOS="917"/>
<String CONTENT="N." HEIGHT="54" WIDTH="69" VPOS="823" HPOS="955"/>
<SP HEIGHT="53" WIDTH="37" VPOS="824" HPOS="1025"/>
<String CONTENT="J.," HEIGHT="66" WIDTH="74" VPOS="824" HPOS="1063"/>
<SP HEIGHT="66" WIDTH="35" VPOS="824" HPOS="1138"/>
<String CONTENT="The" HEIGHT="53" WIDTH="121" VPOS="822" HPOS="1174"/>
<SP HEIGHT="52" WIDTH="33" VPOS="823" HPOS="1296"/>
<String CONTENT="Alpine" HEIGHT="71" WIDTH="218" VPOS="820" HPOS="1330"/>
<SP HEIGHT="50" WIDTH="32" VPOS="841" HPOS="1549"/>
<String CONTENT="press," HEIGHT="51" WIDTH="177" VPOS="840" HPOS="1582"/>
<SP HEIGHT="68" WIDTH="32" VPOS="821" HPOS="1760"/>
<String CONTENT="inc." HEIGHT="55" WIDTH="108" VPOS="821" HPOS="1793"/>
<SP HEIGHT="34" WIDTH="42" VPOS="855" HPOS="1902"/>
<String CS="1" CONTENT="["/>
<String STYLE="superscript" CS="1" CONTENT="&#7580;1"/>
<String CONTENT="930]" HEIGHT="68" WIDTH="120" VPOS="824" HPOS="2019"/>
</TextLine>
<TextLine HEIGHT="51" WIDTH="601" VPOS="902" HPOS="340" CS="1">
<String CONTENT="89," HEIGHT="50" WIDTH="68" VPOS="902" HPOS="340"/>
<SP HEIGHT="29" WIDTH="33" VPOS="924" HPOS="409"/>
<String CONTENT="[7]" HEIGHT="48" WIDTH="55" VPOS="905" HPOS="443"/>
<SP HEIGHT="37" WIDTH="29" VPOS="916" HPOS="499"/>
<String CONTENT="p." HEIGHT="37" WIDTH="44" VPOS="916" HPOS="529"/>
<SP HEIGHT="37" WIDTH="59" VPOS="907" HPOS="574"/>
<String CONTENT="illus." HEIGHT="40" WIDTH="129" VPOS="904" HPOS="634"/>
<SP HEIGHT="41" WIDTH="58" VPOS="903" HPOS="764"/>
<String CS="1" CONTENT="24&#7580;&#7504;." HEIGHT="41" WIDTH="118" VPOS="903" HPOS="823"/>
</TextLine>
<TextLine HEIGHT="50" WIDTH="1026" VPOS="960" HPOS="343">
<String CONTENT="Blank" HEIGHT="41" WIDTH="162" VPOS="960" HPOS="343"/>
<SP HEIGHT="48" WIDTH="23" VPOS="961" HPOS="506"/>
<String CONTENT="pages" HEIGHT="38" WIDTH="148" VPOS="971" HPOS="530"/>
<SP HEIGHT="40" WIDTH="26" VPOS="960" HPOS="679"/>
<String CONTENT="for" HEIGHT="40" WIDTH="80" VPOS="960" HPOS="706"/>
<SP HEIGHT="39" WIDTH="26" VPOS="960" HPOS="787"/>
<String CONTENT="&#8220;Notes&#8221;" HEIGHT="40" WIDTH="206" VPOS="960" HPOS="814"/>
<SP HEIGHT="49" WIDTH="38" VPOS="960" HPOS="1021"/>
<String CONTENT="([7]" HEIGHT="50" WIDTH="82" VPOS="960" HPOS="1060"/>
<SP HEIGHT="38" WIDTH="28" VPOS="971" HPOS="1143"/>
<String CONTENT="at" HEIGHT="39" WIDTH="54" VPOS="962" HPOS="1172"/>
<SP HEIGHT="39" WIDTH="24" VPOS="962" HPOS="1227"/>
<String CONTENT="end)" HEIGHT="48" WIDTH="117" VPOS="960" HPOS="1252"/>
</TextLine>
<TextLine HEIGHT="53" WIDTH="2012" VPOS="1027" HPOS="275">
<String CONTENT="&#169;" HEIGHT="53" WIDTH="52" VPOS="1027" HPOS="275"/>
<SP HEIGHT="53" WIDTH="28" VPOS="1027" HPOS="328"/>
<String CONTENT="Nov." HEIGHT="41" WIDTH="120" VPOS="1031" HPOS="357"/>
<SP HEIGHT="38" WIDTH="28" VPOS="1033" HPOS="478"/>
<String CONTENT="1," HEIGHT="46" WIDTH="39" VPOS="1033" HPOS="507"/>
<SP HEIGHT="47" WIDTH="28" VPOS="1032" HPOS="547"/>
<String CONTENT="1930;" HEIGHT="48" WIDTH="142" VPOS="1031" HPOS="576"/>
<SP HEIGHT="48" WIDTH="30" VPOS="1031" HPOS="719"/>
<String CONTENT="2c." HEIGHT="41" WIDTH="65" VPOS="1031" HPOS="750"/>
<SP HEIGHT="39" WIDTH="28" VPOS="1032" HPOS="816"/>
<String CONTENT="Nov." HEIGHT="39" WIDTH="119" VPOS="1032" HPOS="845"/>
<SP HEIGHT="39" WIDTH="27" VPOS="1033" HPOS="965"/>
<String CONTENT="30," HEIGHT="48" WIDTH="69" VPOS="1030" HPOS="993"/>
<SP HEIGHT="46" WIDTH="29" VPOS="1032" HPOS="1063"/>
<String CONTENT="1931;" HEIGHT="48" WIDTH="142" VPOS="1031" HPOS="1093"/>
<SP HEIGHT="37" WIDTH="31" VPOS="1042" HPOS="1236"/>
<String CONTENT="aff." HEIGHT="41" WIDTH="83" VPOS="1031" HPOS="1268"/>
<SP HEIGHT="38" WIDTH="28" VPOS="1033" HPOS="1352"/>
<String CONTENT="Nov." HEIGHT="40" WIDTH="120" VPOS="1033" HPOS="1381"/>
<SP HEIGHT="42" WIDTH="28" VPOS="1031" HPOS="1502"/>
<String CONTENT="28;" HEIGHT="48" WIDTH="83" VPOS="1031" HPOS="1531"/>
<SP HEIGHT="47" WIDTH="31" VPOS="1032" HPOS="1615"/>
<!-- cceid F2DFB10C-6E8D-1014-9CF5-AEB3FCA41D69 --><String CONTENT="A" HEIGHT="39" WIDTH="41" VPOS="1032" HPOS="1647"/>
<SP HEIGHT="39" WIDTH="26" VPOS="1032" HPOS="1689"/>
<String CONTENT="46239;" HEIGHT="49" WIDTH="173" VPOS="1030" HPOS="1716"/>
<SP HEIGHT="47" WIDTH="32" VPOS="1032" HPOS="1890"/>
<String CONTENT="E." HEIGHT="39" WIDTH="53" VPOS="1032" HPOS="1923"/>
<SP HEIGHT="39" WIDTH="30" VPOS="1032" HPOS="1977"/>
<String CONTENT="M." HEIGHT="40" WIDTH="61" VPOS="1032" HPOS="2008"/>
<SP HEIGHT="41" WIDTH="33" VPOS="1031" HPOS="2070"/>
<String CONTENT="Griffin," HEIGHT="48" WIDTH="183" VPOS="1031" HPOS="2104"/>
</TextLine>
<TextLine HEIGHT="50" WIDTH="649" VPOS="1088" HPOS="343">
<String CONTENT="New" HEIGHT="39" WIDTH="119" VPOS="1090" HPOS="343"/>
<SP HEIGHT="39" WIDTH="27" VPOS="1090" HPOS="463"/>
<String CONTENT="York." HEIGHT="40" WIDTH="146" VPOS="1089" HPOS="491"/>
<SP HEIGHT="48" WIDTH="71" VPOS="1089" HPOS="638"/>
<String CONTENT="(31-35102)" HEIGHT="50" WIDTH="282" VPOS="1088" HPOS="710"/>
</TextLine>
<TextLine HEIGHT="66" WIDTH="1122" VPOS="1183" HPOS="270" STYLEREFS="StyleId-C5E2C08E-C9CC-4E45-B4BC-54D24A39E0C7-">
<String CONTENT="Groves," HEIGHT="65" WIDTH="246" VPOS="1183" HPOS="270"/>
<SP HEIGHT="63" WIDTH="27" VPOS="1185" HPOS="517"/>
<String CONTENT="Ernest" HEIGHT="52" WIDTH="221" VPOS="1185" HPOS="545"/>
<SP HEIGHT="52" WIDTH="25" VPOS="1185" HPOS="767"/>
<String CONTENT="Rutherford," HEIGHT="65" WIDTH="394" VPOS="1184" HPOS="793"/>
<SP HEIGHT="60" WIDTH="30" VPOS="1189" HPOS="1188"/>
<String CONTENT="1878-" HEIGHT="55" WIDTH="173" VPOS="1184" HPOS="1219"/>
</TextLine>
<TextLine HEIGHT="72" WIDTH="1949" VPOS="1260" HPOS="339" STYLEREFS="StyleId-C5E2C08E-C9CC-4E45-B4BC-54D24A39E0C7-" CS="1">
<String CONTENT="Wholesome" HEIGHT="54" WIDTH="361" VPOS="1262" HPOS="339"/>
<SP HEIGHT="35" WIDTH="33" VPOS="1280" HPOS="701"/>
<String CONTENT="childhood," HEIGHT="67" WIDTH="329" VPOS="1262" HPOS="735"/>
<SP HEIGHT="68" WIDTH="31" VPOS="1261" HPOS="1065"/>
<String CONTENT="by" HEIGHT="70" WIDTH="76" VPOS="1261" HPOS="1097"/>
<SP HEIGHT="69" WIDTH="34" VPOS="1262" HPOS="1174"/>
<String CONTENT="Ernest" HEIGHT="53" WIDTH="212" VPOS="1262" HPOS="1209"/>
<SP HEIGHT="53" WIDTH="31" VPOS="1262" HPOS="1422"/>
<String CONTENT="R." HEIGHT="53" WIDTH="69" VPOS="1262" HPOS="1454"/>
<SP HEIGHT="56" WIDTH="34" VPOS="1260" HPOS="1524"/>
<String CONTENT="Groves" HEIGHT="56" WIDTH="219" VPOS="1260" HPOS="1559"/>
<SP HEIGHT="34" WIDTH="37" VPOS="1281" HPOS="1779"/>
<String CS="1" CONTENT="&#8230;"/>
<SP HEIGHT="35" WIDTH="39" VPOS="1280" HPOS="1875"/>
<String CONTENT="and" HEIGHT="53" WIDTH="115" VPOS="1262" HPOS="1915"/>
<SP HEIGHT="57" WIDTH="34" VPOS="1260" HPOS="2031"/>
<String CONTENT="Gladys" HEIGHT="72" WIDTH="222" VPOS="1260" HPOS="2066"/>
</TextLine>
<TextLine HEIGHT="151" WIDTH="1996" VPOS="1339" HPOS="268" STYLEREFS="StyleId-C5E2C08E-C9CC-4E45-B4BC-54D24A39E0C7-" CS="1">
<String CONTENT="Hoagland" HEIGHT="69" WIDTH="316" VPOS="1340" HPOS="268"/>
<SP HEIGHT="56" WIDTH="23" VPOS="1339" HPOS="585"/>
<String CONTENT="Groves" HEIGHT="56" WIDTH="219" VPOS="1339" HPOS="609"/>
<SP HEIGHT="34" WIDTH="28" VPOS="1359" HPOS="829"/>
<String CS="1" CONTENT="&#8230;"/>
<SP HEIGHT="53" WIDTH="61" VPOS="1340" HPOS="915"/>
<String CONTENT="New" HEIGHT="53" WIDTH="141" VPOS="1340" HPOS="977"/>
<SP HEIGHT="34" WIDTH="21" VPOS="1359" HPOS="1119"/>
<String CONTENT="ed." HEIGHT="53" WIDTH="86" VPOS="1340" HPOS="1141"/>
<SP HEIGHT="53" WIDTH="59" VPOS="1340" HPOS="1228"/>
<String CONTENT="Boston" HEIGHT="53" WIDTH="219" VPOS="1340" HPOS="1288"/>
<SP HEIGHT="34" WIDTH="25" VPOS="1358" HPOS="1508"/>
<String CONTENT="and" HEIGHT="53" WIDTH="115" VPOS="1340" HPOS="1534"/>
<SP HEIGHT="54" WIDTH="21" VPOS="1339" HPOS="1650"/>
<String CONTENT="New" HEIGHT="54" WIDTH="141" VPOS="1339" HPOS="1672"/>
<SP HEIGHT="53" WIDTH="23" VPOS="1339" HPOS="1814"/>
<String CONTENT="York," HEIGHT="69" WIDTH="182" VPOS="1339" HPOS="1838"/>
<SP HEIGHT="68" WIDTH="22" VPOS="1340" HPOS="2021"/>
<String CONTENT="Houghton" HEIGHT="131" WIDTH="1995" VPOS="1340" HPOS="269"/>
<SP HEIGHT="53" WIDTH="26" VPOS="1418" HPOS="370"/>
<String CONTENT="Mifflin" HEIGHT="53" WIDTH="207" VPOS="1418" HPOS="397"/>
<SP HEIGHT="34" WIDTH="28" VPOS="1437" HPOS="605"/>
<String CONTENT="company," HEIGHT="54" WIDTH="301" VPOS="1436" HPOS="634"/>
<SP HEIGHT="68" WIDTH="30" VPOS="1422" HPOS="936"/>
<String CONTENT="1931." HEIGHT="51" WIDTH="152" VPOS="1421" HPOS="967"/>
</TextLine>
<TextLine HEIGHT="49" WIDTH="469" VPOS="1499" HPOS="341" STYLEREFS="StyleId-C5E2C08E-C9CC-4E45-B4BC-54D24A39E0C7-" CS="1">
<String CONTENT="xxi," HEIGHT="46" WIDTH="100" VPOS="1500" HPOS="341"/>
<SP HEIGHT="47" WIDTH="30" VPOS="1499" HPOS="442"/>
<String CONTENT="201" HEIGHT="41" WIDTH="86" VPOS="1499" HPOS="473"/>
<SP HEIGHT="48" WIDTH="27" VPOS="1500" HPOS="560"/>
<String CONTENT="p." HEIGHT="38" WIDTH="43" VPOS="1510" HPOS="588"/>
<SP HEIGHT="39" WIDTH="60" VPOS="1500" HPOS="632"/>
<String CS="1" CONTENT="19&#7580;&#7504;." HEIGHT="41" WIDTH="117" VPOS="1500" HPOS="693"/>
</TextLine>
<TextLine HEIGHT="100" WIDTH="2002" VPOS="1555" HPOS="270" CS="1">
<String CONTENT="&#8220;Books" HEIGHT="40" WIDTH="190" VPOS="1557" HPOS="343"/>
<SP HEIGHT="29" WIDTH="42" VPOS="1568" HPOS="534"/>
<String CONTENT="recommended" HEIGHT="40" WIDTH="366" VPOS="1558" HPOS="577"/>
<SP HEIGHT="41" WIDTH="43" VPOS="1556" HPOS="944"/>
<String CONTENT="for" HEIGHT="42" WIDTH="81" VPOS="1556" HPOS="988"/>
<SP HEIGHT="39" WIDTH="40" VPOS="1566" HPOS="1070"/>
<String CONTENT="parents&#8221;:" HEIGHT="50" WIDTH="259" VPOS="1555" HPOS="1111"/>
<SP HEIGHT="39" WIDTH="45" VPOS="1566" HPOS="1371"/>
<String CONTENT="p." HEIGHT="39" WIDTH="44" VPOS="1566" HPOS="1417"/>
<SP HEIGHT="31" WIDTH="47" VPOS="1577" HPOS="1462"/>
<String STYLE="subscript" CONTENT="[" HEIGHT="31" WIDTH="11" VPOS="1577" HPOS="1510"/>
<String CONTENT="177]-179;" HEIGHT="52" WIDTH="251" VPOS="1555" HPOS="1523"/>
<SP HEIGHT="39" WIDTH="45" VPOS="1566" HPOS="1775"/>
<String CONTENT="contains" HEIGHT="42" WIDTH="225" VPOS="1556" HPOS="1821"/>
<SP HEIGHT="41" WIDTH="44" VPOS="1557" HPOS="2047"/>
<String CONTENT="&#8220;References&#8221;." HEIGHT="99" WIDTH="2002" VPOS="1556" HPOS="270"/>
</TextLine>
<TextLine HEIGHT="55" WIDTH="2014" VPOS="1668" HPOS="278">
<String CONTENT="&#169;" HEIGHT="53" WIDTH="51" VPOS="1668" HPOS="278"/>
<SP HEIGHT="53" WIDTH="22" VPOS="1668" HPOS="330"/>
<String CONTENT="Nov." HEIGHT="41" WIDTH="118" VPOS="1674" HPOS="353"/>
<SP HEIGHT="41" WIDTH="23" VPOS="1674" HPOS="472"/>
<String CONTENT="17," HEIGHT="48" WIDTH="69" VPOS="1674" HPOS="496"/>
<SP HEIGHT="49" WIDTH="22" VPOS="1673" HPOS="566"/>
<String CONTENT="1931;" HEIGHT="50" WIDTH="143" VPOS="1671" HPOS="589"/>
<SP HEIGHT="49" WIDTH="24" VPOS="1672" HPOS="733"/>
<String CONTENT="2c." HEIGHT="42" WIDTH="67" VPOS="1672" HPOS="758"/>
<SP HEIGHT="42" WIDTH="23" VPOS="1672" HPOS="826"/>
<String CONTENT="Dec." HEIGHT="42" WIDTH="113" VPOS="1672" HPOS="850"/>
<SP HEIGHT="41" WIDTH="23" VPOS="1673" HPOS="964"/>
<String CONTENT="14;" HEIGHT="48" WIDTH="82" VPOS="1672" HPOS="988"/>
<SP HEIGHT="37" WIDTH="26" VPOS="1683" HPOS="1071"/>
<String CONTENT="aff." HEIGHT="41" WIDTH="82" VPOS="1672" HPOS="1098"/>
<SP HEIGHT="40" WIDTH="25" VPOS="1672" HPOS="1181"/>
<String CONTENT="Dec." HEIGHT="43" WIDTH="114" VPOS="1672" HPOS="1207"/>
<SP HEIGHT="41" WIDTH="21" VPOS="1674" HPOS="1322"/>
<String CONTENT="11;" HEIGHT="48" WIDTH="83" VPOS="1673" HPOS="1344"/>
<SP HEIGHT="49" WIDTH="26" VPOS="1672" HPOS="1428"/>
<!-- cceid F2DFC8BC-6E8D-1014-9CF5-AEB3FCA41D69 --><String CONTENT="A" HEIGHT="41" WIDTH="42" VPOS="1672" HPOS="1455"/>
<SP HEIGHT="41" WIDTH="21" VPOS="1672" HPOS="1498"/>
<String CONTENT="45438;" HEIGHT="48" WIDTH="174" VPOS="1673" HPOS="1520"/>
<SP HEIGHT="47" WIDTH="26" VPOS="1674" HPOS="1695"/>
<String LANG="la" CONTENT="E." HEIGHT="40" WIDTH="52" VPOS="1674" HPOS="1722"/>
<SP HEIGHT="40" WIDTH="25" VPOS="1674" HPOS="1775"/>
<String CONTENT="R." HEIGHT="41" WIDTH="55" VPOS="1674" HPOS="1801"/>
<SP HEIGHT="42" WIDTH="26" VPOS="1673" HPOS="1857"/>
<String CONTENT="Groves," HEIGHT="49" WIDTH="196" VPOS="1673" HPOS="1884"/>
<SP HEIGHT="50" WIDTH="26" VPOS="1672" HPOS="2081"/>
<String CONTENT="Chapel" HEIGHT="51" WIDTH="184" VPOS="1672" HPOS="2108"/>
</TextLine>
<TextLine HEIGHT="50" WIDTH="644" VPOS="1730" HPOS="346" CS="1">
<String CONTENT="Hill," HEIGHT="49" WIDTH="118" VPOS="1731" HPOS="346"/>
<SP HEIGHT="49" WIDTH="30" VPOS="1731" HPOS="465"/>
<String CONTENT="N." HEIGHT="40" WIDTH="56" VPOS="1731" HPOS="496"/>
<SP HEIGHT="40" WIDTH="34" VPOS="1731" HPOS="553"/>
<String CONTENT="C." HEIGHT="40" WIDTH="48" VPOS="1731" HPOS="588"/>
<SP/>
<String CONTENT="(31-35073)" HEIGHT="50" WIDTH="282" VPOS="1730" HPOS="708"/>
</TextLine>
<TextLine HEIGHT="66" WIDTH="1684" VPOS="1825" HPOS="275" STYLEREFS="StyleId-2B686DF3-980E-4C10-9D37-0DB4F1CF6E68-" CS="1">
<String CS="1" CONTENT="G&#252;ell," HEIGHT="65" WIDTH="186" VPOS="1826" HPOS="275"/>
<SP HEIGHT="64" WIDTH="29" VPOS="1827" HPOS="462"/>
<String CONTENT="Eusebio" HEIGHT="54" WIDTH="261" VPOS="1825" HPOS="492"/>
<SP HEIGHT="54" WIDTH="25" VPOS="1826" HPOS="754"/>
<String CS="1" CONTENT="G&#252;ell" HEIGHT="54" WIDTH="167" VPOS="1826" HPOS="780"/>
<SP HEIGHT="64" WIDTH="27" VPOS="1826" HPOS="948"/>
<String CONTENT="y" HEIGHT="47" WIDTH="40" VPOS="1843" HPOS="976"/>
<SP HEIGHT="64" WIDTH="26" VPOS="1826" HPOS="1017"/>
<String CS="1" CONTENT="L&#243;pez," HEIGHT="65" WIDTH="211" VPOS="1826" HPOS="1044"/>
<SP HEIGHT="60" WIDTH="26" VPOS="1831" HPOS="1256"/>
<String CS="1" CONTENT="2." HEIGHT="10" WIDTH="10" VPOS="1870" HPOS="1322"/>
<SP HEIGHT="33" WIDTH="27" VPOS="1847" HPOS="1333"/>
<String CONTENT="vizconde" HEIGHT="54" WIDTH="272" VPOS="1828" HPOS="1361"/>
<SP HEIGHT="56" WIDTH="28" VPOS="1826" HPOS="1634"/>
<String LANG="de" CONTENT="de," HEIGHT="65" WIDTH="91" VPOS="1826" HPOS="1663"/>
<SP HEIGHT="57" WIDTH="29" VPOS="1834" HPOS="1755"/>
<String CONTENT="1877-" HEIGHT="55" WIDTH="174" VPOS="1828" HPOS="1785"/>
</TextLine>
<TextLine HEIGHT="70" WIDTH="1885" VPOS="1904" HPOS="408" STYLEREFS="StyleId-C5E2C08E-C9CC-4E45-B4BC-54D24A39E0C7-" CS="1">
<String CS="1" CONTENT="&#8230;"/>
<SP HEIGHT="52" WIDTH="36" VPOS="1905" HPOS="408"/>
<String CONTENT="D&#8217;Alphonse" HEIGHT="69" WIDTH="380" VPOS="1904" HPOS="445"/>
<SP HEIGHT="35" WIDTH="30" VPOS="1923" HPOS="826"/>
<String CS="1" CONTENT="XII"/>
<SP HEIGHT="51" WIDTH="34" VPOS="1905" HPOS="944"/>
<String CS="1" CONTENT="&#224;"/>
<SP HEIGHT="51" WIDTH="33" VPOS="1905" HPOS="1012"/>
<String CONTENT="Tut-ank-ammon;" HEIGHT="68" WIDTH="546" VPOS="1904" HPOS="1046"/>
<SP HEIGHT="50" WIDTH="37" VPOS="1923" HPOS="1593"/>
<String CONTENT="perspectives." HEIGHT="69" WIDTH="399" VPOS="1905" HPOS="1631"/>
<SP HEIGHT="53" WIDTH="75" VPOS="1905" HPOS="2031"/>
<String CONTENT="Paris," HEIGHT="64" WIDTH="186" VPOS="1905" HPOS="2107"/>
</TextLine>
<TextLine HEIGHT="69" WIDTH="1082" VPOS="1983" HPOS="272" STYLEREFS="StyleId-C5E2C08E-C9CC-4E45-B4BC-54D24A39E0C7-" CS="1">
<String CONTENT="Les" HEIGHT="53" WIDTH="110" VPOS="1984" HPOS="272"/>
<SP HEIGHT="43" WIDTH="32" VPOS="1994" HPOS="383"/>
<String CONTENT="Editions" HEIGHT="54" WIDTH="266" VPOS="1983" HPOS="416"/>
<SP HEIGHT="53" WIDTH="32" VPOS="1984" HPOS="683"/>
<String LANG="de" CONTENT="des" HEIGHT="53" WIDTH="96" VPOS="1984" HPOS="716"/>
<SP HEIGHT="50" WIDTH="32" VPOS="2002" HPOS="813"/>
<String CONTENT="portiques" HEIGHT="69" WIDTH="297" VPOS="1983" HPOS="846"/>
<SP HEIGHT="48" WIDTH="35" VPOS="2003" HPOS="1144"/>
<String CS="1" CONTENT="[1931]" HEIGHT="66" WIDTH="154" VPOS="1985" HPOS="1200"/>
</TextLine>
<TextLine HEIGHT="51" WIDTH="745" VPOS="2066" HPOS="345" CS="1">
<String CONTENT="2" HEIGHT="39" WIDTH="27" VPOS="2067" HPOS="345"/>
<SP HEIGHT="49" WIDTH="28" VPOS="2067" HPOS="373"/>
<String CONTENT="p." HEIGHT="37" WIDTH="42" VPOS="2079" HPOS="402"/>
<SP/>
<String CS="1" CONTENT="l.," HEIGHT="16" WIDTH="9" VPOS="2100" HPOS="512"/>
<SP HEIGHT="30" WIDTH="32" VPOS="2087" HPOS="522"/>
<String CONTENT="[9]-255," HEIGHT="51" WIDTH="191" VPOS="2066" HPOS="555"/>
<SP HEIGHT="29" WIDTH="33" VPOS="2087" HPOS="747"/>
<String CONTENT="[2]" HEIGHT="49" WIDTH="55" VPOS="2067" HPOS="781"/>
<SP HEIGHT="39" WIDTH="32" VPOS="2077" HPOS="837"/>
<String CONTENT="p." HEIGHT="38" WIDTH="43" VPOS="2077" HPOS="870"/>
<SP HEIGHT="40" WIDTH="59" VPOS="2068" HPOS="914"/>
<String CS="1" CONTENT="19&#7580;&#7504;." HEIGHT="42" WIDTH="116" VPOS="2066" HPOS="974"/>
</TextLine>
<TextLine HEIGHT="42" WIDTH="988" VPOS="2124" HPOS="346">
<String LANG="en-US" CONTENT="At" HEIGHT="40" WIDTH="64" VPOS="2126" HPOS="346"/>
<SP HEIGHT="41" WIDTH="27" VPOS="2125" HPOS="411"/>
<String LANG="en-US" CONTENT="head" HEIGHT="40" WIDTH="125" VPOS="2125" HPOS="439"/>
<SP HEIGHT="39" WIDTH="27" VPOS="2126" HPOS="565"/>
<String LANG="en-US" CONTENT="of" HEIGHT="40" WIDTH="53" VPOS="2125" HPOS="593"/>
<SP HEIGHT="40" WIDTH="27" VPOS="2125" HPOS="647"/>
<String LANG="en-US" CONTENT="title:" HEIGHT="40" WIDTH="135" VPOS="2125" HPOS="675"/>
<SP HEIGHT="40" WIDTH="30" VPOS="2125" HPOS="811"/>
<String LANG="de" CONTENT="Vicomte" HEIGHT="41" WIDTH="218" VPOS="2125" HPOS="842"/>
<SP HEIGHT="39" WIDTH="27" VPOS="2126" HPOS="1061"/>
<String LANG="de" CONTENT="de" HEIGHT="39" WIDTH="59" VPOS="2126" HPOS="1089"/>
<SP HEIGHT="41" WIDTH="29" VPOS="2124" HPOS="1149"/>
<String LANG="en-US" CONTENT="Giiell." HEIGHT="42" WIDTH="155" VPOS="2124" HPOS="1179"/>
</TextLine>
<TextLine HEIGHT="53" WIDTH="2014" VPOS="2186" HPOS="272" CS="1">
<String CONTENT="&#169;" HEIGHT="52" WIDTH="52" VPOS="2186" HPOS="272"/>
<SP HEIGHT="52" WIDTH="26" VPOS="2186" HPOS="325"/>
<String CONTENT="Mar." HEIGHT="41" WIDTH="123" VPOS="2191" HPOS="352"/>
<SP HEIGHT="43" WIDTH="23" VPOS="2189" HPOS="476"/>
<String CONTENT="25," HEIGHT="49" WIDTH="71" VPOS="2189" HPOS="500"/>
<SP HEIGHT="47" WIDTH="24" VPOS="2191" HPOS="572"/>
<String CONTENT="1931;" HEIGHT="49" WIDTH="143" VPOS="2189" HPOS="597"/>
<SP/>
<String CS="1" CONTENT="1c."/>
<SP HEIGHT="40" WIDTH="27" VPOS="2191" HPOS="834"/>
<String CONTENT="May" HEIGHT="48" WIDTH="114" VPOS="2191" HPOS="862"/>
<SP HEIGHT="48" WIDTH="23" VPOS="2191" HPOS="977"/>
<String CONTENT="29;" HEIGHT="49" WIDTH="83" VPOS="2189" HPOS="1001"/>
<SP HEIGHT="47" WIDTH="28" VPOS="2191" HPOS="1085"/>
<!-- cceid F2DFE802-6E8D-1014-9CF5-AEB3FCA41D69 --><String CONTENT="A&#8212;Foreign" HEIGHT="48" WIDTH="315" VPOS="2191" HPOS="1114"/>
<SP HEIGHT="38" WIDTH="24" VPOS="2192" HPOS="1430"/>
<String CONTENT="12216;" HEIGHT="49" WIDTH="171" VPOS="2190" HPOS="1455"/>
<SP HEIGHT="49" WIDTH="30" VPOS="2190" HPOS="1627"/>
<String CS="1" CONTENT="&#201;ditions" HEIGHT="42" WIDTH="185" VPOS="2189" HPOS="1701"/>
<SP HEIGHT="40" WIDTH="23" VPOS="2191" HPOS="1887"/>
<String LANG="de" CONTENT="des" HEIGHT="40" WIDTH="87" VPOS="2191" HPOS="1911"/>
<SP HEIGHT="38" WIDTH="21" VPOS="2201" HPOS="1999"/>
<String CONTENT="portiques." HEIGHT="48" WIDTH="265" VPOS="2191" HPOS="2021"/>
</TextLine>
<TextLine HEIGHT="50" WIDTH="282" VPOS="2246" HPOS="358">
<String CONTENT="(31-34789)" HEIGHT="50" WIDTH="282" VPOS="2246" HPOS="358"/>
</TextLine>
<TextLine HEIGHT="67" WIDTH="731" VPOS="2341" HPOS="274" STYLEREFS="StyleId-2B686DF3-980E-4C10-9D37-0DB4F1CF6E68-">
<String CONTENT="Hall," HEIGHT="67" WIDTH="154" VPOS="2341" HPOS="274"/>
<SP HEIGHT="66" WIDTH="28" VPOS="2342" HPOS="429"/>
<String CONTENT="Eleanor" HEIGHT="54" WIDTH="255" VPOS="2341" HPOS="458"/>
<SP HEIGHT="52" WIDTH="25" VPOS="2343" HPOS="714"/>
<String CONTENT="Dunbar." HEIGHT="55" WIDTH="265" VPOS="2342" HPOS="740"/>
</TextLine>
<TextLine HEIGHT="72" WIDTH="1886" VPOS="2417" HPOS="403" STYLEREFS="StyleId-C5E2C08E-C9CC-4E45-B4BC-54D24A39E0C7-" CS="1">
<String CS="1" CONTENT="&#8230;"/>
<SP HEIGHT="55" WIDTH="44" VPOS="2418" HPOS="403"/>
<String CONTENT="Six" HEIGHT="55" WIDTH="105" VPOS="2418" HPOS="448"/>
<SP HEIGHT="35" WIDTH="38" VPOS="2437" HPOS="554"/>
<String CONTENT="rays" HEIGHT="52" WIDTH="132" VPOS="2437" HPOS="593"/>
<SP HEIGHT="47" WIDTH="35" VPOS="2426" HPOS="726"/>
<String CONTENT="to" HEIGHT="47" WIDTH="58" VPOS="2426" HPOS="762"/>
<SP HEIGHT="46" WIDTH="37" VPOS="2425" HPOS="821"/>
<String CONTENT="the" HEIGHT="54" WIDTH="95" VPOS="2419" HPOS="859"/>
<SP HEIGHT="54" WIDTH="39" VPOS="2419" HPOS="955"/>
<String CONTENT="Rising" HEIGHT="69" WIDTH="208" VPOS="2419" HPOS="995"/>
<SP HEIGHT="51" WIDTH="36" VPOS="2437" HPOS="1204"/>
<String CONTENT="sun." HEIGHT="34" WIDTH="120" VPOS="2438" HPOS="1241"/>
<SP HEIGHT="51" WIDTH="76" VPOS="2420" HPOS="1362"/>
<String CONTENT="London," HEIGHT="68" WIDTH="259" VPOS="2419" HPOS="1439"/>
<SP HEIGHT="68" WIDTH="38" VPOS="2419" HPOS="1699"/>
<String CONTENT="Jarrolds," HEIGHT="70" WIDTH="285" VPOS="2418" HPOS="1738"/>
<SP HEIGHT="70" WIDTH="39" VPOS="2418" HPOS="2024"/>
<String CONTENT="limited" HEIGHT="53" WIDTH="225" VPOS="2417" HPOS="2064"/>
</TextLine>
<TextLine HEIGHT="65" WIDTH="174" VPOS="2501" HPOS="275" STYLEREFS="StyleId-C5E2C08E-C9CC-4E45-B4BC-54D24A39E0C7-">
<String CONTENT="[1931]" HEIGHT="65" WIDTH="174" VPOS="2501" HPOS="275"/>
</TextLine>
<TextLine HEIGHT="50" WIDTH="656" VPOS="2577" HPOS="340" CS="1">
<String CONTENT="4" HEIGHT="39" WIDTH="27" VPOS="2579" HPOS="340"/>
<SP HEIGHT="48" WIDTH="29" VPOS="2579" HPOS="368"/>
<String CONTENT="p." HEIGHT="38" WIDTH="43" VPOS="2589" HPOS="398"/>
<SP/>
<String CS="1" CONTENT="l.," HEIGHT="16" WIDTH="8" VPOS="2610" HPOS="508"/>
<SP HEIGHT="47" WIDTH="27" VPOS="2579" HPOS="517"/>
<String CONTENT="13-288" HEIGHT="41" WIDTH="177" VPOS="2578" HPOS="545"/>
<SP HEIGHT="49" WIDTH="26" VPOS="2578" HPOS="723"/>
<String CONTENT="p." HEIGHT="38" WIDTH="41" VPOS="2589" HPOS="750"/>
<SP HEIGHT="41" WIDTH="56" VPOS="2578" HPOS="792"/>
<String CS="1" CONTENT="19&#189;&#7580;&#7504;." HEIGHT="41" WIDTH="147" VPOS="2577" HPOS="849"/>
</TextLine>
<TextLine HEIGHT="52" WIDTH="2011" VPOS="2634" HPOS="280" CS="1">
<String CONTENT="&#169;" HEIGHT="52" WIDTH="51" VPOS="2634" HPOS="280"/>
<SP/>
<String CS="1" CONTENT="1c."/>
<SP HEIGHT="39" WIDTH="23" VPOS="2639" HPOS="423"/>
<String CONTENT="Nov." HEIGHT="39" WIDTH="119" VPOS="2639" HPOS="447"/>
<SP HEIGHT="38" WIDTH="23" VPOS="2639" HPOS="567"/>
<String CONTENT="25," HEIGHT="46" WIDTH="71" VPOS="2639" HPOS="591"/>
<SP HEIGHT="46" WIDTH="23" VPOS="2639" HPOS="663"/>
<String CONTENT="1931;" HEIGHT="46" WIDTH="140" VPOS="2638" HPOS="687"/>
<SP HEIGHT="45" WIDTH="26" VPOS="2639" HPOS="828"/>
<!-- cceid F2E00AE1-6E8D-1014-9CF5-AEB3FCA41D69 --><String CONTENT="A" HEIGHT="38" WIDTH="41" VPOS="2639" HPOS="855"/>
<SP HEIGHT="38" WIDTH="22" VPOS="2639" HPOS="897"/>
<String CONTENT="ad" HEIGHT="39" WIDTH="62" VPOS="2639" HPOS="920"/>
<SP HEIGHT="41" WIDTH="22" VPOS="2637" HPOS="983"/>
<String CONTENT="int." HEIGHT="41" WIDTH="88" VPOS="2637" HPOS="1006"/>
<SP HEIGHT="39" WIDTH="24" VPOS="2639" HPOS="1095"/>
<String CONTENT="15763;" HEIGHT="48" WIDTH="171" VPOS="2637" HPOS="1120"/>
<SP HEIGHT="38" WIDTH="25" VPOS="2648" HPOS="1292"/>
<String CONTENT="pubd." HEIGHT="49" WIDTH="143" VPOS="2637" HPOS="1318"/>
<SP HEIGHT="41" WIDTH="29" VPOS="2638" HPOS="1462"/>
<String CONTENT="Sept." HEIGHT="48" WIDTH="127" VPOS="2638" HPOS="1492"/>
<SP HEIGHT="42" WIDTH="25" VPOS="2637" HPOS="1620"/>
<String CONTENT="25;" HEIGHT="48" WIDTH="83" VPOS="2637" HPOS="1646"/>
<SP HEIGHT="46" WIDTH="27" VPOS="2639" HPOS="1730"/>
<String LANG="la" CONTENT="E." HEIGHT="41" WIDTH="52" VPOS="2639" HPOS="1758"/>
<SP HEIGHT="42" WIDTH="25" VPOS="2638" HPOS="1811"/>
<String CONTENT="D." HEIGHT="38" WIDTH="56" VPOS="2638" HPOS="1837"/>
<SP HEIGHT="39" WIDTH="27" VPOS="2638" HPOS="1894"/>
<String CONTENT="Hall," HEIGHT="48" WIDTH="131" VPOS="2638" HPOS="1922"/>
<SP HEIGHT="48" WIDTH="25" VPOS="2638" HPOS="2054"/>
<String CONTENT="Jericho," HEIGHT="50" WIDTH="211" VPOS="2636" HPOS="2080"/>
</TextLine>
<TextLine HEIGHT="49" WIDTH="1229" VPOS="2695" HPOS="346">
<String CONTENT="nr." HEIGHT="30" WIDTH="73" VPOS="2706" HPOS="346"/>
<SP HEIGHT="39" WIDTH="31" VPOS="2697" HPOS="420"/>
<String CONTENT="Bury," HEIGHT="47" WIDTH="149" VPOS="2697" HPOS="452"/>
<SP HEIGHT="47" WIDTH="32" VPOS="2697" HPOS="602"/>
<String CONTENT="Lancashire," HEIGHT="42" WIDTH="312" VPOS="2695" HPOS="635"/>
<SP HEIGHT="42" WIDTH="33" VPOS="2695" HPOS="948"/>
<String CONTENT="England." HEIGHT="48" WIDTH="239" VPOS="2695" HPOS="982"/>
<SP HEIGHT="47" WIDTH="69" VPOS="2695" HPOS="1222"/>
<String CONTENT="(31-35308)" HEIGHT="48" WIDTH="283" VPOS="2695" HPOS="1292"/>
</TextLine>
<TextLine HEIGHT="68" WIDTH="1160" VPOS="2789" HPOS="273" STYLEREFS="StyleId-C5E2C08E-C9CC-4E45-B4BC-54D24A39E0C7-">
<String CONTENT="Hampton," HEIGHT="66" WIDTH="323" VPOS="2791" HPOS="273"/>
<SP HEIGHT="66" WIDTH="30" VPOS="2791" HPOS="597"/>
<String CONTENT="Benjamin" HEIGHT="67" WIDTH="320" VPOS="2789" HPOS="628"/>
<SP HEIGHT="52" WIDTH="28" VPOS="2791" HPOS="949"/>
<String CONTENT="Bowles," HEIGHT="68" WIDTH="251" VPOS="2789" HPOS="978"/>
<SP HEIGHT="59" WIDTH="31" VPOS="2798" HPOS="1230"/>
<String CONTENT="1875-" HEIGHT="55" WIDTH="171" VPOS="2792" HPOS="1262"/>
</TextLine>
<TextLine HEIGHT="71" WIDTH="1945" VPOS="2868" HPOS="342" STYLEREFS="StyleId-C5E2C08E-C9CC-4E45-B4BC-54D24A39E0C7-" CS="1">
<String CONTENT="A" HEIGHT="51" WIDTH="53" VPOS="2871" HPOS="342"/>
<SP HEIGHT="52" WIDTH="33" VPOS="2870" HPOS="396"/>
<String CONTENT="history" HEIGHT="68" WIDTH="220" VPOS="2870" HPOS="430"/>
<SP HEIGHT="49" WIDTH="34" VPOS="2889" HPOS="651"/>
<String CONTENT="of" HEIGHT="52" WIDTH="63" VPOS="2870" HPOS="686"/>
<SP HEIGHT="51" WIDTH="32" VPOS="2870" HPOS="750"/>
<String CONTENT="the" HEIGHT="51" WIDTH="93" VPOS="2871" HPOS="783"/>
<SP HEIGHT="35" WIDTH="32" VPOS="2887" HPOS="877"/>
<String CONTENT="movies" HEIGHT="55" WIDTH="214" VPOS="2869" HPOS="910"/>
<SP HEIGHT="50" WIDTH="38" VPOS="2889" HPOS="1125"/>
<String CS="1" CONTENT="[by]" HEIGHT="69" WIDTH="92" VPOS="2870" HPOS="1181"/>
<SP HEIGHT="69" WIDTH="39" VPOS="2870" HPOS="1274"/>
<String CONTENT="Benjamin" HEIGHT="69" WIDTH="309" VPOS="2869" HPOS="1314"/>
<SP HEIGHT="52" WIDTH="33" VPOS="2870" HPOS="1624"/>
<String CONTENT="B." HEIGHT="52" WIDTH="67" VPOS="2870" HPOS="1658"/>
<SP HEIGHT="52" WIDTH="37" VPOS="2870" HPOS="1726"/>
<String CONTENT="Hampton." HEIGHT="68" WIDTH="315" VPOS="2870" HPOS="1764"/>
<SP HEIGHT="54" WIDTH="70" VPOS="2868" HPOS="2080"/>
<String CONTENT="New" HEIGHT="53" WIDTH="136" VPOS="2868" HPOS="2151"/>
</TextLine>
<TextLine HEIGHT="72" WIDTH="865" VPOS="2946" HPOS="272" STYLEREFS="StyleId-C5E2C08E-C9CC-4E45-B4BC-54D24A39E0C7-">
<String LANG="en-US" CONTENT="York," HEIGHT="68" WIDTH="179" VPOS="2948" HPOS="272"/>
<SP HEIGHT="68" WIDTH="32" VPOS="2948" HPOS="452"/>
<String LANG="en-US" CONTENT="Covici," HEIGHT="71" WIDTH="215" VPOS="2946" HPOS="485"/>
<SP HEIGHT="68" WIDTH="30" VPOS="2949" HPOS="701"/>
<String LANG="de" CONTENT="Friede," HEIGHT="71" WIDTH="223" VPOS="2947" HPOS="732"/>
<SP HEIGHT="67" WIDTH="30" VPOS="2951" HPOS="956"/>
<String LANG="en-US" CONTENT="1931." HEIGHT="49" WIDTH="150" VPOS="2951" HPOS="987"/>
</TextLine>
<TextLine HEIGHT="49" WIDTH="954" VPOS="3028" HPOS="342" CS="1">
<String CONTENT="5" HEIGHT="39" WIDTH="26" VPOS="3029" HPOS="342"/>
<SP HEIGHT="48" WIDTH="27" VPOS="3029" HPOS="369"/>
<String CONTENT="p." HEIGHT="37" WIDTH="42" VPOS="3040" HPOS="397"/>
<SP/>
<String CS="1" CONTENT="l.," HEIGHT="14" WIDTH="8" VPOS="3061" HPOS="504"/>
<SP HEIGHT="46" WIDTH="26" VPOS="3029" HPOS="513"/>
<String CONTENT="3-456," HEIGHT="47" WIDTH="160" VPOS="3028" HPOS="540"/>
<SP HEIGHT="30" WIDTH="32" VPOS="3047" HPOS="701"/>
<String CONTENT="[2]" HEIGHT="49" WIDTH="54" VPOS="3028" HPOS="734"/>
<SP HEIGHT="37" WIDTH="27" VPOS="3040" HPOS="789"/>
<String CONTENT="p." HEIGHT="37" WIDTH="43" VPOS="3040" HPOS="817"/>
<SP HEIGHT="38" WIDTH="57" VPOS="3039" HPOS="861"/>
<String CONTENT="plates." HEIGHT="48" WIDTH="173" VPOS="3029" HPOS="919"/>
<SP HEIGHT="39" WIDTH="55" VPOS="3029" HPOS="1093"/>
<String CS="1" CONTENT="23&#189;&#7580;&#7504;." HEIGHT="40" WIDTH="147" VPOS="3029" HPOS="1149"/>
</TextLine>
<TextLine HEIGHT="49" WIDTH="524" VPOS="3085" HPOS="343">
<String CONTENT="Errata" HEIGHT="39" WIDTH="180" VPOS="3087" HPOS="343"/>
<SP HEIGHT="30" WIDTH="27" VPOS="3096" HPOS="524"/>
<String CONTENT="slip" HEIGHT="48" WIDTH="96" VPOS="3086" HPOS="552"/>
<SP HEIGHT="47" WIDTH="24" VPOS="3087" HPOS="649"/>
<String CONTENT="laid" HEIGHT="40" WIDTH="102" VPOS="3085" HPOS="674"/>
<SP HEIGHT="40" WIDTH="25" VPOS="3085" HPOS="777"/>
<String CONTENT="in." HEIGHT="40" WIDTH="64" VPOS="3085" HPOS="803"/>
</TextLine>
<TextLine HEIGHT="52" WIDTH="1903" VPOS="3142" HPOS="280">
<String CONTENT="&#169;" HEIGHT="52" WIDTH="51" VPOS="3142" HPOS="280"/>
<SP HEIGHT="52" WIDTH="27" VPOS="3142" HPOS="332"/>
<String CONTENT="Dec." HEIGHT="40" WIDTH="112" VPOS="3147" HPOS="360"/>
<SP HEIGHT="39" WIDTH="23" VPOS="3148" HPOS="473"/>
<String CONTENT="4," HEIGHT="46" WIDTH="40" VPOS="3148" HPOS="497"/>
<SP HEIGHT="47" WIDTH="25" VPOS="3147" HPOS="538"/>
<String CONTENT="1931;" HEIGHT="49" WIDTH="142" VPOS="3144" HPOS="564"/>
<SP HEIGHT="48" WIDTH="26" VPOS="3145" HPOS="707"/>
<String CONTENT="2c." HEIGHT="40" WIDTH="66" VPOS="3145" HPOS="734"/>
<SP HEIGHT="39" WIDTH="27" VPOS="3145" HPOS="801"/>
<String CONTENT="Dec" HEIGHT="40" WIDTH="98" VPOS="3145" HPOS="829"/>
<SP HEIGHT="39" WIDTH="23" VPOS="3146" HPOS="928"/>
<String CONTENT="4;" HEIGHT="46" WIDTH="53" VPOS="3146" HPOS="952"/>
<SP HEIGHT="37" WIDTH="28" VPOS="3155" HPOS="1006"/>
<String CONTENT="aff." HEIGHT="41" WIDTH="81" VPOS="3144" HPOS="1035"/>
<SP HEIGHT="40" WIDTH="27" VPOS="3144" HPOS="1117"/>
<String CONTENT="Dec." HEIGHT="41" WIDTH="111" VPOS="3144" HPOS="1145"/>
<SP HEIGHT="37" WIDTH="28" VPOS="3146" HPOS="1257"/>
<String CONTENT="10;" HEIGHT="48" WIDTH="82" VPOS="3144" HPOS="1286"/>
<SP HEIGHT="47" WIDTH="27" VPOS="3145" HPOS="1369"/>
<!-- cceid F2E024E6-6E8D-1014-9CF5-AEB3FCA41D69 --><String CONTENT="A" HEIGHT="38" WIDTH="42" VPOS="3145" HPOS="1397"/>
<SP HEIGHT="39" WIDTH="23" VPOS="3145" HPOS="1440"/>
<String CONTENT="45392;" HEIGHT="48" WIDTH="173" VPOS="3144" HPOS="1464"/>
<SP HEIGHT="48" WIDTH="29" VPOS="3144" HPOS="1638"/>
<String CONTENT="Covici," HEIGHT="50" WIDTH="178" VPOS="3144" HPOS="1668"/>
<SP HEIGHT="48" WIDTH="28" VPOS="3146" HPOS="1847"/>
<String LANG="de" CONTENT="Friede," HEIGHT="49" WIDTH="186" VPOS="3144" HPOS="1876"/>
<SP HEIGHT="47" WIDTH="28" VPOS="3146" HPOS="2063"/>
<String CONTENT="inc." HEIGHT="39" WIDTH="91" VPOS="3146" HPOS="2092"/>
</TextLine>
<TextLine HEIGHT="49" WIDTH="281" VPOS="3203" HPOS="359">
<String CONTENT="(31-35016)" HEIGHT="49" WIDTH="281" VPOS="3203" HPOS="359"/>
</TextLine>
<TextLine HEIGHT="65" WIDTH="674" VPOS="3298" HPOS="274" STYLEREFS="StyleId-2B686DF3-980E-4C10-9D37-0DB4F1CF6E68-">
<String CONTENT="Hennings," HEIGHT="65" WIDTH="332" VPOS="3298" HPOS="274"/>
<SP HEIGHT="65" WIDTH="26" VPOS="3298" HPOS="607"/>
<String CONTENT="Joseph" HEIGHT="64" WIDTH="222" VPOS="3298" HPOS="634"/>
<SP HEIGHT="52" WIDTH="25" VPOS="3298" HPOS="857"/>
<String CONTENT="P." HEIGHT="56" WIDTH="65" VPOS="3298" HPOS="883"/>
</TextLine>
<TextLine HEIGHT="71" WIDTH="1945" VPOS="3374" HPOS="342" STYLEREFS="StyleId-C5E2C08E-C9CC-4E45-B4BC-54D24A39E0C7-">
<String CONTENT="Astron" HEIGHT="55" WIDTH="219" VPOS="3376" HPOS="342"/>
<SP HEIGHT="54" WIDTH="27" VPOS="3377" HPOS="562"/>
<String CONTENT="Imago," HEIGHT="68" WIDTH="221" VPOS="3377" HPOS="590"/>
<SP HEIGHT="65" WIDTH="28" VPOS="3377" HPOS="812"/>
<String CONTENT="by" HEIGHT="67" WIDTH="74" VPOS="3377" HPOS="841"/>
<SP HEIGHT="66" WIDTH="28" VPOS="3378" HPOS="916"/>
<String CONTENT="Jos." HEIGHT="53" WIDTH="119" VPOS="3378" HPOS="945"/>
<SP HEIGHT="52" WIDTH="30" VPOS="3378" HPOS="1065"/>
<String CONTENT="P." HEIGHT="52" WIDTH="65" VPOS="3378" HPOS="1096"/>
<SP HEIGHT="52" WIDTH="29" VPOS="3377" HPOS="1162"/>
<String CONTENT="Hennings;" HEIGHT="70" WIDTH="335" VPOS="3374" HPOS="1192"/>
<SP HEIGHT="49" WIDTH="31" VPOS="3395" HPOS="1528"/>
<String CONTENT="a" HEIGHT="34" WIDTH="31" VPOS="3395" HPOS="1560"/>
<SP HEIGHT="52" WIDTH="25" VPOS="3377" HPOS="1592"/>
<String CONTENT="book" HEIGHT="52" WIDTH="149" VPOS="3377" HPOS="1618"/>
<SP HEIGHT="51" WIDTH="29" VPOS="3377" HPOS="1768"/>
<String CONTENT="of" HEIGHT="54" WIDTH="64" VPOS="3376" HPOS="1798"/>
<SP HEIGHT="54" WIDTH="27" VPOS="3376" HPOS="1863"/>
<String CONTENT="wish" HEIGHT="53" WIDTH="144" VPOS="3376" HPOS="1891"/>
<SP HEIGHT="53" WIDTH="27" VPOS="3377" HPOS="2036"/>
<String CONTENT="dreams" HEIGHT="52" WIDTH="223" VPOS="3378" HPOS="2064"/>
</TextLine>
<TextLine HEIGHT="133" WIDTH="1989" VPOS="3453" HPOS="274" STYLEREFS="StyleId-C5E2C08E-C9CC-4E45-B4BC-54D24A39E0C7-" CS="1">
<String CONTENT="grown" HEIGHT="49" WIDTH="199" VPOS="3472" HPOS="274"/>
<SP HEIGHT="34" WIDTH="36" VPOS="3472" HPOS="474"/>
<String CONTENT="out" HEIGHT="46" WIDTH="98" VPOS="3461" HPOS="511"/>
<SP HEIGHT="47" WIDTH="36" VPOS="3461" HPOS="610"/>
<String CONTENT="of" HEIGHT="54" WIDTH="64" VPOS="3454" HPOS="647"/>
<SP HEIGHT="52" WIDTH="31" VPOS="3454" HPOS="712"/>
<String CONTENT="intense" HEIGHT="52" WIDTH="220" VPOS="3455" HPOS="744"/>
<SP HEIGHT="54" WIDTH="32" VPOS="3453" HPOS="965"/>
<String CONTENT="longings" HEIGHT="70" WIDTH="269" VPOS="3453" HPOS="998"/>
<SP HEIGHT="53" WIDTH="35" VPOS="3454" HPOS="1268"/>
<String CONTENT="for" HEIGHT="52" WIDTH="95" VPOS="3454" HPOS="1304"/>
<SP HEIGHT="34" WIDTH="34" VPOS="3473" HPOS="1400"/>
<String CONTENT="science" HEIGHT="53" WIDTH="214" VPOS="3454" HPOS="1435"/>
<SP HEIGHT="52" WIDTH="31" VPOS="3455" HPOS="1650"/>
<String CONTENT="blended" HEIGHT="54" WIDTH="245" VPOS="3455" HPOS="1682"/>
<SP HEIGHT="52" WIDTH="36" VPOS="3457" HPOS="1928"/>
<String CONTENT="with" HEIGHT="53" WIDTH="142" VPOS="3454" HPOS="1965"/>
<SP HEIGHT="53" WIDTH="30" VPOS="3455" HPOS="2108"/>
<String CONTENT="mystic" HEIGHT="112" WIDTH="1988" VPOS="3474" HPOS="275"/>
</TextLine>
<TextLine HEIGHT="71" WIDTH="1887" VPOS="3530" HPOS="399" STYLEREFS="StyleId-C5E2C08E-C9CC-4E45-B4BC-54D24A39E0C7-">
<String CONTENT="insight," HEIGHT="70" WIDTH="236" VPOS="3531" HPOS="399"/>
<SP HEIGHT="69" WIDTH="48" VPOS="3531" HPOS="636"/>
<String CONTENT="for" HEIGHT="53" WIDTH="92" VPOS="3531" HPOS="685"/>
<SP HEIGHT="33" WIDTH="45" VPOS="3550" HPOS="778"/>
<String CONTENT="astronomy" HEIGHT="64" WIDTH="331" VPOS="3537" HPOS="824"/>
<SP HEIGHT="69" WIDTH="41" VPOS="3532" HPOS="1156"/>
<String CONTENT="blended" HEIGHT="53" WIDTH="245" VPOS="3532" HPOS="1198"/>
<SP HEIGHT="52" WIDTH="44" VPOS="3533" HPOS="1444"/>
<String CONTENT="with" HEIGHT="54" WIDTH="143" VPOS="3531" HPOS="1489"/>
<SP HEIGHT="55" WIDTH="44" VPOS="3530" HPOS="1633"/>
<String CONTENT="faith" HEIGHT="55" WIDTH="154" VPOS="3530" HPOS="1678"/>
<SP HEIGHT="53" WIDTH="43" VPOS="3532" HPOS="1833"/>
<String CONTENT="in" HEIGHT="53" WIDTH="60" VPOS="3532" HPOS="1877"/>
<SP HEIGHT="48" WIDTH="42" VPOS="3537" HPOS="1938"/>
<String CONTENT="the" HEIGHT="53" WIDTH="100" VPOS="3532" HPOS="1981"/>
<SP HEIGHT="51" WIDTH="42" VPOS="3550" HPOS="2082"/>
<String CONTENT="great" HEIGHT="63" WIDTH="161" VPOS="3538" HPOS="2125"/>
</TextLine>
<TextLine HEIGHT="72" WIDTH="2013" VPOS="3607" HPOS="275" STYLEREFS="StyleId-C5E2C08E-C9CC-4E45-B4BC-54D24A39E0C7-" CS="1">
<String CS="1" CONTENT="analogy," HEIGHT="68" WIDTH="264" VPOS="3608" HPOS="275"/>
<SP HEIGHT="58" WIDTH="33" VPOS="3609" HPOS="540"/>
<String CONTENT="for" HEIGHT="52" WIDTH="94" VPOS="3609" HPOS="574"/>
<SP HEIGHT="34" WIDTH="30" VPOS="3627" HPOS="669"/>
<String CONTENT="astrology" HEIGHT="69" WIDTH="292" VPOS="3609" HPOS="700"/>
<SP HEIGHT="69" WIDTH="31" VPOS="3609" HPOS="993"/>
<String CONTENT="lifted" HEIGHT="56" WIDTH="173" VPOS="3607" HPOS="1025"/>
<SP HEIGHT="55" WIDTH="34" VPOS="3608" HPOS="1199"/>
<String CONTENT="from" HEIGHT="55" WIDTH="154" VPOS="3608" HPOS="1234"/>
<SP HEIGHT="48" WIDTH="28" VPOS="3615" HPOS="1389"/>
<String CONTENT="the" HEIGHT="53" WIDTH="97" VPOS="3609" HPOS="1418"/>
<SP HEIGHT="35" WIDTH="29" VPOS="3628" HPOS="1516"/>
<String CONTENT="mire" HEIGHT="54" WIDTH="143" VPOS="3609" HPOS="1546"/>
<SP HEIGHT="35" WIDTH="31" VPOS="3627" HPOS="1690"/>
<String CONTENT="of" HEIGHT="54" WIDTH="64" VPOS="3608" HPOS="1722"/>
<SP HEIGHT="54" WIDTH="29" VPOS="3608" HPOS="1787"/>
<String CONTENT="fortune" HEIGHT="54" WIDTH="233" VPOS="3609" HPOS="1817"/>
<SP HEIGHT="49" WIDTH="31" VPOS="3614" HPOS="2051"/>
<String CONTENT="telling" HEIGHT="70" WIDTH="205" VPOS="3609" HPOS="2083"/>
</TextLine>
<TextLine HEIGHT="70" WIDTH="2013" VPOS="3685" HPOS="274" STYLEREFS="StyleId-C5E2C08E-C9CC-4E45-B4BC-54D24A39E0C7-">
<String CONTENT="and" HEIGHT="52" WIDTH="113" VPOS="3686" HPOS="274"/>
<SP HEIGHT="52" WIDTH="36" VPOS="3686" HPOS="388"/>
<String CONTENT="superstition," HEIGHT="68" WIDTH="390" VPOS="3685" HPOS="425"/>
<SP HEIGHT="47" WIDTH="38" VPOS="3706" HPOS="816"/>
<String CONTENT="and" HEIGHT="51" WIDTH="113" VPOS="3688" HPOS="855"/>
<SP HEIGHT="67" WIDTH="37" VPOS="3688" HPOS="969"/>
<String CONTENT="provided" HEIGHT="70" WIDTH="281" VPOS="3685" HPOS="1007"/>
<SP HEIGHT="53" WIDTH="35" VPOS="3688" HPOS="1289"/>
<String CONTENT="with" HEIGHT="55" WIDTH="143" VPOS="3686" HPOS="1325"/>
<SP HEIGHT="52" WIDTH="34" VPOS="3688" HPOS="1469"/>
<String CONTENT="a" HEIGHT="34" WIDTH="30" VPOS="3706" HPOS="1504"/>
<SP HEIGHT="52" WIDTH="36" VPOS="3689" HPOS="1535"/>
<String CONTENT="basis" HEIGHT="55" WIDTH="153" VPOS="3686" HPOS="1572"/>
<SP HEIGHT="35" WIDTH="36" VPOS="3706" HPOS="1726"/>
<String CONTENT="of" HEIGHT="55" WIDTH="65" VPOS="3686" HPOS="1763"/>
<SP HEIGHT="55" WIDTH="37" VPOS="3686" HPOS="1829"/>
<String CONTENT="demonstrable" HEIGHT="54" WIDTH="420" VPOS="3688" HPOS="1867"/>
</TextLine>
<TextLine HEIGHT="74" WIDTH="2010" VPOS="3760" HPOS="277" STYLEREFS="StyleId-C5E2C08E-C9CC-4E45-B4BC-54D24A39E0C7-">
<String CONTENT="facts," HEIGHT="69" WIDTH="164" VPOS="3760" HPOS="277"/>
<SP HEIGHT="46" WIDTH="38" VPOS="3783" HPOS="442"/>
<String CONTENT="results" HEIGHT="54" WIDTH="205" VPOS="3763" HPOS="481"/>
<SP HEIGHT="34" WIDTH="37" VPOS="3783" HPOS="687"/>
<String CONTENT="of" HEIGHT="53" WIDTH="63" VPOS="3763" HPOS="725"/>
<SP HEIGHT="54" WIDTH="38" VPOS="3763" HPOS="789"/>
<String CONTENT="unprejudiced" HEIGHT="69" WIDTH="417" VPOS="3763" HPOS="828"/>
<SP HEIGHT="53" WIDTH="36" VPOS="3765" HPOS="1246"/>
<String CONTENT="research." HEIGHT="52" WIDTH="276" VPOS="3766" HPOS="1283"/>
<SP HEIGHT="56" WIDTH="76" VPOS="3764" HPOS="1560"/>
<String CONTENT="St." HEIGHT="56" WIDTH="84" VPOS="3764" HPOS="1637"/>
<SP HEIGHT="53" WIDTH="38" VPOS="3766" HPOS="1722"/>
<String CONTENT="Louis," HEIGHT="70" WIDTH="193" VPOS="3764" HPOS="1761"/>
<SP HEIGHT="68" WIDTH="35" VPOS="3766" HPOS="1955"/>
<String CONTENT="Mo.," HEIGHT="67" WIDTH="136" VPOS="3766" HPOS="1991"/>
<SP HEIGHT="67" WIDTH="37" VPOS="3766" HPOS="2128"/>
<String CONTENT="The" HEIGHT="52" WIDTH="121" VPOS="3766" HPOS="2166"/>
</TextLine>
<TextLine HEIGHT="69" WIDTH="403" VPOS="3838" HPOS="275" STYLEREFS="StyleId-C5E2C08E-C9CC-4E45-B4BC-54D24A39E0C7-">
<String CONTENT="author," HEIGHT="69" WIDTH="223" VPOS="3838" HPOS="275"/>
<SP HEIGHT="62" WIDTH="27" VPOS="3845" HPOS="499"/>
<String CONTENT="1931." HEIGHT="49" WIDTH="151" VPOS="3844" HPOS="527"/>
</TextLine>
<TextLine HEIGHT="55" WIDTH="1458" VPOS="3917" HPOS="346" CS="1">
<String CONTENT="ix," HEIGHT="49" WIDTH="64" VPOS="3917" HPOS="346"/>
<SP HEIGHT="45" WIDTH="33" VPOS="3921" HPOS="411"/>
<String CONTENT="182" HEIGHT="40" WIDTH="87" VPOS="3920" HPOS="445"/>
<SP HEIGHT="48" WIDTH="28" VPOS="3920" HPOS="533"/>
<String CONTENT="p." HEIGHT="37" WIDTH="44" VPOS="3931" HPOS="562"/>
<SP HEIGHT="40" WIDTH="33" VPOS="3922" HPOS="607"/>
<String CONTENT="incl." HEIGHT="41" WIDTH="110" VPOS="3922" HPOS="641"/>
<SP HEIGHT="40" WIDTH="35" VPOS="3923" HPOS="752"/>
<String CONTENT="illus.," HEIGHT="49" WIDTH="142" VPOS="3922" HPOS="788"/>
<SP HEIGHT="37" WIDTH="35" VPOS="3934" HPOS="931"/>
<String CONTENT="plates," HEIGHT="47" WIDTH="173" VPOS="3924" HPOS="967"/>
<SP HEIGHT="46" WIDTH="32" VPOS="3925" HPOS="1141"/>
<String CONTENT="tab.," HEIGHT="47" WIDTH="112" VPOS="3924" HPOS="1174"/>
<SP HEIGHT="46" WIDTH="35" VPOS="3925" HPOS="1287"/>
<String CONTENT="diagrs." HEIGHT="49" WIDTH="180" VPOS="3923" HPOS="1323"/>
<SP HEIGHT="37" WIDTH="59" VPOS="3934" HPOS="1504"/>
<String CS="1" CONTENT="pl." HEIGHT="37" WIDTH="63" VPOS="3934" HPOS="1564"/>
<SP HEIGHT="41" WIDTH="58" VPOS="3924" HPOS="1628"/>
<String CS="1" CONTENT="23&#7580;&#7504;." HEIGHT="41" WIDTH="117" VPOS="3924" HPOS="1687"/>
</TextLine>
<TextLine HEIGHT="61" WIDTH="2007" VPOS="3970" HPOS="281" CS="1">
<String CONTENT="&#169;" HEIGHT="54" WIDTH="52" VPOS="3970" HPOS="281"/>
<SP HEIGHT="54" WIDTH="36" VPOS="3970" HPOS="334"/>
<String LANG="el" CONTENT="N" HEIGHT="39" WIDTH="41" VPOS="3977" HPOS="371"/>
<String CS="1" CONTENT="ov"/>
<String LANG="el" CONTENT="." HEIGHT="7" WIDTH="6" VPOS="4012" HPOS="481"/>
<SP HEIGHT="40" WIDTH="37" VPOS="3979" HPOS="488"/>
<String CONTENT="11," HEIGHT="49" WIDTH="68" VPOS="3979" HPOS="526"/>
<SP HEIGHT="49" WIDTH="36" VPOS="3979" HPOS="595"/>
<String CONTENT="1931;" HEIGHT="48" WIDTH="141" VPOS="3978" HPOS="632"/>
<SP HEIGHT="45" WIDTH="36" VPOS="3981" HPOS="774"/>
<String CONTENT="2c." HEIGHT="40" WIDTH="67" VPOS="3981" HPOS="811"/>
<SP HEIGHT="29" WIDTH="36" VPOS="3992" HPOS="879"/>
<String CONTENT="and" HEIGHT="40" WIDTH="97" VPOS="3981" HPOS="916"/>
<SP HEIGHT="41" WIDTH="35" VPOS="3981" HPOS="1014"/>
<String CONTENT="aff." HEIGHT="43" WIDTH="83" VPOS="3980" HPOS="1050"/>
<SP HEIGHT="41" WIDTH="35" VPOS="3982" HPOS="1134"/>
<String CONTENT="Nov." HEIGHT="41" WIDTH="118" VPOS="3982" HPOS="1170"/>
<SP HEIGHT="40" WIDTH="36" VPOS="3982" HPOS="1289"/>
<String CONTENT="16;" HEIGHT="49" WIDTH="83" VPOS="3981" HPOS="1326"/>
<SP HEIGHT="48" WIDTH="38" VPOS="3982" HPOS="1410"/>
<!-- cceid F2E03E99-6E8D-1014-9CF5-AEB3FCA41D69 --><String CONTENT="A" HEIGHT="40" WIDTH="42" VPOS="3982" HPOS="1449"/>
<SP HEIGHT="40" WIDTH="32" VPOS="3982" HPOS="1492"/>
<String CONTENT="45034;" HEIGHT="51" WIDTH="174" VPOS="3980" HPOS="1525"/>
<SP HEIGHT="49" WIDTH="37" VPOS="3982" HPOS="1700"/>
<String CONTENT="J." HEIGHT="42" WIDTH="43" VPOS="3982" HPOS="1738"/>
<SP HEIGHT="42" WIDTH="38" VPOS="3982" HPOS="1782"/>
<String CONTENT="P." HEIGHT="42" WIDTH="52" VPOS="3982" HPOS="1821"/>
<SP HEIGHT="42" WIDTH="36" VPOS="3982" HPOS="1874"/>
<String CONTENT="Hennings," HEIGHT="48" WIDTH="267" VPOS="3981" HPOS="1911"/>
<SP HEIGHT="48" WIDTH="40" VPOS="3981" HPOS="2179"/>
<String CONTENT="St." HEIGHT="42" WIDTH="68" VPOS="3981" HPOS="2220"/>
</TextLine>
<TextLine HEIGHT="53" WIDTH="512" VPOS="4034" HPOS="350">
<String CONTENT="Louis." HEIGHT="41" WIDTH="159" VPOS="4034" HPOS="350"/>
<SP HEIGHT="48" WIDTH="70" VPOS="4036" HPOS="510"/>
<String CONTENT="(31-34954)" HEIGHT="51" WIDTH="281" VPOS="4036" HPOS="581"/>
</TextLine>
</TextBlock>
</PrintSpace>
</Page>
</Layout>
</alto>