2383 3190
142 120 60 25 2466

146 231 157 22 UNIVERSAL
323 228 152 22 SPIRITUAL
492 226 103 21 LEAGUE
615 225 32 20 IN
665 222 134 25 AMERICA,
184 262 64 20 INC.

183 289 102 24 Family
306 287 101 21 letter
427 285 65 21 from
510 283 86 21 Meher
613 281 102 22 Baba's
736 281 115 22 sister,

218 318 81 21 Mani.
339 316 82 25 Appl.
441 313 118 21 author:
581 311 67 21 Fred
667 311 28 19 E.
222 309 598 59 Winterfeldt
312 360 6 6 .

218 338 500 63 © Universal Spiritual League in America, Inc.
220 396 395 34 70. © 10Sep66; A872197.
166 476 156 20 UNIVERSAL
337 475 157 21 TECHNICAL
512 475 164 25 INSTITUTE,
700 475 50 20 LOS

200 502 131 22 ANGELES.
374 502 86 21 CIVIL
477 502 119 21 SERVICE
613 502 148 22 DIVISION.

199 532 136 21 Entrance
355 531 189 26 preparation
562 530 49 22 for
632 531 84 21 civil

235 561 131 24 service;
389 561 67 20 home
477 560 84 26 study
580 565 113 16 course.
735 556 33 28 38
786 565 28 16 v.

233 591 47 20 NM:
305 590 152 20 editorial
475 590 150 24 revision,
649 589 188 25 compilation

252 618 493 25 & additions. © T. Fred Shuey;
235 644 132 29 20Jan66;
390 644 131 24 A848820.

156 702 157 23 UNIVERSAL
329 704 182 22 TELEVISION.
554 703 47 21 See
192 733 113 21 LAREDO.

149 798 206 22 UNIVERSALIST
373 797 172 21 HISTORICAL
564 796 131 22 SOCIETY.

183 829 99 20 Annual
306 827 130 26 journal.
475 822 98 28 Vol.6,
599 821 78 29 1966.

219 857 115 20 Editor:
357 856 82 21 James
460 856 27 21 D.
512 855 79 22 Hunt.
632 850 32 25 68
683 860 28 18 p.

252 882 547 26 © Universalist Historical Society;
219 911 131 30 15May66;
374 911 131 25 A866420.

152 1008 208 23 UNIVERSITÄTS
364 1010 355 28 -VERLAGSBUCHHANDLUNG,
189 1040 132 23 G.M.B.H.

187 1069 49 21 Die
257 1069 255 22 Menschenrechte.
553 1070 48 21 See
620 1071 116 26 VEITER,
222 1098 134 22 THEODOR.

156 1177 173 21 UNIVERSITY
348 1178 98 26 BOOKS,
470 1178 60 20 INC.

190 1207 50 20 The
260 1207 102 21 circle
382 1207 33 20 of
436 1212 61 16 sex.
538 1207 48 21 See
604 1206 118 27 ARTHUR,
226 1235 99 22 GAVIN.

187 1260 224 26 Encyclopaedia
431 1259 32 22 of
483 1259 117 27 psychic
621 1259 130 22 science.
792 1259 49 21 See

223 1290 98 25 FODOR,
344 1290 114 21 NANDOR.

181 1323 47 18 The
250 1320 85 24 fairy
356 1319 83 20 faith
460 1319 29 20 in
511 1318 98 19 Celtic
632 1316 164 20 countries.

216 1351 48 18 See
284 1347 203 25 EVANS-WENTZ,
509 1347 29 21 W.
560 1347 29 20 Y.

188 1378 119 25 History
327 1377 32 20 of
379 1377 169 21 sacerdotal
569 1376 135 25 celibacy
724 1376 29 20 in
776 1376 47 19 the

223 1407 153 21 Christian
396 1407 114 20 church.
550 1406 49 20 See
619 1407 62 24 LEA,
706 1405 85 21 HENRY
224 1436 131 21 CHARLES.

205 1464 51 21 How
274 1463 35 21 to
329 1464 66 20 live
413 1463 69 21 with
503 1463 233 25 schizophrenia.
775 1462 49 21 See

239 1492 117 26 HOFFER,
379 1492 99 23 ABRAM.

203 1521 120 25 Spoiled
340 1521 116 24 priest,
481 1520 47 20 the
548 1518 223 26 autobiography
789 1517 33 20 of

238 1555 32 15 an
290 1550 166 24 ex-priest.
497 1549 49 20 See
566 1548 97 24 LONGO,
686 1546 131 21 GABRIEL.

191 1582 48 20 The
258 1581 173 25 Velikovsky
449 1580 115 21 affair.
604 1581 49 20 See
672 1581 34 20 DE
725 1580 114 24 GRAZIA,

224 1610 117 26 ALFRED,
364 1611 45 20 ed.

192 1635 136 22 Vocabula
348 1639 149 20 amatoria.
538 1640 49 20 See
605 1641 116 25 FARMER,
226 1666 84 20 JAMES
331 1666 28 21 S.

166 1739 173 21 UNIVERSITY
357 1738 120 21 COUNCIL
493 1738 51 20 FOR
562 1737 189 21 EDUCATIONAL

201 1765 252 21 ADMINISTRATION.

201 1794 67 20 UCEA
288 1793 170 20 task-force
478 1792 130 21 seminar:
633 1791 220 21 Institutional

237 1822 82 20 roles
341 1822 49 20 for
410 1820 168 21 in-service
598 1821 152 19 education
771 1821 31 18 of

237 1851 100 20 school
357 1850 251 20 administrators.
649 1848 101 21 Edited
770 1849 32 23 by

237 1879 120 21 Patrick
373 1880 29 19 D.
426 1879 85 25 Lynch
529 1879 17 19 &
564 1879 84 25 Peggy
668 1879 27 19 L.
237 1878 566 50 Blackstone.

235 1906 534 51 Dept. of Educational Administration &
494 1935 202 26 Foundations,
238 1936 582 55 University
324 1965 32 21 of
374 1966 51 20 New
443 1965 115 20 Mexico.

236 1960 585 60 146 p. © University of New Mexico, Dept. of
236 2022 601 56 Educational Administration & Foundations,
358 2052 118 24 College
497 2052 33 19 of
548 2051 166 24 Education;
753 2047 99 28 1Aug66;
235 2078 132 27 A854752.

151 2162 172 22 UNIVERSITY
342 2162 101 21 LEAGUE
462 2162 50 20 FOR
531 2160 103 21 SOCIAL
652 2160 115 25 REFORM,

185 2193 133 21 TORONTO.

186 2221 190 21 Nationalism
394 2221 32 19 in
445 2220 115 20 Canada.
600 2217 102 21 Edited
721 2216 31 25 by

221 2250 84 20 Peter
323 2248 134 21 Russell.
497 2248 67 20 With
584 2251 15 16 a
619 2246 136 20 foreword
774 2245 31 24 by

221 2280 86 20 Frank
326 2277 166 22 Underhill.
532 2277 131 22 Toronto,
687 2275 51 20 New
756 2274 80 24 York,

221 2303 601 26 McGraw-Hill. 377 p. © McGraw-Hill
223 2338 44 19 Co.
292 2337 32 18 of
344 2336 114 23 Canada,
481 2335 81 22 Ltd.;
586 2328 130 28 26Sep66;
293 2360 96 26 AF0-49287.

174 2412 170 20 UNIVERSITY
363 2412 184 27 MICROFILMS,
571 2413 62 21 INC.

207 2442 119 20 Account
346 2442 33 20 of
397 2446 33 16 an
449 2442 171 24 expedition
640 2442 68 20 from
242 2442 566 53 Pittsburgh

347 2471 32 20 to
399 2471 47 19 the
464 2471 86 24 Rocky
569 2471 167 20 Mountains.
243 2500 47 19 See
311 2499 98 26 JAMES,
432 2499 98 22 EDWIN.

198 2533 102 20 Across
323 2533 47 20 the
391 2533 166 21 continent.
597 2533 50 20 See
666 2533 116 25 BOWLES,
234 2562 115 22 SAMUEL.

197 2590 99 21 Across
318 2590 48 20 the
387 2590 83 25 great
490 2589 205 20 southwestern
231 2619 151 25 prairies.
421 2618 48 20 See

490 2617 133 25 KENDALL,
645 2616 103 21 GEORGE
765 2616 29 22 W.

199 2650 172 20 Adventures
391 2649 33 21 of
444 2650 48 20 the
512 2650 84 20 first
616 2650 134 20 settlers
771 2654 32 16 on

236 2678 48 20 the
304 2678 136 21 Columbia
458 2678 99 21 River.
599 2678 48 19 See
665 2678 83 25 ROSS,
235 2707 167 21 ALEXANDER.

197 2733 50 20 The
267 2732 69 20 bark
356 2731 116 21 covered
490 2731 98 22 house.
630 2730 47 20 See
699 2728 113 25 NOWLIN,
233 2760 132 23 WILLIAM.

213 2788 15 18 A
247 2786 86 21 brief
351 2786 186 25 description
558 2786 32 20 of
608 2786 150 21 New-York.

248 2816 48 20 See
317 2815 115 26 DENTON,
453 2815 116 22 DANIEL.

202 2846 14 18 A
236 2845 86 20 brief
339 2845 121 26 history
479 2847 32 20 of
531 2848 48 20 the
600 2849 99 24 Pequot
720 2851 62 20 War.

236 2874 49 20 See
305 2875 98 26 MASON,
426 2877 80 22 JOHN.

197 2905 14 20 A
231 2907 134 25 campaign
386 2908 31 20 in
436 2908 50 20 New
504 2909 116 23 Mexico.
661 2912 46 19 See

230 2935 133 25 EDWARDS,
385 2936 85 21 FRANK
490 2938 28 21 S.

932 208 188 25 Campaigning
1138 208 68 21 with
1225 208 86 21 Crook
1328 210 49 19 and
1400 210 115 22 stories
1537 209 32 21 of

968 238 64 24 Army
1055 238 79 21 life.
1174 238 48 20 See
1242 237 81 25 KING,
1347 237 132 24 CHARLES.

947 272 100 22 Cattle
1068 272 82 20 trade
1171 269 32 21 of
1223 269 48 20 the
1290 269 68 19 West
1377 267 50 21 and
982 267 550 54 Southwest.

1102 300 48 20 See
1170 298 99 24 MCCOY,
1291 296 103 21 JOSEPH
1413 296 27 21 G.

957 330 117 21 Clark's
1093 330 103 21 memoir
1216 330 68 21 from
1300 331 153 25 English's
991 332 531 53 Conquest

1095 359 32 20 of
1147 359 47 21 the
1216 359 130 25 country.
1387 360 48 20 See

993 390 95 23 CLARK,
1113 390 100 18 GEORGE
1233 389 112 22 ROGERS.

942 421 136 20 Commerce
1098 419 32 21 of
1151 419 48 20 the
1219 419 150 25 prairies.
1408 419 50 21 See

977 450 98 24 GREGG,
1098 449 115 21 JOSIAH.

943 476 50 21 The
1013 477 136 24 conquest
1169 476 32 20 of
1221 475 48 21 the
1288 476 85 20 Weast
1394 476 95 20 India.
1532 475 48 21 See

979 504 113 27 GOMARA,
1115 504 155 21 FRANCISCO
1288 504 83 20 LOPEZ
1390 504 45 20 DE.

941 534 220 27 Cosmographiae
1184 531 198 23 introductio.
1422 530 49 21 See

973 560 237 27 WALDSEEMÜLLER,
1234 561 113 22 MARTIN.

950 598 17 20 A
985 596 135 21 critical
1141 595 206 25 bibliography
1365 594 49 20 for
1432 594 50 20 The

983 626 88 20 march
1089 625 32 20 of
1141 624 117 21 America
1280 624 113 20 series.
1434 624 48 20 See

984 655 134 25 KLYBERG,
1141 654 101 19 ALBERT
1260 653 29 22 T.

943 687 87 21 Death
1047 687 103 25 Valley
1170 687 30 20 in
1226 684 56 27 '49.
1324 686 48 21 See
1391 686 99 26 MANLY,

978 716 121 20 WILLIAM
1117 715 96 22 LEWIS.

946 744 49 21 The
1015 744 119 20 decades
1155 743 31 20 of
1205 743 50 20 the
1274 743 67 20 Newe
1358 742 103 20 Worlde
1482 746 30 15 or

979 773 68 21 West
1069 772 96 21 India.
1206 772 49 20 See
1273 770 152 27 ANGHIERA,
1447 770 104 20 PIETRO

982 801 118 21 MARTIRE
1118 801 48 20 D'.

934 827 171 21 Discoverie
1126 826 32 21 of
1178 826 47 21 the
1245 826 85 20 north
1351 827 65 23 part
1436 826 32 20 of

968 857 152 25 Virginia.
1162 856 46 20 See
1230 855 149 25 BRERETON,
1403 855 80 23 JOHN.

957 891 50 22 The
1028 890 186 22 discoveries
1235 889 32 22 of
1286 889 67 22 John
1372 888 134 23 Lederer,

994 921 46 20 See
1062 920 131 26 LEDERER,
1219 919 80 22 JOHN.

945 951 50 22 The
1015 952 155 25 discovery
1187 952 50 20 and
1257 951 169 21 settlement
1446 951 33 21 of
980 951 568 49 Kentucke.

1117 980 49 20 See
1184 979 117 27 FILSON,
1323 979 80 21 JOHN.

935 1016 49 21 The
1005 1016 153 23 discovery
1178 1014 31 21 of
1228 1014 51 20 New
1297 1013 168 21 Brittaine.
1505 1012 49 21 See

972 1044 96 24 BLAND,
1091 1043 115 22 EDWARD.

961 1071 14 18 A
996 1070 188 25 description
1203 1069 32 22 of
1255 1070 166 22 Louisiana.
1461 1071 49 21 See

994 1099 151 26 HENNEPIN,
1168 1099 99 23 LOUIS.

941 1134 101 20 Divers
1062 1137 118 21 voyages
1200 1132 138 26 touching
1355 1132 49 20 the
977 1132 550 51 discoverie

1064 1162 32 20 of
1113 1161 134 22 America.
1287 1160 48 21 See
1355 1160 133 26 HAKLUYT,
977 1190 132 23 RICHARD.

944 1222 84 25 Eight
1047 1221 101 20 months
1171 1221 30 19 in
1222 1219 148 20 Illinois.
1410 1217 49 20 See

980 1250 115 24 OLIVER,
1117 1249 132 20 WILLIAM.

955 1284 138 25 Epistola
1112 1284 31 20 de
1166 1283 115 20 insulis
1302 1286 85 20 nuper
1407 1280 147 21 inventis.

992 1314 47 19 See
1062 1312 131 24 COLOMBO,
1217 1310 181 22 CRISTOFORO.

956 1348 172 24 Expedition
1148 1347 118 25 against
1286 1346 48 20 the
1354 1346 67 20 Ohio
1442 1345 131 21 Indians.

992 1377 49 20 See
1061 1376 98 24 SMITH,
1180 1375 134 21 WILLIAM.

946 1409 50 21 The
1017 1409 170 26 expedition
1207 1409 32 20 of
1259 1409 82 21 Lewis
1361 1410 50 20 and
1430 1409 97 21 Clark.

983 1438 46 20 See
1050 1437 99 27 LEWIS,
1171 1437 185 22 MERIWETHER.

948 1468 33 20 An
1001 1468 170 26 expedition
1191 1468 32 20 to
1244 1468 48 20 the
1312 1467 103 26 valley
1433 1467 32 20 of
1484 1467 50 20 the

984 1497 83 20 Great
1089 1497 64 20 Salt
1173 1497 80 20 Lake.
1294 1497 49 20 See
1364 1496 167 26 STANSBURY,

983 1526 115 20 HOWARD.

941 1556 32 20 An
993 1554 188 26 explanation
1200 1553 32 20 of
1251 1553 48 20 the
1320 1556 50 20 map
1390 1551 32 20 of
1439 1549 121 22 Federal

978 1584 95 21 lands.
1115 1582 46 21 See
1184 1582 114 24 CUTLER,
1321 1578 149 24 MANASSEH.

949 1614 49 20 The
1018 1613 118 25 generall
1173 1612 119 21 historie
1329 1612 33 21 of
1377 1613 154 26 Virginia,

983 1644 49 19 New
1051 1642 134 25 England,
1207 1643 51 19 and
1278 1642 48 20 the
1346 1643 102 20 Summer
1467 1643 99 21 Isles.

982 1672 51 20 See
1052 1672 98 25 SMITH,
1173 1672 80 22 JOHN.

946 1704 120 25 Georgia
1085 1703 188 25 speculation
1291 1703 149 21 unveiled.
1481 1702 49 20 See

981 1733 116 24 BISHOP,
1119 1731 131 22 ABRAHAM.

932 1764 68 21 Good
1019 1765 85 19 order
1123 1761 188 22 established
1332 1761 30 20 in
1381 1759 205 21 Pennsylvania

1001 1788 511 29 & New-Jersey. See BUDD, THOMAS.
941 1824 85 26 Henry
1045 1825 135 22 Hudson's
1200 1832 132 20 voyages,
1355 1828 68 21 from
1442 1830 118 21 Purchas

975 1853 49 21 his
1046 1854 166 26 pilgrimes.
1253 1857 47 19 See
1323 1856 130 26 PURCHAS,
977 1882 114 23 SAMUEL.

948 1912 17 21 A
983 1913 121 25 history
1123 1913 32 20 of
1173 1914 51 20 New
1244 1914 112 20 Sweden.
1398 1914 48 21 See

982 1941 152 27 ACRELIUS,
1158 1942 114 21 ISRAEL.

949 1975 122 26 History
1089 1975 31 20 of
1140 1975 48 20 the
1208 1976 102 19 Donner
1329 1975 97 25 party.
1467 1975 49 20 See

983 2004 167 26 MCGIASHAN,
1175 2005 116 20 CHARLES
1311 2004 131 21 FAYETTE.

950 2039 121 25 History
1090 2039 32 20 of
1142 2038 48 20 the
1212 2038 64 20 late
1295 2042 51 16 war
1366 2038 31 20 in
1417 2038 48 20 the

984 2067 120 20 western
1124 2067 130 24 country.
1295 2066 49 20 See
1362 2065 117 26 MCAFEE,

984 2095 102 20 ROBERT
1106 2095 215 20 BRECKINRIDGE.

955 2125 50 21 How
1024 2130 31 15 we
1075 2124 85 20 built
1180 2123 47 21 the
1248 2123 84 20 Union
1352 2122 121 24 Pacific,

988 2123 567 56 Railway.
1094 2153 48 21 See
1161 2152 99 25 DODGE,
1282 2151 153 21 GRENVILLE
1453 2150 31 23 M.

962 2185 99 20 Indian
1083 2184 164 24 captivity.
1288 2182 49 21 See
1357 2181 132 24 SPENCER,
996 2213 102 20 OLIVER
1116 2213 29 21 M.

940 2242 131 21 Journal.
1111 2242 50 21 See
1180 2242 133 25 FALLOWS,
1335 2242 114 22 ARTHUR.

944 2274 15 21 A
981 2275 115 24 journal
1117 2276 32 20 of
1167 2281 16 16 a
1201 2277 171 26 missionary
1393 2279 79 22 tour.
1512 2280 49 21 See

979 2303 97 25 SCOTT,
1100 2304 82 22 JAMES
1202 2305 133 24 LEANDER.

939 2346 117 22 Journal
1076 2345 33 20 of
1128 2349 15 16 a
1162 2348 100 22 voyage
1283 2343 31 19 to
1333 2342 50 20 New
1401 2341 81 20 York.
1525 2341 48 19 See

973 2375 132 24 DANKERS,
1128 2373 114 21 JASPAR.

950 2409 119 20 Journal
1089 2408 32 21 of
1140 2410 136 24 a'voyage
1297 2410 31 20 to
1345 2411 239 23 North-America.

984 2437 50 20 See
1053 2438 185 26 CHARLEVOIX,
1261 2439 102 21 PIERRE
1379 2440 47 22 DE.

949 2474 118 21 Journal
1087 2474 32 20 of
1139 2473 118 24 Captain
1277 2472 98 21 Cook's
1398 2472 63 20 last
1483 2476 100 20 voyage

984 2504 32 18 to
1036 2502 48 21 the
1105 2501 117 21 Pacific
1243 2500 96 22 Ocean.
1379 2500 49 20 See

983 2531 133 25 RICKMAN,
1138 2530 80 23 JOHN.

953 2563 118 20 Journal
1091 2563 31 20 of
1142 2563 118 26 Captain
1278 2563 101 21 Thomas
1397 2564 102 20 Morris

986 2592 68 20 from
1072 2592 204 20 Miscellanies
1296 2592 32 20 in
1347 2597 83 21 prose
1449 2593 51 20 and

986 2625 97 16 verse.
1124 2621 49 21 See
1192 2621 116 26 MORRIS,
1329 2621 116 22 THOMAS.

949 2653 50 20 The
1020 2653 116 25 journal
1157 2653 32 20 of
1206 2653 86 25 Major
1311 2654 100 25 George
986 2654 565 48 Washington.

1088 2682 48 20 See
1155 2682 183 24 WASHINGTON,
1363 2682 113 25 GEORGE,
985 2710 79 26 PRES,
1088 2710 48 22 U.S.

954 2743 17 19 A
990 2743 117 25 journal
1127 2741 33 21 of
1180 2742 48 20 the
1247 2741 135 20 Overland
1402 2741 84 19 Route
1507 2741 32 19 to

990 2770 183 21 California.
1213 2770 49 20 See
1281 2768 133 25 ALDRICH,
1437 2768 120 20 LORENZO
1575 2768 29 21 D.

965 2800 119 20 Journal
1103 2799 34 20 of
1156 2798 116 21 travels
1293 2802 68 15 over
1379 2797 49 20 the
1447 2797 87 24 Rocky

1000 2828 166 20 Mountains.
1207 2826 49 20 See
1275 2825 115 24 PALMER,
1414 2824 79 21 JOEL.

964 2855 149 21 Journals.
1153 2854 49 20 See
1221 2853 116 24 ROGERS,
1359 2852 114 20 ROBERT.

948 2886 119 23 Journey
1085 2883 33 20 of
1138 2883 147 20 Coronado.
1326 2882 48 20 See

984 2912 165 24 CASTANEDA,
1172 2911 96 21 PEDRO.

1688 205 66 19 Last
1776 208 98 21 voyage
1894 203 154 25 perform'd
2067 203 31 25 by
2119 203 32 20 de
2173 203 29 19 la
2222 202 80 21 Sale.

1723 232 47 20 See
1791 232 115 24 JOUTEL,
1929 231 97 21 HENRI.

1696 264 116 22 Letters
1834 264 68 21 from
1918 264 50 21 the
1988 263 81 22 West.
2109 264 49 20 See
2177 262 115 27 WRIGHT,

1731 293 67 21 JOHN
1815 292 151 22 STILLMAN.

1691 321 65 21 Life
1777 326 32 16 on
1829 322 48 20 the
1898 322 99 21 Plains
2017 323 50 21 and
2086 329 86 20 among
2192 324 47 23 the

1724 350 150 26 diggings.
1914 351 48 21 See
1981 351 117 26 DELANO,
2120 352 118 24 ALONZO.

1708 380 84 21 March
1814 380 30 21 of
1864 382 116 21 America
2002 383 151 21 facsimile
2176 385 112 25 series,

1743 410 98 22 no.21.
1882 411 46 20 See
1952 411 134 23 JOURNALL
2105 413 33 20 OF
2157 414 49 20 THE

1742 438 119 22 ENGLISH
1883 439 168 23 PLANTATION
2070 442 32 20 AT
2123 441 132 23 PLIMOTH.

1692 462 151 22 Narrative
1865 465 31 20 of
1917 465 47 20 the
1985 466 169 22 adventures
2175 469 33 20 of
2227 469 82 22 Zenas

1726 494 132 22 Leonard.
1900 494 45 20 See
1966 495 133 25 LEONARD,
2124 497 98 23 ZENAS.

1698 522 15 18 A
1735 521 117 20 natural
1872 523 50 19 and
1942 523 82 20 civil
2045 523 121 27 history
2184 525 33 20 of
1734 526 568 46 California.

1889 552 48 21 See
1956 553 134 26 VENEGAS,
2113 555 116 23 MIGUEL.

1703 584 186 23 Navigations
1911 586 31 19 to
1962 585 66 20 Newe
2047 586 132 21 Fraunce.
2221 587 48 21 See

1738 612 132 25 CARTIER,
1893 613 131 23 JACQUES.

1701 641 50 20 The
1770 641 167 26 navigator.
1979 642 48 21 See
2047 643 117 26 CRAMER,
2185 643 97 21 ZADOK.

1692 676 50 22 New
1762 677 82 20 homes
1866 678 32 20 in
1918 678 47 20 the
1984 678 83 23 West.
2106 679 49 21 See
2176 680 132 25 STEWART,
1727 706 168 23 CATHERINE.

1698 740 16 20 A
1733 744 51 17 new
1803 745 101 20 voyage
1925 743 30 19 to
1975 742 149 21 Carolina.
2165 744 49 20 See

1734 769 115 26 LAWSON,
1872 770 81 22 JOHN.

1703 802 84 20 Notes
1807 806 32 16 on
1859 806 15 16 a
1895 802 118 25 journey
2035 803 29 19 in
2083 802 132 21 America.
2256 803 49 20 See

1737 831 151 24 BIRKBECK,
1911 831 114 21 MORRIS.

1701 861 115 24 Oregon.
1855 861 49 20 See
1926 862 97 26 WYETH,
2046 863 68 20 JOHN
2133 864 29 22 B.

1697 891 32 19 An
1750 889 136 22 overland
1907 890 130 25 journey.
2077 890 50 21 See
2148 890 132 27 GREELEY,

1731 920 116 22 HORACE.

1696 947 50 20 The
1768 946 135 25 personal
1923 946 151 20 narrative
2096 946 32 20 of
2147 946 83 20 James
2273 961 6 6 O.

1734 975 113 25 Pattie,
1872 975 32 21 of
1923 975 149 25 Kentucky.
2112 974 50 21 See
2183 974 114 25 PATTIE,

1734 1004 82 22 JAMES
1839 1004 78 22 OHIO.

1723 1026 170 26 Prosperous
1914 1033 114 21 voyage.
2068 1030 49 20 See

1758 1056 115 26 ROSIER,
1896 1058 98 21 JAMES.

1703 1084 84 21 Ranch
1807 1085 66 21 life
1892 1087 50 20 and
1962 1087 48 20 the
2030 1088 236 26 hunting-trail.

1737 1114 48 20 See
1807 1114 167 27 ROOSEVELT,
1995 1116 152 26 THEODORE,
2169 1118 80 22 PRES.
1736 1143 64 21 U.S.

1706 1176 136 22 Relation
1863 1177 32 20 of
1913 1177 85 21 Nunez
2018 1177 100 22 Cabeza
2139 1179 31 20 de
2188 1178 83 23 Vaca.

1743 1205 46 21 See
1811 1206 83 20 NUNEZ
1914 1206 100 22 CABEZA
2033 1207 34 20 DE
2084 1207 83 26 VACA,
2191 1207 97 24 ALVAR.

1701 1234 50 20 The
1771 1234 136 21 redeemed
1926 1235 118 25 captive
2064 1236 155 26 returning
2237 1237 32 19 to

1736 1263 78 21 Zion.
1858 1263 48 22 See
1926 1263 150 27 WILLIAMS,
2099 1265 81 23 JOHN.

1713 1290 47 19 The
1781 1291 136 20 relation
1939 1292 30 20 of
1987 1292 84 21 David
2094 1292 114 26 Ingram,
2232 1294 67 20 from.

1746 1319 50 21 The
1816 1320 170 25 principall
2006 1321 202 25 navigations.
2248 1322 48 22 See

1747 1348 132 25 HAKLUYT,
1901 1348 134 24 RICHARD.

1710 1383 102 25 Report
1831 1383 34 20 of
1885 1384 47 20 the
1953 1384 154 25 exploring
2125 1385 170 24 expedition
2316 1385 31 19 to

1746 1412 48 20 the
1813 1412 87 26 Rocky
1917 1412 166 22 Mountains.
2124 1413 50 20 See

1745 1441 133 25 FREMONT,
1900 1441 69 20 JOHN
1987 1441 131 22 CHARLES.

1716 1471 84 20 Route
1820 1476 100 15 across
1942 1471 47 20 the
2009 1471 86 25 Rocky
2112 1471 168 21 Mountains.

1751 1500 49 21 See
1820 1500 133 25 JOHNSON,
1975 1500 132 22 OVERTON.

1695 1533 50 20 The
1766 1533 118 22 Russian
1903 1534 187 22 discoveries
2110 1535 120 22 between
2249 1537 65 21 Asia

1731 1563 48 20 and
1800 1562 133 22 America.
1973 1564 48 20 See
2040 1563 82 26 COXE,
2144 1565 135 23 WILLIAM.

1704 1596 49 21 The
1775 1596 202 26 significance
1997 1596 33 20 of
2050 1596 48 20 the
2118 1595 136 21 frontier
2274 1595 31 20 in

1738 1625 137 21 American
1894 1624 131 26 history.
2067 1624 47 21 See
2137 1624 113 25 TURNER,

1739 1654 154 20 FREDERICK
1912 1655 28 20 J.

1696 1677 50 21 Six
1762 1678 103 20 months
1886 1679 30 20 in
1939 1678 46 21 the
2005 1680 72 24 gold,
2090 1681 100 22 mines.
2231 1682 47 20 See

1730 1706 115 25 BUFFUM,
1867 1707 102 20 EDWARD
1989 1707 98 24 GOULD.

1703 1730 118 22 Sources
1842 1732 32 21 of
1895 1732 47 22 the
1960 1733 190 27 Mississippi
2170 1736 48 20 and
2239 1736 48 21 the

1737 1762 120 19 western
1875 1761 154 21 Louisiana
2048 1764 166 26 territory.
2255 1765 49 21 See

1738 1789 80 26 PIKE,
1840 1790 120 21 ZEBULON
1978 1791 185 23 MONTGOMERY.

1704 1819 50 21 The
1773 1820 184 26 South-west,
1980 1821 34 25 by
2031 1826 17 15 a
2064 1822 117 21 Yankee.
2222 1823 49 21 See

1740 1849 148 26 INGRAHAM,
1910 1850 103 20 JOSEPH
2031 1851 79 21 HOLT.

1702 1884 49 20 The
1771 1883 121 24 Spanish
1910 1883 148 21 Colonies.
2098 1883 50 20 See
2168 1882 98 25 CASAS,

1736 1911 189 20 BARTHOLOMEW
1943 1911 33 20 DE
1996 1911 62 21 LAS.

1702 1939 101 21 Thomas
1823 1939 136 21 Hariot's
1976 1940 152 24 Virginia.
2169 1940 49 20 See
2237 1940 65 26 BRY,

1737 1969 136 21 THEODORE
1892 1970 46 21 DE.

1705 1994 102 22 Travel
1827 1996 48 20 and
1895 1995 152 22 adventure
2068 1996 32 21 in
2119 1996 49 21 the
2189 1997 153 26 territory

1740 2024 31 20 of
1789 2024 115 21 Alaska.
1945 2025 48 20 See
2013 2025 134 26 WHYMFER,
2169 2026 165 21 FREDERICK.

1703 2053 117 21 Travels
1841 2055 48 19 and
1909 2055 170 22 adventures
2100 2057 31 20 in
2152 2058 112 21 Canada.
2305 2060 49 20 See

1739 2083 94 25 HENRY,
1858 2084 164 23 ALEXANDER.

1705 2111 119 21 Travels
1844 2112 31 20 in
1896 2112 187 21 Pensilvania
2101 2115 51 19 and
2171 2114 113 20 Canada.

1739 2140 49 20 See
1809 2140 133 27 BARTRAM,
1964 2141 80 22 JOHN.

1701 2171 119 21 Travels
1842 2171 32 19 in
1892 2171 48 20 the
1962 2170 136 20 interior
2116 2170 33 20 of
2167 2169 132 22 America.

1738 2200 46 20 See
1806 2199 149 25 BRADBURY,
1979 2198 79 23 JOHN.

1698 2229 119 22 Travels
1838 2230 119 25 through
1975 2230 48 20 the
2044 2229 206 20 northwestern
1736 2233 563 52 regions

1839 2259 32 20 of
1889 2259 49 20 the
1958 2258 102 20 United
2078 2257 116 23 States.
2234 2257 48 21 See

1735 2287 200 24 SCHOOLCRAFT,
1958 2286 84 21 HENRY
2061 2287 81 22 ROWE.

1703 2322 14 18 A
1737 2320 136 25 treatyse
1895 2319 31 21 of
1945 2319 49 21 the
2013 2323 67 16 newe
2100 2318 99 21 India.
2237 2317 50 21 See

1737 2344 132 31 MÜNSTER,
1892 2347 168 23 SEBASTIAN.

1702 2385 50 20 The
1771 2385 66 20 true
1857 2385 119 25 history
1996 2385 32 19 of
2046 2385 50 20 the
2117 2386 134 23 conquest
2271 2385 33 20 of

1737 2413 114 22 Mexico.
1892 2413 48 20 See
1959 2413 68 20 DIAZ
2045 2413 54 20 DEL
2116 2413 149 25 CASTILLO,

1737 2442 114 22 BERNAL.

1702 2467 51 19 Two
1772 2469 83 21 years
1876 2466 33 19 in
1928 2465 48 20 the
1996 2469 51 16 new
2066 2465 187 20 settlements
2273 2464 32 21 of

1738 2494 80 21 Ohio.
1859 2494 49 20 See
1927 2494 167 25 GRIFFITHS,
2115 2494 49 25 D.,
2186 2494 46 21 JR.

1718 2529 33 20 La
1770 2528 66 22 vida
1856 2529 31 20 de
1907 2528 137 25 Junipero
2062 2527 100 23 Serra.
2200 2527 49 20 See

1753 2557 95 26 PALOU,
1871 2556 168 23 FRANCISCO.

1699 2585 85 20 Views
1805 2590 31 15 on
1855 2586 166 20 Louisiana.
2062 2586 48 20 See
2132 2586 216 25 BRACKENRIDGE,

1736 2614 83 20 HENRY
1838 2615 95 21 MARIE.

1697 2644 49 20 The
1767 2645 169 25 vigilantes
1956 2646 33 20 of
2006 2646 134 23 Montana.
2180 2648 48 21 See

1732 2673 149 25 DIMSDALE,
1904 2674 101 21 THOMAS
2026 2675 115 23 JOSIAH.

1702 2701 138 25 Virginia
1859 2701 102 25 richly
1979 2702 114 20 valued.
2135 2702 48 20 See

1739 2730 132 25 HAKLUYT,
1893 2730 133 22 RICHARD.

1703 2761 50 20 Les
1772 2763 118 20 voyages
1911 2759 33 19 du
1962 2757 85 21 Sieur
2065 2756 32 20 de
2117 2754 167 25 Champlain.

1739 2789 48 19 See
1808 2787 166 24 CHAMPLAIN,
1996 2786 103 20 SAMUEL
2116 2785 48 21 DE.

1701 2820 121 23 Voyages
1844 2819 67 19 from
1927 2819 136 20 Montreal
2084 2823 32 15 on
2137 2818 48 20 the
2203 2818 87 20 River

1740 2849 45 19 St.
1808 2849 149 19 Laurence.
1998 2848 48 19 See
2065 2847 168 25 MACKENZIE,

1738 2876 167 22 ALEXANDER.
