5968 10284
1056 956 164 124 U.
1296 952 136 128 S.
1596 956 436 156 Laws,
2104 960 612 152 statutes,
2788 960 240 116 etc.

1208 1172 524 132 United
1812 1168 448 132 States
2336 1164 372 132 Code
2756 1168 784 124 annotated.
3700 1164 296 128 The
4068 1164 372 132 Code
4484 1164 160 128 of
4684 1168 232 128 the
4964 1168 332 132 laws
5368 1172 156 128 of
5592 1176 228 132 the

1064 1360 500 128 United
1652 1356 452 132 States
2188 1356 144 124 in
2416 1352 372 128 force
2868 1352 740 128 December
3684 1348 116 164 7,
3892 1352 360 164 1925,
4336 1396 144 84 as
4564 1356 556 124 enacted
5204 1356 180 160 by
5476 1356 332 132 Con-

1044 1592 416 120 gress,
1532 1548 364 124 June
1968 1548 160 120 28
2204 1544 272 124 and
2552 1540 704 164 approved
3332 1540 364 128 June
3772 1548 200 152 30,
4056 1548 360 120 1926.
4580 1540 792 132 Annotated
5456 1540 360 136 from

1044 1732 188 128 all
1300 1732 228 128 the
1596 1776 360 84 cases
2028 1728 796 164 construing
2892 1728 372 124 these
3332 1728 368 124 laws.
3856 1728 704 160 Prepared
4632 1728 180 168 by
4880 1728 236 128 the
5184 1732 628 128 editorial

1044 1920 388 128 staffs
1532 1916 156 128 of
1788 1916 608 128 Edward
2496 1912 792 164 Thompson
3388 1956 672 124 company
4164 1916 272 124 and
4536 1916 388 128 West
5020 1912 796 176 publishing

1044 2148 672 120 company
1804 2124 88 128 …
2104 2180 32 80 [
2144 2148 84 80 v
2240 2200 24 28 .
2344 2108 232 116 1–1
2588 2108 72 116 2
2680 2180 24 80 ]
2876 2100 196 128 St.
3140 2104 300 120 Pau
3452 2104 40 120 l
3516 2196 24 64 ,
3604 2100 484 160 Minn.,
4156 2104 384 128 West
4604 2100 276 164 pub
4892 2104 44 124 l
4948 2104 460 168 ishing
5476 2152 64 84 c
5548 2152 260 80 om-

1044 2332 436 124 pany;
1600 2288 820 164 Northport,
2532 2288 400 164 Long
3040 2284 524 160 Island,
3680 2288 164 128 N.
3968 2288 220 160 Y.,
4300 2288 608 128 Edward
5028 2288 780 168 Thompson

1040 2524 716 120 company,
1836 2472 356 132 1927.

1208 2680 128 92 12
1408 2704 68 68 v
1492 2752 20 24 .
1656 2676 644 108 24½ͨͫ
1976 2712 24 56 .

1212 2840 840 120 "Cooperation
2128 2840 516 96 between
2720 2840 192 96 the
2984 2836 660 120 publishers
3716 2844 228 92 and
4024 2844 192 92 the
4288 2840 412 96 commi
4716 2848 92 92 tt
4820 2872 56 68 e
4888 2868 60 68 e
4952 2872 56 68 s
5084 2844 124 96 of
5280 2844 192 100 the
5552 2848 256 96 Sen-

1040 2992 188 92 ate
1296 2984 224 92 and
1588 2984 396 92 House
2048 3004 140 68 on
2260 2976 504 96 revision
2828 2976 128 96 of
3020 2980 192 92 the
3280 2980 288 92 laws
3636 2980 336 92 made
4036 2976 500 116 possible
4612 2980 188 92 the
4868 2980 756 116 preparation
5688 2984 120 96 of

1044 3120 192 96 the
1308 3120 304 96 Code
1684 3116 496 112 adopted
2252 3116 144 112 by
2468 3116 192 92 the
2744 3108 720 116 Sixty-ninth
3536 3108 600 116 Congress.
4280 3112 240 96 The
4596 3116 300 96 Code
4972 3116 272 100 thus
5320 3120 488 116 adopted

1040 3260 100 96 is
1208 3256 544 100 evidence
1824 3252 124 96 of
2016 3252 192 96 the
2280 3252 260 92 law.
2680 3248 340 96 After
3092 3248 196 96 the
3360 3248 644 96 correction
4076 3248 124 100 of
4272 3276 388 72 errors
4744 3256 68 108 …
4928 3252 192 96 the
5200 3252 300 100 Code
5572 3252 236 100 will

1044 3420 140 72 no
1260 3392 356 96 doubt
1692 3392 132 96 be
1896 3392 484 92 enacted
2456 3384 240 96 into
2776 3388 224 92 law
3076 3388 232 92 and
3380 3388 160 92 all
3628 3384 184 96 the
3892 3388 332 92 other
4300 3384 668 120 legislation
5044 3392 124 96 of
5248 3388 556 116 Congress

1044 3528 236 96 will
1360 3532 132 92 be
1576 3524 1456 116 repealed."—Foreword,
3116 3520 468 116 signed:
3680 3524 436 112 George
4204 3524 568 96 Wharton
4860 3528 476 112 Pepper.

1200 3664 192 96 All
1492 3660 120 100 of
1712 3660 196 100 the
2004 3656 508 120 existing
2608 3660 292 92 laws
2996 3684 204 76 are
3296 3656 544 120 logically
3940 3664 576 112 arranged
4624 3664 364 92 under
5084 3660 268 116 fifty
5456 3664 348 100 titles.

1044 3804 348 112 Many
1476 3800 124 96 of
1680 3800 324 92 these
2092 3796 320 96 titles
2492 3824 200 64 are
2780 3792 684 100 subdivided
3552 3792 240 100 into
3880 3796 580 116 chapters,
4548 3800 224 92 and
4860 3800 364 92 lesser
5312 3800 492 92 subdivi-

1040 3936 316 96 sions
1412 3936 596 96 wherever
2068 3936 188 92 the
2316 3936 432 92 matter
2804 3936 332 92 lends
3192 3928 332 96 itself
3588 3940 112 88 to
3764 3936 280 92 such
4108 3940 856 108 arrangement.
5096 3936 224 96 For
5384 3936 424 116 adding

1040 4080 300 88 later
1428 4076 288 92 laws
1804 4076 228 92 and
2124 4068 756 96 annotations
2972 4072 112 92 to
3176 4072 288 92 each
3556 4068 288 112 title,
3940 4072 948 108 supplementary
4980 4072 356 116 parts,
5436 4072 368 96 which

1040 4212 128 96 fit
1248 4208 244 100 into
1580 4208 192 96 the
1860 4208 408 112 pocket
2352 4208 124 92 at
2560 4204 192 96 the
2836 4204 292 96 back
3212 4204 124 96 of
3416 4204 280 96 each
3784 4208 140 92 bo
3936 4232 60 68 o
4008 4204 72 96 k
4164 4232 204 68 are
4456 4204 388 96 issued
4932 4204 560 120 annually
5580 4212 220 96 and

1036 4348 668 92 cumulated
1788 4344 304 96 from
2180 4368 284 88 year
2552 4344 116 92 to
2756 4368 312 88 year.
3232 4340 952 116 Supplementing
4276 4340 320 100 these
4692 4344 412 112 pocket
5196 4340 324 120 parts
5612 4372 192 72 are

1036 4484 600 112 quarterly
1696 4480 692 116 pamphlets,
2448 4480 664 96 cumulated
3176 4476 304 96 from
3540 4480 480 112 quarter
4084 4480 112 96 to
4256 4484 512 112 quarter,
4832 4480 196 96 the
5092 4480 276 96 final
5432 4504 372 72 cumu-

1032 4620 372 96 lation
1484 4616 532 116 supplied
2092 4616 280 96 each
2452 4644 280 84 year
2812 4612 336 116 being
3224 4612 124 96 in
3420 4616 200 100 the
3696 4616 304 92 form
4084 4612 124 100 of
4292 4616 408 112 pocket
4780 4616 364 116 parts.
5292 4644 56 68 c
5360 4620 80 112 f.
5524 4620 280 96 Pub-

1028 4752 452 100 lishers'
1560 4752 292 116 pref.

1040 4904 124 116 ©
1260 4924 264 96 Feb.
1612 4924 64 92 2
1684 4924 60 96 3
1760 4996 16 36 ,
1876 4924 328 108 1927;
2300 4924 164 96 2c.
2552 4920 284 96 each
2932 4920 120 88 M
3056 4948 164 72 ar.
3308 4920 204 112 29;
3608 4916 256 104 affs.
3960 4920 292 100 Mar.
4344 4920 196 112 28;
4640 4920 96 96 A
4828 4924 964 112 972258–972269;

1200 5060 324 96 West
1596 5060 260 112 pub.
1932 5084 160 72 co.
2164 5060 228 92 and
2468 5060 508 92 Edward
3052 5056 660 116 Thompson
3784 5084 160 68 co.
4116 5056 596 120 (27-7169)
4948 5052 288 104 2396
5240 5112 80 16 –
5320 5052 284 104 2407

1204 5252 520 128 United
1792 5248 448 132 States
2308 5248 372 132 Code
2736 5248 780 128 annotated.
3668 5248 584 132 General
4320 5248 452 160 index,
4832 5252 372 128 titles
5276 5260 64 120 1
5404 5264 144 116 to
5616 5248 188 164 17,

1040 5440 688 124 inclusive.
1888 5432 200 132 St.
2160 5440 396 152 Paul,
2620 5436 488 160 Minn,
3168 5436 384 128 West
3620 5436 276 164 pub
3904 5436 36 124 l
3964 5436 460 164 ishing
4488 5480 736 120 company;
5304 5440 492 124 North-

1032 5636 360 148 port,
1468 5624 396 164 Long
1936 5624 524 160 Island,
2536 5624 168 124 N.
2788 5624 216 160 Y.,
3084 5624 608 124 Edward
3776 5624 792 160 Thompson
4648 5664 712 124 company,
5448 5624 348 132 1927.

1196 5820 60 96 1
1268 5820 64 96 0
1336 5820 64 96 9
1476 5852 100 84 p.
1716 5820 616 108 24ͨͫ
1972 5856 24 52 .

1196 5992 544 92 Lettered
1816 6012 144 72 on
2040 6012 400 72 cover:
2524 5988 712 116 Temporary
3320 5984 384 100 index.

1040 6140 124 116 ©
1236 6156 264 100 Feb.
1560 6160 172 112 21,
1800 6156 336 112 1927;
2204 6160 164 92 2c.
2440 6156 264 96 Feb.
2768 6156 200 108 25;
3040 6156 196 96 aff.
3308 6156 264 100 Feb.
3636 6160 68 92 2
3712 6160 64 92 3
3816 6184 24 88 ;
3908 6156 100 96 A
4072 6160 476 112 963725;
4624 6164 324 92 West
5012 6156 260 120 pub.
5344 6188 160 68 co.
5572 6160 220 96 and

1200 6296 500 96 Edward
1788 6296 656 112 Thompson
2524 6320 164 72 co.
2856 6296 600 112 (27-7169)
5320 6288 280 104 2408

1200 6484 520 128 United
1800 6484 244 132 Sta
2052 6496 60 116 t
2116 6532 132 80 es
2320 6484 296 132 Cod
2624 6528 68 84 e
2760 6528 356 84 anno
3124 6496 56 116 t
3188 6532 72 80 a
3272 6496 60 116 t
3336 6484 204 128 ed.
3684 6484 84 148 …
3928 6484 540 164 Pamph
4480 6492 44 120 l
4536 6532 64 80 e
4612 6484 56 128 t
4736 6488 856 164 supplement
5660 6496 60 116 t
5724 6532 76 80 o

1048 6672 504 132 United
1632 6668 452 136 States
2164 6672 368 128 Code
2616 6680 76 144 …
2920 6672 332 124 Acts
3332 6672 152 124 of
3556 6672 232 124 the
3864 6672 312 124 69th
4260 6672 712 164 Congress,
5048 6676 176 124 2d
5300 6672 496 128 session

1180 6868 84 132 …
1348 6856 440 128 Index
1860 6860 268 124 and
2200 6856 468 128 tables.
2832 6856 196 128 St.
3104 6860 396 156 Paul,
3572 6860 484 156 Minn.,
4128 6860 380 128 West
4576 6856 804 168 publishing
5452 6900 340 84 com-

1044 7088 424 116 pany;
1588 7044 816 160 Northport,
2516 7044 396 164 Long
3024 7044 524 160 Island,
3660 7048 168 120 N.
3952 7048 212 156 Y.,
4284 7044 608 124 Edward
5012 7044 780 164 Thompson

1028 7272 672 120 company
1812 7224 436 164 [ͨ1927]

1192 7428 64 92 2
1324 7456 100 64 v.
1564 7424 520 108 24ͨͫ.

1196 7592 712 96 Cover-title.

1196 7728 148 92 At
1408 7728 300 92 head
1776 7728 120 96 of
1964 7724 320 104 title:
2364 7728 628 116 February,
3064 7728 792 116 1927–March,
3928 7728 304 116 1927,
4308 7756 176 72 no.
4556 7732 236 96 1–2.

1036 7888 176 72 no.
1272 7864 96 112 1,
1432 7840 120 120 ©
1624 7860 284 100 Mar.
1968 7864 96 112 7,
2124 7864 332 108 1927;
2524 7892 176 68 no.
2756 7868 100 108 2,
2924 7844 120 112 ©
3112 7860 292 100 Mar.
3460 7864 200 112 24;
3728 7868 64 92 2
3796 7872 52 76 c
3868 7940 20 24 .
3948 7868 280 92 each
4296 7868 288 96 Mar.
4648 7864 196 112 29;
4912 7852 260 112 affs.
5236 7868 292 96 Mar.
5588 7864 192 112 28;

1196 8000 96 92 A
1360 7996 444 112 972254,
1876 8000 480 108 972255;
2432 8000 324 96 West
2824 8004 260 112 pub.
3152 8028 164 72 co.
3392 8008 228 88 and
3696 8000 504 96 Edward
4268 8000 656 116 Thompson
5000 8028 160 72 co.

1224 8132 596 116 (27-7169)
4916 8132 320 116 2409,
5284 8128 284 104 2410

1032 8352 636 152 Warner,
1752 8356 484 152 Sylvia
2316 8360 828 124 Townsend.

1200 8568 264 128 Mr.
1584 8572 280 124 For
1872 8580 60 116 t
1936 8572 364 128 une's
2420 8616 500 124 maggo
2932 8588 52 112 t
3116 8576 92 136 …
3376 8576 184 160 by
3684 8572 480 168 Sylvia
4284 8576 764 132 Townsend
5156 8576 628 132 Warner.

1044 8756 316 124 New
1436 8756 428 156 York,
1936 8756 288 124 The
2296 8760 528 164 Viking
2892 8804 416 120 press,
3384 8760 356 128 1927.

1196 8952 68 88 4
1324 8976 104 88 p.
1480 8952 40 88 l
1536 9020 52 44 .,
1652 8952 200 92 241
1916 8976 104 88 p.
2164 8948 748 104 19½ͨͫ.

1208 9108 508 100 "Second
1780 9112 1060 116 printing—before
2908 9112 816 120 publication."

1044 9268 120 120 ©
1232 9280 272 116 Apr.
1568 9280 96 116 9,
1732 9280 336 116 1927;
2136 9280 164 100 2c.
2368 9284 228 96 and
2660 9280 200 100 aff.
2924 9284 276 116 Apr.
3264 9284 200 112 30;
3536 9288 96 92 A
3696 9284 476 112 976315;
4248 9284 424 116 Viking
4740 9308 356 96 press,
5168 9284 216 100 inc.

1224 9412 664 120 (27-26459)
5300 9416 284 104 2411

3308 9652 240 120 368
