5968 10284
636 1036 840 152 Halvorsen,
1560 1036 408 152 Finn,
2052 1044 320 120 1893
2388 1084 72 60 –

888 1236 84 132 …
1056 1220 696 164 Svalerne,
1844 1268 516 80 roman.
2548 1220 372 164 Oslo,
3008 1220 828 164 Gyldendal,
3924 1220 456 128 Norsk
4472 1220 500 164 forlag,
5068 1224 360 124 1926.

804 1420 208 100 204
1088 1452 104 88 p.
1332 1420 688 108 20ͨͫ.

640 1584 124 120 ©
828 1588 288 100 Nov.
1176 1588 60 96 1
1248 1584 64 100 0
1320 1664 24 40 ,
1404 1588 340 108 1926;
1816 1588 56 92 1
1856 1616 120 88 c.
2040 1588 260 96 Jan.
2364 1584 168 116 25,
2600 1584 336 112 1927;
3004 1584 100 96 A
3104 1636 144 16 —
3252 1584 496 116 Foreign
3812 1584 412 112 33010;
4300 1584 684 116 Gyldendal,
5048 1588 380 92 Norsk

800 1724 424 116 forlag.
1392 1720 544 120 (27-2488
1940 1720 64 96 3
2032 1724 32 116 )
4852 1716 352 104 11129

636 1948 604 152 Harper,
1320 1944 724 128 Theodore
2124 1944 588 156 Acland,
2796 1948 316 128 1871
3116 2024 88 16 –

816 2136 632 132 Siberian
1540 2136 372 164 gold,
2008 2136 180 164 by
2280 2136 712 124 Theodore
3084 2132 540 128 Acland
3720 2136 628 160 Harper;
4452 2136 144 124 in
4688 2136 740 128 collabora-

644 2324 288 128 tion
1004 2324 332 128 with
1400 2320 704 132 Winifred
2176 2320 604 164 Harper,
2844 2320 776 128 illustrated
3692 2320 180 164 by
3944 2324 404 128 Boris
4416 2320 1012 168 Artzybasheff.

644 2504 556 136 Garden
1288 2508 368 164 City,
1736 2512 164 124 N.
1992 2508 220 160 Y.,
2284 2504 860 168 Doubleday,
3220 2512 380 160 Page
3676 2512 112 120 &
3864 2552 712 120 company,
4660 2508 360 128 1927.

808 2704 204 100 viii
1080 2732 140 92 p.,
1280 2708 56 92 1
1396 2708 108 112 1.,
1564 2704 208 96 335
1828 2732 104 88 p.
2076 2708 212 96 col.
2344 2704 360 100 front.
2848 2704 1092 112 20½ͨͫ.

812 2848 336 112 Maps
1204 2868 144 68 on
1404 2840 872 116 lining-papers.

644 2972 120 116 ©
840 2980 244 96 Oct.
1160 2984 92 108 7,
1320 2980 340 112 1927;
1736 2980 160 96 2c.
1968 2980 232 92 and
2268 2976 200 100 aff.
2540 2980 268 96 Dec.
2884 2980 52 92 1
2948 2980 72 92 0
3056 3004 20 88 ;
3152 2980 96 92 A
3316 2980 56 88 1
3384 2976 72 96 0
3456 2976 272 96 1351
3740 2980 68 92 6
3844 3004 20 88 ;
3944 2980 716 112 Doubleday,
4736 2980 308 112 Page
5116 2980 84 92 &
5272 3004 160 76 co.

828 3112 676 120 (27-24955)
4852 3108 356 104 11130

648 3344 288 124 The
1012 3340 416 124 home
1508 3340 764 164 university
2356 3336 788 164 bookshelf;
3240 3340 672 160 prepared
4000 3336 436 128 under
4512 3340 232 124 the
4820 3340 612 160 supervi-

816 3524 296 128 sion
1224 3524 156 128 of
1488 3528 232 124 the
1828 3524 640 128 editorial
2584 3524 428 128 board
3124 3520 160 132 of
3388 3524 232 128 the
3732 3524 816 168 University
4660 3524 508 168 society
5228 3524 76 148 …

816 3712 332 124 New
1232 3708 436 164 York,
1748 3712 292 124 The
2116 3708 816 168 University
3020 3708 552 168 society,
3652 3708 964 164 incorporated
4760 3708 208 148 [ͨ19
4976 3716 80 116 2
5060 3708 120 160 7]

816 3904 68 96 9
952 3932 104 68 v.
1200 3904 208 96 col.
1476 3904 456 116 fronts.,
2008 3904 304 96 illus.
2380 3904 332 116 (part
2776 3904 268 116 col.)
3132 3904 212 96 col.
3416 3904 412 116 plates,
3904 3904 212 96 col.
4184 3904 392 116 ports.,
4656 3900 412 100 double
5136 3928 304 92 map.

652 4036 572 108 24ͨͫ.

816 4176 252 96 Vol.
1128 4176 152 104 IV
1304 4172 536 100 contains
1896 4172 404 100 music.

820 4308 88 92 L
916 4308 116 96 in
1044 4308 664 116 ing-papers
1776 4308 676 96 illustrated
2516 4308 120 96 in
2704 4308 412 96 colors.

820 4440 84 100 C
912 4468 68 72 O
988 4468 392 72 NTENT
1444 4456 56 80 S
1464 4520 16 20 .
1488 4460 184 76 —I
1684 4516 24 24 .
1796 4444 256 92 Fun
2132 4444 228 92 and
2440 4444 500 112 thought
3008 4440 192 100 for
3280 4440 308 100 little
3668 4440 172 100 fol
3844 4444 76 92 k
3932 4444 324 108 .—II.
4320 4440 440 100 Golden
4844 4440 596 100 stories.—

740 4576 192 108 III.
908 4576 620 116 Folk-lore,
1604 4576 416 116 fables,
2104 4576 232 96 and
2416 4576 316 116 fairy
2816 4576 336 96 tales.
3152 4632 144 12 —
3300 4592 44 80 I
3332 4584 92 84 V
3444 4648 28 28 .
3556 4572 944 100 Picture-stories
4584 4580 232 92 and
4900 4572 552 104 music.—

656 4728 120 80 v.
848 4708 504 100 Famous
1428 4708 424 100 stories
1932 4712 232 92 and
2236 4732 364 76 verse.
2604 4712 228 108 —VI
2896 4780 28 28 .
2996 4708 444 116 Things
3524 4716 112 88 to
3716 4708 340 100 make
4132 4716 232 92 and
4448 4708 392 120 things
4924 4716 120 92 to
5120 4716 324 92 do.—

780 4844 204 108 VII.
960 4848 480 112 Nature,
1532 4844 684 112 recreation,
2304 4844 232 96 and
2624 4840 528 120 physical
3248 4844 1260 116 development.—VII.
4600 4844 444 100 Stories
5132 4844 308 96 from

656 4976 976 116 everyland.—IX.
1708 4984 312 108 Boys
2096 4980 228 92 and
2404 4976 288 116 girls
2768 4976 256 96 who
3100 4976 464 96 became
3640 4976 504 104 famous.
4284 4980 408 100 Index.

648 5104 120 120 ©
828 5120 284 92 Nov.
1172 5116 160 116 11,
1392 5116 336 112 1927;
1860 5116 144 124 1c.
2008 5116 288 96 each
2348 5116 272 96 Dec.
2676 5116 124 108 6;
2932 5116 144 124 1c.
3080 5112 288 100 each
3428 5116 268 96 Dec.
3756 5116 124 112 8;
3948 5116 196 100 aff.
4204 5116 272 100 Dec.
4532 5120 128 108 2;
4724 5116 96 96 A
4880 5112 548 112 1010779;

812 5252 676 116 University
1560 5276 260 92 soc.,
1896 5252 220 96 inc.
2284 5248 672 120 (27-24890)
4852 5244 356 104 11131

656 5556 36 80 [
704 5476 616 148 Huzard,
1392 5476 408 124 Mme.
1872 5472 844 128 Antoinette
2804 5472 240 156 (de
3116 5472 784 152 Bergevin)
3928 5556 32 80 ]
4048 5476 324 128 1874
4376 5552 84 16 –

864 5664 88 144 …
1040 5660 880 160 Haudequin,
1988 5660 164 124 de
2224 5660 428 160 Lyon.
2832 5660 444 160 Paris,
3348 5656 1160 172 Calmann-Levy,
4592 5664 356 128 1927.

812 5860 60 96 3
936 5884 108 88 p.
1104 5860 40 92 l
1160 5932 52 40 .,
1280 5856 212 96 246
1552 5884 104 88 p.
1800 5856 1088 112 19ͨͫ.

820 5992 552 96 Author's
1440 5996 428 112 pseud.,
1940 5988 448 100 Colette
2452 5996 340 108 Yver,
2860 5996 124 88 at
3048 5988 300 100 head
3416 5988 124 100 of
3604 5992 296 100 title.

648 6100 120 108 ©
848 6128 244 96 Oct.
1160 6128 164 112 12,
1396 6128 336 108 1927;
1876 6128 144 108 1c.
2040 6128 244 96 Oct.
2356 6128 196 108 18;
2632 6128 740 112 A—Foreign
3440 6124 352 92 35965
3828 6152 24 88 ;
3928 6128 964 112 Calmann-Lévy.

840 6264 676 116 (27-24821)
4852 6260 360 100 11132

648 6492 316 144 Lee,
1044 6492 348 124 Rex.

816 6676 408 124 Rann
1336 6676 596 156 Braden,
2044 6676 432 124 circus
2584 6676 764 156 showman;
3468 6720 80 76 a
3660 6676 432 124 circus
4200 6676 748 124 adventure
5052 6692 376 144 story

656 6860 224 128 for
960 6864 372 160 boys,
1424 6864 172 160 by
1684 6864 288 120 Rex
2060 6864 116 120 L
2184 6904 68 80 e
2260 6908 132 112 e;
2492 6860 884 160 frontispiece
3456 6864 184 160 by
3728 6860 120 132 O
3864 6964 24 24 .
3980 6864 156 124 F.
4240 6856 664 136 Schmidt.
5084 6860 344 132 Gar-

648 7048 260 128 den
996 7048 368 160 City,
1444 7048 168 128 N.
1704 7052 220 156 Y.,
2012 7048 852 164 Doubleday,
2948 7048 376 160 Page
3408 7048 100 116 &
3600 7088 712 124 company,
4404 7048 356 128 1927.

816 7244 116 92 vi
988 7272 136 88 p.,
1180 7248 64 88 2
1292 7248 40 88 l
1348 7316 56 40 .,
1456 7244 204 96 257
1716 7272 100 88 p.
1960 7248 360 92 front.
2464 7248 56 88 1
2532 7244 684 104 9½ͨͫ
2780 7276 28 56 .

652 7372 120 116 ©
844 7380 248 100 Oct.
1152 7380 168 116 21,
1384 7376 340 116 1927;
1792 7384 164 96 2c.
2020 7384 228 92 and
2408 7380 72 124 a
2480 7380 144 124 ff.
2576 7380 104 92 D
2692 7408 152 68 ec.
2912 7380 196 112 10;
3180 7380 96 92 A
3340 7376 184 96 101
3528 7388 64 88 3
3624 7384 264 108 511;
3960 7384 716 112 Doubleday,
4744 7384 304 108 Page
5120 7380 84 96 &
5268 7408 160 68 co.

840 7512 672 120 (27-24948)
4848 7508 356 104 11133

648 7736 812 152 Lescarbot,
1532 7744 440 124 Marc.

824 7924 288 124 The
1184 7924 532 128 theatre
1780 7924 156 128 of
2004 7924 636 160 Neptune
2708 7924 144 124 in
2928 7924 332 124 New
3332 7924 568 160 France,
3972 7928 712 160 presented
4756 7964 372 120 upon
5200 7928 232 124 the

664 8152 436 80 waves
1164 8108 156 124 of
1384 8112 344 120 Port
1800 8112 444 160 Royal
2312 8112 236 120 the
2616 8108 784 128 fourteenth
3476 8112 268 160 day
3812 8108 156 128 of
4036 8112 804 160 November,
4912 8108 508 128 sixteen

660 8292 624 128 hundred
1368 8296 272 124 and
1724 8292 252 164 six,
2056 8340 172 80 on
2304 8296 232 124 the
2616 8304 468 116 return
3172 8288 152 132 of
3404 8292 232 128 the
3724 8292 400 132 Sieur
4200 8296 168 124 de
4444 8292 984 128 Poutrincourt

660 8476 356 128 from
1132 8480 228 124 the
1480 8480 756 124 Armouchi
2228 8496 180 116 qu
2428 8480 200 124 ois
2744 8492 616 148 country,
3476 8480 180 160 by
3772 8480 388 124 Marc
4272 8480 580 124 Lescarb
4864 8520 76 84 o
4948 8492 124 148 t;
5196 8480 228 124 the

656 8664 532 128 French
1268 8676 328 148 text,
1672 8664 332 128 with
2080 8664 820 128 translation
2972 8664 180 164 by
3220 8664 716 128 Harriette
4012 8664 444 128 Taber
4524 8664 896 128 Richardson.

664 8852 556 156 Boston,
1300 8852 764 160 Houghton
2144 8852 156 120 M
2308 8852 44 124 i
2360 8852 40 120 f
2400 8852 80 120 f
2420 8852 60 120 l
2492 8852 140 124 in
2720 8892 712 120 company,
3520 8848 356 128 1927.

816 9044 284 112 xxii,
1160 9044 136 92 28
1348 9072 104 88 p.
1592 9048 392 108 front.,
2048 9048 60 92 1
2168 9048 308 96 illus.
2544 9044 480 116 (music)
3092 9048 408 112 plates,
3564 9068 360 92 maps,
3976 9044 524 100 facsims.
4636 9044 136 96 23
4764 9044 52 96 1
4824 9048 128 64 cm

824 9180 376 96 "Four
1260 9180 72 92 h
1344 9180 444 96 undred
1848 9184 228 92 and
2136 9180 268 112 fifty
2460 9208 56 68 c
2528 9204 64 72 o
2596 9204 76 92 p
2676 9180 32 92 i
2720 9204 120 72 es
2896 9184 124 92 of
3076 9180 236 96 this
3368 9180 296 96 book
3732 9176 72 108 …
3912 9204 300 72 were
4268 9180 464 116 printed
4804 9176 72 108 …
4980 9180 32 92 i
5024 9204 72 68 n
5164 9180 140 96 Se
5312 9204 72 88 p
5388 9232 32 12 -

656 9316 468 112 tember,
1184 9316 308 96 1927.
1632 9316 284 92 This
1976 9316 100 92 is
2132 9316 480 96 number
2672 9316 308 96 447."

656 9424 116 108 ©
860 9448 244 100 Oct.
1188 9452 160 100 14.
1432 9448 336 100 1927:
1852 9452 164 92 2c.
2092 9452 272 92 Nov.
2456 9452 68 92 2
2528 9448 68 88 8
2632 9480 16 84 ;
2740 9460 56 76 a
2816 9448 116 104 ff.
3020 9448 88 96 O
3096 9456 132 88 ct
3244 9528 20 20 .
3348 9456 192 104 17;
3632 9448 80 88 A
3812 9448 404 96 101333
4228 9448 68 92 6
4332 9472 24 92 ;
4444 9448 108 96 H
4564 9448 504 112 oughton
5156 9448 264 92 Mif-

820 9588 68 92 fl
900 9588 32 88 i
956 9612 64 68 n
1092 9612 56 64 c
1156 9612 92 72 o.
1416 9584 400 116 (27-24
1824 9576 68 92 8
1896 9584 192 112 69)
4840 9576 352 100 11134

2884 9720 320 116 1660
