<?xml version="1.0"?>
<alto xmlns="http://www.loc.gov/standards/alto/ns-v2#" xmlns:xlink="http://www.w3.org/1999/xlink" xmlns:xsi="http://www.w3.org/2001/XMLSchema-instance" xsi:schemaLocation="http://www.loc.gov/standards/alto/ns-v2# http://www.loc.gov/standards/alto/alto-v2.0.xsd">
	<Description>
		<MeasurementUnit>inch1200</MeasurementUnit>
		<sourceImageInformation>
			<fileIdentifier>catalogofcopyrig241libr_001-1920_Page_1135.jpgf</fileIdentifier>
		</sourceImageInformation>
		<OCRProcessing ID="OCR1">
			<ocrProcessingStep>
				<processingDateTime>2018-03-17T17:29:48</processingDateTime>
				<processingAgency>Data Conversion Laboratory</processingAgency>
				<processingSoftware>
					<softwareCreator>Prime</softwareCreator>
					<softwareName>Prime OCR</softwareName>
					<softwareVersion>4.40</softwareVersion>
				</processingSoftware>
			</ocrProcessingStep>
			<postProcessingStep>
				<processingDateTime>2018-03-21T10:36:27</processingDateTime>
				<processingAgency>Data Conversion Laboratory</processingAgency>
				<processingStepDescription>PRO -&gt; ALTO</processingStepDescription>
				<processingSoftware>
					<softwareCreator>Data Conversion Laboratory</softwareCreator>
					<softwareName>pro2alto.2018.02.27</softwareName>
					<softwareVersion>2.0</softwareVersion>
				</processingSoftware>
			</postProcessingStep>
		</OCRProcessing>
	</Description>
<Styles>
		<TextStyle ID="Style_1" FONTSIZE="9" FONTTYPE="serif" FONTWIDTH="proportional" FONTSTYLE="bold"/>
		<TextStyle ID="Style_2" FONTSIZE="9" FONTTYPE="serif" FONTWIDTH="proportional"/>
		<TextStyle ID="Style_3" FONTSIZE="9" FONTTYPE="sans-serif" FONTWIDTH="proportional" FONTSTYLE="bold"/>
		<TextStyle ID="Style_4" FONTSIZE="10" FONTTYPE="sans-serif" FONTWIDTH="proportional" FONTSTYLE="bold"/>
		<TextStyle ID="Style_5" FONTSIZE="10" FONTTYPE="serif" FONTWIDTH="proportional"/>
		<TextStyle ID="Style_6" FONTSIZE="11" FONTTYPE="serif" FONTWIDTH="proportional"/>
		<TextStyle ID="Style_7" FONTSIZE="8" FONTTYPE="serif" FONTWIDTH="proportional" FONTSTYLE="bold"/>
		<TextStyle ID="Style_8" FONTSIZE="10" FONTTYPE="serif" FONTWIDTH="proportional" FONTSTYLE="bold"/>
		<TextStyle ID="Style_9" FONTSIZE="8" FONTTYPE="serif" FONTWIDTH="proportional"/>
		<TextStyle ID="Style_10" FONTSIZE="7" FONTTYPE="serif" FONTWIDTH="proportional" FONTSTYLE="bold"/>
		<TextStyle ID="Style_11" FONTSIZE="9" FONTTYPE="sans-serif" FONTWIDTH="proportional" FONTSTYLE="bold italics"/>
		<TextStyle ID="Style_12" FONTSIZE="8" FONTTYPE="sans-serif" FONTWIDTH="proportional" FONTSTYLE="bold italics"/>
		<TextStyle ID="Style_13" FONTSIZE="11" FONTTYPE="serif" FONTWIDTH="proportional" FONTSTYLE="bold"/>
		<TextStyle ID="Style_14" FONTSIZE="10" FONTTYPE="serif" FONTWIDTH="proportional" FONTSTYLE="bold italics"/>
		<TextStyle ID="Style_15" FONTSIZE="8" FONTTYPE="serif" FONTWIDTH="proportional" FONTSTYLE="bold italics"/>
		<TextStyle ID="Style_16" FONTSIZE="7" FONTTYPE="serif" FONTWIDTH="proportional"/>
	</Styles>
	<Layout>
		<Page ID="Page_1" PHYSICAL_IMG_NR="1" HEIGHT="10300" WIDTH="5920">
			<PrintSpace ID="PS_1" HPOS="0" VPOS="0" HEIGHT="10300" WIDTH="5920">
				<TextBlock ID="TB_1.1" HPOS="132" VPOS="760" WIDTH="5148" HEIGHT="9084">
					<TextLine ID="TL_1.1.1" HPOS="244" VPOS="900" HEIGHT="156" WIDTH="2880">
						<String CONTENT="Roger," ID="St_1.1.1.1" HPOS="244" VPOS="908" HEIGHT="148" WIDTH="500" STYLEREFS="Style_1" WC="1" CC="000000"/>
						<SP ID="SP_1.1.1.2" HPOS="724" VPOS="952" WIDTH="56"/>
						<String CONTENT="Georges" ID="St_1.1.1.3" HPOS="820" VPOS="900" HEIGHT="152" WIDTH="620" STYLEREFS="Style_1" WC="1" CC="0000000"/>
						<SP ID="SP_1.1.1.4" HPOS="1400" VPOS="924" WIDTH="72"/>
						<String CONTENT="Eug" ID="St_1.1.1.5" HPOS="1508" VPOS="904" HEIGHT="148" WIDTH="316" STYLEREFS="Style_1" WC="1" CC="000"/>
						<String CONTENT="&#232;" ID="St_1.1.1.6" HPOS="1832" VPOS="900" HEIGHT="124" WIDTH="68" STYLEREFS="Style_2" WC="1" CC="0"/>
						<String CONTENT="ne" ID="St_1.1.1.7" HPOS="1912" VPOS="940" HEIGHT="84" WIDTH="168" STYLEREFS="Style_2" WC="1" CC="00"/>
						<SP ID="SP_1.1.1.8" HPOS="2040" VPOS="924" WIDTH="72"/>
						<String CONTENT="Henri," ID="St_1.1.1.9" HPOS="2152" VPOS="900" HEIGHT="144" WIDTH="484" STYLEREFS="Style_2" WC="1" CC="000000"/>
						<SP ID="SP_1.1.1.10" HPOS="2616" VPOS="952" WIDTH="56"/>
						<String CONTENT="186" ID="St_1.1.1.11" HPOS="2716" VPOS="908" HEIGHT="112" WIDTH="232" STYLEREFS="Style_3" WC="1" CC="000"/>
						<String CONTENT="0" ID="St_1.1.1.12" HPOS="2960" VPOS="908" HEIGHT="112" WIDTH="72" STYLEREFS="Style_4" WC="1" CC="0"/>
						<String CONTENT="&#150;" ID="St_1.1.1.13" HPOS="3036" VPOS="976" HEIGHT="12" WIDTH="88" STYLEREFS="Style_4" WC="1" CC="0"/>
					</TextLine>
					<TextLine ID="TL_1.1.2" HPOS="408" VPOS="1080" HEIGHT="168" WIDTH="4588">
						<String CONTENT="Trait" ID="St_1.1.2.1" HPOS="408" VPOS="1088" HEIGHT="124" WIDTH="392" STYLEREFS="Style_4" WC="1" CC="00000"/>
						<String CONTENT="&#233;" ID="St_1.1.2.2" HPOS="792" VPOS="1092" HEIGHT="116" WIDTH="80" STYLEREFS="Style_4" WC="1" CC="0"/>
						<SP ID="SP_1.1.2.3" HPOS="840" VPOS="1092" WIDTH="76"/>
						<String CONTENT="de" ID="St_1.1.2.4" HPOS="956" VPOS="1092" HEIGHT="120" WIDTH="164" STYLEREFS="Style_4" WC="1" CC="00"/>
						<SP ID="SP_1.1.2.5" HPOS="1080" VPOS="1116" WIDTH="76"/>
						<String CONTENT="physiologie" ID="St_1.1.2.6" HPOS="1200" VPOS="1088" HEIGHT="160" WIDTH="856" STYLEREFS="Style_4" WC="1" CC="00000000000"/>
						<SP ID="SP_1.1.2.7" HPOS="2016" VPOS="1112" WIDTH="76"/>
						<String CONTENT="normale" ID="St_1.1.2.8" HPOS="2136" VPOS="1088" HEIGHT="120" WIDTH="608" STYLEREFS="Style_4" WC="0.984444444444444" CC="0004000"/>
						<SP ID="SP_1.1.2.9" HPOS="2704" VPOS="1112" WIDTH="76"/>
						<String CONTENT="et" ID="St_1.1.2.10" HPOS="2824" VPOS="1100" HEIGHT="108" WIDTH="136" STYLEREFS="Style_4" WC="0.985555555555556" CC="00"/>
						<SP ID="SP_1.1.2.11" HPOS="2924" VPOS="1096" WIDTH="72"/>
						<String CONTENT="pathologique," ID="St_1.1.2.12" HPOS="3040" VPOS="1080" HEIGHT="168" WIDTH="1012" STYLEREFS="Style_4" WC="0.99" CC="0000000000000"/>
						<SP ID="SP_1.1.2.13" HPOS="4032" VPOS="1140" WIDTH="60"/>
						<String CONTENT="pub" ID="St_1.1.2.14" HPOS="4140" VPOS="1080" HEIGHT="168" WIDTH="276" STYLEREFS="Style_4" WC="0.991111111111111" CC="000"/>
						<String CONTENT="l" ID="St_1.1.2.15" HPOS="4424" VPOS="1088" HEIGHT="120" WIDTH="48" STYLEREFS="Style_5" WC="0.991111111111111" CC="0"/>
						<String CONTENT="i" ID="St_1.1.2.16" HPOS="4480" VPOS="1088" HEIGHT="120" WIDTH="44" STYLEREFS="Style_5" WC="0.991111111111111" CC="0"/>
						<String CONTENT="&#233;" ID="St_1.1.2.17" HPOS="4520" VPOS="1092" HEIGHT="116" WIDTH="76" STYLEREFS="Style_5" WC="0.991111111111111" CC="0"/>
						<SP ID="SP_1.1.2.18" HPOS="4564" VPOS="1092" WIDTH="80"/>
						<String CONTENT="sous" ID="St_1.1.2.19" HPOS="4688" VPOS="1128" HEIGHT="84" WIDTH="308" STYLEREFS="Style_5" WC="0.992222222222222" CC="0000"/>
					</TextLine>
					<TextLine ID="TL_1.1.3" HPOS="240" VPOS="1268" HEIGHT="164" WIDTH="4752">
						<String CONTENT="l" ID="St_1.1.3.1" HPOS="240" VPOS="1280" HEIGHT="120" WIDTH="44" STYLEREFS="Style_5" WC="1" CC="0"/>
						<String CONTENT="a" ID="St_1.1.3.2" HPOS="296" VPOS="1320" HEIGHT="80" WIDTH="72" STYLEREFS="Style_5" WC="1" CC="0"/>
						<SP ID="SP_1.1.3.3" HPOS="328" VPOS="1300" WIDTH="96"/>
						<String CONTENT="direction" ID="St_1.1.3.4" HPOS="488" VPOS="1272" HEIGHT="128" WIDTH="660" STYLEREFS="Style_5" WC="1" CC="000000000"/>
						<SP ID="SP_1.1.3.5" HPOS="1100" VPOS="1300" WIDTH="104"/>
						<String CONTENT="de" ID="St_1.1.3.6" HPOS="1264" VPOS="1276" HEIGHT="124" WIDTH="164" STYLEREFS="Style_5" WC="1" CC="00"/>
						<SP ID="SP_1.1.3.7" HPOS="1392" VPOS="1300" WIDTH="88"/>
						<String CONTENT="G" ID="St_1.1.3.8" HPOS="1544" VPOS="1268" HEIGHT="132" WIDTH="124" STYLEREFS="Style_6" WC="0.973333333333333" CC="4"/>
						<String CONTENT=".-H." ID="St_1.1.3.9" HPOS="1684" VPOS="1272" HEIGHT="120" WIDTH="272" STYLEREFS="Style_6" WC="0.977777777777778" CC="0000"/>
						<SP ID="SP_1.1.3.10" HPOS="1940" VPOS="1324" WIDTH="76"/>
						<String CONTENT="Roger" ID="St_1.1.3.11" HPOS="2080" VPOS="1272" HEIGHT="160" WIDTH="452" STYLEREFS="Style_6" WC="0.983333333333333" CC="00000"/>
						<SP ID="SP_1.1.3.12" HPOS="2496" VPOS="1296" WIDTH="100"/>
						<String CONTENT="&#133;" ID="St_1.1.3.13" HPOS="2620" VPOS="1284" HEIGHT="132" WIDTH="76" STYLEREFS="Style_6" WC="0.984444444444444" CC="0"/>
						<SP ID="SP_1.1.3.14" HPOS="2780" VPOS="1360" WIDTH="128"/>
						<String CONTENT="Secr" ID="St_1.1.3.15" HPOS="3024" VPOS="1268" HEIGHT="132" WIDTH="316" STYLEREFS="Style_6" WC="0.986666666666667" CC="0000"/>
						<String CONTENT="&#233;" ID="St_1.1.3.16" HPOS="3348" VPOS="1276" HEIGHT="116" WIDTH="76" STYLEREFS="Style_6" WC="0.986666666666667" CC="0"/>
						<String CONTENT="taire" ID="St_1.1.3.17" HPOS="3420" VPOS="1268" HEIGHT="124" WIDTH="348" STYLEREFS="Style_6" WC="0.988888888888889" CC="00000"/>
						<SP ID="SP_1.1.3.18" HPOS="3732" VPOS="1296" WIDTH="92"/>
						<String CONTENT="g&#233;" ID="St_1.1.3.19" HPOS="3888" VPOS="1276" HEIGHT="156" WIDTH="172" STYLEREFS="Style_6" WC="0.988888888888889" CC="00"/>
						<String CONTENT="n" ID="St_1.1.3.20" HPOS="4056" VPOS="1316" HEIGHT="76" WIDTH="88" STYLEREFS="Style_6" WC="0.986666666666667" CC="1"/>
						<String CONTENT="&#233;ra" ID="St_1.1.3.21" HPOS="4156" VPOS="1276" HEIGHT="116" WIDTH="220" STYLEREFS="Style_6" WC="0.987777777777778" CC="000"/>
						<String CONTENT="l" ID="St_1.1.3.22" HPOS="4388" VPOS="1272" HEIGHT="120" WIDTH="44" STYLEREFS="Style_6" WC="0.987777777777778" CC="0"/>
						<String CONTENT=":" ID="St_1.1.3.23" HPOS="4480" VPOS="1316" HEIGHT="76" WIDTH="28" STYLEREFS="Style_6" WC="0.987777777777778" CC="0"/>
						<SP ID="SP_1.1.3.24" HPOS="4488" VPOS="1296" WIDTH="76"/>
						<String CONTENT="L&#233;" ID="St_1.1.3.25" HPOS="4628" VPOS="1268" HEIGHT="132" WIDTH="184" STYLEREFS="Style_6" WC="0.988888888888889" CC="00"/>
						<String CONTENT="o" ID="St_1.1.3.26" HPOS="4820" VPOS="1320" HEIGHT="80" WIDTH="76" STYLEREFS="Style_6" WC="0.986666666666667" CC="1"/>
						<String CONTENT="n" ID="St_1.1.3.27" HPOS="4904" VPOS="1320" HEIGHT="80" WIDTH="88" STYLEREFS="Style_6" WC="0.985555555555556" CC="1"/>
					</TextLine>
					<TextLine ID="TL_1.1.4" HPOS="244" VPOS="1456" HEIGHT="160" WIDTH="4748">
						<String CONTENT="Bine" ID="St_1.1.4.1" HPOS="244" VPOS="1464" HEIGHT="124" WIDTH="344" STYLEREFS="Style_6" WC="1" CC="0000"/>
						<String CONTENT="t" ID="St_1.1.4.2" HPOS="600" VPOS="1476" HEIGHT="108" WIDTH="52" STYLEREFS="Style_6" WC="1" CC="0"/>
						<SP ID="SP_1.1.4.3" HPOS="620" VPOS="1472" WIDTH="68"/>
						<String CONTENT="&#133;" ID="St_1.1.4.4" HPOS="760" VPOS="1476" HEIGHT="128" WIDTH="80" STYLEREFS="Style_6" WC="1" CC="0"/>
						<SP ID="SP_1.1.4.5" HPOS="848" VPOS="1548" WIDTH="92"/>
						<String CONTENT="t" ID="St_1.1.4.6" HPOS="1028" VPOS="1472" HEIGHT="112" WIDTH="60" STYLEREFS="Style_6" WC="1" CC="0"/>
						<String CONTENT="." ID="St_1.1.4.7" HPOS="1096" VPOS="1560" HEIGHT="20" WIDTH="24" STYLEREFS="Style_6" WC="1" CC="0"/>
						<SP ID="SP_1.1.4.8" HPOS="1104" VPOS="1516" WIDTH="48"/>
						<String CONTENT="x" ID="St_1.1.4.9" HPOS="1192" VPOS="1504" HEIGHT="76" WIDTH="84" STYLEREFS="Style_6" WC="1" CC="0"/>
						<String CONTENT="i" ID="St_1.1.4.10" HPOS="1280" VPOS="1484" HEIGHT="96" WIDTH="48" STYLEREFS="Style_6" WC="0.965555555555556" CC="4"/>
						<String CONTENT="." ID="St_1.1.4.11" HPOS="1352" VPOS="1560" HEIGHT="20" WIDTH="16" STYLEREFS="Style_6" WC="0.967777777777778" CC="0"/>
						<SP ID="SP_1.1.4.12" HPOS="1356" VPOS="1516" WIDTH="92"/>
						<String CONTENT="Reproduction" ID="St_1.1.4.13" HPOS="1532" VPOS="1456" HEIGHT="160" WIDTH="1020" STYLEREFS="Style_6" WC="0.983333333333333" CC="000000000000"/>
						<SP ID="SP_1.1.4.14" HPOS="2504" VPOS="1484" WIDTH="88"/>
						<String CONTENT="&#133;" ID="St_1.1.4.15" HPOS="2628" VPOS="1476" HEIGHT="128" WIDTH="80" STYLEREFS="Style_6" WC="0.984444444444444" CC="0"/>
						<SP ID="SP_1.1.4.16" HPOS="2752" VPOS="1544" WIDTH="96"/>
						<String CONTENT="Paris," ID="St_1.1.4.17" HPOS="2936" VPOS="1456" HEIGHT="160" WIDTH="440" STYLEREFS="Style_6" WC="0.986666666666667" CC="000000"/>
						<SP ID="SP_1.1.4.18" HPOS="3360" VPOS="1512" WIDTH="48"/>
						<String CONTENT="Masson" ID="St_1.1.4.19" HPOS="3448" VPOS="1456" HEIGHT="124" WIDTH="552" STYLEREFS="Style_6" WC="0.988888888888889" CC="000000"/>
						<SP ID="SP_1.1.4.20" HPOS="3952" VPOS="1484" WIDTH="80"/>
						<String CONTENT="et" ID="St_1.1.4.21" HPOS="4072" VPOS="1472" HEIGHT="108" WIDTH="136" STYLEREFS="Style_6" WC="0.99" CC="00"/>
						<SP ID="SP_1.1.4.22" HPOS="4172" VPOS="1472" WIDTH="64"/>
						<String CONTENT="c" ID="St_1.1.4.23" HPOS="4276" VPOS="1484" HEIGHT="96" WIDTH="68" STYLEREFS="Style_6" WC="0.981111111111111" CC="4"/>
						<String CONTENT="ie.," ID="St_1.1.4.24" HPOS="4352" VPOS="1456" HEIGHT="160" WIDTH="204" STYLEREFS="Style_6" WC="0.982222222222222" CC="0000"/>
						<SP ID="SP_1.1.4.25" HPOS="4536" VPOS="1512" WIDTH="56"/>
						<String CONTENT="1927." ID="St_1.1.4.26" HPOS="4636" VPOS="1460" HEIGHT="124" WIDTH="356" STYLEREFS="Style_6" WC="0.984444444444444" CC="00000"/>
					</TextLine>
					<TextLine ID="TL_1.1.5" HPOS="400" VPOS="1648" HEIGHT="124" WIDTH="3164">
						<String CONTENT="xi" ID="St_1.1.5.1" HPOS="400" VPOS="1656" HEIGHT="92" WIDTH="124" STYLEREFS="Style_7" WC="1" CC="00"/>
						<SP ID="SP_1.1.5.2" HPOS="504" VPOS="1652" WIDTH="48"/>
						<String CONTENT="p.," ID="St_1.1.5.3" HPOS="584" VPOS="1680" HEIGHT="92" WIDTH="136" STYLEREFS="Style_7" WC="1" CC="000"/>
						<SP ID="SP_1.1.5.4" HPOS="708" VPOS="1688" WIDTH="44"/>
						<String CONTENT="1" ID="St_1.1.5.5" HPOS="784" VPOS="1656" HEIGHT="92" WIDTH="60" STYLEREFS="Style_7" WC="1" CC="0"/>
						<SP ID="SP_1.1.5.6" HPOS="812" VPOS="1652" WIDTH="64"/>
						<String CONTENT="l" ID="St_1.1.5.7" HPOS="912" VPOS="1656" HEIGHT="88" WIDTH="40" STYLEREFS="Style_7" WC="1" CC="0"/>
						<String CONTENT=".," ID="St_1.1.5.8" HPOS="964" VPOS="1728" HEIGHT="40" WIDTH="52" STYLEREFS="Style_7" WC="1" CC="00"/>
						<SP ID="SP_1.1.5.9" HPOS="1000" VPOS="1688" WIDTH="48"/>
						<String CONTENT="[2" ID="St_1.1.5.10" HPOS="1084" VPOS="1652" HEIGHT="120" WIDTH="96" STYLEREFS="Style_7" WC="1" CC="00"/>
						<String CONTENT="]" ID="St_1.1.5.11" HPOS="1184" VPOS="1676" HEIGHT="76" WIDTH="32" STYLEREFS="Style_8" WC="0.972222222222222" CC="4"/>
						<String CONTENT="," ID="St_1.1.5.12" HPOS="1236" VPOS="1728" HEIGHT="36" WIDTH="20" STYLEREFS="Style_8" WC="0.973333333333333" CC="0"/>
						<SP ID="SP_1.1.5.13" HPOS="1240" VPOS="1688" WIDTH="44"/>
						<String CONTENT="496" ID="St_1.1.5.14" HPOS="1320" VPOS="1652" HEIGHT="96" WIDTH="212" STYLEREFS="Style_8" WC="0.977777777777778" CC="000"/>
						<SP ID="SP_1.1.5.15" HPOS="1492" VPOS="1652" WIDTH="68"/>
						<String CONTENT="p." ID="St_1.1.5.16" HPOS="1592" VPOS="1680" HEIGHT="88" WIDTH="100" STYLEREFS="Style_8" WC="0.981111111111111" CC="00"/>
						<SP ID="SP_1.1.5.17" HPOS="1676" VPOS="1688" WIDTH="80"/>
						<String CONTENT="illus.," ID="St_1.1.5.18" HPOS="1828" VPOS="1652" HEIGHT="112" WIDTH="340" STYLEREFS="Style_8" WC="0.985555555555556" CC="0000000"/>
						<SP ID="SP_1.1.5.19" HPOS="2152" VPOS="1688" WIDTH="48"/>
						<String CONTENT="diagrs." ID="St_1.1.5.20" HPOS="2240" VPOS="1652" HEIGHT="112" WIDTH="424" STYLEREFS="Style_8" WC="0.988888888888889" CC="0000000"/>
						<SP ID="SP_1.1.5.21" HPOS="2652" VPOS="1688" WIDTH="80"/>
						<String CONTENT="26&#x0368;&#x036b;." ID="St_1.1.5.22" HPOS="2808" VPOS="1648" HEIGHT="112" WIDTH="756" STYLEREFS="Style_8" WC="0.99" CC="00000"/>
					</TextLine>
					<TextLine ID="TL_1.1.6" HPOS="248" VPOS="1796" HEIGHT="136" WIDTH="4200">
						<String CONTENT="&#169;" ID="St_1.1.6.1" HPOS="248" VPOS="1796" HEIGHT="108" WIDTH="112" STYLEREFS="Style_8" WC="0.222222222222222" CC="7"/>
						<SP ID="SP_1.1.6.2" HPOS="304" VPOS="1804" WIDTH="100"/>
						<String CONTENT="Mar." ID="St_1.1.6.3" HPOS="444" VPOS="1824" HEIGHT="96" WIDTH="288" STYLEREFS="Style_9" WC="0.795555555555556" CC="0000"/>
						<SP ID="SP_1.1.6.4" HPOS="716" VPOS="1856" WIDTH="48"/>
						<String CONTENT="25," ID="St_1.1.6.5" HPOS="804" VPOS="1820" HEIGHT="112" WIDTH="164" STYLEREFS="Style_9" WC="0.877777777777778" CC="000"/>
						<SP ID="SP_1.1.6.6" HPOS="956" VPOS="1856" WIDTH="48"/>
						<String CONTENT="1927;" ID="St_1.1.6.7" HPOS="1048" VPOS="1820" HEIGHT="108" WIDTH="332" STYLEREFS="Style_9" WC="0.923333333333333" CC="00000"/>
						<SP ID="SP_1.1.6.8" HPOS="1364" VPOS="1828" WIDTH="52"/>
						<String CONTENT="1c." ID="St_1.1.6.9" HPOS="1460" VPOS="1824" HEIGHT="92" WIDTH="156" STYLEREFS="Style_9" WC="0.894444444444444" CC="440"/>
						<SP ID="SP_1.1.6.10" HPOS="1600" VPOS="1856" WIDTH="52"/>
						<String CONTENT="July" ID="St_1.1.6.11" HPOS="1692" VPOS="1820" HEIGHT="112" WIDTH="276" STYLEREFS="Style_9" WC="0.915555555555556" CC="0000"/>
						<SP ID="SP_1.1.6.12" HPOS="1932" VPOS="1832" WIDTH="68"/>
						<String CONTENT="9;" ID="St_1.1.6.13" HPOS="2036" VPOS="1820" HEIGHT="108" WIDTH="128" STYLEREFS="Style_9" WC="0.924444444444444" CC="00"/>
						<SP ID="SP_1.1.6.14" HPOS="2148" VPOS="1832" WIDTH="52"/>
						<String CONTENT="A" ID="St_1.1.6.15" HPOS="2240" VPOS="1820" HEIGHT="88" WIDTH="96" STYLEREFS="Style_9" WC="0.928888888888889" CC="0"/>
						<String CONTENT="&#151;" ID="St_1.1.6.16" HPOS="2340" VPOS="1872" HEIGHT="12" WIDTH="144" STYLEREFS="Style_9" WC="0.931111111111111" CC="0"/>
						<String CONTENT="Foreign" ID="St_1.1.6.17" HPOS="2488" VPOS="1820" HEIGHT="112" WIDTH="492" STYLEREFS="Style_9" WC="0.944444444444444" CC="0000000"/>
						<SP ID="SP_1.1.6.18" HPOS="2940" VPOS="1832" WIDTH="72"/>
						<String CONTENT="35" ID="St_1.1.6.19" HPOS="3052" VPOS="1820" HEIGHT="96" WIDTH="136" STYLEREFS="Style_9" WC="0.947777777777778" CC="00"/>
						<String CONTENT="1" ID="St_1.1.6.20" HPOS="3196" VPOS="1820" HEIGHT="88" WIDTH="60" STYLEREFS="Style_9" WC="0.948888888888889" CC="0"/>
						<String CONTENT="6" ID="St_1.1.6.21" HPOS="3268" VPOS="1820" HEIGHT="92" WIDTH="64" STYLEREFS="Style_9" WC="0.95" CC="0"/>
						<String CONTENT="7;" ID="St_1.1.6.22" HPOS="3340" VPOS="1820" HEIGHT="108" WIDTH="120" STYLEREFS="Style_9" WC="0.952222222222222" CC="00"/>
						<SP ID="SP_1.1.6.23" HPOS="3444" VPOS="1832" WIDTH="56"/>
						<String CONTENT="Masson" ID="St_1.1.6.24" HPOS="3548" VPOS="1820" HEIGHT="96" WIDTH="464" STYLEREFS="Style_9" WC="0.958888888888889" CC="000000"/>
						<SP ID="SP_1.1.6.25" HPOS="3968" VPOS="1832" WIDTH="80"/>
						<String CONTENT="&amp;" ID="St_1.1.6.26" HPOS="4092" VPOS="1820" HEIGHT="96" WIDTH="84" STYLEREFS="Style_9" WC="0.96" CC="0"/>
						<SP ID="SP_1.1.6.27" HPOS="4128" VPOS="1820" WIDTH="76"/>
						<String CONTENT="cie." ID="St_1.1.6.28" HPOS="4244" VPOS="1816" HEIGHT="100" WIDTH="204" STYLEREFS="Style_9" WC="0.963333333333333" CC="0000"/>
					</TextLine>
					<TextLine ID="TL_1.1.7" HPOS="4492" VPOS="1952" HEIGHT="100" WIDTH="284">
						<String CONTENT="7576" ID="St_1.1.7.1" HPOS="4492" VPOS="1952" HEIGHT="100" WIDTH="284" STYLEREFS="Style_9" WC="1" CC="0000"/>
					</TextLine>
					<TextLine ID="TL_1.1.8" HPOS="244" VPOS="2112" HEIGHT="152" WIDTH="1496">
						<String CONTENT="Rogers," ID="St_1.1.8.1" HPOS="244" VPOS="2116" HEIGHT="148" WIDTH="576" STYLEREFS="Style_9" WC="1" CC="0000000"/>
						<SP ID="SP_1.1.8.2" HPOS="800" VPOS="2164" WIDTH="56"/>
						<String CONTENT="William" ID="St_1.1.8.3" HPOS="892" VPOS="2112" HEIGHT="124" WIDTH="608" STYLEREFS="Style_9" WC="1" CC="0000000"/>
						<SP ID="SP_1.1.8.4" HPOS="1428" VPOS="2136" WIDTH="112"/>
						<String CONTENT="G." ID="St_1.1.8.5" HPOS="1580" VPOS="2112" HEIGHT="128" WIDTH="160" STYLEREFS="Style_9" WC="1" CC="00"/>
					</TextLine>
					<TextLine ID="TL_1.1.9" HPOS="408" VPOS="2292" HEIGHT="168" WIDTH="4584">
						<String CONTENT="F" ID="St_1.1.9.1" HPOS="408" VPOS="2296" HEIGHT="124" WIDTH="112" STYLEREFS="Style_9" WC="1" CC="0"/>
						<String CONTENT="l" ID="St_1.1.9.2" HPOS="528" VPOS="2296" HEIGHT="124" WIDTH="48" STYLEREFS="Style_9" WC="1" CC="0"/>
						<String CONTENT="uen" ID="St_1.1.9.3" HPOS="584" VPOS="2340" HEIGHT="84" WIDTH="260" STYLEREFS="Style_9" WC="1" CC="000"/>
						<String CONTENT="t" ID="St_1.1.9.4" HPOS="852" VPOS="2308" HEIGHT="116" WIDTH="60" STYLEREFS="Style_9" WC="1" CC="0"/>
						<SP ID="SP_1.1.9.5" HPOS="876" VPOS="2304" WIDTH="72"/>
						<String CONTENT="French" ID="St_1.1.9.6" HPOS="988" VPOS="2296" HEIGHT="128" WIDTH="532" STYLEREFS="Style_9" WC="1" CC="000000"/>
						<SP ID="SP_1.1.9.7" HPOS="1468" VPOS="2296" WIDTH="92"/>
						<String CONTENT="for" ID="St_1.1.9.8" HPOS="1608" VPOS="2292" HEIGHT="128" WIDTH="220" STYLEREFS="Style_9" WC="1" CC="000"/>
						<SP ID="SP_1.1.9.9" HPOS="1792" VPOS="2320" WIDTH="72"/>
						<String CONTENT="beginners," ID="St_1.1.9.10" HPOS="1908" VPOS="2296" HEIGHT="164" WIDTH="764" STYLEREFS="Style_9" WC="1" CC="0000000000"/>
						<SP ID="SP_1.1.9.11" HPOS="2652" VPOS="2344" WIDTH="52"/>
						<String CONTENT="by" ID="St_1.1.9.12" HPOS="2744" VPOS="2296" HEIGHT="164" WIDTH="184" STYLEREFS="Style_9" WC="1" CC="00"/>
						<SP ID="SP_1.1.9.13" HPOS="2876" VPOS="2320" WIDTH="88"/>
						<String CONTENT="W." ID="St_1.1.9.14" HPOS="3004" VPOS="2296" HEIGHT="128" WIDTH="212" STYLEREFS="Style_9" WC="1" CC="00"/>
						<SP ID="SP_1.1.9.15" HPOS="3200" VPOS="2348" WIDTH="56"/>
						<String CONTENT="G." ID="St_1.1.9.16" HPOS="3304" VPOS="2292" HEIGHT="132" WIDTH="164" STYLEREFS="Style_9" WC="0.987777777777778" CC="40"/>
						<SP ID="SP_1.1.9.17" HPOS="3448" VPOS="2348" WIDTH="60"/>
						<String CONTENT="R" ID="St_1.1.9.18" HPOS="3556" VPOS="2296" HEIGHT="124" WIDTH="124" STYLEREFS="Style_9" WC="0.987777777777778" CC="0"/>
						<String CONTENT="o" ID="St_1.1.9.19" HPOS="3684" VPOS="2340" HEIGHT="84" WIDTH="76" STYLEREFS="Style_9" WC="0.988888888888889" CC="0"/>
						<String CONTENT="gers" ID="St_1.1.9.20" HPOS="3768" VPOS="2340" HEIGHT="120" WIDTH="304" STYLEREFS="Style_9" WC="0.988888888888889" CC="0000"/>
						<SP ID="SP_1.1.9.21" HPOS="4036" VPOS="2320" WIDTH="80"/>
						<String CONTENT="&#133;" ID="St_1.1.9.22" HPOS="4164" VPOS="2304" HEIGHT="132" WIDTH="76" STYLEREFS="Style_9" WC="0.99" CC="0"/>
						<SP ID="SP_1.1.9.23" HPOS="4284" VPOS="2380" WIDTH="60"/>
						<String CONTENT="illustra-" ID="St_1.1.9.24" HPOS="4400" VPOS="2296" HEIGHT="128" WIDTH="592" STYLEREFS="Style_9" WC="0.991111111111111" CC="000000000"/>
					</TextLine>
					<TextLine ID="TL_1.1.10" HPOS="248" VPOS="2476" HEIGHT="168" WIDTH="4744">
						<String CONTENT="tions" ID="St_1.1.10.1" HPOS="248" VPOS="2484" HEIGHT="124" WIDTH="348" STYLEREFS="Style_9" WC="1" CC="00000"/>
						<SP ID="SP_1.1.10.2" HPOS="560" VPOS="2504" WIDTH="64"/>
						<String CONTENT="by" ID="St_1.1.10.3" HPOS="656" VPOS="2480" HEIGHT="164" WIDTH="184" STYLEREFS="Style_9" WC="1" CC="00"/>
						<SP ID="SP_1.1.10.4" HPOS="792" VPOS="2504" WIDTH="80"/>
						<String CONTENT="Clara" ID="St_1.1.10.5" HPOS="908" VPOS="2480" HEIGHT="128" WIDTH="408" STYLEREFS="Style_9" WC="1" CC="00000"/>
						<SP ID="SP_1.1.10.6" HPOS="1276" VPOS="2504" WIDTH="68"/>
						<String CONTENT="Atwood" ID="St_1.1.10.7" HPOS="1380" VPOS="2484" HEIGHT="120" WIDTH="588" STYLEREFS="Style_9" WC="1" CC="000000"/>
						<SP ID="SP_1.1.10.8" HPOS="1924" VPOS="2484" WIDTH="76"/>
						<String CONTENT="Fitts." ID="St_1.1.10.9" HPOS="2036" VPOS="2480" HEIGHT="124" WIDTH="408" STYLEREFS="Style_9" WC="1" CC="000000"/>
						<SP ID="SP_1.1.10.10" HPOS="2424" VPOS="2532" WIDTH="96"/>
						<String CONTENT="Chicago," ID="St_1.1.10.11" HPOS="2600" VPOS="2476" HEIGHT="168" WIDTH="644" STYLEREFS="Style_9" WC="1" CC="00000000"/>
						<SP ID="SP_1.1.10.12" HPOS="3224" VPOS="2532" WIDTH="48"/>
						<String CONTENT="New" ID="St_1.1.10.13" HPOS="3308" VPOS="2480" HEIGHT="124" WIDTH="332" STYLEREFS="Style_9" WC="1" CC="000"/>
						<SP ID="SP_1.1.10.14" HPOS="3576" VPOS="2504" WIDTH="96"/>
						<String CONTENT="York" ID="St_1.1.10.15" HPOS="3708" VPOS="2480" HEIGHT="124" WIDTH="388" STYLEREFS="Style_9" WC="1" CC="0000"/>
						<SP ID="SP_1.1.10.16" HPOS="4044" VPOS="2480" WIDTH="88"/>
						<String CONTENT="[etc.]" ID="St_1.1.10.17" HPOS="4172" VPOS="2484" HEIGHT="124" WIDTH="320" STYLEREFS="Style_9" WC="0.967777777777778" CC="800007"/>
						<SP ID="SP_1.1.10.18" HPOS="4480" VPOS="2520" WIDTH="64"/>
						<String CONTENT="B." ID="St_1.1.10.19" HPOS="4592" VPOS="2488" HEIGHT="116" WIDTH="148" STYLEREFS="Style_9" WC="0.97" CC="00"/>
						<SP ID="SP_1.1.10.20" HPOS="4724" VPOS="2532" WIDTH="48"/>
						<String CONTENT="H." ID="St_1.1.10.21" HPOS="4812" VPOS="2484" HEIGHT="124" WIDTH="180" STYLEREFS="Style_9" WC="0.971111111111111" CC="00"/>
					</TextLine>
					<TextLine ID="TL_1.1.11" HPOS="248" VPOS="2664" HEIGHT="160" WIDTH="1612">
						<String CONTENT="Sanborn" ID="St_1.1.11.1" HPOS="248" VPOS="2668" HEIGHT="128" WIDTH="620" STYLEREFS="Style_9" WC="1" CC="0000000"/>
						<SP ID="SP_1.1.11.2" HPOS="820" VPOS="2696" WIDTH="80"/>
						<String CONTENT="&amp;" ID="St_1.1.11.3" HPOS="940" VPOS="2672" HEIGHT="116" WIDTH="108" STYLEREFS="Style_9" WC="1" CC="0"/>
						<SP ID="SP_1.1.11.4" HPOS="988" VPOS="2676" WIDTH="92"/>
						<String CONTENT="co." ID="St_1.1.11.5" HPOS="1120" VPOS="2708" HEIGHT="84" WIDTH="188" STYLEREFS="Style_9" WC="1" CC="000"/>
						<SP ID="SP_1.1.11.6" HPOS="1292" VPOS="2720" WIDTH="84"/>
						<String CONTENT="[&#x0368;1927]" ID="St_1.1.11.7" HPOS="1444" VPOS="2664" HEIGHT="160" WIDTH="416" STYLEREFS="Style_9" WC="1" CC="0000000"/>
					</TextLine>
					<TextLine ID="TL_1.1.12" HPOS="404" VPOS="2860" HEIGHT="120" WIDTH="1820">
						<String CONTENT="v" ID="St_1.1.12.1" HPOS="404" VPOS="2876" HEIGHT="76" WIDTH="68" STYLEREFS="Style_9" WC="0.555555555555556" CC="4"/>
						<String CONTENT="," ID="St_1.1.12.2" HPOS="484" VPOS="2940" HEIGHT="40" WIDTH="20" STYLEREFS="Style_10" WC="0.777777777777778" CC="0"/>
						<SP ID="SP_1.1.12.3" HPOS="492" VPOS="2900" WIDTH="48"/>
						<String CONTENT="186" ID="St_1.1.12.4" HPOS="576" VPOS="2864" HEIGHT="96" WIDTH="204" STYLEREFS="Style_10" WC="0.925555555555556" CC="000"/>
						<SP ID="SP_1.1.12.5" HPOS="744" VPOS="2864" WIDTH="64"/>
						<String CONTENT="p." ID="St_1.1.12.6" HPOS="844" VPOS="2892" HEIGHT="88" WIDTH="108" STYLEREFS="Style_10" WC="0.95" CC="00"/>
						<SP ID="SP_1.1.12.7" HPOS="936" VPOS="2900" WIDTH="84"/>
						<String CONTENT="illus." ID="St_1.1.12.8" HPOS="1092" VPOS="2860" HEIGHT="104" WIDTH="308" STYLEREFS="Style_10" WC="0.972222222222222" CC="000000"/>
						<SP ID="SP_1.1.12.9" HPOS="1384" VPOS="2900" WIDTH="84"/>
						<String CONTENT="19&#x0368;&#x036b;." ID="St_1.1.12.10" HPOS="1544" VPOS="2860" HEIGHT="112" WIDTH="680" STYLEREFS="Style_10" WC="0.923333333333333" CC="44003"/>
					</TextLine>
					<TextLine ID="TL_1.1.13" HPOS="248" VPOS="3024" HEIGHT="120" WIDTH="4748">
						<String CONTENT="&#169;" ID="St_1.1.13.1" HPOS="248" VPOS="3024" HEIGHT="116" WIDTH="120" STYLEREFS="Style_10" WC="0.555555555555556" CC="4"/>
						<SP ID="SP_1.1.13.2" HPOS="308" VPOS="3024" WIDTH="104"/>
						<String CONTENT="Sept." ID="St_1.1.13.3" HPOS="456" VPOS="3036" HEIGHT="108" WIDTH="304" STYLEREFS="Style_10" WC="0.935555555555556" CC="00000"/>
						<SP ID="SP_1.1.13.4" HPOS="744" VPOS="3076" WIDTH="52"/>
						<String CONTENT="6," ID="St_1.1.13.5" HPOS="836" VPOS="3028" HEIGHT="116" WIDTH="92" STYLEREFS="Style_10" WC="0.955555555555556" CC="00"/>
						<SP ID="SP_1.1.13.6" HPOS="916" VPOS="3076" WIDTH="48"/>
						<String CONTENT="1927;" ID="St_1.1.13.7" HPOS="1004" VPOS="3028" HEIGHT="112" WIDTH="336" STYLEREFS="Style_10" WC="0.972222222222222" CC="00000"/>
						<SP ID="SP_1.1.13.8" HPOS="1328" VPOS="3052" WIDTH="52"/>
						<String CONTENT="2" ID="St_1.1.13.9" HPOS="1424" VPOS="3028" HEIGHT="96" WIDTH="64" STYLEREFS="Style_10" WC="0.974444444444444" CC="0"/>
						<String CONTENT="c" ID="St_1.1.13.10" HPOS="1492" VPOS="3052" HEIGHT="76" WIDTH="56" STYLEREFS="Style_10" WC="0.946666666666667" CC="5"/>
						<String CONTENT="." ID="St_1.1.13.11" HPOS="1564" VPOS="3104" HEIGHT="20" WIDTH="20" STYLEREFS="Style_10" WC="0.944444444444444" CC="1"/>
						<SP ID="SP_1.1.13.12" HPOS="1568" VPOS="3076" WIDTH="52"/>
						<String CONTENT="a" ID="St_1.1.13.13" HPOS="1664" VPOS="3052" HEIGHT="72" WIDTH="56" STYLEREFS="Style_10" WC="0.938888888888889" CC="1"/>
						<String CONTENT="nd" ID="St_1.1.13.14" HPOS="1740" VPOS="3032" HEIGHT="92" WIDTH="148" STYLEREFS="Style_10" WC="0.93" CC="30"/>
						<SP ID="SP_1.1.13.15" HPOS="1852" VPOS="3040" WIDTH="72"/>
						<String CONTENT="aff." ID="St_1.1.13.16" HPOS="1968" VPOS="3028" HEIGHT="96" WIDTH="196" STYLEREFS="Style_10" WC="0.942222222222222" CC="0000"/>
						<SP ID="SP_1.1.13.17" HPOS="2148" VPOS="3076" WIDTH="56"/>
						<String CONTENT="Sept." ID="St_1.1.13.18" HPOS="2252" VPOS="3024" HEIGHT="120" WIDTH="304" STYLEREFS="Style_10" WC="0.952222222222222" CC="00000"/>
						<SP ID="SP_1.1.13.19" HPOS="2540" VPOS="3076" WIDTH="52"/>
						<String CONTENT="8;" ID="St_1.1.13.20" HPOS="2636" VPOS="3028" HEIGHT="108" WIDTH="124" STYLEREFS="Style_10" WC="0.955555555555556" CC="00"/>
						<SP ID="SP_1.1.13.21" HPOS="2744" VPOS="3048" WIDTH="56"/>
						<String CONTENT="A" ID="St_1.1.13.22" HPOS="2848" VPOS="3028" HEIGHT="92" WIDTH="96" STYLEREFS="Style_10" WC="0.957777777777778" CC="0"/>
						<SP ID="SP_1.1.13.23" HPOS="2892" VPOS="3036" WIDTH="88"/>
						<String CONTENT="1" ID="St_1.1.13.24" HPOS="3020" VPOS="3032" HEIGHT="88" WIDTH="56" STYLEREFS="Style_10" WC="0.96" CC="0"/>
						<String CONTENT="00" ID="St_1.1.13.25" HPOS="3088" VPOS="3028" HEIGHT="96" WIDTH="144" STYLEREFS="Style_10" WC="0.961111111111111" CC="00"/>
						<String CONTENT="4" ID="St_1.1.13.26" HPOS="3232" VPOS="3028" HEIGHT="92" WIDTH="60" STYLEREFS="Style_10" WC="0.962222222222222" CC="0"/>
						<String CONTENT="0" ID="St_1.1.13.27" HPOS="3300" VPOS="3028" HEIGHT="92" WIDTH="64" STYLEREFS="Style_10" WC="0.963333333333333" CC="0"/>
						<String CONTENT="5" ID="St_1.1.13.28" HPOS="3372" VPOS="3028" HEIGHT="92" WIDTH="64" STYLEREFS="Style_10" WC="0.964444444444444" CC="0"/>
						<String CONTENT="6" ID="St_1.1.13.29" HPOS="3440" VPOS="3028" HEIGHT="96" WIDTH="64" STYLEREFS="Style_10" WC="0.964444444444444" CC="0"/>
						<String CONTENT=";" ID="St_1.1.13.30" HPOS="3548" VPOS="3052" HEIGHT="84" WIDTH="16" STYLEREFS="Style_10" WC="0.965555555555556" CC="0"/>
						<SP ID="SP_1.1.13.31" HPOS="3552" VPOS="3048" WIDTH="56"/>
						<String CONTENT="Benj." ID="St_1.1.13.32" HPOS="3656" VPOS="3028" HEIGHT="116" WIDTH="332" STYLEREFS="Style_10" WC="0.968888888888889" CC="00000"/>
						<SP ID="SP_1.1.13.33" HPOS="3972" VPOS="3080" WIDTH="56"/>
						<String CONTENT="H." ID="St_1.1.13.34" HPOS="4072" VPOS="3040" HEIGHT="92" WIDTH="144" STYLEREFS="Style_10" WC="0.963333333333333" CC="40"/>
						<SP ID="SP_1.1.13.35" HPOS="4200" VPOS="3080" WIDTH="56"/>
						<String CONTENT="Sanborn" ID="St_1.1.13.36" HPOS="4304" VPOS="3028" HEIGHT="96" WIDTH="520" STYLEREFS="Style_10" WC="0.967777777777778" CC="0000000"/>
						<SP ID="SP_1.1.13.37" HPOS="4780" VPOS="3056" WIDTH="84"/>
						<String CONTENT="&amp;" ID="St_1.1.13.38" HPOS="4908" VPOS="3032" HEIGHT="92" WIDTH="88" STYLEREFS="Style_10" WC="0.968888888888889" CC="0"/>
					</TextLine>
					<TextLine ID="TL_1.1.14" HPOS="408" VPOS="3160" HEIGHT="144" WIDTH="4384">
						<String CONTENT="co" ID="St_1.1.14.1" HPOS="408" VPOS="3192" HEIGHT="72" WIDTH="124" STYLEREFS="Style_10" WC="0.777777777777778" CC="40"/>
						<String CONTENT="." ID="St_1.1.14.2" HPOS="548" VPOS="3240" HEIGHT="24" WIDTH="16" STYLEREFS="Style_10" WC="0.851111111111111" CC="0"/>
						<SP ID="SP_1.1.14.3" HPOS="552" VPOS="3240" WIDTH="92"/>
						<String CONTENT="(27-19086)" ID="St_1.1.14.4" HPOS="732" VPOS="3164" HEIGHT="116" WIDTH="668" STYLEREFS="Style_10" WC="0.967777777777778" CC="0000000000"/>
						<SP ID="SP_1.1.14.5" HPOS="1376" VPOS="3184" WIDTH="3132"/>
						<String CONTENT="7577" ID="St_1.1.14.6" HPOS="4508" VPOS="3160" HEIGHT="104" WIDTH="284" STYLEREFS="Style_10" WC="0.688888888888889" CC="0000"/>
					</TextLine>
					<TextLine ID="TL_1.1.15" HPOS="248" VPOS="3424" HEIGHT="152" WIDTH="1212">
						<String CONTENT="Romanes," ID="St_1.1.15.1" HPOS="248" VPOS="3428" HEIGHT="148" WIDTH="736" STYLEREFS="Style_10" WC="1" CC="00000000"/>
						<SP ID="SP_1.1.15.2" HPOS="964" VPOS="3476" WIDTH="56"/>
						<String CONTENT="Alva." ID="St_1.1.15.3" HPOS="1060" VPOS="3424" HEIGHT="128" WIDTH="400" STYLEREFS="Style_10" WC="1" CC="00000"/>
					</TextLine>
					<TextLine ID="TL_1.1.16" HPOS="408" VPOS="3604" HEIGHT="168" WIDTH="4596">
						<String CONTENT="The" ID="St_1.1.16.1" HPOS="408" VPOS="3612" HEIGHT="124" WIDTH="288" STYLEREFS="Style_10" WC="1" CC="000"/>
						<SP ID="SP_1.1.16.2" HPOS="660" VPOS="3628" WIDTH="64"/>
						<String CONTENT="great" ID="St_1.1.16.3" HPOS="764" VPOS="3624" HEIGHT="148" WIDTH="388" STYLEREFS="Style_10" WC="1" CC="00000"/>
						<SP ID="SP_1.1.16.4" HPOS="1116" VPOS="3616" WIDTH="68"/>
						<String CONTENT="awakening," ID="St_1.1.16.5" HPOS="1224" VPOS="3608" HEIGHT="164" WIDTH="844" STYLEREFS="Style_10" WC="1" CC="0000000000"/>
						<SP ID="SP_1.1.16.6" HPOS="2048" VPOS="3656" WIDTH="48"/>
						<String CONTENT="by" ID="St_1.1.16.7" HPOS="2132" VPOS="3608" HEIGHT="164" WIDTH="180" STYLEREFS="Style_10" WC="1" CC="00"/>
						<SP ID="SP_1.1.16.8" HPOS="2264" VPOS="3628" WIDTH="80"/>
						<String CONTENT="A" ID="St_1.1.16.9" HPOS="2380" VPOS="3604" HEIGHT="124" WIDTH="132" STYLEREFS="Style_10" WC="1" CC="0"/>
						<String CONTENT="l" ID="St_1.1.16.10" HPOS="2520" VPOS="3608" HEIGHT="120" WIDTH="44" STYLEREFS="Style_10" WC="1" CC="0"/>
						<String CONTENT="va" ID="St_1.1.16.11" HPOS="2576" VPOS="3652" HEIGHT="80" WIDTH="168" STYLEREFS="Style_10" WC="1" CC="00"/>
						<SP ID="SP_1.1.16.12" HPOS="2700" VPOS="3628" WIDTH="76"/>
						<String CONTENT="Romanes" ID="St_1.1.16.13" HPOS="2812" VPOS="3608" HEIGHT="128" WIDTH="676" STYLEREFS="Style_10" WC="1" CC="0000000"/>
						<SP ID="SP_1.1.16.14" HPOS="3452" VPOS="3628" WIDTH="76"/>
						<String CONTENT="&#133;" ID="St_1.1.16.15" HPOS="3596" VPOS="3620" HEIGHT="136" WIDTH="84" STYLEREFS="Style_10" WC="1" CC="0"/>
						<SP ID="SP_1.1.16.16" HPOS="3688" VPOS="3692" WIDTH="100"/>
						<String CONTENT="S" ID="St_1.1.16.17" HPOS="3880" VPOS="3604" HEIGHT="132" WIDTH="92" STYLEREFS="Style_10" WC="1" CC="0"/>
						<String CONTENT="an" ID="St_1.1.16.18" HPOS="3988" VPOS="3652" HEIGHT="80" WIDTH="172" STYLEREFS="Style_10" WC="1" CC="00"/>
						<SP ID="SP_1.1.16.19" HPOS="4108" VPOS="3628" WIDTH="84"/>
						<String CONTENT="Francisc" ID="St_1.1.16.20" HPOS="4232" VPOS="3608" HEIGHT="128" WIDTH="640" STYLEREFS="Style_10" WC="1" CC="00000000"/>
						<String CONTENT="o" ID="St_1.1.16.21" HPOS="4884" VPOS="3652" HEIGHT="80" WIDTH="72" STYLEREFS="Style_10" WC="1" CC="0"/>
						<String CONTENT="," ID="St_1.1.16.22" HPOS="4976" VPOS="3708" HEIGHT="60" WIDTH="28" STYLEREFS="Style_10" WC="1" CC="0"/>
					</TextLine>
					<TextLine ID="TL_1.1.17" HPOS="248" VPOS="3792" HEIGHT="164" WIDTH="2836">
						<String CONTENT="The" ID="St_1.1.17.1" HPOS="248" VPOS="3792" HEIGHT="128" WIDTH="284" STYLEREFS="Style_10" WC="1" CC="000"/>
						<SP ID="SP_1.1.17.2" HPOS="496" VPOS="3820" WIDTH="68"/>
						<String CONTENT="Long" ID="St_1.1.17.3" HPOS="600" VPOS="3796" HEIGHT="160" WIDTH="396" STYLEREFS="Style_10" WC="1" CC="0000"/>
						<SP ID="SP_1.1.17.4" HPOS="944" VPOS="3816" WIDTH="84"/>
						<String CONTENT="publishing" ID="St_1.1.17.5" HPOS="1068" VPOS="3792" HEIGHT="164" WIDTH="796" STYLEREFS="Style_10" WC="1" CC="0000000000"/>
						<SP ID="SP_1.1.17.6" HPOS="1816" VPOS="3816" WIDTH="80"/>
						<String CONTENT="company," ID="St_1.1.17.7" HPOS="1936" VPOS="3836" HEIGHT="120" WIDTH="708" STYLEREFS="Style_10" WC="1" CC="00000000"/>
						<SP ID="SP_1.1.17.8" HPOS="2624" VPOS="3848" WIDTH="60"/>
						<String CONTENT="1927." ID="St_1.1.17.9" HPOS="2728" VPOS="3792" HEIGHT="124" WIDTH="356" STYLEREFS="Style_10" WC="1" CC="00000"/>
					</TextLine>
					<TextLine ID="TL_1.1.18" HPOS="404" VPOS="3988" HEIGHT="120" WIDTH="2504">
						<String CONTENT="i" ID="St_1.1.18.1" HPOS="404" VPOS="3992" HEIGHT="96" WIDTH="40" STYLEREFS="Style_10" WC="1" CC="0"/>
						<String CONTENT="x" ID="St_1.1.18.2" HPOS="452" VPOS="4020" HEIGHT="68" WIDTH="72" STYLEREFS="Style_10" WC="1" CC="0"/>
						<String CONTENT="," ID="St_1.1.18.3" HPOS="540" VPOS="4068" HEIGHT="36" WIDTH="16" STYLEREFS="Style_10" WC="1" CC="0"/>
						<SP ID="SP_1.1.18.4" HPOS="544" VPOS="4028" WIDTH="52"/>
						<String CONTENT="[11" ID="St_1.1.18.5" HPOS="600" VPOS="3996" HEIGHT="104" WIDTH="204" STYLEREFS="Style_10" WC="0.872222222222222" CC="044"/>
						<String CONTENT="]&#150;" ID="St_1.1.18.6" HPOS="816" VPOS="4016" HEIGHT="92" WIDTH="100" STYLEREFS="Style_10" WC="0.901111111111111" CC="00"/>
						<String CONTENT="68" ID="St_1.1.18.7" HPOS="928" VPOS="3992" HEIGHT="96" WIDTH="132" STYLEREFS="Style_10" WC="0.918888888888889" CC="00"/>
						<SP ID="SP_1.1.18.8" HPOS="1028" VPOS="3988" WIDTH="68"/>
						<String CONTENT="p.," ID="St_1.1.18.9" HPOS="1132" VPOS="4020" HEIGHT="88" WIDTH="140" STYLEREFS="Style_10" WC="0.94" CC="000"/>
						<SP ID="SP_1.1.18.10" HPOS="1256" VPOS="4024" WIDTH="52"/>
						<String CONTENT="1" ID="St_1.1.18.11" HPOS="1352" VPOS="3996" HEIGHT="88" WIDTH="56" STYLEREFS="Style_10" WC="0.946666666666667" CC="0"/>
						<SP ID="SP_1.1.18.12" HPOS="1376" VPOS="3992" WIDTH="68"/>
						<String CONTENT="l" ID="St_1.1.18.13" HPOS="1488" VPOS="3992" HEIGHT="92" WIDTH="36" STYLEREFS="Style_10" WC="0.952222222222222" CC="0"/>
						<String CONTENT="." ID="St_1.1.18.14" HPOS="1536" VPOS="4068" HEIGHT="20" WIDTH="24" STYLEREFS="Style_10" WC="0.955555555555556" CC="0"/>
						<SP ID="SP_1.1.18.15" HPOS="1544" VPOS="4028" WIDTH="80"/>
						<String CONTENT="illus." ID="St_1.1.18.16" HPOS="1700" VPOS="3992" HEIGHT="96" WIDTH="308" STYLEREFS="Style_10" WC="0.966666666666667" CC="000000"/>
						<SP ID="SP_1.1.18.17" HPOS="1992" VPOS="4024" WIDTH="80"/>
						<String CONTENT="25&#189;&#x0368;&#x036b;" ID="St_1.1.18.18" HPOS="2148" VPOS="3992" HEIGHT="108" WIDTH="760" STYLEREFS="Style_10" WC="0.972222222222222" CC="00000"/>
						<String CONTENT="." ID="St_1.1.18.19" HPOS="2472" VPOS="4024" HEIGHT="56" WIDTH="24" STYLEREFS="Style_10" WC="0.96" CC="4"/>
					</TextLine>
					<TextLine ID="TL_1.1.19" HPOS="408" VPOS="4152" HEIGHT="124" WIDTH="4588">
						<String CONTENT="These" ID="St_1.1.19.1" HPOS="408" VPOS="4160" HEIGHT="92" WIDTH="368" STYLEREFS="Style_10" WC="1" CC="00000"/>
						<SP ID="SP_1.1.19.2" HPOS="740" VPOS="4164" WIDTH="64"/>
						<String CONTENT="verses" ID="St_1.1.19.3" HPOS="844" VPOS="4180" HEIGHT="72" WIDTH="388" STYLEREFS="Style_10" WC="1" CC="000000"/>
						<SP ID="SP_1.1.19.4" HPOS="1200" VPOS="4164" WIDTH="64"/>
						<String CONTENT="are" ID="St_1.1.19.5" HPOS="1304" VPOS="4180" HEIGHT="72" WIDTH="196" STYLEREFS="Style_10" WC="1" CC="000"/>
						<SP ID="SP_1.1.19.6" HPOS="1468" VPOS="4164" WIDTH="64"/>
						<String CONTENT="a" ID="St_1.1.19.7" HPOS="1568" VPOS="4180" HEIGHT="72" WIDTH="64" STYLEREFS="Style_10" WC="1" CC="0"/>
						<SP ID="SP_1.1.19.8" HPOS="1596" VPOS="4164" WIDTH="72"/>
						<String CONTENT="prisoner&apos;s" ID="St_1.1.19.9" HPOS="1708" VPOS="4156" HEIGHT="116" WIDTH="624" STYLEREFS="Style_10" WC="1" CC="0000000000"/>
						<SP ID="SP_1.1.19.10" HPOS="2300" VPOS="4164" WIDTH="64"/>
						<String CONTENT="view" ID="St_1.1.19.11" HPOS="2400" VPOS="4156" HEIGHT="96" WIDTH="292" STYLEREFS="Style_10" WC="1" CC="0000"/>
						<SP ID="SP_1.1.19.12" HPOS="2636" VPOS="4164" WIDTH="88"/>
						<String CONTENT="of" ID="St_1.1.19.13" HPOS="2760" VPOS="4156" HEIGHT="96" WIDTH="124" STYLEREFS="Style_10" WC="1" CC="00"/>
						<SP ID="SP_1.1.19.14" HPOS="2852" VPOS="4152" WIDTH="64"/>
						<String CONTENT="his" ID="St_1.1.19.15" HPOS="2952" VPOS="4156" HEIGHT="96" WIDTH="180" STYLEREFS="Style_10" WC="1" CC="000"/>
						<SP ID="SP_1.1.19.16" HPOS="3100" VPOS="4164" WIDTH="60"/>
						<String CONTENT="prison," ID="St_1.1.19.17" HPOS="3200" VPOS="4156" HEIGHT="112" WIDTH="424" STYLEREFS="Style_10" WC="1" CC="0000000"/>
						<SP ID="SP_1.1.19.18" HPOS="3612" VPOS="4188" WIDTH="48"/>
						<String CONTENT="a" ID="St_1.1.19.19" HPOS="3700" VPOS="4180" HEIGHT="72" WIDTH="64" STYLEREFS="Style_10" WC="1" CC="0"/>
						<SP ID="SP_1.1.19.20" HPOS="3728" VPOS="4164" WIDTH="72"/>
						<String CONTENT="criminal&apos;s" ID="St_1.1.19.21" HPOS="3840" VPOS="4152" HEIGHT="100" WIDTH="632" STYLEREFS="Style_10" WC="0.988888888888889" CC="0000000330"/>
						<SP ID="SP_1.1.19.22" HPOS="4440" VPOS="4164" WIDTH="60"/>
						<String CONTENT="concep-" ID="St_1.1.19.23" HPOS="4540" VPOS="4184" HEIGHT="92" WIDTH="456" STYLEREFS="Style_10" WC="0.99" CC="0000000"/>
					</TextLine>
					<TextLine ID="TL_1.1.20" HPOS="252" VPOS="4292" HEIGHT="116" WIDTH="1904">
						<String CONTENT="tion" ID="St_1.1.20.1" HPOS="252" VPOS="4292" HEIGHT="96" WIDTH="232" STYLEREFS="Style_10" WC="0.888888888888889" CC="4000"/>
						<SP ID="SP_1.1.20.2" HPOS="448" VPOS="4304" WIDTH="72"/>
						<String CONTENT="of" ID="St_1.1.20.3" HPOS="556" VPOS="4292" HEIGHT="96" WIDTH="124" STYLEREFS="Style_10" WC="0.935555555555556" CC="00"/>
						<SP ID="SP_1.1.20.4" HPOS="648" VPOS="4292" WIDTH="64"/>
						<String CONTENT="crime." ID="St_1.1.20.5" HPOS="752" VPOS="4292" HEIGHT="96" WIDTH="384" STYLEREFS="Style_10" WC="0.967777777777778" CC="000000"/>
						<SP ID="SP_1.1.20.6" HPOS="1120" VPOS="4328" WIDTH="84"/>
						<String CONTENT="c" ID="St_1.1.20.7" HPOS="1280" VPOS="4296" HEIGHT="84" WIDTH="60" STYLEREFS="Style_11" WC="0.944444444444444" CC="4"/>
						<String CONTENT="f." ID="St_1.1.20.8" HPOS="1344" VPOS="4292" HEIGHT="116" WIDTH="80" STYLEREFS="Style_12" WC="0.95" CC="00"/>
						<SP ID="SP_1.1.20.9" HPOS="1412" VPOS="4320" WIDTH="52"/>
						<String CONTENT="Foreword." ID="St_1.1.20.10" HPOS="1504" VPOS="4292" HEIGHT="96" WIDTH="652" STYLEREFS="Style_12" WC="0.967777777777778" CC="000000000"/>
					</TextLine>
					<TextLine ID="TL_1.1.21" HPOS="416" VPOS="4424" HEIGHT="116" WIDTH="4576">
						<String CONTENT="&quot;Of" ID="St_1.1.21.1" HPOS="416" VPOS="4428" HEIGHT="96" WIDTH="220" STYLEREFS="Style_12" WC="1" CC="000"/>
						<SP ID="SP_1.1.21.2" HPOS="604" VPOS="4424" WIDTH="64"/>
						<String CONTENT="this" ID="St_1.1.21.3" HPOS="704" VPOS="4424" HEIGHT="100" WIDTH="232" STYLEREFS="Style_12" WC="1" CC="0000"/>
						<SP ID="SP_1.1.21.4" HPOS="904" VPOS="4440" WIDTH="64"/>
						<String CONTENT="fi" ID="St_1.1.21.5" HPOS="1004" VPOS="4424" HEIGHT="96" WIDTH="72" STYLEREFS="Style_13" WC="1" CC="00"/>
						<String CONTENT="rst" ID="St_1.1.21.6" HPOS="1088" VPOS="4432" HEIGHT="88" WIDTH="172" STYLEREFS="Style_13" WC="1" CC="000"/>
						<SP ID="SP_1.1.21.7" HPOS="1236" VPOS="4428" WIDTH="56"/>
						<String CONTENT="edition" ID="St_1.1.21.8" HPOS="1328" VPOS="4424" HEIGHT="96" WIDTH="436" STYLEREFS="Style_13" WC="1" CC="0000000"/>
						<SP ID="SP_1.1.21.9" HPOS="1724" VPOS="4436" WIDTH="80"/>
						<String CONTENT="&#133;" ID="St_1.1.21.10" HPOS="1828" VPOS="4428" HEIGHT="108" WIDTH="68" STYLEREFS="Style_13" WC="1" CC="0"/>
						<SP ID="SP_1.1.21.11" HPOS="1944" VPOS="4484" WIDTH="56"/>
						<String CONTENT="two" ID="St_1.1.21.12" HPOS="2044" VPOS="4432" HEIGHT="88" WIDTH="224" STYLEREFS="Style_13" WC="1" CC="000"/>
						<SP ID="SP_1.1.21.13" HPOS="2232" VPOS="4436" WIDTH="68"/>
						<String CONTENT="thousand" ID="St_1.1.21.14" HPOS="2340" VPOS="4424" HEIGHT="96" WIDTH="580" STYLEREFS="Style_13" WC="0.987777777777778" CC="00040000"/>
						<SP ID="SP_1.1.21.15" HPOS="2880" VPOS="4424" WIDTH="72"/>
						<String CONTENT="copies" ID="St_1.1.21.16" HPOS="2992" VPOS="4424" HEIGHT="116" WIDTH="380" STYLEREFS="Style_13" WC="0.988888888888889" CC="000000"/>
						<SP ID="SP_1.1.21.17" HPOS="3340" VPOS="4436" WIDTH="60"/>
						<String CONTENT="have" ID="St_1.1.21.18" HPOS="3440" VPOS="4424" HEIGHT="96" WIDTH="296" STYLEREFS="Style_13" WC="0.99" CC="0000"/>
						<SP ID="SP_1.1.21.19" HPOS="3700" VPOS="4436" WIDTH="64"/>
						<String CONTENT="been" ID="St_1.1.21.20" HPOS="3804" VPOS="4424" HEIGHT="96" WIDTH="280" STYLEREFS="Style_13" WC="0.991111111111111" CC="0000"/>
						<SP ID="SP_1.1.21.21" HPOS="4044" VPOS="4436" WIDTH="76"/>
						<String CONTENT="printed" ID="St_1.1.21.22" HPOS="4160" VPOS="4424" HEIGHT="116" WIDTH="456" STYLEREFS="Style_13" WC="0.992222222222222" CC="0000000"/>
						<SP ID="SP_1.1.21.23" HPOS="4576" VPOS="4428" WIDTH="72"/>
						<String CONTENT="from" ID="St_1.1.21.24" HPOS="4692" VPOS="4432" HEIGHT="96" WIDTH="300" STYLEREFS="Style_13" WC="0.993333333333333" CC="0000"/>
					</TextLine>
					<TextLine ID="TL_1.1.22" HPOS="248" VPOS="4556" HEIGHT="120" WIDTH="2864">
						<String CONTENT="hand-set" ID="St_1.1.22.1" HPOS="248" VPOS="4564" HEIGHT="92" WIDTH="524" STYLEREFS="Style_13" WC="1" CC="00000000"/>
						<SP ID="SP_1.1.22.2" HPOS="748" VPOS="4560" WIDTH="56"/>
						<String CONTENT="type" ID="St_1.1.22.3" HPOS="840" VPOS="4568" HEIGHT="108" WIDTH="268" STYLEREFS="Style_13" WC="1" CC="0000"/>
						<SP ID="SP_1.1.22.4" HPOS="1076" VPOS="4568" WIDTH="68"/>
						<String CONTENT="&#133;" ID="St_1.1.22.5" HPOS="1200" VPOS="4556" HEIGHT="108" WIDTH="76" STYLEREFS="Style_13" WC="1" CC="0"/>
						<SP ID="SP_1.1.22.6" HPOS="1276" VPOS="4616" WIDTH="44"/>
						<String CONTENT="and" ID="St_1.1.22.7" HPOS="1360" VPOS="4564" HEIGHT="88" WIDTH="232" STYLEREFS="Style_13" WC="1" CC="000"/>
						<SP ID="SP_1.1.22.8" HPOS="1552" VPOS="4556" WIDTH="68"/>
						<String CONTENT="signed" ID="St_1.1.22.9" HPOS="1652" VPOS="4556" HEIGHT="116" WIDTH="404" STYLEREFS="Style_13" WC="1" CC="000000"/>
						<SP ID="SP_1.1.22.10" HPOS="2016" VPOS="4556" WIDTH="68"/>
						<String CONTENT="by" ID="St_1.1.22.11" HPOS="2116" VPOS="4560" HEIGHT="112" WIDTH="144" STYLEREFS="Style_13" WC="1" CC="00"/>
						<SP ID="SP_1.1.22.12" HPOS="2224" VPOS="4568" WIDTH="68"/>
						<String CONTENT="the" ID="St_1.1.22.13" HPOS="2332" VPOS="4560" HEIGHT="92" WIDTH="188" STYLEREFS="Style_13" WC="1" CC="000"/>
						<SP ID="SP_1.1.22.14" HPOS="2488" VPOS="4568" WIDTH="64"/>
						<String CONTENT="author.&quot;" ID="St_1.1.22.15" HPOS="2588" VPOS="4556" HEIGHT="100" WIDTH="524" STYLEREFS="Style_13" WC="1" CC="00000000"/>
					</TextLine>
					<TextLine ID="TL_1.1.23" HPOS="252" VPOS="4704" HEIGHT="136" WIDTH="4544">
						<String CONTENT="&#169;" ID="St_1.1.23.1" HPOS="252" VPOS="4704" HEIGHT="108" WIDTH="112" STYLEREFS="Style_13" WC="0.222222222222222" CC="7"/>
						<SP ID="SP_1.1.23.2" HPOS="308" VPOS="4712" WIDTH="100"/>
						<String CONTENT="Sept." ID="St_1.1.23.3" HPOS="448" VPOS="4732" HEIGHT="108" WIDTH="304" STYLEREFS="Style_13" WC="0.824444444444444" CC="00000"/>
						<SP ID="SP_1.1.23.4" HPOS="736" VPOS="4764" WIDTH="48"/>
						<String CONTENT="6" ID="St_1.1.23.5" HPOS="820" VPOS="4728" HEIGHT="92" WIDTH="64" STYLEREFS="Style_13" WC="0.863333333333333" CC="0"/>
						<String CONTENT="," ID="St_1.1.23.6" HPOS="892" VPOS="4800" HEIGHT="40" WIDTH="24" STYLEREFS="Style_13" WC="0.877777777777778" CC="0"/>
						<SP ID="SP_1.1.23.7" HPOS="900" VPOS="4760" WIDTH="48"/>
						<String CONTENT="1927;" ID="St_1.1.23.8" HPOS="984" VPOS="4724" HEIGHT="116" WIDTH="332" STYLEREFS="Style_13" WC="0.895555555555556" CC="00000"/>
						<SP ID="SP_1.1.23.9" HPOS="1304" VPOS="4736" WIDTH="48"/>
						<String CONTENT="2c." ID="St_1.1.23.10" HPOS="1392" VPOS="4724" HEIGHT="100" WIDTH="160" STYLEREFS="Style_13" WC="0.916666666666667" CC="000"/>
						<SP ID="SP_1.1.23.11" HPOS="1540" VPOS="4764" WIDTH="48"/>
						<String CONTENT="Sept." ID="St_1.1.23.12" HPOS="1628" VPOS="4728" HEIGHT="112" WIDTH="304" STYLEREFS="Style_13" WC="0.935555555555556" CC="00000"/>
						<SP ID="SP_1.1.23.13" HPOS="1916" VPOS="4764" WIDTH="48"/>
						<String CONTENT="16;" ID="St_1.1.23.14" HPOS="2004" VPOS="4724" HEIGHT="112" WIDTH="196" STYLEREFS="Style_13" WC="0.944444444444444" CC="000"/>
						<SP ID="SP_1.1.23.15" HPOS="2184" VPOS="4736" WIDTH="52"/>
						<String CONTENT="aff." ID="St_1.1.23.16" HPOS="2276" VPOS="4724" HEIGHT="96" WIDTH="196" STYLEREFS="Style_13" WC="0.952222222222222" CC="0000"/>
						<SP ID="SP_1.1.23.17" HPOS="2456" VPOS="4760" WIDTH="52"/>
						<String CONTENT="Sept." ID="St_1.1.23.18" HPOS="2548" VPOS="4724" HEIGHT="112" WIDTH="308" STYLEREFS="Style_13" WC="0.958888888888889" CC="00000"/>
						<SP ID="SP_1.1.23.19" HPOS="2840" VPOS="4764" WIDTH="48"/>
						<String CONTENT="14:" ID="St_1.1.23.20" HPOS="2928" VPOS="4724" HEIGHT="96" WIDTH="192" STYLEREFS="Style_13" WC="0.962222222222222" CC="000"/>
						<SP ID="SP_1.1.23.21" HPOS="3104" VPOS="4736" WIDTH="52"/>
						<String CONTENT="A" ID="St_1.1.23.22" HPOS="3196" VPOS="4724" HEIGHT="92" WIDTH="96" STYLEREFS="Style_13" WC="0.964444444444444" CC="0"/>
						<SP ID="SP_1.1.23.23" HPOS="3240" VPOS="4724" WIDTH="80"/>
						<String CONTENT="9" ID="St_1.1.23.24" HPOS="3360" VPOS="4724" HEIGHT="96" WIDTH="68" STYLEREFS="Style_13" WC="0.965555555555556" CC="0"/>
						<String CONTENT="99937;" ID="St_1.1.23.25" HPOS="3432" VPOS="4724" HEIGHT="112" WIDTH="404" STYLEREFS="Style_13" WC="0.968888888888889" CC="000000"/>
						<SP ID="SP_1.1.23.26" HPOS="3820" VPOS="4736" WIDTH="52"/>
						<String CONTENT="Long" ID="St_1.1.23.27" HPOS="3916" VPOS="4724" HEIGHT="116" WIDTH="320" STYLEREFS="Style_13" WC="0.972222222222222" CC="0000"/>
						<SP ID="SP_1.1.23.28" HPOS="4196" VPOS="4736" WIDTH="68"/>
						<String CONTENT="pub." ID="St_1.1.23.29" HPOS="4300" VPOS="4724" HEIGHT="116" WIDTH="264" STYLEREFS="Style_13" WC="0.973333333333333" CC="0000"/>
						<SP ID="SP_1.1.23.30" HPOS="4548" VPOS="4764" WIDTH="44"/>
						<String CONTENT="co." ID="St_1.1.23.31" HPOS="4632" VPOS="4752" HEIGHT="72" WIDTH="164" STYLEREFS="Style_13" WC="0.975555555555556" CC="000"/>
					</TextLine>
					<TextLine ID="TL_1.1.24" HPOS="432" VPOS="4856" HEIGHT="124" WIDTH="4360">
						<String CONTENT="(27-19083)" ID="St_1.1.24.1" HPOS="432" VPOS="4864" HEIGHT="112" WIDTH="668" STYLEREFS="Style_13" WC="1" CC="0000000000"/>
						<SP ID="SP_1.1.24.2" HPOS="1080" VPOS="4880" WIDTH="3432"/>
						<String CONTENT="7578" ID="St_1.1.24.3" HPOS="4512" VPOS="4856" HEIGHT="104" WIDTH="280" STYLEREFS="Style_13" WC="0.666666666666667" CC="0000"/>
					</TextLine>
					<TextLine ID="TL_1.1.25" HPOS="248" VPOS="5080" HEIGHT="160" WIDTH="2580">
						<String CONTENT="Sale," ID="St_1.1.25.1" HPOS="248" VPOS="5084" HEIGHT="148" WIDTH="352" STYLEREFS="Style_13" WC="1" CC="00000"/>
						<SP ID="SP_1.1.25.2" HPOS="580" VPOS="5136" WIDTH="52"/>
						<String CONTENT="Mrs." ID="St_1.1.25.3" HPOS="672" VPOS="5088" HEIGHT="128" WIDTH="328" STYLEREFS="Style_14" WC="1" CC="0000"/>
						<SP ID="SP_1.1.25.4" HPOS="984" VPOS="5140" WIDTH="48"/>
						<String CONTENT="Edith" ID="St_1.1.25.5" HPOS="1072" VPOS="5084" HEIGHT="128" WIDTH="436" STYLEREFS="Style_14" WC="1" CC="00000"/>
						<SP ID="SP_1.1.25.6" HPOS="1456" VPOS="5088" WIDTH="80"/>
						<String CONTENT="Dabney" ID="St_1.1.25.7" HPOS="1576" VPOS="5084" HEIGHT="152" WIDTH="588" STYLEREFS="Style_14" WC="1" CC="000000"/>
						<SP ID="SP_1.1.25.8" HPOS="2112" VPOS="5108" WIDTH="92"/>
						<String CONTENT="(Tunis)" ID="St_1.1.25.9" HPOS="2252" VPOS="5080" HEIGHT="160" WIDTH="576" STYLEREFS="Style_14" WC="1" CC="0000000"/>
					</TextLine>
					<TextLine ID="TL_1.1.26" HPOS="408" VPOS="5268" HEIGHT="168" WIDTH="4592">
						<String CONTENT="Interiors" ID="St_1.1.26.1" HPOS="408" VPOS="5268" HEIGHT="128" WIDTH="668" STYLEREFS="Style_14" WC="1" CC="000000000"/>
						<SP ID="SP_1.1.26.2" HPOS="1040" VPOS="5292" WIDTH="88"/>
						<String CONTENT="of" ID="St_1.1.26.3" HPOS="1184" VPOS="5268" HEIGHT="128" WIDTH="156" STYLEREFS="Style_14" WC="1" CC="00"/>
						<SP ID="SP_1.1.26.4" HPOS="1304" VPOS="5268" WIDTH="88"/>
						<String CONTENT="Virginia" ID="St_1.1.26.5" HPOS="1448" VPOS="5268" HEIGHT="164" WIDTH="640" STYLEREFS="Style_14" WC="1" CC="00000000"/>
						<SP ID="SP_1.1.26.6" HPOS="2048" VPOS="5292" WIDTH="92"/>
						<String CONTENT="houses" ID="St_1.1.26.7" HPOS="2196" VPOS="5268" HEIGHT="128" WIDTH="476" STYLEREFS="Style_14" WC="1" CC="000000"/>
						<SP ID="SP_1.1.26.8" HPOS="2636" VPOS="5292" WIDTH="92"/>
						<String CONTENT="of" ID="St_1.1.26.9" HPOS="2784" VPOS="5268" HEIGHT="124" WIDTH="152" STYLEREFS="Style_14" WC="1" CC="00"/>
						<SP ID="SP_1.1.26.10" HPOS="2900" VPOS="5268" WIDTH="92"/>
						<String CONTENT="colonial" ID="St_1.1.26.11" HPOS="3048" VPOS="5268" HEIGHT="128" WIDTH="576" STYLEREFS="Style_14" WC="1" CC="00000000"/>
						<SP ID="SP_1.1.26.12" HPOS="3596" VPOS="5268" WIDTH="80"/>
						<String CONTENT="times," ID="St_1.1.26.13" HPOS="3736" VPOS="5268" HEIGHT="168" WIDTH="432" STYLEREFS="Style_14" WC="1" CC="000000"/>
						<SP ID="SP_1.1.26.14" HPOS="4148" VPOS="5320" WIDTH="68"/>
						<String CONTENT="by" ID="St_1.1.26.15" HPOS="4276" VPOS="5272" HEIGHT="160" WIDTH="180" STYLEREFS="Style_14" WC="1" CC="00"/>
						<SP ID="SP_1.1.26.16" HPOS="4404" VPOS="5292" WIDTH="104"/>
						<String CONTENT="Edith" ID="St_1.1.26.17" HPOS="4568" VPOS="5268" HEIGHT="128" WIDTH="432" STYLEREFS="Style_14" WC="1" CC="00000"/>
					</TextLine>
					<TextLine ID="TL_1.1.27" HPOS="252" VPOS="5448" HEIGHT="172" WIDTH="4752">
						<String CONTENT="Tunis" ID="St_1.1.27.1" HPOS="252" VPOS="5456" HEIGHT="132" WIDTH="424" STYLEREFS="Style_14" WC="1" CC="00000"/>
						<SP ID="SP_1.1.27.2" HPOS="640" VPOS="5480" WIDTH="68"/>
						<String CONTENT="Sale," ID="St_1.1.27.3" HPOS="748" VPOS="5452" HEIGHT="164" WIDTH="352" STYLEREFS="Style_14" WC="1" CC="00000"/>
						<SP ID="SP_1.1.27.4" HPOS="1080" VPOS="5508" WIDTH="52"/>
						<String CONTENT="from" ID="St_1.1.27.5" HPOS="1168" VPOS="5456" HEIGHT="124" WIDTH="368" STYLEREFS="Style_14" WC="1" CC="0000"/>
						<SP ID="SP_1.1.27.6" HPOS="1464" VPOS="5480" WIDTH="104"/>
						<String CONTENT="the" ID="St_1.1.27.7" HPOS="1608" VPOS="5456" HEIGHT="124" WIDTH="228" STYLEREFS="Style_14" WC="1" CC="000"/>
						<SP ID="SP_1.1.27.8" HPOS="1796" VPOS="5480" WIDTH="72"/>
						<String CONTENT="beginnings" ID="St_1.1.27.9" HPOS="1904" VPOS="5456" HEIGHT="164" WIDTH="816" STYLEREFS="Style_14" WC="1" CC="0000000000"/>
						<SP ID="SP_1.1.27.10" HPOS="2684" VPOS="5480" WIDTH="68"/>
						<String CONTENT="of" ID="St_1.1.27.11" HPOS="2788" VPOS="5448" HEIGHT="132" WIDTH="156" STYLEREFS="Style_14" WC="1" CC="00"/>
						<SP ID="SP_1.1.27.12" HPOS="2908" VPOS="5452" WIDTH="64"/>
						<String CONTENT="Virginia" ID="St_1.1.27.13" HPOS="3012" VPOS="5456" HEIGHT="160" WIDTH="644" STYLEREFS="Style_14" WC="1" CC="00000000"/>
						<SP ID="SP_1.1.27.14" HPOS="3616" VPOS="5476" WIDTH="72"/>
						<String CONTENT="to" ID="St_1.1.27.15" HPOS="3728" VPOS="5468" HEIGHT="112" WIDTH="136" STYLEREFS="Style_14" WC="1" CC="00"/>
						<SP ID="SP_1.1.27.16" HPOS="3820" VPOS="5480" WIDTH="76"/>
						<String CONTENT="the" ID="St_1.1.27.17" HPOS="3936" VPOS="5456" HEIGHT="124" WIDTH="228" STYLEREFS="Style_14" WC="1" CC="000"/>
						<SP ID="SP_1.1.27.18" HPOS="4124" VPOS="5480" WIDTH="76"/>
						<String CONTENT="revolution" ID="St_1.1.27.19" HPOS="4240" VPOS="5456" HEIGHT="124" WIDTH="764" STYLEREFS="Style_14" WC="1" CC="0000000000"/>
					</TextLine>
					<TextLine ID="TL_1.1.28" HPOS="360" VPOS="5640" HEIGHT="168" WIDTH="4640">
						<String CONTENT="&#133;" ID="St_1.1.28.1" HPOS="360" VPOS="5640" HEIGHT="144" WIDTH="76" STYLEREFS="Style_14" WC="1" CC="0"/>
						<SP ID="SP_1.1.28.2" HPOS="372" VPOS="5744" WIDTH="20"/>
						<String CONTENT="illustrated" ID="St_1.1.28.3" HPOS="512" VPOS="5640" HEIGHT="128" WIDTH="768" STYLEREFS="Style_14" WC="0.973333333333333" CC="00000000000"/>
						<SP ID="SP_1.1.28.4" HPOS="1232" VPOS="5644" WIDTH="100"/>
						<String CONTENT="with" ID="St_1.1.28.5" HPOS="1388" VPOS="5640" HEIGHT="128" WIDTH="332" STYLEREFS="Style_14" WC="0.981111111111111" CC="0000"/>
						<SP ID="SP_1.1.28.6" HPOS="1672" VPOS="5640" WIDTH="100"/>
						<String CONTENT="three" ID="St_1.1.28.7" HPOS="1828" VPOS="5640" HEIGHT="128" WIDTH="384" STYLEREFS="Style_14" WC="0.985555555555556" CC="00000"/>
						<SP ID="SP_1.1.28.8" HPOS="2172" VPOS="5664" WIDTH="84"/>
						<String CONTENT="hundred" ID="St_1.1.28.9" HPOS="2312" VPOS="5640" HEIGHT="124" WIDTH="620" STYLEREFS="Style_14" WC="0.988888888888889" CC="0000000"/>
						<SP ID="SP_1.1.28.10" HPOS="2884" VPOS="5640" WIDTH="104"/>
						<String CONTENT="and" ID="St_1.1.28.11" HPOS="3052" VPOS="5640" HEIGHT="124" WIDTH="264" STYLEREFS="Style_14" WC="0.99" CC="000"/>
						<SP ID="SP_1.1.28.12" HPOS="3268" VPOS="5640" WIDTH="100"/>
						<String CONTENT="seventy-one" ID="St_1.1.28.13" HPOS="3428" VPOS="5652" HEIGHT="152" WIDTH="872" STYLEREFS="Style_14" WC="0.992222222222222" CC="00000000000"/>
						<SP ID="SP_1.1.28.14" HPOS="4260" VPOS="5664" WIDTH="88"/>
						<String CONTENT="original" ID="St_1.1.28.15" HPOS="4408" VPOS="5640" HEIGHT="168" WIDTH="592" STYLEREFS="Style_14" WC="0.993333333333333" CC="00000000"/>
					</TextLine>
					<TextLine ID="TL_1.1.29" HPOS="248" VPOS="5824" HEIGHT="164" WIDTH="4752">
						<String CONTENT="plates." ID="St_1.1.29.1" HPOS="248" VPOS="5828" HEIGHT="160" WIDTH="472" STYLEREFS="Style_14" WC="1" CC="0000000"/>
						<SP ID="SP_1.1.29.2" HPOS="704" VPOS="5876" WIDTH="104"/>
						<String CONTENT="Richmond," ID="St_1.1.29.3" HPOS="900" VPOS="5828" HEIGHT="156" WIDTH="808" STYLEREFS="Style_14" WC="1" CC="000000000"/>
						<SP ID="SP_1.1.29.4" HPOS="1692" VPOS="5876" WIDTH="56"/>
						<String CONTENT="Va.," ID="St_1.1.29.5" HPOS="1792" VPOS="5828" HEIGHT="156" WIDTH="296" STYLEREFS="Style_14" WC="1" CC="0000"/>
						<SP ID="SP_1.1.29.6" HPOS="2068" VPOS="5876" WIDTH="60"/>
						<String CONTENT="Printed" ID="St_1.1.29.7" HPOS="2176" VPOS="5824" HEIGHT="128" WIDTH="572" STYLEREFS="Style_14" WC="1" CC="0000000"/>
						<SP ID="SP_1.1.29.8" HPOS="2700" VPOS="5828" WIDTH="88"/>
						<String CONTENT="by" ID="St_1.1.29.9" HPOS="2836" VPOS="5824" HEIGHT="164" WIDTH="180" STYLEREFS="Style_14" WC="1" CC="00"/>
						<SP ID="SP_1.1.29.10" HPOS="2968" VPOS="5848" WIDTH="88"/>
						<String CONTENT="the" ID="St_1.1.29.11" HPOS="3104" VPOS="5824" HEIGHT="128" WIDTH="228" STYLEREFS="Style_14" WC="1" CC="000"/>
						<SP ID="SP_1.1.29.12" HPOS="3292" VPOS="5848" WIDTH="80"/>
						<String CONTENT="W." ID="St_1.1.29.13" HPOS="3416" VPOS="5828" HEIGHT="124" WIDTH="216" STYLEREFS="Style_14" WC="0.985555555555556" CC="50"/>
						<SP ID="SP_1.1.29.14" HPOS="3616" VPOS="5876" WIDTH="56"/>
						<String CONTENT="Byrd" ID="St_1.1.29.15" HPOS="3720" VPOS="5828" HEIGHT="160" WIDTH="384" STYLEREFS="Style_14" WC="0.986666666666667" CC="0000"/>
						<SP ID="SP_1.1.29.16" HPOS="4056" VPOS="5828" WIDTH="92"/>
						<String CONTENT="press," ID="St_1.1.29.17" HPOS="4200" VPOS="5868" HEIGHT="120" WIDTH="412" STYLEREFS="Style_14" WC="0.988888888888889" CC="000000"/>
						<SP ID="SP_1.1.29.18" HPOS="4592" VPOS="5876" WIDTH="56"/>
						<String CONTENT="inc.," ID="St_1.1.29.19" HPOS="4700" VPOS="5828" HEIGHT="160" WIDTH="300" STYLEREFS="Style_14" WC="0.99" CC="00000"/>
					</TextLine>
					<TextLine ID="TL_1.1.30" HPOS="256" VPOS="6008" HEIGHT="132" WIDTH="352">
						<String CONTENT="1927." ID="St_1.1.30.1" HPOS="256" VPOS="6008" HEIGHT="132" WIDTH="352" STYLEREFS="Style_14" WC="1" CC="00000"/>
					</TextLine>
					<TextLine ID="TL_1.1.31" HPOS="412" VPOS="6200" HEIGHT="120" WIDTH="3892">
						<String CONTENT="xxiii," ID="St_1.1.31.1" HPOS="412" VPOS="6204" HEIGHT="116" WIDTH="324" STYLEREFS="Style_14" WC="1" CC="000000"/>
						<SP ID="SP_1.1.31.2" HPOS="720" VPOS="6240" WIDTH="52"/>
						<String CONTENT="503" ID="St_1.1.31.3" HPOS="816" VPOS="6204" HEIGHT="96" WIDTH="196" STYLEREFS="Style_14" WC="1" CC="000"/>
						<SP ID="SP_1.1.31.4" HPOS="976" VPOS="6200" WIDTH="72"/>
						<String CONTENT="p." ID="St_1.1.31.5" HPOS="1088" VPOS="6232" HEIGHT="88" WIDTH="100" STYLEREFS="Style_14" WC="1" CC="00"/>
						<SP ID="SP_1.1.31.6" HPOS="1176" VPOS="6240" WIDTH="48"/>
						<String CONTENT="in" ID="St_1.1.31.7" HPOS="1260" VPOS="6204" HEIGHT="92" WIDTH="120" STYLEREFS="Style_14" WC="0.944444444444444" CC="44"/>
						<String CONTENT="cl" ID="St_1.1.31.8" HPOS="1388" VPOS="6204" HEIGHT="96" WIDTH="100" STYLEREFS="Style_14" WC="0.925555555555556" CC="13"/>
						<String CONTENT="." ID="St_1.1.31.9" HPOS="1500" VPOS="6280" HEIGHT="20" WIDTH="20" STYLEREFS="Style_14" WC="0.928888888888889" CC="0"/>
						<SP ID="SP_1.1.31.10" HPOS="1504" VPOS="6240" WIDTH="48"/>
						<String CONTENT="col." ID="St_1.1.31.11" HPOS="1592" VPOS="6204" HEIGHT="96" WIDTH="200" STYLEREFS="Style_14" WC="0.944444444444444" CC="0000"/>
						<SP ID="SP_1.1.31.12" HPOS="1780" VPOS="6240" WIDTH="44"/>
						<String CONTENT="front.," ID="St_1.1.31.13" HPOS="1864" VPOS="6204" HEIGHT="116" WIDTH="396" STYLEREFS="Style_14" WC="0.957777777777778" CC="0000000"/>
						<SP ID="SP_1.1.31.14" HPOS="2244" VPOS="6236" WIDTH="52"/>
						<String CONTENT="illus." ID="St_1.1.31.15" HPOS="2336" VPOS="6204" HEIGHT="96" WIDTH="304" STYLEREFS="Style_14" WC="0.965555555555556" CC="000000"/>
						<SP ID="SP_1.1.31.16" HPOS="2628" VPOS="6240" WIDTH="44"/>
						<String CONTENT="(in" ID="St_1.1.31.17" HPOS="2708" VPOS="6200" HEIGHT="120" WIDTH="176" STYLEREFS="Style_14" WC="0.95" CC="043"/>
						<String CONTENT="cl" ID="St_1.1.31.18" HPOS="2892" VPOS="6204" HEIGHT="92" WIDTH="96" STYLEREFS="Style_14" WC="0.942222222222222" CC="13"/>
						<String CONTENT="." ID="St_1.1.31.19" HPOS="3004" VPOS="6276" HEIGHT="24" WIDTH="24" STYLEREFS="Style_14" WC="0.944444444444444" CC="0"/>
						<SP ID="SP_1.1.31.20" HPOS="3012" VPOS="6236" WIDTH="44"/>
						<String CONTENT="plans)" ID="St_1.1.31.21" HPOS="3096" VPOS="6204" HEIGHT="116" WIDTH="400" STYLEREFS="Style_14" WC="0.951111111111111" CC="000000"/>
						<SP ID="SP_1.1.31.22" HPOS="3472" VPOS="6200" WIDTH="100"/>
						<String CONTENT="25&#189;&#x0368;&#x036b;." ID="St_1.1.31.23" HPOS="3652" VPOS="6200" HEIGHT="112" WIDTH="652" STYLEREFS="Style_14" WC="0.955555555555556" CC="000001"/>
					</TextLine>
					<TextLine ID="TL_1.1.32" HPOS="416" VPOS="6368" HEIGHT="120" WIDTH="4588">
						<String CONTENT="&quot;Of" ID="St_1.1.32.1" HPOS="416" VPOS="6372" HEIGHT="96" WIDTH="220" STYLEREFS="Style_14" WC="1" CC="000"/>
						<SP ID="SP_1.1.32.2" HPOS="608" VPOS="6368" WIDTH="64"/>
						<String CONTENT="this" ID="St_1.1.32.3" HPOS="712" VPOS="6372" HEIGHT="96" WIDTH="236" STYLEREFS="Style_14" WC="1" CC="0000"/>
						<SP ID="SP_1.1.32.4" HPOS="920" VPOS="6380" WIDTH="60"/>
						<String CONTENT="volume" ID="St_1.1.32.5" HPOS="1016" VPOS="6380" HEIGHT="88" WIDTH="456" STYLEREFS="Style_14" WC="1" CC="000000"/>
						<SP ID="SP_1.1.32.6" HPOS="1440" VPOS="6380" WIDTH="64"/>
						<String CONTENT="one" ID="St_1.1.32.7" HPOS="1540" VPOS="6396" HEIGHT="68" WIDTH="212" STYLEREFS="Style_14" WC="1" CC="000"/>
						<SP ID="SP_1.1.32.8" HPOS="1716" VPOS="6380" WIDTH="68"/>
						<String CONTENT="edition" ID="St_1.1.32.9" HPOS="1824" VPOS="6372" HEIGHT="96" WIDTH="436" STYLEREFS="Style_14" WC="1" CC="0000000"/>
						<SP ID="SP_1.1.32.10" HPOS="2224" VPOS="6384" WIDTH="72"/>
						<String CONTENT="only" ID="St_1.1.32.11" HPOS="2336" VPOS="6372" HEIGHT="108" WIDTH="268" STYLEREFS="Style_14" WC="1" CC="0000"/>
						<SP ID="SP_1.1.32.12" HPOS="2564" VPOS="6380" WIDTH="76"/>
						<String CONTENT="has" ID="St_1.1.32.13" HPOS="2684" VPOS="6372" HEIGHT="92" WIDTH="212" STYLEREFS="Style_14" WC="1" CC="000"/>
						<SP ID="SP_1.1.32.14" HPOS="2864" VPOS="6380" WIDTH="64"/>
						<String CONTENT="been" ID="St_1.1.32.15" HPOS="2968" VPOS="6372" HEIGHT="92" WIDTH="280" STYLEREFS="Style_14" WC="1" CC="0000"/>
						<SP ID="SP_1.1.32.16" HPOS="3208" VPOS="6380" WIDTH="80"/>
						<String CONTENT="printed" ID="St_1.1.32.17" HPOS="3332" VPOS="6368" HEIGHT="112" WIDTH="452" STYLEREFS="Style_14" WC="1" CC="0000000"/>
						<SP ID="SP_1.1.32.18" HPOS="3744" VPOS="6368" WIDTH="76"/>
						<String CONTENT="and" ID="St_1.1.32.19" HPOS="3860" VPOS="6372" HEIGHT="96" WIDTH="228" STYLEREFS="Style_14" WC="1" CC="000"/>
						<SP ID="SP_1.1.32.20" HPOS="4048" VPOS="6368" WIDTH="76"/>
						<String CONTENT="the" ID="St_1.1.32.21" HPOS="4168" VPOS="6372" HEIGHT="96" WIDTH="192" STYLEREFS="Style_14" WC="1" CC="000"/>
						<SP ID="SP_1.1.32.22" HPOS="4328" VPOS="6380" WIDTH="72"/>
						<String CONTENT="type" ID="St_1.1.32.23" HPOS="4444" VPOS="6380" HEIGHT="108" WIDTH="264" STYLEREFS="Style_14" WC="1" CC="0000"/>
						<SP ID="SP_1.1.32.24" HPOS="4676" VPOS="6384" WIDTH="64"/>
						<String CONTENT="dis-" ID="St_1.1.32.25" HPOS="4780" VPOS="6372" HEIGHT="96" WIDTH="224" STYLEREFS="Style_14" WC="1" CC="0000"/>
					</TextLine>
					<TextLine ID="TL_1.1.33" HPOS="256" VPOS="6504" HEIGHT="100" WIDTH="600">
						<String CONTENT="tributed.&quot;" ID="St_1.1.33.1" HPOS="256" VPOS="6504" HEIGHT="100" WIDTH="600" STYLEREFS="Style_14" WC="0.955555555555556" CC="0000000004"/>
					</TextLine>
					<TextLine ID="TL_1.1.34" HPOS="256" VPOS="6664" HEIGHT="128" WIDTH="4744">
						<String CONTENT="&#169;" ID="St_1.1.34.1" HPOS="256" VPOS="6664" HEIGHT="116" WIDTH="120" STYLEREFS="Style_14" WC="0.555555555555556" CC="4"/>
						<SP ID="SP_1.1.34.2" HPOS="316" VPOS="6664" WIDTH="92"/>
						<String CONTENT="Aug." ID="St_1.1.34.3" HPOS="440" VPOS="6676" HEIGHT="112" WIDTH="280" STYLEREFS="Style_14" WC="0.925555555555556" CC="0000"/>
						<SP ID="SP_1.1.34.4" HPOS="708" VPOS="6720" WIDTH="40"/>
						<String CONTENT="24," ID="St_1.1.34.5" HPOS="780" VPOS="6676" HEIGHT="112" WIDTH="164" STYLEREFS="Style_14" WC="0.955555555555556" CC="000"/>
						<SP ID="SP_1.1.34.6" HPOS="932" VPOS="6716" WIDTH="40"/>
						<String CONTENT="1927;" ID="St_1.1.34.7" HPOS="1008" VPOS="6672" HEIGHT="112" WIDTH="332" STYLEREFS="Style_14" WC="0.964444444444444" CC="00010"/>
						<SP ID="SP_1.1.34.8" HPOS="1328" VPOS="6692" WIDTH="44"/>
						<String CONTENT="2" ID="St_1.1.34.9" HPOS="1408" VPOS="6676" HEIGHT="92" WIDTH="68" STYLEREFS="Style_14" WC="0.968888888888889" CC="0"/>
						<String CONTENT="c" ID="St_1.1.34.10" HPOS="1476" VPOS="6692" HEIGHT="80" WIDTH="56" STYLEREFS="Style_14" WC="0.941111111111111" CC="5"/>
						<String CONTENT="." ID="St_1.1.34.11" HPOS="1548" VPOS="6752" HEIGHT="20" WIDTH="20" STYLEREFS="Style_14" WC="0.944444444444444" CC="0"/>
						<SP ID="SP_1.1.34.12" HPOS="1552" VPOS="6720" WIDTH="44"/>
						<String CONTENT="and" ID="St_1.1.34.13" HPOS="1632" VPOS="6684" HEIGHT="88" WIDTH="228" STYLEREFS="Style_14" WC="0.953333333333333" CC="000"/>
						<SP ID="SP_1.1.34.14" HPOS="1820" VPOS="6684" WIDTH="68"/>
						<String CONTENT="aff." ID="St_1.1.34.15" HPOS="1924" VPOS="6672" HEIGHT="96" WIDTH="192" STYLEREFS="Style_14" WC="0.961111111111111" CC="0000"/>
						<SP ID="SP_1.1.34.16" HPOS="2100" VPOS="6720" WIDTH="44"/>
						<String CONTENT="Aug." ID="St_1.1.34.17" HPOS="2180" VPOS="6676" HEIGHT="112" WIDTH="284" STYLEREFS="Style_14" WC="0.966666666666667" CC="0000"/>
						<SP ID="SP_1.1.34.18" HPOS="2448" VPOS="6720" WIDTH="44"/>
						<String CONTENT="2" ID="St_1.1.34.19" HPOS="2528" VPOS="6676" HEIGHT="92" WIDTH="60" STYLEREFS="Style_14" WC="0.968888888888889" CC="0"/>
						<String CONTENT="6" ID="St_1.1.34.20" HPOS="2600" VPOS="6676" HEIGHT="92" WIDTH="64" STYLEREFS="Style_14" WC="0.968888888888889" CC="0"/>
						<String CONTENT=";" ID="St_1.1.34.21" HPOS="2704" VPOS="6700" HEIGHT="84" WIDTH="20" STYLEREFS="Style_14" WC="0.97" CC="0"/>
						<SP ID="SP_1.1.34.22" HPOS="2708" VPOS="6692" WIDTH="48"/>
						<String CONTENT="A" ID="St_1.1.34.23" HPOS="2796" VPOS="6676" HEIGHT="92" WIDTH="92" STYLEREFS="Style_14" WC="0.972222222222222" CC="0"/>
						<SP ID="SP_1.1.34.24" HPOS="2836" VPOS="6680" WIDTH="80"/>
						<String CONTENT="1" ID="St_1.1.34.25" HPOS="2952" VPOS="6676" HEIGHT="92" WIDTH="60" STYLEREFS="Style_14" WC="0.973333333333333" CC="0"/>
						<String CONTENT="00" ID="St_1.1.34.26" HPOS="3024" VPOS="6672" HEIGHT="96" WIDTH="132" STYLEREFS="Style_14" WC="0.974444444444444" CC="00"/>
						<String CONTENT="4124;" ID="St_1.1.34.27" HPOS="3160" VPOS="6672" HEIGHT="112" WIDTH="336" STYLEREFS="Style_14" WC="0.976666666666667" CC="00000"/>
						<SP ID="SP_1.1.34.28" HPOS="3480" VPOS="6692" WIDTH="52"/>
						<String CONTENT="E." ID="St_1.1.34.29" HPOS="3572" VPOS="6676" HEIGHT="96" WIDTH="124" STYLEREFS="Style_14" WC="0.977777777777778" CC="00"/>
						<SP ID="SP_1.1.34.30" HPOS="3680" VPOS="6720" WIDTH="44"/>
						<String CONTENT="T." ID="St_1.1.34.31" HPOS="3756" VPOS="6676" HEIGHT="96" WIDTH="128" STYLEREFS="Style_14" WC="0.978888888888889" CC="00"/>
						<SP ID="SP_1.1.34.32" HPOS="3868" VPOS="6716" WIDTH="48"/>
						<String CONTENT="Sale," ID="St_1.1.34.33" HPOS="3956" VPOS="6676" HEIGHT="116" WIDTH="300" STYLEREFS="Style_14" WC="0.981111111111111" CC="00000"/>
						<SP ID="SP_1.1.34.34" HPOS="4240" VPOS="6716" WIDTH="44"/>
						<String CONTENT="Richmond." ID="St_1.1.34.35" HPOS="4324" VPOS="6672" HEIGHT="104" WIDTH="676" STYLEREFS="Style_14" WC="0.983333333333333" CC="000000000"/>
					</TextLine>
					<TextLine ID="TL_1.1.35" HPOS="440" VPOS="6808" HEIGHT="120" WIDTH="4356">
						<String CONTENT="(27-19015)" ID="St_1.1.35.1" HPOS="440" VPOS="6808" HEIGHT="116" WIDTH="660" STYLEREFS="Style_14" WC="1" CC="0000000000"/>
						<SP ID="SP_1.1.35.2" HPOS="1076" VPOS="6828" WIDTH="3436"/>
						<String CONTENT="7579" ID="St_1.1.35.3" HPOS="4512" VPOS="6808" HEIGHT="104" WIDTH="284" STYLEREFS="Style_14" WC="0.666666666666667" CC="0000"/>
					</TextLine>
					<TextLine ID="TL_1.1.36" HPOS="248" VPOS="7032" HEIGHT="156" WIDTH="2640">
						<String CONTENT="Scaliger," ID="St_1.1.36.1" HPOS="248" VPOS="7032" HEIGHT="156" WIDTH="660" STYLEREFS="Style_14" WC="1" CC="000000000"/>
						<SP ID="SP_1.1.36.2" HPOS="888" VPOS="7084" WIDTH="52"/>
						<String CONTENT="Joseph" ID="St_1.1.36.3" HPOS="980" VPOS="7036" HEIGHT="152" WIDTH="524" STYLEREFS="Style_14" WC="1" CC="000000"/>
						<SP ID="SP_1.1.36.4" HPOS="1456" VPOS="7036" WIDTH="84"/>
						<String CONTENT="Juste," ID="St_1.1.36.5" HPOS="1580" VPOS="7036" HEIGHT="152" WIDTH="452" STYLEREFS="Style_14" WC="1" CC="000000"/>
						<SP ID="SP_1.1.36.6" HPOS="2008" VPOS="7084" WIDTH="64"/>
						<String CONTENT="1540" ID="St_1.1.36.7" HPOS="2116" VPOS="7048" HEIGHT="116" WIDTH="316" STYLEREFS="Style_14" WC="1" CC="0000"/>
						<String CONTENT="&#150;" ID="St_1.1.36.8" HPOS="2440" VPOS="7116" HEIGHT="12" WIDTH="84" STYLEREFS="Style_14" WC="1" CC="0"/>
						<String CONTENT="1609." ID="St_1.1.36.9" HPOS="2532" VPOS="7044" HEIGHT="120" WIDTH="356" STYLEREFS="Style_14" WC="1" CC="00000"/>
					</TextLine>
					<TextLine ID="TL_1.1.37" HPOS="412" VPOS="7216" HEIGHT="168" WIDTH="4592">
						<String CONTENT="Autobiography" ID="St_1.1.37.1" HPOS="412" VPOS="7216" HEIGHT="168" WIDTH="1148" STYLEREFS="Style_14" WC="1" CC="0000000000000"/>
						<SP ID="SP_1.1.37.2" HPOS="1512" VPOS="7240" WIDTH="96"/>
						<String CONTENT="of" ID="St_1.1.37.3" HPOS="1664" VPOS="7220" HEIGHT="128" WIDTH="152" STYLEREFS="Style_14" WC="1" CC="00"/>
						<SP ID="SP_1.1.37.4" HPOS="1780" VPOS="7220" WIDTH="80"/>
						<String CONTENT="Joseph" ID="St_1.1.37.5" HPOS="1908" VPOS="7224" HEIGHT="160" WIDTH="520" STYLEREFS="Style_14" WC="1" CC="000000"/>
						<SP ID="SP_1.1.37.6" HPOS="2376" VPOS="7220" WIDTH="104"/>
						<String CONTENT="Scaliger," ID="St_1.1.37.7" HPOS="2540" VPOS="7220" HEIGHT="164" WIDTH="652" STYLEREFS="Style_14" WC="1" CC="000000000"/>
						<SP ID="SP_1.1.37.8" HPOS="3172" VPOS="7268" WIDTH="68"/>
						<String CONTENT="with" ID="St_1.1.37.9" HPOS="3296" VPOS="7224" HEIGHT="124" WIDTH="332" STYLEREFS="Style_14" WC="1" CC="0000"/>
						<SP ID="SP_1.1.37.10" HPOS="3576" VPOS="7220" WIDTH="100"/>
						<String CONTENT="autobiographical" ID="St_1.1.37.11" HPOS="3732" VPOS="7220" HEIGHT="164" WIDTH="1272" STYLEREFS="Style_14" WC="1" CC="0000000000000000"/>
					</TextLine>
					<TextLine ID="TL_1.1.38" HPOS="252" VPOS="7404" HEIGHT="160" WIDTH="4744">
						<String CONTENT="selections" ID="St_1.1.38.1" HPOS="252" VPOS="7404" HEIGHT="124" WIDTH="696" STYLEREFS="Style_14" WC="1" CC="0000000000"/>
						<SP ID="SP_1.1.38.2" HPOS="916" VPOS="7428" WIDTH="72"/>
						<String CONTENT="from" ID="St_1.1.38.3" HPOS="1028" VPOS="7404" HEIGHT="124" WIDTH="364" STYLEREFS="Style_14" WC="1" CC="0000"/>
						<SP ID="SP_1.1.38.4" HPOS="1320" VPOS="7428" WIDTH="108"/>
						<String CONTENT="his" ID="St_1.1.38.5" HPOS="1472" VPOS="7404" HEIGHT="128" WIDTH="212" STYLEREFS="Style_14" WC="1" CC="000"/>
						<SP ID="SP_1.1.38.6" HPOS="1652" VPOS="7428" WIDTH="68"/>
						<String CONTENT="letters," ID="St_1.1.38.7" HPOS="1760" VPOS="7408" HEIGHT="156" WIDTH="504" STYLEREFS="Style_14" WC="1" CC="00000000"/>
						<SP ID="SP_1.1.38.8" HPOS="2248" VPOS="7452" WIDTH="52"/>
						<String CONTENT="his" ID="St_1.1.38.9" HPOS="2344" VPOS="7404" HEIGHT="128" WIDTH="212" STYLEREFS="Style_14" WC="1" CC="000"/>
						<SP ID="SP_1.1.38.10" HPOS="2520" VPOS="7428" WIDTH="72"/>
						<String CONTENT="testament" ID="St_1.1.38.11" HPOS="2632" VPOS="7420" HEIGHT="112" WIDTH="724" STYLEREFS="Style_14" WC="1" CC="000000000"/>
						<SP ID="SP_1.1.38.12" HPOS="3320" VPOS="7412" WIDTH="72"/>
						<String CONTENT="and" ID="St_1.1.38.13" HPOS="3436" VPOS="7408" HEIGHT="124" WIDTH="264" STYLEREFS="Style_14" WC="1" CC="000"/>
						<SP ID="SP_1.1.38.14" HPOS="3652" VPOS="7404" WIDTH="80"/>
						<String CONTENT="the" ID="St_1.1.38.15" HPOS="3776" VPOS="7408" HEIGHT="124" WIDTH="232" STYLEREFS="Style_14" WC="1" CC="000"/>
						<SP ID="SP_1.1.38.16" HPOS="3968" VPOS="7428" WIDTH="76"/>
						<String CONTENT="funeral" ID="St_1.1.38.17" HPOS="4084" VPOS="7408" HEIGHT="124" WIDTH="544" STYLEREFS="Style_14" WC="1" CC="0000000"/>
						<SP ID="SP_1.1.38.18" HPOS="4600" VPOS="7404" WIDTH="64"/>
						<String CONTENT="ora-" ID="St_1.1.38.19" HPOS="4704" VPOS="7452" HEIGHT="80" WIDTH="292" STYLEREFS="Style_14" WC="1" CC="0000"/>
					</TextLine>
					<TextLine ID="TL_1.1.39" HPOS="252" VPOS="7588" HEIGHT="164" WIDTH="4748">
						<String CONTENT="tions" ID="St_1.1.39.1" HPOS="252" VPOS="7588" HEIGHT="128" WIDTH="352" STYLEREFS="Style_14" WC="1" CC="00000"/>
						<SP ID="SP_1.1.39.2" HPOS="572" VPOS="7612" WIDTH="68"/>
						<String CONTENT="by" ID="St_1.1.39.3" HPOS="684" VPOS="7588" HEIGHT="164" WIDTH="180" STYLEREFS="Style_14" WC="1" CC="00"/>
						<SP ID="SP_1.1.39.4" HPOS="816" VPOS="7608" WIDTH="88"/>
						<String CONTENT="Daniel" ID="St_1.1.39.5" HPOS="948" VPOS="7588" HEIGHT="128" WIDTH="496" STYLEREFS="Style_14" WC="1" CC="000000"/>
						<SP ID="SP_1.1.39.6" HPOS="1416" VPOS="7588" WIDTH="68"/>
						<String CONTENT="Heinsius" ID="St_1.1.39.7" HPOS="1528" VPOS="7588" HEIGHT="128" WIDTH="656" STYLEREFS="Style_14" WC="0.981111111111111" CC="40000000"/>
						<SP ID="SP_1.1.39.8" HPOS="2148" VPOS="7612" WIDTH="72"/>
						<String CONTENT="and" ID="St_1.1.39.9" HPOS="2264" VPOS="7596" HEIGHT="120" WIDTH="268" STYLEREFS="Style_14" WC="0.983333333333333" CC="000"/>
						<SP ID="SP_1.1.39.10" HPOS="2484" VPOS="7592" WIDTH="88"/>
						<String CONTENT="Dominicus" ID="St_1.1.39.11" HPOS="2620" VPOS="7588" HEIGHT="128" WIDTH="804" STYLEREFS="Style_14" WC="0.987777777777778" CC="000000000"/>
						<SP ID="SP_1.1.39.12" HPOS="3388" VPOS="7612" WIDTH="76"/>
						<String CONTENT="Baudius," ID="St_1.1.39.13" HPOS="3508" VPOS="7592" HEIGHT="160" WIDTH="656" STYLEREFS="Style_14" WC="0.99" CC="00000000"/>
						<SP ID="SP_1.1.39.14" HPOS="4148" VPOS="7640" WIDTH="56"/>
						<String CONTENT="translated" ID="St_1.1.39.15" HPOS="4248" VPOS="7592" HEIGHT="128" WIDTH="752" STYLEREFS="Style_14" WC="0.992222222222222" CC="0000000000"/>
					</TextLine>
					<TextLine ID="TL_1.1.40" HPOS="256" VPOS="7768" HEIGHT="172" WIDTH="4744">
						<String CONTENT="into" ID="St_1.1.40.1" HPOS="256" VPOS="7768" HEIGHT="128" WIDTH="284" STYLEREFS="Style_14" WC="1" CC="0000"/>
						<SP ID="SP_1.1.40.2" HPOS="496" VPOS="7792" WIDTH="80"/>
						<String CONTENT="English" ID="St_1.1.40.3" HPOS="616" VPOS="7776" HEIGHT="160" WIDTH="584" STYLEREFS="Style_14" WC="1" CC="0000000"/>
						<SP ID="SP_1.1.40.4" HPOS="1148" VPOS="7772" WIDTH="88"/>
						<String CONTENT="for" ID="St_1.1.40.5" HPOS="1276" VPOS="7772" HEIGHT="124" WIDTH="224" STYLEREFS="Style_14" WC="1" CC="000"/>
						<SP ID="SP_1.1.40.6" HPOS="1464" VPOS="7792" WIDTH="68"/>
						<String CONTENT="the" ID="St_1.1.40.7" HPOS="1568" VPOS="7776" HEIGHT="124" WIDTH="232" STYLEREFS="Style_14" WC="1" CC="000"/>
						<SP ID="SP_1.1.40.8" HPOS="1760" VPOS="7796" WIDTH="68"/>
						<String CONTENT="f" ID="St_1.1.40.9" HPOS="1864" VPOS="7776" HEIGHT="120" WIDTH="48" STYLEREFS="Style_14" WC="1" CC="0"/>
						<String CONTENT="i" ID="St_1.1.40.10" HPOS="1912" VPOS="7772" HEIGHT="124" WIDTH="36" STYLEREFS="Style_14" WC="1" CC="0"/>
						<String CONTENT="rst" ID="St_1.1.40.11" HPOS="1964" VPOS="7788" HEIGHT="112" WIDTH="200" STYLEREFS="Style_14" WC="1" CC="000"/>
						<SP ID="SP_1.1.40.12" HPOS="2128" VPOS="7780" WIDTH="64"/>
						<String CONTENT="time" ID="St_1.1.40.13" HPOS="2228" VPOS="7776" HEIGHT="124" WIDTH="332" STYLEREFS="Style_14" WC="1" CC="0000"/>
						<SP ID="SP_1.1.40.14" HPOS="2520" VPOS="7796" WIDTH="72"/>
						<String CONTENT="with" ID="St_1.1.40.15" HPOS="2632" VPOS="7776" HEIGHT="124" WIDTH="336" STYLEREFS="Style_14" WC="1" CC="0000"/>
						<SP ID="SP_1.1.40.16" HPOS="2916" VPOS="7772" WIDTH="80"/>
						<String CONTENT="introduction" ID="St_1.1.40.17" HPOS="3036" VPOS="7776" HEIGHT="124" WIDTH="928" STYLEREFS="Style_14" WC="1" CC="000000000000"/>
						<SP ID="SP_1.1.40.18" HPOS="3912" VPOS="7792" WIDTH="84"/>
						<String CONTENT="and" ID="St_1.1.40.19" HPOS="4036" VPOS="7780" HEIGHT="120" WIDTH="272" STYLEREFS="Style_14" WC="1" CC="000"/>
						<SP ID="SP_1.1.40.20" HPOS="4260" VPOS="7776" WIDTH="76"/>
						<String CONTENT="notes" ID="St_1.1.40.21" HPOS="4376" VPOS="7792" HEIGHT="112" WIDTH="376" STYLEREFS="Style_14" WC="1" CC="00000"/>
						<SP ID="SP_1.1.40.22" HPOS="4716" VPOS="7796" WIDTH="64"/>
						<String CONTENT="by" ID="St_1.1.40.23" HPOS="4820" VPOS="7776" HEIGHT="164" WIDTH="180" STYLEREFS="Style_14" WC="1" CC="00"/>
					</TextLine>
					<TextLine ID="TL_1.1.41" HPOS="260" VPOS="7956" HEIGHT="168" WIDTH="4732">
						<String CONTENT="George" ID="St_1.1.41.1" HPOS="260" VPOS="7956" HEIGHT="164" WIDTH="524" STYLEREFS="Style_14" WC="1" CC="000000"/>
						<SP ID="SP_1.1.41.2" HPOS="748" VPOS="7980" WIDTH="92"/>
						<String CONTENT="W." ID="St_1.1.41.3" HPOS="904" VPOS="7956" HEIGHT="132" WIDTH="216" STYLEREFS="Style_14" WC="1" CC="00"/>
						<SP ID="SP_1.1.41.4" HPOS="1104" VPOS="8008" WIDTH="80"/>
						<String CONTENT="Robinson" ID="St_1.1.41.5" HPOS="1252" VPOS="7956" HEIGHT="128" WIDTH="692" STYLEREFS="Style_14" WC="1" CC="00000000"/>
						<SP ID="SP_1.1.41.6" HPOS="1860" VPOS="7968" WIDTH="380"/>
						<String CONTENT="&#133;" ID="St_1.1.41.7" HPOS="2204" VPOS="7968" HEIGHT="132" WIDTH="84" STYLEREFS="Style_14" WC="0.896666666666667" CC="0"/>
						<SP ID="SP_1.1.41.8" HPOS="2204" VPOS="7968" WIDTH="224"/>
						<String CONTENT="Cambridge," ID="St_1.1.41.9" HPOS="2456" VPOS="7956" HEIGHT="164" WIDTH="864" STYLEREFS="Style_14" WC="0.917777777777778" CC="0000000000"/>
						<SP ID="SP_1.1.41.10" HPOS="3300" VPOS="8008" WIDTH="80"/>
						<String CONTENT="Harvard" ID="St_1.1.41.11" HPOS="3448" VPOS="7960" HEIGHT="128" WIDTH="652" STYLEREFS="Style_14" WC="0.932222222222222" CC="0000000"/>
						<SP ID="SP_1.1.41.12" HPOS="4052" VPOS="7960" WIDTH="340"/>
						<String CONTENT="university" ID="St_1.1.41.13" HPOS="4232" VPOS="7960" HEIGHT="164" WIDTH="760" STYLEREFS="Style_14" WC="0.913333333333333" CC="0000000000"/>
					</TextLine>
					<TextLine ID="TL_1.1.42" HPOS="260" VPOS="8144" HEIGHT="160" WIDTH="836">
						<String CONTENT="press," ID="St_1.1.42.1" HPOS="260" VPOS="8180" HEIGHT="124" WIDTH="404" STYLEREFS="Style_14" WC="1" CC="000000"/>
						<SP ID="SP_1.1.42.2" HPOS="648" VPOS="8192" WIDTH="48"/>
						<String CONTENT="1927." ID="St_1.1.42.3" HPOS="736" VPOS="8144" HEIGHT="124" WIDTH="360" STYLEREFS="Style_14" WC="1" CC="00000"/>
					</TextLine>
					<TextLine ID="TL_1.1.43" HPOS="420" VPOS="8336" HEIGHT="120" WIDTH="4580">
						<String CONTENT="128" ID="St_1.1.43.1" HPOS="420" VPOS="8340" HEIGHT="92" WIDTH="200" STYLEREFS="Style_14" WC="1" CC="000"/>
						<SP ID="SP_1.1.43.2" HPOS="584" VPOS="8336" WIDTH="68"/>
						<String CONTENT="p." ID="St_1.1.43.3" HPOS="692" VPOS="8368" HEIGHT="84" WIDTH="104" STYLEREFS="Style_14" WC="1" CC="00"/>
						<SP ID="SP_1.1.43.4" HPOS="780" VPOS="8372" WIDTH="84"/>
						<String CONTENT="front.," ID="St_1.1.43.5" HPOS="932" VPOS="8340" HEIGHT="112" WIDTH="392" STYLEREFS="Style_14" WC="1" CC="0000000"/>
						<SP ID="SP_1.1.43.6" HPOS="1308" VPOS="8372" WIDTH="52"/>
						<String CONTENT="p" ID="St_1.1.43.7" HPOS="1404" VPOS="8368" HEIGHT="84" WIDTH="72" STYLEREFS="Style_14" WC="1" CC="0"/>
						<String CONTENT="l" ID="St_1.1.43.8" HPOS="1480" VPOS="8344" HEIGHT="84" WIDTH="32" STYLEREFS="Style_14" WC="0.973333333333333" CC="4"/>
						<String CONTENT=".," ID="St_1.1.43.9" HPOS="1532" VPOS="8412" HEIGHT="40" WIDTH="56" STYLEREFS="Style_14" WC="0.975555555555556" CC="00"/>
						<SP ID="SP_1.1.43.10" HPOS="1572" VPOS="8372" WIDTH="52"/>
						<String CONTENT="port.," ID="St_1.1.43.11" HPOS="1664" VPOS="8348" HEIGHT="104" WIDTH="328" STYLEREFS="Style_14" WC="0.982222222222222" CC="000000"/>
						<SP ID="SP_1.1.43.12" HPOS="1976" VPOS="8372" WIDTH="48"/>
						<String CONTENT="fa" ID="St_1.1.43.13" HPOS="2060" VPOS="8340" HEIGHT="92" WIDTH="124" STYLEREFS="Style_14" WC="0.984444444444444" CC="00"/>
						<String CONTENT="c" ID="St_1.1.43.14" HPOS="2188" VPOS="8348" HEIGHT="76" WIDTH="64" STYLEREFS="Style_14" WC="0.966666666666667" CC="5"/>
						<String CONTENT="sim." ID="St_1.1.43.15" HPOS="2264" VPOS="8340" HEIGHT="96" WIDTH="252" STYLEREFS="Style_14" WC="0.97" CC="0000"/>
						<SP ID="SP_1.1.43.16" HPOS="2500" VPOS="8372" WIDTH="84"/>
						<String CONTENT="21&#x0368;&#x036b;." ID="St_1.1.43.17" HPOS="2652" VPOS="8340" HEIGHT="104" WIDTH="684" STYLEREFS="Style_14" WC="0.963333333333333" CC="04000"/>
						<SP ID="SP_1.1.43.18" HPOS="2916" VPOS="8372" WIDTH="96"/>
						<String CONTENT="(Half-title:" ID="St_1.1.43.19" HPOS="3096" VPOS="8340" HEIGHT="116" WIDTH="716" STYLEREFS="Style_15" WC="0.972222222222222" CC="000000000000"/>
						<SP ID="SP_1.1.43.20" HPOS="3788" VPOS="8348" WIDTH="56"/>
						<String CONTENT="Harvard" ID="St_1.1.43.21" HPOS="3884" VPOS="8344" HEIGHT="96" WIDTH="548" STYLEREFS="Style_15" WC="0.975555555555556" CC="0000000"/>
						<SP ID="SP_1.1.43.22" HPOS="4388" VPOS="8340" WIDTH="76"/>
						<String CONTENT="trans" ID="St_1.1.43.23" HPOS="4504" VPOS="8348" HEIGHT="92" WIDTH="332" STYLEREFS="Style_15" WC="0.977777777777778" CC="00000"/>
						<String CONTENT="l" ID="St_1.1.43.24" HPOS="4844" VPOS="8344" HEIGHT="92" WIDTH="36" STYLEREFS="Style_15" WC="0.977777777777778" CC="0"/>
						<String CONTENT="a-" ID="St_1.1.43.25" HPOS="4888" VPOS="8372" HEIGHT="68" WIDTH="112" STYLEREFS="Style_15" WC="0.978888888888889" CC="00"/>
					</TextLine>
					<TextLine ID="TL_1.1.44" HPOS="256" VPOS="8468" HEIGHT="116" WIDTH="360">
						<String CONTENT="tions)" ID="St_1.1.44.1" HPOS="256" VPOS="8468" HEIGHT="116" WIDTH="360" STYLEREFS="Style_15" WC="1" CC="000000"/>
					</TextLine>
					<TextLine ID="TL_1.1.45" HPOS="264" VPOS="8628" HEIGHT="128" WIDTH="4732">
						<String CONTENT="&#169;" ID="St_1.1.45.1" HPOS="264" VPOS="8628" HEIGHT="116" WIDTH="120" STYLEREFS="Style_15" WC="0.555555555555556" CC="4"/>
						<SP ID="SP_1.1.45.2" HPOS="320" VPOS="8628" WIDTH="112"/>
						<String CONTENT="S" ID="St_1.1.45.3" HPOS="480" VPOS="8640" HEIGHT="92" WIDTH="68" STYLEREFS="Style_15" WC="0.851111111111111" CC="0"/>
						<String CONTENT="ep" ID="St_1.1.45.4" HPOS="556" VPOS="8664" HEIGHT="88" WIDTH="136" STYLEREFS="Style_16" WC="0.911111111111111" CC="00"/>
						<String CONTENT="t" ID="St_1.1.45.5" HPOS="704" VPOS="8644" HEIGHT="88" WIDTH="40" STYLEREFS="Style_16" WC="0.925555555555556" CC="0"/>
						<String CONTENT="." ID="St_1.1.45.6" HPOS="760" VPOS="8716" HEIGHT="16" WIDTH="20" STYLEREFS="Style_16" WC="0.935555555555556" CC="0"/>
						<SP ID="SP_1.1.45.7" HPOS="764" VPOS="8684" WIDTH="56"/>
						<String CONTENT="1," ID="St_1.1.45.8" HPOS="868" VPOS="8644" HEIGHT="108" WIDTH="92" STYLEREFS="Style_16" WC="0.955555555555556" CC="00"/>
						<SP ID="SP_1.1.45.9" HPOS="944" VPOS="8684" WIDTH="56"/>
						<String CONTENT="1" ID="St_1.1.45.10" HPOS="1052" VPOS="8644" HEIGHT="84" WIDTH="44" STYLEREFS="Style_16" WC="0.962222222222222" CC="0"/>
						<String CONTENT="927;" ID="St_1.1.45.11" HPOS="1120" VPOS="8636" HEIGHT="112" WIDTH="260" STYLEREFS="Style_16" WC="0.972222222222222" CC="0000"/>
						<SP ID="SP_1.1.45.12" HPOS="1368" VPOS="8656" WIDTH="56"/>
						<String CONTENT="2" ID="St_1.1.45.13" HPOS="1476" VPOS="8640" HEIGHT="92" WIDTH="60" STYLEREFS="Style_16" WC="0.974444444444444" CC="0"/>
						<String CONTENT="c" ID="St_1.1.45.14" HPOS="1548" VPOS="8668" HEIGHT="68" WIDTH="56" STYLEREFS="Style_16" WC="0.975555555555556" CC="0"/>
						<String CONTENT="." ID="St_1.1.45.15" HPOS="1616" VPOS="8716" HEIGHT="20" WIDTH="16" STYLEREFS="Style_16" WC="0.977777777777778" CC="0"/>
						<SP ID="SP_1.1.45.16" HPOS="1620" VPOS="8684" WIDTH="56"/>
						<String CONTENT="S" ID="St_1.1.45.17" HPOS="1728" VPOS="8644" HEIGHT="92" WIDTH="68" STYLEREFS="Style_16" WC="0.978888888888889" CC="0"/>
						<String CONTENT="ep" ID="St_1.1.45.18" HPOS="1812" VPOS="8668" HEIGHT="84" WIDTH="132" STYLEREFS="Style_16" WC="0.981111111111111" CC="00"/>
						<String CONTENT="t" ID="St_1.1.45.19" HPOS="1956" VPOS="8648" HEIGHT="84" WIDTH="40" STYLEREFS="Style_16" WC="0.982222222222222" CC="0"/>
						<String CONTENT="." ID="St_1.1.45.20" HPOS="2016" VPOS="8720" HEIGHT="16" WIDTH="16" STYLEREFS="Style_16" WC="0.982222222222222" CC="0"/>
						<SP ID="SP_1.1.45.21" HPOS="2020" VPOS="8684" WIDTH="52"/>
						<String CONTENT="8" ID="St_1.1.45.22" HPOS="2120" VPOS="8640" HEIGHT="92" WIDTH="60" STYLEREFS="Style_16" WC="0.967777777777778" CC="4"/>
						<String CONTENT=":" ID="St_1.1.45.23" HPOS="2224" VPOS="8664" HEIGHT="72" WIDTH="16" STYLEREFS="Style_16" WC="0.968888888888889" CC="0"/>
						<SP ID="SP_1.1.45.24" HPOS="2228" VPOS="8656" WIDTH="60"/>
						<String CONTENT="a" ID="St_1.1.45.25" HPOS="2344" VPOS="8668" HEIGHT="64" WIDTH="60" STYLEREFS="Style_16" WC="0.971111111111111" CC="0"/>
						<String CONTENT="ff" ID="St_1.1.45.26" HPOS="2416" VPOS="8636" HEIGHT="96" WIDTH="92" STYLEREFS="Style_16" WC="0.972222222222222" CC="00"/>
						<String CONTENT="." ID="St_1.1.45.27" HPOS="2516" VPOS="8716" HEIGHT="16" WIDTH="20" STYLEREFS="Style_16" WC="0.973333333333333" CC="0"/>
						<SP ID="SP_1.1.45.28" HPOS="2520" VPOS="8684" WIDTH="60"/>
						<String CONTENT="S" ID="St_1.1.45.29" HPOS="2632" VPOS="8640" HEIGHT="92" WIDTH="68" STYLEREFS="Style_16" WC="0.974444444444444" CC="0"/>
						<String CONTENT="ept." ID="St_1.1.45.30" HPOS="2712" VPOS="8648" HEIGHT="104" WIDTH="224" STYLEREFS="Style_16" WC="0.977777777777778" CC="0000"/>
						<SP ID="SP_1.1.45.31" HPOS="2920" VPOS="8684" WIDTH="56"/>
						<String CONTENT="12:" ID="St_1.1.45.32" HPOS="3024" VPOS="8640" HEIGHT="92" WIDTH="196" STYLEREFS="Style_16" WC="0.978888888888889" CC="000"/>
						<SP ID="SP_1.1.45.33" HPOS="3204" VPOS="8660" WIDTH="60"/>
						<String CONTENT="A" ID="St_1.1.45.34" HPOS="3316" VPOS="8640" HEIGHT="92" WIDTH="92" STYLEREFS="Style_16" WC="0.98" CC="0"/>
						<SP ID="SP_1.1.45.35" HPOS="3356" VPOS="8644" WIDTH="96"/>
						<String CONTENT="99987" ID="St_1.1.45.36" HPOS="3500" VPOS="8640" HEIGHT="100" WIDTH="340" STYLEREFS="Style_16" WC="0.982222222222222" CC="00000"/>
						<String CONTENT="5" ID="St_1.1.45.37" HPOS="3848" VPOS="8644" HEIGHT="96" WIDTH="60" STYLEREFS="Style_16" WC="0.982222222222222" CC="0"/>
						<String CONTENT=";" ID="St_1.1.45.38" HPOS="3952" VPOS="8668" HEIGHT="88" WIDTH="20" STYLEREFS="Style_16" WC="0.983333333333333" CC="0"/>
						<SP ID="SP_1.1.45.39" HPOS="3956" VPOS="8660" WIDTH="60"/>
						<String CONTENT="President" ID="St_1.1.45.40" HPOS="4072" VPOS="8644" HEIGHT="96" WIDTH="608" STYLEREFS="Style_16" WC="0.985555555555556" CC="000000000"/>
						<SP ID="SP_1.1.45.41" HPOS="4652" VPOS="8652" WIDTH="68"/>
						<String CONTENT="an" ID="St_1.1.45.42" HPOS="4768" VPOS="8668" HEIGHT="72" WIDTH="148" STYLEREFS="Style_16" WC="0.986666666666667" CC="00"/>
						<String CONTENT="d" ID="St_1.1.45.43" HPOS="4928" VPOS="8648" HEIGHT="92" WIDTH="68" STYLEREFS="Style_16" WC="0.986666666666667" CC="0"/>
					</TextLine>
					<TextLine ID="TL_1.1.46" HPOS="420" VPOS="8772" HEIGHT="120" WIDTH="4376">
						<String CONTENT="fellows" ID="St_1.1.46.1" HPOS="420" VPOS="8772" HEIGHT="96" WIDTH="448" STYLEREFS="Style_16" WC="1" CC="0000000"/>
						<SP ID="SP_1.1.46.2" HPOS="836" VPOS="8804" WIDTH="64"/>
						<String CONTENT="of" ID="St_1.1.46.3" HPOS="940" VPOS="8772" HEIGHT="96" WIDTH="120" STYLEREFS="Style_16" WC="1" CC="00"/>
						<SP ID="SP_1.1.46.4" HPOS="1032" VPOS="8792" WIDTH="56"/>
						<String CONTENT="Harvard" ID="St_1.1.46.5" HPOS="1124" VPOS="8776" HEIGHT="92" WIDTH="544" STYLEREFS="Style_16" WC="1" CC="0000000"/>
						<SP ID="SP_1.1.46.6" HPOS="1632" VPOS="8796" WIDTH="68"/>
						<String CONTENT="college." ID="St_1.1.46.7" HPOS="1740" VPOS="8780" HEIGHT="108" WIDTH="460" STYLEREFS="Style_16" WC="1" CC="00000000"/>
						<SP ID="SP_1.1.46.8" HPOS="2184" VPOS="8832" WIDTH="52"/>
						<String CONTENT="Cambridge," ID="St_1.1.46.9" HPOS="2276" VPOS="8772" HEIGHT="116" WIDTH="716" STYLEREFS="Style_16" WC="1" CC="0000000000"/>
						<SP ID="SP_1.1.46.10" HPOS="2976" VPOS="8828" WIDTH="52"/>
						<String CONTENT="Mass." ID="St_1.1.46.11" HPOS="3068" VPOS="8780" HEIGHT="92" WIDTH="352" STYLEREFS="Style_16" WC="1" CC="00000"/>
						<SP ID="SP_1.1.46.12" HPOS="3404" VPOS="8832" WIDTH="96"/>
						<String CONTENT="(27-19079)" ID="St_1.1.46.13" HPOS="3588" VPOS="8776" HEIGHT="112" WIDTH="668" STYLEREFS="Style_16" WC="1" CC="0000000000"/>
						<SP ID="SP_1.1.46.14" HPOS="4236" VPOS="8776" WIDTH="216"/>
						<String CONTENT="7580" ID="St_1.1.46.15" HPOS="4520" VPOS="8776" HEIGHT="100" WIDTH="276" STYLEREFS="Style_16" WC="0.992222222222222" CC="0000"/>
					</TextLine>
					<TextLine ID="TL_1.1.47" HPOS="260" VPOS="8992" HEIGHT="152" WIDTH="1588">
						<String CONTENT="Sherman," ID="St_1.1.47.1" HPOS="260" VPOS="8992" HEIGHT="152" WIDTH="728" STYLEREFS="Style_16" WC="1" CC="00000000"/>
						<SP ID="SP_1.1.47.2" HPOS="968" VPOS="9040" WIDTH="56"/>
						<String CONTENT="Harold" ID="St_1.1.47.3" HPOS="1064" VPOS="8996" HEIGHT="128" WIDTH="528" STYLEREFS="Style_16" WC="1" CC="000000"/>
						<SP ID="SP_1.1.47.4" HPOS="1544" VPOS="8996" WIDTH="80"/>
						<String CONTENT="M." ID="St_1.1.47.5" HPOS="1660" VPOS="9000" HEIGHT="124" WIDTH="188" STYLEREFS="Style_16" WC="1" CC="00"/>
					</TextLine>
					<TextLine ID="TL_1.1.48" HPOS="428" VPOS="9176" HEIGHT="168" WIDTH="4572">
						<String CONTENT="Touchdown!" ID="St_1.1.48.1" HPOS="428" VPOS="9176" HEIGHT="132" WIDTH="936" STYLEREFS="Style_16" WC="1" CC="0000000000"/>
						<SP ID="SP_1.1.48.2" HPOS="1348" VPOS="9176" WIDTH="60"/>
						<String CONTENT="by" ID="St_1.1.48.3" HPOS="1456" VPOS="9184" HEIGHT="160" WIDTH="176" STYLEREFS="Style_16" WC="1" CC="00"/>
						<SP ID="SP_1.1.48.4" HPOS="1588" VPOS="9200" WIDTH="80"/>
						<String CONTENT="Har" ID="St_1.1.48.5" HPOS="1708" VPOS="9184" HEIGHT="124" WIDTH="300" STYLEREFS="Style_16" WC="1" CC="000"/>
						<String CONTENT="o" ID="St_1.1.48.6" HPOS="2020" VPOS="9232" HEIGHT="76" WIDTH="76" STYLEREFS="Style_16" WC="1" CC="0"/>
						<String CONTENT="ld" ID="St_1.1.48.7" HPOS="2104" VPOS="9188" HEIGHT="124" WIDTH="144" STYLEREFS="Style_16" WC="1" CC="00"/>
						<SP ID="SP_1.1.48.8" HPOS="2200" VPOS="9180" WIDTH="84"/>
						<String CONTENT="M." ID="St_1.1.48.9" HPOS="2324" VPOS="9188" HEIGHT="120" WIDTH="184" STYLEREFS="Style_16" WC="1" CC="00"/>
						<SP ID="SP_1.1.48.10" HPOS="2492" VPOS="9228" WIDTH="60"/>
						<String CONTENT="Sherman" ID="St_1.1.48.11" HPOS="2604" VPOS="9184" HEIGHT="132" WIDTH="664" STYLEREFS="Style_16" WC="1" CC="0000000"/>
						<SP ID="SP_1.1.48.12" HPOS="3216" VPOS="9200" WIDTH="96"/>
						<String CONTENT="&#133;" ID="St_1.1.48.13" HPOS="3352" VPOS="9184" HEIGHT="132" WIDTH="88" STYLEREFS="Style_16" WC="1" CC="0"/>
						<SP ID="SP_1.1.48.14" HPOS="3476" VPOS="9264" WIDTH="100"/>
						<String CONTENT="New" ID="St_1.1.48.15" HPOS="3668" VPOS="9188" HEIGHT="128" WIDTH="332" STYLEREFS="Style_16" WC="1" CC="000"/>
						<SP ID="SP_1.1.48.16" HPOS="3936" VPOS="9200" WIDTH="104"/>
						<String CONTENT="York," ID="St_1.1.48.17" HPOS="4084" VPOS="9184" HEIGHT="144" WIDTH="428" STYLEREFS="Style_16" WC="1" CC="00000"/>
						<SP ID="SP_1.1.48.18" HPOS="4492" VPOS="9228" WIDTH="56"/>
						<String CONTENT="Gros-" ID="St_1.1.48.19" HPOS="4592" VPOS="9188" HEIGHT="132" WIDTH="408" STYLEREFS="Style_16" WC="1" CC="00000"/>
					</TextLine>
					<TextLine ID="TL_1.1.49" HPOS="260" VPOS="9364" HEIGHT="176" WIDTH="1536">
						<String CONTENT="set" ID="St_1.1.49.1" HPOS="260" VPOS="9376" HEIGHT="120" WIDTH="196" STYLEREFS="Style_16" WC="1" CC="000"/>
						<SP ID="SP_1.1.49.2" HPOS="428" VPOS="9368" WIDTH="64"/>
						<String CONTENT="&amp;" ID="St_1.1.49.3" HPOS="528" VPOS="9364" HEIGHT="112" WIDTH="96" STYLEREFS="Style_16" WC="0.911111111111111" CC="4"/>
						<SP ID="SP_1.1.49.4" HPOS="572" VPOS="9364" WIDTH="88"/>
						<String CONTENT="Dunlap" ID="St_1.1.49.5" HPOS="700" VPOS="9368" HEIGHT="172" WIDTH="556" STYLEREFS="Style_16" WC="0.962222222222222" CC="000000"/>
						<SP ID="SP_1.1.49.6" HPOS="1208" VPOS="9388" WIDTH="108"/>
						<String CONTENT="[&#x0368;1927" ID="St_1.1.49.7" HPOS="1344" VPOS="9364" HEIGHT="172" WIDTH="412" STYLEREFS="Style_16" WC="0.935555555555556" CC="700000"/>
						<String CONTENT="]" ID="St_1.1.49.8" HPOS="1768" VPOS="9448" HEIGHT="84" WIDTH="28" STYLEREFS="Style_16" WC="0.894444444444444" CC="8"/>
					</TextLine>
					<TextLine ID="TL_1.1.50" HPOS="2492" VPOS="9564" HEIGHT="128" WIDTH="300">
						<String CONTENT="1141" ID="St_1.1.50.1" HPOS="2492" VPOS="9564" HEIGHT="128" WIDTH="300" STYLEREFS="Style_16" WC="1" CC="0000"/>
					</TextLine>
				</TextBlock>
			</PrintSpace>
		</Page>
	</Layout>
</alto>
