5968 10284
3072 9532 324 120 1342

884 864 584 152 Shaver,
1548 864 480 128 Erwin
2100 864 156 128 L.

1048 1052 360 124 How
1492 1064 140 112 to
1720 1052 384 124 teach
2188 1052 580 160 seniors;
2864 1100 72 76 a
3024 1052 752 140 discussion
3856 1056 156 124 of
4092 1056 700 128 materials
4876 1056 268 128 and
5228 1064 420 120 meth-

880 1236 244 128 ods
1208 1252 140 108 to
1432 1236 160 124 be
1672 1240 324 124 used
2080 1240 144 120 in
2308 1240 552 164 leading
2944 1240 1032 128 church-school
4056 1244 516 124 seniors
4652 1244 144 124 in
4876 1244 228 124 the
5192 1244 456 128 Chris-

880 1420 296 128 tian
1260 1468 300 120 way
1644 1424 156 124 of
1880 1420 256 128 life
2228 1424 284 164 [by]
2648 1424 420 140 Erwin
3152 1428 156 120 L.
3400 1424 524 132 Shaver
4008 1428 76 136 …
4252 1472 72 80 a
4416 1428 704 128 text-book
5196 1432 148 120 in
5428 1432 224 128 the

888 1604 696 136 Standard
1708 1612 776 160 leadership
2604 1612 620 164 training
3344 1612 824 124 curriculum
4288 1612 612 128 outlined
5024 1612 272 128 and
5416 1660 232 120 ap-

880 1796 516 160 proved
1468 1796 184 152 by
1728 1796 228 124 the
2032 1796 1012 124 International
3128 1796 528 128 council
3740 1800 152 124 of
3972 1796 648 128 religious
4696 1800 720 124 education
5492 1796 84 144 …

880 1984 560 156 Boston,
1544 1980 648 168 Chicago,
2288 1984 584 124 Printed
2980 1984 220 124 for
3300 1984 228 128 the
3628 1984 600 128 Teacher
4324 1984 616 164 training
5044 1984 604 164 publish-

876 2164 244 168 ing
1208 2164 808 132 association
2100 2168 180 164 by
2368 2168 228 128 the
2684 2168 596 164 Pilgrim
3368 2212 376 120 press
3868 2164 392 144 [ͨ1927
4276 2248 28 80 ]

1044 2368 60 92 7
1172 2388 76 92 p
1256 2440 20 20 .
1344 2368 40 88 l
1396 2440 56 36 .,
1528 2364 228 116 [11]
1748 2416 64 12 –
1816 2360 204 100 213
2088 2392 100 88 p.
2336 2360 448 112 19½ͨͫ.
2852 2360 964 120 (Specialization
3884 2364 424 116 series)

1048 2528 828 100 "References"
1968 2536 124 96 at
2176 2536 220 92 end
2476 2536 124 96 of
2684 2536 284 92 each
3048 2536 480 112 chapter
3612 2536 404 112 except
4100 2536 196 96 the
4376 2536 264 96 last.

880 2696 120 108 ©
1080 2700 308 116 Sept.
1456 2704 64 92 3
1532 2776 20 40 ,
1624 2704 336 108 1927;
2036 2704 160 96 2c.
2268 2704 228 92 and
2572 2700 196 100 aff.
2840 2704 244 96 Oct.
3156 2704 200 108 15;
3432 2704 96 88 A
3600 2700 544 112 1007652;
4228 2704 128 96 E.
4428 2704 120 96 L.
4632 2704 468 112 Shaver,
5176 2708 468 96 Boston.

1064 2836 668 120 (27-21630)
5140 2836 288 100 8951

864 3060 744 152 Sherman,
1696 3060 588 132 Charles
2360 3060 548 152 Lester,
2996 3068 316 120 1880
3320 3140 76 16 –

1040 3248 284 128 The
1432 3252 440 120 moral
1972 3248 332 160 self;
2420 3292 176 80 an
2700 3248 936 124 introduction
3744 3264 136 108 to
3988 3248 224 128 the
4320 3244 504 132 science
4928 3248 156 124 of
5184 3248 464 140 ethics,

872 3432 172 168 by
1112 3432 572 132 Charles
1744 3432 156 128 L.
1976 3432 668 132 Sherman
2720 3440 84 136 …
3044 3436 564 160 Boston,
3668 3432 332 128 New
4068 3432 388 128 York
4536 3436 48 108 [
4576 3440 384 136 etc.]
4936 3432 380 132 Ginn
5376 3436 260 128 and

864 3664 676 124 company
1692 3632 152 132 [ͨ
1724 3628 240 120 192
1972 3620 76 132 7
2056 3696 36 84 ]

1032 3848 76 68 x
1116 3896 24 40 ,
1212 3824 204 92 365
1488 3848 104 88 p.
1732 3824 720 104 21½ͨͫ.

1036 3984 832 100 "References"
1944 3988 124 96 at
2136 3988 212 96 end
2420 3984 128 96 of
2612 3988 296 92 most
2976 3984 124 96 of
3172 3984 192 96 the
3436 3984 576 116 chapters.

872 4140 120 116 ©
1084 4156 244 96 Oct.
1412 4156 92 112 3,
1596 4156 336 108 1927;
2020 4156 160 92 2c.
2268 4152 244 96 Oct.
2596 4152 196 108 10;
2884 4152 196 96 aff.
3172 4152 88 96 O
3272 4156 108 92 ct
3396 4228 20 20 .
3504 4152 192 108 11;
3788 4152 100 92 A
3972 4152 548 108 1004581;
4616 4152 116 96 C.
4824 4152 116 100 L.
5040 4152 592 116 Sherman,

1032 4296 416 108 Salem,
1508 4292 188 96 Or.
1864 4288 672 116 (27-21479)
5132 4284 288 100 8952

864 4516 676 152 Slattery,
1624 4520 780 148 Margaret.

1032 4708 328 124 Two
1448 4704 448 124 words
1992 4784 28 80 [
2032 4704 260 160 by]
2356 4704 704 160 Margaret
3152 4696 92 132 S
3256 4704 40 116 l
3312 4744 72 76 a
3396 4712 56 108 t
3456 4712 336 152 tery.
3976 4704 272 120 Bos
4260 4716 52 108 t
4320 4740 216 116 on,
4624 4696 648 168 Chicago,
5352 4700 284 124 The

872 4888 584 168 Pilgrim
1532 4936 376 116 press
2016 4888 388 144 [ͨ1927
2416 4964 32 80 ]

1028 5092 64 88 4
1164 5116 100 88 p.
1340 5088 36 88 l
1384 5160 52 40 .,
1512 5092 64 92 7
1576 5140 72 12 –
1656 5084 128 96 56
1852 5112 104 88 p.
2096 5084 1212 108 16½ͨͫ.

868 5232 116 108 ©
1060 5256 244 100 Oct.
1368 5260 92 108 6,
1528 5256 336 108 1927;
1932 5256 64 92 2
2004 5264 56 80 c
2076 5332 20 20 .
2164 5252 228 96 and
2456 5252 196 96 aff.
2724 5252 244 96 Oct.
3036 5252 192 108 15;
3300 5248 96 96 A
3464 5248 548 112 1007650;
4096 5248 420 116 Sidney
4588 5248 124 100 A.
4784 5252 504 108 Weston,
5368 5252 160 92 Bo
5520 5260 108 80 s-

1028 5400 228 88 ton.
1428 5392 672 112 (27-21624)
5128 5380 284 100 8953

860 5612 604 156 Smedal,
1536 5612 728 132 Gottfried
2336 5612 936 148 Athanasius,
3352 5620 316 116 1861
3672 5688 84 12 –

1028 5804 628 124 "Verden
1736 5848 176 120 og
1992 5796 568 132 kirken"
2640 5844 176 120 og
2896 5796 420 128 andre
3392 5796 348 164 ting,
3828 5844 168 76 av
4080 5796 164 128 G.
4336 5792 588 136 Smedal.
5104 5796 520 120 Minne-

860 5988 476 164 apolis,
1408 5988 488 160 Minn.,
1968 5984 748 168 Augsburg
2788 5984 800 164 publishing
3660 5984 412 124 house
4160 5984 404 136 [1927]

1024 6188 132 96 13
1168 6184 60 96 5
1300 6212 104 88 p.
1548 6184 676 112 19½ͨͫ.

864 6324 116 112 ©
1052 6360 304 92 June
1416 6356 164 112 23,
1648 6352 336 112 1927;
2052 6352 164 96 2c.
2280 6356 232 88 and
2576 6348 196 100 aff.
2840 6348 276 112 July
3184 6348 124 108 9;
3384 6348 96 92 A
3544 6344 480 112 990895;
4096 6344 88 92 A
4204 6368 68 68 u
4284 6344 428 116 gsburg
4780 6372 68 84 p
4856 6356 68 80 u
4928 6344 108 96 b.
5108 6344 392 96 house.

1040 6488 668 116 (27-21629)
5116 6472 288 104 8954

852 6712 512 152 Smith,
1440 6712 460 152 Ralph
1972 6712 580 148 Clifton,
2636 6716 320 120 1898
2960 6788 88 16 –

1028 6900 316 128 Life
1416 6900 268 128 and
1756 6896 444 128 works
2268 6896 152 128 of
2488 6896 488 164 Henry
3040 6892 436 160 Wolf,
3536 6892 180 164 by
3792 6892 460 160 Ralph
4328 6888 540 132 Clifton
4944 6884 452 136 Smith
5472 6892 84 148 …

864 7084 872 164 Champlain,
1788 7084 216 128 W.
2068 7084 156 124 P.
2284 7080 752 160 Truesdell,
3096 7076 360 128 1927.

1028 7276 68 96 5
1164 7304 104 88 p.
1340 7280 40 92 l
1396 7352 48 36 .,
1536 7324 24 72 [
1564 7276 364 108 xvii]
1860 7328 72 12 –
1932 7272 368 116 xlviii,
2384 7272 200 96 122
2668 7300 100 88 p.
2912 7272 392 112 front.,
3384 7272 408 112 plates,
3876 7272 360 112 ports.
4380 7264 756 120 27½ͨͫ.

1028 7412 896 112 Bibliography:
1996 7432 104 88 p.
2112 7408 120 108 [1
2276 7408 64 96 0
2344 7404 424 120 3]–106.

860 7540 120 108 ©
1052 7548 304 112 Sept.
1424 7548 92 112 1,
1584 7544 336 108 1927;
1988 7544 160 96 2c.
2212 7544 228 92 and
2504 7540 196 96 aff.
2772 7540 244 96 Oct.
3084 7540 192 108 10;
3348 7540 100 88 A
3508 7536 552 112 1007561;
4132 7532 532 96 Winfred
4732 7536 412 92 Porter
5212 7532 400 96 Trues-

1016 7684 260 96 dell.
1444 7676 668 120 (27-21597)
5104 7660 284 104 8955

848 7904 1036 148 Sterkendries,
1960 7904 244 124 Jos
2220 7900 72 128 é
2300 7996 32 28 .

1020 8092 980 160 Argentinien;
2160 8080 1236 128 landwirtschafts-
3552 8080 280 128 und
3984 8076 1032 164 siedlungsverh
5048 8088 52 112 ä
5108 8072 508 156 ltnisse,

860 8316 264 84 von
1228 8272 84 116 J
1328 8264 220 132 osé
1656 8268 96 132 S
1764 8284 52 112 t
1828 8316 140 80 er
1972 8264 92 128 k
2072 8268 532 128 endries
2696 8276 76 136 …
2984 8264 516 128 autoris
3508 8264 44 124 i
3564 8280 276 108 erte
3972 8264 880 160 übersetzung
4964 8304 240 84 aus
5316 8256 160 128 de
5480 8300 132 80 m

852 8456 808 164 spanischen
1792 8496 264 84 von
2188 8456 324 128 Oth.
2648 8448 1648 164 Panesch-Hohenstegen
4376 8460 84 132 …
4796 8444 408 128 Wien
5336 8440 276 124 und

856 8640 612 164 Leipzig,
1592 8636 1208 128 Österreichischer
2916 8636 996 160 bundesverlag
4036 8632 236 124 für
4392 8628 804 160 unterricht,
5312 8624 292 124 wis-

852 8820 696 128 senschaft
1604 8820 280 128 und
1944 8820 452 164 kunst,
2464 8816 360 132 1927.

1020 9012 164 112 97,
1256 9060 24 72 [
1288 9016 96 116 3]
1456 9040 108 88 p.
1576 9088 20 24 ,
1664 9016 56 92 1
1788 9016 40 92 l
1840 9084 20 24 .
2004 9012 308 96 illus.
2452 9012 680 108 24ͨͫ.

840 9132 120 112 ©
1028 9172 260 92 Jan.
1344 9168 164 112 29,
1572 9168 336 112 1927;
1972 9156 160 108 1c.
2200 9168 268 112 May
2528 9164 128 112 6;
2724 9164 740 116 A—Foreign
3524 9164 404 112 34489;
4004 9156 1048 104 Österreichischer
5116 9156 472 96 bundes-

1004 9304 400 112 verlag
1460 9292 200 100 für
1724 9300 680 112 unterricht,
2472 9296 824 100 wissenschaft
3360 9300 228 92 und
3656 9300 384 96 kunst.
4200 9292 664 116 (27-21584)
5092 9284 284 100 8956
