5968 10284
908 992 472 132 World
1448 992 836 128 conference
2344 1028 180 84 on
2588 984 384 128 faith
3036 984 284 128 and
3380 984 460 128 order.

1176 1188 80 136 …
1336 1180 288 132 Can
1716 1180 232 128 the
2036 1180 656 124 churches
2776 1172 460 128 unite?
3424 1172 480 128 Issued
3996 1172 436 128 under
4516 1172 232 128 the
4840 1176 612 160 auspices
5540 1172 148 128 of

908 1372 228 128 the
1224 1368 488 136 World
1800 1364 796 128 conference
2684 1408 180 80 on
2956 1360 364 128 faith
3412 1360 272 128 and
3776 1360 436 128 order.
4392 1356 332 132 New
4820 1356 432 168 York,
5340 1360 344 128 Lon-

908 1560 312 160 don,
1288 1560 288 124 The
1648 1552 616 168 Century
2332 1596 184 84 co.
2608 1564 168 148 [ͨ
2708 1548 316 128 1927
3020 1600 44 92 ]

1076 1764 76 80 x
1160 1752 120 120 ii,
1356 1752 204 100 230
1628 1780 104 92 p.
1876 1752 684 112 18½ͨͫ.
2396 1748 300 116 (The
2764 1744 568 120 practical
3408 1740 784 120 Christianity
4264 1740 428 116 series)
4984 1736 316 124 $1.25

908 1924 124 112 ©
1096 1928 264 96 Feb.
1428 1924 164 116 18,
1652 1924 340 108 1927;
2060 1920 160 100 2c.
2284 1920 232 96 and
2576 1916 200 100 aff.
2840 1916 268 100 Feb.
3168 1912 200 116 21;
3436 1912 100 96 A
3588 1912 484 116 963672;
4144 1912 524 116 Century
4724 1936 164 80 co.

1092 2056 604 124 (27-3665)
5188 2044 280 108 2028

908 2284 544 152 Wroth,
1520 2284 760 124 Lawrence
2352 2272 988 156 Counselman,
3416 2284 344 116 1884
3760 2352 68 16 –

1068 2476 356 124 Abel
1504 2468 404 128 Buell
1984 2468 160 128 of
2224 2464 936 160 Connecticut,
3236 2460 884 160 silversmith,
4200 2472 332 152 type
4616 2456 592 132 founder
5288 2464 112 124 &
5480 2504 212 84 en-

900 2704 540 124 graver,
1528 2656 184 164 by
1800 2656 728 124 Lawrence
2628 2648 152 132 C.
2872 2648 544 132 Wroth.
3608 2696 44 96 [
3648 2648 336 128 New
4072 2644 548 164 Haven,
4712 2644 356 132 Yale
5164 2648 528 128 univer-

900 2848 276 164 sity
1236 2888 376 120 press
1624 2920 32 84 ]
1736 2844 364 124 1926.

1080 3036 60 96 5
1232 3068 100 88 p.
1424 3044 36 88 l
1476 3108 52 44 .,
1624 3036 132 96 86
1844 3060 140 92 p.,
2076 3036 56 92 1
2228 3036 32 92 l
2276 3108 20 24 .
2444 3060 72 88 p
2516 3036 40 92 l
2572 3108 52 40 .,
2720 3032 64 92 2
2868 3032 284 96 fold.
3248 3056 364 88 maps,
3704 3028 556 116 facsims.,
4352 3036 264 92 coat
4708 3024 124 100 of
4928 3056 348 68 arms.
5420 3032 516 112 24ͨͫ.

912 3176 200 116 [Ac
1120 3200 64 72 o
1196 3200 132 72 rn
1384 3172 300 100 club.
1828 3168 836 116 Publications,
2728 3164 168 120 15]

1080 3340 312 100 "One
1452 3340 532 96 hundred
2048 3340 228 92 and
2344 3340 228 92 two
2640 3332 384 116 copies
3084 3332 504 116 printed,
3656 3332 124 96 of
3840 3332 380 96 which
4288 3332 240 96 this
4588 3332 104 100 is
4752 3360 184 72 no.
5000 3332 308 100 101."

1080 3476 264 100 Seal
1404 3476 124 96 of
1584 3476 196 96 the
1836 3476 380 96 Acorn
2272 3468 260 100 club
2596 3468 124 96 of
2780 3468 760 100 Connecticut
3600 3492 144 72 on
3808 3476 236 108 t.-p.

912 3624 120 120 ©
1100 3648 272 96 Dec.
1432 3644 172 116 20,
1672 3644 336 112 1926;
2076 3644 160 96 2c.
2304 3644 264 96 Jan.
2632 3636 168 120 19,
2864 3636 336 100 1927;
3276 3636 200 104 aff.
3544 3640 268 100 Feb.
3880 3640 128 112 1;
4080 3640 100 92 A
4240 3636 480 120 967023;
4796 3644 380 96 Acorn
5244 3644 260 96 club
5572 3644 120 100 of

1072 3780 792 112 Connecticut,
1956 3780 284 96 New
2332 3780 448 96 Haven.
2948 3776 604 116 (27-3701)
5212 3776 288 104 2029

908 4008 648 152 Wyman,
1636 4008 416 148 Mary
2124 4000 436 132 Alice.

1076 4196 332 124 Two
1488 4192 736 128 American
2312 4188 668 168 pioneers,
3076 4184 352 136 Seba
3520 4184 456 136 Smith
4072 4188 272 124 and
4432 4188 728 128 Elizabeth
5252 4188 448 132 Oakes

912 4380 504 160 Smith,
1488 4380 180 168 by
1740 4380 408 160 Mary
2216 4376 396 128 Alice
2684 4376 600 164 Wyman
3376 4384 92 148 …
3672 4372 336 128 New
4092 4372 428 164 York,
4604 4372 724 132 Columbia
5408 4376 288 128 uni-

912 4564 512 164 versity
1480 4608 428 120 press,
1972 4560 364 132 1927.

1080 4756 208 100 viii
1344 4784 140 92 p.,
1548 4760 56 92 1
1668 4760 36 92 l
1720 4828 56 44 .,
1836 4756 208 96 249
2100 4784 104 88 p.
2348 4744 680 124 21ͨͫ.

1080 4924 840 116 Bibliography
1964 4948 20 72 :
2052 4952 104 88 p.
2216 4924 528 96 233–242.

920 5060 116 108 ©
1104 5096 268 96 Feb.
1428 5100 96 108 7,
1584 5096 336 112 1927;
1984 5096 160 96 2c.
2212 5092 264 100 Feb.
2540 5092 196 112 10;
2804 5092 196 100 aff.
3060 5092 268 100 Feb.
3392 5096 124 108 8;
3584 5092 100 96 A
3740 5092 480 116 967136;
4288 5092 604 104 Columbia
4960 5092 312 104 univ.
5332 5120 356 96 press.

1096 5232 604 120 (27-3180)
5208 5228 288 104 2030

912 5456 588 152 Wynne,
1576 5456 732 152 Anthony.

1088 5644 288 128 The
1464 5656 604 152 mystery
2160 5640 156 128 of
2404 5656 52 112 t
2464 5644 160 128 he
2720 5644 424 160 ashes,
3236 5640 180 168 by
3504 5644 668 164 Anthony
4264 5648 532 160 Wynne
4916 5640 92 148 …
5228 5648 268 124 Phi
5512 5648 40 124 l
5564 5692 128 80 a-

920 5832 556 164 delphia
1548 5840 108 120 &
1716 5832 620 160 London,
2404 5832 132 128 J.
2616 5832 160 124 B.
2848 5828 812 168 Lippincott
3724 5876 716 120 company,
4516 5828 360 132 1927.

1084 6032 64 96 3
1160 6028 132 100 19
1356 6056 108 88 p.
1608 6024 676 116 19½ͨͫ.

920 6172 120 112 ©
1120 6200 260 96 Jan.
1456 6200 164 112 11,
1692 6196 340 112 1927;
2104 6200 164 96 2c.
2344 6200 232 92 and
2644 6192 200 104 aff.
2920 6196 268 100 Feb.
3260 6192 196 116 19;
3536 6196 96 96 A
3704 6196 476 116 967283;
4264 6200 108 96 J.
4452 6200 124 96 B.
4656 6200 212 116 Lip
4876 6224 72 88 p
4952 6200 40 92 i
5000 6224 72 72 n
5080 6224 60 72 c
5148 6204 120 92 ot
5276 6208 36 92 t
5396 6228 160 72 co.

1104 6332 600 116 (27-3418)
5208 6332 284 104 2031

920 6556 488 152 Yates,
1476 6552 360 156 Kyle
1908 6556 620 152 Monroe,
2604 6564 316 120 1895
2924 6632 88 16 –

1092 6744 804 164 Beginner's
1956 6788 696 120 grammar
2708 6740 160 128 of
2924 6744 228 124 the
3216 6744 588 124 Hebrew
3868 6744 276 132 Old
4212 6748 828 164 Testament,
5096 6748 180 164 by
5336 6748 360 164 Kyle

928 6928 180 128 M.
1188 6932 216 124 Ya
1416 6940 56 116 t
1480 6976 132 80 es
1720 6940 84 132 …
1996 6928 336 128 New
2404 6928 432 164 York,
2900 6928 532 164 George
3500 6928 180 128 H.
3756 6932 128 124 D
3900 6972 72 84 o
3984 6976 248 80 ran
4304 6976 672 120 company
5072 6936 404 136 [ͨ1927
5456 6924 56 112 ]

1080 7136 76 80 x
1164 7128 116 112 ii,
1348 7132 60 92 1
1420 7128 60 96 5
1492 7128 64 96 8
1616 7152 104 88 p.
1852 7128 68 96 2
1924 7128 648 108 0½ͨͫ
2184 7204 20 20 .

928 7260 112 108 ©
1116 7296 264 96 Feb.
1448 7296 164 112 15,
1680 7292 340 116 1927;
2088 7292 160 100 2c.
2320 7300 228 92 and
2612 7292 196 104 aff.
2880 7296 268 100 Feb.
3216 7296 196 112 19;
3484 7296 100 92 A
3648 7296 476 112 963636;
4204 7300 440 112 George
4708 7300 144 100 H.
4928 7300 400 96 Doran
5396 7324 160 76 co.

1108 7428 600 120 (27-4086)
5208 7432 288 104 2032

924 7652 548 152 Young,
1548 7656 632 148 Egerton
2248 7656 692 152 Ryerson,
3020 7664 316 116 1869
3344 7736 84 12 –

1092 7840 324 132 Just
1480 7840 380 164 dogs,
1920 7840 468 124 heroes
2448 7840 152 124 of
2660 7844 228 124 the
2952 7844 448 124 North
3468 7840 472 160 Shore,
4000 7844 180 156 by
4240 7844 164 124 E.
4472 7844 612 164 Ryerson
5152 7844 540 168 Young.

928 8024 1020 164 Philadelphia,
2044 8028 288 124 The
2428 8024 568 168 Sunday
3080 8028 456 128 school
3628 8024 396 132 times
4116 8072 668 124 company
4904 8016 440 152 [ͨ1926]

1088 8224 196 92 151
1352 8248 104 88 p.
1588 8224 204 96 col.
1860 8220 388 116 front.,
2320 8220 84 96 il
2408 8228 40 88 l
2460 8252 164 72 us.
2760 8224 64 96 2
2832 8220 544 108 0ͨͫ.

932 8344 116 112 ©
1116 8360 264 96 Dec.
1440 8360 96 112 6,
1596 8356 336 112 1926;
1992 8360 164 96 2c.
2216 8360 268 96 Dec.
2540 8360 204 112 29;
2808 8360 196 96 aff.
3064 8360 268 100 Dec.
3392 8360 196 112 28;
3656 8360 100 96 A
3812 8360 476 112 958653;
4364 8360 476 120 Sunday
4900 8364 388 96 school
5352 8360 336 100 times

1088 8520 160 72 co.
1416 8492 604 116 (27-3755)
5204 8496 288 100 2033

924 8708 552 156 Young,
1552 8712 544 152 George
2168 8712 636 156 Lindley.

1100 8900 316 124 Tim
1524 8900 268 124 and
1900 8900 356 160 Jim;
2372 8944 76 80 a
2548 8904 564 124 modern
3220 8904 248 124 fad
3572 8904 144 124 in
3820 8904 660 160 practical
4588 8904 712 164 operation
5420 8984 32 80 [
5460 8900 252 172 by]

932 9080 532 168 George
1532 9084 592 168 Lindley
2192 9084 504 168 Young
2784 9092 88 136 …
3104 9092 556 156 Boston,
3728 9088 164 128 R.
3964 9088 164 128 G.
4200 9092 556 164 Badger
4832 9076 176 152 [ͨ
4928 9088 320 132 1927
5228 9076 48 112 ]

1088 9280 208 96 118
1360 9304 108 92 p.
1608 9280 648 104 21ͨͫ.

936 9384 120 108 ©
1128 9412 264 104 Feb.
1456 9416 164 112 24,
1692 9416 336 112 1927;
2092 9420 160 96 2c.
2324 9420 288 96 Mar.
2680 9420 124 112 7;
2876 9420 196 96 aff.
3144 9424 288 96 Mar.
3504 9420 120 112 5;
3700 9420 100 96 A
3864 9420 480 120 967510;
4416 9420 512 100 Richard
5000 9420 92 100 G
5104 9496 20 24 .
5200 9424 484 108 Badger.

1116 9544 604 120 (27-5842)
5204 9552 288 104 2034

3192 9684 248 120 312
