5920 10300
176 1016 656 156 Douglas,
904 1016 432 152 Lloyd
1412 1016 520 148 Cassel,
2004 1012 320 128 1877
2324 1092 84 12 –

336 1204 436 124 Those
868 1200 208 128 dis
1084 1212 60 112 t
1152 1200 500 164 urbing
1740 1196 664 160 miracles,
2492 1200 180 160 by
2764 1200 116 120 L
2884 1196 52 124 l
2944 1200 264 160 oyd
3312 1200 148 128 C.
3556 1200 612 160 Douglas
4264 1208 84 136 …
4596 1200 336 120 New

176 1388 380 124 York
628 1388 268 124 and
964 1388 620 156 London,
1652 1388 560 156 Harper
2284 1392 108 116 &
2460 1384 660 160 brothers,
3200 1384 360 124 1927.

332 1584 208 96 viii
588 1612 132 88 p.,
776 1584 60 92 1
888 1584 36 92 l
940 1656 48 40 .,
1044 1584 208 92 260
1296 1608 104 88 p.
1544 1580 752 112 19½ͨͫ.

180 1716 116 116 ©
372 1724 304 112 Sept.
744 1720 160 112 15,
972 1716 332 112 1927;
1376 1724 160 88 2c.
1608 1720 304 112 Sept.
1980 1720 188 108 14;
2244 1740 56 72 a
2324 1716 112 96 ff.
2516 1716 300 116 Sept.
2892 1716 188 96 17:
3156 1716 96 92 A
3316 1716 548 104 1004184;
3940 1716 464 112 Harper
4472 1716 84 92 &
4624 1716 296 96 bros.

360 1856 664 116 (27-19241)
4420 1848 280 96 7744

172 2080 508 144 Drake,
768 2076 584 128 Francis
1436 2076 600 148 Samuel,
2132 2084 316 116 1828
2452 2156 88 12 –
2548 2084 356 116 1885.

348 2268 504 124 Indian
928 2264 528 160 history
1544 2260 224 128 for
1848 2304 460 120 young
2396 2260 404 160 folks,
2880 2260 180 164 by
3144 2260 568 124 Francis
3800 2256 136 132 S.
4024 2260 532 160 Drake;
4652 2260 272 164 pic-

184 2464 356 108 tures
604 2452 184 160 by
852 2448 488 164 Henry
1404 2448 352 124 Pitz.
1920 2448 328 124 New
2320 2444 388 124 York
2776 2452 108 116 &
2956 2448 620 156 London,
3648 2444 556 164 Harper
4280 2448 112 120 &
4468 2444 456 128 broth-

184 2680 200 80 ers
456 2632 492 144 [ͨ1927]

344 2828 64 92 8
468 2856 96 84 p.
624 2832 36 88 l
680 2900 52 40 .,
792 2824 204 96 454
1052 2852 104 88 p.
1296 2848 56 72 c
1364 2828 140 92 ol.
1564 2824 392 112 front.,
2016 2820 340 116 illus.,
2420 2824 408 116 plates.
2968 2824 68 92 2
3040 2824 684 108 3½ͨͫ
3228 2896 20 24 .

348 2956 808 96 Introduction
1216 2956 464 116 signed:
1744 2952 128 100 F.
1936 2956 104 96 J.
2104 2956 396 96 Dowd.

344 3092 316 100 First
728 3092 608 116 published
1400 3092 120 96 in
1580 3088 308 104 1885.

180 3208 112 108 ©
372 3232 300 112 Sept.
744 3228 160 112 15,
972 3228 332 108 1927;
1376 3228 64 92 2
1440 3244 56 76 c
1516 3304 16 20 .
1608 3228 304 112 Sept.
1980 3228 196 100 13;
2248 3228 196 96 aff.
2520 3228 304 112 Sept.
2896 3228 188 92 17;
3160 3228 96 92 A
3320 3224 540 104 1004188;
3944 3232 460 108 Harper
4472 3228 84 96 &
4624 3228 300 96 bros.

340 3372 156 112 [©
588 3364 780 96 illustrations
1452 3364 144 112 by
1680 3364 400 108 Henry
2168 3364 252 92 Pitz
2628 3360 668 120 (27-19297)
4440 3360 280 100 7745

172 3588 616 148 Durand,
860 3588 408 124 John.

344 3772 280 128 The
708 3772 604 128 business
1400 3768 152 128 of
1640 3772 560 164 trading
2276 3772 144 124 in
2508 3772 484 160 stocks,
3076 3776 180 160 by
3344 3772 376 128 John
3804 3776 616 124 Durand.
4596 3776 332 128 New

184 3956 380 128 York
624 3956 316 164 city,
1000 3956 284 128 The
1348 3956 720 164 Magazine
2136 3952 152 132 of
2344 3956 376 128 Wall
2776 3968 412 116 street
3260 3956 152 148 [ͨ
3360 3956 320 128 1927
3676 3976 36 108 ]

344 4148 236 116 viii,
648 4148 204 96 169
904 4176 104 88 p.
1068 4148 120 96 in
1196 4148 100 96 cl
1308 4224 24 20 .
1396 4148 404 116 tables,
1864 4148 424 116 diagrs.
2432 4148 352 96 front.
2932 4148 680 108 19½ͨͫ.

348 4284 384 96 "First
804 4280 608 116 published
1488 4280 116 96 in
1680 4284 196 96 the
1956 4280 600 116 Magazine
2636 4284 120 92 of
2832 4284 304 92 Wall
3212 4292 364 88 street
3656 4284 420 116 during
4152 4288 196 96 the
4424 4288 504 96 interval

184 4420 504 92 between
752 4420 296 96 June
1112 4416 96 112 5,
1276 4420 304 108 1926,
1644 4420 228 92 and
1936 4416 400 96 March
2396 4416 164 96 26.
2624 4416 840 100 1927."—Pref.

176 4532 116 116 ©
368 4552 280 112 Aug.
720 4556 164 104 22,
956 4552 332 96 1927;
1368 4552 160 96 2c.
1604 4556 224 92 and
1900 4576 60 72 a
1976 4552 120 96 ff.
2176 4552 304 120 Sept.
2556 4552 192 100 16;
2828 4556 92 88 A
2992 4548 468 100 999949;
3548 4556 416 96 Ticker
4036 4556 256 112 pub.
4376 4580 120 72 co
4516 4632 52 36 .,
4644 4556 280 96 New

336 4680 336 104 York.
844 4688 664 116 (27-19429)
4436 4688 288 104 7746

180 4912 404 148 Eells,
660 4912 376 124 Elsie
1108 4912 520 152 Spicer.

348 5096 280 124 The
736 5096 444 164 magic
1280 5100 452 152 tooth;
1848 5100 268 120 and
2224 5100 388 120 other
2720 5100 332 124 tales
3168 5096 360 128 from
3644 5100 224 128 the
3976 5104 664 160 Amazon,
4748 5108 180 160 by

188 5280 360 128 Elsie
632 5276 472 168 Spicer
1184 5280 412 164 Eells,
1676 5280 332 128 with
2088 5280 908 132 illustrations
3068 5284 184 164 by
3328 5288 648 124 Florence
4060 5284 516 132 Choate
4656 5292 272 124 and

184 5460 704 128 Elizabeth
968 5464 500 128 Curtis.
1632 5468 556 160 Boston,
2260 5468 468 160 Little,
2800 5472 552 156 Brown,
3424 5472 268 124 and
3776 5512 708 124 company,
4568 5476 356 128 1927.

344 5656 236 112 viii,
636 5660 204 92 243
900 5684 100 88 p.
1144 5664 204 92 col.
1412 5660 388 112 front.,
1864 5660 304 96 illus.
2312 5656 652 104 21ͨͫ.

184 5764 108 112 ©
392 5792 296 112 Sept.
780 5796 88 108 1,
964 5792 328 112 1927;
1384 5792 160 100 2c.
1632 5796 228 92 and
1944 5820 60 68 a
2020 5792 120 100 ff.
2232 5796 304 112 Sept.
2624 5800 196 96 19:
2916 5800 92 88 A
3092 5796 476 116 999980;
3664 5800 392 112 Little,
4144 5804 456 112 Brown,
4692 5808 224 92 and

336 5952 584 88 company.
1096 5928 664 116 (27-19298)
4436 5932 288 104 7747

176 6148 404 148 Eliot,
660 6152 328 124 Mrs.
1072 6152 420 124 Ethel
1592 6152 516 152 (Cook)
2216 6164 316 116 1890
2536 6236 80 12 –

344 6332 484 168 Storey
908 6380 516 120 manor,
1512 6384 72 80 a
1672 6356 640 148 mystery,
2408 6340 176 164 by
2672 6344 412 124 Ethel
3176 6344 376 128 Cook
3640 6348 416 160 Eliot,
4148 6348 772 128 illustrated

176 6520 168 160 by
444 6524 592 124 Eleanor
1132 6524 440 124 Parke
1684 6524 492 128 Custis.
2356 6524 552 128 Garden
3020 6528 364 164 City,
3488 6532 160 124 N.
3756 6536 216 152 Y.,
4072 6532 852 168 Doubleday,

180 6708 360 160 Page
592 6712 108 120 &
752 6748 704 120 company,
1524 6712 352 124 1927.

340 6900 60 96 5
452 6928 104 88 p.
612 6908 40 88 l
660 6976 52 36 .,
768 6904 204 92 246
1028 6932 100 88 p.
1276 6908 200 92 col.
1532 6904 356 96 front.
2032 6904 748 104 19½ͨͫ.

184 7008 112 116 ©
392 7036 300 116 Sept.
780 7036 88 116 9,
956 7040 332 104 1927;
1376 7044 152 88 2c.
1624 7044 224 92 and
1936 7040 192 100 aff.
2224 7044 304 112 Sept.
2616 7044 184 92 19;
2900 7044 92 92 A
3076 7044 476 112 999938;
3644 7048 708 116 Doubleday,
4444 7056 304 108 Page
4836 7056 84 96 &

336 7196 160 72 co.
660 7172 664 116 (27-19214)
4436 7180 280 104 7748

184 7360 528 152 Fisher,
788 7368 728 124 Elizabeth
1584 7372 184 120 M.

280 7560 72 144 [
352 7624 28 80 I
476 7548 480 124 llustra
964 7564 60 112 t
1028 7552 292 128 ions
1464 7552 180 164 by
1740 7556 112 116 E
1876 7660 20 20 .
1996 7568 144 116 M
2164 7660 16 24 .
2284 7560 488 124 Fisher
2872 7560 188 156 [in
3152 7572 56 112 t
3212 7560 168 124 he
3472 7560 352 124 book
3912 7608 164 80 en
4084 7576 60 112 t
4148 7564 44 124 i
4204 7580 56 112 t
4264 7564 220 128 led
4636 7568 284 124 The

184 7724 320 172 king
604 7732 148 124 of
852 7740 224 120 the
1180 7740 488 160 golden
1776 7744 424 136 river;
2316 7788 192 92 or,
2612 7744 284 124 The
3000 7744 400 124 black
3496 7744 660 144 brothers,
4264 7752 176 140 by
4544 7752 376 124 John

184 7912 548 132 Ruskin.
920 7920 640 168 Chicago,
1656 7924 492 128 Albert
2236 7928 712 128 Whitman
3048 7936 104 120 &
3248 7976 668 116 company
4068 7916 416 180 [ͨ1927]

336 8112 196 92 125
600 8140 92 84 p.
768 8112 36 92 i
812 8140 72 64 n
892 8116 100 92 cl
1004 8192 20 20 .
1092 8120 204 92 col.
1364 8116 388 116 front.,
1816 8144 60 68 c
1884 8124 140 92 ol.
2092 8120 340 116 illus.,
2504 8128 204 92 col.
2776 8128 408 108 plates.
3328 8128 64 92 2
3400 8108 612 108 1ͨͫ
3580 8152 20 52 .

188 8208 112 112 ©
372 8248 296 112 Sept.
732 8252 156 104 12,
952 8252 332 108 1927;
1352 8256 156 96 2c.
1576 8256 300 112 Sept.
1940 8256 196 100 20:
2204 8260 192 96 aff.
2468 8260 300 112 Sept.
2832 8260 184 96 17;
3092 8264 96 88 A
3248 8264 544 108 1004238;
3856 8264 404 96 Albert
4320 8268 596 96 Whitman

344 8380 84 96 &
488 8408 152 72 co.
4432 8404 280 96 7749

184 8564 368 156 Fisk,
624 8572 332 124 Earl
1028 8576 112 124 E
1820 8584 196 124 ed.

348 8752 872 136 Persuasions
1284 8776 140 112 to
1488 8764 300 160 joy;
1868 8812 168 80 an
2108 8768 748 164 anthology
2920 8768 156 128 of
3140 8776 900 128 Elizabethan
4108 8780 292 124 love
4468 8780 452 164 lyrics.

200 8932 488 132 Edited
792 8944 184 160 by
1088 8944 332 124 Earl
1536 8948 156 124 E.
1816 8952 368 124 Fisk.
2384 8956 760 124 Decorated
3256 8960 184 160 by
3548 8960 636 128 Haldane
4300 8960 616 132 Macfall.

196 9112 312 132 New
584 9124 424 160 York,
1080 9128 576 128 Printed
1736 9128 220 132 for
2032 9136 528 164 George
2640 9140 180 120 H.
2900 9140 472 128 Doran
3448 9184 708 128 company,
4244 9148 356 128 1927.

356 9312 72 80 x
440 9308 108 96 vi
600 9340 136 88 p.,
792 9320 60 92 1
912 9320 100 108 1.,
1076 9320 412 96 17-104
1536 9352 104 84 p.
1704 9324 120 92 in
1832 9332 100 92 cl
1948 9404 20 20 .
2020 9328 356 96 front.
2376 9348 28 56 ,
2472 9328 308 100 illus.
2920 9316 760 116 21½ͨͫ.

192 9424 112 108 ©
376 9440 296 120 Sept.
740 9452 160 100 16.
964 9452 332 100 1927:
1364 9460 160 92 2c.
1592 9464 220 88 and
1884 9460 120 96 af
1980 9460 72 92 f
2056 9544 16 12 .
2148 9464 304 112 Sept.
2520 9464 192 96 21:
2788 9468 92 88 A
2952 9464 404 100 100705
3364 9460 68 84 5
3452 9472 32 80 :
3572 9472 436 112 George
4076 9476 144 96 H.
4288 9476 100 88 D
4400 9500 128 68 or
4536 9500 60 68 a
4616 9504 64 64 n
4752 9504 124 68 co
4896 9556 16 16 .

372 9576 656 124 (27-19392)
4432 9608 280 100 7750

2404 9732 316 116 1165
