5968 10284
1028 880 368 152 Sipe,
1476 876 600 136 Chester
2148 876 400 132 Hale.

1200 1068 292 128 The
1560 1064 516 132 Indian
2144 1064 440 132 chiefs
2656 1064 156 132 of
2884 1064 1084 168 Pennsylvania;
4048 1112 196 116 or,
4312 1064 132 128 A
4520 1076 380 156 story
4972 1064 152 132 of
5196 1072 232 124 the
5500 1088 300 148 part

1040 1256 492 164 played
1584 1256 184 160 by
1824 1256 232 124 the
2108 1252 736 128 American
2900 1252 512 128 Indian
3468 1252 144 124 in
3668 1252 232 128 the
3952 1252 536 168 history
4540 1252 156 128 of
4752 1256 1052 164 Pennsylvania,

1032 1440 408 132 based
1552 1440 732 164 primarily
2384 1484 176 80 on
2664 1440 232 124 the
3000 1440 1020 164 Pennsylvania
4128 1440 616 128 archives
4852 1444 268 128 and
5228 1444 568 132 colonial

1044 1632 568 156 records,
1700 1632 268 124 and
2052 1624 360 128 built
2492 1628 528 124 around
3100 1632 232 120 the
3412 1624 900 168 outstanding
4396 1624 480 164 chiefs,
4948 1632 184 160 by
5212 1624 156 136 C.
5452 1632 348 132 Hale

1040 1812 328 168 Sipe
1468 1832 84 132 …
1708 1816 332 124 with
2136 1860 176 80 an
2404 1812 932 132 introduction
3420 1816 188 164 by
3692 1816 248 124 Dr.
4036 1812 532 168 George
4656 1816 156 128 P.
4904 1816 660 132 Donehoo
5656 1832 84 132 …

1032 2004 524 148 Butler,
1624 2004 288 160 Pa.,
1984 2004 292 124 The
2336 2000 532 168 Ziegler
2936 2000 636 164 printing
3636 2044 240 116 co.,
3940 2000 260 128 inc.
4304 2004 160 144 [ͨ1
4464 2004 324 144 927]

1200 2200 204 96 569
1468 2224 104 92 p.
1636 2200 188 96 inc
1828 2200 36 92 l
1876 2276 20 20 .
1960 2196 364 100 front.
2392 2192 416 120 (port.)
2968 2196 684 112 23½ͨͫ.

1200 2364 664 116 "Principal
1932 2388 468 72 sources
2460 2360 484 100 utilized
3004 2360 120 96 in
3188 2364 196 96 the
3452 2360 752 120 preparation
4272 2360 124 100 of
4464 2364 236 100 this
4768 2364 456 100 work":
5296 2396 100 88 p.
5468 2388 32 80 [
5508 2368 56 96 1
5572 2368 68 96 0
5644 2416 24 72 ]

1028 2520 116 100 ©
1216 2536 268 116 Apr.
1544 2536 64 92 5
1616 2536 420 116 ,1927;
2100 2536 164 96 2c.
2324 2536 272 112 Apr.
2656 2536 124 108 8;
2848 2560 64 68 a
2928 2532 68 92 f
2944 2532 104 100 f.
3108 2532 272 116 Apr.
3440 2536 128 112 7;
3632 2532 96 92 A
3788 2528 272 100 9725
4072 2532 60 96 9
4140 2532 116 96 9;
4336 2532 120 100 C.
4520 2536 148 96 H.
4736 2536 296 112 Sipe,
5100 2540 440 112 Butler,
5604 2540 188 100 Pa.

1212 2672 604 116 (27-7594)
5300 2668 280 104 2570

1024 2936 464 144 Stout,
1576 2928 332 128 Earl
1992 2928 768 152 Jonathan,
2852 2972 424 120 comp.

1196 3116 740 168 Daybreak
2032 3116 156 128 of
2284 3160 468 120 peace;
2864 3160 72 80 a
3036 3116 716 128 collection
3852 3112 156 128 of
4108 3116 896 164 appropriate
5108 3160 376 88 verse
5588 3116 208 132 for

1024 3348 228 84 use
1320 3304 144 128 in
1532 3304 232 128 the
1832 3304 816 128 observance
2716 3300 156 128 of
2940 3300 740 128 Armistice
3756 3300 272 168 day
4100 3300 140 128 in
4320 3300 524 132 schools
4920 3300 272 132 and
5264 3308 528 164 organi-

1028 3536 148 84 za
1188 3504 56 112 t
1256 3488 332 160 ions,
1708 3488 676 164 compiled
2504 3488 176 168 by
2812 3488 284 124 Ear
3108 3488 44 124 l
3272 3488 712 132 Jonathan
4116 3484 244 136 Sto
4368 3528 88 84 u
4464 3504 60 112 t
4632 3500 84 148 …
5056 3488 740 168 Dansville,

1028 3680 160 124 N.
1256 3680 220 160 Y.,
1532 3680 160 124 F.
1752 3672 172 128 A.
1988 3672 432 132 Owen
2476 3672 808 168 publishing
3344 3716 676 124 company
4116 3680 400 144 [ͨ1926
4492 3716 60 96 ]

1188 3868 212 96 159
1460 3896 104 88 p.
1708 3868 648 108 19ͨͫ.

1024 4036 120 112 ©
1224 4044 292 96 Mar.
1584 4040 96 112 8,
1756 4040 336 112 1927;
2164 4040 160 104 2c.
2400 4040 224 92 and
2700 4064 64 68 a
2776 4036 64 96 f
2800 4048 92 92 f.
2972 4048 292 92 Mar.
3336 4036 196 112 25;
3612 4036 92 96 A
3780 4036 476 116 972178;
4340 4036 124 104 F.
4536 4036 132 100 A.
4744 4036 348 100 Owen
5168 4036 260 120 pub.
5500 4068 160 72 co.

1208 4176 604 120 (27-6976)
5316 4172 280 104 2571

1016 4432 656 152 Thomas,
1756 4432 636 128 Norman
2472 4432 696 152 Mattoon,
3256 4440 340 120 1884
3596 4512 72 16 –

1188 4620 148 128 Is
1420 4620 768 128 conscience
2276 4668 76 76 a
2440 4616 496 132 crime?
3124 4624 220 160 By
3428 4620 620 128 Norman
4136 4620 636 128 Thomas.
4948 4620 332 128 New
5380 4620 412 160 York,

1016 4808 764 164 Vanguard
1848 4848 372 120 press
2300 4800 456 164 [ͨ1927]

1188 5000 248 116 xiii,
1500 4996 240 116 303,
1812 5000 96 116 [7
1916 5044 28 72 ]
2008 5024 104 92 p.
2252 5000 756 108 18½ͨͫ.

1196 5168 308 96 "The
1572 5164 544 100 material
2192 5164 120 96 in
2384 5168 196 92 the
2648 5168 472 112 present
3188 5164 460 96 volume
3720 5168 336 92 made
4128 5192 156 88 up
4360 5164 192 96 the
4632 5164 912 100 'Conscientious
5616 5168 172 96 ob-

1020 5304 372 112 jector
1456 5300 120 96 in
1636 5300 604 112 America',
2308 5296 612 120 published
2980 5296 120 96 in
3164 5300 844 96 1923."—Pref.

1020 5468 120 108 ©
1232 5476 272 112 Apr.
1592 5472 96 112 1,
1776 5468 336 112 1927;
2204 5472 164 96 2c.
2456 5472 228 92 and
2776 5468 196 96 aff.
3060 5468 272 112 Apr.
3420 5468 128 112 4;
3644 5468 100 92 A
3828 5468 60 92 9
3900 5468 400 108 72478;
4404 5472 628 116 Vanguard
5120 5496 360 92 press,
5568 5472 204 100 inc.

1184 5636 156 108 [©
1420 5604 792 100 introduction
2284 5608 228 92 and
2580 5604 732 136 postscript]
3420 5604 604 116 (27-7405)
5308 5604 284 104 2572

1012 5860 352 152 Tull,
1436 5864 416 148 Mary
1924 5860 576 128 Esther.

1196 6044 568 136 Stained
1832 6048 696 164 windows,
2584 6048 180 164 by
2816 6048 412 164 Mary
3292 6048 500 128 Esther
3856 6048 360 128 Tull.
4364 6048 1024 168 Philadelphia,
5444 6056 328 124 Dor-

1020 6280 396 80 rance
1488 6236 268 124 and
1828 6280 676 120 company
2604 6236 396 140 [ͨ1927
3012 6312 28 84 ]

1188 6436 132 96 68
1384 6460 104 88 p.
1628 6432 64 92 2
1700 6432 576 108 0ͨͫ
1888 6508 20 20 .
2080 6432 32 112 (
2136 6436 116 92 H
2260 6460 60 68 a
2336 6432 460 116 lf-title:
2864 6432 916 112 Contemporary
3848 6436 328 108 poets
4240 6432 120 96 of
4432 6436 624 108 Dorrance,
5128 6432 192 112 52)

1020 6568 116 108 ©
1220 6604 288 96 Mar.
1584 6600 160 112 15,
1820 6600 336 112 1927;
2236 6604 160 96 2c.
2472 6604 232 96 and
2776 6600 192 100 aff.
3048 6604 272 112 Apr.
3392 6604 128 108 4;
3600 6600 96 96 A
3768 6600 480 112 972488;
4332 6604 524 96 Dorranc
4864 6628 60 72 e
5000 6604 88 96 &
5160 6628 196 72 co.,
5436 6600 208 100 inc.

1200 6736 604 116 (27-7305)
5304 6736 280 100 2573

1020 6960 496 148 Waite,
1588 6960 372 132 John
2028 6960 668 156 Herbert,
2776 6972 316 120 1889
3096 7040 92 16 –

1280 7144 76 148 …
1432 7144 528 168 Saving
2036 7148 620 164 eyesight
2740 7144 364 132 after
3188 7144 652 164 mid-life,
3924 7152 180 160 by
4188 7148 380 132 John
4648 7152 604 124 Herbert
5332 7144 440 132 Waite

1192 7336 80 136 …
1352 7328 872 168 Cambridge,
2300 7332 660 128 Harvard
3040 7332 764 168 university
3884 7376 420 120 press,
4384 7332 364 128 1927.

1176 7524 140 100 48
1396 7552 104 88 p.
1644 7528 376 112 plates
2088 7528 112 112 (1
2288 7528 416 96 double
2788 7528 268 112 col.)
3164 7528 412 96 double
3660 7528 368 112 diagr.
4176 7520 716 108 17½ͨͫ.
4688 7524 612 116 (Harvard
5384 7520 384 104 health

1016 7652 368 120 talks)

1016 7800 116 108 ©
1208 7828 288 96 Mar.
1560 7828 96 112 8,
1720 7828 272 100 1927
2020 7840 32 80 ;
2124 7832 64 92 2
2192 7840 60 80 c
2268 7908 20 20 .
2356 7836 292 92 Mar.
2716 7832 132 92 14
2876 7840 28 80 ;
2984 7832 196 96 aff.
3244 7832 272 116 Apr.
3584 7832 120 112 1;
3780 7832 92 92 A
3940 7828 476 112 972416;
4492 7832 612 96 President
5172 7832 88 96 &
5324 7832 120 92 fe
5456 7828 64 96 ll
5540 7848 220 76 ows

1176 7964 124 96 of
1372 7968 540 92 Harvard
1996 7968 460 112 college,
2536 7968 716 116 Cambridge,
3332 7972 352 96 Mass.
3852 7964 600 120 (27-7409)
5296 7960 280 104 2574

1008 8180 688 156 Webster,
1788 8188 456 152 Noah,
2336 8188 320 128 1758
2660 8268 88 12 –
2756 8196 360 120 1843.

1260 8372 84 136 …
1428 8372 288 124 The
1804 8376 648 128 diamond
2540 8376 620 132 Webster
3252 8376 816 168 dictionary,
4152 8376 1316 164 self-pronouncing,
5552 8372 200 124 ed-

1024 8556 28 124 i
1076 8568 44 116 t
1136 8556 160 128 ed
1388 8560 184 164 by
1660 8560 520 164 Joseph
2276 8564 132 124 D
2420 8608 156 80 ev
2584 8564 48 120 l
2644 8564 144 124 in
2848 8556 76 144 …
3136 8564 332 124 assis
3476 8576 60 112 t
3544 8564 160 124 ed
3800 8564 176 160 by
4072 8608 60 80 a
4248 8588 392 136 corps
4732 8560 156 128 of
4980 8560 684 164 recognize
5660 8552 80 120 d

1008 8744 808 128 authorities
1940 8748 144 120 in
2200 8748 236 160 phi
2452 8748 48 120 l
2508 8748 408 164 ology
3036 8748 268 128 and
3424 8748 44 124 l
3480 8748 924 168 exicography
4484 8752 84 144 …
4888 8748 336 128 New
5344 8740 412 160 York,

1008 8928 480 128 World
1560 8932 704 156 syndicate
2332 8976 712 120 company,
3116 8932 252 128 inc.
3456 8928 448 148 [ͨ1927]

1176 9124 64 92 2
1308 9148 108 92 p.
1488 9128 36 92 l
1540 9200 52 40 .,
1672 9124 68 96 9
1740 9180 72 12 –
1812 9124 208 96 900
2088 9152 104 92 p.
2332 9128 64 92 2
2404 9124 1064 104 0ͨͫ.

1040 9312 60 68 ©
1208 9288 120 88 M
1328 9320 164 72 ar.
1564 9296 164 112 16,
1796 9296 336 104 1927;
2204 9300 164 96 2c.
2440 9300 292 100 Mar.
2800 9300 196 112 28;
3072 9300 200 100 aff.
3344 9300 288 100 Mar.
3700 9300 196 112 24;
3972 9304 100 92 A
4140 9300 476 112 972233;
4696 9304 396 96 World
5164 9292 584 120 syndicate

1168 9456 196 88 co.,
1444 9428 216 104 inc.
1828 9432 600 120 (27-7498)
5284 9424 276 108 2575

3284 9572 240 116 392
