5920 10300
312 1016 748 124 American
1144 1016 660 124 institute
1884 1016 148 124 of
2112 1008 936 156 cooperation.

476 1236 732 124 American
1308 1236 932 156 cooperation:
2356 1280 64 76 a
2536 1232 708 124 collection
3344 1232 152 124 of
3600 1272 492 120 papers
4200 1228 268 128 and
4568 1228 500 128 discus-

312 1424 360 124 sions
752 1420 840 164 comprising
1664 1424 228 120 the
1976 1420 480 124 second
2544 1464 584 80 summer
3212 1416 504 128 session
3796 1412 152 132 of
4032 1416 228 124 the
4340 1412 736 128 American

316 1608 616 124 institute
1012 1604 156 124 of
1244 1604 872 160 cooperation
2192 1620 136 108 at
2404 1608 228 120 the
2708 1604 812 160 University
3592 1600 152 128 of
3820 1604 820 160 Minnesota,
4712 1604 364 128 June

312 1792 592 164 21-July
976 1788 192 160 17,
1240 1800 356 116 1926.
1776 1836 120 80 v.
1980 1800 108 116 1.
2156 1800 116 116 2.
2444 1792 960 160 Washington,
3476 1792 168 124 D.
3724 1788 192 132 C.,
3988 1788 288 124 The
4340 1788 732 128 American

312 1980 480 124 institu
804 1992 52 108 t
868 2024 64 80 e
1004 1976 156 132 of
1232 1976 872 164 cooperation
2192 2060 28 76 [
2232 1992 40 48 ͨ
2292 1984 356 152 1926]

476 2208 60 96 2
600 2236 104 72 v.
844 2208 68 92 2
916 2208 648 108 3½ͨͫ.

320 2376 108 108 ©
524 2376 272 100 Dec.
876 2376 164 112 22,
1124 2376 340 112 1926;
1556 2380 156 92 2c.
1800 2376 280 96 each
2168 2376 228 96 and
2484 2376 260 96 affs.
2832 2376 264 96 Jan.
3184 2376 160 104 13.
3440 2376 332 92 1927:
3872 2376 92 92 A
4056 2376 272 96 9587
4332 2372 72 96 0
4404 2372 64 92 2
4468 2424 32 56 ,
4592 2372 412 96 958703
5044 2400 24 72 ;

476 2512 608 96 American
1160 2512 540 96 institute
1776 2512 120 96 of
1968 2512 776 112 cooperation.
4024 2504 392 116 11473,
4496 2504 356 100 11474

320 2772 744 124 American
1220 2772 772 128 statistical
2144 2772 900 124 association.
3272 2776 296 136 Com
3512 2796 80 92 n
3604 2820 72 72 m
3712 2772 108 120 it
3836 2784 196 112 tee
4192 2800 68 88 o
4264 2816 72 76 n
4512 2812 568 120 govern-

476 2960 516 124 mental
1060 2956 48 124 l
1112 3004 80 80 a
1204 2960 240 124 bor
1508 2960 452 124 statist
1952 2956 48 116 i
2000 2980 76 96 c
2076 2980 68 88 s
2172 3060 20 24 .

488 3180 972 160 Employment
1560 3180 652 124 statistics
2324 3176 220 124 for
2648 3180 224 124 the
3052 3180 428 144 United
3608 3180 452 124 States
4080 3204 36 92 ;
4240 3228 64 76 a
4424 3180 320 160 plan
4856 3180 224 124 for

320 3364 352 128 their
784 3364 604 128 national
1520 3364 696 128 collection
2348 3368 248 120 and
2744 3364 720 128 handbook
3576 3364 156 124 of
3848 3368 612 124 methods
4584 3408 492 84 recom-

320 3556 552 124 mended
956 3552 176 164 by
1208 3552 228 124 the
1512 3552 800 124 Committee
2396 3596 168 80 on
2640 3552 1024 160 governmental
3744 3552 384 124 labor
4200 3552 652 128 statistics
4932 3552 156 124 of

320 3740 224 124 the
624 3736 720 124 American
1424 3736 720 124 statistical
2224 3736 848 128 association,
3148 3736 440 124 edited
3672 3736 180 164 by
3928 3740 464 160 Ralph
4464 3736 164 132 G.
4708 3740 356 124 Hur-

320 3920 200 128 lin
588 3928 80 132 …
828 3924 264 124 and
1172 3924 620 124 William
1868 3920 164 124 A.
2116 3920 668 164 Berridge
2880 3928 80 132 …
3196 3920 328 128 New
3608 3920 428 164 York,
4112 3928 536 124 Russell
4728 3920 352 168 Sage

324 4108 860 144 foundation,
1264 4112 356 120 1926.

488 4340 196 96 xvi
752 4364 100 88 p.
856 4368 28 56 ,
964 4340 60 92 1
1096 4332 44 92 l
1148 4412 56 40 .,
1268 4336 208 96 215
1544 4364 100 84 p.
1720 4336 188 96 inc
1912 4340 36 88 l
1964 4416 16 16 .
2056 4332 304 104 illus.
2432 4336 380 116 (map)
2904 4336 464 112 diagrs..
3444 4340 400 96 forms.
3988 4340 64 92 2
4056 4336 684 104 3½ͨͫ
4304 4372 32 52 .

324 4504 112 112 ©
524 4508 264 96 Dec.
864 4508 156 104 10,
1100 4508 340 108 1926;
1516 4508 160 96 2c.
1756 4508 224 92 and
2056 4508 196 96 aff.
2332 4508 100 92 D
2440 4532 56 72 e
2508 4536 88 68 c.
2672 4508 196 96 27:
2952 4508 88 92 A
3124 4508 132 92 96
3268 4508 52 96 3
3332 4508 268 100 426:
3684 4508 452 100 Russell
4228 4508 292 116 Sage
4604 4512 476 96 founda-

488 4644 272 96 tion.
928 4640 596 116 (27-1578)
4504 4640 356 104 11475

324 4900 896 152 Armstrong,
1296 4900 132 124 K
2116 4904 168 120 D.

492 5084 856 168 Checonomy
1448 5084 748 168 (economy,
2272 5088 328 120 with
2684 5132 76 80 a
2836 5088 468 156 check)
3412 5092 488 160 phrase
3976 5092 368 152 code,
4420 5092 660 160 compiled

324 5272 264 124 and
680 5272 716 164 published
1472 5276 180 160 by
1732 5276 176 124 K.
1988 5276 168 124 D.
2240 5276 868 160 Armstrong.
3292 5276 836 160 Melbourne,
4260 5276 352 128 1927.

488 5504 60 96 1
608 5532 96 84 p.
760 5504 44 88 l
816 5576 52 40 .,
928 5504 120 96 ix
1060 5576 20 40 ,
1136 5504 208 96 510
1396 5528 136 92 p.,
1596 5504 56 92 1
1708 5508 40 92 l
1764 5580 20 20 .
1928 5504 752 108 29½ͨͫ.

324 5660 120 116 ©
520 5676 160 96 1c.
748 5680 280 96 Nov.
1096 5680 60 92 2
1160 5680 64 92 3
1240 5756 16 36 ,
1328 5676 328 96 1927:
1740 5680 88 92 A
1900 5684 144 88 ad
2116 5680 36 92 i
2164 5708 64 64 n
2248 5684 40 88 t
2300 5756 24 20 .
2408 5680 392 96 10253:
2876 5684 336 112 pubd.
3292 5680 308 112 Sept.
3668 5684 200 96 27:
3952 5680 132 100 K.
4156 5684 136 92 D.
4372 5684 684 112 Armstrong

488 5816 704 112 Melbourne,
1276 5812 540 112 Victoria.
1908 5816 92 92 A
2012 5840 68 68 u
2092 5816 452 96 stralia.
2720 5816 528 116 (28-916)
4508 5812 356 104 11476

324 6072 580 152 Arnold,
972 6072 524 152 Joseph
1568 6072 548 148 Alfred,
2192 6076 200 124 ed.

496 6260 644 124 Arnold's
1220 6260 496 124 annual
1792 6260 408 160 guide
2276 6256 224 128 for
2576 6260 328 124 New
2980 6260 388 124 York
3436 6260 612 132 business
4112 6268 980 164 corporations,

336 6452 352 120 1926.
876 6448 308 124 11th
1256 6448 244 152 ed.,
1568 6492 268 80 rev.
1908 6444 260 124 and
2240 6444 252 124 enl.
2628 6456 80 128 …
2904 6448 216 160 By
3184 6448 512 160 Joseph
3768 6448 168 124 A.
4000 6452 580 128 Arnold.
4760 6456 332 128 New

332 6632 424 156 York,
828 6628 488 160 Baker,
1380 6628 596 128 Voorhis
2044 6636 108 116 &
2220 6672 708 120 company,
3004 6636 360 120 1926.

488 6864 60 88 1
624 6888 100 68 v.
864 6860 644 104 23½ͨͫ.

332 7008 120 116 ©
520 7028 88 96 O
620 7056 56 68 c
684 7032 80 96 t.
824 7028 60 92 5
896 7104 20 36 ,
976 7024 340 116 1926;
1376 7032 64 88 2
1440 7052 68 68 c
1520 7104 20 20 .
1600 7052 56 68 a
1676 7028 152 92 nd
1888 7052 60 68 a
1968 7024 116 100 ff.
2148 7028 68 92 J
2228 7052 60 68 a
2304 7056 108 64 n.
2468 7028 92 92 3.
2628 7024 336 116 1927;
3036 7028 96 92 A
3188 7028 68 92 9
3260 7028 68 92 5
3332 7028 336 100 7956:
3740 7024 96 92 B
3840 7032 316 100 aker.
4224 7036 164 96 Vo
4396 7064 132 68 or
4532 7036 112 96 hi
4664 7068 52 64 s
4780 7040 88 96 &
4928 7068 164 72 co.

4516 7168 360 104 11477

340 7284 664 156 Asquith,
1108 7288 392 164 Lady
1600 7284 624 152 Cynthia
2316 7288 416 148 Mary
2832 7284 536 152 Evelyn
3488 7288 888 156 (Charteris)

504 7472 180 124 H.
768 7476 160 120 R.
1012 7472 184 124 H.
1280 7476 228 120 the
1584 7472 608 124 Duchess
2272 7468 152 128 of
2508 7468 424 128 York.
3124 7472 864 156 [Instalment
4076 7472 96 128 1]

524 7704 116 112 (I
648 7728 76 68 n
792 7692 596 100 Woman's
1464 7692 472 120 journal
2016 7692 656 124 magazine,
2752 7692 336 120 Nov.,
3168 7692 344 124 1927)

340 7852 120 116 ©
544 7872 44 88 1
600 7880 64 80 c
684 7948 20 20 .
784 7872 268 96 Dec.
1132 7872 96 112 9,
1308 7872 336 108 1927;
1728 7868 100 92 A
1904 7872 144 92 ad
2128 7868 120 92 in
2264 7872 44 92 t
2320 7948 24 20 .
2420 7868 404 112 10326;
2916 7896 68 88 p
2992 7880 68 76 u
3064 7868 192 100 bd.
3340 7872 244 96 Oct.
3668 7876 196 108 15;
3952 7876 324 116 Lady
4360 7880 120 100 C.
4560 7884 532 116 Asquith,

500 8008 504 96 London.
4520 8012 352 104 11478

344 8260 404 148 Auld,
832 8260 544 152 George
1460 8260 680 148 Percival,
2232 8268 308 116 1881
2552 8336 88 16 –

504 8448 288 124 The
860 8448 488 124 Dawes
1420 8444 324 164 plan
1816 8444 264 124 and
2152 8444 228 124 the
2444 8488 296 80 new
2804 8444 784 140 economics,
3652 8452 180 164 by
3896 8452 528 164 George
4496 8460 152 124 P.
4720 8464 364 128 Auld

420 8640 84 128 …
588 8632 328 124 with
1012 8632 680 124 foreword
1776 8628 184 164 by
2040 8628 452 128 Rufus
2584 8628 148 128 C.
2820 8632 524 124 Dawes.
3524 8632 556 132 Garden
4168 8640 368 164 City,
4620 8648 168 124 N.
4880 8652 220 128 Y..

348 8816 840 164 Doubleday,
1240 8816 372 164 Page
1668 8820 108 120 &
1828 8856 708 120 company,
2600 8816 356 124 1927.

508 9044 64 96 2
628 9072 104 88 p.
792 9044 44 88 l
844 9116 56 40 .,
956 9040 160 96 vii
1120 9096 72 16 –
1184 9052 160 84 xv
1352 9040 40 96 i
1388 9040 40 92 i
1492 9068 136 92 p.,
1688 9040 56 92 1
1804 9044 40 92 l
1860 9116 52 36 .,
1968 9044 64 92 3
2044 9044 48 92 1
2112 9044 64 92 7
2228 9068 104 88 p.
2472 9040 760 112 21½ͨͫ.

512 9212 388 96 "First
952 9208 540 100 edition."

348 9372 112 108 ©
536 9380 284 96 Nov.
880 9380 96 112 4,
1040 9380 60 92 1
1112 9376 72 96 9
1180 9380 200 108 27;
1448 9376 64 96 2
1516 9396 56 80 c
1592 9452 20 20 .
1676 9380 224 92 and
1972 9376 124 96 af
2080 9376 60 92 f
2148 9452 16 20 .
2236 9376 268 96 Dec.
2568 9376 196 100 16;
2836 9376 100 92 A
3000 9376 548 120 1010939;
3628 9388 708 124 Doubleday,
4408 9400 304 112 Page
4784 9404 88 96 &
4936 9436 152 68 co.

532 9512 668 120 (27-25563)
4524 9532 352 108 11479

2564 9632 324 132 1705
