5920 10300
164 996 668 148 Rehfuss,
904 992 532 124 Martin
1512 984 372 128 Emil
1884 1064 96 20 —
2076 984 772 132 Continued

172 1184 592 128 Rehfuss
852 1192 72 136 …
1100 1180 324 124 with
1524 1184 236 116 519
1856 1172 952 148 illustrations,
2892 1212 360 80 some
3336 1168 144 124 in
3572 1164 472 128 colors.
4216 1164 692 128 Philadel-

172 1368 324 164 phia
568 1368 264 124 and
904 1364 616 156 London,
1580 1364 212 124 W.
1872 1364 156 120 B.
2108 1356 688 128 Saunders
2872 1392 708 120 company,
3656 1352 360 124 1927.

336 1560 272 96 1236
672 1584 108 92 p.
916 1560 208 96 col.
1188 1556 392 112 front.,
1644 1556 340 108 illus.,
2048 1552 204 96 col.
2312 1552 412 112 plates,
2788 1548 464 112 diagrs.,
3316 1548 364 92 forms
3744 1544 328 116 (part
4128 1544 344 112 fold.)
4632 1544 688 120 25ͨͫ.

336 1692 832 116 Bibliography
1228 1696 124 88 at
1404 1692 216 92 end
1676 1688 124 96 of
1848 1712 308 72 some
2224 1684 120 96 of
2404 1688 192 92 the
2652 1684 576 112 chapters.

192 1824 108 120 ©
368 1832 96 92 A
472 1856 72 68 u
552 1856 100 88 g.
720 1832 68 92 9
796 1904 20 36 ,
888 1832 44 88 1
956 1828 132 92 92
1100 1832 56 88 7
1200 1852 20 88 ;
1292 1824 128 96 2c
1436 1904 20 20 .
1524 1824 228 96 and
1824 1848 64 68 a
1900 1824 92 92 ff
2004 1896 16 24 .
2092 1824 284 108 Aug.
2448 1824 60 88 1
2516 1820 60 92 3
2624 1844 20 88 ;
2720 1820 96 88 A
2884 1820 64 92 9
2952 1816 204 96 967
3164 1820 60 88 4
3236 1820 60 88 5
3340 1840 20 88 ;
3444 1824 168 88 W.
3684 1820 96 88 B
3796 1892 20 20 .
3892 1812 68 96 S
3976 1840 64 68 a
4056 1840 68 68 u
4124 1840 84 68 n
4216 1816 68 92 d
4296 1836 184 72 ers
4552 1840 164 68 co.

360 1964 668 116 (27-17559)
4428 1944 280 104 6725

176 2124 480 148 Reidy,
736 2120 692 124 Matthew
1500 2112 568 152 Joseph.

344 2308 332 124 This
788 2304 380 124 tooth
1280 2300 900 164 proposition,
2288 2296 556 164 dealing
2956 2296 324 128 with
3408 2296 676 164 problems
4196 2296 300 124 that
4616 2296 304 164 give

176 2488 836 164 importance
1092 2500 140 112 to
1316 2488 228 124 the
1624 2532 304 80 ever
2012 2484 584 160 popular
2676 2484 516 160 subject
3280 2480 156 124 of
3512 2484 408 156 teeth,
4000 2484 180 160 by
4260 2484 660 120 Matthew

176 2676 512 160 Joseph
772 2676 484 160 Reidy,
1328 2712 76 80 D
1420 2776 20 20 .
1520 2712 80 80 D
1608 2772 24 24 .
1724 2712 96 84 s.
1996 2672 276 124 Des
2348 2668 572 160 Moines,
3000 2668 248 156 Ia.,
3320 2668 580 124 Printed
3976 2664 180 164 by
4240 2668 228 120 the
4548 2668 372 120 Iowa

184 2860 760 124 homestead
1024 2856 452 160 [ͨ1927]

348 3056 200 92 179
604 3080 108 88 p.
852 3056 64 92 2
924 3052 1020 108 0ͨͫ.

192 3184 116 116 ©
384 3192 284 112 Aug.
736 3188 96 116 1,
904 3188 332 112 1927;
1312 3184 160 100 2c.
1544 3184 284 116 Aug.
1900 3184 60 96 5
2000 3208 24 92 ;
2100 3184 196 96 aff.
2368 3180 284 116 Aug.
2724 3184 124 108 4;
2928 3184 96 92 A
3092 3180 476 112 999271;
3652 3192 108 96 M
3780 3260 20 16 .
3876 3184 100 92 J.
4048 3180 404 112 Reidy,
4528 3180 400 96 Graet-

348 3324 408 112 tinger,
832 3328 168 92 Ia.
1164 3324 668 112 (27-17558)
4448 3312 280 100 6726

184 3484 596 144 Rhodes,
864 3476 608 128 Bonsall.

356 3668 560 128 Sunrise
1024 3668 272 120 and
1404 3664 388 160 dusk,
1904 3664 272 124 and
2284 3664 388 124 other
2784 3708 368 80 verse
3280 3660 252 164 [by]
3668 3664 564 124 Bonsall
4348 3664 584 124 Rhodes.

204 3852 776 160 [Asheville,
1060 3852 164 124 N.
1312 3848 192 164 C.,
1580 3848 704 128 Advocate
2360 3848 632 164 printing
3064 3892 712 120 company,
3852 3848 416 156 ͨ1927]

352 4048 64 92 4
476 4076 100 84 p.
628 4048 36 92 l
684 4120 52 40 .,
796 4048 136 96 40
988 4048 380 100 numb.
1424 4048 72 92 1.
1640 4048 1208 104 19ͨͫ.

356 4180 476 96 Printed
892 4208 144 68 on
1100 4204 208 72 one
1364 4180 244 96 side
1668 4180 120 96 of
1848 4180 240 92 leaf
2148 4168 64 108 o
2216 4204 68 68 n
2352 4180 516 112 opposite
2920 4204 384 88 pages.

200 4284 112 108 ©
396 4316 284 116 Aug.
756 4316 96 116 2,
928 4316 336 108 1927;
1340 4316 160 96 2c.
1580 4316 224 96 and
1884 4316 196 96 aff.
2156 4316 96 92 A
2260 4320 72 80 u
2344 4340 96 88 g.
2520 4316 56 92 1
2588 4308 68 92 6
2692 4340 20 84 ;
2796 4316 96 92 A
2972 4312 60 92 9
3040 4308 68 92 9
3112 4312 64 96 9
3180 4316 60 92 3
3256 4308 64 92 8
3324 4316 60 92 5
3424 4340 24 84 ;
3532 4316 128 96 B.
3744 4316 492 112 Rhodes,
4316 4312 620 100 Asheville.

356 4456 132 96 N.
576 4452 112 96 C.
856 4452 668 116 (27-17550)
4452 4448 284 100 6727

196 4604 912 152 Richardson,
1184 4608 476 124 Frank
1728 4608 656 152 Howard,
2468 4612 320 120 1882
2792 4688 84 12 –

364 4796 836 164 Rebuilding
1292 4796 232 124 the
1628 4792 440 164 child;
2168 4840 80 76 a
2344 4796 412 160 study
2852 4792 144 124 in
3096 4792 1000 160 malnutrition,
4188 4792 184 164 by
4472 4792 472 124 Frank

200 4980 608 124 Howard
872 4980 856 124 Richardson
1800 4980 80 144 …
2016 4980 332 124 with
2412 5024 168 80 an
2644 4980 140 124 in
2796 4992 52 112 t
2860 4980 416 124 roduc
3284 4992 56 112 t
3344 4976 228 128 ion
3632 4984 180 156 by
3872 4976 624 132 William
4556 4984 164 120 R.
4788 4984 152 120 P.

204 5164 652 124 Emerson
936 5172 84 128 …
1268 5160 328 128 New
1680 5164 428 160 York,
2184 5164 616 160 London,
2876 5160 124 132 G
3016 5264 20 24 .
3120 5168 152 120 P.
3360 5164 212 124 Pu
3580 5176 56 112 t
3644 5164 424 124 nam's
4148 5208 348 116 sons,
4588 5168 148 120 19
4748 5168 72 120 2
4832 5164 112 128 7.

368 5360 60 92 3
492 5384 100 88 p.
660 5360 108 112 1.,
832 5356 160 96 vii
992 5412 72 8 –
1068 5356 312 116 xxvi,
1448 5360 196 92 313
1720 5384 100 88 p.
1992 5360 392 108 front.,
2448 5360 344 108 illus.,
2856 5360 408 112 plates,
3332 5356 400 96 forms.
3876 5356 756 108 19½ͨͫ
4184 5356 28 88 .

216 5480 116 124 ©
420 5492 284 112 Aug.
792 5492 160 112 12,
1040 5492 336 112 1927;
1468 5492 160 96 2c.
1716 5496 228 92 and
2032 5516 60 72 a
2108 5492 120 100 ff.
2320 5496 284 108 Aug.
2696 5492 188 112 13;
2980 5496 96 88 A
3164 5492 204 96 996
3376 5496 260 96 732;
3740 5496 120 92 F.
3948 5492 148 96 H.
4184 5492 760 116 Richardson,

368 5628 620 112 Brooklyn.
1156 5628 668 116 (27-17561)
4468 5624 284 100 6728

200 5748 372 152 Ries,
644 5752 720 152 Heinrich,
1448 5756 316 124 1871
1768 5832 88 12 –

380 5936 448 164 Clays,
916 5940 360 124 their
1364 5980 824 116 occurrence,
2284 5940 796 164 properties,
3172 5944 268 124 and
3528 5984 340 116 uses,
3952 5940 328 128 with
4376 5940 576 164 especial

216 6120 676 128 reference
964 6140 136 108 to
1176 6128 380 124 those
1624 6124 152 128 of
1840 6128 232 124 the
2144 6128 516 128 United
2736 6128 448 128 States
3260 6128 264 124 and
3608 6124 600 164 Canada,
4276 6128 184 160 by
4528 6128 424 124 Hein-

216 6312 288 120 rich
568 6308 320 128 Ries
980 6324 76 128 …
1248 6312 164 124 3d
1480 6312 248 160 ed.,
1784 6356 268 80 rev.
2120 6316 268 124 and
2448 6356 164 80 en
2616 6312 48 120 l
2684 6416 16 16 .
2848 6312 328 128 New
3236 6312 432 160 York,
3732 6312 132 132 J.
3924 6312 460 164 Wiley
4444 6316 108 124 &
4608 6356 348 120 sons,

212 6500 324 152 inc.;
608 6496 620 160 London,
1296 6492 712 164 Chapman
2080 6504 108 116 &
2252 6500 384 160 Hall,
2708 6500 572 160 limited,
3356 6500 352 128 1927.

384 6688 192 112 vii,
648 6688 196 96 613
916 6712 100 92 p.
1084 6688 116 92 in
1212 6688 96 96 cl
1324 6764 16 20 .
1412 6688 340 116 illus.,
1820 6712 360 92 maps,
2252 6692 408 116 tables,
2732 6688 424 116 diagrs.
3304 6692 680 104 23½ͨͫ
3600 6724 40 56 .
3924 6688 312 120 $7.00

388 6820 552 96 Contains
1004 6820 688 104 references.

228 6920 112 112 ©
428 6960 280 108 Aug.
784 6956 96 116 9,
956 6960 336 108 1927;
1372 6960 64 88 2
1444 6984 56 68 c
1512 7036 20 16 .
1612 6960 284 112 Aug.
1972 6960 56 92 1
2040 6956 72 96 9
2144 6984 20 84 ;
2248 6984 60 68 a
2324 6956 92 92 ff
2424 7036 20 20 .
2528 6960 280 108 Aug.
2884 6960 132 96 18
3060 6984 20 88 ;
3164 6964 96 92 A
3340 6960 60 88 9
3408 6960 64 96 9
3476 6960 204 96 944
3684 6964 128 108 2;
3900 6964 148 96 H.
4128 6964 304 116 Ries,
4516 6964 268 92 Itha
4796 6988 52 68 c
4860 6984 104 96 a,

384 7092 132 96 N.
588 7096 96 92 Y
696 7168 16 20 .
880 7092 468 112 (27-175
1352 7092 64 96 3
1428 7092 120 112 8)
4480 7096 280 100 6729

220 7216 496 148 Roper,
784 7216 544 152 Nancy.

384 7404 568 160 Dionys,
1016 7404 180 160 by
1264 7404 476 164 Nancy
1808 7408 492 160 Roper.
2480 7408 616 160 London,
3160 7408 172 124 A.
3404 7408 484 128 Rivers
3960 7412 244 124 ltd.
4296 7408 400 164 [1927]

384 7600 200 96 272
660 7624 100 92 p.
904 7600 684 104 19ͨͫ.

240 7724 112 108 ©
436 7736 156 96 1c.
668 7740 288 92 Mar.
1032 7740 92 108 7,
1204 7736 332 112 1927;
1620 7740 92 92 A
1788 7744 144 92 ad
2008 7740 208 96 int.
2296 7740 120 92 91
2432 7740 196 112 62;
2712 7744 336 112 pubd.
3132 7744 256 96 Jan.
3472 7744 192 112 11;
3748 7744 96 92 A
3848 7744 40 92 l
3900 7748 256 92 ston
4236 7744 444 104 Rivers,
4760 7744 208 96 ltd.

420 7868 664 116 (27-17409)
4484 7876 284 100 6730

228 7992 868 152 Shewmake,
1172 7996 492 124 Edwin
1740 7996 628 128 Francis.

404 8176 540 168 College
1048 8180 584 164 English
1732 8188 964 156 composition;
2800 8232 72 80 a
2972 8188 724 124 handbook
3792 8188 156 124 of
4044 8192 560 160 writing
4700 8192 272 124 and

236 8368 512 156 speech,
844 8364 708 164 including
1640 8368 316 124 both
2056 8368 228 124 the
2372 8372 544 160 general
3012 8368 740 168 principles
3840 8372 152 124 of
4080 8372 896 164 composition

240 8548 264 124 and
608 8548 224 124 the
940 8552 620 120 essential
1668 8540 484 140 details
2260 8552 152 128 of
2516 8556 352 164 good
2968 8596 448 120 usage,
3516 8556 180 164 by
3804 8556 496 128 Edwin
4408 8560 568 124 Francis

248 8724 788 132 Shewmake
1160 8744 96 128 …
1364 8736 268 124 and
1724 8732 268 132 Car
2000 8740 44 120 l
2132 8740 588 124 Lamson
2808 8736 556 128 Carmer
3492 8752 96 128 …
3784 8744 812 160 Richmond,
4680 8744 296 160 Va.,

240 8908 616 132 Johnson
916 8912 796 168 publishing
1772 8964 664 120 company
2508 8936 48 88 [
2552 8908 452 148 ͨ1927]

408 9128 232 72 xxv
640 9096 40 92 i
744 9136 136 88 p.,
944 9112 60 88 1
1064 9112 36 88 l
1116 9184 52 40 .,
1228 9108 208 96 405
1492 9136 104 88 p.
1740 9104 756 108 18ͨͫ.

416 9240 376 92 Blank
860 9268 348 88 pages
1280 9244 184 96 for
1544 9248 416 92 "Notes
2036 9252 224 92 and
2332 9248 636 96 exercises"
3048 9260 124 88 at
3240 9256 220 92 end
3532 9256 124 92 of
3724 9256 280 96 each
4072 9260 516 108 chapter.

260 9348 116 116 ©
456 9376 280 112 Aug.
820 9376 60 96 5
892 9452 20 36 ,
992 9380 52 88 1
1060 9376 68 96 9
1128 9380 64 92 2
1204 9380 60 92 7
1304 9404 16 84 ;
1404 9380 68 92 2
1472 9408 60 68 c
1548 9460 20 16 .
1644 9380 284 116 Aug.
2008 9384 52 92 1
2076 9384 68 92 0
2180 9408 20 88 ;
2288 9412 60 64 a
2364 9384 120 100 ff.
2564 9388 284 112 Aug.
2928 9388 124 108 8;
3140 9388 92 92 A
3316 9372 128 112 99
3448 9388 340 112 9314;
3876 9392 364 96 Johns
4252 9416 60 72 o
4324 9420 72 68 n
4476 9392 260 116 pub.
4820 9420 56 68 c
4884 9420 60 68 o
4964 9472 16 16 .

440 9504 660 124 (27-17549)
4496 9524 280 100 6731

2476 9648 316 124 1015
