5920 10352
204 1020 752 132 American
1044 1020 524 124 federal
1644 1032 240 108 tax
1964 1032 596 144 reports;
2652 1064 72 80 a
2808 1016 800 124 convenient
3684 1016 708 124 collection
4468 1016 156 124 of
4704 1060 240 80 un-

360 1208 660 164 abridged
1108 1220 384 112 court
1576 1204 660 128 decisions
2324 1200 364 132 from
2776 1248 404 120 every
3264 1200 732 128 American
4084 1216 428 148 court,
4600 1212 344 120 state

360 1400 268 120 and
712 1392 568 160 federal,
1356 1392 304 124 that
1736 1392 248 124 has
2056 1392 276 124 had
2412 1388 464 128 before
2960 1388 112 128 it
3148 1384 676 164 problems
3908 1388 528 168 arising
4516 1392 428 128 under

360 1580 228 128 the
656 1576 524 128 federal
1248 1584 236 116 tax
1552 1576 396 160 laws;
2028 1576 660 124 decisions
2756 1576 344 124 have
3164 1572 336 128 been
3568 1572 636 128 included
4276 1572 72 124 f
4348 1616 296 84 rom
4712 1576 232 124 the

360 1768 172 128 da
540 1776 60 116 t
604 1808 68 84 e
724 1808 80 84 o
816 1760 68 124 f
932 1764 232 124 the
1224 1760 472 128 earlies
1704 1776 60 108 t
1824 1776 280 108 acts
2156 1808 192 116 up
2408 1776 60 108 t
2472 1808 76 80 o
2604 1760 804 160 November,
3472 1764 360 120 1926.
3976 1800 92 84 v
4076 1860 28 24 .
4172 1768 68 116 5
4332 1780 80 132 …
4608 1756 332 136 New

356 1948 432 164 York,
864 1944 1080 164 Prentice-Hall,
2020 1948 304 160 inc.,
2412 1948 360 128 1927.

348 2172 104 84 v,
528 2136 276 108 5055
812 2200 64 8 –
880 2140 272 100 6290
1220 2168 108 88 p.
1464 2144 1140 112 25ͨͫ.

192 2260 120 120 ©
392 2280 260 100 Jan.
720 2280 168 112 22,
956 2280 336 108 1927;
1364 2276 160 100 2c.
1600 2280 292 96 Mar.
1964 2280 124 108 1;
2164 2276 200 100 aff.
2436 2280 264 96 Feb.
2772 2276 200 116 28;
3048 2280 100 92 A
3212 2276 136 100 96
3356 2276 60 100 3
3428 2276 60 96 8
3492 2276 68 100 0
3564 2272 128 116 6;
3768 2280 324 96 West
4164 2276 260 116 pub.
4492 2300 200 92 co.,
4772 2276 168 104 St.

356 2416 244 96 Pau
604 2416 40 92 l
656 2492 24 20 .
4456 2408 60 100 1
4528 2404 64 104 3
4600 2408 140 104 99

204 2640 748 124 American
1048 2640 660 124 institute
1800 2640 156 120 of
2036 2640 548 148 mining
2672 2640 272 124 and
3036 2632 1032 156 metallurgical
4156 2636 788 152 engineers.

356 2824 964 128 Transactions
1376 2824 156 128 of
1588 2824 228 128 the
1868 2820 732 132 American
2656 2824 628 128 institute
3340 2820 160 132 of
3544 2824 540 164 mining
4140 2824 272 128 and
4472 2824 468 132 metal-

192 3012 572 164 lurgical
852 3012 696 160 engineers
1656 3008 1092 168 (incorporated)
2940 3052 124 84 v.
3152 3012 196 128 74.
3524 3008 844 168 Containing
4452 3052 492 128 papers

188 3204 268 120 and
528 3196 812 124 discussions
1412 3200 712 156 presented
2200 3208 144 112 at
2408 3196 660 164 meetings
3140 3196 320 128 held
3528 3196 144 124 in
3756 3192 304 136 Salt
4124 3192 372 132 Lake
4580 3196 364 168 City,

188 3380 420 164 Utah,
672 3380 832 164 September,
1568 3388 388 156 1925;
2024 3384 752 160 petroleum
2836 3380 636 164 division,
3540 3380 556 164 Casper,
4156 3380 440 164 Wyo.,
4656 3384 284 128 Au-

184 3580 356 152 gust,
612 3572 384 156 1925;
1072 3568 332 128 New
1476 3568 428 160 York,
1972 3564 748 168 February,
2796 3576 388 152 1926;
3260 3568 276 128 and
3600 3564 864 172 Pittsburgh,
4532 3568 408 136 Octo-

188 3752 276 164 ber,
524 3760 356 120 1926.
1024 3752 332 128 New
1424 3752 424 164 York,
1904 3752 168 128 N.
2140 3756 216 160 Y.,
2412 3752 748 128 Published
3220 3756 180 148 by
3464 3752 288 132 The
3812 3756 700 160 Institute,
4580 3752 360 132 1927.

348 3948 236 116 xxi,
656 3948 204 100 956
928 3976 100 88 p.
1168 3948 340 116 illus.,
1580 3948 408 116 tables,
2060 3948 428 116 diagrs.
2624 3948 1080 108 23½ͨͫ.

192 4060 116 112 ©
384 4088 268 96 Feb.
720 4084 88 112 1,
880 4084 336 112 1927;
1288 4084 160 96 2c.
1520 4084 264 100 Feb.
1848 4084 200 112 26;
2120 4084 200 96 aff.
2388 4084 272 100 Feb.
2720 4084 200 116 25;
2992 4088 104 92 A
3160 4088 476 112 967385;
3708 4084 620 100 American
4396 4088 544 104 institute

352 4220 124 96 of
548 4220 436 116 mining
1056 4220 88 96 &
1212 4220 852 116 metallurgical
2140 4220 632 116 engineers.
4456 4220 136 104 14
4600 4220 140 104 00

200 4444 676 148 Barbour,
948 4444 456 152 Ralph
1476 4448 532 148 Henry,
2092 4448 316 124 1870
2412 4524 84 16 –

368 4632 284 128 The
716 4676 140 80 re
864 4632 48 124 l
916 4632 124 128 ie
1052 4628 68 128 f
1176 4632 144 164 pi
1332 4644 56 116 t
1392 4632 356 164 cher,
1808 4632 184 164 by
2052 4632 208 124 Ra
2268 4632 44 124 l
2324 4632 192 164 ph
2576 4632 488 168 Henry
3132 4632 624 128 Barbour
3860 4640 84 148 …
4116 4636 328 128 New
4516 4640 428 160 York,

200 4820 608 156 London,
868 4820 172 124 D.
1104 4816 704 164 Appleton
1880 4820 268 124 and
2216 4860 708 120 company,
3000 4820 356 128 1927.

356 5012 64 96 3
476 5040 108 92 p.
632 5016 44 92 l
688 5088 56 40 .,
800 5012 240 116 266,
1108 5060 24 72 [
1148 5012 152 108 1]
1304 5040 100 88 p.
1544 5012 364 100 front.
2048 5012 676 108 19ͨͫ.

192 5140 120 112 ©
384 5148 268 100 Feb.
716 5148 172 116 25,
956 5148 336 116 1927;
1364 5148 160 100 2c.
1592 5152 232 92 and
1888 5148 204 100 aff.
2164 5152 292 96 Mar.
2520 5148 128 116 1;
2720 5148 100 96 A
2884 5148 480 116 963817;
3440 5152 140 100 D.
3644 5152 576 116 Appleton
4288 5156 88 100 &
4444 5180 132 72 co
4588 5232 20 24 .

376 5284 600 116 (27-4063)
4456 5288 280 100 1401

200 5508 412 152 Bard,
676 5508 696 152 Andreas,
1448 5508 316 128 1873
1768 5588 84 16 –

368 5696 284 128 The
736 5696 388 128 bride
1204 5696 160 124 of
1452 5696 624 164 Bagdad,
2160 5696 176 164 by
2424 5696 624 128 Andreas
3136 5696 420 128 Bard.
3732 5700 880 168 Burlington,
4696 5704 252 164 Ia.,

196 5884 288 128 The
548 5880 632 168 Literary
1244 5880 472 164 board,
1788 5888 356 124 1927.

360 6080 140 100 79
556 6104 112 92 p.
804 6080 212 100 col.
1072 6076 396 120 front.,
1532 6080 412 116 plates.
2084 6076 68 100 2
2156 6076 952 116 0½ͨͫ
2392 6116 36 56 .

364 6220 100 92 A
524 6220 444 96 drama.

192 6332 124 120 ©
396 6352 264 104 Feb.
728 6352 100 116 1,
900 6352 332 116 1927;
1308 6352 168 100 2c.
1544 6360 232 92 and
1848 6352 200 100 aff.
2120 6352 268 100 Feb.
2460 6352 200 116 28;
2732 6352 100 96 A
2904 6352 480 116 967407;
3464 6356 128 100 A.
3668 6360 348 112 Bard,
4092 6360 464 96 Kansas
4636 6360 296 120 City,

356 6492 112 96 M
480 6516 64 72 o
556 6568 24 24 .
744 6492 600 116 (27-4113)
4456 6488 132 104 14
4600 6492 64 104 0
4676 6492 64 104 2

204 6712 424 132 Bible.
800 6720 168 124 N.
1052 6720 156 120 T.
1388 6716 440 124 Mark.
2004 6712 628 160 English.

360 6900 448 160 Mark,
916 6900 180 168 by
1204 6904 300 160 Ray
1616 6900 452 124 Allen.
2256 6900 776 160 Rochester,
3136 6900 168 124 N.
3416 6900 216 160 Y.,
3736 6900 288 132 The
4132 6904 812 132 Foss-Soule

200 7132 412 116 press,
676 7084 256 128 inc.
1024 7084 416 160 [ͨ1927
1452 7164 32 80 ]

356 7284 200 92 152
628 7312 104 88 p.
864 7284 64 92 2
1000 7280 308 100 illus.
1376 7280 116 120 (1
1568 7280 604 116 mounted)
2332 7280 1076 108 13½ͨͫ.

200 7384 120 108 ©
384 7420 264 96 Feb.
704 7420 164 112 16,
928 7416 336 112 1927;
1320 7420 168 96 2c.
1548 7420 264 96 Feb.
1868 7420 200 112 21;
2132 7416 196 100 aff.
2388 7416 268 100 Feb.
2712 7416 204 112 24;
2972 7412 100 96 A
3128 7412 344 100 96734
3476 7420 64 92 5
3576 7444 24 84 ;
3672 7416 252 116 Ray
3984 7420 368 120 Allen,
4412 7424 520 116 Hornell,

356 7556 132 96 N.
576 7556 132 96 Y.
872 7552 600 120 (27-4158)
4456 7552 284 108 1403

204 7780 708 148 Bowman,
976 7776 428 128 Louis
1464 7780 172 124 A.

368 7964 288 128 The
740 7964 252 128 life
1076 7960 152 132 of
1308 7964 392 128 Isaac
1784 7964 408 164 Eddy
2276 7964 572 156 Brown;
2948 8004 172 80 an
3204 7960 984 168 appreciation,
4264 7964 184 168 by
4528 7968 416 128 Louis

208 8144 164 132 A.
456 8152 700 124 Bowman.
1320 8152 328 124 New
1736 8148 428 160 York,
2248 8144 860 128 Association
3196 8188 408 120 press,
3696 8156 360 120 1926.

360 8348 68 96 3
488 8372 100 88 p.
648 8348 40 92 l
700 8420 56 40 .,
816 8356 76 80 v
892 8400 72 12 –
964 8372 108 84 x,
1132 8348 204 96 127
1396 8372 104 88 p.
1628 8344 364 100 front.
2052 8344 412 116 (port.)
2612 8340 1136 116 19ͨͫ.

204 8468 120 112 ©
400 8480 264 100 Feb.
732 8480 168 116 16,
964 8480 340 112 1927;
1376 8480 160 100 2c.
1608 8484 268 96 Feb.
1944 8480 200 112 25;
2216 8476 196 100 aff.
2484 8480 272 96 Feb.
2816 8476 200 112 23;
3096 8480 96 92 A
3260 8472 480 120 963745;
3820 8480 492 96 General
4384 8484 360 96 board
4816 8488 124 96 of

356 8616 132 96 Y.
568 8620 152 92 M.
800 8616 116 96 C.
996 8616 260 116 A.'s,
1336 8616 276 96 New
1696 8616 340 100 York.
2204 8612 600 120 (27-4153)
4456 8612 288 108 1404

212 8840 644 152 Bradley,
916 8844 328 124 Mrs.
1308 8840 512 152 Sophie
1884 8840 876 148 Kohberger.

368 9024 424 128 What
876 9024 296 164 life,
1256 9024 228 128 the
1572 9024 340 128 vital
2004 9020 456 164 spark,
2552 9020 484 124 within
3128 9064 152 80 us
3368 9020 156 160 is,
3612 9024 268 124 and
3968 9024 232 128 the
4280 9044 424 112 secret
4796 9032 156 124 of

212 9204 452 132 divine
788 9212 616 164 healing;
1536 9208 688 160 scientific,
2348 9204 688 164 religious,
3160 9248 608 84 common
3888 9252 372 84 sense
4384 9216 268 128 and
4772 9260 176 84 an

216 9396 480 164 appeal
784 9396 220 128 for
1088 9396 232 128 the
1400 9396 924 164 co-operation
2412 9392 156 124 of
2648 9432 396 120 every
3128 9436 360 116 man,
3572 9436 524 84 woman
4184 9400 268 128 and
4536 9400 400 136 child.

2468 9672 248 128 217
