5968 10284
1064 892 544 148 Florey,
1684 884 576 132 Robert.

1312 1084 84 132 …
1480 1076 204 128 Po
1692 1076 48 124 l
1748 1120 76 80 a
1916 1072 468 168 Negri,
2476 1116 256 120 par
2816 1072 516 128 Robert
3424 1072 116 124 F
3548 1072 48 124 l
3608 1116 320 120 orey
4008 1084 84 132 …
4348 1072 448 164 Paris,
4880 1072 260 128 Les
5228 1072 276 164 pub
5516 1076 48 124 l
5568 1072 264 128 ica-

1068 1260 356 128 tions
1488 1260 852 132 Jean-Pasca
2348 1260 48 124 l
2408 1360 32 60 ,
2552 1264 364 136 ͨ1926.

1236 1488 136 96 64
1432 1516 108 84 p.
1680 1484 312 100 illus.
2056 1484 180 116 (in
2240 1488 104 92 cl
2356 1560 24 24 .
2444 1484 420 116 ports.)
3024 1488 612 108 24ͨͫ.
3472 1484 276 116 (Les
3812 1488 428 112 grands
4312 1480 480 104 artistes
4860 1484 140 96 de
5068 1480 40 88 l
5120 1480 20 44 '
5156 1480 60 100 é
5220 1492 64 80 c
5288 1484 268 116 ran)

1080 1628 120 112 ©
1264 1656 268 96 Dec.
1588 1656 60 92 1
1660 1656 60 96 5
1732 1732 20 36 ,
1816 1656 332 112 1926;
2216 1656 160 96 1c.
2440 1656 260 96 Jan.
2764 1656 88 112 6,
2920 1652 332 116 1927;
3316 1648 744 120 A—Foreign
4116 1652 412 112 33676;
4596 1656 292 96 Jean
4952 1656 444 112 Pascal,
5464 1656 372 100 Paris.

1264 1788 672 120 (27-15912)
5352 1788 284 100 6236

1076 2020 548 144 Forest,
1696 2016 324 128 Ilse.

1236 2200 732 128 Preschool
2048 2200 784 152 education;
2920 2248 72 76 a
3060 2200 708 124 historical
3848 2200 268 124 and
4192 2200 532 128 critical
4796 2200 456 164 study,
5320 2200 184 168 by
5568 2200 272 128 Ilse

1076 2388 480 128 Forest
1668 2392 84 136 …
1968 2388 332 124 New
2380 2384 428 164 York,
2884 2388 288 124 The
3248 2384 800 128 Macmillan
4128 2428 708 120 company,
4916 2388 360 128 1927.

1240 2588 120 96 xi
1368 2588 84 96 ii
1464 2664 20 40 ,
1556 2588 132 96 41
1696 2588 64 96 3
1828 2612 104 92 p.
2076 2588 644 108 19½ͨͫ.

1248 2728 588 96 "Selected
1920 2720 944 116 bibliography":
2948 2752 104 84 p.
3132 2720 200 100 371
3336 2776 76 12 –
3412 2720 240 100 388.

1088 2876 124 116 ©
1276 2896 276 108 July
1612 2892 164 112 26,
1844 2888 336 116 1927;
2248 2888 160 100 2c.
2476 2888 228 96 and
2768 2888 196 96 aff.
3028 2888 276 116 July
3368 2888 196 104 27;
3636 2888 100 92 A
3796 2884 344 96 99915
4148 2888 68 92 7
4252 2912 20 92 ;
4348 2884 672 100 Macmillan
5084 2912 164 72 co.

1280 3024 668 120 (27-16086)
5360 3016 284 104 6237

1092 3276 580 144 Greene,
1744 3276 332 124 Mrs.
2148 3272 788 124 Katherine
3028 3268 560 156 (Glass)
3684 3276 312 120 1865
4008 3348 76 16 –

1248 3452 896 160 Winchester,
2228 3452 692 164 Virginia,
3008 3452 268 124 and
3368 3452 176 124 its
3632 3448 860 168 beginnings,
4588 3452 312 128 1743
4908 3528 88 16 –
5000 3456 392 156 1814;
5492 3448 364 128 from

1088 3636 172 128 its
1328 3636 688 168 founding
2072 3636 180 164 by
2320 3632 564 132 Colonel
2944 3636 464 132 James
3468 3636 444 132 Wood
3976 3648 140 116 to
4176 3636 236 128 the
4472 3636 344 128 close
4880 3632 156 132 of
5092 3636 232 128 the
5392 3632 248 132 life
5708 3632 156 132 of

1088 3824 212 128 his
1384 3864 284 120 son,
1756 3820 1392 168 Brigadier-General
3236 3824 268 124 and
3596 3820 712 132 Governor
4396 3824 464 128 James
4948 3820 484 164 Wood,
5524 3820 336 128 with

1088 4008 228 124 the
1384 4008 844 164 publication
2308 4004 224 128 for
2600 4008 228 124 the
2896 4008 300 124 first
3260 4008 328 124 time
3656 4004 156 128 of
3884 4008 628 124 valuable
4580 4008 956 164 manuscripts,
5608 4008 252 128 rel-

1096 4196 184 128 ics
1364 4192 156 128 of
1596 4192 360 128 their
2040 4192 324 164 long
2448 4204 472 116 tenure
3004 4188 156 132 of
3248 4192 460 164 public
3792 4192 468 160 offices,
4344 4196 184 164 by
4608 4192 764 128 Katherine
5460 4192 400 132 Glass

1092 4372 556 136 Greene.
1840 4376 784 164 Strasburg,
2716 4380 300 160 Va.,
3104 4380 580 124 Printed
3776 4380 180 164 by
4056 4376 916 132 Shenandoah
5064 4380 804 164 publishing

1100 4564 444 160 house,
1612 4568 360 120 1926.

1264 4756 204 96 441
1548 4784 100 88 p.
1792 4756 388 112 front.,
2264 4756 308 96 illus.
2640 4756 176 116 (in
2824 4760 100 92 cl
2940 4832 20 20 .
3036 4760 308 112 plan,
3420 4756 584 116 facsims.)
4104 4760 400 116 plates,
4596 4760 292 116 port.
5032 4756 612 108 24ͨͫ.

1108 4916 124 116 ©
1316 4928 304 96 June
1696 4928 168 108 25,
1948 4924 272 96 1927
2264 4952 20 72 ;
2372 4928 164 96 2c.
2620 4928 228 92 and
2932 4924 196 100 aff.
3216 4928 276 112 July
3576 4928 128 112 6;
3796 4928 96 92 A
3972 4924 64 96 9
4040 4928 76 92 9
4116 4928 204 96 918
4324 4928 64 96 5
4428 4952 20 88 ;
4544 4928 140 96 K.
4772 4928 128 96 G.
4992 4928 472 116 Greene,
5552 4928 308 96 Win-

1264 5060 480 116 chester,
1856 5064 204 96 Va.
2228 5060 672 116 (27-15905)
5376 5056 284 100 6238

1096 5288 760 152 Hagboldt,
1932 5288 420 124 Peter
2432 5288 676 124 Herman.

1268 5472 752 128 Essentials
2112 5468 152 128 of
2360 5468 596 132 German
3048 5472 708 164 reviewed,
3844 5476 180 160 by
4116 5476 404 124 Peter
4608 5476 760 160 Hagboldt.
5548 5472 316 132 Chi-

1100 5700 372 124 cago,
1536 5660 76 124 I
1620 5660 104 120 ll
1740 5756 68 64 .,
1876 5660 292 124 The
2232 5656 812 164 University
3108 5660 152 124 of
3332 5652 604 168 Chicago
4008 5700 372 120 press
4436 5660 488 160 [ͨ1927]

1264 5856 196 116 xii,
1548 5856 200 96 143
1828 5880 104 92 p.
2080 5856 616 108 21ͨͫ.
2532 5856 712 116 (Half-title:
3320 5856 244 96 The
3644 5856 676 116 University
4396 5856 128 96 of
4600 5856 504 116 Chicago
5180 5856 396 116 junior
5652 5860 212 96 col-

1100 5996 244 112 lege
1416 5992 420 112 series)

1120 6136 116 112 ©
1308 6168 272 108 May
1644 6164 96 112 2,
1812 6160 332 112 1927;
2216 6164 164 96 2c.
2452 6160 276 112 July
2792 6160 196 112 26;
3068 6156 196 100 aff.
3336 6160 276 112 July
3680 6156 196 116 25;
3952 6160 96 92 A
4116 6160 480 116 996573;
4676 6160 672 116 University
5420 6164 120 96 of
5612 6160 256 100 Chi-

1276 6324 304 92 cago,
1672 6296 532 116 Chicago.
2372 6296 672 116 (27-16082)
5384 6296 280 100 6239

1112 6520 360 152 Hall,
1552 6520 456 152 Ralph
2088 6520 536 148 Edwin,
2716 6528 408 116 1885-

1360 6708 76 144 …
1512 6708 132 124 A
1720 6704 1280 164 physico-chemical
3072 6704 416 164 study
3564 6700 156 132 of
3796 6708 348 124 scale
4224 6704 744 128 formation
5044 6708 272 124 and
5388 6708 480 124 boiler-

1124 6904 412 116 water
1608 6888 988 168 conditioning,
2664 6892 184 164 by
2912 6888 160 124 R.
3152 6892 160 120 E.
3388 6888 344 124 Hall
3844 6904 80 132 …
4044 6888 160 132 G.
4276 6892 212 128 W.
4572 6888 448 132 Smith
5104 6892 264 124 and
5440 6892 180 124 H.
5700 6892 164 128 A.

1112 7080 600 128 Jackson
1784 7088 80 136 …
2072 7076 312 136 [and
2476 7076 556 148 others]
3164 7072 860 168 Pittsburgh,
4116 7080 288 156 Pa.,
4496 7072 668 168 Carnegie
5248 7076 620 124 institute

1116 7260 156 128 of
1320 7264 856 160 technology,
2244 7260 356 124 1927.

1284 7464 72 76 x
1368 7456 160 112 iii,
1612 7456 204 96 239
1900 7480 100 88 p.
2092 7456 116 88 in
2216 7456 104 92 cl
2332 7528 16 24 .
2444 7456 340 104 illus.,
2872 7456 396 108 tables,
3360 7452 432 112 diagrs.
3932 7456 64 88 2
4000 7456 544 108 3ͨͫ
4188 7528 24 20 .
4376 7452 508 116 (Mining
4972 7456 228 96 and
5284 7456 584 92 metallur-

1116 7588 300 116 gical
1484 7588 920 116 investigations,
2480 7588 368 96 under
2920 7584 532 116 auspices
3524 7588 124 96 of
3716 7588 560 112 Carnegie
4348 7588 544 96 institute
4964 7588 124 96 of
5160 7588 708 112 technology,

1124 7724 424 96 United
1624 7724 388 96 States
2080 7724 468 92 Bureau
2620 7720 120 96 of
2812 7720 392 116 mines,
3276 7720 228 96 and
3580 7720 448 116 Mining
4096 7724 224 92 and
4400 7724 308 96 Meta
4720 7724 40 92 l
4764 7720 496 116 lurgical
5328 7720 540 116 advisory

1124 7860 448 96 boards.
1716 7856 520 96 Bulletin
2292 7856 196 112 24)

1288 7988 832 120 Bibliography
2188 8000 124 88 at
2384 7992 216 92 end
2672 7988 124 96 of
2864 7996 300 88 most
3236 7988 120 96 of
3428 7988 192 96 the
3692 7992 356 112 parts.

1128 8128 124 108 ©
1324 8160 272 112 Apr.
1664 8160 160 112 18,
1900 8160 336 108 1927;
2312 8160 160 96 2c.
2544 8160 268 112 Apr.
2884 8160 64 92 2
2956 8156 68 96 0
3056 8184 24 84 ;
3160 8156 196 96 aff.
3428 8156 268 116 Apr.
3768 8160 200 108 27;
4044 8156 100 96 A
4216 8156 132 96 99
4356 8156 204 96 000
4564 8160 128 112 7;
4772 8156 560 116 Carnegie
5404 8156 268 100 inst.
5752 8156 120 96 of

1292 8292 712 116 technology.
2172 8288 668 120 (27-15994)
5368 8288 284 100 6240

1124 8516 824 148 Hammack,
2028 8516 536 124 Martin
2636 8516 808 148 Vanburen,
3528 8520 316 120 1850
3852 8592 80 12 –

1300 8700 656 164 Supreme
2032 8700 384 128 mind
2416 8780 168 12 —
2588 8700 232 128 the
2900 8700 448 164 origin
3432 8700 268 128 and
3780 8744 628 120 progress
4488 8700 152 128 of
4716 8744 312 80 man
5032 8776 172 16 —
5204 8700 228 124 the
5516 8744 352 80 won-

1132 8888 240 124 der
1440 8888 348 124 book
1864 8884 156 128 of
2092 8888 228 120 the
2392 8884 620 124 universe
3084 8924 144 84 as
3304 8928 344 120 your
3720 8884 420 124 wheel
4216 8880 156 128 of
4448 8880 588 160 fortune,
5112 8884 244 124 Dr.
5440 8880 188 124 M.
5704 8884 164 128 V.

1132 9064 804 156 Hammack,
2028 9068 232 124 the
2344 9084 552 108 veteran
2984 9064 1124 164 metaphysician,
4196 9064 492 128 author
4780 9080 80 128 …
5108 9068 248 124 Dr.
5444 9068 424 124 Ham-

1136 9248 496 128 mack's
1688 9292 292 84 new
2040 9252 740 124 revelation
2840 9248 156 128 of
3052 9252 380 124 mind
3492 9248 804 164 publishers.
4476 9244 776 164 Columbus,
5320 9244 120 132 O
5456 9348 68 60 .,
5584 9248 292 124 The

1136 9432 152 128 F.
1348 9436 128 128 J.
1540 9436 372 120 Heer
1968 9432 628 164 printing
2656 9480 232 116 co.,
2952 9432 356 128 1927.

3404 9624 236 120 942
