5952 10400
5052 724 140 104 56

392 1092 676 148 Johnson,
1144 1088 608 128 William
1820 1088 632 152 Hallock,
2536 1096 312 116 1865
2856 1164 72 16 –

560 1276 300 132 Can
944 1276 232 124 the
1268 1272 708 132 Christian
2060 1316 308 84 now
2448 1276 512 124 believe
3048 1276 148 124 in
3284 1272 776 128 evolution?
4248 1276 220 160 By
4552 1272 628 132 William

392 1464 228 124 Ha
628 1460 104 128 ll
740 1460 252 128 ock
1064 1460 624 128 Johnson
1768 1460 84 148 …
2108 1460 588 128 Philade
2704 1460 48 124 l
2760 1460 376 164 phia,
3216 1460 292 128 The
3596 1456 572 168 Sunday
4244 1460 460 128 school
4780 1472 64 112 t
4848 1460 328 128 imes

392 1692 672 120 company
1148 1660 168 148 [ͨ
1244 1652 328 120 1926
1580 1724 32 84 ]

560 1848 204 96 188
844 1872 104 92 p.
1084 1848 756 108 20½ͨͫ.

520 1968 72 124 ©
592 1980 268 96 Dec.
920 1980 96 112 6,
1076 1976 336 112 1926;
1476 1980 160 96 2c.
1696 1980 268 92 Dec.
2024 1976 196 112 29;
2288 2000 68 72 a
2368 1976 88 92 ff
2468 2052 20 24 .
2548 1980 272 92 Dec.
2884 1976 64 92 2
2956 1980 64 92 8
3060 2004 20 84 ;
3144 1976 100 96 A
3300 1976 64 96 9
3376 1976 60 92 5
3444 1976 132 96 86
3588 1976 128 96 56
3760 2004 24 84 ;
3856 1976 476 116 Sunday
4396 1980 388 92 school
4848 1976 340 96 times

568 2140 160 72 co.
900 2112 188 116 (27
1088 2168 76 12 –
1168 2112 128 92 11
1312 2112 60 96 6
1376 2112 128 116 2)
4844 2112 140 96 52

400 2268 448 152 Kelly,
928 2268 600 124 Albanis
1600 2268 700 148 Ashmun,
2392 2276 316 116 1849
2716 2348 84 12 –

568 2452 576 168 Cottage
1264 2452 400 164 idyls,
1784 2452 180 164 by
2080 2452 588 128 Albanis
2788 2456 636 124 Ashmun
3544 2456 456 164 Kelly.
4208 2460 552 120 Boston,
4940 2456 244 148 The

400 2640 900 160 Christopher
1376 2640 808 164 publishing
2252 2644 416 124 house
2756 2640 336 152 [ͨ192
3104 2640 168 152 6]

572 2840 136 96 94
776 2868 108 88 p.
1028 2844 68 92 2
1108 2844 512 104 1ͨͫ
1292 2920 20 16 .

412 2952 120 108 ©
616 2972 284 96 Nov.
980 2972 168 116 15,
1228 2972 56 92 1
1300 2972 60 96 9
1368 2972 64 92 2
1440 2972 64 92 6
1548 3000 16 80 ;
1652 2972 164 96 2c.
1896 2972 268 96 Dec.
2248 2972 132 112 4;
2472 2972 196 96 aff.
2752 2976 104 92 D
2868 2996 156 72 ec.
3108 2972 128 116 8;
3324 2972 100 92 A
3500 2972 64 96 9
3580 2972 268 96 5860
3860 2972 120 116 8;
4076 2972 764 116 Christopher
4928 2996 72 92 p
5012 2996 68 68 u
5088 2972 104 96 b.

568 3108 392 92 house.
1132 3104 528 116 (27–903)
4852 3104 136 104 53

396 3260 800 152 Kittredge,
1272 3260 544 152 George
1888 3264 636 144 Watson,
2604 3272 316 116 1856
2924 3344 76 12 –

564 3448 288 124 The
940 3488 292 84 new
1324 3448 416 124 metal
1836 3452 528 120 worker
2456 3464 548 148 pattern
3096 3452 420 160 book;
3616 3496 72 80 a
3788 3452 660 160 complete
4544 3448 268 124 and
4912 3492 276 120 sys-

400 3636 552 124 tematic
1040 3680 464 80 course
1600 3632 156 128 of
1844 3636 824 128 instruction
2764 3636 144 128 in
3004 3636 232 128 the
3328 3636 568 128 modern
3992 3636 624 128 methods
4716 3632 156 128 of
4968 3636 220 124 de-

404 3820 644 164 veloping
1124 3824 272 124 and
1480 3824 540 160 cutting
2096 3824 228 124 the
2416 3836 616 148 patterns
3120 3824 224 124 for
3428 3828 376 120 sheet
3880 3824 420 124 metal
4384 3820 420 144 work,
4888 3864 300 84 cov-

400 4008 392 164 ering
916 4008 228 124 the
1272 4008 748 164 principles
2144 4008 836 168 underlying
3104 4008 812 168 practically
4044 4052 404 120 every
4576 4008 616 164 problem

400 4192 420 164 likely
892 4204 136 116 to
1104 4240 364 80 come
1540 4240 184 116 up
1796 4196 144 124 in
2012 4196 596 164 practice
2680 4200 268 124 and
3024 4196 808 164 explaining
3900 4200 232 124 the
4204 4196 640 128 selection
4920 4196 272 124 and

400 4424 228 84 use
712 4380 156 128 of
948 4380 632 164 drawing
1660 4384 388 160 tools,
2136 4384 268 124 and
2488 4384 436 124 linear
3012 4384 264 124 and
3368 4384 876 164 geometrical
4332 4380 636 164 drawing
5048 4428 144 80 so

400 4568 504 164 clearly
1004 4568 304 124 that
1408 4612 524 120 anyone
2032 4568 304 128 who
2428 4568 240 128 has
2768 4568 276 128 had
3140 4612 176 84 no
3412 4568 636 164 previous
4144 4568 804 164 knowledge
5040 4568 152 124 of

404 4756 628 164 drawing
1120 4796 312 120 may
1520 4756 848 124 understand
2456 4756 372 124 these
2912 4756 700 124 essentials
3704 4756 272 124 and
4072 4756 428 168 apply
4588 4756 376 124 them
5048 4756 144 124 in

408 4940 400 168 using
916 4940 228 124 the
1248 4980 412 124 many
1772 4940 680 160 problems
2564 4940 716 160 presented
3388 4940 144 124 in
3640 4940 232 124 the
3980 4940 956 164 development
5044 4944 152 124 of

404 5140 616 148 patterns
1104 5124 184 168 by
1364 5128 228 124 the
1680 5124 580 164 parallel
2348 5128 316 160 line,
2748 5128 520 124 conical
3352 5172 148 80 or
3584 5128 548 164 flaring,
4220 5132 272 124 and
4572 5132 620 160 triangu-

404 5316 436 128 lation
940 5324 608 156 systems,
1648 5312 184 164 by
1936 5312 324 132 Geo.
2368 5316 212 128 W.
2704 5312 728 164 Kittredge
3536 5316 272 128 and
3916 5312 756 132 associates.
4864 5316 332 128 New

408 5544 268 84 rev.
776 5504 248 160 ed.,
1120 5496 720 168 including
1932 5544 364 84 some
2388 5544 296 84 new
2784 5496 688 168 problems
3564 5500 184 164 by
3844 5500 480 128 Frank
4416 5500 184 128 X.
4700 5504 484 124 Morio.

404 5688 336 128 New
832 5688 428 160 York,
1360 5684 692 132 Scientific
2132 5684 356 128 book
2576 5688 920 160 corporation,
3584 5696 360 116 1926.

572 5892 60 92 2
708 5916 104 88 p.
884 5892 40 88 l
936 5964 52 36 .,
1072 5920 36 64 [
1104 5888 40 92 i
1152 5888 172 108 ii]–
1356 5884 116 100 iv
1544 5916 132 84 p.,
1748 5892 60 88 1
1884 5888 36 92 l
1936 5960 56 40 .,
2068 5884 204 100 518
2340 5912 104 92 p.
2588 5884 344 116 illus.,
3008 5884 432 116 diagrs.
3580 5888 684 104 28ͨͫ.

416 6004 116 116 ©
604 6020 280 96 Nov.
952 6020 96 112 9,
1112 6016 336 112 1926;
1516 6016 160 100 2c.
1744 6020 268 96 Dec.
2080 6020 196 112 11;
2348 6016 200 96 aff.
2616 6020 272 92 Dec.
2956 6016 200 112 24;
3224 6016 100 96 A
3388 6016 208 96 958
3604 6016 60 96 5
3668 6016 200 116 92;
3952 6016 580 100 Scientific
4600 6024 68 88 b
4676 6020 224 96 ook
4960 6048 240 68 cor-

580 6152 568 116 poration.
1316 6152 536 116 (27–990)
4864 6152 140 104 54

404 6312 624 148 Lamme,
1096 6308 764 152 Benjamin
1936 6308 580 152 Garver,
2600 6316 324 120 1864
2928 6388 80 12 –
3020 6316 356 120 1924.

576 6492 740 168 Benjamin
1400 6492 532 132 Garver
2012 6496 604 160 Lamme,
2704 6496 676 124 electrical
3464 6496 680 164 engineer,
4228 6540 176 84 an
4492 6496 700 164 autobiog-

412 6684 444 164 raphy
940 6696 88 128 …
1256 6680 336 124 New
1660 6680 436 160 York,
2156 6680 624 160 London,
2848 6680 164 132 G.
3084 6684 156 124 P.
3312 6684 212 124 Pu
3536 6696 56 112 t
3596 6684 428 128 nam's
4096 6728 352 116 sons,
4520 6692 152 116 19
4680 6692 160 116 26
4856 6788 24 20 .

576 6880 232 116 xvi,
888 6884 204 96 271
1172 6908 100 88 p.
1416 6880 392 116 front.,
1892 6880 344 112 illus.,
2320 6884 412 112 plates,
2812 6888 396 108 ports.,
3284 6880 492 116 facsim.,
3860 6884 432 112 diagrs.
4432 6884 584 108 22ͨͫ.

580 7016 580 100 Editorial
1228 7024 268 88 note
1576 7016 468 116 signed:
2120 7016 388 96 Mansf
2512 7016 28 92 i
2552 7020 184 92 eld
2812 7016 488 116 Dudley.

584 7152 696 96 "Published
1360 7148 556 120 papers":
1996 7176 100 92 p.
2172 7152 524 96 255–263.

420 7264 120 116 ©
616 7288 268 92 Dec.
956 7284 168 112 22,
1200 7284 340 112 1926;
1620 7284 164 96 2c.
1856 7284 228 96 and
2160 7308 64 72 a
2236 7284 124 96 ff.
2432 7284 272 96 Dec.
2780 7284 200 112 31;
3064 7284 100 88 A
3240 7284 64 92 9
3308 7284 60 92 5
3380 7280 336 116 7915;
3808 7284 124 96 G.
4012 7284 124 96 P.
4212 7284 604 96 Putnam's
4896 7312 304 72 sons.

608 7416 192 116 (27
800 7472 72 12 –
876 7416 260 116 991)
4860 7420 60 96 5
4936 7416 60 100 5

412 7576 828 148 Lampman,
1316 7576 296 120 Ben
1688 7576 352 124 Hur.

584 7760 368 128 How
1028 7764 392 124 could
1504 7764 76 124 I
1656 7760 160 128 be
1900 7760 852 168 forgetting?
2840 7760 180 164 by
3104 7764 288 124 Ben
3472 7764 316 124 Hur
3860 7764 840 160 Lampman;
4784 7764 416 164 being

424 7996 76 76 a
596 7952 888 156 compilation
1580 7948 160 124 of
1828 7992 364 84 some
2288 7944 160 128 of
2540 7948 216 124 his
2852 7948 644 124 editorial
3596 7948 632 164 writings
4324 7952 272 124 and
4692 7996 508 116 poems,

424 8132 768 132 heretofore
1284 8136 728 160 published
2108 8132 840 164 principally
3048 8132 144 124 in
3284 8136 228 124 the
3604 8136 664 164 Morning
4360 8132 832 168 Oregonian.

428 8320 72 124 I
508 8320 104 124 ll
616 8336 380 112 ustra
1004 8336 60 112 t
1068 8324 164 124 ed
1308 8320 184 160 by
1564 8316 624 128 Howard
2264 8320 156 124 L.
2504 8316 588 164 Stroupe
3188 8312 80 152 …
3508 8324 276 120 Por
3792 8332 60 112 t
3856 8320 372 164 land,
4316 8320 120 136 O
4452 8364 152 120 r.,
4680 8324 216 132 W.
4976 8320 180 148 W
5164 8420 28 28 .

428 8508 160 124 R.
664 8508 376 160 May,
1112 8512 360 120 1926.

592 8704 68 96 6
716 8728 108 92 p.
892 8704 104 108 1.,
1064 8700 208 96 196
1336 8728 104 88 p.
1580 8700 396 116 front.,
2052 8700 88 96 il
2144 8704 36 92 l
2192 8728 172 72 us.
2500 8704 620 108 21ͨͫ.

428 8812 124 120 ©
608 8836 272 96 Dec.
936 8836 164 116 23,
1156 8836 336 116 1926;
1556 8836 164 96 2c.
1780 8836 264 96 Jan.
2096 8836 104 116 4,
2252 8836 340 116 1927;
2660 8836 196 96 aff.
2912 8836 260 96 Jan.
3236 8836 128 112 3;
3424 8836 100 92 A
3580 8836 348 96 95856
3932 8836 68 92 0
4036 8860 24 92 ;
4124 8840 132 92 B.
4316 8836 148 96 H.
4528 8836 668 116 Lampman,

588 8968 596 116 Portland,
1264 8968 188 100 Or.
1620 8972 188 112 (27
1808 9028 76 8 –
1884 8968 264 116 976)
4856 8968 144 100 56

428 9124 492 148 Leech,
996 9124 600 152 Harper,
1672 9136 312 116 1885
1992 9208 88 12 –

588 9312 364 128 Wha
956 9324 60 112 t
1024 9308 96 132 's
1204 9316 232 124 the
1524 9312 444 128 news?
2156 9312 220 164 By
2464 9316 560 160 Harper
3116 9316 192 124 Le
3316 9356 64 80 e
3388 9316 208 156 ch,
3688 9312 184 132 "S
3884 9360 68 80 c
3956 9324 376 116 rutat
4340 9356 72 84 o
4424 9316 156 124 r"
4676 9320 84 136 …
4928 9312 272 128 and

424 9496 376 124 John
856 9492 148 132 C.
1072 9496 540 124 Carroll
1732 9504 84 132 …
2008 9492 648 168 Chicago,
2708 9500 156 124 P.
2932 9496 512 164 Covici,
3512 9504 360 120 1926.

2780 9788 76 120 9
