5920 10300
352 996 576 148 Adams,
1004 996 664 128 Florence
1740 992 368 152 Ann,
2192 1040 424 104 comp.

524 1208 736 164 Highdays
1360 1212 108 120 &
1568 1200 672 168 holidays,
2336 1200 184 168 by
2628 1204 652 124 Florence
3380 1200 524 132 Adams
4008 1200 272 132 and
4388 1200 724 132 Elizabeth

356 1388 872 160 McCarrick;
1308 1392 720 124 decorated
2092 1388 180 168 by
2348 1388 488 124 Emma
2908 1388 156 124 L.
3144 1388 488 124 Brock.
3792 1388 336 124 New
4204 1384 428 164 York,
4712 1388 160 128 E.
4952 1392 152 124 P.

356 1576 532 124 Dutton
952 1580 108 120 &
1124 1616 668 124 company
1884 1572 404 148 [ͨ1927
2296 1652 36 84 ]

524 1796 152 68 xv
736 1796 136 88 p.,
928 1768 64 92 2
1052 1768 40 92 l
1104 1844 56 40 .,
1216 1772 64 92 3
1284 1820 56 12 –
1356 1772 204 92 337
1620 1796 104 88 p.
1864 1764 756 108 19½ͨͫ.

528 1936 440 96 Poems.

360 2084 116 108 ©
552 2100 244 100 Oct.
856 2108 168 108 14,
1088 2104 336 108 1927;
1496 2104 160 96 2c.
1724 2100 244 100 Oct.
2032 2100 196 112 15;
2300 2100 128 96 af
2396 2100 64 92 f
2480 2180 16 20 .
2564 2108 280 92 Nov.
2916 2100 120 112 5;
3108 2100 100 96 A
3272 2100 544 112 1010230;
3892 2108 128 92 E.
4092 2108 120 92 P.
4280 2108 104 88 D
4396 2108 332 92 utton
4796 2108 84 92 &
4944 2132 164 72 co.

544 2236 664 120 (27-24131)
4548 2236 356 100 10416

356 2532 164 124 Æ
532 2568 468 112 sopus.

556 2752 144 120 Æ
716 2752 348 160 sop's
1144 2748 476 164 fables,
1692 2752 336 124 with
2100 2796 312 80 over
2492 2796 244 80 one
2812 2752 628 124 hundred
3508 2752 696 164 drawings
4276 2752 144 128 in
4488 2752 276 128 line
4840 2756 268 124 and

356 2940 428 124 colors
892 2940 184 160 by
1184 2940 416 124 Louis
1716 2940 512 124 Rhead.
2436 2940 332 124 New
2884 2936 388 128 York
3380 2944 108 116 &
3600 2940 616 160 London,
4332 2936 560 168 Harper
5004 2944 112 120 &

352 3124 616 128 brothers
1080 3120 432 160 [ͨ1927]

536 3316 328 96 xxxii
940 3344 136 92 p.,
1152 3324 56 88 1
1284 3324 36 88 l
1340 3392 52 40 .,
1472 3316 204 96 194
1752 3348 100 88 p.
1932 3316 36 96 i
1980 3348 136 68 nc
2124 3324 40 88 l
2176 3396 24 20 .
2276 3320 208 96 illu
2496 3344 120 88 s.,
2696 3324 412 112 plates.
3248 3324 208 96 col,
3528 3324 396 108 front.,
4004 3324 208 96 col.
4288 3324 412 112 plates.
4840 3324 680 104 23ͨͫ.

536 3484 300 96 Title
904 3484 412 96 within
1380 3484 728 96 ornamental
2168 3484 448 96 border.

360 3636 120 116 ©
560 3660 280 88 Nov.
912 3656 160 112 17,
1148 3652 336 112 1927;
1560 3652 160 100 2c.
1792 3652 280 100 Nov.
2144 3656 200 108 21;
2420 3652 196 96 aff.
2692 3656 280 96 Nov.
3048 3660 56 88 1
3120 3652 64 96 9
3220 3680 20 84 ;
3320 3652 100 96 A
3492 3660 56 88 1
3560 3656 72 92 0
3636 3656 52 92 1
3704 3648 68 100 0
3768 3652 68 88 4
3844 3652 132 96 60
4016 3680 20 88 ;
4124 3656 460 116 Harper
4656 3660 88 92 &
4816 3660 300 96 bros.

572 3780 128 124 [©
780 3788 816 116 illustrations]
1768 3784 668 120 (27-24017)
4536 3788 356 104 10417

360 4048 840 148 Alexander,
1280 4048 780 124 Constance
2144 4048 840 128 Grosvenor.

536 4268 748 120 Francesca
1356 4264 824 160 Alexander,
2264 4312 72 76 a
2420 4264 592 128 "hidden
3088 4264 628 128 servant"
3804 4276 80 128 …
4032 4268 704 128 memories
4820 4316 300 120 gar-

368 4448 408 128 nered
888 4448 180 168 by
1184 4492 244 84 one
1544 4448 296 128 who
1964 4448 396 128 loved
2476 4452 240 124 her
2836 4452 516 164 dearly,
3476 4448 748 132 Constance
4348 4452 780 128 Grosvenor

372 4632 820 164 Alexander,
1296 4636 336 124 with
1732 4676 76 84 a
1912 4632 684 128 foreword
2696 4636 176 164 by
2976 4632 524 168 George
3608 4636 600 128 Herbert
4312 4640 548 128 Palmer
4956 4636 80 144 …

372 4816 864 168 Cambridge,
1304 4816 656 132 Harvard
2028 4816 760 168 university
2852 4864 416 120 press,
3340 4820 364 132 1927.

540 5008 200 120 xii,
804 5012 200 96 233
1060 5036 104 92 p.
1304 5012 392 116 front.,
1756 5016 408 112 plates,
2224 5016 392 112 ports.,
2676 5012 520 104 facsims.
3336 5012 688 104 27½ͨͫ.

544 5192 268 96 "750
868 5192 376 112 copies
1308 5192 460 112 printed
1832 5192 228 96 and
2120 5192 192 96 the
2376 5196 264 108 type
2704 5192 808 96 distributed."

544 5320 28 88 '
612 5328 160 92 La
832 5328 300 92 sorel
1136 5328 44 92 l
1188 5324 456 96 accia":
1704 5352 108 88 p.
1876 5320 300 124 [191]
2176 5380 52 12 –
2232 5324 240 100 220.

540 5460 836 116 Bibliography
1416 5484 24 72 :
1508 5484 100 92 p.
1684 5460 592 116 [221]–225.

432 5624 72 112 ©
576 5632 280 92 Nov.
932 5628 164 116 15,
1176 5628 336 108 1927;
1592 5628 164 96 2c.
1836 5628 280 96 Nov.
2196 5628 192 108 13;
2476 5628 128 92 af
2592 5624 52 96 f
2652 5704 20 20 .
2752 5628 284 96 Nov.
3116 5628 56 92 1
3184 5628 64 92 6
3288 5652 20 84 ;
3392 5628 104 92 A
3572 5636 56 88 1
3644 5632 60 92 0
3716 5636 56 88 1
3780 5636 60 88 3
3856 5636 56 88 1
3924 5632 68 92 5
3996 5636 124 108 7;
4204 5636 612 96 President
4896 5640 228 96 and

528 5764 452 116 fellows
1060 5764 120 96 of
1252 5764 548 92 Harvard
1872 5764 460 112 college,
2412 5760 720 116 Cambridge,
3212 5780 348 92 Mass.
3728 5768 668 116 (27-24145)
4568 5768 356 100 10418

368 6020 780 148 Anderson,
1232 6020 796 144 Frederick,
2104 6024 196 120 ed.

552 6240 1040 160 [Introduction,
1684 6248 420 148 notes,
2200 6280 644 120 program
2940 6236 156 124 of
3188 6236 416 160 work,
3700 6244 272 124 and
4068 6244 824 168 vocabulary
4988 6248 140 128 in

372 6428 228 124 the
676 6424 348 128 book
1104 6424 632 152 entitled]
1804 6424 608 160 L'avare,
2496 6420 588 128 comédie
3172 6468 160 80 en
3412 6424 308 164 cinq
3804 6440 352 112 actes
4240 6444 136 112 et
4448 6476 160 80 en
4692 6476 436 120 prose,

372 6656 252 116 par
732 6612 600 120 Molière.
1532 6612 560 156 Boston,
2200 6608 328 124 New
2640 6608 388 124 York
3148 6616 312 128 [etc.]
3600 6608 372 128 Ginn
4084 6616 268 124 and
4468 6660 660 124 company

388 6792 412 144 [ͨ1927
816 6872 28 80 ]

536 6988 280 116 xxii,
888 6988 200 96 162
1156 7012 100 92 p.
1328 6988 120 92 in
1456 6988 104 92 cl
1568 7068 20 16 .
1656 6988 360 96 front.
2084 6984 408 120 (port.)
2656 6988 680 108 17½ͨͫ.

380 7128 116 112 ©
568 7160 280 96 Nov.
916 7132 128 120 15
1060 7232 16 40 ,
1144 7152 272 100 1927
1460 7180 16 88 ;
1544 7156 164 96 2c.
1776 7156 228 92 and
2068 7152 196 100 aff.
2332 7156 280 96 Nov.
2680 7156 192 108 18;
2944 7156 104 92 A
3108 7156 56 92 1
3176 7152 72 96 0
3248 7156 132 96 13
3384 7156 64 92 1
3460 7156 60 96 5
3528 7156 72 96 0
3632 7180 24 92 ;
3732 7156 308 96 Ginn
4104 7164 84 96 &
4252 7188 164 76 co.

4572 7296 356 108 10419

372 7452 784 120 Arkansas.
1332 7452 436 156 Laws,
1836 7464 612 144 statutes,
2516 7464 240 108 etc.

552 7672 896 160 Supplement
1520 7680 136 112 to
1744 7668 724 124 Crawford
2552 7668 268 124 and
2900 7668 484 124 Moses'
3460 7668 484 164 Digest
4024 7672 156 128 of
4256 7680 228 124 the
4564 7692 568 120 statutes

380 7856 152 124 of
628 7852 748 160 Arkansas,
1476 7852 776 164 embracing
2352 7852 224 124 the
2680 7852 548 164 general
3328 7864 572 116 statutes
4004 7864 552 124 enacted
4664 7880 144 112 at
4904 7872 232 120 the

384 8040 760 164 legislative
1232 8036 564 124 sessions
1884 8032 152 124 of
2128 8044 364 148 1921,
2588 8044 360 148 1923,
3040 8044 364 152 1925,
3500 8040 360 164 1927,
3952 8048 272 120 and
4312 8048 228 124 the
4632 8056 504 156 special

384 8228 568 124 sessions
1012 8220 156 124 of
1232 8228 312 116 1923
1616 8220 268 124 and
1952 8228 356 116 1924.
2456 8220 680 160 Together
3200 8220 336 124 with
3600 8236 372 116 notes
4040 8228 152 124 of
4260 8232 660 132 decisions
4984 8240 152 124 of

384 8416 220 120 the
716 8408 652 160 Supreme
1476 8416 384 112 court
1956 8404 152 124 of
2212 8404 700 124 Arkansas
3020 8408 796 164 construing
3912 8412 228 124 the
4248 8420 892 128 constitution

384 8596 156 124 of
608 8596 228 124 the
908 8604 344 112 state
1328 8588 264 124 and
1668 8588 228 124 the
1968 8588 328 124 laws
2368 8588 144 120 in
2592 8584 728 132 Crawford
3400 8596 268 120 and
3740 8596 484 128 Moses'
4300 8604 496 164 Digest
4868 8612 268 124 and

388 8780 800 160 subsequent
1264 8784 864 148 enactments,
2200 8772 180 160 by
2456 8772 376 128 John
2904 8776 156 120 T.
3144 8772 464 128 Castle
3704 8808 84 128 …
4004 8780 196 132 St.
4280 8788 456 164 Louis,
4816 8792 156 124 M
4980 8836 72 80 o
5068 8896 68 60 .,

388 8968 588 120 Thomas
1044 8964 260 116 law
1364 8956 352 124 book
1784 8996 704 120 company,
2564 8952 356 128 1927.

548 9156 36 88 l
596 9184 68 64 v
676 9232 20 36 ,
760 9160 60 92 9
832 9160 60 92 0
904 9156 64 92 6
1028 9180 104 88 p.
1280 9152 676 112 26½ͨͫ.

396 9284 112 112 ©
588 9328 280 92 Nov.
940 9320 68 96 5
1012 9396 20 40 ,
1104 9320 332 108 1927;
1508 9316 72 96 2
1584 9344 56 68 c
1652 9392 20 24 .
1740 9316 100 92 N
1852 9340 60 72 o
1924 9340 100 72 v.
2092 9316 124 108 7;
2296 9316 124 92 af
2392 9316 68 88 f
2468 9392 24 20 .
2564 9316 100 92 N
2672 9340 140 72 ov
2824 9392 20 20 .
2916 9320 56 88 1
2984 9316 68 96 0
3088 9340 20 88 ;
3188 9316 100 96 A
3352 9320 60 92 1
3424 9320 68 92 0
3492 9320 128 96 13
3632 9320 64 96 0
3696 9324 200 112 68;
3976 9328 500 100 Thomas
4548 9340 40 88 l
4596 9360 180 68 aw
4848 9340 64 92 b
4924 9364 64 72 o
4992 9344 148 92 ok

556 9488 164 68 co.
4588 9464 352 104 10420

2608 9576 72 112 1
2684 9576 156 112 55
2848 9576 72 112 3
