5920 10300
2496 9744 320 120 1045

240 1060 492 148 Paton,
804 1056 488 128 James
1356 1056 560 124 Morton
1924 1128 180 20 —
2116 1048 768 132 Continued

248 1244 440 128 North
792 1244 572 156 Fowler,
1460 1240 464 128 James
2024 1236 552 128 Morton
2680 1236 492 156 Paton,
3272 1228 608 132 Gorham
3984 1224 604 168 Phillips
4700 1224 288 132 Ste-

248 1472 380 116 vens;
736 1428 452 128 edited
1288 1424 176 168 by
1564 1424 464 128 James
2132 1424 552 120 Morton
2784 1420 448 124 Paton
3316 1428 84 148 …
3600 1412 724 168 published
4436 1412 224 128 for
4760 1412 232 128 the

240 1608 740 128 American
1060 1608 452 128 school
1596 1604 156 132 of
1836 1604 608 132 classical
2532 1604 516 128 studies
3136 1616 144 112 at
3368 1596 572 132 Athens.
4128 1592 864 172 Cambridge,

244 1796 452 160 Mass.,
748 1796 656 124 Harvard
1464 1788 764 168 university
2288 1832 412 120 press,
2768 1784 360 132 1927.

412 2016 232 68 xxv
652 1988 68 112 i,
800 1988 200 96 673
1080 2016 100 84 p.
1324 1984 304 100 illus.
1696 1980 176 120 (in
1884 1988 96 92 cl
1996 2060 20 24 .
2092 1980 392 120 plans)
2588 1984 428 112 diagrs.
3156 1980 64 96 3
3232 1984 684 112 1½ͨͫ
3488 2056 20 20 .
3652 2004 68 72 a
3728 1980 156 96 nd
3964 1976 304 96 atlas
4372 1976 120 116 (9
4568 2004 100 88 p.
4800 1984 228 108 LIV

252 2148 68 88 p
324 2124 40 92 l
380 2196 16 24 .
464 2120 116 116 (1
640 2120 552 112 double))
1356 2120 60 92 5
1424 2120 1080 108 4ͨͫ.

420 2256 304 96 "The
804 2256 772 92 Erechtheum
1656 2248 120 96 in
1856 2248 456 100 writers
2392 2252 124 92 of
2592 2248 196 96 the
2868 2248 752 96 seventeenth
3692 2244 232 96 and
4008 2244 668 116 eighteenth
4752 2268 248 72 cen-

256 2388 492 100 turies":
836 2416 104 88 p.
1024 2412 40 76 [
1064 2388 588 116 585]–600;
1744 2384 944 112 "Chronological
2768 2380 204 100 list
3060 2380 124 96 of
3268 2404 464 72 sources
3816 2380 308 96 later
4212 2380 284 96 than
4580 2376 404 100 1750":

252 2536 96 88 p.
416 2544 36 80 [
452 2524 552 112 614]–643.

252 2632 112 108 ©
452 2660 272 112 July
804 2656 160 116 12,
1040 2656 336 112 1927;
1460 2656 160 96 2c.
1696 2656 272 116 July
2048 2656 192 108 18;
2328 2680 64 68 a
2404 2652 48 96 f
2444 2652 48 96 f
2504 2732 16 20 .
2600 2656 280 108 July
2952 2652 196 112 25;
3232 2652 100 96 A
3420 2652 464 108 396766;
3964 2652 552 96 Trustees
4596 2652 128 96 of
4800 2652 192 96 the

412 2796 604 96 American
1084 2796 388 92 school
1540 2792 120 96 of
1728 2792 528 96 classical
2328 2788 444 96 studies
2836 2796 128 88 at
3024 2788 476 112 Athens,
3576 2784 716 120 Cambridge,
4372 2788 348 92 Mass.

432 2928 400 120 (27-18
836 2932 132 96 03
976 2932 120 108 7)
4512 2916 284 104 6929

248 3088 476 152 Perry,
800 3084 616 128 Thomas
1484 3084 672 152 Osborne,
2236 3092 316 116 1847
2556 3164 88 12 –
2652 3084 356 124 1927.

416 3272 316 124 Life
812 3276 140 120 in
1028 3276 228 120 the
1332 3268 656 164 universe,
2068 3272 176 160 by
2328 3272 592 124 Thomas
3004 3268 116 128 O
3144 3372 16 16 .
3248 3272 472 160 Perry.
3904 3264 644 168 Chicago,
4632 3268 360 124 1927.

412 3472 64 88 2
528 3496 100 88 p.
684 3472 104 108 1.,
844 3468 132 96 59
1028 3496 100 84 p.
1268 3468 360 96 front.
1692 3468 604 112 (mounted
2348 3460 352 120 port.)
2864 3464 64 92 2
2940 3460 648 112 1ͨͫ
3120 3540 24 20 .

420 3604 656 112 "Privately
1184 3604 460 112 printed
1756 3600 188 96 for
2052 3600 184 96 his
2348 3600 548 92 relatives
3004 3600 228 92 and
3340 3596 484 116 friends,
3936 3600 144 112 by
4188 3596 184 96 his
4480 3600 512 112 nephew,

256 3732 384 100 Frank
696 3740 356 108 Perry
1112 3736 564 112 Keeney."

256 3840 116 108 ©
464 3872 296 96 June
844 3872 160 112 15,
1096 3872 332 108 1927;
1520 3872 160 96 2c.
1764 3872 300 96 June
2148 3872 196 108 30;
2436 3896 68 68 a
2516 3868 48 96 f
2560 3868 44 96 f
2616 3944 20 20 .
2724 3872 300 96 June
3112 3872 192 108 17;
3400 3868 96 96 A
3584 3868 64 88 9
3616 3872 64 92 0
3724 3864 336 116 0745;
4156 3868 392 92 Frank
4640 3868 360 112 Perry

412 4012 496 112 Keeney,
988 4008 532 116 Chicago.
1684 4004 668 120 (27-18010)
4512 4000 284 100 6930

252 4248 32 80 [
296 4164 744 188 Pi͡eshkov,
1120 4160 616 188 Aleksi͡
1616 4164 76 128 e
1692 4168 48 116 ĭ
1824 4160 1084 180 Maksimovich]
2992 4168 316 120 1868
3316 4240 84 16 –

476 4364 80 128 …
636 4352 284 128 Das
984 4352 360 128 werk
1412 4352 236 128 der
1708 4352 1000 164 Artamonows,
2772 4396 508 80 roman.
3440 4348 520 160 Berlin,
4020 4348 496 124 Malik-
4532 4396 84 76 v
4624 4348 376 168 erlag

184 4544 104 156 [ͨ
356 4540 320 128 1927
684 4616 32 84 ]

416 4732 136 96 42
560 4732 68 96 0
684 4760 100 92 p.
924 4736 64 92 2
996 4732 612 108 0ͨͫ
1184 4808 20 24 .
1368 4736 828 112 (Gesammelte
2260 4736 412 96 werke.
2816 4760 76 68 x
2920 4732 32 116 )

420 4868 548 96 Author's
1020 4872 424 112 pseud.,
1512 4868 436 96 Maxim
2012 4868 92 96 G
2112 4868 284 116 orki,
2460 4876 128 88 at
2640 4872 300 92 head
3000 4868 124 96 of
3184 4868 288 96 title.

428 5000 536 116 "Einzige
1076 5000 748 100 autorisierte
1952 5000 752 116 übersetzung
2812 5028 212 68 aus
3144 5004 252 92 dem
3516 5000 664 96 russischen
4292 5024 224 72 von
4632 5000 368 96 Klara

264 5132 628 100 Brauner."

260 5244 116 112 ©
460 5272 260 100 Jan.
792 5272 164 112 26,
1036 5272 332 112 1927;
1452 5276 56 88 1
1520 5300 88 72 c.
1688 5276 272 108 May
2036 5272 64 92 6
2124 5280 32 84 ;
2244 5272 100 92 A
2344 5328 140 8 —
2492 5268 492 116 Foreign
3060 5272 60 92 3
3132 5276 64 88 4
3204 5272 60 92 9
3268 5272 200 112 48;
3556 5272 816 116 Malik-verlag
4448 5296 104 72 a.
4632 5292 96 92 g.

440 5408 660 112 (27-17647)
4520 5400 280 104 6931

252 5532 444 152 Poole,
772 5532 752 128 Frederick
1592 5528 600 156 Arthur,
2272 5540 316 120 1908
2592 5612 84 12 –

416 5720 132 124 A
628 5720 508 124 branch
1224 5720 152 124 of
1456 5724 232 120 the
1768 5720 420 124 Poole
2276 5716 492 168 family
2852 5720 140 124 in
3076 5720 632 124 America
3804 5720 740 124 descended
4640 5716 360 128 from

252 5904 372 128 John
724 5904 340 128 Pool
1160 5904 152 128 of
1408 5904 740 164 Rockport,
2252 5904 1096 156 Massachusetts,
3444 5904 712 164 including
4260 5904 228 124 the
4588 5904 412 124 allied

264 6084 584 132 families
940 6088 156 128 of
1184 6088 616 164 Haskell,
1900 6092 724 160 Norwood,
2724 6088 528 164 Storey,
3352 6092 640 156 Butman,
4092 6088 440 160 Rand,
4632 6088 368 128 Ken-

256 6272 320 164 dall,
676 6276 668 164 compiled
1440 6276 268 124 and
1812 6276 672 164 arranged
2584 6272 360 124 from
3040 6276 544 124 various
3684 6320 528 80 sources
4304 6272 180 168 by
4580 6276 420 124 Fred-

256 6460 360 124 erick
688 6460 540 124 Arthur
1296 6464 456 156 Poole,
1828 6460 168 164 jr.
2180 6456 640 168 Chicago,
2900 6460 380 128 Priv.
3356 6460 468 164 print.,
3904 6460 360 128 1927.

420 6652 232 116 159,
724 6700 24 72 [
756 6652 96 120 1]
920 6680 100 92 p.
1160 6652 356 100 front.
1584 6652 380 120 (map)
2048 6660 356 112 ports.
2544 6652 720 112 29½ͨͫ
2860 6692 24 56 .

424 6788 472 96 Printed
964 6816 144 68 on
1168 6816 208 72 one
1440 6792 244 96 side
1752 6792 124 96 of
1940 6792 244 96 leaf
2248 6796 296 108 only.

428 6928 316 92 Each
820 6928 312 112 plate
1208 6924 808 116 accompanied
2092 6928 144 112 by
2312 6928 368 112 guard
2756 6928 328 92 sheet
3160 6924 280 100 with
3524 6924 692 120 descriptive
4288 6928 712 116 letterpress.

428 7060 244 92 "An
776 7056 440 96 edition
1316 7060 448 96 limited
1872 7068 120 88 to
2096 7060 264 112 fifty
2468 7060 380 116 copies
2948 7060 464 116 printed
3520 7084 140 72 on
3768 7060 436 96 Italian
4308 7060 696 96 hand-made

264 7216 376 92 paper,
712 7192 216 96 five
1000 7192 380 116 copies
1452 7192 460 116 printed
1984 7220 144 68 on
2200 7196 576 112 Japanese
2844 7200 460 96 vellum,
3376 7200 228 88 and
3672 7200 232 88 two
3972 7192 380 116 copies
4420 7196 188 96 for
4676 7224 328 88 copy-

264 7324 304 116 right
628 7324 652 116 purposes."

428 7460 888 116 Bibliography:
1388 7492 104 84 p.
1568 7480 36 80 [
1604 7448 256 108 141]
1848 7516 72 12 –
1924 7460 232 100 145.

268 7572 116 116 ©
464 7596 280 112 Aug.
816 7596 164 112 20,
1052 7596 336 112 1927;
1464 7584 160 112 2c.
1696 7600 288 108 Aug.
2056 7600 196 108 24;
2332 7596 196 96 aff.
2604 7600 284 108 Aug.
2964 7600 72 92 2
3028 7600 124 92 5:
3240 7600 96 92 A
3412 7600 200 96 996
3620 7600 264 112 872;
3972 7600 120 96 F.
4168 7604 128 96 A.
4376 7604 376 96 Poole.
4824 7604 176 116 jr.,

428 7732 524 108 Chicago.
1124 7732 664 116 (27-18002)
4524 7732 284 104 6932

260 7856 612 152 Reddall,
944 7860 564 124 Arthur
1600 7856 84 144 H
2392 7864 404 120 1880-

524 8044 76 136 …
676 8044 692 156 Publicity
1460 8044 616 120 methods
2180 8044 220 120 for
2488 8044 252 124 life
2828 8040 1008 160 underwriters,
3924 8048 176 160 by
4192 8044 536 128 Arthur
4820 8048 180 128 H.

264 8224 524 124 Reddal
796 8228 48 120 l
956 8236 80 128 …
1252 8228 328 124 New
1656 8224 428 148 York,
2164 8228 152 120 F.
2408 8224 92 132 S
2520 8328 20 24 .
2632 8224 264 132 Cro
2912 8224 128 128 ft
3048 8272 56 80 s
3176 8232 108 120 &
3364 8272 232 100 co.,
3676 8236 148 116 19
3836 8236 72 112 2
3916 8228 116 128 7.

428 8420 152 104 xi,
640 8420 204 92 356
912 8444 100 88 p.
1156 8420 304 96 illus.
1604 8420 680 104 22ͨͫ.
2044 8420 300 116 (The
2412 8420 832 96 international
3316 8420 208 96 life
3588 8424 832 96 underwriters
4484 8428 496 112 library)

436 8552 664 116 "Approved
1180 8556 148 108 by
1404 8552 552 96 National
2044 8552 700 96 association
2824 8556 120 92 of
3020 8552 212 96 life
3316 8556 860 112 underwriters,
4260 8560 256 92 Life
4600 8560 404 96 under-

276 8684 448 96 writers
792 8684 696 96 association
1560 8688 120 92 of
1748 8684 576 100 Canada."

276 8808 116 112 ©
460 8824 272 108 July
792 8824 164 108 26,
1024 8824 196 88 192
1236 8824 120 108 7;
1424 8824 160 96 2c.
1648 8824 276 112 July
1984 8824 196 108 30;
2252 8848 56 68 a
2328 8824 116 96 ff.
2512 8824 276 112 July
2848 8824 200 112 29;
3116 8824 96 92 A
3276 8824 132 96 99
3416 8828 68 92 6
3488 8824 264 112 615;
3828 8828 120 96 F.
4024 8828 68 96 S
4108 8904 20 20 .
4200 8828 392 96 Crofts
4660 8828 88 96 &
4808 8852 192 92 co.,

432 8952 212 100 inc.
812 8956 664 112 (27-17946)
4528 8960 280 100 6933

272 9076 320 148 Roe,
664 9080 600 128 Edward
1332 9080 656 152 Thomas,
2068 9080 316 128 1847
2388 9160 84 16 –

432 9264 388 124 Roe's
924 9268 256 120 law
1288 9268 264 124 and
1660 9268 600 124 business
2368 9268 848 160 cyclopedia;
3332 9316 72 76 a
3516 9272 408 164 guide
4024 9284 144 116 to
4272 9268 732 132 successful

276 9440 588 132 business
968 9452 656 160 methods,
1728 9452 616 160 together
2448 9452 332 124 with
2892 9452 468 132 advice
3472 9456 264 128 and
3844 9452 880 136 instructions
4832 9500 172 80 on
