5968 10284
720 924 1008 152 Hausendorff,
1812 924 560 128 Erhard
2380 1004 172 12 —
2560 920 772 136 Continued

896 1116 196 120 vii,
1160 1164 24 76 [
1196 1124 60 96 1
1268 1116 32 88 ]
1308 1196 24 40 ,
1388 1120 136 100 90
1580 1148 104 88 p.
1828 1120 344 116 illus.,
2232 1116 284 100 fold.
2572 1144 268 92 map
2908 1116 180 120 (in
3144 1116 472 120 pocket)
3776 1120 684 108 22ͨͫ.

880 1272 684 112 "Übersicht
1640 1272 272 112 über
1980 1280 212 92 das
2252 1276 736 96 verwendete
3052 1272 816 100 schrifttum":
3948 1300 108 96 p.
4128 1280 208 100 87–
4336 1276 140 100 90
4484 1352 24 24 .

736 1408 116 116 ©
932 1412 268 100 Feb.
1272 1412 168 112 15,
1512 1408 276 96 1927
1816 1432 32 80 ;
2000 1424 152 120 1c.
2172 1420 272 104 May
2520 1408 64 96 6
2612 1432 28 84 ;
2728 1408 96 96 A
2824 1464 148 12 —
2972 1408 500 116 Foreign
3544 1408 412 116 34777;
4036 1412 396 100 Julius
4512 1412 580 116 Springer.

916 1548 672 116 (27-23617)
4928 1544 360 104 10264

720 1736 576 152 Holtby,
1372 1736 752 128 Winifred.

896 1928 292 124 The
1256 1924 392 124 Land
1720 1920 156 128 of
1940 1968 408 120 green
2420 1920 556 168 ginger;
3056 1968 72 80 a
3208 1964 664 120 romance,
3940 1924 184 164 by
4188 1920 388 136 Wini
4588 1920 68 128 f
4660 1928 240 128 red
4968 1924 232 128 Ho
5208 1924 48 128 l
5264 1924 244 168 tby

884 2124 88 128 …
1060 2112 624 156 London,
1744 2104 132 132 J.
1948 2104 372 164 Cape
2404 2104 372 132 [1927
2768 2144 44 96 ]

892 2300 208 100 319
1164 2328 104 88 p.
1408 2300 720 112 19½ͨͫ.

728 2420 120 120 ©
984 2432 144 120 1c.
1140 2440 248 96 Oct.
1448 2436 168 116 29,
1684 2436 336 112 1927;
2088 2436 96 92 A
2248 2440 152 92 ad
2464 2436 36 92 i
2512 2464 72 64 n
2592 2440 80 96 t.
2736 2432 408 116 10171;
3220 2436 340 116 pubd.
3632 2436 312 116 Sept.
4008 2440 124 112 2;
4208 2440 172 96 W.
4448 2440 180 96 Ho
4636 2440 40 88 l
4688 2440 228 112 tby,
4984 2440 512 100 London.

920 2572 672 120 (27-23960)
4936 2572 356 100 10265

720 2768 880 152 Humphrey,
1684 2768 492 128 Grace.

892 2960 292 120 The
1264 2968 380 148 story
1716 2996 76 84 o
1808 2948 68 124 f
1948 2956 228 124 the
2264 2948 848 164 Catherines,
3188 2952 184 164 by
3452 2948 440 132 Grace
3972 2952 828 168 Humphrey
4876 2952 84 148 …
5124 2956 44 124 i
5176 2956 200 124 llu
5384 3004 116 76 s-

724 3144 452 124 trated
1260 3140 180 164 by
1524 3136 492 128 Hattie
2104 3136 820 164 Longstreet
3004 3136 436 128 Price.
3620 3136 1024 164 Philadelphia,
4732 3140 288 124 The
5116 3140 376 128 Penn

728 3324 800 168 publishing
1584 3364 716 124 company,
2368 3320 360 132 1927.

888 3520 208 92 224
1160 3544 100 88 p.
1408 3516 200 96 col.
1676 3512 392 116 front.,
2136 3516 344 116 illus.,
2544 3516 412 116 plates.
3096 3512 584 112 22ͨͫ.

896 3656 556 96 CONTENT
1524 3664 56 80 S
1536 3728 16 20 .
1560 3708 144 12 —
1704 3652 244 92 The
2040 3648 516 116 princess
2656 3648 256 96 who
3012 3648 512 96 married
3620 3656 228 92 two
3948 3648 604 100 brothers:
4656 3648 628 104 Catherine
5380 3656 124 96 of

724 3788 500 116 Aragon.
1260 3840 148 12 —
1444 3788 240 92 The
1768 3780 480 100 miracle
2336 3804 516 76 woman:
2952 3780 624 100 Catherine
3672 3784 1312 116 Breshkovsky.—The
5076 3788 428 100 dancer

728 3924 284 100 with
1092 3924 196 96 the
1360 3924 604 108 blue-gray
2040 3940 332 92 eyes:
2456 3916 636 96 Catharine
3172 3916 636 100 Littlefield
3892 3916 480 104 Greene.
4372 3972 144 16 —
4516 3916 308 104 Lord
4908 3928 596 92 treasurer

724 4060 124 96 of
948 4060 192 96 the
1244 4056 332 96 black
1672 4052 472 100 cloister
2188 4080 24 68 :
2316 4048 668 100 Katharina
3084 4076 224 72 von
3412 4052 308 96 Bora
3824 4052 1020 116 Luther.—With
4948 4080 220 92 pen
5268 4056 232 100 and

728 4196 424 92 brush:
1244 4192 308 96 Kate
1640 4188 756 112 Greenaway.
2396 4240 148 12 —
2544 4184 244 96 The
2876 4184 360 116 spoils
3320 4184 124 100 of
3528 4184 704 116 Agincourt:
4332 4188 652 100 Katherine
5072 4188 128 100 of
5284 4192 220 96 Va-

720 4328 648 100 lois.—The
1448 4324 520 116 princess
2052 4320 128 96 of
2264 4320 552 96 Florence
2860 4344 24 72 :
2976 4320 624 96 Catherine
3688 4320 172 100 de'
3904 4320 848 100 Medici.—The
4836 4328 464 92 mother
5376 4320 128 100 of

728 4468 192 92 the
1004 4484 396 92 army:
1484 4456 632 104 Catherine
2192 4456 444 96 Booth.
2636 4484 100 52 —
2764 4452 308 96 "The
3156 4452 276 100 Star
3512 4452 124 100 of
3716 4456 196 96 the
3996 4456 512 100 North":
4596 4456 624 104 Catherine
5304 4460 200 100 the

724 4596 784 100 Great.—The
1572 4592 376 116 dyer's
2012 4588 640 116 daughter:
2720 4588 164 96 St.
2952 4588 624 96 Catherine
3636 4588 128 96 of
3828 4588 380 104 Siena.

720 4716 128 108 ©
924 4736 248 96 Oct.
1240 4732 168 116 29,
1480 4732 340 108 1927;
1896 4728 160 100 2c.
2132 4728 228 92 and
2432 4728 200 92 aff.
2704 4724 284 96 Nov.
3056 4724 200 112 11;
3336 4724 104 92 A
3504 4724 548 116 1010286;
4132 4728 320 96 Penn
4524 4728 260 116 pub.
4856 4756 168 72 co.

912 4864 672 124 (27-23835)
4924 4860 360 104 10266

708 5068 524 144 Isaacs,
1308 5056 436 132 Edith
1812 5056 84 128 J
2576 5052 124 128 R
3380 5048 200 132 ed.

876 5248 636 156 Theatre,
1596 5284 448 120 essays
2124 5284 176 84 on
2380 5236 232 128 the
2696 5248 284 116 arts
3060 5236 160 124 of
3296 5240 228 124 the
3604 5240 572 160 theatre,
4260 5236 452 132 edited
4792 5240 180 132 by
5048 5240 436 128 Edith

708 5440 132 124 J.
920 5436 164 128 R.
1160 5432 316 128 Isaa
1488 5476 64 80 c
1560 5476 60 80 s
1720 5452 80 128 …
2028 5424 564 156 Boston,
2660 5420 304 128 Litt
2968 5420 48 124 l
3024 5464 108 116 e,
3204 5420 552 160 Brown,
3828 5420 272 132 and
4168 5464 716 128 company,
4956 5428 360 124 1927.

876 5660 156 72 xx
1040 5632 36 96 i
1088 5632 84 92 ii
1184 5708 20 36 ,
1272 5632 204 92 341
1540 5652 104 92 p.
1788 5624 392 112 front.,
2248 5620 348 112 illus.,
2668 5620 404 116 plates,
3144 5624 356 108 ports.
3644 5620 684 120 24½ͨͫ.

720 5744 124 112 ©
924 5772 284 92 Nov.
1288 5760 168 116 12,
1532 5760 336 108 1927;
1952 5756 164 96 2c.
2192 5756 232 92 and
2500 5756 200 96 aff.
2780 5752 284 100 Nov.
3144 5756 192 108 17;
3420 5752 104 92 A
3600 5752 552 116 1013124;
4236 5756 392 116 Little,
4712 5756 456 116 Brown,
5256 5760 232 96 and

876 5924 600 96 company.
1644 5888 668 124 (27-23981)
4924 5888 360 104 10267

708 6100 420 128 Jews.
1300 6092 600 160 Liturgy
1968 6084 276 128 and
2312 6080 460 128 ritual.

1892 6356 2100 172 תפלות
4496 6356 1440 172 לקוטי
2144 6332 492 164 Pulpit
2696 6336 268 124 and
3028 6332 464 164 public
3552 6376 608 124 prayers,
4216 6380 432 124 comp.
4712 6336 272 132 and
5044 6336 204 132 ed.
5304 6336 180 168 by

716 6616 428 132 Jacob
1220 6616 612 128 Bosniak
1896 6624 80 144 …
2216 6616 328 128 New
2632 6616 432 160 York,
3136 6612 644 164 Reznick,
3852 6616 692 128 Menschel
4624 6624 112 120 &
4808 6660 236 120 co.,
5128 6620 356 132 1927.

880 6816 64 96 3
1004 6836 76 92 p
1088 6888 20 24 .
1168 6816 44 88 l
1216 6884 56 40 .,
1332 6808 36 96 i
1376 6836 76 68 x
1456 6864 72 12 –
1528 6832 156 72 xv
1692 6808 36 96 i
1740 6808 36 96 i
1788 6884 20 40 ,
1868 6808 136 96 19
2008 6864 72 12 –
2080 6808 132 96 16
2220 6808 64 100 0
2344 6832 104 96 p.
2588 6808 756 116 18½ͨͫ.

716 6928 124 120 ©
924 6948 248 96 Oct.
1248 6948 164 96 21,
1500 6944 332 112 1927;
1916 6944 164 100 2c.
2164 6944 244 100 Oct.
2488 6944 196 112 24;
2776 6940 196 104 aff.
3056 6944 248 100 Oct.
3384 6948 196 112 25;
3668 6948 100 92 A
3844 6944 552 116 1004791;
4488 6948 356 96 Jacob
4924 6948 96 96 B
5032 6976 60 72 o
5104 6948 252 100 snia
5368 6952 76 96 k
5452 7028 24 40 ,

876 7084 624 112 Brooklyn.
1668 7080 672 116 (27-23828)
4916 7080 356 104 10268

704 7272 920 148 Kenworthy,
1712 7272 528 148 Joseph
2332 7272 816 148 Montague,
3248 7276 320 120 1886
3572 7348 80 16 –

876 7460 424 124 Peace
1364 7504 152 80 or
1576 7456 364 124 war?
2100 7460 216 160 By
2380 7460 132 128 J.
2576 7456 192 124 M.
2836 7456 896 164 Kenworthy,
3812 7500 80 80 M
3856 7488 60 76 1
3928 7556 24 24 .
4020 7500 164 120 P.,
4248 7456 336 132 with
4656 7504 72 84 a
4796 7460 148 128 fo
4952 7460 516 128 reword

716 7648 168 160 by
968 7644 180 124 H.
1236 7640 168 132 G.
1484 7644 464 128 Wells.
2120 7640 332 128 New
2536 7640 432 164 York,
3052 7640 356 128 Boni
3492 7648 112 120 &
3684 7640 768 168 Liveright,
4544 7640 356 132 1927.

872 7840 244 96 xvii
1184 7864 136 88 p.,
1380 7840 64 92 2
1508 7840 40 92 l
1564 7912 52 40 .,
1680 7840 132 92 23
1816 7892 64 12 –
1892 7840 208 96 338
2164 7864 100 88 p.
2412 7836 760 112 21½ͨͫ.

716 7940 124 108 ©
924 7976 284 96 Nov.
1284 7976 168 108 25,
1536 7972 336 112 1927;
1960 7972 160 100 2c.
2204 7976 104 92 N
2312 7996 144 72 ov
2468 8048 20 20 .
2564 7972 200 112 28;
2856 7972 196 96 aff.
3132 7972 284 96 Nov.
3496 7972 200 112 30;
3788 7976 100 92 A
3964 7972 548 112 1013376;
4600 7972 300 100 Boni
4984 7976 88 96 &
5152 7976 316 96 Live-

876 8108 344 120 right,
1296 8108 120 96 in
1416 8112 60 76 c
1492 8188 20 20 .
4908 8104 360 104 10269

704 8300 580 148 Kilmer,
1356 8300 332 124 Mrs.
1764 8296 460 124 Annie
2320 8296 748 156 (Kilburn)

872 8484 808 128 Whimsical
1776 8480 736 136 whimsies;
2624 8480 360 128 little
3076 8480 596 164 pictures
3764 8480 156 128 of
4016 8484 480 164 people
4596 8484 280 136 and
4964 8484 508 164 things,

712 8668 176 164 by
948 8664 460 128 Annie
1468 8664 192 128 Ki
1672 8668 44 120 l
1724 8664 608 128 burn-Ki
2340 8664 48 128 l
2396 8708 284 84 mer
2788 8668 88 144 …
3056 8664 332 128 New
3456 8664 432 164 York,
3952 8668 296 124 The
4312 8668 588 124 Avonda
4908 8664 48 128 l
4964 8712 68 80 e
5096 8708 372 120 press

724 8848 460 164 [ͨ1927]

876 9040 248 116 xiii,
1184 9044 204 96 147
1444 9068 104 88 p.
1608 9036 40 96 i
1656 9064 72 68 n
1736 9040 100 96 cl
1852 9112 24 24 .
1936 9028 352 128 ports.
2432 9040 584 108 20ͨͫ.

880 9172 564 96 "Musical
1508 9172 512 116 pieces":
2088 9200 100 88 p.
2252 9176 200 92 113
2456 9228 72 12 –
2536 9176 232 96 147.

716 9276 116 108 ©
920 9308 244 100 Oct.
1236 9312 64 88 2
1308 9308 64 92 6
1384 9384 20 36 ,
1484 9304 332 112 1927;
1896 9308 64 92 2
1972 9332 56 68 c
2040 9388 20 20 .
2140 9308 244 100 Oct.
2460 9308 200 112 28;
2740 9336 60 68 a
2816 9304 72 96 f
2844 9304 92 100 f.
3020 9308 248 100 Oct.
3340 9312 196 108 27;
3624 9312 96 92 A
3800 9308 544 116 1004854;
4432 9312 96 92 A
4536 9336 136 72 vo
4684 9312 228 92 nda
4920 9312 40 88 l
4964 9336 60 72 e
5104 9328 348 96 press,

872 9440 220 100 inc.
1264 9444 668 112 (27-23950)
4904 9440 356 100 10270

2928 9576 324 120 1530
