5968 10284
856 864 804 152 Browning,
1744 860 520 132 Orville
2336 860 748 148 Hickman,
3172 864 316 120 1806
3496 936 88 12 –
3592 864 356 120 1881.

1092 1052 84 144 …
1260 1056 288 124 The
1624 1052 400 160 diary
2096 1048 152 128 of
2324 1048 120 132 O
2456 1048 212 128 rvi
2680 1052 96 120 ll
2792 1092 64 80 e
2924 1044 708 128 Hickman
3704 1044 764 168 Browning
4544 1052 84 144 …
4776 1044 452 132 edited
5308 1048 172 128 wi
5488 1060 60 116 t
5552 1052 72 124 h

860 1244 32 124 i
912 1288 88 80 n
1008 1256 56 112 t
1076 1244 420 124 roduc
1504 1252 56 112 t
1568 1240 224 124 ion
1916 1240 272 124 and
2304 1280 176 80 no
2492 1248 52 112 t
2552 1280 132 80 es
2800 1236 184 160 by
3104 1236 708 124 Theodore
3936 1232 492 132 Calvin
4552 1236 420 128 Pease
5076 1248 84 136 …
5372 1244 264 124 and

860 1428 464 132 James
1416 1424 164 132 G.
1676 1428 484 120 Randa
2164 1424 112 124 ll
2400 1440 84 136 …
2712 1420 696 164 Springfie
3416 1420 40 124 l
3476 1420 128 160 d,
3696 1420 76 124 I
3784 1420 184 164 ll.,
4060 1420 292 128 The
4444 1424 636 124 Trustees
5176 1420 156 128 of
5416 1428 224 128 the

860 1616 544 124 Illinois
1484 1624 344 116 state
1908 1612 704 128 historical
2692 1608 568 164 library,
3344 1612 364 120 1925.

1024 1816 64 92 4
1172 1840 108 88 p.
1368 1816 36 88 l
1420 1888 20 20 .
1444 1844 24 56 ,
1564 1812 128 92 iii
1696 1864 76 12 –
1776 1812 336 92 xxxii
2196 1836 136 88 p.,
2428 1812 52 88 1
2576 1812 36 88 l
2628 1884 52 36 .,
2776 1804 204 100 700
3068 1832 104 88 p.
3312 1812 756 108 22½ͨͫ.
3836 1808 760 112 (Collections
4688 1808 120 96 of
4900 1812 196 92 the
5192 1808 448 104 Illinois

860 1956 308 96 state
1236 1948 612 96 historical
1912 1944 472 112 library.
2456 1948 228 92 vol.
2772 1956 172 104 XX.
3092 1944 480 96 Lincoln
3644 1944 388 112 series,
4108 1944 212 96 vol.
4372 1956 128 104 II
4516 1944 32 112 )

1032 2124 256 88 Mar
1296 2148 72 80 g
1376 2116 252 96 ueri
1636 2124 44 88 t
1692 2144 56 68 e
1836 2116 480 96 Jenison
2396 2116 108 96 is
2588 2112 712 116 responsible
3384 2116 188 92 for
3660 2116 192 96 the
3936 2112 472 116 writing
4492 2116 128 96 of
4700 2140 68 72 a
4856 2112 784 104 considerable

868 2260 292 108 body
1224 2252 124 96 of
1408 2252 196 96 the
1664 2260 332 88 notes
2064 2252 224 96 and
2356 2252 192 100 the
2612 2248 608 116 rewriting
3284 2252 228 92 and
3584 2252 688 112 rechecking
4332 2252 124 96 of
4524 2276 344 88 many
4936 2252 428 100 others.
5500 2280 56 68 c
5564 2256 76 112 f.

860 2392 312 96 Pref.

872 2532 116 108 ©
1068 2564 292 92 Mar.
1424 2556 164 100 30,
1660 2560 336 108 1927;
2068 2560 60 92 2
2140 2588 56 68 c
2212 2636 16 20 .
2304 2584 56 64 a
2380 2560 148 96 nd
2600 2584 60 68 a
2680 2560 116 96 ff.
2868 2556 272 116 Apr.
3208 2560 120 92 2;
3412 2560 100 92 A
3576 2556 276 100 9724
3856 2560 64 92 3
3932 2560 124 100 2;
4136 2560 52 92 I
4200 2556 216 96 llin
4420 2584 60 72 o
4492 2556 104 100 is
4664 2564 180 88 sta
4856 2560 48 92 t
4912 2584 60 72 e
5040 2556 184 96 his
5236 2560 48 92 t
5288 2588 60 68 o
5360 2584 56 64 r
5428 2552 96 104 ic
5532 2584 56 72 a
5604 2564 36 92 l

1032 2696 472 112 library,
1600 2692 420 120 Spring
2028 2696 32 92 f
2064 2692 260 120 ield,
2412 2696 184 96 Ill.
2764 2692 604 120 (27-7595)
5168 2692 284 100 2529

872 2920 516 152 Byron,
1468 2920 548 152 George
2100 2920 556 128 Gordon
2732 2920 224 124 No
2964 2924 72 124 ë
3044 2920 40 124 l
3156 2924 528 144 Byron,
3756 2920 232 128 6th
4080 2920 464 156 baron,
4624 2920 316 136 1788
4948 3000 84 12 –
5044 2928 356 120 1824.

1040 3108 308 128 Don
1428 3108 416 156 Juan,
1920 3108 184 164 by
2176 3108 376 128 Lord
2632 3108 544 164 Byron;
3260 3104 456 132 edited
3800 3104 332 128 with
4216 3152 168 80 an
4468 3108 932 128 introduction
5476 3108 164 164 by

876 3292 472 128 Frank
1444 3296 180 124 H.
1728 3296 244 124 Ris
1984 3308 56 112 t
2044 3296 220 124 ine
2368 3304 84 136 …
2700 3296 324 124 New
3132 3292 432 160 York,
3660 3296 288 124 The
4044 3296 508 124 Macmi
4564 3296 96 124 ll
4672 3340 172 80 an
4940 3340 704 120 company,

884 3480 352 132 1927.

1044 3680 280 116 xvii,
1408 3680 92 116 [1
1512 3724 28 76 ]
1560 3752 16 40 ,
1656 3680 204 96 493
1940 3704 104 88 p.
2124 3680 116 92 in
2252 3680 100 96 cl
2368 3756 16 20 .
2464 3680 360 96 front.
2968 3676 676 112 19ͨͫ
3224 3756 20 20 .
3412 3680 304 112 (The
3792 3680 480 96 modern
4348 3680 504 96 readers'
4940 3680 420 112 series)

876 3832 120 120 ©
1068 3852 96 96 A
1172 3880 72 88 p
1252 3880 84 72 r.
1404 3852 64 96 5
1480 3928 16 24 .
1564 3852 56 92 1
1636 3852 60 96 9
1704 3852 196 108 27;
1972 3856 64 88 2
2044 3880 56 68 c
2116 3928 20 20 .
2200 3876 148 72 an
2360 3860 64 92 d
2496 3852 124 92 af
2612 3852 80 100 f.
2760 3852 272 116 Apr.
3096 3852 64 96 6
3192 3860 28 80 ;
3296 3852 96 92 A
3456 3852 204 96 972
3668 3852 64 92 5
3740 3852 60 92 2
3812 3852 60 96 0
3916 3876 20 88 ;
4012 3852 116 96 M
4136 3848 552 100 acmillan
4756 3876 124 72 co
4896 3928 20 24 .
5068 3844 160 108 [©
5304 3852 236 96 intr
5548 3880 56 72 o
5616 3908 32 16 -

1036 3992 68 92 d
1120 3988 464 112 uction]
1720 3988 604 116 (27-7300)
5148 3984 284 100 2530

872 4216 584 148 Byrum,
1528 4212 560 128 Russell
2156 4212 788 152 Raymond,
3024 4220 316 116 1888
3344 4292 88 16 –

1052 4404 704 124 Problems
1852 4396 156 132 of
2092 4400 228 128 the
2416 4404 340 124 local
2852 4400 576 160 church;
3528 4452 76 76 a
3700 4404 552 124 manual
4348 4396 156 132 of
4592 4404 228 124 the
4912 4400 736 164 principles

880 4588 268 128 and
1236 4588 588 164 practise
1900 4584 156 132 of
2132 4588 40 124 l
2188 4632 232 84 oca
2432 4588 44 124 l
2556 4588 692 160 churches,
3324 4588 180 164 by
3580 4588 480 128 Russel
4076 4588 40 124 l
4200 4592 124 124 R
4336 4688 24 24 .
4448 4596 524 156 Byrum
5008 4596 84 136 …
5372 4588 276 128 An-

876 4776 528 156 derson,
1480 4776 356 160 Ind.,
1908 4772 508 164 Gospel
2492 4784 608 152 trumpet
3176 4816 668 120 company
3960 4772 436 164 [ͨ1927]

1052 4972 248 112 xiii,
1364 4972 416 96 15–271
1848 4996 108 92 p.
2100 4972 676 108 19ͨͫ.

884 5112 120 112 ©
1096 5144 260 116 Apr.
1436 5144 56 92 1
1508 5216 20 24 ,
1604 5140 336 100 1927;
2020 5144 164 96 2c.
2264 5144 224 92 and
2572 5140 196 100 aff.
2848 5140 268 116 Apr.
3192 5140 128 112 4;
3404 5140 96 96 A
3576 5140 60 96 9
3644 5144 272 96 7247
3928 5144 60 96 6
4032 5168 20 84 ;
4144 5140 84 100 G
4244 5168 64 72 o
4320 5168 52 72 s
4380 5168 68 92 p
4456 5168 60 72 e
4524 5144 32 92 l
4648 5148 36 92 t
4692 5168 260 72 rum
4964 5172 68 88 p
5036 5168 60 72 e
5108 5148 40 92 t
5228 5172 128 68 co
5372 5224 20 16 .

1068 5280 604 116 (27-7401)
5176 5276 272 100 2531

880 5500 676 148 Cantello,
1644 5504 824 124 Francesco.

1052 5688 688 164 Tragedy,
1812 5688 268 128 and
2152 5688 384 128 other
2608 5688 564 152 ironies;
3252 5688 408 160 being
3728 5736 76 76 a
3876 5688 708 128 collection
4656 5688 148 124 of
4880 5732 440 84 verses
5392 5692 248 124 and

900 5920 80 112 p
996 5924 284 76 rose
1388 5876 620 160 writings
2112 5876 176 160 by
2392 5880 444 120 Franc
2852 5920 64 76 e
2920 5920 220 80 sco
3248 5872 108 128 C
3388 5900 72 92 a
3456 5920 76 80 n
3552 5888 56 112 t
3616 5924 64 76 e
3692 5876 40 124 l
3752 5876 36 120 l
3800 5924 76 76 o
3892 5976 24 36 ,
4024 5876 152 120 wi
4204 5888 56 112 t
4264 5876 84 128 h
4456 5924 168 76 an
4732 5876 28 124 i
4780 5924 84 76 n
4884 5888 56 112 t
4952 5924 60 80 r
5020 5924 76 80 o
5108 5876 252 124 duc
5372 5888 56 108 t
5440 5876 204 128 ion

884 6064 172 164 by
1128 6060 516 164 Tipton
1716 6060 604 164 Lindsey
2388 6060 588 128 Frasier.
3156 6064 264 124 Los
3492 6060 636 164 Angeles,
4212 6060 352 128 1927.

1052 6264 136 96 47
1248 6288 100 88 p.
1412 6260 112 96 in
1540 6264 96 92 cl
1656 6336 16 20 .
1740 6264 544 92 mounted
2344 6260 360 96 front.
2788 6260 416 116 (port.)
3364 6260 720 108 20½ͨͫ.

896 6428 120 116 ©
1084 6432 288 96 Mar.
1440 6432 60 88 5
1512 6504 20 36 ,
1596 6428 60 92 1
1668 6432 60 88 9
1736 6432 200 108 27;
2000 6432 64 88 2
2076 6460 52 64 c
2144 6504 20 24 .
2224 6456 64 68 a
2304 6432 148 92 nd
2520 6428 196 100 aff.
2780 6432 272 112 Apr.
3116 6432 60 92 4
3204 6448 32 80 ;
3312 6432 96 92 A
3472 6432 416 96 972482
3912 6448 28 80 ;
4028 6436 120 92 F.
4216 6428 244 100 Can
4480 6432 144 96 tel
4644 6432 28 92 l
4684 6460 96 84 o,
4856 6432 216 96 Los
5136 6428 516 116 Angeles.

1080 6560 600 120 (27-7481)
5176 6564 288 100 2532

892 6784 704 136 Chemical
1692 6788 524 128 rubber
2304 6828 732 116 company,
3136 6792 164 124 Cl
3312 6836 60 80 e
3376 6840 84 72 v
3476 6836 64 80 e
3552 6792 132 124 la
3684 6792 228 124 nd.

1064 6976 780 128 Handbook
1980 6972 148 128 of
2256 6976 736 164 chemistry
3128 6976 264 128 and
3540 6976 608 164 physics;
4288 7024 76 80 a
4500 6976 1156 156 ready-reference

900 7164 484 160 pocket
1468 7164 348 124 book
1904 7160 152 128 of
2140 7160 436 128 chemi
2588 7208 60 80 c
2660 7208 76 80 a
2744 7164 44 120 l
2884 7164 260 124 and
3240 7164 620 160 physical
3948 7164 344 124 data.
4496 7176 56 112 1
4572 7176 136 112 0t
4712 7164 92 124 h
4892 7164 200 124 ed.
5268 7164 384 128 Com-

908 7348 364 160 piled
1368 7348 360 124 from
1816 7360 56 112 t
1880 7348 164 124 he
2128 7360 352 112 most
2564 7360 452 112 recent
3104 7348 980 124 authoritative
4172 7392 572 112 sources,
4828 7348 180 168 by
5100 7352 368 128 Char
5476 7352 36 120 l
5528 7396 128 80 es

908 7540 160 120 D.
1176 7536 748 160 Hodgman
2016 7548 88 128 …
2300 7532 264 128 and
2680 7532 588 128 Norbert
3368 7532 172 128 A.
3648 7536 468 160 Lange
4224 7548 88 128 …
4564 7536 108 128 C
4688 7532 40 124 l
4740 7580 232 84 eve
4980 7540 44 120 l
5036 7536 312 160 and,
5452 7536 120 128 O
5588 7632 68 56 .,

896 7720 692 128 Chemical
1668 7720 492 132 rubber
2240 7720 276 160 pub
2524 7720 36 120 l
2584 7720 460 160 ishing
3120 7764 184 80 co.
3360 7720 560 144 [ͨ1925]

1068 7916 156 116 xi,
1288 7916 204 96 904
1564 7940 104 92 p.
1740 7912 36 96 i
1784 7944 76 64 n
1864 7916 104 96 cl
1980 7992 20 20 .
2076 7916 404 112 tables,
2556 7912 432 120 diagrs.
3128 7912 648 112 17ͨͫ.

1076 8092 436 92 Leaves
1576 8084 128 96 of
1768 8084 716 96 co-ordinate
2548 8108 360 92 paper
2992 8084 124 112 (8
3176 8092 128 92 at
3360 8084 284 112 end)

960 8272 72 112 ©
1104 8244 284 120 Aug.
1460 8256 164 112 20,
1704 8256 52 92 1
1768 8260 68 80 9
1840 8256 132 92 25
2004 8256 28 88 ;
2116 8256 156 92 2c.
2348 8256 228 92 and
2652 8256 196 96 aff.
2924 8256 268 112 Apr.
3264 8256 96 108 2,
3440 8256 272 92 1927
3736 8256 32 88 ;
3852 8256 96 96 A
4020 8264 64 88 9
4092 8260 404 108 72451;
4584 8256 584 100 Chemical
5248 8260 408 92 rubber

1068 8416 72 88 p
1148 8392 176 96 ub.
1392 8420 56 68 c
1460 8420 60 64 o
1536 8468 16 20 .
1724 8392 600 112 (27-7274)
5180 8392 284 100 2533

900 8612 688 148 Clemens,
1668 8612 456 132 Clara.

1068 8796 372 164 Why
1500 8796 160 128 be
1716 8796 660 128 nervous?
2540 8800 216 160 By
2824 8796 408 132 Clara
3304 8796 656 132 Clemens.
4116 8804 328 124 New
4516 8800 388 128 York
4976 8804 268 124 and
5312 8804 344 120 Lon-

908 8984 312 152 don,
1272 8980 560 160 Harper
1888 8984 112 120 &
2056 8980 664 160 brothers,
2788 8980 356 128 1927.

1076 9160 120 104 vi
1200 9168 40 96 i
1296 9196 136 88 p.,
1492 9172 60 92 1
1688 9164 76 112 l
1668 9240 60 44 .,
1788 9172 132 96 64
1984 9196 104 92 p.
2228 9172 68 96 2
2300 9164 608 112 0ͨͫ.

932 9304 76 108 ©
1116 9304 268 116 Apr.
1464 9308 48 88 1
1536 9380 20 36 ,
1636 9308 56 92 1
1704 9304 132 96 92
1848 9312 72 88 7
1948 9328 20 88 ;
2052 9312 64 88 2
2128 9336 52 64 c
2196 9384 20 20 .
2296 9312 188 88 Ma
2500 9336 84 72 r.
2668 9312 60 88 2
2740 9312 60 96 8
2840 9336 20 84 ;
2948 9336 60 72 a
3024 9312 116 96 ff.
3220 9312 92 92 A
3324 9336 72 88 p
3404 9336 88 72 r.
3568 9312 128 104 4;
3784 9312 92 96 A
3960 9316 200 92 972
4168 9312 60 96 4
4240 9312 124 96 61
4412 9340 20 84 ;
4524 9316 460 112 Harper
5064 9316 88 96 &
5228 9316 296 92 bros.

1096 9440 600 116 (27-7410)
5180 9432 284 112 2534

3184 9580 244 116 386
