5952 10400
2804 9736 72 112 5

388 1064 504 152 Cooke,
956 1068 332 120 Mrs.
1364 1060 440 128 Helen
1876 1060 188 128 M.
2072 1136 180 20 —
2264 1060 776 128 Continued

560 1312 32 72 [
592 1268 172 116 23]
836 1292 108 88 p.
1092 1264 396 112 front.,
1556 1264 416 112 plates.
2120 1264 1024 132 24ͨͫ.

560 1404 140 92 In
768 1424 364 72 verse.

396 1532 120 108 ©
588 1532 284 96 Nov.
936 1528 168 116 15,
1172 1528 336 112 1926;
1580 1528 68 92 2
1652 1552 56 80 c
1724 1604 20 20 .
1816 1532 228 92 and
2108 1528 196 100 aff.
2372 1528 284 96 Nov.
2720 1528 200 112 19;
2992 1528 100 92 A
3160 1524 480 116 958607;
3716 1528 148 96 H.
3932 1528 120 92 M
4064 1600 24 24 .
4160 1524 408 116 Cooke,
4644 1528 524 112 Hawley,

556 1668 196 92 Pa.
924 1664 532 116 (27–897)
4832 1652 144 104 26

392 1852 696 152 Crandall,
1168 1856 404 120 Irene
1648 1852 400 128 Jean.

548 2040 420 132 Voice
1048 2040 276 128 and
1400 2048 584 156 gesture,
2068 2036 336 128 with
2488 2036 704 132 selections
3276 2036 228 128 for
3580 2036 676 124 dramatic
4336 2036 576 160 reading
4992 2032 184 168 by

388 2228 396 124 Irene
876 2228 352 128 Jean
1324 2220 668 136 Crandall
2104 2224 80 148 …
2428 2224 648 164 Chicago,
3168 2224 296 128 The
3556 2220 720 132 Dramatic
4360 2220 820 168 publishing

388 2456 672 124 company
1132 2424 84 136 [
1216 2436 68 100 ͨ
1264 2416 152 120 19
1424 2416 164 120 26
1596 2488 32 84 ]

560 2616 204 96 163
844 2640 72 88 p
928 2688 24 24 .
1096 2612 752 108 19½ͨͫ.

400 2728 124 120 ©
592 2748 268 96 Dec.
924 2748 96 112 1,
1088 2744 336 116 1926;
1496 2748 68 88 2
1568 2760 60 76 c
1640 2820 20 20 .
1728 2748 272 92 Dec.
2060 2748 132 108 4;
2264 2740 200 100 aff.
2528 2748 272 96 Dec.
2868 2740 200 116 13;
3140 2740 100 96 A
3308 2740 480 116 958610;
3864 2740 616 96 Dramatic
4548 2740 260 116 pub.
4876 2764 168 72 co.

584 2880 192 116 (27
776 2932 76 12 –
852 2876 268 116 898)
4840 2876 136 96 27

392 3068 1016 152 Dellenbaugh,
1480 3064 756 132 Frederick
2308 3068 612 148 Samuel,
2996 3076 320 116 1853
3320 3144 88 16 –

552 3252 140 128 A
756 3296 524 120 canyon
1352 3296 588 120 voyage;
2020 3252 232 128 the
2320 3256 704 124 narrative
3096 3252 156 128 of
3320 3252 236 128 the
3628 3256 492 124 second
4192 3252 520 128 Powell
4788 3292 388 120 expe-

392 3440 444 124 dition
928 3440 400 128 down
1420 3440 232 128 the
1748 3436 1204 136 Green-Colorado
3044 3440 428 124 River
3568 3436 372 128 from
4020 3436 796 168 Wyoming,
4908 3440 276 124 and

388 3624 232 132 the
736 3624 936 168 explorations
1784 3668 172 84 on
2072 3624 372 164 land,
2560 3624 148 128 in
2816 3624 236 128 the
3164 3668 392 120 years
3684 3624 320 132 1871
4128 3628 272 124 and
4524 3624 364 164 1872,
5004 3624 184 164 by

396 3812 740 128 Frederick
1208 3812 140 132 S.
1416 3812 1004 164 Dellenbaugh,
2488 3812 408 128 artist
2960 3816 272 124 and
3308 3812 648 128 assistant
4028 3812 936 164 topographer
5036 3812 156 124 of

396 4012 56 116 t
456 4000 168 128 he
740 4000 488 164 expedi
1240 4012 60 112 t
1304 4000 228 124 ion
1596 4008 76 136 …
2036 4044 52 92 [
2072 4000 180 124 2d
2368 3996 252 132 ed.]
2836 3996 332 128 New
3288 4000 540 160 Haven,
3952 3996 352 132 Yale
4420 3996 604 128 universi
5036 4008 60 112 t
5096 4040 92 124 y

396 4228 440 124 press;
932 4188 620 160 London,
1636 4188 188 124 H.
1916 4180 636 164 Milford,
2644 4180 552 132 Oxford
3288 4184 764 164 university
4144 4228 420 120 press,
4660 4192 360 120 1926.

568 4384 404 116 xxviii,
1052 4388 208 96 277
1336 4416 100 88 p.
1584 4388 212 96 col.
1868 4388 396 108 front.,
2348 4384 412 116 plates,
2840 4388 332 112 port.,
3256 4408 328 88 maps
3652 4384 324 116 (part
4052 4384 348 112 fold.)
4560 4384 652 112 23ͨͫ.

572 4528 312 92 "The
956 4524 264 96 first
1292 4520 448 100 edition
1812 4544 248 72 was
2132 4516 616 120 published
2824 4520 120 92 in
3016 4520 280 96 1908
3364 4520 148 116 by
3592 4520 128 96 G.
3796 4520 124 96 P.
3992 4520 608 96 Putnam's
4676 4516 372 108 sons."

416 4640 120 120 ©
616 4656 244 100 Oct.
932 4652 92 116 8,
1100 4652 336 116 1926;
1516 4652 64 92 2
1584 4668 56 76 c
1660 4732 16 16 .
1752 4652 244 96 Oct.
2064 4652 196 116 16;
2340 4652 196 96 aff.
2608 4656 176 92 De
2784 4664 60 80 c
2860 4728 20 20 .
2956 4652 196 116 17;
3232 4652 100 92 A
3400 4648 480 116 958618;
3964 4652 124 96 F.
4168 4652 108 96 S.
4352 4656 840 112 Dellenbaugh,

572 4792 284 92 New
920 4788 348 96 York.
1392 4780 144 124 [©
1660 4784 468 120 preface
2200 4788 228 92 and
2496 4812 272 88 map
2840 4788 128 116 E]
3140 4784 536 116 (27–919)
4856 4784 132 104 28

400 4980 692 148 Dondore,
1172 4976 652 152 Dorothy
1896 4976 452 124 Anne.

568 5164 296 128 The
944 5164 516 164 prairie
1544 5164 272 124 and
1896 5160 236 132 the
2208 5160 568 168 making
2860 5160 156 128 of
3088 5164 520 128 middle
3688 5168 712 124 America:
4496 5168 320 124 four
4900 5208 292 84 cen-

404 5376 56 100 t
464 5400 88 76 u
564 5352 260 124 ries
928 5396 76 80 o
1012 5348 68 128 f
1180 5348 876 164 description,
2152 5348 184 164 by
2432 5348 636 164 Dorothy
3160 5352 408 124 Anne
3660 5352 652 124 Dondore
4416 5352 84 144 …
4756 5352 444 132 Cedar

404 5536 576 168 Rapids,
1048 5536 252 164 Ia.,
1376 5536 292 128 The
1744 5536 448 124 Torch
2264 5580 420 120 press,
2768 5544 360 120 1926.

572 5736 248 116 xiii,
892 5740 208 96 472
1172 5764 104 92 p.
1416 5736 392 112 front.,
1884 5736 408 116 plates,
2364 5732 524 100 facsims.
3028 5736 620 112 21ͨͫ.

572 5872 1000 116 Bibliographical
1640 5876 400 92 notes:
2112 5900 104 88 p.
2284 5872 524 96 435–451.

420 5988 128 120 ©
628 6012 172 92 De
800 6016 60 80 c
876 6084 20 20 .
972 6008 168 112 29,
1220 6004 336 112 1926;
1644 6004 68 92 2
1716 6016 56 80 c
1788 6080 20 20 .
1888 6004 232 96 and
2200 6004 196 96 aff.
2480 6004 264 96 Jan.
2820 6004 100 112 3,
3004 6004 336 112 1927;
3428 6004 104 96 A
3612 6004 480 116 957955;
4184 6008 136 96 D.
4408 6008 132 96 A.
4628 6008 576 120 Dondore,

580 6144 316 92 Iowa
964 6140 296 116 City,
1336 6152 160 88 Ia.
1668 6140 192 116 (27
1860 6196 76 8 –
1936 6136 268 116 922)
4868 6140 140 104 29

416 6300 732 148 Edwards,
1224 6296 544 152 George
1840 6296 740 152 Wharton,
2656 6304 316 116 1859
2980 6372 88 16 –

600 6484 476 164 Spain,
1172 6484 188 164 by
1460 6484 536 164 George
2092 6484 680 128 Wharton
2876 6484 720 128 Edwards.
3776 6488 1028 168 Philadelphia,
4908 6492 296 128 The

428 6672 384 128 Penn
888 6672 804 164 publishing
1760 6712 676 120 company
2516 6672 168 160 [ͨ
2616 6672 152 120 19
2780 6676 72 116 2
2864 6676 76 120 6
2952 6748 28 80 ]

608 6872 60 96 6
740 6896 104 88 p.
908 6872 108 112 1.,
1088 6868 132 92 11
1224 6920 72 16 –
1300 6864 204 100 366
1580 6896 104 88 p.
1832 6868 212 96 col.
2116 6864 388 116 front.,
2584 6868 372 116 plates
3028 6864 324 116 (part
3424 6868 268 112 col.)
3868 6872 680 108 28ͨͫ.

608 7008 692 96 Illustrated
1372 7008 236 112 t.-p.
1672 7004 124 92 in
1864 7004 412 96 colors.

428 7128 128 116 ©
628 7144 268 92 Dec.
964 7140 96 112 1,
1124 7140 340 112 1926;
1540 7136 60 92 2
1608 7156 56 80 c
1680 7216 20 20 .
1768 7140 228 96 and
2064 7140 200 96 aff.
2332 7140 268 96 Dec.
2668 7140 196 112 31;
2948 7140 92 92 A
3112 7140 476 116 957966;
3668 7140 128 100 G.
3868 7144 172 96 W.
4112 7144 604 116 Edwards,
4792 7144 420 96 Green-

592 7272 328 116 wich,
1000 7272 352 100 Conn.
1524 7272 548 116 (27–589).
4868 7276 140 100 30

420 7428 460 152 Fitch,
948 7428 612 128 William
1628 7428 656 148 Edward,
2368 7432 320 124 1867
2688 7508 88 16 –

592 7612 592 128 Mineral
1288 7660 204 76 wa
1504 7624 60 116 t
1568 7660 204 80 ers
1872 7612 156 128 of
2124 7616 232 128 the
2456 7612 284 132 Uni
2752 7628 60 112 t
2816 7616 164 128 ed
3088 7616 244 132 Sta
3340 7628 60 116 t
3404 7664 136 84 es
3644 7616 272 128 and
4016 7620 740 128 American
4852 7664 360 120 spas,

428 7808 176 156 by
684 7796 628 136 William
1396 7800 612 128 Edward
2092 7800 412 128 Fitch
2576 7800 84 148 …
2924 7804 980 160 Philadelphia
3992 7808 272 124 and
4352 7808 336 128 New
4780 7808 432 144 York,

428 7988 276 124 Lea
772 7988 112 124 &
952 7984 624 164 Febiger,
1660 7988 360 124 1927.

592 8184 232 116 xvi,
916 8228 28 72 [
952 8184 216 108 17]
1128 8236 76 16 –
1204 8184 208 96 799
1492 8208 108 92 p.
1740 8180 316 100 illus.
2188 8184 680 108 24ͨͫ.

600 8316 264 96 Bibl
868 8316 40 96 i
916 8316 588 116 ography:
1576 8344 100 88 p.
1756 8364 28 72 [
1792 8316 460 116 756]–76
2256 8316 64 100 3
2332 8396 24 24 .

604 8448 832 100 "References"
1508 8456 128 96 at
1700 8456 220 96 end
1988 8452 128 100 of
2176 8456 304 96 most
2544 8456 580 112 chapters.

448 8568 120 120 ©
640 8580 264 96 Jan.
968 8580 96 116 3,
1132 8580 336 108 1927;
1540 8584 164 96 2c.
1772 8584 264 96 Jan.
2108 8580 124 116 6;
2308 8580 196 100 aff.
2576 8584 260 96 Jan.
2904 8584 128 116 8;
3104 8584 100 92 A
3272 8584 480 116 958640;
3832 8592 232 96 Lea
4136 8592 84 96 &
4292 8592 524 116 Febiger.

628 8712 604 116 (27–1109)
4876 8724 140 108 31

436 8868 412 152 Ford,
924 8872 424 152 Tirey
1428 8872 816 152 Lafayette,
2332 8872 320 128 1857
2652 8952 88 16 –

612 9060 444 124 Dawn
1140 9060 272 124 and
1492 9060 228 124 the
1804 9060 408 160 dons;
2300 9060 232 128 the
2616 9104 628 88 romance
3324 9064 156 128 of
3560 9072 756 164 Monterey.
4496 9076 220 160 By
4800 9076 416 164 Tirey

448 9244 152 124 L.
720 9244 416 124 Ford.
1312 9244 392 132 With
1816 9248 672 164 vignettes
2612 9252 276 124 and
3004 9248 604 132 sketches
3724 9256 184 164 by
4016 9256 180 132 Jo
4312 9260 440 124 Mora.
4936 9256 284 136 San

452 9428 768 164 Francisco,
1288 9432 172 124 A.
1528 9436 196 120 M.
1796 9432 800 164 Robertson,
2676 9440 364 124 1926.
