5968 10284
3280 9604 240 120 926

1020 908 520 148 Rosny,
1600 900 132 128 J.
1792 904 220 144 H.,
2068 904 316 164 jne.,
2436 904 464 160 pseud.
2972 904 152 160 of
3180 900 136 132 S.
3376 900 128 128 J.
3564 904 152 124 F.
3784 904 200 124 Bo
3996 904 68 124 ë
4080 944 128 108 x,
4276 912 316 120 1859
4600 984 84 16 –

1240 1104 84 128 …
1408 1092 200 124 La
1672 1136 140 80 m
1816 1096 72 116 é
1892 1092 324 128 tisse
2280 1132 824 116 amoureuse,
3180 1136 472 76 roman
3724 1092 160 124 de
3952 1116 492 128 mœurs
4516 1096 168 124 de
4748 1096 440 124 Paris.
5348 1100 440 160 Paris,

1008 1280 132 124 J.
1216 1280 640 124 Ferenczi
1924 1284 108 120 &
2100 1276 212 128 fils
2396 1272 404 140 [1927]

1172 1476 208 96 249
1444 1500 136 88 p.,
1648 1476 60 92 1
1756 1476 92 104 l.
1984 1476 648 104 19ͨͫ.

1172 1612 152 96 At
1396 1612 296 96 head
1764 1608 128 96 of
1960 1608 324 96 title:
2360 1608 304 100 J.-H.
2740 1608 388 112 Rosny
3192 1608 384 100 jeune.

1020 1744 108 108 ©
1224 1760 268 100 May
1560 1748 96 112 1,
1728 1744 336 112 1927;
2212 1752 144 120 1c.
2380 1756 300 88 June
2752 1744 60 92 2
2824 1744 60 92 5
2924 1768 24 88 ;
3028 1744 92 92 A
3128 1800 136 8 —
3276 1744 492 112 Foreign
3840 1744 408 116 34911;
4332 1752 104 92 J.
4516 1744 368 96 Feren
4892 1776 56 64 c
4960 1748 100 92 zi
5132 1752 92 96 &
5296 1752 40 92 f
5336 1760 36 88 i
5380 1756 132 92 ls.

1204 1884 668 112 (27-15734)
5296 1880 280 104 6129

1008 2108 460 144 Rowe,
1540 2104 132 124 A
2348 2104 156 124 T.

1176 2292 168 124 D.
1436 2292 152 124 L.
1676 2288 556 164 Moody,
2312 2288 228 128 the
2624 2288 924 164 soul-winner,
3632 2288 180 164 by
3892 2288 172 128 A.
4152 2288 156 128 T.
4396 2288 452 128 Rowe.
5020 2284 764 164 Anderson,

1012 2476 352 160 Ind.,
1428 2472 508 164 Gospel
1996 2488 616 148 trumpet
2668 2516 668 124 company
3404 2472 472 160 [ͨ1927]

1176 2668 204 100 128
1440 2696 100 88 p.
1684 2668 360 96 front.
2112 2668 416 116 (port.)
2608 2668 312 100 illus.
3060 2668 648 108 19ͨͫ.

1020 2784 108 108 ©
1224 2812 112 88 M
1344 2832 144 88 ay
1564 2808 164 112 14,
1804 2808 56 88 1
1872 2804 68 92 9
1944 2804 196 112 27;
2216 2804 164 96 2c.
2456 2808 228 92 and
2764 2804 196 96 aff.
3040 2808 268 112 May
3388 2804 192 112 18;
3664 2804 96 92 A
3840 2804 64 96 9
3872 2804 440 112 90188;
4404 2804 412 116 Gospel
4900 2812 508 108 trumpet
5480 2836 160 64 co.

1200 2944 400 112 (27-15
1612 2944 64 92 6
1676 2944 196 116 36)
5296 2936 284 100 6130

1004 3164 416 144 Saad,
1488 3164 204 124 De
1764 3164 448 148 Mitry
2284 3164 664 152 Georges.

1188 3348 268 124 Art
1544 3348 140 124 in
1776 3348 580 128 oriental
2444 3392 364 120 rugs,
2888 3348 184 164 by
3152 3348 208 128 De
3448 3348 440 164 Mitry
3976 3348 596 164 Georges
4664 3348 404 132 Saad.
5296 3360 196 116 1st
5580 3352 200 124 ed.

1036 3536 336 160 [Hot
1448 3536 584 164 Springs
2112 3536 612 124 national
2804 3540 388 160 park,
3264 3536 484 144 Ark.]
3740 3540 584 156 Tanner,
4396 3540 236 124 the
4696 3536 532 164 printer
5308 3536 452 144 [ͨ1927]

1188 3732 196 96 127
1432 3756 104 92 p.
1680 3732 392 112 front.,
2128 3736 404 112 plates.
2684 3736 680 104 18½ͨͫ.

1020 3852 116 120 ©
1220 3876 272 108 July
1572 3872 160 112 16,
1816 3872 132 92 19
1948 3872 132 96 27
2128 3896 20 88 ;
2228 3876 64 88 2
2284 3868 48 88 c
2368 3948 20 24 .
2468 3876 276 112 July
2816 3876 196 108 22;
3096 3872 196 96 aff.
3372 3876 276 108 July
3724 3872 196 112 21;
4004 3872 96 92 A
4180 3868 132 92 99
4320 3872 64 92 6
4392 3872 60 92 5
4452 3868 64 92 2
4528 3876 60 88 7
4604 3880 44 80 ;
4772 3868 136 120 De
5016 3868 48 92 M
5120 3948 20 20 .
5224 3872 124 96 G.
5432 3868 68 96 S
5516 3868 256 116 aad,

1176 4012 240 92 Hot
1480 4008 480 112 Springs
2020 4012 280 96 natl.
2368 4008 324 116 park,
2756 4008 276 96 Ark.
3200 4008 668 116 (27-15681)
5272 4000 280 100 6131

1008 4236 760 148 Saunders,
1840 4232 588 128 Charles
2496 4228 628 152 Francis,
3204 4240 312 116 1859
3524 4308 84 16 –

1184 4420 288 128 The
1540 4420 328 128 wild
1936 4420 580 164 gardens
2588 4416 156 132 of
2804 4420 232 128 old
3104 4420 820 160 California,
3992 4468 76 76 a
4132 4432 920 152 presentment
5120 4416 152 128 of
5336 4420 448 128 Padre

1016 4608 368 124 Juan
1452 4608 480 160 Crespi
1996 4608 268 124 and
2324 4608 304 124 how
2684 4608 164 124 he
2908 4620 356 112 went
3320 4652 172 80 on
3552 4656 76 76 a
3688 4608 640 160 journey;
4396 4604 156 128 of
4608 4608 460 124 David
5128 4608 656 164 Douglas,

1016 4792 228 128 the
1320 4792 360 164 Scot,
1752 4796 268 124 and
2096 4796 308 120 how
2476 4796 168 124 he
2716 4792 804 128 introduced
3596 4796 228 124 the
3896 4792 328 128 wild
4296 4792 520 128 flowers
4888 4792 156 128 of
5116 4796 224 124 old
5420 4792 192 132 Ca
5624 4796 36 120 l
5676 4792 104 124 i-

1028 4980 452 128 fornia
1540 4980 288 124 into
1900 4980 648 164 England
2612 4984 272 124 and
2944 4980 376 128 seeds
3380 4976 156 132 of
3592 4980 352 160 hope
4008 4980 220 124 for
4288 4984 236 124 the
4584 4980 284 128 dim
4932 4984 268 124 and
5264 4980 520 128 distant

1020 5168 504 160 future,
1588 5168 180 164 by
1840 5168 564 128 Charles
2480 5168 568 128 Francis
3120 5164 732 164 Saunders,
3920 5168 772 124 illustrated
4768 5168 332 124 with
5168 5168 612 164 etchings

1020 5356 176 164 by
1248 5356 608 124 Edward
1908 5356 548 160 Borein,
2512 5352 684 128 foreword
3240 5352 184 164 by
3472 5356 456 160 Ralph
3984 5352 800 128 Hoffmann.
4964 5352 428 132 Santa
5452 5360 328 120 Bar-

1012 5540 368 160 bara,
1448 5536 220 132 W.
1744 5540 688 160 Hebberd,
2516 5540 360 132 1927.

1184 5736 60 96 6
1300 5764 104 88 p.
1460 5740 36 92 l
1512 5812 56 40 .,
1624 5740 136 92 24
1816 5764 140 88 p.,
2016 5740 60 92 1
2132 5740 36 92 l
2184 5816 20 20 .
2348 5740 208 96 col.
2608 5736 392 116 front.,
3064 5740 412 116 plates.
3620 5736 788 108 24½ͨͫ.

1188 5876 424 96 "Seeds
1668 5876 128 96 of
1852 5876 292 112 hope
2200 5876 184 96 for
2452 5876 192 96 the
2708 5876 236 96 dim
3008 5876 224 96 and
3296 5876 448 96 distant
3804 5872 472 100 future"
4344 5872 100 96 is
4504 5900 68 72 a
4636 5876 408 112 pocket
5104 5872 668 116 containing

1016 6008 180 100 six
1248 6012 480 116 packets
1780 6012 128 96 of
1960 6012 388 96 flower
2404 6012 364 96 seeds.

1016 6120 116 108 ©
1200 6152 300 96 June
1560 6152 160 112 13,
1784 6148 332 112 1927;
2180 6152 164 96 2c.
2404 6152 304 92 June
2768 6152 120 108 8;
2956 6148 196 96 aff.
3216 6152 276 108 July
3556 6152 124 108 1;
3752 6148 92 92 A
3904 6144 476 120 996273;
4452 6148 508 96 Wallace
5024 6148 108 96 J.
5196 6144 568 100 Hebberd.

1196 6284 668 116 (27-14962)
5260 6276 284 100 6132

1004 6508 780 148 Schnitzer,
1852 6508 616 148 Eduard,
2536 6512 496 124 known
3092 6552 144 84 as
3304 6508 412 124 Emin
3788 6508 512 148 Pasha,
4372 6516 320 116 1840
4696 6588 84 12 –
4792 6516 356 120 1892.

1172 6700 260 120 Die
1540 6696 400 164 tageb
1952 6708 88 120 ü
2052 6696 308 124 cher
2476 6740 260 80 von
2852 6700 196 120 dr.
3172 6696 412 124 Emin
3700 6696 516 124 Pascha
4356 6772 28 80 [
4392 6696 504 160 pseud.]
5032 6696 364 160 hrsg.
5516 6692 248 128 mit

1008 6884 1048 160 unterstützung
2120 6884 224 124 des
2412 6880 144 124 H
2572 6880 1036 164 amburgischen
3680 6876 532 132 Staates
4276 6884 284 124 und
4628 6884 236 120 der
4928 6876 832 164 Hamburgi-

1004 7068 400 124 schen
1500 7068 1388 124 wissenschaftlichen
2988 7068 600 160 stiftung
3684 7108 264 84 von
4044 7068 204 124 dr.
4348 7068 444 120 Franz
4900 7064 856 132 Stuhlmann.

1004 7252 216 124 bd.
1288 7264 116 112 4.
1560 7252 1104 160 Braunschweig,
2740 7252 512 144 Berlin,
3320 7252 768 160 Hamburg,
4164 7252 160 128 G.
4368 7252 988 156 Westermann,
5404 7248 352 128 1927.

1168 7452 64 92 3
1304 7476 100 88 p.
1480 7448 36 88 l
1532 7484 52 76 .,
1660 7448 204 92 448
1940 7472 100 92 p.
2184 7448 68 92 2
2256 7448 720 108 6½ͨͫ.

1016 7572 120 124 ©
1212 7584 264 92 Feb.
1548 7584 160 112 17,
1784 7580 336 112 1927;
2200 7584 156 100 1c.
2432 7584 268 112 May
2776 7584 124 104 6;
2980 7580 88 92 A
3076 7636 140 12 —
3224 7580 492 112 Foreign
3788 7580 404 112 34977;
4276 7580 372 116 Georg
4724 7588 840 92 Westermann.

5284 7712 280 100 6133

1004 7836 612 152 Scholes,
1688 7840 448 148 Percy
2204 7840 600 124 Arthur.

1176 8024 288 124 The
1564 8024 660 128 listener's
2324 8024 528 164 history
2956 8024 152 128 of
3208 8028 424 124 music
3708 8028 72 132 …
4084 8032 260 116 Rol
4356 8032 40 116 l
4512 8036 60 112 1
4580 8104 168 12 —
4752 8040 176 116 to.
5000 8028 384 160 Byrd
5488 8024 268 124 and

1016 8208 760 128 Palestrina
1872 8220 84 128 …
2128 8212 172 160 by
2396 8216 156 120 P.
2648 8212 168 124 A.
2920 8208 584 132 Scholes.
3704 8248 40 96 [
3744 8212 112 120 L
3864 8256 72 80 o
3956 8212 360 124 ndon
4304 8248 44 96 ]
4472 8212 284 124 The
4852 8208 288 128 Aeo
5144 8208 48 124 l
5204 8208 224 124 ian
5528 8256 60 80 c
5600 8252 72 76 o
5688 8308 68 56 .,

1008 8396 240 120 ltd.
1336 8388 404 164 [1927]

1016 8556 112 108 ©
1228 8592 120 92 1c
1348 8620 24 52 .
1468 8592 276 108 July
1828 8588 92 112 5,
2008 8588 328 108 1927;
2428 8592 96 92 A
2608 8592 144 92 ad
2836 8592 120 92 in
2968 8596 40 88 t
3024 8668 20 20 .
3128 8592 336 108 9687;
3556 8592 336 112 pubd.
3984 8592 268 108 May
4340 8592 192 108 10;
4628 8588 480 96 Aeolian
5196 8616 192 84 co.,
5476 8592 272 92 New

1176 8724 340 96 York.
1668 8768 24 72 [
1708 8712 120 116 ©
1908 8728 244 88 text
2224 8728 224 92 and
2524 8724 776 96 illustrations
3376 8752 140 68 on
3588 8724 364 96 music
4024 8720 316 120 roll]
5272 8720 280 100 6134

1008 8944 440 144 Scott,
1516 8944 492 152 Henry
2068 8944 172 128 A.

1176 9124 436 128 Man's
1708 9128 284 124 real
2080 9132 516 124 heaven
2696 9132 268 124 and
3056 9132 320 160 hell,
3464 9132 184 160 by
3744 9132 484 164 Henry
4324 9132 168 124 A.
4596 9132 420 132 Scott.
5200 9136 552 156 Boston,

1008 9312 288 124 The
1360 9308 896 164 Christopher
2320 9312 796 168 publishing
3180 9316 408 128 house
3684 9312 436 144 [ͨ1927]
