5920 10300
536 1056 80 132 …
696 1048 252 124 Les
1016 1044 636 128 chemins
1716 1044 164 128 de
1948 1044 244 128 fer.
2392 1044 472 136 [Paris]
2956 1044 672 128 Hachette
3712 1044 448 144 [1927]

624 1280 132 92 64
820 1304 104 88 p.
992 1276 116 92 in
1116 1280 100 88 cl
1228 1352 24 20 .
1316 1276 392 112 front.,
1776 1272 84 96 il
1868 1280 36 88 l
1920 1272 196 116 us.,
2188 1272 368 116 diagr.
2696 1272 644 112 24ͨͫ.

468 1440 116 112 ©
664 1440 304 116 Sept.
1036 1440 168 116 21,
1272 1440 336 112 1927;
1684 1464 156 88 1c.
1908 1440 284 100 Nov.
2260 1440 200 112 21;
2532 1440 748 116 A—Foreign
3344 1440 412 108 36219;
3828 1440 576 96 Librairie
4484 1440 608 104 Hachette.

4648 1572 360 104 11373

464 1700 568 148 Chiray,
1112 1700 668 152 Maurice,
1864 1700 316 128 1877
2184 1780 84 16 –

624 1888 260 124 Les
992 1884 356 132 insuf
1328 1884 80 124 f
1384 1884 512 128 isances
2008 1932 424 116 pancr
2440 1888 64 124 é
2516 1884 584 164 atiques;
3220 1884 448 128 l'insuf
3648 1884 84 124 f
3672 1884 480 128 isance
4268 1932 424 120 pancr
4696 1892 68 124 é
4776 1892 448 160 atique

464 2088 540 112 externe
1080 2084 128 116 et
1288 2076 188 124 les
1556 2072 788 164 dyspepsies
2420 2072 1068 164 pancréatiques,
3572 2076 44 116 l
3632 2072 872 128 'insuffisance
4580 2080 644 160 pancréa-

468 2260 356 164 tique
912 2260 524 128 interne
1520 2280 124 108 et
1732 2260 192 132 les
2004 2264 788 156 syndromes
2880 2260 876 164 diabétiques,
3848 2308 248 116 par
4180 2264 188 124 M.
4460 2260 520 168 Chiray
5044 2260 76 144 …

464 2464 124 112 et
652 2452 132 128 J.
864 2448 452 124 Lebon
1404 2460 84 128 …
1728 2448 440 160 Paris,
2240 2448 544 124 Masson
2856 2496 72 76 e
2940 2464 52 108 t
3068 2460 672 148 cͥͤ,
3340 2456 148 116 19
3496 2456 76 112 2
3584 2456 108 116 6.

624 2680 204 96 210
892 2708 136 88 p.,
1096 2680 56 92 1
1228 2684 28 92 l
1280 2756 16 20 .
1440 2672 720 112 20ͨͫ.
1884 2676 236 116 (On
2188 2704 60 68 c
2256 2704 204 72 ove
2468 2704 112 68 r:
2648 2680 108 92 M
2772 2676 72 88 é
2836 2680 204 92 dec
3048 2676 36 96 i
3096 2704 136 68 ne
3304 2684 116 92 et
3488 2680 136 96 ch
3636 2676 40 92 i
3684 2680 388 108 rurgie
4144 2680 656 116 pratiques)

456 2820 116 108 ©
652 2852 268 96 Dec.
992 2848 164 116 15,
1228 2848 336 112 1926;
1644 2848 60 92 1
1716 2876 88 72 c.
1876 2848 280 108 July
2224 2848 96 116 9,
2396 2848 336 108 1927;
2812 2848 740 112 A—Foreign
3624 2848 408 112 35186;
4116 2848 120 88 M
4240 2876 60 68 a
4316 2876 268 68 sson
4664 2852 84 96 &
4820 2852 100 96 ci
4928 2876 60 68 e
5004 2928 16 24 .

640 2988 672 112 (27-25352)
4644 2980 356 104 11374

452 3244 968 148 Christensen,
1516 3240 476 128 Erwin
2084 3240 704 148 Ottomar,
2896 3252 316 116 1890
3216 3320 84 16 –

620 3432 1136 124 Discrimination
1816 3424 156 132 of
2036 3428 588 164 varying
2684 3432 552 160 degrees
3296 3428 156 124 of
3516 3428 944 164 organization
4532 3432 136 124 in
4740 3432 484 164 simple

456 3616 680 164 examples
1224 3612 152 128 of
1460 3612 532 128 artistic
2080 3616 776 160 expression
2948 3660 140 80 as
3180 3660 76 80 a
3344 3660 608 80 measure
4040 3612 156 128 of
4280 3616 940 132 sensitiveness

456 3800 136 128 in
664 3800 560 128 esthetic
1292 3800 728 160 reactions;
2104 3844 72 80 a
2248 3796 708 132 collection
3024 3796 156 132 of
3248 3848 244 80 one
3564 3800 628 128 hundred
4264 3800 268 128 and
4612 3812 600 156 seventy-

456 3988 252 124 five
808 3988 400 124 series
1308 3984 156 128 of
1564 3984 256 128 five
1924 3988 540 160 designs
2572 3988 364 160 each,
3040 3984 856 168 illustrating
4000 3988 592 128 abstract
4700 3992 520 156 design,

456 4172 632 164 pictorial
1172 4172 520 164 design,
1772 4172 232 124 the
2084 4168 736 132 industrial
2904 4184 328 144 arts,
3316 4172 268 128 and
3672 4172 940 164 architecture,
4696 4176 180 164 by
4964 4176 248 124 Er-

452 4360 268 124 win
796 4356 120 136 O
932 4460 24 24 .
1040 4356 912 132 Christensen.
2144 4436 32 80 [
2192 4352 872 168 Cambridge,
3136 4356 440 128 Mass.]
3688 4364 360 120 1927.

608 4592 68 92 4
744 4616 100 88 p.
912 4592 36 88 l
968 4660 48 40 .,
1084 4588 132 96 25
1288 4592 148 108 pl.
1580 4588 132 96 34
1752 4612 76 68 ×
1868 4588 724 108 27ͨͫ
2096 4624 48 56 .

452 4748 116 116 ©
640 4756 100 92 D
748 4780 156 72 ec.
968 4760 96 108 7,
1124 4756 340 108 1927;
1532 4756 60 92 2
1596 4776 64 76 c
1672 4832 20 20 .
1756 4760 228 92 and
2048 4756 196 96 aff.
2312 4756 100 88 D
2424 4780 56 72 e
2492 4784 88 68 c.
2648 4756 196 112 12;
2916 4756 92 92 A
3076 4756 184 92 101
3284 4760 60 88 3
3356 4756 264 112 540;
3696 4760 128 92 E.
3892 4764 84 92 O
4000 4836 20 20 .
4092 4756 784 112 Christensen,
4944 4760 272 96 Bos-

612 4896 228 92 ton.
1016 4888 668 120 (27-25313)
4632 4888 360 104 11375

456 5148 544 148 Corpus
1056 5148 388 164 juris,
1500 5144 412 168 being
1972 5148 796 164 a.complete
2828 5148 268 128 and
3160 5148 780 164 systematic
3996 5160 724 116 statement
4776 5148 156 128 of
4984 5152 236 124 the

612 5336 428 124 whole
1112 5336 360 160 body
1544 5336 152 124 of
1768 5336 228 124 the
2068 5340 260 120 law
2400 5384 140 76 as
2612 5384 72 76 e
2688 5336 628 124 mbodied
3392 5336 144 124 in
3612 5336 264 124 and
3960 5336 740 164 developed
4772 5332 180 172 by
5028 5336 184 124 all

612 5544 140 96 re
768 5520 476 164 ported
1340 5520 700 128 decisions.
2224 5520 256 124 Ed.
2572 5520 184 164 by
2840 5520 624 128 William
3552 5520 408 128 Mack
4040 5520 84 136 …
4300 5520 268 128 and
4660 5524 552 124 Donald

612 5708 132 124 J.
836 5708 408 124 Kiser
1348 5716 84 132 …
1660 5748 120 80 v.
1872 5712 196 116 42.
2180 5744 44 96 [
2224 5708 836 160 Mortgages,
3148 5704 168 132 §§
3336 5712 736 120 1504-2299
4164 5720 136 112 to
4388 5708 772 164 Municipal
5148 5748 48 96 ]

616 5892 328 124 New
1048 5892 428 156 York,
1568 5892 292 120 The
1952 5892 732 124 American
2776 5892 264 120 law
3136 5888 352 128 book
3576 5936 260 116 co.;
3940 5892 620 164 London,
4660 5896 548 124 Butter-

612 6080 436 120 worth
1108 6080 112 120 &
1276 6120 236 116 co.,
1580 6076 356 128 1927.

596 6308 64 92 4
736 6332 104 88 p.
916 6308 36 88 l
964 6380 56 40 .,
1100 6336 68 64 v
1172 6360 72 12 –
1244 6304 324 116 xviii,
1648 6308 280 96 1416
2000 6332 104 88 p.
2244 6308 360 96 front.
2672 6300 412 120 (port.)
3248 6304 724 108 26ͨͫ.

448 6460 104 88 ©
632 6476 280 96 Nov.
976 6476 92 112 5,
1136 6476 336 112 1927;
1540 6476 164 96 2c.
1768 6476 228 96 and
2060 6476 200 96 aff.
2328 6476 264 96 Dec.
2660 6476 192 108 16;
2924 6476 104 92 A
3088 6472 548 116 1010931;
3708 6476 620 96 American
4392 6480 228 92 law
4688 6480 292 96 book
5044 6504 164 72 co.

4628 6608 360 104 11376

440 6736 440 144 Dana,
956 6736 576 148 Harvey
1612 6736 624 152 Eugene.

608 6916 136 128 A
808 6920 552 124 manual
1432 6964 692 120 grammar
2192 6920 156 124 of
2412 6920 228 124 the
2712 6916 448 132 Greek
3228 6920 332 124 New
3632 6920 828 160 Testament,
4532 6924 180 164 by
4784 6924 184 124 H.
5048 6924 160 124 E.

452 7104 392 124 Dana
936 7112 84 132 …
1124 7104 272 124 and
1456 7104 96 128 J
1560 7148 84 80 u
1656 7104 96 124 li
1764 7148 88 80 u
1860 7152 60 76 s
1980 7104 164 124 R.
2212 7104 332 124 Man
2556 7116 56 112 t
2616 7148 160 120 ey
2864 7112 84 132 …
3156 7104 332 124 New
3556 7104 432 160 York,
4056 7104 292 128 The
4412 7104 508 132 Macmi
4928 7108 48 124 l
4984 7108 216 128 lan

440 7332 716 120 company,
1220 7284 360 132 1927.

612 7540 156 64 xx
828 7536 136 88 p.,
1028 7512 56 92 1
1144 7512 40 92 l
1204 7584 48 40 .,
1308 7508 212 100 356
1580 7536 100 88 p.
1820 7512 284 96 fold.
2176 7512 260 112 tab.,
2500 7512 368 112 diagr.
3008 7508 68 96 2
3084 7508 648 108 0½ͨͫ.

616 7676 348 96 "This
1028 7676 324 96 work
1416 7676 96 96 is
1580 7704 64 68 a
1708 7704 596 68 successor
2372 7684 112 88 to
2552 7704 64 68 a
2688 7676 440 92 former
3192 7676 440 96 edition
3704 7672 604 116 published
4376 7668 68 112 …
4576 7696 72 72 u
4656 7672 288 96 nder
5016 7672 192 96 the

456 7808 252 100 title
780 7812 96 92 A
940 7816 472 88 manual
1484 7812 188 96 for
1744 7812 196 96 the
2008 7812 352 112 study
2432 7812 124 96 of
2628 7812 196 96 the
2900 7812 376 96 Greek
3344 7812 280 92 New
3700 7804 1240 104 Testament."-Pref.

440 7944 116 112 ©
624 7980 272 96 Dec.
964 7980 92 108 6,
1124 7976 336 112 1927;
1532 7980 160 96 2c.
1760 7980 228 92 and
2052 7976 128 96 af
2168 7976 56 92 f
2228 8056 20 20 .
2320 7980 268 92 Dec.
2652 7980 124 108 7;
2852 7976 92 92 A
3016 7972 548 112 1010759;
3644 7972 672 100 Macmillan
4380 8000 164 68 co.

624 8108 668 120 (27-25332.)
4616 8104 360 100 11377

440 8332 472 148 Davis,
996 8336 100 128 C
1788 8336 152 124 T.

604 8520 496 124 Riders
1184 8520 140 124 in
1408 8520 232 124 the
1728 8564 312 116 sun;
2140 8564 456 116 poems
2676 8516 180 168 by
2944 8516 152 128 C.
3184 8520 152 124 T.
3424 8516 468 128 Davis.
4072 8512 332 132 New
4496 8516 428 160 York,
5008 8516 188 128 H.

440 8704 460 160 Vinal,
952 8708 292 156 ltd.,
1308 8704 356 128 1927.

600 8936 64 92 7
724 8960 104 88 p.
888 8936 40 92 l
940 9008 56 36 .,
1056 8936 132 96 88
1244 8960 140 88 p.,
1444 8936 56 92 1
1568 8936 36 88 l
1620 9008 20 20 .
1780 8932 724 108 21ͨͫ.

604 9100 308 96 "The
988 9128 388 88 poems
1452 9100 116 96 in
1648 9100 236 96 this
1960 9100 604 96 collection
2648 9100 620 112 originally
3344 9100 580 112 appeared
4004 9100 112 92 in
4204 9100 192 96 the
4476 9100 516 92 columns
5072 9092 124 100 of

444 9236 188 96 the
688 9236 600 96 Arkansas
1348 9236 556 116 gazette."

440 9372 116 108 ©
628 9408 280 96 Nov.
976 9408 160 92 23,
1212 9404 336 116 1927;
1620 9404 160 104 2c,
1856 9408 224 92 and
2152 9404 120 96 af
2248 9404 72 92 f
2324 9484 20 16 .
2416 9404 268 96 Dec.
2756 9408 56 92 1
2824 9404 68 96 5
2928 9428 24 88 ;
3024 9404 96 92 A
3188 9400 552 120 1010890;
3816 9404 448 100 Harold
4336 9400 376 112 Vinal,
4784 9396 208 100 ltd.

624 9540 668 116 (27-25450)
4612 9524 356 112 11378

2660 9672 316 120 1691
