5920 10300
2624 9556 320 128 1761

440 856 1064 152 Achievement,
1568 860 176 164 by
1804 860 520 124 leaders
2388 856 148 124 in
2592 856 436 128 world
3088 852 508 128 affairs.
3780 856 332 128 New
4176 852 436 168 York,
4668 852 532 132 Ameri-

600 1088 252 84 can
924 1044 852 128 educational
1848 1088 376 120 press
2312 1040 640 152 [ͨͫ1927
2728 1084 40 96 ]

596 1268 76 68 x
736 1268 136 88 p.,
932 1244 60 88 1
1056 1244 40 88 l
1108 1316 56 40 .,
1228 1240 204 96 169
1492 1268 104 88 p.
1736 1236 396 116 front.,
2196 1244 356 112 ports.
2696 1240 712 108 18ͨͫ.

596 1376 708 96 Publisher's
1376 1380 272 92 note
1720 1376 468 112 signed:
2268 1376 404 112 Irving
2748 1376 228 112 Jay
3048 1376 476 112 Rogers.

604 1512 632 96 Collection
1308 1512 124 96 of
1500 1512 476 96 articles
2048 1516 180 112 by,
2304 1512 228 96 and
2608 1536 456 72 careers
3144 1512 124 96 of
3340 1512 452 96 leaders
3872 1512 120 92 in
4068 1508 620 100 American
4764 1512 436 116 profes-

432 1648 372 96 sional
868 1648 232 92 and
1168 1644 628 100 industrial
1864 1644 244 104 life.

432 1756 116 124 ©
616 1784 268 96 Dec.
944 1784 92 108 1,
1100 1784 340 108 1927;
1500 1784 164 96 2c.
1720 1784 232 92 and
2016 1776 192 104 aff.
2272 1780 268 100 Dec.
2600 1784 200 112 21;
2868 1780 96 96 A
3024 1784 280 96 1010
3304 1780 68 92 9
3372 1784 200 112 74;
3644 1784 92 96 I.
3800 1784 104 96 J.
3972 1784 468 112 Rogers,
4508 1784 280 96 New
4848 1784 348 96 York.

624 1916 456 120 (28-36)
4616 1912 360 104 11850

440 2140 1128 152 Ashton-Wolfe,
1652 2144 172 124 H.

588 2328 520 124 Master
1188 2328 552 128 bandits
1824 2324 156 128 of
2060 2328 516 164 to-day.
2748 2372 216 84 no.
3052 2328 116 160 7,
3256 2332 112 120 8.
3556 2408 28 80 [
3596 2336 76 116 2
3756 2328 972 140 instalments]
4848 2328 348 128 Con-

424 2524 784 116 tents.—no.
1292 2512 112 128 7.
1488 2512 292 128 Red
1860 2512 452 164 Lopez
2396 2516 272 124 and
2748 2516 356 128 Jack
3180 2516 960 164 Harley.—no.
4232 2524 108 116 8.
4428 2512 772 128 Donatelli:

428 2740 80 84 a
576 2740 628 84 romance
1272 2696 152 128 of
1492 2700 512 160 Naples
2076 2700 268 124 and
2420 2692 680 132 Calabria.

604 2896 200 116 (In
872 2884 556 108 Cassell's
1500 2888 660 124 magazine,
2232 2888 348 124 Aug.,
2656 2888 360 124 Sept.,
3092 2892 344 116 1927)

424 3004 120 124 ©
636 3024 44 88 1
708 3060 88 72 c.
880 3028 284 100 each
1256 3028 304 120 Sept.
1652 3032 56 92 1
1720 3032 64 92 6
1792 3108 20 36 ,
1900 3032 340 108 1927;
2336 3032 96 92 A
2516 3036 152 88 ad
2752 3020 36 104 i
2804 3036 160 96 nt.
3052 3028 408 116 10406;
3556 3060 152 88 pu
3716 3036 68 88 b
3792 3036 108 96 d.
3988 3036 280 108 July
4352 3032 168 116 25,
4612 3032 288 116 Aug.
4988 3036 196 112 25;

584 3168 144 96 H.
796 3168 908 112 Ashton-Wolfe,
1768 3168 508 100 London.
4612 3160 356 104 11851

428 3388 1428 156 Bancroft-Whitney
1940 3432 732 112 company,
2752 3396 296 124 San
3120 3392 768 128 Francisco.

596 3572 368 132 Code
1036 3576 592 164 practice
1696 3580 268 124 and
2036 3580 648 124 remedies
2748 3576 144 124 in
2956 3592 448 108 courts
3476 3576 152 128 of
3696 3576 468 128 record
4232 3580 144 124 in
4444 3580 324 124 civil
4836 3624 360 84 cases

436 3760 140 128 in
636 3764 228 124 the
924 3772 568 116 western
1548 3776 456 148 states,
2060 3764 336 124 with
2456 3760 472 160 forms,
2988 3764 672 160 compiled
3720 3760 228 132 for
4008 3808 228 84 use
4292 3764 144 128 in
4492 3764 232 128 the
4780 3776 412 116 states

420 3944 156 128 of
684 3948 644 160 Arizona,
1440 3944 820 156 California,
2372 3944 724 164 Colorado,
3200 3948 484 136 Idaho,
3792 3952 584 156 Kansas,
4480 3952 712 164 Montana,

428 4136 736 140 Nebraska,
1272 4136 608 140 Nevada,
1992 4136 328 124 New
2436 4132 576 160 Mexico,
3120 4136 448 124 North
3676 4136 588 164 Dakota,
4376 4136 812 168 Oklahoma,

424 4320 592 172 Oregon,
1100 4320 436 132 South
1620 4324 592 156 Dakota,
2292 4324 200 124 Ut
2500 4368 72 76 a
2576 4324 88 120 h
2688 4420 24 60 ,
2792 4320 960 164 Washington,
3836 4324 784 168 Wyoming,
4700 4328 180 164 by
4964 4328 232 128 the

428 4504 804 168 publishers'
1344 4508 444 124 editor
1796 4504 32 124 i
1852 4556 68 80 a
1936 4508 48 124 l
2096 4508 360 124 staff.
2640 4552 84 76 v
2736 4608 24 20 .
2876 4516 72 112 3
2968 4608 20 20 .
3176 4504 280 132 San
3568 4508 772 164 Francisco,
4456 4516 540 124 Bancro
5008 4508 68 128 f
5076 4528 112 112 t-

408 4696 656 160 Whitney
1136 4736 708 120 company,
1928 4688 356 132 1927.

572 4920 240 64 xxx
820 4888 148 96 ix.
1040 4892 204 92 221
1256 4888 72 100 9
1328 4944 64 16 –
1392 4888 280 100 3515
1736 4916 104 88 p.
1980 4892 68 92 2
2056 4888 640 108 5ͨͫ
2240 4968 20 20 .

416 5000 120 124 ©
608 5032 268 96 Dec.
944 5028 164 112 14,
1180 5024 332 108 1927;
1588 5024 160 100 2c.
1816 5028 228 92 and
2116 5024 192 100 aff.
2388 5028 164 92 De
2564 5056 84 64 c.
2724 5028 192 108 27;
2992 5024 96 96 A
3168 5024 260 96 1013
3444 5016 280 120 863;
3784 5028 1168 120 Bancroft-Whitney
5020 5060 164 72 co.

4608 5160 360 104 11852

420 5288 396 148 Burt,
892 5284 796 128 Katharine
1764 5284 588 124 Newlin.

572 5468 756 168 Galloping
1396 5516 344 84 men.

600 5668 200 116 (In
868 5664 260 100 Pall
1200 5660 296 104 Mall
1572 5660 660 124 magazine,
2312 5660 292 120 Oct.,
2688 5660 348 120 1927)

416 5792 120 120 ©
600 5808 52 92 1
656 5824 100 80 c.
816 5808 280 92 Nov.
1156 5804 92 112 5,
1308 5804 336 112 1927;
1708 5804 96 92 A
1864 5804 152 96 ad
2072 5804 36 92 i
2120 5832 68 64 n
2204 5808 44 92 t
2264 5880 16 20 .
2344 5804 200 96 104
2556 5808 140 96 56
2732 5828 16 80 ;
2820 5828 144 88 pu
2980 5804 68 96 b
3056 5808 104 92 d.
3232 5804 304 112 Sept.
3600 5808 124 104 6;
3796 5808 136 96 K.
4000 5804 132 100 N.
4200 5808 328 116 Burt,
4604 5808 572 100 Southern

572 5940 376 116 Pines,
1016 5940 136 100 N.
1220 5936 120 100 C.
4600 5936 360 108 11853

408 6128 464 152 Clark,
940 6128 532 132 Robert
1544 6128 620 148 Carlton,
2248 6124 316 132 1877
2568 6204 80 20 –

576 6316 580 164 History
1236 6312 152 128 of
1460 6320 224 120 the
1756 6312 844 132 Willamette
2672 6312 536 164 Valley,
3284 6312 592 168 Oregon,
3948 6320 176 160 by
4200 6320 512 128 Robert
4792 6320 380 132 Carl-

408 6516 240 116 ton
744 6504 460 132 Clark.
1388 6500 644 164 Chicago,
2124 6504 288 124 The
2512 6496 136 132 S.
2744 6504 132 124 J.
2976 6500 500 128 Clarke
3572 6500 800 172 publishing
4460 6552 712 124 company,

416 6688 352 132 1927.

568 6888 68 96 3
688 6916 104 68 v.
932 6888 396 112 front.,
1380 6888 340 112 illus.,
1784 6888 408 112 plates,
2248 6888 392 112 ports.,
2700 6904 364 92 maps.
3200 6880 652 116 27ͨͫ.

576 7024 304 96 Vols.
932 7024 204 96 2–3
1192 7020 464 100 contain
1712 7020 796 112 biographical
2568 7016 576 100 material.

572 7164 244 92 The
888 7156 524 96 author's
1484 7180 340 72 name
1896 7156 268 96 does
2240 7160 204 92 not
2516 7176 436 96 appear
3028 7180 144 72 on
3252 7152 656 120 title-pages
3984 7156 128 96 of
4184 7188 72 68 v
4260 7160 144 96 ol.
4500 7160 160 108 II
4580 7160 320 108 –III
4812 7240 20 20 .

408 7272 124 120 ©
624 7300 264 92 Dec.
976 7300 132 92 14
1112 7328 24 56 ,
1228 7296 336 108 1927;
1656 7296 160 96 2c.
1904 7296 276 92 each
2276 7296 228 92 and
2588 7288 200 100 aff.
2876 7292 268 96 Dec.
3232 7292 196 112 21;
3520 7296 100 88 A
3704 7292 548 116 1010981;
4348 7300 132 96 R.
4572 7296 116 100 C.
4784 7300 380 116 Clark,

568 7436 496 112 Eugene,
1140 7428 188 100 Or.
1496 7424 392 120 (28-4)
4592 7428 360 104 11854

404 7620 684 148 Cohausz,
1160 7620 388 148 Otto,
1620 7612 324 132 1872
1948 7692 84 16 –

576 7808 292 124 The
920 7804 424 164 priest
1404 7800 268 128 and
1740 7800 396 132 Saint
2188 7800 424 160 Paul;
2684 7844 172 80 an
2912 7796 1060 164 interpretation
4028 7800 160 128 of
4252 7800 396 136 Saint
4712 7808 460 128 Paul's

416 7992 616 160 writings
1132 7984 572 168 bearing
1800 8028 180 80 on
2076 7984 232 124 the
2408 7984 832 160 priesthood,
3344 7984 180 160 by
3628 7984 324 124 Rev.
4068 7984 332 132 Otto
4512 7988 660 168 Cohausz,

408 8220 92 80 S.
568 8220 160 116 J.,
788 8172 756 128 translated
1604 8168 184 164 by
1848 8168 328 128 Rev.
2240 8168 692 124 Laurence
2992 8168 156 124 P.
3220 8168 552 164 Emery,
3836 8212 112 80 M
3972 8272 24 20 .
4064 8212 124 84 A.
4340 8172 336 124 New
4744 8172 428 164 York,

408 8356 788 136 Cincinnati
1288 8368 272 112 [etc.
1564 8400 40 96 ]
1692 8352 668 164 Benziger
2428 8352 668 160 brothers,
3164 8348 360 132 1927.

564 8560 204 96 311
840 8584 104 88 p.
1084 8548 652 120 19ͨͫ.

408 8664 120 124 ©
588 8692 280 96 Nov.
924 8688 164 112 10,
1148 8684 336 112 1927;
1544 8684 164 96 2c.
1764 8684 280 96 Nov.
2100 8684 60 92 1
2172 8680 72 96 6
2276 8704 20 88 ;
2360 8680 196 96 aff.
2620 8680 168 96 De
2796 8708 56 68 c
2868 8756 16 20 .
2944 8680 196 108 19;
3208 8680 96 96 A
3364 8680 544 112 1013652;
3976 8684 564 116 Benziger
4600 8692 564 96 brothers.

588 8824 460 116 (28-31)
4588 8816 352 104 11855

404 9016 416 148 Coke,
884 9008 664 148 Richard,
1628 9004 320 132 1876
1952 9080 84 20 –

568 9196 724 168 Baghdad,
1368 9196 228 124 the
1676 9192 276 160 city
2032 9188 152 128 of
2260 9232 440 120 peace,
2776 9188 180 164 by
3036 9188 608 128 Richard
3728 9184 404 136 Coke.
4304 9196 624 172 London,
5004 9204 156 132 T.

408 9380 976 156 Butterworth,
1440 9376 248 128 ltd.
1764 9456 36 80 [
1812 9376 320 124 1927
2144 9452 32 80 ]
