5920 10300
2628 9644 320 120 1439

420 944 800 152 Hagedorn,
1304 944 732 124 Hermann
2036 1020 172 12 —
2216 940 772 128 Continued

600 1140 60 96 5
720 1164 108 92 p.
884 1140 40 92 l
936 1212 56 40 .,
1052 1140 60 96 3
1120 1196 72 8 –
1196 1136 204 100 508
1460 1160 108 92 p.
1704 1136 792 112 19½ͨͫ
2020 1168 28 64 .

600 1272 880 116 Lining-papers
1540 1268 468 100 contain
2068 1296 352 92 pages
2480 1272 708 116 reproduced
3252 1268 308 96 from
3628 1268 196 96 the
3884 1268 340 116 diary
4284 1268 276 116 kept
4628 1268 144 116 by
4836 1268 352 96 Theo-

432 1412 268 92 dore
768 1408 616 96 Roosevelt
1448 1404 420 116 during
1932 1404 192 96 the
2200 1404 496 116 Spanish
2768 1428 280 72 war.

600 1536 932 104 "Authorities":
1592 1568 104 88 p.
1764 1540 96 116 [5
1868 1536 492 100 03]–508.

428 1668 120 120 ©
644 1676 244 100 Oct.
976 1676 168 112 28,
1236 1676 328 108 1927;
1664 1676 164 96 2c.
1924 1676 244 96 Oct.
2260 1672 196 112 29;
2552 1672 200 100 aff.
2844 1676 284 96 Nov.
3220 1676 124 108 1;
3444 1676 96 88 A
3628 1672 548 112 1004890;
4280 1676 144 96 H.
4520 1672 648 116 Hagedorn.

592 1812 356 96 Santa
1016 1812 560 120 Barbara,
1652 1808 344 100 Calif.
2168 1808 668 112 (27-23006)
4700 1804 280 100 9632

416 2036 892 148 Hagendorn,
1392 2032 608 128 William
2088 2032 792 148 Valentine,
2968 2040 316 116 1890
3288 2108 88 16 –

584 2212 404 136 Cases
1060 2260 172 80 on
1316 2220 340 124 sales
1736 2216 268 128 and
2084 2228 576 116 statutes
2736 2216 592 164 relating
3412 2216 564 160 thereto,
4056 2220 176 160 by
4308 2216 620 128 William
5016 2220 160 124 V.

416 2404 588 164 Hagend
1012 2448 76 80 o
1100 2444 164 84 rn
1336 2416 84 128 …
1672 2400 464 124 Brook
2140 2400 48 124 l
2192 2440 228 120 yn,
2492 2400 168 128 N.
2736 2400 216 160 Y.,
3076 2404 364 140 ͨ1927.

572 2604 64 96 3
708 2628 108 88 p.
876 2604 40 92 l
928 2676 60 40 .,
1052 2600 208 100 249
1328 2628 104 88 p.
1572 2604 68 92 2
1644 2604 720 108 3½ͨͫ.

420 2728 120 112 ©
640 2736 240 96 Oct.
964 2736 168 108 24,
1220 2736 204 96 192
1436 2740 56 92 7
1536 2760 20 84 ;
1644 2732 168 100 2c.
1900 2736 232 92 and
2216 2732 196 100 aff.
2508 2732 244 100 Oct.
2836 2732 132 96 27
3012 2760 20 84 ;
3128 2736 96 88 A
3312 2736 56 88 1
3380 2732 144 96 00
3524 2736 60 88 4
3596 2732 64 92 8
3664 2736 60 88 4
3732 2732 68 92 9
3840 2760 20 84 ;
3960 2736 168 96 W.
4216 2744 132 88 V.
4440 2736 108 88 H
4560 2756 60 68 a
4636 2736 540 108 gendorn.

580 2872 280 92 New
928 2872 348 92 York.
1444 2868 664 112 (27-23113)
4696 2864 284 100 9633

412 3096 784 148 Hammett,
1272 3092 588 128 Charles
1924 3092 652 148 Edward,
2652 3100 312 120 1865
2972 3172 84 12 –

580 3276 464 168 Major
1132 3292 384 148 sport
1612 3276 1092 160 fundamentals;
2808 3276 700 132 essentials
3608 3276 228 128 for
3924 3280 740 128 successful
4760 3292 424 116 teams

428 3464 136 124 in
664 3460 628 164 football,
1388 3460 644 164 baseball,
2128 3460 804 164 basketball,
3036 3468 268 120 and
3408 3460 432 164 track,
3940 3460 184 168 by
4232 3460 568 132 Charles
4908 3468 272 124 Ed-

428 3648 368 128 ward
868 3648 716 124 Hammett
1688 3656 80 132 …
2000 3648 328 124 New
2408 3648 436 160 York,
2920 3644 152 132 C.
3160 3644 744 132 Scribner's
3984 3692 352 116 sons,
4424 3652 360 124 1927.

580 3844 200 92 xiv
792 3916 20 40 ,
872 3840 208 96 220
1136 3868 104 88 p.
1384 3844 408 112 plates,
1860 3840 428 116 diagrs.
2424 3840 652 108 19ͨͫ
2680 3844 72 104 .

416 3960 120 120 ©
628 3980 304 108 Sept.
1008 3976 164 112 30,
1256 3980 56 88 1
1324 3976 268 108 927;
1672 3976 164 96 2c.
1920 3976 244 100 Oct.
2248 3976 188 112 19;
2532 4000 56 72 a
2604 3976 120 100 ff.
2812 3976 244 100 Oct.
3136 3980 196 112 12;
3416 3980 100 92 A
3596 3976 548 112 1004674;
4240 3976 480 100 Charles
4812 3980 364 96 Scrib-

576 4112 300 96 ner's
944 4136 300 72 sons.
1424 4112 400 116 (27-22
1824 4112 72 96 9
1896 4112 196 104 27)
4692 4112 284 100 9634

408 4332 596 152 Harger,
1076 4336 532 124 Wilson
1684 4336 684 148 Gardner,
2444 4340 316 120 1882
2764 4412 84 16 –

572 4520 784 128 Handbook
1460 4520 228 128 for
1780 4520 652 164 highway
2532 4520 748 164 engineers,
3376 4520 800 168 containing
4272 4520 908 128 information

408 4708 760 160 ordinarily
1244 4708 328 124 used
1648 4708 140 124 in
1872 4708 232 124 the
2184 4708 476 164 design
2744 4708 268 124 and
3092 4708 916 124 construction
4092 4708 156 128 of
4324 4712 372 120 rural
4780 4708 392 168 high-

412 4936 364 116 ways
900 4904 92 128 …
1088 4892 176 164 by
1340 4892 532 132 Wilson
1956 4892 164 128 G.
2200 4892 148 124 H
2360 4936 440 120 arger,
2880 4936 112 84 C.
3076 4936 108 80 E.
3272 4892 268 128 and
3624 4896 648 124 Edmund
4352 4896 172 124 A.
4604 4900 120 120 B
4736 4940 72 80 o
4820 4940 352 120 nney

584 5092 76 128 …
736 5080 236 124 4th
1048 5080 248 156 ed.,
1372 5076 576 164 entirely
2024 5120 268 80 rev.
2376 5080 268 124 and
2720 5080 260 124 enl.
3160 5080 328 124 New
3568 5080 384 124 York
4044 5092 412 148 [etc.]
4460 5080 712 128 McGraw-

404 5264 308 124 Hill
776 5260 352 128 book
1200 5304 708 120 company,
1980 5260 304 160 inc.,
2356 5268 360 120 1927.

572 5480 160 72 xx
744 5528 24 44 ,
852 5456 304 112 1721,
1248 5484 240 68 xxx
1496 5456 84 96 ii
1668 5480 108 88 p.
1860 5456 36 96 i
1904 5484 76 68 n
1984 5460 100 92 cl
2100 5532 20 20 .
2212 5456 340 112 illus.,
2640 5456 412 116 plates,
3144 5456 404 116 tables,
3636 5456 432 116 diagrs.
4244 5456 284 100 fold.
4616 5484 72 92 p
4692 5460 40 92 l
4748 5536 52 36 .,
4888 5460 280 100 fold.

408 5616 296 92 map.
844 5592 680 104 18ͨͫ.
1400 5588 308 120 $6.00

576 5760 740 96 "Condensed
1404 5760 200 96 list
1688 5760 124 96 of
1888 5764 300 92 most
2264 5760 284 96 used
2628 5756 348 100 data"
3060 5788 144 68 on
3284 5760 872 116 lining-papers.

576 5892 972 120 CONTENTS.—pt.
1652 5912 40 72 I
1700 5964 28 24 .
1824 5892 644 116 Principles
2568 5892 124 96 of
2784 5896 468 116 general
3348 5896 556 116 planning
4004 5900 88 96 &
4192 5900 752 116 design.—pt.
5044 5904 128 88 II.

412 6028 320 96 Field
808 6032 228 92 and
1108 6032 112 96 of
1216 6032 40 88 f
1256 6032 160 92 ice
1492 6032 360 92 detail
1928 6032 628 112 data.—pt.
2628 6048 48 72 I
2676 6048 92 68 II
2784 6100 24 24 .
2896 6028 1220 120 Specifications.—pt.
4188 6028 160 108 IV
4332 6104 28 24 .
4436 6032 496 100 General
5008 6044 44 88 t
5064 6048 100 84 a-

408 6164 240 96 bles
716 6164 88 96 &
864 6164 1400 112 formulae.—Appendix.
2416 6164 316 96 First
2804 6164 192 96 aid
3088 6164 708 112 (accidents)

412 6276 120 108 ©
604 6300 244 96 Oct.
912 6300 160 112 19,
1144 6300 332 108 1927;
1548 6300 160 96 2c.
1776 6300 228 96 and
2068 6324 64 84 a
2148 6300 120 96 ff.
2340 6300 240 96 Oct.
2648 6300 196 112 27;
2916 6300 100 96 A
3076 6300 548 112 1004846;
3704 6300 836 100 McGraw-Hill
4608 6308 296 96 book
4968 6332 196 84 co.,

572 6432 216 100 inc.
964 6436 668 116 (27-23039)
4660 6440 280 96 9635

404 6652 548 152 Harris,
1032 6656 372 128 John
1484 6652 656 156 Thomas,
2236 6668 312 116 1851
2556 6736 88 12 –
3064 6664 200 120 ed.

564 6844 380 128 West
1008 6844 644 164 Virginia
1716 6844 768 164 legislative
2544 6844 372 128 hand
2980 6844 352 128 book
3400 6848 268 124 and
3732 6852 556 120 manual
4356 6852 268 120 and
4692 6848 480 124 official

404 7028 608 164 register,
1100 7036 152 116 19
1260 7036 72 116 2
1344 7028 116 128 7.
1632 7028 472 164 Comp.
2196 7032 268 124 and
2552 7032 204 124 ed.
2836 7032 184 160 by
3100 7032 132 128 J.
3320 7036 156 120 T.
3564 7032 508 124 Harris
4172 7040 80 128 …
4500 7032 336 156 [Cha
4848 7032 316 128 rles-

404 7224 276 148 ton,
744 7212 212 128 W.
1028 7216 296 156 Va.,
1392 7212 604 128 Tribune
2068 7216 632 164 printing
2768 7260 184 84 co.
2968 7296 32 80 ]
3136 7216 364 136 ͨ1927.

568 7408 360 96 xxxvi
992 7432 140 92 p.,
1200 7412 56 88 1
1324 7408 40 92 l
1380 7484 56 40 .,
1500 7408 208 96 760
1768 7436 104 88 p.
1944 7408 116 96 in
2072 7440 60 64 c
2136 7416 72 96 l.
2276 7408 356 100 front.
2784 7412 784 104 23½ͨͫ.

416 7532 120 124 ©
604 7544 248 96 Oct.
916 7544 164 112 10,
1148 7540 336 116 1927;
1560 7548 160 96 2c.
1792 7548 228 92 and
2088 7544 124 96 af
2216 7548 44 88 f
2264 7624 20 20 .
2360 7548 240 100 Oct.
2672 7548 60 92 2
2740 7548 72 96 0
2844 7576 20 84 ;
2940 7548 100 92 A
3108 7552 56 92 1
3176 7548 136 96 00
3316 7552 64 92 4
3392 7548 132 96 70
3528 7552 128 108 8;
3732 7552 104 96 J.
3904 7548 128 96 T.
4108 7548 456 100 Harris.
4640 7548 524 96 Charles-

572 7684 232 108 ton,
880 7680 172 96 W.
1124 7680 204 96 Va.
4676 7680 288 100 9636

404 7864 320 152 Hill,
800 7864 428 156 Clyde
1300 7868 540 152 Milton,
1928 7884 320 120 1886
2252 7956 80 12 –

564 8052 136 124 A
780 8056 492 124 decade
1356 8056 152 124 of
1584 8100 632 120 progress
2292 8064 140 124 in
2512 8064 540 124 teacher
3132 8060 684 164 training;
3900 8060 536 164 specific
4516 8060 644 128 adminis-

404 8236 500 128 trative
972 8236 1000 132 modifications
2044 8240 144 128 in
2260 8244 648 128 Missouri
2988 8244 600 128 teachers
3660 8248 568 160 colleges
4304 8248 444 124 which
4820 8248 340 124 have

408 8416 396 132 taken
868 8424 384 160 place
1308 8424 508 164 during
1876 8428 228 124 the
2156 8428 300 128 first
2516 8432 496 124 decade
3076 8428 716 168 following
3852 8432 232 128 the
4152 8432 660 164 Carnegie
4876 8476 272 80 sur-

412 8648 240 120 vey
736 8604 152 128 of
964 8620 232 112 tax
1280 8612 744 160 supported
2104 8612 532 128 normal
2712 8612 520 128 schools
3308 8612 140 128 in
3536 8612 692 164 Missouri,
4304 8620 276 120 and
4656 8660 72 80 a
4812 8660 340 80 com-

408 8788 544 164 parison
1024 8792 156 124 of
1244 8792 228 128 the
1548 8812 544 144 present
2156 8796 656 128 situation
2888 8796 332 128 with
3292 8800 228 124 the
3596 8800 840 128 conclusions
4508 8804 268 120 and
4856 8844 296 116 pro-

412 8976 440 160 posals
920 8972 152 128 of
1136 8980 232 124 the
1440 8972 524 168 Survey
2032 8980 900 160 commission,
2996 8980 332 124 with
3404 8984 848 164 suggestions
4324 8984 224 128 for
4616 8984 544 128 further

408 9160 1024 160 improvement,
1556 9160 184 160 by
1876 9160 108 132 C
1996 9164 312 164 lyde
2440 9164 260 124 Mil
2708 9176 60 116 t
2772 9208 168 84 on
3076 9168 252 124 Hil
3340 9168 48 124 l
3508 9168 84 144 …
3856 9172 332 124 New
4320 9168 392 128 York
4836 9168 324 164 city,

408 9344 660 128 Teachers
1144 9348 548 160 college,
1776 9344 708 132 Columbia
2568 9348 800 168 university,
3452 9356 360 124 1927.
