5968 10284
636 992 168 128 U.
896 988 136 132 S.
1212 992 440 160 Laws,
1744 1000 616 152 statutes,
2456 1004 128 108 et
2596 1032 96 80 c.
2704 1068 168 12 —
2884 984 292 132 Con
3180 996 60 116 t
3244 984 412 128 inued

804 1184 288 100 This
1164 1188 596 112 pamphlet
1828 1184 104 100 is
2000 1184 332 96 fitted
2408 1184 244 96 into
2728 1184 196 100 the
2996 1184 408 112 pocket
3480 1188 124 92 at
3680 1184 192 96 the
3944 1184 296 96 back
4312 1184 128 100 of
4512 1184 192 100 the
4776 1188 460 96 volume
5308 1188 124 96 of

640 1324 192 96 the
908 1324 180 96 set
1164 1324 116 96 to
1356 1320 384 100 which
1812 1320 100 100 it
1980 1324 508 112 belongs.

644 1432 124 124 ©
856 1460 284 96 Nov.
1224 1456 96 116 9,
1404 1456 340 112 1927;
1828 1456 164 96 2c.
2080 1460 268 96 Dec.
2432 1456 200 112 16;
2720 1456 200 96 aff.
3008 1456 268 96 Dec.
3360 1456 200 108 17;
3652 1456 100 92 A
3836 1452 544 112 1013877;
4476 1456 320 96 West
4880 1456 264 116 pub.
5232 1484 200 92 co.,

816 1596 164 96 St.
1056 1596 328 112 Paul,
1468 1600 228 92 and
1772 1596 508 92 Edward
2356 1592 664 112 Thompson
3096 1612 196 92 co.,
3372 1588 676 116 Northport,
4132 1588 120 100 L.
4332 1592 128 116 I.,
4536 1592 136 100 N.
4752 1592 128 100 Y.

644 1740 1112 152 Vaidianathan,
1832 1740 140 132 S.
4852 1720 360 108 12367

816 1924 924 168 Overcoming
1800 1928 232 128 the
2088 1928 844 164 pull-backs;
3008 1932 304 124 how
3380 1944 140 112 to
3584 1944 328 112 turn
3976 1932 948 132 subconscious
4988 1932 448 132 resist-

648 2156 324 84 ance
1040 2112 292 128 into
1400 2112 440 128 active
1912 2156 556 120 success,
2532 2116 184 160 by
2788 2112 136 136 S.
2992 2116 1084 132 Vaidianathan.
4236 2116 680 168 Holyoke,
4984 2120 460 164 Mass.,

648 2300 292 128 The
1000 2296 728 132 Elizabeth
1788 2300 504 128 Towne
2356 2344 236 120 co.,
2652 2300 1032 164 incorporated;
3756 2304 624 164 London,
4440 2304 156 128 L.
4664 2300 168 132 N.
4904 2304 540 128 Fowler

644 2488 112 120 &
816 2528 676 120 company
1588 2488 444 156 [ͨ1927]

816 2680 56 92 1
944 2704 104 88 p.
1112 2680 36 92 l
1164 2752 56 40 .,
1284 2680 204 96 188
1552 2704 108 88 p.
1804 2680 680 104 17ͨͫ
2064 2756 20 24 .

648 2804 120 124 ©
848 2816 272 96 Dec.
1196 2816 92 112 3,
1364 2816 340 112 1927;
1784 2816 164 96 2c.
2024 2816 232 96 and
2332 2816 196 100 aff.
2608 2816 100 92 D
2720 2840 60 72 e
2768 2836 108 88 c.
2952 2816 140 96 10
3128 2840 24 92 ;
3236 2816 96 96 A
3408 2820 552 112 1013930;
4044 2820 612 100 Elizabeth
4732 2824 424 96 Towne
5236 2848 196 92 co.,

804 2948 220 100 inc.
1196 2948 124 116 (2
1324 2948 68 92 8
1388 2948 336 112 -714)
4852 2952 356 104 12368

644 3076 712 148 Wartner,
1424 3072 572 132 Rudolf.

880 3268 84 132 …
1048 3264 284 128 Das
1404 3264 1100 164 bildungswesen
2576 3268 244 124 der
2888 3264 1332 168 genossenschaften,
4300 3312 260 84 von
4632 3272 200 124 dr.
4908 3272 532 124 Rudolf

640 3452 688 124 Wartner.
1504 3448 956 168 Halberstadt,
2532 3452 184 124 H.
2796 3452 512 168 Meyer,
3392 3456 360 128 1927.

812 3648 132 92 14
952 3648 64 96 3
1100 3676 104 88 p.
1360 3644 612 108 24ͨͫ.
1820 3648 512 116 (Soziale
2420 3648 952 116 organisationen
3460 3656 204 92 der
3756 3656 696 112 gegenwart.
4616 3652 816 116 Forschungen

636 3796 72 76 u
720 3788 152 92 nd
924 3788 64 92 b
1000 3788 224 92 eitr
1232 3780 64 100 ä
1308 3812 140 88 ge
1536 3788 76 104 …
1768 3788 128 112 9)

812 3920 804 100 "Literatur":
1696 3948 108 88 p.
1852 3924 200 96 141
2060 3976 76 12 –
2136 3924 240 96 143.

648 4044 120 124 ©
872 4060 276 116 Apr.
1244 4056 164 116 30,
1508 4060 340 108 1927;
1948 4060 164 100 1c.
2208 4060 280 112 July
2588 4060 196 112 14;
2892 4060 744 116 A—Foreign
3732 4060 412 112 35577;
4252 4060 148 100 H.
4500 4060 492 116 Meyer's
5092 4060 340 96 buch-

808 4192 648 100 druckerei.
1632 4188 532 120 (28–912)
4852 4192 360 104 12369

644 4320 604 128 Wassan
1316 4316 500 156 Singh,
1888 4324 324 124 1882
2216 4396 84 16 –

816 4500 528 136 Secrets
1440 4504 160 128 of
1692 4504 232 132 the
2020 4504 752 136 Himalaya
2868 4504 732 128 Mountain
3688 4516 568 116 masters
4356 4504 276 128 and
4724 4504 480 128 ladder
5292 4516 144 116 to

644 4692 488 124 cosmic
1272 4688 1044 164 consciousness,
2452 4692 184 160 by
2780 4688 364 168 Yogi
3284 4692 580 128 Wassan
3944 4692 84 144 …
4356 4692 1024 164 [Philadelphia

696 4876 364 128 1927.

808 5076 68 96 6
944 5104 100 88 p.
1124 5080 36 88 l
1172 5152 52 36 .,
1300 5076 72 96 8
1376 5132 60 12 –
1440 5080 208 96 334
1716 5104 108 88 p.
1964 5076 308 100 illus.
2344 5072 112 116 (1
2536 5080 608 112 mounted)
3236 5076 412 116 plates,
3716 5076 64 96 2
3856 5080 296 112 port.
4296 5076 60 92 2
4368 5076 608 108 3ͨͫ.

812 5212 304 96 Most
1180 5212 128 96 of
1368 5212 192 96 the
1628 5212 584 96 alternate
2276 5236 348 88 pages
2684 5236 204 72 are
2956 5212 388 96 blank.

648 5320 120 124 ©
852 5348 272 92 Dec.
1204 5344 164 112 10,
1452 5344 336 112 1927;
1876 5344 156 100 2c.
2116 5348 232 92 and
2428 5344 196 96 aff.
2708 5344 268 96 Dec.
3056 5344 200 112 30;
3344 5344 100 92 A
3524 5344 548 112 1018038;
4164 5344 284 112 Yogi
4536 5344 528 112 Wassan,
5152 5344 280 96 New

808 5480 344 96 York.
1324 5480 532 116 (28-829)
4844 5476 360 100 12370

660 5604 468 128 Who's
1212 5604 308 128 who
1600 5604 144 128 in
1828 5604 236 128 the
2152 5600 508 164 South;
2756 5648 80 80 a
2920 5600 652 164 business,
3660 5600 912 168 professional
4656 5604 272 128 and
5016 5600 416 132 social

816 5792 468 124 record
1380 5788 156 128 of
1616 5832 308 84 men
2016 5788 272 128 and
2380 5832 516 84 women
2984 5784 156 128 of
3224 5784 928 132 achievement
4240 5788 144 128 in
4468 5792 232 124 the
4784 5792 644 124 southern

808 5988 460 152 states,
1340 5976 356 128 1927.
1852 5976 972 164 Washington,
2888 5976 172 128 D.
3140 5976 196 164 C.,
3408 5976 296 128 The
3764 5976 800 164 Mayflower
4636 5972 804 168 publishing

808 6204 716 120 company,
1596 6164 256 124 inc.
1956 6168 236 136 [ͨ19
2204 6168 76 120 2
2284 6160 80 128 7
2372 6240 32 84 ]

808 6360 64 96 3
940 6384 104 88 p.
1112 6360 36 92 l
1164 6432 52 40 .,
1288 6360 68 92 9
1360 6408 68 20 –
1428 6356 204 100 845
1700 6384 104 88 p.
1948 6360 680 108 25ͨͫ.
2368 6356 556 100 biennial.

648 6468 120 124 ©
848 6496 276 96 Dec.
1196 6492 164 116 30,
1440 6492 276 96 1927
1756 6512 16 76 ;
1860 6492 164 100 2c.
2100 6496 232 92 and
2408 6492 200 100 aff.
2688 6492 272 100 Dec.
3036 6492 196 112 31;
3320 6492 96 92 A
3492 6492 552 112 1018043;
4132 6488 676 116 Mayflower
4884 6492 260 112 pub.
5228 6516 196 88 co.,

808 6628 216 96 inc.
1200 6624 532 120 (28-694)
4848 6620 352 104 12371

644 6752 944 152 Willoughby,
1676 6748 616 132 William
2380 6748 728 152 Franklin,
3200 6752 324 128 1867
3524 6828 88 16 –

912 6940 76 148 …
1064 6940 772 164 Principles
1932 6940 156 128 of
2172 6940 464 164 public
2728 6928 1156 164 administration,
3980 6936 340 128 with
4408 6936 504 164 special
5004 6936 420 128 refer-

644 7168 316 84 ence
1068 7140 144 112 to
1320 7128 232 124 the
1660 7128 620 124 national
2396 7128 272 124 and
2780 7136 348 116 state
3236 7140 952 148 governments
4304 7124 156 128 of
4564 7124 232 128 the
4900 7120 520 136 United

656 7312 492 156 States,
1220 7312 184 164 by
1472 7312 216 132 W.
1772 7312 156 124 F.
2008 7312 904 168 Willoughby
3000 7324 88 136 …
3324 7312 804 160 Baltimore,
4204 7308 336 164 Md.,
4616 7308 292 128 The
4984 7308 440 132 Johns

648 7496 644 168 Hopkins
1356 7544 420 116 press,
1840 7496 360 128 1927.

816 7696 248 92 xxii
1124 7720 140 88 p.,
1328 7696 60 92 1
1444 7696 40 92 l
1500 7772 52 36 .,
1620 7696 204 96 720
1884 7720 108 88 p.
2052 7696 36 92 i
2096 7720 140 72 nc
2240 7696 36 92 l
2296 7772 16 20 .
2372 7696 408 96 forms.
2920 7692 756 108 22½ͨͫ
3248 7768 24 24 .
3436 7688 300 120 (The
3800 7692 560 96 Institute
4420 7688 192 96 for
4672 7696 752 108 government

656 7832 568 96 research.
1368 7828 644 116 Principles
2072 7828 124 96 of
2252 7828 1016 112 administration)

816 7964 900 116 Bibliography:
1780 7992 104 88 p.
1948 7964 204 96 657
2152 8020 72 12 –
2228 7964 240 100 716.

648 8084 124 124 ©
848 8104 268 96 Dec.
1188 8104 164 116 19,
1424 8104 56 92 1
1492 8108 68 92 9
1560 8104 204 112 27;
1836 8104 160 96 2c.
2072 8104 228 92 and
2372 8104 200 96 aff.
2648 8104 272 96 Dec.
2988 8104 200 108 22;
3264 8104 96 88 A
3432 8100 544 112 1013757;
4060 8100 560 96 Institute
4692 8096 192 100 for
4956 8124 68 88 g
5032 8120 64 72 o
5104 8120 320 72 vern-

812 8240 316 92 ment
1212 8240 572 112 research,
1880 8236 804 116 Washington.
2852 8236 532 116 (28-574)
4844 8228 364 100 12372

648 8360 676 152 Winfree,
1404 8364 420 152 Mary
1896 8360 400 132 Jane.

812 8544 136 128 A
1052 8544 640 128 woman's
1800 8544 228 128 wil
2040 8548 48 124 l
2124 8592 28 112 ;
2264 8544 760 164 important
3132 8544 456 164 points
3696 8544 652 164 affecting
4444 8544 236 124 the
4780 8536 640 132 distribu-

648 8732 292 124 tion
1028 8728 156 128 of
1272 8732 240 124 her
1608 8740 724 156 property;
2436 8732 556 124 address
3080 8728 672 164 prepared
3840 8728 184 164 by
4104 8728 412 156 Mary
4600 8724 360 132 Jane
5036 8720 384 132 Win-

656 8916 284 124 free
1032 8920 80 136 …
1348 8912 68 136 f
1420 8960 152 80 or
1696 8960 516 80 conven
2216 8924 56 116 t
2280 8912 232 128 ion
2632 8912 156 128 of
2900 8912 568 128 Associa
3476 8924 56 112 t
3540 8912 228 124 ion
3888 8952 76 84 o
3976 8912 68 124 f
4160 8912 88 124 b
4260 8956 72 80 a
4336 8912 192 124 nk
4648 8952 520 84 women
5284 8952 76 80 a
5368 8916 56 116 t

648 9096 676 160 Houston,
1400 9100 484 156 Texas,
1960 9096 360 128 1927.
2512 9096 1004 164 [Washington,
3580 9096 172 124 D.
3828 9096 196 160 C.,
4144 9096 328 144 ͨ1927
4480 9172 32 80 ]

812 9296 132 92 12
1016 9320 104 88 p.
1260 9296 60 92 1
1332 9296 576 104 8ͨͫ.

652 9412 120 124 ©
840 9428 284 100 Nov.
1188 9428 164 112 23,
1420 9424 336 112 1927;
1824 9424 160 96 2c.
2052 9428 224 92 and
2344 9424 124 96 af
2464 9420 48 100 f
2520 9504 20 20 .
2604 9428 284 96 Nov.
2952 9424 200 116 25;
3224 9424 96 96 A
3384 9424 544 112 1013310;
4008 9428 148 96 M.
4220 9424 108 100 J.
4396 9420 552 108 Winfree,
5020 9420 400 96 Wash-

820 9556 440 120 ington.
1428 9560 528 116 (28-702)
4840 9552 360 104 12373

2884 9692 320 124 1832
