5968 10284
880 908 672 132 National
1620 904 664 132 research
2356 900 580 132 council.
3100 900 644 128 Division
3812 900 148 168 of
4024 900 736 164 chemistry
4828 904 276 128 and
5168 900 492 132 chemi-

1044 1136 152 88 ca
1204 1100 48 124 l
1328 1096 848 164 technology.

1044 1284 140 124 A
1256 1324 488 120 survey
1816 1280 156 124 of
2044 1280 736 124 American
2852 1276 740 160 chemistry
3656 1284 76 144 …
3900 1272 720 168 including
4688 1288 536 152 reports
5296 1276 364 128 from

880 1468 656 132 scientific
1600 1468 876 156 committees,
2540 1460 640 128 Division
3248 1464 152 124 of
3460 1460 732 164 chemistry
4256 1464 272 124 and
4592 1464 656 128 chemical
5304 1464 356 128 tech-

872 1660 548 164 nology,
1512 1656 656 124 National
2260 1652 612 128 research
2968 1648 528 128 council
3612 1668 80 136 …
3916 1692 120 84 v.
4140 1660 108 116 1.
4424 1648 344 144 July
4860 1660 112 152 1,
5068 1660 364 156 1925,
5516 1664 144 116 to

876 1848 344 164 July
1328 1856 108 148 1,
1548 1848 360 120 1926.
2100 1840 332 128 New
2544 1840 432 160 York,
3080 1836 756 128 Published
3948 1836 228 124 for
4280 1836 660 128 National
5048 1840 608 128 research

876 2032 528 128 council
1468 2028 180 164 by
1716 2028 228 124 the
2016 2024 696 132 Chemical
2776 2020 544 168 catalog
3384 2064 712 124 company,
4168 2020 260 132 inc.
4512 2020 420 160 [ͨ1927
4928 2068 40 96 ]

1040 2228 204 96 257
1316 2252 104 92 p.
1564 2228 128 92 21
1708 2232 608 104 ½ͨͫ
1896 2300 16 20 .

876 2364 536 96 Editors:
1488 2360 516 116 1925/26,
2076 2360 172 96 W.
2320 2360 100 96 J.
2492 2356 308 96 Hale
2864 2360 228 92 and
3168 2352 116 100 C.
3360 2356 104 96 J.
3536 2356 352 96 West.

884 2492 124 120 ©
1072 2500 264 100 Feb.
1396 2500 96 112 8,
1556 2496 336 112 1927;
1956 2500 168 96 2c.
2180 2496 232 92 and
2468 2492 200 100 aff.
2732 2492 268 96 Feb.
3056 2492 200 112 24;
3324 2492 104 92 A
3488 2492 476 112 963709;
4032 2488 556 100 National
4656 2492 556 116 academy
5272 2492 124 104 of
5456 2496 208 100 sci-

1044 2660 368 92 ences,
1480 2632 804 116 Washington.
2456 2628 604 116 (27-4512)
5180 2624 284 108 1588

888 2828 108 128 O
1008 2824 280 128 hio.
1464 2828 444 156 Laws,
2000 2836 612 144 statutes,
2708 2836 236 112 etc.

1116 3016 84 144 …
1284 3012 484 168 Page's
1852 3008 360 132 Ohio
2292 3008 328 128 code
2692 3008 548 160 service,
3320 3004 1112 172 supplementing
4516 3008 268 128 and
4868 3008 808 168 continuing

888 3200 480 168 Page's
1440 3200 740 124 annotated
2252 3192 364 132 Ohio
2684 3196 552 164 general
3308 3196 324 124 code
3700 3192 156 128 of
3928 3192 836 128 1926—This
4832 3192 356 132 issue
5260 3240 412 84 anno-

884 3400 348 116 tates
1308 3384 236 128 the
1624 3384 552 164 general
2260 3384 328 124 code
2672 3380 364 124 from
3132 3376 372 168 Sept.
3600 3392 112 152 1,
3804 3388 364 152 1925,
4252 3392 140 116 to
4480 3380 320 132 Feb.
4900 3392 112 156 1,
5104 3384 324 128 1927
5508 3396 80 136 …

900 3616 256 120 [no.
1232 3584 64 112 1
1312 3652 28 80 ]
1500 3572 704 160 Prepared
2264 3568 180 164 by
2512 3572 224 120 the
2804 3568 636 124 editorial
3504 3568 324 128 staff
3892 3564 156 132 of
4112 3568 228 128 the
4404 3564 772 168 publishers
5240 3572 436 128 under

888 3764 228 124 the
1208 3756 860 168 supervision
2152 3752 160 128 of
2400 3756 372 124 Reed
2864 3756 224 120 Me
3096 3768 60 108 t
3164 3800 64 76 z
3240 3756 44 120 l
3296 3800 140 80 er
3520 3768 76 136 …
3868 3752 840 164 Cincinnati,
4796 3756 292 128 The
5176 3756 216 132 W.
5488 3756 184 132 H.

884 3948 728 124 Anderson
1692 3984 712 120 company,
2492 3940 356 128 1927.

1056 4144 128 96 61
1256 4168 136 92 p.,
1460 4144 56 92 1
1588 4144 36 92 l
1636 4216 56 36 .,
1760 4140 64 96 9
1888 4164 104 92 p.
2128 4136 684 116 26½ͨͫ.

896 4268 124 124 ©
1084 4284 296 96 Mar.
1440 4280 96 112 2,
1604 4276 340 112 1927;
2008 4276 160 96 2c.
2236 4276 232 92 and
2528 4300 60 68 a
2604 4272 40 96 f
2644 4272 84 100 f.
2792 4276 292 96 Mar.
3148 4276 128 108 4;
3348 4272 96 96 A
3508 4276 480 112 967479;
4060 4276 172 96 W.
4300 4276 144 96 H.
4512 4276 604 96 Anderson
5184 4300 164 76 co.

5128 4392 304 128 1589

896 4452 400 148 Pace,
1364 4452 316 148 Roy
1740 4452 668 148 Bennett,
2476 4452 124 124 d.
2680 4456 364 152 1918,
3112 4452 200 124 ed.

1068 4640 696 164 Readings
1844 4640 140 120 in
2064 4636 736 124 American
2876 4636 752 124 literature.
3796 4636 332 124 New
4208 4636 200 124 ed.
4496 4636 716 168 including
5288 4644 392 124 selec-

908 4828 356 124 tions
1332 4824 364 128 from
1760 4836 452 116 recent
2276 4820 600 128 authors.
3032 4820 532 128 Chosen
3632 4824 268 124 and
3964 4820 456 128 edited
4480 4828 180 160 by
4724 4828 304 164 Roy
5096 4824 588 128 Bennett

904 5020 352 120 Pace
1352 5020 80 136 …
1660 5012 560 156 Boston,
2300 5012 128 124 N
2440 5044 64 88 e
2516 5056 116 76 w
2716 5008 392 124 York
3200 5020 324 124 [etc.]
3624 5008 184 124 Al
3816 5008 48 124 l
3868 5056 188 120 yn
4132 5012 272 124 and
4488 5016 464 124 Bacon
5044 5008 452 148 [ͨ1926]

1060 5224 76 80 x
1144 5212 116 116 ii,
1332 5216 64 92 4
1404 5212 60 96 5
1476 5216 60 92 1
1608 5236 100 92 p.
1860 5212 612 108 19ͨͫ.

1068 5348 696 112 "Prefatory
1824 5352 268 88 note
2156 5348 116 92 to
2336 5344 196 96 the
2596 5344 452 96 revised
3108 5340 512 100 edition"
3688 5344 464 112 signed:
4224 5344 132 100 A.
4420 5348 132 96 B.
4616 5348 140 100 de
4820 5344 352 100 Mille.

904 5476 124 124 ©
1104 5488 292 112 Aug.
1468 5488 96 108 4,
1644 5480 204 96 192
1860 5480 60 96 6
1964 5508 20 84 ;
2064 5484 164 92 2c.
2308 5484 232 92 and
2620 5480 196 96 aff.
2896 5480 292 96 Mar.
3268 5480 96 112 2,
3444 5480 336 108 1927;
3868 5480 96 92 A
4044 5480 64 96 9
4116 5480 60 96 6
4184 5480 204 96 744
4396 5480 64 96 6
4500 5504 20 88 ;
4612 5480 436 96 Bertha
5132 5484 132 96 A.
5344 5484 332 116 Pace,

1064 5624 320 96 Falls
1468 5616 500 116 Church,
2056 5616 204 100 Va.
2428 5616 400 116 (27-45
2840 5616 60 96 0
2908 5616 124 112 2)
5200 5616 284 100 1590

900 5812 412 148 Peck,
1388 5812 464 124 Annie
1928 5808 516 132 Smith.

1068 5996 772 132 Industrial
1956 5996 268 124 and
2336 5996 860 124 commercial
3320 5992 436 132 South
3872 5992 688 168 America,
4672 5996 184 168 by
4972 5996 460 132 Annie
5552 5996 136 132 S.

908 6180 364 132 Peck
1344 6192 84 132 …
1676 6180 332 128 New
2100 6180 272 128 and
2460 6224 140 84 re
2608 6224 84 84 v
2704 6284 24 24 .
2824 6180 200 128 ed.
3196 6180 332 128 New
3616 6180 432 164 York,
4140 6180 600 132 Thomas
4832 6180 168 132 Y.
5104 6180 588 136 Crowell

896 6408 676 124 company
1664 6364 404 144 [ͨ1927
2068 6404 40 96 ]

1068 6572 76 76 x
1152 6560 196 116 vii,
1404 6556 208 100 489
1676 6588 104 88 p.
1920 6556 396 120 front.,
2380 6584 368 92 maps.
2888 6560 68 96 2
2960 6560 648 108 0½ͨͫ.

1076 6692 872 100 "Publications
2060 6696 124 96 of
2296 6696 344 100 value
2756 6700 116 92 to
2984 6720 484 92 persons
3584 6696 640 100 interested
4344 6696 120 96 in
4588 6696 372 100 South
5072 6696 620 100 American

912 6832 468 96 trade":
1444 6856 104 92 p.
1608 6828 520 100 459–468.

912 6956 124 124 ©
1100 6968 264 96 Feb.
1420 6964 168 120 25,
1648 6968 336 112 1927;
2052 6972 160 92 2c.
2272 6968 232 96 and
2564 6964 128 100 af
2680 6964 52 96 f
2740 7044 24 24 .
2824 6972 292 96 Mar.
3176 6972 120 92 2;
3372 6968 96 92 A
3528 6968 60 92 9
3600 6964 60 100 6
3668 6972 60 92 3
3740 6964 64 96 8
3808 6972 60 88 4
3880 6964 60 96 6
3984 6992 20 92 ;
4072 6964 508 100 Thomas
4644 6972 124 96 Y.
4832 6968 492 100 Crowell
5388 6996 164 72 co.

1096 7104 600 116 (27-4525)
5204 7100 284 104 1591

916 7292 404 152 Peck,
1404 7292 372 128 Lora
1852 7292 164 128 B.

1088 7476 516 132 Stories
1684 7492 284 112 east
2044 7484 268 120 and
2396 7496 392 144 west;
2876 7528 72 76 a
3032 7484 1120 160 supplementary
4232 7484 516 160 reader,
4828 7484 180 164 by
5084 7484 360 124 Lora
5532 7488 156 120 B.

932 7664 416 160 Peck;
1476 7664 332 128 with
1932 7668 908 124 illustrations
2960 7668 180 164 by
3260 7668 492 124 Rhoda
3872 7668 472 128 Chase.
4552 7672 560 160 Boston,
5228 7668 464 164 Little,

932 7856 532 156 Brown,
1536 7852 268 124 and
1872 7896 712 124 company,
2660 7852 356 132 1927.

1084 8048 124 96 xi
1212 8048 36 96 i
1264 8124 20 40 ,
1348 8048 208 96 218
1620 8076 104 88 p.
1792 8048 188 96 inc
1984 8052 36 92 l
2032 8128 24 20 .
2124 8048 344 112 illus.,
2540 8056 412 112 plates.
3092 8052 212 96 col.
3368 8048 360 100 front.
3876 8056 56 88 1
3944 8052 544 104 9ͨͫ
4128 8128 24 20 .

928 8140 112 120 ©
1116 8184 288 96 Mar.
1476 8188 88 112 7,
1632 8184 336 112 1927;
2040 8184 160 96 2c.
2272 8188 228 92 and
2564 8184 200 100 aff.
2836 8188 292 92 Mar.
3192 8184 124 116 9;
3392 8184 96 96 A
3552 8188 68 92 9
3628 8188 64 92 6
3696 8188 60 92 7
3768 8188 60 88 5
3836 8188 196 112 31;
4108 8188 392 116 Little,
4572 8188 460 116 Brown,
5104 8192 228 92 and
5400 8216 56 72 c
5464 8216 64 72 o
5536 8216 152 64 m-

1080 8348 340 88 pany.
1588 8320 600 116 (27-4667)
5204 8320 288 100 1592

920 8508 588 152 Perdue,
1584 8508 612 128 Hannah
2276 8508 396 152 Avis,
2756 8520 316 116 1858
3080 8592 84 12 –

1092 8696 356 124 How
1540 8696 392 124 other
2016 8696 616 124 children
2720 8696 312 164 live,
3116 8700 180 164 by
3380 8700 184 124 H.
3660 8696 344 132 Avis
4096 8700 536 128 Perdue
4732 8716 84 136 …
5052 8700 644 168 Chicago,

932 8880 320 124 New
1324 8880 432 160 York,
1824 8880 440 160 Rand,
2332 8880 652 164 McNally
3052 8888 112 120 &
3224 8928 668 120 company
3984 8880 168 144 [ͨ
4076 8884 320 128 1927
4380 8884 48 100 ]

1088 9076 208 96 216
1368 9100 100 92 p.
1612 9076 392 116 front.,
2080 9076 312 100 illus.
2536 9080 680 104 19½ͨͫ.

1096 9212 164 92 "A
1320 9208 492 116 reading
1872 9208 336 100 list":
2280 9240 104 88 p.
2448 9216 208 96 213
2660 9268 72 12 –
2732 9216 240 96 214.

936 9296 116 120 ©
1116 9348 92 88 F
1208 9352 60 80 e
1280 9348 100 96 b.
1440 9348 160 108 18,
1664 9348 336 112 1927;
2064 9352 160 96 2c.
2288 9348 264 100 Feb.
2612 9352 200 112 25;
2876 9348 196 100 aff.
3136 9348 264 100 Feb.
3460 9352 196 108 24;
3728 9352 88 92 A
3880 9348 480 120 963723;
4428 9352 96 96 R
4536 9376 52 72 a
4612 9380 68 68 n
4696 9352 64 96 d
4776 9432 20 36 ,
4864 9352 532 116 McNally
5460 9380 56 72 a
5536 9356 148 92 nd

1088 9504 160 72 co.
1416 9480 600 120 (27-4666)
5208 9484 284 100 1593

3212 9620 244 116 246
