5968 10284
1032 860 428 124 Bible.
1636 860 136 124 N
1780 960 24 24 .
1892 864 148 120 T.
2204 860 908 160 Apocryphal
3188 860 440 124 books.
3792 856 592 164 English
4392 936 168 12 —
4568 856 776 128 Continued

1020 1052 52 112 t
1080 1044 352 128 uries
1512 1060 136 112 to
1728 1044 396 132 Jesus
2204 1044 476 132 Christ
2756 1044 268 128 and
3100 1044 268 128 His
3440 1044 592 164 apostles
4108 1044 272 128 and
4456 1044 360 128 their
4888 1044 884 164 companions

1020 1248 236 108 not
1340 1232 688 160 included,
2108 1232 180 164 by
2376 1232 172 124 its
2640 1232 764 160 compilers,
3488 1232 148 124 in
3716 1232 232 124 the
4036 1228 796 128 authorized
4924 1228 328 128 New
5344 1232 424 124 Testa.

1020 1432 432 148 ment;
1532 1420 316 160 and,
1916 1420 232 124 the
2220 1420 604 164 recently
2892 1416 788 124 discovered
3764 1416 484 164 Syriac
4320 1460 304 80 mss.
4700 1416 152 124 of
4928 1416 564 124 Pilate's
5564 1416 240 124 let-

1020 1620 268 112 ters
1384 1620 140 112 to
1620 1604 676 160 Tiberius,
2388 1616 240 112 etc.
2812 1604 820 124 Translated
3732 1600 364 128 from
4188 1604 232 124 the
4512 1600 584 168 original
5200 1616 612 148 tongues,

1020 1796 44 124 i
1076 1796 100 124 ll
1184 1840 152 80 us
1348 1804 56 116 t
1412 1792 392 128 rated
1872 1788 368 128 from
2308 1788 472 128 ancien
2792 1804 56 112 t
2920 1788 704 168 paintings
3696 1792 272 124 and
4036 1788 412 128 missa
4460 1788 44 124 l
4512 1832 60 80 s
4664 1796 76 144 …
4980 1788 332 124 New
5380 1788 412 128 York,

1020 1980 468 164 Alpha
1564 1980 456 160 house,
2100 1980 252 124 inc.
2480 1980 152 148 [^
2540 1984 320 120 1926
2876 2056 24 80 ]

1188 2188 60 92 7
1312 2212 104 88 p.
1480 2184 36 92 l
1536 2256 52 40 .,
1648 2180 136 96 17
1788 2232 72 12 –
1860 2176 208 100 293
2128 2204 104 88 p.
2360 2180 396 108 front.,
2824 2180 60 92 1
2948 2180 340 108 illus.,
3360 2176 412 116 plates.
3912 2176 756 112 23½ͨͫ.

1188 2320 520 96 William
1820 2312 432 96 Hone's
2360 2312 608 96 collection
3096 2312 36 116 (
3156 2312 68 92 fi
3240 2320 172 88 rst
3516 2308 612 120 published
4236 2308 204 96 182
4448 2308 68 96 0
4524 2384 20 40 ,
4656 2312 368 96 under
5136 2312 320 96 title:
5568 2316 244 92 The

1024 2456 708 116 apocryphal
1792 2452 284 96 New
2136 2448 740 112 Testament)
2960 2448 284 92 with
3308 2448 200 96 the
3568 2444 532 96 addition
4164 2444 124 96 of
4352 2444 528 96 "Letters
4940 2444 124 100 of
5128 2448 388 100 Herod
5580 2452 228 96 and

1028 2588 444 100 Pilate"
1552 2588 228 96 and
1872 2588 308 92 "The
2252 2588 236 92 lost
2564 2588 392 112 gospel
3036 2608 56 72 a
3116 2612 120 68 cc
3248 2608 60 72 o
3320 2580 260 100 rdin
3588 2608 72 88 g
3740 2588 112 92 to
3936 2580 412 100 Peter"
4456 2584 160 112 (p.
4692 2580 548 116 269-286)

1196 2728 160 96 "A
1440 2724 208 100 list
1732 2728 128 92 of
1944 2724 160 96 all
2188 2724 196 96 the
2476 2720 712 116 apocryphal
3276 2716 380 120 pieces
3744 2724 204 92 not
4032 2744 260 72 now
4380 2724 444 112 extant,
4916 2720 652 96 mentioned
5672 2724 140 112 by

1024 2864 464 96 writers
1576 2860 128 96 in
1788 2860 200 96 the
2076 2860 260 96 first
2420 2860 276 92 four
2792 2852 588 100 centuries
3472 2852 124 100 of
3684 2852 432 116 Christ,
4212 2852 288 100 with
4596 2856 196 96 the
4880 2860 456 96 several
5428 2860 388 96 works

1028 2996 508 96 wherein
1616 3000 280 108 they
1972 3020 200 72 are
2248 2992 304 100 cited
2636 3020 128 68 or
2844 2988 564 100 noticed."
3560 3036 28 72 [
3596 2992 176 112 By
3852 2992 196 92 the
4128 2992 276 96 Rev.
4488 2992 596 92 Jeremiah
5164 2996 64 96 J
5240 3016 68 68 o
5316 3020 308 88 nes]:
5708 3020 96 88 p.

1020 3132 524 104 287–290.

1196 3272 164 96 "A
1448 3272 28 96 l
1496 3268 160 100 ist
1740 3268 124 100 of
1956 3268 196 96 the
2236 3260 608 104 Christian
2932 3264 496 92 authors
3512 3264 124 92 of
3728 3260 196 96 the
4008 3264 40 92 f
4048 3260 224 96 irst
4352 3260 272 96 four
4716 3264 620 116 centuries,
5432 3268 384 96 whose

1028 3408 528 112 writings
1632 3404 476 100 contain
2180 3404 672 112 catalogues
2936 3396 120 96 of
3140 3396 192 96 the
3404 3396 360 96 books
3840 3396 124 96 of
4040 3396 200 96 the
4320 3396 280 96 New
4672 3400 780 100 Testament."
5604 3448 28 72 [
5640 3404 96 92 B
5744 3432 68 88 y

1028 3548 196 92 the
1292 3544 276 96 Rev.
1636 3540 600 96 Jeremiah
2304 3540 460 112 Jones]:
2840 3560 104 92 p.
3008 3532 520 100 291–293.

1040 3656 120 120 ©
1236 3680 280 112 Aug.
1588 3676 92 104 1,
1752 3676 204 92 192
1964 3672 68 88 6
2068 3696 20 80 ;
2160 3672 164 96 2c.
2396 3672 240 96 Oct.
2708 3672 60 92 2
2780 3672 72 88 3
2888 3696 20 84 ;
2984 3668 196 96 aff.
3252 3672 276 108 May
3596 3668 164 112 14,
3836 3668 332 108 1927;
4252 3668 92 92 A
4416 3668 72 88 9
4488 3672 200 92 577
4700 3672 60 84 9
4768 3672 124 108 0;
4976 3672 364 116 Alpha
5428 3672 140 96 ho
5580 3704 60 64 u
5664 3704 148 84 se,

1200 3816 116 88 in
1320 3820 60 76 c
1396 3892 20 20 .
1572 3804 156 124 [©
1804 3808 832 112 introduction,
2704 3808 148 112 by
2928 3804 392 96 Prank
3396 3804 376 96 Crane
3984 3800 528 120 (27-926)
5332 3804 284 104 7130

1032 4036 604 152 Bolitho,
1712 4036 572 148 Hector,
2364 4040 316 116 1898
2688 4112 80 12 –

1204 4224 548 132 Solemn
1816 4224 308 160 boy,
2184 4224 184 160 by
2428 4220 520 124 Hector
3012 4216 600 128 Bolitho.
3764 4220 620 160 London,
4452 4216 500 132 Chatto
5020 4228 108 120 &
5188 4224 624 164 Windus,

1036 4408 352 132 1927.

1208 4608 64 92 2
1324 4636 104 88 p.
1492 4608 36 92 l
1544 4684 52 36 .,
1656 4608 64 96 3
1732 4608 132 96 16
1924 4632 100 88 p.
2168 4600 752 112 19½ͨͫ
2500 4680 20 20 .

1040 4724 124 112 ©
1240 4732 156 108 1c.
1476 4748 292 92 Mar.
1844 4744 164 108 17,
2088 4740 328 96 1927;
2500 4740 100 92 A
2672 4740 148 92 ad
2892 4736 32 92 i
2944 4740 156 96 nt.
3176 4736 340 112 9148;
3600 4736 340 116 pubd.
4024 4740 260 96 Jan.
4360 4740 200 112 21;
4644 4744 140 96 H.
4868 4744 200 96 Bol
5092 4744 276 108 itho,
5452 4736 360 104 Buck-

1200 4876 828 112 inghamshire,
2112 4876 568 112 England.
2852 4872 668 116 (27-18547)
5332 4876 280 100 7131

1008 5100 544 152 [Bovis,
1624 5104 368 124 John
2064 5104 112 120 L
2864 5180 32 80 ]

1196 5284 1232 168 The-"it"-of-golf
2444 5312 36 108 ;
2612 5284 732 164 simplified
3464 5284 304 168 golf
3880 5288 1012 128 demonstrated
5012 5336 140 80 as
5264 5292 544 164 applied

1028 5476 796 124 mechanics.
2012 5472 836 160 Cincinnati,
2944 5472 116 132 O
3084 5572 68 64 .,
3248 5472 1256 168 The-"It"-of-golf
4600 5480 352 124 book
5044 5524 188 84 co.
5348 5480 456 160 [ͨ1927]

1196 5672 132 96 59
1376 5700 104 88 p.
1624 5672 684 108 18ͨͫ.

1200 5808 56 44 "
1268 5808 152 96 Co
1432 5808 476 116 pyright
2012 5812 76 104 …
2144 5808 308 96 John
2500 5808 120 96 L.
2676 5808 244 96 Bov
2932 5804 36 96 i
2976 5804 156 100 s."

1224 5948 288 112 Aug.
1572 5948 60 88 2
1636 5952 56 88 6
1720 6020 20 36 ,
1800 5944 276 92 1927
2120 5972 20 64 ;
2204 5948 160 92 2c.
2428 5948 228 88 and
2720 5940 196 100 aff.
2980 5944 284 112 Aug.
3328 5940 196 112 29;
3588 5948 100 88 A
3752 5944 476 112 999637;
4300 5948 104 96 J.
4472 5948 120 96 L.
4660 5948 168 96 Bo
4836 5976 68 68 v
4912 5948 100 92 is
5012 5992 28 56 ,
5116 5948 692 100 Cincinnati.

1224 6080 672 120 (27-18534)
5328 6080 284 100 7132

1032 6308 536 148 Bower,
1648 6308 596 124 Marian.

1208 6492 284 124 The
1592 6492 480 160 quince
2168 6492 384 132 bush,
2648 6492 180 164 by
2928 6488 552 128 Marian
3584 6496 112 116 B
3712 6532 76 84 o
3800 6536 264 80 wer
4184 6496 92 136 …
4500 6496 616 160 London,
5216 6496 264 128 Mil
5488 6496 48 128 l
5544 6544 60 84 s
5700 6504 112 120 &

1032 6684 424 156 Boon,
1536 6680 532 124 limited
2164 6768 28 76 [
2212 6672 356 132 1927]

1196 6876 236 112 284,
1492 6924 24 68 [
1528 6876 56 92 1
1600 6924 24 68 ]
1680 6900 104 88 p.
1932 6876 64 92 2
2000 6876 684 116 0ͨͫ.

1044 6984 116 120 ©
1236 7016 44 88 1
1300 7008 92 100 c.
1464 7012 292 96 Mar.
1828 7012 164 104 19,
2060 7012 336 108 1927;
2472 7012 92 92 A
2640 7016 140 92 ad
2852 7008 120 96 in
2988 7012 40 92 t
3044 7088 16 20 .
3132 7008 336 112 9151;
3544 7036 76 88 p
3620 7020 72 84 u
3696 7008 184 100 bd.
3960 7012 260 96 Jan.
4288 7012 200 112 21;
4564 7020 148 92 M.
4784 7012 444 116 Bower,
5304 7020 500 96 London.

1224 7148 676 116 (27-18599)
5324 7148 284 100 7133

1032 7372 648 148 Brokaw,
1752 7372 592 128 Warren
2424 7368 540 128 Edwin.

1208 7556 728 164 Equitable
2024 7556 504 164 society
2620 7556 268 128 and
2980 7556 300 124 how
3372 7568 136 116 to
3600 7572 440 112 create
4128 7556 156 164 it,
4368 7556 180 164 by
4636 7560 576 128 Warren
5308 7568 496 124 Edwin

1040 7744 624 124 Brokaw.
1860 7744 328 120 New
2296 7740 436 160 York,
2836 7744 756 160 Vanguard
3704 7788 412 116 press,
4228 7748 288 124 The
4624 7748 604 164 Equitist
5336 7752 468 160 league

1052 7924 392 160 [1927]

1200 8124 152 108 ix,
1420 8120 240 112 365,
1740 8124 128 112 all
1944 8144 100 88 p.
2192 8116 640 112 18½ͨͫ.

1044 8224 120 108 ©
1240 8256 288 108 Aug.
1596 8256 168 104 23,
1836 8256 332 96 1927:
2248 8256 160 96 2c.
2480 8256 96 92 A
2584 8260 148 104 ug
2748 8332 16 20 .
2836 8256 196 112 27;
3120 8256 120 92 af
3228 8248 44 92 f
3288 8332 20 20 .
3380 8256 100 92 A
3484 8260 72 80 u
3572 8284 96 84 g.
3740 8260 60 92 2
3812 8248 68 92 6
3916 8284 20 88 ;
4020 8252 80 88 A
4184 8260 476 112 996898;
4744 8264 628 112 Vanguard
5452 8288 348 92 press,

1204 8392 120 92 in
1324 8396 60 76 c
1404 8468 16 20 .
1588 8388 672 116 (27-18515)
5324 8396 280 100 7134

1040 8576 488 148 Cades,
1604 8576 432 124 Hazel
2104 8580 652 128 Rawson.

1204 8764 316 160 Any
1632 8764 268 160 girl
2016 8808 236 80 can
2376 8768 156 124 be
2648 8768 1020 164 good-looking,
3780 8772 176 160 by
4072 8772 432 128 Hazel
4624 8780 124 120 R
4760 8820 72 80 a
4844 8820 364 80 wson
5328 8772 468 132 Cades.

1040 8948 320 124 New
1440 8948 432 156 York,
1932 8948 612 144 London,
2612 8952 168 124 D.
2852 8948 708 164 Appleton
3628 8956 264 124 and
3964 9000 712 120 company,
4752 8960 352 124 1927.

1196 9140 152 112 vi,
1428 9140 232 112 197,
1748 9156 28 80 [
1784 9128 84 96 1]
1960 9168 100 88 p.
2204 9144 308 96 illus.
2660 9132 680 112 19½ͨͫ.

1048 9260 120 112 ©
1244 9276 284 112 Aug.
1600 9276 60 88 2
1676 9276 64 88 6
1728 9316 36 56 ,
1844 9276 128 92 12
1980 9276 68 88 9
2056 9280 120 108 7;
2252 9280 120 92 2c
2396 9352 20 24 .
2492 9304 56 68 a
2564 9280 152 92 nd
2792 9280 128 92 af
2900 9280 88 96 f.
3068 9280 280 116 Aug.
3424 9284 196 112 29;
3700 9288 96 88 A
3868 9288 60 88 9
3940 9284 68 88 9
4008 9288 132 88 95
4152 9288 192 112 91;
4428 9288 136 96 D.
4636 9288 256 116 App
4896 9292 40 88 l
4940 9296 184 88 eto
5132 9316 72 68 n
5276 9292 88 92 &
5476 9320 88 64 co
5580 9368 16 20 .

1232 9408 668 124 (27-18443)
5312 9420 280 100 7135

3284 9544 324 128 1074
