<?xml version="1.0"?>
<alto xmlns="http://www.loc.gov/standards/alto/ns-v2#" xmlns:xlink="http://www.w3.org/1999/xlink" xmlns:xsi="http://www.w3.org/2001/XMLSchema-instance" xsi:schemaLocation="http://www.loc.gov/standards/alto/ns-v2# http://www.loc.gov/standards/alto/alto-v2.0.xsd">
	<Description>
		<MeasurementUnit>inch1200</MeasurementUnit>
		<sourceImageInformation>
			<fileIdentifier>catalogofcopyrig241libr_001-1920_Page_0349.jpgf</fileIdentifier>
		</sourceImageInformation>
		<OCRProcessing ID="OCR1">
			<ocrProcessingStep>
				<processingDateTime>2018-03-13T16:42:10</processingDateTime>
				<processingAgency>Data Conversion Laboratory</processingAgency>
				<processingSoftware>
					<softwareCreator>Prime</softwareCreator>
					<softwareName>Prime OCR</softwareName>
					<softwareVersion>4.40</softwareVersion>
				</processingSoftware>
			</ocrProcessingStep>
			<postProcessingStep>
				<processingDateTime>2018-03-21T10:24:24</processingDateTime>
				<processingAgency>Data Conversion Laboratory</processingAgency>
				<processingStepDescription>PRO -&gt; ALTO</processingStepDescription>
				<processingSoftware>
					<softwareCreator>Data Conversion Laboratory</softwareCreator>
					<softwareName>pro2alto.2018.02.27</softwareName>
					<softwareVersion>2.0</softwareVersion>
				</processingSoftware>
			</postProcessingStep>
		</OCRProcessing>
	</Description>
<Styles>
		<TextStyle ID="Style_1" FONTSIZE="9" FONTTYPE="serif" FONTWIDTH="proportional"/>
		<TextStyle ID="Style_2" FONTSIZE="10" FONTTYPE="serif" FONTWIDTH="proportional" FONTSTYLE="bold"/>
		<TextStyle ID="Style_3" FONTSIZE="11" FONTTYPE="serif" FONTWIDTH="proportional"/>
		<TextStyle ID="Style_4" FONTSIZE="10" FONTTYPE="serif" FONTWIDTH="proportional"/>
		<TextStyle ID="Style_5" FONTSIZE="8" FONTTYPE="serif" FONTWIDTH="proportional" FONTSTYLE="bold"/>
		<TextStyle ID="Style_6" FONTSIZE="8" FONTTYPE="serif" FONTWIDTH="proportional"/>
		<TextStyle ID="Style_7" FONTSIZE="9" FONTTYPE="serif" FONTWIDTH="proportional" FONTSTYLE="bold"/>
		<TextStyle ID="Style_8" FONTSIZE="7" FONTTYPE="serif" FONTWIDTH="proportional" FONTSTYLE="bold"/>
		<TextStyle ID="Style_9" FONTSIZE="8" FONTTYPE="serif" FONTWIDTH="fixed" FONTSTYLE="bold"/>
	</Styles>
	<Layout>
		<Page ID="Page_1" PHYSICAL_IMG_NR="1" HEIGHT="10300" WIDTH="5920">
			<PrintSpace ID="PS_1" HPOS="0" VPOS="0" HEIGHT="10300" WIDTH="5920">
				<TextBlock ID="TB_1.1" HPOS="72" VPOS="924" WIDTH="5112" HEIGHT="8964">
					<TextLine ID="TL_1.1.1" HPOS="184" VPOS="1004" HEIGHT="180" WIDTH="2276">
						<String CONTENT="[" ID="St_1.1.1.1" HPOS="184" VPOS="1104" HEIGHT="80" WIDTH="24" STYLEREFS="Style_1" WC="1" CC="0"/>
						<String CONTENT="New" ID="St_1.1.1.2" HPOS="220" VPOS="1020" HEIGHT="124" WIDTH="336" STYLEREFS="Style_2" WC="1" CC="000"/>
						<SP ID="SP_1.1.1.3" HPOS="496" VPOS="1040" WIDTH="96"/>
						<String CONTENT="York" ID="St_1.1.1.4" HPOS="632" VPOS="1008" HEIGHT="128" WIDTH="384" STYLEREFS="Style_2" WC="1" CC="0000"/>
						<SP ID="SP_1.1.1.5" HPOS="968" VPOS="1016" WIDTH="80"/>
						<String CONTENT="annotated" ID="St_1.1.1.6" HPOS="1088" VPOS="1004" HEIGHT="128" WIDTH="776" STYLEREFS="Style_2" WC="1" CC="000000000"/>
						<SP ID="SP_1.1.1.7" HPOS="1820" VPOS="1012" WIDTH="84"/>
						<String CONTENT="digest" ID="St_1.1.1.8" HPOS="1948" VPOS="1004" HEIGHT="148" WIDTH="468" STYLEREFS="Style_2" WC="1" CC="000000"/>
						<String CONTENT="]" ID="St_1.1.1.9" HPOS="2432" VPOS="1080" HEIGHT="80" WIDTH="28" STYLEREFS="Style_2" WC="1" CC="0"/>
					</TextLine>
					<TextLine ID="TL_1.1.2" HPOS="332" VPOS="1184" HEIGHT="168" WIDTH="4588">
						<String CONTENT="Notes" ID="St_1.1.2.1" HPOS="332" VPOS="1204" HEIGHT="124" WIDTH="408" STYLEREFS="Style_2" WC="1" CC="00000"/>
						<SP ID="SP_1.1.2.2" HPOS="708" VPOS="1228" WIDTH="64"/>
						<String CONTENT="on" ID="St_1.1.2.3" HPOS="808" VPOS="1244" HEIGHT="80" WIDTH="176" STYLEREFS="Style_2" WC="1" CC="00"/>
						<SP ID="SP_1.1.2.4" HPOS="932" VPOS="1224" WIDTH="80"/>
						<String CONTENT="New" ID="St_1.1.2.5" HPOS="1048" VPOS="1196" HEIGHT="124" WIDTH="332" STYLEREFS="Style_2" WC="1" CC="000"/>
						<SP ID="SP_1.1.2.6" HPOS="1320" VPOS="1224" WIDTH="92"/>
						<String CONTENT="York" ID="St_1.1.2.7" HPOS="1440" VPOS="1192" HEIGHT="124" WIDTH="400" STYLEREFS="Style_2" WC="1" CC="0000"/>
						<SP ID="SP_1.1.2.8" HPOS="1792" VPOS="1200" WIDTH="80"/>
						<String CONTENT="court" ID="St_1.1.2.9" HPOS="1908" VPOS="1200" HEIGHT="116" WIDTH="384" STYLEREFS="Style_2" WC="1" CC="00000"/>
						<SP ID="SP_1.1.2.10" HPOS="2260" VPOS="1204" WIDTH="64"/>
						<String CONTENT="of" ID="St_1.1.2.11" HPOS="2360" VPOS="1188" HEIGHT="128" WIDTH="152" STYLEREFS="Style_2" WC="1" CC="00"/>
						<SP ID="SP_1.1.2.12" HPOS="2476" VPOS="1196" WIDTH="68"/>
						<String CONTENT="appeals" ID="St_1.1.2.13" HPOS="2580" VPOS="1188" HEIGHT="164" WIDTH="564" STYLEREFS="Style_2" WC="1" CC="0000000"/>
						<SP ID="SP_1.1.2.14" HPOS="3112" VPOS="1220" WIDTH="64"/>
						<String CONTENT="cases," ID="St_1.1.2.15" HPOS="3212" VPOS="1232" HEIGHT="112" WIDTH="404" STYLEREFS="Style_2" WC="1" CC="000000"/>
						<SP ID="SP_1.1.2.16" HPOS="3600" VPOS="1244" WIDTH="48"/>
						<String CONTENT="a" ID="St_1.1.2.17" HPOS="3684" VPOS="1232" HEIGHT="76" WIDTH="72" STYLEREFS="Style_2" WC="1" CC="0"/>
						<SP ID="SP_1.1.2.18" HPOS="3716" VPOS="1220" WIDTH="72"/>
						<String CONTENT="complete" ID="St_1.1.2.19" HPOS="3828" VPOS="1184" HEIGHT="160" WIDTH="664" STYLEREFS="Style_2" WC="1" CC="00000000"/>
						<SP ID="SP_1.1.2.20" HPOS="4452" VPOS="1220" WIDTH="72"/>
						<String CONTENT="judi-" ID="St_1.1.2.21" HPOS="4564" VPOS="1184" HEIGHT="164" WIDTH="356" STYLEREFS="Style_2" WC="1" CC="00000"/>
					</TextLine>
					<TextLine ID="TL_1.1.3" HPOS="168" VPOS="1368" HEIGHT="176" WIDTH="4752">
						<String CONTENT="cial" ID="St_1.1.3.1" HPOS="168" VPOS="1392" HEIGHT="128" WIDTH="252" STYLEREFS="Style_2" WC="1" CC="0000"/>
						<SP ID="SP_1.1.3.2" HPOS="396" VPOS="1392" WIDTH="60"/>
						<String CONTENT="interpretation" ID="St_1.1.3.3" HPOS="492" VPOS="1380" HEIGHT="164" WIDTH="1048" STYLEREFS="Style_2" WC="1" CC="00000000000000"/>
						<SP ID="SP_1.1.3.4" HPOS="1492" VPOS="1408" WIDTH="84"/>
						<String CONTENT="and" ID="St_1.1.3.5" HPOS="1616" VPOS="1376" HEIGHT="128" WIDTH="268" STYLEREFS="Style_2" WC="1" CC="000"/>
						<SP ID="SP_1.1.3.6" HPOS="1836" VPOS="1384" WIDTH="84"/>
						<String CONTENT="history" ID="St_1.1.3.7" HPOS="1956" VPOS="1376" HEIGHT="160" WIDTH="528" STYLEREFS="Style_2" WC="1" CC="0000000"/>
						<SP ID="SP_1.1.3.8" HPOS="2440" VPOS="1404" WIDTH="76"/>
						<String CONTENT="of" ID="St_1.1.3.9" HPOS="2556" VPOS="1372" HEIGHT="128" WIDTH="156" STYLEREFS="Style_2" WC="1" CC="00"/>
						<SP ID="SP_1.1.3.10" HPOS="2676" VPOS="1380" WIDTH="68"/>
						<String CONTENT="every" ID="St_1.1.3.11" HPOS="2784" VPOS="1392" HEIGHT="144" WIDTH="400" STYLEREFS="Style_2" WC="1" CC="00000"/>
						<SP ID="SP_1.1.3.12" HPOS="3136" VPOS="1404" WIDTH="80"/>
						<String CONTENT="court" ID="St_1.1.3.13" HPOS="3256" VPOS="1380" HEIGHT="120" WIDTH="384" STYLEREFS="Style_2" WC="1" CC="00000"/>
						<SP ID="SP_1.1.3.14" HPOS="3608" VPOS="1384" WIDTH="68"/>
						<String CONTENT="of" ID="St_1.1.3.15" HPOS="3712" VPOS="1368" HEIGHT="128" WIDTH="156" STYLEREFS="Style_2" WC="1" CC="00"/>
						<SP ID="SP_1.1.3.16" HPOS="3832" VPOS="1380" WIDTH="68"/>
						<String CONTENT="appeals" ID="St_1.1.3.17" HPOS="3940" VPOS="1372" HEIGHT="160" WIDTH="564" STYLEREFS="Style_2" WC="1" CC="0000000"/>
						<SP ID="SP_1.1.3.18" HPOS="4472" VPOS="1404" WIDTH="68"/>
						<String CONTENT="deci-" ID="St_1.1.3.19" HPOS="4576" VPOS="1368" HEIGHT="128" WIDTH="344" STYLEREFS="Style_2" WC="1" CC="00000"/>
					</TextLine>
					<TextLine ID="TL_1.1.4" HPOS="172" VPOS="1556" HEIGHT="176" WIDTH="4756">
						<String CONTENT="sion," ID="St_1.1.4.1" HPOS="172" VPOS="1576" HEIGHT="156" WIDTH="328" STYLEREFS="Style_2" WC="1" CC="00000"/>
						<SP ID="SP_1.1.4.2" HPOS="484" VPOS="1620" WIDTH="56"/>
						<String CONTENT="ed." ID="St_1.1.4.3" HPOS="588" VPOS="1572" HEIGHT="124" WIDTH="196" STYLEREFS="Style_2" WC="1" CC="000"/>
						<SP ID="SP_1.1.4.4" HPOS="768" VPOS="1620" WIDTH="64"/>
						<String CONTENT="by" ID="St_1.1.4.5" HPOS="880" VPOS="1568" HEIGHT="160" WIDTH="180" STYLEREFS="Style_2" WC="1" CC="00"/>
						<SP ID="SP_1.1.4.6" HPOS="1016" VPOS="1592" WIDTH="88"/>
						<String CONTENT="Victor" ID="St_1.1.4.7" HPOS="1148" VPOS="1564" HEIGHT="132" WIDTH="484" STYLEREFS="Style_2" WC="1" CC="000000"/>
						<SP ID="SP_1.1.4.8" HPOS="1596" VPOS="1588" WIDTH="84"/>
						<String CONTENT="Eugene" ID="St_1.1.4.9" HPOS="1728" VPOS="1564" HEIGHT="164" WIDTH="560" STYLEREFS="Style_2" WC="1" CC="000000"/>
						<SP ID="SP_1.1.4.10" HPOS="2252" VPOS="1588" WIDTH="84"/>
						<String CONTENT="Rueh" ID="St_1.1.4.11" HPOS="2384" VPOS="1560" HEIGHT="128" WIDTH="388" STYLEREFS="Style_2" WC="1" CC="0000"/>
						<String CONTENT="l" ID="St_1.1.4.12" HPOS="2784" VPOS="1560" HEIGHT="120" WIDTH="44" STYLEREFS="Style_3" WC="0.982222222222222" CC="5"/>
						<String CONTENT="," ID="St_1.1.4.13" HPOS="2848" VPOS="1660" HEIGHT="60" WIDTH="24" STYLEREFS="Style_3" WC="0.982222222222222" CC="0"/>
						<SP ID="SP_1.1.4.14" HPOS="2856" VPOS="1616" WIDTH="60"/>
						<String CONTENT="under" ID="St_1.1.4.15" HPOS="2968" VPOS="1560" HEIGHT="124" WIDTH="432" STYLEREFS="Style_3" WC="0.985555555555556" CC="00000"/>
						<SP ID="SP_1.1.4.16" HPOS="3364" VPOS="1588" WIDTH="80"/>
						<String CONTENT="the" ID="St_1.1.4.17" HPOS="3496" VPOS="1556" HEIGHT="128" WIDTH="232" STYLEREFS="Style_3" WC="0.986666666666667" CC="000"/>
						<SP ID="SP_1.1.4.18" HPOS="3688" VPOS="1588" WIDTH="84"/>
						<String CONTENT="supervision" ID="St_1.1.4.19" HPOS="3820" VPOS="1556" HEIGHT="160" WIDTH="860" STYLEREFS="Style_3" WC="0.988888888888889" CC="00000000000"/>
						<SP ID="SP_1.1.4.20" HPOS="4628" VPOS="1588" WIDTH="96"/>
						<String CONTENT="of" ID="St_1.1.4.21" HPOS="4772" VPOS="1556" HEIGHT="128" WIDTH="156" STYLEREFS="Style_3" WC="0.99" CC="00"/>
					</TextLine>
					<TextLine ID="TL_1.1.5" HPOS="172" VPOS="1740" HEIGHT="172" WIDTH="4756">
						<String CONTENT="W" ID="St_1.1.5.1" HPOS="172" VPOS="1764" HEIGHT="128" WIDTH="164" STYLEREFS="Style_4" WC="0.777777777777778" CC="2"/>
						<String CONTENT="illiam" ID="St_1.1.5.2" HPOS="348" VPOS="1760" HEIGHT="124" WIDTH="432" STYLEREFS="Style_4" WC="0.967777777777778" CC="000000"/>
						<SP ID="SP_1.1.5.3" HPOS="708" VPOS="1788" WIDTH="112"/>
						<String CONTENT="Mack" ID="St_1.1.5.4" HPOS="864" VPOS="1752" HEIGHT="128" WIDTH="412" STYLEREFS="Style_4" WC="0.981111111111111" CC="0000"/>
						<SP ID="SP_1.1.5.5" HPOS="1224" VPOS="1764" WIDTH="100"/>
						<String CONTENT="&#133;" ID="St_1.1.5.6" HPOS="1348" VPOS="1768" HEIGHT="144" WIDTH="84" STYLEREFS="Style_4" WC="0.983333333333333" CC="0"/>
						<SP ID="SP_1.1.5.7" HPOS="1492" VPOS="1844" WIDTH="108"/>
						<String CONTENT="Supplement," ID="St_1.1.5.8" HPOS="1696" VPOS="1748" HEIGHT="160" WIDTH="940" STYLEREFS="Style_4" WC="0.991111111111111" CC="00000000000"/>
						<SP ID="SP_1.1.5.9" HPOS="2620" VPOS="1812" WIDTH="60"/>
						<String CONTENT="1925&#150;1926." ID="St_1.1.5.10" HPOS="2732" VPOS="1752" HEIGHT="160" WIDTH="796" STYLEREFS="Style_4" WC="0.984444444444444" CC="0000000030"/>
						<SP ID="SP_1.1.5.11" HPOS="3496" VPOS="1764" WIDTH="112"/>
						<String CONTENT="New" ID="St_1.1.5.12" HPOS="3688" VPOS="1744" HEIGHT="124" WIDTH="332" STYLEREFS="Style_4" WC="0.985555555555556" CC="000"/>
						<SP ID="SP_1.1.5.13" HPOS="3956" VPOS="1780" WIDTH="108"/>
						<String CONTENT="York," ID="St_1.1.5.14" HPOS="4116" VPOS="1740" HEIGHT="164" WIDTH="428" STYLEREFS="Style_4" WC="0.987777777777778" CC="00000"/>
						<SP ID="SP_1.1.5.15" HPOS="4528" VPOS="1808" WIDTH="60"/>
						<String CONTENT="The" ID="St_1.1.5.16" HPOS="4640" VPOS="1744" HEIGHT="128" WIDTH="288" STYLEREFS="Style_4" WC="0.988888888888889" CC="000"/>
					</TextLine>
					<TextLine ID="TL_1.1.6" HPOS="176" VPOS="1932" HEIGHT="164" WIDTH="4756">
						<String CONTENT="American" ID="St_1.1.6.1" HPOS="176" VPOS="1940" HEIGHT="132" WIDTH="712" STYLEREFS="Style_4" WC="1" CC="00000000"/>
						<SP ID="SP_1.1.6.2" HPOS="840" VPOS="1968" WIDTH="104"/>
						<String CONTENT="law" ID="St_1.1.6.3" HPOS="1000" VPOS="1940" HEIGHT="124" WIDTH="260" STYLEREFS="Style_4" WC="1" CC="000"/>
						<SP ID="SP_1.1.6.4" HPOS="1196" VPOS="1968" WIDTH="120"/>
						<String CONTENT="book" ID="St_1.1.6.5" HPOS="1368" VPOS="1932" HEIGHT="128" WIDTH="352" STYLEREFS="Style_4" WC="1" CC="0000"/>
						<SP ID="SP_1.1.6.6" HPOS="1672" VPOS="1944" WIDTH="100"/>
						<String CONTENT="company;" ID="St_1.1.6.7" HPOS="1828" VPOS="1976" HEIGHT="120" WIDTH="740" STYLEREFS="Style_4" WC="1" CC="00000000"/>
						<SP ID="SP_1.1.6.8" HPOS="2552" VPOS="1964" WIDTH="76"/>
						<String CONTENT="London," ID="St_1.1.6.9" HPOS="2688" VPOS="1932" HEIGHT="160" WIDTH="620" STYLEREFS="Style_4" WC="1" CC="0000000"/>
						<SP ID="SP_1.1.6.10" HPOS="3288" VPOS="1992" WIDTH="76"/>
						<String CONTENT="Butterworth" ID="St_1.1.6.11" HPOS="3420" VPOS="1932" HEIGHT="124" WIDTH="944" STYLEREFS="Style_4" WC="1" CC="00000000000"/>
						<SP ID="SP_1.1.6.12" HPOS="4312" VPOS="1940" WIDTH="104"/>
						<String CONTENT="&amp;" ID="St_1.1.6.13" HPOS="4472" VPOS="1932" HEIGHT="124" WIDTH="112" STYLEREFS="Style_4" WC="1" CC="0"/>
						<SP ID="SP_1.1.6.14" HPOS="4524" VPOS="1940" WIDTH="112"/>
						<String CONTENT="co.," ID="St_1.1.6.15" HPOS="4692" VPOS="1972" HEIGHT="120" WIDTH="240" STYLEREFS="Style_4" WC="0.991111111111111" CC="4000"/>
					</TextLine>
					<TextLine ID="TL_1.1.7" HPOS="184" VPOS="2128" HEIGHT="128" WIDTH="344">
						<String CONTENT="1927." ID="St_1.1.7.1" HPOS="184" VPOS="2128" HEIGHT="128" WIDTH="344" STYLEREFS="Style_4" WC="0.977777777777778" CC="10000"/>
					</TextLine>
					<TextLine ID="TL_1.1.8" HPOS="332" VPOS="2316" HEIGHT="124" WIDTH="1664">
						<String CONTENT="4" ID="St_1.1.8.1" HPOS="332" VPOS="2328" HEIGHT="92" WIDTH="60" STYLEREFS="Style_5" WC="1" CC="0"/>
						<SP ID="SP_1.1.8.2" HPOS="360" VPOS="2324" WIDTH="68"/>
						<String CONTENT="p." ID="St_1.1.8.3" HPOS="464" VPOS="2352" HEIGHT="88" WIDTH="100" STYLEREFS="Style_5" WC="1" CC="00"/>
						<SP ID="SP_1.1.8.4" HPOS="552" VPOS="2360" WIDTH="44"/>
						<String CONTENT="l" ID="St_1.1.8.5" HPOS="632" VPOS="2324" HEIGHT="92" WIDTH="40" STYLEREFS="Style_5" WC="1" CC="0"/>
						<String CONTENT=".," ID="St_1.1.8.6" HPOS="684" VPOS="2396" HEIGHT="40" WIDTH="52" STYLEREFS="Style_5" WC="1" CC="00"/>
						<SP ID="SP_1.1.8.7" HPOS="724" VPOS="2360" WIDTH="48"/>
						<String CONTENT="276" ID="St_1.1.8.8" HPOS="808" VPOS="2320" HEIGHT="96" WIDTH="204" STYLEREFS="Style_6" WC="0.962222222222222" CC="004"/>
						<SP ID="SP_1.1.8.9" HPOS="976" VPOS="2320" WIDTH="64"/>
						<String CONTENT="p." ID="St_1.1.8.10" HPOS="1076" VPOS="2344" HEIGHT="88" WIDTH="104" STYLEREFS="Style_6" WC="0.97" CC="00"/>
						<SP ID="SP_1.1.8.11" HPOS="1168" VPOS="2356" WIDTH="80"/>
						<String CONTENT="25&#x0368;&#x036B;." ID="St_1.1.8.12" HPOS="1316" VPOS="2316" HEIGHT="116" WIDTH="680" STYLEREFS="Style_6" WC="0.925555555555556" CC="33004"/>
					</TextLine>
					<TextLine ID="TL_1.1.9" HPOS="184" VPOS="2464" HEIGHT="140" WIDTH="4748">
						<String CONTENT="&#169;" ID="St_1.1.9.1" HPOS="184" VPOS="2464" HEIGHT="112" WIDTH="120" STYLEREFS="Style_6" WC="0.222222222222222" CC="7"/>
						<SP ID="SP_1.1.9.2" HPOS="244" VPOS="2472" WIDTH="92"/>
						<String CONTENT="Apr." ID="St_1.1.9.3" HPOS="364" VPOS="2492" HEIGHT="112" WIDTH="268" STYLEREFS="Style_6" WC="0.87" CC="0000"/>
						<SP ID="SP_1.1.9.4" HPOS="620" VPOS="2528" WIDTH="44"/>
						<String CONTENT="13," ID="St_1.1.9.5" HPOS="696" VPOS="2488" HEIGHT="116" WIDTH="164" STYLEREFS="Style_6" WC="0.922222222222222" CC="000"/>
						<SP ID="SP_1.1.9.6" HPOS="848" VPOS="2524" WIDTH="44"/>
						<String CONTENT="1927;" ID="St_1.1.9.7" HPOS="924" VPOS="2484" HEIGHT="112" WIDTH="340" STYLEREFS="Style_6" WC="0.951111111111111" CC="00000"/>
						<SP ID="SP_1.1.9.8" HPOS="1252" VPOS="2500" WIDTH="44"/>
						<String CONTENT="2c." ID="St_1.1.9.9" HPOS="1328" VPOS="2488" HEIGHT="92" WIDTH="164" STYLEREFS="Style_6" WC="0.961111111111111" CC="000"/>
						<SP ID="SP_1.1.9.10" HPOS="1480" VPOS="2524" WIDTH="44"/>
						<String CONTENT="and" ID="St_1.1.9.11" HPOS="1560" VPOS="2484" HEIGHT="96" WIDTH="228" STYLEREFS="Style_6" WC="0.966666666666667" CC="000"/>
						<SP ID="SP_1.1.9.12" HPOS="1752" VPOS="2484" WIDTH="68"/>
						<String CONTENT="aff." ID="St_1.1.9.13" HPOS="1852" VPOS="2484" HEIGHT="96" WIDTH="196" STYLEREFS="Style_6" WC="0.972222222222222" CC="0000"/>
						<SP ID="SP_1.1.9.14" HPOS="2036" VPOS="2524" WIDTH="44"/>
						<String CONTENT="Apr." ID="St_1.1.9.15" HPOS="2112" VPOS="2480" HEIGHT="116" WIDTH="272" STYLEREFS="Style_6" WC="0.976666666666667" CC="0000"/>
						<SP ID="SP_1.1.9.16" HPOS="2372" VPOS="2524" WIDTH="44"/>
						<String CONTENT="1" ID="St_1.1.9.17" HPOS="2448" VPOS="2484" HEIGHT="92" WIDTH="60" STYLEREFS="Style_6" WC="0.977777777777778" CC="0"/>
						<String CONTENT="6" ID="St_1.1.9.18" HPOS="2516" VPOS="2484" HEIGHT="88" WIDTH="60" STYLEREFS="Style_6" WC="0.978888888888889" CC="0"/>
						<String CONTENT=";" ID="St_1.1.9.19" HPOS="2628" VPOS="2508" HEIGHT="84" WIDTH="20" STYLEREFS="Style_6" WC="0.975555555555556" CC="1"/>
						<SP ID="SP_1.1.9.20" HPOS="2652" VPOS="2496" WIDTH="40"/>
						<String CONTENT="A" ID="St_1.1.9.21" HPOS="2720" VPOS="2484" HEIGHT="92" WIDTH="92" STYLEREFS="Style_6" WC="0.977777777777778" CC="0"/>
						<SP ID="SP_1.1.9.22" HPOS="2764" VPOS="2484" WIDTH="80"/>
						<String CONTENT="9" ID="St_1.1.9.23" HPOS="2880" VPOS="2484" HEIGHT="92" WIDTH="64" STYLEREFS="Style_6" WC="0.977777777777778" CC="0"/>
						<String CONTENT="6" ID="St_1.1.9.24" HPOS="2952" VPOS="2484" HEIGHT="92" WIDTH="60" STYLEREFS="Style_6" WC="0.968888888888889" CC="4"/>
						<String CONTENT="7" ID="St_1.1.9.25" HPOS="3024" VPOS="2484" HEIGHT="92" WIDTH="60" STYLEREFS="Style_6" WC="0.968888888888889" CC="0"/>
						<String CONTENT="90" ID="St_1.1.9.26" HPOS="3092" VPOS="2480" HEIGHT="96" WIDTH="136" STYLEREFS="Style_6" WC="0.97" CC="00"/>
						<String CONTENT="2;" ID="St_1.1.9.27" HPOS="3232" VPOS="2484" HEIGHT="108" WIDTH="124" STYLEREFS="Style_6" WC="0.972222222222222" CC="00"/>
						<SP ID="SP_1.1.9.28" HPOS="3344" VPOS="2492" WIDTH="48"/>
						<String CONTENT="American" ID="St_1.1.9.29" HPOS="3432" VPOS="2480" HEIGHT="96" WIDTH="616" STYLEREFS="Style_6" WC="0.975555555555556" CC="00000000"/>
						<SP ID="SP_1.1.9.30" HPOS="4008" VPOS="2496" WIDTH="72"/>
						<String CONTENT="law" ID="St_1.1.9.31" HPOS="4116" VPOS="2484" HEIGHT="92" WIDTH="224" STYLEREFS="Style_6" WC="0.977777777777778" CC="000"/>
						<SP ID="SP_1.1.9.32" HPOS="4288" VPOS="2496" WIDTH="88"/>
						<String CONTENT="b" ID="St_1.1.9.33" HPOS="4412" VPOS="2484" HEIGHT="88" WIDTH="60" STYLEREFS="Style_6" WC="0.977777777777778" CC="0"/>
						<String CONTENT="ook" ID="St_1.1.9.34" HPOS="4484" VPOS="2484" HEIGHT="92" WIDTH="220" STYLEREFS="Style_6" WC="0.968888888888889" CC="330"/>
						<SP ID="SP_1.1.9.35" HPOS="4660" VPOS="2484" WIDTH="72"/>
						<String CONTENT="co." ID="St_1.1.9.36" HPOS="4768" VPOS="2504" HEIGHT="76" WIDTH="164" STYLEREFS="Style_6" WC="0.971111111111111" CC="000"/>
					</TextLine>
					<TextLine ID="TL_1.1.10" HPOS="4428" VPOS="2612" HEIGHT="104" WIDTH="284">
						<String CONTENT="2271" ID="St_1.1.10.1" HPOS="4428" VPOS="2612" HEIGHT="104" WIDTH="284" STYLEREFS="Style_6" WC="1" CC="0000"/>
					</TextLine>
					<TextLine ID="TL_1.1.11" HPOS="176" VPOS="2744" HEIGHT="152" WIDTH="2036">
						<String CONTENT="Newcomb," ID="St_1.1.11.1" HPOS="176" VPOS="2748" HEIGHT="148" WIDTH="780" STYLEREFS="Style_6" WC="1" CC="00000000"/>
						<SP ID="SP_1.1.11.2" HPOS="940" VPOS="2804" WIDTH="60"/>
						<String CONTENT="Rexford," ID="St_1.1.11.3" HPOS="1040" VPOS="2744" HEIGHT="148" WIDTH="676" STYLEREFS="Style_6" WC="1" CC="00000000"/>
						<SP ID="SP_1.1.11.4" HPOS="1696" VPOS="2800" WIDTH="68"/>
						<String CONTENT="1886" ID="St_1.1.11.5" HPOS="1812" VPOS="2752" HEIGHT="116" WIDTH="320" STYLEREFS="Style_6" WC="1" CC="0000"/>
						<String CONTENT="&#150;" ID="St_1.1.11.6" HPOS="2136" VPOS="2824" HEIGHT="12" WIDTH="76" STYLEREFS="Style_6" WC="1" CC="0"/>
					</TextLine>
					<TextLine ID="TL_1.1.12" HPOS="344" VPOS="2928" HEIGHT="168" WIDTH="4588">
						<String CONTENT="The" ID="St_1.1.12.1" HPOS="344" VPOS="2940" HEIGHT="124" WIDTH="288" STYLEREFS="Style_6" WC="1" CC="000"/>
						<SP ID="SP_1.1.12.2" HPOS="596" VPOS="2964" WIDTH="72"/>
						<String CONTENT="Spanish" ID="St_1.1.12.3" HPOS="704" VPOS="2932" HEIGHT="164" WIDTH="596" STYLEREFS="Style_6" WC="1" CC="0000000"/>
						<SP ID="SP_1.1.12.4" HPOS="1252" VPOS="2940" WIDTH="80"/>
						<String CONTENT="house" ID="St_1.1.12.5" HPOS="1368" VPOS="2932" HEIGHT="124" WIDTH="416" STYLEREFS="Style_6" WC="0.973333333333333" CC="00040"/>
						<SP ID="SP_1.1.12.6" HPOS="1748" VPOS="2964" WIDTH="76"/>
						<String CONTENT="for" ID="St_1.1.12.7" HPOS="1860" VPOS="2928" HEIGHT="128" WIDTH="220" STYLEREFS="Style_6" WC="0.977777777777778" CC="000"/>
						<SP ID="SP_1.1.12.8" HPOS="2044" VPOS="2960" WIDTH="72"/>
						<String CONTENT="America," ID="St_1.1.12.9" HPOS="2152" VPOS="2928" HEIGHT="160" WIDTH="680" STYLEREFS="Style_6" WC="0.984444444444444" CC="00000000"/>
						<SP ID="SP_1.1.12.10" HPOS="2816" VPOS="2984" WIDTH="48"/>
						<String CONTENT="its" ID="St_1.1.12.11" HPOS="2900" VPOS="2932" HEIGHT="124" WIDTH="176" STYLEREFS="Style_6" WC="0.986666666666667" CC="000"/>
						<SP ID="SP_1.1.12.12" HPOS="3044" VPOS="2960" WIDTH="68"/>
						<String CONTENT="design," ID="St_1.1.12.13" HPOS="3152" VPOS="2932" HEIGHT="160" WIDTH="520" STYLEREFS="Style_6" WC="0.988888888888889" CC="0000000"/>
						<SP ID="SP_1.1.12.14" HPOS="3652" VPOS="2984" WIDTH="56"/>
						<String CONTENT="furnishing," ID="St_1.1.12.15" HPOS="3748" VPOS="2928" HEIGHT="168" WIDTH="840" STYLEREFS="Style_6" WC="0.991111111111111" CC="00000000000"/>
						<SP ID="SP_1.1.12.16" HPOS="4568" VPOS="2984" WIDTH="56"/>
						<String CONTENT="and" ID="St_1.1.12.17" HPOS="4664" VPOS="2932" HEIGHT="128" WIDTH="268" STYLEREFS="Style_6" WC="0.992222222222222" CC="000"/>
					</TextLine>
					<TextLine ID="TL_1.1.13" HPOS="184" VPOS="3112" HEIGHT="180" WIDTH="4748">
						<String CONTENT="garden," ID="St_1.1.13.1" HPOS="184" VPOS="3124" HEIGHT="168" WIDTH="548" STYLEREFS="Style_6" WC="1" CC="0000000"/>
						<SP ID="SP_1.1.13.2" HPOS="720" VPOS="3176" WIDTH="56"/>
						<String CONTENT="by" ID="St_1.1.13.3" HPOS="820" VPOS="3124" HEIGHT="160" WIDTH="184" STYLEREFS="Style_6" WC="1" CC="00"/>
						<SP ID="SP_1.1.13.4" HPOS="956" VPOS="3148" WIDTH="88"/>
						<String CONTENT="Rex" ID="St_1.1.13.5" HPOS="1084" VPOS="3120" HEIGHT="128" WIDTH="296" STYLEREFS="Style_6" WC="1" CC="000"/>
						<String CONTENT="f" ID="St_1.1.13.6" HPOS="1392" VPOS="3116" HEIGHT="124" WIDTH="68" STYLEREFS="Style_6" WC="1" CC="0"/>
						<String CONTENT="ord" ID="St_1.1.13.7" HPOS="1464" VPOS="3120" HEIGHT="124" WIDTH="248" STYLEREFS="Style_6" WC="1" CC="000"/>
						<SP ID="SP_1.1.13.8" HPOS="1668" VPOS="3124" WIDTH="88"/>
						<String CONTENT="Newcomb" ID="St_1.1.13.9" HPOS="1800" VPOS="3116" HEIGHT="128" WIDTH="720" STYLEREFS="Style_6" WC="1" CC="0000000"/>
						<SP ID="SP_1.1.13.10" HPOS="2480" VPOS="3120" WIDTH="96"/>
						<String CONTENT="&#133;" ID="St_1.1.13.11" HPOS="2592" VPOS="3128" HEIGHT="144" WIDTH="76" STYLEREFS="Style_6" WC="1" CC="0"/>
						<SP ID="SP_1.1.13.12" HPOS="2744" VPOS="3208" WIDTH="68"/>
						<String CONTENT="with" ID="St_1.1.13.13" HPOS="2868" VPOS="3112" HEIGHT="128" WIDTH="332" STYLEREFS="Style_6" WC="1" CC="0000"/>
						<SP ID="SP_1.1.13.14" HPOS="3152" VPOS="3120" WIDTH="92"/>
						<String CONTENT="a" ID="St_1.1.13.15" HPOS="3292" VPOS="3160" HEIGHT="80" WIDTH="72" STYLEREFS="Style_6" WC="1" CC="0"/>
						<SP ID="SP_1.1.13.16" HPOS="3324" VPOS="3144" WIDTH="88"/>
						<String CONTENT="frontisp" ID="St_1.1.13.17" HPOS="3460" VPOS="3112" HEIGHT="168" WIDTH="600" STYLEREFS="Style_6" WC="1" CC="00000000"/>
						<String CONTENT="i" ID="St_1.1.13.18" HPOS="4076" VPOS="3116" HEIGHT="124" WIDTH="40" STYLEREFS="Style_6" WC="1" CC="0"/>
						<String CONTENT="ece" ID="St_1.1.13.19" HPOS="4128" VPOS="3160" HEIGHT="84" WIDTH="216" STYLEREFS="Style_6" WC="1" CC="000"/>
						<SP ID="SP_1.1.13.20" HPOS="4308" VPOS="3144" WIDTH="76"/>
						<String CONTENT="in" ID="St_1.1.13.21" HPOS="4432" VPOS="3116" HEIGHT="128" WIDTH="144" STYLEREFS="Style_6" WC="1" CC="00"/>
						<SP ID="SP_1.1.13.22" HPOS="4528" VPOS="3144" WIDTH="96"/>
						<String CONTENT="co" ID="St_1.1.13.23" HPOS="4672" VPOS="3160" HEIGHT="84" WIDTH="148" STYLEREFS="Style_6" WC="1" CC="00"/>
						<String CONTENT="l" ID="St_1.1.13.24" HPOS="4832" VPOS="3120" HEIGHT="120" WIDTH="40" STYLEREFS="Style_6" WC="1" CC="0"/>
						<String CONTENT="-" ID="St_1.1.13.25" HPOS="4888" VPOS="3196" HEIGHT="16" WIDTH="44" STYLEREFS="Style_6" WC="1" CC="0"/>
					</TextLine>
					<TextLine ID="TL_1.1.14" HPOS="184" VPOS="3300" HEIGHT="168" WIDTH="4748">
						<String CONTENT="our" ID="St_1.1.14.1" HPOS="184" VPOS="3356" HEIGHT="80" WIDTH="244" STYLEREFS="Style_7" WC="1" CC="000"/>
						<SP ID="SP_1.1.14.2" HPOS="396" VPOS="3336" WIDTH="64"/>
						<String CONTENT="and" ID="St_1.1.14.3" HPOS="492" VPOS="3312" HEIGHT="124" WIDTH="264" STYLEREFS="Style_7" WC="1" CC="000"/>
						<SP ID="SP_1.1.14.4" HPOS="712" VPOS="3312" WIDTH="80"/>
						<String CONTENT="97" ID="St_1.1.14.5" HPOS="828" VPOS="3304" HEIGHT="132" WIDTH="156" STYLEREFS="Style_7" WC="1" CC="00"/>
						<SP ID="SP_1.1.14.6" HPOS="944" VPOS="3308" WIDTH="72"/>
						<String CONTENT="plates" ID="St_1.1.14.7" HPOS="1048" VPOS="3308" HEIGHT="160" WIDTH="436" STYLEREFS="Style_7" WC="1" CC="000000"/>
						<SP ID="SP_1.1.14.8" HPOS="1452" VPOS="3332" WIDTH="64"/>
						<String CONTENT="of" ID="St_1.1.14.9" HPOS="1548" VPOS="3304" HEIGHT="128" WIDTH="152" STYLEREFS="Style_7" WC="1" CC="00"/>
						<SP ID="SP_1.1.14.10" HPOS="1664" VPOS="3308" WIDTH="72"/>
						<String CONTENT="Spanish" ID="St_1.1.14.11" HPOS="1776" VPOS="3300" HEIGHT="168" WIDTH="596" STYLEREFS="Style_7" WC="1" CC="0000000"/>
						<SP ID="SP_1.1.14.12" HPOS="2324" VPOS="3308" WIDTH="84"/>
						<String CONTENT="houses" ID="St_1.1.14.13" HPOS="2444" VPOS="3304" HEIGHT="128" WIDTH="480" STYLEREFS="Style_7" WC="1" CC="000000"/>
						<SP ID="SP_1.1.14.14" HPOS="2892" VPOS="3328" WIDTH="64"/>
						<String CONTENT="and" ID="St_1.1.14.15" HPOS="2992" VPOS="3304" HEIGHT="128" WIDTH="268" STYLEREFS="Style_7" WC="1" CC="000"/>
						<SP ID="SP_1.1.14.16" HPOS="3216" VPOS="3308" WIDTH="80"/>
						<String CONTENT="their" ID="St_1.1.14.17" HPOS="3332" VPOS="3300" HEIGHT="128" WIDTH="360" STYLEREFS="Style_7" WC="1" CC="00000"/>
						<SP ID="SP_1.1.14.18" HPOS="3656" VPOS="3328" WIDTH="68"/>
						<String CONTENT="details." ID="St_1.1.14.19" HPOS="3760" VPOS="3304" HEIGHT="128" WIDTH="528" STYLEREFS="Style_7" WC="1" CC="00000000"/>
						<SP ID="SP_1.1.14.20" HPOS="4272" VPOS="3356" WIDTH="104"/>
						<String CONTENT="Phila-" ID="St_1.1.14.21" HPOS="4468" VPOS="3304" HEIGHT="128" WIDTH="464" STYLEREFS="Style_7" WC="1" CC="000000"/>
					</TextLine>
					<TextLine ID="TL_1.1.15" HPOS="184" VPOS="3488" HEIGHT="172" WIDTH="4008">
						<String CONTENT="delphia" ID="St_1.1.15.1" HPOS="184" VPOS="3496" HEIGHT="164" WIDTH="548" STYLEREFS="Style_7" WC="1" CC="0000000"/>
						<SP ID="SP_1.1.15.2" HPOS="692" VPOS="3520" WIDTH="80"/>
						<String CONTENT="&amp;" ID="St_1.1.15.3" HPOS="808" VPOS="3500" HEIGHT="120" WIDTH="104" STYLEREFS="Style_7" WC="1" CC="0"/>
						<SP ID="SP_1.1.15.4" HPOS="856" VPOS="3500" WIDTH="96"/>
						<String CONTENT="London," ID="St_1.1.15.5" HPOS="992" VPOS="3492" HEIGHT="160" WIDTH="620" STYLEREFS="Style_7" WC="1" CC="0000000"/>
						<SP ID="SP_1.1.15.6" HPOS="1596" VPOS="3548" WIDTH="52"/>
						<String CONTENT="J." ID="St_1.1.15.7" HPOS="1684" VPOS="3492" HEIGHT="128" WIDTH="136" STYLEREFS="Style_7" WC="1" CC="00"/>
						<SP ID="SP_1.1.15.8" HPOS="1804" VPOS="3548" WIDTH="56"/>
						<String CONTENT="B." ID="St_1.1.15.9" HPOS="1904" VPOS="3492" HEIGHT="124" WIDTH="156" STYLEREFS="Style_7" WC="1" CC="00"/>
						<SP ID="SP_1.1.15.10" HPOS="2048" VPOS="3548" WIDTH="52"/>
						<String CONTENT="Lippincott" ID="St_1.1.15.11" HPOS="2148" VPOS="3488" HEIGHT="164" WIDTH="812" STYLEREFS="Style_7" WC="1" CC="0000000000"/>
						<SP ID="SP_1.1.15.12" HPOS="2932" VPOS="3504" WIDTH="68"/>
						<String CONTENT="company," ID="St_1.1.15.13" HPOS="3036" VPOS="3532" HEIGHT="120" WIDTH="716" STYLEREFS="Style_7" WC="1" CC="00000000"/>
						<SP ID="SP_1.1.15.14" HPOS="3736" VPOS="3544" WIDTH="56"/>
						<String CONTENT="1927." ID="St_1.1.15.15" HPOS="3836" VPOS="3488" HEIGHT="128" WIDTH="356" STYLEREFS="Style_7" WC="1" CC="00000"/>
					</TextLine>
					<TextLine ID="TL_1.1.16" HPOS="348" VPOS="3680" HEIGHT="128" WIDTH="3324">
						<String CONTENT="164" ID="St_1.1.16.1" HPOS="348" VPOS="3692" HEIGHT="96" WIDTH="204" STYLEREFS="Style_7" WC="1" CC="000"/>
						<SP ID="SP_1.1.16.2" HPOS="516" VPOS="3684" WIDTH="76"/>
						<String CONTENT="p." ID="St_1.1.16.3" HPOS="628" VPOS="3720" HEIGHT="88" WIDTH="108" STYLEREFS="Style_7" WC="1" CC="00"/>
						<SP ID="SP_1.1.16.4" HPOS="724" VPOS="3724" WIDTH="96"/>
						<String CONTENT="col." ID="St_1.1.16.5" HPOS="908" VPOS="3692" HEIGHT="96" WIDTH="212" STYLEREFS="Style_7" WC="1" CC="0000"/>
						<SP ID="SP_1.1.16.6" HPOS="1104" VPOS="3720" WIDTH="56"/>
						<String CONTENT="front.," ID="St_1.1.16.7" HPOS="1200" VPOS="3688" HEIGHT="112" WIDTH="392" STYLEREFS="Style_7" WC="1" CC="0000000"/>
						<SP ID="SP_1.1.16.8" HPOS="1580" VPOS="3720" WIDTH="56"/>
						<String CONTENT="illus." ID="St_1.1.16.9" HPOS="1680" VPOS="3688" HEIGHT="96" WIDTH="312" STYLEREFS="Style_7" WC="1" CC="000000"/>
						<SP ID="SP_1.1.16.10" HPOS="1980" VPOS="3720" WIDTH="44"/>
						<String CONTENT="(" ID="St_1.1.16.11" HPOS="2056" VPOS="3684" HEIGHT="116" WIDTH="36" STYLEREFS="Style_7" WC="1" CC="0"/>
						<String CONTENT="i" ID="St_1.1.16.12" HPOS="2116" VPOS="3680" HEIGHT="96" WIDTH="36" STYLEREFS="Style_7" WC="0.984444444444444" CC="4"/>
						<String CONTENT="n" ID="St_1.1.16.13" HPOS="2156" VPOS="3712" HEIGHT="68" WIDTH="76" STYLEREFS="Style_7" WC="0.973333333333333" CC="3"/>
						<String CONTENT="cl" ID="St_1.1.16.14" HPOS="2244" VPOS="3684" HEIGHT="100" WIDTH="100" STYLEREFS="Style_7" WC="0.961111111111111" CC="13"/>
						<String CONTENT="." ID="St_1.1.16.15" HPOS="2356" VPOS="3760" HEIGHT="24" WIDTH="24" STYLEREFS="Style_7" WC="0.962222222222222" CC="0"/>
						<SP ID="SP_1.1.16.16" HPOS="2368" VPOS="3720" WIDTH="52"/>
						<String CONTENT="plans)" ID="St_1.1.16.17" HPOS="2460" VPOS="3680" HEIGHT="120" WIDTH="400" STYLEREFS="Style_7" WC="0.968888888888889" CC="000000"/>
						<SP ID="SP_1.1.16.18" HPOS="2840" VPOS="3680" WIDTH="100"/>
						<String CONTENT="26&#189;&#x0368;&#x036B;." ID="St_1.1.16.19" HPOS="3016" VPOS="3680" HEIGHT="120" WIDTH="656" STYLEREFS="Style_7" WC="0.961111111111111" CC="000005"/>
					</TextLine>
					<TextLine ID="TL_1.1.17" HPOS="352" VPOS="3848" HEIGHT="128" WIDTH="4584">
						<String CONTENT="&quot;Books" ID="St_1.1.17.1" HPOS="352" VPOS="3860" HEIGHT="96" WIDTH="448" STYLEREFS="Style_7" WC="1" CC="000000"/>
						<SP ID="SP_1.1.17.2" HPOS="772" VPOS="3868" WIDTH="60"/>
						<String CONTENT="on" ID="St_1.1.17.3" HPOS="860" VPOS="3884" HEIGHT="72" WIDTH="148" STYLEREFS="Style_7" WC="1" CC="00"/>
						<SP ID="SP_1.1.17.4" HPOS="968" VPOS="3868" WIDTH="76"/>
						<String CONTENT="Spanish-American" ID="St_1.1.17.5" HPOS="1076" VPOS="3852" HEIGHT="124" WIDTH="1164" STYLEREFS="Style_7" WC="1" CC="0000000000000000"/>
						<SP ID="SP_1.1.17.6" HPOS="2200" VPOS="3868" WIDTH="72"/>
						<String CONTENT="architecture," ID="St_1.1.17.7" HPOS="2300" VPOS="3848" HEIGHT="120" WIDTH="820" STYLEREFS="Style_7" WC="1" CC="0000000000000"/>
						<SP ID="SP_1.1.17.8" HPOS="3108" VPOS="3892" WIDTH="40"/>
						<String CONTENT="gardens," ID="St_1.1.17.9" HPOS="3176" VPOS="3852" HEIGHT="116" WIDTH="532" STYLEREFS="Style_7" WC="1" CC="00000000"/>
						<SP ID="SP_1.1.17.10" HPOS="3696" VPOS="3892" WIDTH="44"/>
						<String CONTENT="and" ID="St_1.1.17.11" HPOS="3776" VPOS="3856" HEIGHT="96" WIDTH="228" STYLEREFS="Style_7" WC="1" CC="000"/>
						<SP ID="SP_1.1.17.12" HPOS="3964" VPOS="3856" WIDTH="72"/>
						<String CONTENT="furnishings&quot;:" ID="St_1.1.17.13" HPOS="4064" VPOS="3852" HEIGHT="116" WIDTH="872" STYLEREFS="Style_7" WC="0.997777777777778" CC="0000000000001"/>
					</TextLine>
					<TextLine ID="TL_1.1.18" HPOS="188" VPOS="3996" HEIGHT="120" WIDTH="688">
						<String CONTENT="p." ID="St_1.1.18.1" HPOS="188" VPOS="4024" HEIGHT="92" WIDTH="100" STYLEREFS="Style_7" WC="1" CC="00"/>
						<SP ID="SP_1.1.18.2" HPOS="276" VPOS="4036" WIDTH="48"/>
						<String CONTENT="163&#150;164." ID="St_1.1.18.3" HPOS="360" VPOS="3996" HEIGHT="100" WIDTH="516" STYLEREFS="Style_7" WC="1" CC="00000000"/>
					</TextLine>
					<TextLine ID="TL_1.1.19" HPOS="192" VPOS="4140" HEIGHT="140" WIDTH="4552">
						<String CONTENT="&#169;" ID="St_1.1.19.1" HPOS="192" VPOS="4140" HEIGHT="112" WIDTH="120" STYLEREFS="Style_7" WC="0.222222222222222" CC="7"/>
						<SP ID="SP_1.1.19.2" HPOS="248" VPOS="4148" WIDTH="96"/>
						<String CONTENT="Jan." ID="St_1.1.19.3" HPOS="376" VPOS="4172" HEIGHT="96" WIDTH="260" STYLEREFS="Style_7" WC="0.795555555555556" CC="0000"/>
						<SP ID="SP_1.1.19.4" HPOS="624" VPOS="4204" WIDTH="44"/>
						<String CONTENT="29," ID="St_1.1.19.5" HPOS="700" VPOS="4168" HEIGHT="112" WIDTH="164" STYLEREFS="Style_7" WC="0.877777777777778" CC="000"/>
						<SP ID="SP_1.1.19.6" HPOS="852" VPOS="4200" WIDTH="44"/>
						<String CONTENT="1" ID="St_1.1.19.7" HPOS="932" VPOS="4168" HEIGHT="88" WIDTH="56" STYLEREFS="Style_7" WC="0.897777777777778" CC="0"/>
						<String CONTENT="9" ID="St_1.1.19.8" HPOS="1004" VPOS="4168" HEIGHT="92" WIDTH="60" STYLEREFS="Style_7" WC="0.905555555555556" CC="0"/>
						<String CONTENT="27;" ID="St_1.1.19.9" HPOS="1072" VPOS="4168" HEIGHT="108" WIDTH="196" STYLEREFS="Style_7" WC="0.923333333333333" CC="000"/>
						<SP ID="SP_1.1.19.10" HPOS="1256" VPOS="4176" WIDTH="48"/>
						<String CONTENT="2c." ID="St_1.1.19.11" HPOS="1340" VPOS="4168" HEIGHT="96" WIDTH="160" STYLEREFS="Style_7" WC="0.938888888888889" CC="000"/>
						<SP ID="SP_1.1.19.12" HPOS="1488" VPOS="4200" WIDTH="48"/>
						<String CONTENT="and" ID="St_1.1.19.13" HPOS="1568" VPOS="4164" HEIGHT="92" WIDTH="232" STYLEREFS="Style_7" WC="0.948888888888889" CC="000"/>
						<SP ID="SP_1.1.19.14" HPOS="1764" VPOS="4164" WIDTH="68"/>
						<String CONTENT="aff." ID="St_1.1.19.15" HPOS="1864" VPOS="4160" HEIGHT="96" WIDTH="196" STYLEREFS="Style_7" WC="0.957777777777778" CC="0000"/>
						<SP ID="SP_1.1.19.16" HPOS="2048" VPOS="4200" WIDTH="44"/>
						<String CONTENT="Mar." ID="St_1.1.19.17" HPOS="2128" VPOS="4164" HEIGHT="96" WIDTH="296" STYLEREFS="Style_7" WC="0.963333333333333" CC="0000"/>
						<SP ID="SP_1.1.19.18" HPOS="2412" VPOS="4200" WIDTH="44"/>
						<String CONTENT="2" ID="St_1.1.19.19" HPOS="2492" VPOS="4160" HEIGHT="92" WIDTH="64" STYLEREFS="Style_7" WC="0.965555555555556" CC="0"/>
						<String CONTENT="9" ID="St_1.1.19.20" HPOS="2564" VPOS="4160" HEIGHT="96" WIDTH="60" STYLEREFS="Style_7" WC="0.966666666666667" CC="0"/>
						<String CONTENT=";" ID="St_1.1.19.21" HPOS="2664" VPOS="4184" HEIGHT="88" WIDTH="24" STYLEREFS="Style_7" WC="0.967777777777778" CC="0"/>
						<SP ID="SP_1.1.19.22" HPOS="2672" VPOS="4172" WIDTH="52"/>
						<String CONTENT="A" ID="St_1.1.19.23" HPOS="2760" VPOS="4160" HEIGHT="92" WIDTH="100" STYLEREFS="Style_7" WC="0.968888888888889" CC="0"/>
						<SP ID="SP_1.1.19.24" HPOS="2808" VPOS="4160" WIDTH="84"/>
						<String CONTENT="9722" ID="St_1.1.19.25" HPOS="2924" VPOS="4160" HEIGHT="96" WIDTH="276" STYLEREFS="Style_7" WC="0.972222222222222" CC="0000"/>
						<String CONTENT="53" ID="St_1.1.19.26" HPOS="3208" VPOS="4160" HEIGHT="96" WIDTH="128" STYLEREFS="Style_7" WC="0.973333333333333" CC="00"/>
						<String CONTENT=";" ID="St_1.1.19.27" HPOS="3380" VPOS="4184" HEIGHT="92" WIDTH="20" STYLEREFS="Style_7" WC="0.974444444444444" CC="0"/>
						<SP ID="SP_1.1.19.28" HPOS="3388" VPOS="4172" WIDTH="52"/>
						<String CONTENT="J." ID="St_1.1.19.29" HPOS="3476" VPOS="4164" HEIGHT="96" WIDTH="108" STYLEREFS="Style_7" WC="0.966666666666667" CC="40"/>
						<SP ID="SP_1.1.19.30" HPOS="3572" VPOS="4200" WIDTH="44"/>
						<String CONTENT="B." ID="St_1.1.19.31" HPOS="3652" VPOS="4164" HEIGHT="96" WIDTH="128" STYLEREFS="Style_7" WC="0.968888888888889" CC="00"/>
						<SP ID="SP_1.1.19.32" HPOS="3768" VPOS="4200" WIDTH="48"/>
						<String CONTENT="Lippincott" ID="St_1.1.19.33" HPOS="3852" VPOS="4160" HEIGHT="120" WIDTH="660" STYLEREFS="Style_7" WC="0.973333333333333" CC="0000000000"/>
						<SP ID="SP_1.1.19.34" HPOS="4492" VPOS="4164" WIDTH="56"/>
						<String CONTENT="co." ID="St_1.1.19.35" HPOS="4584" VPOS="4188" HEIGHT="72" WIDTH="160" STYLEREFS="Style_7" WC="0.975555555555556" CC="000"/>
					</TextLine>
					<TextLine ID="TL_1.1.20" HPOS="368" VPOS="4296" HEIGHT="128" WIDTH="4376">
						<String CONTENT="(27-6886)" ID="St_1.1.20.1" HPOS="368" VPOS="4304" HEIGHT="120" WIDTH="592" STYLEREFS="Style_7" WC="0.95" CC="000040000"/>
						<SP ID="SP_1.1.20.2" HPOS="944" VPOS="4316" WIDTH="3512"/>
						<String CONTENT="2272" ID="St_1.1.20.3" HPOS="4456" VPOS="4296" HEIGHT="100" WIDTH="288" STYLEREFS="Style_7" WC="0.654444444444445" CC="0000"/>
					</TextLine>
					<TextLine ID="TL_1.1.21" HPOS="188" VPOS="4520" HEIGHT="156" WIDTH="1672">
						<String CONTENT="Niccolls," ID="St_1.1.21.1" HPOS="188" VPOS="4528" HEIGHT="148" WIDTH="628" STYLEREFS="Style_7" WC="0.901111111111111" CC="000004400"/>
						<SP ID="SP_1.1.21.2" HPOS="800" VPOS="4576" WIDTH="60"/>
						<String CONTENT="T" ID="St_1.1.21.3" HPOS="900" VPOS="4528" HEIGHT="124" WIDTH="112" STYLEREFS="Style_7" WC="0.918888888888889" CC="0"/>
						<SP ID="SP_1.1.21.4" HPOS="956" VPOS="4528" WIDTH="732"/>
						<String CONTENT="A." ID="St_1.1.21.5" HPOS="1688" VPOS="4520" HEIGHT="128" WIDTH="172" STYLEREFS="Style_7" WC="0.797777777777778" CC="00"/>
					</TextLine>
					<TextLine ID="TL_1.1.22" HPOS="356" VPOS="4708" HEIGHT="168" WIDTH="4584">
						<String CONTENT="The" ID="St_1.1.22.1" HPOS="356" VPOS="4712" HEIGHT="128" WIDTH="284" STYLEREFS="Style_7" WC="1" CC="000"/>
						<SP ID="SP_1.1.22.2" HPOS="608" VPOS="4740" WIDTH="64"/>
						<String CONTENT="perilous" ID="St_1.1.22.3" HPOS="700" VPOS="4712" HEIGHT="164" WIDTH="596" STYLEREFS="Style_7" WC="1" CC="00000000"/>
						<SP ID="SP_1.1.22.4" HPOS="1264" VPOS="4736" WIDTH="64"/>
						<String CONTENT="quest," ID="St_1.1.22.5" HPOS="1356" VPOS="4720" HEIGHT="152" WIDTH="424" STYLEREFS="Style_7" WC="1" CC="000000"/>
						<SP ID="SP_1.1.22.6" HPOS="1764" VPOS="4764" WIDTH="48"/>
						<String CONTENT="by" ID="St_1.1.22.7" HPOS="1840" VPOS="4708" HEIGHT="164" WIDTH="176" STYLEREFS="Style_7" WC="1" CC="00"/>
						<SP ID="SP_1.1.22.8" HPOS="1972" VPOS="4736" WIDTH="76"/>
						<String CONTENT="T." ID="St_1.1.22.9" HPOS="2076" VPOS="4708" HEIGHT="124" WIDTH="156" STYLEREFS="Style_7" WC="1" CC="00"/>
						<SP ID="SP_1.1.22.10" HPOS="2216" VPOS="4764" WIDTH="48"/>
						<String CONTENT="A." ID="St_1.1.22.11" HPOS="2292" VPOS="4708" HEIGHT="124" WIDTH="172" STYLEREFS="Style_7" WC="1" CC="00"/>
						<SP ID="SP_1.1.22.12" HPOS="2448" VPOS="4764" WIDTH="48"/>
						<String CONTENT="Niccolls." ID="St_1.1.22.13" HPOS="2524" VPOS="4708" HEIGHT="124" WIDTH="632" STYLEREFS="Style_7" WC="0.987777777777778" CC="004000000"/>
						<SP ID="SP_1.1.22.14" HPOS="3140" VPOS="4764" WIDTH="88"/>
						<String CONTENT="New" ID="St_1.1.22.15" HPOS="3300" VPOS="4708" HEIGHT="128" WIDTH="332" STYLEREFS="Style_7" WC="0.988888888888889" CC="000"/>
						<SP ID="SP_1.1.22.16" HPOS="3572" VPOS="4736" WIDTH="92"/>
						<String CONTENT="York," ID="St_1.1.22.17" HPOS="3696" VPOS="4708" HEIGHT="164" WIDTH="432" STYLEREFS="Style_7" WC="0.99" CC="00000"/>
						<SP ID="SP_1.1.22.18" HPOS="4108" VPOS="4764" WIDTH="52"/>
						<String CONTENT="D." ID="St_1.1.22.19" HPOS="4188" VPOS="4712" HEIGHT="124" WIDTH="168" STYLEREFS="Style_7" WC="0.991111111111111" CC="00"/>
						<SP ID="SP_1.1.22.20" HPOS="4340" VPOS="4764" WIDTH="48"/>
						<String CONTENT="App" ID="St_1.1.22.21" HPOS="4424" VPOS="4708" HEIGHT="168" WIDTH="328" STYLEREFS="Style_7" WC="0.991111111111111" CC="000"/>
						<String CONTENT="l" ID="St_1.1.22.22" HPOS="4768" VPOS="4708" HEIGHT="124" WIDTH="40" STYLEREFS="Style_7" WC="0.991111111111111" CC="0"/>
						<String CONTENT="e-" ID="St_1.1.22.23" HPOS="4820" VPOS="4760" HEIGHT="80" WIDTH="120" STYLEREFS="Style_7" WC="0.992222222222222" CC="00"/>
					</TextLine>
					<TextLine ID="TL_1.1.23" HPOS="192" VPOS="4892" HEIGHT="168" WIDTH="1776">
						<String CONTENT="ton" ID="St_1.1.23.1" HPOS="192" VPOS="4920" HEIGHT="108" WIDTH="228" STYLEREFS="Style_7" WC="1" CC="000"/>
						<SP ID="SP_1.1.23.2" HPOS="376" VPOS="4924" WIDTH="80"/>
						<String CONTENT="and" ID="St_1.1.23.3" HPOS="488" VPOS="4900" HEIGHT="124" WIDTH="264" STYLEREFS="Style_7" WC="1" CC="000"/>
						<SP ID="SP_1.1.23.4" HPOS="708" VPOS="4900" WIDTH="80"/>
						<String CONTENT="company," ID="St_1.1.23.5" HPOS="824" VPOS="4940" HEIGHT="120" WIDTH="708" STYLEREFS="Style_7" WC="1" CC="00000000"/>
						<SP ID="SP_1.1.23.6" HPOS="1516" VPOS="4948" WIDTH="56"/>
						<String CONTENT="1927." ID="St_1.1.23.7" HPOS="1608" VPOS="4892" HEIGHT="128" WIDTH="360" STYLEREFS="Style_7" WC="1" CC="00000"/>
					</TextLine>
					<TextLine ID="TL_1.1.24" HPOS="340" VPOS="5092" HEIGHT="120" WIDTH="1900">
						<String CONTENT="4" ID="St_1.1.24.1" HPOS="340" VPOS="5104" HEIGHT="88" WIDTH="64" STYLEREFS="Style_7" WC="1" CC="0"/>
						<SP ID="SP_1.1.24.2" HPOS="372" VPOS="5100" WIDTH="68"/>
						<String CONTENT="p." ID="St_1.1.24.3" HPOS="476" VPOS="5128" HEIGHT="84" WIDTH="104" STYLEREFS="Style_7" WC="1" CC="00"/>
						<SP ID="SP_1.1.24.4" HPOS="568" VPOS="5132" WIDTH="48"/>
						<String CONTENT="l" ID="St_1.1.24.5" HPOS="652" VPOS="5100" HEIGHT="92" WIDTH="36" STYLEREFS="Style_7" WC="1" CC="0"/>
						<String CONTENT=".," ID="St_1.1.24.6" HPOS="700" VPOS="5172" HEIGHT="36" WIDTH="56" STYLEREFS="Style_7" WC="1" CC="00"/>
						<SP ID="SP_1.1.24.7" HPOS="744" VPOS="5132" WIDTH="48"/>
						<String CONTENT="3" ID="St_1.1.24.8" HPOS="824" VPOS="5096" HEIGHT="96" WIDTH="64" STYLEREFS="Style_7" WC="1" CC="0"/>
						<String CONTENT="&#150;" ID="St_1.1.24.9" HPOS="892" VPOS="5148" HEIGHT="12" WIDTH="72" STYLEREFS="Style_7" WC="1" CC="0"/>
						<String CONTENT="346" ID="St_1.1.24.10" HPOS="964" VPOS="5096" HEIGHT="96" WIDTH="208" STYLEREFS="Style_7" WC="1" CC="000"/>
						<SP ID="SP_1.1.24.11" HPOS="1140" VPOS="5096" WIDTH="68"/>
						<String CONTENT="p." ID="St_1.1.24.12" HPOS="1244" VPOS="5120" HEIGHT="88" WIDTH="104" STYLEREFS="Style_7" WC="1" CC="00"/>
						<SP ID="SP_1.1.24.13" HPOS="1336" VPOS="5132" WIDTH="80"/>
						<String CONTENT="19&#189;&#x0368;&#x036B;." ID="St_1.1.24.14" HPOS="1488" VPOS="5092" HEIGHT="112" WIDTH="752" STYLEREFS="Style_7" WC="0.994444444444444" CC="000001"/>
					</TextLine>
					<TextLine ID="TL_1.1.25" HPOS="192" VPOS="5244" HEIGHT="136" WIDTH="4484">
						<String CONTENT="&#169;" ID="St_1.1.25.1" HPOS="192" VPOS="5244" HEIGHT="120" WIDTH="124" STYLEREFS="Style_7" WC="0.555555555555556" CC="4"/>
						<SP ID="SP_1.1.25.2" HPOS="252" VPOS="5244" WIDTH="100"/>
						<String CONTENT="Mar." ID="St_1.1.25.3" HPOS="388" VPOS="5264" HEIGHT="96" WIDTH="284" STYLEREFS="Style_7" WC="0.851111111111111" CC="3000"/>
						<SP ID="SP_1.1.25.4" HPOS="660" VPOS="5300" WIDTH="44"/>
						<String CONTENT="25," ID="St_1.1.25.5" HPOS="736" VPOS="5264" HEIGHT="108" WIDTH="168" STYLEREFS="Style_7" WC="0.911111111111111" CC="000"/>
						<SP ID="SP_1.1.25.6" HPOS="892" VPOS="5296" WIDTH="44"/>
						<String CONTENT="1927;" ID="St_1.1.25.7" HPOS="968" VPOS="5264" HEIGHT="108" WIDTH="336" STYLEREFS="Style_7" WC="0.944444444444444" CC="00000"/>
						<SP ID="SP_1.1.25.8" HPOS="1292" VPOS="5272" WIDTH="48"/>
						<String CONTENT="2c." ID="St_1.1.25.9" HPOS="1376" VPOS="5264" HEIGHT="96" WIDTH="160" STYLEREFS="Style_7" WC="0.955555555555556" CC="000"/>
						<SP ID="SP_1.1.25.10" HPOS="1524" VPOS="5296" WIDTH="44"/>
						<String CONTENT="and" ID="St_1.1.25.11" HPOS="1604" VPOS="5264" HEIGHT="92" WIDTH="232" STYLEREFS="Style_7" WC="0.962222222222222" CC="000"/>
						<SP ID="SP_1.1.25.12" HPOS="1800" VPOS="5260" WIDTH="68"/>
						<String CONTENT="aff." ID="St_1.1.25.13" HPOS="1900" VPOS="5260" HEIGHT="100" WIDTH="196" STYLEREFS="Style_7" WC="0.968888888888889" CC="0000"/>
						<SP ID="SP_1.1.25.14" HPOS="2084" VPOS="5296" WIDTH="48"/>
						<String CONTENT="M" ID="St_1.1.25.15" HPOS="2172" VPOS="5260" HEIGHT="88" WIDTH="124" STYLEREFS="Style_7" WC="0.956666666666667" CC="4"/>
						<String CONTENT="ar." ID="St_1.1.25.16" HPOS="2292" VPOS="5288" HEIGHT="72" WIDTH="168" STYLEREFS="Style_7" WC="0.96" CC="000"/>
						<SP ID="SP_1.1.25.17" HPOS="2448" VPOS="5296" WIDTH="48"/>
						<String CONTENT="2" ID="St_1.1.25.18" HPOS="2528" VPOS="5264" HEIGHT="88" WIDTH="64" STYLEREFS="Style_7" WC="0.962222222222222" CC="0"/>
						<String CONTENT="9" ID="St_1.1.25.19" HPOS="2600" VPOS="5256" HEIGHT="96" WIDTH="60" STYLEREFS="Style_7" WC="0.963333333333333" CC="0"/>
						<String CONTENT=";" ID="St_1.1.25.20" HPOS="2700" VPOS="5284" HEIGHT="88" WIDTH="24" STYLEREFS="Style_7" WC="0.964444444444444" CC="0"/>
						<SP ID="SP_1.1.25.21" HPOS="2712" VPOS="5268" WIDTH="48"/>
						<String CONTENT="A" ID="St_1.1.25.22" HPOS="2796" VPOS="5256" HEIGHT="96" WIDTH="96" STYLEREFS="Style_7" WC="0.966666666666667" CC="0"/>
						<SP ID="SP_1.1.25.23" HPOS="2840" VPOS="5256" WIDTH="84"/>
						<String CONTENT="9" ID="St_1.1.25.24" HPOS="2960" VPOS="5256" HEIGHT="96" WIDTH="64" STYLEREFS="Style_7" WC="0.967777777777778" CC="0"/>
						<String CONTENT="722" ID="St_1.1.25.25" HPOS="3028" VPOS="5260" HEIGHT="92" WIDTH="204" STYLEREFS="Style_7" WC="0.97" CC="000"/>
						<String CONTENT="9" ID="St_1.1.25.26" HPOS="3240" VPOS="5256" HEIGHT="96" WIDTH="64" STYLEREFS="Style_7" WC="0.97" CC="0"/>
						<String CONTENT="4;" ID="St_1.1.25.27" HPOS="3308" VPOS="5260" HEIGHT="112" WIDTH="128" STYLEREFS="Style_7" WC="0.972222222222222" CC="00"/>
						<SP ID="SP_1.1.25.28" HPOS="3424" VPOS="5268" WIDTH="48"/>
						<String CONTENT="D." ID="St_1.1.25.29" HPOS="3512" VPOS="5264" HEIGHT="96" WIDTH="136" STYLEREFS="Style_7" WC="0.964444444444444" CC="40"/>
						<SP ID="SP_1.1.25.30" HPOS="3636" VPOS="5296" WIDTH="48"/>
						<String CONTENT="Appleton" ID="St_1.1.25.31" HPOS="3720" VPOS="5264" HEIGHT="116" WIDTH="572" STYLEREFS="Style_7" WC="0.97" CC="00000000"/>
						<SP ID="SP_1.1.25.32" HPOS="4256" VPOS="5272" WIDTH="68"/>
						<String CONTENT="&amp;" ID="St_1.1.25.33" HPOS="4360" VPOS="5268" HEIGHT="92" WIDTH="84" STYLEREFS="Style_7" WC="0.971111111111111" CC="0"/>
						<SP ID="SP_1.1.25.34" HPOS="4400" VPOS="5260" WIDTH="80"/>
						<String CONTENT="co." ID="St_1.1.25.35" HPOS="4516" VPOS="5292" HEIGHT="68" WIDTH="160" STYLEREFS="Style_7" WC="0.972222222222222" CC="000"/>
					</TextLine>
					<TextLine ID="TL_1.1.26" HPOS="372" VPOS="5396" HEIGHT="120" WIDTH="4376">
						<String CONTENT="(27-6547)" ID="St_1.1.26.1" HPOS="372" VPOS="5400" HEIGHT="116" WIDTH="596" STYLEREFS="Style_7" WC="1" CC="000000000"/>
						<SP ID="SP_1.1.26.2" HPOS="948" VPOS="5408" WIDTH="3516"/>
						<String CONTENT="2273" ID="St_1.1.26.3" HPOS="4464" VPOS="5396" HEIGHT="100" WIDTH="284" STYLEREFS="Style_7" WC="0.662222222222222" CC="0000"/>
					</TextLine>
					<TextLine ID="TL_1.1.27" HPOS="192" VPOS="5616" HEIGHT="160" WIDTH="2376">
						<String CONTENT="Ormsby," ID="St_1.1.27.1" HPOS="192" VPOS="5624" HEIGHT="152" WIDTH="648" STYLEREFS="Style_7" WC="1" CC="0000000"/>
						<SP ID="SP_1.1.27.2" HPOS="820" VPOS="5676" WIDTH="64"/>
						<String CONTENT="Oliver" ID="St_1.1.27.3" HPOS="924" VPOS="5624" HEIGHT="128" WIDTH="468" STYLEREFS="Style_7" WC="1" CC="000000"/>
						<SP ID="SP_1.1.27.4" HPOS="1352" VPOS="5648" WIDTH="76"/>
						<String CONTENT="Samuel," ID="St_1.1.27.5" HPOS="1464" VPOS="5616" HEIGHT="156" WIDTH="608" STYLEREFS="Style_7" WC="1" CC="0000000"/>
						<SP ID="SP_1.1.27.6" HPOS="2056" VPOS="5676" WIDTH="60"/>
						<String CONTENT="1874" ID="St_1.1.27.7" HPOS="2156" VPOS="5616" HEIGHT="128" WIDTH="324" STYLEREFS="Style_7" WC="1" CC="0000"/>
						<String CONTENT="&#150;" ID="St_1.1.27.8" HPOS="2484" VPOS="5700" HEIGHT="12" WIDTH="84" STYLEREFS="Style_7" WC="1" CC="0"/>
					</TextLine>
					<TextLine ID="TL_1.1.28" HPOS="356" VPOS="5796" HEIGHT="180" WIDTH="4600">
						<String CONTENT="A" ID="St_1.1.28.1" HPOS="356" VPOS="5812" HEIGHT="124" WIDTH="132" STYLEREFS="Style_7" WC="1" CC="0"/>
						<SP ID="SP_1.1.28.2" HPOS="420" VPOS="5812" WIDTH="108"/>
						<String CONTENT="practical" ID="St_1.1.28.3" HPOS="568" VPOS="5808" HEIGHT="168" WIDTH="652" STYLEREFS="Style_7" WC="1" CC="000000000"/>
						<SP ID="SP_1.1.28.4" HPOS="1196" VPOS="5812" WIDTH="64"/>
						<String CONTENT="treatise" ID="St_1.1.28.5" HPOS="1304" VPOS="5804" HEIGHT="132" WIDTH="556" STYLEREFS="Style_7" WC="1" CC="00000000"/>
						<SP ID="SP_1.1.28.6" HPOS="1824" VPOS="5832" WIDTH="76"/>
						<String CONTENT="on" ID="St_1.1.28.7" HPOS="1944" VPOS="5852" HEIGHT="80" WIDTH="172" STYLEREFS="Style_7" WC="1" CC="00"/>
						<SP ID="SP_1.1.28.8" HPOS="2068" VPOS="5832" WIDTH="88"/>
						<String CONTENT="diseases" ID="St_1.1.28.9" HPOS="2204" VPOS="5804" HEIGHT="128" WIDTH="580" STYLEREFS="Style_7" WC="1" CC="00000000"/>
						<SP ID="SP_1.1.28.10" HPOS="2748" VPOS="5832" WIDTH="76"/>
						<String CONTENT="of" ID="St_1.1.28.11" HPOS="2868" VPOS="5804" HEIGHT="128" WIDTH="156" STYLEREFS="Style_7" WC="1" CC="00"/>
						<SP ID="SP_1.1.28.12" HPOS="2988" VPOS="5808" WIDTH="76"/>
						<String CONTENT="the" ID="St_1.1.28.13" HPOS="3104" VPOS="5804" HEIGHT="132" WIDTH="228" STYLEREFS="Style_7" WC="1" CC="000"/>
						<SP ID="SP_1.1.28.14" HPOS="3296" VPOS="5832" WIDTH="76"/>
						<String CONTENT="skin," ID="St_1.1.28.15" HPOS="3420" VPOS="5804" HEIGHT="164" WIDTH="352" STYLEREFS="Style_7" WC="1" CC="00000"/>
						<SP ID="SP_1.1.28.16" HPOS="3756" VPOS="5860" WIDTH="56"/>
						<String CONTENT="for" ID="St_1.1.28.17" HPOS="3860" VPOS="5796" HEIGHT="140" WIDTH="228" STYLEREFS="Style_7" WC="1" CC="000"/>
						<SP ID="SP_1.1.28.18" HPOS="4048" VPOS="5836" WIDTH="80"/>
						<String CONTENT="the" ID="St_1.1.28.19" HPOS="4172" VPOS="5808" HEIGHT="132" WIDTH="228" STYLEREFS="Style_7" WC="1" CC="000"/>
						<SP ID="SP_1.1.28.20" HPOS="4364" VPOS="5836" WIDTH="76"/>
						<String CONTENT="use" ID="St_1.1.28.21" HPOS="4484" VPOS="5856" HEIGHT="84" WIDTH="232" STYLEREFS="Style_7" WC="1" CC="000"/>
						<SP ID="SP_1.1.28.22" HPOS="4676" VPOS="5836" WIDTH="80"/>
						<String CONTENT="of" ID="St_1.1.28.23" HPOS="4800" VPOS="5812" HEIGHT="128" WIDTH="156" STYLEREFS="Style_7" WC="1" CC="00"/>
					</TextLine>
					<TextLine ID="TL_1.1.29" HPOS="192" VPOS="5988" HEIGHT="172" WIDTH="4764">
						<String CONTENT="students" ID="St_1.1.29.1" HPOS="192" VPOS="5996" HEIGHT="128" WIDTH="608" STYLEREFS="Style_7" WC="1" CC="00000000"/>
						<SP ID="SP_1.1.29.2" HPOS="768" VPOS="6020" WIDTH="72"/>
						<String CONTENT="and" ID="St_1.1.29.3" HPOS="888" VPOS="5996" HEIGHT="124" WIDTH="268" STYLEREFS="Style_7" WC="1" CC="000"/>
						<SP ID="SP_1.1.29.4" HPOS="1112" VPOS="5996" WIDTH="88"/>
						<String CONTENT="practitioners," ID="St_1.1.29.5" HPOS="1248" VPOS="5988" HEIGHT="168" WIDTH="1004" STYLEREFS="Style_7" WC="1" CC="00000000000000"/>
						<SP ID="SP_1.1.29.6" HPOS="2236" VPOS="6044" WIDTH="60"/>
						<String CONTENT="by" ID="St_1.1.29.7" HPOS="2344" VPOS="5992" HEIGHT="164" WIDTH="176" STYLEREFS="Style_7" WC="1" CC="00"/>
						<SP ID="SP_1.1.29.8" HPOS="2472" VPOS="6016" WIDTH="92"/>
						<String CONTENT="O" ID="St_1.1.29.9" HPOS="2612" VPOS="5988" HEIGHT="132" WIDTH="120" STYLEREFS="Style_7" WC="1" CC="0"/>
						<String CONTENT="l" ID="St_1.1.29.10" HPOS="2744" VPOS="5992" HEIGHT="124" WIDTH="44" STYLEREFS="Style_7" WC="1" CC="0"/>
						<String CONTENT="iver" ID="St_1.1.29.11" HPOS="2800" VPOS="5988" HEIGHT="128" WIDTH="288" STYLEREFS="Style_7" WC="1" CC="0000"/>
						<SP ID="SP_1.1.29.12" HPOS="3052" VPOS="6016" WIDTH="84"/>
						<String CONTENT="S" ID="St_1.1.29.13" HPOS="3184" VPOS="5988" HEIGHT="132" WIDTH="96" STYLEREFS="Style_7" WC="1" CC="0"/>
						<String CONTENT="." ID="St_1.1.29.14" HPOS="3296" VPOS="6092" HEIGHT="24" WIDTH="24" STYLEREFS="Style_7" WC="1" CC="0"/>
						<SP ID="SP_1.1.29.15" HPOS="3304" VPOS="6044" WIDTH="64"/>
						<String CONTENT="Ormsby" ID="St_1.1.29.16" HPOS="3416" VPOS="5988" HEIGHT="168" WIDTH="596" STYLEREFS="Style_7" WC="1" CC="000000"/>
						<SP ID="SP_1.1.29.17" HPOS="3964" VPOS="6016" WIDTH="96"/>
						<String CONTENT="&#133;" ID="St_1.1.29.18" HPOS="4076" VPOS="6012" HEIGHT="144" WIDTH="76" STYLEREFS="Style_7" WC="1" CC="0"/>
						<SP ID="SP_1.1.29.19" HPOS="4240" VPOS="6080" WIDTH="108"/>
						<String CONTENT="3d" ID="St_1.1.29.20" HPOS="4440" VPOS="6000" HEIGHT="124" WIDTH="176" STYLEREFS="Style_7" WC="1" CC="00"/>
						<SP ID="SP_1.1.29.21" HPOS="4568" VPOS="6000" WIDTH="88"/>
						<String CONTENT="ed.," ID="St_1.1.29.22" HPOS="4704" VPOS="6000" HEIGHT="160" WIDTH="252" STYLEREFS="Style_7" WC="1" CC="0000"/>
					</TextLine>
					<TextLine ID="TL_1.1.30" HPOS="200" VPOS="6176" HEIGHT="168" WIDTH="4756">
						<String CONTENT="thoroughly" ID="St_1.1.30.1" HPOS="200" VPOS="6176" HEIGHT="168" WIDTH="820" STYLEREFS="Style_7" WC="1" CC="0000000000"/>
						<SP ID="SP_1.1.30.2" HPOS="972" VPOS="6200" WIDTH="80"/>
						<String CONTENT="rev.," ID="St_1.1.30.3" HPOS="1084" VPOS="6220" HEIGHT="116" WIDTH="320" STYLEREFS="Style_7" WC="1" CC="00000"/>
						<SP ID="SP_1.1.30.4" HPOS="1388" VPOS="6228" WIDTH="44"/>
						<String CONTENT="illustrated" ID="St_1.1.30.5" HPOS="1468" VPOS="6176" HEIGHT="128" WIDTH="776" STYLEREFS="Style_7" WC="1" CC="00000000000"/>
						<SP ID="SP_1.1.30.6" HPOS="2196" VPOS="6180" WIDTH="80"/>
						<String CONTENT="with" ID="St_1.1.30.7" HPOS="2312" VPOS="6176" HEIGHT="124" WIDTH="340" STYLEREFS="Style_7" WC="1" CC="0000"/>
						<SP ID="SP_1.1.30.8" HPOS="2600" VPOS="6180" WIDTH="84"/>
						<String CONTENT="521" ID="St_1.1.30.9" HPOS="2724" VPOS="6180" HEIGHT="120" WIDTH="236" STYLEREFS="Style_7" WC="1" CC="000"/>
						<SP ID="SP_1.1.30.10" HPOS="2924" VPOS="6184" WIDTH="72"/>
						<String CONTENT="engravings" ID="St_1.1.30.11" HPOS="3036" VPOS="6176" HEIGHT="168" WIDTH="824" STYLEREFS="Style_7" WC="1" CC="0000000000"/>
						<SP ID="SP_1.1.30.12" HPOS="3824" VPOS="6204" WIDTH="68"/>
						<String CONTENT="and" ID="St_1.1.30.13" HPOS="3928" VPOS="6180" HEIGHT="128" WIDTH="272" STYLEREFS="Style_7" WC="1" CC="000"/>
						<SP ID="SP_1.1.30.14" HPOS="4152" VPOS="6180" WIDTH="80"/>
						<String CONTENT="3" ID="St_1.1.30.15" HPOS="4272" VPOS="6188" HEIGHT="120" WIDTH="68" STYLEREFS="Style_7" WC="1" CC="0"/>
						<SP ID="SP_1.1.30.16" HPOS="4304" VPOS="6184" WIDTH="76"/>
						<String CONTENT="colored" ID="St_1.1.30.17" HPOS="4420" VPOS="6184" HEIGHT="128" WIDTH="536" STYLEREFS="Style_7" WC="1" CC="0000000"/>
					</TextLine>
					<TextLine ID="TL_1.1.31" HPOS="200" VPOS="6356" HEIGHT="172" WIDTH="3288">
						<String CONTENT="plates." ID="St_1.1.31.1" HPOS="200" VPOS="6364" HEIGHT="164" WIDTH="464" STYLEREFS="Style_7" WC="1" CC="0000000"/>
						<SP ID="SP_1.1.31.2" HPOS="652" VPOS="6412" WIDTH="100"/>
						<String CONTENT="Philadelphia," ID="St_1.1.31.3" HPOS="840" VPOS="6360" HEIGHT="164" WIDTH="1024" STYLEREFS="Style_7" WC="1" CC="0000000000000"/>
						<SP ID="SP_1.1.31.4" HPOS="1848" VPOS="6412" WIDTH="48"/>
						<String CONTENT="Lea" ID="St_1.1.31.5" HPOS="1924" VPOS="6360" HEIGHT="128" WIDTH="272" STYLEREFS="Style_7" WC="1" CC="000"/>
						<SP ID="SP_1.1.31.6" HPOS="2156" VPOS="6384" WIDTH="72"/>
						<String CONTENT="&amp;" ID="St_1.1.31.7" HPOS="2260" VPOS="6364" HEIGHT="124" WIDTH="112" STYLEREFS="Style_7" WC="1" CC="0"/>
						<SP ID="SP_1.1.31.8" HPOS="2312" VPOS="6364" WIDTH="88"/>
						<String CONTENT="Febiger," ID="St_1.1.31.9" HPOS="2432" VPOS="6356" HEIGHT="168" WIDTH="628" STYLEREFS="Style_7" WC="1" CC="00000000"/>
						<SP ID="SP_1.1.31.10" HPOS="3044" VPOS="6412" WIDTH="48"/>
						<String CONTENT="1927." ID="St_1.1.31.11" HPOS="3128" VPOS="6360" HEIGHT="128" WIDTH="360" STYLEREFS="Style_7" WC="1" CC="00000"/>
					</TextLine>
					<TextLine ID="TL_1.1.32" HPOS="360" VPOS="6548" HEIGHT="124" WIDTH="2976">
						<String CONTENT="xv," ID="St_1.1.32.1" HPOS="360" VPOS="6584" HEIGHT="84" WIDTH="180" STYLEREFS="Style_7" WC="1" CC="000"/>
						<SP ID="SP_1.1.32.2" HPOS="528" VPOS="6584" WIDTH="44"/>
						<String CONTENT="17" ID="St_1.1.32.3" HPOS="604" VPOS="6556" HEIGHT="96" WIDTH="132" STYLEREFS="Style_7" WC="1" CC="00"/>
						<String CONTENT="&#150;" ID="St_1.1.32.4" HPOS="736" VPOS="6608" HEIGHT="16" WIDTH="72" STYLEREFS="Style_7" WC="1" CC="0"/>
						<String CONTENT="1262" ID="St_1.1.32.5" HPOS="816" VPOS="6556" HEIGHT="92" WIDTH="272" STYLEREFS="Style_7" WC="1" CC="0000"/>
						<SP ID="SP_1.1.32.6" HPOS="1052" VPOS="6548" WIDTH="64"/>
						<String CONTENT="p." ID="St_1.1.32.7" HPOS="1152" VPOS="6580" HEIGHT="88" WIDTH="104" STYLEREFS="Style_7" WC="1" CC="00"/>
						<SP ID="SP_1.1.32.8" HPOS="1244" VPOS="6584" WIDTH="80"/>
						<String CONTENT="illus.," ID="St_1.1.32.9" HPOS="1396" VPOS="6552" HEIGHT="116" WIDTH="344" STYLEREFS="Style_7" WC="0.978888888888889" CC="0040000"/>
						<SP ID="SP_1.1.32.10" HPOS="1728" VPOS="6584" WIDTH="40"/>
						<String CONTENT="III" ID="St_1.1.32.11" HPOS="1872" VPOS="6560" HEIGHT="104" WIDTH="228" STYLEREFS="Style_7" WC="0.982222222222222" CC="000"/>
						<SP ID="SP_1.1.32.12" HPOS="1876" VPOS="6556" WIDTH="108"/>
						<String CONTENT="col." ID="St_1.1.32.13" HPOS="2012" VPOS="6556" HEIGHT="96" WIDTH="212" STYLEREFS="Style_7" WC="0.981111111111111" CC="0000"/>
						<SP ID="SP_1.1.32.14" HPOS="2212" VPOS="6584" WIDTH="44"/>
						<String CONTENT="p" ID="St_1.1.32.15" HPOS="2292" VPOS="6584" HEIGHT="88" WIDTH="68" STYLEREFS="Style_7" WC="0.982222222222222" CC="0"/>
						<String CONTENT="l" ID="St_1.1.32.16" HPOS="2368" VPOS="6556" HEIGHT="92" WIDTH="40" STYLEREFS="Style_7" WC="0.97" CC="4"/>
						<String CONTENT="." ID="St_1.1.32.17" HPOS="2420" VPOS="6628" HEIGHT="24" WIDTH="20" STYLEREFS="Style_7" WC="0.971111111111111" CC="0"/>
						<SP ID="SP_1.1.32.18" HPOS="2428" VPOS="6584" WIDTH="80"/>
						<String CONTENT="24&#189;&#x0368;&#x036B;." ID="St_1.1.32.19" HPOS="2580" VPOS="6552" HEIGHT="112" WIDTH="756" STYLEREFS="Style_7" WC="0.973333333333333" CC="000001"/>
					</TextLine>
					<TextLine ID="TL_1.1.33" HPOS="204" VPOS="6696" HEIGHT="148" WIDTH="4616">
						<String CONTENT="&#169;" ID="St_1.1.33.1" HPOS="204" VPOS="6696" HEIGHT="108" WIDTH="120" STYLEREFS="Style_7" WC="0.222222222222222" CC="7"/>
						<SP ID="SP_1.1.33.2" HPOS="264" VPOS="6704" WIDTH="96"/>
						<String CONTENT="Mar." ID="St_1.1.33.3" HPOS="404" VPOS="6716" HEIGHT="96" WIDTH="272" STYLEREFS="Style_7" WC="0.666666666666667" CC="0433"/>
						<SP ID="SP_1.1.33.4" HPOS="668" VPOS="6756" WIDTH="44"/>
						<String CONTENT="23," ID="St_1.1.33.5" HPOS="744" VPOS="6724" HEIGHT="112" WIDTH="168" STYLEREFS="Style_7" WC="0.8" CC="000"/>
						<SP ID="SP_1.1.33.6" HPOS="900" VPOS="6756" WIDTH="44"/>
						<String CONTENT="1" ID="St_1.1.33.7" HPOS="976" VPOS="6724" HEIGHT="92" WIDTH="60" STYLEREFS="Style_7" WC="0.833333333333333" CC="0"/>
						<String CONTENT="9" ID="St_1.1.33.8" HPOS="1048" VPOS="6724" HEIGHT="96" WIDTH="60" STYLEREFS="Style_7" WC="0.845555555555556" CC="0"/>
						<String CONTENT="27;" ID="St_1.1.33.9" HPOS="1112" VPOS="6724" HEIGHT="108" WIDTH="200" STYLEREFS="Style_7" WC="0.874444444444444" CC="000"/>
						<SP ID="SP_1.1.33.10" HPOS="1300" VPOS="6732" WIDTH="44"/>
						<String CONTENT="2c." ID="St_1.1.33.11" HPOS="1380" VPOS="6724" HEIGHT="96" WIDTH="164" STYLEREFS="Style_7" WC="0.9" CC="000"/>
						<SP ID="SP_1.1.33.12" HPOS="1532" VPOS="6756" WIDTH="44"/>
						<String CONTENT="Mar." ID="St_1.1.33.13" HPOS="1612" VPOS="6724" HEIGHT="96" WIDTH="292" STYLEREFS="Style_7" WC="0.92" CC="0000"/>
						<SP ID="SP_1.1.33.14" HPOS="1892" VPOS="6756" WIDTH="44"/>
						<String CONTENT="2" ID="St_1.1.33.15" HPOS="1968" VPOS="6724" HEIGHT="92" WIDTH="64" STYLEREFS="Style_7" WC="0.925555555555556" CC="0"/>
						<String CONTENT="5" ID="St_1.1.33.16" HPOS="2040" VPOS="6720" HEIGHT="100" WIDTH="64" STYLEREFS="Style_7" WC="0.927777777777778" CC="0"/>
						<String CONTENT=";" ID="St_1.1.33.17" HPOS="2144" VPOS="6748" HEIGHT="84" WIDTH="20" STYLEREFS="Style_7" WC="0.93" CC="0"/>
						<SP ID="SP_1.1.33.18" HPOS="2152" VPOS="6732" WIDTH="48"/>
						<String CONTENT="a" ID="St_1.1.33.19" HPOS="2240" VPOS="6748" HEIGHT="72" WIDTH="68" STYLEREFS="Style_7" WC="0.934444444444444" CC="0"/>
						<String CONTENT="f" ID="St_1.1.33.20" HPOS="2316" VPOS="6720" HEIGHT="96" WIDTH="52" STYLEREFS="Style_7" WC="0.936666666666667" CC="0"/>
						<String CONTENT="f." ID="St_1.1.33.21" HPOS="2356" VPOS="6720" HEIGHT="100" WIDTH="80" STYLEREFS="Style_7" WC="0.941111111111111" CC="00"/>
						<SP ID="SP_1.1.33.22" HPOS="2424" VPOS="6756" WIDTH="48"/>
						<String CONTENT="Mar." ID="St_1.1.33.23" HPOS="2512" VPOS="6720" HEIGHT="100" WIDTH="284" STYLEREFS="Style_7" WC="0.936666666666667" CC="4000"/>
						<SP ID="SP_1.1.33.24" HPOS="2784" VPOS="6756" WIDTH="44"/>
						<String CONTENT="3" ID="St_1.1.33.25" HPOS="2860" VPOS="6724" HEIGHT="96" WIDTH="68" STYLEREFS="Style_7" WC="0.94" CC="0"/>
						<String CONTENT="0" ID="St_1.1.33.26" HPOS="2936" VPOS="6724" HEIGHT="96" WIDTH="64" STYLEREFS="Style_7" WC="0.941111111111111" CC="0"/>
						<String CONTENT=";" ID="St_1.1.33.27" HPOS="3040" VPOS="6748" HEIGHT="84" WIDTH="20" STYLEREFS="Style_7" WC="0.942222222222222" CC="0"/>
						<SP ID="SP_1.1.33.28" HPOS="3048" VPOS="6732" WIDTH="48"/>
						<String CONTENT="A" ID="St_1.1.33.29" HPOS="3132" VPOS="6720" HEIGHT="96" WIDTH="96" STYLEREFS="Style_7" WC="0.945555555555556" CC="0"/>
						<SP ID="SP_1.1.33.30" HPOS="3176" VPOS="6716" WIDTH="84"/>
						<String CONTENT="9" ID="St_1.1.33.31" HPOS="3296" VPOS="6724" HEIGHT="96" WIDTH="60" STYLEREFS="Style_7" WC="0.947777777777778" CC="0"/>
						<String CONTENT="7231" ID="St_1.1.33.32" HPOS="3368" VPOS="6724" HEIGHT="96" WIDTH="268" STYLEREFS="Style_7" WC="0.951111111111111" CC="0000"/>
						<String CONTENT="5" ID="St_1.1.33.33" HPOS="3652" VPOS="6720" HEIGHT="92" WIDTH="64" STYLEREFS="Style_7" WC="0.944444444444444" CC="4"/>
						<String CONTENT=";" ID="St_1.1.33.34" HPOS="3752" VPOS="6752" HEIGHT="88" WIDTH="20" STYLEREFS="Style_7" WC="0.944444444444444" CC="0"/>
						<SP ID="SP_1.1.33.35" HPOS="3760" VPOS="6732" WIDTH="48"/>
						<String CONTENT="Lea" ID="St_1.1.33.36" HPOS="3848" VPOS="6732" HEIGHT="92" WIDTH="232" STYLEREFS="Style_7" WC="0.948888888888889" CC="000"/>
						<SP ID="SP_1.1.33.37" HPOS="4044" VPOS="6736" WIDTH="68"/>
						<String CONTENT="&amp;" ID="St_1.1.33.38" HPOS="4144" VPOS="6732" HEIGHT="96" WIDTH="92" STYLEREFS="Style_7" WC="0.95" CC="0"/>
						<SP ID="SP_1.1.33.39" HPOS="4188" VPOS="6724" WIDTH="80"/>
						<String CONTENT="Febiger." ID="St_1.1.33.40" HPOS="4300" VPOS="6720" HEIGHT="124" WIDTH="520" STYLEREFS="Style_7" WC="0.956666666666667" CC="00000000"/>
					</TextLine>
					<TextLine ID="TL_1.1.34" HPOS="384" VPOS="6856" HEIGHT="120" WIDTH="4368">
						<String CONTENT="(27-6858)" ID="St_1.1.34.1" HPOS="384" VPOS="6856" HEIGHT="120" WIDTH="592" STYLEREFS="Style_7" WC="1" CC="000000000"/>
						<SP ID="SP_1.1.34.2" HPOS="960" VPOS="6872" WIDTH="3508"/>
						<String CONTENT="2274" ID="St_1.1.34.3" HPOS="4468" VPOS="6864" HEIGHT="100" WIDTH="284" STYLEREFS="Style_7" WC="0.662222222222222" CC="0000"/>
					</TextLine>
					<TextLine ID="TL_1.1.35" HPOS="204" VPOS="7076" HEIGHT="156" WIDTH="2236">
						<String CONTENT="Pallen," ID="St_1.1.35.1" HPOS="204" VPOS="7080" HEIGHT="152" WIDTH="508" STYLEREFS="Style_7" WC="1" CC="0000000"/>
						<SP ID="SP_1.1.35.2" HPOS="696" VPOS="7128" WIDTH="60"/>
						<String CONTENT="Cond" ID="St_1.1.35.3" HPOS="796" VPOS="7084" HEIGHT="128" WIDTH="380" STYLEREFS="Style_7" WC="1" CC="0000"/>
						<String CONTENT="&#233;" ID="St_1.1.35.4" HPOS="1188" VPOS="7080" HEIGHT="128" WIDTH="72" STYLEREFS="Style_7" WC="1" CC="0"/>
						<SP ID="SP_1.1.35.5" HPOS="1224" VPOS="7076" WIDTH="72"/>
						<String CONTENT="B" ID="St_1.1.35.6" HPOS="1332" VPOS="7084" HEIGHT="120" WIDTH="116" STYLEREFS="Style_7" WC="0.984444444444444" CC="1"/>
						<String CONTENT="&#233;" ID="St_1.1.35.7" HPOS="1460" VPOS="7080" HEIGHT="124" WIDTH="72" STYLEREFS="Style_7" WC="0.985555555555556" CC="0"/>
						<String CONTENT="noist," ID="St_1.1.35.8" HPOS="1540" VPOS="7080" HEIGHT="152" WIDTH="420" STYLEREFS="Style_7" WC="0.988888888888889" CC="000000"/>
						<SP ID="SP_1.1.35.9" HPOS="1944" VPOS="7128" WIDTH="60"/>
						<String CONTENT="1858" ID="St_1.1.35.10" HPOS="2044" VPOS="7088" HEIGHT="120" WIDTH="316" STYLEREFS="Style_7" WC="0.991111111111111" CC="0000"/>
						<String CONTENT="&#150;" ID="St_1.1.35.11" HPOS="2364" VPOS="7160" HEIGHT="16" WIDTH="76" STYLEREFS="Style_7" WC="0.991111111111111" CC="0"/>
					</TextLine>
					<TextLine ID="TL_1.1.36" HPOS="372" VPOS="7264" HEIGHT="176" WIDTH="4580">
						<String CONTENT="As" ID="St_1.1.36.1" HPOS="372" VPOS="7268" HEIGHT="128" WIDTH="196" STYLEREFS="Style_7" WC="1" CC="00"/>
						<SP ID="SP_1.1.36.2" HPOS="536" VPOS="7292" WIDTH="64"/>
						<String CONTENT="man" ID="St_1.1.36.3" HPOS="628" VPOS="7312" HEIGHT="80" WIDTH="312" STYLEREFS="Style_7" WC="1" CC="000"/>
						<SP ID="SP_1.1.36.4" HPOS="896" VPOS="7292" WIDTH="76"/>
						<String CONTENT="to" ID="St_1.1.36.5" HPOS="1000" VPOS="7284" HEIGHT="112" WIDTH="136" STYLEREFS="Style_7" WC="1" CC="00"/>
						<SP ID="SP_1.1.36.6" HPOS="1100" VPOS="7292" WIDTH="68"/>
						<String CONTENT="man;" ID="St_1.1.36.7" HPOS="1200" VPOS="7312" HEIGHT="116" WIDTH="380" STYLEREFS="Style_7" WC="1" CC="0000"/>
						<SP ID="SP_1.1.36.8" HPOS="1568" VPOS="7288" WIDTH="48"/>
						<String CONTENT="the" ID="St_1.1.36.9" HPOS="1652" VPOS="7272" HEIGHT="120" WIDTH="228" STYLEREFS="Style_7" WC="1" CC="000"/>
						<SP ID="SP_1.1.36.10" HPOS="1844" VPOS="7292" WIDTH="68"/>
						<String CONTENT="adventures" ID="St_1.1.36.11" HPOS="1940" VPOS="7268" HEIGHT="128" WIDTH="812" STYLEREFS="Style_7" WC="1" CC="0000000000"/>
						<SP ID="SP_1.1.36.12" HPOS="2720" VPOS="7292" WIDTH="64"/>
						<String CONTENT="of" ID="St_1.1.36.13" HPOS="2816" VPOS="7264" HEIGHT="132" WIDTH="152" STYLEREFS="Style_7" WC="1" CC="00"/>
						<SP ID="SP_1.1.36.14" HPOS="2932" VPOS="7264" WIDTH="64"/>
						<String CONTENT="a" ID="St_1.1.36.15" HPOS="3028" VPOS="7312" HEIGHT="80" WIDTH="76" STYLEREFS="Style_7" WC="1" CC="0"/>
						<SP ID="SP_1.1.36.16" HPOS="3064" VPOS="7288" WIDTH="72"/>
						<String CONTENT="commuter," ID="St_1.1.36.17" HPOS="3172" VPOS="7284" HEIGHT="152" WIDTH="780" STYLEREFS="Style_7" WC="1" CC="000000000"/>
						<SP ID="SP_1.1.36.18" HPOS="3936" VPOS="7320" WIDTH="48"/>
						<String CONTENT="by" ID="St_1.1.36.19" HPOS="4012" VPOS="7276" HEIGHT="164" WIDTH="180" STYLEREFS="Style_7" WC="1" CC="00"/>
						<SP ID="SP_1.1.36.20" HPOS="4144" VPOS="7292" WIDTH="80"/>
						<String CONTENT="Cond" ID="St_1.1.36.21" HPOS="4260" VPOS="7276" HEIGHT="132" WIDTH="392" STYLEREFS="Style_7" WC="1" CC="0000"/>
						<String CONTENT="&#233;" ID="St_1.1.36.22" HPOS="4644" VPOS="7272" HEIGHT="120" WIDTH="80" STYLEREFS="Style_7" WC="1" CC="0"/>
						<SP ID="SP_1.1.36.23" HPOS="4692" VPOS="7272" WIDTH="64"/>
						<String CONTENT="B." ID="St_1.1.36.24" HPOS="4792" VPOS="7284" HEIGHT="124" WIDTH="160" STYLEREFS="Style_7" WC="1" CC="00"/>
					</TextLine>
					<TextLine ID="TL_1.1.37" HPOS="220" VPOS="7456" HEIGHT="164" WIDTH="3884">
						<String CONTENT="Pallen." ID="St_1.1.37.1" HPOS="220" VPOS="7456" HEIGHT="128" WIDTH="500" STYLEREFS="Style_7" WC="1" CC="0000000"/>
						<SP ID="SP_1.1.37.2" HPOS="708" VPOS="7508" WIDTH="88"/>
						<String CONTENT="New" ID="St_1.1.37.3" HPOS="868" VPOS="7456" HEIGHT="128" WIDTH="328" STYLEREFS="Style_7" WC="1" CC="000"/>
						<SP ID="SP_1.1.37.4" HPOS="1136" VPOS="7476" WIDTH="92"/>
						<String CONTENT="York," ID="St_1.1.37.5" HPOS="1264" VPOS="7456" HEIGHT="156" WIDTH="428" STYLEREFS="Style_7" WC="1" CC="00000"/>
						<SP ID="SP_1.1.37.6" HPOS="1676" VPOS="7500" WIDTH="48"/>
						<String CONTENT="The" ID="St_1.1.37.7" HPOS="1756" VPOS="7456" HEIGHT="128" WIDTH="288" STYLEREFS="Style_7" WC="1" CC="000"/>
						<SP ID="SP_1.1.37.8" HPOS="2012" VPOS="7476" WIDTH="64"/>
						<String CONTENT="Macmillan" ID="St_1.1.37.9" HPOS="2104" VPOS="7456" HEIGHT="124" WIDTH="800" STYLEREFS="Style_7" WC="1" CC="000000000"/>
						<SP ID="SP_1.1.37.10" HPOS="2856" VPOS="7476" WIDTH="80"/>
						<String CONTENT="company," ID="St_1.1.37.11" HPOS="2968" VPOS="7500" HEIGHT="120" WIDTH="712" STYLEREFS="Style_7" WC="1" CC="00000000"/>
						<SP ID="SP_1.1.37.12" HPOS="3664" VPOS="7504" WIDTH="52"/>
						<String CONTENT="1927." ID="St_1.1.37.13" HPOS="3752" VPOS="7460" HEIGHT="128" WIDTH="352" STYLEREFS="Style_7" WC="1" CC="00000"/>
					</TextLine>
					<TextLine ID="TL_1.1.38" HPOS="360" VPOS="7652" HEIGHT="116" WIDTH="1816">
						<String CONTENT="4" ID="St_1.1.38.1" HPOS="360" VPOS="7656" HEIGHT="92" WIDTH="64" STYLEREFS="Style_7" WC="1" CC="0"/>
						<SP ID="SP_1.1.38.2" HPOS="392" VPOS="7652" WIDTH="76"/>
						<String CONTENT="p." ID="St_1.1.38.3" HPOS="508" VPOS="7680" HEIGHT="88" WIDTH="100" STYLEREFS="Style_7" WC="1" CC="00"/>
						<SP ID="SP_1.1.38.4" HPOS="596" VPOS="7688" WIDTH="56"/>
						<String CONTENT="l" ID="St_1.1.38.5" HPOS="696" VPOS="7652" HEIGHT="92" WIDTH="40" STYLEREFS="Style_7" WC="1" CC="0"/>
						<String CONTENT=".," ID="St_1.1.38.6" HPOS="740" VPOS="7728" HEIGHT="40" WIDTH="56" STYLEREFS="Style_7" WC="1" CC="00"/>
						<SP ID="SP_1.1.38.7" HPOS="784" VPOS="7688" WIDTH="56"/>
						<String CONTENT="302" ID="St_1.1.38.8" HPOS="880" VPOS="7652" HEIGHT="100" WIDTH="204" STYLEREFS="Style_7" WC="1" CC="000"/>
						<SP ID="SP_1.1.38.9" HPOS="1052" VPOS="7652" WIDTH="76"/>
						<String CONTENT="p." ID="St_1.1.38.10" HPOS="1172" VPOS="7680" HEIGHT="88" WIDTH="100" STYLEREFS="Style_7" WC="1" CC="00"/>
						<SP ID="SP_1.1.38.11" HPOS="1260" VPOS="7688" WIDTH="88"/>
						<String CONTENT="19&#189;&#x0368;&#x036B;." ID="St_1.1.38.12" HPOS="1424" VPOS="7652" HEIGHT="108" WIDTH="752" STYLEREFS="Style_7" WC="0.974444444444444" CC="000005"/>
					</TextLine>
					<TextLine ID="TL_1.1.39" HPOS="216" VPOS="7784" HEIGHT="152" WIDTH="4168">
						<String CONTENT="&#169;" ID="St_1.1.39.1" HPOS="216" VPOS="7784" HEIGHT="112" WIDTH="116" STYLEREFS="Style_7" WC="0.222222222222222" CC="7"/>
						<SP ID="SP_1.1.39.2" HPOS="332" VPOS="7784" WIDTH="68"/>
						<String CONTENT="Mar." ID="St_1.1.39.3" HPOS="396" VPOS="7824" HEIGHT="92" WIDTH="288" STYLEREFS="Style_7" WC="0.795555555555556" CC="0000"/>
						<SP ID="SP_1.1.39.4" HPOS="672" VPOS="7852" WIDTH="44"/>
						<String CONTENT="22," ID="St_1.1.39.5" HPOS="744" VPOS="7824" HEIGHT="108" WIDTH="168" STYLEREFS="Style_7" WC="0.877777777777778" CC="000"/>
						<SP ID="SP_1.1.39.6" HPOS="900" VPOS="7852" WIDTH="44"/>
						<String CONTENT="1927;" ID="St_1.1.39.7" HPOS="972" VPOS="7820" HEIGHT="112" WIDTH="336" STYLEREFS="Style_7" WC="0.923333333333333" CC="00000"/>
						<SP ID="SP_1.1.39.8" HPOS="1296" VPOS="7824" WIDTH="44"/>
						<String CONTENT="2c." ID="St_1.1.39.9" HPOS="1376" VPOS="7824" HEIGHT="96" WIDTH="160" STYLEREFS="Style_7" WC="0.938888888888889" CC="000"/>
						<SP ID="SP_1.1.39.10" HPOS="1520" VPOS="7852" WIDTH="48"/>
						<String CONTENT="and" ID="St_1.1.39.11" HPOS="1596" VPOS="7824" HEIGHT="96" WIDTH="232" STYLEREFS="Style_7" WC="0.948888888888889" CC="000"/>
						<SP ID="SP_1.1.39.12" HPOS="1792" VPOS="7816" WIDTH="68"/>
						<String CONTENT="aff." ID="St_1.1.39.13" HPOS="1888" VPOS="7824" HEIGHT="96" WIDTH="196" STYLEREFS="Style_7" WC="0.957777777777778" CC="0000"/>
						<SP ID="SP_1.1.39.14" HPOS="2072" VPOS="7852" WIDTH="44"/>
						<String CONTENT="Mar." ID="St_1.1.39.15" HPOS="2152" VPOS="7816" HEIGHT="104" WIDTH="292" STYLEREFS="Style_7" WC="0.95" CC="4000"/>
						<SP ID="SP_1.1.39.16" HPOS="2432" VPOS="7852" WIDTH="44"/>
						<String CONTENT="2" ID="St_1.1.39.17" HPOS="2504" VPOS="7824" HEIGHT="92" WIDTH="64" STYLEREFS="Style_7" WC="0.953333333333333" CC="0"/>
						<String CONTENT="3" ID="St_1.1.39.18" HPOS="2576" VPOS="7824" HEIGHT="96" WIDTH="60" STYLEREFS="Style_7" WC="0.954444444444444" CC="0"/>
						<String CONTENT=";" ID="St_1.1.39.19" HPOS="2680" VPOS="7848" HEIGHT="84" WIDTH="20" STYLEREFS="Style_7" WC="0.955555555555556" CC="0"/>
						<SP ID="SP_1.1.39.20" HPOS="2688" VPOS="7824" WIDTH="48"/>
						<String CONTENT="A" ID="St_1.1.39.21" HPOS="2772" VPOS="7824" HEIGHT="88" WIDTH="96" STYLEREFS="Style_7" WC="0.957777777777778" CC="0"/>
						<SP ID="SP_1.1.39.22" HPOS="2816" VPOS="7812" WIDTH="84"/>
						<String CONTENT="97" ID="St_1.1.39.23" HPOS="2932" VPOS="7824" HEIGHT="96" WIDTH="132" STYLEREFS="Style_7" WC="0.961111111111111" CC="00"/>
						<String CONTENT="2" ID="St_1.1.39.24" HPOS="3072" VPOS="7824" HEIGHT="88" WIDTH="64" STYLEREFS="Style_7" WC="0.961111111111111" CC="0"/>
						<String CONTENT="14" ID="St_1.1.39.25" HPOS="3144" VPOS="7824" HEIGHT="88" WIDTH="128" STYLEREFS="Style_7" WC="0.963333333333333" CC="00"/>
						<String CONTENT="6" ID="St_1.1.39.26" HPOS="3284" VPOS="7824" HEIGHT="96" WIDTH="64" STYLEREFS="Style_7" WC="0.954444444444444" CC="4"/>
						<String CONTENT=";" ID="St_1.1.39.27" HPOS="3388" VPOS="7848" HEIGHT="88" WIDTH="24" STYLEREFS="Style_7" WC="0.955555555555556" CC="0"/>
						<SP ID="SP_1.1.39.28" HPOS="3396" VPOS="7824" WIDTH="52"/>
						<String CONTENT="Macmillan" ID="St_1.1.39.29" HPOS="3484" VPOS="7824" HEIGHT="100" WIDTH="672" STYLEREFS="Style_7" WC="0.963333333333333" CC="000000000"/>
						<SP ID="SP_1.1.39.30" HPOS="4116" VPOS="7828" WIDTH="72"/>
						<String CONTENT="co." ID="St_1.1.39.31" HPOS="4220" VPOS="7852" HEIGHT="76" WIDTH="164" STYLEREFS="Style_7" WC="0.965555555555556" CC="000"/>
					</TextLine>
					<TextLine ID="TL_1.1.40" HPOS="392" VPOS="7952" HEIGHT="116" WIDTH="4364">
						<String CONTENT="(27-6423)" ID="St_1.1.40.1" HPOS="392" VPOS="7952" HEIGHT="116" WIDTH="592" STYLEREFS="Style_7" WC="1" CC="000000000"/>
						<SP ID="SP_1.1.40.2" HPOS="964" VPOS="7960" WIDTH="3512"/>
						<String CONTENT="2275" ID="St_1.1.40.3" HPOS="4476" VPOS="7960" HEIGHT="104" WIDTH="280" STYLEREFS="Style_7" WC="0.662222222222222" CC="0000"/>
					</TextLine>
					<TextLine ID="TL_1.1.41" HPOS="212" VPOS="8172" HEIGHT="156" WIDTH="1544">
						<String CONTENT="Piers," ID="St_1.1.41.1" HPOS="212" VPOS="8172" HEIGHT="152" WIDTH="428" STYLEREFS="Style_7" WC="1" CC="000000"/>
						<SP ID="SP_1.1.41.2" HPOS="628" VPOS="8220" WIDTH="56"/>
						<String CONTENT="Harry," ID="St_1.1.41.3" HPOS="728" VPOS="8176" HEIGHT="152" WIDTH="520" STYLEREFS="Style_7" WC="1" CC="000000"/>
						<SP ID="SP_1.1.41.4" HPOS="1232" VPOS="8220" WIDTH="64"/>
						<String CONTENT="1870" ID="St_1.1.41.5" HPOS="1344" VPOS="8176" HEIGHT="128" WIDTH="320" STYLEREFS="Style_7" WC="1" CC="0000"/>
						<String CONTENT="&#150;" ID="St_1.1.41.6" HPOS="1668" VPOS="8256" HEIGHT="16" WIDTH="88" STYLEREFS="Style_7" WC="1" CC="0"/>
					</TextLine>
					<TextLine ID="TL_1.1.42" HPOS="380" VPOS="8360" HEIGHT="168" WIDTH="4576">
						<String CONTENT="Robert" ID="St_1.1.42.1" HPOS="380" VPOS="8360" HEIGHT="128" WIDTH="508" STYLEREFS="Style_7" WC="1" CC="000000"/>
						<SP ID="SP_1.1.42.2" HPOS="860" VPOS="8368" WIDTH="64"/>
						<String CONTENT="Field," ID="St_1.1.42.3" HPOS="960" VPOS="8364" HEIGHT="164" WIDTH="444" STYLEREFS="Style_7" WC="1" CC="000000"/>
						<SP ID="SP_1.1.42.4" HPOS="1388" VPOS="8412" WIDTH="48"/>
						<String CONTENT="portrait" ID="St_1.1.42.5" HPOS="1472" VPOS="8368" HEIGHT="160" WIDTH="592" STYLEREFS="Style_7" WC="1" CC="00000000"/>
						<SP ID="SP_1.1.42.6" HPOS="2036" VPOS="8372" WIDTH="68"/>
						<String CONTENT="painter" ID="St_1.1.42.7" HPOS="2140" VPOS="8368" HEIGHT="160" WIDTH="544" STYLEREFS="Style_7" WC="1" CC="0000000"/>
						<SP ID="SP_1.1.42.8" HPOS="2648" VPOS="8388" WIDTH="68"/>
						<String CONTENT="in" ID="St_1.1.42.9" HPOS="2752" VPOS="8368" HEIGHT="124" WIDTH="148" STYLEREFS="Style_7" WC="1" CC="00"/>
						<SP ID="SP_1.1.42.10" HPOS="2852" VPOS="8388" WIDTH="80"/>
						<String CONTENT="oils," ID="St_1.1.42.11" HPOS="2964" VPOS="8368" HEIGHT="160" WIDTH="296" STYLEREFS="Style_7" WC="1" CC="00000"/>
						<SP ID="SP_1.1.42.12" HPOS="3244" VPOS="8416" WIDTH="52"/>
						<String CONTENT="miniature" ID="St_1.1.42.13" HPOS="3336" VPOS="8368" HEIGHT="136" WIDTH="732" STYLEREFS="Style_7" WC="1" CC="000000000"/>
						<SP ID="SP_1.1.42.14" HPOS="4032" VPOS="8392" WIDTH="72"/>
						<String CONTENT="and" ID="St_1.1.42.15" HPOS="4140" VPOS="8380" HEIGHT="124" WIDTH="268" STYLEREFS="Style_7" WC="1" CC="000"/>
						<SP ID="SP_1.1.42.16" HPOS="4364" VPOS="8372" WIDTH="80"/>
						<String CONTENT="water-" ID="St_1.1.42.17" HPOS="4484" VPOS="8392" HEIGHT="112" WIDTH="472" STYLEREFS="Style_7" WC="1" CC="000000"/>
					</TextLine>
					<TextLine ID="TL_1.1.43" HPOS="220" VPOS="8548" HEIGHT="172" WIDTH="4736">
						<String CONTENT="colours" ID="St_1.1.43.1" HPOS="220" VPOS="8548" HEIGHT="124" WIDTH="516" STYLEREFS="Style_7" WC="1" CC="0000000"/>
						<SP ID="SP_1.1.43.2" HPOS="704" VPOS="8572" WIDTH="84"/>
						<String CONTENT="and" ID="St_1.1.43.3" HPOS="840" VPOS="8552" HEIGHT="124" WIDTH="268" STYLEREFS="Style_7" WC="1" CC="000"/>
						<SP ID="SP_1.1.43.4" HPOS="1068" VPOS="8548" WIDTH="100"/>
						<String CONTENT="engraver," ID="St_1.1.43.5" HPOS="1220" VPOS="8592" HEIGHT="124" WIDTH="700" STYLEREFS="Style_7" WC="1" CC="000000000"/>
						<SP ID="SP_1.1.43.6" HPOS="1904" VPOS="8600" WIDTH="76"/>
						<String CONTENT="by" ID="St_1.1.43.7" HPOS="2032" VPOS="8552" HEIGHT="164" WIDTH="172" STYLEREFS="Style_7" WC="1" CC="00"/>
						<SP ID="SP_1.1.43.8" HPOS="2160" VPOS="8572" WIDTH="104"/>
						<String CONTENT="Harry" ID="St_1.1.43.9" HPOS="2316" VPOS="8552" HEIGHT="164" WIDTH="472" STYLEREFS="Style_7" WC="1" CC="00000"/>
						<SP ID="SP_1.1.43.10" HPOS="2744" VPOS="8572" WIDTH="100"/>
						<String CONTENT="Piers." ID="St_1.1.43.11" HPOS="2900" VPOS="8552" HEIGHT="128" WIDTH="432" STYLEREFS="Style_7" WC="1" CC="000000"/>
						<SP ID="SP_1.1.43.12" HPOS="3316" VPOS="8600" WIDTH="124"/>
						<String CONTENT="New" ID="St_1.1.43.13" HPOS="3552" VPOS="8556" HEIGHT="128" WIDTH="328" STYLEREFS="Style_7" WC="1" CC="000"/>
						<SP ID="SP_1.1.43.14" HPOS="3816" VPOS="8572" WIDTH="120"/>
						<String CONTENT="York," ID="St_1.1.43.15" HPOS="3992" VPOS="8560" HEIGHT="160" WIDTH="432" STYLEREFS="Style_7" WC="1" CC="00000"/>
						<SP ID="SP_1.1.43.16" HPOS="4408" VPOS="8604" WIDTH="72"/>
						<String CONTENT="F." ID="St_1.1.43.17" HPOS="4532" VPOS="8564" HEIGHT="128" WIDTH="152" STYLEREFS="Style_7" WC="1" CC="00"/>
						<SP ID="SP_1.1.43.18" HPOS="4672" VPOS="8608" WIDTH="68"/>
						<String CONTENT="F." ID="St_1.1.43.19" HPOS="4800" VPOS="8572" HEIGHT="124" WIDTH="156" STYLEREFS="Style_7" WC="1" CC="00"/>
					</TextLine>
					<TextLine ID="TL_1.1.44" HPOS="224" VPOS="8728" HEIGHT="168" WIDTH="1136">
						<String CONTENT="Sherman," ID="St_1.1.44.1" HPOS="224" VPOS="8728" HEIGHT="168" WIDTH="700" STYLEREFS="Style_7" WC="1" CC="00000000"/>
						<SP ID="SP_1.1.44.2" HPOS="912" VPOS="8784" WIDTH="56"/>
						<String CONTENT="1927." ID="St_1.1.44.3" HPOS="1004" VPOS="8732" HEIGHT="132" WIDTH="356" STYLEREFS="Style_7" WC="1" CC="00000"/>
					</TextLine>
					<TextLine ID="TL_1.1.45" HPOS="384" VPOS="8924" HEIGHT="124" WIDTH="4452">
						<String CONTENT="xiv" ID="St_1.1.45.1" HPOS="384" VPOS="8928" HEIGHT="96" WIDTH="196" STYLEREFS="Style_7" WC="1" CC="000"/>
						<SP ID="SP_1.1.45.2" HPOS="548" VPOS="8936" WIDTH="68"/>
						<String CONTENT="p.," ID="St_1.1.45.3" HPOS="648" VPOS="8956" HEIGHT="88" WIDTH="136" STYLEREFS="Style_7" WC="1" CC="000"/>
						<SP ID="SP_1.1.45.4" HPOS="772" VPOS="8960" WIDTH="48"/>
						<String CONTENT="1" ID="St_1.1.45.5" HPOS="856" VPOS="8932" HEIGHT="92" WIDTH="60" STYLEREFS="Style_7" WC="1" CC="0"/>
						<SP ID="SP_1.1.45.6" HPOS="884" VPOS="8924" WIDTH="68"/>
						<String CONTENT="l" ID="St_1.1.45.7" HPOS="988" VPOS="8932" HEIGHT="92" WIDTH="36" STYLEREFS="Style_7" WC="1" CC="0"/>
						<String CONTENT=".," ID="St_1.1.45.8" HPOS="1040" VPOS="9004" HEIGHT="40" WIDTH="48" STYLEREFS="Style_7" WC="1" CC="00"/>
						<SP ID="SP_1.1.45.9" HPOS="1080" VPOS="8960" WIDTH="48"/>
						<String CONTENT="202" ID="St_1.1.45.10" HPOS="1168" VPOS="8932" HEIGHT="96" WIDTH="204" STYLEREFS="Style_7" WC="1" CC="000"/>
						<SP ID="SP_1.1.45.11" HPOS="1340" VPOS="8924" WIDTH="68"/>
						<String CONTENT="p.," ID="St_1.1.45.12" HPOS="1440" VPOS="8960" HEIGHT="88" WIDTH="136" STYLEREFS="Style_7" WC="1" CC="000"/>
						<SP ID="SP_1.1.45.13" HPOS="1564" VPOS="8960" WIDTH="48"/>
						<String CONTENT="1" ID="St_1.1.45.14" HPOS="1644" VPOS="8932" HEIGHT="96" WIDTH="60" STYLEREFS="Style_7" WC="1" CC="0"/>
						<SP ID="SP_1.1.45.15" HPOS="1672" VPOS="8924" WIDTH="68"/>
						<String CONTENT="l" ID="St_1.1.45.16" HPOS="1776" VPOS="8936" HEIGHT="92" WIDTH="36" STYLEREFS="Style_7" WC="1" CC="0"/>
						<String CONTENT="." ID="St_1.1.45.17" HPOS="1824" VPOS="9008" HEIGHT="24" WIDTH="24" STYLEREFS="Style_7" WC="1" CC="0"/>
						<SP ID="SP_1.1.45.18" HPOS="1836" VPOS="8960" WIDTH="96"/>
						<String CONTENT="front.," ID="St_1.1.45.19" HPOS="2020" VPOS="8932" HEIGHT="116" WIDTH="392" STYLEREFS="Style_7" WC="1" CC="0000000"/>
						<SP ID="SP_1.1.45.20" HPOS="2400" VPOS="8960" WIDTH="48"/>
						<String CONTENT="illus." ID="St_1.1.45.21" HPOS="2484" VPOS="8932" HEIGHT="96" WIDTH="312" STYLEREFS="Style_7" WC="1" CC="000000"/>
						<SP ID="SP_1.1.45.22" HPOS="2784" VPOS="8960" WIDTH="44"/>
						<String CONTENT="(facsims.)" ID="St_1.1.45.23" HPOS="2860" VPOS="8928" HEIGHT="120" WIDTH="636" STYLEREFS="Style_7" WC="1" CC="0000000000"/>
						<SP ID="SP_1.1.45.24" HPOS="3476" VPOS="8924" WIDTH="64"/>
						<String CONTENT="ports." ID="St_1.1.45.25" HPOS="3584" VPOS="8940" HEIGHT="108" WIDTH="356" STYLEREFS="Style_7" WC="1" CC="000000"/>
						<SP ID="SP_1.1.45.26" HPOS="3928" VPOS="8964" WIDTH="80"/>
						<String CONTENT="24&#189;&#x0368;&#x036B;" ID="St_1.1.45.27" HPOS="4080" VPOS="8924" HEIGHT="108" WIDTH="756" STYLEREFS="Style_8" WC="1" CC="00000"/>
						<String CONTENT="." ID="St_1.1.45.28" HPOS="4400" VPOS="8964" HEIGHT="56" WIDTH="28" STYLEREFS="Style_8" WC="0.991111111111111" CC="5"/>
					</TextLine>
					<TextLine ID="TL_1.1.46" HPOS="392" VPOS="9088" HEIGHT="136" WIDTH="3836">
						<String CONTENT="&quot;Three" ID="St_1.1.46.1" HPOS="392" VPOS="9096" HEIGHT="96" WIDTH="436" STYLEREFS="Style_8" WC="1" CC="000000"/>
						<SP ID="SP_1.1.46.2" HPOS="796" VPOS="9100" WIDTH="64"/>
						<String CONTENT="hundred" ID="St_1.1.46.3" HPOS="900" VPOS="9100" HEIGHT="96" WIDTH="524" STYLEREFS="Style_8" WC="1" CC="0000000"/>
						<SP ID="SP_1.1.46.4" HPOS="1388" VPOS="9088" WIDTH="72"/>
						<String CONTENT="and" ID="St_1.1.46.5" HPOS="1496" VPOS="9104" HEIGHT="92" WIDTH="232" STYLEREFS="Style_8" WC="1" CC="000"/>
						<SP ID="SP_1.1.46.6" HPOS="1688" VPOS="9088" WIDTH="72"/>
						<String CONTENT="twenty-" ID="St_1.1.46.7" HPOS="1792" VPOS="9108" HEIGHT="108" WIDTH="480" STYLEREFS="Style_8" WC="1" CC="0000000"/>
						<String CONTENT="f" ID="St_1.1.46.8" HPOS="2276" VPOS="9104" HEIGHT="92" WIDTH="40" STYLEREFS="Style_8" WC="1" CC="0"/>
						<String CONTENT="ive" ID="St_1.1.46.9" HPOS="2320" VPOS="9104" HEIGHT="96" WIDTH="176" STYLEREFS="Style_8" WC="1" CC="000"/>
						<SP ID="SP_1.1.46.10" HPOS="2460" VPOS="9104" WIDTH="68"/>
						<String CONTENT="copies" ID="St_1.1.46.11" HPOS="2568" VPOS="9100" HEIGHT="116" WIDTH="380" STYLEREFS="Style_8" WC="1" CC="000000"/>
						<SP ID="SP_1.1.46.12" HPOS="2920" VPOS="9100" WIDTH="64"/>
						<String CONTENT="privately" ID="St_1.1.46.13" HPOS="3024" VPOS="9100" HEIGHT="124" WIDTH="576" STYLEREFS="Style_8" WC="1" CC="000000000"/>
						<SP ID="SP_1.1.46.14" HPOS="3560" VPOS="9104" WIDTH="72"/>
						<String CONTENT="printed.&quot;" ID="St_1.1.46.15" HPOS="3668" VPOS="9108" HEIGHT="116" WIDTH="560" STYLEREFS="Style_8" WC="1" CC="000000000"/>
					</TextLine>
					<TextLine ID="TL_1.1.47" HPOS="392" VPOS="9228" HEIGHT="128" WIDTH="3508">
						<String CONTENT="&quot;Descriptive" ID="St_1.1.47.1" HPOS="392" VPOS="9232" HEIGHT="116" WIDTH="792" STYLEREFS="Style_8" WC="1" CC="000000000000"/>
						<SP ID="SP_1.1.47.2" HPOS="1152" VPOS="9240" WIDTH="64"/>
						<String CONTENT="catalogue" ID="St_1.1.47.3" HPOS="1252" VPOS="9240" HEIGHT="112" WIDTH="604" STYLEREFS="Style_8" WC="1" CC="000000000"/>
						<SP ID="SP_1.1.47.4" HPOS="1824" VPOS="9244" WIDTH="68"/>
						<String CONTENT="of" ID="St_1.1.47.5" HPOS="1932" VPOS="9240" HEIGHT="96" WIDTH="120" STYLEREFS="Style_8" WC="1" CC="00"/>
						<SP ID="SP_1.1.47.6" HPOS="2020" VPOS="9228" WIDTH="64"/>
						<String CONTENT="Field&apos;s" ID="St_1.1.47.7" HPOS="2120" VPOS="9236" HEIGHT="100" WIDTH="424" STYLEREFS="Style_8" WC="1" CC="0000000"/>
						<SP ID="SP_1.1.47.8" HPOS="2516" VPOS="9244" WIDTH="64"/>
						<String CONTENT="works&quot;:" ID="St_1.1.47.9" HPOS="2620" VPOS="9228" HEIGHT="108" WIDTH="512" STYLEREFS="Style_8" WC="0.988888888888889" CC="0000040"/>
						<SP ID="SP_1.1.47.10" HPOS="3120" VPOS="9244" WIDTH="52"/>
						<String CONTENT="p." ID="St_1.1.47.11" HPOS="3216" VPOS="9268" HEIGHT="88" WIDTH="100" STYLEREFS="Style_8" WC="0.988888888888889" CC="00"/>
						<SP ID="SP_1.1.47.12" HPOS="3304" VPOS="9268" WIDTH="44"/>
						<String CONTENT="117&#150;196." ID="St_1.1.47.13" HPOS="3388" VPOS="9244" HEIGHT="100" WIDTH="512" STYLEREFS="Style_8" WC="0.991111111111111" CC="00000000"/>
					</TextLine>
					<TextLine ID="TL_1.1.48" HPOS="228" VPOS="9364" HEIGHT="160" WIDTH="4736">
						<String CONTENT="&#169;" ID="St_1.1.48.1" HPOS="228" VPOS="9364" HEIGHT="112" WIDTH="124" STYLEREFS="Style_8" WC="0.222222222222222" CC="7"/>
						<SP ID="SP_1.1.48.2" HPOS="352" VPOS="9364" WIDTH="88"/>
						<String CONTENT="Feb." ID="St_1.1.48.3" HPOS="440" VPOS="9400" HEIGHT="100" WIDTH="260" STYLEREFS="Style_8" WC="0.795555555555556" CC="0000"/>
						<SP ID="SP_1.1.48.4" HPOS="688" VPOS="9432" WIDTH="52"/>
						<String CONTENT="13," ID="St_1.1.48.5" HPOS="784" VPOS="9404" HEIGHT="112" WIDTH="164" STYLEREFS="Style_8" WC="0.877777777777778" CC="000"/>
						<SP ID="SP_1.1.48.6" HPOS="936" VPOS="9432" WIDTH="56"/>
						<String CONTENT="1927:" ID="St_1.1.48.7" HPOS="1036" VPOS="9404" HEIGHT="100" WIDTH="332" STYLEREFS="Style_8" WC="0.923333333333333" CC="00000"/>
						<SP ID="SP_1.1.48.8" HPOS="1356" VPOS="9408" WIDTH="56"/>
						<String CONTENT="2c." ID="St_1.1.48.9" HPOS="1460" VPOS="9408" HEIGHT="96" WIDTH="164" STYLEREFS="Style_8" WC="0.938888888888889" CC="000"/>
						<SP ID="SP_1.1.48.10" HPOS="1612" VPOS="9436" WIDTH="52"/>
						<String CONTENT="and" ID="St_1.1.48.11" HPOS="1708" VPOS="9412" HEIGHT="92" WIDTH="228" STYLEREFS="Style_8" WC="0.948888888888889" CC="000"/>
						<SP ID="SP_1.1.48.12" HPOS="1900" VPOS="9400" WIDTH="76"/>
						<String CONTENT="aff." ID="St_1.1.48.13" HPOS="2024" VPOS="9408" HEIGHT="100" WIDTH="196" STYLEREFS="Style_8" WC="0.957777777777778" CC="0000"/>
						<SP ID="SP_1.1.48.14" HPOS="2208" VPOS="9436" WIDTH="56"/>
						<String CONTENT="Mar." ID="St_1.1.48.15" HPOS="2312" VPOS="9412" HEIGHT="92" WIDTH="288" STYLEREFS="Style_8" WC="0.963333333333333" CC="0000"/>
						<SP ID="SP_1.1.48.16" HPOS="2584" VPOS="9436" WIDTH="56"/>
						<String CONTENT="28;" ID="St_1.1.48.17" HPOS="2688" VPOS="9408" HEIGHT="112" WIDTH="196" STYLEREFS="Style_8" WC="0.967777777777778" CC="000"/>
						<SP ID="SP_1.1.48.18" HPOS="2872" VPOS="9408" WIDTH="60"/>
						<String CONTENT="A" ID="St_1.1.48.19" HPOS="2980" VPOS="9408" HEIGHT="92" WIDTH="96" STYLEREFS="Style_8" WC="0.968888888888889" CC="0"/>
						<SP ID="SP_1.1.48.20" HPOS="3024" VPOS="9396" WIDTH="92"/>
						<String CONTENT="9" ID="St_1.1.48.21" HPOS="3160" VPOS="9412" HEIGHT="92" WIDTH="64" STYLEREFS="Style_8" WC="0.97" CC="0"/>
						<String CONTENT="72278;" ID="St_1.1.48.22" HPOS="3232" VPOS="9412" HEIGHT="112" WIDTH="404" STYLEREFS="Style_8" WC="0.974444444444444" CC="000000"/>
						<SP ID="SP_1.1.48.23" HPOS="3624" VPOS="9412" WIDTH="60"/>
						<String CONTENT="Frederic" ID="St_1.1.48.24" HPOS="3732" VPOS="9416" HEIGHT="100" WIDTH="544" STYLEREFS="Style_8" WC="0.977777777777778" CC="00000000"/>
						<SP ID="SP_1.1.48.25" HPOS="4244" VPOS="9416" WIDTH="76"/>
						<String CONTENT="Fairchild" ID="St_1.1.48.26" HPOS="4368" VPOS="9416" HEIGHT="96" WIDTH="596" STYLEREFS="Style_8" WC="0.981111111111111" CC="000000000"/>
					</TextLine>
					<TextLine ID="TL_1.1.49" HPOS="392" VPOS="9532" HEIGHT="128" WIDTH="4372">
						<String CONTENT="Sherman." ID="St_1.1.49.1" HPOS="392" VPOS="9536" HEIGHT="100" WIDTH="588" STYLEREFS="Style_8" WC="1" CC="00000000"/>
						<SP ID="SP_1.1.49.2" HPOS="968" VPOS="9564" WIDTH="96"/>
						<String CONTENT="(27-6889)" ID="St_1.1.49.3" HPOS="1148" VPOS="9540" HEIGHT="120" WIDTH="596" STYLEREFS="Style_9" WC="1" CC="000000000"/>
						<SP ID="SP_1.1.49.4" HPOS="1724" VPOS="9532" WIDTH="2756"/>
						<String CONTENT="2276" ID="St_1.1.49.5" HPOS="4480" VPOS="9548" HEIGHT="100" WIDTH="284" STYLEREFS="Style_9" WC="0.731111111111111" CC="0000"/>
					</TextLine>
					<TextLine ID="TL_1.1.50" HPOS="2488" VPOS="9672" HEIGHT="120" WIDTH="244">
						<String CONTENT="349" ID="St_1.1.50.1" HPOS="2488" VPOS="9672" HEIGHT="120" WIDTH="244" STYLEREFS="Style_9" WC="1" CC="000"/>
					</TextLine>
				</TextBlock>
			</PrintSpace>
		</Page>
	</Layout>
</alto>
