5968 10284
936 908 660 148 Dickens,
1680 908 584 128 Charles
2268 984 184 20 —
2460 904 772 132 Continued

1116 1112 60 96 6
1252 1136 104 88 p.
1428 1112 40 92 l
1480 1184 56 40 .,
1612 1104 64 100 5
1680 1164 72 12 –
1748 1104 208 100 135
2028 1132 104 92 p.
2204 1104 124 96 in
2336 1108 100 92 cl
2452 1180 24 24 .
2544 1108 412 112 plates.
3104 1104 208 96 col.
3380 1104 396 116 front.,
3848 1104 64 96 3
3988 1100 200 100 col.
4272 1128 76 92 p
4348 1104 40 92 l
4404 1176 20 24 .
4568 1100 716 120 19½ͨͫ.
5064 1104 280 96 [The
5420 1108 300 96 Mac-

948 1248 408 96 millan
1432 1240 624 104 children's
2136 1244 100 96 cl
2248 1240 236 96 assi
2492 1272 56 64 c
2560 1268 80 80 s]

1116 1416 696 100 Illustrated
1884 1408 880 120 lining-papers.

1124 1552 348 96 "This
1560 1552 324 112 story
1976 1572 244 72 was
2312 1544 560 116 specially
2960 1544 472 100 written
3524 1548 192 92 for
3808 1572 148 72 an
4048 1544 616 100 American
4752 1548 632 116 magazine,
5488 1548 236 100 Our

956 1716 376 88 young
1404 1688 344 112 folks,
1828 1684 640 116 appearing
2540 1684 652 112 Jan.–May,
3268 1680 308 116 1868,
3660 1680 340 120 being
4068 1680 612 120 published
4760 1684 964 116 simultaneously

952 1828 120 96 in
1140 1828 184 96 All
1396 1828 192 96 the
1660 1848 276 88 year
2008 1820 476 100 round."
2488 1876 144 12 —
2636 1820 636 112 Hayward,
3344 1820 244 96 The
3656 1816 508 100 Dickens
4228 1816 880 120 encyclopædia,
5180 1848 108 92 p.
5360 1824 168 100 82.

1124 1988 156 100 CO
1288 1996 524 84 NTENTS.
1788 2040 144 12 —
1932 1984 244 92 The
2236 1980 540 96 colonel's
2840 1980 748 96 bride.—The
3652 1980 376 112 magic
4088 1980 56 96 f
4128 1992 36 84 i
4176 1980 1160 120 sh-bone.—Captain
5392 1984 336 96 Bold-

956 2124 760 96 heart.—The
1792 2120 452 116 perfect
2316 2124 524 104 country.

956 2244 120 116 ©
1164 2260 276 116 Apr.
1524 2260 168 112 26,
1780 2256 336 112 1927;
2212 2256 160 96 2c.
2464 2256 228 92 and
2780 2252 200 96 aff.
3064 2252 272 116 Apr.
3428 2252 196 112 27;
3720 2252 100 92 A
3904 2252 480 116 972908;
4484 2252 672 100 Macmillan
5248 2280 160 76 co.
5560 2248 164 128 [©

1112 2396 796 96 illustrations
2116 2388 668 120 (27-11218)
5244 2388 284 104 4188

948 2620 556 152 Dingle,
1580 2620 128 124 A
2392 2616 164 124 E.

1124 2804 904 164 Fathomless,
2092 2804 180 164 by
2344 2800 600 168 Captain
3012 2804 548 164 Dingle.
3744 2804 328 124 New
4144 2800 432 164 York,
4648 2804 484 164 Henry
5204 2804 528 132 Water-

960 3044 56 76 s
1028 3036 76 84 o
1112 3040 88 80 n
1284 3036 672 120 company
2080 3004 88 128 [1
2184 2988 244 132 927
2436 3068 32 84 ]

1128 3192 68 96 5
1260 3216 104 92 p.
1432 3192 44 92 l
1484 3264 56 40 .,
1608 3188 204 100 294
1876 3212 108 92 p.
2128 3188 720 112 19½ͨͫ.

964 3324 116 112 ©
1148 3332 268 112 May
1464 3328 160 112 16,
1672 3328 56 92 1
1744 3324 60 96 9
1812 3324 196 116 27;
2072 3328 160 92 2c.
2280 3328 268 112 May
2612 3324 192 112 18;
2872 3320 196 100 aff.
3132 3324 272 116 May
3464 3324 200 112 17;
3728 3324 96 92 A
3888 3324 204 96 990
4100 3324 132 92 18
4240 3324 60 96 3
4344 3348 20 88 ;
4432 3324 400 116 Henry
4900 3328 616 100 Waterson
5576 3356 160 72 co.

1148 3464 668 120 (27-11211)
5252 3456 288 104 4189

968 3692 580 148 Dreyer,
1624 3692 380 144 Max,
2088 3692 320 120 1862
2412 3764 72 12 –

1196 3884 80 132 …
1356 3876 288 124 Das
1712 3868 1172 168 riesenspielzeug.
3044 3868 616 168 Leipzig,
3728 3872 152 124 L.
3960 3868 972 168 Staackmann,
5008 3876 356 120 1926.

1136 4068 136 96 15
1276 4068 64 96 0
1408 4096 108 92 p.
1660 4068 680 108 19ͨͫ.

972 4184 112 108 ©
1180 4208 308 112 Sept.
1560 4204 168 116 28,
1804 4204 204 96 192
2020 4204 60 96 6
2120 4228 20 88 ;
2224 4204 60 92 1
2296 4228 56 68 c
2368 4284 16 16 .
2464 4204 264 96 Jan.
2804 4204 96 112 7,
2980 4200 336 116 1927;
3400 4200 744 120 A—Foreign
4220 4204 64 96 3
4292 4204 204 96 327
4504 4204 64 96 9
4608 4228 24 88 ;
4716 4204 124 96 L.
4924 4204 820 108 Staackmann,

1128 4348 432 108 verlag,
1632 4368 100 88 g.
1812 4356 140 80 m.
2028 4344 100 96 b.
2200 4340 112 96 h.
2480 4340 672 116 (27-12114)
5260 4336 288 100 4190

976 4564 700 156 Eberlein,
1752 4564 532 128 Harold
2356 4564 852 128 Donaldson.

1136 4760 292 124 The
1488 4756 660 164 practical
2204 4752 356 128 book
2620 4752 152 128 of
2832 4752 736 128 American
3632 4752 660 164 antiques,
4356 4752 668 128 exclusive
5088 4752 160 128 of
5308 4756 440 124 furni-

968 4952 340 152 ture,
1360 4940 528 128 revised
1948 4940 268 124 and
2276 4940 336 124 with
2668 4984 76 80 a
2800 4980 292 84 new
3152 4940 908 164 supplement,
4108 4940 188 164 by
4348 4936 548 132 Harold
4952 4940 804 128 Donaldson

976 5124 644 128 Eberlein
1716 5124 268 128 and
2080 5120 468 132 Abbot
2644 5120 716 164 McClure;
3464 5124 228 128 the
3788 5128 568 160 chapter
4452 5168 172 84 on
4720 5128 384 164 early
5192 5128 292 124 lace
5576 5128 180 164 by

976 5312 456 128 Mabel
1516 5312 488 128 Foster
2084 5308 916 168 Bainbridge;
3088 5312 232 124 the
3400 5312 568 164 chapter
4052 5356 176 84 on
4312 5308 736 136 Sandwich
5132 5316 368 164 glass
5576 5312 184 168 by

972 5496 524 128 Lenore
1572 5496 632 128 Wheeler
2276 5492 732 132 Williams.
3172 5496 396 128 With
3648 5492 244 132 257
3972 5496 956 164 illustrations,
5008 5500 232 128 the
5324 5500 432 124 draw-

980 5680 308 168 ings
1384 5680 180 164 by
1676 5676 468 132 Abbot
2244 5676 692 132 McClure.
3132 5680 980 164 Philadelphia
4228 5684 276 128 and
4608 5684 620 164 London,
5340 5684 136 132 J.
5596 5688 160 124 B.

976 5864 816 164 Lippincott
1848 5904 712 128 company,
2624 5860 364 136 1927.

1144 6060 68 92 2
1284 6084 108 92 p.
1456 6060 44 92 l
1512 6088 44 68 .,
1644 6056 148 116 iv,
1864 6056 212 100 390
2144 6084 104 92 p.
2392 6060 212 100 col.
2676 6060 392 116 front.,
3148 6060 88 96 il
3240 6060 40 92 l
3288 6084 204 92 us.,
3568 6064 412 112 plates.
4128 6056 720 112 23ͨͫ.
4560 6048 800 132 [Lippincott's
5444 6092 316 88 prac-

984 6192 276 100 tical
1316 6192 356 96 books
1720 6192 192 96 for
1972 6196 192 92 the
2224 6192 724 100 enrichment
3000 6196 124 96 of
3176 6196 332 96 home
3564 6192 288 108 life]

1152 6328 632 96 Published
1872 6328 276 96 1916
2240 6316 368 108 under
2704 6332 320 96 title:
3128 6332 244 96 The
3464 6332 568 112 practical
4120 6336 296 92 book
4508 6336 124 92 of
4724 6336 324 112 early
5144 6332 616 100 American

984 6468 252 88 arts
1296 6464 232 92 and
1588 6460 408 100 crafts.

1152 6596 904 116 Bibliography:
2128 6624 100 88 p.
2304 6596 124 100 [9]

992 6704 116 108 ©
1184 6736 268 112 Apr.
1524 6736 160 108 14,
1756 6732 336 112 1927;
2164 6736 160 96 2c.
2396 6736 228 92 and
2688 6732 192 96 aff.
2956 6736 116 92 M
3084 6760 144 88 ay
3296 6736 196 112 19;
3568 6736 96 92 A
3732 6736 348 96 97667
4088 6736 60 96 5
4192 6764 20 88 ;
4288 6740 104 100 J.
4464 6744 132 96 B.
4668 6736 668 120 Lippincott
5404 6764 160 76 co.

1176 6868 668 120 (27-11676)
5276 6868 284 108 4191

1004 7092 712 152 [Edinger,
1800 7092 536 128 Gaston
2356 7176 28 76 ]

1256 7280 84 136 …
1424 7276 388 132 Juifs
1920 7276 1092 168 d'aujourd'hui;
3132 7284 192 124 les
3432 7284 1056 164 doubles-Juifs,
4604 7328 516 84 roman.
5320 7288 448 160 Paris,

992 7460 136 128 J.
1196 7460 644 128 Ferenczi
1904 7472 132 116 et
2096 7460 216 132 fils
2388 7540 32 84 [
2436 7460 324 136 1927
2768 7540 32 84 ]

1164 7652 64 96 3
1288 7680 104 88 p.
1452 7656 108 112 1.,
1636 7664 44 64 [
1672 7680 124 72 v]
1780 7708 76 12 –
1840 7672 88 68 X
1944 7728 24 40 ,
2036 7700 28 72 [
2068 7660 64 92 3
2148 7672 104 80 ]–
2252 7656 204 100 197
2516 7684 140 88 p.,
2720 7660 68 96 3
2848 7660 40 92 l
2900 7736 24 20 .
3060 7652 60 92 1
3136 7656 648 104 9ͨͫ
3312 7688 24 56 .

1168 7784 548 100 Author's
1776 7792 432 112 pseud.,
2276 7792 360 96 Jacob
2696 7780 156 108 Lé
2860 7820 68 68 v
2936 7820 100 88 y,
3104 7804 124 84 at
3288 7796 300 92 head
3652 7796 124 96 of
3840 7796 288 96 title.

1000 7912 116 112 ©
1204 7924 264 96 Feb.
1540 7924 164 112 15,
1780 7924 336 112 1927;
2264 7924 144 112 1c.
2432 7932 124 88 M
2560 7952 164 72 ar.
2800 7928 196 112 28;
3080 7928 736 112 A—Foreign
3892 7936 204 92 337
4104 7936 64 92 5
4176 7936 124 112 2;
4384 7936 104 96 J.
4568 7936 548 96 Ferenczi
5188 7936 88 96 &
5344 7936 76 96 fi
5428 7936 40 92 l
5476 7960 88 76 s.

1188 8056 668 116 (27-12072)
5276 8068 292 100 4192

996 8276 308 152 Ely,
1384 8280 484 128 James
1944 8280 160 128 E.

1168 8460 684 164 Glimpses
1948 8468 156 124 of
2204 8468 396 132 Bible
2696 8472 636 128 climaxes
3432 8476 368 128 from
3900 8472 304 132 "the
4296 8480 832 168 beginning"
5224 8504 136 104 to
5460 8480 308 128 "the

1000 8648 384 160 end",
1452 8648 180 164 by
1700 8652 464 128 James
2236 8656 160 124 E.
2476 8656 268 164 Ely
2824 8660 84 128 …
3156 8656 552 132 Garden
3780 8660 364 168 City,
4212 8664 408 164 Kan.,
4692 8664 1076 128 Businessman's

1000 8836 468 160 gospel
1536 8832 808 132 association
2428 8832 492 152 [ͨ1927]

1168 9032 64 92 3
1320 9056 100 88 p.
1508 9028 40 88 l
1560 9108 52 36 .,
1696 9032 144 112 vi,
1932 9036 200 92 302
2216 9064 104 84 p.
2464 9036 340 112 illus.,
2888 9036 428 116 diagrs.
3460 9036 720 104 24ͨͫ.
3904 9040 604 116 (Lettered
4596 9068 144 76 on
4820 9072 392 72 cover:
5288 9048 472 116 Exposi-

1008 9160 304 96 tions
1376 9164 124 92 of
1568 9168 192 96 the
1828 9168 360 112 Bible,
2260 9172 216 92 vol.
2544 9184 40 68 I
2612 9172 32 108 )

1016 9256 112 112 ©
1200 9300 292 96 Mar.
1552 9300 60 88 2
1624 9300 64 88 9
1696 9372 20 36 ,
1780 9300 336 112 1927;
2180 9304 64 88 2
2244 9280 56 88 c
2324 9376 20 20 .
2404 9300 60 80 a
2480 9304 152 92 nd
2692 9300 196 100 aff.
2956 9304 268 112 May
3288 9304 192 116 16;
3552 9308 96 92 A
3708 9304 480 116 990099;
4256 9312 104 96 J.
4428 9316 92 88 E
4536 9388 16 20 .
4624 9316 244 112 Ely,
4936 9312 464 100 Garden
5468 9312 292 120 City,

1176 9424 112 88 K
1292 9456 52 64 a
1328 9456 60 64 n
1452 9508 20 20 .
1640 9432 668 120 (27-11595)
5280 9444 284 100 4193

3284 9568 240 124 638
