5968 10284
876 916 404 152 Hale,
1352 916 608 124 Edward
2040 912 640 152 Everett,
2764 920 316 116 1822
3084 992 88 12 –
3180 920 360 116 1909.

1056 1108 288 124 The
1408 1148 316 76 man
1792 1104 584 120 without
2436 1148 76 76 a
2576 1112 616 152 country,
3252 1100 180 160 by
3496 1096 608 128 Edward
4168 1100 568 120 Everett
4792 1096 424 160 Hale;
5296 1096 368 124 illus-

888 1292 452 124 trated
1440 1292 180 160 by
1720 1292 348 120 Milo
2172 1288 580 128 Winter.
2936 1280 648 168 Chicago,
3688 1284 168 124 A.
3964 1284 720 132 Whitman
4784 1288 112 120 &
5000 1324 664 120 company

900 1524 144 128 [ͨ
1004 1476 320 132 1927
1332 1556 28 80 ]

1060 1672 200 96 128
1344 1704 104 84 p.
1536 1672 180 96 inc
1720 1676 40 88 l
1776 1752 20 16 .
1884 1676 208 92 col.
2176 1672 388 112 front.,
2652 1668 308 100 illus.
3028 1668 324 116 (part
3432 1668 272 112 col.)
3804 1692 60 68 c
3868 1692 64 72 o
3936 1668 76 96 l.
4092 1668 416 112 plates.
4652 1668 680 112 21ͨͫ.

1056 1840 760 116 Advertising
1876 1844 492 92 matter:
2440 1864 104 88 p.
2612 1840 236 96 128.

900 2012 116 108 ©
1092 2012 68 96 S
1172 2020 224 108 ept.
1456 2016 40 88 1
1524 2012 92 112 2,
1680 2008 336 116 1927;
2080 2008 160 96 2c.
2308 2008 308 116 Sept.
2672 2008 64 92 2
2744 2008 72 92 0
2852 2032 20 84 ;
2944 2032 56 68 a
3016 2004 92 96 ff
3120 2088 16 16 .
3204 2004 72 96 S
3288 2032 136 88 ep
3436 2008 40 92 t
3492 2084 20 20 .
3576 2008 192 108 17;
3836 2004 100 96 A
3996 2008 48 88 1
4064 2004 140 96 00
4204 2004 212 96 423
4416 2004 64 96 9
4524 2028 24 88 ;
4612 2008 92 92 A
4716 2004 112 96 lb
4840 2008 176 92 ert
5080 2004 592 96 Whitman

1064 2148 84 96 &
1228 2176 156 72 co.
1540 2192 24 72 [
1620 2204 80 96 ©
1788 2144 816 144 illustrations]
2788 2140 668 120 (27-19410)
5192 2136 284 100 7859

896 2440 732 148 Halstead,
1704 2440 520 128 Frank.

1068 2628 824 128 Architects'
1960 2628 268 124 and
2296 2624 648 128 builders'
3012 2624 688 128 reference
3768 2624 388 164 book,
4228 2624 176 164 by
4476 2624 472 124 Frank
5012 2624 676 128 Halstead

1064 2828 88 132 …
1240 2816 332 128 New
1668 2816 428 160 York,
2192 2816 132 128 J.
2420 2812 456 168 Wiley
2972 2816 104 120 &
3168 2856 348 116 sons,
3612 2812 328 160 inc.;
4044 2812 616 160 London,
4764 2808 724 164 Chapman
5580 2816 100 116 &

904 3004 384 160 Hall,
1356 3004 580 160 limited,
2012 3004 360 124 1927.

1072 3200 240 112 viii,
1384 3200 200 96 193
1652 3224 104 88 p.
1824 3196 184 100 inc
2016 3200 40 88 l
2068 3276 20 20 .
2160 3200 136 92 67
2360 3224 72 88 p
2436 3200 40 88 l
2488 3272 24 24 .
2656 3200 676 108 28½ͨͫ.
3280 3192 316 120 $3.00

1080 3368 348 96 "This
1508 3368 324 112 book,
1912 3368 532 112 together
2520 3364 284 100 with
2888 3368 196 96 the
3160 3368 460 96 volume
3696 3392 148 72 on
3924 3368 196 100 the
4200 3368 428 96 Orders
4708 3368 124 100 of
4908 3364 780 100 architecture

912 3508 228 92 and
1220 3504 196 96 the
1492 3532 212 68 one
1780 3532 148 68 on
2004 3504 868 96 Architectural
2948 3500 460 120 details,
3492 3504 96 96 is
3672 3500 196 100 the
3948 3504 660 116 outgrowth
4688 3504 128 96 of
4896 3504 192 96 the
5168 3500 524 100 author's

908 3644 680 112 experience
1660 3644 120 92 in
1860 3640 536 116 teaching
2476 3640 836 96 architectural
3392 3636 1096 120 drawing."—Pref.

920 3804 116 116 ©
1132 3812 304 112 Sept.
1512 3812 168 112 15,
1760 3816 56 88 1
1832 3812 128 92 92
1972 3816 128 100 7;
2180 3812 60 92 2
2252 3840 56 64 c
2320 3888 24 20 .
2432 3812 304 112 Sept.
2812 3812 200 108 22;
3100 3808 196 100 aff.
3388 3812 304 112 Sept.
3776 3812 196 112 17;
4056 3812 100 92 A
4236 3816 56 88 1
4308 3812 140 92 00
4452 3812 332 112 7122;
4876 3812 124 100 F.
5084 3812 596 100 Halstead.

1080 3948 648 112 Arlington,
1800 3948 132 96 N.
2004 3948 108 96 J.
2276 3944 676 120 (27-19527)
5212 3940 284 104 7860

1088 4204 288 128 The
1484 4204 468 128 orders
2060 4204 152 124 of
2324 4204 940 164 architecture,
3368 4204 180 164 by
3660 4204 476 124 Frank
4240 4204 680 128 Halstead
4984 4208 76 144 …
5372 4208 324 124 New

928 4392 428 160 York,
1440 4396 132 128 J.
1652 4392 460 164 Wiley
2192 4396 108 120 &
2380 4432 348 120 sons,
2816 4392 328 160 inc.;
3236 4392 620 160 London,
3948 4388 720 164 Chapman
4748 4396 108 120 &
4936 4392 384 164 Hall,
5400 4392 296 124 lim-

924 4584 324 156 ited,
1312 4576 356 128 1927.

1092 4776 192 112 vii,
1348 4776 200 92 139
1608 4804 100 84 p.
1772 4772 184 96 inc
1960 4780 36 88 l
2016 4856 20 20 .
2092 4772 136 96 45
2284 4800 76 88 p
2360 4780 36 88 l
2416 4852 20 20 .
2580 4772 720 108 28½ͨͫ.
3208 4768 312 120 $3.00

1100 4944 308 92 "The
1488 4952 468 104 present
2040 4944 460 92 volume
2584 4940 72 108 …
2792 4940 532 116 together
3404 4940 284 96 with
3776 4940 196 96 the
4056 4940 528 96 author's
4668 4940 284 96 book
5044 4972 136 64 on
5276 4932 428 104 'Archi-

932 5080 500 96 tectural
1528 5072 456 100 details'
2080 5080 228 88 and
2400 5076 184 96 his
2680 5072 724 100 'Architects'
3508 5076 228 92 and
3828 5076 552 92 builders'
4480 5076 592 96 reference
5160 5076 328 96 book'
5600 5080 68 108 …

932 5216 100 92 is
1116 5216 504 112 planned
1708 5220 116 88 to
1916 5216 300 92 meet
2300 5212 200 96 the
2588 5212 496 96 demand
3172 5212 192 92 for
3452 5236 64 72 a
3608 5212 484 96 treatise
4184 5240 144 68 on
4416 5212 832 96 architectural
5340 5216 364 92 draw-

932 5348 760 116 ing."—Pref.

936 5508 124 112 ©
1148 5520 68 96 S
1228 5544 60 68 e
1296 5544 72 88 p
1372 5524 80 92 t.
1532 5520 56 88 1
1600 5520 60 92 5
1676 5592 20 36 ,
1776 5516 132 96 19
1912 5516 200 108 27;
2200 5516 60 92 2
2264 5540 60 68 c
2340 5592 20 20 .
2448 5516 68 96 S
2532 5524 224 104 ept.
2836 5516 196 112 22;
3120 5536 60 76 a
3196 5512 120 100 ff.
3404 5512 68 100 S
3488 5520 224 108 ept.
3792 5516 200 108 17;
4076 5516 100 92 A
4252 5524 56 84 1
4324 5516 144 92 00
4468 5516 192 96 431
4672 5516 64 96 3
4780 5540 20 88 ;
4892 5516 88 92 F
4988 5592 24 24 .
5096 5520 604 112 Halstead,

1100 5652 644 116 Arlington,
1824 5652 132 96 N.
2032 5652 108 96 J.
2308 5648 672 120 (27-19614)
5224 5648 280 100 7861

936 5912 556 148 Harris,
1572 5912 436 124 Corra
2080 5912 336 148 May
2508 5908 620 152 (White)
3220 5912 412 124 "Mrs.
3704 5912 156 124 L.
3932 5912 176 124 H.
4180 5912 648 144 Harris,"
4912 5920 312 116 1869
5232 5992 84 16 –

1112 6100 288 124 The
1500 6100 472 160 happy
2072 6096 872 164 pilgrimage,
3044 6096 180 164 by
3332 6092 428 132 Corra
3864 6096 504 128 Harris
4476 6100 84 144 …
4820 6100 520 124 Boston
5444 6096 268 132 and

944 6284 332 124 New
1336 6284 432 160 York,
1832 6284 768 160 Houghton
2660 6280 152 124 M
2820 6280 44 124 i
2872 6280 124 124 ff
2912 6280 84 124 l
3004 6280 144 124 in
3208 6320 712 124 company,
3988 6280 360 128 1927.

1116 6476 68 92 5
1240 6500 104 92 p.
1404 6480 36 88 l
1452 6548 60 44 .,
1576 6520 24 72 [
1608 6480 60 92 3
1680 6520 24 72 ]
1716 6528 72 12 –
1788 6472 208 96 310
2056 6504 104 84 p.
2304 6472 392 116 front.,
2756 6476 408 112 plates,
3228 6476 360 112 ports.
3728 6472 720 108 21ͨͫ.

948 6636 116 112 ©
1144 6648 64 92 S
1224 6652 228 108 ept.
1512 6652 48 84 1
1584 6644 64 92 6
1656 6720 20 36 ,
1744 6644 128 92 19
1876 6644 68 92 2
1960 6648 120 104 7;
2152 6644 160 92 2c.
2380 6668 56 68 a
2456 6648 152 88 nd
2672 6640 200 100 aff.
2944 6640 304 116 Sept.
3320 6644 44 88 1
3388 6640 124 116 9;
3584 6640 96 96 A
3748 6640 200 96 999
3960 6644 68 92 9
4032 6640 124 96 91
4204 6668 24 88 ;
4304 6648 120 96 C.
4492 6644 456 116 Harris,
5020 6648 180 112 Ry
5208 6648 68 92 d
5288 6672 64 68 a
5364 6648 28 88 l
5416 6724 20 36 ,
5508 6648 92 96 G
5608 6672 56 68 a
5688 6728 20 20 .

1132 6780 668 112 (27-19555)
5232 6780 284 100 7862

944 7048 496 144 Harte,
1512 7044 396 148 Bret,
1992 7048 316 116 1839
2312 7120 88 12 –
2412 7048 356 120 1902.

1128 7228 644 132 Sketches
1872 7224 156 128 of
2124 7228 232 124 the
2460 7228 508 160 sixties,
3068 7224 184 168 by
3356 7228 340 124 Bret
3792 7228 452 128 Harte
4348 7228 272 128 and
4720 7232 416 124 Mark
5240 7232 472 124 Twain

968 7416 544 164 [pseud.J
1620 7412 412 164 being
2124 7408 704 168 forgotten
2920 7412 632 124 material
3644 7456 308 84 now
4044 7412 644 128 collected
4784 7412 228 132 for
5104 7416 232 128 the
5428 7416 292 124 first

952 7600 328 124 time
1360 7596 368 128 from
1796 7596 228 128 the
2104 7592 916 164 Californian,
3104 7596 612 128 1864-67.
3880 7592 284 140 San
4240 7600 772 164 Francisco,
5092 7600 132 132 J.
5308 7600 412 124 How-

960 7784 216 164 ell,
1244 7784 356 128 1927.

1132 7976 204 96 xxi
1404 8008 136 84 p.,
1616 7976 64 96 3
1752 7980 36 88 l
1800 8048 60 44 .,
1936 7972 100 120 [5
2044 8020 108 72 ]–
2152 7976 208 96 228
2432 8004 104 88 p.
2612 7976 184 96 inc
2800 7980 40 88 l
2852 8052 20 20 .
2948 7976 552 96 mounted
3572 7976 392 116 front.,
4040 7976 408 116 plates,
4524 7976 520 100 facsims.
5180 7976 720 108 24½ͨͫ.

1136 8144 688 96 Illustrated
1884 8140 872 116 lining-papers.

1136 8276 488 96 Preface
1684 8276 400 112 signed
2128 8300 20 72 :
2216 8276 108 100 J.
2388 8276 148 96 H.

1140 8412 508 96 "Second
1728 8408 472 112 edition,
2280 8408 284 96 with
2640 8436 256 68 new
2968 8408 544 96 material
3588 8412 228 96 and
3900 8408 820 100 illustrations.
4724 8404 36 64 "

1140 8544 868 116 Bibliography.
2152 8544 280 96 Bret
2504 8544 380 96 Harte
2956 8544 232 96 and
3264 8544 344 96 Mark
3672 8544 412 96 Twain
4156 8544 544 96 material
4776 8544 308 100 from
5164 8548 196 96 the
5440 8540 288 104 Cali-

972 8676 504 116 fornian,
1536 8708 104 64 v.
1704 8676 56 92 1
1768 8732 72 12 –
1840 8680 132 92 7:
2032 8704 104 88 p.
2208 8676 236 120 [223
2456 8692 108 84 ]–
2564 8676 240 96 228.

1148 8844 152 96 CO
1312 8844 888 96 NTENTS.—Unc
2212 8868 60 68 o
2276 8844 420 92 llected
2804 8844 284 96 Bret
3196 8844 376 96 Harte
3680 8840 608 100 material:
4404 8844 652 96 California
5168 8844 560 96 sketches.

980 8976 652 96 California
1696 8976 640 96 condensed
2404 8976 432 96 novels.
2972 8976 432 112 Essays
3476 8976 232 96 and
3776 9000 56 72 c
3840 8976 376 96 riticis
4224 9000 112 72 m
4348 8976 420 100 s.—Un
4772 9000 128 72 co
4904 8976 420 100 llected
5400 8972 328 100 Mark

972 9108 408 96 Twain
1444 9108 580 96 material.

976 9268 124 116 ©
1184 9280 292 92 Mar.
1564 9280 164 108 18,
1812 9276 332 108 1927;
2236 9280 160 92 2c.
2484 9280 272 108 May
2840 9280 128 108 7;
3056 9276 196 96 aff.
3348 9276 304 116 Sept.
3740 9280 52 92 1
3812 9280 56 92 9
3912 9304 24 84 ;
4024 9280 96 92 A
4204 9284 56 88 1
4272 9280 140 92 00
4424 9288 52 88 7
4488 9280 64 92 0
4552 9280 196 100 28;
4844 9280 308 96 John
5236 9276 476 96 Howell.

1144 9400 160 88 [©
1380 9412 464 116 preface
2052 9408 668 120 (27-19388)
5244 9408 280 100 7863

3216 9548 312 116 1182
