5920 10300
2648 9628 320 120 1599

428 904 960 152 Vereinigung
1460 904 244 128 der
1776 900 1496 156 grosskesselbesitzer
3344 940 120 88 e.
3536 936 132 92 v.
3672 972 184 24 —
3864 896 772 136 Continued

592 1104 148 116 vi,
804 1100 236 116 189,
1112 1148 32 72 [
1128 1124 48 84 1
1168 1100 32 88 ]
1316 1128 100 88 p.
1480 1100 40 96 i
1524 1128 80 68 n
1608 1104 100 92 cl
1720 1176 24 20 .
1808 1100 344 112 illus.,
2216 1100 400 112 tables,
2688 1096 428 116 diagrs.
3256 1096 680 116 29ͨͫ.

432 1248 120 108 ©
624 1276 264 96 Jan.
956 1272 164 116 19,
1192 1272 332 112 1927;
1596 1272 60 92 1
1668 1296 88 72 c.
1828 1272 272 112 May
2168 1268 60 96 6
2272 1292 20 88 ;
2372 1260 740 120 A—Foreign
3180 1264 408 116 34981;
3668 1268 388 96 Julius
4140 1264 576 116 Springer.

616 1404 668 120 (27-24074)
4616 1396 360 100 10722

428 1628 608 152 Vollard,
1108 1628 788 128 Ambroise.

588 1816 500 164 Degas,
1148 1860 172 80 an
1376 1816 488 128 intima
1876 1828 56 112 t
1936 1860 68 80 e
2060 1860 252 116 por
2324 1828 56 112 t
2384 1812 204 128 rai
2600 1828 56 112 t
2668 1916 28 60 ,
2752 1816 180 164 by
2988 1812 720 128 Ambroise
3768 1812 324 128 Voll
4104 1812 244 128 ard
4428 1820 84 144 …
4632 1856 176 84 au
4812 1824 60 112 t
4876 1812 308 124 hor-

428 2004 292 124 ized
796 2000 820 128 translation
1692 2000 368 124 from
2132 2000 232 128 the
2440 2000 536 124 French
3048 2000 184 164 by
3308 2000 740 160 Randolph
4132 2000 156 124 T.
4364 1996 584 128 Weaver
5036 2004 80 144 …

428 2188 328 124 New
828 2184 428 160 York,
1328 2184 784 168 Greenberg
2196 2188 164 144 [ͨ1
2372 2192 160 116 92
2536 2184 112 140 7]

588 2384 52 92 1
660 2380 132 96 49
860 2404 104 92 p.
1032 2380 40 96 i
1076 2404 80 72 n
1160 2384 104 92 cl
1276 2460 20 20 .
1360 2380 56 96 f
1424 2404 56 68 r
1488 2404 60 72 o
1556 2388 200 108 nt.,
1824 2380 408 116 plates.
2372 2380 644 108 22½ͨͫ.

432 2508 120 120 ©
624 2520 172 96 No
804 2544 72 68 v
884 2596 20 20 .
968 2516 168 116 10,
1200 2516 340 112 1927;
1608 2516 164 100 2c.
1840 2520 280 92 Nov.
2188 2520 76 88 2
2264 2516 60 96 5
2368 2540 24 88 ;
2468 2516 196 100 aff.
2736 2520 280 96 Nov.
3084 2520 64 92 2
3152 2520 64 92 3
3260 2540 24 88 ;
3356 2516 104 92 A
3524 2520 60 88 1
3596 2516 64 92 0
3668 2516 404 112 13324;
4156 2516 680 112 Greenberg,
4908 2512 276 116 pub-

588 2652 392 112 lisher,
1048 2652 220 96 inc.
1436 2652 668 112 (27-24363)
4624 2644 356 104 10723

432 2872 976 156 Washington,
1484 2876 584 152 George,
2136 2920 348 120 pres.
2576 2880 156 124 U.
2800 2880 192 160 S.,
3064 2876 316 128 1732
3384 2956 88 12 –
3484 2880 352 120 1799.

588 3060 532 164 George
1200 3060 960 168 Washington,
2248 3060 576 124 colonial
2912 3060 684 160 traveller,
3684 3064 324 120 1732
4012 3136 84 16 –
4104 3060 360 160 1775,
4544 3060 180 164 by
4812 3056 372 132 John

428 3244 148 132 C.
672 3244 868 164 Fitzpatrick
1608 3252 80 148 …
1884 3244 332 128 with
2312 3288 76 84 a
2480 3288 320 120 map
2888 3248 184 160 by
3160 3244 232 128 the
3484 3244 532 128 author.
4188 3244 1000 164 Indianapolis,

428 3432 288 128 The
784 3428 1056 128 Bobbs-Merrill
1912 3472 668 120 company
2672 3432 460 160 [ͨ1927]

588 3632 196 96 xiv
852 3660 136 84 p.,
1052 3632 68 92 2
1184 3636 36 88 l
1236 3704 52 36 .,
1356 3628 204 96 416
1620 3656 108 88 p.
1792 3628 284 108 inc
1984 3632 44 92 l
2036 3704 20 20 .
2120 3628 360 96 front.
2544 3628 384 116 (map)
3084 3628 676 108 23ͨͫ
3340 3704 24 24 .

588 3764 100 96 A
768 3760 752 120 compilation
1596 3764 124 92 of
1800 3768 520 92 extracts
2396 3764 312 96 from
2784 3760 868 120 Washington's
3736 3760 400 112 Diary,
4224 3764 488 96 account
4796 3764 388 112 books,

424 3904 404 92 letters
904 3904 232 88 and
1216 3896 332 96 other
1628 3920 416 92 papers
2128 3896 572 116 arranged
2776 3896 980 116 chronologically
3828 3896 288 96 with
4200 3896 544 96 editorial
4820 3904 364 92 notes.

592 4036 96 88 A
772 4032 456 96 similar
1316 4036 404 88 record
1804 4028 304 96 from
2196 4028 276 96 1775
2556 4036 116 88 to
2764 4032 200 92 the
3052 4032 228 112 day
3364 4028 124 96 of
3572 4028 864 120 Washington's
4532 4032 352 96 death
4972 4036 212 92 has

428 4168 276 96 been
780 4168 564 112 compiled
1416 4168 148 112 by
1640 4168 200 92 the
1912 4168 236 92 late
2224 4164 516 96 William
2824 4164 388 116 Spohn
3288 4164 416 112 Baker,
3788 4160 124 100 in
3984 4168 228 92 two
4288 4168 548 112 volumes,
4916 4168 272 112 pub-

428 4300 368 100 lished
868 4300 124 96 in
1064 4300 280 96 1892
1412 4300 228 96 and
1712 4300 280 96 1898
2060 4324 128 72 as
2268 4300 196 92 the
2540 4296 660 116 "Itinerary
3272 4300 124 96 of
3472 4296 492 100 General
4036 4296 772 116 Washington
4876 4300 308 96 from

428 4436 296 96 June
804 4436 160 108 15,
1048 4432 304 112 1775,
1440 4436 116 92 to
1640 4432 628 96 December
2336 4432 172 112 23,
2588 4432 376 112 1783",
3048 4432 228 96 and
3360 4432 840 116 "Washington
4272 4432 316 96 after
4672 4436 196 96 the
4944 4460 244 72 rev-

428 4568 472 116 olution,
972 4564 728 100 1784–1799".
1844 4588 56 72 c
1908 4564 84 112 f.
2068 4564 628 112 Prefatory
2764 4568 304 92 note.

432 4696 120 116 ©
624 4704 280 96 Nov.
968 4700 164 104 18,
1200 4700 336 112 1927;
1608 4700 160 96 2c.
1836 4700 232 92 and
2132 4696 200 100 aff.
2396 4700 280 96 Nov.
2744 4700 196 108 21;
3016 4696 96 96 A
3184 4696 544 96 1010472;
3804 4700 316 92 Bobb
4132 4724 56 68 s
4192 4700 496 96 -Merrill
4756 4728 164 72 co.

616 4836 672 116 (27-24208)
4628 4832 356 104 10724

428 5060 1048 148 Wassermann,
1552 5056 496 152 Jakob,
2132 5060 316 124 1873
2456 5140 76 12 –

588 5248 336 128 Wor
928 5252 52 120 l
988 5244 192 128 ds'
1252 5248 392 128 ends;
1724 5244 256 128 five
2056 5244 472 128 stories
2600 5244 184 160 by
2852 5244 428 132 Jacob
3352 5244 1008 164 Wassermann,
4432 5252 756 124 translated

432 5436 172 164 by
672 5432 436 132 Lewis
1192 5432 560 132 Galanti
1764 5436 68 120 è
1836 5476 180 80 re.
2200 5432 328 124 New
2604 5432 432 160 York,
3116 5432 352 124 Boni
3544 5436 112 120 &
3728 5432 724 168 Liveright
4568 5436 396 156 [ͨ1927
4976 5516 28 80 ]

592 5632 208 100 278
868 5660 104 88 p.
1112 5628 684 108 19½ͨͫ
1416 5668 36 56 .

596 5768 100 96 A
768 5764 708 100 translation
1556 5768 124 96 of
1764 5768 304 92 "Der
2144 5768 740 92 unbekannte
2964 5760 364 120 gast",
3412 5792 212 68 one
3708 5768 128 92 of
3912 5772 192 92 the
4188 5768 524 96 author's
4792 5768 392 116 series,

432 5912 300 88 "Der
804 5932 108 68 w
916 5904 288 96 ende
1208 5904 72 92 k
1292 5928 124 68 re
1424 5900 36 96 i
1472 5900 156 100 s".
1768 5904 240 92 The
2084 5900 636 112 title-story
2792 5900 216 96 has
3080 5900 284 96 been
3440 5900 484 96 omitted
4000 5904 304 96 from
4384 5904 240 96 this
4696 5908 488 96 volume.

592 6036 1272 116 CONTENTS.—Adam's
1968 6036 2868 104 son.—Golovin.—Lukardis.—Erasmus.—Jost.

436 6172 116 120 ©
616 6180 284 96 Nov.
956 6180 68 92 2
1020 6188 64 92 5
1100 6252 20 36 ,
1184 6176 336 108 1927;
1580 6176 72 96 2
1652 6200 52 80 c
1720 6252 24 20 .
1804 6176 280 96 Nov.
2144 6176 196 112 28;
2408 6176 196 96 aff.
2664 6176 284 96 Nov.
3004 6176 60 96 3
3076 6172 68 96 0
3184 6200 16 84 ;
3268 6176 100 92 A
3428 6180 60 88 1
3500 6176 64 92 0
3572 6176 124 96 13
3708 6176 68 96 3
3780 6180 192 108 77;
4044 6176 296 96 Boni
4400 6176 88 96 &
4552 6176 628 116 Liveright,

592 6312 120 96 in
708 6348 60 76 c
784 6392 24 20 .
976 6308 668 120 (27-24344)
4624 6308 356 100 10725

420 6536 976 148 Waterhouse,
1472 6536 328 128 Eric
1876 6532 856 152 Strickland,
2812 6536 320 124 1879
3136 6612 72 16 –

596 6720 232 128 An
888 6720 132 128 A
1080 6724 116 124 B
1272 6720 108 132 C
1448 6720 156 128 of
1660 6724 840 164 psychology
2564 6720 224 128 for
2856 6720 648 164 religious
3576 6720 760 164 education,
4400 6724 180 164 by
4652 6720 324 132 Eric
5052 6720 140 136 S.

432 6904 888 132 Waterhouse
1416 6912 80 144 …
1620 6948 120 84 w
1748 6904 44 128 i
1804 6916 60 116 t
1864 6908 92 124 h
2028 6904 936 128 introduction
3028 6904 184 164 by
3284 6904 312 128 Mar
3608 6916 60 116 t
3664 6904 180 128 ha
3916 6904 500 128 Tarbel
4424 6904 48 128 l
4584 6912 80 144 …
4856 6908 336 128 New

440 7088 424 164 York,
940 7084 604 168 Chicago
1628 7128 40 96 [
1668 7104 240 112 etc.
1908 7128 40 96 ]
2044 7092 640 160 Fleming
2748 7092 184 124 H.
3012 7088 476 128 Revell
3564 7132 672 128 company
4348 7088 400 148 [ͨ1927
4756 7168 32 84 ]

600 7280 200 96 121
868 7308 104 88 p.
1112 7280 648 108 19½ͨͫ.

444 7408 112 108 ©
616 7420 284 96 Nov.
960 7420 164 108 12,
1188 7416 336 112 1927;
1588 7420 164 96 2c.
1816 7424 228 88 and
2108 7416 196 100 aff.
2364 7420 284 96 Nov.
2712 7424 64 92 1
2784 7424 64 92 7
2868 7436 32 88 ;
2976 7420 100 92 A
3136 7416 536 108 1013135;
3752 7420 528 116 Fleming
4340 7424 148 96 H.
4556 7424 396 96 Revell
5020 7452 160 68 co.

600 7560 164 112 [©
848 7552 788 96 introduction
1648 7600 24 72 ]
1852 7552 668 120 (27-24294)
4628 7552 52 100 1
4700 7552 60 104 0
4776 7552 204 104 726

432 7768 508 156 Welch,
1020 7776 308 148 Roy
1400 7776 812 128 Dickinson.

600 7956 288 128 The
996 7960 940 160 appreciation
2044 7960 152 128 of
2300 7964 468 156 music,
2872 7960 188 164 by
3164 7960 304 164 Roy
3572 7964 752 128 Dickinson
4432 7964 476 128 Welch
4984 7956 84 148 …

436 8140 328 128 New
840 8144 388 128 York
1296 8144 272 128 and
1640 8144 620 160 London,
2328 8144 556 164 Harper
2960 8152 112 120 &
3132 8144 664 164 brothers,
3876 8152 360 124 1927.

600 8360 156 72 xv
808 8360 136 92 p.,
1004 8340 56 92 1
1120 8336 40 96 l
1172 8412 56 40 .,
1288 8336 204 96 192
1548 8368 104 88 p.
1792 8336 312 104 illus.
2168 8336 484 120 (music)
2812 8332 680 108 22ͨͫ
3072 8416 20 24 .

608 8468 388 96 "Book
1052 8468 340 100 list":
1460 8500 100 88 p.
1620 8472 516 100 180–184.

440 8592 116 116 ©
632 8608 284 96 Nov.
984 8608 160 96 18,
1220 8604 336 112 1927;
1628 8608 68 92 2
1696 8624 56 80 c
1772 8684 20 20 .
1864 8608 280 96 Nov.
2216 8608 196 112 21;
2496 8608 196 100 aff.
2764 8608 284 100 Nov.
3116 8612 64 92 2
3188 8612 68 92 3
3292 8636 24 88 ;
3392 8612 100 92 A
3560 8612 60 96 1
3628 8612 72 96 0
3704 8616 52 88 1
3772 8612 136 96 05
3912 8612 196 116 19;
4188 8620 464 112 Harper
4724 8616 88 96 &
4880 8620 296 96 bros.

624 8740 664 116 (27-24324)
4628 8744 356 104 10727

428 8956 1060 156 Wertenbaker,
1568 8960 616 132 Thomas
2256 8964 752 148 Jefferson,
3096 8968 312 128 1879
3412 9048 72 16 –

708 9148 80 136 …
868 9148 292 124 The
1272 9148 300 128 first
1672 9144 836 148 Americans,
2628 9148 324 128 1607
2948 9232 88 12 –
3048 9160 356 156 1690,
3508 9156 184 160 by
3800 9160 592 124 Thomas
4504 9156 680 132 Jefferson

436 9328 972 132 Wertenbaker
1508 9340 84 132 …
1828 9332 332 128 New
2248 9336 428 152 York,
2764 9340 288 124 The
3136 9340 560 128 Macmil
3704 9340 48 120 l
3760 9388 168 80 an
4016 9384 712 124 company,
4820 9348 148 116 19
4980 9348 76 116 2
5064 9344 116 124 7.
