5920 10352
228 1068 588 144 Fenger,
912 1060 656 128 Frederic
1660 1060 776 152 Abilgaard
2444 1140 184 16 —
2636 1060 768 128 Continued

384 1272 68 76 x
460 1268 68 80 v
548 1332 20 44 ,
628 1260 204 96 315
892 1284 108 88 p.
1060 1260 120 92 in
1192 1260 100 92 cl
1304 1332 16 20 .
1388 1256 356 96 front.
1872 1260 412 112 plates,
2348 1280 364 96 maps.
2836 1256 648 112 22ͨͫ.

224 1372 120 124 ©
420 1400 268 92 Dec.
760 1392 168 116 20,
1004 1392 332 112 1926;
1416 1400 56 84 1
1488 1420 88 68 c.
1652 1392 260 96 Jan.
1988 1396 92 112 8,
2156 1392 200 96 192
2368 1396 68 88 7
2468 1420 24 88 ;
2572 1400 56 88 1
2640 1424 92 64 c.
2808 1396 64 92 J
2888 1416 56 72 a
2964 1420 104 68 n.
3144 1396 56 88 1
3212 1392 64 96 0
3320 1420 20 84 ;
3424 1392 196 96 aff.
3696 1392 268 96 Feb.
4036 1396 200 112 18;
4316 1396 96 92 A
4484 1392 480 116 963621;

384 1532 604 112 Yachting,
1052 1532 36 88 i
1100 1556 76 64 n
1184 1556 56 68 c
1252 1608 16 20 .
1440 1528 596 116 (27-3805)
4468 1524 280 104 1323

228 1756 596 148 Folsom,
888 1752 248 128 Ida
1204 1752 184 128 M.

392 1944 568 124 Lessons
1040 1940 68 124 f
1116 1984 288 80 rom
1484 1940 228 124 the
1788 1984 172 80 ou
1968 1952 56 112 t
2036 1984 128 80 -o
2176 1940 68 124 f
2252 1944 228 120 -do
2492 1984 76 84 o
2576 1984 172 116 rs,
2824 1940 180 164 by
3084 1944 260 120 Ida
3420 1944 192 120 M.
3692 1944 116 120 F
3820 1984 72 80 o
3904 1940 44 124 l
3960 1984 280 84 som
4276 1956 84 128 …
4652 1948 112 120 B
4780 1984 76 84 o
4860 1988 116 80 s-

224 2144 272 144 ton,
564 2128 452 160 Mass.,
1088 2128 288 120 The
1452 2120 716 136 Stratford
2240 2172 712 120 company,
3032 2124 356 128 1927.

384 2320 64 96 5
500 2348 104 92 p.
668 2316 40 100 l
720 2396 52 40 .,
840 2320 40 96 i
884 2320 80 92 ii
980 2392 24 44 ,
1064 2320 204 96 213
1332 2348 104 88 p.
1580 2320 428 112 diagrs.
2152 2320 1192 108 19½ͨͫ.

224 2416 120 120 ©
416 2460 264 96 Feb.
744 2460 160 112 15,
968 2456 336 112 1927;
1372 2456 160 96 2c.
1604 2452 260 100 Feb.
1932 2456 192 96 19;
2200 2456 192 96 aff.
2460 2460 268 96 Feb.
2788 2460 200 112 26;
3060 2460 92 92 A
3216 2460 476 112 963741;
3776 2460 596 96 Stratford
4444 2484 188 96 co.,
4704 2464 272 116 pub-

380 2588 452 104 lishers.
1004 2592 596 116 (27-4094)
4492 2592 284 100 1324

224 2820 636 144 Fosdick,
932 2812 640 156 Myrtilla
1644 2816 972 124 Constantine.

388 3004 444 128 When
928 3000 552 124 Buffalo
1572 3044 272 80 was
1936 3044 528 120 young;
2564 3048 356 80 some
3016 3004 668 128 incidents
3772 3004 156 128 of
4012 3008 348 124 local
4448 3008 532 164 history

220 3192 440 124 retold
732 3188 220 124 for
1012 3232 460 120 young
1532 3188 524 160 people,
2116 3192 336 120 with
2516 3192 692 160 drawings
3276 3196 268 120 and
3608 3240 432 116 maps,
4104 3192 176 164 by
4348 3196 632 160 Myrtilla

232 3376 892 132 Constantine
1204 3372 624 128 Fosdick.
1996 3372 596 164 Buffalo,
2668 3376 164 124 N.
2916 3376 220 160 Y.,
3212 3376 332 132 Otto
3620 3376 580 132 Ulbrich
4276 3424 192 84 co.
4556 3388 412 152 [1925]

384 3580 64 92 3
508 3604 100 84 p.
672 3580 40 88 l
724 3648 56 40 .,
844 3572 60 96 9
912 3628 68 12 –
984 3572 236 112 118,
1292 3572 120 116 [2]
1492 3600 104 88 p.
1728 3572 312 96 illus.
2104 3568 180 120 (in
2276 3584 64 76 c
2348 3572 76 96 l.
2488 3576 388 112 maps)
3032 3572 1188 112 18½ͨͫ.

384 3708 896 116 Bibliography:
1356 3736 104 88 p.
1540 3728 40 80 [
1572 3704 232 100 119]

224 3820 120 124 ©
428 3848 268 92 Dec.
772 3844 160 112 19,
1012 3844 336 112 1925;
1432 3844 160 96 2c.
1672 3844 228 96 and
1980 3844 196 96 aff.
2260 3844 264 96 Feb.
2600 3844 168 112 21,
2848 3844 340 112 1927;
3268 3848 100 92 A
3440 3848 476 112 963689;
4004 3848 116 88 M
4140 3928 16 16 .
4240 3848 120 96 C.
4444 3848 524 116 Fosdick,

380 3980 500 96 Buffalo.
1048 3976 604 120 (27-3959)
4492 3980 284 104 1325

224 4208 636 144 Furniss,
928 4204 364 124 John
1368 4208 152 120 F.

380 4396 136 120 A
584 4392 516 128 concise
1172 4392 532 164 history
1780 4392 152 128 of
2008 4392 228 124 the
2308 4392 592 128 Ancient
2976 4396 268 124 and
3320 4400 636 156 accepted
4044 4392 600 136 Scottish
4720 4400 260 128 rite

216 4580 140 124 in
456 4580 228 124 the
784 4580 520 128 United
1412 4572 448 132 States
1964 4576 152 128 of
2232 4580 620 124 America
2956 4580 272 124 and
3332 4580 656 164 symbolic
4084 4628 644 120 masonry
4832 4584 144 128 in

220 4764 120 132 O
348 4764 276 164 hio,
692 4764 180 164 by
944 4764 368 128 John
1392 4764 156 120 F.
1628 4764 572 128 Furniss
2332 4784 96 128 …
2608 4760 824 168 [Columbus,
3512 4764 120 132 O
3652 4868 68 60 .,
3796 4768 288 124 The
4156 4768 116 124 F
4292 4872 24 20 .
4396 4772 132 124 J.
4604 4772 148 124 H
4764 4812 212 84 eer

212 4952 632 160 printing
916 4952 748 160 company]
1684 4944 444 152 ͨ1927.

380 5148 64 92 2
508 5176 100 88 p.
672 5152 36 88 l
724 5224 52 36 .,
840 5148 64 96 3
908 5204 72 8 –
980 5144 208 100 386
1248 5172 104 88 p.
1484 5144 392 116 front.,
1940 5148 344 112 illus.,
2348 5148 412 112 plates,
2828 5152 356 112 ports.
3328 5148 1192 104 25½ͨͫ.

224 5264 120 120 ©
416 5284 260 96 Feb.
740 5284 96 112 2,
904 5280 336 112 1927;
1308 5284 64 92 2
1380 5304 56 76 c
1452 5360 20 16 .
1544 5288 224 88 and
1836 5280 196 96 aff.
2104 5284 264 92 Feb.
2436 5288 124 108 7;
2636 5284 96 92 A
2796 5284 140 92 96
2936 5284 64 92 3
3004 5284 268 112 462;
3348 5284 104 100 J.
3524 5288 124 96 F.
3720 5284 520 116 Furniss,
4312 5288 656 116 Columbus,

384 5436 84 92 O
488 5496 20 20 .
676 5420 596 112 (27-3970)
4492 5420 284 100 1326

228 5644 420 148 Gard,
716 5640 592 128 Horatio
1380 5644 168 128 V.

384 5832 380 160 Man,
840 5828 180 164 by
1096 5832 592 124 Horatio
1776 5832 160 124 V.
2028 5828 452 160 Gard;
2572 5876 76 80 a
2732 5828 368 128 brief
3180 5828 1056 164 interpretation
4320 5832 156 128 of
4556 5840 424 124 man's

224 6016 636 156 creation,
932 6016 216 124 his
1228 6016 840 164 psychology
2148 6016 268 120 and
2496 6012 212 128 his
2792 6012 584 168 destiny,
3452 6016 336 128 with
3876 6020 852 164 suggestions
4812 6064 168 84 on

220 6204 224 120 the
540 6196 656 164 practical
1296 6196 848 164 application
2236 6196 160 128 of
2492 6200 552 160 psychic
3144 6200 368 128 laws.
3704 6196 644 172 Chicago,
4448 6204 524 132 Golden

224 6384 280 124 rule
568 6384 712 164 magazine
1376 6384 232 144 [ͨ19
1616 6388 80 120 2
1700 6376 160 152 7]

384 6580 60 92 2
504 6604 108 88 p.
668 6576 36 88 l
712 6612 60 76 .,
828 6580 64 96 3
900 6632 68 12 –
968 6576 208 96 356
1232 6604 140 88 p.,
1436 6580 64 92 2
1556 6580 36 92 l
1608 6652 24 20 .
1768 6576 1192 108 20½ͨͫ.

224 6688 120 124 ©
420 6716 264 92 Feb.
756 6716 164 112 11,
992 6712 332 112 1927;
1400 6712 160 100 2c.
1632 6716 228 92 and
1932 6712 200 100 aff.
2204 6716 268 96 Feb.
2540 6712 196 116 16;
2812 6716 100 92 A
2980 6716 476 116 967254;
3536 6720 148 96 H.
3756 6720 128 96 V.
3960 6720 344 120 Gard,
4388 6720 580 124 Superior,

384 6852 276 96 Wis.
828 6848 596 120 (27-3830)
4492 6856 284 104 1327

228 7072 456 152 Garis,
752 7072 612 128 Howard
1436 7072 508 152 Roger,
2020 7072 316 128 1873
2340 7152 84 12 –

464 7256 84 148 …
632 7264 340 120 Tom
1052 7256 532 132 Cardiff
1668 7260 140 124 in
1888 7264 228 124 the
2188 7260 236 164 big
2496 7276 280 144 top,
2852 7260 176 164 by
3108 7264 620 128 Howard
3800 7268 160 124 R.
4044 7264 472 168 Garis;
4600 7268 372 132 illus-

240 7448 440 128 trated
772 7448 180 160 by
1044 7444 220 128 W.
1360 7448 160 120 B.
1620 7444 424 168 King.
2236 7444 888 164 Springfield,
3220 7448 456 164 Mass.,
3768 7452 508 128 Milton
4372 7456 604 168 Bradley

228 7676 664 120 company
992 7628 444 164 [ͨ1927]

388 7832 64 96 3
512 7856 104 88 p.
680 7828 40 92 l
732 7904 56 40 .,
852 7828 204 96 256
1120 7856 100 88 p.
1352 7828 388 112 front.,
1808 7832 408 112 plates.
2356 7828 708 112 19ͨͫ.
2788 7828 280 112 (His
3132 7832 284 92 Tom
3488 7828 440 100 Cardiff
3996 7832 424 116 series)

228 7944 112 120 ©
420 7964 264 96 Feb.
748 7964 96 116 2,
916 7964 328 112 1927;
1320 7964 164 96 2c.
1548 7964 264 96 Feb.
1884 7964 196 116 21;
2156 7964 196 96 aff.
2424 7964 264 96 Feb.
2756 7964 196 112 19;
3028 7964 100 92 A
3188 7964 480 116 963666;
3740 7968 420 96 Milton
4228 7972 508 116 Bradley
4808 8000 160 72 co.

408 8104 596 112 (27-3823)
4480 8104 284 100 1328

228 8328 596 152 Gordon,
896 8328 372 128 John
1340 8332 520 148 Shand,
1944 8328 316 128 1872
2264 8408 84 12 –

384 8516 136 124 A
588 8516 704 124 memorial
1372 8532 140 108 to
1584 8516 228 124 the
1888 8528 456 148 tramp
2424 8516 568 160 printer,
3072 8516 232 124 the
3376 8516 776 168 intelligent
4236 8524 268 124 and
4588 8520 388 128 intel-

224 8700 488 124 lectual
784 8700 564 160 disciple
1412 8700 156 128 of
1628 8700 224 128 the
1920 8716 216 112 art
2200 8700 920 164 preservative
3184 8704 304 124 who
3552 8708 552 124 roamed
4168 8700 76 144 …
4404 8708 184 124 all
4660 8752 320 80 over

224 8880 224 128 the
532 8880 732 128 American
1348 8884 740 164 continent,
2176 8884 360 128 until
2628 8900 56 108 t
2688 8884 168 128 he
2940 8888 48 120 l
2996 8884 144 124 in
3148 8928 76 84 o
3232 8900 324 152 type
3648 8888 300 128 said
4044 8968 40 16 -
4144 8968 44 16 -
4248 8968 40 16 -
4384 8892 584 164 begone!

240 9064 316 128 Also
660 9112 76 80 a
840 9068 700 124 collection
1644 9068 156 128 of
1896 9068 620 128 old-time
2620 9068 708 132 literature
3428 9068 156 132 of
3684 9084 388 152 great
4172 9072 560 128 interest
4832 9092 144 112 to

228 9292 520 120 anyone
820 9252 144 124 in
1032 9252 228 128 the
1332 9252 632 164 printing
2036 9252 432 160 trade,
2552 9252 368 128 from
2988 9256 232 128 the
3296 9256 444 128 editor
3816 9260 300 124 who
4200 9260 468 124 wields
4744 9264 236 124 the

228 9432 536 168 mighty
828 9480 260 116 pen
1152 9452 136 112 to
1348 9440 232 124 the
1640 9440 640 160 printer's
2344 9440 360 124 devil
2772 9440 144 124 in
2980 9440 212 124 his
3260 9444 296 124 den.
3720 9452 200 120 1st
3988 9448 204 124 ed.
4320 9444 76 132 …
4580 9444 380 132 Com-

2492 9732 244 116 205
