5920 10300
2532 9696 316 128 1715

336 1064 516 144 Moore,
952 1056 540 156 George
1496 1132 184 20 —
1692 1056 768 132 Continued

508 1256 64 96 3
628 1280 104 88 p.
788 1256 40 92 l
844 1328 52 40 .,
956 1252 276 100 5-59
1288 1280 104 88 p.
1532 1256 760 108 21ͨͫ.

516 1420 524 92 "Twelve
1120 1416 524 96 hundred
1728 1420 228 92 and
2036 1416 320 116 forty
2436 1416 384 116 copies
2904 1416 464 116 printed
3452 1424 124 88 at
3656 1416 196 96 the
3936 1412 520 120 printing
4536 1416 360 96 house
4980 1412 128 100 of

352 1552 508 96 William
924 1556 412 92 Edwin
1400 1556 432 108 Rudge,
1900 1556 408 88 Mount
2372 1556 488 108 Vernon,
2932 1552 280 92 New
3280 1548 340 116 York,
3688 1548 308 100 1927.
4128 1548 768 96 Decorations
4960 1548 144 116 by

348 1688 384 96 Claire
796 1688 408 96 Bruce.
1348 1688 316 92 Each
1728 1712 280 88 copy
2072 1688 400 112 signed
2540 1688 144 112 by
2748 1688 196 92 the
3016 1684 524 100 author."

340 1832 116 112 ©
552 1856 268 96 Dec.
908 1856 92 112 8,
1088 1856 336 108 1927;
1512 1856 164 96 2c.
1764 1856 268 96 Dec.
2120 1856 124 108 9;
2452 1848 204 112 aff.
2628 1856 268 96 Dec.
2988 1856 192 108 16;
3280 1856 96 92 A
3464 1856 52 88 1
3528 1852 72 96 0
3604 1856 52 88 1
3672 1852 64 96 0
3740 1852 136 96 92
3880 1852 72 96 0
3988 1880 20 84 ;
4108 1852 528 116 Bowling
4724 1852 376 96 Green

500 2016 356 92 press,
932 1992 216 92 inc.
1316 1988 672 120 (27-25594)
4512 1980 360 104 11541

336 2212 628 152 Morand,
1048 2212 388 152 Paul,
1532 2220 316 120 1888
1852 2292 76 16 —

512 2404 548 156 Europe
1160 2416 144 108 at
1404 2404 340 156 love,
1840 2400 180 164 by
2124 2400 356 124 Paul
2580 2400 624 124 Morand.
3400 2400 328 124 New
3836 2396 432 164 York,
4372 2400 356 124 Boni
4832 2400 268 124 and

348 2584 756 164 Liveright,
1172 2584 360 128 1927.

508 2812 60 92 5
632 2836 100 88 p.
796 2812 36 92 l
848 2884 56 36 .,
968 2808 68 96 9
1040 2864 64 8 –
1108 2808 204 96 252
1376 2836 100 88 p.
1620 2812 280 96 221.

512 2976 352 96 "'This
928 2976 440 96 edition
1432 2968 68 112 …
1632 2976 100 92 is
1800 2972 452 96 limited
2328 2984 112 88 to
2516 2976 308 112 1,050
2892 2976 416 112 copies.
3448 2976 284 96 This
3808 2976 104 96 is
3984 3000 288 92 copy
4340 3000 184 76 no.
4592 2968 304 104 997."

344 3116 112 112 ©
524 3144 268 100 Dec.
856 3148 160 108 10,
1088 3144 328 96 1927;
1484 3148 68 92 2
1552 3160 60 72 c
1628 3228 20 16 .
1728 3140 252 104 Dec.
2044 3148 192 108 10;
2312 3176 56 64 a
2380 3156 36 76 f
2404 3148 52 88 f
2488 3224 20 20 .
2576 3148 100 92 D
2684 3172 156 72 ec.
2904 3148 196 108 17;
3168 3152 100 88 A
3336 3144 548 112 1010961;
3952 3148 300 92 Boni
4316 3148 84 96 &
4464 3144 632 120 Liveright,

500 3284 212 100 inc.
880 3280 668 120 (27-25542)
4520 3276 364 100 11542

332 3508 576 148 Morley,
992 3508 932 148 Christopher
2004 3508 892 148 Darlington.

500 3692 620 120 Pauman
1132 3736 72 80 o
1208 3692 132 156 k,
1440 3692 176 164 by
1728 3688 900 168 Christopher
2732 3692 148 120 M
2892 3696 408 160 orley.
3488 3692 552 128 Garden
4144 3688 368 172 City,
4612 3692 492 168 Henry

332 3880 268 124 and
672 3880 744 160 Longwell,
1492 3884 356 120 1926.

496 4076 64 92 5
620 4100 104 88 p.
784 4072 44 88 l
840 4148 52 40 .,
952 4072 276 96 3-13
1292 4100 104 88 p.
1540 4076 56 92 1
1612 4076 684 104 5½ͨͫ.

332 4216 120 112 ©
516 4244 268 96 Dec.
844 4244 164 112 15,
1072 4240 332 112 1926;
1468 4244 164 96 2c.
1688 4244 232 92 and
1980 4244 196 96 aff.
2236 4244 260 96 Jan.
2560 4244 164 112 13,
2788 4244 336 108 1927;
3192 4244 100 92 A
3352 4244 208 96 958
3564 4240 64 92 6
3632 4240 196 112 88;
3900 4244 120 100 C.
4080 4244 480 116 Morley,
4624 4244 472 116 Roslyn,

496 4380 120 96 L.
688 4392 132 104 I.,
888 4380 136 96 N.
1100 4380 124 96 Y.
4516 4372 360 108 11543

324 4600 556 152 Morris,
972 4604 628 144 Charles,
1688 4612 316 116 1833
2012 4684 64 12 –
2108 4608 352 116 1922.

504 4784 496 136 School
1068 4788 528 164 history
1668 4784 152 128 of
1888 4792 228 124 the
2180 4788 524 128 United
2780 4784 452 132 States
3304 4788 156 128 of
3528 4788 684 164 America,
4276 4788 184 168 by
4536 4788 568 136 Charles

336 4972 504 128 Morris
948 4972 84 144 …
1240 4972 1020 164 Philadelphia,
2336 4972 132 132 J.
2552 4976 160 124 B.
2800 4972 808 164 Lippincott
3692 5016 672 124 company
4460 4972 152 144 [ͨ
4560 4980 320 124 1927
4892 5052 32 84 ]

496 5168 216 92 xiii
780 5192 136 88 p.,
980 5172 56 88 1
1112 5168 32 88 l
1160 5240 56 40 .,
1280 5164 240 112 466,
1588 5164 312 116 xxiv,
1980 5188 32 80 [
2012 5168 132 96 17
2144 5188 32 76 ]
2252 5192 104 88 p.
2496 5164 396 112 front.,
2964 5164 340 116 illus.,
3376 5192 364 88 maps.
3880 5164 752 108 19½ͨͫ
4184 5200 40 60 .

504 5300 704 96 "Reference
1264 5300 420 96 books"
1744 5304 128 92 at
1928 5300 216 96 end
2208 5300 124 96 of
2388 5308 300 88 most
2744 5300 124 96 of
2932 5300 196 96 the
3184 5304 576 112 chapters.

528 5436 284 96 Nov.
884 5436 96 116 3,
1056 5436 336 112 1927;
1472 5436 160 96 2c.
1704 5436 284 96 Nov.
2060 5436 196 112 29;
2340 5436 200 100 aff.
2612 5436 268 96 Dec.
2956 5436 196 112 12;
3232 5436 100 96 A
3404 5436 552 116 1010839;
4044 5440 104 100 J.
4224 5444 128 92 B.
4428 5436 664 116 Lippincott

488 5600 160 68 co.
800 5616 28 72 [
860 5556 100 120 ©
1036 5600 256 64 new
1356 5576 432 92 matter
1996 5568 668 120 (27-25410)
4512 5568 356 104 11544

328 5796 712 148 Murdock,
1124 5792 572 152 Harold,
1784 5800 320 124 1862
2108 5876 84 12 –

500 5984 560 124 Bunker
1172 5980 376 160 Hill;
1672 5996 376 112 notes
2168 5984 268 124 and
2552 5980 524 164 queries
3188 6024 176 80 on
3480 6024 76 80 a
3680 5976 536 132 famous
4328 5984 472 160 battle,
4916 5984 176 164 by

332 6168 536 124 Harold
924 6164 672 128 Murdock
1676 6164 84 144 …
1956 6168 560 156 Boston,
2572 6164 764 124 Houghton
3400 6164 336 124 Miff
3652 6164 84 124 l
3744 6164 140 128 in
3948 6208 712 124 company,
4728 6168 364 128 1927.

496 6384 108 84 x,
676 6356 236 116 149,
992 6404 28 72 [
1008 6360 136 104 1]
1204 6384 104 92 p.
1448 6356 392 116 front.,
1920 6360 408 116 plates,
2404 6364 388 112 ports.,
2872 6356 288 100 fold.
3232 6380 304 96 map,
3608 6356 520 100 facsims.
4264 6356 68 100 2
4340 6356 612 108 6½ͨͫ
4592 6432 32 28 .

500 6492 344 96 "This
924 6492 468 116 edition,
1472 6492 464 116 printed
2012 6500 124 88 at
2220 6496 192 92 the
2492 6492 608 96 Riverside
3176 6516 364 92 press,
3620 6492 724 116 Cambridge,
4424 6496 120 96 M
4552 6496 416 100 assach
4976 6524 72 68 u
5056 6548 36 16 -

332 6632 324 108 setts,
748 6628 128 96 U.
968 6628 108 96 S.
1160 6628 164 112 A.,
1412 6628 120 92 in
1616 6628 520 112 October,
2220 6652 112 72 A.
2420 6616 96 108 a.
2604 6624 304 116 1927,
3000 6624 100 100 is
3180 6624 452 100 limited
3728 6636 116 88 to
3928 6624 224 100 five
4236 6624 532 100 hundred
4856 6628 228 96 and

336 6760 632 116 thirty-five
1044 6760 628 96 numbered
1756 6760 412 116 copies,
2252 6760 124 96 of
2456 6760 380 96 which
2916 6760 220 96 five
3212 6760 532 96 hundred
3832 6780 204 76 are
4112 6760 192 96 for
4384 6760 284 100 sale.
4804 6760 288 104 This

332 6896 96 92 is
480 6896 484 96 number
1020 6888 300 104 532."

324 7020 112 108 ©
540 7032 264 96 Dec.
892 7032 164 112 12,
1144 7032 340 108 1927;
1572 7032 160 100 2c.
1820 7032 104 88 D
1932 7056 60 68 e
2004 7056 52 68 c
2072 7108 20 20 .
2180 7032 200 108 17;
2472 7028 200 100 aff.
2764 7032 268 96 Dec.
3124 7032 196 108 16;
3416 7032 96 88 A
3600 7028 536 100 1010956;
4248 7032 144 96 H.
4488 7032 592 112 Murdock,

484 7168 568 100 Chestnut
1124 7168 280 112 Hill,
1484 7168 348 96 Mass.
2000 7164 668 112 (27-25547)
4504 7160 352 100 11545

324 7388 340 128 New
736 7388 432 124 York.
1340 7388 1008 148 Metropolitan
2420 7424 644 88 museum
3140 7384 152 128 of
3360 7392 276 120 art.

596 7576 76 144 …
748 7576 788 124 Handbook
1636 7572 152 128 of
1884 7572 232 128 the
2212 7572 608 128 classical
2924 7572 748 160 collection,
3768 7572 180 168 by
4048 7572 464 132 Gisela
4612 7576 188 128 M.
4904 7576 168 124 A.

332 7760 600 160 Richter,
1012 7764 336 136 LITT
1328 7860 24 24 .
1436 7804 76 80 D
1524 7864 24 20 .
1796 7760 332 124 New
2216 7760 264 124 and
2568 7800 164 84 en
2736 7760 44 120 l
2796 7860 24 24 .
2904 7760 204 124 ed.
3280 7756 328 128 New
3696 7760 388 124 York
4180 7836 32 84 [
4224 7756 288 128 The
4596 7756 480 132 Gilliss

328 7988 408 116 press]
820 7952 156 116 19
984 7952 76 116 2
1068 7948 112 128 7.

476 8140 292 112 xliii,
832 8144 208 96 354
1104 8168 136 88 p.,
1308 8144 60 92 1
1440 8136 40 92 l
1488 8216 24 24 .
1644 8140 312 100 illus.
2084 8140 756 108 22½ͨͫ.

480 8280 148 92 At
688 8276 296 96 head
1048 8276 124 96 of
1236 8276 324 96 title:
1628 8276 244 96 The
1936 8276 828 116 Metropolitan
2832 8300 524 72 museum
3420 8276 124 96 of
3608 8284 228 88 art.

472 8408 284 96 2000
820 8408 384 116 copies
1276 8408 500 120 printed.

480 8544 896 116 Bibliography:
1448 8572 108 88 p.
1632 8532 524 128 [xxiii]–x
2164 8540 172 92 liii
2356 8624 24 20 .

316 8668 116 108 ©
512 8680 260 96 Jan.
836 8680 168 112 24,
1076 8680 332 96 1927;
1484 8680 164 96 2c.
1720 8684 228 92 and
2016 8680 200 100 aff.
2284 8684 296 96 Mar.
2648 8680 196 112 18;
2920 8684 96 92 A
3088 8680 480 112 972016;
3648 8680 828 116 Metropolitan
4548 8708 520 68 museum

476 8816 124 92 of
668 8820 220 112 art,
960 8816 280 92 New
1312 8816 348 96 York.
1832 8816 600 116 (27-5862)
4492 8812 352 100 11546

312 9036 684 148 Newbolt,
1072 9040 244 124 Sir
1388 9040 488 148 Henry
1956 9040 412 148 John,
2452 9044 316 120 1862
2772 9116 88 16 –

480 9224 288 120 The
864 9224 536 124 linnet's
1492 9236 332 144 nest,
1912 9224 184 160 by
2180 9224 488 164 Henry
2760 9224 688 160 Newbolt;
3552 9228 692 160 drawings
4328 9224 180 164 by
4604 9224 460 164 Ralph

324 9404 480 128 Keene.
996 9412 656 152 [London,
1728 9408 440 124 Faber
2236 9416 96 116 &
2412 9408 540 164 Gwyer,
3020 9412 576 160 limited,
3672 9412 364 160 1927]
