5968 10284
828 836 364 124 Fern
1180 840 108 116 á
1296 836 388 144 ndez,
1768 836 652 120 Leandro
2496 828 764 128 Heriberto
3264 912 168 12 —
3440 828 776 132 Continued

996 1028 248 120 xiii,
1316 1076 28 72 [
1332 1052 44 84 1
1384 1052 44 84 ]
1468 1104 20 40 ,
1552 1028 208 96 152
1824 1056 72 88 p
1908 1108 16 16 .
1988 1028 184 96 inc
2180 1032 36 92 l
2232 1108 20 16 .
2316 1028 392 116 front.,
2776 1028 40 96 i
2820 1028 36 96 l
2868 1032 216 92 lus.
3228 1028 752 108 19½ͨͫ.

1004 1168 352 92 "This
1432 1164 292 100 book
1792 1164 72 108 …
2000 1164 100 96 is
2172 1188 148 72 an
2400 1164 692 116 adaptation
3168 1164 308 96 from
3552 1164 200 96 the
3828 1164 528 96 author's
4432 1164 656 116 Philippine
5168 1164 440 116 history

828 1300 528 100 stories."

840 1420 120 116 ©
1052 1440 284 96 Nov.
1420 1440 96 112 1,
1604 1436 336 112 1927;
2032 1436 72 92 2
2104 1464 60 64 c
2176 1516 16 16 .
2280 1436 284 96 Nov.
2656 1440 124 92 7:
2876 1432 196 104 aff.
3160 1436 284 100 Nov.
3536 1436 124 112 8;
3756 1440 96 88 A
3940 1432 548 116 1004984;
4588 1436 400 96 World
5072 1432 296 96 book
5456 1460 164 76 co.

1008 1564 160 128 [©
1256 1572 500 116 preface,
1836 1596 352 88 pages
2264 1572 248 112 xiii,
2596 1572 376 112 55–66,
3056 1572 420 96 89–100
3548 1572 228 96 and
3852 1568 604 116 changes]

1024 1708 672 120 (27-23537)
5132 1704 288 100 9912

832 1896 548 144 Fisher,
1460 1900 620 128 Herbert
2156 1900 680 148 Wescott,
2920 1900 316 128 1873
3248 1980 80 12 –

996 2084 400 128 Alias
1488 2088 436 128 Uncle
2020 2084 644 164 Shylock,
2756 2128 80 84 a
2932 2084 992 168 tragi-comedy
4016 2084 156 128 of
4260 2088 228 124 the
4576 2100 268 112 two
4940 2084 680 128 Dromios.

840 2268 336 164 fear,
1236 2272 604 160 avarice;
1908 2272 180 164 by
2152 2272 604 124 Herbert
2812 2272 608 128 Wescott
3480 2272 524 124 Fisher.
4188 2272 332 128 New
4588 2272 428 160 York,
5080 2272 172 124 A.
5308 2276 112 120 &
5472 2268 144 132 C.

836 2456 400 164 Boni,
1312 2456 360 132 1927.

1000 2660 64 96 5
1136 2684 104 92 p.
1308 2660 40 92 l
1360 2732 56 44 .,
1488 2660 204 92 214
1764 2684 100 88 p.
2008 2660 756 108 19½ͨͫ.

996 2792 908 116 Bibliography:
1980 2816 104 92 p.
2144 2792 528 96 213–214.

844 2924 120 108 ©
1040 2928 308 116 Sept.
1412 2928 164 112 12,
1644 2924 332 108 1927;
2052 2928 64 88 2
2124 2952 60 68 c
2196 3004 20 16 .
2288 2924 308 112 Sept.
2668 2928 196 108 14;
2936 2924 196 96 aff.
3208 2924 308 112 Sept.
3584 2924 196 108 13;
3856 2924 96 92 A
4016 2924 480 112 999908;
4572 2924 504 96 Thomas
5156 2924 468 96 Seltzer.

1004 3064 256 112 inc.,
1348 3064 284 92 New
1720 3060 348 96 York.
2236 3060 676 116 (27-23492)
5140 3056 284 100 9913

836 3252 548 148 Fisher,
1476 3252 612 128 William
2168 3252 548 148 Albert,
2808 3260 312 120 1859
3128 3332 84 16 –

1004 3432 1320 168 Ophthalmoscopy,
2464 3440 864 160 retinoscopy
3464 3440 272 124 and
3868 3436 800 164 refraction,
4796 3436 176 168 by
5104 3440 216 128 W.
5456 3436 168 128 A.

836 3624 488 128 Fisher
1412 3628 76 136 …
1736 3628 76 116 2
1824 3624 84 128 d
1988 3668 268 80 rev.
2336 3624 272 128 and
2684 3668 160 84 en
2852 3624 44 120 l
2912 3728 24 20 .
3020 3624 244 164 ed.,
3344 3624 336 128 with
3756 3632 80 116 2
3848 3632 68 120 6
3928 3632 76 120 0
4076 3624 320 128 illus
4404 3636 60 116 t
4468 3620 564 168 rations,
5108 3624 504 128 includ-

836 3812 244 160 ing
1176 3816 160 120 48
1432 3812 540 124 colored
2076 3812 476 160 plates.
2736 3812 1020 160 Philadelphia,
3856 3812 152 124 F.
4108 3812 176 124 A.
4380 3812 436 124 Davis
4912 3852 716 124 company,

840 3996 360 132 1927.

996 4196 208 96 291
1284 4224 104 88 p.
1532 4192 312 100 illus.
1912 4192 324 116 (part
2312 4192 272 112 col.)
2684 4196 212 96 col.
2972 4192 288 100 fold.
3336 4220 72 88 p
3416 4196 36 92 l
3468 4264 56 44 .,
3608 4192 428 116 diagrs.
4176 4196 684 108 22½ͨͫ
4500 4232 28 56 .

1004 4332 240 96 The
1312 4332 460 96 colored
1844 4328 792 96 illustrations
2708 4352 204 72 are
2984 4328 628 96 numbered
3684 4356 132 68 as
3892 4332 408 112 plates.

848 4436 120 112 ©
1048 4464 240 100 Oct.
1360 4468 164 108 31,
1596 4464 336 112 1927;
2008 4464 160 96 2c.
2244 4464 280 96 Nov.
2600 4464 124 112 5;
2804 4460 196 100 aff.
3068 4464 288 96 Nov.
3420 4464 124 96 4;
3628 4464 96 92 A
3792 4464 552 112 1004951;
4424 4464 124 100 F.
4620 4464 128 96 A.
4828 4464 364 96 Davis
5264 4488 164 76 co.

1032 4600 672 120 (27-23599)
5140 4596 288 100 9914

852 4796 496 144 Franz,
1424 4792 540 152 Henry.

1124 4992 76 128 …
1276 4980 428 124 Notre
1812 4980 436 124 voisin
2356 4980 232 124 des
2704 4976 568 164 Cytises.
3492 4976 448 164 Paris,
4048 4976 1568 168 Gautier-Languereau.

852 5172 356 120 1926.

1008 5364 64 92 3
1156 5388 100 88 p.
1344 5364 36 92 l
1396 5436 20 20 .
1428 5436 20 28 ,
1536 5360 204 96 279
1828 5384 92 92 p.
2072 5360 676 108 19ͨͫ.
2516 5360 224 112 (On
2836 5384 144 72 co
2980 5384 124 68 ve
3112 5384 112 68 r:
3312 5356 516 96 Biblioth
3840 5360 60 96 è
3904 5384 216 88 que
4204 5360 140 92 de
4432 5384 188 68 ma
4704 5360 76 92 fi
4788 5360 36 92 l
4832 5360 164 112 le)

852 5504 116 116 ©
1076 5516 264 100 Jan.
1440 5516 168 112 21,
1708 5516 340 108 1927;
2152 5520 160 96 1c.
2412 5516 272 112 Apr.
2788 5516 196 112 25;
3088 5512 748 116 A—Foreign
3936 5516 412 112 34241;
4456 5508 540 104 Éditions
5104 5516 524 96 Gautier-

1012 5652 800 112 Languereau.
1980 5648 668 112 (27-23308)
5144 5644 280 100 9915

852 5804 792 152 Frederick,
1724 5804 372 128 John
2164 5804 952 128 Hutchinson.

1016 5996 580 124 Federal
1692 5992 776 164 regulation
2564 5988 156 128 of
2812 5992 580 164 railway
3484 5988 692 132 securities
4276 5992 436 128 under
4804 5992 232 128 the
5128 5996 492 124 Trans-

852 6224 248 116 por
1112 6192 52 112 t
1176 6176 372 128 ation
1648 6192 212 112 act
1956 6176 156 124 of
2212 6184 148 116 19
2368 6184 164 116 20
2636 6256 28 80 [
2676 6176 224 164 by]
3008 6176 376 128 John
3476 6176 188 124 H.
3764 6176 740 128 Frederick
4572 6180 80 144 …
4928 6180 588 124 Philade
5524 6180 44 120 l
5580 6260 40 12 -

852 6368 372 160 phia,
1308 6360 820 132 Westbrook
2220 6360 804 164 publishing
3112 6404 716 124 company,
3924 6360 360 128 1927.

1012 6556 204 96 120
1284 6584 104 88 p.
1456 6556 36 96 i
1504 6584 76 68 n
1588 6560 96 92 cl
1704 6632 20 20 .
1796 6556 196 96 tab
2000 6560 40 88 l
2052 6580 152 72 es.
2344 6552 616 112 23ͨͫ.

1020 6696 348 96 "This
1464 6696 352 108 study
1900 6696 324 92 deals
2316 6688 284 96 with
2696 6696 196 88 the
2980 6688 320 96 work
3392 6688 124 96 of
3604 6692 192 96 the
3888 6696 640 92 Interstate
4620 6716 628 72 commerce
5336 6720 280 68 com-

852 6828 476 96 mission
1408 6828 120 92 in
1612 6828 608 112 enforcing
2300 6828 200 92 the
2584 6824 652 116 provisions
3320 6828 124 92 of
3528 6828 200 96 the
3808 6824 976 116 Transportation
4872 6832 188 92 act
5144 6828 128 96 of
5356 6828 268 96 1920

852 6964 592 116 requiring
1528 6960 156 96 its
1768 6960 728 116 supervision
2584 6984 276 72 over
2944 6964 196 92 the
3224 6956 520 116 security
3828 6960 376 96 issues
4288 6960 128 96 of
4500 6960 512 96 railroad
5100 6988 520 92 corpora-

852 7096 872 100 tions."—Pref.

1016 7236 216 92 Bib
1240 7236 40 92 l
1288 7232 632 112 iography:
2000 7256 104 88 p.
2180 7228 520 96 119–120.

860 7356 120 116 ©
1052 7368 244 96 Oct.
1360 7372 168 108 31,
1596 7368 336 108 1927;
2004 7368 156 96 2c.
2236 7368 224 92 and
2532 7364 196 96 aff.
2796 7364 280 96 Nov.
3140 7364 124 112 2;
3336 7364 100 92 A
3504 7364 540 104 1010131;
4128 7368 100 96 J.
4300 7368 144 96 H.
4520 7368 656 112 Frederick,
5248 7364 380 96 Phila-

1024 7504 500 112 delphia.
1696 7504 664 112 (27-23484)
5140 7496 288 104 9916

852 7660 508 148 Fuller,
1444 7664 624 144 Harvey,
2160 7660 44 120 i
2200 7660 172 116 llu
2420 7704 88 80 s.

1032 7924 32 80 [
1076 7848 76 124 I
1164 7852 40 116 l
1216 7844 896 148 lustrations]
2144 7844 180 164 by
2400 7848 180 124 H.
2668 7848 468 124 Fuller
3188 7844 220 148 [in
3484 7856 56 116 t
3548 7848 164 124 he
3788 7848 352 124 book
4216 7892 164 80 en
4384 7860 60 112 t
4452 7844 40 128 i
4504 7848 104 124 tl
4624 7844 224 148 ed]
4916 7848 136 124 A
5128 7844 272 168 dog
5476 7844 152 128 of

852 8036 668 120 Flanders
1612 8032 180 160 by
1888 8032 120 128 O
2028 8032 316 124 uida
2468 8032 568 160 (Louisa
3132 8032 160 124 de
3392 8036 132 120 la
3620 8032 564 160 Ramée)
4396 8032 648 160 Chicago,
5140 8032 484 124 Albert

852 8216 712 128 Whitman
1632 8220 108 120 &
1816 8260 668 116 company
2572 8212 416 152 [ͨ1927
3000 8292 28 80 ]

1024 8412 200 96 128
1288 8436 108 88 p.
1464 8412 192 92 inc
1656 8412 40 92 l
1708 8492 20 16 .
1800 8412 208 96 col.
2076 8408 388 112 front.,
2540 8412 204 96 col.
2816 8412 312 92 illus.
3264 8412 684 104 23½ͨͫ.

860 8512 120 108 ©
1064 8544 244 96 Oct.
1384 8544 164 112 26,
1632 8544 336 96 1927;
2044 8548 68 92 2
2116 8572 60 68 c
2188 8624 16 20 .
2288 8544 240 100 Oct.
2608 8544 196 112 29;
2888 8544 196 100 aff.
3168 8548 168 92 No
3348 8576 68 64 v
3428 8628 20 20 .
3528 8552 124 100 7;
3740 8548 96 92 A
3912 8548 536 92 1010206;
4548 8548 400 92 Albert
5028 8544 596 96 Whitman

1020 8680 92 100 &
1172 8708 164 72 co.
5140 8676 284 104 9917

852 8832 652 152 Gillman,
1580 8836 756 128 Frederick
2416 8836 412 148 John,
2920 8848 316 116 1866
3240 8920 84 16 –

1020 9016 292 128 The
1376 9020 688 124 evolution
2140 9016 156 128 of
2360 9024 232 124 the
2660 9020 588 164 English
3320 9016 492 144 hymn;
3888 9064 168 84 an
4132 9020 708 128 historical
4908 9064 488 88 survey
5468 9016 156 128 of

856 9200 224 128 the
1176 9204 524 160 origins
1796 9204 268 124 and
2160 9204 948 160 development
3204 9204 152 128 of
3444 9208 232 124 the
3764 9204 496 168 hymns
4348 9204 156 128 of
4596 9204 224 128 the
4916 9204 696 132 Christian

3088 9500 316 120 1478
