5968 10284
944 888 288 124 The
1308 884 1052 152 Pennsylvania
2444 880 868 164 corporation
3404 876 1564 168 reporter—Continued

1104 1076 904 160 Harrisburg,
2136 1076 284 136 Pa.,
2548 1072 288 124 The
2960 1068 1012 164 Pennsylvania
4108 1068 868 164 corporation
5108 1080 616 152 reporter

1136 1260 400 176 [ͨ1927
1548 1336 28 80 ]

1104 1488 104 84 x,
1288 1456 232 116 561,
1604 1456 196 92 xiv
1876 1480 104 88 p.
2124 1456 60 92 2
2188 1452 612 112 3ͨͫ
2384 1532 20 20 .

936 1568 112 112 ©
1148 1596 304 92 June
1532 1592 164 112 23,
1788 1588 336 116 1927;
2216 1588 156 100 2c.
2464 1592 224 92 and
2780 1612 60 72 a
2856 1588 120 100 ff.
3068 1588 300 96 June
3456 1588 184 100 25;
3744 1588 96 96 A
3924 1588 480 112 990656;
4496 1588 292 96 Karl
4880 1592 124 92 E.
5096 1588 604 108 Richards,

1096 1728 764 112 Harrisburg,
1940 1728 200 96 Pa.
5224 1720 288 104 4882

948 1920 644 148 Prtner,
1664 1916 816 152 Balthasar,
2564 1924 316 120 1859
2888 1996 84 12 –

1124 2136 808 132 Geschichte
2068 2112 128 152 Ä
2208 2152 588 148 gyptens
2940 2140 140 124 in
3216 2136 1312 160 charakterbildern,
4660 2140 364 160 hrsg.
5168 2180 260 84 von
5576 2148 108 116 B
5708 2240 24 24 .

956 2312 112 120 P
1080 2356 76 80 o
1168 2324 488 112 ertner.
1836 2308 732 160 München,
2640 2312 128 128 J.
2848 2312 368 124 Köse
3220 2312 52 120 l
3340 2312 112 124 &
3516 2312 116 124 F
3648 2412 24 24 .
3752 2312 480 128 Pustet
4300 2312 324 164 k.-g.
4764 2316 152 132 [ͨ
4812 2320 316 116 1925
5144 2392 28 80 ]

1104 2536 76 68 x
1188 2536 72 72 v
1268 2584 20 40 ,
1368 2508 132 96 98
1576 2536 132 88 p.,
1788 2512 56 92 1
1924 2512 36 88 l
1976 2588 20 20 .
2140 2512 52 88 1
2212 2512 56 92 1
2344 2536 68 88 p
2420 2512 36 88 l
2472 2584 52 40 .,
2600 2512 60 88 2
2736 2536 332 88 maps
3144 2536 144 68 on
3360 2512 288 96 fold.
3720 2512 104 112 1.,
3900 2512 412 96 double
4388 2512 368 112 diagr.
4900 2508 752 108 17½ͨͫ.
5416 2512 308 112 (Let-

944 2648 324 92 tered
1336 2668 144 68 on
1548 2668 388 72 cover:
2008 2644 676 116 Sammlung
2756 2636 408 120 Kösel)

1116 2776 808 100 "Literatur":
2004 2780 52 92 1
2136 2780 244 96 leaf
2444 2780 128 96 at
2640 2780 256 96 end.

956 2908 112 112 ©
1168 2916 268 96 Dec.
1524 2912 164 112 31,
1780 2912 200 96 192
1992 2912 60 96 5
2096 2940 20 84 ;
2212 2916 156 104 1c.
2464 2912 264 96 Jan.
2812 2916 96 92 7.
3000 2912 332 96 1927:
3432 2912 744 108 A—Foreign
4264 2912 204 96 333
4476 2912 136 96 36
4636 2932 28 88 ;
4772 2912 336 96 Josef
5192 2912 352 96 Kösel
5640 2920 84 96 &

1116 3048 604 96 Friedrich
1824 3052 404 92 Pustet
2324 3048 260 116 k.-g.
2756 3048 604 116 (27-13411
3392 3048 32 96 )
5244 3044 284 100 4883

948 3240 1012 152 Presbyterian
2028 3236 528 132 church
2628 3240 140 120 in
2836 3236 248 128 the
3152 3240 168 128 U.
3392 3240 136 128 S.
3596 3240 172 128 A.

1116 3428 288 124 The
1484 3428 896 124 constitution
2460 3424 156 128 of
2696 3428 228 124 the
3008 3428 972 164 Presbyterian
4068 3428 504 124 church
4660 3428 144 124 in
4888 3432 232 124 the
5204 3428 516 132 United

952 3612 452 132 States
1472 3612 152 128 of
1688 3612 684 160 America,
2432 3612 412 164 being
2908 3620 76 144 …
3136 3612 232 128 the
3432 3608 768 132 confession
4272 3612 156 128 of
4500 3612 408 164 faith,
4976 3616 228 128 the
5272 3616 456 164 larger

948 3804 272 120 and
1296 3800 532 128 shorter
1912 3800 840 160 catechisms,
2828 3800 228 124 the
3144 3800 364 124 form
3588 3800 156 124 of
3824 3812 932 152 government,
4836 3800 228 128 the
5144 3800 356 128 book
5576 3804 156 124 of

948 3988 768 164 discipline,
1792 3988 268 124 and
2140 3988 228 124 the
2452 3984 684 164 directory
3216 3984 224 124 for
3512 3988 232 124 the
3824 3984 600 164 worship
4504 3984 156 128 of
4740 3984 352 164 God,
5172 4032 144 84 as
5396 3988 328 128 rati-

956 4172 256 128 fied
1280 4176 268 124 and
1612 4176 592 160 adopted
2264 4172 184 164 by
2512 4172 228 124 the
2808 4168 468 164 Synod
3344 4168 156 128 of
3560 4172 332 124 New
3960 4172 388 128 York
4416 4172 268 128 and
4752 4172 980 168 Philadelphia

952 4360 40 124 i
1004 4408 88 80 n
1172 4360 84 144 …
1440 4360 316 128 1788
1848 4360 268 124 and
2208 4404 148 84 as
2444 4360 648 124 amended
3200 4356 140 128 in
3428 4360 232 124 the
3748 4404 392 120 years
4236 4368 148 116 18
4400 4368 76 116 0
4488 4368 68 116 5
4560 4440 88 12 –
4656 4368 148 116 19
4816 4368 76 116 2
4900 4360 120 160 7,
5108 4364 624 164 together

960 4548 332 124 with
1356 4548 228 124 the
1648 4544 1032 128 constitutional
2744 4548 360 124 rules
3168 4548 596 160 adopted
3836 4548 136 124 in
4048 4552 740 120 1893–1912
4852 4548 268 124 and
5192 4548 540 164 general

956 4732 356 132 rules
1384 4732 224 128 for
1676 4732 924 168 judicatories.
2756 4732 1024 160 Philadelphia,
3848 4732 344 124 Pub.
4268 4732 224 124 for
4560 4732 228 124 the
4856 4732 360 128 office
5288 4732 152 128 of
5504 4732 232 132 the

956 4920 588 128 General
1624 4920 664 160 assembly
2368 4920 176 160 by
2624 4916 228 128 the
2932 4916 848 164 publication
3860 4920 864 160 department
4804 4916 156 128 of
5036 4924 228 124 the
5344 4924 388 124 Pres-

956 5108 628 164 byterian
1652 5104 424 128 board
2148 5104 156 128 of
2376 5104 708 132 Christian
3156 5104 768 160 education,
4000 5100 360 136 1927.

1124 5308 60 92 2
1244 5328 100 92 p.
1412 5308 40 88 l
1460 5340 48 60 .,
1588 5300 308 112 iii-v,
1956 5300 348 100 3-512
2372 5328 104 88 p.
2620 5300 756 112 18½ͨͫ.

956 5412 116 108 ©
1140 5444 300 92 June
1500 5440 60 96 6
1572 5516 20 36 ,
1652 5440 332 112 1927;
2052 5440 160 96 2c.
2272 5440 304 96 June
2636 5440 56 92 1
2704 5440 60 96 3
2808 5464 20 84 ;
2900 5436 192 100 aff.
3156 5440 300 96 June
3516 5440 196 108 11;
3780 5440 96 92 A
3936 5436 208 100 990
4148 5440 60 92 4
4220 5436 128 100 95
4392 5464 24 84 ;
4480 5440 828 112 Presbyterian
5368 5440 356 96 board

1128 5576 128 96 of
1332 5576 600 96 Christian
2016 5576 652 96 education.
2836 5568 672 120 (27-13584)
5252 5572 288 100 4884

964 5768 1016 148 Presbyterian
2088 5764 524 128 church
2724 5768 140 120 in
2968 5768 248 124 the
3320 5768 168 128 U.
3592 5768 136 128 S.
3832 5764 168 128 A.
4196 5768 468 124 Board
4768 5812 72 80 o
4848 5768 72 164 f
5028 5768 708 124 Christian

1124 5952 752 128 education.

1128 6140 568 124 Manual
1816 6136 152 128 of
2084 6140 228 124 the
2428 6140 972 160 Presbyterian
3520 6184 648 120 program
4296 6140 224 124 for
4636 6180 460 128 young
5216 6144 516 164 people.

972 6324 672 168 Building
1700 6324 336 124 with
2100 6324 512 160 Christ,
2672 6324 672 160 prepared
3404 6324 180 164 by
3648 6328 504 160 Young
4212 6324 584 164 people's
4860 6324 380 128 work
5300 6324 152 128 of
5512 6324 224 132 the

968 6516 460 124 Board
1500 6508 152 128 of
1720 6508 708 132 Christian
2504 6512 760 156 education,
3332 6512 628 164 working
4028 6556 148 80 co
4188 6520 76 116 o
4272 6512 764 164 peratively
5108 6512 332 124 with
5508 6512 228 128 the

976 6700 504 164 Young
1572 6696 588 164 people's
2256 6700 908 156 department,
3256 6700 464 124 Board
3816 6696 156 128 of
4068 6696 544 168 foreign
4704 6696 672 164 missions,
5472 6696 268 128 and

968 6888 224 124 the
1288 6888 908 160 Department
2292 6880 156 128 of
2540 6924 460 124 young
3100 6880 588 164 people's
3788 6884 420 160 work,
4308 6884 460 128 Board
4868 6884 156 128 of
5120 6884 616 128 national

972 7072 660 128 missions.
1792 7068 1020 164 Philadelphia,
2884 7072 288 152 Pa.,
3244 7068 864 124 Publication
4188 7072 904 160 department,
5164 7068 564 168 Presby-

980 7260 432 124 terian
1480 7256 432 128 board
1984 7256 156 128 of
2216 7252 708 132 Christian
3000 7252 764 164 education,
3844 7252 360 132 1927.

1128 7452 208 96 150
1400 7480 104 88 p.
1640 7452 680 104 18ͨͫ.

1144 7588 176 96 On
1384 7612 404 72 cover:
1868 7588 492 96 Revised
2436 7584 472 100 edition.

1136 7724 896 116 Bibliography:
2124 7748 100 88 p.
2308 7720 516 100 133–135.

980 7828 120 108 ©
1164 7856 300 100 June
1524 7848 84 100 6,
1676 7860 56 88 1
1744 7860 60 88 9
1816 7860 132 92 27
1976 7868 28 80 :
2072 7856 60 92 2
2144 7884 56 68 c
2216 7936 16 16 .
2296 7856 300 96 June
2652 7860 48 88 1
2720 7856 60 96 3
2824 7884 16 80 ;
2912 7856 192 96 aff.
3168 7856 300 96 June
3528 7856 192 108 11;
3792 7856 92 92 A
3944 7852 208 96 990
4156 7856 60 92 4
4228 7856 132 96 96
4400 7880 20 84 ;
4492 7856 820 100 Presbyterian
5376 7856 360 92 board

1140 7996 128 92 of
1340 7992 596 100 Christian
2016 7992 652 100 education.
2840 7992 664 116 (27-13586)
5228 7988 284 96 4885

980 8180 532 128 Punch.
1692 8228 120 80 v.
1884 8184 276 136 172,
2216 8228 212 80 no.
2496 8184 368 136 4471,
2924 8192 348 112 Mar.
3344 8192 192 128 16,
3608 8180 352 128 1927.

1048 8376 72 108 ©
1192 8384 128 88 1c
1332 8456 16 20 .
1432 8384 272 108 May
1780 8384 96 108 4,
1960 8380 136 92 19
2100 8384 192 108 27;
2380 8384 96 88 A
2560 8396 60 80 a
2636 8384 68 88 d
2788 8380 120 92 in
2920 8388 44 88 t
2980 8456 16 20 .
3080 8372 280 104 9399
3396 8404 20 88 ;
3508 8408 148 96 pu
3660 8376 152 96 bd
3828 8456 16 16 .
3936 8384 288 92 Mar.
4308 8380 136 92 16
4480 8408 24 68 :
4596 8380 448 92 Herber
5056 8384 40 88 t
5176 8380 180 92 He
5364 8388 64 76 a
5444 8380 256 92 ther
5712 8452 20 40 ,

1144 8516 504 96 London.
5252 8508 284 104 4886

1104 8744 196 16 —
1368 8712 120 80 v.
1564 8668 280 160 172,
1904 8712 212 80 no.
2184 8668 372 160 4472,
2620 8668 348 128 Mar.
3036 8676 204 152 23,
3312 8668 360 128 1927.

988 8828 116 112 ©
1192 8852 44 88 1
1248 8872 96 88 c.
1420 8856 124 92 M
1548 8892 144 84 ay
1768 8864 128 96 12
1900 8896 24 56 ,
2008 8864 336 112 1927;
2428 8868 92 92 A
2600 8868 144 92 ad
2824 8868 28 92 i
2868 8872 160 92 nt.
3108 8856 336 116 9416;
3528 8868 340 112 pubd.
3952 8860 120 88 M
4076 8892 164 72 ar.
4316 8868 196 96 23:
4600 8864 496 96 Herbert
5180 8864 552 112 Heather,

1148 9000 500 96 London.
5252 8996 284 100 4887

1380 9200 116 80 v.
1580 9156 148 124 17
1740 9164 112 112 2.
1924 9200 208 80 no.
2208 9156 244 124 447
2464 9168 68 108 3
2552 9256 24 36 ,
2724 9164 272 128 Mar.
3072 9168 160 112 30
3248 9256 24 56 ,
3352 9156 356 128 1927.

992 9316 116 108 ©
1192 9344 116 88 1c
1328 9424 20 20 .
1424 9352 116 92 M
1548 9376 60 68 a
1628 9376 68 88 y
1772 9352 160 104 18,
2012 9352 324 96 1927;
2428 9352 96 92 A
2596 9356 144 92 ad
2816 9352 208 96 int.
3104 9352 336 100 9445:
3524 9344 340 124 pubd.
3948 9348 124 88 M
4072 9380 164 72 ar.
4312 9352 196 116 30;
4600 9352 496 96 Herbert
5180 9352 552 116 Heather,

1152 9484 500 100 London.
5248 9484 284 100 4888

3260 9612 252 132 742
