5968 10284
1064 1004 492 148 Millin,
1624 1004 332 124 Mrs.
2040 996 452 132 Sarah
2572 996 704 128 Gertrude
3284 1072 184 20 —
3476 992 776 132 Continued

1224 1200 204 96 287
1496 1224 104 88 p.
1736 1196 392 112 front.,
2200 1200 412 112 plates.
2756 1196 1080 108 22½ͨͫ.

1064 1328 120 120 ©
1256 1336 264 96 Jan.
1588 1336 164 108 14,
1828 1332 336 112 1927;
2236 1336 164 100 2c.
2468 1332 264 96 Jan.
2804 1332 196 108 18;
3076 1324 124 100 af
3192 1324 56 96 f
3252 1408 20 16 .
3348 1328 260 96 Jan.
3680 1324 200 116 20;
3952 1328 100 92 A
4116 1324 480 120 958816;
4680 1328 296 96 Boni
5044 1332 88 96 &
5200 1324 632 124 Liveright,

1220 1468 120 96 in
1348 1496 56 72 c
1416 1548 24 20 .
1608 1468 600 116 (27-4078)
5356 1460 280 104 1428

1064 1696 416 148 Mills,
1552 1692 692 152 Dorothy.

1232 1884 292 124 The
1620 1880 356 128 book
2072 1876 156 128 of
2320 1880 232 124 the
2652 1880 540 124 ancient
3288 1880 672 160 Romans;
4068 1924 176 80 an
4344 1876 932 132 introduction
5372 1892 144 116 to
5616 1880 232 128 the

1064 2068 528 164 history
1672 2068 272 124 and
2020 2068 844 124 civilization
2944 2064 152 128 of
3168 2068 428 124 Rome
3672 2064 372 128 from
4112 2068 232 124 the
4416 2068 816 124 traditional
5308 2068 316 128 date
5696 2068 156 128 of

1068 2260 228 124 the
1384 2252 692 168 founding
2168 2252 152 128 of
2400 2256 232 124 the
2720 2252 276 164 city
3084 2264 140 116 to
3312 2252 180 128 its
3588 2248 260 132 fall
3928 2252 144 124 in
4160 2252 244 128 476
4492 2296 128 84 A.
4700 2280 160 136 D.,
4948 2252 184 168 by
5212 2256 636 164 Dorothy

1064 2444 152 128 M
1224 2444 228 128 ills
1560 2460 84 128 …
1848 2440 332 128 New
2260 2440 396 124 York
2728 2444 112 120 &
2912 2440 616 160 London,
3612 2440 168 128 G.
3856 2440 160 124 P.
4088 2440 716 128 Putnam's
4880 2484 348 120 sons,
5320 2448 148 120 19
5476 2448 76 116 2
5564 2444 116 128 7.

1224 2640 200 116 xii,
1488 2644 208 92 464
1756 2668 104 88 p.
1988 2640 392 112 front.,
2452 2644 408 112 plates,
2928 2636 284 96 fold.
3276 2660 300 92 map,
3644 2636 284 96 fold.
3996 2636 232 100 tab.
4356 2640 64 92 2
4432 2636 544 116 0ͨͫ
4612 2672 24 56 .

1232 2776 824 116 "Suggestions
2124 2776 356 96 about
2544 2776 356 96 books
2964 2776 192 96 for
3220 2776 472 92 further
3760 2768 620 120 reading":
4448 2800 104 88 p.
4620 2776 64 92 4
4692 2776 136 96 55
4832 2828 68 12 –
4904 2776 64 92 4
4976 2776 60 96 5
5044 2776 96 96 6.

1064 2888 120 112 ©
1248 2916 264 92 Feb.
1568 2912 164 112 25,
1792 2912 336 112 1927;
2188 2912 168 96 2c.
2416 2912 264 96 Feb.
2736 2908 200 116 28;
3000 2936 60 72 a
3076 2908 72 96 f
3096 2908 104 100 f.
3260 2912 264 96 Feb.
3584 2912 60 92 2
3656 2908 64 96 6
3756 2936 24 84 ;
3844 2908 100 96 A
4000 2908 476 116 967379;
4544 2912 136 96 D.
4744 2912 348 112 Mills,
5152 2912 284 96 New
5492 2912 348 100 York.

1248 3048 600 120 (27-4075)
5360 3044 280 100 1429

1076 3324 28 80 [
1120 3244 780 148 Monnette,
1972 3240 364 128 Orra
2408 3240 624 160 Eugene]
3124 3240 316 128 1873
3448 3316 88 16 –

1232 3432 296 124 Red
1596 3428 560 164 shining
2220 3440 324 112 star.
2740 3428 308 156 [Los
3108 3424 644 164 Angeles,
3864 3428 420 148 ͨ1927]

1232 3624 140 104 36
1432 3652 80 92 p
1520 3704 24 24 .
1684 3624 644 116 19ͨͫ
1940 3700 24 24 .

1236 3768 444 112 Poems,
1744 3764 288 96 each
2100 3760 468 116 signed:
2640 3756 296 104 Orra
3004 3760 472 116 Eugene
3540 3760 636 100 Monnette.

1064 3880 124 120 ©
1256 3904 264 96 Jan.
1584 3904 92 108 1,
1740 3900 336 112 1927;
2144 3900 60 88 2
2212 3908 56 76 c
2284 3972 20 24 .
2368 3896 268 100 Jan.
2696 3900 44 88 1
2768 3896 68 96 0
2876 3924 20 84 ;
2968 3896 196 96 aff.
3228 3896 264 96 Jan.
3552 3896 196 112 24;
3824 3896 100 92 A
3984 3892 64 96 9
4056 3896 68 92 6
4124 3896 208 96 329
4336 3892 68 96 0
4444 3924 20 84 ;
4536 3892 84 96 O
4644 3976 16 20 .
4732 3900 124 96 E.
4924 3900 628 116 Monnette,
5616 3904 224 96 Los

1224 4040 528 112 Angeles.
1920 4032 604 120 (27-4125)
5360 4032 284 100 1430

1068 4228 456 152 Napol
1536 4228 72 128 é
1616 4268 176 88 on
1860 4248 92 128 I,
2024 4268 624 120 emperor
2708 4264 72 84 o
2792 4228 72 156 f
2932 4224 220 128 the
3220 4224 584 156 French,
3872 4224 320 124 1769
4196 4304 88 12 –
4292 4232 356 116 1821.

1232 4416 292 124 The
1608 4416 636 160 opinions
2332 4412 268 124 and
2688 4408 760 128 reflections
3528 4408 156 128 of
3768 4408 756 164 Napoleon,
4608 4412 456 128 edited
5144 4412 188 168 by
5408 4416 444 124 Lewis

1072 4600 108 132 C
1192 4604 44 124 l
1248 4604 156 124 af
1356 4604 68 128 l
1432 4604 144 124 in
1660 4600 444 124 Breed
2184 4612 84 136 …
2524 4600 560 156 Boston,
3168 4596 288 124 The
3540 4600 376 120 Four
3992 4640 288 84 seas
4360 4644 672 120 company
5128 4612 144 148 [ͨ
5224 4608 320 116 1926
5556 4680 32 80 ]

1228 4804 204 96 534
1500 4828 100 88 p.
1740 4800 392 112 front.,
2204 4796 180 116 pl.,
2456 4800 360 112 ports.
2956 4792 648 132 21ͨͫ.

1232 4936 380 96 "Auth
1628 4960 64 72 o
1696 4932 472 100 rities":
2252 4960 108 88 p.
2440 4932 208 96 515
2648 4956 56 52 –
2720 4928 240 100 516.

1068 5048 120 108 ©
1260 5072 288 116 Aug.
1612 5072 168 112 16,
1848 5068 340 112 1926;
2260 5068 164 96 2c.
2492 5072 232 92 and
2788 5068 200 96 aff.
3060 5068 268 96 Feb.
3392 5064 168 116 28,
3632 5068 336 112 1927;
4044 5068 100 96 A
4212 5068 480 112 967404;
4768 5068 316 96 Four
5152 5092 260 76 seas
5484 5072 160 96 co.

1248 5208 604 120 (27-4163)
5356 5200 284 100 1431

1068 5404 344 124 New
1480 5396 436 128 York.
2096 5392 1008 156 Metropolitan
3180 5432 648 88 museum
3904 5392 152 128 of
4120 5400 276 120 art.

1284 5592 84 136 …
1452 5584 200 132 Ca
1660 5600 56 112 t
1728 5588 480 160 alogue
2272 5580 156 132 of
2484 5580 332 168 pain
2824 5592 60 116 t
2888 5584 348 164 ings,
3296 5584 184 144 by
3544 5588 540 160 Bryson
4152 5584 812 164 Burroughs
5072 5592 84 136 …
5340 5588 232 124 8th
5640 5584 200 128 ed.

1064 5776 332 124 New
1464 5772 436 164 York,
1980 5776 356 124 1926.

1224 5972 232 112 xiv,
1520 5972 208 92 424
1792 5996 136 88 p.,
1996 5972 60 88 1
2124 5972 40 88 l
2176 6044 16 20 .
2324 5964 396 116 front.,
2788 5964 308 96 illus.
3164 5960 392 120 (plan)
3644 5964 408 116 plates,
4124 5972 356 108 ports.
4624 5964 648 116 22ͨͫ.

1228 6108 152 96 At
1440 6108 304 96 head
1804 6104 128 96 of
1996 6104 320 96 title:
2388 6104 244 96 The
2700 6100 828 116 Metropolitan
3600 6124 524 76 museum
4192 6104 124 96 of
4380 6108 224 92 art.

1232 6240 224 100 "Of
1524 6240 236 104 this
1828 6240 608 116 catalogue
2512 6244 68 108 …
2700 6236 240 100 this
3004 6236 400 120 eighth
3476 6236 440 100 edition
3984 6236 128 100 of
4180 6240 196 96 ten
4444 6240 584 96 thousand
5104 6236 380 120 copies
5556 6236 284 104 with

1064 6404 52 68 a
1140 6380 544 112 dditions,
1760 6372 740 120 corrections,
2572 6380 232 88 and
2876 6372 792 96 illustrations
3740 6396 240 72 was
4052 6376 464 116 printed
4592 6376 660 116 December,
5332 6368 372 104 1926."

1068 6484 120 112 ©
1256 6516 264 96 Jan.
1580 6512 96 116 5,
1740 6508 336 116 1927;
2140 6512 164 96 2c.
2368 6512 228 92 and
2660 6508 200 100 aff.
2924 6512 264 96 Feb.
3248 6508 204 116 26;
3516 6508 104 96 A
3680 6508 200 96 963
3892 6516 60 88 7
3960 6508 196 116 62;
4228 6512 836 112 Metropolitan
5128 6540 524 68 museum
5716 6516 124 96 of

1232 6656 220 108 art,
1524 6652 284 92 New
1872 6648 344 96 York.
5356 6644 284 104 1432

1068 6840 532 124 Punch.
1780 6884 120 80 v.
1984 6840 276 156 171,
2332 6880 216 84 no.
2620 6844 368 152 4458,
3060 6840 316 124 Dec.
3464 6844 196 152 15,
3736 6844 356 120 1926.

1072 7008 120 112 ©
1260 7036 120 88 1c
1396 7116 20 16 .
1464 7036 264 96 Feb.
1768 7036 100 116 9,
1912 7036 268 96 1927
2228 7060 20 84 ;
2312 7036 100 92 A
2472 7036 148 96 ad
2680 7036 208 96 int.
2932 7032 340 116 9065;
3336 7036 344 116 pubd.
3740 7032 268 100 Dec.
4072 7032 168 120 15,
4304 7032 336 120 1926;
4708 7036 512 96 Herbert
5280 7036 560 120 Heather,

1232 7176 508 96 London.
5332 7168 284 100 1433

1072 7360 572 152 Ribaut,
1712 7360 404 152 Jean,
2192 7372 320 116 1520
2608 7360 324 168 (ca.)
2960 7440 88 16 –
3056 7372 360 116 1565.

1340 7552 80 136 …
1500 7552 288 124 The
1884 7548 432 124 whole
2404 7552 112 120 &
2604 7564 304 108 true
3008 7548 780 164 discouerye
3880 7544 160 132 of
4128 7552 428 120 Terra
4652 7552 640 160 Florida;
5392 7592 76 84 a
5564 7544 276 132 fac-

1076 7736 440 128 simile
1592 7736 536 164 reprint
2204 7732 156 128 of
2428 7736 232 128 the
2732 7736 576 128 London
3384 7736 516 128 edition
3976 7732 156 128 of
4212 7744 360 152 1563,
4648 7736 628 164 together
5348 7736 336 128 with
5768 7784 76 80 a

1080 7924 748 160 transcript
1904 7920 156 128 of
2136 7964 176 84 an
2392 7924 592 160 English
3064 7920 536 128 version
3676 7924 148 124 in
3896 7924 232 124 the
4208 7924 532 124 British
4820 7964 612 84 museum
5508 7924 332 124 with

1084 8124 372 112 notes
1516 8108 180 164 by
1752 8108 184 132 H.
2000 8108 188 124 M.
2256 8108 572 160 Biggar,
2888 8108 268 124 and
3224 8148 76 84 a
3360 8104 772 164 biography
4192 8108 180 160 by
4432 8108 728 128 Jeannette
5216 8104 628 128 Thurber

1076 8292 588 132 Connor.
1828 8292 212 128 De
2112 8292 436 156 Land,
2624 8292 296 128 The
2992 8288 568 128 Florida
3644 8304 344 116 state
4068 8292 708 128 historical
4848 8292 548 168 society,
5480 8292 360 128 1927.

1240 8488 200 100 xiv
1536 8516 140 88 p.,
1776 8484 64 96 2
1932 8492 40 88 l
1984 8560 60 40 .,
2156 8488 148 116 [3]
2296 8540 76 12 –
2372 8484 236 116 139,
2720 8532 32 72 [
2756 8484 168 120 10]
3032 8512 108 88 p.
3276 8484 396 116 front.,
3776 8492 404 108 plates,
4288 8512 364 88 maps,
4752 8484 464 104 facsim.
5276 8484 320 120 ([50]
5656 8488 168 116 p.)

1072 8632 56 88 1
1140 8624 896 108 9½ͨͫ.
1588 8624 464 116 (Added
2116 8628 288 108 t.-p.:
2472 8620 800 100 Publications
3332 8624 124 92 of
3524 8624 196 96 the
3784 8620 472 100 Florida
4324 8624 308 96 state
4696 8620 612 100 historical
5376 8620 468 116 society.

1072 8784 184 72 no.
1312 8756 124 112 7)

1240 8892 320 92 Each
1632 8892 316 112 plate
2020 8884 820 116 accompanied
2920 8888 144 112 by
3144 8892 368 108 guard
3588 8892 328 92 sheet
3988 8888 288 96 with
4356 8888 700 116 descriptive
5128 8892 716 112 letterpress.

1244 9024 352 96 "Five
1656 9024 528 92 hundred
2240 9020 380 116 copies
2680 9020 460 116 printed
3208 9028 128 92 at
3392 9020 196 96 the
3652 9016 560 120 printing-
4220 9048 64 68 o
4292 9024 40 88 f
4296 9024 104 92 fi
4408 9048 128 72 ce
4596 9024 128 96 of
4784 9028 200 92 the
5044 9024 288 96 Yale
5392 9024 452 96 univer-

1076 9156 232 112 sity
1364 9180 328 92 press
1744 9160 368 92 under
2168 9156 196 96 the
2420 9156 568 96 direction
3044 9156 128 96 of
3228 9156 276 96 Carl
3560 9156 640 112 Purington
4264 9156 556 100 Rollins."

1076 9256 120 112 ©
1268 9292 264 96 Feb.
1596 9292 56 92 1
1664 9292 64 96 5
1740 9364 20 44 ,
1824 9292 336 108 1927;
2224 9292 160 96 2c.
2452 9292 264 96 Feb.
2776 9292 64 92 2
2852 9292 60 92 5
2956 9316 16 88 ;
3048 9292 196 96 aff.
3312 9292 264 96 Feb.
3636 9292 68 92 2
3708 9292 64 92 3
3816 9316 20 84 ;
3908 9292 92 92 A
4068 9292 204 96 963
4280 9296 60 92 7
4352 9292 48 92 1
4416 9292 132 116 2;
4620 9292 620 96 Jeannette
5304 9292 524 96 Thurber

1252 9424 84 100 C
1344 9452 64 64 o
1420 9456 144 64 nn
1580 9456 60 64 o
1656 9452 84 88 r,
1824 9428 100 92 N
1932 9452 60 68 e
1996 9456 104 68 w
2180 9424 344 100 York.
2692 9428 328 116 (27-4
3032 9428 196 92 105
3256 9432 32 116 )
5348 9428 132 100 14
5500 9428 56 100 3
5568 9424 60 100 4

3348 9656 244 124 222
