6068 10300
1040 992 348 124 New
1444 988 552 152 Jersey.
2172 996 556 120 Bureau
2784 1040 68 76 o
2864 992 72 164 f
2992 992 748 124 industrial
3792 992 652 124 statistics
4452 1076 168 8 —
4628 992 776 132 Continued

1040 1180 428 164 labor,
1552 1180 436 124 under
2076 1180 672 124 direction
2836 1176 156 128 of
3080 1176 604 132 Andrew
3780 1180 156 124 F.
4024 1180 668 128 McBride
4792 1196 84 136 …
5116 1180 720 168 Hoboken,

1036 1368 164 124 N.
1280 1368 180 160 J.,
1540 1364 516 128 Robert
2132 1368 164 124 R.
2384 1364 604 164 Stinson,
3076 1388 72 96 ͨ
3124 1368 360 124 1927.

1200 1592 240 68 xxx
1448 1588 68 72 v
1528 1636 20 40 ,
1624 1564 232 112 671,
1940 1564 168 116 [1],
2180 1564 136 96 72
2384 1588 104 92 p.
2632 1564 360 96 front.
3064 1564 128 116 (p
3200 1588 64 72 o
3276 1568 196 112 rt.)
3568 1564 284 96 fold.
3924 1588 300 92 map.
4364 1564 60 92 2
4428 1564 648 108 6ͨͫ
4628 1640 24 20 .

1044 1704 116 112 ©
1232 1704 272 112 May
1568 1704 164 108 17,
1796 1700 336 112 1927;
2200 1700 164 100 2c.
2432 1704 272 112 May
2764 1700 196 112 21;
3032 1700 196 100 aff.
3296 1704 268 112 May
3628 1700 200 116 23;
3896 1700 100 92 A
4060 1700 60 96 9
4132 1700 408 116 76753;
4612 1704 440 96 Robert
5116 1704 132 100 R.
5324 1704 508 100 Stinson.

1048 1924 344 124 New
1468 1924 436 124 York.
2080 1924 1012 152 Metropolitan
3176 1960 648 92 museum
3904 1924 156 128 of
4136 1932 276 120 art.
5348 1864 212 124 434
5572 1864 60 128 5

1312 2108 80 148 …
1472 2112 760 164 Catalogue
2320 2108 156 128 of
2568 2156 76 80 a
2736 2112 972 164 retrospective
3800 2116 764 124 exhibition
4656 2116 156 124 of
4900 2116 568 164 painted
5564 2116 272 132 and

1048 2300 556 164 printed
1696 2296 552 164 fabrics,
2332 2300 336 164 May
2756 2308 152 120 16
2992 2312 144 116 to
3228 2300 796 164 September
4116 2308 192 156 11,
4400 2300 356 132 1927.
4944 2300 56 112 [
4984 2300 336 132 New
5404 2304 440 164 York,

1048 2480 420 168 ͨ1927]

1204 2688 168 116 95,
1456 2692 96 112 [1
1564 2732 24 72 ]
1664 2712 104 92 p.
1908 2688 760 120 22½ͨͫ.

1204 2824 156 92 At
1420 2824 300 92 head
1780 2824 124 92 of
1964 2820 328 100 title:
2356 2820 244 96 The
2668 2820 832 116 Metropolitan
3560 2848 528 72 museum
4152 2828 120 92 of
4332 2832 220 92 art.

1212 2956 224 100 "Of
1532 2956 232 100 this
1852 2960 612 112 catalogue
2552 2984 212 68 one
2852 2960 580 96 thousand
3532 2956 380 116 copies
4004 2960 296 96 have
4392 2960 284 96 been
4764 2956 464 116 printed
5316 2960 148 112 by
5552 2960 284 96 Yale

1048 3092 648 112 university
1768 3116 328 92 press
2168 3092 372 96 under
2616 3092 200 96 the
2892 3092 572 96 direction
3536 3096 124 92 of
3736 3092 272 96 Carl
4084 3092 648 116 Purington
4808 3092 452 100 Rollins
5332 3096 124 92 in
5532 3096 304 116 May,

1048 3224 372 100 1927."

1052 3332 112 112 ©
1244 3368 276 108 May
1588 3360 164 116 16,
1820 3360 340 112 1927;
2232 3360 64 92 2
2300 3368 56 80 c
2380 3436 16 20 .
2468 3360 276 112 May
2808 3360 204 108 24;
3088 3356 196 100 aff.
3360 3360 272 112 May
3696 3360 200 108 23;
3972 3360 100 92 A
4140 3360 132 96 97
4284 3360 64 96 6
4356 3368 60 88 7
4424 3360 60 96 5
4496 3368 124 108 7;
4696 3360 836 116 Metropolitan
5600 3388 240 68 mu-

1208 3524 324 72 seum
1616 3500 120 92 of
1820 3504 220 108 art,
2124 3500 280 92 New
2488 3500 348 92 York.
3004 3492 672 120 (27-11930)
5348 3492 288 104 4346

1048 3688 472 152 Paret,
1604 3688 476 128 Jahial
2160 3684 624 156 Parmly,
2876 3688 320 124 1870
3200 3768 68 12 –

1216 3876 872 168 Psychology
2148 3876 272 128 and
2488 3876 700 124 advanced
3252 3876 332 164 play
3640 3876 156 124 of
3856 3876 360 124 lawn
4280 3876 488 164 tennis,
4832 3880 184 164 by
5076 3880 132 128 J.
5276 3880 568 164 Parmly

1048 4068 480 156 Paret;
1588 4064 780 128 illustrated
2428 4064 368 124 from
2844 4108 420 120 many
3312 4064 1032 128 instantaneous
4396 4064 456 128 action
4904 4068 944 168 photographs

1048 4252 156 124 of
1300 4252 540 124 famous
1928 4252 600 124 matches
2620 4252 272 124 and
2984 4248 988 128 international
4064 4264 544 152 experts
4692 4252 144 124 in
4924 4252 460 128 match
5476 4256 368 164 play,

1052 4444 272 124 and
1452 4440 772 128 additional
2348 4440 964 164 slow-moving
3432 4440 524 124 motion
4080 4440 600 164 pictures
4804 4444 396 124 made
5316 4444 188 164 by
5620 4444 228 124 the

1048 4628 516 132 United
1620 4628 452 132 States
2128 4628 360 128 lawn
2540 4628 452 128 tennis
3048 4628 816 128 association
3924 4636 76 144 …
4252 4628 332 128 New
4636 4628 432 164 York,
5116 4628 736 128 American

1052 4820 356 124 lawn
1484 4816 492 164 tennis,
2052 4816 304 164 inc.,
2436 4816 360 132 1927.

1216 5016 120 96 xi
1400 5044 140 88 p.,
1604 5020 60 92 1
1732 5024 112 108 1.,
1904 5016 208 96 255
2176 5044 104 88 p.
2348 5016 264 100 incl.
2680 5016 348 112 illus.,
3096 5020 416 112 plates.
3648 5016 364 96 front.
4080 5012 416 120 (port.)
4656 5016 680 108 23½ͨͫ.
5164 5016 300 116 (The
5532 5020 308 92 lawn

1052 5156 384 96 tennis
1496 5152 484 116 library,
2040 5156 220 96 vol.
2372 5160 228 104 III
2492 5156 36 112 )

1056 5268 116 112 ©
1264 5296 272 112 May
1616 5292 96 116 2,
1796 5292 336 108 1927;
2216 5292 64 92 2
2288 5304 56 76 c
2360 5368 20 20 .
2464 5292 276 108 May
2816 5292 200 108 11;
3100 5288 200 100 aff.
3384 5292 276 108 May
3740 5288 196 112 14;
4024 5288 104 96 A
4208 5288 132 96 97
4348 5288 132 96 66
4492 5292 60 92 7
4560 5288 64 96 6
4668 5316 16 84 ;
4776 5288 108 100 J.
4968 5288 124 96 P.
5176 5292 352 92 Paret
5612 5292 232 92 and

1224 5432 104 96 S.
1408 5428 416 100 Wallis
1900 5424 652 116 Merrihew,
2632 5428 280 100 New
2988 5424 348 100 York.
3504 5424 672 116 (27-11794)
5356 5420 288 100 4347

1048 5624 524 148 Payne,
1648 5616 564 128 Arthur
2288 5616 520 152 Frank,
2896 5616 320 128 1876
3220 5696 84 16 –

1220 5808 428 132 What
1736 5808 176 128 do
1992 5848 272 124 you
2348 5804 488 132 know?
3048 5804 360 164 (The
3492 5816 268 116 test
3844 5804 356 128 book
4288 5800 340 128 with
4720 5848 80 84 a
4892 5804 656 164 purpose)
5664 5804 184 164 by

1052 5992 540 128 Arthur
1660 5992 116 128 F
1788 5992 352 128 rank
2200 5992 476 164 Payne
2784 5992 88 148 …
2976 5988 340 128 with
3384 5988 940 128 introduction
4392 5988 184 168 by
4644 5988 132 128 A
4780 5988 52 128 l
4840 5988 596 132 exander
5500 5988 232 132 Wi
5740 5988 48 124 l
5800 6068 44 16 -

1056 6176 436 128 liams.
1644 6172 332 132 New
2052 6176 428 164 York,
2552 6176 292 128 Rae
2912 6176 172 128 D.
3156 6172 548 132 Henkle
3772 6220 236 120 co.,
4076 6172 260 132 inc.
4420 6172 508 148 [ͨ1927]

1228 6372 204 96 143
1504 6396 108 92 p.
1756 6372 648 108 21ͨͫ.

1060 6476 116 112 ©
1252 6512 268 112 May
1580 6508 168 116 25,
1812 6508 336 112 1927;
2212 6508 164 100 2c.
2440 6508 276 116 May
2776 6508 64 92 2
2848 6508 60 96 5
2952 6532 20 88 ;
3044 6504 200 100 aff.
3304 6508 276 112 May
3640 6508 200 112 26;
3912 6508 96 92 A
4068 6508 480 108 990261;
4616 6508 248 96 Rae
4924 6508 140 96 D.
5128 6504 452 100 Henkle
5644 6532 200 92 co.,

1220 6648 216 92 inc.
1608 6644 672 116 (27-12090)
5356 6636 284 104 4348

1052 6836 648 152 Perkins,
1788 6836 444 128 Ruth.

1232 7024 464 164 Magic
1756 7036 808 148 casements;
2636 7024 228 124 the
2932 7024 684 124 chronicle
3680 7020 152 128 of
3892 7024 236 124 the
4188 7024 948 160 development
5200 7020 156 128 of
5416 7064 72 84 a
5552 7064 292 84 new

1064 7212 336 124 kind
1480 7208 152 128 of
1704 7256 392 116 camp
2176 7256 696 120 program,
2944 7208 184 164 by
3200 7208 380 128 Ruth
3660 7208 584 128 Perkins
4364 7208 88 148 …
4640 7208 332 128 New
5052 7208 432 164 York,
5556 7208 292 128 The

1060 7396 652 128 Womans
1792 7440 380 120 press
2268 7404 160 152 [ͨ
2364 7400 320 124 1927
2684 7440 36 92 ]

1232 7592 204 96 152
1508 7620 104 92 p.
1752 7592 724 108 21ͨͫ.

1240 7732 308 92 "The
1624 7728 552 96 material
2248 7728 124 96 in
2452 7728 236 100 this
2764 7728 300 96 book
3136 7728 216 96 has
3436 7752 316 72 come
3832 7736 200 88 out
4108 7728 128 96 of
4312 7728 200 96 the
4592 7724 844 120 experimental
5512 7752 336 92 camp

1068 7892 544 88 program
1688 7868 124 96 of
1888 7868 232 96 two
2204 7892 344 88 years
2624 7868 128 96 at
2832 7868 468 112 Maqua,
3380 7892 68 68 a
3528 7860 532 100 national
4144 7888 336 92 camp
4556 7864 128 100 of
4764 7868 196 96 the
5040 7868 132 96 Y.
5252 7868 172 96 W.
5504 7864 124 100 C.
5712 7864 132 100 A.

1072 8004 116 96 in
1280 8004 428 116 Maine,
1796 8004 236 96 and
2124 8000 124 96 of
2344 8024 212 72 one
2648 8024 284 92 year
3016 8000 124 96 in
3232 8024 348 72 seven
3672 8000 336 100 other
4100 8024 392 92 camps
4588 8000 128 96 of
4804 8004 412 112 Young
5304 8000 540 96 women's

1072 8140 600 100 Christian
1744 8132 1340 104 associations."—Pref.

1240 8276 832 112 Bibliography
2120 8300 24 68 :
2212 8300 108 88 p.
2384 8268 524 100 151–152.

1072 8380 108 108 ©
1264 8416 272 108 May
1600 8412 164 112 10,
1832 8412 336 108 1927;
2240 8412 164 96 2c.
2468 8412 272 112 May
2804 8408 200 112 19;
3076 8408 196 100 aff.
3340 8412 272 108 May
3676 8404 200 108 20;
3952 8408 100 92 A
4116 8404 480 108 976752;
4668 8408 556 96 National
5292 8408 360 92 board
5724 8408 124 92 of

1232 8548 196 92 the
1520 8548 408 112 Young
2020 8572 508 68 womens
2624 8544 604 96 Christian
3324 8544 768 96 associations
4192 8544 124 96 of
4408 8544 200 100 the
4704 8544 424 96 United
5236 8540 392 100 States
5724 8544 124 92 of

1228 8680 568 116 America,
1884 8684 284 92 New
2248 8684 344 92 York.
2768 8680 672 116 (27-11804)
5336 8672 284 100 4349

1064 8872 540 148 Perrin,
1680 8872 480 152 Harry
2232 8872 496 128 Crane.

1232 9060 132 124 A
1436 9060 664 124 listener's
2176 9060 596 160 analysis
2844 9056 152 128 of
3072 9060 228 124 the
3372 9056 428 128 music
3872 9052 156 128 of
4096 9056 236 124 the
4400 9052 380 128 third
4856 9064 764 116 movement
5692 9052 156 124 of

1076 9244 884 124 Beethoven's
2028 9244 632 124 Pathetic
2732 9256 520 148 sonata,
3320 9244 180 156 by
3568 9244 180 120 H.
3832 9240 148 128 C.
4056 9244 532 156 Perrin,
4660 9236 484 164 played
5232 9236 180 148 by
5480 9236 364 128 Har-

1068 9428 224 124 old
1368 9432 488 120 Bauer.
2024 9428 660 156 [London]
2768 9428 292 128 The
3124 9428 588 124 Aeolian
3784 9472 228 112 co.,
4080 9428 252 124 ltd.
4416 9424 372 132 [1927
4784 9460 36 96 ]

3360 9720 240 120 662
