5920 10300
272 1032 652 148 Burnett,
1000 1028 556 152 Vivian,
1636 1028 316 128 1876
1956 1108 80 16 –

452 1220 288 124 The
832 1216 764 128 romantick
1692 1216 324 164 lady
2140 1216 656 164 (Frances
2892 1212 672 168 Hodgson
3672 1212 652 164 Burnett)
4448 1212 232 128 the
4784 1208 252 132 life

280 1412 380 152 story
716 1400 156 124 of
932 1444 172 80 an
1172 1400 944 164 imagination,
2172 1400 184 164 by
2420 1400 512 128 Vivian
3000 1404 628 120 Burnett.
3780 1400 332 124 New
4180 1396 432 160 York,
4676 1396 352 128 Lon-

284 1584 312 164 don,
656 1584 148 132 C.
872 1584 744 132 Scribner's
1676 1608 352 136 sons,
2092 1580 356 132 1927.

452 1788 68 80 x
536 1776 144 116 vi,
756 1776 204 96 423
1036 1804 104 88 p.
1280 1776 392 116 front.,
1752 1776 340 116 illus.,
2176 1776 408 116 plates,
2664 1780 388 112 ports.,
3136 1776 520 100 facsims.
3796 1776 588 108 22ͨͫ
4044 1816 24 52 .

284 1928 116 108 ©
504 1944 304 116 Sept.
892 1948 96 112 9,
1080 1944 332 116 1927;
1500 1944 164 100 2c.
1756 1948 228 92 and
2072 1944 196 100 aff.
2360 1944 244 100 Oct.
2696 1948 196 112 21;
2988 1944 100 96 A
3172 1952 56 88 1
3244 1944 136 96 00
3388 1948 56 96 7
3456 1948 60 92 9
3524 1948 196 112 88;
3824 1944 480 96 Charles
4400 1940 632 100 Scribner's

444 2108 300 88 sons.
912 2080 664 116 (27-23018)
4544 2076 292 100 9606

276 2368 780 132 California
1164 2384 652 148 property
1924 2372 372 160 laws,
2400 2368 276 128 real
2784 2372 268 124 and
3164 2372 696 160 personal;
3972 2368 684 164 questions
4764 2412 168 84 an
4944 2372 80 124 d

440 2596 628 120 answers,
1180 2556 360 128 1927.
1732 2560 364 156 1,500
2200 2556 684 164 questions
2992 2556 272 124 and
3372 2596 584 84 answers
4060 2556 644 164 covering
4812 2556 224 124 the

440 2744 280 124 real
796 2740 268 128 and
1144 2744 628 160 personal
1848 2752 656 156 property
2580 2740 328 128 laws
2984 2740 156 128 of
3212 2740 824 164 California,
4112 2740 676 164 prepared
4860 2736 176 168 by

440 2928 656 124 members
1164 2924 156 128 of
1388 2928 232 124 the
1692 2924 776 132 California
2544 2924 288 128 bar.
3012 2928 260 124 Los
3348 2928 636 160 Angeles,
4056 2924 120 132 O
4192 3028 24 24 .
4292 2928 176 124 W
4480 3028 28 24 .
4584 2920 444 136 Smith

452 3120 456 136 [ͨ1925]

440 3312 64 96 4
572 3340 100 84 p.
740 3308 40 92 l
792 3384 56 40 .,
916 3312 204 96 217
1188 3336 104 88 p.
1356 3312 36 92 i
1404 3336 72 68 n
1484 3312 96 96 cl
1596 3388 24 20 .
1692 3312 404 96 tables.
2240 3312 752 108 22½ͨͫ.

284 3456 120 112 ©
480 3480 240 96 Oct.
792 3480 96 112 5,
956 3476 336 112 1927;
1364 3480 160 96 2c.
1596 3480 244 96 Oct.
1912 3480 124 88 11
2084 3504 20 88 ;
2180 3476 200 100 aff.
2452 3476 244 100 Oct.
2768 3480 60 92 3
2840 3480 124 108 1;
3040 3476 96 92 A
3208 3476 544 112 1010111;
3836 3480 132 92 Ol
3980 3476 116 96 in
4172 3480 168 96 W.
4420 3476 408 100 Smith.

468 3612 668 116 (27-23109)
4552 3612 284 100 9607

276 3908 512 148 Cohen,
888 3908 524 152 Joseph
1516 3908 584 152 George,
2200 3908 196 124 ed.

460 4096 520 156 [Notes;
1060 4092 316 128 Life
1448 4096 272 124 and
1788 4096 392 120 times
2252 4092 156 124 of
2480 4096 496 120 Daniel
3048 4088 504 164 Defoe;
3636 4092 688 160 questions
4396 4092 268 124 and
4740 4104 296 148 top-

280 4280 112 124 ic
404 4328 60 80 s
568 4276 224 128 for
892 4280 476 164 study;
1484 4276 848 168 suggestions
2444 4276 224 124 for
2772 4280 964 160 composition;
3852 4276 856 164 suggestions
4816 4276 224 124 for

280 4468 608 160 reading]
976 4468 180 160 by
1224 4468 132 124 J.
1436 4464 160 128 G.
1680 4464 464 128 Cohen
2232 4544 28 80 [
2276 4464 136 124 in
2492 4468 228 120 the
2792 4464 352 124 book
3220 4464 608 160 entitled]
3920 4460 700 128 Robinson
4704 4460 336 132 Cru-

276 4696 260 112 soe,
636 4652 180 164 by
916 4652 496 124 Daniel
1512 4648 480 128 Defoe.
2184 4652 556 156 Boston,
2844 4652 328 124 New
3284 4648 388 124 York
3788 4664 328 144 [etc.]
4232 4652 432 164 Allyn
4772 4652 268 124 and

284 4840 460 124 Bacon
820 4836 408 160 [1927]

444 5032 192 112 vii,
708 5032 204 96 388
984 5056 100 92 p.
1228 5032 392 116 front.,
1696 5032 340 112 illus.,
2108 5036 412 112 plates.
2664 5032 684 108 17½ͨͫ.

288 5168 116 112 ©
488 5204 304 92 June
860 5200 164 116 24,
1104 5196 64 88 1
1172 5196 140 88 92
1312 5196 128 116 7;
1520 5200 160 96 2c.
1760 5192 244 108 Oct.
2076 5200 200 112 24;
2356 5196 196 100 aff.
2628 5200 252 100 Oct.
2948 5200 200 112 22;
3232 5200 92 92 A
3400 5204 56 88 1
3472 5196 136 96 00
3612 5196 132 100 78
3752 5196 64 96 6
3820 5196 124 116 8;
4032 5200 340 112 Allyn
4452 5200 88 96 &
4616 5200 424 96 Bacon.

4560 5328 284 104 9608

288 5524 552 148 Cowan,
908 5524 552 152 Alfred,
1536 5532 320 120 1884
1860 5604 84 12 –

456 5712 232 124 An
796 5712 948 164 introductory
1860 5752 464 88 course
2432 5712 144 124 in
2688 5708 852 168 ophthalmic
3648 5708 484 168 optics,
4244 5708 180 168 by
4540 5712 500 128 Alfred

300 5892 108 132 C
416 5936 388 84 owan
968 5904 80 136 …
1148 5936 120 88 w
1280 5896 204 124 ith
1584 5904 64 116 1
1664 5904 76 116 2
1752 5904 64 116 1
1912 5896 104 124 il
2020 5900 144 120 lu
2168 5892 692 164 strations,
2952 5940 416 120 many
3460 5896 144 124 in
3696 5900 476 124 colors.
4352 5892 264 132 Phi
4628 5900 48 120 l
4684 5900 248 124 ade
4944 5900 44 124 l
5004 5976 36 16 -

300 6080 364 160 phia,
720 6080 156 124 F.
936 6080 172 124 A.
1168 6076 432 132 Davis
1656 6120 712 124 company,
2428 6080 360 132 1927.

460 6272 44 96 1
580 6300 104 88 p.
740 6276 36 92 l
792 6344 56 40 .,
912 6272 56 96 5
976 6324 68 12 –
1048 6272 204 96 262
1312 6300 104 88 p.
1560 6272 340 112 illus.,
1964 6272 428 116 diagrs.
2532 6272 680 108 22ͨͫ.

348 6440 72 112 ©
492 6444 244 96 Oct.
804 6444 160 112 14,
1036 6440 336 112 1927;
1444 6440 160 100 2c.
1680 6440 240 100 Oct.
1992 6444 60 92 2
2060 6440 72 96 9
2164 6464 24 88 ;
2264 6440 196 100 aff.
2532 6440 244 100 Oct.
2848 6444 196 108 27;
3120 6440 100 96 A
3288 6444 56 92 1
3356 6440 140 96 00
3492 6444 68 92 4
3572 6440 64 92 8
3636 6444 132 96 59
3812 6464 28 92 ;
3916 6444 120 100 F.
4108 6444 132 96 A.
4312 6444 364 96 Davis
4748 6472 128 72 co
4892 6524 16 24 .

484 6576 664 120 (27-22934)
4556 6576 284 100 9609

284 6864 524 152 Cullen,
892 6868 664 148 Countee,
1644 6872 316 120 1903
1968 6944 80 16 –
2556 6868 204 128 ed.

460 7048 660 168 Caroling
1184 7048 412 164 dusk;
1668 7096 172 84 an
1912 7052 744 164 anthology
2724 7048 156 128 of
2944 7096 376 84 verse
3380 7052 180 164 by
3620 7096 416 120 negro
4108 7068 420 148 poets,
4592 7056 448 128 edited

300 7240 168 164 by
524 7236 596 132 Countee
1180 7236 548 160 Cullen;
1796 7240 852 128 decorations
2700 7236 180 168 by
2936 7236 476 128 Aaron
3468 7240 652 164 Douglas.
4268 7240 328 128 New
4668 7244 372 124 York

288 7428 268 124 and
620 7424 616 160 London,
1300 7420 556 164 Harper
1916 7428 112 120 &
2092 7424 664 160 brothers,
2824 7424 356 128 1927.

456 7648 156 72 xx
616 7620 40 96 i
664 7624 36 92 i
768 7648 132 88 p.,
968 7628 56 88 1
1092 7620 44 92 l
1144 7656 48 64 .,
1256 7624 236 112 237,
1568 7620 24 120 [
1572 7620 52 108 1
1652 7644 44 80 ]
1768 7648 108 88 p.
2008 7620 760 108 21½ͨͫ.

456 7788 312 92 "The
840 7780 792 120 biographical
1716 7784 436 100 notices
2232 7784 452 100 carried
2768 7788 284 96 with
3132 7788 324 96 these
3532 7812 392 92 poems
4000 7788 292 96 have
4372 7792 280 96 been
4728 7792 312 96 writ-

296 7932 184 84 ten
560 7920 148 112 by
792 7920 188 96 the
1064 7924 324 112 poets
1468 7916 688 100 themselves
2236 7944 272 72 save
2588 7920 120 96 in
2788 7920 328 96 three
3196 7916 1232 108 cases."–Foreword.

300 8052 120 112 ©
500 8084 244 96 Oct.
812 8088 164 108 28,
1052 8084 336 108 1927;
1460 8084 160 96 2c.
1700 8084 240 100 Oct.
2016 8084 196 112 29;
2288 8080 196 100 aff.
2560 8088 284 92 Nov.
2916 8088 124 108 1;
3124 8088 96 88 A
3292 8088 52 92 1
3356 8084 136 96 00
3496 8088 340 112 4892;
3920 8088 456 116 Harper
4456 8088 84 96 &
4616 8092 64 88 b
4696 8116 220 72 ros.

488 8216 660 116 (27-23175)
4564 8224 284 96 9610

296 8508 476 152 Davis,
844 8508 476 128 Elmer
1388 8512 616 148 Holmes,
2080 8520 316 120 1890
2404 8588 80 20 –

480 8692 408 132 Show
988 8696 584 128 window
1688 8776 28 80 [
1728 8692 180 168 by
1920 8772 28 84 ]
2072 8696 464 132 Elmer
2640 8696 472 128 Davis.
3308 8696 328 128 New
3744 8696 432 164 York,
4280 8700 292 128 The
4680 8700 364 128 John

308 8876 308 164 Day
676 8920 712 120 company,
1452 8876 360 132 1927.

476 9068 64 96 6
596 9092 104 88 p.
756 9072 40 92 l
808 9144 56 40 .,
924 9068 60 96 3
988 9124 76 12 –
1064 9068 236 116 285,
1368 9116 28 76 [
1400 9076 56 88 1
1464 9088 32 80 ]
1560 9100 108 88 p.
1808 9072 752 104 19½ͨͫ
2128 9104 28 56 .

480 9232 984 104 "Commentaries
1520 9264 144 68 on
1728 9236 652 112 literature,
2448 9236 520 116 religion,
3036 9244 224 92 and
3332 9236 560 120 politics."

312 9388 116 112 ©
512 9400 244 100 Oct.
828 9404 164 112 13,
1060 9404 340 112 1927;
1472 9404 164 100 2c.
1708 9408 228 100 and
2012 9432 60 68 a
2084 9404 48 96 f
2132 9404 72 100 f.
2284 9404 244 100 Oct.
2600 9408 60 92 2
2664 9408 80 96 8
2776 9436 20 84 ;
2876 9408 100 92 A
3048 9408 544 116 1007992;
3676 9412 128 96 E.
3884 9412 392 116 Davis,
4352 9412 280 96 New
4708 9412 344 96 York.

492 9536 668 116 (27-23020)
4568 9536 280 112 9611

2528 9676 312 116 1435
