5920 10300
188 996 644 148 Erskine,
916 992 512 128 Laurie
1504 992 428 148 York,
2020 1000 320 116 1894
2344 1072 68 12 –

356 1180 424 128 After
836 1184 516 156 school;
1428 1228 72 76 a
1568 1196 372 144 story
2000 1176 152 128 of
2216 1176 820 164 patriotism,
3096 1180 180 160 by
3336 1180 500 124 Laurie
3904 1180 388 124 York
4360 1176 580 128 Erskine

356 1380 84 128 …
524 1368 328 124 New
924 1364 428 160 York,
1424 1364 392 124 Lond
1828 1408 72 80 o
1912 1412 124 112 n,
2104 1364 172 124 D.
2352 1364 704 160 Appleton
3132 1364 268 124 and
3476 1408 708 116 company,
4268 1376 144 112 19
4424 1372 72 116 2
4516 1364 108 128 7.

356 1564 60 92 3
476 1588 100 88 p.
640 1564 36 92 l
692 1636 52 40 .,
808 1564 64 92 7
880 1560 64 96 6
952 1636 20 40 ,
1044 1608 24 72 [
1076 1560 60 92 1
1136 1584 32 80 ]
1236 1584 100 92 p.
1480 1560 360 96 front.
1904 1560 128 116 (p
2040 1584 64 72 o
2112 1560 200 112 rt.)
2480 1556 748 112 19½ͨͫ.

200 1700 116 112 ©
392 1728 276 112 July
732 1728 168 112 22,
968 1728 56 92 1
1040 1728 60 92 9
1100 1728 196 108 27;
1376 1728 160 96 2c.
1608 1728 224 92 and
1904 1724 196 100 aff.
2176 1728 272 108 July
2516 1724 196 112 25;
2788 1728 100 92 A
2952 1724 64 96 9
3020 1724 68 88 9
3092 1724 60 96 9
3160 1728 64 88 1
3236 1728 192 108 17;
3508 1728 136 96 D.
3716 1728 568 116 Appleton
4360 1728 84 96 &
4508 1752 128 72 co
4656 1808 16 16 .

380 1860 464 116 (27-155
856 1864 192 112 24)
4460 1856 280 100 5914

188 2152 748 148 Fairchild,
1012 2156 488 148 Henry
1572 2156 460 144 Pratt,
2116 2160 316 116 1880
2436 2232 84 12 –
2860 2152 196 124 ed.

352 2340 832 160 Immigrant
1256 2340 992 160 backgrounds,
2324 2340 180 160 by
2584 2340 484 160 Henry
3148 2340 396 124 Pratt
3636 2340 704 124 Fairchild
4424 2340 84 144 …
4664 2344 276 124 edi-

188 2544 276 136 tor;
540 2524 984 124 contributors:
1596 2524 560 128 Charles
2220 2524 168 120 A.
2460 2528 628 152 Bennett,
3160 2524 128 124 J.
3356 2524 432 124 Merle
3852 2524 464 128 Davis.
4400 2524 132 132 S.
4604 2532 336 120 Din-

188 2752 88 120 g
284 2712 128 120 ol
488 2716 56 108 [
532 2752 168 80 an
712 2712 84 120 d
864 2712 552 136 others]
1496 2720 80 128 …
1740 2712 328 120 New
2132 2708 432 128 York,
2628 2712 128 120 J.
2824 2712 456 160 Wiley
3344 2716 100 116 &
3516 2752 308 84 sons
3820 2764 36 68 ,
3928 2712 144 124 in
4080 2756 64 76 c
4164 2756 88 92 .;
4328 2716 388 120 Lond
4728 2760 76 76 o
4812 2760 132 84 n,

188 2892 716 164 Chapman
972 2900 108 116 &
1148 2896 384 156 Hall,
1604 2896 572 156 limited,
2260 2892 352 128 1927.

352 3104 108 100 x,
548 3092 200 92 269
832 3120 104 84 p.
1020 3088 184 96 inc
1208 3096 36 84 l
1264 3168 16 16 .
1368 3092 352 92 front.
1792 3088 376 116 (map)
2344 3088 584 108 21ͨͫ.
2788 3088 716 116 (Half-title:
3592 3088 372 116 Wiley
4056 3092 348 100 social
4500 3092 440 100 science

188 3228 388 112 series,
652 3228 172 96 ed.
900 3228 140 112 by
1120 3228 144 96 H.
1340 3228 120 96 P.
1540 3228 652 112 Fairchild)

360 3396 832 112 Bibliography
1260 3400 124 92 at
1448 3400 216 96 end
1732 3396 124 96 of
1920 3400 300 88 most
2288 3396 120 96 of
2480 3396 192 96 the
2740 3396 568 112 chapters.

196 3556 112 108 ©
380 3564 272 112 July
716 3564 92 108 8,
872 3564 332 96 1927;
1272 3564 164 96 2c.
1496 3564 276 112 July
1836 3564 196 108 16;
2100 3564 196 96 aff.
2364 3564 272 112 July
2700 3564 196 108 13;
2968 3564 96 92 A
3128 3564 60 96 9
3196 3564 132 96 99
3340 3564 60 92 0
3404 3564 188 104 22;
3676 3568 308 92 John
4048 3568 136 92 W
4192 3568 36 92 i
4240 3572 180 108 ley
4492 3568 84 96 &
4640 3592 300 76 sons.

352 3696 216 100 inc.
736 3696 668 116 (27-15395)
4432 3700 280 96 5915

188 3988 668 152 Farrelly,
932 3992 156 120 M
1092 4036 172 80 rs.
1336 3992 112 120 T
2128 3988 628 132 Charles.

360 4172 652 132 Contract
1064 4176 520 164 bridge,
1640 4180 176 160 by
1872 4176 328 124 Mrs.
2264 4180 152 120 T.
2484 4172 564 132 Charles
3108 4180 628 160 Farrelly
3792 4184 108 120 &
3952 4184 508 124 Milton
4516 4188 424 124 Leon-

196 4364 248 124 ard
524 4364 680 128 Coleman.
1388 4364 328 128 New
1800 4364 428 160 York,
2308 4364 356 120 Boni
2748 4364 264 128 and
3096 4364 760 168 Liveright,
3940 4368 356 128 1927.

360 4576 72 76 x
444 4564 44 92 i
540 4588 132 88 p.,
732 4564 60 88 1
844 4564 40 88 l
900 4636 52 36 .,
1012 4560 128 92 21
1156 4564 60 92 6
1268 4588 100 88 p.
1512 4560 300 96 illus.
1964 4556 752 112 19½ͨͫ.

192 4696 116 112 ©
380 4736 268 108 Apr.
708 4732 96 112 9,
864 4732 336 112 1927;
1264 4720 164 108 2c.
1496 4732 264 108 May
1824 4736 124 104 6;
2020 4720 124 112 af
2124 4728 60 92 f
2196 4808 16 20 .
2284 4724 96 88 M
2408 4752 56 68 a
2484 4756 68 84 y
2616 4732 120 100 7;
2808 4732 96 88 A
2968 4728 420 100 976450
3424 4756 16 72 ;
3512 4732 296 96 Boni
3872 4736 88 92 &
4020 4736 632 116 Liveright,
4720 4736 220 100 inc.

376 4864 664 120 (27-15575)
4456 4868 284 100 5916

188 5164 288 120 The
564 5156 580 124 Federal
1232 5168 644 148 reporter.
2060 5152 516 128 Second
2660 5156 440 124 series.
3280 5156 400 124 Cases
3768 5160 508 164 argued
4364 5164 268 124 and
4716 5168 216 120 de-

348 5348 668 124 termined
1084 5348 136 120 in
1280 5344 228 124 the
1572 5340 524 128 Circuit
2160 5356 448 108 courts
2672 5340 148 128 of
2884 5344 560 160 appeals
3512 5348 264 120 and
3848 5348 576 124 District
4492 5364 448 112 courts

356 5532 152 128 of
588 5532 228 124 the
892 5532 520 124 United
1500 5528 448 128 States
2032 5528 268 124 and
2384 5528 224 124 the
2700 5524 424 128 Court
3208 5528 152 124 of
3440 5528 556 160 appeals
4080 5528 156 128 of
4316 5532 228 128 the
4628 5536 292 124 Dis-

352 5720 320 124 trict
760 5716 156 124 of
1008 5712 756 140 Columbia,
1860 5712 332 124 with
2284 5712 164 124 ke
2452 5740 92 112 y
2552 5712 620 124 -number
3260 5760 268 76 ann
3540 5732 136 108 ot
3692 5712 436 128 ations
4240 5728 84 132 …
4564 5764 80 80 v
4660 5824 20 20 .
4788 5732 68 112 1
4868 5728 68 120 7

380 5904 300 164 (2d)
824 5900 480 124 March
1308 5976 88 12 –
1392 5900 376 160 May,
1896 5896 352 128 1927.
2464 5892 196 132 St.
2784 5900 400 160 Paul,
3292 5900 380 128 West
3792 5900 800 168 publishing
4712 5948 228 116 co.,

360 6088 352 128 1927.

348 6296 152 76 xx
516 6312 64 68 v
588 6284 36 92 i
640 6360 20 36 ,
736 6280 276 100 1079
1084 6308 100 88 p.
1264 6280 32 92 i
1308 6308 136 64 nc
1452 6284 36 88 l
1504 6360 20 16 .
1600 6280 356 92 front.
2024 6276 380 116 (map)
2564 6276 648 116 26ͨͫ.

196 6420 116 112 ©
392 6456 300 92 June
756 6452 164 108 23,
988 6448 140 92 19
1128 6452 68 88 2
1204 6452 120 104 7;
1396 6448 164 100 2c.
1632 6448 276 112 July
1976 6448 192 108 23;
2248 6444 196 100 aff.
2516 6444 276 116 July
2860 6448 196 112 22;
3132 6448 100 92 A
3300 6444 268 100 9965
3576 6452 60 92 3
3648 6452 128 108 9;
3848 6448 328 100 West
4244 6456 260 112 pub.
4576 6480 160 72 co.

4456 6584 284 104 5917

192 6744 352 148 Fife,
624 6740 536 152 George
1232 6736 816 152 Buchanan,
2132 6748 316 116 1869
2456 6816 80 16 –

356 6928 836 164 Lindbergh,
1300 6928 228 124 the
1636 6928 304 120 lone
2048 6924 412 164 eagle,
2564 6924 216 124 his
2884 6924 252 124 life
3248 6928 264 120 and
3624 6928 1024 164 achievements,
4756 6936 180 164 by

188 7112 532 164 George
804 7112 748 124 Buchanan
1640 7108 388 156 Fife;
2120 7108 332 128 with
2544 7156 72 80 a
2704 7108 624 128 valuable
3416 7116 560 156 chapter
4060 7160 172 80 on
4320 7116 616 164 airplane

196 7300 792 164 navigation
1056 7296 184 168 by
1316 7296 292 160 Cap
1620 7308 52 112 t
1684 7300 224 120 ain
1980 7296 512 124 Robert
2576 7292 404 132 Schof
2980 7296 44 120 i
3036 7300 212 120 eld
3324 7300 440 128 Wood
3848 7300 84 144 …
4072 7308 264 120 and
4412 7304 520 128 includ-

204 7488 228 160 ing
516 7532 72 76 a
676 7528 344 116 copy
1108 7480 148 128 of
1336 7484 228 124 the
1648 7492 608 116 contents
2340 7480 152 128 of
2572 7480 228 128 the
2880 7480 352 128 book
3320 7488 708 156 presented
4108 7500 144 112 to
4340 7488 592 160 Captain

200 7672 784 164 Lindbergh
1060 7672 184 156 by
1328 7668 708 160 Secretary
2112 7664 152 128 of
2340 7680 344 112 state
2760 7668 636 164 Kellogg,
3476 7668 152 124 of
3700 7672 432 128 world
4208 7672 348 128 wide
4632 7720 300 80 con-

196 7856 904 164 gratulations
1172 7852 608 128 received
1852 7856 180 160 by
2104 7856 228 124 the
2404 7852 512 128 United
3004 7852 448 132 States
3524 7876 920 144 government.
4604 7864 328 124 New

196 8044 416 156 York,
684 8044 288 120 The
1036 8040 484 128 World
1588 8040 696 160 syndicate
2352 8084 232 116 co.,
2652 8040 252 124 inc.
2988 8040 448 148 [ͨ1927]

356 8240 64 92 3
512 8264 104 88 p.
708 8240 36 88 l
760 8308 56 40 .,
904 8236 236 112 247,
1244 8236 88 116 [1
1344 8280 24 68 ]
1472 8260 136 88 p.,
1700 8236 56 88 1
1852 8240 32 84 l
1900 8268 16 56 .
2068 8236 388 112 front.,
2552 8232 40 92 i
2600 8236 84 88 ll
2696 8260 164 72 us.
2928 8232 380 116 (map)
3428 8236 408 112 plates,
3936 8244 388 108 ports.,
4420 8240 520 104 facsims.

200 8372 604 104 19½ͨͫ
508 8404 28 56 .

204 8524 116 112 ©
396 8540 300 92 June
768 8536 160 112 16,
1000 8536 332 108 1927;
1412 8536 160 96 2c.
1648 8536 228 92 and
1948 8532 192 100 aff.
2224 8536 296 96 June
2592 8536 132 92 17
2748 8552 28 80 ;
2864 8536 96 88 A
3032 8536 140 92 99
3176 8532 60 92 6
3240 8536 264 104 442;
3588 8540 136 92 W
3732 8564 60 68 o
3804 8540 180 92 rld
4060 8540 596 108 syndicate
4736 8564 192 80 co.,

360 8672 120 92 in
476 8676 60 80 c
556 8748 20 20 .
724 8716 24 72 [
760 8672 128 92 12
972 8672 540 108 chapters
1596 8668 124 96 of
1804 8668 232 96 this
2120 8672 292 92 book
2500 8672 572 108 appeared
3164 8668 472 112 serially
3720 8672 124 92 in
3932 8672 504 116 Evening
4540 8676 128 92 W
4680 8700 60 68 o
4756 8700 52 64 r
4820 8680 112 88 ld

368 8784 116 116 ©
560 8808 344 92 Press
968 8804 668 112 publishing
1704 8828 160 72 co.
1960 8804 336 116 (New
2364 8804 312 92 York
2748 8832 100 68 w
2860 8828 60 68 o
2932 8808 96 88 rl
3040 8808 68 88 d
3136 8784 144 128 )]
3392 8804 668 120 (27-15492)
4428 8804 284 96 5918

204 9064 420 148 Fitze,
700 9064 636 124 Walther
1408 9064 128 124 H
2220 9068 312 116 1891
2540 9140 84 12 –

364 9248 896 160 Telegraphie
1328 9268 80 92 u
1416 9248 180 124 nd
1676 9248 804 160 telephonie,
2552 9292 260 76 von
2880 9244 624 132 Walther
3572 9248 180 124 H.
3832 9248 424 124 Fitze.
4416 9252 512 152 Berlin,

204 9432 176 124 Ul
392 9436 40 116 l
440 9436 344 120 stein
896 9428 384 148 [ͨ1927
1292 9512 32 76 ]

2456 9624 240 120 893
