5920 10352
148 992 600 140 Teehan,
820 980 604 128 Michael
1500 980 536 124 Fabian
2040 1064 92 12 —
2216 980 772 132 Continued

320 1184 204 100 320
572 1212 100 88 p.
724 1180 36 92 i
772 1208 72 64 n
856 1208 56 68 c
916 1184 72 92 l.
1040 1180 356 92 front.
1464 1176 412 116 (port.)
1944 1176 124 96 ill
2080 1204 72 68 u
2164 1204 84 72 s.
2392 1180 1088 116 19½ͨͫ.

148 1312 76 120 ©
344 1328 268 92 Dec.
664 1320 168 112 21,
896 1316 336 112 1926;
1296 1316 68 92 2
1368 1328 56 80 c
1440 1392 20 20 .
1524 1316 268 96 Feb.
1852 1316 96 112 3,
2016 1316 40 92 1
2084 1316 60 92 9
2152 1316 196 112 27;
2420 1340 68 72 a
2496 1312 152 120 ff
2580 1356 28 52 .
2680 1316 260 96 Feb.
3004 1316 196 108 26;
3272 1316 96 96 A
3436 1316 340 96 96389
3788 1320 64 88 8
3888 1340 16 84 ;
3984 1316 584 96 Standard
4640 1308 248 120 pub.

312 1464 160 92 co.
640 1452 600 116 (27-5057)
4412 1444 284 100 1806

152 1684 652 140 Thomas,
884 1676 120 124 R
1684 1672 140 128 S.

320 1860 432 132 Black
876 1860 420 164 ships,
1416 1856 180 164 by
1720 1856 164 128 R.
2024 1856 132 132 S.
2284 1860 632 124 Thomas.
3096 1860 332 128 New
3552 1860 432 160 York,
4104 1856 804 128 Brentano's

184 2044 396 188 [ͨ1927
592 2128 28 84 ]

320 2248 64 100 5
440 2276 104 92 p.
604 2256 36 88 l
656 2324 52 40 .,
772 2248 60 96 3
840 2304 64 12 –
908 2248 68 92 4
980 2244 68 100 0
1052 2248 60 92 1
1176 2272 104 88 p.
1456 2244 680 116 20ͨͫ.

168 2364 116 120 ©
368 2388 284 92 Mar.
724 2384 96 112 7,
892 2380 336 108 1927;
1308 2376 64 96 2
1376 2388 56 80 c
1448 2452 20 20 .
1544 2376 224 96 and
1848 2376 196 96 aff.
2120 2380 292 92 Mar.
2484 2376 128 112 9;
2692 2380 96 92 A
2860 2376 472 112 963932;
3420 2376 720 116 Brentano's,
4220 2376 216 100 inc.

352 2512 592 124 (27-5016)
4432 2508 280 100 1807

160 2740 840 152 Thompson,
1092 2736 688 148 Seymour
1872 2732 620 152 Dwight,
2600 2740 316 120 1842
2920 2812 84 12 –
3012 2744 356 120 1904.

332 2924 1064 136 Commentaries
1448 2964 176 84 on
1672 2928 228 120 the
1952 2924 260 124 law
2260 2920 152 128 of
2464 2920 976 164 corporations,
3488 2916 176 172 by
3720 2920 132 132 S.
3908 2920 168 128 D.
4132 2920 788 168 Thompson

168 3116 264 128 and
512 3112 516 160 Joseph
1104 3108 216 132 W.
1404 3112 832 156 Thompson.
2404 3108 172 124 3d
2656 3108 248 160 ed.,
2980 3108 144 124 in
3208 3108 448 124 which
3736 3108 516 124 former
4336 3108 584 128 editions

172 3344 224 84 are
468 3296 520 164 comple
992 3308 56 112 t
1060 3296 212 160 ely
1344 3292 528 128 revised
1932 3316 76 128 …
2180 3296 176 132 by
2432 3296 604 124 Edward
3112 3296 116 120 F
3248 3396 20 24 .
3352 3296 460 128 White
3900 3316 76 128 …
4208 3340 84 76 v
4304 3392 24 28 .
4412 3304 68 112 3
4500 3392 24 24 .
4688 3296 228 124 In-

172 3484 808 164 dianapolis,
1056 3484 288 124 The
1424 3476 1060 132 Bobbs-Merrill
2560 3524 668 120 company
3320 3476 416 164 [ͨ1927
3748 3556 28 84 ]

336 3712 156 64 xx
500 3708 68 68 v
580 3756 20 40 ,
672 3680 272 96 1123
1016 3704 104 92 p.
1260 3676 648 112 26ͨͫ
1504 3676 28 88 .

184 3788 116 108 ©
372 3820 288 92 Mar.
724 3816 164 112 19,
952 3812 336 112 1927;
1356 3812 164 96 2c.
1588 3812 292 96 Mar.
1944 3812 196 112 25;
2212 3808 196 100 aff.
2476 3812 292 96 Mar.
2832 3812 196 108 24;
3096 3812 100 92 A
3260 3808 480 112 972201;
3812 3808 876 100 Bobbs-Merrill
4760 3836 160 72 co.

4444 3940 280 104 1808

176 4076 764 144 Thornton,
1024 4072 604 128 Edward
1708 4072 412 148 Quin,
2208 4076 316 120 1866
2532 4148 84 16 –

348 4264 132 124 A
568 4260 556 124 manual
1216 4256 152 128 of
1464 4256 572 128 materia
2132 4256 520 128 medica
2756 4256 220 128 for
3072 4256 572 128 medical
3740 4256 656 164 students,
4492 4256 176 168 by
4768 4260 160 124 E.

188 4448 124 152 Q
320 4448 236 128 uin
664 4452 716 120 Thornton
1460 4456 84 136 …
1852 4444 172 124 2d
2140 4444 244 156 ed.,
2496 4444 836 164 thoroughly
3448 4488 268 80 rev.
3916 4444 1016 164 Philadelphia,

188 4640 264 124 Lea
524 4640 108 120 &
704 4632 624 164 Febiger,
1412 4628 356 128 1927.

344 4844 76 76 x
424 4832 80 96 ii
516 4832 36 96 i
564 4908 24 40 ,
672 4880 24 72 [
708 4832 128 96 17
844 4876 128 76 ]–
956 4832 60 96 3
1028 4832 132 96 84
1236 4856 104 88 p.
1488 4828 752 112 24½ͨͫ
2620 4832 76 108 .

188 4948 120 116 ©
376 4972 260 92 Jan.
700 4968 96 112 6,
864 4968 336 108 1927;
1272 4968 160 96 2c.
1500 4964 264 100 Jan.
1828 4964 128 112 6;
2028 4964 200 96 aff.
2296 4964 288 96 Mar.
2652 4964 196 112 10;
2924 4964 92 96 A
3084 4964 472 108 963921;
3636 4964 224 96 Lea
3932 4964 88 96 &
4084 4960 516 120 Febiger.

372 5100 596 120 (27-5144)
4456 5096 280 100 1809

188 5328 564 152 Torrey,
828 5324 584 132 Reuben
1484 5324 596 148 Archer,
2164 5332 316 116 1856
2484 5400 84 16 –

360 5516 288 124 The
720 5516 380 160 Holy
1180 5512 488 164 Spirit,
1740 5516 304 120 who
2120 5512 224 124 He
2416 5508 112 128 is
2604 5508 272 128 and
2948 5512 368 124 what
3388 5508 220 128 He
3688 5508 308 128 does
4076 5508 272 128 and
4420 5508 300 128 how
4804 5524 140 112 to

200 5700 392 128 know
696 5700 340 128 Him
1136 5700 144 124 in
1380 5700 184 124 all
1668 5700 228 124 the
2008 5696 512 128 fulness
2620 5696 152 124 of
2868 5696 268 124 His
3236 5696 628 164 gracious
3964 5700 272 124 and
4340 5700 604 160 glorious

200 5888 676 164 ministry,
988 5884 180 164 by
1288 5884 160 128 R.
1572 5884 168 124 A.
1864 5884 520 160 Torrey
2448 5900 76 128 …
2864 5880 328 128 New
3316 5880 428 160 York,
3864 5880 604 168 Chicago
4604 5896 328 148 [etc.]

204 6072 624 164 Fleming
892 6072 184 124 H.
1156 6072 472 124 Revell
1700 6112 672 120 company
2480 6068 428 148 [ͨ1927]

352 6272 200 96 201
616 6300 108 88 p.
864 6268 680 112 19½ͨͫ.

204 6376 120 112 ©
392 6408 264 96 Jan.
724 6408 168 108 29,
960 6404 336 112 1927;
1372 6404 64 92 2
1448 6428 56 72 c
1516 6480 20 20 .
1608 6404 292 96 Mar.
1972 6404 124 112 8;
2176 6400 196 96 aff.
2444 6400 292 96 Mar.
2804 6400 124 112 9;
3004 6396 100 96 A
3172 6400 64 96 9
3244 6400 64 96 6
3316 6400 60 96 7
3384 6400 60 96 5
3452 6400 196 112 38;
3728 6400 92 96 F
3828 6400 32 92 l
3872 6400 380 116 eming
4324 6404 112 92 H
4448 6480 20 20 .
4544 6408 396 92 Revell

360 6568 128 72 co
504 6616 20 24 .
688 6540 600 120 (27-5154)
4464 6532 280 104 1810

204 6768 160 124 U.
444 6768 132 124 S.
760 6768 664 160 Supreme
1500 6776 416 112 court.

372 6948 400 132 Cases
852 6948 696 168 adjudged
1620 6948 144 124 in
1836 6952 232 124 the
2144 6948 656 160 Supreme
2872 6960 384 112 court
3332 6944 156 128 of
3560 6948 228 124 the
3860 6948 520 132 United
4460 6948 488 132 States.

208 7132 516 132 Official
804 7136 516 124 edition
1396 7136 572 160 reprint.
2136 7132 840 160 Containing
3052 7128 424 128 briefs
3560 7132 152 124 of
3792 7136 532 120 counsel
4436 7132 520 160 (points

208 7324 264 124 and
588 7364 168 80 au
768 7336 52 108 t
828 7316 628 168 horities)
1572 7316 80 148 …
1956 7320 644 128 Volumes
2720 7324 72 116 2
2804 7324 244 116 66–
3052 7324 72 112 2
3136 7324 156 116 68
3436 7316 780 164 (inclusive)
4448 7316 500 132 Photo-

212 7508 860 160 graphically
1112 7504 844 164 reproduced
2000 7504 360 124 from
2416 7504 224 124 the
2696 7500 524 132 Official
3272 7504 516 124 edition
3832 7504 332 124 with
4208 7504 224 124 the
4476 7504 476 124 official

216 7692 800 164 pagination
1092 7688 156 128 of
1324 7696 320 120 each
1724 7692 536 124 volume
2336 7688 432 128 under
2848 7688 232 128 the
3160 7688 632 124 editorial
3876 7688 848 160 supervision
4808 7688 152 128 of

212 7876 616 128 William
940 7876 608 128 Edward
1668 7876 640 124 Baldwin
2384 7880 84 144 …
2784 7868 776 164 Cleveland,
3676 7876 332 120 New
4128 7868 424 168 York,
4672 7876 284 124 The

220 8060 628 128 Baldwin
924 8064 260 124 law
1256 8060 352 128 book
1680 8100 712 124 company,
2472 8056 356 132 1927.

380 8260 60 92 3
508 8280 100 68 v.
676 8256 120 92 in
864 8260 92 92 1.
1100 8256 912 108 26½ͨͫ.

232 8380 116 108 ©
416 8396 284 92 Mar.
760 8392 168 112 18,
992 8392 336 108 1927;
1392 8392 164 96 2c.
1620 8396 228 92 and
1912 8392 196 100 aff.
2176 8396 292 88 Mar.
2532 8388 196 112 21;
2800 8388 96 92 A
2960 8384 472 112 972062;
3508 8388 536 96 Baldwin
4104 8392 228 88 law
4400 8392 208 92 boo
4616 8392 72 92 k
4756 8416 128 72 co
4896 8464 56 40 .,

384 8524 216 100 inc.
4480 8516 276 104 1811

224 8712 516 148 Upson,
820 8712 608 128 William
1504 8716 616 128 Hazlett.

392 8900 292 124 The
744 8900 408 160 piano
1212 8948 572 116 movers,
1840 8904 184 164 by
2084 8900 624 132 William
2768 8900 564 124 Hazlett
3388 8900 516 156 Upson.
4092 8896 196 132 St.
4360 8900 608 160 Charles,

236 9080 264 164 Ill.,
564 9088 288 124 The
916 9088 732 128 Universal
1724 9132 416 116 press,
2212 9084 352 128 1927.

404 9276 132 96 56
604 9308 104 88 p.
848 9284 60 92 1
980 9284 308 96 illus.
1356 9280 484 116 (music)
2000 9276 1032 108 17½ͨͫ.

244 9400 116 116 ©
420 9416 264 96 Feb.
744 9416 160 96 22.
968 9420 336 108 1927;
1368 9420 68 92 2
1440 9432 56 80 c
1512 9496 20 20 .
1596 9424 228 92 and
1884 9416 196 100 aff.
2148 9416 260 100 Feb.
2472 9416 196 108 28;
2736 9416 100 88 A
2896 9416 472 108 963811;
3440 9416 172 96 W.
3680 9416 140 96 H.
3888 9416 424 112 Upson,
4376 9420 580 112 Norwalk,

396 9548 84 96 C
488 9572 260 76 onn.
912 9552 600 116 (27-5100)
4488 9548 280 100 1812

2492 9672 244 132 279
