<?xml version="1.0"?>
<alto xmlns="http://www.loc.gov/standards/alto/ns-v2#" xmlns:xlink="http://www.w3.org/1999/xlink" xmlns:xsi="http://www.w3.org/2001/XMLSchema-instance" xsi:schemaLocation="http://www.loc.gov/standards/alto/ns-v2# http://www.loc.gov/standards/alto/alto-v2.0.xsd">
	<Description>
		<MeasurementUnit>inch1200</MeasurementUnit>
		<sourceImageInformation>
			<fileIdentifier>catalogofcopyrig241libr_001-1920_Page_0844.jpgf</fileIdentifier>
		</sourceImageInformation>
		<OCRProcessing ID="OCR1">
			<ocrProcessingStep>
				<processingDateTime>2018-03-15T12:01:29</processingDateTime>
				<processingAgency>Data Conversion Laboratory</processingAgency>
				<processingSoftware>
					<softwareCreator>Prime</softwareCreator>
					<softwareName>Prime OCR</softwareName>
					<softwareVersion>4.40</softwareVersion>
				</processingSoftware>
			</ocrProcessingStep>
			<postProcessingStep>
				<processingDateTime>2018-03-21T10:36:34</processingDateTime>
				<processingAgency>Data Conversion Laboratory</processingAgency>
				<processingStepDescription>PRO -&gt; ALTO</processingStepDescription>
				<processingSoftware>
					<softwareCreator>Data Conversion Laboratory</softwareCreator>
					<softwareName>pro2alto.2018.02.27</softwareName>
					<softwareVersion>2.0</softwareVersion>
				</processingSoftware>
			</postProcessingStep>
		</OCRProcessing>
	</Description>
<Styles>
		<TextStyle ID="Style_1" FONTSIZE="10" FONTTYPE="serif" FONTWIDTH="proportional" FONTSTYLE="bold"/>
		<TextStyle ID="Style_2" FONTSIZE="9" FONTTYPE="serif" FONTWIDTH="proportional"/>
		<TextStyle ID="Style_3" FONTSIZE="9" FONTTYPE="serif" FONTWIDTH="proportional" FONTSTYLE="bold"/>
		<TextStyle ID="Style_4" FONTSIZE="10" FONTTYPE="serif" FONTWIDTH="proportional"/>
		<TextStyle ID="Style_5" FONTSIZE="8" FONTTYPE="serif" FONTWIDTH="proportional"/>
		<TextStyle ID="Style_6" FONTSIZE="7" FONTTYPE="serif" FONTWIDTH="proportional"/>
		<TextStyle ID="Style_7" FONTSIZE="7" FONTTYPE="serif" FONTWIDTH="proportional" FONTSTYLE="bold"/>
		<TextStyle ID="Style_8" FONTSIZE="10" FONTTYPE="sans-serif" FONTWIDTH="proportional"/>
		<TextStyle ID="Style_9" FONTSIZE="7" FONTTYPE="sans-serif" FONTWIDTH="proportional"/>
		<TextStyle ID="Style_10" FONTSIZE="8" FONTTYPE="sans-serif" FONTWIDTH="proportional" FONTSTYLE="italics"/>
		<TextStyle ID="Style_11" FONTSIZE="8" FONTTYPE="serif" FONTWIDTH="proportional" FONTSTYLE="bold"/>
		<TextStyle ID="Style_12" FONTSIZE="10" FONTTYPE="sans-serif" FONTWIDTH="proportional" FONTSTYLE="bold"/>
	</Styles>
	<Layout>
		<Page ID="Page_1" PHYSICAL_IMG_NR="1" HEIGHT="10284" WIDTH="5968">
			<PrintSpace ID="PS_1" HPOS="0" VPOS="0" HEIGHT="10284" WIDTH="5968">
				<TextBlock ID="TB_1.1" HPOS="836" VPOS="732" WIDTH="5084" HEIGHT="8660">
					<TextLine ID="TL_1.1.1" HPOS="964" VPOS="824" HEIGHT="144" WIDTH="1156">
						<String CONTENT="Coffin," ID="St_1.1.1.1" HPOS="964" VPOS="824" HEIGHT="144" WIDTH="476" STYLEREFS="Style_1" WC="1" CC="0000000"/>
						<SP ID="SP_1.1.1.2" HPOS="1424" VPOS="880" WIDTH="52"/>
						<String CONTENT="John" ID="St_1.1.1.3" HPOS="1516" VPOS="824" HEIGHT="124" WIDTH="368" STYLEREFS="Style_1" WC="1" CC="0000"/>
						<SP ID="SP_1.1.1.4" HPOS="1840" VPOS="852" WIDTH="84"/>
						<String CONTENT="E." ID="St_1.1.1.5" HPOS="1964" VPOS="824" HEIGHT="120" WIDTH="156" STYLEREFS="Style_1" WC="1" CC="00"/>
					</TextLine>
					<TextLine ID="TL_1.1.2" HPOS="1140" VPOS="996" HEIGHT="168" WIDTH="4596">
						<String CONTENT="Coffin&apos;s" ID="St_1.1.2.1" HPOS="1140" VPOS="1008" HEIGHT="132" WIDTH="532" STYLEREFS="Style_2" WC="1" CC="00000000"/>
						<SP ID="SP_1.1.2.2" HPOS="1640" VPOS="1036" WIDTH="80"/>
						<String CONTENT="interest" ID="St_1.1.2.3" HPOS="1772" VPOS="1008" HEIGHT="124" WIDTH="564" STYLEREFS="Style_2" WC="1" CC="00000000"/>
						<SP ID="SP_1.1.2.4" HPOS="2300" VPOS="1020" WIDTH="80"/>
						<String CONTENT="tables" ID="St_1.1.2.5" HPOS="2432" VPOS="1004" HEIGHT="124" WIDTH="432" STYLEREFS="Style_2" WC="1" CC="000000"/>
						<SP ID="SP_1.1.2.6" HPOS="2828" VPOS="1036" WIDTH="84"/>
						<String CONTENT="at" ID="St_1.1.2.7" HPOS="2968" VPOS="1016" HEIGHT="112" WIDTH="140" STYLEREFS="Style_2" WC="1" CC="00"/>
						<SP ID="SP_1.1.2.8" HPOS="3076" VPOS="1016" WIDTH="80"/>
						<String CONTENT="one-half," ID="St_1.1.2.9" HPOS="3212" VPOS="1000" HEIGHT="160" WIDTH="660" STYLEREFS="Style_2" WC="1" CC="000000000"/>
						<SP ID="SP_1.1.2.10" HPOS="3864" VPOS="1020" WIDTH="52"/>
						<String CONTENT="one," ID="St_1.1.2.11" HPOS="3976" VPOS="1044" HEIGHT="120" WIDTH="288" STYLEREFS="Style_2" WC="0.991111111111111" CC="0000"/>
						<SP ID="SP_1.1.2.12" HPOS="4248" VPOS="1060" WIDTH="64"/>
						<String CONTENT="two," ID="St_1.1.2.13" HPOS="4368" VPOS="1016" HEIGHT="148" WIDTH="312" STYLEREFS="Style_2" WC="0.992222222222222" CC="0000"/>
						<SP ID="SP_1.1.2.14" HPOS="4660" VPOS="1060" WIDTH="68"/>
						<String CONTENT="three," ID="St_1.1.2.15" HPOS="4780" VPOS="1000" HEIGHT="164" WIDTH="424" STYLEREFS="Style_2" WC="0.993333333333333" CC="000000"/>
						<SP ID="SP_1.1.2.16" HPOS="5184" VPOS="1060" WIDTH="68"/>
						<String CONTENT="three-" ID="St_1.1.2.17" HPOS="5304" VPOS="996" HEIGHT="132" WIDTH="432" STYLEREFS="Style_2" WC="0.994444444444444" CC="000000"/>
					</TextLine>
					<TextLine ID="TL_1.1.3" HPOS="968" VPOS="1184" HEIGHT="172" WIDTH="4776">
						<String CONTENT="and-one-half," ID="St_1.1.3.1" HPOS="968" VPOS="1192" HEIGHT="164" WIDTH="1004" STYLEREFS="Style_2" WC="1" CC="0000000000000"/>
						<SP ID="SP_1.1.3.2" HPOS="1956" VPOS="1244" WIDTH="64"/>
						<String CONTENT="four," ID="St_1.1.3.3" HPOS="2072" VPOS="1192" HEIGHT="156" WIDTH="360" STYLEREFS="Style_2" WC="1" CC="00000"/>
						<SP ID="SP_1.1.3.4" HPOS="2416" VPOS="1244" WIDTH="68"/>
						<String CONTENT="four-and-one-half," ID="St_1.1.3.5" HPOS="2536" VPOS="1184" HEIGHT="164" WIDTH="1392" STYLEREFS="Style_2" WC="1" CC="000000000000000000"/>
						<SP ID="SP_1.1.3.6" HPOS="3912" VPOS="1244" WIDTH="64"/>
						<String CONTENT="five," ID="St_1.1.3.7" HPOS="4028" VPOS="1184" HEIGHT="164" WIDTH="300" STYLEREFS="Style_2" WC="1" CC="00000"/>
						<SP ID="SP_1.1.3.8" HPOS="4308" VPOS="1244" WIDTH="68"/>
						<String CONTENT="six," ID="St_1.1.3.9" HPOS="4432" VPOS="1188" HEIGHT="148" WIDTH="252" STYLEREFS="Style_2" WC="1" CC="0000"/>
						<SP ID="SP_1.1.3.10" HPOS="4664" VPOS="1244" WIDTH="68"/>
						<String CONTENT="seven," ID="St_1.1.3.11" HPOS="4784" VPOS="1232" HEIGHT="116" WIDTH="436" STYLEREFS="Style_2" WC="1" CC="000000"/>
						<SP ID="SP_1.1.3.12" HPOS="5200" VPOS="1244" WIDTH="68"/>
						<String CONTENT="eight," ID="St_1.1.3.13" HPOS="5324" VPOS="1188" HEIGHT="168" WIDTH="420" STYLEREFS="Style_2" WC="1" CC="000000"/>
					</TextLine>
					<TextLine ID="TL_1.1.4" HPOS="968" VPOS="1372" HEIGHT="168" WIDTH="4772">
						<String CONTENT="and" ID="St_1.1.4.1" HPOS="968" VPOS="1384" HEIGHT="124" WIDTH="268" STYLEREFS="Style_2" WC="1" CC="000"/>
						<SP ID="SP_1.1.4.2" HPOS="1192" VPOS="1384" WIDTH="96"/>
						<String CONTENT="ten" ID="St_1.1.4.3" HPOS="1344" VPOS="1392" HEIGHT="116" WIDTH="228" STYLEREFS="Style_2" WC="1" CC="000"/>
						<SP ID="SP_1.1.4.4" HPOS="1524" VPOS="1408" WIDTH="100"/>
						<String CONTENT="per-cent." ID="St_1.1.4.5" HPOS="1680" VPOS="1392" HEIGHT="148" WIDTH="644" STYLEREFS="Style_2" WC="1" CC="000000000"/>
						<SP ID="SP_1.1.4.6" HPOS="2308" VPOS="1432" WIDTH="72"/>
						<String CONTENT="per" ID="St_1.1.4.7" HPOS="2440" VPOS="1420" HEIGHT="120" WIDTH="244" STYLEREFS="Style_2" WC="1" CC="000"/>
						<SP ID="SP_1.1.4.8" HPOS="2648" VPOS="1404" WIDTH="88"/>
						<String CONTENT="annum," ID="St_1.1.4.9" HPOS="2792" VPOS="1420" HEIGHT="116" WIDTH="552" STYLEREFS="Style_2" WC="1" CC="000000"/>
						<SP ID="SP_1.1.4.10" HPOS="3324" VPOS="1432" WIDTH="68"/>
						<String CONTENT="showing" ID="St_1.1.4.11" HPOS="3444" VPOS="1372" HEIGHT="168" WIDTH="624" STYLEREFS="Style_2" WC="1" CC="0000000"/>
						<SP ID="SP_1.1.4.12" HPOS="4016" VPOS="1404" WIDTH="104"/>
						<String CONTENT="the" ID="St_1.1.4.13" HPOS="4176" VPOS="1376" HEIGHT="124" WIDTH="232" STYLEREFS="Style_2" WC="1" CC="000"/>
						<SP ID="SP_1.1.4.14" HPOS="4368" VPOS="1404" WIDTH="92"/>
						<String CONTENT="interest" ID="St_1.1.4.15" HPOS="4516" VPOS="1372" HEIGHT="128" WIDTH="564" STYLEREFS="Style_2" WC="1" CC="00000000"/>
						<SP ID="SP_1.1.4.16" HPOS="5044" VPOS="1388" WIDTH="88"/>
						<String CONTENT="on" ID="St_1.1.4.17" HPOS="5188" VPOS="1416" HEIGHT="84" WIDTH="172" STYLEREFS="Style_2" WC="1" CC="00"/>
						<SP ID="SP_1.1.4.18" HPOS="5312" VPOS="1400" WIDTH="104"/>
						<String CONTENT="any" ID="St_1.1.4.19" HPOS="5476" VPOS="1416" HEIGHT="124" WIDTH="264" STYLEREFS="Style_2" WC="1" CC="000"/>
					</TextLine>
					<TextLine ID="TL_1.1.5" HPOS="972" VPOS="1560" HEIGHT="164" WIDTH="4776">
						<String CONTENT="amount" ID="St_1.1.5.1" HPOS="972" VPOS="1584" HEIGHT="112" WIDTH="564" STYLEREFS="Style_2" WC="1" CC="000000"/>
						<SP ID="SP_1.1.5.2" HPOS="1500" VPOS="1580" WIDTH="68"/>
						<String CONTENT="from" ID="St_1.1.5.3" HPOS="1604" VPOS="1564" HEIGHT="128" WIDTH="368" STYLEREFS="Style_2" WC="1" CC="0000"/>
						<SP ID="SP_1.1.5.4" HPOS="1900" VPOS="1592" WIDTH="104"/>
						<String CONTENT="$1.00" ID="St_1.1.5.5" HPOS="2036" VPOS="1560" HEIGHT="148" WIDTH="372" STYLEREFS="Style_2" WC="1" CC="00000"/>
						<SP ID="SP_1.1.5.6" HPOS="2368" VPOS="1572" WIDTH="72"/>
						<String CONTENT="to" ID="St_1.1.5.7" HPOS="2476" VPOS="1576" HEIGHT="112" WIDTH="140" STYLEREFS="Style_2" WC="1" CC="00"/>
						<SP ID="SP_1.1.5.8" HPOS="2576" VPOS="1592" WIDTH="72"/>
						<String CONTENT="$10,000" ID="St_1.1.5.9" HPOS="2684" VPOS="1560" HEIGHT="160" WIDTH="540" STYLEREFS="Style_2" WC="1" CC="0000000"/>
						<SP ID="SP_1.1.5.10" HPOS="3184" VPOS="1572" WIDTH="76"/>
						<String CONTENT="and" ID="St_1.1.5.11" HPOS="3296" VPOS="1564" HEIGHT="124" WIDTH="272" STYLEREFS="Style_2" WC="1" CC="000"/>
						<SP ID="SP_1.1.5.12" HPOS="3520" VPOS="1568" WIDTH="80"/>
						<String CONTENT="liberty" ID="St_1.1.5.13" HPOS="3640" VPOS="1560" HEIGHT="164" WIDTH="500" STYLEREFS="Style_2" WC="1" CC="0000000"/>
						<SP ID="SP_1.1.5.14" HPOS="4092" VPOS="1588" WIDTH="76"/>
						<String CONTENT="bond" ID="St_1.1.5.15" HPOS="4208" VPOS="1560" HEIGHT="128" WIDTH="364" STYLEREFS="Style_2" WC="1" CC="0000"/>
						<SP ID="SP_1.1.5.16" HPOS="4524" VPOS="1568" WIDTH="84"/>
						<String CONTENT="calculations" ID="St_1.1.5.17" HPOS="4648" VPOS="1560" HEIGHT="128" WIDTH="880" STYLEREFS="Style_2" WC="1" CC="000000000000"/>
						<SP ID="SP_1.1.5.18" HPOS="5492" VPOS="1592" WIDTH="72"/>
						<String CONTENT="at" ID="St_1.1.5.19" HPOS="5604" VPOS="1576" HEIGHT="112" WIDTH="144" STYLEREFS="Style_2" WC="1" CC="00"/>
					</TextLine>
					<TextLine ID="TL_1.1.6" HPOS="972" VPOS="1740" HEIGHT="172" WIDTH="4776">
						<String CONTENT="4&#x00BC;" ID="St_1.1.6.1" HPOS="972" VPOS="1760" HEIGHT="120" WIDTH="160" STYLEREFS="Style_2" WC="0.944444444444444" CC="10"/>
						<SP ID="SP_1.1.6.2" HPOS="1092" VPOS="1756" WIDTH="88"/>
						<String CONTENT="and" ID="St_1.1.6.3" HPOS="1228" VPOS="1756" HEIGHT="124" WIDTH="272" STYLEREFS="Style_2" WC="0.981111111111111" CC="000"/>
						<SP ID="SP_1.1.6.4" HPOS="1452" VPOS="1756" WIDTH="92"/>
						<String CONTENT="4&#x00BE;" ID="St_1.1.6.5" HPOS="1592" VPOS="1752" HEIGHT="148" WIDTH="160" STYLEREFS="Style_2" WC="0.986666666666667" CC="00"/>
						<SP ID="SP_1.1.6.6" HPOS="1712" VPOS="1756" WIDTH="92"/>
						<String CONTENT="per" ID="St_1.1.6.7" HPOS="1852" VPOS="1796" HEIGHT="116" WIDTH="240" STYLEREFS="Style_2" WC="0.991111111111111" CC="000"/>
						<SP ID="SP_1.1.6.8" HPOS="2056" VPOS="1776" WIDTH="80"/>
						<String CONTENT="cent.;" ID="St_1.1.6.9" HPOS="2188" VPOS="1764" HEIGHT="148" WIDTH="412" STYLEREFS="Style_2" WC="0.994444444444444" CC="000000"/>
						<SP ID="SP_1.1.6.10" HPOS="2580" VPOS="1776" WIDTH="68"/>
						<String CONTENT="also" ID="St_1.1.6.11" HPOS="2704" VPOS="1752" HEIGHT="124" WIDTH="280" STYLEREFS="Style_2" WC="0.995555555555556" CC="0000"/>
						<SP ID="SP_1.1.6.12" HPOS="2944" VPOS="1776" WIDTH="88"/>
						<String CONTENT="containing" ID="St_1.1.6.13" HPOS="3080" VPOS="1744" HEIGHT="168" WIDTH="800" STYLEREFS="Style_2" WC="0.996666666666667" CC="0000000000"/>
						<SP ID="SP_1.1.6.14" HPOS="3832" VPOS="1776" WIDTH="92"/>
						<String CONTENT="a" ID="St_1.1.6.15" HPOS="3976" VPOS="1792" HEIGHT="80" WIDTH="76" STYLEREFS="Style_2" WC="0.996666666666667" CC="0"/>
						<SP ID="SP_1.1.6.16" HPOS="4008" VPOS="1776" WIDTH="92"/>
						<String CONTENT="perennial" ID="St_1.1.6.17" HPOS="4152" VPOS="1744" HEIGHT="168" WIDTH="704" STYLEREFS="Style_2" WC="0.996666666666667" CC="000000000"/>
						<SP ID="SP_1.1.6.18" HPOS="4828" VPOS="1752" WIDTH="72"/>
						<String CONTENT="time-table," ID="St_1.1.6.19" HPOS="4952" VPOS="1740" HEIGHT="172" WIDTH="796" STYLEREFS="Style_2" WC="0.997777777777778" CC="00000000000"/>
					</TextLine>
					<TextLine ID="TL_1.1.7" HPOS="972" VPOS="1932" HEIGHT="168" WIDTH="4776">
						<String CONTENT="tables" ID="St_1.1.7.1" HPOS="972" VPOS="1944" HEIGHT="124" WIDTH="432" STYLEREFS="Style_2" WC="1" CC="000000"/>
						<SP ID="SP_1.1.7.2" HPOS="1368" VPOS="1968" WIDTH="68"/>
						<String CONTENT="of" ID="St_1.1.7.3" HPOS="1472" VPOS="1936" HEIGHT="128" WIDTH="156" STYLEREFS="Style_2" WC="1" CC="00"/>
						<SP ID="SP_1.1.7.4" HPOS="1592" VPOS="1944" WIDTH="72"/>
						<String CONTENT="values" ID="St_1.1.7.5" HPOS="1700" VPOS="1940" HEIGHT="124" WIDTH="460" STYLEREFS="Style_2" WC="1" CC="000000"/>
						<SP ID="SP_1.1.7.6" HPOS="2124" VPOS="1968" WIDTH="72"/>
						<String CONTENT="of" ID="St_1.1.7.7" HPOS="2236" VPOS="1936" HEIGHT="128" WIDTH="152" STYLEREFS="Style_2" WC="1" CC="00"/>
						<SP ID="SP_1.1.7.8" HPOS="2352" VPOS="1944" WIDTH="72"/>
						<String CONTENT="foreign" ID="St_1.1.7.9" HPOS="2464" VPOS="1936" HEIGHT="164" WIDTH="544" STYLEREFS="Style_2" WC="1" CC="0000000"/>
						<SP ID="SP_1.1.7.10" HPOS="2960" VPOS="1964" WIDTH="80"/>
						<String CONTENT="money," ID="St_1.1.7.11" HPOS="3080" VPOS="1980" HEIGHT="120" WIDTH="528" STYLEREFS="Style_2" WC="1" CC="000000"/>
						<SP ID="SP_1.1.7.12" HPOS="3592" VPOS="1988" WIDTH="52"/>
						<String CONTENT="the" ID="St_1.1.7.13" HPOS="3684" VPOS="1932" HEIGHT="132" WIDTH="228" STYLEREFS="Style_2" WC="1" CC="000"/>
						<SP ID="SP_1.1.7.14" HPOS="3872" VPOS="1964" WIDTH="72"/>
						<String CONTENT="interest" ID="St_1.1.7.15" HPOS="3984" VPOS="1932" HEIGHT="132" WIDTH="564" STYLEREFS="Style_2" WC="1" CC="00000000"/>
						<SP ID="SP_1.1.7.16" HPOS="4516" VPOS="1944" WIDTH="64"/>
						<String CONTENT="laws" ID="St_1.1.7.17" HPOS="4620" VPOS="1936" HEIGHT="128" WIDTH="332" STYLEREFS="Style_2" WC="1" CC="0000"/>
						<SP ID="SP_1.1.7.18" HPOS="4916" VPOS="1964" WIDTH="72"/>
						<String CONTENT="of" ID="St_1.1.7.19" HPOS="5028" VPOS="1932" HEIGHT="132" WIDTH="156" STYLEREFS="Style_3" WC="1" CC="00"/>
						<SP ID="SP_1.1.7.20" HPOS="5144" VPOS="1940" WIDTH="72"/>
						<String CONTENT="all" ID="St_1.1.7.21" HPOS="5260" VPOS="1932" HEIGHT="132" WIDTH="188" STYLEREFS="Style_3" WC="1" CC="000"/>
						<SP ID="SP_1.1.7.22" HPOS="5416" VPOS="1940" WIDTH="64"/>
						<String CONTENT="the" ID="St_1.1.7.23" HPOS="5520" VPOS="1932" HEIGHT="132" WIDTH="228" STYLEREFS="Style_3" WC="1" CC="000"/>
					</TextLine>
					<TextLine ID="TL_1.1.8" HPOS="972" VPOS="2120" HEIGHT="168" WIDTH="4780">
						<String CONTENT="states," ID="St_1.1.8.1" HPOS="972" VPOS="2144" HEIGHT="144" WIDTH="456" STYLEREFS="Style_3" WC="1" CC="0000000"/>
						<SP ID="SP_1.1.8.2" HPOS="1412" VPOS="2184" WIDTH="60"/>
						<String CONTENT="rates" ID="St_1.1.8.3" HPOS="1520" VPOS="2140" HEIGHT="112" WIDTH="356" STYLEREFS="Style_3" WC="1" CC="00000"/>
						<SP ID="SP_1.1.8.4" HPOS="1844" VPOS="2156" WIDTH="72"/>
						<String CONTENT="of" ID="St_1.1.8.5" HPOS="1964" VPOS="2124" HEIGHT="128" WIDTH="152" STYLEREFS="Style_3" WC="1" CC="00"/>
						<SP ID="SP_1.1.8.6" HPOS="2080" VPOS="2132" WIDTH="76"/>
						<String CONTENT="postage," ID="St_1.1.8.7" HPOS="2204" VPOS="2136" HEIGHT="152" WIDTH="608" STYLEREFS="Style_3" WC="1" CC="00000000"/>
						<SP ID="SP_1.1.8.8" HPOS="2792" VPOS="2180" WIDTH="60"/>
						<String CONTENT="business" ID="St_1.1.8.9" HPOS="2900" VPOS="2124" HEIGHT="124" WIDTH="608" STYLEREFS="Style_3" WC="1" CC="00000000"/>
						<SP ID="SP_1.1.8.10" HPOS="3476" VPOS="2152" WIDTH="76"/>
						<String CONTENT="forms" ID="St_1.1.8.11" HPOS="3600" VPOS="2120" HEIGHT="128" WIDTH="432" STYLEREFS="Style_3" WC="1" CC="00000"/>
						<SP ID="SP_1.1.8.12" HPOS="4000" VPOS="2152" WIDTH="80"/>
						<String CONTENT="and" ID="St_1.1.8.13" HPOS="4128" VPOS="2124" HEIGHT="124" WIDTH="268" STYLEREFS="Style_3" WC="1" CC="000"/>
						<SP ID="SP_1.1.8.14" HPOS="4348" VPOS="2132" WIDTH="92"/>
						<String CONTENT="business" ID="St_1.1.8.15" HPOS="4488" VPOS="2120" HEIGHT="128" WIDTH="604" STYLEREFS="Style_3" WC="1" CC="00000000"/>
						<SP ID="SP_1.1.8.16" HPOS="5060" VPOS="2148" WIDTH="72"/>
						<String CONTENT="laws" ID="St_1.1.8.17" HPOS="5180" VPOS="2124" HEIGHT="124" WIDTH="336" STYLEREFS="Style_3" WC="1" CC="0000"/>
						<SP ID="SP_1.1.8.18" HPOS="5480" VPOS="2152" WIDTH="76"/>
						<String CONTENT="in" ID="St_1.1.8.19" HPOS="5604" VPOS="2120" HEIGHT="128" WIDTH="148" STYLEREFS="Style_3" WC="1" CC="00"/>
					</TextLine>
					<TextLine ID="TL_1.1.9" HPOS="980" VPOS="2304" HEIGHT="172" WIDTH="4776">
						<String CONTENT="daily" ID="St_1.1.9.1" HPOS="980" VPOS="2316" HEIGHT="160" WIDTH="380" STYLEREFS="Style_4" WC="1" CC="00000"/>
						<SP ID="SP_1.1.9.2" HPOS="1312" VPOS="2340" WIDTH="88"/>
						<String CONTENT="use." ID="St_1.1.9.3" HPOS="1444" VPOS="2356" HEIGHT="84" WIDTH="264" STYLEREFS="Style_4" WC="1" CC="0000"/>
						<SP ID="SP_1.1.9.4" HPOS="1696" VPOS="2368" WIDTH="108"/>
						<String CONTENT="By" ID="St_1.1.9.5" HPOS="1896" VPOS="2312" HEIGHT="164" WIDTH="212" STYLEREFS="Style_4" WC="1" CC="00"/>
						<SP ID="SP_1.1.9.6" HPOS="2060" VPOS="2340" WIDTH="92"/>
						<String CONTENT="John" ID="St_1.1.9.7" HPOS="2200" VPOS="2308" HEIGHT="132" WIDTH="376" STYLEREFS="Style_4" WC="1" CC="0000"/>
						<SP ID="SP_1.1.9.8" HPOS="2524" VPOS="2340" WIDTH="92"/>
						<String CONTENT="E." ID="St_1.1.9.9" HPOS="2664" VPOS="2312" HEIGHT="124" WIDTH="164" STYLEREFS="Style_4" WC="0.977777777777778" CC="40"/>
						<SP ID="SP_1.1.9.10" HPOS="2812" VPOS="2368" WIDTH="64"/>
						<String CONTENT="Coffin," ID="St_1.1.9.11" HPOS="2924" VPOS="2308" HEIGHT="160" WIDTH="468" STYLEREFS="Style_4" WC="0.984444444444444" CC="0000000"/>
						<SP ID="SP_1.1.9.12" HPOS="3372" VPOS="2368" WIDTH="64"/>
						<String CONTENT="S" ID="St_1.1.9.13" HPOS="3484" VPOS="2348" HEIGHT="84" WIDTH="64" STYLEREFS="Style_4" WC="0.985555555555556" CC="0"/>
						<String CONTENT="." ID="St_1.1.9.14" HPOS="3560" VPOS="2408" HEIGHT="24" WIDTH="24" STYLEREFS="Style_4" WC="0.985555555555556" CC="0"/>
						<SP ID="SP_1.1.9.15" HPOS="3568" VPOS="2364" WIDTH="60"/>
						<String CONTENT="B" ID="St_1.1.9.16" HPOS="3676" VPOS="2336" HEIGHT="96" WIDTH="76" STYLEREFS="Style_4" WC="0.986666666666667" CC="0"/>
						<String CONTENT="." ID="St_1.1.9.17" HPOS="3768" VPOS="2408" HEIGHT="24" WIDTH="24" STYLEREFS="Style_4" WC="0.986666666666667" CC="0"/>
						<SP ID="SP_1.1.9.18" HPOS="3776" VPOS="2364" WIDTH="104"/>
						<String CONTENT="Philadelphia," ID="St_1.1.9.19" HPOS="3972" VPOS="2304" HEIGHT="168" WIDTH="1020" STYLEREFS="Style_4" WC="0.99" CC="0000000000000"/>
						<SP ID="SP_1.1.9.20" HPOS="4972" VPOS="2364" WIDTH="60"/>
						<String CONTENT="Pa.," ID="St_1.1.9.21" HPOS="5080" VPOS="2308" HEIGHT="160" WIDTH="292" STYLEREFS="Style_4" WC="0.991111111111111" CC="0000"/>
						<SP ID="SP_1.1.9.22" HPOS="5352" VPOS="2364" WIDTH="60"/>
						<String CONTENT="The" ID="St_1.1.9.23" HPOS="5464" VPOS="2308" HEIGHT="128" WIDTH="292" STYLEREFS="Style_4" WC="0.992222222222222" CC="000"/>
					</TextLine>
					<TextLine ID="TL_1.1.10" HPOS="972" VPOS="2492" HEIGHT="168" WIDTH="2684">
						<String CONTENT="John" ID="St_1.1.10.1" HPOS="972" VPOS="2504" HEIGHT="128" WIDTH="376" STYLEREFS="Style_4" WC="1" CC="0000"/>
						<SP ID="SP_1.1.10.2" HPOS="1300" VPOS="2528" WIDTH="84"/>
						<String CONTENT="C" ID="St_1.1.10.3" HPOS="1428" VPOS="2500" HEIGHT="132" WIDTH="108" STYLEREFS="Style_4" WC="1" CC="0"/>
						<String CONTENT="." ID="St_1.1.10.4" HPOS="1552" VPOS="2600" HEIGHT="24" WIDTH="24" STYLEREFS="Style_4" WC="1" CC="0"/>
						<SP ID="SP_1.1.10.5" HPOS="1560" VPOS="2552" WIDTH="56"/>
						<String CONTENT="Wins" ID="St_1.1.10.6" HPOS="1656" VPOS="2500" HEIGHT="132" WIDTH="400" STYLEREFS="Style_4" WC="1" CC="0000"/>
						<String CONTENT="t" ID="St_1.1.10.7" HPOS="2060" VPOS="2512" HEIGHT="112" WIDTH="60" STYLEREFS="Style_4" WC="1" CC="0"/>
						<String CONTENT="on" ID="St_1.1.10.8" HPOS="2124" VPOS="2540" HEIGHT="84" WIDTH="176" STYLEREFS="Style_4" WC="1" CC="00"/>
						<SP ID="SP_1.1.10.9" HPOS="2252" VPOS="2524" WIDTH="84"/>
						<String CONTENT="company" ID="St_1.1.10.10" HPOS="2376" VPOS="2540" HEIGHT="120" WIDTH="672" STYLEREFS="Style_4" WC="1" CC="0000000"/>
						<SP ID="SP_1.1.10.11" HPOS="3000" VPOS="2524" WIDTH="92"/>
						<String CONTENT="[&#x0368;" ID="St_1.1.10.12" HPOS="3144" VPOS="2500" HEIGHT="156" WIDTH="168" STYLEREFS="Style_4" WC="0.97" CC="70"/>
						<String CONTENT="1927]" ID="St_1.1.10.13" HPOS="3240" VPOS="2492" HEIGHT="160" WIDTH="416" STYLEREFS="Style_4" WC="0.974444444444444" CC="00000"/>
					</TextLine>
					<TextLine ID="TL_1.1.11" HPOS="1148" VPOS="2696" HEIGHT="116" WIDTH="2072">
						<String CONTENT="8," ID="St_1.1.11.1" HPOS="1148" VPOS="2700" HEIGHT="112" WIDTH="88" STYLEREFS="Style_5" WC="1" CC="00"/>
						<SP ID="SP_1.1.11.2" HPOS="1224" VPOS="2736" WIDTH="48"/>
						<String CONTENT="8A" ID="St_1.1.11.3" HPOS="1312" VPOS="2700" HEIGHT="96" WIDTH="144" STYLEREFS="Style_5" WC="1" CC="00"/>
						<String CONTENT="&#150;" ID="St_1.1.11.4" HPOS="1456" VPOS="2752" HEIGHT="12" WIDTH="72" STYLEREFS="Style_5" WC="1" CC="0"/>
						<String CONTENT="8" ID="St_1.1.11.5" HPOS="1536" VPOS="2696" HEIGHT="96" WIDTH="60" STYLEREFS="Style_5" WC="1" CC="0"/>
						<String CONTENT="D" ID="St_1.1.11.6" HPOS="1608" VPOS="2724" HEIGHT="68" WIDTH="60" STYLEREFS="Style_5" WC="1" CC="0"/>
						<String CONTENT="," ID="St_1.1.11.7" HPOS="1680" VPOS="2776" HEIGHT="36" WIDTH="16" STYLEREFS="Style_5" WC="1" CC="0"/>
						<SP ID="SP_1.1.11.8" HPOS="1684" VPOS="2736" WIDTH="48"/>
						<String CONTENT="9" ID="St_1.1.11.9" HPOS="1768" VPOS="2696" HEIGHT="96" WIDTH="68" STYLEREFS="Style_5" WC="1" CC="0"/>
						<String CONTENT="&#150;" ID="St_1.1.11.10" HPOS="1840" VPOS="2752" HEIGHT="12" WIDTH="68" STYLEREFS="Style_5" WC="1" CC="0"/>
						<String CONTENT="140" ID="St_1.1.11.11" HPOS="1912" VPOS="2696" HEIGHT="96" WIDTH="204" STYLEREFS="Style_5" WC="1" CC="000"/>
						<SP ID="SP_1.1.11.12" HPOS="2080" VPOS="2696" WIDTH="72"/>
						<String CONTENT="p." ID="St_1.1.11.13" HPOS="2188" VPOS="2720" HEIGHT="92" WIDTH="108" STYLEREFS="Style_5" WC="1" CC="00"/>
						<SP ID="SP_1.1.11.14" HPOS="2280" VPOS="2736" WIDTH="80"/>
						<String CONTENT="22&#189;&#x0368;&#x036B;." ID="St_1.1.11.15" HPOS="2428" VPOS="2696" HEIGHT="112" WIDTH="792" STYLEREFS="Style_5" WC="0.982222222222222" CC="000004"/>
					</TextLine>
					<TextLine ID="TL_1.1.12" HPOS="1152" VPOS="2860" HEIGHT="120" WIDTH="3168">
						<String CONTENT="On" ID="St_1.1.12.1" HPOS="1152" VPOS="2868" HEIGHT="100" WIDTH="168" STYLEREFS="Style_5" WC="1" CC="00"/>
						<SP ID="SP_1.1.12.2" HPOS="1284" VPOS="2880" WIDTH="68"/>
						<String CONTENT="label" ID="St_1.1.12.3" HPOS="1388" VPOS="2868" HEIGHT="96" WIDTH="300" STYLEREFS="Style_5" WC="1" CC="00000"/>
						<SP ID="SP_1.1.12.4" HPOS="1664" VPOS="2868" WIDTH="56"/>
						<String CONTENT="attached" ID="St_1.1.12.5" HPOS="1756" VPOS="2868" HEIGHT="96" WIDTH="544" STYLEREFS="Style_5" WC="1" CC="00000000"/>
						<SP ID="SP_1.1.12.6" HPOS="2264" VPOS="2868" WIDTH="76"/>
						<String CONTENT="to" ID="St_1.1.12.7" HPOS="2380" VPOS="2872" HEIGHT="88" WIDTH="112" STYLEREFS="Style_5" WC="1" CC="00"/>
						<SP ID="SP_1.1.12.8" HPOS="2460" VPOS="2880" WIDTH="68"/>
						<String CONTENT="t.-p.:" ID="St_1.1.12.9" HPOS="2564" VPOS="2872" HEIGHT="108" WIDTH="296" STYLEREFS="Style_5" WC="1" CC="000000"/>
						<SP ID="SP_1.1.12.10" HPOS="2848" VPOS="2876" WIDTH="48"/>
						<String CONTENT="Liberty" ID="St_1.1.12.11" HPOS="2936" VPOS="2864" HEIGHT="116" WIDTH="472" STYLEREFS="Style_5" WC="1" CC="0000000"/>
						<SP ID="SP_1.1.12.12" HPOS="3372" VPOS="2876" WIDTH="72"/>
						<String CONTENT="bond" ID="St_1.1.12.13" HPOS="3480" VPOS="2864" HEIGHT="96" WIDTH="300" STYLEREFS="Style_5" WC="1" CC="0000"/>
						<SP ID="SP_1.1.12.14" HPOS="3740" VPOS="2864" WIDTH="68"/>
						<String CONTENT="edition." ID="St_1.1.12.15" HPOS="3844" VPOS="2860" HEIGHT="100" WIDTH="476" STYLEREFS="Style_5" WC="1" CC="00000000"/>
					</TextLine>
					<TextLine ID="TL_1.1.13" HPOS="1040" VPOS="2996" HEIGHT="124" WIDTH="4716">
						<String CONTENT="&#169;" ID="St_1.1.13.1" HPOS="1040" VPOS="3008" HEIGHT="112" WIDTH="76" STYLEREFS="Style_5" WC="1" CC="0"/>
						<SP ID="SP_1.1.13.2" HPOS="1116" VPOS="3008" WIDTH="76"/>
						<String CONTENT="Jan." ID="St_1.1.13.3" HPOS="1192" VPOS="3008" HEIGHT="96" WIDTH="264" STYLEREFS="Style_5" WC="0.777777777777778" CC="4000"/>
						<SP ID="SP_1.1.13.4" HPOS="1444" VPOS="3052" WIDTH="44"/>
						<String CONTENT="26," ID="St_1.1.13.5" HPOS="1524" VPOS="3004" HEIGHT="112" WIDTH="168" STYLEREFS="Style_5" WC="0.866666666666667" CC="000"/>
						<SP ID="SP_1.1.13.6" HPOS="1680" VPOS="3052" WIDTH="48"/>
						<String CONTENT="1" ID="St_1.1.13.7" HPOS="1768" VPOS="3008" HEIGHT="88" WIDTH="56" STYLEREFS="Style_5" WC="0.888888888888889" CC="0"/>
						<String CONTENT="9" ID="St_1.1.13.8" HPOS="1836" VPOS="3004" HEIGHT="92" WIDTH="68" STYLEREFS="Style_5" WC="0.896666666666667" CC="0"/>
						<String CONTENT="2" ID="St_1.1.13.9" HPOS="1908" VPOS="3004" HEIGHT="92" WIDTH="60" STYLEREFS="Style_5" WC="0.904444444444445" CC="0"/>
						<String CONTENT="7" ID="St_1.1.13.10" HPOS="1984" VPOS="3008" HEIGHT="88" WIDTH="56" STYLEREFS="Style_5" WC="0.911111111111111" CC="0"/>
						<String CONTENT=";" ID="St_1.1.13.11" HPOS="2084" VPOS="3028" HEIGHT="84" WIDTH="20" STYLEREFS="Style_5" WC="0.916666666666667" CC="0"/>
						<SP ID="SP_1.1.13.12" HPOS="2092" VPOS="3024" WIDTH="52"/>
						<String CONTENT="2c." ID="St_1.1.13.13" HPOS="2180" VPOS="3004" HEIGHT="96" WIDTH="164" STYLEREFS="Style_5" WC="0.933333333333333" CC="000"/>
						<SP ID="SP_1.1.13.14" HPOS="2332" VPOS="3052" WIDTH="52"/>
						<String CONTENT="July" ID="St_1.1.13.15" HPOS="2424" VPOS="3004" HEIGHT="108" WIDTH="272" STYLEREFS="Style_5" WC="0.928888888888889" CC="0004"/>
						<SP ID="SP_1.1.13.16" HPOS="2664" VPOS="3024" WIDTH="72"/>
						<String CONTENT="1;" ID="St_1.1.13.17" HPOS="2776" VPOS="3008" HEIGHT="108" WIDTH="124" STYLEREFS="Style_5" WC="0.935555555555556" CC="00"/>
						<SP ID="SP_1.1.13.18" HPOS="2884" VPOS="3024" WIDTH="56"/>
						<String CONTENT="aff." ID="St_1.1.13.19" HPOS="2980" VPOS="3004" HEIGHT="92" WIDTH="200" STYLEREFS="Style_5" WC="0.932222222222222" CC="4000"/>
						<SP ID="SP_1.1.13.20" HPOS="3164" VPOS="3052" WIDTH="52"/>
						<String CONTENT="June" ID="St_1.1.13.21" HPOS="3256" VPOS="3004" HEIGHT="92" WIDTH="300" STYLEREFS="Style_5" WC="0.941111111111111" CC="0000"/>
						<SP ID="SP_1.1.13.22" HPOS="3524" VPOS="3024" WIDTH="68"/>
						<String CONTENT="3" ID="St_1.1.13.23" HPOS="3628" VPOS="3004" HEIGHT="92" WIDTH="64" STYLEREFS="Style_5" WC="0.944444444444444" CC="0"/>
						<String CONTENT="0" ID="St_1.1.13.24" HPOS="3700" VPOS="3004" HEIGHT="92" WIDTH="64" STYLEREFS="Style_5" WC="0.945555555555556" CC="0"/>
						<String CONTENT=";" ID="St_1.1.13.25" HPOS="3804" VPOS="3024" HEIGHT="88" WIDTH="20" STYLEREFS="Style_5" WC="0.946666666666667" CC="0"/>
						<SP ID="SP_1.1.13.26" HPOS="3812" VPOS="3024" WIDTH="52"/>
						<String CONTENT="A" ID="St_1.1.13.27" HPOS="3904" VPOS="3004" HEIGHT="92" WIDTH="104" STYLEREFS="Style_5" WC="0.948888888888889" CC="0"/>
						<SP ID="SP_1.1.13.28" HPOS="3952" VPOS="3012" WIDTH="92"/>
						<String CONTENT="9" ID="St_1.1.13.29" HPOS="4080" VPOS="3000" HEIGHT="96" WIDTH="60" STYLEREFS="Style_5" WC="0.951111111111111" CC="0"/>
						<String CONTENT="9" ID="St_1.1.13.30" HPOS="4144" VPOS="3000" HEIGHT="96" WIDTH="68" STYLEREFS="Style_5" WC="0.952222222222222" CC="0"/>
						<String CONTENT="0" ID="St_1.1.13.31" HPOS="4216" VPOS="2996" HEIGHT="96" WIDTH="72" STYLEREFS="Style_5" WC="0.953333333333333" CC="0"/>
						<String CONTENT="767;" ID="St_1.1.13.32" HPOS="4292" VPOS="3000" HEIGHT="108" WIDTH="264" STYLEREFS="Style_5" WC="0.956666666666667" CC="0000"/>
						<SP ID="SP_1.1.13.33" HPOS="4544" VPOS="3024" WIDTH="52"/>
						<String CONTENT="J" ID="St_1.1.13.34" HPOS="4640" VPOS="3000" HEIGHT="112" WIDTH="68" STYLEREFS="Style_5" WC="0.957777777777778" CC="0"/>
						<String CONTENT="o" ID="St_1.1.13.35" HPOS="4720" VPOS="3024" HEIGHT="68" WIDTH="60" STYLEREFS="Style_5" WC="0.948888888888889" CC="5"/>
						<String CONTENT="hn" ID="St_1.1.13.36" HPOS="4792" VPOS="3000" HEIGHT="92" WIDTH="156" STYLEREFS="Style_5" WC="0.951111111111111" CC="00"/>
						<SP ID="SP_1.1.13.37" HPOS="4904" VPOS="3024" WIDTH="80"/>
						<String CONTENT="C." ID="St_1.1.13.38" HPOS="5024" VPOS="3000" HEIGHT="96" WIDTH="116" STYLEREFS="Style_5" WC="0.953333333333333" CC="00"/>
						<SP ID="SP_1.1.13.39" HPOS="5124" VPOS="3048" WIDTH="56"/>
						<String CONTENT="Winston" ID="St_1.1.13.40" HPOS="5224" VPOS="3000" HEIGHT="100" WIDTH="532" STYLEREFS="Style_5" WC="0.958888888888889" CC="0000000"/>
					</TextLine>
					<TextLine ID="TL_1.1.14" HPOS="1148" VPOS="3136" HEIGHT="140" WIDTH="4408">
						<String CONTENT="co." ID="St_1.1.14.1" HPOS="1148" VPOS="3168" HEIGHT="68" WIDTH="164" STYLEREFS="Style_6" WC="0.851111111111111" CC="400"/>
						<SP ID="SP_1.1.14.2" HPOS="1300" VPOS="3204" WIDTH="88"/>
						<String CONTENT="[" ID="St_1.1.14.3" HPOS="1464" VPOS="3188" HEIGHT="72" WIDTH="24" STYLEREFS="Style_6" WC="0.733333333333333" CC="8"/>
						<String CONTENT="&#169;" ID="St_1.1.14.4" HPOS="1516" VPOS="3156" HEIGHT="104" WIDTH="108" STYLEREFS="Style_6" WC="0.703333333333333" CC="4"/>
						<SP ID="SP_1.1.14.5" HPOS="1564" VPOS="3156" WIDTH="112"/>
						<String CONTENT="additions]" ID="St_1.1.14.6" HPOS="1724" VPOS="3140" HEIGHT="136" WIDTH="684" STYLEREFS="Style_6" WC="0.894444444444444" CC="0000000000"/>
						<SP ID="SP_1.1.14.7" HPOS="2336" VPOS="3184" WIDTH="104"/>
						<String CONTENT="(27-148" ID="St_1.1.14.8" HPOS="2536" VPOS="3140" HEIGHT="112" WIDTH="464" STYLEREFS="Style_6" WC="0.928888888888889" CC="0000000"/>
						<String CONTENT="65" ID="St_1.1.14.9" HPOS="3012" VPOS="3140" HEIGHT="92" WIDTH="132" STYLEREFS="Style_6" WC="0.933333333333333" CC="00"/>
						<String CONTENT=")" ID="St_1.1.14.10" HPOS="3168" VPOS="3144" HEIGHT="112" WIDTH="36" STYLEREFS="Style_6" WC="0.935555555555556" CC="0"/>
						<SP ID="SP_1.1.14.11" HPOS="3180" VPOS="3160" WIDTH="2092"/>
						<String CONTENT="5617" ID="St_1.1.14.12" HPOS="5272" VPOS="3136" HEIGHT="104" WIDTH="284" STYLEREFS="Style_7" WC="0.777777777777778" CC="0000"/>
					</TextLine>
					<TextLine ID="TL_1.1.15" HPOS="988" VPOS="3364" HEIGHT="152" WIDTH="2920">
						<String CONTENT="Cole," ID="St_1.1.15.1" HPOS="988" VPOS="3368" HEIGHT="148" WIDTH="364" STYLEREFS="Style_7" WC="1" CC="00000"/>
						<SP ID="SP_1.1.15.2" HPOS="1332" VPOS="3420" WIDTH="60"/>
						<String CONTENT="George" ID="St_1.1.15.3" HPOS="1432" VPOS="3368" HEIGHT="148" WIDTH="544" STYLEREFS="Style_7" WC="1" CC="000000"/>
						<SP ID="SP_1.1.15.4" HPOS="1940" VPOS="3392" WIDTH="72"/>
						<String CONTENT="Douglas" ID="St_1.1.15.5" HPOS="2052" VPOS="3364" HEIGHT="152" WIDTH="632" STYLEREFS="Style_7" WC="1" CC="0000000"/>
						<SP ID="SP_1.1.15.6" HPOS="2644" VPOS="3388" WIDTH="72"/>
						<String CONTENT="Howard," ID="St_1.1.15.7" HPOS="2756" VPOS="3364" HEIGHT="148" WIDTH="664" STYLEREFS="Style_7" WC="1" CC="0000000"/>
						<SP ID="SP_1.1.15.8" HPOS="3400" VPOS="3420" WIDTH="60"/>
						<String CONTENT="1889" ID="St_1.1.15.9" HPOS="3504" VPOS="3372" HEIGHT="116" WIDTH="312" STYLEREFS="Style_7" WC="1" CC="0000"/>
						<String CONTENT="&#150;" ID="St_1.1.15.10" HPOS="3828" VPOS="3444" HEIGHT="12" WIDTH="80" STYLEREFS="Style_7" WC="1" CC="0"/>
					</TextLine>
					<TextLine ID="TL_1.1.16" HPOS="1152" VPOS="3548" HEIGHT="172" WIDTH="4612">
						<String CONTENT="The" ID="St_1.1.16.1" HPOS="1152" VPOS="3556" HEIGHT="124" WIDTH="292" STYLEREFS="Style_7" WC="1" CC="000"/>
						<SP ID="SP_1.1.16.2" HPOS="1408" VPOS="3576" WIDTH="84"/>
						<String CONTENT="murder" ID="St_1.1.16.3" HPOS="1540" VPOS="3552" HEIGHT="124" WIDTH="556" STYLEREFS="Style_7" WC="1" CC="000000"/>
						<SP ID="SP_1.1.16.4" HPOS="2060" VPOS="3576" WIDTH="88"/>
						<String CONTENT="at" ID="St_1.1.16.5" HPOS="2200" VPOS="3560" HEIGHT="116" WIDTH="144" STYLEREFS="Style_7" WC="1" CC="00"/>
						<SP ID="SP_1.1.16.6" HPOS="2312" VPOS="3560" WIDTH="80"/>
						<String CONTENT="Crome" ID="St_1.1.16.7" HPOS="2444" VPOS="3548" HEIGHT="132" WIDTH="488" STYLEREFS="Style_7" WC="1" CC="00000"/>
						<SP ID="SP_1.1.16.8" HPOS="2896" VPOS="3576" WIDTH="84"/>
						<String CONTENT="house," ID="St_1.1.16.9" HPOS="3032" VPOS="3552" HEIGHT="156" WIDTH="452" STYLEREFS="Style_7" WC="1" CC="000000"/>
						<SP ID="SP_1.1.16.10" HPOS="3468" VPOS="3604" WIDTH="64"/>
						<String CONTENT="by" ID="St_1.1.16.11" HPOS="3584" VPOS="3548" HEIGHT="168" WIDTH="180" STYLEREFS="Style_7" WC="1" CC="00"/>
						<SP ID="SP_1.1.16.12" HPOS="3716" VPOS="3576" WIDTH="96"/>
						<String CONTENT="G." ID="St_1.1.16.13" HPOS="3864" VPOS="3548" HEIGHT="132" WIDTH="164" STYLEREFS="Style_7" WC="1" CC="00"/>
						<SP ID="SP_1.1.16.14" HPOS="4012" VPOS="3604" WIDTH="68"/>
						<String CONTENT="D." ID="St_1.1.16.15" HPOS="4132" VPOS="3552" HEIGHT="124" WIDTH="168" STYLEREFS="Style_7" WC="1" CC="00"/>
						<SP ID="SP_1.1.16.16" HPOS="4284" VPOS="3604" WIDTH="64"/>
						<String CONTENT="H." ID="St_1.1.16.17" HPOS="4404" VPOS="3552" HEIGHT="124" WIDTH="180" STYLEREFS="Style_7" WC="1" CC="00"/>
						<SP ID="SP_1.1.16.18" HPOS="4568" VPOS="3608" WIDTH="64"/>
						<String CONTENT="and" ID="St_1.1.16.19" HPOS="4688" VPOS="3552" HEIGHT="128" WIDTH="272" STYLEREFS="Style_7" WC="1" CC="000"/>
						<SP ID="SP_1.1.16.20" HPOS="4912" VPOS="3556" WIDTH="92"/>
						<String CONTENT="Margaret" ID="St_1.1.16.21" HPOS="5056" VPOS="3552" HEIGHT="168" WIDTH="708" STYLEREFS="Style_7" WC="1" CC="00000000"/>
					</TextLine>
					<TextLine ID="TL_1.1.17" HPOS="988" VPOS="3732" HEIGHT="168" WIDTH="4356">
						<String CONTENT="Co" ID="St_1.1.17.1" HPOS="988" VPOS="3740" HEIGHT="128" WIDTH="196" STYLEREFS="Style_7" WC="1" CC="00"/>
						<String CONTENT="l" ID="St_1.1.17.2" HPOS="1196" VPOS="3744" HEIGHT="120" WIDTH="40" STYLEREFS="Style_7" WC="1" CC="0"/>
						<String CONTENT="e" ID="St_1.1.17.3" HPOS="1248" VPOS="3764" HEIGHT="100" WIDTH="68" STYLEREFS="Style_7" WC="1" CC="0"/>
						<SP ID="SP_1.1.17.4" HPOS="1280" VPOS="3764" WIDTH="80"/>
						<String CONTENT="&#133;" ID="St_1.1.17.5" HPOS="1408" VPOS="3752" HEIGHT="132" WIDTH="80" STYLEREFS="Style_7" WC="1" CC="0"/>
						<SP ID="SP_1.1.17.6" HPOS="1520" VPOS="3828" WIDTH="104"/>
						<String CONTENT="London" ID="St_1.1.17.7" HPOS="1720" VPOS="3740" HEIGHT="124" WIDTH="576" STYLEREFS="Style_7" WC="1" CC="000000"/>
						<SP ID="SP_1.1.17.8" HPOS="2248" VPOS="3764" WIDTH="92"/>
						<String CONTENT="[e" ID="St_1.1.17.9" HPOS="2388" VPOS="3780" HEIGHT="116" WIDTH="112" STYLEREFS="Style_7" WC="0.992222222222222" CC="01"/>
						<String CONTENT="tc." ID="St_1.1.17.10" HPOS="2504" VPOS="3752" HEIGHT="108" WIDTH="164" STYLEREFS="Style_7" WC="0.964444444444444" CC="131"/>
						<String CONTENT="]" ID="St_1.1.17.11" HPOS="2688" VPOS="3812" HEIGHT="80" WIDTH="28" STYLEREFS="Style_7" WC="0.927777777777778" CC="7"/>
						<SP ID="SP_1.1.17.12" HPOS="2700" VPOS="3780" WIDTH="56"/>
						<String CONTENT="W." ID="St_1.1.17.13" HPOS="2796" VPOS="3736" HEIGHT="128" WIDTH="216" STYLEREFS="Style_7" WC="0.936666666666667" CC="00"/>
						<SP ID="SP_1.1.17.14" HPOS="2996" VPOS="3792" WIDTH="56"/>
						<String CONTENT="Col" ID="St_1.1.17.15" HPOS="3092" VPOS="3732" HEIGHT="132" WIDTH="252" STYLEREFS="Style_7" WC="0.945555555555556" CC="000"/>
						<String CONTENT="l" ID="St_1.1.17.16" HPOS="3352" VPOS="3740" HEIGHT="120" WIDTH="44" STYLEREFS="Style_7" WC="0.947777777777778" CC="0"/>
						<String CONTENT="ins" ID="St_1.1.17.17" HPOS="3408" VPOS="3736" HEIGHT="128" WIDTH="212" STYLEREFS="Style_7" WC="0.953333333333333" CC="000"/>
						<SP ID="SP_1.1.17.18" HPOS="3584" VPOS="3764" WIDTH="68"/>
						<String CONTENT="sons" ID="St_1.1.17.19" HPOS="3692" VPOS="3780" HEIGHT="84" WIDTH="308" STYLEREFS="Style_7" WC="0.958888888888889" CC="0000"/>
						<SP ID="SP_1.1.17.20" HPOS="3968" VPOS="3764" WIDTH="64"/>
						<String CONTENT="&amp;" ID="St_1.1.17.21" HPOS="4068" VPOS="3744" HEIGHT="120" WIDTH="112" STYLEREFS="Style_7" WC="0.961111111111111" CC="0"/>
						<SP ID="SP_1.1.17.22" HPOS="4120" VPOS="3744" WIDTH="92"/>
						<String CONTENT="co.," ID="St_1.1.17.23" HPOS="4248" VPOS="3780" HEIGHT="120" WIDTH="232" STYLEREFS="Style_7" WC="0.965555555555556" CC="0000"/>
						<SP ID="SP_1.1.17.24" HPOS="4464" VPOS="3792" WIDTH="52"/>
						<String CONTENT="ltd." ID="St_1.1.17.25" HPOS="4560" VPOS="3740" HEIGHT="124" WIDTH="244" STYLEREFS="Style_7" WC="0.96" CC="4000"/>
						<SP ID="SP_1.1.17.26" HPOS="4788" VPOS="3792" WIDTH="56"/>
						<String CONTENT="[&#x0368;1927]" ID="St_1.1.17.27" HPOS="4912" VPOS="3740" HEIGHT="144" WIDTH="432" STYLEREFS="Style_7" WC="0.965555555555556" CC="0000000"/>
					</TextLine>
					<TextLine ID="TL_1.1.18" HPOS="1152" VPOS="3936" HEIGHT="120" WIDTH="1408">
						<String CONTENT="vi," ID="St_1.1.18.1" HPOS="1152" VPOS="3940" HEIGHT="116" WIDTH="148" STYLEREFS="Style_7" WC="1" CC="000"/>
						<SP ID="SP_1.1.18.2" HPOS="1288" VPOS="3976" WIDTH="52"/>
						<String CONTENT="278" ID="St_1.1.18.3" HPOS="1384" VPOS="3940" HEIGHT="96" WIDTH="204" STYLEREFS="Style_7" WC="1" CC="000"/>
						<SP ID="SP_1.1.18.4" HPOS="1556" VPOS="3936" WIDTH="72"/>
						<String CONTENT="p." ID="St_1.1.18.5" HPOS="1668" VPOS="3964" HEIGHT="92" WIDTH="100" STYLEREFS="Style_7" WC="1" CC="00"/>
						<SP ID="SP_1.1.18.6" HPOS="1756" VPOS="3976" WIDTH="80"/>
						<String CONTENT="19&#x0368;&#x036B;." ID="St_1.1.18.7" HPOS="1912" VPOS="3936" HEIGHT="112" WIDTH="648" STYLEREFS="Style_7" WC="0.972222222222222" CC="00004"/>
					</TextLine>
					<TextLine ID="TL_1.1.19" HPOS="1008" VPOS="4044" HEIGHT="148" WIDTH="4752">
						<String CONTENT="&#169;" ID="St_1.1.19.1" HPOS="1008" VPOS="4044" HEIGHT="112" WIDTH="112" STYLEREFS="Style_7" WC="0.222222222222222" CC="7"/>
						<SP ID="SP_1.1.19.2" HPOS="1120" VPOS="4044" WIDTH="80"/>
						<String CONTENT="1c." ID="St_1.1.19.3" HPOS="1260" VPOS="4064" HEIGHT="128" WIDTH="152" STYLEREFS="Style_7" WC="0.755555555555556" CC="000"/>
						<SP ID="SP_1.1.19.4" HPOS="1344" VPOS="4108" WIDTH="52"/>
						<String CONTENT="M" ID="St_1.1.19.5" HPOS="1432" VPOS="4076" HEIGHT="92" WIDTH="112" STYLEREFS="Style_7" WC="0.824444444444444" CC="0"/>
						<String CONTENT="ay" ID="St_1.1.19.6" HPOS="1556" VPOS="4096" HEIGHT="92" WIDTH="144" STYLEREFS="Style_7" WC="0.863333333333333" CC="00"/>
						<SP ID="SP_1.1.19.7" HPOS="1664" VPOS="4084" WIDTH="68"/>
						<String CONTENT="19," ID="St_1.1.19.8" HPOS="1768" VPOS="4072" HEIGHT="104" WIDTH="164" STYLEREFS="Style_7" WC="0.905555555555556" CC="000"/>
						<SP ID="SP_1.1.19.9" HPOS="1920" VPOS="4108" WIDTH="48"/>
						<String CONTENT="1927;" ID="St_1.1.19.10" HPOS="2004" VPOS="4068" HEIGHT="112" WIDTH="340" STYLEREFS="Style_7" WC="0.935555555555556" CC="00000"/>
						<SP ID="SP_1.1.19.11" HPOS="2332" VPOS="4080" WIDTH="48"/>
						<String CONTENT="A" ID="St_1.1.19.12" HPOS="2416" VPOS="4072" HEIGHT="92" WIDTH="100" STYLEREFS="Style_7" WC="0.941111111111111" CC="0"/>
						<SP ID="SP_1.1.19.13" HPOS="2464" VPOS="4068" WIDTH="84"/>
						<String CONTENT="ad" ID="St_1.1.19.14" HPOS="2584" VPOS="4080" HEIGHT="88" WIDTH="136" STYLEREFS="Style_7" WC="0.948888888888889" CC="00"/>
						<SP ID="SP_1.1.19.15" HPOS="2688" VPOS="4072" WIDTH="72"/>
						<String CONTENT="int." ID="St_1.1.19.16" HPOS="2804" VPOS="4068" HEIGHT="100" WIDTH="208" STYLEREFS="Style_7" WC="0.942222222222222" CC="1300"/>
						<SP ID="SP_1.1.19.17" HPOS="3000" VPOS="4108" WIDTH="44"/>
						<String CONTENT="9768;" ID="St_1.1.19.18" HPOS="3080" VPOS="4068" HEIGHT="112" WIDTH="340" STYLEREFS="Style_7" WC="0.952222222222222" CC="00000"/>
						<SP ID="SP_1.1.19.19" HPOS="3408" VPOS="4080" WIDTH="52"/>
						<String CONTENT="pubd." ID="St_1.1.19.20" HPOS="3500" VPOS="4072" HEIGHT="112" WIDTH="340" STYLEREFS="Style_7" WC="0.958888888888889" CC="00000"/>
						<SP ID="SP_1.1.19.21" HPOS="3828" VPOS="4104" WIDTH="48"/>
						<String CONTENT="M" ID="St_1.1.19.22" HPOS="3916" VPOS="4072" HEIGHT="92" WIDTH="112" STYLEREFS="Style_7" WC="0.961111111111111" CC="0"/>
						<String CONTENT="ar." ID="St_1.1.19.23" HPOS="4040" VPOS="4096" HEIGHT="72" WIDTH="164" STYLEREFS="Style_7" WC="0.963333333333333" CC="000"/>
						<SP ID="SP_1.1.19.24" HPOS="4192" VPOS="4108" WIDTH="44"/>
						<String CONTENT="24;" ID="St_1.1.19.25" HPOS="4276" VPOS="4072" HEIGHT="112" WIDTH="200" STYLEREFS="Style_7" WC="0.966666666666667" CC="000"/>
						<SP ID="SP_1.1.19.26" HPOS="4460" VPOS="4080" WIDTH="56"/>
						<String CONTENT="G." ID="St_1.1.19.27" HPOS="4560" VPOS="4072" HEIGHT="100" WIDTH="124" STYLEREFS="Style_7" WC="0.967777777777778" CC="00"/>
						<SP ID="SP_1.1.19.28" HPOS="4672" VPOS="4108" WIDTH="48"/>
						<String CONTENT="D." ID="St_1.1.19.29" HPOS="4760" VPOS="4072" HEIGHT="100" WIDTH="132" STYLEREFS="Style_7" WC="0.962222222222222" CC="40"/>
						<SP ID="SP_1.1.19.30" HPOS="4880" VPOS="4108" WIDTH="52"/>
						<String CONTENT="H." ID="St_1.1.19.31" HPOS="4972" VPOS="4076" HEIGHT="96" WIDTH="144" STYLEREFS="Style_7" WC="0.963333333333333" CC="00"/>
						<SP ID="SP_1.1.19.32" HPOS="5100" VPOS="4108" WIDTH="48"/>
						<String CONTENT="Cole" ID="St_1.1.19.33" HPOS="5188" VPOS="4072" HEIGHT="96" WIDTH="272" STYLEREFS="Style_7" WC="0.966666666666667" CC="0000"/>
						<SP ID="SP_1.1.19.34" HPOS="5428" VPOS="4084" WIDTH="64"/>
						<String CONTENT="and" ID="St_1.1.19.35" HPOS="5532" VPOS="4080" HEIGHT="92" WIDTH="228" STYLEREFS="Style_7" WC="0.968888888888889" CC="000"/>
					</TextLine>
					<TextLine ID="TL_1.1.20" HPOS="1164" VPOS="4204" HEIGHT="120" WIDTH="4400">
						<String CONTENT="Margaret" ID="St_1.1.20.1" HPOS="1164" VPOS="4204" HEIGHT="120" WIDTH="600" STYLEREFS="Style_7" WC="0.944444444444444" CC="40000000"/>
						<SP ID="SP_1.1.20.2" HPOS="1740" VPOS="4204" WIDTH="64"/>
						<String CONTENT="Cole," ID="St_1.1.20.3" HPOS="1840" VPOS="4212" HEIGHT="108" WIDTH="300" STYLEREFS="Style_7" WC="0.967777777777778" CC="00000"/>
						<SP ID="SP_1.1.20.4" HPOS="2128" VPOS="4240" WIDTH="52"/>
						<String CONTENT="London." ID="St_1.1.20.5" HPOS="2220" VPOS="4204" HEIGHT="100" WIDTH="508" STYLEREFS="Style_7" WC="0.978888888888889" CC="0000000"/>
						<SP ID="SP_1.1.20.6" HPOS="2720" VPOS="4240" WIDTH="92"/>
						<String CONTENT="(27-15314)" ID="St_1.1.20.7" HPOS="2896" VPOS="4204" HEIGHT="120" WIDTH="672" STYLEREFS="Style_7" WC="0.985555555555556" CC="0000000000"/>
						<SP ID="SP_1.1.20.8" HPOS="3548" VPOS="4204" WIDTH="1732"/>
						<String CONTENT="5618" ID="St_1.1.20.9" HPOS="5280" VPOS="4204" HEIGHT="104" WIDTH="284" STYLEREFS="Style_7" WC="0.838888888888889" CC="0000"/>
					</TextLine>
					<TextLine ID="TL_1.1.21" HPOS="996" VPOS="4428" HEIGHT="156" WIDTH="2392">
						<String CONTENT="Cox," ID="St_1.1.21.1" HPOS="996" VPOS="4436" HEIGHT="144" WIDTH="328" STYLEREFS="Style_7" WC="1" CC="0000"/>
						<SP ID="SP_1.1.21.2" HPOS="1308" VPOS="4484" WIDTH="56"/>
						<String CONTENT="Anthony" ID="St_1.1.21.3" HPOS="1404" VPOS="4432" HEIGHT="152" WIDTH="688" STYLEREFS="Style_7" WC="1" CC="0000000"/>
						<SP ID="SP_1.1.21.4" HPOS="2044" VPOS="4460" WIDTH="84"/>
						<String CONTENT="Berkeley," ID="St_1.1.21.5" HPOS="2164" VPOS="4428" HEIGHT="156" WIDTH="736" STYLEREFS="Style_7" WC="1" CC="000000000"/>
						<SP ID="SP_1.1.21.6" HPOS="2880" VPOS="4484" WIDTH="60"/>
						<String CONTENT="1893" ID="St_1.1.21.7" HPOS="2980" VPOS="4440" HEIGHT="120" WIDTH="316" STYLEREFS="Style_7" WC="1" CC="0000"/>
						<String CONTENT="&#150;" ID="St_1.1.21.8" HPOS="3304" VPOS="4512" HEIGHT="12" WIDTH="84" STYLEREFS="Style_7" WC="1" CC="0"/>
					</TextLine>
					<TextLine ID="TL_1.1.22" HPOS="1160" VPOS="4616" HEIGHT="164" WIDTH="4608">
						<String CONTENT="Mr." ID="St_1.1.22.1" HPOS="1160" VPOS="4620" HEIGHT="124" WIDTH="264" STYLEREFS="Style_7" WC="1" CC="000"/>
						<SP ID="SP_1.1.22.2" HPOS="1412" VPOS="4668" WIDTH="52"/>
						<String CONTENT="Pries" ID="St_1.1.22.3" HPOS="1500" VPOS="4620" HEIGHT="124" WIDTH="388" STYLEREFS="Style_7" WC="1" CC="00000"/>
						<String CONTENT="tl" ID="St_1.1.22.4" HPOS="1896" VPOS="4620" HEIGHT="124" WIDTH="112" STYLEREFS="Style_7" WC="1" CC="00"/>
						<String CONTENT="ey&apos;s" ID="St_1.1.22.5" HPOS="2016" VPOS="4616" HEIGHT="164" WIDTH="272" STYLEREFS="Style_7" WC="1" CC="0000"/>
						<SP ID="SP_1.1.22.6" HPOS="2252" VPOS="4644" WIDTH="68"/>
						<String CONTENT="prob" ID="St_1.1.22.7" HPOS="2356" VPOS="4620" HEIGHT="160" WIDTH="340" STYLEREFS="Style_7" WC="1" CC="0000"/>
						<String CONTENT="l" ID="St_1.1.22.8" HPOS="2708" VPOS="4620" HEIGHT="120" WIDTH="44" STYLEREFS="Style_7" WC="1" CC="0"/>
						<String CONTENT="em," ID="St_1.1.22.9" HPOS="2764" VPOS="4660" HEIGHT="116" WIDTH="244" STYLEREFS="Style_7" WC="1" CC="000"/>
						<SP ID="SP_1.1.22.10" HPOS="2992" VPOS="4668" WIDTH="48"/>
						<String CONTENT="by" ID="St_1.1.22.11" HPOS="3076" VPOS="4616" HEIGHT="164" WIDTH="180" STYLEREFS="Style_7" WC="1" CC="00"/>
						<SP ID="SP_1.1.22.12" HPOS="3208" VPOS="4640" WIDTH="80"/>
						<String CONTENT="A." ID="St_1.1.22.13" HPOS="3324" VPOS="4620" HEIGHT="124" WIDTH="168" STYLEREFS="Style_7" WC="1" CC="00"/>
						<SP ID="SP_1.1.22.14" HPOS="3476" VPOS="4668" WIDTH="52"/>
						<String CONTENT="B" ID="St_1.1.22.15" HPOS="3568" VPOS="4624" HEIGHT="116" WIDTH="116" STYLEREFS="Style_7" WC="1" CC="0"/>
						<String CONTENT="." ID="St_1.1.22.16" HPOS="3704" VPOS="4720" HEIGHT="24" WIDTH="24" STYLEREFS="Style_7" WC="1" CC="0"/>
						<SP ID="SP_1.1.22.17" HPOS="3712" VPOS="4668" WIDTH="48"/>
						<String CONTENT="C" ID="St_1.1.22.18" HPOS="3800" VPOS="4616" HEIGHT="132" WIDTH="108" STYLEREFS="Style_7" WC="1" CC="0"/>
						<String CONTENT="o" ID="St_1.1.22.19" HPOS="3920" VPOS="4660" HEIGHT="84" WIDTH="76" STYLEREFS="Style_7" WC="1" CC="0"/>
						<String CONTENT="x" ID="St_1.1.22.20" HPOS="4008" VPOS="4664" HEIGHT="80" WIDTH="80" STYLEREFS="Style_7" WC="1" CC="0"/>
						<SP ID="SP_1.1.22.21" HPOS="4044" VPOS="4640" WIDTH="80"/>
						<String CONTENT="&#133;" ID="St_1.1.22.22" HPOS="4160" VPOS="4632" HEIGHT="128" WIDTH="76" STYLEREFS="Style_7" WC="1" CC="0"/>
						<SP ID="SP_1.1.22.23" HPOS="4288" VPOS="4704" WIDTH="108"/>
						<String CONTENT="London" ID="St_1.1.22.24" HPOS="4488" VPOS="4620" HEIGHT="128" WIDTH="576" STYLEREFS="Style_7" WC="1" CC="000000"/>
						<SP ID="SP_1.1.22.25" HPOS="5016" VPOS="4644" WIDTH="88"/>
						<String CONTENT="[" ID="St_1.1.22.26" HPOS="5152" VPOS="4620" HEIGHT="108" WIDTH="64" STYLEREFS="Style_7" WC="1" CC="0"/>
						<String CONTENT="e" ID="St_1.1.22.27" HPOS="5192" VPOS="4668" HEIGHT="80" WIDTH="64" STYLEREFS="Style_7" WC="1" CC="0"/>
						<String CONTENT="t" ID="St_1.1.22.28" HPOS="5264" VPOS="4632" HEIGHT="116" WIDTH="56" STYLEREFS="Style_7" WC="1" CC="0"/>
						<String CONTENT="c." ID="St_1.1.22.29" HPOS="5324" VPOS="4668" HEIGHT="76" WIDTH="108" STYLEREFS="Style_7" WC="1" CC="00"/>
						<String CONTENT="]" ID="St_1.1.22.30" HPOS="5424" VPOS="4660" HEIGHT="96" WIDTH="44" STYLEREFS="Style_7" WC="1" CC="0"/>
						<SP ID="SP_1.1.22.31" HPOS="5456" VPOS="4660" WIDTH="56"/>
						<String CONTENT="W." ID="St_1.1.22.32" HPOS="5552" VPOS="4620" HEIGHT="132" WIDTH="216" STYLEREFS="Style_7" WC="1" CC="00"/>
					</TextLine>
					<TextLine ID="TL_1.1.23" HPOS="1000" VPOS="4804" HEIGHT="160" WIDTH="2212">
						<String CONTENT="Collins" ID="St_1.1.23.1" HPOS="1000" VPOS="4804" HEIGHT="132" WIDTH="524" STYLEREFS="Style_7" WC="1" CC="0000000"/>
						<SP ID="SP_1.1.23.2" HPOS="1492" VPOS="4832" WIDTH="64"/>
						<String CONTENT="sons" ID="St_1.1.23.3" HPOS="1592" VPOS="4848" HEIGHT="84" WIDTH="308" STYLEREFS="Style_7" WC="1" CC="0000"/>
						<SP ID="SP_1.1.23.4" HPOS="1868" VPOS="4832" WIDTH="64"/>
						<String CONTENT="&amp;" ID="St_1.1.23.5" HPOS="1964" VPOS="4808" HEIGHT="120" WIDTH="112" STYLEREFS="Style_7" WC="1" CC="0"/>
						<SP ID="SP_1.1.23.6" HPOS="2020" VPOS="4812" WIDTH="88"/>
						<String CONTENT="co.," ID="St_1.1.23.7" HPOS="2136" VPOS="4848" HEIGHT="116" WIDTH="232" STYLEREFS="Style_7" WC="1" CC="0000"/>
						<SP ID="SP_1.1.23.8" HPOS="2352" VPOS="4860" WIDTH="44"/>
						<String CONTENT="ltd." ID="St_1.1.23.9" HPOS="2432" VPOS="4804" HEIGHT="124" WIDTH="248" STYLEREFS="Style_7" WC="0.981111111111111" CC="4000"/>
						<SP ID="SP_1.1.23.10" HPOS="2664" VPOS="4860" WIDTH="56"/>
						<String CONTENT="[&#x0368;1927" ID="St_1.1.23.11" HPOS="2780" VPOS="4804" HEIGHT="152" WIDTH="400" STYLEREFS="Style_7" WC="0.985555555555556" CC="000000"/>
						<String CONTENT="]" ID="St_1.1.23.12" HPOS="3160" VPOS="4848" HEIGHT="96" WIDTH="52" STYLEREFS="Style_7" WC="0.985555555555556" CC="0"/>
					</TextLine>
					<TextLine ID="TL_1.1.24" HPOS="1164" VPOS="5004" HEIGHT="116" WIDTH="1744">
						<String CONTENT="vii." ID="St_1.1.24.1" HPOS="1164" VPOS="5008" HEIGHT="96" WIDTH="192" STYLEREFS="Style_7" WC="0.861111111111111" CC="5000"/>
						<SP ID="SP_1.1.24.2" HPOS="1344" VPOS="5040" WIDTH="48"/>
						<String CONTENT="307." ID="St_1.1.24.3" HPOS="1428" VPOS="5008" HEIGHT="96" WIDTH="228" STYLEREFS="Style_7" WC="0.901111111111111" CC="0003"/>
						<SP ID="SP_1.1.24.4" HPOS="1652" VPOS="5040" WIDTH="52"/>
						<String CONTENT="[1]" ID="St_1.1.24.5" HPOS="1744" VPOS="5008" HEIGHT="112" WIDTH="240" STYLEREFS="Style_7" WC="0.922222222222222" CC="000"/>
						<String CONTENT="," ID="St_1.1.24.6" HPOS="1844" VPOS="5028" HEIGHT="76" WIDTH="24" STYLEREFS="Style_7" WC="0.896666666666667" CC="4"/>
						<SP ID="SP_1.1.24.7" HPOS="1860" VPOS="5028" WIDTH="48"/>
						<String CONTENT="p." ID="St_1.1.24.8" HPOS="1948" VPOS="5032" HEIGHT="88" WIDTH="104" STYLEREFS="Style_7" WC="0.914444444444444" CC="00"/>
						<SP ID="SP_1.1.24.9" HPOS="2040" VPOS="5040" WIDTH="80"/>
						<String CONTENT="19&#x0368;&#x036B;." ID="St_1.1.24.10" HPOS="2196" VPOS="5004" HEIGHT="112" WIDTH="712" STYLEREFS="Style_7" WC="0.917777777777778" CC="00004"/>
					</TextLine>
					<TextLine ID="TL_1.1.25" HPOS="1060" VPOS="5136" HEIGHT="116" WIDTH="4708">
						<String CONTENT="&#169;" ID="St_1.1.25.1" HPOS="1060" VPOS="5136" HEIGHT="112" WIDTH="76" STYLEREFS="Style_7" WC="1" CC="0"/>
						<SP ID="SP_1.1.25.2" HPOS="1116" VPOS="5136" WIDTH="76"/>
						<String CONTENT="June" ID="St_1.1.25.3" HPOS="1212" VPOS="5144" HEIGHT="92" WIDTH="304" STYLEREFS="Style_7" WC="0.851111111111111" CC="0000"/>
						<SP ID="SP_1.1.25.4" HPOS="1484" VPOS="5152" WIDTH="68"/>
						<String CONTENT="24," ID="St_1.1.25.5" HPOS="1588" VPOS="5140" HEIGHT="104" WIDTH="164" STYLEREFS="Style_7" WC="0.911111111111111" CC="000"/>
						<SP ID="SP_1.1.25.6" HPOS="1744" VPOS="5176" WIDTH="52"/>
						<String CONTENT="1" ID="St_1.1.25.7" HPOS="1836" VPOS="5140" HEIGHT="92" WIDTH="40" STYLEREFS="Style_7" WC="0.925555555555556" CC="0"/>
						<String CONTENT="927;" ID="St_1.1.25.8" HPOS="1904" VPOS="5140" HEIGHT="92" WIDTH="260" STYLEREFS="Style_7" WC="0.944444444444444" CC="0000"/>
						<SP ID="SP_1.1.25.9" HPOS="2156" VPOS="5148" WIDTH="56"/>
						<String CONTENT="A" ID="St_1.1.25.10" HPOS="2252" VPOS="5140" HEIGHT="92" WIDTH="96" STYLEREFS="Style_7" WC="0.95" CC="0"/>
						<SP ID="SP_1.1.25.11" HPOS="2296" VPOS="5136" WIDTH="88"/>
						<String CONTENT="ad" ID="St_1.1.25.12" HPOS="2424" VPOS="5140" HEIGHT="92" WIDTH="148" STYLEREFS="Style_7" WC="0.956666666666667" CC="00"/>
						<SP ID="SP_1.1.25.13" HPOS="2536" VPOS="5136" WIDTH="76"/>
						<String CONTENT="int." ID="St_1.1.25.14" HPOS="2648" VPOS="5140" HEIGHT="96" WIDTH="212" STYLEREFS="Style_7" WC="0.94" CC="3300"/>
						<SP ID="SP_1.1.25.15" HPOS="2848" VPOS="5176" WIDTH="52"/>
						<String CONTENT="96" ID="St_1.1.25.16" HPOS="2936" VPOS="5136" HEIGHT="96" WIDTH="140" STYLEREFS="Style_7" WC="0.945555555555556" CC="00"/>
						<String CONTENT="2" ID="St_1.1.25.17" HPOS="3076" VPOS="5140" HEIGHT="88" WIDTH="64" STYLEREFS="Style_7" WC="0.947777777777778" CC="0"/>
						<String CONTENT="5" ID="St_1.1.25.18" HPOS="3148" VPOS="5136" HEIGHT="92" WIDTH="72" STYLEREFS="Style_7" WC="0.931111111111111" CC="5"/>
						<String CONTENT=";" ID="St_1.1.25.19" HPOS="3252" VPOS="5164" HEIGHT="84" WIDTH="20" STYLEREFS="Style_7" WC="0.933333333333333" CC="0"/>
						<SP ID="SP_1.1.25.20" HPOS="3260" VPOS="5148" WIDTH="56"/>
						<String CONTENT="pubd." ID="St_1.1.25.21" HPOS="3360" VPOS="5136" HEIGHT="116" WIDTH="340" STYLEREFS="Style_7" WC="0.92" CC="04400"/>
						<SP ID="SP_1.1.25.22" HPOS="3688" VPOS="5172" WIDTH="52"/>
						<String CONTENT="Apr." ID="St_1.1.25.23" HPOS="3780" VPOS="5136" HEIGHT="116" WIDTH="268" STYLEREFS="Style_7" WC="0.93" CC="0000"/>
						<SP ID="SP_1.1.25.24" HPOS="4036" VPOS="5172" WIDTH="52"/>
						<String CONTENT="28;" ID="St_1.1.25.25" HPOS="4128" VPOS="5140" HEIGHT="108" WIDTH="196" STYLEREFS="Style_7" WC="0.935555555555556" CC="000"/>
						<SP ID="SP_1.1.25.26" HPOS="4312" VPOS="5148" WIDTH="56"/>
						<String CONTENT="A." ID="St_1.1.25.27" HPOS="4416" VPOS="5140" HEIGHT="96" WIDTH="128" STYLEREFS="Style_7" WC="0.94" CC="00"/>
						<SP ID="SP_1.1.25.28" HPOS="4532" VPOS="5172" WIDTH="52"/>
						<String CONTENT="B." ID="St_1.1.25.29" HPOS="4624" VPOS="5144" HEIGHT="92" WIDTH="128" STYLEREFS="Style_7" WC="0.943333333333333" CC="00"/>
						<SP ID="SP_1.1.25.30" HPOS="4740" VPOS="5176" WIDTH="52"/>
						<String CONTENT="Cox," ID="St_1.1.25.31" HPOS="4836" VPOS="5140" HEIGHT="112" WIDTH="272" STYLEREFS="Style_7" WC="0.947777777777778" CC="0000"/>
						<SP ID="SP_1.1.25.32" HPOS="5092" VPOS="5172" WIDTH="56"/>
						<String CONTENT="Watford," ID="St_1.1.25.33" HPOS="5192" VPOS="5140" HEIGHT="112" WIDTH="576" STYLEREFS="Style_7" WC="0.954444444444444" CC="00000000"/>
					</TextLine>
					<TextLine ID="TL_1.1.26" HPOS="1172" VPOS="5272" HEIGHT="120" WIDTH="4400">
						<String CONTENT="H" ID="St_1.1.26.1" HPOS="1172" VPOS="5280" HEIGHT="92" WIDTH="112" STYLEREFS="Style_7" WC="0.555555555555556" CC="4"/>
						<String CONTENT="erts." ID="St_1.1.26.2" HPOS="1292" VPOS="5284" HEIGHT="88" WIDTH="268" STYLEREFS="Style_7" WC="0.925555555555556" CC="00000"/>
						<SP ID="SP_1.1.26.3" HPOS="1548" VPOS="5308" WIDTH="52"/>
						<String CONTENT="England." ID="St_1.1.26.4" HPOS="1644" VPOS="5276" HEIGHT="108" WIDTH="564" STYLEREFS="Style_7" WC="0.97" CC="00000000"/>
						<SP ID="SP_1.1.26.5" HPOS="2196" VPOS="5308" WIDTH="96"/>
						<String CONTENT="(27-15310)" ID="St_1.1.26.6" HPOS="2372" VPOS="5276" HEIGHT="116" WIDTH="672" STYLEREFS="Style_7" WC="0.982222222222222" CC="0000000000"/>
						<SP ID="SP_1.1.26.7" HPOS="3024" VPOS="5272" WIDTH="2264"/>
						<String CONTENT="5619" ID="St_1.1.26.8" HPOS="5288" VPOS="5272" HEIGHT="100" WIDTH="284" STYLEREFS="Style_7" WC="0.784444444444445" CC="0000"/>
					</TextLine>
					<TextLine ID="TL_1.1.27" HPOS="1016" VPOS="5496" HEIGHT="152" WIDTH="2436">
						<String CONTENT="Edginton," ID="St_1.1.27.1" HPOS="1016" VPOS="5500" HEIGHT="148" WIDTH="760" STYLEREFS="Style_7" WC="1" CC="000000000"/>
						<SP ID="SP_1.1.27.2" HPOS="1756" VPOS="5548" WIDTH="60"/>
						<String CONTENT="Helen" ID="St_1.1.27.3" HPOS="1852" VPOS="5496" HEIGHT="124" WIDTH="440" STYLEREFS="Style_7" WC="1" CC="00000"/>
						<SP ID="SP_1.1.27.4" HPOS="2244" VPOS="5520" WIDTH="84"/>
						<String CONTENT="Marion," ID="St_1.1.27.5" HPOS="2368" VPOS="5496" HEIGHT="148" WIDTH="596" STYLEREFS="Style_7" WC="1" CC="0000000"/>
						<SP ID="SP_1.1.27.6" HPOS="2948" VPOS="5548" WIDTH="56"/>
						<String CONTENT="1883" ID="St_1.1.27.7" HPOS="3044" VPOS="5504" HEIGHT="120" WIDTH="316" STYLEREFS="Style_7" WC="1" CC="0000"/>
						<String CONTENT="&#150;" ID="St_1.1.27.8" HPOS="3368" VPOS="5576" HEIGHT="12" WIDTH="84" STYLEREFS="Style_7" WC="1" CC="0"/>
					</TextLine>
					<TextLine ID="TL_1.1.28" HPOS="1176" VPOS="5684" HEIGHT="168" WIDTH="4532">
						<String CONTENT="The" ID="St_1.1.28.1" HPOS="1176" VPOS="5684" HEIGHT="124" WIDTH="296" STYLEREFS="Style_7" WC="1" CC="000"/>
						<SP ID="SP_1.1.28.2" HPOS="1436" VPOS="5704" WIDTH="80"/>
						<String CONTENT="dream" ID="St_1.1.28.3" HPOS="1560" VPOS="5684" HEIGHT="124" WIDTH="460" STYLEREFS="Style_7" WC="1" CC="00000"/>
						<SP ID="SP_1.1.28.4" HPOS="1952" VPOS="5704" WIDTH="116"/>
						<String CONTENT="that" ID="St_1.1.28.5" HPOS="2116" VPOS="5684" HEIGHT="124" WIDTH="308" STYLEREFS="Style_7" WC="1" CC="0000"/>
						<SP ID="SP_1.1.28.6" HPOS="2392" VPOS="5688" WIDTH="72"/>
						<String CONTENT="happened;" ID="St_1.1.28.7" HPOS="2512" VPOS="5684" HEIGHT="160" WIDTH="788" STYLEREFS="Style_7" WC="1" CC="000000000"/>
						<SP ID="SP_1.1.28.8" HPOS="3288" VPOS="5704" WIDTH="64"/>
						<String CONTENT="a" ID="St_1.1.28.9" HPOS="3404" VPOS="5728" HEIGHT="80" WIDTH="76" STYLEREFS="Style_7" WC="1" CC="0"/>
						<SP ID="SP_1.1.28.10" HPOS="3440" VPOS="5704" WIDTH="84"/>
						<String CONTENT="novel," ID="St_1.1.28.11" HPOS="3572" VPOS="5684" HEIGHT="160" WIDTH="440" STYLEREFS="Style_7" WC="1" CC="000000"/>
						<SP ID="SP_1.1.28.12" HPOS="3996" VPOS="5732" WIDTH="60"/>
						<String CONTENT="by" ID="St_1.1.28.13" HPOS="4108" VPOS="5684" HEIGHT="168" WIDTH="180" STYLEREFS="Style_7" WC="1" CC="00"/>
						<SP ID="SP_1.1.28.14" HPOS="4240" VPOS="5704" WIDTH="92"/>
						<String CONTENT="May" ID="St_1.1.28.15" HPOS="4380" VPOS="5684" HEIGHT="168" WIDTH="332" STYLEREFS="Style_7" WC="1" CC="000"/>
						<SP ID="SP_1.1.28.16" HPOS="4668" VPOS="5700" WIDTH="92"/>
						<String CONTENT="Edginton" ID="St_1.1.28.17" HPOS="4812" VPOS="5684" HEIGHT="164" WIDTH="712" STYLEREFS="Style_7" WC="1" CC="00000000"/>
						<SP ID="SP_1.1.28.18" HPOS="5432" VPOS="5732" WIDTH="92"/>
						<String CONTENT="&#133;" ID="St_1.1.28.19" HPOS="5616" VPOS="5684" HEIGHT="144" WIDTH="92" STYLEREFS="Style_7" WC="0.991111111111111" CC="0"/>
					</TextLine>
					<TextLine ID="TL_1.1.29" HPOS="1012" VPOS="5868" HEIGHT="160" WIDTH="2456">
						<String CONTENT="London," ID="St_1.1.29.1" HPOS="1012" VPOS="5872" HEIGHT="156" WIDTH="616" STYLEREFS="Style_7" WC="1" CC="0000000"/>
						<SP ID="SP_1.1.29.2" HPOS="1612" VPOS="5920" WIDTH="44"/>
						<String CONTENT="Hutchinson" ID="St_1.1.29.3" HPOS="1684" VPOS="5868" HEIGHT="128" WIDTH="876" STYLEREFS="Style_7" WC="1" CC="0000000000"/>
						<SP ID="SP_1.1.29.4" HPOS="2512" VPOS="5892" WIDTH="80"/>
						<String CONTENT="&amp;" ID="St_1.1.29.5" HPOS="2624" VPOS="5872" HEIGHT="120" WIDTH="108" STYLEREFS="Style_7" WC="1" CC="0"/>
						<SP ID="SP_1.1.29.6" HPOS="2676" VPOS="5872" WIDTH="84"/>
						<String CONTENT="co." ID="St_1.1.29.7" HPOS="2792" VPOS="5912" HEIGHT="84" WIDTH="188" STYLEREFS="Style_7" WC="1" CC="000"/>
						<SP ID="SP_1.1.29.8" HPOS="2964" VPOS="5920" WIDTH="56"/>
						<String CONTENT="[1925" ID="St_1.1.29.9" HPOS="3060" VPOS="5876" HEIGHT="152" WIDTH="368" STYLEREFS="Style_7" WC="1" CC="00000"/>
						<String CONTENT="]" ID="St_1.1.29.10" HPOS="3428" VPOS="5908" HEIGHT="96" WIDTH="40" STYLEREFS="Style_7" WC="0.981111111111111" CC="5"/>
					</TextLine>
					<TextLine ID="TL_1.1.30" HPOS="1184" VPOS="6060" HEIGHT="116" WIDTH="1232">
						<String CONTENT="2" ID="St_1.1.30.1" HPOS="1184" VPOS="6064" HEIGHT="92" WIDTH="60" STYLEREFS="Style_7" WC="1" CC="0"/>
						<String CONTENT="5" ID="St_1.1.30.2" HPOS="1256" VPOS="6064" HEIGHT="92" WIDTH="56" STYLEREFS="Style_7" WC="1" CC="0"/>
						<String CONTENT="6" ID="St_1.1.30.3" HPOS="1324" VPOS="6064" HEIGHT="92" WIDTH="60" STYLEREFS="Style_7" WC="1" CC="0"/>
						<SP ID="SP_1.1.30.4" HPOS="1352" VPOS="6060" WIDTH="64"/>
						<String CONTENT="p." ID="St_1.1.30.5" HPOS="1452" VPOS="6088" HEIGHT="88" WIDTH="100" STYLEREFS="Style_7" WC="1" CC="00"/>
						<SP ID="SP_1.1.30.6" HPOS="1540" VPOS="6096" WIDTH="84"/>
						<String CONTENT="19&#189;&#x0368;&#x036B;" ID="St_1.1.30.7" HPOS="1696" VPOS="6060" HEIGHT="108" WIDTH="720" STYLEREFS="Style_7" WC="0.925555555555556" CC="44000"/>
						<String CONTENT="." ID="St_1.1.30.8" HPOS="2008" VPOS="6076" HEIGHT="76" WIDTH="36" STYLEREFS="Style_8" WC="0.888888888888889" CC="5"/>
					</TextLine>
					<TextLine ID="TL_1.1.31" HPOS="1024" VPOS="6168" HEIGHT="152" WIDTH="4756">
						<String CONTENT="&#169;" ID="St_1.1.31.1" HPOS="1024" VPOS="6168" HEIGHT="112" WIDTH="116" STYLEREFS="Style_8" WC="0.222222222222222" CC="7"/>
						<SP ID="SP_1.1.31.2" HPOS="1080" VPOS="6180" WIDTH="96"/>
						<String CONTENT="1c." ID="St_1.1.31.3" HPOS="1204" VPOS="6204" HEIGHT="92" WIDTH="164" STYLEREFS="Style_8" WC="0.666666666666667" CC="340"/>
						<SP ID="SP_1.1.31.4" HPOS="1356" VPOS="6232" WIDTH="44"/>
						<String CONTENT="Dec." ID="St_1.1.31.5" HPOS="1428" VPOS="6200" HEIGHT="96" WIDTH="268" STYLEREFS="Style_8" WC="0.833333333333333" CC="0000"/>
						<SP ID="SP_1.1.31.6" HPOS="1684" VPOS="6232" WIDTH="40"/>
						<String CONTENT="28," ID="St_1.1.31.7" HPOS="1752" VPOS="6200" HEIGHT="108" WIDTH="168" STYLEREFS="Style_8" WC="0.88" CC="000"/>
						<SP ID="SP_1.1.31.8" HPOS="1908" VPOS="6232" WIDTH="44"/>
						<String CONTENT="1925;" ID="St_1.1.31.9" HPOS="1980" VPOS="6200" HEIGHT="108" WIDTH="336" STYLEREFS="Style_8" WC="0.916666666666667" CC="00000"/>
						<SP ID="SP_1.1.31.10" HPOS="2304" VPOS="6208" WIDTH="44"/>
						<String CONTENT="A" ID="St_1.1.31.11" HPOS="2384" VPOS="6200" HEIGHT="88" WIDTH="96" STYLEREFS="Style_8" WC="0.923333333333333" CC="0"/>
						<SP ID="SP_1.1.31.12" HPOS="2428" VPOS="6196" WIDTH="84"/>
						<String CONTENT="ad" ID="St_1.1.31.13" HPOS="2540" VPOS="6200" HEIGHT="92" WIDTH="148" STYLEREFS="Style_8" WC="0.933333333333333" CC="00"/>
						<SP ID="SP_1.1.31.14" HPOS="2652" VPOS="6196" WIDTH="68"/>
						<String CONTENT="int." ID="St_1.1.31.15" HPOS="2752" VPOS="6196" HEIGHT="100" WIDTH="208" STYLEREFS="Style_8" WC="0.922222222222222" CC="3300"/>
						<SP ID="SP_1.1.31.16" HPOS="2948" VPOS="6228" WIDTH="44"/>
						<String CONTENT="7578;" ID="St_1.1.31.17" HPOS="3020" VPOS="6200" HEIGHT="100" WIDTH="336" STYLEREFS="Style_8" WC="0.934444444444444" CC="00000"/>
						<SP ID="SP_1.1.31.18" HPOS="3344" VPOS="6208" WIDTH="48"/>
						<String CONTENT="p" ID="St_1.1.31.19" HPOS="3428" VPOS="6224" HEIGHT="88" WIDTH="72" STYLEREFS="Style_9" WC="0.937777777777778" CC="0"/>
						<String CONTENT="u" ID="St_1.1.31.20" HPOS="3508" VPOS="6224" HEIGHT="64" WIDTH="68" STYLEREFS="Style_9" WC="0.927777777777778" CC="4"/>
						<String CONTENT="b" ID="St_1.1.31.21" HPOS="3584" VPOS="6200" HEIGHT="84" WIDTH="68" STYLEREFS="Style_9" WC="0.93" CC="0"/>
						<String CONTENT="d." ID="St_1.1.31.22" HPOS="3664" VPOS="6200" HEIGHT="96" WIDTH="104" STYLEREFS="Style_9" WC="0.933333333333333" CC="00"/>
						<SP ID="SP_1.1.31.23" HPOS="3756" VPOS="6240" WIDTH="44"/>
						<String CONTENT="Oct." ID="St_1.1.31.24" HPOS="3832" VPOS="6200" HEIGHT="96" WIDTH="244" STYLEREFS="Style_9" WC="0.94" CC="0000"/>
						<SP ID="SP_1.1.31.25" HPOS="4064" VPOS="6232" WIDTH="44"/>
						<String CONTENT="30;" ID="St_1.1.31.26" HPOS="4140" VPOS="6204" HEIGHT="108" WIDTH="196" STYLEREFS="Style_9" WC="0.944444444444444" CC="000"/>
						<SP ID="SP_1.1.31.27" HPOS="4324" VPOS="6208" WIDTH="48"/>
						<String CONTENT="Helen" ID="St_1.1.31.28" HPOS="4408" VPOS="6204" HEIGHT="96" WIDTH="372" STYLEREFS="Style_9" WC="0.951111111111111" CC="00000"/>
						<SP ID="SP_1.1.31.29" HPOS="4740" VPOS="6208" WIDTH="72"/>
						<String CONTENT="Marion" ID="St_1.1.31.30" HPOS="4844" VPOS="6200" HEIGHT="100" WIDTH="456" STYLEREFS="Style_9" WC="0.955555555555556" CC="000000"/>
						<SP ID="SP_1.1.31.31" HPOS="5260" VPOS="6208" WIDTH="68"/>
						<String CONTENT="Edgin-" ID="St_1.1.31.32" HPOS="5364" VPOS="6204" HEIGHT="116" WIDTH="416" STYLEREFS="Style_9" WC="0.96" CC="000000"/>
					</TextLine>
					<TextLine ID="TL_1.1.32" HPOS="1184" VPOS="6332" HEIGHT="116" WIDTH="4128">
						<String CONTENT="ton" ID="St_1.1.32.1" HPOS="1184" VPOS="6344" HEIGHT="88" WIDTH="200" STYLEREFS="Style_9" WC="1" CC="000"/>
						<SP ID="SP_1.1.32.2" HPOS="1344" VPOS="6344" WIDTH="72"/>
						<String CONTENT="B" ID="St_1.1.32.3" HPOS="1452" VPOS="6336" HEIGHT="92" WIDTH="96" STYLEREFS="Style_9" WC="0.911111111111111" CC="4"/>
						<String CONTENT="a" ID="St_1.1.32.4" HPOS="1560" VPOS="6360" HEIGHT="72" WIDTH="64" STYLEREFS="Style_9" WC="0.906666666666667" CC="1"/>
						<String CONTENT="ily." ID="St_1.1.32.5" HPOS="1636" VPOS="6336" HEIGHT="108" WIDTH="188" STYLEREFS="Style_9" WC="0.833333333333333" CC="4114"/>
						<SP ID="SP_1.1.32.6" HPOS="1820" VPOS="6368" WIDTH="52"/>
						<String CONTENT="i." ID="St_1.1.32.7" HPOS="1912" VPOS="6336" HEIGHT="96" WIDTH="60" STYLEREFS="Style_10" WC="0.871111111111111" CC="00"/>
						<SP ID="SP_1.1.32.8" HPOS="1964" VPOS="6368" WIDTH="48"/>
						<String CONTENT="e." ID="St_1.1.32.9" HPOS="2048" VPOS="6360" HEIGHT="68" WIDTH="88" STYLEREFS="Style_10" WC="0.895555555555556" CC="00"/>
						<SP ID="SP_1.1.32.10" HPOS="2124" VPOS="6368" WIDTH="48"/>
						<String CONTENT="Mrs." ID="St_1.1.32.11" HPOS="2212" VPOS="6336" HEIGHT="92" WIDTH="276" STYLEREFS="Style_10" WC="0.92" CC="0000"/>
						<SP ID="SP_1.1.32.12" HPOS="2476" VPOS="6368" WIDTH="48"/>
						<String CONTENT="Frank" ID="St_1.1.32.13" HPOS="2560" VPOS="6336" HEIGHT="92" WIDTH="396" STYLEREFS="Style_10" WC="0.937777777777778" CC="00000"/>
						<SP ID="SP_1.1.32.14" HPOS="2920" VPOS="6332" WIDTH="68"/>
						<String CONTENT="E." ID="St_1.1.32.15" HPOS="3024" VPOS="6336" HEIGHT="96" WIDTH="128" STYLEREFS="Style_10" WC="0.944444444444444" CC="00"/>
						<SP ID="SP_1.1.32.16" HPOS="3140" VPOS="6368" WIDTH="48"/>
						<String CONTENT="B" ID="St_1.1.32.17" HPOS="3228" VPOS="6336" HEIGHT="92" WIDTH="92" STYLEREFS="Style_10" WC="0.936666666666667" CC="3"/>
						<String CONTENT="a" ID="St_1.1.32.18" HPOS="3332" VPOS="6360" HEIGHT="68" WIDTH="60" STYLEREFS="Style_10" WC="0.935555555555556" CC="1"/>
						<String CONTENT="ily" ID="St_1.1.32.19" HPOS="3408" VPOS="6332" HEIGHT="116" WIDTH="164" STYLEREFS="Style_10" WC="0.931111111111111" CC="300"/>
						<SP ID="SP_1.1.32.20" HPOS="3532" VPOS="6344" WIDTH="88"/>
						<String CONTENT="(May" ID="St_1.1.32.21" HPOS="3668" VPOS="6336" HEIGHT="112" WIDTH="328" STYLEREFS="Style_10" WC="0.94" CC="0000"/>
						<SP ID="SP_1.1.32.22" HPOS="3960" VPOS="6344" WIDTH="72"/>
						<String CONTENT="Edginton)" ID="St_1.1.32.23" HPOS="4072" VPOS="6332" HEIGHT="116" WIDTH="640" STYLEREFS="Style_10" WC="0.938888888888889" CC="000330000"/>
						<SP ID="SP_1.1.32.24" HPOS="4696" VPOS="6332" WIDTH="64"/>
						<String CONTENT="London." ID="St_1.1.32.25" HPOS="4808" VPOS="6340" HEIGHT="96" WIDTH="504" STYLEREFS="Style_10" WC="0.946666666666667" CC="0000000"/>
					</TextLine>
					<TextLine ID="TL_1.1.33" HPOS="1208" VPOS="6464" HEIGHT="120" WIDTH="4372">
						<String CONTENT="(27-13767)" ID="St_1.1.33.1" HPOS="1208" VPOS="6468" HEIGHT="116" WIDTH="668" STYLEREFS="Style_10" WC="0.955555555555556" CC="0000040000"/>
						<SP ID="SP_1.1.33.2" HPOS="1860" VPOS="6464" WIDTH="3436"/>
						<String CONTENT="5620" ID="St_1.1.33.3" HPOS="5296" VPOS="6472" HEIGHT="104" WIDTH="284" STYLEREFS="Style_10" WC="0.662222222222222" CC="0000"/>
					</TextLine>
					<TextLine ID="TL_1.1.34" HPOS="1020" VPOS="6692" HEIGHT="152" WIDTH="1332">
						<String CONTENT="Garwood," ID="St_1.1.34.1" HPOS="1020" VPOS="6692" HEIGHT="152" WIDTH="724" STYLEREFS="Style_10" WC="1" CC="00000000"/>
						<SP ID="SP_1.1.34.2" HPOS="1728" VPOS="6744" WIDTH="56"/>
						<String CONTENT="Irving." ID="St_1.1.34.3" HPOS="1824" VPOS="6696" HEIGHT="148" WIDTH="528" STYLEREFS="Style_10" WC="1" CC="0000000"/>
					</TextLine>
					<TextLine ID="TL_1.1.35" HPOS="1188" VPOS="6876" HEIGHT="176" WIDTH="4596">
						<String CONTENT="Questions" ID="St_1.1.35.1" HPOS="1188" VPOS="6880" HEIGHT="152" WIDTH="732" STYLEREFS="Style_10" WC="1" CC="000000000"/>
						<SP ID="SP_1.1.35.2" HPOS="1892" VPOS="6900" WIDTH="68"/>
						<String CONTENT="and" ID="St_1.1.35.3" HPOS="1996" VPOS="6880" HEIGHT="128" WIDTH="268" STYLEREFS="Style_10" WC="1" CC="000"/>
						<SP ID="SP_1.1.35.4" HPOS="2216" VPOS="6876" WIDTH="84"/>
						<String CONTENT="problems" ID="St_1.1.35.5" HPOS="2336" VPOS="6880" HEIGHT="164" WIDTH="680" STYLEREFS="Style_10" WC="1" CC="00000000"/>
						<SP ID="SP_1.1.35.6" HPOS="2988" VPOS="6900" WIDTH="64"/>
						<String CONTENT="in" ID="St_1.1.35.7" HPOS="3088" VPOS="6880" HEIGHT="128" WIDTH="144" STYLEREFS="Style_10" WC="1" CC="00"/>
						<SP ID="SP_1.1.35.8" HPOS="3184" VPOS="6900" WIDTH="84"/>
						<String CONTENT="American" ID="St_1.1.35.9" HPOS="3304" VPOS="6880" HEIGHT="128" WIDTH="732" STYLEREFS="Style_10" WC="1" CC="00000000"/>
						<SP ID="SP_1.1.35.10" HPOS="3988" VPOS="6900" WIDTH="84"/>
						<String CONTENT="literature," ID="St_1.1.35.11" HPOS="4108" VPOS="6884" HEIGHT="164" WIDTH="752" STYLEREFS="Style_10" WC="1" CC="00000000000"/>
						<SP ID="SP_1.1.35.12" HPOS="4844" VPOS="6928" WIDTH="48"/>
						<String CONTENT="based" ID="St_1.1.35.13" HPOS="4928" VPOS="6888" HEIGHT="124" WIDTH="412" STYLEREFS="Style_10" WC="1" CC="00000"/>
						<SP ID="SP_1.1.35.14" HPOS="5292" VPOS="6880" WIDTH="84"/>
						<String CONTENT="upon" ID="St_1.1.35.15" HPOS="5416" VPOS="6932" HEIGHT="120" WIDTH="368" STYLEREFS="Style_10" WC="1" CC="0000"/>
					</TextLine>
					<TextLine ID="TL_1.1.36" HPOS="1028" VPOS="7064" HEIGHT="172" WIDTH="4756">
						<String CONTENT="the" ID="St_1.1.36.1" HPOS="1028" VPOS="7068" HEIGHT="124" WIDTH="220" STYLEREFS="Style_10" WC="1" CC="000"/>
						<SP ID="SP_1.1.36.2" HPOS="1216" VPOS="7088" WIDTH="72"/>
						<String CONTENT="text" ID="St_1.1.36.3" HPOS="1324" VPOS="7080" HEIGHT="112" WIDTH="292" STYLEREFS="Style_10" WC="1" CC="0000"/>
						<SP ID="SP_1.1.36.4" HPOS="1584" VPOS="7072" WIDTH="72"/>
						<String CONTENT="of" ID="St_1.1.36.5" HPOS="1692" VPOS="7064" HEIGHT="128" WIDTH="152" STYLEREFS="Style_10" WC="1" CC="00"/>
						<SP ID="SP_1.1.36.6" HPOS="1808" VPOS="7064" WIDTH="72"/>
						<String CONTENT="Pattee&apos;s" ID="St_1.1.36.7" HPOS="1920" VPOS="7068" HEIGHT="124" WIDTH="592" STYLEREFS="Style_10" WC="1" CC="00000000"/>
						<SP ID="SP_1.1.36.8" HPOS="2480" VPOS="7088" WIDTH="76"/>
						<String CONTENT="Century" ID="St_1.1.36.9" HPOS="2596" VPOS="7064" HEIGHT="164" WIDTH="608" STYLEREFS="Style_10" WC="1" CC="0000000"/>
						<SP ID="SP_1.1.36.10" HPOS="3156" VPOS="7088" WIDTH="88"/>
						<String CONTENT="readings" ID="St_1.1.36.11" HPOS="3284" VPOS="7068" HEIGHT="164" WIDTH="636" STYLEREFS="Style_10" WC="0.987777777777778" CC="00040000"/>
						<SP ID="SP_1.1.36.12" HPOS="3888" VPOS="7088" WIDTH="72"/>
						<String CONTENT="in" ID="St_1.1.36.13" HPOS="4000" VPOS="7068" HEIGHT="124" WIDTH="140" STYLEREFS="Style_10" WC="0.988888888888889" CC="00"/>
						<SP ID="SP_1.1.36.14" HPOS="4092" VPOS="7088" WIDTH="88"/>
						<String CONTENT="American" ID="St_1.1.36.15" HPOS="4224" VPOS="7068" HEIGHT="132" WIDTH="732" STYLEREFS="Style_10" WC="0.99" CC="00000000"/>
						<SP ID="SP_1.1.36.16" HPOS="4908" VPOS="7088" WIDTH="88"/>
						<String CONTENT="literature," ID="St_1.1.36.17" HPOS="5040" VPOS="7072" HEIGHT="164" WIDTH="744" STYLEREFS="Style_10" WC="0.992222222222222" CC="00000000000"/>
					</TextLine>
					<TextLine ID="TL_1.1.37" HPOS="1024" VPOS="7248" HEIGHT="176" WIDTH="4760">
						<String CONTENT="by" ID="St_1.1.37.1" HPOS="1024" VPOS="7252" HEIGHT="160" WIDTH="180" STYLEREFS="Style_10" WC="1" CC="00"/>
						<SP ID="SP_1.1.37.2" HPOS="1160" VPOS="7272" WIDTH="80"/>
						<String CONTENT="Irving" ID="St_1.1.37.3" HPOS="1272" VPOS="7252" HEIGHT="160" WIDTH="492" STYLEREFS="Style_10" WC="1" CC="000000"/>
						<SP ID="SP_1.1.37.4" HPOS="1720" VPOS="7272" WIDTH="80"/>
						<String CONTENT="Garwood," ID="St_1.1.37.5" HPOS="1836" VPOS="7248" HEIGHT="160" WIDTH="724" STYLEREFS="Style_10" WC="1" CC="00000000"/>
						<SP ID="SP_1.1.37.6" HPOS="2548" VPOS="7300" WIDTH="44"/>
						<String CONTENT="PH" ID="St_1.1.37.7" HPOS="2632" VPOS="7256" HEIGHT="136" WIDTH="160" STYLEREFS="Style_10" WC="1" CC="00"/>
						<String CONTENT="." ID="St_1.1.37.8" HPOS="2840" VPOS="7352" HEIGHT="24" WIDTH="24" STYLEREFS="Style_10" WC="0.994444444444444" CC="1"/>
						<SP ID="SP_1.1.37.9" HPOS="2848" VPOS="7304" WIDTH="52"/>
						<String CONTENT="D." ID="St_1.1.37.10" HPOS="2936" VPOS="7272" HEIGHT="104" WIDTH="108" STYLEREFS="Style_10" WC="0.991111111111111" CC="00"/>
						<SP ID="SP_1.1.37.11" HPOS="3032" VPOS="7300" WIDTH="104"/>
						<String CONTENT="New" ID="St_1.1.37.12" HPOS="3228" VPOS="7252" HEIGHT="124" WIDTH="332" STYLEREFS="Style_10" WC="0.992222222222222" CC="000"/>
						<SP ID="SP_1.1.37.13" HPOS="3504" VPOS="7272" WIDTH="96"/>
						<String CONTENT="York," ID="St_1.1.37.14" HPOS="3636" VPOS="7252" HEIGHT="160" WIDTH="424" STYLEREFS="Style_10" WC="0.993333333333333" CC="00000"/>
						<SP ID="SP_1.1.37.15" HPOS="4048" VPOS="7300" WIDTH="48"/>
						<String CONTENT="London," ID="St_1.1.37.16" HPOS="4128" VPOS="7256" HEIGHT="160" WIDTH="620" STYLEREFS="Style_10" WC="0.994444444444444" CC="0000000"/>
						<SP ID="SP_1.1.37.17" HPOS="4732" VPOS="7300" WIDTH="48"/>
						<String CONTENT="The" ID="St_1.1.37.18" HPOS="4816" VPOS="7260" HEIGHT="124" WIDTH="292" STYLEREFS="Style_10" WC="0.994444444444444" CC="000"/>
						<SP ID="SP_1.1.37.19" HPOS="5072" VPOS="7276" WIDTH="72"/>
						<String CONTENT="Century" ID="St_1.1.37.20" HPOS="5180" VPOS="7260" HEIGHT="164" WIDTH="604" STYLEREFS="Style_10" WC="0.995555555555556" CC="0000000"/>
					</TextLine>
					<TextLine ID="TL_1.1.38" HPOS="1024" VPOS="7436" HEIGHT="144" WIDTH="728">
						<String CONTENT="co." ID="St_1.1.38.1" HPOS="1024" VPOS="7480" HEIGHT="84" WIDTH="188" STYLEREFS="Style_10" WC="1" CC="000"/>
						<SP ID="SP_1.1.38.2" HPOS="1200" VPOS="7488" WIDTH="56"/>
						<String CONTENT="[&#x0368;1927]" ID="St_1.1.38.3" HPOS="1308" VPOS="7436" HEIGHT="144" WIDTH="444" STYLEREFS="Style_10" WC="0.847777777777778" CC="7000008"/>
					</TextLine>
					<TextLine ID="TL_1.1.39" HPOS="1196" VPOS="7628" HEIGHT="120" WIDTH="1696">
						<String CONTENT="xiii," ID="St_1.1.39.1" HPOS="1196" VPOS="7632" HEIGHT="112" WIDTH="248" STYLEREFS="Style_11" WC="1" CC="00000"/>
						<SP ID="SP_1.1.39.2" HPOS="1432" VPOS="7668" WIDTH="48"/>
						<String CONTENT="205" ID="St_1.1.39.3" HPOS="1512" VPOS="7632" HEIGHT="92" WIDTH="204" STYLEREFS="Style_11" WC="1" CC="000"/>
						<SP ID="SP_1.1.39.4" HPOS="1684" VPOS="7632" WIDTH="64"/>
						<String CONTENT="p." ID="St_1.1.39.5" HPOS="1780" VPOS="7660" HEIGHT="88" WIDTH="104" STYLEREFS="Style_11" WC="1" CC="00"/>
						<SP ID="SP_1.1.39.6" HPOS="1872" VPOS="7668" WIDTH="84"/>
						<String CONTENT="23&#x0368;&#x036B;." ID="St_1.1.39.7" HPOS="2028" VPOS="7636" HEIGHT="108" WIDTH="612" STYLEREFS="Style_11" WC="1" CC="00000"/>
						<SP ID="SP_1.1.39.8" HPOS="2292" VPOS="7636" WIDTH="220"/>
						<String CONTENT="$1.50" ID="St_1.1.39.9" HPOS="2580" VPOS="7628" HEIGHT="120" WIDTH="312" STYLEREFS="Style_11" WC="0.982222222222222" CC="00000"/>
					</TextLine>
					<TextLine ID="TL_1.1.40" HPOS="1032" VPOS="7748" HEIGHT="140" WIDTH="3856">
						<String CONTENT="&#169;" ID="St_1.1.40.1" HPOS="1032" VPOS="7760" HEIGHT="120" WIDTH="128" STYLEREFS="Style_11" WC="1" CC="0"/>
						<SP ID="SP_1.1.40.2" HPOS="1096" VPOS="7748" WIDTH="96"/>
						<String CONTENT="July" ID="St_1.1.40.3" HPOS="1224" VPOS="7772" HEIGHT="108" WIDTH="276" STYLEREFS="Style_11" WC="0.981111111111111" CC="0000"/>
						<SP ID="SP_1.1.40.4" HPOS="1468" VPOS="7776" WIDTH="64"/>
						<String CONTENT="5," ID="St_1.1.40.5" HPOS="1560" VPOS="7768" HEIGHT="112" WIDTH="96" STYLEREFS="Style_11" WC="0.986666666666667" CC="00"/>
						<SP ID="SP_1.1.40.6" HPOS="1648" VPOS="7800" WIDTH="40"/>
						<String CONTENT="1927;" ID="St_1.1.40.7" HPOS="1728" VPOS="7768" HEIGHT="112" WIDTH="328" STYLEREFS="Style_11" WC="0.992222222222222" CC="00000"/>
						<SP ID="SP_1.1.40.8" HPOS="2044" VPOS="7776" WIDTH="44"/>
						<String CONTENT="2c." ID="St_1.1.40.9" HPOS="2124" VPOS="7768" HEIGHT="96" WIDTH="160" STYLEREFS="Style_11" WC="0.993333333333333" CC="000"/>
						<SP ID="SP_1.1.40.10" HPOS="2272" VPOS="7800" WIDTH="44"/>
						<String CONTENT="and" ID="St_1.1.40.11" HPOS="2348" VPOS="7772" HEIGHT="92" WIDTH="228" STYLEREFS="Style_11" WC="0.994444444444444" CC="000"/>
						<SP ID="SP_1.1.40.12" HPOS="2540" VPOS="7764" WIDTH="68"/>
						<String CONTENT="aff." ID="St_1.1.40.13" HPOS="2640" VPOS="7768" HEIGHT="100" WIDTH="200" STYLEREFS="Style_11" WC="0.995555555555556" CC="0000"/>
						<SP ID="SP_1.1.40.14" HPOS="2828" VPOS="7800" WIDTH="44"/>
						<String CONTENT="July" ID="St_1.1.40.15" HPOS="2908" VPOS="7768" HEIGHT="116" WIDTH="272" STYLEREFS="Style_11" WC="0.995555555555556" CC="0000"/>
						<SP ID="SP_1.1.40.16" HPOS="3144" VPOS="7776" WIDTH="68"/>
						<String CONTENT="7;" ID="St_1.1.40.17" HPOS="3244" VPOS="7772" HEIGHT="108" WIDTH="124" STYLEREFS="Style_11" WC="0.984444444444444" CC="04"/>
						<SP ID="SP_1.1.40.18" HPOS="3356" VPOS="7776" WIDTH="44"/>
						<String CONTENT="A" ID="St_1.1.40.19" HPOS="3436" VPOS="7768" HEIGHT="96" WIDTH="100" STYLEREFS="Style_11" WC="0.984444444444444" CC="0"/>
						<SP ID="SP_1.1.40.20" HPOS="3484" VPOS="7764" WIDTH="84"/>
						<String CONTENT="996329;" ID="St_1.1.40.21" HPOS="3596" VPOS="7768" HEIGHT="116" WIDTH="480" STYLEREFS="Style_11" WC="0.977777777777778" CC="0004000"/>
						<SP ID="SP_1.1.40.22" HPOS="4064" VPOS="7776" WIDTH="52"/>
						<String CONTENT="Century" ID="St_1.1.40.23" HPOS="4152" VPOS="7772" HEIGHT="116" WIDTH="508" STYLEREFS="Style_11" WC="0.981111111111111" CC="0000000"/>
						<SP ID="SP_1.1.40.24" HPOS="4624" VPOS="7776" WIDTH="68"/>
						<String CONTENT="co." ID="St_1.1.40.25" HPOS="4724" VPOS="7796" HEIGHT="76" WIDTH="164" STYLEREFS="Style_11" WC="0.982222222222222" CC="000"/>
					</TextLine>
					<TextLine ID="TL_1.1.41" HPOS="1220" VPOS="7896" HEIGHT="124" WIDTH="4364">
						<String CONTENT="(27-14893)" ID="St_1.1.41.1" HPOS="1220" VPOS="7904" HEIGHT="116" WIDTH="668" STYLEREFS="Style_11" WC="1" CC="0000000000"/>
						<SP ID="SP_1.1.41.2" HPOS="1868" VPOS="7896" WIDTH="3436"/>
						<String CONTENT="5621" ID="St_1.1.41.3" HPOS="5304" VPOS="7904" HEIGHT="104" WIDTH="280" STYLEREFS="Style_11" WC="0.67" CC="0000"/>
					</TextLine>
					<TextLine ID="TL_1.1.42" HPOS="1036" VPOS="8124" HEIGHT="152" WIDTH="2252">
						<String CONTENT="Griswold," ID="St_1.1.42.1" HPOS="1036" VPOS="8124" HEIGHT="148" WIDTH="732" STYLEREFS="Style_11" WC="1" CC="000000000"/>
						<SP ID="SP_1.1.42.2" HPOS="1748" VPOS="8172" WIDTH="52"/>
						<String CONTENT="Frank" ID="St_1.1.42.3" HPOS="1836" VPOS="8124" HEIGHT="124" WIDTH="472" STYLEREFS="Style_11" WC="1" CC="00000"/>
						<SP ID="SP_1.1.42.4" HPOS="2260" VPOS="8124" WIDTH="84"/>
						<String CONTENT="Gray," ID="St_1.1.42.5" HPOS="2384" VPOS="8128" HEIGHT="148" WIDTH="428" STYLEREFS="Style_11" WC="1" CC="00000"/>
						<SP ID="SP_1.1.42.6" HPOS="2788" VPOS="8172" WIDTH="60"/>
						<String CONTENT="1854" ID="St_1.1.42.7" HPOS="2888" VPOS="8136" HEIGHT="116" WIDTH="324" STYLEREFS="Style_11" WC="1" CC="0000"/>
						<String CONTENT="&#150;" ID="St_1.1.42.8" HPOS="3216" VPOS="8204" HEIGHT="16" WIDTH="72" STYLEREFS="Style_11" WC="1" CC="0"/>
					</TextLine>
					<TextLine ID="TL_1.1.43" HPOS="1204" VPOS="8312" HEIGHT="172" WIDTH="4584">
						<String CONTENT="Clipper" ID="St_1.1.43.1" HPOS="1204" VPOS="8312" HEIGHT="160" WIDTH="572" STYLEREFS="Style_11" WC="1" CC="0000000"/>
						<SP ID="SP_1.1.43.2" HPOS="1740" VPOS="8336" WIDTH="68"/>
						<String CONTENT="ships" ID="St_1.1.43.3" HPOS="1844" VPOS="8312" HEIGHT="160" WIDTH="380" STYLEREFS="Style_11" WC="1" CC="00000"/>
						<SP ID="SP_1.1.43.4" HPOS="2192" VPOS="8336" WIDTH="68"/>
						<String CONTENT="and" ID="St_1.1.43.5" HPOS="2300" VPOS="8312" HEIGHT="124" WIDTH="272" STYLEREFS="Style_11" WC="1" CC="000"/>
						<SP ID="SP_1.1.43.6" HPOS="2524" VPOS="8312" WIDTH="84"/>
						<String CONTENT="yachts" ID="St_1.1.43.7" HPOS="2648" VPOS="8312" HEIGHT="160" WIDTH="472" STYLEREFS="Style_11" WC="1" CC="000000"/>
						<SP ID="SP_1.1.43.8" HPOS="3088" VPOS="8336" WIDTH="76"/>
						<String CONTENT="[by]" ID="St_1.1.43.9" HPOS="3216" VPOS="8312" HEIGHT="164" WIDTH="240" STYLEREFS="Style_11" WC="0.937777777777778" CC="7117"/>
						<SP ID="SP_1.1.43.10" HPOS="3448" VPOS="8352" WIDTH="64"/>
						<String CONTENT="Frank" ID="St_1.1.43.11" HPOS="3560" VPOS="8312" HEIGHT="128" WIDTH="476" STYLEREFS="Style_11" WC="0.948888888888889" CC="00000"/>
						<SP ID="SP_1.1.43.12" HPOS="3984" VPOS="8316" WIDTH="84"/>
						<String CONTENT="Gray" ID="St_1.1.43.13" HPOS="4108" VPOS="8316" HEIGHT="168" WIDTH="384" STYLEREFS="Style_11" WC="0.955555555555556" CC="0000"/>
						<SP ID="SP_1.1.43.14" HPOS="4444" VPOS="8336" WIDTH="84"/>
						<String CONTENT="Griswold." ID="St_1.1.43.15" HPOS="4572" VPOS="8316" HEIGHT="132" WIDTH="724" STYLEREFS="Style_11" WC="0.964444444444444" CC="000000000"/>
						<SP ID="SP_1.1.43.16" HPOS="5280" VPOS="8368" WIDTH="96"/>
						<String CONTENT="New" ID="St_1.1.43.17" HPOS="5460" VPOS="8324" HEIGHT="128" WIDTH="328" STYLEREFS="Style_11" WC="0.966666666666667" CC="000"/>
					</TextLine>
					<TextLine ID="TL_1.1.44" HPOS="1044" VPOS="8496" HEIGHT="160" WIDTH="1616">
						<String CONTENT="York," ID="St_1.1.44.1" HPOS="1044" VPOS="8496" HEIGHT="160" WIDTH="420" STYLEREFS="Style_11" WC="1" CC="00000"/>
						<SP ID="SP_1.1.44.2" HPOS="1448" VPOS="8548" WIDTH="52"/>
						<String CONTENT="Dutton&apos;s," ID="St_1.1.44.3" HPOS="1536" VPOS="8496" HEIGHT="160" WIDTH="684" STYLEREFS="Style_11" WC="1" CC="000000000"/>
						<SP ID="SP_1.1.44.4" HPOS="2204" VPOS="8548" WIDTH="56"/>
						<String CONTENT="1927." ID="St_1.1.44.5" HPOS="2300" VPOS="8496" HEIGHT="128" WIDTH="360" STYLEREFS="Style_11" WC="1" CC="00000"/>
					</TextLine>
					<TextLine ID="TL_1.1.45" HPOS="1200" VPOS="8680" HEIGHT="136" WIDTH="4136">
						<String CONTENT="11" ID="St_1.1.45.1" HPOS="1200" VPOS="8696" HEIGHT="88" WIDTH="132" STYLEREFS="Style_11" WC="1" CC="00"/>
						<SP ID="SP_1.1.45.2" HPOS="1300" VPOS="8680" WIDTH="64"/>
						<String CONTENT="p." ID="St_1.1.45.3" HPOS="1396" VPOS="8716" HEIGHT="88" WIDTH="104" STYLEREFS="Style_11" WC="1" CC="00"/>
						<SP ID="SP_1.1.45.4" HPOS="1488" VPOS="8724" WIDTH="44"/>
						<String CONTENT="l" ID="St_1.1.45.5" HPOS="1564" VPOS="8692" HEIGHT="92" WIDTH="36" STYLEREFS="Style_11" WC="1" CC="0"/>
						<String CONTENT=".," ID="St_1.1.45.6" HPOS="1620" VPOS="8764" HEIGHT="40" WIDTH="52" STYLEREFS="Style_11" WC="1" CC="00"/>
						<SP ID="SP_1.1.45.7" HPOS="1656" VPOS="8720" WIDTH="48"/>
						<String CONTENT="25" ID="St_1.1.45.8" HPOS="1736" VPOS="8692" HEIGHT="92" WIDTH="136" STYLEREFS="Style_11" WC="1" CC="00"/>
						<String CONTENT="&#150;" ID="St_1.1.45.9" HPOS="1876" VPOS="8744" HEIGHT="12" WIDTH="68" STYLEREFS="Style_11" WC="1" CC="0"/>
						<String CONTENT="225" ID="St_1.1.45.10" HPOS="1944" VPOS="8692" HEIGHT="92" WIDTH="208" STYLEREFS="Style_11" WC="1" CC="000"/>
						<SP ID="SP_1.1.45.11" HPOS="2116" VPOS="8684" WIDTH="68"/>
						<String CONTENT="p." ID="St_1.1.45.12" HPOS="2212" VPOS="8716" HEIGHT="88" WIDTH="108" STYLEREFS="Style_11" WC="1" CC="00"/>
						<SP ID="SP_1.1.45.13" HPOS="2304" VPOS="8724" WIDTH="44"/>
						<String CONTENT="i" ID="St_1.1.45.14" HPOS="2384" VPOS="8688" HEIGHT="96" WIDTH="36" STYLEREFS="Style_11" WC="0.983333333333333" CC="3"/>
						<String CONTENT="nc" ID="St_1.1.45.15" HPOS="2432" VPOS="8716" HEIGHT="72" WIDTH="136" STYLEREFS="Style_11" WC="0.965555555555556" CC="31"/>
						<String CONTENT="l" ID="St_1.1.45.16" HPOS="2576" VPOS="8696" HEIGHT="88" WIDTH="32" STYLEREFS="Style_11" WC="0.953333333333333" CC="3"/>
						<String CONTENT="." ID="St_1.1.45.17" HPOS="2624" VPOS="8768" HEIGHT="24" WIDTH="20" STYLEREFS="Style_11" WC="0.955555555555556" CC="0"/>
						<SP ID="SP_1.1.45.18" HPOS="2632" VPOS="8724" WIDTH="48"/>
						<String CONTENT="col." ID="St_1.1.45.19" HPOS="2716" VPOS="8696" HEIGHT="92" WIDTH="200" STYLEREFS="Style_11" WC="0.947777777777778" CC="0004"/>
						<SP ID="SP_1.1.45.20" HPOS="2908" VPOS="8724" WIDTH="44"/>
						<String CONTENT="plates." ID="St_1.1.45.21" HPOS="2988" VPOS="8696" HEIGHT="112" WIDTH="408" STYLEREFS="Style_11" WC="0.958888888888889" CC="0000000"/>
						<SP ID="SP_1.1.45.22" HPOS="3384" VPOS="8724" WIDTH="76"/>
						<String CONTENT="front.," ID="St_1.1.45.23" HPOS="3528" VPOS="8692" HEIGHT="116" WIDTH="392" STYLEREFS="Style_11" WC="0.965555555555556" CC="0000000"/>
						<SP ID="SP_1.1.45.24" HPOS="3908" VPOS="8724" WIDTH="48"/>
						<String CONTENT="plates." ID="St_1.1.45.25" HPOS="3992" VPOS="8700" HEIGHT="116" WIDTH="412" STYLEREFS="Style_11" WC="0.971111111111111" CC="0000000"/>
						<SP ID="SP_1.1.45.26" HPOS="4388" VPOS="8724" WIDTH="80"/>
						<String CONTENT="2" ID="St_1.1.45.27" HPOS="4540" VPOS="8700" HEIGHT="92" WIDTH="68" STYLEREFS="Style_11" WC="0.972222222222222" CC="0"/>
						<String CONTENT="0&#189;&#x0368;&#x036B;" ID="St_1.1.45.28" HPOS="4616" VPOS="8692" HEIGHT="108" WIDTH="720" STYLEREFS="Style_11" WC="0.973333333333333" CC="0000"/>
						<String CONTENT="." ID="St_1.1.45.29" HPOS="4872" VPOS="8772" HEIGHT="24" WIDTH="24" STYLEREFS="Style_11" WC="0.97" CC="2"/>
					</TextLine>
					<TextLine ID="TL_1.1.46" HPOS="1212" VPOS="8824" HEIGHT="128" WIDTH="4572">
						<String CONTENT="&quot;Of" ID="St_1.1.46.1" HPOS="1212" VPOS="8824" HEIGHT="100" WIDTH="220" STYLEREFS="Style_11" WC="1" CC="000"/>
						<SP ID="SP_1.1.46.2" HPOS="1404" VPOS="8824" WIDTH="60"/>
						<String CONTENT="this" ID="St_1.1.46.3" HPOS="1500" VPOS="8824" HEIGHT="96" WIDTH="232" STYLEREFS="Style_11" WC="1" CC="0000"/>
						<SP ID="SP_1.1.46.4" HPOS="1704" VPOS="8836" WIDTH="64"/>
						<String CONTENT="volume" ID="St_1.1.46.5" HPOS="1804" VPOS="8828" HEIGHT="92" WIDTH="448" STYLEREFS="Style_11" WC="1" CC="000000"/>
						<SP ID="SP_1.1.46.6" HPOS="2220" VPOS="8836" WIDTH="64"/>
						<String CONTENT="300" ID="St_1.1.46.7" HPOS="2320" VPOS="8828" HEIGHT="96" WIDTH="208" STYLEREFS="Style_11" WC="1" CC="000"/>
						<SP ID="SP_1.1.46.8" HPOS="2492" VPOS="8824" WIDTH="64"/>
						<String CONTENT="copies" ID="St_1.1.46.9" HPOS="2592" VPOS="8828" HEIGHT="112" WIDTH="380" STYLEREFS="Style_11" WC="1" CC="000000"/>
						<SP ID="SP_1.1.46.10" HPOS="2944" VPOS="8836" WIDTH="60"/>
						<String CONTENT="have" ID="St_1.1.46.11" HPOS="3044" VPOS="8828" HEIGHT="96" WIDTH="292" STYLEREFS="Style_11" WC="1" CC="0000"/>
						<SP ID="SP_1.1.46.12" HPOS="3300" VPOS="8836" WIDTH="68"/>
						<String CONTENT="been" ID="St_1.1.46.13" HPOS="3408" VPOS="8828" HEIGHT="96" WIDTH="284" STYLEREFS="Style_11" WC="1" CC="0000"/>
						<SP ID="SP_1.1.46.14" HPOS="3652" VPOS="8836" WIDTH="72"/>
						<String CONTENT="printed" ID="St_1.1.46.15" HPOS="3760" VPOS="8832" HEIGHT="116" WIDTH="460" STYLEREFS="Style_11" WC="1" CC="0000000"/>
						<SP ID="SP_1.1.46.16" HPOS="4180" VPOS="8828" WIDTH="72"/>
						<String CONTENT="by" ID="St_1.1.46.17" HPOS="4292" VPOS="8840" HEIGHT="108" WIDTH="148" STYLEREFS="Style_11" WC="1" CC="00"/>
						<SP ID="SP_1.1.46.18" HPOS="4400" VPOS="8840" WIDTH="72"/>
						<String CONTENT="the" ID="St_1.1.46.19" HPOS="4512" VPOS="8836" HEIGHT="96" WIDTH="192" STYLEREFS="Style_11" WC="1" CC="000"/>
						<SP ID="SP_1.1.46.20" HPOS="4672" VPOS="8840" WIDTH="64"/>
						<String CONTENT="Plimpton" ID="St_1.1.46.21" HPOS="4776" VPOS="8832" HEIGHT="120" WIDTH="584" STYLEREFS="Style_11" WC="1" CC="00000000"/>
						<SP ID="SP_1.1.46.22" HPOS="5320" VPOS="8840" WIDTH="72"/>
						<String CONTENT="press," ID="St_1.1.46.23" HPOS="5432" VPOS="8860" HEIGHT="92" WIDTH="352" STYLEREFS="Style_11" WC="1" CC="000000"/>
					</TextLine>
					<TextLine ID="TL_1.1.47" HPOS="1040" VPOS="8956" HEIGHT="116" WIDTH="2220">
						<String CONTENT="of" ID="St_1.1.47.1" HPOS="1040" VPOS="8960" HEIGHT="96" WIDTH="124" STYLEREFS="Style_11" WC="1" CC="00"/>
						<SP ID="SP_1.1.47.2" HPOS="1136" VPOS="8956" WIDTH="60"/>
						<String CONTENT="which" ID="St_1.1.47.3" HPOS="1232" VPOS="8960" HEIGHT="96" WIDTH="368" STYLEREFS="Style_11" WC="1" CC="00000"/>
						<SP ID="SP_1.1.47.4" HPOS="1564" VPOS="8956" WIDTH="72"/>
						<String CONTENT="250" ID="St_1.1.47.5" HPOS="1672" VPOS="8960" HEIGHT="92" WIDTH="208" STYLEREFS="Style_11" WC="1" CC="000"/>
						<SP ID="SP_1.1.47.6" HPOS="1844" VPOS="8956" WIDTH="68"/>
						<String CONTENT="copies" ID="St_1.1.47.7" HPOS="1944" VPOS="8960" HEIGHT="112" WIDTH="380" STYLEREFS="Style_11" WC="1" CC="000000"/>
						<SP ID="SP_1.1.47.8" HPOS="2296" VPOS="8968" WIDTH="64"/>
						<String CONTENT="are" ID="St_1.1.47.9" HPOS="2396" VPOS="8988" HEIGHT="68" WIDTH="196" STYLEREFS="Style_11" WC="1" CC="000"/>
						<SP ID="SP_1.1.47.10" HPOS="2560" VPOS="8968" WIDTH="64"/>
						<String CONTENT="for" ID="St_1.1.47.11" HPOS="2660" VPOS="8964" HEIGHT="96" WIDTH="188" STYLEREFS="Style_11" WC="1" CC="000"/>
						<SP ID="SP_1.1.47.12" HPOS="2816" VPOS="8968" WIDTH="68"/>
						<String CONTENT="sale.&quot;" ID="St_1.1.47.13" HPOS="2920" VPOS="8964" HEIGHT="96" WIDTH="340" STYLEREFS="Style_11" WC="1" CC="000000"/>
					</TextLine>
					<TextLine ID="TL_1.1.48" HPOS="1212" VPOS="9092" HEIGHT="120" WIDTH="4580">
						<String CONTENT="CONTE" ID="St_1.1.48.1" HPOS="1212" VPOS="9096" HEIGHT="96" WIDTH="388" STYLEREFS="Style_11" WC="0.755555555555556" CC="13133"/>
						<String CONTENT="NT" ID="St_1.1.48.2" HPOS="1612" VPOS="9120" HEIGHT="72" WIDTH="152" STYLEREFS="Style_11" WC="0.793333333333333" CC="11"/>
						<String CONTENT="S" ID="St_1.1.48.3" HPOS="1776" VPOS="9116" HEIGHT="72" WIDTH="56" STYLEREFS="Style_11" WC="0.777777777777778" CC="3"/>
						<String CONTENT="." ID="St_1.1.48.4" HPOS="1848" VPOS="9172" HEIGHT="16" WIDTH="16" STYLEREFS="Style_11" WC="0.764444444444444" CC="3"/>
						<String CONTENT="&#151;" ID="St_1.1.48.5" HPOS="1872" VPOS="9148" HEIGHT="12" WIDTH="144" STYLEREFS="Style_11" WC="0.788888888888889" CC="0"/>
						<String CONTENT="The" ID="St_1.1.48.6" HPOS="2016" VPOS="9096" HEIGHT="92" WIDTH="240" STYLEREFS="Style_11" WC="0.836666666666667" CC="000"/>
						<SP ID="SP_1.1.48.7" HPOS="2224" VPOS="9104" WIDTH="80"/>
						<String CONTENT="house" ID="St_1.1.48.8" HPOS="2352" VPOS="9096" HEIGHT="100" WIDTH="356" STYLEREFS="Style_11" WC="0.888888888888889" CC="00000"/>
						<SP ID="SP_1.1.48.9" HPOS="2676" VPOS="9104" WIDTH="80"/>
						<String CONTENT="fl" ID="St_1.1.48.10" HPOS="2808" VPOS="9096" HEIGHT="96" WIDTH="76" STYLEREFS="Style_11" WC="0.903333333333333" CC="00"/>
						<String CONTENT="ags" ID="St_1.1.48.11" HPOS="2892" VPOS="9120" HEIGHT="92" WIDTH="200" STYLEREFS="Style_11" WC="0.915555555555556" CC="000"/>
						<SP ID="SP_1.1.48.12" HPOS="3064" VPOS="9104" WIDTH="76"/>
						<String CONTENT="of" ID="St_1.1.48.13" HPOS="3192" VPOS="9096" HEIGHT="96" WIDTH="128" STYLEREFS="Style_11" WC="0.924444444444444" CC="00"/>
						<SP ID="SP_1.1.48.14" HPOS="3288" VPOS="9092" WIDTH="80"/>
						<String CONTENT="the" ID="St_1.1.48.15" HPOS="3416" VPOS="9100" HEIGHT="96" WIDTH="192" STYLEREFS="Style_11" WC="0.933333333333333" CC="000"/>
						<SP ID="SP_1.1.48.16" HPOS="3576" VPOS="9108" WIDTH="80"/>
						<String CONTENT="merchants" ID="St_1.1.48.17" HPOS="3708" VPOS="9104" HEIGHT="96" WIDTH="660" STYLEREFS="Style_11" WC="0.948888888888889" CC="000000000"/>
						<SP ID="SP_1.1.48.18" HPOS="4336" VPOS="9108" WIDTH="80"/>
						<String CONTENT="of" ID="St_1.1.48.19" HPOS="4464" VPOS="9104" HEIGHT="96" WIDTH="124" STYLEREFS="Style_11" WC="0.952222222222222" CC="00"/>
						<SP ID="SP_1.1.48.20" HPOS="4556" VPOS="9096" WIDTH="76"/>
						<String CONTENT="New" ID="St_1.1.48.21" HPOS="4684" VPOS="9104" HEIGHT="96" WIDTH="280" STYLEREFS="Style_11" WC="0.956666666666667" CC="000"/>
						<SP ID="SP_1.1.48.22" HPOS="4908" VPOS="9108" WIDTH="100"/>
						<String CONTENT="York." ID="St_1.1.48.23" HPOS="5060" VPOS="9104" HEIGHT="100" WIDTH="344" STYLEREFS="Style_11" WC="0.961111111111111" CC="00000"/>
						<String CONTENT="&#151;" ID="St_1.1.48.24" HPOS="5408" VPOS="9160" HEIGHT="12" WIDTH="144" STYLEREFS="Style_11" WC="0.962222222222222" CC="0"/>
						<String CONTENT="The" ID="St_1.1.48.25" HPOS="5552" VPOS="9104" HEIGHT="100" WIDTH="240" STYLEREFS="Style_11" WC="0.963333333333333" CC="000"/>
					</TextLine>
					<TextLine ID="TL_1.1.49" HPOS="1040" VPOS="9228" HEIGHT="124" WIDTH="4736">
						<String CONTENT="merchants" ID="St_1.1.49.1" HPOS="1040" VPOS="9228" HEIGHT="100" WIDTH="664" STYLEREFS="Style_11" WC="0.95" CC="400000000"/>
						<SP ID="SP_1.1.49.2" HPOS="1676" VPOS="9240" WIDTH="76"/>
						<String CONTENT="of" ID="St_1.1.49.3" HPOS="1804" VPOS="9228" HEIGHT="100" WIDTH="124" STYLEREFS="Style_11" WC="0.962222222222222" CC="00"/>
						<SP ID="SP_1.1.49.4" HPOS="1896" VPOS="9228" WIDTH="76"/>
						<String CONTENT="old" ID="St_1.1.49.5" HPOS="2020" VPOS="9232" HEIGHT="96" WIDTH="188" STYLEREFS="Style_11" WC="0.972222222222222" CC="000"/>
						<SP ID="SP_1.1.49.6" HPOS="2172" VPOS="9228" WIDTH="84"/>
						<String CONTENT="New" ID="St_1.1.49.7" HPOS="2308" VPOS="9232" HEIGHT="100" WIDTH="280" STYLEREFS="Style_11" WC="0.977777777777778" CC="000"/>
						<SP ID="SP_1.1.49.8" HPOS="2536" VPOS="9240" WIDTH="100"/>
						<String CONTENT="York.&#151;The" ID="St_1.1.49.9" HPOS="2684" VPOS="9232" HEIGHT="100" WIDTH="736" STYLEREFS="Style_11" WC="0.984444444444444" CC="000000000"/>
						<SP ID="SP_1.1.49.10" HPOS="3388" VPOS="9244" WIDTH="84"/>
						<String CONTENT="&quot;Challenge&quot;.&#151;The" ID="St_1.1.49.11" HPOS="3524" VPOS="9232" HEIGHT="120" WIDTH="1184" STYLEREFS="Style_11" WC="0.99" CC="0000000000000000"/>
						<SP ID="SP_1.1.49.12" HPOS="4676" VPOS="9244" WIDTH="84"/>
						<String CONTENT="China" ID="St_1.1.49.13" HPOS="4812" VPOS="9236" HEIGHT="100" WIDTH="372" STYLEREFS="Style_11" WC="0.991111111111111" CC="00000"/>
						<SP ID="SP_1.1.49.14" HPOS="5144" VPOS="9244" WIDTH="88"/>
						<String CONTENT="trade." ID="St_1.1.49.15" HPOS="5288" VPOS="9240" HEIGHT="100" WIDTH="364" STYLEREFS="Style_11" WC="0.992222222222222" CC="000000"/>
						<String CONTENT="&#151;" ID="St_1.1.49.16" HPOS="5652" VPOS="9296" HEIGHT="16" WIDTH="124" STYLEREFS="Style_11" WC="0.992222222222222" CC="0"/>
					</TextLine>
				</TextBlock>
				<TextBlock ID="TB_1.2" HPOS="3180" VPOS="9448" WIDTH="748" HEIGHT="512">
					<TextLine ID="TL_1.2.1" HPOS="3312" VPOS="9464" HEIGHT="124" WIDTH="248">
						<String CONTENT="850" ID="St_1.2.1.1" HPOS="3312" VPOS="9464" HEIGHT="124" WIDTH="248" STYLEREFS="Style_12" WC="1" CC="000"/>
					</TextLine>
				</TextBlock>
			</PrintSpace>
		</Page>
	</Layout>
</alto>
