5968 10284
888 528 216 100 313

896 888 700 152 Watkins,
1672 888 324 124 Mrs.
2076 880 512 128 Louise
2660 876 480 132 Ward.

1068 1076 520 124 Heroes
1688 1072 268 124 and
2056 1068 628 128 heroines
2780 1060 156 128 of
3028 1060 764 164 yesterday,
3888 1056 184 168 by
4164 1056 496 128 Louise
4756 1056 436 132 Ward
5288 1056 384 132 Wat-

896 1264 348 124 kins.
1388 1260 268 124 Los
1716 1260 632 160 Angeles,
2420 1248 576 136 Cannell
3060 1248 272 124 and
3404 1244 560 164 Chaffin,
4032 1244 300 164 inc.,
4404 1252 356 120 1926.

1064 1468 64 92 6
1208 1492 100 88 p.
1388 1468 40 88 l
1440 1536 52 40 .,
1572 1460 64 96 9
1640 1516 72 8 –
1712 1456 208 100 170
1992 1488 140 84 p.,
2212 1456 64 92 1
2352 1456 40 92 l
2408 1532 20 16 .
2572 1452 548 96 mounted
3196 1448 364 92 front.
3628 1440 572 120 (facsim.)
4360 1444 720 124 24½ͨͫ.

1068 1628 312 100 "One
1444 1624 528 96 hundred
2040 1624 232 92 and
2332 1620 48 92 f
2380 1620 28 88 i
2416 1620 328 92 fteen
2804 1612 388 116 copies
3260 1612 124 96 of
3452 1608 240 100 this
3760 1612 328 116 book,
4156 1608 588 120 privately
4812 1608 496 116 printed,
5380 1612 296 96 have

896 1772 280 92 been
1268 1764 632 96 numbered
1984 1760 232 92 and
2300 1752 804 112 autographed
3192 1748 148 112 by
3432 1752 196 92 the
3716 1748 460 96 author.
4320 1744 284 96 This
4692 1768 284 92 copy
5068 1752 204 88 not
5360 1772 320 68 num-

900 1904 344 96 bered
1316 1928 128 68 or
1516 1892 836 116 autographed.

1068 2064 656 100 CONTENTS.
1728 2116 144 12 —
1876 2056 520 112 Varying
2464 2052 528 96 versions
3068 2048 124 92 of
3260 2052 308 92 Joan
3636 2048 128 96 of
3828 2048 264 100 Arc.
4096 2104 144 12 —
4240 2048 248 96 The
4560 2052 520 112 greatest
5156 2056 324 92 actor
5552 2052 128 96 of

904 2208 308 92 them
1292 2204 160 92 all
1540 2240 24 76 [
1576 2192 496 100 Garrick
2112 2200 148 88 ]—
2260 2188 408 96 Poems
2752 2188 148 112 by
2976 2180 512 96 eminent
3560 2180 424 100 ladies.
3972 2236 144 12 —
4124 2176 340 100 Some
4540 2184 192 92 old
4816 2180 488 120 English
5384 2212 296 72 mas-

900 2336 600 100 ters.—An
1608 2332 240 96 idol
1964 2328 124 96 of
2200 2348 212 72 our
2528 2320 836 116 grandfathers
3492 2316 808 120 [Washington
4420 2316 688 116 Irving]—A
5228 2324 452 96 modest

896 2468 476 100 heroine
1460 2468 388 116 [Mary
1956 2456 904 128 Mitford]—Old
2968 2452 308 96 John
3376 2452 92 92 B
3484 2476 352 72 rown.
3840 2508 144 12 —
3984 2452 100 96 A
4184 2452 316 96 child
4600 2456 124 96 of
4820 2456 332 116 glory
5260 2504 28 72 [
5296 2456 388 116 Emily

896 2608 372 96 Bront
1296 2604 224 88 ë]—
1520 2600 244 96 The
1840 2604 192 92 art
2112 2596 124 96 of
2312 2596 308 92 Kate
2700 2588 752 112 Greenaway.
3456 2640 144 16 —
3600 2588 244 96 The
3924 2588 448 96 sisters.
4380 2644 144 12 —
4524 2592 560 96 Personal
5168 2600 300 92 note.

908 2748 124 120 ©
1100 2768 268 96 Dec.
1432 2764 168 112 24,
1672 2756 204 96 192
1884 2760 64 92 6
1988 2784 20 88 ;
2084 2756 160 96 2c.
2320 2756 260 92 Jan.
2648 2752 168 112 14,
2892 2748 336 112 1927;
3308 2748 196 96 aff.
3576 2748 264 100 Jan.
3916 2752 192 112 13;
4188 2752 100 88 A
4360 2748 480 120 958731;
4924 2756 120 96 L.
5120 2760 172 92 W.
5368 2760 316 92 Wat-

1064 2900 292 112 kins,
1428 2896 96 96 A
1532 2900 36 92 l
1580 2896 512 112 hambra,
2176 2888 344 100 Calif.
2692 2884 596 116 (27-1669)
5264 2888 216 100 313

900 3160 732 144 Wharton,
1716 3152 660 132 Clarence
2452 3148 160 124 R.

1068 3348 180 124 El
1320 3340 836 164 presidente;
2240 3380 76 76 a
2396 3332 464 128 sketch
2940 3328 152 128 of
3164 3332 232 124 the
3472 3324 256 132 life
3804 3324 156 132 of
4036 3328 596 132 General
4716 3328 428 132 Santa
5228 3332 456 164 Anna,

896 3532 184 164 by
1148 3528 648 132 Clarence
1872 3524 160 124 R.
2112 3520 720 132 Wharton.
2996 3512 552 164 Austin,
3628 3516 372 164 Tex.,
4080 3512 736 132 Gammel's
4892 3516 360 128 book
5324 3528 356 120 store

924 3720 500 172 [ͨ1926]

1064 3912 64 92 3
1188 3932 104 92 p.
1400 3912 84 108 l.,
1516 3904 144 112 iv,
1728 3900 204 100 197
1988 3928 104 88 p.
2232 3900 360 96 front.
2660 3892 412 120 (port.)
3236 3896 684 120 23½ͨͫ
3556 3912 68 104 .

908 4052 124 116 ©
1100 4072 272 96 Dec.
1432 4068 164 116 28,
1668 4068 336 112 1926;
2076 4068 160 96 2c.
2304 4068 264 96 Jan.
2636 4060 92 120 5,
2800 4064 336 112 1927;
3212 4064 196 96 aff.
3476 4068 264 92 Jan.
3808 4064 68 96 3
3916 4088 20 92 ;
4008 4064 96 92 A
4176 4060 480 116 963001;
4732 4064 148 100 H.
4948 4068 124 92 P.
5140 4064 136 100 N.
5348 4064 172 100 Ga
5524 4092 116 68 m
5644 4116 40 16 -

1064 4208 256 112 mel,
1392 4204 456 116 Austin,
1920 4204 272 96 Tex.
2364 4196 600 120 (27-1141)
5264 4192 216 104 314

1064 4464 292 128 The
1428 4460 872 152 whispering
2368 4456 592 168 gallery;
3048 4456 412 164 being
3532 4456 444 128 leaves
4052 4452 368 132 from
4492 4456 236 132 the
4796 4456 404 168 diary
5272 4456 156 132 of
5500 4500 172 88 an

900 4700 68 80 e
976 4696 84 80 x
1072 4648 732 164 -diplomat
1912 4656 84 144 …
2216 4648 336 124 New
2632 4644 432 160 York,
3148 4644 364 128 Boni
3592 4648 112 120 &
3784 4644 764 164 Liveright,
4640 4648 360 124 1926.

1064 4844 112 100 vi
1248 4876 136 84 p.,
1456 4844 64 96 1
1588 4844 44 96 l
1644 4916 56 44 .,
1768 4840 164 96 vii
1936 4896 72 12 –
2008 4840 208 96 viii
2288 4868 140 88 p.,
2504 4844 56 92 1
2636 4844 36 92 l
2688 4912 56 40 .,
2816 4840 128 96 11
2948 4892 76 16 –
3024 4840 240 112 287,
3344 4848 216 112 [1]
3560 4864 104 92 p.
3804 4840 396 112 front.,
4280 4844 360 112 ports.
4780 4840 1152 108 22½ͨͫ.

908 4984 124 116 ©
1092 5008 284 92 Nov.
1436 5000 168 116 22,
1668 5000 204 96 192
1884 5000 60 96 6
1984 5028 24 88 ;
2076 5000 160 96 2c.
2300 5000 284 96 Nov.
2644 5000 200 116 26;
2920 5000 196 96 aff.
3180 5000 284 96 Nov.
3528 5000 200 116 24;
3800 5000 100 92 A
3964 4996 208 100 958
4180 4996 60 96 5
4248 5000 196 116 84;
4524 5000 292 96 Boni
4888 5000 88 96 &
5040 4996 636 116 Liveright.

1088 5136 532 116 (27-955)
5260 5128 212 108 315

900 5360 512 152 White,
1484 5360 680 152 Percival,
2248 5360 316 128 1887
2572 5436 84 16 –

1068 5548 468 124 Adver
1544 5560 60 112 t
1608 5548 364 164 ising
2084 5548 656 156 research,
2840 5544 184 164 by
3132 5544 576 128 Perciva
3716 5544 48 120 l
3876 5544 460 128 White
4424 5560 76 144 …
4796 5548 336 124 New
5244 5540 432 168 York,

900 5736 612 156 London,
1576 5732 168 124 D.
1812 5732 704 160 Appleton
2588 5728 272 128 and
2928 5772 712 120 company,
3716 5728 356 132 1927.

1076 5928 328 116 xxiii,
1468 5928 204 96 597
1728 5960 104 84 p.
1892 5928 120 96 in
2020 5936 104 88 cl
2136 6008 20 20 .
2220 5928 340 116 illus.,
2620 5928 404 96 forms.
3152 5928 64 96 2
3284 5928 280 96 fold.
3628 5932 268 112 tab.,
3964 5928 432 116 diagrs.
4468 5932 32 112 (
4512 5920 52 88 1
4640 5928 348 116 fold.)
5140 5928 648 108 22½ͨͫ
5468 6008 20 16 .

908 6076 124 120 ©
1104 6100 264 92 Jan.
1432 6100 92 112 7,
1592 6096 340 116 1927;
2004 6096 160 96 2c.
2232 6096 228 96 and
2528 6096 196 96 aff.
2792 6096 264 96 Jan.
3120 6096 200 112 11;
3392 6092 100 96 A
3560 6092 276 100 9586
3844 6092 60 96 5
3912 6092 124 120 9;
4116 6096 136 96 D.
4320 6096 580 116 Appleton
4968 6096 88 96 &
5116 6124 168 68 co.

1092 6228 596 116 (27-1050)
5260 6224 216 104 316

900 6456 708 148 Whitney,
1704 6452 756 128 Frederick
2544 6452 656 128 Lamson.

1176 6640 80 144 …
1336 6640 288 124 The
1728 6640 532 164 growth
2368 6636 148 128 of
2620 6640 604 124 teachers
3332 6640 144 124 in
3580 6636 572 164 service;
4268 6684 76 80 a
4452 6640 556 128 manual
5116 6636 228 132 for
5444 6636 228 132 the

900 6824 1028 164 inexperienced
1996 6828 1124 156 superintendent
3180 6824 156 128 of
3396 6828 564 160 schools,
4024 6824 180 168 by
4272 6824 744 128 Frederick
5080 6824 592 128 Lamson

896 7012 656 164 Whitney
1620 7020 80 136 …
1952 7008 332 128 New
2360 7008 428 164 York,
2860 7012 284 128 The
3224 7008 612 168 Century
3908 7056 188 84 co.
4284 7008 408 148 [ͨ1927]

1076 7204 368 100 xxxix
1504 7232 136 88 p.,
1708 7204 64 96 2
1824 7204 44 96 l
1876 7280 56 40 .,
1992 7208 64 92 3
2060 7260 72 12 –
2136 7204 204 100 308
2396 7236 104 84 p.
2644 7212 376 92 tables
3084 7212 32 112 (
3136 7196 64 92 1
3264 7208 344 116 fold.)
3696 7208 432 116 diagrs.
4272 7212 60 88 2
4344 7208 648 108 0½ͨͫ
4600 7284 20 20 .
4788 7208 304 116 (The
5156 7204 516 116 Century

912 7340 616 100 education
1596 7340 420 116 series)
2308 7336 316 120 $2.00

1084 7508 704 96 "Reference
1848 7504 272 100 list"
2188 7512 132 92 at
2384 7508 220 96 end
2668 7508 124 96 of
2860 7508 288 96 each
3212 7508 516 120 chapter.

912 7652 120 120 ©
1092 7676 264 96 Jan.
1416 7672 92 116 6,
1572 7672 332 116 1927;
1968 7672 160 96 2c.
2192 7676 232 92 and
2480 7672 196 100 aff.
2740 7676 260 96 Jan.
3064 7672 124 116 8;
3256 7676 100 92 A
3416 7676 204 96 958
3628 7676 64 96 6
3696 7676 196 116 37;
3968 7676 512 116 Century
4548 7700 60 72 c
4612 7704 96 68 o.

1088 7804 600 120 (27-1360)
5260 7804 216 100 317

900 8032 724 148 Williams,
1704 8032 520 148 Edgar,
2300 8032 200 124 ed.

1064 8212 460 136 Ocean
1620 8224 564 152 tramps,
2288 8212 180 164 by
2568 8216 840 160 themselves,
3512 8220 456 128 edited
4072 8220 176 164 by
4360 8220 480 164 Edgar
4940 8216 728 160 Williams,

896 8396 776 132 illustrated
1728 8396 184 164 by
1972 8396 376 132 John
2404 8400 216 132 W.
2680 8400 504 128 Miller.
3336 8404 800 164 Baltimore,
4200 8408 288 124 The
4548 8408 656 156 Norman,
5268 8408 396 120 Rem-

900 8588 480 160 ington
1452 8624 712 124 company,
2248 8592 360 120 1926.

1060 8784 64 96 9
1196 8812 100 88 p.
1364 8792 40 88 l
1416 8860 52 40 .,
1548 8784 96 116 [3
1656 8828 24 72 ]
1692 8784 272 96 -271
2036 8808 104 92 p.
2280 8784 392 116 front.,
2744 8792 412 108 plates.
3296 8784 652 104 22ͨͫ.

1068 8948 440 96 Stories
1580 8948 140 112 by
1800 8972 820 88 supercargoes
2696 8976 140 72 on
2916 8956 432 92 vessels
3420 8952 128 96 of
3612 8960 200 92 the
3888 8960 132 92 U.
4096 8960 112 96 S.
4284 8960 568 112 Shipping
4916 8960 396 112 board,
5388 8952 276 100 1919

900 9088 116 92 to
1092 9076 304 104 1921.

908 9216 124 116 ©
1124 9244 268 96 Dec.
1484 9244 164 112 16,
1740 9244 336 116 1926;
2172 9244 160 96 2c.
2424 9248 268 96 Dec.
2780 9248 200 116 31;
3076 9252 196 96 aff.
3368 9252 260 100 Jan.
3720 9252 96 116 3,
3912 9256 56 100 1
3980 9252 136 104 92
4124 9240 68 96 7
4228 9284 20 92 ;
4348 9256 100 104 A
4536 9256 64 100 9
4612 9256 60 96 5
4680 9260 64 96 8
4752 9256 60 96 5
4820 9260 196 120 71;
5116 9256 548 116 Norman,

1068 9372 692 120 Remington
1828 9400 156 72 co.
2156 9376 192 120 (27
2348 9436 72 12 –
2424 9376 332 120 1542)
5252 9384 212 112 318

3204 9520 156 128 48
