5920 10300
356 892 564 148 Gibson,
996 892 840 128 Katharine.

520 1076 292 128 The
888 1076 492 164 golden
1456 1076 320 124 bird
1848 1076 268 124 and
2200 1076 384 124 other
2660 1076 520 160 stories,
3248 1076 180 160 by
3508 1072 772 128 Katharine
4360 1068 520 132 Gibson
4948 1080 80 144 …

360 1260 920 128 introduction
1364 1260 180 164 by
1636 1256 636 132 Caroline
2360 1260 580 128 Burnite
3024 1260 600 152 Walker,
3708 1260 776 124 illustrated
4568 1260 184 160 by
4836 1256 272 124 Ed-

356 1448 272 124 win
708 1444 160 132 G.
960 1440 648 136 Sommer.
1788 1444 332 124 New
2208 1440 428 164 York,
2712 1444 292 128 The
3076 1444 800 124 Macmillan
3956 1484 712 124 company,
4752 1444 356 128 1927.

516 1644 76 92 x
600 1644 132 96 iii
796 1672 144 88 p.,
1004 1644 68 92 2
1136 1644 44 92 l
1192 1716 52 40 .,
1316 1644 200 96 163
1588 1668 104 88 p.
1756 1640 120 96 in
1888 1668 56 72 c
1944 1644 40 88 l
2000 1716 24 24 .
2092 1640 340 116 illus.,
2504 1644 408 112 plates.
3056 1644 212 96 col.
3332 1644 392 108 front.,
3800 1644 208 96 col.
4076 1644 412 112 plates.
4628 1644 600 108 22½ͨͫ.

524 1776 1896 116 CONTENTS.—Introduction.—A
2516 1776 424 116 harper
3028 1776 128 96 of
3248 1776 436 116 Egypt:
3780 1776 244 96 The
4116 1776 472 92 doomed
4688 1772 416 116 prince.

348 1916 244 96 The
700 1916 516 112 princess
1328 1912 228 92 and
1672 1912 192 92 the
1976 1936 332 68 moon
2416 1908 644 116 god.—The
3172 1908 668 116 wandering
3952 1908 352 96 bards
4412 1908 128 96 of
4648 1908 404 96 ancien
5060 1908 36 88 t

356 2048 484 96 Greece:
936 2048 244 96 The
1268 2048 324 108 story
1680 2044 120 96 of
1888 2040 496 116 Paphos.
2384 2096 108 16 —
2532 2044 240 92 The
2856 2048 268 108 poet
3216 2040 536 100 Firdusi:
3848 2044 240 92 The
4176 2044 412 112 golden
4680 2044 288 96 bird.
4976 2096 128 16 —

348 2184 240 96 The
676 2180 448 96 French
1208 2180 664 112 jongleurs:
1960 2176 244 96 The
2288 2180 368 92 clown
2744 2176 124 96 of
2964 2176 276 96 God.
3244 2228 140 16 —
3388 2176 244 96 The
3720 2176 404 96 monks
4212 2176 124 96 of
4424 2172 168 100 St.
4688 2176 412 96 Denis:

348 2316 240 96 The
684 2316 604 96 cathedral
1388 2312 364 96 under
1852 2312 192 96 the
2144 2308 624 100 sea.-The
2868 2308 840 96 troubadours:
3812 2308 240 96 The
4148 2308 240 96 fair
4488 2308 140 96 Je
4640 2312 64 92 h
4716 2332 68 72 a
4816 2324 280 80 ne.—

348 2448 240 96 The
648 2448 680 100 crusaders:
1396 2448 244 96 The
1696 2448 236 92 tale
1992 2444 124 96 of
2176 2440 308 116 King
2548 2440 608 116 Coustans,
3224 2448 192 92 the
3484 2444 948 116 emperor.—The
4488 2448 616 112 poet-play-

348 2608 180 72 ers
600 2584 124 96 of
796 2580 936 116 "floating-fan":
1816 2576 480 100 Sesshiu
2360 2580 224 92 and
2664 2580 192 92 the
2928 2580 816 96 mouse.—The
3812 2572 460 120 singing
4340 2580 764 112 story-tellers

348 2716 124 96 of
536 2716 432 100 China:
1040 2716 240 96 The
1344 2720 324 108 story
1732 2712 120 96 of
1920 2716 192 92 the
2176 2716 332 108 great
2568 2712 220 96 bell
2852 2712 128 96 of
3040 2712 472 108 Peking.

356 2824 120 108 ©
556 2848 248 104 Oct.
872 2848 164 116 25,
1112 2848 336 96 1927:
1524 2848 160 96 2c.
1760 2848 224 92 and
2060 2844 200 96 aff.
2336 2844 244 96 Oct.
2652 2840 196 100 26:
2932 2844 96 92 A
3104 2848 52 88 1
3172 2844 268 96 0079
3452 2844 60 88 5
3524 2848 60 92 7
3624 2868 20 88 ;
3732 2844 668 96 Macmillan
4476 2872 164 72 co.

540 2984 668 116 (27-22680)
4624 2980 64 96 9
4700 2976 60 100 3
4776 2976 132 100 96

348 3204 652 144 Gillman,
1072 3204 756 128 Frederick
1896 3200 416 148 John,
2392 3212 316 116 1866
2712 3280 88 16 —

512 3392 292 124 The
872 3388 688 128 evolution
1632 3388 156 128 of
1856 3388 228 128 the
2160 3388 588 164 English
2816 3388 492 160 hymn;
3384 3432 172 84 an
3624 3388 704 128 historical
4400 3432 484 96 survey
4960 3392 152 124 of

348 3576 224 128 the
664 3576 520 164 origins
1284 3576 268 124 and
1652 3576 944 160 development
2688 3572 156 128 of
2936 3572 228 128 the
3256 3576 488 160 hymns
3840 3576 152 124 of
4076 3576 236 128 the
4408 3572 696 132 Christian

344 3760 548 164 church,
976 3760 176 164 by
1236 3760 736 128 Frederick
2052 3760 372 128 John
2508 3756 680 160 Gillman;
3280 3760 332 124 with
3696 3804 72 80 a
3856 3760 684 128 foreword
4624 3760 172 168 by
4884 3756 228 136 Sir

348 3944 148 128 H
500 4048 28 28 .
600 3948 264 128 Wa
868 3952 48 120 l
928 3944 316 128 ford
1320 3944 504 128 Davies
1936 3956 84 136 …
2240 3944 332 128 New
2652 3944 432 160 York,
3160 3944 292 128 The
3524 3944 560 128 Macmil
4096 3948 44 120 l
4152 3988 168 84 an
4400 3988 712 124 company,

356 4136 352 128 1927.

504 4336 204 96 312
784 4360 104 88 p.
1024 4336 392 100 front.,
1488 4328 308 100 illus.
1864 4328 480 116 (music)
2440 4328 408 116 plates,
2928 4336 352 108 ports.
3424 4328 412 112 20½ͨͫ.

356 4460 124 116 ©
560 4484 48 88 1
612 4488 60 80 c
688 4544 20 20 .
780 4468 88 96 O
880 4496 52 68 c
944 4472 80 92 t.
1092 4468 164 108 18,
1328 4468 52 88 1
1392 4464 72 92 9
1464 4468 132 92 27
1640 4488 24 68 ;
1740 4468 92 88 A
1900 4488 60 68 a
1980 4468 68 88 d
2120 4464 116 92 in
2248 4468 44 88 t
2308 4540 16 20 .
2396 4460 132 96 10
2540 4460 52 92 1
2612 4464 188 104 17;
2880 4488 148 88 pu
3028 4464 152 96 bd
3200 4540 20 20 .
3296 4460 240 104 Oct.
3608 4468 128 108 4;
3820 4468 112 88 M
3940 4464 340 96 acmil
4292 4468 40 88 l
4340 4492 148 68 an
4560 4492 128 68 co
4700 4540 52 36 .,
4832 4468 276 92 New

512 4604 344 92 York.
1024 4600 396 112 (27-23
1424 4628 68 88 5
1500 4600 192 108 53)
4620 4600 284 100 9397

344 4792 520 152 Grady,
932 4792 496 148 Henry
1496 4788 624 152 Francis,
2200 4796 316 120 1882
2520 4868 84 12 –

516 4976 528 128 British
1108 5024 284 80 war
1444 4976 560 164 finance,
2068 4984 320 116 1914
2392 5056 84 12 –
2484 4984 364 152 1919,
2900 4976 176 164 by
3144 4976 480 164 Henry
3688 4980 152 124 F.
3904 4976 480 168 Grady
4448 4980 76 144 …
4776 4984 324 120 New

356 5164 424 160 York,
856 5160 720 132 Columbia
1652 5160 760 164 university
2488 5204 440 120 press;
3016 5160 620 164 London,
3716 5164 156 124 P.
3960 5160 132 132 S.
4176 5164 388 164 King
4640 5172 100 116 &
4824 5208 280 84 son.

348 5352 288 156 ltd.,
712 5348 360 128 1927.

512 5544 204 96 316
816 5572 100 88 p.
1012 5544 120 92 in
1140 5544 104 92 cl
1256 5620 20 20 .
1372 5544 404 92 tables.
1956 5540 428 116 diagrs.
2452 5544 324 112 (part
2868 5540 344 112 fold.)
3376 5544 60 92 2
3444 5540 544 112 3ͨͫ
3632 5616 20 20 .
3820 5544 32 108 (
3876 5544 116 92 H
4000 5568 60 68 a
4080 5532 92 104 lf
4180 5596 32 12 -
4228 5544 256 96 title
4500 5572 36 68 :
4640 5544 464 96 Studies

348 5676 120 96 in
556 5676 480 116 history,
1128 5676 636 96 economics
1856 5676 228 96 and
2176 5676 380 116 public
2644 5680 264 104 law,
3004 5676 168 96 ed.
3264 5676 148 116 by
3500 5676 196 96 the
3788 5676 492 116 Faculty
4372 5676 124 96 of
4580 5680 508 112 political

344 5812 444 100 science
852 5812 124 96 of
1040 5812 600 100 Columbia
1708 5808 684 116 university,
2460 5836 180 68 no.
2708 5808 260 116 279)

516 5948 624 96 Published
1216 5948 244 96 also
1544 5972 128 72 as
1752 5944 364 96 thesis
2216 5948 120 112 (P
2348 5968 88 68 H
2456 6024 20 20 .
2556 5968 60 68 D
2632 5948 76 108 .)
2812 5944 600 100 Columbia
3500 5948 676 112 university,
4260 5948 304 96 1927.

512 6080 832 116 Bibliography
1384 6104 24 72 :
1484 6108 100 88 p.
1656 6080 520 96 308–312.

356 6208 120 108 ©
540 6216 288 116 Aug.
892 6216 160 112 29,
1124 6216 336 112 1927;
1528 6216 160 100 2c.
1764 6216 304 116 Sept.
2132 6220 128 108 7;
2332 6216 196 96 aff.
2600 6216 304 112 Sept.
2972 6216 128 108 9;
3172 6216 96 92 A
3336 6212 128 96 10
3472 6216 68 92 0
3548 6216 212 96 408
3756 6216 60 96 6
3848 6236 32 84 :
3956 6220 148 96 H.
4176 6220 120 100 F.
4368 6220 416 112 Grady,
4872 6224 228 96 San

516 6352 652 100 Francisco.
1332 6348 668 120 (27-22627)
4616 6352 284 104 9398

344 6540 660 148 Graham,
1080 6540 668 152 Stephen,
1828 6548 324 120 1884
2156 6620 80 12 –

508 6728 332 128 New
936 6724 388 128 York
1412 6724 508 164 nights,
2008 6724 180 164 by
2284 6724 600 164 Stephen
2980 6724 468 132 Graha
3456 6772 136 80 m
3624 6728 84 148 …
3928 6728 44 124 i
3984 6728 852 128 llustrations
4920 6732 180 160 by

344 6912 368 124 Kurt
772 6912 484 128 Wiese.
1436 6912 332 124 New
1836 6908 428 164 York,
2332 6908 528 164 George
2920 6912 188 124 H.
3172 6912 472 124 Doran
3716 6952 668 128 company
4460 6912 152 160 [ͨ
4564 6916 316 128 1927
4864 6948 56 96 ]

504 7108 116 96 ix
692 7140 140 84 p.,
892 7112 48 92 1
1016 7112 36 92 l
1068 7184 56 36 .,
1188 7108 132 96 13
1320 7164 72 12 –
1396 7108 208 96 288
1664 7136 104 88 p.
1908 7108 392 112 front.,
2368 7112 408 112 plates,
2844 7112 292 112 port.
3280 7112 752 104 22½ͨͫ.

352 7232 120 108 ©
548 7244 244 96 Oct.
860 7244 164 112 21,
1096 7240 336 112 1927;
1504 7240 160 100 2c.
1740 7240 240 96 Oct.
2048 7240 200 108 26;
2324 7240 200 96 aff.
2592 7240 244 100 Oct.
2908 7240 196 112 24;
3176 7240 100 92 A
3352 7240 540 108 1007936;
3976 7244 436 116 George
4484 7248 144 92 H.
4700 7248 396 96 Doran

512 7404 160 72 co.
840 7376 664 116 (27-22649)
4612 7380 284 100 9399

356 7564 624 148 [Graves,
1060 7564 584 128 Clotilde
1720 7564 316 128 Inez
2108 7564 456 160 Mary]
2660 7572 316 116 1863
2980 7644 84 12 –

512 7752 284 124 The
888 7792 420 84 sower
1392 7748 156 128 of
1632 7752 228 124 the
1948 7752 412 156 wind,
2444 7752 180 160 by
2716 7752 604 124 Richard
3412 7752 480 124 Dehan
4008 7760 52 100 [
4048 7756 508 156 pseud.]
4744 7756 348 120 Lon-

344 7936 84 124 d
440 7980 76 80 o
520 7980 132 112 n,
712 7936 156 124 T.
936 7936 616 124 Butterw
1560 7980 80 76 o
1648 7936 220 124 rth
1936 7936 44 120 l
1992 7932 472 128 imited
2548 7936 440 144 [1927]

504 8128 60 96 3
632 8156 104 88 p.
800 8132 48 88 l
852 8204 24 20 .
888 8204 16 36 ,
976 8124 128 100 11
1108 8180 68 16 –
1180 8128 212 96 446
1452 8156 108 84 p.
1696 8128 756 108 19½ͨͫ.

352 8228 124 108 ©
556 8264 156 96 1c.
792 8264 284 116 Aug.
1156 8264 96 112 2,
1332 8264 328 96 1927;
1752 8264 96 92 A
1928 8268 144 88 ad
2156 8264 204 96 int.
2436 8260 64 96 9
2508 8264 204 96 933
2744 8268 28 80 ;
2864 8256 340 120 pubd.
3288 8264 300 96 June
3668 8264 60 92 2
3736 8264 64 92 3
3832 8268 28 80 ;
3952 8264 600 96 Thornton
4636 8268 464 92 Butter-

512 8400 404 112 worth,
996 8396 200 96 ltd.
1364 8396 668 116 (27-23453)
4608 8396 284 104 9400

348 8588 712 148 Grierson,
1136 8588 584 128 Francis
1788 8592 168 124 D.

504 8772 292 128 The
892 8772 560 164 smiling
1552 8772 452 160 death,
2100 8772 184 164 by
2388 8776 568 124 Francis
3060 8776 168 124 D.
3340 8772 692 128 Grierson.
4204 8776 620 156 London,
4928 8768 160 132 G.

352 8956 304 128 Bles
736 9032 32 84 [
784 8956 360 160 1927]

504 9156 64 96 3
636 9184 104 84 p.
812 9152 44 88 l
860 9228 56 40 .,
988 9156 60 96 3
1060 9156 136 92 06
1256 9184 108 84 p.
1504 9152 752 112 19½ͨͫ.

560 9252 64 112 ©
548 9280 164 108 1c.
804 9284 304 116 Sept.
1184 9288 160 108 13,
1428 9288 332 108 1927;
1844 9288 92 92 A
2020 9292 144 88 ad
2240 9284 212 100 int.
2528 9284 408 112 10015;
3024 9316 148 84 pu
3176 9292 68 76 b
3256 9292 64 88 d
3340 9364 20 20 .
3440 9288 272 92 July
3792 9288 196 100 20;
4080 9292 124 96 F.
4288 9292 136 96 D.
4508 9284 580 104 Grierson.

512 9424 500 96 London.
1180 9424 328 108 (27-2
1516 9424 60 88 3
1588 9424 260 112 612)
4604 9416 280 100 9401

2568 9556 312 116 1405
