5968 10284
792 932 544 144 Haven,
1424 928 548 148 George
2056 920 1048 132 Bartholomew
3108 1000 184 20 —
3300 924 776 128 Continued

968 1128 64 92 2
1116 1152 104 92 p.
1308 1124 44 92 l
1360 1160 56 76 .,
1500 1124 132 96 iii
1640 1176 72 12 –
1716 1124 144 112 vi,
1948 1124 204 92 119
2236 1148 96 88 p.
2428 1124 184 92 inc
2616 1124 36 88 l
2668 1200 24 20 .
2776 1124 80 88 il
2864 1124 44 88 l
2912 1144 204 92 us.,
3204 1124 408 112 tables,
3700 1120 428 116 diagrs.
4312 1120 276 100 fold.
4680 1124 404 112 plates.
5228 1124 708 108 23½ͨͫ
5544 1160 28 56 .

800 1260 308 116 $1.75

972 1396 564 116 "Largely
1608 1420 152 68 an
1828 1400 472 104 excerpt
2372 1392 304 96 from
2756 1412 36 80 [
2792 1392 196 96 the
3060 1392 560 116 authors']
3704 1392 268 96 'The
4048 1392 404 112 design
4520 1392 124 96 of
4720 1396 368 92 steam
5164 1396 420 92 boilers

804 1532 228 96 and
1092 1556 544 88 pressure
1704 1528 460 96 vessels'
2236 1528 468 96 written
2768 1524 120 96 in
2952 1528 60 92 1
3024 1528 60 96 9
3092 1524 236 100 15."

812 1652 116 120 ©
1012 1668 248 100 Oct.
1324 1668 168 112 25,
1568 1668 336 96 1927:
1984 1668 160 96 2c.
2216 1668 284 96 Nov.
2572 1664 128 96 2:
2780 1660 196 100 aff.
3056 1660 244 100 Oct.
3372 1664 60 92 2
3444 1660 68 96 9
3548 1688 24 88 ;
3648 1664 100 92 A
3824 1668 52 88 1
3892 1664 68 96 0
3960 1664 56 92 1
4032 1664 72 92 0
4104 1664 264 112 134;
4456 1668 440 112 George
4968 1668 128 96 B.
5176 1668 412 96 Haven

972 1808 228 92 and
1280 1804 440 112 George
1792 1824 176 92 W.
2052 1800 392 112 Swett,
2528 1800 720 112 Cambridge,
3336 1824 348 88 Mass.
3860 1800 668 120 (27-23478)
5104 1796 284 104 9926

812 1992 608 148 Hazard,
1492 1988 396 152 Paul,
1968 1988 316 128 1878
2292 2068 80 12 –

1024 2188 84 132 …
1192 2180 200 124 La
1460 2176 212 128 vie
1732 2180 164 120 de
1968 2176 712 160 Stendhal,
2740 2224 256 116 par
3056 2180 352 120 Paul
3476 2180 608 124 Hazard.
4264 2180 448 164 Paris,
4772 2180 820 160 Gallimard,

816 2364 356 128 1927.

976 2564 64 96 3
1112 2588 108 88 p.
1288 2564 40 92 l
1344 2636 52 36 .,
1488 2608 24 72 [
1520 2560 144 112 9]
1628 2612 72 12 –
1704 2560 204 92 254
1984 2584 136 88 p.,
2200 2560 52 92 1
2336 2560 40 92 l
2392 2636 20 20 .
2552 2560 360 96 front.
2980 2560 412 112 (port.)
3560 2560 644 112 19ͨͫ.
4000 2560 332 112 (Vies
4412 2560 200 96 des
4692 2564 544 104 hommes.
5284 2564 308 92 illus-

824 2704 268 88 tres.
1232 2696 132 92 n°
1424 2692 196 116 11)

816 2812 120 116 ©
1020 2836 280 108 July
1376 2832 164 100 22,
1624 2828 336 116 1927;
2048 2824 48 88 1
2104 2840 60 76 c
2184 2908 20 16 .
2280 2828 292 116 Aug.
2648 2832 132 92 15
2824 2856 20 88 ;
2928 2828 752 116 A—Foreign
3752 2832 64 92 3
3828 2828 60 96 5
3892 2828 272 116 484;
4252 2828 584 104 Librairie
4916 2832 684 100 Gallimard.

1012 2968 672 116 (27-23311)
5112 2964 284 104 9927

816 3160 596 148 Herron,
1488 3156 760 128 Vennette.

980 3344 680 128 Peacocks
1764 3344 268 124 and
2136 3344 388 128 other
2624 3344 480 128 stories
3204 3344 156 124 of
3452 3344 404 164 Java,
3960 3344 176 168 by
4236 3348 672 128 Vennette
5008 3348 588 128 Herron.

820 3532 328 128 New
1236 3532 432 160 York,
1752 3528 532 168 George
2368 3532 184 124 H.
2636 3536 476 120 Doran
3196 3576 676 120 company
3980 3532 444 148 [ͨ1927]

792 3792 216 120 352
1080 3792 144 120 p.
1296 3792 1080 120 20ͨͫ.

988 3864 156 96 CO
1152 3888 156 68 NT
1316 3888 232 68 ENT
1524 3872 60 76 S
1624 3940 20 16 .
1656 3916 128 12 —
1800 3864 516 96 Peacock
2324 3892 52 68 s
2392 3940 20 20 .
2420 3916 140 12 —
2564 3864 244 96 The
2900 3864 496 96 Chinese
3480 3864 248 96 bed.
3732 3920 140 8 —
3876 3864 300 96 Life.
4180 3920 140 12 —
4324 3868 240 92 The
4656 3864 568 96 aromatic
5312 3892 252 68 sere
5572 3924 28 8 -

824 4000 328 96 nade.
1156 4056 144 8 —
1300 4000 240 92 The
1624 4000 356 92 white
2056 3996 544 96 cat.—Ga
2616 4024 100 68 m
2736 4024 60 68 e
2804 4000 32 92 l
2848 4000 700 92 an.—When
3636 4000 192 96 the
3908 4000 308 96 little
4296 4000 216 112 god
4596 4004 532 108 laughed.

828 4124 124 124 ©
1040 4136 284 96 Nov.
1408 4140 92 108 4,
1592 4132 336 116 1927;
2020 4136 60 92 2
2084 4152 60 76 c
2164 4212 16 20 .
2268 4140 284 92 Nov.
2636 4140 128 108 7;
2860 4136 196 100 aff.
3144 4136 288 100 Nov.
3516 4140 60 92 5
3624 4164 20 84 ;
3732 4140 100 88 A
3916 4136 548 112 1010234;
4564 4140 88 92 V
4672 4216 20 20 .
4780 4140 496 112 Herron,
5368 4140 236 96 The

992 4272 444 112 Hague,
1512 4272 544 96 Holland.
2228 4272 672 112 (27-23505)
5120 4272 284 100 9928

820 4464 620 148 Hetzler,
1512 4464 596 128 Charles
2168 4464 216 128 W.

988 4648 408 124 Lines
1492 4644 156 128 of
1740 4648 632 164 thought,
2468 4648 180 160 by
2744 4648 568 132 Charles
3404 4652 216 128 W.
3716 4652 604 128 Hetzler.
4504 4656 556 160 Boston,
5152 4652 532 136 Mass.,

824 4832 292 128 The
1196 4828 720 136 Stratford
1992 4876 716 120 company,
2784 4832 360 132 1927.

992 5036 64 96 3
1124 5060 108 92 p.
1292 5036 40 92 l
1344 5108 52 36 .,
1476 5032 132 100 66
1676 5056 108 96 p.
1928 5036 644 108 19ͨͫ.

992 5172 444 96 Poems.

836 5280 116 108 ©
1032 5304 248 96 Oct.
1340 5300 168 116 29,
1580 5300 340 112 1927;
1992 5300 160 96 2c.
2220 5300 284 96 Nov.
2572 5300 124 112 1;
2776 5300 200 96 aff.
3044 5304 280 96 Nov.
3396 5300 128 116 2;
3600 5304 96 92 A
3764 5304 56 92 1
3836 5300 140 96 00
3976 5308 60 88 4
4048 5300 200 100 905
4292 5328 20 88 ;
4404 5304 596 100 Stratford
5072 5332 196 88 co.,
5344 5304 264 116 pub-

992 5432 524 104 lisshers.
1684 5436 676 116 (27-23496)
5128 5440 280 100 9929

828 5624 328 152 Hill,
1236 5628 612 128 Howard
1932 5624 748 152 Copeland.

1004 5816 600 124 Rooseve
1608 5816 112 132 lt
1804 5816 268 124 and
2160 5816 228 124 the
2476 5812 808 160 Caribbean,
3360 5816 180 164 by
3624 5820 616 124 Howard
4332 5820 144 128 C.
4564 5820 200 124 Hi
4772 5820 92 124 ll
4996 5816 84 144 …
5296 5820 196 128 Ch
5520 5824 28 120 i
5568 5900 36 12 -

836 6044 376 124 cago,
1284 6000 272 160 Ill.,
1628 6000 292 128 The
1996 6000 808 160 University
2884 6000 156 128 of
3116 6000 604 164 Chicago
3792 6048 376 116 press
4256 6000 460 164 [ͨ1927]

1004 6196 148 112 xi,
1232 6196 232 112 232,
1552 6192 124 100 [1]
1760 6224 72 84 p
1844 6276 20 20 .
2008 6192 360 100 front.
2432 6192 240 112 (ma
2680 6204 72 88 p
2784 6192 32 116 )
2980 6196 64 92 2
3048 6196 576 104 3ͨͫ
3236 6272 24 16 .

1008 6336 92 92 B
1112 6332 32 92 i
1152 6336 68 92 b
1232 6332 36 96 l
1276 6332 632 112 iography:
1980 6356 104 88 p.
2148 6332 524 96 214–224.

848 6444 112 112 ©
1032 6468 280 112 July
1372 6464 164 116 26,
1604 6468 336 108 1927;
2008 6468 60 88 2
2076 6480 56 76 c
2152 6544 16 20 .
2236 6468 276 112 July
2576 6468 200 108 26;
2844 6468 196 96 aff.
3104 6468 280 96 Nov.
3452 6472 124 104 7;
3648 6468 100 92 A
3812 6472 52 88 1
3880 6468 68 96 0
3952 6472 56 92 1
4020 6468 72 96 0
4092 6472 264 108 244;
4432 6468 676 120 University
5176 6472 120 96 of
5364 6472 240 96 Chi-

1008 6612 308 108 cago,
1400 6600 536 116 Chicago.
2104 6600 672 120 (27-23466)
5108 6604 288 104 9930

840 6756 716 152 Hodgson,
1636 6756 756 128 Frederick
2464 6760 660 148 Thomas,
3204 6768 320 120 1836
3528 6840 84 12 –

1008 6940 292 128 The
1380 6948 328 120 steel
1792 6984 544 124 square;
2428 6988 76 80 a
2592 6944 660 160 practical
3336 6948 556 124 treatise
3972 6992 176 80 on
4224 6952 232 124 the
4540 6948 852 168 application
5468 6948 152 128 of

844 7128 228 128 the
1152 7132 324 124 steel
1568 7172 520 120 square,
2176 7128 796 164 containing
3056 7176 172 76 an
3312 7132 796 128 exhaustive
4192 7136 708 124 collection
4984 7136 156 128 of
5224 7136 388 164 prob-

848 7316 40 120 l
900 7360 272 80 ems
1256 7316 272 124 and
1608 7360 144 80 so
1760 7316 44 120 l
1816 7312 496 160 utions,
2392 7312 180 164 by
2652 7316 404 124 Fred.
3136 7316 152 124 T.
3372 7316 676 164 Hodgson
4124 7324 84 128 …
4460 7320 692 164 [Chicago]
5248 7324 156 124 F.
5484 7324 128 124 J.

848 7500 460 128 Drake
1372 7504 112 120 &
1552 7540 236 120 co.,
1856 7496 312 164 pub.
2248 7504 696 160 expressly
3012 7500 228 124 for
3312 7500 444 164 Sears,
3824 7504 640 124 Roebuck
4536 7512 108 120 &
4708 7548 192 88 co.
4984 7504 492 144 [ͨ1927]

1008 7700 64 92 2
1152 7728 104 68 v.
1400 7700 340 108 illus.,
1824 7696 428 116 diagrs.
2396 7700 612 104 17½ͨͫ
2728 7772 16 24 .

1020 7836 304 92 "The
1408 7832 644 116 up-to-date
2140 7832 636 96 hardwood
2860 7832 48 92 f
2908 7832 500 96 inisher"
3496 7844 120 84 at
3704 7840 212 92 end
4008 7836 120 96 of
4216 7840 276 96 each
4584 7840 488 96 volume.

1016 7964 628 96 Published
1728 7968 252 92 also
2064 7968 368 92 under
2520 7964 256 96 title
2868 7968 160 92 "A
3112 7968 564 112 practical
3756 7972 488 96 treatise
4328 8000 148 68 on
4560 7976 196 92 the
4832 7976 288 92 steel
5200 7996 412 92 square

848 8104 228 92 and
1148 8100 152 96 its
1372 8096 716 116 application
2156 8104 120 88 to
2344 8100 580 108 everyday
3000 8096 308 112 use",
3380 8100 284 96 with
3732 8104 336 112 plans
4140 8108 128 96 at
4336 8108 220 92 end
4624 8104 124 100 of
4816 8108 280 96 each
5168 8108 444 96 volume

852 8232 456 96 instead
1376 8232 124 96 of
1572 8232 196 96 the
1828 8232 476 96 articles
2372 8256 140 72 on
2584 8232 324 96 wood
2984 8232 576 116 finishing.

860 8344 120 116 ©
1056 8364 248 96 Oct.
1372 8364 164 116 18,
1608 8364 336 112 1927;
2020 8364 60 92 2
2088 8372 56 80 c
2164 8444 16 16 .
2248 8364 280 96 each
2600 8364 284 96 Nov.
2956 8368 124 108 2;
3160 8360 172 100 aff
3432 8364 244 100 Oct.
3748 8372 64 88 2
3816 8368 128 104 0;
4024 8372 96 88 A
4192 8372 544 112 1010109;
4820 8376 620 92 Frederick
5516 8372 100 96 J.

1032 8500 396 96 Drake
1508 8500 88 96 &
1672 8524 160 68 co.
1984 8488 160 128 [©
2228 8524 252 68 new
2564 8508 464 108 matter]
3200 8500 668 116 (27-23430)
5140 8504 276 100 9931

860 8652 464 148 Hynd,
1396 8652 296 128 Mrs
1704 8756 24 24 .
1800 8652 596 132 Lavinia
2488 8660 644 148 (Leitch)

1028 8836 128 124 A
1220 8840 612 160 vampire
1896 8844 256 120 and
2232 8844 388 124 other
2680 8844 520 160 stories,
3256 8848 180 160 by
3496 8848 584 128 Lavinia
4144 8852 476 124 Leitch
4712 8852 396 164 (Mrs.
5176 8856 172 124 W
5360 8952 24 24 .
5448 8852 164 124 A.

864 9020 492 164 Hynd)
1560 9024 560 136 Boston,
2212 9028 288 128 The
2596 9028 900 164 Christopher
3584 9028 800 168 publishing
4468 9036 416 124 house
4988 9020 452 176 [ͨ1927]

1028 9216 132 96 23
1164 9216 56 92 1
1304 9240 68 88 p
1380 9292 24 20 .
1548 9216 60 96 2
1616 9216 612 116 0½ͨͫ
1876 9296 20 16 .

1032 9348 552 100 CONTENT
1596 9372 60 72 S
1668 9428 16 20 .
1692 9408 144 12 —
1840 9352 92 92 A
2048 9352 548 116 vampire.
2600 9412 140 12 —
2748 9360 244 88 Her
3104 9364 660 108 strategem.
3772 9416 140 8 —
3920 9360 272 100 Lots
4296 9364 124 92 of
4528 9356 1088 120 room.—Thoughts

3096 9588 316 120 1480
