5920 10300
136 1076 368 148 Rice,
576 1076 608 132 William
1264 1068 584 132 Francis
1852 1148 180 16 —
2044 1068 764 132 Continued

296 1308 204 96 227
552 1332 100 88 p.
800 1304 364 112 diagr.
1304 1300 648 112 20ͨͫ.

140 1468 116 116 ©
332 1476 304 92 June
700 1472 168 116 27,
940 1472 328 100 1927;
1348 1472 164 100 2c.
1584 1472 276 108 July
1928 1468 56 92 1
1996 1468 64 92 3
2080 1492 44 84 ;
2204 1464 200 96 aff.
2472 1464 276 112 July
2820 1464 192 104 14;
3096 1460 100 96 A
3268 1460 268 96 9964
3540 1476 132 92 04
3720 1484 20 88 ;
3900 1480 96 120 W.
4072 1460 120 96 F.
4268 1460 308 112 Rice,
4652 1460 224 96 Los

296 1608 524 116 Angeles.
988 1604 664 116 (27-15940)
4396 1588 280 104 6189

132 1832 752 148 Robinson,
956 1832 480 124 James
1508 1828 620 148 Harvey,
2212 1832 316 120 1863
2532 1904 84 12 –

300 2048 136 128 A
512 2048 548 164 general
1144 2048 528 164 history
1752 2040 156 132 of
1992 2048 592 156 Europe,
2672 2040 364 128 from
3120 2040 232 128 the
3436 2036 520 168 origins
4044 2036 156 132 of
4288 2036 576 128 civiliza-

140 2232 284 128 tion
536 2248 136 108 to
784 2232 232 124 the
1124 2244 544 148 present
1772 2228 368 160 time,
2248 2228 184 164 by
2544 2228 460 128 James
3120 2224 568 164 Harvey
3800 2220 700 132 Robinson
4612 2224 272 128 and

136 2420 464 128 James
676 2416 484 164 Henry
1240 2412 700 156 Breasted,
2020 2412 336 124 with
2440 2412 232 124 the
2756 2408 980 128 collaboration
3816 2404 156 132 of
4060 2408 488 128 Emma
4632 2412 248 124 Pe-

140 2616 268 112 ters
532 2596 488 136 Smith.
1228 2600 560 160 Boston,
1904 2596 328 128 New
2352 2596 388 128 York
2868 2612 328 144 [etc.]
3332 2592 376 132 Ginn
3828 2596 268 124 and
4216 2636 676 128 company

164 2792 404 136 [ͨ1926
576 2860 36 84 ]

308 2988 72 80 x
392 2976 36 96 i
436 3004 68 72 v
516 3052 24 40 ,
600 2976 236 116 670,
900 2988 236 80 xxx
1148 2976 204 96 viii
1412 3000 108 92 p.
1660 2976 208 100 col.
1932 2976 392 112 front.,
2392 2976 340 112 illus.,
2800 2976 376 112 plates
3240 2976 324 116 (part
3636 2976 268 112 col.)
3992 2976 356 112 ports.
4412 2968 120 120 (1
4596 2984 132 88 co
4736 2976 136 116 l.)

140 3136 324 92 maps
528 3112 328 116 (part
912 3108 472 116 double)
1544 3108 64 96 2
1616 3112 608 108 0ͨͫ
1800 3184 24 24 .

312 3276 904 120 Bibliography:
1264 3304 104 88 p.
1424 3276 120 96 i–
1532 3288 80 80 x
1624 3276 116 96 vi
1792 3280 128 96 at
1972 3280 256 92 end.

148 3432 116 116 ©
352 3448 272 116 Apr.
704 3448 92 116 1,
880 3448 332 108 1927;
1296 3448 164 96 2c.
1544 3448 272 112 July
1896 3448 196 108 26;
2180 3444 196 100 aff.
2460 3448 276 108 July
2812 3444 200 112 25;
3096 3448 100 92 A
3276 3448 476 104 996583;
3840 3448 104 96 J.
4032 3448 148 92 H.
4260 3444 620 116 Robinson,

304 3588 284 92 New
640 3580 340 116 York,
1048 3584 392 92 James
1504 3584 400 108 Henry
1968 3580 596 112 Breasted,
2636 3580 528 112 Chicago,
3236 3584 232 92 and
3532 3584 400 92 Emma
4000 3584 400 92 Peters
4476 3576 408 120 Smith,

304 3720 280 92 New
652 3720 344 92 York.
1164 3716 664 116 (27-15784)
4400 3712 288 100 6190

140 3944 1200 152 Roger-Ducasse,
1404 3944 348 128 Jean
1824 3940 392 128 Jules
2284 3940 636 124 Amable.

308 4156 132 124 A
524 4156 660 124 listener's
1268 4152 928 124 introduction
2284 4168 136 108 to
2508 4152 228 124 the
2820 4152 424 124 music
3332 4148 156 128 of
3572 4152 728 164 Debussy's
4388 4152 496 128 Reflec-

148 4340 352 128 tions
564 4340 144 124 in
772 4340 228 124 the
1068 4352 416 112 water
1576 4336 272 164 (no.
1928 4348 64 112 1
2068 4336 152 128 of
2288 4336 604 164 Images)
2988 4340 176 160 by
3236 4336 448 168 Roger
3760 4340 636 160 Ducasse,
4468 4352 164 112 tr.
4708 4336 180 168 by

144 4532 424 132 Percy
636 4524 536 124 Arthur
1244 4520 588 140 Scholes,
1900 4528 492 160 played
2460 4524 180 160 by
2708 4520 528 168 George
3308 4520 740 164 Copeland.
4220 4520 616 164 [London
4848 4604 28 80 ]

144 4712 288 124 The
496 4712 580 124 Aeolian
1148 4756 232 112 co.,
1448 4712 248 124 ltd.
1760 4708 432 160 [1927]

152 4924 124 112 ©
428 4928 144 120 1c.
604 4940 276 112 July
956 4940 96 112 5,
1136 4940 200 92 192
1340 4940 64 96 7
1448 4964 24 84 ;
1560 4940 96 92 A
1740 4940 144 92 ad
1968 4940 208 96 int.
2260 4936 132 96 96
2400 4936 60 92 8
2468 4940 124 108 3;
2688 4940 336 112 pubd.
3112 4940 116 92 M
3236 4964 148 88 ay
3468 4944 56 88 1
3536 4940 64 96 0
3640 4964 24 88 ;
3752 4936 488 100 Aeolian
4324 4964 196 84 co.,
4608 4940 280 96 New

312 5076 340 96 York.
804 5096 160 108 [©
1040 5080 248 112 text
1356 5080 228 88 and
1652 5072 784 116 illustrations
2504 5100 144 68 on
2720 5072 364 96 music
3152 5076 316 116 roll]
4408 5068 280 100 6191

148 5304 736 144 Rossman,
964 5300 412 148 Mary
1452 5296 656 152 Blanche,
2196 5300 320 124 1872
2520 5376 84 12 –

320 5520 548 132 Graded
944 5532 676 112 sentences
1692 5516 220 124 for
1992 5516 632 164 analysis,
2700 5516 568 128 selected
3344 5516 364 124 from
3784 5520 228 124 the
4080 5516 292 128 best
4436 5516 456 128 litera-

152 5724 300 108 ture
564 5708 268 120 and
940 5700 1064 164 systematically
2116 5704 520 160 graded
2748 5700 224 128 for
3084 5704 340 124 class
3536 5748 272 112 use,
3916 5700 184 168 by
4212 5704 408 164 Mary
4732 5708 160 120 B.

160 5892 652 124 Rossman
884 5892 268 120 and
1216 5888 404 164 Mary
1672 5888 216 128 W.
1956 5888 420 124 Mills.
2556 5888 228 124 6th
2852 5888 200 124 ed.
3232 5888 328 124 New
3632 5888 432 160 York,
4128 5888 436 128 Noble
4628 5892 260 124 and

160 6076 424 128 Noble
668 6080 440 152 [ͨ1926]

316 6272 64 92 2
440 6300 104 84 p.
604 6276 36 88 l
660 6344 52 40 .,
772 6268 124 96 3–
912 6272 132 96 77
1104 6296 104 88 p.
1348 6268 1152 108 17½ͨͫ.

320 6440 540 96 Lettered
916 6464 140 68 on
1112 6464 396 68 cover:
1568 6432 272 100 1200
1896 6444 596 88 sentences
2540 6436 192 96 for
2784 6440 300 92 class
3136 6440 380 112 study.

324 6576 316 92 Each
704 6572 436 96 section
1212 6576 556 108 preceded
1836 6572 144 112 by
2048 6572 564 92 half-title
2680 6596 288 88 page
3036 6576 200 88 not
3312 6572 536 96 included
3916 6572 120 96 in
4108 6572 456 116 paging.

164 6724 116 116 ©
348 6744 260 96 Jan.
672 6744 160 108 12,
896 6740 332 112 1927;
1296 6740 160 96 2c.
1520 6740 300 96 June
1880 6740 124 112 3;
2072 6736 196 104 aff.
2332 6744 260 96 Jan.
2656 6744 196 108 11;
2920 6744 96 88 A
3076 6740 476 112 990795;
3624 6744 116 92 M
3756 6820 20 20 .
3840 6744 128 96 B.
4036 6744 564 96 Rossman
4664 6748 232 92 and

324 6876 336 112 Mary
728 6880 172 96 W.
976 6876 204 92 Mil
1188 6880 40 88 l
1236 6900 84 88 s,
1400 6876 160 96 St.
1640 6876 380 96 Louis.
2188 6876 668 116 (27-15808)
4412 6872 288 104 6192

160 7100 508 148 Smith,
736 7100 456 128 David
1260 7104 620 148 Eugene.

400 7320 80 136 …
560 7320 704 124 Teachers'
1336 7320 260 160 key
1668 7332 140 112 to
1888 7320 584 128 General
2552 7320 332 160 high
2968 7320 448 124 school
3496 7320 980 132 mathematics,
4556 7320 348 124 book

172 7516 104 144 1,
360 7504 180 164 by
620 7504 168 120 D.
880 7504 156 120 E.
1132 7504 496 160 Smith,
1712 7504 372 128 John
2172 7504 480 124 Albert
2748 7504 532 164 Foberg
3372 7508 268 124 and
3728 7504 620 128 William
4436 7504 460 128 David

164 7692 468 120 Reeve.
796 7692 556 156 Boston,
1424 7692 328 120 New
1828 7692 388 120 York
2300 7704 324 144 [etc.]
2720 7688 368 128 Ginn
3164 7692 264 124 and
3508 7732 668 120 company
4264 7692 144 160 [ͨ
4360 7692 320 124 1927
4668 7732 48 92 ]

324 7884 164 112 iii,
556 7884 204 96 255
832 7908 100 88 p.
1072 7880 424 116 diagrs.
1632 7884 720 104 21½ͨͫ.

172 8008 120 116 ©
360 8020 304 92 June
724 8016 164 112 28,
956 8016 336 112 1927;
1364 8020 160 96 2c.
1592 8020 276 112 July
1936 8020 192 96 14;
2204 8020 200 96 aff.
2472 8020 276 112 July
2816 8020 196 108 13;
3088 8020 96 92 A
3248 8020 132 96 99
3388 8020 64 96 0
3456 8020 272 112 971;
3804 8020 300 96 Ginn
4176 8024 224 92 and
4468 8044 160 72 co.

4424 8152 284 100 6193

160 8272 468 152 Stehr,
724 8276 768 148 Hermann,
1596 8284 316 116 1864
1916 8356 84 12 –

332 8492 284 124 Das
688 8488 712 124 Hermann
1488 8488 880 160 Stehr-buch;
2456 8492 292 128 eine
2824 8496 604 136 auswahl
3512 8540 236 80 aus
3824 8492 452 128 seinen
4352 8496 548 124 weltan-

168 8672 856 128 schaulichen
1104 8676 828 164 dichtungen
2008 8696 92 96 u
2108 8680 180 124 nd
2368 8676 900 164 gesprächen;
3352 8680 252 124 mit
3684 8688 152 116 15
3912 8680 988 164 bildbeigaben.

176 8852 1404 168 Berlin-Grunewald,
1644 8860 1012 168 Horen-verlag
2732 8860 456 160 [ͨ1927]

336 9052 204 96 168
596 9080 104 84 p.
840 9052 116 92 fr
964 9076 64 72 o
1032 9056 196 108 nt.,
1288 9056 404 112 plates,
1752 9064 352 104 ports.
2248 9056 56 92 1
2316 9048 612 108 9½ͨͫ
2564 9088 24 52 .

344 9184 616 96 "Auswahl
1036 9188 232 92 und
1344 9184 708 120 einführung
2128 9216 220 68 von
2424 9188 1004 116 Hans-Christoph
3508 9188 600 120 Kaergel."

344 9320 468 96 "Erstes
864 9320 176 96 bis
1088 9320 456 96 fünftes
1604 9320 596 100 tausend."

180 9476 120 108 ©
372 9488 264 96 Feb.
696 9488 496 112 8,1927;
1264 9492 48 92 1
1332 9520 56 68 c
1400 9564 20 24 .
1492 9496 268 112 May
1824 9492 64 96 6
1928 9520 20 84 ;
2020 9496 740 112 A—Foreign
2820 9496 136 96 34
2964 9496 132 92 60
3104 9496 120 112 9;
3304 9500 868 120 Horen-verlag.

364 9616 668 124 (27-15945)
4420 9624 284 108 6194

2436 9764 240 116 935
