5920 10300
324 992 692 152 Chadsey,
1112 988 592 132 Charles
1792 992 520 124 Ernest
2320 1068 184 20 —
2512 992 772 128 Continued

492 1192 60 92 1
620 1216 104 72 v.
868 1188 308 96 illus.
1244 1188 172 116 (in
1424 1192 100 92 cl
1540 1264 20 20 .
1632 1192 388 112 maps)
2176 1188 72 92 2
2252 1188 648 108 0½ͨͫ
2500 1232 24 48 .

500 1328 332 112 Maps
896 1348 144 68 on
1100 1320 872 116 lining-papers.

500 1456 720 112 "Readings"
1292 1464 124 88 at
1476 1456 220 92 end
1756 1452 128 96 of
1940 1460 300 88 most
2304 1452 124 96 of
2492 1452 196 96 the
2752 1456 576 116 chapters.

328 1584 120 120 ©
524 1592 268 96 Dec.
856 1592 96 112 3,
1024 1592 336 112 1927;
1436 1592 160 96 2c.
1668 1592 268 96 Dec.
2008 1592 196 108 12;
2280 1588 196 100 aff.
2548 1592 272 96 Dec.
2892 1592 124 100 8;
3092 1592 100 92 A
3260 1588 548 116 1010845;
3892 1592 136 96 D.
4104 1592 116 96 C.
4292 1592 396 92 Heath
4760 1592 88 96 &
4916 1612 164 76 co.

512 1724 596 120 (28-1719)
4496 1720 360 100 12441

316 1880 928 152 Champsaur,
1316 1884 108 120 F
1424 1892 100 112 é
1512 1880 456 128 licien.

480 2072 192 120 Le
748 2068 532 128 combat
1360 2072 232 120 des
1668 2108 408 88 sexes.
2240 2064 448 164 Paris,
2768 2072 132 124 J.
2984 2064 440 128 Feren
3428 2112 68 80 c
3504 2068 124 124 zi
3704 2072 112 120 &
3892 2064 260 164 fils,
4240 2064 356 132 1927.

480 2268 60 88 1
616 2292 104 72 v.

324 2380 116 116 ©
524 2400 264 96 Jan.
860 2400 92 112 7,
1032 2400 336 112 1927;
1448 2400 160 96 1c.
1684 2396 272 100 Feb.
2028 2396 196 116 10;
2304 2396 744 116 A—Foreign
3120 2400 408 112 33135;
3616 2400 104 96 J.
3800 2392 544 100 Ferenczi
4424 2396 88 96 &
4584 2392 220 104 fils.

4504 2524 364 104 12442

320 2688 292 124 The
696 2688 100 124 C
804 2684 48 124 l
856 2724 316 88 assr
1184 2724 168 88 oo
1356 2724 140 84 m
1584 2688 576 124 teacher.
2336 2688 208 120 Mi
2552 2688 52 120 l
2612 2732 72 80 o
2776 2688 164 124 B.
3028 2680 676 168 Hillegas,
3792 2728 240 84 PH.
4120 2728 164 120 D.,
4372 2728 72 84 e
4448 2688 144 124 di
4600 2700 216 112 tor
4824 2760 44 16 -
4880 2684 48 124 i
4932 2724 144 84 n-

480 2916 68 84 c
552 2872 228 128 hie
788 2868 68 124 f
888 2916 28 120 ;
1004 2872 596 128 Thomas
1680 2868 188 128 H.
1948 2868 556 168 Briggs,
2576 2912 240 88 PH.
2896 2916 164 120 D.,
3136 2872 168 124 ed
3308 2868 44 124 i
3364 2884 56 112 t
3428 2912 192 116 or,
3692 2868 48 168 j
3760 2868 236 124 uni
4008 2908 76 84 o
4092 2916 120 76 r-
4220 2868 92 124 h
4320 2868 760 168 igh-school

476 3056 552 160 section,
1092 3056 272 124 and
1428 3056 368 164 sixty
1852 3056 392 128 other
2312 3052 1008 168 distinguished
3388 3056 772 160 educators;
4232 3056 336 124 with
4640 3100 172 80 an
4880 3052 196 128 in-

480 3244 776 128 troduction
1316 3244 180 164 by
1556 3240 628 132 William
2240 3240 156 128 L.
2464 3244 540 128 Russell
3108 3260 76 132 …
3376 3288 120 80 v.
3572 3244 280 160 1–7,
3916 3252 364 116 9–10.
4436 3240 648 168 Chicago,

476 3432 292 124 The
848 3424 772 132 Classroom
1696 3424 580 164 teacher,
2356 3428 256 128 inc.
2712 3424 420 164 [ͨ1927
3140 3504 32 84 ]

480 3624 68 92 9
612 3652 100 72 v.
852 3624 304 96 illus.
1224 3624 324 116 (part
1616 3624 264 112 col.)
1972 3628 376 112 plates
2412 3624 324 112 (part
2808 3628 268 112 col.)
3164 3628 376 92 tables
3608 3624 112 116 (1
3792 3624 344 112 fold.)
4228 3624 432 112 diagrs.
4796 3624 584 104 22ͨͫ.

480 3760 308 96 "The
872 3760 260 96 first
1216 3760 452 96 volume
1748 3760 324 96 deals
2152 3760 292 96 with
2524 3760 780 116 professional
3388 3760 516 116 subjects
3988 3760 644 112 applicable
4716 3772 116 84 to
4916 3764 152 92 all

312 3896 416 112 grades
808 3892 68 108 …
1076 3892 544 100 Volumes
1700 3896 260 112 two,
2056 3892 352 116 three,
2496 3892 308 116 four,
2888 3896 232 92 and
3204 3892 220 96 five
3508 3916 200 72 are
3792 3892 632 96 concerned
4508 3892 288 96 with
4880 3896 192 96 the

316 4028 312 96 work
720 4028 128 96 of
940 4028 192 96 the
1224 4028 260 96 first
1572 4028 328 96 three
1992 4028 452 116 grades.
2600 4024 544 100 Volumes
3236 4028 180 96 six
3512 4036 120 88 to
3724 4028 300 112 nine,
4116 4024 600 120 inclusive,
4812 4028 252 96 deal

320 4160 280 100 with
660 4164 196 96 the
920 4160 320 100 work
1304 4160 124 96 of
1488 4164 420 112 grades
1956 4160 156 116 IV,
2176 4168 100 108 V,
2344 4160 232 96 and
2692 4160 144 108 VI.
2916 4160 544 96 Volumes
3524 4168 196 88 ten
3784 4172 116 84 to
3964 4164 444 112 twelve,
4472 4160 600 120 inclusive,

308 4324 336 72 cover
708 4300 196 96 the
968 4296 324 100 work
1352 4292 192 100 for
1604 4296 416 116 grades
2188 4300 216 108 VII.
2496 4300 288 112 VIII,
2660 4296 228 92 and
3016 4300 144 108 IX,
3180 4316 128 72 or
3376 4292 192 100 the
3632 4292 400 116 junior
4092 4292 280 116 high
4436 4292 632 104 school."—

320 4456 96 76 v.
472 4432 96 112 1,
628 4456 108 92 p.
796 4432 300 100 v–vi.

476 4564 560 100 Contains
1108 4564 940 116 bibliographies.

320 4692 120 120 ©
548 4700 268 100 Dec.
912 4700 164 112 23,
1180 4700 332 108 1927;
1616 4700 164 96 2c.
1880 4696 280 96 each
2264 4696 228 96 and
2588 4696 196 100 aff.
2892 4696 264 96 Dec.
3256 4696 196 112 23;
3560 4696 100 92 A
3756 4696 548 112 1013821;
4416 4696 660 96 Classroom

480 4832 500 120 teacher,
1060 4832 216 100 inc.
1444 4828 596 120 (28-1751)
4492 4828 360 100 12443

312 4988 736 152 Courville,
1124 4988 532 128 Xavier
1732 4988 212 152 de,
2032 4996 328 120 1894
2364 5068 64 16 0

556 5180 84 136 …
724 5172 380 128 L'Ile
1196 5176 228 124 des
1512 5172 1048 164 misanthropes,
2648 5216 480 84 roman
3216 5216 164 84 en
3468 5180 164 120 20
3720 5172 496 128 adieux
4304 5184 132 116 et
4524 5216 184 80 un
4796 5172 272 164 6pi-

308 5360 432 168 logue.
916 5360 444 160 Paris,
1444 5356 412 148 Socié
1840 5372 56 112 t
1880 5364 84 108 é
2048 5360 228 124 des
2356 5360 68 124 é
2432 5356 512 128 ditions
3024 5360 332 124 Fast
3456 5360 244 144 [ͨ19
3708 5364 80 116 2
3796 5360 144 144 7]

472 5560 64 96 6
608 5584 108 92 p.
792 5560 36 92 l
840 5636 56 40 .,
980 5604 32 72 [
1016 5560 132 92 15
1160 5604 108 72 ]–
1268 5556 212 100 278
1548 5584 140 88 p.,
1768 5560 56 92 1
1908 5560 36 92 l
1960 5636 24 20 .
2120 5556 648 112 19ͨͫ.
2568 5556 696 116 (Collection
3340 5556 200 96 des
3624 5556 292 96 amis
3992 5556 200 96 des
4268 5556 412 96 lettres
4748 5556 320 96 fran-

304 5716 128 88 ça
444 5696 40 92 i
492 5720 212 88 ses,
768 5696 264 112 pub.
1096 5716 272 72 sous
1424 5692 112 96 la
1604 5692 568 96 direction
2232 5696 140 92 de
2432 5692 488 96 Homem
2988 5688 524 116 Christo)

308 5808 124 116 ©
516 5828 300 96 June
892 5828 168 112 17,
1136 5828 336 112 1927;
1560 5828 160 96 1c.
1800 5828 276 112 July
2156 5824 196 116 18;
2432 5824 748 112 A—Foreign
3256 5820 408 116 35316;
3760 5820 444 100 Société
4288 5828 196 92 des
4568 5820 500 100 éditions

476 5964 316 96 Fast.
968 5960 600 120 (28-1534)
4488 5952 360 104 12444

308 6084 732 152 Diamond,
1128 6084 656 152 William,
1872 6088 200 124 ed.

472 6272 384 128 Nach
864 6272 48 124 l
924 6312 268 120 ese;
1268 6312 316 120 easy
1648 6272 380 124 short
2092 6268 480 128 stories
2648 6268 356 124 from
3072 6276 1040 156 contemporary
4180 6268 604 132 German
4844 6268 212 124 lit-

308 6468 572 148 erature,
956 6456 456 128 edited
1492 6452 332 128 with
1908 6452 1040 164 introductions,
3024 6464 420 148 notes,
3524 6452 644 132 exercises
4244 6456 272 128 and
4592 6452 472 128 vocab-

304 6640 144 128 ul
456 6684 288 124 ary,
820 6640 180 164 by
1076 6640 628 132 William
1784 6640 696 128 Diamond
2564 6640 268 124 and
2916 6636 472 124 Frank
3464 6636 188 128 H.
3732 6636 592 132 Reinsch
4388 6640 80 148 …
4736 6640 332 128 New

312 6828 424 160 York,
792 6828 188 124 H.
1044 6828 348 124 Holt
1460 6824 268 124 and
1792 6864 676 124 company
2540 6828 160 144 [ͨ
2636 6824 352 128 1927]

468 7024 148 116 vi,
684 7028 204 92 313
952 7048 108 92 p.
1200 7020 716 112 19½ͨͫ.

308 7132 124 116 ©
496 7160 268 92 Dec.
828 7156 160 116 16,
1056 7156 336 112 1927;
1460 7140 160 112 2c.
1684 7156 268 100 Dec.
2016 7156 196 112 22;
2284 7180 68 68 a
2360 7152 96 96 ff
2460 7236 20 16 .
2548 7156 264 96 Dec.
2880 7152 196 112 23;
3144 7152 100 92 A
3308 7152 548 112 1013813;
3928 7156 404 116 Henry
4396 7156 292 96 Holt
4748 7156 88 96 &
4900 7180 160 72 co.

492 7292 596 116 (28-1538)
4480 7284 352 100 12445

304 7420 452 148 Diehl,
832 7416 372 128 John
1280 7416 148 132 C.

476 7600 588 128 Natural
1160 7644 240 120 gas
1500 7600 772 164 handbook,
2368 7600 180 164 by
2648 7596 376 132 John
3132 7596 148 132 C.
3388 7596 360 128 Dieh
3756 7596 48 124 l
3816 7696 24 24 .
4036 7596 368 168 Erie,
4508 7600 560 160 Penna.,

312 7788 484 124 Metric
904 7784 412 124 metal
1424 7780 444 128 works
1972 7780 156 128 of
2228 7784 232 124 the
2564 7780 732 128 American
3404 7792 424 116 meter
3940 7824 712 124 company,
4764 7780 304 168 inc.,

316 7972 352 124 1927.

476 8160 208 96 578
740 8188 104 88 p.
912 8160 116 92 in
1040 8164 100 92 cl
1152 8236 20 20 .
1236 8156 340 116 illus.,
1640 8160 404 116 tables,
2108 8160 432 112 diagrs.
2676 8156 620 108 20ͨͫ.

480 8296 700 112 Supersedes
1252 8296 352 92 Hand
1664 8296 292 92 book
2028 8292 124 96 of
2220 8296 476 92 natural
2768 8316 204 88 gas
3040 8292 148 112 by
3256 8292 404 112 Henry
3732 8296 124 92 P.
3932 8296 600 96 Westcott.

308 8400 116 108 ©
512 8428 244 100 Oct.
832 8432 96 112 1,
1012 8428 332 112 1927;
1428 8428 164 96 2c.
1672 8432 228 92 and
1980 8428 196 100 aff.
2260 8432 268 92 Dec.
2608 8428 196 112 17;
2892 8428 100 88 A
3068 8428 552 112 1013647;
3704 8428 416 96 Metric
4200 8432 356 92 metal
4640 8428 412 100 works.

492 8564 596 116 (28-1439)
4480 8556 352 100 12446

300 8688 384 148 Dole,
764 8684 584 132 Charles
1420 8684 696 152 Fletcher,
2196 8696 324 116 1845
2524 8764 84 16 –
2612 8684 360 128 1927.

468 8872 292 128 The
840 8868 736 128 victorious
1656 8872 728 160 goodness;
2472 8912 176 84 an
2728 8868 296 164 epic
3104 8864 156 128 of
3340 8868 644 164 spiritual
4068 8872 732 156 evolution,
4876 8868 180 160 by

308 9052 560 132 Charles
940 9052 160 128 F.
1168 9056 352 124 Dole
1620 9068 84 132 …
1920 9056 332 128 New
2324 9052 432 160 York,
2820 9056 216 128 W.
3104 9052 420 128 Neale
3612 9052 500 148 [ͨ1927]

464 9256 200 112 xii,
736 9248 420 104 13-120
1220 9280 108 88 p.
1464 9248 684 112 19½ͨͫ.

304 9364 124 116 ©
512 9388 260 96 Dec.
852 9388 164 112 22,
1096 9384 336 112 1927;
1512 9384 160 96 2c.
1752 9388 232 92 and
2060 9408 60 68 a
2136 9384 68 92 f
2156 9384 100 100 f.
2336 9384 268 96 Dec.
2680 9380 200 116 23;
2964 9380 96 92 A
3136 9380 548 116 1013794;
3772 9380 116 104 C.
3972 9384 124 96 F.
4176 9384 320 112 Dole,
4580 9384 464 92 Boston.

488 9520 596 116 (28-1541)
4472 9508 356 104 12447

2520 9648 316 120 1843
