5968 10284
764 956 456 156 Isbell,
1296 960 420 152 Mary
1716 1036 184 20 —
1908 960 776 132 Continued

928 1160 64 96 3
1060 1184 104 88 p.
1224 1164 40 88 l
1280 1232 56 40 .,
1412 1204 20 72 [
1444 1160 96 116 3]
1552 1212 72 12 –
1624 1160 204 96 149
1896 1188 100 84 p.
2176 1164 204 92 col.
2448 1160 392 112 front.,
2912 1164 148 112 pl.
3204 1160 64 96 2
3276 1160 684 128 0½ͨͫ.

768 1272 112 108 ©
976 1292 304 116 Sept.
1360 1296 164 108 16,
1600 1296 336 112 1927;
2020 1296 164 96 2c.
2264 1296 244 96 Oct.
2588 1296 196 112 19;
2864 1296 196 100 aff.
3144 1296 248 100 Oct.
3468 1300 196 112 10;
3748 1300 100 92 A
3924 1300 548 116 1007750;
4560 1308 336 112 Mary
4976 1308 128 92 E.
5188 1308 348 96 Isbell

928 1428 492 116 Gettins,
1480 1428 588 116 Stockton,
2124 1428 344 100 Calif.
2640 1432 668 116 (27-21885)
5028 1436 284 104 9030

760 1584 472 152 Jones,
1312 1584 736 132 Charlotte
2128 1588 828 128 Chambers.

936 1772 532 164 Things
1536 1784 144 116 to
1756 1776 392 124 make
2240 1852 32 80 [
2280 1772 260 164 by]
2600 1772 712 132 Charlotte
3392 1776 148 132 C.
3624 1776 456 132 Jones.
4248 1780 560 164 Boston,
4896 1780 648 168 Chicago,

764 1956 292 128 The
1112 1956 596 168 Pilgrim
1768 2004 376 120 press
2240 1956 404 144 [ͨ1927
2648 2040 36 80 ]

928 2152 168 112 iii,
1160 2152 132 96 77
1352 2176 104 92 p.
1600 2152 308 96 illus.
2052 2152 508 104 27½ͨͫ.

764 2260 112 112 ©
948 2288 280 116 July
1288 2288 92 116 1,
1444 2288 340 108 1927;
1852 2288 164 96 2c.
2080 2292 228 92 and
2372 2288 200 96 aff.
2640 2288 244 100 Oct.
2948 2288 196 116 15;
3216 2288 96 96 A
3372 2288 552 116 1007653;
4000 2292 428 116 Sidney
4492 2292 132 100 A.
4692 2296 500 96 Weston,
5264 2296 272 100 Bos-

924 2432 236 88 ton.
1328 2420 668 116 (27-21909)
5024 2428 288 104 9031

752 2580 564 152 Katzin,
1392 2580 752 152 Winifred,
2220 2624 428 120 comp.

932 2768 432 164 Eight
1424 2768 740 164 European
2224 2772 436 164 plays,
2724 2772 576 128 selected
3356 2772 184 164 by
3596 2768 712 132 Winifred
4364 2772 560 164 Katzin,
4988 2776 552 164 preface

760 2952 176 164 by
1008 2956 560 124 Barrett
1632 2956 188 124 H.
1896 2948 460 136 Clark.
2540 2960 336 124 New
2944 2956 428 164 York,
3452 2960 852 160 Brentano's,
4380 2956 360 132 1927.

924 3144 248 116 xiii,
1236 3144 212 96 426
1508 3172 100 92 p.
1756 3144 1024 108 21ͨͫ.

924 3284 192 92 All
1188 3284 124 92 of
1384 3284 200 96 the
1660 3284 336 112 plays
2068 3308 304 72 were
2452 3284 652 96 translated
3180 3284 144 112 by
3412 3288 196 92 the
3684 3284 588 120 compiler,
4348 3288 408 116 except
4832 3284 104 100 A
5008 3288 336 116 place
5416 3288 120 100 in

756 3416 196 96 the
1024 3420 400 112 world,
1492 3416 384 96 which
1940 3440 244 72 was
2256 3420 656 92 translated
2980 3420 148 108 by
3200 3416 292 100 Miss
3564 3420 436 96 Katzin
4072 3424 228 92 and
4372 3424 480 96 Barrett
4928 3420 140 100 H.
5144 3420 388 104 Clark.

924 3552 1328 96 CONTEXTS.—French:
2352 3552 584 112 Glamour,
3028 3552 148 112 by
3264 3556 104 92 J.
3456 3556 104 92 J.
3648 3556 568 100 Bernard.
4368 3556 544 116 Martine,
4996 3560 148 112 by
5236 3560 72 96 J
5320 3632 20 24 .
5428 3560 108 100 J.

756 3688 1224 96 Bernard.—Italian:
2072 3688 240 92 The
2404 3684 396 116 stairs,
2888 3688 148 112 by
3128 3688 132 96 R.
3356 3688 116 96 di
3572 3688 228 100 San
3900 3692 1268 96 Secondo.—German:
5264 3692 272 100 Fire

756 3820 120 96 in
948 3824 200 92 the
1212 3848 348 88 opera
1636 3824 396 112 house,
2100 3824 148 108 by
2324 3820 128 96 G.
2524 3820 456 96 Kaiser.
3128 3824 240 92 The
3444 3820 736 116 Nüremburg
4252 3848 240 88 egg,
4568 3824 148 112 by
4792 3828 176 96 W.
5040 3828 496 96 Harlan.

756 3960 540 92 Madame
1368 3956 460 112 Legros,
1908 3956 148 112 by
2128 3956 144 96 H.
2356 3956 388 96 Mann.
2888 3956 100 92 A
3064 3960 324 108 place
3468 3956 120 92 in
3668 3960 196 92 the
3940 3960 400 112 world,
4416 3960 148 112 by
4640 3956 124 104 C.
4844 3960 72 100 S
4928 3956 608 104 ternheim.

756 4088 456 100 Uncle's
1272 4092 280 96 been
1612 4088 636 116 dreaming,
2308 4092 144 112 by
2512 4092 144 96 K.
2720 4088 708 100 Vollmöller.

748 4224 120 112 ©
944 4228 244 96 Oct.
1256 4228 164 116 17,
1488 4224 332 112 1927;
1892 4228 164 96 2c.
2124 4228 228 96 and
2420 4224 196 100 aff.
2684 4224 244 100 Oct.
2992 4224 200 112 20;
3264 4228 96 92 A
3428 4224 556 116 1004706;
4056 4228 728 116 Brentano's,
4852 4228 216 100 inc.

932 4360 668 120 (27-21989)
5012 4360 292 104 9032

740 4520 820 152 Klemgard,
1632 4516 496 132 Edwin
2196 4516 400 152 Neal,
2680 4528 316 116 1901
3000 4596 84 16 –

912 4704 592 128 Lubrica
1512 4716 60 112 t
1576 4708 248 160 ing
1924 4748 576 120 greases,
2596 4704 184 164 by
2884 4704 156 124 E.
3148 4708 172 124 N.
3428 4708 140 120 K
3576 4708 48 120 l
3632 4704 560 164 emgard
4264 4720 80 136 …
4652 4708 336 128 New
5096 4708 432 160 York,

752 4896 112 120 B
876 4936 76 84 o
960 4892 176 172 ok
1212 4892 912 164 department,
2200 4892 292 124 The
2576 4888 696 132 Chemical
3356 4892 540 164 catalog
3976 4932 712 124 company,
4772 4892 300 164 inc.,
5164 4892 360 132 1927.

912 5084 56 96 1
980 5076 64 100 9
1056 5084 60 96 8
1184 5112 100 92 p.
1348 5084 120 96 in
1476 5092 100 88 cl
1596 5164 16 20 .
1680 5084 408 96 tables.
2228 5084 756 108 23½ͨͫ.

744 5192 116 112 ©
944 5224 304 112 Sept.
1312 5224 164 96 28,
1548 5220 336 112 1927;
1960 5224 164 92 2c.
2196 5220 308 116 Sept.
2568 5216 200 116 30;
2840 5216 196 104 aff.
3116 5220 304 112 Sept.
3488 5220 204 112 29;
3764 5224 96 88 A
3928 5220 552 116 1007307;
4556 5220 588 100 Chemical
5212 5224 308 96 cata-

896 5360 192 112 log
1136 5384 192 88 co.,
1384 5360 216 96 inc.
1768 5356 676 116 (27-21760)
5008 5356 288 100 9033

740 5512 560 152 Kneier,
1376 5512 588 128 Charles
2028 5512 644 152 Mayard.

904 5696 388 136 State
1392 5696 776 168 regulation
2264 5696 156 128 of
2516 5696 468 164 public
3072 5696 584 132 utilities
3752 5696 148 128 in
3992 5696 592 164 Illinois,
4672 5696 180 172 by
4952 5700 564 132 Charles

732 5888 588 164 Mayard
1384 5888 516 124 Kneier
2004 5888 84 144 …
2300 5884 612 160 Urbana,
2976 5884 292 128 The
3332 5884 808 164 University
4200 5884 160 128 of
4420 5888 80 124 I
4508 5888 48 124 l
4560 5884 408 128 linois
5044 5888 340 144 [ͨ192
5392 5888 76 132 7
5476 5964 28 84 ]

896 6084 208 96 226
1168 6116 100 84 p.
1336 6084 124 96 in
1468 6088 100 92 cl
1584 6164 16 20 .
1668 6084 408 96 tables.
2208 6080 684 112 24½ͨͫ.
2716 6080 380 120 (Adde
3108 6084 72 92 d
3248 6080 292 116 t.-p.:
3608 6080 676 120 University
4352 6084 124 96 of
4540 6080 460 100 Illinois
5064 6084 448 96 studies

732 6224 120 96 in
920 6224 196 96 the
1188 6216 360 104 social
1620 6216 540 116 sciences,
2228 6220 224 92 vol.
2516 6224 232 108 xiv,
2824 6240 180 72 no.
3072 6216 120 112 1)

896 6356 896 112 Bibliography:
1880 6376 104 92 p.
2056 6348 520 100 208–215.

736 6480 120 116 ©
920 6492 288 112 Aug.
1268 6484 172 116 25,
1500 6484 336 112 1927;
1900 6484 164 96 2c.
2128 6484 228 92 and
2416 6480 200 100 aff.
2684 6480 88 96 O
2788 6488 140 96 ct.
2988 6480 128 112 3;
3180 6480 104 92 A
3344 6480 548 112 1007357;
3968 6480 680 116 University
4708 6480 124 100 of
4900 6480 484 104 Illinois.

920 6624 396 120 (27-21
1328 6620 68 100 9
1396 6624 192 112 17)
5000 6616 64 100 9
5080 6612 132 108 03
5224 6612 64 100 4

728 6780 968 148 Kronenberg,
1772 6776 380 124 Max.

900 6964 840 164 Grundzüge
1844 6964 240 124 der
2188 6960 1372 164 zerspanungslehre;
3676 6960 288 128 eine
4080 6960 216 128 ein
4308 6956 152 160 fü
4476 6956 168 128 hr
4648 7004 88 80 u
4744 7000 192 128 ng
5040 6960 144 124 in
5296 6960 216 128 die

740 7152 508 124 theorie
1328 7152 240 124 der
1636 7144 1232 164 spanabhebenden
2952 7144 656 164 formung
3684 7144 288 128 und
4048 7144 300 128 ihre
4428 7144 864 168 anwendung
5368 7144 136 128 in

732 7336 240 124 der
1032 7332 512 164 praxis,
1608 7372 268 84 von
1936 7328 548 168 dr.-ing.
2560 7328 332 124 Max
2960 7328 908 168 Kronenberg
3944 7340 84 136 …
4156 7328 260 128 mit
4488 7328 236 132 170
4792 7328 716 128 abbildun-

732 7564 260 120 gen
1080 7520 188 124 im
1360 7528 296 116 text
1744 7516 284 124 und
2124 7516 372 124 einer
2608 7512 1132 156 übersichtstafel.
3928 7512 532 164 Berlin,
4552 7512 132 132 J.
4796 7508 708 172 Springer,

736 7700 356 132 1927.

896 7892 228 116 xiv,
1188 7892 204 96 264
1456 7924 100 84 p.
1704 7892 340 116 illus.,
2104 7888 428 120 diagrs.
2600 7892 116 116 (1
2780 7892 284 96 fold.
3128 7892 116 92 in
3304 7892 468 112 pocket)
3936 7892 612 108 24ͨͫ.

728 8000 116 112 ©
920 8032 288 96 Mar.
1272 8028 168 112 29,
1504 8028 340 112 1927;
1976 8020 152 120 1c.
2140 8032 276 108 May
2472 8028 200 112 25;
2744 8024 744 116 A—Foreign
3548 8024 416 116 35077;
4040 8024 392 96 Julius
4504 8024 584 116 Springer.

908 8160 668 116 (27-21911)
4988 8156 284 100 9035

720 8284 528 152 Lange,
1320 8284 496 128 Alexis
1888 8284 800 152 Frederick,
2768 8292 320 120 1862
3092 8360 84 16 —
3188 8292 360 116 1924.

888 8472 288 128 The
1268 8472 472 164 Lange
1828 8472 416 156 book;
2348 8472 228 128 the
2668 8472 640 124 collected
3404 8472 628 164 writings
4128 8468 156 128 of
4372 8516 76 76 a
4544 8480 384 156 great
5016 8468 472 124 educa-

720 8660 432 124 tional
1260 8656 920 164 philosopher,
2288 8660 180 156 by
2572 8652 476 128 Alexis
3156 8656 748 124 Frederick
4008 8660 540 156 Lange;
4660 8652 456 128 edited
5224 8648 264 128 and

720 8844 332 124 with
1128 8888 176 80 an
1372 8840 936 124 introduction
2380 8840 184 160 by
2632 8840 544 124 Arthur
3240 8840 180 124 H.
3512 8836 1012 132 Chamberlain.
4712 8836 284 132 San
5064 8840 424 120 Fran-

720 9028 384 160 cisco,
1180 9028 288 124 The
1548 9020 448 128 Trade
2072 9024 800 164 publishing
2948 9064 668 124 company
3708 9028 152 144 [ͨ
3804 9024 328 128 1927
4108 9060 56 96 ]

884 9224 60 92 1
1008 9252 104 84 p.
1176 9228 36 88 l
1228 9292 56 44 .,
1344 9220 224 96 xvi,
1640 9220 208 96 302
1908 9248 96 88 p.
2152 9220 360 96 front.
2572 9216 416 120 (port.)
3152 9216 680 112 21ͨͫ.

912 9352 308 116 Sept.
1276 9356 164 100 28,
1504 9356 332 112 1927;
1904 9340 160 112 2c.
2128 9352 244 100 Oct.
2432 9352 68 92 5
2536 9376 24 92 ;
2624 9380 60 68 a
2704 9352 120 96 ff.
2888 9352 244 100 Oct.
3188 9356 132 112 4;
3384 9352 96 92 A
3540 9352 552 116 1007404;
4160 9352 380 96 Trade
4604 9344 260 124 pub.
4924 9376 160 72 co.

904 9492 668 112 (27-21765)
4976 9480 284 100 9036

2944 9616 328 120 1354
