5968 10284
828 912 508 148 Fuller,
1420 912 736 148 Raymond
2240 904 612 132 Garfield
2860 984 184 20 —
3052 904 776 132 Continued

840 1100 224 128 for
1136 1104 228 124 the
1436 1100 912 160 Department
2424 1092 152 132 of
2656 1096 616 124 research
3332 1100 76 144 …
3692 1092 332 128 New
4104 1092 388 128 York
4572 1140 64 80 c
4644 1092 48 128 i
4696 1108 64 112 t
4760 1136 132 120 y,
4964 1092 600 128 Nationa
5576 1096 32 124 l

832 1288 368 128 child
1280 1288 388 128 labor
1740 1284 808 160 committee,
2632 1280 360 132 1927.

996 1488 64 92 2
1108 1512 104 88 p.
1268 1488 40 88 l
1316 1560 56 40 .,
1420 1488 68 88 4
1492 1484 68 96 0
1608 1512 100 88 p.
1852 1484 720 108 23ͨͫ
2100 1528 24 48 .

832 1632 120 112 ©
1040 1656 272 116 Apr.
1396 1656 164 112 28,
1648 1656 336 100 1927;
2076 1656 160 96 2c.
2320 1656 232 92 and
2636 1648 200 104 aff.
2924 1656 268 108 May
3276 1652 128 112 2;
3496 1648 100 96 A
3676 1648 476 104 976321;
4244 1648 560 96 National
4888 1648 312 100 child
5284 1648 328 100 labor

996 1792 688 96 committee.
1856 1792 672 116 (27-11727)
5128 1780 288 104 4200

832 2052 316 152 Gill,
1220 2052 756 152 Augustus
2044 2052 676 148 Herman,
2804 2056 320 120 1864
3120 2128 92 16 –

1004 2240 132 124 A
1212 2240 384 128 short
1676 2236 792 128 hand-book
2548 2236 152 124 of
2780 2236 188 124 oil
3048 2236 648 160 analysis,
3768 2236 184 164 by
4028 2236 716 164 Augustus
4816 2236 188 128 H.
5084 2236 296 132 Gill
5500 2240 84 144 …

848 2428 308 124 11th
1232 2428 248 160 ed.,
1548 2472 272 80 rev.
1900 2428 268 124 and
2248 2424 256 128 enl.
2664 2424 972 164 Philadelphia
3716 2428 112 120 &
3892 2424 624 164 London,
4588 2420 132 136 J.
4800 2428 160 124 B.
5032 2424 584 164 Lippin-

828 2624 284 116 cott
1184 2656 716 120 company,
1988 2608 356 132 1927.

1000 2812 68 96 2
1076 2812 132 100 93
1284 2836 108 92 p.
1476 2812 188 96 inc
1668 2812 40 92 l
1720 2888 20 20 .
1824 2808 40 92 i
1872 2812 84 92 ll
1972 2836 64 68 u
2048 2836 120 88 s.,
2252 2808 412 100 tables.
2808 2808 432 116 diagrs.
3308 2804 324 120 (part
3716 2804 348 120 fold.)
4224 2808 760 112 21ͨͫ.

1004 2972 844 100 "References"
1932 2980 128 92 at
2144 2980 220 92 end
2452 2972 124 100 of
2656 3000 312 72 some
3056 2972 124 100 of
3264 2976 196 96 the
3544 2976 548 112 chapters
4132 3000 24 92 ;
4248 2972 968 120 bibliographical
5332 2976 292 100 foot-

836 3116 364 96 notes.

836 3252 120 112 ©
1036 3284 272 112 Apr.
1380 3284 160 112 30,
1620 3284 336 108 1927;
2032 3284 64 88 2
2108 3308 56 68 c
2176 3356 16 24 .
2264 3284 232 92 and
2568 3280 192 96 aff.
2844 3284 272 108 May
3188 3276 196 116 18;
3464 3284 96 88 A
3632 3276 480 116 990147;
4192 3284 104 96 J.
4376 3284 128 96 B.
4580 3280 668 120 Lippincott
5320 3308 164 72 co.

1020 3420 676 120 (27-11403)
5132 3412 288 104 4201

832 3676 864 152 Giraudoux,
1776 3680 400 148 Jean,
2264 3684 324 120 1882
2592 3756 84 12 –

1132 3872 72 136 …
1276 3868 460 160 Bella;
1852 3868 764 124 translated
2728 3864 364 128 from
3200 3860 228 136 the
3536 3868 540 124 French
4180 3868 184 160 by
4472 3868 132 128 J.
4720 3868 156 128 F.
4996 3868 624 132 Scanlan.

836 4056 332 124 New
1256 4056 392 124 York
1728 4056 272 124 and
2084 4056 624 160 London,
2792 4056 168 124 A.
3048 4056 172 124 A.
3308 4052 536 164 Knopf,
3936 4052 360 132 1927.

1004 4256 60 96 3
1120 4280 100 92 p.
1280 4256 104 112 1.,
1444 4252 208 96 256
1700 4280 140 88 p.,
1896 4256 56 92 1
2008 4256 36 92 l
2060 4332 20 16 .
2224 4252 756 112 19½ͨͫ.

840 4400 116 108 ©
1036 4428 272 112 May
1380 4424 164 112 20,
1624 4424 336 112 1927;
2036 4428 164 92 2c.
2276 4428 228 92 and
2576 4420 200 100 aff.
2852 4428 268 108 May
3192 4424 200 112 23;
3468 4424 100 92 A
3640 4420 480 116 976725;
4200 4424 416 96 Alfred
4684 4420 132 104 A.
4892 4420 428 120 Knopf,
5400 4424 216 100 inc.

1024 4560 668 120 (27-11716)
5132 4556 288 100 4202

840 4784 548 152 Golder,
1472 4784 476 128 Frank
2028 4784 548 152 Alfred,
2668 4784 320 128 1877
2988 4864 92 12 –

1008 4972 224 132 On
1284 4976 232 124 the
1564 4972 332 128 trail
1948 4972 152 124 of
2156 4976 228 124 the
2436 4972 592 128 Russian
3088 4972 520 128 famine
3680 4972 256 168 [by]
4008 4972 480 128 Frank
4540 4972 508 132 Alfred
5108 4972 516 132 Golder

840 5164 276 124 and
1236 5160 580 128 Lincoln
1944 5160 880 128 Hutchinson
2892 5168 80 144 …
3368 5156 676 132 Stanford
4172 5160 852 168 University,
5152 5156 196 136 Ca
5360 5164 44 120 l
5412 5160 44 124 i
5472 5160 64 124 f
5552 5260 68 64 .,

840 5348 676 132 Stanford
1588 5348 764 164 university
2428 5392 420 120 press,
2924 5348 360 128 1927.

1004 5540 200 120 xii,
1280 5544 212 96 319
1564 5572 104 88 p.
1812 5540 392 116 front.,
2280 5544 412 116 plates.
2836 5540 64 96 2
2908 5540 648 112 3ͨͫ
3088 5584 24 48 .

1008 5712 336 116 Maps
1404 5736 148 68 on
1608 5708 876 116 lining-papers.

840 5864 116 116 ©
1020 5884 272 112 Apr.
1348 5880 164 112 30,
1572 5880 336 100 1927;
1972 5876 164 96 2c.
2192 5880 272 112 May
2520 5876 196 112 16;
2780 5876 200 100 aff.
3044 5880 268 112 May
3372 5880 192 108 18;
3632 5880 100 92 A
3788 5876 476 116 990144;
4340 5880 564 96 Stanford
4964 5880 652 116 university

1000 6044 360 88 press.
1532 6012 668 120 (27–11625)
5128 6012 292 104 4203

840 6240 708 152 Goodwin,
1624 6240 612 128 Edward
2312 6236 500 156 Lewis,
2896 6248 316 116 1855
3220 6320 88 12 –
3316 6244 360 124 1924.

1004 6432 292 124 The
1364 6428 588 124 colonial
2020 6428 504 124 church
2596 6428 140 124 in
2808 6428 696 164 Virginia,
3576 6428 340 124 with
3988 6428 956 164 biographical
5016 6432 608 128 sketches

840 6612 152 128 of
1072 6616 228 124 the
1384 6612 300 124 first
1768 6612 204 124 six
2060 6612 560 160 bishops
2704 6608 148 128 of
2936 6612 232 124 the
3252 6612 524 124 diocese
3860 6612 156 128 of
4100 6612 692 168 Virginia,
4876 6620 276 124 and
5236 6620 388 124 other

836 6800 708 128 historical
1612 6840 540 120 papers,
2224 6800 624 164 together
2916 6796 336 128 with
3320 6796 368 128 brief
3756 6800 956 164 biographical
4784 6804 608 132 sketches
5468 6804 152 128 of

836 6988 232 128 the
1160 6984 584 128 colonial
1836 6984 464 164 clergy
2392 6984 152 124 of
2636 6984 696 164 Virginia,
3428 6984 184 164 by
3704 6988 228 124 the
4032 6988 332 124 Rev.
4468 6988 612 128 Edward
5176 6988 444 132 Lewis

840 7168 676 132 Goodwin
1584 7176 80 144 …
1824 7212 120 80 w
1952 7168 208 124 ith
2236 7212 64 80 a
2392 7168 224 124 for
2624 7212 72 80 e
2700 7168 376 124 word
3152 7168 84 124 b
3240 7212 92 120 y
3408 7172 232 124 the
3720 7172 124 124 R
3852 7180 56 116 t
3920 7272 28 24 .
4032 7172 328 128 Rev.
4440 7172 288 128 Wil
4736 7176 48 124 l
4792 7172 276 128 iam
5148 7176 416 128 Cabel
5572 7176 44 124 l

840 7360 508 124 Brown
1424 7364 84 132 …
1636 7352 272 128 and
1972 7352 936 128 introduction
2972 7352 184 164 by
3220 7356 232 124 the
3520 7356 332 124 Rev.
3928 7352 164 132 G.
4164 7360 764 124 MacLaren
5004 7364 612 164 Brydon.

836 7540 860 160 Milwaukee,
1788 7536 808 128 Morehouse
2684 7536 808 168 publishing
3584 7584 260 116 co.;
3944 7540 624 168 London,
4656 7544 172 128 A.
4928 7544 168 128 R.
5192 7548 424 124 Mow-

840 7724 380 164 bray,
1284 7728 108 120 &
1456 7764 192 88 co.
1732 7724 152 148 [ͨ
1824 7720 324 132 1927
2140 7736 48 100 ]

1008 7916 312 116 xxiv,
1380 7916 240 116 342,
1692 7960 24 76 [
1724 7916 100 116 2]
1892 7940 104 92 p.
2140 7916 396 116 front.,
2596 7916 412 116 plates,
3072 7920 360 112 ports.
3572 7916 720 108 23½ͨͫ.

1008 8084 904 112 Bibliography:
1980 8108 104 88 p.
2156 8128 28 72 [
2188 8080 64 96 3
2260 8084 164 96 43]

848 8240 116 112 ©
1036 8256 272 108 May
1368 8256 92 108 1,
1528 8252 132 96 19
1668 8252 64 92 2
1744 8256 120 108 7;
1932 8252 164 96 2c.
2164 8252 224 96 and
2456 8252 196 96 aff.
2720 8260 120 88 M
2848 8276 140 88 ay
3056 8252 196 112 16;
3324 8252 96 92 A
3488 8252 64 96 9
3560 8252 60 96 9
3632 8252 272 96 0066
3944 8280 20 88 ;
4040 8256 684 96 Morehouse
4792 8264 264 112 pub.
5124 8288 160 72 co.

1028 8388 668 116 (27-11311)
5124 8396 140 96 42
5272 8396 64 100 0
5348 8396 68 100 4

840 8616 604 144 Gothan,
1516 8612 540 128 Walter
2124 8612 488 128 Ulrich
2692 8612 572 124 Eduard
3340 8612 776 128 Friedrich.

1004 8796 1336 164 Palaeobiologische
2436 8796 1080 164 betrachtungen
3636 8800 48 112 ü
3708 8804 240 120 ber
4044 8804 216 124 die
4368 8804 464 128 fossile
4928 8808 676 164 pflanzen-

840 8988 348 120 welt.
1356 8984 520 160 Berlin,
1964 8984 708 124 Gebrüder
2756 8988 964 160 Borntraeger,
3812 8992 356 120 1924.

1000 9184 60 92 1
1128 9208 104 68 v.

844 9336 120 112 ©
1044 9348 284 108 Aug.
1404 9348 168 100 26.
1648 9348 336 112 1924;
2068 9348 44 88 1
2120 9360 108 88 c.
2308 9348 272 112 July
2660 9348 92 112 6,
2836 9348 332 112 1926;
3252 9348 100 96 A
3356 9408 140 8 —
3500 9348 496 112 Foreign
4072 9352 408 108 31705;
4572 9352 88 96 G
4672 9348 492 120 ebrüder
5248 9356 352 92 Born-

1004 9484 112 92 tr
1124 9508 60 68 a
1200 9508 296 84 eger.
5112 9484 284 100 4205

3120 9612 236 120 640
