5920 10300
236 1024 676 148 Childers,
992 1020 484 128 James
1556 1020 460 128 Saxon
2028 1100 180 16 —
2216 1020 768 128 Continued

396 1224 64 92 3
524 1244 68 88 p
600 1296 20 20 .
680 1220 36 88 l
732 1292 52 40 .,
844 1220 236 112 313,
1148 1264 24 68 [
1180 1220 56 88 1
1252 1260 24 72 ]
1340 1244 100 88 p.
1584 1216 1136 112 19ͨͫ.

312 1384 76 108 ©
444 1388 116 88 M
564 1412 160 68 ar.
804 1384 160 112 31,
1048 1380 332 112 1927;
1460 1388 160 92 2c.
1700 1384 228 92 and
2004 1384 124 92 af
2128 1380 48 96 f
2180 1460 20 24 .
2276 1388 272 112 Apr.
2628 1384 128 104 5;
2840 1384 88 92 A
3016 1380 472 112 972503;
3576 1384 100 88 D
3696 1460 20 24 .
3792 1388 568 112 Appleton
4444 1388 84 96 &
4608 1412 160 72 co.

420 1520 592 116 (27-7180)
4492 1512 284 104 2438

236 1744 436 144 Clare,
760 1744 436 124 Israel
1284 1740 512 152 Smith,
1892 1744 320 124 1847
2212 1820 88 12 –
2308 1752 356 116 1924.

404 1928 284 124 The
760 1928 656 124 standard
1492 1928 532 164 history
2096 1928 156 124 of
2324 1928 228 124 the
2628 1932 500 156 world;
3212 1972 72 80 a
3364 1932 692 128 narrative
4136 1928 152 128 of
4364 1932 616 164 political

240 2132 448 108 events
760 2116 264 120 and
1100 2160 72 76 a
1252 2116 464 124 record
1792 2112 152 124 of
2012 2116 840 124 civilization
2928 2112 360 128 from
3364 2120 228 124 the
3668 2116 544 128 earliest
4280 2120 696 124 historical

248 2300 460 164 period
796 2312 136 112 to
1016 2300 228 124 the
1332 2316 580 144 present,
2000 2300 780 164 embracing
2868 2344 72 84 a
3028 2304 548 160 general
3660 2344 492 124 survey
4236 2300 156 128 of
4472 2304 508 128 human

248 2532 612 120 progress
956 2488 268 120 and
1320 2488 964 156 achievement,
2380 2488 320 124 civil
2796 2508 924 144 government,
3812 2488 620 164 religion,
4524 2488 456 128 litera-

248 2692 44 104 t
300 2716 276 116 ure,
676 2672 504 124 science
1284 2672 272 124 and
1656 2688 248 108 art.
2096 2676 212 160 By
2408 2672 432 124 Israel
2948 2668 448 132 Smith
3500 2672 112 132 C
3620 2676 48 120 l
3680 2720 224 80 are
3992 2680 76 132 …
4340 2676 332 124 Rev.
4780 2676 200 128 ed.

252 2860 412 124 under
756 2860 224 120 the
1076 2856 632 124 editorial
1804 2856 848 160 supervision
2748 2856 156 124 of
2996 2860 348 128 Paul
3440 2860 520 128 Leland
4056 2860 676 128 Haworth
4812 2860 84 144 …

248 3044 756 128 illustrated
1112 3044 336 124 with
1548 3068 428 136 maps,
2084 3048 660 156 portraits
2848 3048 268 124 and
3224 3048 728 164 diagrams.
4156 3044 832 164 Cincinnati,

240 3228 688 132 Standard
1000 3228 704 128 historical
1772 3232 508 160 society
2384 3228 152 152 [ͨ1
2540 3240 156 116 92
2708 3236 116 156 7]

404 3432 124 88 10
600 3456 96 68 v.
840 3428 316 92 front
1152 3440 56 76 s
1232 3504 56 36 .,
1360 3432 404 108 plates,
1840 3456 68 88 p
1920 3452 60 68 o
1992 3456 52 64 r
2060 3436 32 84 t
2108 3452 120 88 s.,
2308 3456 100 64 m
2424 3456 144 88 ap
2576 3452 88 76 s.
2804 3432 64 92 2
2872 3432 612 100 3½ͨͫ.

408 3596 380 112 Paged
856 3592 844 116 continuously.

408 3728 532 96 Editions
1024 3728 608 116 published
1716 3728 276 96 1896
1996 3784 64 12 –
2068 3728 272 96 1914
2420 3732 580 112 appeared
3088 3732 364 96 under
3536 3732 328 100 title:
3952 3732 492 120 Library
4536 3736 120 96 of
4744 3740 244 96 uni-

252 3868 368 96 versal
684 3868 488 112 history.

408 4036 784 112 CONTENTS.—
1280 4040 48 80 I
1324 4084 76 16 –
1400 4044 228 104 III.
1680 4028 488 104 Ancient
2276 4032 616 116 history.—
2912 4044 152 104 IV
3048 4044 200 104 –V.
3352 4032 568 104 Medieval
4032 4040 956 116 history.—VI–X.

256 4172 464 96 Modern
784 4168 484 116 history.

248 4308 112 108 ©
444 4344 280 92 Mar.
796 4340 156 92 25,
1032 4336 332 100 1927;
1440 4364 100 72 v.
1612 4340 228 112 1–5,
1912 4340 60 92 2
1980 4344 52 80 c
2052 4416 20 20 .
2144 4336 280 96 each
2496 4340 272 112 Apr.
2836 4340 128 108 2;
3044 4364 100 72 v.
3216 4340 304 116 6–10,
3592 4340 160 100 2c.
3824 4344 280 92 each
4180 4344 268 116 Apr.
4520 4352 44 84 1
4624 4372 20 88 ;
4728 4352 56 76 a
4804 4344 180 100 ffs.

404 4476 264 112 Apr.
744 4480 36 84 1
840 4500 16 84 ;
936 4476 92 92 A
1096 4476 64 88 9
1168 4472 272 96 7243
1448 4472 60 92 3
1528 4472 536 112 –972442;
2144 4472 144 100 H.
2360 4472 84 88 F
2464 4552 16 20 .
2560 4472 444 120 McGee,
3084 4472 536 112 Chicago.

428 4608 592 120 (27-7163)
4112 4612 280 100 2439
4400 4672 80 12 –
4484 4608 280 104 2448

244 4832 456 152 Clark,
776 4832 604 132 William
1464 4832 796 152 Lawrence,
2348 4840 312 120 1863
2672 4912 84 16 –

408 5020 132 120 A
604 5020 552 124 treatise
1220 5064 172 80 on
1464 5020 228 124 the
1760 5020 260 124 law
2092 5020 152 124 of
2316 5024 516 156 crimes,
2900 5020 180 164 by
3148 5020 356 128 Wm.
3572 5024 152 124 L.
3804 5020 760 136 Clark-and
4632 5032 176 124 W
4816 5072 172 84 m.

256 5204 140 124 L.
484 5204 668 124 Marshall
1284 5212 88 128 …
1560 5204 172 124 3d
1816 5208 248 156 ed.,
2140 5208 184 164 by
2408 5204 532 132 Judson
3024 5208 172 124 A.
3288 5204 480 132 Crane.
3948 5208 644 168 Chicago,
4680 5208 108 132 C
4804 5256 72 84 a
4892 5216 40 124 l
4944 5292 44 16 -

244 5396 496 156 laghan
832 5392 268 124 and
1192 5432 704 120 company,
1996 5396 356 124 1927.

412 5592 64 92 4
540 5616 104 88 p.
704 5592 40 92 l
760 5664 48 40 .,
876 5616 68 68 v
948 5640 72 12 –
1020 5588 284 112 lxix,
1376 5588 200 100 794
1640 5612 104 92 p.
1884 5588 680 108 23ͨͫ.

420 5756 504 100 "Second
992 5756 436 96 edition
1496 5760 144 108 by
1712 5756 564 100 Herschel
2344 5760 456 96 Bouton
2868 5760 492 100 Lazell."

256 5896 112 112 ©
452 5928 268 116 Apr.
796 5928 92 112 1,
968 5928 196 92 192
1176 5932 56 92 7
1280 5952 16 88 ;
1376 5928 64 92 2
1440 5936 56 76 c
1520 6004 16 20 .
1616 5928 224 92 and
1920 5924 192 100 aff.
2188 5928 272 116 Apr.
2532 5932 128 108 4;
2744 5928 92 92 A
2916 5928 476 112 972491;
3480 5928 640 120 Callaghan
4200 5936 80 92 &
4360 5960 160 72 co.

432 6060 592 120 (27-7168)
4508 6068 204 100 244
4728 6068 64 100 9

248 6284 568 148 Cooper,
892 6284 488 152 Irving
1452 6284 604 156 Steiger,
2136 6288 260 164 bp.,
2472 6296 316 116 1882
2808 6364 68 16 –

424 6472 1100 156 Reincarnation,
1584 6472 228 124 the
1872 6472 348 160 hope
2280 6472 152 124 of
2492 6476 224 120 the
2776 6472 472 164 world,
3304 6476 180 160 by
3540 6476 228 124 the
3832 6480 220 124 Rt.
4120 6480 324 124 Rev.
4508 6476 488 164 Irving

260 6652 88 132 S
372 6756 20 24 .
464 6652 524 164 Cooper
1092 6656 84 144 …
1356 6656 176 128 2d
1596 6660 196 120 ed.
1948 6652 644 168 Chicago,
2656 6660 288 124 The
3012 6660 988 164 Theosophical
4072 6708 372 120 press
4516 6660 168 144 [ͨ
4624 6672 144 116 19
4780 6668 72 116 2
4864 6660 168 144 7]

420 6852 244 112 xiii,
740 6852 228 112 121,
1060 6900 28 72 [
1096 6852 60 96 5
1168 6900 24 72 ]
1272 6876 104 92 p.
1520 6852 756 108 19½ͨͫ.

428 7020 704 112 "Suggested
1208 7044 464 72 courses
1756 7020 124 96 of
1956 7020 476 116 reading
2504 7020 120 96 in
2700 7020 772 116 theosophy":
3552 7024 64 96 5
3692 7048 100 92 p.
3876 7032 124 88 at
4072 7028 256 100 end.

260 7148 116 108 ©
460 7156 260 96 Feb.
796 7160 164 108 14,
1036 7156 332 112 1927;
1448 7160 160 100 2c.
1696 7168 116 88 M
1816 7184 164 72 ar.
2056 7164 56 88 1
2128 7156 64 96 0
2232 7184 20 88 ;
2336 7156 196 96 aff.
2616 7164 124 92 M
2740 7184 164 72 ar.
2980 7160 64 92 3
3056 7164 52 88 1
3156 7184 20 80 ;
3260 7160 96 92 A
3436 7160 128 96 97
3572 7164 64 88 2
3644 7164 60 92 3
3716 7164 60 96 7
3784 7164 64 92 3
3888 7188 20 88 ;
4000 7164 608 92 American
4700 7164 184 96 the
4892 7188 64 64 o
4964 7216 32 12 -

416 7292 512 116 sophical
1024 7292 464 116 society,
1592 7292 528 116 Chicago.
2292 7292 592 112 (27-7278)
4516 7296 280 96 2450

260 7512 488 148 Crane,
828 7512 612 128 Richard
1528 7516 492 148 Teller,
2112 7524 316 116 1832
2432 7596 88 12 –
2532 7524 352 120 1912.

420 7700 288 124 The
828 7700 1088 164 autobiography
2036 7700 156 124 of
2304 7704 604 124 Richard
3028 7700 452 128 Teller
3600 7704 476 132 Crane.
4296 7784 32 80 [
4348 7704 596 168 Chicago
4956 7784 36 88 ]

264 7884 328 128 Pub.
664 7888 396 160 priv.,
1184 7884 356 140 ͨ1927.

428 8084 60 92 1
556 8108 100 92 p.
732 8088 36 88 l
780 8156 56 36 .,
904 8084 60 92 7
968 8132 72 12 –
1044 8080 200 100 247
1316 8108 104 84 p.
1596 8080 308 100 illus.
1968 8080 244 116 (inc
2212 8084 40 92 l
2264 8156 24 24 .
2356 8080 576 112 facsims.)
3024 8088 296 112 port.
3460 8080 1140 104 25ͨͫ.

268 8192 120 108 ©
464 8220 284 96 Mar.
816 8220 96 112 2,
980 8216 336 112 1927;
1392 8220 60 92 2
1460 8232 56 76 c
1532 8296 16 20 .
1624 8224 224 88 and
1920 8220 196 100 aff.
2192 8220 288 96 Mar.
2552 8220 192 112 21;
2824 8216 96 96 A
2992 8220 200 96 972
3200 8224 132 92 33
3340 8224 128 112 4;
3548 8224 376 96 Crane
3992 8248 128 72 co
4136 8296 52 40 .,
4264 8220 536 116 Chicago.

448 8352 588 112 (27-7162)
4516 8356 280 100 2451

268 8568 848 152 Davenport,
1196 8572 616 152 Eugene,
1896 8584 316 120 1856
2216 8656 88 16 –

424 8752 288 132 The
820 8752 360 128 farm
1240 8760 96 132 …
1544 8756 184 164 by
1836 8756 120 128 E
1960 8804 88 80 u
2056 8804 336 120 gene
2492 8764 808 160 Davenport
3432 8760 96 132 …
3744 8764 332 128 New
4180 8764 432 160 York,
4716 8764 288 124 The

264 8936 788 128 Macmillan
1124 8984 704 124 company,
1904 8944 360 132 1927.

428 9136 232 112 xix,
724 9136 208 96 462
1004 9164 100 88 p.
1236 9136 392 116 front.,
1700 9140 408 116 plates,
2180 9140 388 116 ports.,
2644 9164 292 88 map.
3076 9140 132 96 19
3216 9136 68 104 ½
3284 9140 476 104 ͨͫ.
3584 9144 716 116 (Half-title:
4364 9144 244 96 The
4680 9148 320 92 rural

268 9268 436 96 science
768 9272 392 108 series,
1228 9272 172 96 ed.
1464 9272 148 116 by
1680 9272 120 96 L.
1872 9272 140 100 H.
2080 9272 468 116 Bailey)

280 9388 108 112 ©
464 9404 112 92 M
588 9424 160 76 ar.
812 9404 164 108 29,
1040 9400 200 96 192
1252 9408 56 92 7
1340 9420 28 84 ;
1440 9404 156 96 2c.
1664 9412 220 92 and
1952 9404 108 96 af
2060 9404 56 92 f
2128 9484 20 20 .
2212 9412 292 92 Mar.
2564 9404 196 96 30;
2832 9404 88 92 A
2988 9404 60 96 9
3056 9408 64 92 7
3124 9404 64 96 2
3196 9404 132 96 32
3336 9408 60 92 3
3440 9432 20 88 ;
3536 9404 668 100 Macmillan
4264 9432 164 76 co.

456 9536 596 112 (27-7135)
4524 9536 284 104 2452

2536 9664 240 128 373
