5968 10284
756 896 540 156 Lamm,
1372 896 584 132 Lucian.

924 1084 556 164 College
1560 1100 632 112 entrance
2276 1088 272 124 and
2628 1088 640 164 Regents,
3348 1088 736 124 American
4164 1092 532 164 history
4772 1092 272 128 and
5128 1092 412 128 civics

776 1272 404 164 (with
1272 1320 136 80 m
1420 1272 312 168 aps)
1848 1276 184 164 by
2128 1272 528 128 Lucian
2748 1272 344 128 Lam
3096 1320 140 80 m
3264 1272 84 148 …
3700 1272 336 132 New
4136 1276 432 164 York,
4672 1272 552 172 College
5320 1320 220 84 en-

748 1480 464 108 trance
1288 1460 360 128 book
1732 1504 712 120 company,
2532 1460 144 128 in
2684 1508 68 80 c
2764 1564 28 24 .
2900 1464 152 144 [ͨ
2992 1464 328 128 1927
3304 1520 48 76 ]

912 1684 72 72 v
992 1660 72 116 i,
1120 1660 212 96 200
1388 1684 104 92 p.
1636 1656 308 100 illus.
2012 1660 444 116 (maps)
2620 1652 720 120 18½ͨͫ.
3136 1656 424 120 (Cebco
3624 1660 424 120 series)

916 1828 324 100 "List
1308 1828 124 100 of
1500 1828 600 100 reference
2164 1828 684 120 readings":
2924 1852 108 96 p.
3104 1828 240 104 188.

756 1984 124 124 ©
964 2000 244 100 Oct.
1288 2004 96 112 1,
1460 2004 340 108 1927;
1884 2004 64 92 2
1956 2024 56 80 c
2028 2080 16 20 .
2124 2004 284 96 Nov.
2488 2008 60 88 1
2560 2000 72 96 0
2664 2028 20 84 ;
2772 2004 200 96 aff.
3052 2004 284 96 Nov.
3412 2008 128 108 4;
3632 2004 96 92 A
3808 2008 56 88 1
3876 2004 72 96 0
3948 2004 132 96 13
4092 2004 72 96 0
4160 2004 200 108 18;
4448 2004 456 116 College
4988 2008 552 96 entrance

924 2140 296 92 book
1284 2164 160 72 co.
1616 2136 676 116 (27-23693)
4976 2136 360 104 10047

748 2360 636 152 Lawson,
1460 2360 484 128 James
2020 2360 724 156 Gilchrist,
2824 2360 320 128 1874
3144 2440 84 16 –
3612 2404 432 124 comp.

920 2552 292 128 The
1304 2548 548 128 world's
1952 2548 540 128 famous
2588 2552 384 124 short
3068 2592 464 124 poems
3632 2548 268 128 and
4000 2592 396 120 prose
4496 2548 748 168 selections,
5340 2592 200 88 re-

752 2736 500 164 ligious
1328 2732 272 128 and
1684 2732 636 164 popular,
2396 2732 680 164 compiled
3152 2736 184 164 by
3412 2732 468 132 James
3964 2732 672 132 Gilchrist
4712 2732 584 132 Lawson
5372 2732 84 148 …

752 2920 332 128 New
1156 2920 392 124 York
1616 2920 272 124 and
1960 2920 624 160 London,
2652 2920 564 164 Harper
3288 2924 108 120 &
3468 2920 664 164 brothers,
4212 2920 364 128 1927.

920 3140 156 68 xx
1084 3112 40 96 i
1128 3140 72 68 v
1264 3140 140 88 p.,
1472 3120 56 88 1
1596 3116 40 92 l
1648 3188 56 40 .,
1764 3112 212 100 455
2040 3140 104 88 p.
2288 3112 756 108 21½ͨͫ.

752 3236 124 120 ©
948 3248 248 100 Oct.
1256 3248 172 116 28,
1492 3248 340 112 1927;
1904 3252 164 100 2c.
2140 3248 244 100 Oct.
2452 3248 200 112 29;
2728 3248 196 100 aff.
2996 3252 280 96 Nov.
3348 3252 124 108 1;
3548 3248 100 96 A
3716 3248 548 112 1004891;
4344 3252 464 116 Harper
4876 3252 88 96 &
5032 3252 300 100 bros.

936 3384 676 120 (27-23566)
4972 3380 360 108 10048

752 3612 680 128 Lectures
1528 3656 176 84 on
1804 3612 228 128 the
2132 3612 588 164 biologic
2824 3624 524 152 aspects
3452 3608 156 132 of
3704 3612 496 128 colloid
4300 3612 276 128 and
4672 3612 856 168 physiologic

908 3792 808 172 chemistry;
1812 3840 76 84 a
1980 3796 412 128 series
2480 3796 156 128 of
2728 3796 572 128 lectures
3392 3792 412 168 given
3892 3812 144 112 at
4120 3796 232 128 the
4436 3796 420 164 Mayo
4948 3792 580 132 founda-

904 3984 296 124 tion
1288 3984 276 124 and
1660 3984 232 124 the
1980 3980 868 128 universities
2940 3980 156 128 of
3188 3980 820 164 Minnesota,
4100 3984 424 164 Iowa,
4612 3984 916 168 Washington

932 4168 276 168 (St.
1332 4168 552 164 Louis),
2004 4168 272 128 and
2392 4164 236 132 the
2744 4168 276 128 Des
3140 4168 532 128 Moines
3788 4168 652 168 academy
4556 4168 156 128 of
4824 4168 712 168 medicine,

904 4356 420 164 Iowa,
1460 4356 832 144 1925–1926
2384 4356 84 144 …
2756 4352 984 164 Philadelphia
3876 4356 268 124 and
4276 4356 624 164 London,
5016 4356 220 132 W.
5368 4356 164 128 B.

912 4540 688 136 Saunders
1680 4584 676 120 company
2472 4540 400 156 [ͨ1927
2880 4616 32 88 ]

900 4748 56 92 1
1052 4772 108 88 p.
1248 4740 44 88 l
1300 4816 56 40 .,
1444 4744 132 96 13
1584 4796 72 12 –
1656 4744 208 88 244
1956 4768 104 88 p.
2212 4736 348 116 illus.,
2652 4736 432 116 diagrs.
3236 4736 64 96 2
3308 4736 684 116 0½ͨͫ
3564 4812 24 24 .
3768 4740 36 112 (
3828 4736 336 96 Lette
4168 4760 60 72 r
4236 4740 144 92 ed
4464 4760 152 76 on
4700 4760 340 80 cover
5056 4764 40 72 :
5180 4744 344 116 Mayo

732 4876 700 100 foundation
1504 4872 564 116 lectures)

900 5012 844 116 Bibliography
1808 5012 124 92 at
1996 5008 220 96 end
2284 5004 124 100 of
2472 5032 312 72 some
2852 5004 128 100 of
3036 5008 196 96 the
3292 5008 544 100 lectures.

900 5152 168 96 CO
1068 5168 84 72 N
1160 5140 1200 120 TENTS.—Principles
2452 5140 700 120 underlying
3236 5140 420 100 colloid
3744 5140 668 120 chemistry,
4496 5140 152 120 by
4736 5140 132 100 R.
4952 5140 140 100 A.
5180 5140 252 100 Mill
5444 5140 32 100 i
5488 5196 36 16 -

736 5280 864 104 kan.—Colloid
1684 5276 640 116 chemistry
2404 5276 120 92 in
2608 5272 464 120 biology
3152 5276 232 96 and
3472 5272 600 116 medicine,
4156 5276 152 116 by
4396 5276 116 96 M
4524 5348 24 24 .
4632 5276 152 100 H.
4868 5276 656 100 Fischer.—

732 5420 240 96 The
1068 5412 528 124 physical
1692 5408 652 120 properties
2440 5408 124 96 of
2660 5412 752 112 protoplasm,
3512 5408 148 116 by
3756 5412 136 96 R.
3996 5408 1520 120 Chambers.—Adsorption

732 5556 228 96 and
1028 5552 292 96 vital
1384 5552 756 112 phenomena,
2204 5544 152 116 by
2420 5544 132 96 R.
2616 5544 132 96 A.
2816 5540 536 100 Gortner.
3356 5596 144 16 —
3504 5544 236 96 The
3812 5540 464 120 physics
4344 5544 124 96 of
4532 5548 192 92 the
4796 5544 724 100 ultramicro-

732 5712 340 92 scope
1164 5688 232 92 and
1492 5680 432 116 optical
2028 5676 644 120 properties
2768 5676 128 96 of
2988 5672 420 100 colloid
3504 5676 588 116 particles,
4192 5676 148 116 by
4436 5680 128 96 E.
4668 5676 124 100 F.
4892 5680 624 100 Burton.—

728 5824 244 92 The
1008 5820 616 116 biological
1668 5816 404 96 effects
2116 5812 124 100 of
3120 5808 332 120 light,
3536 5808 148 116 by
3764 5808 172 100 W.
4012 5812 132 100 T.
4228 5816 168 92 Bo
4404 5840 72 68 v
4480 5808 144 104 ie.

744 5936 124 120 ©
932 5952 244 100 Oct.
1236 5956 168 112 27,
1464 5952 340 108 1927;
1868 5948 160 96 2c.
2100 5948 244 96 Oct.
2404 5948 200 108 31;
2672 5940 200 100 aff.
2932 5944 284 96 Nov.
3280 5956 128 96 1;
3480 5944 96 92 A
3636 5940 556 120 1010162;
4260 5956 172 92 W.
4500 5948 132 96 B.
4704 5948 588 96 Saunders
5356 5968 128 76 co
5500 6024 16 20 .

928 6084 672 124 (27-23435)
4956 6076 364 104 10049

732 6312 500 148 Leech,
1308 6308 540 136 Walter
1924 6308 548 148 Stuart,
2564 6312 316 120 1868
2884 6384 84 12 –

900 6504 292 124 The
1308 6508 352 116 most
1776 6496 764 164 important
2656 6492 412 164 thing
3184 6492 144 124 in
3444 6492 236 124 the
3800 6532 280 84 wor
4084 6492 48 120 l
4144 6492 132 160 d,
4392 6492 180 164 by
4692 6496 212 128 W.
5036 6492 480 132 Stuart

732 6688 432 128 Leech
1244 6688 84 144 …
1588 6680 648 164 Chicago,
2320 6676 484 132 Occult
2888 6676 808 164 publishing
3780 6716 712 128 company,
4584 6684 356 120 1926.

896 6884 68 92 4
1020 6908 108 88 p.
1188 6884 44 92 l
1244 6952 56 44 .,
1364 6880 132 96 11
1500 6932 72 12 –
1576 6876 132 100 78
1768 6904 108 88 p.
2064 6884 152 104 XI
2244 6900 72 92 p
2320 6876 40 92 l
2372 6948 24 24 .
2460 6872 184 116 (in
2648 6872 104 96 cl
2764 6948 20 24 .
2844 6868 424 116 front.)
3428 6868 680 120 24ͨͫ.

900 7020 388 96 "First
1368 7008 544 104 edition."

904 7152 348 96 "This
1372 7144 448 100 edition
1940 7144 100 96 is
2156 7144 456 96 limited
2732 7148 116 92 to
2968 7168 212 72 one
3300 7144 584 92 thousand
4000 7140 408 112 signed
4528 7144 232 92 and
4876 7144 624 96 numbered

728 7284 488 116 copies."
1356 7284 284 92 This
1704 7304 284 92 copy
2044 7276 460 96 neither
2564 7276 636 96 numbered
3260 7300 216 72 nor
3540 7272 436 116 signed.

740 7404 120 124 ©
944 7424 284 92 Nov.
1312 7424 92 108 1,
1488 7416 340 112 1926;
1912 7420 164 92 2c.
2156 7416 232 92 and
2468 7412 200 96 aff.
2760 7412 308 116 Sept.
3148 7412 164 112 17,
3400 7412 340 108 1927;
3824 7412 100 92 A
4008 7412 132 96 10
4144 7408 68 100 0
4216 7408 340 116 7010;
4644 7412 172 96 W.
4912 7412 104 100 S.
5104 7412 400 112 Leech,

896 7556 496 112 Roseau,
1472 7552 360 96 Minn.
2000 7548 672 120 (27-23515)
4948 7544 356 100 10050

732 7804 192 124 Le
996 7804 588 148 Feuvre,
1656 7804 416 148 Amy.

896 7980 740 128 Adrienne.
1820 7980 392 160 chap.
2316 7984 152 116 15
2596 7972 580 168 (contd.)
3204 8052 92 16 5
3292 7980 164 116 20
3468 8076 24 20 .
3696 8016 52 92 [
3744 7972 108 128 C
3864 8016 72 80 o
3944 8016 164 80 nc
4116 7972 48 124 l
4180 7972 444 148 usion]
4816 8052 28 80 [
4864 7984 68 112 5
5032 7972 468 128 instal-

728 8176 544 136 ments]

916 8360 200 116 (In
1192 8352 468 108 Church
1732 8348 136 104 of
1936 8348 556 124 England
2568 8348 764 124 newspaper)

736 8464 120 124 ©
936 8500 60 88 1
1008 8520 88 72 c.
1172 8496 284 96 each
1540 8496 304 112 Sept.
1916 8496 168 108 24,
2164 8492 336 108 1927;
2580 8492 100 92 A
2756 8492 152 96 ad
2980 8492 124 92 in
3108 8496 56 92 t
3172 8568 20 20 .
3268 8488 408 112 10056;
3760 8492 344 112 pubd.
4184 8492 280 108 July
4536 8484 168 116 29,
4784 8484 288 116 Aug.
5152 8488 96 112 5,
5328 8484 164 112 12,

896 8632 164 112 19,
1136 8632 196 112 26;
1416 8628 128 100 A.
1624 8632 156 92 Le
1860 8628 476 112 Feuvre,
2420 8624 900 116 Pennsylvania,
3400 8628 464 108 Exeter,
3948 8624 564 112 England.
4940 8616 356 100 10051

724 8852 500 148 Lewis,
1296 8852 504 124 Franc.

888 9036 1020 124 Architectural
2044 9032 724 164 designing
2900 9028 160 128 of
3192 9028 636 128 woman's
3964 9040 636 148 costume,
4728 9024 184 168 by
5048 9024 444 124 Franc

724 9220 440 128 Lewis
1264 9216 80 148 …
1576 9220 384 132 Seatt
1968 9220 48 120 l
2028 9264 100 112 e,
2200 9220 516 160 Wash.,
2788 9216 580 128 Printed
3440 9216 180 164 by
3696 9216 232 124 the
4008 9216 548 124 Farwes
4560 9224 60 112 t
4692 9212 52 124 l
4748 9204 744 172 ithograph

720 9408 108 116 &
900 9408 632 160 printing
1604 9448 236 120 co.,
1920 9408 360 124 1927.

2948 9600 328 120 1498
