5920 10300
256 984 484 144 Bruce,
816 980 464 148 Barry
1344 976 648 128 Wallace.

420 1164 640 128 Business
1180 1160 772 164 simplified.
2156 1160 948 132 Wholesalers'
3228 1164 268 120 and
3616 1160 656 124 retailers'
4396 1160 604 168 clearing

252 1356 408 120 house
768 1352 328 160 plan
1216 1348 720 160 explained
2016 1360 84 132 …
2444 1344 896 164 Manchester,
3456 1344 576 128 London
4164 1392 40 96 [
4204 1392 64 80 e
4276 1360 60 112 t
4340 1392 104 80 c.
4444 1392 40 96 ]
4624 1344 372 132 John

244 1536 748 164 Heywood,
1068 1536 244 124 ltd.
1408 1532 368 140 [1927
1784 1612 32 80 ]

412 1736 136 96 18
612 1760 132 88 p.,
816 1736 56 88 1
940 1740 40 80 l
992 1808 20 24 .
1148 1732 756 108 21½ͨͫ.

252 1880 120 108 ©
448 1900 40 88 1
500 1916 104 84 c.
676 1904 116 92 M
800 1928 144 88 ay
1012 1900 160 112 12,
1244 1900 336 112 1927;
1652 1900 100 92 A
1816 1904 148 88 ad
2032 1900 208 100 int.
2308 1896 336 116 9452;
2720 1924 152 92 pu
2872 1900 68 92 b
2956 1900 104 96 d.
3132 1900 268 112 Apr.
3468 1900 196 112 18;
3740 1900 132 92 B.
3948 1900 172 96 W.
4188 1900 404 112 Bruce,
4668 1904 308 92 Man-

412 2040 480 108 chester,
984 2036 560 112 England.
4504 2028 284 104 4170

248 2292 684 148 Brunner,
1012 2292 648 124 Edmund
1740 2292 168 124 de
1980 2292 888 148 Schweinitz,
2948 2296 312 120 1889
3268 2368 88 16 –

412 2480 180 128 Vi
600 2480 48 124 l
656 2484 304 160 lage
1044 2476 976 164 communities,
2108 2476 184 164 by
2380 2476 652 128 Edmund
3112 2476 168 128 de
3372 2476 92 132 S
3484 2580 24 24 .
3600 2480 632 124 Brunner
4348 2488 92 136 …
4656 2476 336 128 New

252 2664 424 160 York,
736 2664 528 164 George
1320 2664 180 124 H.
1560 2664 472 124 Doran
2092 2704 668 124 company
2836 2704 40 96 [
2880 2668 204 120 ͨ19
3096 2668 76 116 2
3176 2664 108 124 7]

412 2856 160 96 vii
648 2884 136 88 p.,
860 2856 64 96 2
1000 2860 40 92 l
1052 2928 56 40 .,
1184 2856 132 96 13
1320 2908 72 12 –
1392 2856 204 96 244
1672 2880 104 92 p.
1920 2856 756 108 22½ͨͫ.
2436 2856 716 120 (Half-title:
3228 2856 560 96 Institute
3864 2856 128 96 of
4072 2856 360 96 social
4512 2860 228 92 and
4824 2884 168 68 re-

252 2988 412 116 ligious
732 2992 572 96 research.
1440 2988 612 96 American
2120 2992 424 112 village
2616 2988 480 120 studies,
3172 2992 124 96 E.
3376 2992 136 96 de
3588 2988 112 100 S.
3768 2992 568 116 Brunner,
4412 2988 560 120 director)

416 3156 828 96 "References"
1312 3160 124 92 at
1500 3160 216 92 end
1784 3156 124 96 of
1968 3160 284 92 each
2320 3156 512 116 chapter.

248 3296 116 108 ©
440 3332 268 104 May
772 3328 160 112 14,
1000 3324 332 112 1927;
1404 3328 64 92 2
1472 3336 56 80 c
1544 3404 20 20 .
1628 3328 232 96 and
1924 3352 64 68 a
1996 3324 52 96 f
2032 3324 88 100 f.
2184 3328 272 112 May
2516 3324 196 112 19;
2788 3328 96 92 A
2952 3328 268 96 9766
3224 3328 64 96 3
3300 3328 124 112 1;
3500 3324 436 120 George
4004 3328 144 96 H.
4216 3328 400 92 Doran
4680 3352 164 72 co.

432 3460 668 120 (27-11685)
4496 3456 288 104 4171

240 3724 532 148 Buquo,
852 3720 648 152 Virginia
1572 3720 404 128 Lind.

408 3912 288 124 The
776 3908 612 164 friendly
1460 3908 520 160 hunch;
2068 3912 316 160 why
2460 3908 112 124 it
2652 3908 288 124 will
3020 3948 276 124 pay
3376 3952 264 120 you
3720 3920 144 116 to
3940 3908 408 128 listen
4424 3924 140 112 to
4644 3952 348 124 your

244 4096 624 124 hunches.
1068 4096 220 160 By
1392 4092 644 164 Virginia
2144 4092 368 124 Lind
2628 4096 520 160 Buquo.
3344 4092 676 164 Holyoke,
4132 4096 456 160 Mass.,
4696 4096 292 128 The

244 4276 712 128 Elizabeth
1028 4280 496 124 Towne
1596 4320 232 116 co.,
1900 4280 324 156 inc.;
2300 4276 620 164 London,
2980 4280 156 124 L.
3212 4280 164 124 N.
3452 4280 536 124 Fowler
4056 4284 108 120 &
4232 4324 192 84 co.
4516 4292 84 148 [ͨ
4612 4280 396 136 1927]

408 4468 68 96 2
532 4496 104 92 p.
688 4472 108 116 1.,
856 4472 64 96 7
924 4528 68 12 –
996 4472 200 96 101
1256 4496 104 92 p.
1500 4472 1212 104 18ͨͫ.

416 4636 680 112 "Summary
1168 4640 228 92 and
1468 4640 688 112 addendum,
2236 4640 144 108 by
2452 4636 516 96 William
3048 4640 124 92 E.
3248 4636 556 100 Towne":
3888 4664 100 92 p.
4068 4636 444 100 97-101.

248 4800 112 112 ©
432 4804 272 116 Apr.
768 4808 164 112 23,
1000 4808 332 108 1927;
1400 4808 164 104 2c.
1632 4808 268 116 May
1968 4808 188 108 11;
2236 4832 64 72 a
2308 4804 96 96 ff
2412 4884 16 20 .
2496 4808 272 116 Apr.
2832 4808 196 96 26:
3100 4808 96 92 A
3264 4808 468 104 976578;
3812 4808 128 96 V.
4008 4808 120 96 L.
4200 4808 432 116 Buquo,
4712 4812 272 92 Bos-

404 4948 232 92 ton.
804 4940 664 116 (27–11304)
4496 4940 292 104 4172

240 5200 528 152 Burtis,
856 5200 748 128 Thomson.

408 5388 352 132 Russ
840 5388 580 160 Farrell,
1500 5388 428 128 circus
2008 5388 396 164 flyer;
2492 5432 172 80 an
2744 5388 204 124 air
3028 5388 740 128 adventure
3848 5408 376 148 story
4300 5388 228 128 for
4604 5388 376 168 boys,

240 5576 180 160 by
512 5576 684 124 Thomson
1288 5576 536 160 Burtis;
1924 5572 884 164 frontispiece
2892 5576 180 160 by
3152 5576 444 124 Leslie
3684 5576 560 160 Crump.
4424 5576 556 132 Garden

248 5756 360 168 City,
676 5760 164 128 N.
916 5760 220 160 Y.,
1208 5760 848 164 Doubleday,
2128 5764 376 160 Page
2576 5768 108 116 &
2760 5800 708 124 company,
3548 5756 356 132 1927.

404 5960 72 88 4
536 5984 104 88 p.
708 5952 44 88 l
764 6028 52 40 .,
888 5956 200 92 222
1156 5980 100 92 p.
1400 5956 356 96 front.
1896 5956 60 92 1
1968 5952 684 108 9½ͨͫ
2224 6032 24 24 .

244 6120 116 108 ©
440 6128 272 112 May
780 6128 92 112 6,
944 6124 336 112 1927;
1352 6128 64 88 2
1420 6144 56 80 c
1496 6200 16 20 .
1588 6128 228 92 and
1888 6124 196 100 aff.
2152 6128 272 112 May
2496 6124 196 112 13;
2768 6120 100 96 A
2936 6120 476 116 976607;
3492 6128 328 92 Doub
3828 6128 40 96 l
3876 6128 324 112 eday,
4276 6128 308 112 Page
4656 6128 88 96 &
4812 6156 164 72 co.

428 6260 660 116 (27-11213)
4492 6256 284 104 4173

240 6520 424 148 Cady,
752 6516 492 124 Edwin
1324 6516 644 156 Welling.

404 6708 164 120 40
680 6700 676 164 problems
1472 6700 224 128 for
1808 6708 228 120 the
2152 6704 592 160 practice
2856 6716 424 148 court,
3392 6708 672 156 prepared
4176 6704 180 164 by
4472 6708 504 124 Edwin

236 6888 600 164 Welling
924 6888 384 164 Cady
1388 6892 84 144 …
1740 6888 788 164 [Brooklyn,
2612 6904 40 48 ͨ
2664 6888 360 156 1927]

416 7128 24 72 [
448 7084 204 92 112
656 7132 28 68 ]
764 7108 104 92 p.
1008 7084 688 116 27½ͨͫ.

412 7252 348 100 Cases
832 7256 280 92 used
1184 7252 116 96 in
1376 7252 196 100 the
1636 7252 508 116 practice
2220 7260 332 92 court
2616 7252 120 96 of
2808 7252 584 116 Brooklyn
3472 7256 220 92 law
3764 7260 388 88 school
4224 7260 124 96 of
4424 7260 160 96 St.
4656 7260 320 96 Law-

240 7416 336 72 rence
644 7388 676 116 university.

240 7524 116 112 ©
436 7560 272 112 Apr.
772 7560 96 112 4,
940 7560 336 112 1927;
1344 7560 164 96 2c.
1580 7564 228 92 and
1876 7560 196 96 aff.
2144 7560 272 112 Apr.
2488 7560 128 112 7;
2688 7560 100 92 A
2856 7560 472 108 972541;
3408 7560 128 96 E.
3608 7560 168 96 W.
3852 7560 352 116 Cady,
4276 7564 280 96 New
4632 7568 340 100 York.

428 7692 660 120 (27-11519)
4492 7692 284 104 4174

240 7952 556 148 Cavert,
872 7952 564 128 Samuel
1500 7956 632 148 McCrea,
2212 7960 316 116 1888
2532 8028 76 16 –

408 8140 288 120 The
800 8140 744 120 adventure
1640 8136 152 124 of
1888 8140 228 120 the
2216 8136 568 156 church;
2896 8180 80 80 a
3072 8132 412 164 study
3584 8136 152 124 of
3832 8140 228 124 the
4160 8140 808 168 missionary

240 8320 472 160 genius
832 8320 152 124 of
1108 8320 956 164 Christianity,
2180 8324 176 160 by
2484 8320 544 128 Samuel
3144 8320 584 128 McCrea
3852 8324 536 128 Cavert.
4640 8332 332 124 New

240 8508 424 156 York,
736 8508 832 160 Missionary
1640 8508 716 124 education
2420 8516 760 116 movement
3252 8508 268 124 and
3596 8504 560 132 Council
4232 8508 152 128 of
4456 8560 512 80 women

244 8688 220 124 for
536 8692 388 124 home
988 8692 624 124 missions
1696 8692 456 160 [ͨ1927]

408 8888 192 108 vii,
672 8884 344 100 9-256
1080 8912 108 88 p.
1328 8884 676 108 19½ͨͫ.

412 9056 592 112 "Reading
1068 9052 332 96 list":
1472 9080 104 88 p.
1644 9052 516 100 245-250.

244 9212 120 116 ©
440 9224 268 116 Apr.
780 9224 164 112 30,
1016 9224 336 108 1927;
1428 9224 160 96 2c.
1664 9224 228 92 and
1964 9224 192 96 aff.
2236 9224 268 112 May
2580 9220 196 116 19;
2856 9224 96 92 A
3020 9224 472 112 976656;
3576 9228 704 124 Missionary
4356 9232 612 96 education

404 9364 644 88 movement
1112 9380 144 84 an
1264 9348 64 92 d
1412 9356 472 104 Council
1956 9356 120 104 of
2144 9384 436 76 women
2648 9356 188 96 for
2904 9360 332 108 home
3304 9356 572 116 missions,

432 9492 660 124 (27-11509)
4484 9496 284 104 4175

2504 9624 232 132 635
