5920 10300
356 1072 572 132 Abbott,
1004 1068 564 136 Austin,
1668 1072 48 116 1
1720 1076 240 116 831
1972 1148 80 12 –
2068 1072 352 144 1896.

508 1260 312 128 Abb
832 1304 72 80 o
916 1272 48 112 t
980 1272 56 112 t
1048 1260 92 124 's
1236 1260 432 164 digest
1772 1304 76 76 o
1864 1256 60 124 f
2016 1260 128 120 al
2160 1264 36 116 l
2300 1272 56 112 t
2360 1260 164 124 he
2620 1260 332 128 New
3052 1260 128 120 Y
3188 1304 72 80 o
3276 1260 160 120 rk
3536 1300 392 120 repor
3940 1268 56 112 t
4000 1304 100 112 s,
4204 1268 148 112 19
4364 1264 156 120 26
4620 1260 84 144 …
4964 1260 124 128 A

344 1460 312 112 cont
664 1448 140 124 in
820 1492 76 76 u
912 1448 184 120 ati
1112 1496 72 76 o
1200 1488 80 80 n
1352 1488 76 84 o
1448 1440 60 128 f
1576 1452 120 116 A
1708 1444 172 124 bb
1892 1488 76 80 o
1980 1444 220 128 tt's
2272 1448 380 160 diges
2664 1460 44 108 t
2796 1456 60 112 1
2872 1448 240 124 794
3184 1456 48 112 t
3244 1492 76 76 o
3404 1452 312 116 1900
3724 1536 32 48 ,
3828 1444 268 124 and
4168 1484 60 84 s
4236 1488 284 116 upp
4532 1444 44 124 l
4588 1456 504 116 ements

344 1632 564 136 thereto,
992 1640 316 116 1900
1392 1644 132 112 to
1616 1640 144 112 19
1772 1640 72 112 2
1852 1640 120 124 4,
2056 1632 140 124 in
2276 1676 68 80 a
2444 1628 600 128 uniform
3132 1632 644 124 classifica
3788 1640 56 112 t
3848 1632 268 120 ion.
4288 1632 324 124 New
4704 1628 384 128 York

348 1820 316 160 city,
744 1816 488 160 Baker,
1308 1816 588 128 Voorhis
1972 1824 104 116 &
2156 1860 256 116 co.;
2496 1820 328 120 New
2912 1820 384 120 York
3376 1816 316 164 city,
3772 1812 772 164 Rochester,
4620 1816 168 128 N.
4876 1820 216 160 Y.,

348 2004 280 124 The
700 2004 632 160 Lawyers
1404 2048 432 116 co-op.
1912 2000 312 164 pub.
2296 2048 232 112 co.,
2608 2004 356 128 1927.

512 2196 144 104 lx,
724 2200 68 92 6
792 2200 132 92 60
996 2224 104 88 p.
1236 2200 756 104 26ͨͫ
1484 2244 20 44 .

396 2320 72 120 ©
540 2340 176 88 Ma
740 2360 68 88 y
868 2336 132 92 25
1012 2408 20 40 ,
1100 2332 268 96 1927
1412 2356 20 76 ;
1500 2332 164 96 2c.
1728 2332 300 96 June
2092 2336 192 96 11:
2356 2356 56 72 a
2432 2332 48 92 f
2472 2332 48 92 f
2532 2412 20 16 .
2612 2332 308 96 June
2984 2336 188 112 13;
3248 2340 92 88 A
3404 2336 132 92 99
3548 2332 140 96 05
3684 2332 200 116 03;
3956 2328 44 88 B
4060 2356 60 72 a
4132 2332 240 116 ker,
4440 2340 300 88 Voor
4752 2336 68 92 h
4836 2336 92 92 is
5000 2340 84 92 &

508 2496 124 68 co
648 2504 44 64 .,
796 2472 544 112 Lawyers
1428 2468 764 116 co-operative
2292 2496 144 88 pu
2448 2472 64 88 b
2528 2548 16 20 .
2636 2496 160 72 co.
4600 2468 280 100 4521

348 2628 748 124 American
1180 2628 344 124 acad
1536 2664 68 84 e
1620 2664 236 112 my
1936 2628 152 124 of
2168 2664 172 112 po
2348 2628 32 120 l
2404 2628 32 120 i
2456 2632 52 120 t
2528 2628 204 124 ica
2744 2628 36 120 l
2860 2632 276 120 and
3220 2628 372 124 socia
3600 2628 44 124 l
3728 2628 580 152 science,
4396 2632 684 128 Philadel-

508 2816 368 160 phia.

504 3000 284 124 Are
876 3000 228 124 the
1200 3000 680 164 Filipinos
1980 3000 416 168 ready
2496 3004 224 124 for
2812 3000 1080 168 independence?
4008 2996 80 148 …
4352 3080 32 88 [
4392 3000 692 132 Philadel-

340 3184 368 164 phia,
788 3184 352 140 1927]

504 3384 148 112 iv,
708 3384 132 96 33
904 3408 100 88 p.
1128 3380 720 108 24ͨͫ.
1572 3384 808 112 (Supplement
2444 3388 112 92 to
2616 3384 216 96 vol.
2956 3380 360 108 CXXXI
3320 3384 120 100 of
3508 3388 188 96 the
3756 3384 444 100 Annals
4260 3384 124 100 of
4444 3384 192 100 the
4696 3388 384 96 Amer-

336 3516 256 100 ican
660 3520 548 112 academy
1276 3520 120 96 of
1460 3520 512 116 political
2040 3520 228 92 and
2336 3520 352 96 social
2756 3520 444 104 science
3280 3516 68 108 …
3528 3528 300 108 May,
3900 3520 328 116 1927)

504 3656 160 92 "A
732 3652 812 116 symposium."

344 3764 120 124 ©
536 3796 112 88 M
660 3816 60 68 a
732 3820 72 84 y
872 3788 160 112 15,
1100 3792 132 92 19
1240 3792 68 88 2
1316 3796 120 108 7;
1508 3792 60 88 2
1580 3820 88 72 c.
1740 3792 116 88 M
1864 3816 144 88 ay
2072 3792 68 88 5
2144 3784 44 88 ;
2272 3772 228 124 aff
2444 3868 20 20 .
2536 3796 268 112 May
2868 3796 60 88 2
2940 3792 124 100 6;
3136 3792 96 92 A
3304 3792 272 96 9768
3580 3796 136 92 66
3736 3804 32 84 ;
3848 3792 612 100 American
4532 3796 548 112 academy

504 3928 120 92 of
696 3952 136 88 po
844 3928 136 96 lit
992 3928 100 96 ic
1100 3956 56 68 a
1180 3932 24 88 l
1288 3920 84 96 &
1444 3928 356 96 social
1876 3928 304 96 scien
2192 3956 120 68 ce
2328 4004 20 24 .
2424 3928 844 116 Philadelphia.
3440 3932 180 96 (27
3632 3952 56 48 -
3692 3928 60 88 1
3776 3928 328 120 2661)
4596 3928 60 96 4
4676 3928 52 96 5
4748 3928 136 100 22

340 4080 320 152 Aug
664 4076 80 124 é
748 4084 480 124 -Larib
1224 4076 80 124 é
1324 4180 32 52 ,
1432 4084 552 148 Michel,
2068 4088 396 124 1876-

512 4268 880 164 Agriculture
1496 4272 268 124 and
1876 4268 324 132 food
2308 4276 504 160 supply
2916 4272 136 124 in
3160 4276 520 124 France
3784 4276 504 164 during
4396 4280 220 124 the
4732 4324 344 80 war:

344 4452 920 168 Agriculture,
1380 4456 176 160 by
1672 4456 504 128 Michel
2296 4460 320 164 Aug
2616 4452 76 124 é
2704 4456 468 124 -Larib
3164 4452 76 124 é
3332 4452 84 148 …
3744 4460 376 128 Food
4240 4464 544 160 supply,
4904 4464 176 164 by

348 4640 160 124 Pi
524 4684 60 84 e
600 4688 208 80 rre
876 4640 352 128 Pino
1240 4652 56 116 t
1408 4644 84 136 …
1692 4640 328 128 New
2088 4640 536 156 Haven,
2700 4644 344 124 Yale
3120 4644 588 128 universi
3724 4656 56 112 t
3788 4688 84 120 y
3948 4688 436 120 press;
4468 4648 288 124 Lon
4772 4652 76 120 d
4868 4688 212 96 on,

340 4820 184 128 H.
636 4820 632 168 Milford,
1376 4824 544 136 Oxford
2036 4828 752 160 university
2900 4872 416 116 press,
3424 4828 224 124 for
3748 4832 228 124 the
4084 4828 664 168 Carnegie
4856 4880 216 80 en-

340 5008 676 128 dowment
1108 5008 220 128 for
1424 5012 972 124 international
2488 5056 436 116 peace,
3016 5012 632 128 Division
3740 5012 152 128 of
3976 5016 740 128 economics
4808 5020 252 124 and

340 5192 568 168 history,
988 5196 356 128 1927.

512 5400 68 80 x
592 5388 152 116 ix,
804 5388 236 108 328,
1100 5388 140 100 20
1304 5412 100 92 p.
1548 5388 432 120 diagrs.
2116 5388 64 96 2
2192 5388 648 108 5ͨͫ
2364 5428 24 56 .
2512 5388 632 120 [Carnegie
3204 5388 720 104 endowment
3988 5392 188 100 for
4244 5392 824 104 international

348 5544 372 92 peace.
864 5524 528 100 Division
1452 5528 124 96 of
1632 5524 636 100 economics
2332 5528 224 96 and
2620 5524 484 116 history.
3248 5524 608 100 Economic
3916 5532 224 92 and
4212 5528 352 100 social
4628 5532 448 116 history

344 5660 124 96 of
532 5664 192 92 the
792 5664 356 96 world
1220 5688 272 72 war.
1632 5660 700 100 Translated
2400 5664 228 96 and
2700 5660 548 120 abridged
3320 5664 360 96 series

512 5800 312 92 Each
904 5804 264 108 part
1252 5796 552 116 preceded
1884 5796 148 116 by
2112 5796 564 100 half-title
2756 5820 292 92 page
3120 5804 200 88 not
3404 5796 536 100 included
4016 5796 120 100 in
4220 5800 448 120 paging.

504 5932 244 100 The
848 5932 492 116 original
1440 5936 448 96 French
1984 5932 436 100 edition
2516 5932 124 96 of
2732 5936 280 96 each
3104 5940 264 108 part
3464 5932 388 100 issued
3952 5940 656 112 separately
4712 5944 364 92 under

348 6068 376 100 titles:
820 6068 844 116 L'agriculture
1752 6072 508 112 pendant
2348 6068 32 96 l
2396 6092 60 72 a
2548 6092 444 88 guerre,
3084 6068 152 96 Le
3324 6068 512 100 contrôle
3920 6072 152 96 du
4168 6072 900 104 ravitaillement

340 6204 64 96 d
420 6232 60 68 e
540 6208 32 88 l
588 6232 64 68 a
724 6204 672 116 population
1460 6204 376 96 civile.

344 6300 112 120 ©
544 6340 180 100 Ma
740 6372 68 84 y
876 6344 140 92 20
1012 6376 24 56 ,
1120 6344 332 108 1927;
1532 6344 60 88 2
1604 6368 52 68 c
1672 6420 16 20 .
1768 6340 264 116 May
2108 6344 128 88 24
2268 6352 28 80 ;
2384 6364 52 72 a
2460 6336 116 100 ff.
2656 6340 116 88 M
2776 6364 144 88 ay
2992 6340 196 92 23:
3272 6340 92 92 A
3440 6344 472 96 976759:
3996 6344 148 96 Ca
4172 6344 312 116 rnegi
4496 6372 60 72 e
4632 6348 444 96 endow-

500 6492 308 88 ment
884 6480 188 92 for
1148 6480 384 92 intern
1544 6504 52 68 a
1620 6476 360 96 tional
2060 6500 376 96 peace,
2520 6476 796 108 Washington.
3484 6476 392 116 (27-12
3888 6480 60 92 6
3960 6476 184 104 15)
4592 6480 208 100 452
4816 6480 56 100 3

340 6632 688 152 Avakian,
1100 6632 364 128 John
1540 6636 576 148 Caspar,
2192 6632 312 128 1875
2512 6708 68 16 –

504 6820 132 124 A
708 6820 740 128 discussion
1520 6816 152 128 of
1740 6820 228 124 the
2036 6864 280 76 war
2388 6816 384 128 debts
2836 6816 652 164 question,
3560 6816 404 172 being
4032 6868 76 80 a
4180 6824 892 168 preliminary

340 7008 264 124 and
684 7004 508 164 partial
1268 7004 920 164 presentation
2260 7000 152 128 of
2484 7016 532 144 matter,
3092 7004 140 124 in
3304 7008 924 160 preparation,
4300 7020 136 116 to
4508 7012 160 128 be
4736 7016 328 160 pub-

344 7192 428 128 lished
852 7192 428 128 under
1356 7192 228 124 the
1660 7188 332 128 title.
2080 7188 740 124 America's
2900 7188 576 164 destiny,
3552 7188 616 172 showing
4248 7240 64 80 a
4404 7192 432 132 vision
4920 7200 152 124 of

336 7380 228 124 the
648 7376 580 164 possible
1308 7420 588 116 purpose
1976 7372 152 128 of
2204 7372 856 164 providence,
3144 7372 136 128 in
3364 7372 224 128 the
3668 7380 888 160 phenomenal
4644 7388 416 124 world

340 7576 452 116 events
864 7560 356 128 since
1296 7568 356 148 1914,
1728 7560 260 124 and
2064 7604 356 80 some
2492 7560 156 124 of
2716 7560 228 124 the
3012 7556 1288 136 self-reformations
4372 7612 692 124 necessary

344 7760 132 112 to
572 7764 136 108 at
720 7760 52 112 t
784 7744 224 128 ain
1100 7760 52 112 t
1160 7748 168 124 ha
1344 7760 56 112 t
1488 7744 232 128 des
1724 7756 56 116 t
1788 7744 272 164 iny.
2244 7748 212 160 By
2548 7744 132 132 J.
2780 7740 112 132 C
2904 7840 24 28 .
3020 7744 128 124 A
3160 7788 84 80 v
3252 7744 172 124 ak
3436 7744 36 124 i
3488 7788 168 84 an
3732 7764 80 136 …
4080 7752 120 120 L
4204 7800 76 76 o
4288 7800 60 80 s
4436 7752 632 168 Angeles,

336 7932 464 164 Calif.,
880 7932 352 128 1927.

492 8132 60 96 2
628 8160 96 88 p.
796 8132 104 108 1.,
976 8176 24 72 [
1008 8132 128 92 11
1148 8176 108 72 ]–
1264 8128 200 96 129
1528 8156 104 88 p.
1768 8128 68 96 2
1844 8128 684 112 0ͨͫ
2028 8200 24 24 .

496 8268 80 100 C
588 8284 64 72 O
660 8280 524 76 NTENTS.
1256 8312 40 12 —
1304 8260 124 112 pt
1440 8328 28 28 .
1556 8256 52 100 1
1628 8332 24 24 .
1732 8260 364 116 Reply
2180 8260 44 96 t
2236 8288 60 68 o
2376 8284 136 88 pe
2524 8260 80 92 ti
2624 8264 40 88 t
2680 8256 104 96 io
2796 8284 68 64 n
2940 8256 52 92 f
3000 8284 64 68 o
3076 8284 48 64 r
3204 8284 116 68 ca
3344 8284 68 68 n
3424 8284 124 72 ce
3556 8260 28 92 l
3600 8260 32 92 l
3644 8288 64 68 a
3728 8264 36 92 t
3780 8260 184 100 ion
4044 8292 64 68 o
4116 8264 52 96 f
4248 8296 96 64 w
4356 8296 56 68 a
4436 8296 52 68 r
4564 8272 36 92 l
4612 8300 60 68 o
4680 8300 68 68 a
4760 8280 136 88 ns
4908 8352 20 20 .
5000 8296 60 52 —

336 8396 156 116 pt.
576 8396 96 96 2.
756 8400 236 92 The
1072 8420 448 72 woman
1596 8392 568 116 question.
2308 8392 552 96 Invisible
2936 8396 780 108 government.

336 8520 124 120 ©
548 8540 268 104 May
900 8532 164 92 23.
1148 8528 336 96 1927:
1572 8528 160 100 2c.
1816 8528 228 92 and
2132 8524 192 96 aff.
2416 8528 180 88 Ma
2616 8548 68 88 y
2764 8524 196 104 31;
3052 8524 92 88 A
3232 8524 200 96 976
3440 8536 136 92 84
3580 8528 124 96 1:
3792 8528 108 96 J.
3988 8528 84 96 C
4084 8608 20 20 .
4192 8532 552 104 Avakian.
4844 8540 220 96 Los

504 8668 520 112 Angeles.
1196 8660 664 116 (27-12540)
4584 8668 284 100 4524

332 8824 764 148 Bamburg,
1184 8816 496 128 Lilian.

508 9008 444 124 Beads
1040 9004 152 124 of
1276 9000 524 160 silence,
1888 9004 180 156 by
2156 8996 516 128 Lillian
2764 8996 736 164 Bamburg.
3720 9004 328 124 New
4144 9008 420 136 York,
4664 9016 152 124 E.
4916 9020 148 120 P.

336 9192 532 128 Dutton
940 9196 108 120 &
1124 9228 664 120 company
1876 9192 152 144 [ͨ
1972 9184 352 140 1927]

504 9388 64 96 6
612 9416 104 88 p.
764 9388 40 88 l
820 9460 48 40 .,
920 9388 64 96 3
988 9440 72 12 –
1060 9388 64 96 3
1132 9388 64 96 3
1204 9388 60 96 3
1316 9408 72 92 p
1396 9460 20 24 .
1560 9380 752 116 19½ͨͫ
1856 9416 44 60 .

344 9512 124 124 ©
544 9528 180 92 Ma
740 9552 72 84 y
880 9524 64 92 2
952 9524 92 100 0,
1124 9524 56 88 1
1192 9520 60 92 9
1260 9524 60 88 2
1332 9524 56 88 7
1436 9544 20 84 ;
1532 9520 124 96 2c
1672 9592 20 20 .
1764 9544 60 68 a
1844 9520 148 92 nd
2068 9512 120 96 af
2168 9512 64 96 f
2244 9588 20 24 .
2344 9520 180 88 Ma
2540 9540 68 84 y
2684 9512 192 96 23:
2964 9512 88 92 A
3128 9512 60 96 9
3196 9516 136 96 90
3336 9516 64 88 2
3404 9512 132 96 25
3580 9540 20 80 ;
3688 9520 124 96 E.
3888 9520 120 96 P.
4088 9524 100 92 D
4204 9548 64 68 u
4284 9532 92 88 tt
4388 9556 60 64 o
4460 9556 72 64 n
4612 9536 80 88 &
4764 9560 128 64 co
4908 9608 16 20 .

524 9656 664 120 (27-11721)
4584 9660 276 96 4525

2600 9776 236 120 689
