5968 10284
848 800 512 144 Marco,
1452 796 552 152 Angela
2008 876 104 12 —
2184 796 776 128 Continued

1032 992 348 96 "This
1444 992 292 96 book
1796 996 216 92 has
2076 996 280 92 been
2420 992 552 116 designed
3036 996 144 112 by
3244 996 100 92 R
3352 1020 64 68 o
3420 996 260 96 bert
3744 996 112 96 S.
3920 996 544 116 Josephy,
4532 996 228 96 and
4824 996 40 96 f
4864 992 36 92 i
4908 1008 136 84 ve
5112 996 528 100 hundred

860 1124 380 120 copies
1296 1128 300 96 have
1660 1128 280 96 been
2004 1124 572 120 printed."

856 1256 120 112 ©
1076 1264 268 96 Dec.
1436 1268 96 108 7,
1628 1264 200 92 192
1840 1264 68 92 6
1944 1292 20 80 ;
2064 1264 160 96 2c.
2320 1268 288 108 Aug.
2704 1264 164 112 26,
2968 1264 332 112 1927;
3404 1264 196 100 aff.
3704 1264 244 96 Oct.
4040 1268 200 112 26;
4340 1268 100 92 A
4532 1268 208 92 100
4744 1268 60 92 7
4816 1268 64 92 5
4888 1268 192 112 14;
5180 1268 452 96 Harold

1020 1396 376 100 Vinal.
1564 1396 676 120 (27-21062)
5152 1396 280 104 9431

848 1624 456 148 Mark,
1376 1620 480 132 Jacob.

832 1776 4636 124 כאַראַקטער־
5860 1776 76 124 ,מאָנאָגראַפיעם
5860 1776 76 124 .צײט
5860 1776 76 124 אונזער
5860 1776 76 124 פון
5860 1776 76 124 נדולים

832 1912 3800 124 ,ניו־יאָרק
5088 1912 848 124 .מאַרק
5860 1912 76 124 יעקב
5860 1912 76 124 פון
5860 1912 76 124 .זברונות
5860 1912 76 124 און
5860 1912 76 124 שטריבען

832 2048 1976 124 .תרפ״ו

860 2552 376 156 [New
1312 2548 432 160 York]
1836 2548 360 132 1927.

1008 2748 68 92 3
1084 2748 136 96 84
1284 2776 100 88 p.
1528 2744 360 100 front.
1956 2744 416 120 (port.)
2536 2748 64 92 2
2716 2744 608 108 3ͨͫ
2792 2824 24 20 .

1012 2884 312 96 Title
1408 2884 1096 112 (transliterated):
2584 2884 520 96 Gedolim
3172 2884 220 92 fun
3460 2908 352 72 unser
3876 2880 264 100 zeit.

856 3012 120 112 ©
1064 3020 284 108 Aug.
1432 3020 164 108 15,
1684 3016 336 116 1927;
2104 3020 64 92 2
2176 3040 56 80 c
2248 3096 20 20 .
2348 3020 288 112 Aug.
2720 3024 52 88 1
2792 3020 120 100 8;
3008 3016 200 100 aff.
3288 3020 292 112 Aug.
3668 3020 44 88 1
3740 3020 120 108 7;
3952 3020 96 92 A
4128 3020 208 92 996
4344 3028 68 88 8
4416 3020 68 88 0
4480 3020 124 100 2;
4704 3020 104 96 J.
4896 3020 372 100 Mark,
5356 3020 100 100 N
5464 3044 60 68 e
5536 3048 96 68 w

1012 3156 344 96 York.
1528 3152 548 120 (27-2150
2076 3156 72 96 3
2168 3156 36 116 )
5144 3152 288 100 9432

844 3344 416 148 Mills,
1332 3344 560 128 Arthur
1968 3344 596 148 Hobart,
2648 3344 320 128 1887
2968 3424 88 16 –

1008 3532 340 128 Live
1444 3532 336 160 bait,
1880 3532 184 160 by
2164 3528 544 128 Arthur
2808 3532 424 128 Mills.
3428 3532 664 160 [London]
4208 3532 872 128 Hutchinson
5188 3540 108 120 &
5396 3576 240 116 co.,

840 3720 248 128 ltd.
1176 3716 408 136 [1927]

1008 3920 68 92 4
1140 3944 104 88 p.
1308 3916 40 96 l
1360 3992 56 36 .,
1484 3916 56 92 1
1552 3916 140 96 3–
1696 3916 236 108 286,
2064 3920 228 104 [1]
2216 3940 104 92 p.
2464 3916 208 96 col.
2740 3916 348 96 front.
3244 3912 1208 112 19½ͨͫ.

1044 4024 64 108 ©
1044 4044 160 112 1c.
1276 4052 276 116 July
1624 4052 164 112 30,
1864 4052 336 96 1927;
2276 4052 96 92 A
2444 4056 148 88 ad
2664 4052 208 96 int.
2944 4048 72 88 9
3012 4052 60 92 9
3084 4048 60 96 5
3156 4052 60 92 3
3260 4080 24 84 ;
3360 4048 344 120 pubd.
3780 4052 300 96 June
4152 4052 64 96 3
4260 4080 20 72 ;
4360 4052 132 100 A.
4564 4052 208 92 Mil
4780 4052 100 96 ls
4892 4128 20 40 ,
4988 4052 512 100 London.

1032 4188 472 120 (27-237
1516 4188 60 96 5
1584 4188 124 116 8)
5144 4184 288 104 9433

836 4384 472 148 Milne,
1388 4380 364 128 Alan
1836 4380 848 128 Alexander.

1008 4572 288 124 The
1368 4568 644 164 morning
2080 4568 400 128 walk.

1028 4768 204 112 (In
1296 4756 384 124 Royal
1752 4756 664 124 magazine,
2484 4756 352 124 Aug.,
2920 4756 340 120 1927)

848 4900 120 112 ©
1120 4920 76 108 1
1088 4924 112 88 c.
1280 4900 304 116 Sept.
1652 4900 164 112 16,
1888 4904 56 88 1
1960 4912 72 92 9
2028 4904 224 124 27;
2296 4900 100 96 A
2464 4904 144 92 ad
2680 4900 208 96 int.
2956 4900 344 96 10031
3344 4924 24 68 ;
3440 4904 344 108 pubd.
3856 4904 276 108 July
4200 4900 200 112 22;
4476 4900 132 96 A.
4680 4900 128 96 A.
4880 4900 164 92 Mi
5052 4904 36 88 l
5096 4920 236 108 ne,
5344 4900 284 96 Lon-

1008 5044 260 92 don.
5136 5032 288 100 9434

840 5228 620 144 Monroe,
1528 5224 564 128 Arthur
2156 5228 212 128 W.

1012 5408 684 132 Sunshine
1788 5412 276 124 and
2148 5408 668 164 shadows,
2900 5412 184 164 by
3172 5408 544 128 Arthur
3800 5412 212 128 W.
4104 5408 608 128 Monroe.
4888 5412 740 124 Montrose.

840 5592 336 168 Col.,
1256 5596 288 128 The
1616 5600 412 120 Press
2096 5592 636 168 printing
2800 5636 188 84 co.
3100 5600 440 148 [ͨ1927]

996 5796 144 96 48
1208 5824 100 88 p.
1452 5796 552 108 18ͨͫ.

1004 5936 444 96 Poems.

848 6056 120 112 ©
1052 6068 304 112 Sept.
1428 6064 168 116 20,
1668 6064 340 112 1927;
2080 6064 64 92 2
2152 6084 56 76 c
2224 6140 20 20 .
2324 6060 308 116 Sept.
2704 6060 196 112 26;
2984 6084 56 72 a
3060 6060 120 100 ff.
3260 6060 244 100 Oct.
3576 6060 204 112 24;
3856 6060 96 92 A
4024 6060 552 116 1004843;
4656 6060 136 100 A.
4864 6064 172 96 W.
5116 6064 504 112 Monroe,

1008 6200 592 112 Burbank,
1692 6200 344 96 Calif.
2204 6196 672 116 (27-22679)
5136 6192 284 104 9435

836 6396 520 144 Moore,
1428 6392 480 148 Harry
1976 6392 472 124 Hasca
2444 6388 48 116 l
2504 6388 88 148 l,
2672 6396 316 116 1881
2996 6468 84 12 –

1008 6576 736 128 American
1812 6572 664 128 medicine
2548 6576 268 124 and
2884 6572 228 128 the
3180 6568 596 168 people's
3844 6568 536 168 health;
4456 6616 172 84 an
4700 6572 520 128 outline
5288 6572 336 128 with

840 6760 732 128 statistical
1644 6760 324 128 data
2040 6800 176 84 on
2288 6760 228 124 the
2588 6756 952 168 organization
3612 6756 160 128 of
3840 6756 668 128 medicine
4580 6756 144 128 in
4796 6756 236 132 the
5108 6756 508 132 United

852 6948 492 160 States,
1444 6944 336 124 with
1884 6944 504 160 special
2488 6940 688 128 reference
3272 6952 144 116 to
3516 6940 232 128 the
3852 6936 840 168 adjustment
4792 6940 160 128 of
5044 6940 572 132 medical

840 7128 508 132 service
1416 7144 140 108 to
1628 7128 412 124 social
2116 7128 268 124 and
2456 7124 676 128 economic
3212 7128 560 164 change,
3844 7120 184 172 by
4096 7120 484 172 Harry
4652 7124 188 128 H.
4916 7124 472 132 Moore
5488 7140 84 136 …

848 7316 332 124 with
1264 7360 176 80 an
1520 7312 936 124 introduction
2532 7308 184 164 by
2796 7312 228 124 the
3112 7304 816 136 Committee
4012 7308 156 128 of
4248 7308 264 128 five
4592 7304 156 132 of
4828 7308 232 132 the
5140 7312 476 128 Wash-

848 7500 480 164 ington
1428 7492 788 132 conference
2320 7540 172 80 on
2588 7496 228 124 the
2920 7492 676 128 economic
3708 7488 516 136 factors
4328 7492 652 168 affecting
5080 7496 228 128 the
5408 7540 204 84 or-

840 7680 792 168 ganization
1692 7676 156 128 of
1908 7676 700 128 medicine.
2756 7676 336 128 New
3156 7676 432 164 York,
3648 7680 624 160 London,
4336 7680 176 128 D.
4576 7676 708 168 Appleton
5348 7684 260 124 and

840 7904 712 124 company,
1620 7864 360 128 1927.

1012 8084 156 68 xx
1176 8056 40 92 i
1224 8056 36 92 i
1336 8084 140 88 p.,
1548 8056 64 92 2
1684 8060 40 88 l
1736 8128 56 40 .,
1864 8056 64 92 3
1932 8108 72 12 –
2008 8056 204 92 647
2284 8084 108 88 p.
2528 8056 364 92 front.
2956 8056 476 112 (ports.)
3532 8060 408 112 plates,
4020 8056 436 116 diagrs.
4596 8056 680 108 21ͨͫ.

1016 8188 488 100 "Notes"
1564 8196 128 92 at
1752 8192 216 96 end
2032 8188 124 96 of
2216 8192 288 92 each
2560 8192 516 112 chapter.

840 8308 128 116 ©
1044 8328 244 96 Oct.
1360 8328 168 112 14,
1600 8324 140 96 19
1740 8328 68 92 2
1808 8328 124 92 7;
2012 8324 64 92 2
2084 8332 60 80 c
2152 8400 24 20 .
2248 8328 228 92 and
2552 8320 196 100 aff.
2824 8324 248 96 Oct.
3140 8324 64 92 2
3212 8324 72 96 0
3320 8348 20 88 ;
3416 8328 104 92 A
3592 8328 56 88 1
3660 8324 352 96 00470
4012 8324 128 112 3;
4220 8324 140 100 D.
4432 8328 576 112 Appleton
5084 8328 84 96 &
5240 8352 164 72 co.

1028 8460 608 116 (27-22611
1664 8460 32 96 )
5120 8460 284 100 9436

832 8648 408 148 Neill,
1316 8648 612 128 William
2016 8648 500 148 Lewis,
2608 8660 144 112 18
2768 8660 72 108 6
2832 8660 88 108 6
2924 8728 88 12 –

1000 8832 128 128 A
1200 8832 648 128 teacher's
1920 8876 488 84 manua
2424 8836 36 120 l
2488 8932 28 64 ,
2584 8832 776 164 suggestive
3440 8832 220 128 for
3740 8832 1204 164 project-problem
5016 8832 596 160 method,

832 9016 840 164 comprising
1784 9064 64 80 a
1968 9016 524 128 revised
2608 9016 516 128 outline
3240 9016 152 128 of
3504 9032 332 148 type
3948 9016 684 164 problems
4744 9016 228 128 for
5076 9016 532 164 history

836 9204 676 160 teaching,
1608 9204 668 160 prepared
2376 9204 176 160 by
2648 9204 624 132 William
3368 9204 444 124 Lewis
3912 9204 400 124 Neill.
4500 9204 280 124 For
4876 9196 724 168 simplyfy-

3064 9496 320 120 1410
