5920 10300
2460 9616 152 116 10
2624 9620 152 116 97

200 984 608 144 London,
876 980 608 124 Hannah
1552 980 160 124 R.

360 1168 680 124 Portraits
1112 1164 156 128 of
1340 1164 364 128 Jews
1780 1164 180 144 by
2040 1164 540 128 Gilbert
2656 1160 472 132 Stuart
3212 1168 264 124 and
3556 1164 384 128 other
4024 1168 376 128 early
4476 1172 476 124 Amer-

200 1356 292 120 ican
576 1352 508 132 artists,
1164 1352 180 160 by
1424 1352 608 120 Hannah
2120 1352 160 120 R.
2368 1352 616 132 London,
3072 1352 332 120 with
3496 1396 164 80 an
3752 1356 936 156 appreciation
4776 1360 180 160 by

196 1544 236 120 Dr.
536 1540 168 124 A.
820 1536 128 132 S.
1052 1544 168 116 W
1244 1640 20 20 .
1368 1536 796 124 Rosenbach
2268 1536 264 120 and
2640 1580 172 76 an
2920 1536 928 124 introduction
3952 1540 180 128 by
4236 1540 720 128 Lawrence

200 1724 400 124 Park.
784 1724 328 124 New
1176 1720 420 124 York.
1648 1724 212 120 W.
1928 1724 156 120 E.
2148 1720 528 160 Rudge,
2744 1724 352 124 1927.

364 1916 104 112 x,
524 1920 208 96 197
788 1944 100 88 p.
904 1992 20 24 ,
988 1920 56 92 1
1104 1920 32 92 l
1156 1996 20 16 .
1232 1916 36 92 i
1280 1944 72 68 n
1360 1920 96 92 cl
1476 1992 16 20 .
1556 1924 356 104 ports.
2052 1916 356 96 front.
2556 1916 784 108 27ͨͫ
2804 1960 20 52 .

368 2088 344 92 "This
816 2084 436 96 edition
1352 2084 100 96 is
1560 2084 448 96 limited
2108 2088 120 92 to
2328 2108 212 72 one
2644 2084 580 96 thousand
3328 2084 484 116 copies."
3992 2088 280 96 This
4376 2116 284 92 copy
4756 2104 204 88 not

196 2220 656 96 numbered.

360 2356 896 112 Bibliography:
1320 2380 100 88 p.
1480 2356 168 92 79.

240 2516 76 120 ©
392 2524 304 92 June
756 2520 92 112 3,
912 2520 200 96 192
1124 2524 60 92 7
1228 2548 20 84 ;
1316 2524 124 92 2c
1456 2600 16 16 .
1540 2524 228 92 and
1832 2520 164 96 aff
2008 2596 20 20 .
2092 2520 144 92 Ju
2256 2548 140 68 ne
2456 2524 60 88 2
2528 2524 60 92 7
2628 2548 20 68 :
2724 2524 92 88 A
2880 2524 64 84 9
2948 2524 64 92 9
3008 2520 68 88 6
3084 2524 64 88 4
3164 2524 52 92 1
3232 2524 60 92 3
3336 2548 20 68 :
3432 2524 348 92 Hann
3792 2556 56 64 a
3868 2528 72 88 h
4008 2532 84 88 L
4104 2556 60 68 o
4176 2556 72 64 n
4260 2532 64 88 d
4336 2556 140 68 on
4552 2532 116 96 Si
4680 2556 56 72 e
4748 2560 64 84 g
4820 2556 60 68 e
4892 2536 24 88 l
4936 2608 20 24 .

408 2660 160 104 i.
504 2684 56 68 e
572 2736 16 16 .
660 2660 272 92 Mrs.
1004 2656 624 108 Benjamin
1760 2660 48 88 M
1824 2684 124 64 or
1960 2660 316 104 deca
2248 2656 36 92 i
2360 2656 404 112 Siegel.
2836 2656 156 96 Ca
3012 2660 544 112 mbridge.
3636 2664 340 92 Mass.

388 2796 664 112 (27-18624)
4456 2800 280 100 7279

200 3016 908 148 Macfarlane,
1192 3012 376 128 Rita.

368 3204 472 124 Fruits
928 3200 152 128 of
1160 3204 228 124 the
1476 3204 432 132 earth,
1992 3204 180 160 by
2260 3204 324 124 Rita
2672 3204 884 128 Macfarlane.
3760 3212 656 160 (London,
4520 3216 444 128 Hurst

192 3396 108 120 &
372 3388 668 160 Blackett,
1108 3388 44 120 l
1160 3388 192 128 td.
1440 3388 368 160 [1927
1800 3428 40 96 ]

360 3616 60 96 2
432 3620 64 92 8
504 3624 88 104 7,
652 3664 24 68 [
688 3620 60 88 1
760 3664 24 72 ]
844 3644 100 88 p.
1088 3616 720 116 19½ͨͫ.

212 3784 108 108 ©
388 3788 52 92 1
440 3808 64 80 c
524 3864 20 20 .
600 3788 280 108 Aug.
940 3784 92 108 2,
1096 3788 52 88 1
1160 3784 72 96 9
1232 3784 60 88 2
1308 3788 60 92 7
1392 3808 28 80 ;
1496 3788 92 88 A
1644 3808 60 68 a
1724 3788 64 92 d
1848 3784 116 92 in
1980 3796 40 84 t
2036 3864 20 16 .
2116 3784 132 96 98
2252 3788 132 92 37
2432 3812 20 68 :
2520 3812 68 84 p
2600 3812 68 68 u
2672 3800 68 88 b
2756 3788 64 92 d
2836 3868 20 16 .
2920 3788 300 96 June
3276 3792 64 88 3
3384 3816 20 72 ;
3504 3780 100 128 R.
3688 3812 244 88 Mac
3936 3796 192 92 far
4136 3800 104 92 la
4260 3824 68 68 n
4340 3820 56 68 e
4412 3876 16 28 ,
4512 3824 164 88 Ma
4700 3800 264 96 ritz-

368 3924 316 112 burg,
768 3920 380 112 Natal,
1236 3920 364 96 South
1672 3920 440 96 Africa.
2284 3920 468 104 (27-186
2760 3924 68 88 0
2836 3928 116 108 1)
4480 3932 284 100 7280

204 4148 148 116 M
348 4144 592 152 ahoney,
1020 4144 320 132 Carl
1416 4144 168 124 K.

368 4332 288 124 The
744 4328 640 164 religious
1468 4332 444 136 mind;
2016 4376 72 80 a
2176 4336 1012 160 psychological
3272 4340 408 164 study
3772 4344 152 124 of
4012 4348 648 160 religious
4748 4400 212 76 ex-

204 4516 648 160 perience,
944 4520 180 160 by
1220 4516 144 128 C.
1460 4516 172 124 K.
1724 4520 156 116 M
1888 4516 520 164 ahoney
2492 4532 84 128 …
2840 4524 328 124 New
3268 4528 388 120 York
3652 4576 36 68 .
3784 4532 288 124 The
4168 4532 152 120 M
4328 4576 148 84 ac
4484 4556 136 96 m
4628 4540 96 120 il
4736 4540 44 120 l
4796 4584 164 80 an

200 4744 704 120 company,
968 4700 356 128 1927.

368 4908 152 80 xx
532 4900 80 88 ii
676 4924 136 88 p.,
872 4900 56 88 1
988 4900 28 88 l
1036 4972 52 40 .,
1148 4896 204 92 214
1404 4924 104 88 p.
1652 4896 792 108 19½ͨͫ.

372 5064 892 112 Bibliography:
1328 5092 100 84 p.
1496 5060 512 100 207–210.

224 5188 108 124 ©
404 5200 304 112 Sept.
772 5196 60 96 6
836 5236 24 52 ,
928 5196 196 92 192
1144 5204 52 88 7
1244 5224 16 68 :
1328 5196 156 96 2c.
1556 5200 220 92 and
1844 5200 200 96 aff.
2116 5200 304 116 Sept.
2488 5200 52 92 7
2588 5216 16 84 ;
2688 5204 84 92 A
2840 5204 272 96 9997
3124 5204 64 84 5
3192 5204 124 100 9;
3420 5200 640 108 Mlacmillan
4128 5224 124 80 co
4272 5292 20 20 .

392 5336 668 108 (27-18637)
4484 5352 276 104 7281

204 5556 576 148 Marvel,
856 5556 536 152 Josiah,
1476 5564 316 120 1866
1796 5636 88 16 –
2392 5564 200 124 ed.

372 5744 288 124 The
744 5744 544 160 general
1372 5744 864 160 corporation
2324 5748 264 124 law
2672 5748 152 128 of
2908 5752 228 124 the
3220 5768 348 112 state
3656 5760 148 124 of
3892 5764 752 136 Delaware,
4740 5816 228 76 an-

212 5928 588 160 notated,
876 5928 328 124 with
1280 5932 180 124 all
1536 5928 660 132 decisions
2268 5936 796 168 construing
3132 5940 228 128 the
3428 5944 260 124 law
3764 5948 268 124 and
4104 5952 228 124 the
4396 5972 576 112 statutes

208 6112 152 124 of
472 6116 224 124 the
804 6128 348 112 state
1264 6112 152 128 of
1524 6116 712 124 Delaware
2352 6120 788 168 pertaining
3248 6144 140 108 to
3508 6132 1012 168 receiverships,
4636 6144 328 124 with

208 6300 440 160 digest
744 6344 76 76 o
836 6296 64 124 f
992 6300 700 128 decisions,
1784 6304 176 160 by
2052 6304 484 128 Josiah
2636 6308 148 120 M
2796 6352 316 80 arve
3124 6312 40 120 l
3284 6304 80 144 …
3596 6324 72 116 3
3680 6320 84 120 d
3860 6324 200 120 ed.
4240 6324 728 168 Wilming-

216 6500 272 140 ton,
560 6484 344 156 Del.,
992 6480 908 164 Corporation
1984 6488 508 124 service
2568 6536 712 124 company,
3372 6504 356 124 1927.

376 6688 148 76 xx
536 6676 68 116 i,
664 6680 204 96 284
932 6704 104 88 p.
1176 6676 720 104 23ͨͫ.

380 6816 168 88 Ad
556 6840 68 68 v
632 6836 124 72 er
768 6820 40 84 t
816 6812 304 112 ising
1176 6820 492 92 matter:
1732 6840 104 88 p.
1900 6816 592 120 [271]–284.

232 6936 108 124 ©
412 6952 92 84 A
516 6972 68 68 u
596 6972 96 88 g.
768 6952 88 108 1,
928 6948 204 96 192
1140 6952 56 92 7
1224 6968 32 84 ;
1332 6952 164 100 2c.
1568 6956 224 92 and
1864 6976 60 72 a
1940 6952 48 92 f
1968 6952 64 92 f
2044 7032 16 16 .
2140 6952 68 96 S
2220 6976 60 72 e
2292 6984 68 84 p
2368 6960 76 92 t.
2516 6956 64 92 9
2624 6984 20 84 ;
2724 6960 92 88 A
2884 6956 132 92 99
3024 6960 64 88 9
3100 6960 132 96 79
3236 6960 68 88 9
3324 6976 32 80 :
3440 6964 108 100 J.
3632 6968 180 96 Ma
3832 6996 52 64 r
3892 7000 68 64 v
3964 6996 60 68 e
4036 6972 32 88 l
4084 7048 20 24 .
4180 6972 180 96 Wi
4372 6976 28 92 l
4420 6976 364 116 mingt
4792 7008 60 64 o
4864 7008 104 76 n.

380 7084 168 92 De
556 7088 32 88 l
604 7160 20 20 .
792 7084 404 116 (27-18
1200 7088 56 92 7
1268 7088 60 92 5
1336 7084 124 116 2)
4484 7112 284 100 7282

216 7328 448 148 Mays,
736 7332 552 124 Arthur
1356 7332 644 152 Beverly.

604 7508 288 124 The
964 7512 604 160 problem
1640 7512 152 124 of
1856 7516 732 128 industrial
2664 7524 756 132 education,
3488 7524 180 168 by
3736 7536 260 124 Art
4012 7536 176 124 hu
4212 7584 60 76 r
4348 7544 152 124 B.
4576 7532 160 116 M
4740 7588 236 120 ays

524 7692 324 124 New
920 7692 384 124 York
1368 7704 104 112 &
1536 7696 612 128 London.
2224 7704 284 124 The
2580 7704 596 132 Century
3256 7756 184 80 co.
3528 7696 452 176 [ͨ1927]

380 7884 112 92 xi
504 7884 36 92 i
556 7960 20 36 ,
640 7888 204 92 416
916 7912 100 88 p.
1148 7884 684 108 20½ͨͫ.
1672 7896 296 108 (The
2044 7896 508 116 Century
2624 7904 616 100 education
3316 7908 416 112 series)
4032 7908 300 112 $2.25

384 8020 56 36 "
456 8020 68 96 S
540 8044 56 68 e
600 8024 36 88 l
648 8024 320 92 ected
1044 8028 716 92 references"
1836 8044 124 84 at
2028 8036 212 88 end
2316 8036 124 92 of
2508 8040 280 88 each
2864 8040 512 112 chapter.

228 8140 120 124 ©
412 8156 92 88 A
516 8180 64 68 u
592 8180 100 84 g.
756 8160 164 104 17,
984 8156 200 96 192
1192 8160 64 92 7
1296 8184 24 80 ;
1388 8160 64 92 2
1456 8176 52 76 c
1528 8240 16 16 .
1612 8188 56 68 a
1684 8168 152 92 nd
1904 8164 164 96 aff
2080 8244 16 16 .
2164 8172 284 104 Aug.
2520 8168 128 96 19
2688 8196 20 76 ;
2784 8172 92 88 A
2944 8176 60 88 9
3016 8176 404 100 99456:
3496 8180 232 96 Cen
3740 8192 40 84 t
3792 8212 216 88 ury
4072 8212 128 72 co
4216 8264 20 20 .

408 8288 260 116 (27-
668 8304 56 88 1
736 8304 64 92 8
804 8304 64 88 5
884 8292 188 112 75)
4484 8328 284 100 7283

228 8528 712 156 Mencken,
1012 8540 488 152 Henry
1572 8544 468 152 Louis,
2116 8560 316 116 1880
2436 8632 84 12 –

392 8708 600 132 Selected
1084 8720 800 160 prejudices,
1968 8728 176 160 by
2228 8732 180 124 H.
2496 8732 152 124 L.
2736 8724 152 116 M
2896 8740 540 124 encken.
3612 8748 324 124 New
4032 8736 424 152 York,
4544 8760 164 124 A.
4800 8764 168 124 A.

236 8892 516 164 Knopf,
840 8900 352 128 1927.

384 9084 56 92 5
520 9100 100 88 p.
696 9088 40 88 l
748 9164 52 32 .,
876 9092 200 96 166
1148 9124 104 84 p.
1396 9104 52 88 1
1464 9088 720 108 8½ͨͫ
1692 9132 44 56 .

392 9224 432 96 "These
896 9252 396 88 essays
1364 9260 200 72 are
1640 9244 152 88 all
1872 9244 344 92 taken
2292 9244 308 96 from
2676 9248 192 96 the
2940 9252 44 92 f
2984 9252 212 100 irst
3268 9256 44 92 f
3308 9256 32 92 i
3348 9248 68 80 v
3428 9284 56 68 e
3560 9268 512 88 volumes
4152 9272 120 92 of
4348 9296 184 88 my
4612 9276 356 96 series

228 9352 120 92 of
408 9356 736 116 'Prejudices'
1252 9356 64 104 …
1460 9372 92 88 A
1620 9372 452 96 similar
2132 9380 580 104 selection,
2784 9388 60 88 b
2856 9388 404 112 earing
3324 9396 192 100 the
3584 9420 312 72 same
3964 9404 256 92 title
4288 9404 204 96 but
4556 9408 120 92 in
4744 9416 224 92 two
