5920 10300
2572 9604 316 116 1421

356 956 708 144 Delafield,
1140 952 628 148 Francis,
1852 960 316 116 1841
2172 1028 88 12 –
2268 956 356 120 1915.

532 1144 132 124 A
748 1140 704 132 text-book
1536 1140 156 128 of
1776 1136 792 164 pathology,
2652 1136 180 164 by
2920 1132 576 128 Francis
3584 1132 204 128 De
3796 1132 52 124 l
3856 1128 128 128 af
3976 1128 56 128 i
4040 1128 212 132 eld
4336 1136 84 148 …
4596 1128 276 132 and
4960 1132 156 124 T.

372 1328 196 124 Mi
576 1340 60 112 t
640 1328 236 124 che
884 1328 104 120 ll
1060 1324 652 128 Prudden
1776 1328 76 144 …
2120 1320 316 124 14th
2516 1320 248 160 ed.,
2840 1364 140 80 re
2992 1364 84 76 v
3088 1416 24 28 .
3188 1320 184 164 by
3456 1316 576 128 Francis
4116 1312 108 136 C
4236 1328 364 116 arter
4676 1316 444 132 Wood

432 1508 80 148 …
592 1508 336 124 with
1000 1520 512 148 twenty
1584 1504 684 164 full-page
2336 1504 440 160 plates
2848 1504 268 124 and
3188 1500 376 168 eight
3636 1500 628 128 hundred
4340 1500 272 128 and
4680 1500 444 168 thirty

368 1692 904 128 illustrations
1352 1688 140 128 in
1572 1692 232 124 the
1884 1704 292 108 text
2256 1688 140 124 in
2476 1688 400 124 black
2964 1688 268 124 and
3320 1688 468 124 colors.
3964 1684 332 128 New
4384 1684 432 164 York,
4900 1688 216 132 W.

360 1880 440 132 Wood
860 1880 272 124 and
1188 1916 712 124 company,
1964 1868 360 132 1927.

528 2068 144 116 vi,
736 2068 276 100 1339
1080 2096 104 88 p.
1324 2068 308 96 illus.
1696 2064 332 116 (part
2088 2064 272 116 col.)
2448 2064 372 116 plates
2888 2064 324 116 (part
3280 2064 268 112 col.)
3708 2064 720 116 24½ͨͫ.

364 2184 120 112 ©
560 2208 244 96 Oct.
876 2208 56 88 1
944 2208 60 92 5
1016 2280 24 40 ,
1108 2204 136 92 19
1244 2204 64 92 2
1316 2208 132 108 7;
1520 2200 164 100 2c.
1756 2200 248 96 Oct.
2068 2200 200 112 27;
2348 2200 196 96 aff.
2616 2200 244 96 Oct.
2932 2200 200 112 28;
3208 2200 100 92 A
3376 2200 60 92 1
3448 2200 140 96 00
3592 2204 56 92 7
3660 2200 204 96 998
3904 2224 20 88 ;
4004 2200 520 96 William
4596 2204 360 92 Wood
5032 2200 84 100 &

516 2364 164 76 co.
856 2340 664 120 (27-22933)
4632 2332 132 100 95
4780 2332 64 104 0
4856 2332 60 104 8

352 2564 780 148 Delamare,
1216 2560 668 152 Georges.

528 2756 288 124 The
912 2752 696 164 midnight
1704 2748 408 164 king;
2228 2792 72 80 a
2404 2748 396 124 novel
2904 2748 180 164 by
3188 2744 532 164 George
3824 2748 768 160 Delamare,
4700 2764 424 112 trans-

360 2940 364 124 lated
796 2932 368 128 from
1232 2936 228 124 the
1536 2932 532 128 French
2136 2932 176 164 by
2384 2932 116 124 I.
2576 2932 416 124 Louis
3072 2932 684 128 Bierman.
3916 2932 336 128 New
4328 2932 432 164 York,
4836 2936 288 124 Rae

360 3124 164 128 D.
592 3120 540 128 Henkle
1196 3160 236 120 co.,
1488 3120 300 160 inc.,
1856 3116 360 128 1927.

524 3316 64 92 4
648 3340 108 92 p.
812 3316 40 92 l
868 3388 52 40 .,
988 3312 60 96 5
1052 3368 60 12 –
1124 3312 204 96 272
1388 3340 104 88 p.
1636 3312 752 108 19½ͨͫ.

360 3424 120 108 ©
564 3448 244 96 Oct.
888 3448 164 116 25,
1136 3448 336 108 1927;
1556 3448 60 92 2
1628 3460 56 76 c
1696 3528 24 16 .
1800 3448 244 96 Oct.
2120 3448 64 92 2
2196 3444 72 92 6
2300 3472 20 88 ;
2408 3444 196 100 aff.
2688 3444 244 100 Oct.
3012 3448 200 112 28;
3296 3448 96 92 A
3476 3448 56 92 1
3544 3448 68 96 0
3620 3448 52 92 1
3684 3448 208 96 000
3896 3448 128 112 9;
4116 3448 244 96 Rae
4444 3448 132 96 D.
4664 3448 452 100 Henkle

520 3612 192 88 co.,
792 3588 220 92 inc.
1180 3580 668 120 (27-22995)
4604 3580 284 100 9509

352 3772 1356 152 Delmas-Marsalet,
1780 3772 396 128 Paul.

668 3964 72 144 …
812 3964 256 124 Les
1204 4012 64 76 r
1276 3964 64 124 é
1348 3960 404 128 flexes
1888 3960 160 128 de
2184 3976 552 144 posture
2880 3960 88 124 é
2968 3964 48 108 l
3004 3960 68 124 é
3076 3964 728 124 mentaires
3968 3960 44 164 (
4032 3960 80 116 é
4108 3964 324 124 tude
4568 3964 544 160 physio-

352 4148 648 168 clinique)
1200 4148 576 128 Préface
1872 4144 228 128 des
2196 4144 844 164 professeurs
3136 4148 160 124 V.
3396 4148 556 124 Pachon
4048 4160 128 116 et
4264 4148 184 128 H.
4556 4148 556 164 Verger.

352 4344 72 116 9
512 4332 1116 168 photographies,
1728 4340 232 116 111
2048 4332 432 128 tracés
2576 4332 764 164 originaux.
3524 4332 440 160 Paris,
4056 4336 552 124 Masson
4700 4352 128 116 et
4920 4352 608 144 cͥͤ,

360 4520 352 132 1927.

516 4720 204 96 174
792 4744 136 88 p.,
1000 4720 56 88 1
1128 4716 40 92 l
1180 4792 24 20 .
1376 4712 308 96 illus.
1752 4712 32 116 (
1808 4712 40 92 i
1852 4736 144 72 nc
2000 4716 36 92 l
2052 4788 20 20 .
2144 4708 488 120 diagrs.)
2796 4708 60 96 2
2868 4712 684 112 3½ͨͫ
3124 4788 20 20 .

516 4852 152 96 At
728 4852 300 96 head
1088 4852 128 96 of
1272 4848 324 100 title:
1664 4852 144 108 Dͬ
1876 4848 120 96 P.
2060 4852 1128 92 Delmas-Marsalet.

520 4984 284 100 "Bib
808 4988 40 92 l
856 4984 532 116 iographi
1396 4996 64 80 c
1468 4984 124 96 ":
1668 5008 104 88 p.
1896 4980 556 116 [169]–171.

356 5116 124 112 ©
552 5124 272 112 Apr.
900 5120 164 112 25,
1140 5120 208 96 192
1352 5124 60 92 7
1452 5144 24 88 ;
1556 5120 116 104 1c
1692 5196 24 20 .
1792 5120 152 96 Ju
1948 5120 40 88 l
2000 5144 68 88 y
2144 5120 124 108 9;
2348 5120 100 92 A
2448 5172 144 12 —
2600 5120 88 88 F
2696 5144 64 72 o
2772 5116 324 116 reign
3164 5120 144 96 35
3308 5120 264 108 182;
3660 5124 188 92 Ma
3864 5144 112 72 ss
3988 5144 60 72 o
4056 5144 72 68 n
4208 5120 84 96 &
4368 5148 60 68 c
4432 5120 144 100 ie.

548 5256 664 120 (27-22779)
4628 5252 288 104 9510

344 5448 304 124 Den
716 5444 616 148 Dooven,
1404 5444 132 124 K
2216 5440 620 148 Camille,
2924 5448 312 120 1889
3244 5516 84 16 –

516 5636 292 120 The
888 5628 368 128 hotel
1340 5628 268 128 and
1692 5640 776 116 restaurant
2552 5628 508 128 dessert
3140 5624 396 164 book,
3616 5628 184 164 by
3884 5628 176 128 K.
4156 5624 572 132 Camille
4812 5632 296 124 Den

352 5820 556 124 Dooven
980 5824 80 136 …
1308 5816 276 124 Bos
1592 5824 56 116 t
1656 5860 212 112 on,
1932 5812 456 160 Mass.,
2456 5812 120 124 E
2588 5812 48 124 l
2648 5820 356 116 ectro
3012 5820 60 116 t
3072 5812 364 164 yped
3508 5816 268 124 and
3844 5812 552 164 printed
4460 5816 180 164 by
4712 5816 144 132 C.
4928 5816 184 128 H.

352 6000 636 132 Simonds
1072 6040 668 120 company
1832 5996 420 156 [ͨ1927
2244 6036 44 100 ]

512 6204 228 112 xiv,
816 6204 200 96 353
1092 6224 108 88 p.
1336 6196 392 116 front.,
1804 6196 412 116 plates.
2356 6192 680 120 23½ͨͫ
2664 6196 40 88 .

356 6312 124 108 ©
568 6336 248 96 Oct.
892 6336 168 112 13,
1140 6336 56 92 1
1208 6332 72 96 9
1280 6332 196 108 27;
1560 6332 164 96 2c.
1808 6332 228 92 and
2116 6328 200 100 aff.
2404 6324 244 104 Oct.
2732 6328 196 112 15;
3016 6328 96 92 A
3196 6328 56 92 1
3264 6324 144 96 00
3408 6328 332 112 4635;
3836 6332 140 96 K.
4060 6332 120 96 C.
4268 6332 252 96 Den
4604 6336 508 116 Dooven,

516 6472 624 112 Brooklyn.
1308 6464 396 120 (27-22
1708 6468 64 96 7
1784 6464 192 116 72)
4624 6468 280 100 9511

352 6664 284 120 The
732 6660 344 124 desk
1176 6656 696 132 Standard
1964 6652 772 164 dictionary
2832 6652 152 124 of
3072 6652 232 124 the
3400 6652 584 164 English
4076 6660 720 164 language,
4884 6660 220 124 de-

512 6848 476 164 signed
1108 6856 140 112 to
1368 6844 308 164 give
1792 6840 240 124 the
2144 6840 988 160 orthography,
3256 6840 1096 160 pronunciation,
4472 6844 644 168 meaning

516 7032 268 124 and
888 7032 768 160 etymology
1756 7024 156 124 of
2008 7024 408 128 about
2516 7032 452 152 83,000
3064 7024 444 128 words
3612 7024 268 128 and
3984 7028 556 160 phrases
4644 7032 140 120 in
4884 7032 232 124 the

512 7216 472 164 speech
1124 7216 272 124 and
1532 7212 708 124 literature
2372 7208 156 128 of
2660 7212 232 124 the
3032 7212 1324 168 English-speaking
4492 7216 612 164 peoples;

520 7408 360 152 1,200
1000 7396 636 164 pictorial
1756 7396 976 156 illustrations;
2860 7392 660 168 abridged
3648 7396 360 124 from
4128 7400 232 124 the
4480 7396 412 128 Funk
5008 7408 108 120 &

516 7588 712 164 Wagnalls
1284 7624 292 84 new
1644 7576 696 132 Standard
2404 7580 772 160 dictionary
3236 7580 156 124 of
3448 7584 232 120 the
3744 7584 588 160 English
4396 7588 720 164 language,

512 7776 184 160 by
760 7776 464 124 James
1296 7764 144 132 C.
1520 7768 448 124 Ferna
1972 7768 48 120 l
2032 7768 84 124 d
2192 7784 80 128 …
2504 7764 328 128 New
2904 7764 248 160 ed.,
3224 7812 444 120 augm.
3752 7768 268 128 and
4092 7768 676 168 carefully
4836 7816 144 84 re
4988 7820 88 80 v
5084 7872 28 28 .

512 7960 180 156 by
764 7956 468 124 Frank
1300 7956 184 120 H.
1556 7952 676 160 Vizetelly
2312 7956 84 144 …
2616 7952 332 124 New
3024 7952 392 124 York
3488 7952 272 124 and
3832 7952 576 128 London
4408 8004 36 84 ,
4528 7956 408 124 Funk
5004 7952 104 116 &

512 8140 716 164 Wagnalls
1296 8180 712 116 company,
2084 8144 360 116 1928.

520 8336 240 112 viii,
832 8332 204 100 894
1100 8356 108 92 p.
1344 8332 312 96 illus.
1792 8332 576 112 22½ͨͫ.

516 8468 628 96 Published
1212 8464 308 100 1927.

360 8596 124 116 ©
560 8608 244 96 Oct.
876 8604 100 112 3,
1052 8600 336 112 1927;
1464 8600 164 96 2c.
1704 8600 228 96 and
2008 8600 196 96 aff.
2284 8600 248 96 Oct.
2604 8600 200 112 21;
2884 8600 100 92 A
3056 8600 56 92 1
3128 8600 144 96 00
3272 8600 200 96 473
3476 8600 64 96 3
3584 8628 20 84 ;
3692 8600 332 96 Funk
4100 8604 88 96 &
4264 8608 600 112 Wagnalls
4944 8632 160 76 co.

552 8736 664 124 (27-22870)
4620 8736 284 100 9512

356 8948 476 152 Dobie,
904 8948 592 132 Charles
1560 8948 692 152 Caldwell,
2332 8956 316 120 1881
2652 9028 92 16 –

516 9124 288 128 The
892 9124 600 124 arrested
1580 9140 592 108 moment
2260 9128 108 120 &
2448 9128 388 120 other
2920 9124 520 160 stories,
3520 9128 180 164 by
3792 9124 564 132 Charles
4444 9128 196 132 Ca
4648 9128 52 124 l
4704 9128 348 128 dwel
5060 9128 32 120 l

356 9308 468 128 Dobie.
1000 9308 332 128 New
1424 9304 428 168 York,
1944 9308 284 128 The
2320 9308 376 128 John
2788 9308 312 164 Day
3188 9352 712 124 company,
3996 9312 360 128 1927.
