5968 10284
1092 1360 452 152 Pearl,
1632 1364 736 148 Raymond
2380 1440 184 20 —
2572 1360 776 132 Continued

1268 1560 64 96 6
1384 1556 72 108 p
1468 1636 20 24 .
1548 1560 44 92 l
1600 1632 56 44 .,
1716 1560 136 96 96
1908 1584 144 92 p.,
2112 1560 56 96 1
2228 1560 36 96 l
2280 1636 20 24 .
2444 1560 792 108 19½ͨͨ
2760 1596 36 56 .

1272 1696 756 116 Suggestions
2112 1696 356 96 about
2560 1696 484 116 reading
3128 1696 356 96 based
3564 1720 152 72 on
3804 1696 312 96 "The
4208 1696 484 116 reading
4772 1696 128 100 of
4988 1700 568 112 graduate
5640 1712 204 92 stu-

1100 1828 400 96 dents"
1592 1828 612 116 published
2288 1828 120 96 in
2496 1828 196 96 the
2780 1828 592 100 Scientific
3452 1832 560 112 monthly,
4096 1856 104 72 v.
4284 1828 172 120 21,
4548 1836 272 112 July
4912 1832 308 116 1925,
5308 1860 108 92 p.
5492 1836 356 108 33–44.

1092 1988 60 72 c
1160 1968 84 112 f.
1308 1964 312 100 Pref.

1100 2076 116 112 ©
1284 2100 272 116 Apr.
1620 2104 88 112 8,
1776 2100 336 112 1927;
2172 2104 164 92 2c.
2396 2100 276 112 Apr.
2732 2100 196 112 11;
2996 2124 60 68 a
3072 2100 120 100 ff.
3252 2100 276 116 Apr.
3592 2104 128 108 9;
3784 2100 96 92 A
3940 2100 480 116 972732;
4492 2100 408 100 Alfred
4964 2104 132 100 A.
5160 2104 420 120 Knopf,
5644 2108 196 104 inc.

1284 2236 604 116 (27-8179)
5388 2236 276 100 2854

1092 2460 640 152 Perkins,
1816 2460 712 128 Clarence.

1252 2648 132 124 A
1440 2648 536 164 history
2036 2644 152 128 of
2248 2648 736 160 European
3044 2648 592 164 peoples,
3692 2648 176 164 by
3936 2644 648 132 Clarence
4644 2648 580 128 Perkins
5316 2648 76 144 …
5500 2648 316 132 illus.

1092 2836 444 124 trated
1596 2832 340 128 with
1992 2832 272 124 line
2324 2828 696 168 drawings
3080 2836 268 120 and
3416 2832 308 124 half
3780 2848 420 112 tones.
4348 2832 648 168 Chicago,
5060 2836 324 124 New
5448 2836 396 144 York,

1096 3020 436 160 Rand,
1600 3020 636 160 MͨNally
2304 3024 112 120 &
2480 3060 676 120 company
3240 3020 460 144 [ͨ1927]

1248 3220 232 112 xvi,
1564 3220 240 116 932,
1884 3216 204 96 xvi
2092 3216 40 96 i
2136 3272 72 12 –
2212 3216 372 96 xxviii
2664 3240 104 92 p.
2916 3216 340 116 illus.,
3344 3240 324 92 maps
3736 3216 324 116 (part
4144 3216 476 112 double)
4780 3220 64 92 2
4852 3216 640 108 0ͨͨ
5028 3216 28 80 .

1252 3356 900 112 Bibliography:
2236 3380 108 88 p.
2416 3348 524 100 921–932.

1096 3468 120 120 ©
1288 3488 276 116 Apr.
1632 3492 92 108 7,
1800 3488 336 112 1927;
2208 3488 164 96 2c.
2444 3484 228 92 and
2744 3508 64 68 a
2824 3480 120 104 ff.
3012 3484 272 116 Apr.
3356 3484 56 92 1
3428 3480 56 96 1
3532 3508 20 88 ;
3632 3484 92 92 A
3800 3480 476 116 972726;
4360 3484 372 116 Rand,
4808 3484 536 116 McNally
5416 3488 84 96 &
5568 3512 148 76 co.

1280 3624 604 116 (27-8208)
5384 3616 272 104 2855

1096 3852 480 148 Perry,
1660 3848 420 148 Bliss,
2168 3852 324 120 1860
2496 3924 84 16 –

1260 4036 408 124 Pools
1764 4036 268 124 and
2120 4032 564 164 ripples,
2776 4032 504 160 fishing
3364 4072 492 120 essays,
3936 4028 180 164 by
4204 4032 368 124 Bliss
4660 4032 472 168 Perry.
5312 4036 528 160 Boston,

1088 4224 468 160 Little,
1632 4224 552 156 Brown,
2264 4216 272 128 and
2616 4260 712 120 company,
3416 4216 360 128 1927.

1252 4444 184 88 xv,
1504 4412 204 100 102
1768 4440 104 92 p.
2012 4416 364 96 front.
2440 4412 416 116 (port.)
3016 4408 724 116 21½ͨͨ.

1260 4552 80 96 C
1348 4576 68 72 O
1428 4548 1136 116 NTENTS.—Fishing
2632 4548 288 96 with
2988 4572 68 72 a
3128 4548 1036 112 worm.—Fishing
4232 4548 288 96 with
4596 4572 64 72 a
4740 4548 40 96 f
4780 4548 36 96 l
4824 4548 704 116 y.—Revisit
5536 4548 32 96 i
5580 4576 140 92 ng
5784 4576 56 72 a

1092 4688 340 96 river.

1092 4792 120 108 ©
1296 4824 276 112 Apr.
1644 4820 96 116 9,
1820 4820 340 116 1927;
2240 4820 160 96 2c.
2484 4820 228 92 and
2792 4816 196 100 aff.
3068 4816 276 112 Apr.
3424 4816 56 96 1
3492 4820 60 92 3
3596 4840 24 88 ;
3704 4816 100 96 A
3880 4816 480 116 967770;
4448 4820 128 96 B.
4660 4820 396 116 Perry,
5144 4816 688 120 Cambridge,

1256 4960 352 96 Mass.
1776 4952 604 128 (27-8178)
5380 4952 272 104 2856

1088 5180 560 152 Phelps,
1720 5180 488 152 Vergil
2276 5176 564 132 Vivian.

1340 5372 80 136 …
1500 5368 360 124 How
1936 5380 140 112 to
2144 5368 164 124 be
2384 5408 72 80 a
2536 5364 636 160 speaker:
3248 5364 232 124 the
3556 5364 480 160 speech
4108 5368 524 160 slogan,
4704 5364 336 128 with
5120 5364 716 128 thousands

1092 5552 152 124 of
1332 5600 504 116 poems,
1920 5552 416 160 ideas,
2420 5552 268 124 and
2780 5552 544 160 slogans
3416 5548 220 124 for
3724 5552 188 120 all
3996 5564 396 148 types
4472 5548 156 128 of
4708 5552 708 160 speaking,
5500 5592 332 120 espe-

1092 5784 68 80 c
1172 5744 180 120 ial
1368 5744 36 120 l
1420 5784 84 120 y
1612 5740 608 124 business
2324 5736 712 164 speaking,
3140 5736 180 164 by
3432 5736 128 128 V
3568 5736 288 164 ergi
3868 5736 44 120 l
4032 5736 124 128 V
4168 5840 20 24 .
4304 5736 512 164 Phelps
4912 5748 76 144 …
5272 5736 560 156 Detroit,

1100 5928 364 124 Mich
1480 6028 72 60 .,
1628 5924 956 128 Brotherhood
2660 5968 420 116 press,
3144 5924 572 160 Wayne,
3784 5924 464 160 Mich.,
4320 5928 164 128 V.
4560 5928 164 128 V.
4796 5924 516 164 Phelps
5392 5932 160 152 [ͨ1
5564 5924 220 124 927
5800 6000 20 80 ]

1256 6152 76 64 x
1384 6152 140 88 p.,
1588 6124 44 92 1
1684 6120 52 88 l
1756 6196 56 40 .,
1876 6120 200 96 283
2140 6144 100 92 p.
2384 6116 712 112 20ͨͨ.

1092 6232 120 108 ©
1288 6264 104 92 M
1404 6284 168 72 ar.
1628 6260 172 104 24,
1860 6260 40 88 1
1932 6260 264 108 927;
2260 6256 64 96 2
2336 6284 56 64 c
2404 6336 20 20 .
2488 6284 60 64 a
2564 6284 68 64 n
2644 6260 72 88 d
2776 6280 64 68 a
2848 6252 60 92 f
2888 6252 84 104 f.
3036 6256 272 112 Apr.
3372 6252 132 92 16
3544 6276 20 88 ;
3636 6252 96 96 A
3792 6252 132 96 96
3936 6252 336 112 7892;
4344 6256 120 92 V.
4540 6256 92 96 V
4644 6332 20 24 .
4732 6256 168 92 Ph
4908 6276 60 72 e
4972 6252 216 120 lps.

1272 6392 472 120 (27-844
1752 6396 60 88 3
1840 6392 36 112 )
5372 6384 276 100 2857

1088 6584 804 152 Phillpotts,
1968 6580 676 128 Adelaide
2716 6580 440 128 Eden.

1256 6768 556 160 Tomek,
1880 6772 228 120 the
2172 6768 652 160 sculptor,
2888 6768 184 160 by
3140 6764 672 128 Adelaide
3880 6768 396 124 Eden
4344 6764 796 164 Phillpotts.
5300 6772 528 132 Boston,

1088 6956 460 160 Little,
1632 6960 548 156 Brown,
2264 6952 268 128 and
2608 6996 716 120 company,
3408 6948 356 132 1927.

1260 7152 60 96 5
1400 7180 104 88 p.
1592 7152 40 92 l
1640 7224 56 40 .,
1788 7196 24 76 [
1820 7148 64 100 3
1892 7200 112 72 ]–
2004 7152 136 96 37
2144 7144 68 104 0
2292 7176 104 88 p.
2536 7148 68 96 2
2612 7144 640 116 0ͨͨ
2796 7224 20 24 .

1088 7256 124 108 ©
1280 7288 272 112 Apr.
1612 7292 100 108 9,
1780 7288 336 108 1927;
2180 7288 68 92 2
2256 7312 56 64 c
2320 7364 24 20 .
2408 7292 228 92 and
2704 7284 196 100 aff.
2968 7284 272 116 Apr.
3308 7284 192 112 14;
3572 7284 100 92 A
3732 7284 480 108 967853;
4288 7284 392 116 Little,
4744 7288 460 108 Brown,
5272 7288 220 92 and
5560 7304 268 72 com-

1248 7448 72 92 p
1324 7448 264 84 any.
1756 7420 600 120 (27-8150)
5344 7412 276 104 2858

1088 7616 680 152 Pouquet,
1836 7616 404 124 Mme.
2312 7612 540 124 Jeanne
2948 7608 784 152 (Pouquet)

1256 7800 292 124 The
1624 7800 264 124 last
1972 7800 448 124 salon:
2500 7796 596 124 Anatole
3176 7796 524 124 France
3784 7796 268 124 and
4128 7792 216 128 his
4424 7840 372 80 muse
4868 7796 276 124 <Le
5228 7796 372 124 salon
5676 7788 144 124 de

1092 7984 396 124 Mme.
1556 7984 528 124 Arman
2148 7984 164 124 de
2376 7980 764 128 Caillavet>
3192 7980 184 164 by
3432 7980 528 128 Jeanne
4020 7980 612 124 Maurice
4692 7984 660 160 Pouquet,
5412 7996 404 108 trans-

1088 8172 364 124 lated
1524 8168 364 124 from
1956 8168 224 124 the
2252 8168 536 124 French
2852 8164 184 164 by
3100 8164 440 128 Lewis
3608 8160 124 132 G
3744 8208 76 80 a
3828 8168 40 120 l
3888 8208 168 80 an
4068 8176 52 112 t
4132 8168 308 156 ière,
4512 8164 332 124 with
4920 8208 172 84 an
5160 8160 648 128 introduc-

1092 8356 280 124 tion
1472 8352 184 164 by
1748 8352 960 164 Montgomery
2816 8352 620 160 Belgion.
3620 8352 332 124 New
4052 8352 428 156 York,
4576 8348 740 160 Harcourt,
5416 8352 400 120 Brace

1080 8540 268 124 and
1428 8580 672 120 company
2200 8532 444 164 [ͨ1927]

1240 8736 284 96 xxiv
1588 8764 136 88 p.,
1788 8736 64 96 2
1916 8740 36 88 l
1968 8808 56 36 .,
2092 8736 60 96 3
2156 8792 72 4 –
2232 8736 204 96 362
2500 8760 108 92 p.
2748 8736 792 108 22½ͨͨ
3068 8768 24 56 .

1088 8836 124 112 ©
1276 8872 272 112 Apr.
1612 8872 96 108 7,
1780 8868 332 108 1927;
2184 8860 160 104 2c.
2416 8868 268 112 Apr.
2756 8868 56 92 1
2824 8868 64 92 3
2932 8892 16 84 ;
3024 8888 60 72 a
3100 8864 120 100 ff.
3288 8864 272 112 Apr.
3632 8864 196 100 12:
3900 8868 96 92 A
4064 8864 476 108 967764;
4620 8864 624 112 Harcourt,
5316 8868 356 88 Brace
5740 8856 76 92 &

1248 9008 196 108 co.,
1540 9004 220 96 inc.
1924 9004 600 112 (27-8141)
5356 8988 272 104 2859

1088 9192 716 148 Quennell,
1876 9196 156 120 M
2036 9236 168 80 rs.
2288 9192 724 148 Marjorie.

1252 9376 732 164 Everyday
2068 9372 256 128 life
2400 9376 140 120 in
2628 9372 1040 164 Anglo-Saxon,
3748 9372 524 164 viking,
4356 9372 268 124 and
4712 9372 620 124 Norman
5404 9364 412 152 times,

1100 9560 532 124 written
1728 9560 264 124 and
2088 9560 772 124 illustrated
2948 9556 180 164 by
3212 9556 664 164 Marjorie
3956 9564 108 112 &
4152 9552 148 132 C.
4388 9556 180 124 H.
4664 9556 156 120 B.
4916 9548 664 152 Quennell
5680 9556 72 144 …

1088 9744 608 156 London,
1768 9748 156 120 B.
2000 9744 152 124 T.
2228 9740 668 140 Batsford
2968 9744 240 124 ltd.
3296 9776 40 96 [
3344 9748 232 116 192
3592 9748 68 116 6
3676 9820 28 80 ]

3356 10032 244 124 436
