5920 10300
284 968 440 148 Allen,
792 972 152 120 M
944 1004 176 88 rs.
1196 964 244 124 Ida
1512 964 100 128 C
1624 960 568 152 ogswell
2276 960 632 152 (Bailey)
3004 968 404 120 1885–

440 1156 288 124 The
804 1152 560 128 modern
1440 1148 552 124 method
2072 1148 156 124 of
2308 1144 748 164 preparing
3136 1144 692 164 delightfu
3844 1148 44 120 l
3976 1144 440 164 foods,
4504 1148 172 164 by
4760 1148 256 124 Ida

288 1336 468 164 Bailey
856 1336 412 124 Allen
1320 1336 72 144 …
1612 1332 904 128 illustrations
2616 1332 180 164 by
2888 1332 348 128 Jack
3328 1328 588 132 Wilbur.
4120 1332 368 156 [New
4596 1332 424 160 York,

276 1516 364 132 Corn
700 1520 644 160 products
1412 1516 580 164 refining
2060 1556 708 120 company,
2888 1516 360 160 ͨ1927]

440 1712 232 112 109,
744 1716 88 112 [3
832 1732 36 80 ]
940 1736 100 88 p.
1100 1712 120 92 in
1232 1716 96 92 cl
1344 1784 20 24 .
1424 1712 356 96 front.
1848 1708 408 116 (port.)
2344 1712 304 96 illus.
2788 1708 760 112 17½ͨͫ.

440 1876 428 96 "Third
932 1872 620 120 printing."

276 2028 116 108 ©
460 2048 300 96 June
816 2048 164 112 20,
1044 2048 324 96 1927;
1444 2048 160 96 2c.
1668 2052 228 92 and
1960 2068 60 68 a
2036 2044 112 96 ff.
2216 2048 304 92 June
2580 2044 196 112 25;
2844 2044 100 92 A
3004 2044 472 112 996209;
3552 2044 300 100 Corn
3912 2048 548 112 products
4532 2048 484 120 refining

436 2212 124 68 co
576 2260 16 20 .
608 2256 20 40 ,
696 2184 280 96 New
1040 2204 164 88 Yo
1216 2184 164 92 rk.
1544 2184 320 108 (27-1
1876 2180 204 92 518
2092 2184 112 108 1)
4508 2180 208 100 573
4728 2184 60 96 5

276 2440 740 128 American
1092 2444 600 144 country
1760 2436 252 124 life
2084 2436 900 124 association.

436 2628 416 124 Farm
940 2624 512 128 income
1544 2624 268 124 and
1908 2620 364 128 farm
2356 2620 316 164 life;
2772 2668 76 80 a
2936 2620 840 164 symposium
3864 2668 172 80 on
4120 2628 228 124 the
4444 2624 572 128 relation

264 2808 152 128 of
484 2812 228 124 the
780 2808 408 128 social
1264 2812 268 124 and
1604 2808 676 124 economic
2356 2808 504 124 factors
2936 2808 140 124 in
3152 2812 372 120 rural
3600 2852 672 120 progress,
4344 2812 664 164 prepared

272 2996 168 164 by
504 3040 72 80 a
636 2996 352 164 joint
1048 2992 828 128 committee:
1940 2992 568 168 Dwight
2580 2992 820 164 Sanderson,
3460 2992 704 128 chairman
4212 3000 268 124 and
4532 3000 484 160 editor,

264 3184 372 128 John
696 3180 180 124 H.
944 3184 416 160 Kolk,
1420 3184 188 124 M.
1680 3184 152 120 L.
1896 3180 576 160 Wilson,
2544 3180 932 164 representing
3540 3180 232 128 the
3836 3180 728 128 American
4616 3228 396 84 coun-

264 3384 224 148 try
552 3368 252 128 life
876 3364 844 164 association,
1788 3368 604 124 Andrew
2468 3368 376 160 Boss,
2916 3368 156 124 F.
3148 3368 168 124 D.
3396 3368 576 160 Farrell,
4048 3364 120 136 O
4188 3472 24 24 .
4288 3372 168 128 G.
4528 3372 488 164 Lloyd,

264 3552 932 164 representing
1268 3552 228 128 the
1572 3552 728 124 American
2384 3548 364 128 farm
2820 3552 744 128 economics
3640 3552 848 128 association.
4652 3556 356 128 Pub-

264 3740 432 128 lished
780 3736 184 168 by
1044 3784 456 76 means
1584 3736 156 124 of
1828 3784 72 76 a
1992 3748 404 152 grant
2492 3736 360 124 from
2940 3736 228 128 the
3256 3736 652 128 Institute
3996 3736 152 128 of
4236 3740 412 128 social
4740 3748 264 124 and

272 3924 628 164 religious
964 3920 652 128 research.
1764 3920 332 128 New
2168 3920 424 164 York,
2656 3920 340 128 Pub.
3064 3924 180 164 by
3304 3920 228 128 the
3620 3924 784 168 University
4468 3928 152 124 of
4692 3928 316 132 Chi-

260 4152 324 124 cago
668 4156 372 116 press
1124 4108 224 124 for
1428 4108 228 124 the
1736 4108 728 124 American
2552 4120 572 152 country
3204 4108 252 128 life
3540 4112 852 160 association,
4480 4116 360 128 1927.

420 4304 156 116 xi,
636 4304 208 96 324
912 4328 104 92 p.
1156 4304 720 108 23½ͨͫ.

268 4444 116 108 ©
464 4480 296 92 June
828 4476 164 112 20,
1064 4476 336 108 1927;
1476 4476 160 96 2c.
1708 4476 276 112 July
2056 4476 124 92 8;
2260 4500 60 68 a
2332 4472 124 100 ff.
2528 4476 272 112 July
2876 4472 124 116 7;
3080 4472 96 96 A
3248 4476 208 92 990
3456 4472 64 100 9
3524 4480 196 108 67;
3804 4476 676 116 University
4552 4480 124 96 of
4752 4476 252 100 Chi-

428 4636 272 88 cago
788 4636 356 88 press.
1328 4612 664 112 (27-15207)
4520 4612 284 100 5736

260 4836 500 148 Baker,
832 4836 400 124 Edna
1296 4836 436 148 Dean,
1812 4844 312 116 1883
2128 4912 76 16 –

428 5024 284 124 The
792 5020 596 164 worship
1468 5020 160 124 of
1700 5020 224 124 the
2008 5024 360 120 little
2448 5020 412 160 child,
2936 5024 184 160 by
3200 5024 400 124 Edna
3684 5024 388 124 Dean
4156 5024 452 128 Baker
4704 5024 80 144 …
4932 5076 72 80 a

264 5204 636 128 textbook
1004 5204 148 124 in
1256 5204 228 124 the
1592 5208 660 124 standard
2360 5204 616 168 training
3088 5252 456 80 course
3660 5208 608 128 outlined
4384 5212 268 124 and
4772 5256 228 120 ap-

264 5392 504 160 proved
844 5388 180 168 by
1100 5388 228 128 the
1400 5388 1004 128 International
2484 5388 528 128 council
3088 5388 152 128 of
3320 5392 644 164 religious
4048 5396 720 124 education
4836 5392 80 144 …

260 5572 744 164 Nashville,
1072 5576 468 156 Tenn.,
1612 5576 748 124 Published
2440 5572 224 128 for
2736 5576 228 124 the
3040 5576 1280 168 Teacher-training
4400 5580 604 164 publish-

260 5760 232 164 ing
556 5760 804 124 association
1420 5760 180 164 by
1664 5756 788 168 Cokesbury
2512 5804 420 116 press,
3000 5760 356 128 1927.

416 5952 200 96 133
688 5980 104 88 p.
932 5948 616 108 19ͨͫ.
1380 5952 952 116 (Specialization
2404 5952 420 116 series)

428 6120 292 96 "For
780 6120 464 96 further
1300 6116 544 116 reading"
1904 6124 124 92 at
2084 6120 220 96 end
2360 6120 120 96 of
2540 6120 280 96 each
2880 6120 512 116 chapter.

264 6284 116 108 ©
460 6288 300 96 June
832 6288 160 108 10,
1064 6288 336 108 1927;
1476 6288 164 92 2c.
1712 6288 228 92 and
2016 6284 196 96 aff.
2288 6288 300 96 June
2656 6288 196 108 24;
2932 6288 96 92 A
3104 6288 472 108 996201;
3660 6292 424 92 Lamar
4164 6296 84 96 &
4324 6296 672 112 Whitmore,

420 6428 104 88 N
528 6452 60 64 a
604 6424 132 92 sh
748 6452 68 64 v
824 6424 36 92 i
868 6428 36 88 l
912 6428 140 92 le.
1216 6424 320 112 (27-1
1556 6420 268 96 5069
1852 6428 32 112 )
4512 6428 140 100 57
4664 6428 60 100 3
4740 6432 60 96 7

252 6652 808 148 Barringer,
1136 6648 496 124 Leslie.

420 6832 784 164 Gerfalcon,
1308 6832 180 164 by
1596 6832 440 128 Leslie
2148 6832 752 164 Barringer
2988 6860 76 132 …
3360 6832 556 128 Garden
4024 6832 364 172 City,
4500 6840 164 124 N.
4784 6840 216 168 Y.,

252 7020 844 160 Doubleday,
1164 7020 372 164 Page
1608 7024 108 120 &
1788 7060 708 120 company,
2576 7012 360 132 1927.

416 7220 60 92 5
544 7244 104 88 p.
716 7216 44 92 l
764 7292 56 36 .,
888 7216 204 96 310
1156 7244 100 88 p.
1328 7212 120 100 in
1456 7220 100 88 cl
1568 7288 20 24 .
1660 7212 356 96 front.
2084 7212 376 116 (map)
2620 7212 752 112 19½ͨͫ.

260 7356 120 108 ©
452 7388 272 112 July
784 7392 56 84 1
856 7384 60 92 5
928 7460 20 36 ,
1020 7384 328 96 1927;
1424 7384 60 92 2
1492 7408 56 68 c
1560 7464 20 16 .
1648 7384 228 92 and
1944 7408 52 68 a
2016 7380 120 96 ff.
2204 7384 276 108 July
2544 7384 192 108 18;
2812 7384 96 92 A
2976 7380 60 96 9
3040 7380 64 96 9
3108 7380 216 96 900
3328 7384 120 108 1;
3524 7384 712 120 Doubleday,
4304 7392 304 112 Page
4676 7396 88 92 &
4832 7420 160 72 co.

444 7524 260 112 (27-
708 7524 56 88 1
772 7532 64 88 5
848 7524 56 88 1
920 7524 136 96 96
1076 7524 32 112 )
4508 7524 280 100 5738

260 7744 488 152 Beyer,
820 7740 572 148 Harald,
1476 7748 312 116 1891
1792 7816 88 16 –

492 7944 76 128 …
644 7928 952 164 Norwegische
1656 7928 672 124 literatur.
2484 7928 612 160 Breslau,
3160 7924 156 128 F.
3388 7924 380 164 Hirt,
3840 7932 352 124 1927.

420 8128 204 92 124
696 8152 100 88 p.
876 8124 184 92 inc
1068 8128 32 88 l
1116 8200 20 20 .
1216 8152 72 84 p
1292 8128 36 88 l
1344 8196 56 40 .,
1480 8124 356 112 ports.
1980 8120 56 92 1
2048 8120 648 112 9½ͨͫ
2308 8196 20 20 .
2496 8120 456 116 (Added
3036 8128 284 108 t.-p.:
3400 8120 764 104 Jedermanns
4248 8128 64 96 b
4320 8132 140 104 üc
4468 8128 272 100 here
4748 8132 36 96 i
4892 8132 72 104 …

252 8264 296 92 abt.:
628 8252 1316 120 Literaturgeschichte)

420 8428 796 96 "Literatur":
1300 8452 104 88 p.
1488 8420 268 120 [109]

260 8568 120 108 ©
440 8600 268 108 Apr.
768 8600 88 108 1,
924 8596 328 112 1927;
1372 8592 144 112 1c.
1536 8596 268 108 May
1860 8596 196 108 17;
2116 8588 740 116 A—Foreign
2908 8588 408 116 34505;
3388 8592 660 100 Ferdinand
4108 8600 312 96 Hirt.

448 8732 660 116 (27-15101)
4504 8732 284 104 5739

264 8952 436 148 Blain,
772 8952 432 152 Hugh
1272 8956 584 144 Mercer,
1936 8948 324 128 1874
2264 9028 80 12 –

424 9136 132 128 A
624 9184 320 80 near
1020 9148 560 148 century
1652 9132 152 128 of
1880 9132 456 164 public
2408 9136 500 124 service
2988 9132 144 124 in
3204 9136 332 124 New
3612 9136 620 168 Orleans,
4304 9144 180 164 by
4560 9148 428 124 Hugh

264 9320 516 128 Mercer
880 9324 472 152 Blain;
1460 9320 224 124 the
1780 9328 376 148 story
2248 9316 152 124 of
2492 9316 228 124 the
2812 9316 516 164 origins
3428 9320 268 128 and
3792 9368 628 120 progress
4516 9328 148 128 of
4760 9332 228 128 the

2520 9608 236 120 865
