5968 10284
848 1016 556 156 Taylor,
1476 1020 348 124 Bert
1896 1016 572 152 Leston,
2552 1028 316 116 1866
2872 1100 88 12 –
2968 1024 360 120 1921.

1020 1208 304 124 Mot
1328 1208 44 120 l
1384 1248 164 120 ey
1624 1248 720 116 measures,
2424 1204 176 164 by
2688 1208 336 120 Bert
3104 1204 504 124 Leston
3692 1208 584 160 Taylor;
4360 1208 336 124 with
4788 1252 76 80 a
4948 1208 676 132 foreword

852 1396 176 164 by
1096 1392 372 168 Ring
1532 1392 652 124 Lardner.
2340 1392 332 124 New
2740 1388 428 164 York,
3236 1392 164 124 A.
3468 1392 172 124 A.
3708 1388 540 164 Knopf,
4316 1392 356 128 1927.

1004 1592 228 116 xiv,
1308 1592 232 112 137,
1620 1588 124 104 [1]
1828 1616 104 92 p.
2068 1588 760 108 19½ͨͫ.

1008 1760 136 96 In
1240 1764 228 92 two
1564 1764 360 108 parts,
2020 1756 288 100 each
2404 1764 264 112 part
2764 1760 248 92 also
3108 1756 392 96 issued
3596 1756 736 116 separately;
4432 1764 164 112 pt.
4688 1776 44 72 I
4828 1760 372 100 under
5296 1764 324 96 title:

840 1900 432 108 Motley
1332 1920 628 88 measures,
2032 1896 224 96 and
2320 1900 160 112 pt.
2592 1896 136 108 II
2704 1896 368 96 under
3140 1892 324 100 title:
3536 1896 96 96 A
3696 1892 768 100 line-o'-verse
4528 1920 132 72 or
4724 1900 264 96 two.

848 2036 120 108 ©
1036 2068 292 92 Mar.
1392 2064 160 116 18,
1620 2064 336 112 1927;
2028 2064 64 92 2
2096 2076 56 76 c
2168 2140 20 24 .
2252 2068 232 92 and
2548 2060 196 104 aff.
2816 2068 288 92 Mar.
3168 2064 200 112 21;
3440 2064 96 92 A
3600 2064 204 92 972
3812 2064 132 92 05
3952 2064 128 112 1;
4152 2068 404 92 Emma
4628 2068 468 92 Bonner
5156 2064 460 116 Taylor,

1016 2200 364 100 South
1444 2200 588 112 Norwalk,
2108 2200 356 100 Conn.
2632 2200 604 120 (27-6079)
5116 2196 280 104 2015

836 2460 508 124 Texas.
1520 2456 444 164 Laws,
2036 2468 620 152 statutes,
2732 2468 244 116 etc.

1008 2644 668 132 Vernon's
1760 2644 824 128 cumulative
2672 2644 700 164 quarterly
3460 2652 504 116 statute
4056 2640 504 128 service
4648 2644 228 124 for
4956 2640 668 136 Vernon's

840 2832 740 124 annotated
1664 2832 588 128 Revised
2344 2828 320 128 civil
2752 2832 268 124 and
3108 2828 632 128 criminal
3828 2840 572 116 statutes
4480 2828 160 128 of
4720 2828 232 128 the
5036 2844 352 116 state
5468 2836 156 124 of

836 3020 484 156 Texas,
1440 3016 716 164 including
2272 3020 188 120 all
2584 3016 872 124 annotations
3584 3016 268 124 and
3976 3016 996 128 constructions
5092 3012 180 168 by
5392 3016 228 128 the

836 3216 452 116 courts
1348 3200 600 168 relating
2004 3216 136 112 to
2204 3204 272 124 and
2540 3200 652 168 affecting
3252 3200 228 128 the
3544 3212 572 116 statutes
4176 3204 268 124 and
4512 3200 892 132 constitution
5468 3204 152 128 of

836 3424 52 92 t
900 3392 164 124 he
1140 3404 348 112 state
1564 3388 156 128 of
1796 3392 440 124 Texas
2336 3400 80 136 …
2552 3400 144 116 to
2768 3388 636 164 January
3488 3396 116 156 1,
3684 3396 152 116 19
3844 3392 76 120 2
3928 3388 116 128 7.
4216 3384 544 132 Kansas
4848 3384 368 172 City,
5300 3388 148 124 M
5456 3432 160 120 o.,

832 3580 556 128 Vernon
1464 3576 268 128 law
1808 3616 716 124 company,
2612 3572 360 132 1927.

1000 3772 160 116 iii,
1232 3772 208 96 180
1500 3800 100 88 p.
1740 3772 648 108 25½ͨͫ.

840 3912 116 112 ©
1024 3940 264 100 Feb.
1348 3940 92 116 1,
1500 3940 336 112 1927;
1896 3940 164 96 2c.
2120 3940 292 96 Mar.
2468 3936 196 116 29;
2732 3936 200 100 aff.
2988 3940 296 96 Mar.
3336 3940 200 108 28;
3600 3940 96 92 A
3752 3936 480 112 972257;
4300 3940 460 96 Vernon
4816 3940 232 96 law
5104 3940 292 96 book
5452 3964 160 80 co.

5132 4068 288 108 2016

828 4200 664 148 Thomas,
1564 4204 332 120 Mrs.
1968 4200 448 124 Helen
2500 4196 592 156 (Noble)

1008 4384 200 128 As
1308 4384 112 128 it
1516 4432 320 116 was,
1932 4384 180 168 by
2208 4384 184 128 H.
2496 4388 156 124 T.
2840 4384 332 128 New
3272 4384 392 128 York
3764 4384 272 132 and
4132 4388 624 160 London,
4852 4384 560 168 Harper
5512 4392 104 124 &

832 4576 664 160 brothers,
1576 4572 364 132 1927.

996 4784 68 80 x
1124 4800 136 88 p.,
1320 4772 64 96 1
1440 4772 36 92 l
1492 4844 56 44 .,
1608 4768 204 100 116
1872 4796 104 92 p.
2100 4768 756 112 22½ͨͫ.

996 4936 388 96 "First
1444 4932 544 100 edition."

1004 5072 308 96 "The
1360 5072 632 112 love-story
2048 5072 120 92 of
2224 5096 208 72 one
2488 5060 124 104 of
2668 5072 192 92 the
2916 5072 300 92 most
3268 5068 576 116 exquisite
3900 5072 232 96 and
4192 5068 492 116 original
4748 5068 480 116 English
5288 5076 324 112 poets

824 5208 128 96 of
1024 5208 324 96 these
1428 5208 364 92 latter
1864 5208 292 112 days
2244 5208 72 108 …
2440 5204 196 96 the
2712 5208 240 92 late
3032 5204 504 96 Edward
3620 5204 536 116 Thomas,
4236 5204 360 96 killed
4684 5204 116 96 in
4884 5208 196 92 the
5164 5228 244 76 war
5500 5208 72 108 …

824 5344 112 96 H
948 5416 24 24 .
1032 5340 224 100 T.'s
1320 5340 536 96 husband
1920 5340 232 96 and
2212 5336 1020 100 lover."—Introd.
3296 5336 404 116 signed
3764 5340 304 92 John
4136 5336 644 100 Middleton
4852 5344 440 108 Murry.

996 5476 348 96 "Port
1356 5476 36 92 i
1400 5500 208 72 ons
1692 5476 124 96 of
1896 5496 56 76 c
1960 5476 152 92 ha
2124 5500 68 88 p
2204 5480 240 92 ters
2528 5492 36 68 I
2584 5548 16 40 ,
2736 5476 152 108 II
2868 5476 228 92 and
3176 5476 152 108 IV
3404 5476 76 108 …
3588 5472 300 96 have
3972 5476 484 112 already
4540 5500 436 88 appear
4984 5500 60 72 e
5052 5476 68 96 d
5212 5472 120 100 in
5420 5476 192 96 the

824 5608 600 116 Adelphi."

832 5768 120 112 ©
1032 5780 264 96 Feb.
1368 5776 164 112 18,
1608 5776 332 112 1927;
2016 5776 64 92 2
2088 5804 56 68 c
2156 5852 20 20 .
2252 5772 264 100 Feb.
2588 5772 200 112 16;
2860 5772 196 96 aff.
3132 5772 264 96 Feb.
3468 5772 196 112 21;
3744 5772 96 96 A
3912 5772 480 116 963656;
4472 5776 464 112 Harper
5004 5772 88 100 &
5164 5776 300 100 bros.

1008 5912 604 120 (27-6150)
5112 5904 288 104 2017

824 6132 604 148 Thorne,
1496 6132 508 128 David.

1004 6324 476 128 Under
1540 6320 228 124 the
1832 6364 292 80 new
2188 6320 344 164 city;
2604 6360 76 84 a
2740 6360 388 120 poem
3192 6312 156 132 of
3404 6320 328 124 New
3804 6320 432 160 York,
4296 6316 180 168 by
4536 6320 460 124 David
5056 6320 544 124 Thorne

880 6512 84 136 …
1048 6552 396 84 cover
1504 6504 648 168 designed
2216 6504 180 168 by
2464 6504 548 164 August
3076 6508 128 128 V
3216 6504 284 124 imn
3508 6548 68 80 e
3584 6548 192 80 ra.
3924 6504 332 124 New
4324 6504 428 160 York,
4816 6508 204 124 Pa
5028 6504 44 124 l
5088 6504 472 132 atine's
5556 6556 36 84 ,

836 6696 352 128 1927.

980 6892 136 96 15
1188 6916 100 92 p.
1364 6892 116 92 in
1492 6916 60 72 c
1556 6892 72 96 l.
1704 6888 360 100 front.
2204 6892 648 108 23ͨͫ.

828 7028 116 112 ©
1024 7064 288 92 Mar.
1384 7056 168 112 19,
1624 7056 332 112 1927;
2032 7060 64 92 2
2104 7084 60 68 c
2176 7132 16 24 .
2268 7060 292 96 Mar.
2632 7056 192 112 17;
2908 7056 196 100 aff.
3176 7056 288 100 Mar.
3540 7056 192 108 22;
3816 7056 92 96 A
3980 7056 476 112 967715;
4536 7060 136 96 D.
4744 7056 492 116 Thorne,
5308 7060 280 96 New

984 7192 348 100 York.
1500 7192 600 120 (27-6086)
5104 7188 280 104 2018

812 7416 768 152 Totheroh,
1672 7416 360 128 Dan.

984 7604 384 132 Wild
1448 7604 628 160 orchard,
2144 7604 180 164 by
2396 7600 320 124 Dan
2788 7600 692 128 Totheroh
3560 7612 84 144 …
3880 7604 332 124 New
4292 7604 428 160 York,
4804 7604 528 164 George
5404 7604 184 128 H.

816 7792 472 124 Doran
1364 7832 672 120 company
2124 7784 424 164 [ͨ1927
2552 7864 32 84 ]

972 7988 136 96 28
1116 7988 64 96 6
1248 8012 100 92 p.
1484 7988 64 92 2
1552 7988 576 108 0ͨͫ
1744 8060 20 24 .

824 8124 120 112 ©
1016 8160 284 92 Mar.
1368 8156 164 112 18,
1600 8152 336 112 1927;
2004 8152 64 92 2
2076 8180 56 68 c
2144 8228 20 24 .
2232 8156 292 96 Mar.
2584 8156 196 108 23;
2856 8180 64 68 a
2932 8152 92 92 ff
3032 8228 20 24 .
3120 8156 296 96 Mar.
3480 8156 56 92 1
3548 8148 68 92 9
3656 8180 16 84 ;
3748 8152 92 96 A
3908 8152 132 100 97
4048 8156 336 112 2112;
4464 8156 436 116 George
4972 8152 140 104 H.
5184 8160 396 92 Doran

980 8316 160 72 co.
1308 8288 604 120 (27-5939)
5092 8288 288 104 2019

820 8508 596 152 Undset,
1484 8508 520 156 Sigrid,
2088 8516 316 120 1882
2408 8584 88 20 –

1056 8708 80 128 …
1216 8696 552 124 Kristin
1840 8692 1192 132 Lavranstochter.
3212 8688 152 168 [3]
3464 8700 284 124 Das
3824 8696 452 128 kreuz.
4440 8696 1136 168 Herausgegeben

816 8924 264 80 von
1164 8880 124 128 J.
1392 8876 836 132 Sandmeier.
2408 8880 780 128 Frankfurt
3280 8928 216 80 am
3588 8880 432 164 Main,
4108 8880 520 132 Ritten
4720 8892 108 120 &
4916 8884 660 168 Loening,

816 9060 360 132 1927.

972 9264 64 96 3
1112 9288 100 88 p.
1284 9264 36 88 l
1336 9336 52 36 .,
1476 9304 20 72 [
1508 9256 64 96 9
1580 9304 104 72 ]–
1692 9256 204 96 622
1968 9268 64 80 p
2048 9336 52 36 .,
2176 9264 56 92 1
2308 9264 36 92 l
2360 9336 20 24 .
2524 9260 756 112 19½ͨͫ
2840 9296 28 52 .

816 9412 120 112 ©
1000 9424 280 92 Nov.
1336 9424 164 112 24,
1560 9424 336 116 1926;
1956 9428 160 96 1c.
2176 9428 264 96 Jan.
2492 9428 168 116 31,
2720 9428 336 112 1927;
3116 9432 740 112 A—Foreign
3912 9432 204 96 335
4128 9428 60 96 6
4192 9432 128 112 4;
4384 9432 440 100 Rütten
4884 9436 84 96 &
5024 9432 540 120 Loening,

976 9556 428 120 verlag.
5080 9564 288 104 2020

3068 9696 244 120 310
