5920 10300
176 968 896 144 Sutherland,
1160 960 1328 132 Joan—Continued

420 1184 80 132 —
580 1160 116 160 [I
708 1200 156 80 ns
872 1152 184 128 tal
1076 1196 300 84 men
1388 1160 56 116 t
1512 1160 80 108 4
1604 1228 24 80 ]

352 1348 204 120 (In
608 1340 596 108 Woman's
1288 1336 604 128 pictorial)

188 1488 120 120 ©
444 1488 144 136 1c.
616 1488 256 96 Feb.
944 1488 164 108 19,
1184 1484 336 120 1927;
1596 1480 96 96 A
1760 1484 144 92 ad
1976 1480 124 92 in
2112 1484 36 92 t
2168 1556 20 20 .
2260 1476 64 96 9
2332 1476 196 96 071
2572 1500 20 76 ;
2676 1500 148 88 pu
2832 1496 68 88 b
2912 1472 104 100 d.
3096 1476 260 92 Dec.
3428 1472 168 112 25,
3672 1472 276 96 1926
3988 1496 20 72 ;
4088 1472 300 96 Joan
4472 1472 468 108 Suther-

344 1628 268 96 land
684 1620 372 112 Kelly,
1132 1620 28 96 i
1180 1696 16 20 .
1268 1652 56 64 c
1340 1696 16 16 .
1428 1620 276 96 Mrs.
1776 1616 512 96 Richard
2360 1616 376 108 Kelly,
2808 1612 504 92 London.
4456 1604 280 100 2129

424 1856 84 128 —
592 1848 856 136 [Instalment
1524 1848 68 116 5
1608 1920 32 80 ]

356 2036 120 120 (I
468 2060 76 76 n
616 2036 140 100 W
760 2068 68 68 o
840 2032 372 104 man's
1292 2028 376 128 pictor
1680 2028 32 100 i
1728 2064 64 68 a
1804 2024 32 104 l
1852 2028 48 120 )

188 2148 120 112 ©
464 2164 144 128 1c.
648 2180 260 92 Feb.
992 2176 168 108 28,
1252 2172 332 112 1927;
1680 2172 96 92 A
1860 2172 144 92 ad
2092 2168 36 96 i
2140 2172 164 92 nl.
2392 2172 272 88 9092
2712 2196 20 64 :
2832 2192 144 92 pu
2992 2168 176 96 bd.
3260 2168 260 92 Jan.
3612 2168 124 104 1;
3836 2168 296 92 Joan
4236 2164 68 96 S
4316 2188 72 68 u
4404 2164 536 96 therland

348 2316 104 92 K
460 2340 60 68 e
528 2308 192 120 lly,
792 2312 64 96 i.
932 2340 60 68 e
1004 2388 20 16 .
1100 2312 268 92 Mrs.
1448 2308 512 96 Richard
2032 2308 172 92 Ke
2212 2308 84 92 ll
2304 2332 104 88 y,
2480 2304 508 96 London.
4460 2296 280 104 2130

200 2500 156 128 U.
428 2500 136 128 S.
740 2500 436 156 Laws,
1244 2512 616 144 statutes,
1928 2512 236 108 etc.

360 2684 592 128 Mason's
1088 2684 460 148 United
1632 2680 452 132 States
2164 2684 324 124 code
2560 2680 784 160 annotated,
3428 2684 364 156 1926,
3864 2672 788 168 embracing
4724 2680 232 124 the

200 2884 288 116 text
556 2872 264 128 and
896 2868 812 168 numbering
1776 2868 156 124 of
2000 2868 228 124 the
2308 2868 368 124 Code
2748 2868 152 124 of
2976 2872 328 120 laws
3376 2864 152 128 of
3600 2868 232 124 the
3904 2864 520 132 United
4504 2868 456 132 States

200 3108 144 80 as
424 3060 588 160 adopted
1100 3060 176 156 by
1364 3052 672 168 Congress
2116 3060 364 124 June
2564 3060 200 156 30,
2848 3060 320 120 1926
3256 3056 264 124 and
3608 3052 1036 164 incorporating
4728 3052 232 128 the

200 3264 284 108 text
548 3244 156 128 of
760 3244 228 128 the
1052 3244 328 128 laws
1448 3244 156 124 of
1664 3288 76 80 a
1808 3244 548 164 general
2424 3252 484 116 nature
2976 3244 556 124 enacted
3600 3240 180 164 by
3852 3240 676 164 Congress
4592 3240 368 128 after

200 3432 228 128 the
524 3476 564 120 passage
1184 3432 156 124 of
1436 3432 228 124 the
1764 3428 368 132 Code
2228 3440 140 116 to
2460 3428 232 128 the
2788 3432 348 124 close
3232 3424 152 132 of
3484 3432 228 124 the
3812 3428 296 128 first
4204 3428 508 128 session
4808 3424 152 128 of

204 3624 224 120 the
544 3616 308 128 69th
988 3616 732 164 Congress;
1844 3616 624 160 together
2580 3616 336 124 with
3036 3616 228 124 the
3388 3612 892 164 Citer-digest
4396 3624 564 116 annota-

204 3808 356 124 tions
636 3816 140 116 to
860 3804 180 124 all
1124 3804 232 124 the
1436 3800 768 168 provisions
2288 3800 156 128 of
2528 3800 228 128 the
2848 3800 412 164 Code,
3340 3800 232 128 the
3656 3800 984 156 Constitution,
4748 3820 212 96 un-

204 3988 568 132 codified
860 3992 372 160 laws,
1308 3988 592 160 treaties,
1992 3988 852 160 resolutions,
2928 3988 1060 160 proclamations
4076 3988 272 124 and
4440 3984 524 132 federal

204 4192 384 112 court
664 4180 396 124 rules.
1240 4176 620 128 William
1940 4176 180 124 H.
2208 4176 532 160 Mason,
2820 4172 1128 160 editor-in-chief,
4032 4172 608 128 Richard
4844 4180 152 144 Ol-

204 4408 256 120 ney
516 4364 528 160 Mason,
1108 4364 648 164 compiler
1820 4360 156 128 of
2036 4360 916 164 annotations,
3012 4360 524 128 Martin
3608 4360 132 132 S.
3812 4360 744 160 Chandler,
4616 4404 352 84 com-

216 4552 344 164 piler
660 4552 156 124 of
908 4600 60 76 s
976 4564 52 112 t
1040 4564 236 112 atu
1284 4560 132 116 te
1512 4564 56 112 t
1580 4596 156 80 ex
1748 4564 56 112 t
1904 4552 272 124 and
2276 4548 412 128 index
2772 4556 84 136 …
3136 4544 96 132 S
3244 4560 52 112 t
3316 4648 24 24 .
3440 4544 396 168 Paul,
3940 4548 488 160 Minn.,
4532 4544 108 140 C
4652 4552 44 124 i
4704 4564 56 112 t
4772 4592 196 84 er-

208 4736 444 168 digest
724 4780 672 120 company
1480 4732 420 168 [ͨ1927
1908 4812 36 84 ]

372 4936 64 96 3
504 4960 108 72 v.
748 4932 68 96 2
824 4932 828 112 6½ͨͫ
1080 5008 28 24 .

384 5072 964 112 "Supplemented
1436 5072 148 108 by
1672 5096 68 68 a
1832 5072 604 112 quarterly
2524 5064 808 104 continuation
3420 5068 440 100 service
3940 5072 68 112 …
4172 5068 428 116 ending
4688 5068 120 96 in
4904 5100 68 68 a

216 5204 708 100 cumulative
984 5204 584 116 yearbook
1640 5208 76 108 …
1816 5204 128 96 at
2008 5204 196 100 the
2272 5204 220 96 end
2556 5204 128 96 of
2744 5204 276 96 four
3084 5228 340 88 years
3492 5228 68 72 a
3632 5212 680 108 permanent
4380 5204 596 100 fabrikoid

216 5348 376 96 bound
660 5340 708 100 cumulative
1432 5344 456 92 volume
1960 5340 240 96 will
2272 5340 136 96 be
2472 5336 964 100 issued."—Pref.

384 5484 244 96 The
688 5476 748 116 compilation
1496 5480 424 96 known
1984 5504 132 72 as
2180 5480 200 96 the
2444 5480 304 96 Code
2816 5480 128 96 of
3012 5480 196 96 the
3268 5484 296 92 laws
3624 5480 128 96 of
3816 5480 196 96 the
4080 5480 424 96 United
4588 5484 392 92 States

224 5624 124 96 of
444 5616 568 108 America,
1120 5616 604 96 embraced
1824 5612 120 96 in
2044 5616 196 96 the
2348 5620 252 92 text
2700 5616 228 96 and
3032 5612 688 120 numbering
3828 5616 128 96 of
4056 5616 236 96 this
4392 5620 308 108 code,
4816 5644 52 68 r
4880 5644 60 64 e
4944 5668 36 16 -

228 5756 372 100 mains
668 5756 372 112 prima
1120 5748 304 100 facie
1496 5748 540 100 evidence
2116 5752 124 96 of
2312 5752 196 96 the
2584 5752 260 116 law,
2916 5748 104 100 is
3092 5756 612 112 presumed
3780 5760 116 92 to
3972 5756 132 88 be
4176 5756 196 92 the
4448 5756 228 92 law
4748 5752 228 96 and

224 5916 260 92 may
560 5892 456 96 become
1092 5892 528 96 absolute
1696 5888 144 112 by
1916 5892 196 92 the
2192 5892 392 108 repeal
2664 5888 124 96 of
2860 5880 316 120 prior
3252 5884 700 116 legislation.
4096 5892 60 88 o
4164 5892 84 112 f.
4332 5892 260 96 Stat
4600 5896 384 92 ement

224 6032 124 96 of
436 6032 248 112 Roy
772 6028 92 100 G
876 6104 24 24 .
988 6024 700 116 Fitzgerald,
1780 6024 604 96 chairman
2468 6024 128 96 of
2680 6024 192 96 the
2968 6024 688 96 Committee
3744 6052 144 68 on
3976 6028 196 96 the
4264 6024 508 100 revision
4860 6028 124 92 of

228 6168 192 96 the
524 6168 292 96 laws
920 6164 128 96 of
1148 6164 196 96 the
1452 6164 396 96 House
1948 6164 124 92 of
2176 6156 1012 120 representatives,
3296 6164 352 96 dated
3756 6164 600 112 February
4460 6164 100 112 8,
4676 6164 304 112 1927,

228 6308 228 92 and
556 6300 512 100 inserted
1164 6300 124 96 in
1388 6300 196 96 the
1684 6296 416 100 official
2200 6296 440 100 edition
2736 6296 128 100 of
2960 6296 200 100 the
3256 6296 340 120 Code,
3692 6324 108 72 v.
3888 6300 172 116 44,
4168 6300 156 116 pt.
4420 6300 100 116 1,
4632 6300 128 104 U.
4868 6300 72 100 S
4952 6376 24 24 .

232 6440 528 100 Statutes
824 6440 128 96 at
1012 6440 360 112 large.

224 6604 96 72 v.
380 6580 96 108 1,
544 6556 116 120 ©
724 6576 264 96 Feb.
1048 6572 488 116 2,1927;
1596 6572 64 92 2
1668 6584 60 76 c
1740 6648 20 16 .
1824 6572 264 96 Feb.
2148 6576 128 108 7;
2340 6572 196 96 aff.
2600 6568 264 100 Feb.
2924 6572 128 108 5;
3116 6596 104 72 v.
3276 6572 96 112 2,
3444 6548 120 108 ©
3632 6572 260 100 Feb.
3956 6576 200 104 24;
4224 6568 160 104 2v.
4448 6572 264 96 Feb.
4776 6568 200 116 28;

384 6712 128 96 af
504 6708 48 96 f
560 6788 20 20 .
672 6708 284 100 Mar.
1040 6712 60 92 1
1112 6708 60 96 6
1212 6732 24 88 ;
1320 6736 104 72 v.
1508 6708 96 112 3,
1696 6688 124 120 ©
1908 6708 292 96 Mar.
2284 6708 124 108 8;
2492 6708 64 92 2
2568 6732 56 68 c
2636 6780 20 24 .
2744 6708 292 96 Mar.
3120 6708 196 108 11;
3404 6708 196 96 aff.
3688 6712 292 96 Mar.
4064 6712 56 92 1
4132 6708 68 96 0
4240 6736 20 80 ;
4352 6712 96 92 A
4532 6708 64 84 9
4600 6708 64 88 6
4668 6704 308 120 3436,

384 6844 444 116 967577,
904 6844 476 112 967664;
1464 6840 748 120 Citer-digest
2284 6868 160 72 co.
2612 6840 600 116 (27-6168)
4120 6840 276 100 2131
4408 6900 76 16 –
4492 6840 280 100 2133

240 7032 512 128 United
844 7032 840 152 typothetae
1780 7032 152 124 of
2020 7032 704 128 America.
2904 7036 408 160 Dept.
3412 7080 72 84 o
3492 7036 72 164 f
3652 7036 756 128 education.

500 7232 84 128 …
668 7224 692 124 Elements
1464 7220 152 128 of
1716 7220 936 164 composition.
2832 7220 332 128 Rev.
3264 7224 204 124 ed.
3648 7220 652 168 Chicago,
4400 7228 588 160 Depart-

240 7420 360 116 ment
680 7404 152 128 of
908 7408 760 156 education,
1744 7408 520 128 United
2352 7408 796 164 typothetae
3224 7404 156 132 of
3456 7408 680 164 America,
4224 7408 356 128 1926.

404 7628 112 88 x,
588 7600 204 104 188
852 7628 104 88 p.
1096 7600 308 100 illus.
1548 7600 684 112 23½ͨͫ.
2060 7600 656 120 (Standard
2784 7604 616 100 textbooks
3464 7628 148 72 on
3672 7600 580 120 printing)

408 7740 628 96 Published
1120 7740 120 96 in
1328 7736 276 100 1922
1688 7764 132 72 as
1908 7764 64 72 a
2056 7740 456 96 volume
2600 7740 116 96 in
2804 7740 200 96 the
3092 7740 588 100 Standard
3764 7740 940 120 apprenticeship
4784 7744 28 92 l
4832 7768 160 72 es-

244 7900 268 72 sons
572 7876 188 96 for
824 7872 548 120 printers.

416 8008 828 100 "References"
1316 8016 120 92 at
1496 8012 220 96 end
1780 8012 128 96 of
1968 8016 268 112 part
2296 8008 128 100 of
2488 8012 196 96 the
2744 8016 476 92 lessons.

248 8144 72 108 ©
424 8148 280 96 Nov.
764 8148 164 112 17,
988 8152 56 88 1
1064 8140 64 92 9
1124 8148 64 92 2
1196 8152 64 92 6
1300 8172 20 84 ;
1388 8148 60 92 2
1456 8152 56 76 c
1532 8224 16 20 .
1608 8152 228 88 and
1896 8148 196 100 aff.
2156 8148 264 100 Feb.
2484 8148 168 112 19,
2712 8152 56 88 1
2784 8140 68 92 9
2852 8152 200 108 27;
3116 8148 96 92 A
3272 8140 420 104 967734
3728 8176 20 72 ;
3824 8152 424 96 United
4316 8156 272 108 typo
4604 8156 32 88 t
4652 8152 264 92 heta
4920 8156 64 76 e

404 8284 120 92 of
592 8284 568 96 America.
1328 8280 596 116 (27-6171)
4508 8284 284 100 2134

240 8468 1092 152 Wager-Smith,
1412 8472 528 148 Curtis,
2020 8476 196 124 ed.

404 8648 560 132 Animal
1052 8660 372 156 pals;
1516 8704 76 80 a
1680 8660 700 128 collection
2480 8660 156 124 of
2720 8668 304 116 true
3112 8660 520 160 stories,
3724 8664 440 124 edited
4264 8664 180 164 by
4536 8660 464 132 Curtis

248 8840 172 120 W
420 8880 372 124 ager-
808 8836 100 132 S
916 8840 184 124 mi
1112 8852 56 116 t
1172 8840 88 124 h
1332 8836 80 144 …
1580 8840 96 128 il
1688 8848 572 124 lustrate
2268 8848 84 124 d
2436 8844 360 124 from
2872 8844 1012 164 photographs;
3964 8896 288 76 mos
4260 8848 100 124 tl
4376 8888 88 124 y
4544 8848 156 124 of
4772 8848 228 124 the

252 9020 296 160 pals
648 9020 144 128 in
900 9028 232 124 the
1240 9024 512 128 stories.
1972 9028 1024 160 Philadelphia,
3104 9028 552 132 Macrae
3768 9032 452 132 Smith
4336 9072 668 124 company

260 9280 28 84 [
308 9204 356 132 1927]

416 9404 196 116 xii,
680 9404 64 100 3
748 9460 72 12 –
824 9404 208 96 150
1092 9432 104 88 p.
1260 9404 120 96 in
1388 9412 100 92 cl
1500 9484 24 24 .
1592 9404 388 120 front.,
2044 9404 308 104 illus.
2496 9408 716 104 19½ͨͫ.

2528 9632 244 124 327
