5968 10284
708 1032 1044 152 Pierre-Quint,
1836 1032 112 124 L
1964 1040 104 108 é
2040 1068 176 88 on
2224 1108 180 16 —
2416 1028 792 132 Continued

884 1232 1064 112 "Bibliographical
2020 1228 408 96 note":
2504 1256 104 88 p.
2680 1228 208 96 255
2892 1284 76 8 –
2964 1228 240 96 256.

720 1340 120 112 ©
912 1372 272 112 May
1248 1372 92 104 6,
1408 1368 336 96 1927:
1816 1368 160 96 2c.
2048 1368 272 112 May
2384 1364 128 116 9;
2584 1364 196 96 aff.
2852 1368 268 112 May
3192 1368 128 108 7;
3388 1364 100 92 A
3556 1364 476 112 976497;
4112 1368 412 96 Alfred
4592 1368 128 96 A.
4792 1368 432 120 Knopf,
5296 1372 216 100 inc.

904 1504 672 116 (27-10971)
5024 1504 288 104 3990

716 1728 604 152 Pittaro,
1392 1728 376 128 John
1844 1732 188 124 M.

892 1916 644 128 Exercise
1632 1916 356 124 book
2080 1916 148 124 in
2336 1912 644 164 Spanish,
3080 1916 180 160 by
3360 1916 380 128 John
3836 1916 188 124 M.
4132 1916 240 128 Pit
4380 1932 56 112 t
4444 1960 156 80 ar
4608 1960 76 80 o
4776 1924 84 136 …
5140 1960 40 96 [
5180 1920 332 124 New

720 2104 432 160 York]
1240 2104 552 128 Oxford
1864 2100 356 128 book
2288 2144 676 120 company
3060 2128 48 88 [
3108 2128 64 88 ͨ
3152 2100 396 148 1927]

888 2300 116 96 iv
1076 2324 136 92 p.,
1284 2300 60 92 1
1408 2300 44 92 l
1464 2372 56 40 .,
1588 2300 204 92 161
1864 2324 104 88 p.
2112 2296 752 112 19½ͨͫ
2440 2372 24 28 .

716 2420 120 116 ©
904 2440 272 112 Apr.
1244 2440 164 108 15,
1476 2436 332 96 1927;
1884 2436 160 96 2c.
2112 2440 228 88 and
2408 2432 200 96 aff.
2672 2432 276 116 Apr.
3012 2432 200 116 21;
3284 2432 96 96 A
3444 2432 480 112 976464;
4000 2432 452 100 Oxford
4520 2440 296 96 book
4884 2464 56 72 c
4948 2464 64 68 o
5024 2512 52 40 .,
5148 2440 220 96 inc.

900 2572 676 120 (27-10723)
5024 2572 284 100 3991

708 2768 564 152 Polgar,
1336 2768 560 152 Alfred,
1972 2768 412 128 1875-

964 2964 76 132 …
1116 2956 232 124 An
1428 2956 264 128 den
1768 2956 348 124 rand
2196 2956 912 164 geschrieben.
3276 2956 528 160 Berlin,
3884 2956 164 124 E.
4132 2956 692 160 Rowohlt,
4912 2956 360 128 1927.

872 3152 212 100 300
1148 3180 108 92 p.
1388 3152 720 112 19ͨͫ.

880 3292 164 96 "7.
1048 3344 76 12 –
1124 3292 60 92 1
1196 3288 64 96 0
1272 3368 20 20 .
1368 3288 608 100 tausend."

720 3420 116 108 ©
916 3428 100 92 N
1024 3452 140 72 ov
1176 3504 24 20 .
1272 3428 168 112 14,
1516 3428 332 100 1925;
1940 3440 152 88 1c.
2176 3428 288 96 Mar.
2544 3428 164 112 18,
2788 3428 340 112 1927;
3208 3424 744 120 A—Foreign
4032 3428 276 96 3411
4320 3432 68 92 8
4420 3452 24 88 ;
4536 3432 356 92 Ernst
4972 3428 536 100 Rowohlt

872 3564 436 116 verlag.
1476 3564 676 116 (27-11439)
5024 3560 284 100 3992

708 3752 1032 152 Pontoppidan,
1816 3752 396 152 Erik,
2292 3764 320 116 1698
2620 3836 84 12 –
2716 3756 360 124 1764.

876 3940 296 128 The
1252 3944 504 124 mirror
1840 3940 156 128 of
2076 3940 364 128 faith
2520 3944 184 164 by
2788 3940 440 128 which
3312 3940 236 128 the
3624 3940 624 128 children
4328 3944 152 124 of
4564 3940 312 132 God
4960 3988 312 120 may
5356 3944 160 128 be

704 4128 504 124 known
1324 4132 260 164 [by]
1708 4128 356 124 Erik
2164 4128 1032 164 Pontoppidan,
3300 4132 760 124 translated
4168 4132 372 124 from
4640 4132 232 124 the
4972 4132 536 128 Danish

712 4316 224 128 for
1044 4320 276 124 this
1428 4312 564 136 edition.
2168 4312 972 164 Minneapolis,
3252 4312 488 164 Minn.,
3852 4312 748 168 Augsburg
4708 4320 808 164 publishing

704 4504 420 128 house
1252 4504 152 144 [ͨ
1256 4500 376 144 1927
1640 4584 32 80 ]

872 4704 208 96 268
1148 4732 104 88 p.
1392 4704 64 92 2
1448 4700 684 112 0½ͨͫ
1728 4780 16 20 .

876 4840 308 96 "The
1268 4836 556 100 essential
1908 4836 308 100 form
2300 4840 236 92 and
2612 4832 480 96 fashion
3176 4836 124 96 of
3384 4832 200 100 the
3660 4836 636 116 justifying
4380 4836 416 116 faith",
4880 4840 148 116 by
5112 4840 400 100 Pierre

716 4976 156 96 du
936 4972 448 100 Moulin
1428 5000 20 68 :
1520 5000 104 88 p.
1684 4968 532 100 254–267.

716 5108 120 108 ©
912 5116 292 92 Mar.
1272 5112 168 100 31.
1512 5108 336 100 1927:
1924 5108 160 96 2c.
2156 5108 232 96 and
2464 5108 196 96 aff.
2732 5108 272 116 Apr.
3080 5108 196 108 16;
3356 5108 100 92 A
3524 5108 484 112 967922;
4080 5108 620 120 Augsburg
4772 5116 264 112 pub.
5108 5116 396 100 house.

896 5248 676 120 (27-10827)
5020 5248 284 100 3993

708 5440 856 148 Preuschen,
1644 5436 812 148 Hermione,
2536 5436 572 124 baronin
3184 5476 320 104 von,
3588 5444 320 116 1854
3912 5516 88 12 –
4008 5444 360 120 1918.

876 5628 284 128 Der
1236 5672 476 80 roman
1788 5624 500 128 meines
2368 5624 520 160 lebens;
2972 5624 220 124 ein
3272 5620 892 128 frauenleben
4236 5664 88 88 u
4332 5672 132 80 m
4548 5624 220 132 die
4840 5624 668 168 jahrhun-

708 5816 820 156 dertwende,
1608 5856 268 84 von
1948 5808 756 132 Hermione
2780 5856 128 80 v.
2984 5808 820 128 Preuschen.
3968 5808 484 128 Berlin
4528 5812 284 128 und
4892 5812 620 168 Leipzig,

708 6000 180 128 K.
972 6000 156 128 F.
1212 5996 648 160 Koehler,
1948 6004 364 124 1926.

872 6200 208 96 294
1152 6224 108 88 p.
1396 6200 364 96 front.
1828 6192 412 120 (port.)
2404 6196 720 112 22ͨͫ.

708 6324 128 116 ©
920 6336 244 96 Oct.
1244 6332 168 116 20,
1492 6332 340 112 1926;
1920 6332 60 96 1
1980 6352 96 80 c.
2164 6336 264 96 Jan.
2504 6332 168 112 31,
2760 6332 336 112 1927;
3188 6332 96 92 A
3288 6384 88 12 —
3436 6328 500 116 Foreign
4012 6332 136 96 33
4160 6332 60 96 5
4224 6332 204 112 23;
4516 6336 140 96 K.
4744 6332 124 100 F.
4952 6336 544 100 Koehler.

896 6468 676 116 (27-11438)
4988 6464 288 104 3994

704 6664 448 148 Price,
1232 6660 560 128 Arthur
1864 6660 696 148 Barnard,
2648 6660 320 124 1877
2968 6736 88 16 –

880 6852 680 124 Moments
1668 6848 156 124 of
1920 6848 476 164 being;
2516 6892 504 120 poems,
3128 6848 180 164 by
3412 6844 540 128 Arthur
4056 6852 156 120 B.
4320 6848 436 128 Price.
4940 6856 560 156 Boston,

716 7036 288 128 The
1072 7036 376 128 Four
1516 7080 288 84 seas
1880 7076 672 124 company
2636 7036 460 156 [ͨ1926]

880 7232 136 96 93
1088 7260 108 88 p.
1336 7228 720 112 20ͨͫ.

712 7340 120 112 ©
908 7372 268 96 Dec.
1244 7372 164 96 27,
1480 7368 340 112 1926;
1892 7368 64 92 2
1964 7380 56 76 c
2032 7444 20 20 .
2124 7368 228 92 and
2424 7364 196 100 aff.
2696 7368 272 112 May
3036 7364 96 116 9,
3208 7364 336 112 1927;
3620 7364 96 96 A
3788 7364 64 96 9
3860 7368 64 92 7
3928 7364 132 96 64
4072 7364 196 116 84;
4348 7364 312 96 Four
4732 7392 256 72 seas
5060 7392 164 72 co.

896 7504 672 120 (27-10656)
5008 7496 280 104 3995

708 7696 636 148 Pruette,
1420 7696 560 148 Lorine,
2056 7700 396 120 1896-

888 7880 400 132 Saint
1372 7880 144 128 in
1608 7880 460 168 ivory;
2160 7880 232 128 the
2476 7892 376 152 story
2936 7880 156 128 of
3180 7876 768 136 Genevieve
4032 7876 152 128 of
4272 7880 400 128 Paris
4760 7880 264 128 and
5128 7884 360 124 Nan-

716 8084 392 144 terre,
1184 8072 180 160 by
1432 8068 508 128 Lorine
2016 8072 604 120 Pruette.
2800 8068 332 124 New
3208 8068 392 124 York
3672 8068 268 124 and
4020 8068 620 156 London,
4720 8068 172 124 D.
4972 8068 520 160 Apple-

708 8268 240 116 ton
1016 8256 268 124 and
1360 8300 716 120 company,
2152 8252 360 128 1927.

880 8448 64 96 5
1008 8476 108 92 p.
1184 8456 104 108 1.,
1356 8452 68 92 3
1428 8504 64 12 –
1496 8448 240 116 331,
1756 8452 120 104 [1
1924 8496 24 72 ]
2028 8476 104 88 p.
2272 8448 396 116 front.,
2744 8472 72 92 p
2816 8448 40 96 l
2872 8524 20 20 .
3036 8448 756 108 21½ͨͫ.

884 8592 332 108 Maps
1284 8612 144 72 on
1492 8584 876 116 lining-papers.

708 8696 128 108 ©
908 8724 272 116 May
1248 8724 96 112 6,
1416 8720 276 100 1927
1720 8732 28 80 ;
1828 8724 164 96 2c.
2064 8724 228 92 and
2360 8720 200 100 aff.
2636 8724 272 112 May
2980 8720 196 96 10:
3252 8720 104 96 A
3420 8720 480 112 976508;
3976 8724 136 96 D.
4188 8724 572 128 Appleton
4840 8720 76 88 &
4988 8748 164 68 co.

896 8856 676 116 (27-10645)
5004 8852 280 100 3996

708 9048 116 148 Q
836 9088 452 84 uenne
1292 9048 92 124 ll
1396 9144 32 52 ,
1504 9052 160 120 M
1660 9096 80 76 r
1740 9096 96 80 s.
1912 9052 316 120 Mar
2236 9048 56 152 j
2308 9048 336 124 orie.

884 9232 736 164 Everyday
1704 9232 256 128 life
2040 9232 144 128 in
2264 9232 1044 164 Anglo-Saxon,
3392 9232 524 168 viking,
4004 9236 272 124 and
4360 9232 616 128 Norman
5056 9232 436 136 times,

716 9420 548 128 written
1336 9424 272 124 and
1676 9420 780 132 illustrated
2524 9424 180 160 by
2772 9420 672 164 Marjorie
3512 9420 268 136 and
3864 9416 104 124 C
3984 9520 24 36 .
4080 9420 144 136 H
4240 9520 28 32 .
4344 9424 160 124 B.
4584 9420 128 156 Q
4720 9460 160 96 ue
4888 9416 348 148 nnell
5300 9416 76 148 …

2992 9716 240 124 608
