<?xml version="1.0"?>
<alto xmlns="http://www.loc.gov/standards/alto/ns-v2#" xmlns:xlink="http://www.w3.org/1999/xlink" xmlns:xsi="http://www.w3.org/2001/XMLSchema-instance" xsi:schemaLocation="http://www.loc.gov/standards/alto/ns-v2# http://www.loc.gov/standards/alto/alto-v2.0.xsd">
	<Description>
		<MeasurementUnit>inch1200</MeasurementUnit>
		<sourceImageInformation>
			<fileIdentifier>catalogofcopyrig241libr_001-1920_Page_0837.jpgf</fileIdentifier>
		</sourceImageInformation>
		<OCRProcessing ID="OCR1">
			<ocrProcessingStep>
				<processingDateTime>2018-03-15T11:16:08</processingDateTime>
				<processingAgency>Data Conversion Laboratory</processingAgency>
				<processingSoftware>
					<softwareCreator>Prime</softwareCreator>
					<softwareName>Prime OCR</softwareName>
					<softwareVersion>4.40</softwareVersion>
				</processingSoftware>
			</ocrProcessingStep>
			<postProcessingStep>
				<processingDateTime>2018-03-21T10:24:19</processingDateTime>
				<processingAgency>Data Conversion Laboratory</processingAgency>
				<processingStepDescription>PRO -&gt; ALTO</processingStepDescription>
				<processingSoftware>
					<softwareCreator>Data Conversion Laboratory</softwareCreator>
					<softwareName>pro2alto.2018.02.27</softwareName>
					<softwareVersion>2.0</softwareVersion>
				</processingSoftware>
			</postProcessingStep>
		</OCRProcessing>
	</Description>
<Styles>
		<TextStyle ID="Style_1" FONTSIZE="10" FONTTYPE="serif" FONTWIDTH="proportional" FONTSTYLE="bold"/>
		<TextStyle ID="Style_2" FONTSIZE="9" FONTTYPE="serif" FONTWIDTH="proportional"/>
		<TextStyle ID="Style_3" FONTSIZE="8" FONTTYPE="serif" FONTWIDTH="proportional"/>
		<TextStyle ID="Style_4" FONTSIZE="10" FONTTYPE="serif" FONTWIDTH="proportional"/>
		<TextStyle ID="Style_5" FONTSIZE="6" FONTTYPE="serif" FONTWIDTH="proportional" FONTSTYLE="bold"/>
		<TextStyle ID="Style_6" FONTSIZE="11" FONTTYPE="serif" FONTWIDTH="proportional"/>
		<TextStyle ID="Style_7" FONTSIZE="7" FONTTYPE="serif" FONTWIDTH="proportional" FONTSTYLE="bold subscript"/>
		<TextStyle ID="Style_8" FONTSIZE="7" FONTTYPE="serif" FONTWIDTH="proportional" FONTSTYLE="bold"/>
		<TextStyle ID="Style_9" FONTSIZE="8" FONTTYPE="serif" FONTWIDTH="proportional" FONTSTYLE="bold"/>
		<TextStyle ID="Style_10" FONTSIZE="9" FONTTYPE="serif" FONTWIDTH="proportional" FONTSTYLE="bold"/>
		<TextStyle ID="Style_11" FONTSIZE="8" FONTTYPE="serif" FONTWIDTH="proportional" FONTSTYLE="italics"/>
		<TextStyle ID="Style_12" FONTSIZE="10" FONTTYPE="serif" FONTWIDTH="proportional" FONTSTYLE="italics"/>
		<TextStyle ID="Style_13" FONTSIZE="9" FONTTYPE="serif" FONTWIDTH="proportional" FONTSTYLE="italics"/>
		<TextStyle ID="Style_14" FONTSIZE="8" FONTTYPE="serif" FONTWIDTH="fixed"/>
		<TextStyle ID="Style_15" FONTSIZE="8" FONTTYPE="serif" FONTWIDTH="fixed" FONTSTYLE="bold"/>
	</Styles>
	<Layout>
		<Page ID="Page_1" PHYSICAL_IMG_NR="1" HEIGHT="10300" WIDTH="5920">
			<PrintSpace ID="PS_1" HPOS="0" VPOS="0" HEIGHT="10300" WIDTH="5920">
				<TextBlock ID="TB_1.1" HPOS="236" VPOS="848" WIDTH="5008" HEIGHT="8908">
					<TextLine ID="TL_1.1.1" HPOS="332" VPOS="924" HEIGHT="152" WIDTH="924">
						<String CONTENT="Rivet," ID="St_1.1.1.1" HPOS="332" VPOS="928" HEIGHT="148" WIDTH="456" STYLEREFS="Style_1" WC="1" CC="000000"/>
						<SP ID="SP_1.1.1.2" HPOS="768" VPOS="984" WIDTH="56"/>
						<String CONTENT="Paul." ID="St_1.1.1.3" HPOS="864" VPOS="924" HEIGHT="128" WIDTH="392" STYLEREFS="Style_1" WC="1" CC="00000"/>
					</TextLine>
					<TextLine ID="TL_1.1.2" HPOS="500" VPOS="1100" HEIGHT="176" WIDTH="4576">
						<String CONTENT="Bibliographie" ID="St_1.1.2.1" HPOS="500" VPOS="1108" HEIGHT="168" WIDTH="1040" STYLEREFS="Style_2" WC="1" CC="0000000000000"/>
						<SP ID="SP_1.1.2.2" HPOS="1504" VPOS="1136" WIDTH="64"/>
						<String CONTENT="am" ID="St_1.1.2.3" HPOS="1604" VPOS="1120" HEIGHT="112" WIDTH="212" STYLEREFS="Style_2" WC="1" CC="00"/>
						<String CONTENT="&#233;" ID="St_1.1.2.4" HPOS="1824" VPOS="1112" HEIGHT="120" WIDTH="76" STYLEREFS="Style_2" WC="1" CC="0"/>
						<String CONTENT="ricaniste," ID="St_1.1.2.5" HPOS="1900" VPOS="1104" HEIGHT="164" WIDTH="676" STYLEREFS="Style_2" WC="1" CC="0000000000"/>
						<SP ID="SP_1.1.2.6" HPOS="2556" VPOS="1164" WIDTH="48"/>
						<String CONTENT="par" ID="St_1.1.2.7" HPOS="2640" VPOS="1148" HEIGHT="120" WIDTH="252" STYLEREFS="Style_2" WC="1" CC="000"/>
						<SP ID="SP_1.1.2.8" HPOS="2852" VPOS="1136" WIDTH="68"/>
						<String CONTENT="P." ID="St_1.1.2.9" HPOS="2956" VPOS="1104" HEIGHT="124" WIDTH="152" STYLEREFS="Style_2" WC="1" CC="00"/>
						<SP ID="SP_1.1.2.10" HPOS="3092" VPOS="1164" WIDTH="44"/>
						<String CONTENT="Rivet" ID="St_1.1.2.11" HPOS="3172" VPOS="1104" HEIGHT="120" WIDTH="412" STYLEREFS="Style_2" WC="1" CC="00000"/>
						<SP ID="SP_1.1.2.12" HPOS="3552" VPOS="1120" WIDTH="68"/>
						<String CONTENT="&#133;" ID="St_1.1.2.13" HPOS="3680" VPOS="1124" HEIGHT="132" WIDTH="76" STYLEREFS="Style_2" WC="1" CC="0"/>
						<SP ID="SP_1.1.2.14" HPOS="3776" VPOS="1196" WIDTH="104"/>
						<String CONTENT="Paris," ID="St_1.1.2.15" HPOS="3976" VPOS="1100" HEIGHT="160" WIDTH="444" STYLEREFS="Style_2" WC="1" CC="000000"/>
						<SP ID="SP_1.1.2.16" HPOS="4400" VPOS="1160" WIDTH="48"/>
						<String CONTENT="Maison-" ID="St_1.1.2.17" HPOS="4480" VPOS="1100" HEIGHT="124" WIDTH="596" STYLEREFS="Style_2" WC="1" CC="0000000"/>
					</TextLine>
					<TextLine ID="TL_1.1.3" HPOS="332" VPOS="1296" HEIGHT="156" WIDTH="1396">
						<String CONTENT="neuve" ID="St_1.1.3.1" HPOS="332" VPOS="1344" HEIGHT="92" WIDTH="416" STYLEREFS="Style_2" WC="1" CC="00000"/>
						<SP ID="SP_1.1.3.2" HPOS="712" VPOS="1328" WIDTH="72"/>
						<String CONTENT="fr&#232;res," ID="St_1.1.3.3" HPOS="824" VPOS="1296" HEIGHT="156" WIDTH="464" STYLEREFS="Style_2" WC="1" CC="0000000"/>
						<SP ID="SP_1.1.3.4" HPOS="1272" VPOS="1352" WIDTH="60"/>
						<String CONTENT="1926." ID="St_1.1.3.5" HPOS="1372" VPOS="1300" HEIGHT="120" WIDTH="356" STYLEREFS="Style_2" WC="1" CC="00000"/>
					</TextLine>
					<TextLine ID="TL_1.1.4" HPOS="504" VPOS="1492" HEIGHT="120" WIDTH="1752">
						<String CONTENT="2" ID="St_1.1.4.1" HPOS="504" VPOS="1500" HEIGHT="92" WIDTH="64" STYLEREFS="Style_3" WC="1" CC="0"/>
						<SP ID="SP_1.1.4.2" HPOS="532" VPOS="1500" WIDTH="64"/>
						<String CONTENT="p." ID="St_1.1.4.3" HPOS="632" VPOS="1524" HEIGHT="88" WIDTH="104" STYLEREFS="Style_3" WC="1" CC="00"/>
						<SP ID="SP_1.1.4.4" HPOS="724" VPOS="1536" WIDTH="44"/>
						<String CONTENT="l" ID="St_1.1.4.5" HPOS="804" VPOS="1496" HEIGHT="92" WIDTH="40" STYLEREFS="Style_3" WC="1" CC="0"/>
						<String CONTENT=".," ID="St_1.1.4.6" HPOS="856" VPOS="1568" HEIGHT="40" WIDTH="56" STYLEREFS="Style_3" WC="1" CC="00"/>
						<SP ID="SP_1.1.4.7" HPOS="896" VPOS="1536" WIDTH="52"/>
						<String CONTENT="133" ID="St_1.1.4.8" HPOS="988" VPOS="1496" HEIGHT="92" WIDTH="196" STYLEREFS="Style_3" WC="1" CC="000"/>
						<SP ID="SP_1.1.4.9" HPOS="1152" VPOS="1500" WIDTH="64"/>
						<String CONTENT="p." ID="St_1.1.4.10" HPOS="1252" VPOS="1520" HEIGHT="88" WIDTH="104" STYLEREFS="Style_3" WC="1" CC="00"/>
						<SP ID="SP_1.1.4.11" HPOS="1340" VPOS="1536" WIDTH="84"/>
						<String CONTENT="28&#189;&#x0368;&#x036B;." ID="St_1.1.4.12" HPOS="1496" VPOS="1492" HEIGHT="112" WIDTH="760" STYLEREFS="Style_3" WC="0.948888888888889" CC="050005"/>
					</TextLine>
					<TextLine ID="TL_1.1.5" HPOS="508" VPOS="1652" HEIGHT="104" WIDTH="4568">
						<String CONTENT="&quot;Extrait" ID="St_1.1.5.1" HPOS="508" VPOS="1660" HEIGHT="96" WIDTH="540" STYLEREFS="Style_3" WC="1" CC="00000000"/>
						<SP ID="SP_1.1.5.2" HPOS="1024" VPOS="1664" WIDTH="52"/>
						<String CONTENT="du" ID="St_1.1.5.3" HPOS="1112" VPOS="1664" HEIGHT="88" WIDTH="152" STYLEREFS="Style_3" WC="1" CC="00"/>
						<SP ID="SP_1.1.5.4" HPOS="1228" VPOS="1672" WIDTH="68"/>
						<String CONTENT="Journal" ID="St_1.1.5.5" HPOS="1332" VPOS="1660" HEIGHT="92" WIDTH="488" STYLEREFS="Style_3" WC="1" CC="0000000"/>
						<SP ID="SP_1.1.5.6" HPOS="1800" VPOS="1660" WIDTH="52"/>
						<String CONTENT="de" ID="St_1.1.5.7" HPOS="1892" VPOS="1656" HEIGHT="92" WIDTH="140" STYLEREFS="Style_3" WC="1" CC="00"/>
						<SP ID="SP_1.1.5.8" HPOS="1996" VPOS="1668" WIDTH="68"/>
						<String CONTENT="la" ID="St_1.1.5.9" HPOS="2100" VPOS="1664" HEIGHT="88" WIDTH="112" STYLEREFS="Style_3" WC="1" CC="00"/>
						<SP ID="SP_1.1.5.10" HPOS="2176" VPOS="1668" WIDTH="72"/>
						<String CONTENT="Soci&#233;t&#233;" ID="St_1.1.5.11" HPOS="2288" VPOS="1652" HEIGHT="100" WIDTH="444" STYLEREFS="Style_3" WC="0.995555555555556" CC="0000010"/>
						<SP ID="SP_1.1.5.12" HPOS="2696" VPOS="1656" WIDTH="68"/>
						<String CONTENT="des" ID="St_1.1.5.13" HPOS="2800" VPOS="1652" HEIGHT="96" WIDTH="200" STYLEREFS="Style_3" WC="0.996666666666667" CC="000"/>
						<SP ID="SP_1.1.5.14" HPOS="2968" VPOS="1668" WIDTH="64"/>
						<String CONTENT="Am&#233;ricanistes" ID="St_1.1.5.15" HPOS="3072" VPOS="1652" HEIGHT="96" WIDTH="904" STYLEREFS="Style_3" WC="0.988888888888889" CC="0000000400000"/>
						<SP ID="SP_1.1.5.16" HPOS="3948" VPOS="1668" WIDTH="60"/>
						<String CONTENT="de" ID="St_1.1.5.17" HPOS="4048" VPOS="1652" HEIGHT="92" WIDTH="140" STYLEREFS="Style_3" WC="0.988888888888889" CC="00"/>
						<SP ID="SP_1.1.5.18" HPOS="4156" VPOS="1668" WIDTH="64"/>
						<String CONTENT="Paris." ID="St_1.1.5.19" HPOS="4260" VPOS="1652" HEIGHT="96" WIDTH="368" STYLEREFS="Style_3" WC="0.99" CC="000000"/>
						<SP ID="SP_1.1.5.20" HPOS="4612" VPOS="1696" WIDTH="52"/>
						<String CONTENT="1926.&quot;" ID="St_1.1.5.21" HPOS="4704" VPOS="1652" HEIGHT="96" WIDTH="372" STYLEREFS="Style_3" WC="0.974444444444444" CC="000433"/>
					</TextLine>
					<TextLine ID="TL_1.1.6" HPOS="336" VPOS="1820" HEIGHT="124" WIDTH="4744">
						<String CONTENT="&#169;" ID="St_1.1.6.1" HPOS="336" VPOS="1828" HEIGHT="112" WIDTH="120" STYLEREFS="Style_4" WC="0.222222222222222" CC="7"/>
						<SP ID="SP_1.1.6.2" HPOS="336" VPOS="1820" WIDTH="124"/>
						<String CONTENT="Dec." ID="St_1.1.6.3" HPOS="564" VPOS="1832" HEIGHT="92" WIDTH="264" STYLEREFS="Style_4" WC="0.74" CC="3000"/>
						<SP ID="SP_1.1.6.4" HPOS="812" VPOS="1876" WIDTH="64"/>
						<String CONTENT="1," ID="St_1.1.6.5" HPOS="928" VPOS="1828" HEIGHT="112" WIDTH="92" STYLEREFS="Style_4" WC="0.826666666666667" CC="00"/>
						<SP ID="SP_1.1.6.6" HPOS="1008" VPOS="1876" WIDTH="60"/>
						<String CONTENT="1926;" ID="St_1.1.6.7" HPOS="1120" VPOS="1824" HEIGHT="104" WIDTH="332" STYLEREFS="Style_4" WC="0.895555555555556" CC="00000"/>
						<SP ID="SP_1.1.6.8" HPOS="1440" VPOS="1848" WIDTH="64"/>
						<String CONTENT="1c." ID="St_1.1.6.9" HPOS="1560" VPOS="1824" HEIGHT="116" WIDTH="160" STYLEREFS="Style_4" WC="0.876666666666667" CC="070"/>
						<SP ID="SP_1.1.6.10" HPOS="1704" VPOS="1876" WIDTH="64"/>
						<String CONTENT="Jan." ID="St_1.1.6.11" HPOS="1824" VPOS="1824" HEIGHT="96" WIDTH="260" STYLEREFS="Style_4" WC="0.902222222222222" CC="0000"/>
						<SP ID="SP_1.1.6.12" HPOS="2068" VPOS="1876" WIDTH="64"/>
						<String CONTENT="12," ID="St_1.1.6.13" HPOS="2184" VPOS="1820" HEIGHT="116" WIDTH="164" STYLEREFS="Style_4" WC="0.916666666666667" CC="000"/>
						<SP ID="SP_1.1.6.14" HPOS="2332" VPOS="1872" WIDTH="64"/>
						<String CONTENT="1927;" ID="St_1.1.6.15" HPOS="2448" VPOS="1820" HEIGHT="112" WIDTH="336" STYLEREFS="Style_4" WC="0.931111111111111" CC="00000"/>
						<SP ID="SP_1.1.6.16" HPOS="2772" VPOS="1848" WIDTH="64"/>
						<String CONTENT="A&#151;Foreign" ID="St_1.1.6.17" HPOS="2896" VPOS="1820" HEIGHT="112" WIDTH="740" STYLEREFS="Style_4" WC="0.946666666666667" CC="000000000"/>
						<SP ID="SP_1.1.6.18" HPOS="3596" VPOS="1848" WIDTH="88"/>
						<String CONTENT="32874;" ID="St_1.1.6.19" HPOS="3736" VPOS="1820" HEIGHT="108" WIDTH="404" STYLEREFS="Style_4" WC="0.944444444444444" CC="000004"/>
						<SP ID="SP_1.1.6.20" HPOS="4124" VPOS="1848" WIDTH="68"/>
						<String CONTENT="Maisonneuve" ID="St_1.1.6.21" HPOS="4252" VPOS="1820" HEIGHT="96" WIDTH="828" STYLEREFS="Style_4" WC="0.955555555555556" CC="00000000000"/>
					</TextLine>
					<TextLine ID="TL_1.1.7" HPOS="492" VPOS="1948" HEIGHT="156" WIDTH="4388">
						<String CONTENT="fr&#232;res." ID="St_1.1.7.1" HPOS="492" VPOS="1964" HEIGHT="96" WIDTH="408" STYLEREFS="Style_4" WC="0.967777777777778" CC="1100000"/>
						<SP ID="SP_1.1.7.2" HPOS="888" VPOS="2040" WIDTH="92"/>
						<String CONTENT="(27-14555)" ID="St_1.1.7.3" HPOS="1068" VPOS="1960" HEIGHT="116" WIDTH="664" STYLEREFS="Style_4" WC="0.986666666666667" CC="0000000000"/>
						<SP ID="SP_1.1.7.4" HPOS="1716" VPOS="1968" WIDTH="2880"/>
						<String CONTENT="5573" ID="St_1.1.7.5" HPOS="4596" VPOS="1948" HEIGHT="100" WIDTH="284" STYLEREFS="Style_4" WC="0.722222222222222" CC="0000"/>
					</TextLine>
					<TextLine ID="TL_1.1.8" HPOS="328" VPOS="2212" HEIGHT="152" WIDTH="1680">
						<String CONTENT="Robertson," ID="St_1.1.8.1" HPOS="328" VPOS="2216" HEIGHT="148" WIDTH="832" STYLEREFS="Style_4" WC="1" CC="0000000000"/>
						<SP ID="SP_1.1.8.2" HPOS="1140" VPOS="2264" WIDTH="60"/>
						<String CONTENT="George" ID="St_1.1.8.3" HPOS="1244" VPOS="2212" HEIGHT="152" WIDTH="536" STYLEREFS="Style_4" WC="1" CC="000000"/>
						<SP ID="SP_1.1.8.4" HPOS="1744" VPOS="2236" WIDTH="76"/>
						<String CONTENT="F." ID="St_1.1.8.5" HPOS="1860" VPOS="2212" HEIGHT="124" WIDTH="148" STYLEREFS="Style_4" WC="1" CC="00"/>
					</TextLine>
					<TextLine ID="TL_1.1.9" HPOS="504" VPOS="2392" HEIGHT="172" WIDTH="4576">
						<String CONTENT="King" ID="St_1.1.9.1" HPOS="504" VPOS="2400" HEIGHT="164" WIDTH="384" STYLEREFS="Style_4" WC="1" CC="0000"/>
						<SP ID="SP_1.1.9.2" HPOS="836" VPOS="2424" WIDTH="92"/>
						<String CONTENT="John;" ID="St_1.1.9.3" HPOS="976" VPOS="2400" HEIGHT="160" WIDTH="436" STYLEREFS="Style_4" WC="1" CC="00000"/>
						<SP ID="SP_1.1.9.4" HPOS="1396" VPOS="2424" WIDTH="64"/>
						<String CONTENT="a" ID="St_1.1.9.5" HPOS="1512" VPOS="2444" HEIGHT="80" WIDTH="72" STYLEREFS="Style_4" WC="1" CC="0"/>
						<SP ID="SP_1.1.9.6" HPOS="1544" VPOS="2424" WIDTH="80"/>
						<String CONTENT="tale" ID="St_1.1.9.7" HPOS="1672" VPOS="2400" HEIGHT="120" WIDTH="272" STYLEREFS="Style_4" WC="1" CC="0000"/>
						<SP ID="SP_1.1.9.8" HPOS="1908" VPOS="2424" WIDTH="76"/>
						<String CONTENT="of" ID="St_1.1.9.9" HPOS="2028" VPOS="2392" HEIGHT="128" WIDTH="152" STYLEREFS="Style_4" WC="1" CC="00"/>
						<SP ID="SP_1.1.9.10" HPOS="2144" VPOS="2400" WIDTH="76"/>
						<String CONTENT="the" ID="St_1.1.9.11" HPOS="2264" VPOS="2400" HEIGHT="120" WIDTH="228" STYLEREFS="Style_4" WC="1" CC="000"/>
						<SP ID="SP_1.1.9.12" HPOS="2456" VPOS="2424" WIDTH="80"/>
						<String CONTENT="South," ID="St_1.1.9.13" HPOS="2588" VPOS="2392" HEIGHT="164" WIDTH="476" STYLEREFS="Style_4" WC="1" CC="000000"/>
						<SP ID="SP_1.1.9.14" HPOS="3048" VPOS="2452" WIDTH="56"/>
						<String CONTENT="by" ID="St_1.1.9.15" HPOS="3148" VPOS="2396" HEIGHT="164" WIDTH="184" STYLEREFS="Style_4" WC="1" CC="00"/>
						<SP ID="SP_1.1.9.16" HPOS="3284" VPOS="2424" WIDTH="88"/>
						<String CONTENT="George" ID="St_1.1.9.17" HPOS="3416" VPOS="2396" HEIGHT="164" WIDTH="528" STYLEREFS="Style_4" WC="1" CC="000000"/>
						<SP ID="SP_1.1.9.18" HPOS="3908" VPOS="2424" WIDTH="76"/>
						<String CONTENT="F." ID="St_1.1.9.19" HPOS="4032" VPOS="2396" HEIGHT="124" WIDTH="156" STYLEREFS="Style_4" WC="1" CC="00"/>
						<SP ID="SP_1.1.9.20" HPOS="4180" VPOS="2408" WIDTH="96"/>
						<String CONTENT="Robertson," ID="St_1.1.9.21" HPOS="4280" VPOS="2396" HEIGHT="148" WIDTH="800" STYLEREFS="Style_4" WC="0.991111111111111" CC="0000000000"/>
					</TextLine>
					<TextLine ID="TL_1.1.10" HPOS="336" VPOS="2580" HEIGHT="164" WIDTH="4744">
						<String CONTENT="D." ID="St_1.1.10.1" HPOS="336" VPOS="2628" HEIGHT="84" WIDTH="108" STYLEREFS="Style_5" WC="1" CC="00"/>
						<SP ID="SP_1.1.10.2" HPOS="428" VPOS="2660" WIDTH="60"/>
						<String CONTENT="D." ID="St_1.1.10.3" HPOS="540" VPOS="2632" HEIGHT="80" WIDTH="112" STYLEREFS="Style_5" WC="0.911111111111111" CC="40"/>
						<SP ID="SP_1.1.10.4" HPOS="636" VPOS="2636" WIDTH="104"/>
						<String CONTENT="Illustrated" ID="St_1.1.10.5" HPOS="832" VPOS="2584" HEIGHT="124" WIDTH="804" STYLEREFS="Style_5" WC="0.946666666666667" CC="00004000000"/>
						<SP ID="SP_1.1.10.6" HPOS="1588" VPOS="2588" WIDTH="88"/>
						<String CONTENT="by" ID="St_1.1.10.7" HPOS="1728" VPOS="2584" HEIGHT="160" WIDTH="180" STYLEREFS="Style_5" WC="0.955555555555556" CC="00"/>
						<SP ID="SP_1.1.10.8" HPOS="1860" VPOS="2608" WIDTH="92"/>
						<String CONTENT="McK." ID="St_1.1.10.9" HPOS="2000" VPOS="2584" HEIGHT="120" WIDTH="408" STYLEREFS="Style_5" WC="0.946666666666667" CC="0400"/>
						<SP ID="SP_1.1.10.10" HPOS="2392" VPOS="2636" WIDTH="64"/>
						<String CONTENT="R." ID="St_1.1.10.11" HPOS="2508" VPOS="2580" HEIGHT="124" WIDTH="156" STYLEREFS="Style_5" WC="0.952222222222222" CC="00"/>
						<SP ID="SP_1.1.10.12" HPOS="2648" VPOS="2636" WIDTH="60"/>
						<String CONTENT="Long." ID="St_1.1.10.13" HPOS="2760" VPOS="2584" HEIGHT="160" WIDTH="432" STYLEREFS="Style_5" WC="0.96" CC="00000"/>
						<SP ID="SP_1.1.10.14" HPOS="3176" VPOS="2636" WIDTH="104"/>
						<String CONTENT="Lowell," ID="St_1.1.10.15" HPOS="3376" VPOS="2580" HEIGHT="160" WIDTH="548" STYLEREFS="Style_5" WC="0.967777777777778" CC="0000000"/>
						<SP ID="SP_1.1.10.16" HPOS="3908" VPOS="2636" WIDTH="60"/>
						<String CONTENT="N." ID="St_1.1.10.17" HPOS="4020" VPOS="2584" HEIGHT="120" WIDTH="168" STYLEREFS="Style_5" WC="0.97" CC="00"/>
						<SP ID="SP_1.1.10.18" HPOS="4172" VPOS="2636" WIDTH="64"/>
						<String CONTENT="C.," ID="St_1.1.10.19" HPOS="4288" VPOS="2580" HEIGHT="160" WIDTH="192" STYLEREFS="Style_5" WC="0.972222222222222" CC="000"/>
						<SP ID="SP_1.1.10.20" HPOS="4460" VPOS="2636" WIDTH="56"/>
						<String CONTENT="Lowell" ID="St_1.1.10.21" HPOS="4568" VPOS="2584" HEIGHT="120" WIDTH="512" STYLEREFS="Style_5" WC="0.975555555555556" CC="000000"/>
					</TextLine>
					<TextLine ID="TL_1.1.11" HPOS="336" VPOS="2768" HEIGHT="164" WIDTH="1600">
						<String CONTENT="publishing" ID="St_1.1.11.1" HPOS="336" VPOS="2772" HEIGHT="160" WIDTH="792" STYLEREFS="Style_5" WC="1" CC="0000000000"/>
						<SP ID="SP_1.1.11.2" HPOS="1080" VPOS="2796" WIDTH="84"/>
						<String CONTENT="co." ID="St_1.1.11.3" HPOS="1204" VPOS="2812" HEIGHT="80" WIDTH="184" STYLEREFS="Style_5" WC="1" CC="000"/>
						<SP ID="SP_1.1.11.4" HPOS="1372" VPOS="2824" WIDTH="108"/>
						<String CONTENT="[&#x0368;" ID="St_1.1.11.5" HPOS="1480" VPOS="2776" HEIGHT="152" WIDTH="160" STYLEREFS="Style_6" WC="0.946666666666667" CC="80"/>
						<String CONTENT="1927]" ID="St_1.1.11.6" HPOS="1580" VPOS="2768" HEIGHT="156" WIDTH="356" STYLEREFS="Style_6" WC="0.923333333333333" CC="00007"/>
					</TextLine>
					<TextLine ID="TL_1.1.12" HPOS="500" VPOS="2960" HEIGHT="120" WIDTH="2760">
						<String CONTENT="6" ID="St_1.1.12.1" HPOS="500" VPOS="2968" HEIGHT="92" WIDTH="60" STYLEREFS="Style_6" WC="1" CC="0"/>
						<SP ID="SP_1.1.12.2" HPOS="528" VPOS="2964" WIDTH="64"/>
						<String CONTENT="p." ID="St_1.1.12.3" HPOS="628" VPOS="2992" HEIGHT="88" WIDTH="104" STYLEREFS="Style_6" WC="1" CC="00"/>
						<SP ID="SP_1.1.12.4" HPOS="716" VPOS="3000" WIDTH="44"/>
						<String CONTENT="l" ID="St_1.1.12.5" HPOS="796" VPOS="2968" HEIGHT="92" WIDTH="36" STYLEREFS="Style_6" WC="1" CC="0"/>
						<String CONTENT=".," ID="St_1.1.12.6" HPOS="852" VPOS="3040" HEIGHT="36" WIDTH="52" STYLEREFS="Style_6" WC="1" CC="00"/>
						<SP ID="SP_1.1.12.7" HPOS="892" VPOS="3004" WIDTH="48"/>
						<String CONTENT="236" ID="St_1.1.12.8" HPOS="976" VPOS="2964" HEIGHT="96" WIDTH="204" STYLEREFS="Style_6" WC="1" CC="000"/>
						<SP ID="SP_1.1.12.9" HPOS="1144" VPOS="2964" WIDTH="64"/>
						<String CONTENT="p." ID="St_1.1.12.10" HPOS="1244" VPOS="2988" HEIGHT="88" WIDTH="104" STYLEREFS="Style_6" WC="1" CC="00"/>
						<SP ID="SP_1.1.12.11" HPOS="1332" VPOS="3004" WIDTH="80"/>
						<String CONTENT="front.," ID="St_1.1.12.12" HPOS="1488" VPOS="2964" HEIGHT="108" WIDTH="492" STYLEREFS="Style_6" WC="1" CC="0000000"/>
						<SP ID="SP_1.1.12.13" HPOS="1864" VPOS="3004" WIDTH="48"/>
						<String CONTENT="plates." ID="St_1.1.12.14" HPOS="1956" VPOS="2964" HEIGHT="112" WIDTH="404" STYLEREFS="Style_6" WC="1" CC="0000000"/>
						<SP ID="SP_1.1.12.15" HPOS="2348" VPOS="3000" WIDTH="80"/>
						<String CONTENT="1" ID="St_1.1.12.16" HPOS="2504" VPOS="2964" HEIGHT="88" WIDTH="60" STYLEREFS="Style_7" WC="1" CC="0"/>
						<String CONTENT="9&#189;&#x0368;&#x036B;" ID="St_1.1.12.17" HPOS="2576" VPOS="2960" HEIGHT="112" WIDTH="684" STYLEREFS="Style_8" WC="1" CC="0000"/>
					</TextLine>
					<TextLine ID="TL_1.1.13" HPOS="336" VPOS="3124" HEIGHT="120" WIDTH="4740">
						<String CONTENT="&#169;" ID="St_1.1.13.1" HPOS="336" VPOS="3128" HEIGHT="108" WIDTH="120" STYLEREFS="Style_8" WC="0.222222222222222" CC="7"/>
						<SP ID="SP_1.1.13.2" HPOS="396" VPOS="3124" WIDTH="104"/>
						<String CONTENT="July" ID="St_1.1.13.3" HPOS="548" VPOS="3136" HEIGHT="104" WIDTH="268" STYLEREFS="Style_8" WC="0.722222222222222" CC="0004"/>
						<SP ID="SP_1.1.13.4" HPOS="784" VPOS="3152" WIDTH="76"/>
						<String CONTENT="2," ID="St_1.1.13.5" HPOS="904" VPOS="3132" HEIGHT="112" WIDTH="96" STYLEREFS="Style_8" WC="0.814444444444444" CC="00"/>
						<SP ID="SP_1.1.13.6" HPOS="984" VPOS="3180" WIDTH="56"/>
						<String CONTENT="1927;" ID="St_1.1.13.7" HPOS="1088" VPOS="3132" HEIGHT="108" WIDTH="332" STYLEREFS="Style_8" WC="0.888888888888889" CC="00000"/>
						<SP ID="SP_1.1.13.8" HPOS="1408" VPOS="3152" WIDTH="56"/>
						<String CONTENT="2" ID="St_1.1.13.9" HPOS="1512" VPOS="3132" HEIGHT="88" WIDTH="60" STYLEREFS="Style_8" WC="0.901111111111111" CC="0"/>
						<String CONTENT="c" ID="St_1.1.13.10" HPOS="1580" VPOS="3152" HEIGHT="80" WIDTH="56" STYLEREFS="Style_8" WC="0.875555555555556" CC="5"/>
						<String CONTENT="." ID="St_1.1.13.11" HPOS="1656" VPOS="3208" HEIGHT="20" WIDTH="16" STYLEREFS="Style_8" WC="0.882222222222222" CC="0"/>
						<SP ID="SP_1.1.13.12" HPOS="1660" VPOS="3180" WIDTH="52"/>
						<String CONTENT="July" ID="St_1.1.13.13" HPOS="1760" VPOS="3132" HEIGHT="108" WIDTH="276" STYLEREFS="Style_8" WC="0.906666666666667" CC="0000"/>
						<SP ID="SP_1.1.13.14" HPOS="1996" VPOS="3152" WIDTH="80"/>
						<String CONTENT="8;" ID="St_1.1.13.15" HPOS="2124" VPOS="3132" HEIGHT="92" WIDTH="124" STYLEREFS="Style_8" WC="0.916666666666667" CC="00"/>
						<SP ID="SP_1.1.13.16" HPOS="2232" VPOS="3152" WIDTH="80"/>
						<String CONTENT="af" ID="St_1.1.13.17" HPOS="2344" VPOS="3128" HEIGHT="92" WIDTH="124" STYLEREFS="Style_8" WC="0.903333333333333" CC="33"/>
						<String CONTENT="f." ID="St_1.1.13.18" HPOS="2460" VPOS="3128" HEIGHT="96" WIDTH="76" STYLEREFS="Style_9" WC="0.908888888888889" CC="00"/>
						<SP ID="SP_1.1.13.19" HPOS="2524" VPOS="3188" WIDTH="52"/>
						<String CONTENT="July" ID="St_1.1.13.20" HPOS="2628" VPOS="3128" HEIGHT="112" WIDTH="276" STYLEREFS="Style_9" WC="0.921111111111111" CC="0000"/>
						<SP ID="SP_1.1.13.21" HPOS="2864" VPOS="3152" WIDTH="80"/>
						<String CONTENT="7;" ID="St_1.1.13.22" HPOS="2992" VPOS="3132" HEIGHT="104" WIDTH="124" STYLEREFS="Style_9" WC="0.927777777777778" CC="00"/>
						<SP ID="SP_1.1.13.23" HPOS="3100" VPOS="3152" WIDTH="60"/>
						<String CONTENT="A" ID="St_1.1.13.24" HPOS="3208" VPOS="3128" HEIGHT="92" WIDTH="96" STYLEREFS="Style_9" WC="0.931111111111111" CC="0"/>
						<SP ID="SP_1.1.13.25" HPOS="3252" VPOS="3140" WIDTH="92"/>
						<String CONTENT="996341;" ID="St_1.1.13.26" HPOS="3392" VPOS="3128" HEIGHT="112" WIDTH="476" STYLEREFS="Style_9" WC="0.942222222222222" CC="0000000"/>
						<SP ID="SP_1.1.13.27" HPOS="3852" VPOS="3152" WIDTH="60"/>
						<String CONTENT="G" ID="St_1.1.13.28" HPOS="3968" VPOS="3128" HEIGHT="92" WIDTH="92" STYLEREFS="Style_9" WC="0.935555555555556" CC="4"/>
						<String CONTENT="." ID="St_1.1.13.29" HPOS="4072" VPOS="3204" HEIGHT="24" WIDTH="20" STYLEREFS="Style_9" WC="0.936666666666667" CC="0"/>
						<SP ID="SP_1.1.13.30" HPOS="4076" VPOS="3176" WIDTH="60"/>
						<String CONTENT="F." ID="St_1.1.13.31" HPOS="4188" VPOS="3128" HEIGHT="100" WIDTH="120" STYLEREFS="Style_9" WC="0.94" CC="00"/>
						<SP ID="SP_1.1.13.32" HPOS="4292" VPOS="3180" WIDTH="56"/>
						<String CONTENT="Robertson," ID="St_1.1.13.33" HPOS="4396" VPOS="3128" HEIGHT="116" WIDTH="680" STYLEREFS="Style_9" WC="0.95" CC="0000000000"/>
					</TextLine>
					<TextLine ID="TL_1.1.14" HPOS="496" VPOS="3256" HEIGHT="144" WIDTH="4388">
						<String CONTENT="Lowell," ID="St_1.1.14.1" HPOS="496" VPOS="3268" HEIGHT="108" WIDTH="456" STYLEREFS="Style_9" WC="1" CC="0000000"/>
						<SP ID="SP_1.1.14.2" HPOS="940" VPOS="3336" WIDTH="52"/>
						<String CONTENT="N." ID="St_1.1.14.3" HPOS="1036" VPOS="3268" HEIGHT="96" WIDTH="132" STYLEREFS="Style_9" WC="1" CC="00"/>
						<SP ID="SP_1.1.14.4" HPOS="1152" VPOS="3340" WIDTH="56"/>
						<String CONTENT="C." ID="St_1.1.14.5" HPOS="1252" VPOS="3264" HEIGHT="96" WIDTH="112" STYLEREFS="Style_9" WC="1" CC="00"/>
						<SP ID="SP_1.1.14.6" HPOS="1348" VPOS="3336" WIDTH="100"/>
						<String CONTENT="(27-14795)" ID="St_1.1.14.7" HPOS="1536" VPOS="3264" HEIGHT="112" WIDTH="664" STYLEREFS="Style_9" WC="1" CC="0000000000"/>
						<SP ID="SP_1.1.14.8" HPOS="2180" VPOS="3264" WIDTH="2420"/>
						<String CONTENT="5574" ID="St_1.1.14.9" HPOS="4600" VPOS="3256" HEIGHT="104" WIDTH="284" STYLEREFS="Style_9" WC="0.77" CC="0000"/>
					</TextLine>
					<TextLine ID="TL_1.1.15" HPOS="336" VPOS="3520" HEIGHT="148" WIDTH="2460">
						<String CONTENT="Robinson," ID="St_1.1.15.1" HPOS="336" VPOS="3520" HEIGHT="148" WIDTH="748" STYLEREFS="Style_10" WC="1" CC="000000000"/>
						<SP ID="SP_1.1.15.2" HPOS="1064" VPOS="3568" WIDTH="48"/>
						<String CONTENT="James" ID="St_1.1.15.3" HPOS="1148" VPOS="3520" HEIGHT="124" WIDTH="488" STYLEREFS="Style_10" WC="1" CC="00000"/>
						<SP ID="SP_1.1.15.4" HPOS="1592" VPOS="3540" WIDTH="72"/>
						<String CONTENT="Harvey," ID="St_1.1.15.5" HPOS="1696" VPOS="3520" HEIGHT="148" WIDTH="620" STYLEREFS="Style_10" WC="1" CC="0000000"/>
						<SP ID="SP_1.1.15.6" HPOS="2292" VPOS="3568" WIDTH="56"/>
						<String CONTENT="1863" ID="St_1.1.15.7" HPOS="2392" VPOS="3528" HEIGHT="116" WIDTH="312" STYLEREFS="Style_10" WC="1" CC="0000"/>
						<String CONTENT="&#150;" ID="St_1.1.15.8" HPOS="2712" VPOS="3600" HEIGHT="12" WIDTH="84" STYLEREFS="Style_10" WC="1" CC="0"/>
					</TextLine>
					<TextLine ID="TL_1.1.16" HPOS="500" VPOS="3704" HEIGHT="168" WIDTH="4580">
						<String CONTENT="History" ID="St_1.1.16.1" HPOS="500" VPOS="3708" HEIGHT="160" WIDTH="584" STYLEREFS="Style_10" WC="1" CC="0000000"/>
						<SP ID="SP_1.1.16.2" HPOS="1032" VPOS="3732" WIDTH="80"/>
						<String CONTENT="of" ID="St_1.1.16.3" HPOS="1148" VPOS="3704" HEIGHT="128" WIDTH="156" STYLEREFS="Style_10" WC="1" CC="00"/>
						<SP ID="SP_1.1.16.4" HPOS="1268" VPOS="3708" WIDTH="76"/>
						<String CONTENT="Europe," ID="St_1.1.16.5" HPOS="1376" VPOS="3708" HEIGHT="160" WIDTH="584" STYLEREFS="Style_10" WC="0.974444444444444" CC="0000004"/>
						<SP ID="SP_1.1.16.6" HPOS="1944" VPOS="3760" WIDTH="48"/>
						<String CONTENT="our" ID="St_1.1.16.7" HPOS="2032" VPOS="3752" HEIGHT="76" WIDTH="248" STYLEREFS="Style_10" WC="0.978888888888889" CC="000"/>
						<SP ID="SP_1.1.16.8" HPOS="2244" VPOS="3732" WIDTH="64"/>
						<String CONTENT="own" ID="St_1.1.16.9" HPOS="2348" VPOS="3752" HEIGHT="76" WIDTH="300" STYLEREFS="Style_10" WC="0.982222222222222" CC="000"/>
						<SP ID="SP_1.1.16.10" HPOS="2600" VPOS="3732" WIDTH="80"/>
						<String CONTENT="times," ID="St_1.1.16.11" HPOS="2720" VPOS="3704" HEIGHT="160" WIDTH="428" STYLEREFS="Style_10" WC="0.985555555555556" CC="000000"/>
						<SP ID="SP_1.1.16.12" HPOS="3128" VPOS="3760" WIDTH="52"/>
						<String CONTENT="the" ID="St_1.1.16.13" HPOS="3220" VPOS="3708" HEIGHT="124" WIDTH="228" STYLEREFS="Style_10" WC="0.987777777777778" CC="000"/>
						<SP ID="SP_1.1.16.14" HPOS="3408" VPOS="3732" WIDTH="72"/>
						<String CONTENT="eighteenth" ID="St_1.1.16.15" HPOS="3520" VPOS="3708" HEIGHT="164" WIDTH="780" STYLEREFS="Style_10" WC="0.99" CC="0000000000"/>
						<SP ID="SP_1.1.16.16" HPOS="4248" VPOS="3712" WIDTH="84"/>
						<String CONTENT="and" ID="St_1.1.16.17" HPOS="4372" VPOS="3712" HEIGHT="124" WIDTH="268" STYLEREFS="Style_10" WC="0.991111111111111" CC="000"/>
						<SP ID="SP_1.1.16.18" HPOS="4592" VPOS="3712" WIDTH="80"/>
						<String CONTENT="nine-" ID="St_1.1.16.19" HPOS="4712" VPOS="3708" HEIGHT="128" WIDTH="368" STYLEREFS="Style_10" WC="0.992222222222222" CC="00000"/>
					</TextLine>
					<TextLine ID="TL_1.1.17" HPOS="336" VPOS="3892" HEIGHT="168" WIDTH="4752">
						<String CONTENT="teenth" ID="St_1.1.17.1" HPOS="336" VPOS="3896" HEIGHT="120" WIDTH="456" STYLEREFS="Style_10" WC="1" CC="000000"/>
						<SP ID="SP_1.1.17.2" HPOS="744" VPOS="3892" WIDTH="104"/>
						<String CONTENT="centuries," ID="St_1.1.17.3" HPOS="904" VPOS="3896" HEIGHT="156" WIDTH="704" STYLEREFS="Style_10" WC="1" CC="0000000000"/>
						<SP ID="SP_1.1.17.4" HPOS="1592" VPOS="3940" WIDTH="72"/>
						<String CONTENT="the" ID="St_1.1.17.5" HPOS="1716" VPOS="3892" HEIGHT="124" WIDTH="220" STYLEREFS="Style_10" WC="0.977777777777778" CC="040"/>
						<SP ID="SP_1.1.17.6" HPOS="1904" VPOS="3916" WIDTH="88"/>
						<String CONTENT="opening" ID="St_1.1.17.7" HPOS="2048" VPOS="3892" HEIGHT="164" WIDTH="592" STYLEREFS="Style_10" WC="0.984444444444444" CC="0000000"/>
						<SP ID="SP_1.1.17.8" HPOS="2596" VPOS="3916" WIDTH="96"/>
						<String CONTENT="of" ID="St_1.1.17.9" HPOS="2748" VPOS="3892" HEIGHT="124" WIDTH="152" STYLEREFS="Style_10" WC="0.985555555555556" CC="00"/>
						<SP ID="SP_1.1.17.10" HPOS="2864" VPOS="3892" WIDTH="88"/>
						<String CONTENT="the" ID="St_1.1.17.11" HPOS="3004" VPOS="3892" HEIGHT="124" WIDTH="228" STYLEREFS="Style_10" WC="0.986666666666667" CC="000"/>
						<SP ID="SP_1.1.17.12" HPOS="3196" VPOS="3916" WIDTH="84"/>
						<String CONTENT="twentieth" ID="St_1.1.17.13" HPOS="3332" VPOS="3892" HEIGHT="128" WIDTH="712" STYLEREFS="Style_10" WC="0.99" CC="000000000"/>
						<SP ID="SP_1.1.17.14" HPOS="3992" VPOS="3896" WIDTH="100"/>
						<String CONTENT="century," ID="St_1.1.17.15" HPOS="4148" VPOS="3908" HEIGHT="152" WIDTH="608" STYLEREFS="Style_10" WC="0.991111111111111" CC="00000000"/>
						<SP ID="SP_1.1.17.16" HPOS="4736" VPOS="3944" WIDTH="68"/>
						<String CONTENT="the" ID="St_1.1.17.17" HPOS="4860" VPOS="3896" HEIGHT="128" WIDTH="228" STYLEREFS="Style_10" WC="0.992222222222222" CC="000"/>
					</TextLine>
					<TextLine ID="TL_1.1.18" HPOS="344" VPOS="4076" HEIGHT="168" WIDTH="4740">
						<String CONTENT="world" ID="St_1.1.18.1" HPOS="344" VPOS="4084" HEIGHT="120" WIDTH="420" STYLEREFS="Style_10" WC="0.911111111111111" CC="40000"/>
						<SP ID="SP_1.1.18.2" HPOS="716" VPOS="4080" WIDTH="80"/>
						<String CONTENT="war," ID="St_1.1.18.3" HPOS="832" VPOS="4124" HEIGHT="116" WIDTH="320" STYLEREFS="Style_10" WC="0.955555555555556" CC="0000"/>
						<SP ID="SP_1.1.18.4" HPOS="1136" VPOS="4128" WIDTH="48"/>
						<String CONTENT="and" ID="St_1.1.18.5" HPOS="1220" VPOS="4080" HEIGHT="124" WIDTH="264" STYLEREFS="Style_10" WC="0.967777777777778" CC="000"/>
						<SP ID="SP_1.1.18.6" HPOS="1440" VPOS="4076" WIDTH="80"/>
						<String CONTENT="recent" ID="St_1.1.18.7" HPOS="1560" VPOS="4096" HEIGHT="108" WIDTH="444" STYLEREFS="Style_10" WC="0.977777777777778" CC="000000"/>
						<SP ID="SP_1.1.18.8" HPOS="1976" VPOS="4084" WIDTH="60"/>
						<String CONTENT="events," ID="St_1.1.18.9" HPOS="2076" VPOS="4092" HEIGHT="148" WIDTH="496" STYLEREFS="Style_10" WC="0.984444444444444" CC="0000000"/>
						<SP ID="SP_1.1.18.10" HPOS="2556" VPOS="4128" WIDTH="48"/>
						<String CONTENT="by" ID="St_1.1.18.11" HPOS="2636" VPOS="4080" HEIGHT="160" WIDTH="176" STYLEREFS="Style_10" WC="0.985555555555556" CC="00"/>
						<SP ID="SP_1.1.18.12" HPOS="2764" VPOS="4100" WIDTH="80"/>
						<String CONTENT="James" ID="St_1.1.18.13" HPOS="2880" VPOS="4080" HEIGHT="128" WIDTH="464" STYLEREFS="Style_10" WC="0.987777777777778" CC="00000"/>
						<SP ID="SP_1.1.18.14" HPOS="3312" VPOS="4100" WIDTH="64"/>
						<String CONTENT="Harvey" ID="St_1.1.18.15" HPOS="3416" VPOS="4080" HEIGHT="164" WIDTH="568" STYLEREFS="Style_10" WC="0.99" CC="000000"/>
						<SP ID="SP_1.1.18.16" HPOS="3932" VPOS="4100" WIDTH="80"/>
						<String CONTENT="Robinson" ID="St_1.1.18.17" HPOS="4044" VPOS="4080" HEIGHT="128" WIDTH="700" STYLEREFS="Style_10" WC="0.991111111111111" CC="00000000"/>
						<SP ID="SP_1.1.18.18" HPOS="4696" VPOS="4100" WIDTH="80"/>
						<String CONTENT="and" ID="St_1.1.18.19" HPOS="4816" VPOS="4084" HEIGHT="124" WIDTH="268" STYLEREFS="Style_10" WC="0.992222222222222" CC="000"/>
					</TextLine>
					<TextLine ID="TL_1.1.19" HPOS="336" VPOS="4264" HEIGHT="160" WIDTH="4752">
						<String CONTENT="Charles" ID="St_1.1.19.1" HPOS="336" VPOS="4264" HEIGHT="132" WIDTH="564" STYLEREFS="Style_10" WC="1" CC="0000000"/>
						<SP ID="SP_1.1.19.2" HPOS="868" VPOS="4296" WIDTH="76"/>
						<String CONTENT="A." ID="St_1.1.19.3" HPOS="988" VPOS="4264" HEIGHT="124" WIDTH="168" STYLEREFS="Style_10" WC="1" CC="00"/>
						<SP ID="SP_1.1.19.4" HPOS="1140" VPOS="4324" WIDTH="64"/>
						<String CONTENT="Beard." ID="St_1.1.19.5" HPOS="1256" VPOS="4268" HEIGHT="120" WIDTH="484" STYLEREFS="Style_10" WC="1" CC="000000"/>
						<SP ID="SP_1.1.19.6" HPOS="1724" VPOS="4320" WIDTH="104"/>
						<String CONTENT="Rev." ID="St_1.1.19.7" HPOS="1924" VPOS="4268" HEIGHT="120" WIDTH="320" STYLEREFS="Style_10" WC="1" CC="0000"/>
						<SP ID="SP_1.1.19.8" HPOS="2228" VPOS="4324" WIDTH="60"/>
						<String CONTENT="ed." ID="St_1.1.19.9" HPOS="2340" VPOS="4268" HEIGHT="120" WIDTH="200" STYLEREFS="Style_10" WC="1" CC="000"/>
						<SP ID="SP_1.1.19.10" HPOS="2524" VPOS="4324" WIDTH="108"/>
						<String CONTENT="Boston," ID="St_1.1.19.11" HPOS="2724" VPOS="4268" HEIGHT="156" WIDTH="556" STYLEREFS="Style_10" WC="1" CC="0000000"/>
						<SP ID="SP_1.1.19.12" HPOS="3264" VPOS="4320" WIDTH="56"/>
						<String CONTENT="New" ID="St_1.1.19.13" HPOS="3368" VPOS="4268" HEIGHT="124" WIDTH="328" STYLEREFS="Style_10" WC="1" CC="000"/>
						<SP ID="SP_1.1.19.14" HPOS="3632" VPOS="4296" WIDTH="104"/>
						<String CONTENT="York" ID="St_1.1.19.15" HPOS="3788" VPOS="4268" HEIGHT="124" WIDTH="392" STYLEREFS="Style_10" WC="1" CC="0000"/>
						<SP ID="SP_1.1.19.16" HPOS="4128" VPOS="4276" WIDTH="100"/>
						<String CONTENT="[etc.]" ID="St_1.1.19.17" HPOS="4280" VPOS="4280" HEIGHT="128" WIDTH="324" STYLEREFS="Style_10" WC="0.982222222222222" CC="400004"/>
						<SP ID="SP_1.1.19.18" HPOS="4592" VPOS="4316" WIDTH="64"/>
						<String CONTENT="Ginn" ID="St_1.1.19.19" HPOS="4712" VPOS="4268" HEIGHT="132" WIDTH="376" STYLEREFS="Style_10" WC="0.978888888888889" CC="0011"/>
					</TextLine>
					<TextLine ID="TL_1.1.20" HPOS="332" VPOS="4448" HEIGHT="168" WIDTH="1536">
						<String CONTENT="and" ID="St_1.1.20.1" HPOS="332" VPOS="4456" HEIGHT="120" WIDTH="268" STYLEREFS="Style_10" WC="1" CC="000"/>
						<SP ID="SP_1.1.20.2" HPOS="552" VPOS="4456" WIDTH="76"/>
						<String CONTENT="company" ID="St_1.1.20.3" HPOS="664" VPOS="4496" HEIGHT="120" WIDTH="668" STYLEREFS="Style_10" WC="1" CC="0000000"/>
						<SP ID="SP_1.1.20.4" HPOS="1284" VPOS="4476" WIDTH="132"/>
						<String CONTENT="[&#x0368;" ID="St_1.1.20.5" HPOS="1412" VPOS="4460" HEIGHT="152" WIDTH="168" STYLEREFS="Style_10" WC="0.935555555555556" CC="80"/>
						<String CONTENT="1927]" ID="St_1.1.20.6" HPOS="1508" VPOS="4448" HEIGHT="164" WIDTH="360" STYLEREFS="Style_10" WC="0.888888888888889" CC="00047"/>
					</TextLine>
					<TextLine ID="TL_1.1.21" HPOS="500" VPOS="4648" HEIGHT="120" WIDTH="4564">
						<String CONTENT="xii," ID="St_1.1.21.1" HPOS="500" VPOS="4652" HEIGHT="108" WIDTH="200" STYLEREFS="Style_10" WC="1" CC="0000"/>
						<SP ID="SP_1.1.21.2" HPOS="684" VPOS="4680" WIDTH="60"/>
						<String CONTENT="654," ID="St_1.1.21.3" HPOS="792" VPOS="4648" HEIGHT="112" WIDTH="232" STYLEREFS="Style_10" WC="1" CC="0000"/>
						<SP ID="SP_1.1.21.4" HPOS="1012" VPOS="4680" WIDTH="52"/>
						<String CONTENT="xxi" ID="St_1.1.21.5" HPOS="1112" VPOS="4648" HEIGHT="96" WIDTH="196" STYLEREFS="Style_10" WC="1" CC="000"/>
						<String CONTENT="v" ID="St_1.1.21.6" HPOS="1324" VPOS="4676" HEIGHT="68" WIDTH="64" STYLEREFS="Style_10" WC="1" CC="0"/>
						<SP ID="SP_1.1.21.7" HPOS="1352" VPOS="4660" WIDTH="76"/>
						<String CONTENT="p." ID="St_1.1.21.8" HPOS="1472" VPOS="4676" HEIGHT="88" WIDTH="108" STYLEREFS="Style_10" WC="1" CC="00"/>
						<SP ID="SP_1.1.21.9" HPOS="1568" VPOS="4684" WIDTH="84"/>
						<String CONTENT="col." ID="St_1.1.21.10" HPOS="1728" VPOS="4652" HEIGHT="92" WIDTH="204" STYLEREFS="Style_10" WC="0.978888888888889" CC="0004"/>
						<SP ID="SP_1.1.21.11" HPOS="1924" VPOS="4684" WIDTH="56"/>
						<String CONTENT="front.," ID="St_1.1.21.12" HPOS="2028" VPOS="4652" HEIGHT="108" WIDTH="384" STYLEREFS="Style_10" WC="0.984444444444444" CC="0000000"/>
						<SP ID="SP_1.1.21.13" HPOS="2400" VPOS="4684" WIDTH="60"/>
						<String CONTENT="illus.," ID="St_1.1.21.14" HPOS="2508" VPOS="4648" HEIGHT="112" WIDTH="340" STYLEREFS="Style_10" WC="0.987777777777778" CC="0000000"/>
						<SP ID="SP_1.1.21.15" HPOS="2832" VPOS="4684" WIDTH="56"/>
						<String CONTENT="plates" ID="St_1.1.21.16" HPOS="2932" VPOS="4652" HEIGHT="112" WIDTH="376" STYLEREFS="Style_10" WC="0.99" CC="000000"/>
						<SP ID="SP_1.1.21.17" HPOS="3280" VPOS="4656" WIDTH="56"/>
						<String CONTENT="(part" ID="St_1.1.21.18" HPOS="3376" VPOS="4648" HEIGHT="116" WIDTH="328" STYLEREFS="Style_10" WC="0.991111111111111" CC="00000"/>
						<SP ID="SP_1.1.21.19" HPOS="3676" VPOS="4648" WIDTH="68"/>
						<String CONTENT="col.)" ID="St_1.1.21.20" HPOS="3788" VPOS="4652" HEIGHT="112" WIDTH="268" STYLEREFS="Style_10" WC="0.991111111111111" CC="00000"/>
						<SP ID="SP_1.1.21.21" HPOS="4036" VPOS="4648" WIDTH="76"/>
						<String CONTENT="ports." ID="St_1.1.21.22" HPOS="4172" VPOS="4660" HEIGHT="108" WIDTH="352" STYLEREFS="Style_10" WC="0.992222222222222" CC="000000"/>
						<SP ID="SP_1.1.21.23" HPOS="4508" VPOS="4684" WIDTH="48"/>
						<String CONTENT="(1" ID="St_1.1.21.24" HPOS="4592" VPOS="4656" HEIGHT="112" WIDTH="116" STYLEREFS="Style_10" WC="0.993333333333333" CC="00"/>
						<SP ID="SP_1.1.21.25" HPOS="4676" VPOS="4648" WIDTH="72"/>
						<String CONTENT="col.)" ID="St_1.1.21.26" HPOS="4796" VPOS="4652" HEIGHT="116" WIDTH="268" STYLEREFS="Style_11" WC="0.993333333333333" CC="00000"/>
					</TextLine>
					<TextLine ID="TL_1.1.22" HPOS="336" VPOS="4784" HEIGHT="116" WIDTH="1176">
						<String CONTENT="maps." ID="St_1.1.22.1" HPOS="336" VPOS="4816" HEIGHT="84" WIDTH="356" STYLEREFS="Style_11" WC="1" CC="00000"/>
						<SP ID="SP_1.1.22.2" HPOS="680" VPOS="4824" WIDTH="80"/>
						<String CONTENT="2" ID="St_1.1.22.3" HPOS="832" VPOS="4784" HEIGHT="96" WIDTH="64" STYLEREFS="Style_11" WC="0.952222222222222" CC="3"/>
						<String CONTENT="0&#x0368;&#x036B;" ID="St_1.1.22.4" HPOS="904" VPOS="4784" HEIGHT="104" WIDTH="608" STYLEREFS="Style_11" WC="0.922222222222222" CC="400"/>
						<String CONTENT="." ID="St_1.1.22.5" HPOS="1088" VPOS="4860" HEIGHT="20" WIDTH="24" STYLEREFS="Style_11" WC="0.857777777777778" CC="7"/>
					</TextLine>
					<TextLine ID="TL_1.1.23" HPOS="504" VPOS="4948" HEIGHT="124" WIDTH="4580">
						<String CONTENT="Bibliography" ID="St_1.1.23.1" HPOS="504" VPOS="4952" HEIGHT="116" WIDTH="832" STYLEREFS="Style_11" WC="1" CC="000000000000"/>
						<String CONTENT=";" ID="St_1.1.23.2" HPOS="1364" VPOS="4976" HEIGHT="72" WIDTH="36" STYLEREFS="Style_11" WC="1" CC="0"/>
						<SP ID="SP_1.1.23.3" HPOS="1376" VPOS="4960" WIDTH="60"/>
						<String CONTENT="p." ID="St_1.1.23.4" HPOS="1476" VPOS="4976" HEIGHT="92" WIDTH="108" STYLEREFS="Style_11" WC="1" CC="00"/>
						<SP ID="SP_1.1.23.5" HPOS="1568" VPOS="4988" WIDTH="44"/>
						<String CONTENT="i" ID="St_1.1.23.6" HPOS="1648" VPOS="4952" HEIGHT="92" WIDTH="36" STYLEREFS="Style_11" WC="1" CC="0"/>
						<String CONTENT="&#150;" ID="St_1.1.23.7" HPOS="1692" VPOS="5008" HEIGHT="12" WIDTH="72" STYLEREFS="Style_11" WC="1" CC="0"/>
						<String CONTENT="vii" ID="St_1.1.23.8" HPOS="1764" VPOS="4952" HEIGHT="96" WIDTH="160" STYLEREFS="Style_11" WC="1" CC="000"/>
						<SP ID="SP_1.1.23.9" HPOS="1900" VPOS="4948" WIDTH="52"/>
						<String CONTENT="at" ID="St_1.1.23.10" HPOS="1992" VPOS="4960" HEIGHT="88" WIDTH="124" STYLEREFS="Style_11" WC="1" CC="00"/>
						<SP ID="SP_1.1.23.11" HPOS="2088" VPOS="4952" WIDTH="56"/>
						<String CONTENT="end;" ID="St_1.1.23.12" HPOS="2176" VPOS="4952" HEIGHT="108" WIDTH="284" STYLEREFS="Style_11" WC="1" CC="0000"/>
						<SP ID="SP_1.1.23.13" HPOS="2444" VPOS="4960" WIDTH="52"/>
						<String CONTENT="&quot;References" ID="St_1.1.23.14" HPOS="2536" VPOS="4952" HEIGHT="96" WIDTH="764" STYLEREFS="Style_11" WC="1" CC="00000000000"/>
						<SP ID="SP_1.1.23.15" HPOS="3268" VPOS="4964" WIDTH="60"/>
						<String CONTENT="for" ID="St_1.1.23.16" HPOS="3364" VPOS="4956" HEIGHT="92" WIDTH="188" STYLEREFS="Style_11" WC="1" CC="000"/>
						<SP ID="SP_1.1.23.17" HPOS="3520" VPOS="4968" WIDTH="64"/>
						<String CONTENT="additional" ID="St_1.1.23.18" HPOS="3620" VPOS="4952" HEIGHT="100" WIDTH="648" STYLEREFS="Style_11" WC="1" CC="0000000000"/>
						<SP ID="SP_1.1.23.19" HPOS="4244" VPOS="4956" WIDTH="60"/>
						<String CONTENT="reading&quot;" ID="St_1.1.23.20" HPOS="4344" VPOS="4956" HEIGHT="116" WIDTH="544" STYLEREFS="Style_11" WC="1" CC="00000000"/>
						<SP ID="SP_1.1.23.21" HPOS="4856" VPOS="4952" WIDTH="64"/>
						<String CONTENT="at" ID="St_1.1.23.22" HPOS="4960" VPOS="4964" HEIGHT="92" WIDTH="124" STYLEREFS="Style_11" WC="1" CC="00"/>
					</TextLine>
					<TextLine ID="TL_1.1.24" HPOS="332" VPOS="5084" HEIGHT="120" WIDTH="1852">
						<String CONTENT="end" ID="St_1.1.24.1" HPOS="332" VPOS="5092" HEIGHT="92" WIDTH="220" STYLEREFS="Style_11" WC="1" CC="000"/>
						<SP ID="SP_1.1.24.2" HPOS="512" VPOS="5088" WIDTH="68"/>
						<String CONTENT="of" ID="St_1.1.24.3" HPOS="612" VPOS="5092" HEIGHT="92" WIDTH="124" STYLEREFS="Style_11" WC="1" CC="00"/>
						<SP ID="SP_1.1.24.4" HPOS="708" VPOS="5088" WIDTH="56"/>
						<String CONTENT="most" ID="St_1.1.24.5" HPOS="796" VPOS="5096" HEIGHT="88" WIDTH="300" STYLEREFS="Style_11" WC="1" CC="0000"/>
						<SP ID="SP_1.1.24.6" HPOS="1068" VPOS="5088" WIDTH="60"/>
						<String CONTENT="of" ID="St_1.1.24.7" HPOS="1164" VPOS="5088" HEIGHT="96" WIDTH="124" STYLEREFS="Style_11" WC="1" CC="00"/>
						<SP ID="SP_1.1.24.8" HPOS="1256" VPOS="5084" WIDTH="64"/>
						<String CONTENT="the" ID="St_1.1.24.9" HPOS="1356" VPOS="5092" HEIGHT="92" WIDTH="192" STYLEREFS="Style_11" WC="1" CC="000"/>
						<SP ID="SP_1.1.24.10" HPOS="1516" VPOS="5100" WIDTH="60"/>
						<String CONTENT="chapters." ID="St_1.1.24.11" HPOS="1608" VPOS="5092" HEIGHT="112" WIDTH="576" STYLEREFS="Style_11" WC="1" CC="000000000"/>
					</TextLine>
					<TextLine ID="TL_1.1.25" HPOS="340" VPOS="5252" HEIGHT="120" WIDTH="4740">
						<String CONTENT="&#169;" ID="St_1.1.25.1" HPOS="340" VPOS="5252" HEIGHT="108" WIDTH="116" STYLEREFS="Style_11" WC="0.222222222222222" CC="7"/>
						<SP ID="SP_1.1.25.2" HPOS="396" VPOS="5252" WIDTH="108"/>
						<String CONTENT="May" ID="St_1.1.25.3" HPOS="552" VPOS="5264" HEIGHT="108" WIDTH="268" STYLEREFS="Style_11" WC="0.844444444444444" CC="000"/>
						<SP ID="SP_1.1.25.4" HPOS="780" VPOS="5276" WIDTH="80"/>
						<String CONTENT="16," ID="St_1.1.25.5" HPOS="900" VPOS="5256" HEIGHT="116" WIDTH="164" STYLEREFS="Style_11" WC="0.913333333333333" CC="000"/>
						<SP ID="SP_1.1.25.6" HPOS="1048" VPOS="5304" WIDTH="56"/>
						<String CONTENT="1927;" ID="St_1.1.25.7" HPOS="1148" VPOS="5256" HEIGHT="104" WIDTH="328" STYLEREFS="Style_11" WC="0.917777777777778" CC="00004"/>
						<SP ID="SP_1.1.25.8" HPOS="1468" VPOS="5276" WIDTH="56"/>
						<String CONTENT="2" ID="St_1.1.25.9" HPOS="1572" VPOS="5256" HEIGHT="92" WIDTH="68" STYLEREFS="Style_11" WC="0.914444444444444" CC="1"/>
						<String CONTENT="c" ID="St_1.1.25.10" HPOS="1640" VPOS="5280" HEIGHT="76" WIDTH="60" STYLEREFS="Style_11" WC="0.888888888888889" CC="5"/>
						<String CONTENT="." ID="St_1.1.25.11" HPOS="1716" VPOS="5336" HEIGHT="16" WIDTH="20" STYLEREFS="Style_11" WC="0.894444444444444" CC="0"/>
						<SP ID="SP_1.1.25.12" HPOS="1724" VPOS="5304" WIDTH="52"/>
						<String CONTENT="and" ID="St_1.1.25.13" HPOS="1820" VPOS="5260" HEIGHT="88" WIDTH="220" STYLEREFS="Style_11" WC="0.912222222222222" CC="000"/>
						<SP ID="SP_1.1.25.14" HPOS="2004" VPOS="5268" WIDTH="80"/>
						<String CONTENT="aff." ID="St_1.1.25.15" HPOS="2136" VPOS="5256" HEIGHT="100" WIDTH="196" STYLEREFS="Style_11" WC="0.912222222222222" CC="4000"/>
						<SP ID="SP_1.1.25.16" HPOS="2316" VPOS="5304" WIDTH="56"/>
						<String CONTENT="July" ID="St_1.1.25.17" HPOS="2420" VPOS="5256" HEIGHT="112" WIDTH="276" STYLEREFS="Style_11" WC="0.925555555555556" CC="0000"/>
						<SP ID="SP_1.1.25.18" HPOS="2656" VPOS="5280" WIDTH="80"/>
						<String CONTENT="8;" ID="St_1.1.25.19" HPOS="2780" VPOS="5260" HEIGHT="96" WIDTH="120" STYLEREFS="Style_11" WC="0.931111111111111" CC="00"/>
						<SP ID="SP_1.1.25.20" HPOS="2888" VPOS="5280" WIDTH="60"/>
						<String CONTENT="A" ID="St_1.1.25.21" HPOS="2996" VPOS="5260" HEIGHT="88" WIDTH="100" STYLEREFS="Style_11" WC="0.935555555555556" CC="0"/>
						<SP ID="SP_1.1.25.22" HPOS="3040" VPOS="5268" WIDTH="92"/>
						<String CONTENT="990858;" ID="St_1.1.25.23" HPOS="3176" VPOS="5256" HEIGHT="108" WIDTH="480" STYLEREFS="Style_11" WC="0.941111111111111" CC="0000110"/>
						<SP ID="SP_1.1.25.24" HPOS="3640" VPOS="5280" WIDTH="60"/>
						<String CONTENT="J." ID="St_1.1.25.25" HPOS="3752" VPOS="5260" HEIGHT="96" WIDTH="100" STYLEREFS="Style_11" WC="0.945555555555556" CC="00"/>
						<SP ID="SP_1.1.25.26" HPOS="3836" VPOS="5304" WIDTH="56"/>
						<String CONTENT="H." ID="St_1.1.25.27" HPOS="3944" VPOS="5264" HEIGHT="96" WIDTH="140" STYLEREFS="Style_11" WC="0.947777777777778" CC="00"/>
						<SP ID="SP_1.1.25.28" HPOS="4072" VPOS="5308" WIDTH="56"/>
						<String CONTENT="Robinson" ID="St_1.1.25.29" HPOS="4180" VPOS="5260" HEIGHT="100" WIDTH="588" STYLEREFS="Style_11" WC="0.955555555555556" CC="00000000"/>
						<SP ID="SP_1.1.25.30" HPOS="4724" VPOS="5280" WIDTH="80"/>
						<String CONTENT="and" ID="St_1.1.25.31" HPOS="4852" VPOS="5264" HEIGHT="96" WIDTH="228" STYLEREFS="Style_11" WC="0.958888888888889" CC="000"/>
					</TextLine>
					<TextLine ID="TL_1.1.26" HPOS="500" VPOS="5392" HEIGHT="136" WIDTH="4384">
						<String CONTENT="Charles" ID="St_1.1.26.1" HPOS="500" VPOS="5392" HEIGHT="100" WIDTH="480" STYLEREFS="Style_11" WC="1" CC="0000000"/>
						<SP ID="SP_1.1.26.2" HPOS="952" VPOS="5440" WIDTH="60"/>
						<String CONTENT="A." ID="St_1.1.26.3" HPOS="1048" VPOS="5392" HEIGHT="96" WIDTH="124" STYLEREFS="Style_11" WC="1" CC="00"/>
						<SP ID="SP_1.1.26.4" HPOS="1160" VPOS="5468" WIDTH="44"/>
						<String CONTENT="Beard," ID="St_1.1.26.5" HPOS="1244" VPOS="5392" HEIGHT="112" WIDTH="412" STYLEREFS="Style_11" WC="1" CC="000000"/>
						<SP ID="SP_1.1.26.6" HPOS="1644" VPOS="5464" WIDTH="44"/>
						<String CONTENT="New" ID="St_1.1.26.7" HPOS="1728" VPOS="5396" HEIGHT="88" WIDTH="280" STYLEREFS="Style_11" WC="1" CC="000"/>
						<SP ID="SP_1.1.26.8" HPOS="1952" VPOS="5440" WIDTH="84"/>
						<String CONTENT="York." ID="St_1.1.26.9" HPOS="2076" VPOS="5392" HEIGHT="124" WIDTH="344" STYLEREFS="Style_11" WC="0.983333333333333" CC="40000"/>
						<SP ID="SP_1.1.26.10" HPOS="2404" VPOS="5464" WIDTH="96"/>
						<String CONTENT="(27-14881)" ID="St_1.1.26.11" HPOS="2588" VPOS="5392" HEIGHT="124" WIDTH="668" STYLEREFS="Style_11" WC="0.975555555555556" CC="0000400000"/>
						<SP ID="SP_1.1.26.12" HPOS="3232" VPOS="5396" WIDTH="1368"/>
						<String CONTENT="5575" ID="St_1.1.26.13" HPOS="4600" VPOS="5392" HEIGHT="100" WIDTH="284" STYLEREFS="Style_11" WC="0.858888888888889" CC="0000"/>
					</TextLine>
					<TextLine ID="TL_1.1.27" HPOS="336" VPOS="5648" HEIGHT="148" WIDTH="2304">
						<String CONTENT="Rousuck," ID="St_1.1.27.1" HPOS="336" VPOS="5648" HEIGHT="148" WIDTH="696" STYLEREFS="Style_11" WC="1" CC="00000000"/>
						<SP ID="SP_1.1.27.2" HPOS="1012" VPOS="5696" WIDTH="52"/>
						<String CONTENT="Emanuel" ID="St_1.1.27.3" HPOS="1100" VPOS="5648" HEIGHT="124" WIDTH="688" STYLEREFS="Style_11" WC="1" CC="0000000"/>
						<SP ID="SP_1.1.27.4" HPOS="1760" VPOS="5652" WIDTH="56"/>
						<String CONTENT="Jay," ID="St_1.1.27.5" HPOS="1848" VPOS="5648" HEIGHT="148" WIDTH="316" STYLEREFS="Style_11" WC="1" CC="0000"/>
						<SP ID="SP_1.1.27.6" HPOS="2140" VPOS="5700" WIDTH="56"/>
						<String CONTENT="1898" ID="St_1.1.27.7" HPOS="2236" VPOS="5656" HEIGHT="116" WIDTH="316" STYLEREFS="Style_11" WC="1" CC="0000"/>
						<String CONTENT="&#150;" ID="St_1.1.27.8" HPOS="2556" VPOS="5728" HEIGHT="12" WIDTH="84" STYLEREFS="Style_11" WC="1" CC="0"/>
					</TextLine>
					<TextLine ID="TL_1.1.28" HPOS="500" VPOS="5832" HEIGHT="176" WIDTH="4592">
						<String CONTENT="The" ID="St_1.1.28.1" HPOS="500" VPOS="5836" HEIGHT="128" WIDTH="288" STYLEREFS="Style_11" WC="1" CC="000"/>
						<SP ID="SP_1.1.28.2" HPOS="752" VPOS="5860" WIDTH="64"/>
						<String CONTENT="Boston" ID="St_1.1.28.3" HPOS="844" VPOS="5840" HEIGHT="120" WIDTH="520" STYLEREFS="Style_11" WC="1" CC="000000"/>
						<SP ID="SP_1.1.28.4" HPOS="1312" VPOS="5860" WIDTH="80"/>
						<String CONTENT="terrier," ID="St_1.1.28.5" HPOS="1420" VPOS="5832" HEIGHT="164" WIDTH="524" STYLEREFS="Style_11" WC="1" CC="00000000"/>
						<SP ID="SP_1.1.28.6" HPOS="1924" VPOS="5888" WIDTH="44"/>
						<String CONTENT="by" ID="St_1.1.28.7" HPOS="1996" VPOS="5836" HEIGHT="164" WIDTH="184" STYLEREFS="Style_11" WC="1" CC="00"/>
						<SP ID="SP_1.1.28.8" HPOS="2132" VPOS="5860" WIDTH="76"/>
						<String CONTENT="E." ID="St_1.1.28.9" HPOS="2236" VPOS="5836" HEIGHT="124" WIDTH="160" STYLEREFS="Style_11" WC="1" CC="00"/>
						<SP ID="SP_1.1.28.10" HPOS="2380" VPOS="5888" WIDTH="44"/>
						<String CONTENT="J." ID="St_1.1.28.11" HPOS="2460" VPOS="5836" HEIGHT="128" WIDTH="132" STYLEREFS="Style_11" WC="1" CC="00"/>
						<SP ID="SP_1.1.28.12" HPOS="2572" VPOS="5888" WIDTH="48"/>
						<String CONTENT="Rousuck;" ID="St_1.1.28.13" HPOS="2652" VPOS="5836" HEIGHT="160" WIDTH="700" STYLEREFS="Style_11" WC="1" CC="00000000"/>
						<SP ID="SP_1.1.28.14" HPOS="3336" VPOS="5860" WIDTH="48"/>
						<String CONTENT="with" ID="St_1.1.28.15" HPOS="3424" VPOS="5840" HEIGHT="124" WIDTH="332" STYLEREFS="Style_11" WC="1" CC="0000"/>
						<SP ID="SP_1.1.28.16" HPOS="3704" VPOS="5840" WIDTH="80"/>
						<String CONTENT="a" ID="St_1.1.28.17" HPOS="3824" VPOS="5884" HEIGHT="80" WIDTH="76" STYLEREFS="Style_11" WC="1" CC="0"/>
						<SP ID="SP_1.1.28.18" HPOS="3856" VPOS="5864" WIDTH="72"/>
						<String CONTENT="special" ID="St_1.1.28.19" HPOS="3960" VPOS="5840" HEIGHT="164" WIDTH="504" STYLEREFS="Style_11" WC="1" CC="0000000"/>
						<SP ID="SP_1.1.28.20" HPOS="4432" VPOS="5844" WIDTH="60"/>
						<String CONTENT="chapter" ID="St_1.1.28.21" HPOS="4528" VPOS="5844" HEIGHT="164" WIDTH="564" STYLEREFS="Style_11" WC="1" CC="0000000"/>
					</TextLine>
					<TextLine ID="TL_1.1.29" HPOS="332" VPOS="6020" HEIGHT="172" WIDTH="4744">
						<String CONTENT="on" ID="St_1.1.29.1" HPOS="332" VPOS="6068" HEIGHT="80" WIDTH="172" STYLEREFS="Style_11" WC="1" CC="00"/>
						<SP ID="SP_1.1.29.2" HPOS="456" VPOS="6044" WIDTH="80"/>
						<String CONTENT="&quot;Preparing" ID="St_1.1.29.3" HPOS="576" VPOS="6020" HEIGHT="164" WIDTH="856" STYLEREFS="Style_11" WC="1" CC="0000000000"/>
						<SP ID="SP_1.1.29.4" HPOS="1380" VPOS="6044" WIDTH="88"/>
						<String CONTENT="for" ID="St_1.1.29.5" HPOS="1508" VPOS="6020" HEIGHT="124" WIDTH="220" STYLEREFS="Style_11" WC="1" CC="000"/>
						<SP ID="SP_1.1.29.6" HPOS="1688" VPOS="6048" WIDTH="72"/>
						<String CONTENT="the" ID="St_1.1.29.7" HPOS="1796" VPOS="6020" HEIGHT="124" WIDTH="232" STYLEREFS="Style_11" WC="1" CC="000"/>
						<SP ID="SP_1.1.29.8" HPOS="1988" VPOS="6044" WIDTH="68"/>
						<String CONTENT="show&quot;" ID="St_1.1.29.9" HPOS="2096" VPOS="6020" HEIGHT="128" WIDTH="456" STYLEREFS="Style_11" WC="1" CC="00000"/>
						<SP ID="SP_1.1.29.10" HPOS="2512" VPOS="6024" WIDTH="72"/>
						<String CONTENT="submitted" ID="St_1.1.29.11" HPOS="2624" VPOS="6020" HEIGHT="132" WIDTH="736" STYLEREFS="Style_11" WC="1" CC="000000000"/>
						<SP ID="SP_1.1.29.12" HPOS="3308" VPOS="6024" WIDTH="84"/>
						<String CONTENT="by" ID="St_1.1.29.13" HPOS="3436" VPOS="6024" HEIGHT="164" WIDTH="176" STYLEREFS="Style_11" WC="1" CC="00"/>
						<SP ID="SP_1.1.29.14" HPOS="3564" VPOS="6048" WIDTH="84"/>
						<String CONTENT="Evan" ID="St_1.1.29.15" HPOS="3688" VPOS="6024" HEIGHT="128" WIDTH="396" STYLEREFS="Style_11" WC="1" CC="0000"/>
						<SP ID="SP_1.1.29.16" HPOS="4036" VPOS="6048" WIDTH="76"/>
						<String CONTENT="M." ID="St_1.1.29.17" HPOS="4152" VPOS="6028" HEIGHT="124" WIDTH="196" STYLEREFS="Style_11" WC="0.99" CC="40"/>
						<SP ID="SP_1.1.29.18" HPOS="4328" VPOS="6076" WIDTH="52"/>
						<String CONTENT="Ramsey;" ID="St_1.1.29.19" HPOS="4424" VPOS="6032" HEIGHT="160" WIDTH="652" STYLEREFS="Style_11" WC="0.991111111111111" CC="0000000"/>
					</TextLine>
					<TextLine ID="TL_1.1.30" HPOS="336" VPOS="6204" HEIGHT="176" WIDTH="4748">
						<String CONTENT="text" ID="St_1.1.30.1" HPOS="336" VPOS="6220" HEIGHT="112" WIDTH="284" STYLEREFS="Style_11" WC="1" CC="0000"/>
						<SP ID="SP_1.1.30.2" HPOS="588" VPOS="6212" WIDTH="64"/>
						<String CONTENT="illustrations" ID="St_1.1.30.3" HPOS="692" VPOS="6204" HEIGHT="128" WIDTH="904" STYLEREFS="Style_11" WC="1" CC="0000000000000"/>
						<SP ID="SP_1.1.30.4" HPOS="1560" VPOS="6232" WIDTH="68"/>
						<String CONTENT="and" ID="St_1.1.30.5" HPOS="1668" VPOS="6204" HEIGHT="128" WIDTH="272" STYLEREFS="Style_11" WC="1" CC="000"/>
						<SP ID="SP_1.1.30.6" HPOS="1892" VPOS="6208" WIDTH="84"/>
						<String CONTENT="arranging" ID="St_1.1.30.7" HPOS="2016" VPOS="6204" HEIGHT="168" WIDTH="752" STYLEREFS="Style_11" WC="1" CC="000000000"/>
						<SP ID="SP_1.1.30.8" HPOS="2716" VPOS="6232" WIDTH="84"/>
						<String CONTENT="by" ID="St_1.1.30.9" HPOS="2840" VPOS="6212" HEIGHT="160" WIDTH="184" STYLEREFS="Style_11" WC="1" CC="00"/>
						<SP ID="SP_1.1.30.10" HPOS="2972" VPOS="6232" WIDTH="84"/>
						<String CONTENT="Josephine" ID="St_1.1.30.11" HPOS="3096" VPOS="6212" HEIGHT="160" WIDTH="744" STYLEREFS="Style_11" WC="1" CC="000000000"/>
						<SP ID="SP_1.1.30.12" HPOS="3800" VPOS="6232" WIDTH="72"/>
						<String CONTENT="Z." ID="St_1.1.30.13" HPOS="3916" VPOS="6212" HEIGHT="124" WIDTH="140" STYLEREFS="Style_11" WC="1" CC="00"/>
						<SP ID="SP_1.1.30.14" HPOS="4040" VPOS="6260" WIDTH="56"/>
						<String CONTENT="Rine," ID="St_1.1.30.15" HPOS="4140" VPOS="6212" HEIGHT="164" WIDTH="388" STYLEREFS="Style_11" WC="1" CC="00000"/>
						<SP ID="SP_1.1.30.16" HPOS="4512" VPOS="6264" WIDTH="52"/>
						<String CONTENT="photo-" ID="St_1.1.30.17" HPOS="4608" VPOS="6216" HEIGHT="164" WIDTH="476" STYLEREFS="Style_11" WC="1" CC="000000"/>
					</TextLine>
					<TextLine ID="TL_1.1.31" HPOS="336" VPOS="6392" HEIGHT="172" WIDTH="4744">
						<String CONTENT="graphs" ID="St_1.1.31.1" HPOS="336" VPOS="6392" HEIGHT="164" WIDTH="508" STYLEREFS="Style_11" WC="1" CC="000000"/>
						<SP ID="SP_1.1.31.2" HPOS="812" VPOS="6416" WIDTH="68"/>
						<String CONTENT="by" ID="St_1.1.31.3" HPOS="924" VPOS="6392" HEIGHT="164" WIDTH="184" STYLEREFS="Style_11" WC="1" CC="00"/>
						<SP ID="SP_1.1.31.4" HPOS="1056" VPOS="6416" WIDTH="88"/>
						<String CONTENT="R." ID="St_1.1.31.5" HPOS="1184" VPOS="6392" HEIGHT="124" WIDTH="160" STYLEREFS="Style_11" WC="1" CC="00"/>
						<SP ID="SP_1.1.31.6" HPOS="1328" VPOS="6444" WIDTH="56"/>
						<String CONTENT="W." ID="St_1.1.31.7" HPOS="1428" VPOS="6392" HEIGHT="128" WIDTH="216" STYLEREFS="Style_11" WC="1" CC="00"/>
						<SP ID="SP_1.1.31.8" HPOS="1624" VPOS="6444" WIDTH="60"/>
						<String CONTENT="Tauskey" ID="St_1.1.31.9" HPOS="1728" VPOS="6392" HEIGHT="152" WIDTH="628" STYLEREFS="Style_11" WC="1" CC="0000000"/>
						<SP ID="SP_1.1.31.10" HPOS="2304" VPOS="6416" WIDTH="92"/>
						<String CONTENT="&#133;" ID="St_1.1.31.11" HPOS="2432" VPOS="6404" HEIGHT="128" WIDTH="84" STYLEREFS="Style_11" WC="1" CC="0"/>
						<SP ID="SP_1.1.31.12" HPOS="2564" VPOS="6480" WIDTH="100"/>
						<String CONTENT="New" ID="St_1.1.31.13" HPOS="2760" VPOS="6396" HEIGHT="124" WIDTH="328" STYLEREFS="Style_11" WC="1" CC="000"/>
						<SP ID="SP_1.1.31.14" HPOS="3024" VPOS="6416" WIDTH="104"/>
						<String CONTENT="York," ID="St_1.1.31.15" HPOS="3176" VPOS="6396" HEIGHT="164" WIDTH="428" STYLEREFS="Style_11" WC="1" CC="00000"/>
						<SP ID="SP_1.1.31.16" HPOS="3584" VPOS="6448" WIDTH="60"/>
						<String CONTENT="G." ID="St_1.1.31.17" HPOS="3688" VPOS="6396" HEIGHT="132" WIDTH="164" STYLEREFS="Style_11" WC="1" CC="00"/>
						<SP ID="SP_1.1.31.18" HPOS="3832" VPOS="6448" WIDTH="56"/>
						<String CONTENT="H." ID="St_1.1.31.19" HPOS="3936" VPOS="6396" HEIGHT="128" WIDTH="184" STYLEREFS="Style_11" WC="1" CC="00"/>
						<SP ID="SP_1.1.31.20" HPOS="4100" VPOS="6448" WIDTH="56"/>
						<String CONTENT="Watt," ID="St_1.1.31.21" HPOS="4204" VPOS="6400" HEIGHT="164" WIDTH="428" STYLEREFS="Style_11" WC="1" CC="00000"/>
						<SP ID="SP_1.1.31.22" HPOS="4612" VPOS="6448" WIDTH="60"/>
						<String CONTENT="1926." ID="St_1.1.31.23" HPOS="4724" VPOS="6408" HEIGHT="120" WIDTH="356" STYLEREFS="Style_11" WC="1" CC="00000"/>
					</TextLine>
					<TextLine ID="TL_1.1.32" HPOS="492" VPOS="6580" HEIGHT="120" WIDTH="2524">
						<String CONTENT="190" ID="St_1.1.32.1" HPOS="492" VPOS="6588" HEIGHT="96" WIDTH="208" STYLEREFS="Style_11" WC="1" CC="000"/>
						<SP ID="SP_1.1.32.2" HPOS="664" VPOS="6580" WIDTH="68"/>
						<String CONTENT="p." ID="St_1.1.32.3" HPOS="768" VPOS="6612" HEIGHT="88" WIDTH="100" STYLEREFS="Style_11" WC="1" CC="00"/>
						<SP ID="SP_1.1.32.4" HPOS="856" VPOS="6620" WIDTH="80"/>
						<String CONTENT="front.," ID="St_1.1.32.5" HPOS="1004" VPOS="6588" HEIGHT="112" WIDTH="392" STYLEREFS="Style_11" WC="1" CC="0000000"/>
						<SP ID="SP_1.1.32.6" HPOS="1384" VPOS="6616" WIDTH="48"/>
						<String CONTENT="illus.," ID="St_1.1.32.7" HPOS="1472" VPOS="6588" HEIGHT="112" WIDTH="340" STYLEREFS="Style_11" WC="1" CC="0000000"/>
						<SP ID="SP_1.1.32.8" HPOS="1800" VPOS="6620" WIDTH="48"/>
						<String CONTENT="plates." ID="St_1.1.32.9" HPOS="1888" VPOS="6588" HEIGHT="112" WIDTH="408" STYLEREFS="Style_11" WC="1" CC="0000000"/>
						<SP ID="SP_1.1.32.10" HPOS="2284" VPOS="6620" WIDTH="80"/>
						<String CONTENT="22&#x0368;&#x036B;." ID="St_1.1.32.11" HPOS="2436" VPOS="6588" HEIGHT="104" WIDTH="580" STYLEREFS="Style_11" WC="0.996666666666667" CC="00001"/>
					</TextLine>
					<TextLine ID="TL_1.1.33" HPOS="344" VPOS="6724" HEIGHT="152" WIDTH="4736">
						<String CONTENT="&#169;" ID="St_1.1.33.1" HPOS="344" VPOS="6724" HEIGHT="108" WIDTH="112" STYLEREFS="Style_11" WC="0.222222222222222" CC="7"/>
						<SP ID="SP_1.1.33.2" HPOS="400" VPOS="6732" WIDTH="100"/>
						<String CONTENT="Dec." ID="St_1.1.33.3" HPOS="540" VPOS="6756" HEIGHT="96" WIDTH="264" STYLEREFS="Style_11" WC="0.795555555555556" CC="0000"/>
						<SP ID="SP_1.1.33.4" HPOS="792" VPOS="6788" WIDTH="44"/>
						<String CONTENT="3," ID="St_1.1.33.5" HPOS="876" VPOS="6756" HEIGHT="112" WIDTH="92" STYLEREFS="Style_11" WC="0.863333333333333" CC="00"/>
						<SP ID="SP_1.1.33.6" HPOS="956" VPOS="6788" WIDTH="48"/>
						<String CONTENT="1926;" ID="St_1.1.33.7" HPOS="1040" VPOS="6756" HEIGHT="108" WIDTH="336" STYLEREFS="Style_11" WC="0.917777777777778" CC="00000"/>
						<SP ID="SP_1.1.33.8" HPOS="1360" VPOS="6764" WIDTH="52"/>
						<String CONTENT="2c." ID="St_1.1.33.9" HPOS="1452" VPOS="6756" HEIGHT="96" WIDTH="164" STYLEREFS="Style_11" WC="0.935555555555556" CC="000"/>
						<SP ID="SP_1.1.33.10" HPOS="1604" VPOS="6788" WIDTH="44"/>
						<String CONTENT="June" ID="St_1.1.33.11" HPOS="1688" VPOS="6756" HEIGHT="92" WIDTH="304" STYLEREFS="Style_11" WC="0.948888888888889" CC="0000"/>
						<SP ID="SP_1.1.33.12" HPOS="1960" VPOS="6764" WIDTH="60"/>
						<String CONTENT="13," ID="St_1.1.33.13" HPOS="2056" VPOS="6756" HEIGHT="112" WIDTH="164" STYLEREFS="Style_11" WC="0.955555555555556" CC="000"/>
						<SP ID="SP_1.1.33.14" HPOS="2208" VPOS="6788" WIDTH="52"/>
						<String CONTENT="1927;" ID="St_1.1.33.15" HPOS="2300" VPOS="6756" HEIGHT="112" WIDTH="332" STYLEREFS="Style_11" WC="0.963333333333333" CC="00000"/>
						<SP ID="SP_1.1.33.16" HPOS="2616" VPOS="6764" WIDTH="52"/>
						<String CONTENT="aff." ID="St_1.1.33.17" HPOS="2712" VPOS="6756" HEIGHT="100" WIDTH="196" STYLEREFS="Style_11" WC="0.967777777777778" CC="0000"/>
						<SP ID="SP_1.1.33.18" HPOS="2896" VPOS="6788" WIDTH="48"/>
						<String CONTENT="June" ID="St_1.1.33.19" HPOS="2984" VPOS="6756" HEIGHT="96" WIDTH="300" STYLEREFS="Style_11" WC="0.972222222222222" CC="0000"/>
						<SP ID="SP_1.1.33.20" HPOS="3248" VPOS="6764" WIDTH="68"/>
						<String CONTENT="10:" ID="St_1.1.33.21" HPOS="3356" VPOS="6760" HEIGHT="92" WIDTH="192" STYLEREFS="Style_11" WC="0.964444444444444" CC="004"/>
						<SP ID="SP_1.1.33.22" HPOS="3536" VPOS="6764" WIDTH="52"/>
						<String CONTENT="A" ID="St_1.1.33.23" HPOS="3632" VPOS="6764" HEIGHT="88" WIDTH="96" STYLEREFS="Style_11" WC="0.966666666666667" CC="0"/>
						<SP ID="SP_1.1.33.24" HPOS="3676" VPOS="6756" WIDTH="84"/>
						<String CONTENT="990508;" ID="St_1.1.33.25" HPOS="3800" VPOS="6760" HEIGHT="116" WIDTH="476" STYLEREFS="Style_11" WC="0.971111111111111" CC="0000000"/>
						<SP ID="SP_1.1.33.26" HPOS="4260" VPOS="6768" WIDTH="56"/>
						<String CONTENT="G" ID="St_1.1.33.27" HPOS="4364" VPOS="6760" HEIGHT="96" WIDTH="92" STYLEREFS="Style_11" WC="0.964444444444444" CC="4"/>
						<String CONTENT="." ID="St_1.1.33.28" HPOS="4472" VPOS="6844" HEIGHT="20" WIDTH="16" STYLEREFS="Style_11" WC="0.964444444444444" CC="0"/>
						<SP ID="SP_1.1.33.29" HPOS="4476" VPOS="6796" WIDTH="48"/>
						<String CONTENT="Howard" ID="St_1.1.33.30" HPOS="4568" VPOS="6768" HEIGHT="96" WIDTH="512" STYLEREFS="Style_11" WC="0.968888888888889" CC="000000"/>
					</TextLine>
					<TextLine ID="TL_1.1.34" HPOS="500" VPOS="6888" HEIGHT="120" WIDTH="4360">
						<String CONTENT="Watt." ID="St_1.1.34.1" HPOS="500" VPOS="6896" HEIGHT="100" WIDTH="352" STYLEREFS="Style_11" WC="0.911111111111111" CC="40000"/>
						<SP ID="SP_1.1.34.2" HPOS="840" VPOS="6940" WIDTH="96"/>
						<String CONTENT="(27-14620)" ID="St_1.1.34.3" HPOS="1028" VPOS="6888" HEIGHT="120" WIDTH="668" STYLEREFS="Style_11" WC="0.972222222222222" CC="0000000000"/>
						<SP ID="SP_1.1.34.4" HPOS="1676" VPOS="6896" WIDTH="2900"/>
						<String CONTENT="5576" ID="St_1.1.34.5" HPOS="4576" VPOS="6896" HEIGHT="100" WIDTH="284" STYLEREFS="Style_11" WC="0.703333333333333" CC="0000"/>
					</TextLine>
					<TextLine ID="TL_1.1.35" HPOS="336" VPOS="7144" HEIGHT="156" WIDTH="2876">
						<String CONTENT="Russell," ID="St_1.1.35.1" HPOS="336" VPOS="7144" HEIGHT="148" WIDTH="592" STYLEREFS="Style_11" WC="1" CC="00000000"/>
						<SP ID="SP_1.1.35.2" HPOS="908" VPOS="7196" WIDTH="56"/>
						<String CONTENT="Mrs" ID="St_1.1.35.3" HPOS="1000" VPOS="7148" HEIGHT="124" WIDTH="292" STYLEREFS="Style_12" WC="0.934444444444444" CC="313"/>
						<String CONTENT="." ID="St_1.1.35.4" HPOS="1304" VPOS="7248" HEIGHT="24" WIDTH="24" STYLEREFS="Style_13" WC="0.94" CC="0"/>
						<SP ID="SP_1.1.35.5" HPOS="1312" VPOS="7204" WIDTH="52"/>
						<String CONTENT="Dora" ID="St_1.1.35.6" HPOS="1404" VPOS="7148" HEIGHT="124" WIDTH="376" STYLEREFS="Style_13" WC="0.956666666666667" CC="0000"/>
						<SP ID="SP_1.1.35.7" HPOS="1736" VPOS="7172" WIDTH="76"/>
						<String CONTENT="Winifred" ID="St_1.1.35.8" HPOS="1852" VPOS="7144" HEIGHT="132" WIDTH="692" STYLEREFS="Style_13" WC="0.971111111111111" CC="00000000"/>
						<SP ID="SP_1.1.35.9" HPOS="2500" VPOS="7152" WIDTH="92"/>
						<String CONTENT="(Black)" ID="St_1.1.35.10" HPOS="2640" VPOS="7152" HEIGHT="148" WIDTH="572" STYLEREFS="Style_13" WC="0.977777777777778" CC="0000000"/>
					</TextLine>
					<TextLine ID="TL_1.1.36" HPOS="504" VPOS="7328" HEIGHT="176" WIDTH="4576">
						<String CONTENT="The" ID="St_1.1.36.1" HPOS="504" VPOS="7332" HEIGHT="124" WIDTH="288" STYLEREFS="Style_13" WC="1" CC="000"/>
						<SP ID="SP_1.1.36.2" HPOS="756" VPOS="7348" WIDTH="84"/>
						<String CONTENT="right" ID="St_1.1.36.3" HPOS="888" VPOS="7332" HEIGHT="160" WIDTH="376" STYLEREFS="Style_13" WC="1" CC="00000"/>
						<SP ID="SP_1.1.36.4" HPOS="1232" VPOS="7336" WIDTH="76"/>
						<String CONTENT="to" ID="St_1.1.36.5" HPOS="1356" VPOS="7344" HEIGHT="112" WIDTH="144" STYLEREFS="Style_13" WC="1" CC="00"/>
						<SP ID="SP_1.1.36.6" HPOS="1460" VPOS="7352" WIDTH="84"/>
						<String CONTENT="be" ID="St_1.1.36.7" HPOS="1592" VPOS="7332" HEIGHT="128" WIDTH="160" STYLEREFS="Style_13" WC="1" CC="00"/>
						<SP ID="SP_1.1.36.8" HPOS="1716" VPOS="7352" WIDTH="80"/>
						<String CONTENT="happy," ID="St_1.1.36.9" HPOS="1848" VPOS="7332" HEIGHT="168" WIDTH="512" STYLEREFS="Style_13" WC="1" CC="000000"/>
						<SP ID="SP_1.1.36.10" HPOS="2344" VPOS="7380" WIDTH="64"/>
						<String CONTENT="by" ID="St_1.1.36.11" HPOS="2460" VPOS="7336" HEIGHT="164" WIDTH="180" STYLEREFS="Style_13" WC="1" CC="00"/>
						<SP ID="SP_1.1.36.12" HPOS="2592" VPOS="7356" WIDTH="92"/>
						<String CONTENT="Dora" ID="St_1.1.36.13" HPOS="2736" VPOS="7336" HEIGHT="128" WIDTH="380" STYLEREFS="Style_13" WC="1" CC="0000"/>
						<SP ID="SP_1.1.36.14" HPOS="3076" VPOS="7356" WIDTH="88"/>
						<String CONTENT="Russell" ID="St_1.1.36.15" HPOS="3216" VPOS="7340" HEIGHT="124" WIDTH="536" STYLEREFS="Style_13" WC="1" CC="0000000"/>
						<SP ID="SP_1.1.36.16" HPOS="3724" VPOS="7336" WIDTH="80"/>
						<String CONTENT="&#133;" ID="St_1.1.36.17" HPOS="3888" VPOS="7332" HEIGHT="144" WIDTH="92" STYLEREFS="Style_13" WC="1" CC="0"/>
						<SP ID="SP_1.1.36.18" HPOS="4124" VPOS="7328" WIDTH="76"/>
						<String CONTENT="London," ID="St_1.1.36.19" HPOS="4200" VPOS="7344" HEIGHT="160" WIDTH="616" STYLEREFS="Style_13" WC="0.99" CC="0000000"/>
						<SP ID="SP_1.1.36.20" HPOS="4796" VPOS="7388" WIDTH="68"/>
						<String CONTENT="G." ID="St_1.1.36.21" HPOS="4920" VPOS="7344" HEIGHT="132" WIDTH="160" STYLEREFS="Style_13" WC="0.991111111111111" CC="00"/>
					</TextLine>
					<TextLine ID="TL_1.1.37" HPOS="336" VPOS="7516" HEIGHT="164" WIDTH="2120">
						<String CONTENT="Routledge" ID="St_1.1.37.1" HPOS="336" VPOS="7516" HEIGHT="164" WIDTH="760" STYLEREFS="Style_13" WC="1" CC="000000000"/>
						<SP ID="SP_1.1.37.2" HPOS="1056" VPOS="7536" WIDTH="68"/>
						<String CONTENT="&amp;" ID="St_1.1.37.3" HPOS="1156" VPOS="7520" HEIGHT="116" WIDTH="108" STYLEREFS="Style_13" WC="1" CC="0"/>
						<SP ID="SP_1.1.37.4" HPOS="1208" VPOS="7516" WIDTH="84"/>
						<String CONTENT="sons," ID="St_1.1.37.5" HPOS="1324" VPOS="7556" HEIGHT="124" WIDTH="348" STYLEREFS="Style_13" WC="1" CC="00000"/>
						<SP ID="SP_1.1.37.6" HPOS="1652" VPOS="7560" WIDTH="48"/>
						<String CONTENT="ltd.," ID="St_1.1.37.7" HPOS="1736" VPOS="7516" HEIGHT="164" WIDTH="292" STYLEREFS="Style_13" WC="1" CC="00000"/>
						<SP ID="SP_1.1.37.8" HPOS="2012" VPOS="7564" WIDTH="44"/>
						<String CONTENT="1927." ID="St_1.1.37.9" HPOS="2096" VPOS="7516" HEIGHT="128" WIDTH="360" STYLEREFS="Style_13" WC="1" CC="00000"/>
					</TextLine>
					<TextLine ID="TL_1.1.38" HPOS="500" VPOS="7700" HEIGHT="120" WIDTH="1444">
						<String CONTENT="xi," ID="St_1.1.38.1" HPOS="500" VPOS="7704" HEIGHT="112" WIDTH="156" STYLEREFS="Style_13" WC="1" CC="000"/>
						<SP ID="SP_1.1.38.2" HPOS="644" VPOS="7740" WIDTH="40"/>
						<String CONTENT="295" ID="St_1.1.38.3" HPOS="720" VPOS="7704" HEIGHT="96" WIDTH="208" STYLEREFS="Style_13" WC="1" CC="000"/>
						<SP ID="SP_1.1.38.4" HPOS="892" VPOS="7700" WIDTH="64"/>
						<String CONTENT="p." ID="St_1.1.38.5" HPOS="984" VPOS="7732" HEIGHT="88" WIDTH="104" STYLEREFS="Style_13" WC="1" CC="00"/>
						<SP ID="SP_1.1.38.6" HPOS="1072" VPOS="7740" WIDTH="80"/>
						<String CONTENT="19&#189;&#x0368;&#x036B;." ID="St_1.1.38.7" HPOS="1228" VPOS="7704" HEIGHT="108" WIDTH="716" STYLEREFS="Style_13" WC="0.993333333333333" CC="000001"/>
					</TextLine>
					<TextLine ID="TL_1.1.39" HPOS="508" VPOS="7868" HEIGHT="128" WIDTH="4572">
						<String CONTENT="C" ID="St_1.1.39.1" HPOS="508" VPOS="7868" HEIGHT="96" WIDTH="80" STYLEREFS="Style_13" WC="0.888888888888889" CC="1"/>
						<String CONTENT="O" ID="St_1.1.39.2" HPOS="604" VPOS="7876" HEIGHT="80" WIDTH="72" STYLEREFS="Style_13" WC="0.944444444444444" CC="0"/>
						<String CONTENT="NTENTS." ID="St_1.1.39.3" HPOS="672" VPOS="7868" HEIGHT="108" WIDTH="488" STYLEREFS="Style_13" WC="0.79" CC="4314301"/>
						<String CONTENT="&#151;" ID="St_1.1.39.4" HPOS="1168" VPOS="7924" HEIGHT="12" WIDTH="100" STYLEREFS="Style_13" WC="0.811111111111111" CC="0"/>
						<String CONTENT="Conceptions" ID="St_1.1.39.5" HPOS="1316" VPOS="7872" HEIGHT="112" WIDTH="748" STYLEREFS="Style_13" WC="0.851111111111111" CC="13000000313"/>
						<SP ID="SP_1.1.39.6" HPOS="2044" VPOS="7880" WIDTH="68"/>
						<String CONTENT="of" ID="St_1.1.39.7" HPOS="2160" VPOS="7876" HEIGHT="92" WIDTH="124" STYLEREFS="Style_13" WC="0.851111111111111" CC="30"/>
						<SP ID="SP_1.1.39.8" HPOS="2252" VPOS="7868" WIDTH="72"/>
						<String CONTENT="life." ID="St_1.1.39.9" HPOS="2364" VPOS="7876" HEIGHT="96" WIDTH="244" STYLEREFS="Style_13" WC="0.881111111111111" CC="00000"/>
						<SP ID="SP_1.1.39.10" HPOS="2592" VPOS="7908" WIDTH="92"/>
						<String CONTENT="Chinese," ID="St_1.1.39.11" HPOS="2764" VPOS="7876" HEIGHT="116" WIDTH="520" STYLEREFS="Style_13" WC="0.907777777777778" CC="00000000"/>
						<SP ID="SP_1.1.39.12" HPOS="3268" VPOS="7908" WIDTH="56"/>
						<String CONTENT="Greeks," ID="St_1.1.39.13" HPOS="3376" VPOS="7884" HEIGHT="112" WIDTH="464" STYLEREFS="Style_13" WC="0.923333333333333" CC="0000000"/>
						<SP ID="SP_1.1.39.14" HPOS="3828" VPOS="7912" WIDTH="56"/>
						<String CONTENT="and" ID="St_1.1.39.15" HPOS="3936" VPOS="7888" HEIGHT="92" WIDTH="228" STYLEREFS="Style_13" WC="0.93" CC="000"/>
						<SP ID="SP_1.1.39.16" HPOS="4124" VPOS="7876" WIDTH="80"/>
						<String CONTENT="Christians." ID="St_1.1.39.17" HPOS="4252" VPOS="7888" HEIGHT="100" WIDTH="696" STYLEREFS="Style_13" WC="0.943333333333333" CC="00000000000"/>
						<String CONTENT="&#151;" ID="St_1.1.39.18" HPOS="4980" VPOS="7908" HEIGHT="48" WIDTH="100" STYLEREFS="Style_13" WC="0.944444444444444" CC="0"/>
					</TextLine>
					<TextLine ID="TL_1.1.40" HPOS="344" VPOS="8000" HEIGHT="136" WIDTH="4744">
						<String CONTENT="Conceptions" ID="St_1.1.40.1" HPOS="344" VPOS="8000" HEIGHT="116" WIDTH="756" STYLEREFS="Style_13" WC="1" CC="00000000000"/>
						<SP ID="SP_1.1.40.2" HPOS="1068" VPOS="8012" WIDTH="76"/>
						<String CONTENT="of" ID="St_1.1.40.3" HPOS="1192" VPOS="8004" HEIGHT="92" WIDTH="124" STYLEREFS="Style_13" WC="1" CC="00"/>
						<SP ID="SP_1.1.40.4" HPOS="1288" VPOS="8000" WIDTH="68"/>
						<String CONTENT="life." ID="St_1.1.40.5" HPOS="1404" VPOS="8004" HEIGHT="100" WIDTH="244" STYLEREFS="Style_13" WC="1" CC="00000"/>
						<SP ID="SP_1.1.40.6" HPOS="1632" VPOS="8040" WIDTH="96"/>
						<String CONTENT="Modern" ID="St_1.1.40.7" HPOS="1808" VPOS="8008" HEIGHT="96" WIDTH="476" STYLEREFS="Style_13" WC="1" CC="000000"/>
						<SP ID="SP_1.1.40.8" HPOS="2244" VPOS="8016" WIDTH="88"/>
						<String CONTENT="rationalism" ID="St_1.1.40.9" HPOS="2384" VPOS="8008" HEIGHT="96" WIDTH="728" STYLEREFS="Style_13" WC="1" CC="00000000000"/>
						<SP ID="SP_1.1.40.10" HPOS="3052" VPOS="8020" WIDTH="104"/>
						<String CONTENT="and" ID="St_1.1.40.11" HPOS="3208" VPOS="8016" HEIGHT="92" WIDTH="228" STYLEREFS="Style_13" WC="1" CC="000"/>
						<SP ID="SP_1.1.40.12" HPOS="3396" VPOS="8008" WIDTH="84"/>
						<String CONTENT="science.&#151;The" ID="St_1.1.40.13" HPOS="3532" VPOS="8016" HEIGHT="100" WIDTH="868" STYLEREFS="Style_13" WC="1" CC="000000000000"/>
						<SP ID="SP_1.1.40.14" HPOS="4364" VPOS="8024" WIDTH="80"/>
						<String CONTENT="rights" ID="St_1.1.40.15" HPOS="4496" VPOS="8020" HEIGHT="116" WIDTH="376" STYLEREFS="Style_13" WC="1" CC="000000"/>
						<SP ID="SP_1.1.40.16" HPOS="4840" VPOS="8024" WIDTH="72"/>
						<String CONTENT="of" ID="St_1.1.40.17" HPOS="4964" VPOS="8028" HEIGHT="92" WIDTH="124" STYLEREFS="Style_13" WC="1" CC="00"/>
					</TextLine>
					<TextLine ID="TL_1.1.41" HPOS="344" VPOS="8132" HEIGHT="140" WIDTH="4736">
						<String CONTENT="human" ID="St_1.1.41.1" HPOS="344" VPOS="8136" HEIGHT="92" WIDTH="424" STYLEREFS="Style_13" WC="1" CC="00000"/>
						<SP ID="SP_1.1.41.2" HPOS="732" VPOS="8140" WIDTH="72"/>
						<String CONTENT="beings." ID="St_1.1.41.3" HPOS="844" VPOS="8132" HEIGHT="116" WIDTH="428" STYLEREFS="Style_13" WC="1" CC="0000000"/>
						<SP ID="SP_1.1.41.4" HPOS="1256" VPOS="8164" WIDTH="80"/>
						<String CONTENT="Food;" ID="St_1.1.41.5" HPOS="1412" VPOS="8136" HEIGHT="112" WIDTH="376" STYLEREFS="Style_13" WC="1" CC="00000"/>
						<SP ID="SP_1.1.41.6" HPOS="1772" VPOS="8144" WIDTH="56"/>
						<String CONTENT="work;" ID="St_1.1.41.7" HPOS="1868" VPOS="8140" HEIGHT="112" WIDTH="380" STYLEREFS="Style_13" WC="1" CC="00000"/>
						<SP ID="SP_1.1.41.8" HPOS="2232" VPOS="8144" WIDTH="56"/>
						<String CONTENT="knowledge." ID="St_1.1.41.9" HPOS="2332" VPOS="8144" HEIGHT="112" WIDTH="704" STYLEREFS="Style_13" WC="1" CC="0000000000"/>
						<String CONTENT="&#151;" ID="St_1.1.41.10" HPOS="3040" VPOS="8200" HEIGHT="12" WIDTH="144" STYLEREFS="Style_13" WC="1" CC="0"/>
						<String CONTENT="The" ID="St_1.1.41.11" HPOS="3184" VPOS="8148" HEIGHT="92" WIDTH="240" STYLEREFS="Style_13" WC="1" CC="000"/>
						<SP ID="SP_1.1.41.12" HPOS="3388" VPOS="8148" WIDTH="72"/>
						<String CONTENT="rights" ID="St_1.1.41.13" HPOS="3500" VPOS="8148" HEIGHT="116" WIDTH="372" STYLEREFS="Style_13" WC="1" CC="000000"/>
						<SP ID="SP_1.1.41.14" HPOS="3840" VPOS="8152" WIDTH="68"/>
						<String CONTENT="of" ID="St_1.1.41.15" HPOS="3948" VPOS="8152" HEIGHT="96" WIDTH="124" STYLEREFS="Style_13" WC="1" CC="00"/>
						<SP ID="SP_1.1.41.16" HPOS="4040" VPOS="8136" WIDTH="64"/>
						<String CONTENT="human" ID="St_1.1.41.17" HPOS="4144" VPOS="8156" HEIGHT="92" WIDTH="432" STYLEREFS="Style_13" WC="1" CC="00000"/>
						<SP ID="SP_1.1.41.18" HPOS="4536" VPOS="8152" WIDTH="76"/>
						<String CONTENT="beings." ID="St_1.1.41.19" HPOS="4656" VPOS="8156" HEIGHT="116" WIDTH="424" STYLEREFS="Style_13" WC="1" CC="0000000"/>
					</TextLine>
					<TextLine ID="TL_1.1.42" HPOS="344" VPOS="8264" HEIGHT="124" WIDTH="4356">
						<String CONTENT="Sex" ID="St_1.1.42.1" HPOS="344" VPOS="8264" HEIGHT="96" WIDTH="220" STYLEREFS="Style_13" WC="1" CC="000"/>
						<SP ID="SP_1.1.42.2" HPOS="524" VPOS="8276" WIDTH="68"/>
						<String CONTENT="and" ID="St_1.1.42.3" HPOS="624" VPOS="8268" HEIGHT="92" WIDTH="224" STYLEREFS="Style_13" WC="1" CC="000"/>
						<SP ID="SP_1.1.42.4" HPOS="812" VPOS="8264" WIDTH="60"/>
						<String CONTENT="parenthood.&#151;The" ID="St_1.1.42.5" HPOS="900" VPOS="8264" HEIGHT="116" WIDTH="1144" STYLEREFS="Style_13" WC="0.97" CC="000000000000330"/>
						<SP ID="SP_1.1.42.6" HPOS="2008" VPOS="8280" WIDTH="64"/>
						<String CONTENT="rights" ID="St_1.1.42.7" HPOS="2104" VPOS="8272" HEIGHT="116" WIDTH="368" STYLEREFS="Style_13" WC="0.977777777777778" CC="000000"/>
						<SP ID="SP_1.1.42.8" HPOS="2440" VPOS="8284" WIDTH="60"/>
						<String CONTENT="of" ID="St_1.1.42.9" HPOS="2532" VPOS="8280" HEIGHT="92" WIDTH="128" STYLEREFS="Style_13" WC="0.978888888888889" CC="00"/>
						<SP ID="SP_1.1.42.10" HPOS="2628" VPOS="8272" WIDTH="56"/>
						<String CONTENT="children." ID="St_1.1.42.11" HPOS="2712" VPOS="8276" HEIGHT="104" WIDTH="552" STYLEREFS="Style_13" WC="0.973333333333333" CC="000000004"/>
						<String CONTENT="&#151;" ID="St_1.1.42.12" HPOS="3272" VPOS="8336" HEIGHT="12" WIDTH="140" STYLEREFS="Style_13" WC="0.974444444444444" CC="0"/>
						<String CONTENT="Modern" ID="St_1.1.42.13" HPOS="3420" VPOS="8284" HEIGHT="96" WIDTH="480" STYLEREFS="Style_13" WC="0.977777777777778" CC="000000"/>
						<SP ID="SP_1.1.42.14" HPOS="3856" VPOS="8288" WIDTH="68"/>
						<String CONTENT="civilization." ID="St_1.1.42.15" HPOS="3952" VPOS="8284" HEIGHT="100" WIDTH="748" STYLEREFS="Style_13" WC="0.982222222222222" CC="0000000000000"/>
					</TextLine>
					<TextLine ID="TL_1.1.43" HPOS="348" VPOS="8408" HEIGHT="156" WIDTH="4732">
						<String CONTENT="&#169;" ID="St_1.1.43.1" HPOS="348" VPOS="8408" HEIGHT="116" WIDTH="116" STYLEREFS="Style_13" WC="0.666666666666667" CC="3"/>
						<SP ID="SP_1.1.43.2" HPOS="404" VPOS="8408" WIDTH="96"/>
						<String CONTENT="1c." ID="St_1.1.43.3" HPOS="540" VPOS="8416" HEIGHT="112" WIDTH="160" STYLEREFS="Style_13" WC="0.755555555555556" CC="070"/>
						<SP ID="SP_1.1.43.4" HPOS="684" VPOS="8460" WIDTH="44"/>
						<String CONTENT="Apr." ID="St_1.1.43.5" HPOS="764" VPOS="8432" HEIGHT="112" WIDTH="272" STYLEREFS="Style_13" WC="0.877777777777778" CC="0000"/>
						<SP ID="SP_1.1.43.6" HPOS="1020" VPOS="8464" WIDTH="44"/>
						<String CONTENT="4," ID="St_1.1.43.7" HPOS="1104" VPOS="8436" HEIGHT="112" WIDTH="96" STYLEREFS="Style_13" WC="0.905555555555556" CC="00"/>
						<SP ID="SP_1.1.43.8" HPOS="1184" VPOS="8460" WIDTH="48"/>
						<String CONTENT="1927;" ID="St_1.1.43.9" HPOS="1272" VPOS="8428" HEIGHT="116" WIDTH="332" STYLEREFS="Style_13" WC="0.912222222222222" CC="00040"/>
						<SP ID="SP_1.1.43.10" HPOS="1588" VPOS="8440" WIDTH="52"/>
						<String CONTENT="A" ID="St_1.1.43.11" HPOS="1680" VPOS="8440" HEIGHT="88" WIDTH="96" STYLEREFS="Style_13" WC="0.92" CC="0"/>
						<SP ID="SP_1.1.43.12" HPOS="1724" VPOS="8428" WIDTH="84"/>
						<String CONTENT="ad" ID="St_1.1.43.13" HPOS="1848" VPOS="8444" HEIGHT="92" WIDTH="144" STYLEREFS="Style_13" WC="0.93" CC="00"/>
						<SP ID="SP_1.1.43.14" HPOS="1952" VPOS="8432" WIDTH="72"/>
						<String CONTENT="int." ID="St_1.1.43.15" HPOS="2060" VPOS="8440" HEIGHT="96" WIDTH="204" STYLEREFS="Style_13" WC="0.918888888888889" CC="3300"/>
						<SP ID="SP_1.1.43.16" HPOS="2248" VPOS="8468" WIDTH="48"/>
						<String CONTENT="9220;" ID="St_1.1.43.17" HPOS="2336" VPOS="8440" HEIGHT="112" WIDTH="336" STYLEREFS="Style_13" WC="0.933333333333333" CC="00000"/>
						<SP ID="SP_1.1.43.18" HPOS="2656" VPOS="8444" WIDTH="52"/>
						<String CONTENT="pubd." ID="St_1.1.43.19" HPOS="2748" VPOS="8444" HEIGHT="112" WIDTH="340" STYLEREFS="Style_13" WC="0.932222222222222" CC="04000"/>
						<SP ID="SP_1.1.43.20" HPOS="3076" VPOS="8468" WIDTH="48"/>
						<String CONTENT="Feb." ID="St_1.1.43.21" HPOS="3164" VPOS="8444" HEIGHT="104" WIDTH="264" STYLEREFS="Style_13" WC="0.938888888888889" CC="0000"/>
						<SP ID="SP_1.1.43.22" HPOS="3416" VPOS="8472" WIDTH="48"/>
						<String CONTENT="9" ID="St_1.1.43.23" HPOS="3504" VPOS="8432" HEIGHT="92" WIDTH="68" STYLEREFS="Style_13" WC="0.93" CC="5"/>
						<String CONTENT=";" ID="St_1.1.43.24" HPOS="3608" VPOS="8476" HEIGHT="84" WIDTH="16" STYLEREFS="Style_13" WC="0.931111111111111" CC="0"/>
						<SP ID="SP_1.1.43.25" HPOS="3608" VPOS="8448" WIDTH="56"/>
						<String CONTENT="Harper" ID="St_1.1.43.26" HPOS="3708" VPOS="8452" HEIGHT="112" WIDTH="460" STYLEREFS="Style_13" WC="0.94" CC="000000"/>
						<SP ID="SP_1.1.43.27" HPOS="4136" VPOS="8448" WIDTH="64"/>
						<String CONTENT="&amp;" ID="St_1.1.43.28" HPOS="4240" VPOS="8456" HEIGHT="92" WIDTH="84" STYLEREFS="Style_13" WC="0.942222222222222" CC="0"/>
						<SP ID="SP_1.1.43.29" HPOS="4276" VPOS="8436" WIDTH="76"/>
						<String CONTENT="bros.," ID="St_1.1.43.30" HPOS="4392" VPOS="8456" HEIGHT="104" WIDTH="332" STYLEREFS="Style_13" WC="0.947777777777778" CC="000000"/>
						<SP ID="SP_1.1.43.31" HPOS="4708" VPOS="8476" WIDTH="48"/>
						<String CONTENT="New" ID="St_1.1.43.32" HPOS="4800" VPOS="8456" HEIGHT="96" WIDTH="280" STYLEREFS="Style_13" WC="0.951111111111111" CC="000"/>
					</TextLine>
					<TextLine ID="TL_1.1.44" HPOS="504" VPOS="8560" HEIGHT="128" WIDTH="4376">
						<String CONTENT="York." ID="St_1.1.44.1" HPOS="504" VPOS="8564" HEIGHT="100" WIDTH="344" STYLEREFS="Style_13" WC="0.911111111111111" CC="40000"/>
						<SP ID="SP_1.1.44.2" HPOS="836" VPOS="8608" WIDTH="92"/>
						<String CONTENT="(27-14712)" ID="St_1.1.44.3" HPOS="1012" VPOS="8564" HEIGHT="120" WIDTH="664" STYLEREFS="Style_14" WC="0.972222222222222" CC="0000000000"/>
						<SP ID="SP_1.1.44.4" HPOS="1656" VPOS="8560" WIDTH="2940"/>
						<String CONTENT="5577" ID="St_1.1.44.5" HPOS="4596" VPOS="8584" HEIGHT="104" WIDTH="284" STYLEREFS="Style_14" WC="0.703333333333333" CC="0000"/>
					</TextLine>
					<TextLine ID="TL_1.1.45" HPOS="336" VPOS="8816" HEIGHT="160" WIDTH="1756">
						<String CONTENT="Sachsse," ID="St_1.1.45.1" HPOS="336" VPOS="8816" HEIGHT="156" WIDTH="644" STYLEREFS="Style_14" WC="1" CC="00000000"/>
						<SP ID="SP_1.1.45.2" HPOS="960" VPOS="8868" WIDTH="52"/>
						<String CONTENT="Rudolf," ID="St_1.1.45.3" HPOS="1048" VPOS="8824" HEIGHT="152" WIDTH="564" STYLEREFS="Style_14" WC="1" CC="0000000"/>
						<SP ID="SP_1.1.45.4" HPOS="1588" VPOS="8872" WIDTH="56"/>
						<String CONTENT="1869" ID="St_1.1.45.5" HPOS="1688" VPOS="8836" HEIGHT="120" WIDTH="316" STYLEREFS="Style_14" WC="1" CC="0000"/>
						<String CONTENT="&#150;" ID="St_1.1.45.6" HPOS="2008" VPOS="8908" HEIGHT="16" WIDTH="84" STYLEREFS="Style_14" WC="1" CC="0"/>
					</TextLine>
					<TextLine ID="TL_1.1.46" HPOS="512" VPOS="9008" HEIGHT="160" WIDTH="4564">
						<String CONTENT="Waren-lexikon," ID="St_1.1.46.1" HPOS="512" VPOS="9008" HEIGHT="160" WIDTH="1152" STYLEREFS="Style_14" WC="1" CC="00000000000000"/>
						<SP ID="SP_1.1.46.2" HPOS="1644" VPOS="9060" WIDTH="64"/>
						<String CONTENT="von" ID="St_1.1.46.3" HPOS="1764" VPOS="9060" HEIGHT="80" WIDTH="256" STYLEREFS="Style_14" WC="1" CC="000"/>
						<SP ID="SP_1.1.46.4" HPOS="1972" VPOS="9036" WIDTH="96"/>
						<String CONTENT="dr." ID="St_1.1.46.5" HPOS="2120" VPOS="9020" HEIGHT="124" WIDTH="200" STYLEREFS="Style_14" WC="1" CC="000"/>
						<SP ID="SP_1.1.46.6" HPOS="2300" VPOS="9064" WIDTH="68"/>
						<String CONTENT="Rudolf" ID="St_1.1.46.7" HPOS="2424" VPOS="9020" HEIGHT="128" WIDTH="532" STYLEREFS="Style_14" WC="1" CC="000000"/>
						<SP ID="SP_1.1.46.8" HPOS="2920" VPOS="9016" WIDTH="84"/>
						<String CONTENT="Sachsse" ID="St_1.1.46.9" HPOS="3060" VPOS="9020" HEIGHT="132" WIDTH="560" STYLEREFS="Style_14" WC="1" CC="0000000"/>
						<SP ID="SP_1.1.46.10" HPOS="3580" VPOS="9040" WIDTH="80"/>
						<String CONTENT="und" ID="St_1.1.46.11" HPOS="3708" VPOS="9032" HEIGHT="124" WIDTH="280" STYLEREFS="Style_14" WC="0.985555555555556" CC="500"/>
						<SP ID="SP_1.1.46.12" HPOS="3940" VPOS="9020" WIDTH="96"/>
						<String CONTENT="dr." ID="St_1.1.46.13" HPOS="4092" VPOS="9032" HEIGHT="128" WIDTH="200" STYLEREFS="Style_14" WC="0.986666666666667" CC="000"/>
						<SP ID="SP_1.1.46.14" HPOS="4276" VPOS="9072" WIDTH="64"/>
						<String CONTENT="Reinhold" ID="St_1.1.46.15" HPOS="4396" VPOS="9036" HEIGHT="128" WIDTH="680" STYLEREFS="Style_14" WC="0.988888888888889" CC="00000000"/>
					</TextLine>
					<TextLine ID="TL_1.1.47" HPOS="344" VPOS="9188" HEIGHT="176" WIDTH="3268">
						<String CONTENT="G" ID="St_1.1.47.1" HPOS="344" VPOS="9188" HEIGHT="128" WIDTH="120" STYLEREFS="Style_14" WC="1" CC="0"/>
						<String CONTENT="rossmann" ID="St_1.1.47.2" HPOS="480" VPOS="9232" HEIGHT="84" WIDTH="692" STYLEREFS="Style_14" WC="1" CC="00000000"/>
						<SP ID="SP_1.1.47.3" HPOS="1128" VPOS="9216" WIDTH="88"/>
						<String CONTENT="&#133;" ID="St_1.1.47.4" HPOS="1252" VPOS="9200" HEIGHT="128" WIDTH="80" STYLEREFS="Style_14" WC="1" CC="0"/>
						<SP ID="SP_1.1.47.5" HPOS="1380" VPOS="9280" WIDTH="104"/>
						<String CONTENT="Ba" ID="St_1.1.47.6" HPOS="1584" VPOS="9200" HEIGHT="120" WIDTH="204" STYLEREFS="Style_14" WC="1" CC="00"/>
						<String CONTENT="ut" ID="St_1.1.47.7" HPOS="1800" VPOS="9212" HEIGHT="108" WIDTH="148" STYLEREFS="Style_14" WC="1" CC="00"/>
						<String CONTENT="zen," ID="St_1.1.47.8" HPOS="1956" VPOS="9244" HEIGHT="116" WIDTH="280" STYLEREFS="Style_14" WC="1" CC="0000"/>
						<SP ID="SP_1.1.47.9" HPOS="2220" VPOS="9248" WIDTH="56"/>
						<String CONTENT="E." ID="St_1.1.47.10" HPOS="2320" VPOS="9208" HEIGHT="120" WIDTH="152" STYLEREFS="Style_14" WC="1" CC="00"/>
						<SP ID="SP_1.1.47.11" HPOS="2456" VPOS="9248" WIDTH="56"/>
						<String CONTENT="H&#252;b" ID="St_1.1.47.12" HPOS="2556" VPOS="9204" HEIGHT="128" WIDTH="328" STYLEREFS="Style_14" WC="1" CC="000"/>
						<String CONTENT="n" ID="St_1.1.47.13" HPOS="2896" VPOS="9252" HEIGHT="76" WIDTH="76" STYLEREFS="Style_14" WC="1" CC="0"/>
						<String CONTENT="er," ID="St_1.1.47.14" HPOS="2992" VPOS="9252" HEIGHT="112" WIDTH="180" STYLEREFS="Style_14" WC="1" CC="000"/>
						<SP ID="SP_1.1.47.15" HPOS="3156" VPOS="9252" WIDTH="56"/>
						<String CONTENT="1927." ID="St_1.1.47.16" HPOS="3260" VPOS="9212" HEIGHT="128" WIDTH="352" STYLEREFS="Style_14" WC="1" CC="00000"/>
					</TextLine>
					<TextLine ID="TL_1.1.48" HPOS="516" VPOS="9380" HEIGHT="124" WIDTH="1696">
						<String CONTENT="2" ID="St_1.1.48.1" HPOS="516" VPOS="9384" HEIGHT="92" WIDTH="60" STYLEREFS="Style_14" WC="1" CC="0"/>
						<SP ID="SP_1.1.48.2" HPOS="544" VPOS="9380" WIDTH="68"/>
						<String CONTENT="p." ID="St_1.1.48.3" HPOS="652" VPOS="9412" HEIGHT="88" WIDTH="100" STYLEREFS="Style_14" WC="1" CC="00"/>
						<SP ID="SP_1.1.48.4" HPOS="740" VPOS="9420" WIDTH="48"/>
						<String CONTENT="l" ID="St_1.1.48.5" HPOS="828" VPOS="9380" HEIGHT="88" WIDTH="40" STYLEREFS="Style_14" WC="1" CC="0"/>
						<String CONTENT=".," ID="St_1.1.48.6" HPOS="880" VPOS="9464" HEIGHT="36" WIDTH="52" STYLEREFS="Style_14" WC="1" CC="00"/>
						<SP ID="SP_1.1.48.7" HPOS="916" VPOS="9420" WIDTH="48"/>
						<String CONTENT="247" ID="St_1.1.48.8" HPOS="1004" VPOS="9388" HEIGHT="96" WIDTH="204" STYLEREFS="Style_14" WC="1" CC="000"/>
						<SP ID="SP_1.1.48.9" HPOS="1176" VPOS="9384" WIDTH="72"/>
						<String CONTENT="p." ID="St_1.1.48.10" HPOS="1288" VPOS="9416" HEIGHT="88" WIDTH="100" STYLEREFS="Style_14" WC="1" CC="00"/>
						<SP ID="SP_1.1.48.11" HPOS="1376" VPOS="9420" WIDTH="84"/>
						<String CONTENT="18&#x0368;&#x036B;." ID="St_1.1.48.12" HPOS="1536" VPOS="9384" HEIGHT="108" WIDTH="676" STYLEREFS="Style_15" WC="0.994444444444444" CC="00001"/>
					</TextLine>
					<TextLine ID="TL_1.1.49" HPOS="2604" VPOS="9532" HEIGHT="116" WIDTH="236">
						<String CONTENT="843" ID="St_1.1.49.1" HPOS="2604" VPOS="9532" HEIGHT="116" WIDTH="236" STYLEREFS="Style_15" WC="1" CC="000"/>
					</TextLine>
				</TextBlock>
			</PrintSpace>
		</Page>
	</Layout>
</alto>
