5920 10300
240 1112 616 148 Faltner,
928 1104 1552 156 Leopold—Continued

236 1292 612 168 Leipzig,
928 1284 1200 136 Österreichischer
2196 1284 1000 164 bundesverlag
3268 1292 236 120 für
3576 1280 804 164 unterricht,
4456 1280 536 128 wissen-

236 1476 456 132 schaft
752 1476 284 128 und
1088 1476 456 164 kunst,
1608 1472 360 132 1927.

396 1696 60 100 1
468 1696 136 100 06
608 1772 28 40 ,
628 1688 112 124 [1
772 1692 36 88 ]
860 1716 108 96 p.
1084 1688 648 124 19ͨͫ.
1512 1692 236 116 (Ad
1756 1692 136 96 de
1900 1692 72 96 d
2032 1692 288 116 t.-p.:
2376 1656 92 128 Ö
2476 1688 372 96 sterre
2856 1680 36 100 i
2900 1708 60 76 c
2964 1680 124 100 hi
3096 1680 268 104 sche
3416 1684 304 100 beitr
3728 1680 68 104 ä
3804 1704 136 96 ge
3996 1708 208 72 zur
4260 1708 76 92 p
4340 1680 68 100 ä
4420 1676 556 124 dagogik)

240 1844 120 120 ©
476 1852 292 96 Mar.
868 1848 168 116 28,
1148 1844 340 112 1927;
1596 1844 164 104 1c.
1872 1844 272 112 May
2248 1840 200 112 25;
2568 1840 92 92 A
2660 1892 148 16 —
2808 1836 500 116 Foreign
3412 1836 412 112 35082;
3940 1840 100 104 Ö
4040 1832 952 100 sterreichischer

408 1980 844 116 bundesverlag
1320 1976 200 96 für
1600 1972 516 100 unterric
2120 1976 76 88 h
2212 1976 72 112 t,
2364 1968 820 100 wissenschaft
3264 1976 232 88 and
3576 1968 388 96 kunst.

432 2112 668 116 (27-23722)
4436 2096 360 104 10244

236 2304 656 152 Farjeon,
976 2304 644 124 Eleanor.

416 2488 412 132 Come
936 2484 804 164 Christmas,
1848 2484 184 164 by
2140 2484 120 124 E
2272 2484 44 124 l
2328 2524 408 84 eanor
2848 2484 280 124 Far
3132 2480 44 164 j
3200 2524 60 84 e
3272 2524 72 84 o
3352 2524 92 80 n
3512 2496 80 144 …
3828 2480 720 128 decorated
4664 2480 336 124 with

248 2676 740 124 wood-cuts
1072 2676 180 160 by
1340 2672 440 164 Molly
1864 2668 812 128 McArthur.
2852 2668 624 156 London,
3560 2668 220 124 W.
3876 2660 528 136 Collins
4488 2708 312 88 sons
4896 2668 108 124 &

240 2900 236 116 co.,
540 2856 248 128 ltd.
888 2856 436 160 [ͨ1927]

412 3052 164 116 71,
656 3072 28 80 [
688 3048 56 92 1
748 3072 32 80 ]
852 3076 104 92 p.
1096 3048 308 100 illus.
1544 3044 648 116 19½ͨͫ.

248 3168 124 116 ©
464 3192 56 88 1
524 3196 100 88 c.
712 3188 284 96 Nov.
1084 3184 164 116 10,
1344 3184 336 112 1927;
1776 3184 100 92 A
1964 3184 144 92 ad
2200 3180 208 100 int.
2500 3180 60 96 1
2568 3180 72 96 0
2640 3180 268 112 217;
3004 3180 344 116 pubd.
3448 3180 308 116 Sept.
3844 3180 200 112 22;
4144 3180 628 96 Frederick
4872 3180 120 100 A.

416 3320 404 100 Stokes
908 3348 192 84 co.,
1188 3324 284 92 New
1548 3320 348 96 York.
2060 3316 668 116 (27-24137)
4440 3312 352 100 10245

240 3520 196 120 Fa
444 3516 92 148 ÿ
540 3612 36 52 ,
648 3512 680 128 Bernard.

408 3700 292 124 The
760 3696 1020 164 revolutionary
1844 3692 412 164 spirit
2316 3696 144 124 in
2524 3696 528 124 France
3116 3692 272 128 and
3452 3688 700 168 America;
4228 3740 76 80 a
4372 3692 412 164 study
4848 3692 152 128 of

244 3884 436 128 moral
812 3880 272 128 and
1220 3880 832 124 intellectual
2188 3876 648 128 relations
2968 3880 596 124 between
3700 3880 524 124 France
4360 3880 272 124 and
4772 3880 232 128 the

248 4064 512 132 United
852 4064 452 132 States
1388 4076 136 116 at
1616 4064 228 128 the
1932 4064 260 128 end
2276 4060 156 128 of
2512 4064 236 128 the
2832 4064 784 160 eighteenth
3704 4072 608 156 century,
4396 4064 184 168 by
4668 4064 332 128 Ber-

244 4252 348 124 nard
676 4252 364 160 Faÿ;
1136 4248 760 128 translated
1980 4252 184 160 by
2252 4248 532 124 Ramon
2880 4244 628 132 Guthrie.
3684 4248 332 128 New
4112 4248 432 164 York,
4632 4252 152 124 H
4792 4292 204 84 ar-

240 4448 428 148 court,
732 4436 428 128 Brace
1216 4436 108 124 &
1380 4476 672 124 company
2124 4432 452 160 [ͨ1927]

404 4628 72 96 4
536 4656 104 88 p.
704 4624 40 92 l
748 4660 52 68 .,
864 4628 64 96 3
932 4684 72 12 –
1008 4628 200 96 613
1268 4656 104 88 p.
1512 4624 756 112 22½ͨͫ.

408 4760 900 116 Bibliography:
1372 4784 104 96 p.
1540 4756 520 108 575–600.

248 4880 124 120 ©
440 4900 280 100 Nov.
780 4900 96 112 3,
940 4896 336 112 1927;
1340 4900 164 96 2c.
1572 4900 224 92 and
1860 4896 196 100 aff.
2120 4900 284 96 Nov.
2468 4896 196 112 14;
2736 4900 96 88 A
2896 4896 280 96 1010
3184 4900 132 88 33
3324 4896 120 116 6;
3520 4900 620 112 Harcourt,
4212 4900 368 96 Brace
4648 4900 84 100 &
4800 4928 192 88 co.,

404 5036 220 96 inc.
792 5032 668 116 (27-23830)
4440 5032 356 104 10246

240 5224 688 148 Fletcher,
1004 5220 528 156 Joseph
1616 5220 512 132 Smith.

404 5412 292 128 The
760 5408 712 168 fifty-fifty
1544 5408 400 128 basis.

428 5612 200 112 (In
696 5600 256 100 Pall
1028 5596 280 104 mall
1376 5596 664 124 magazine,
2116 5596 364 128 Sept.,
2560 5600 344 120 1927)

248 5720 124 120 ©
444 5744 60 92 1
504 5740 60 92 c
584 5820 20 20 .
676 5744 248 96 Oct.
988 5744 100 112 4,
1160 5740 336 112 1927;
1572 5744 100 92 A
1740 5744 148 92 ad
1956 5744 208 96 int.
2236 5744 60 88 1
2308 5740 144 96 00
2452 5740 192 116 78;
2720 5744 344 112 pubd.
3132 5740 292 116 Aug.
3500 5732 76 88 6
3600 5768 20 84 ;
3704 5744 104 96 J.
3888 5744 72 96 S
3976 5820 20 20 .
4072 5744 564 112 Fletcher,
4712 5748 284 96 Nut-

408 5880 464 112 bourne,
952 5876 460 112 Sussex,
1484 5876 564 116 England.
4436 5876 356 104 10247

240 6032 424 156 Flint,
732 6032 500 156 Ralph.

412 6224 488 124 Albert
980 6216 600 164 Sterner,
1652 6216 216 132 his
1948 6216 252 132 life
2284 6220 268 128 and
2628 6216 216 128 his
2924 6232 264 148 art,
3256 6220 184 164 by
3524 6220 464 164 Ralph
4072 6220 432 128 Flint.
4668 6224 332 124 New

252 6404 424 160 York,
728 6408 548 164 Payson
1328 6408 112 120 &
1500 6400 496 136 Clarke
2056 6404 296 160 ltd.,
2412 6400 360 132 1927.

412 6600 136 96 37
600 6624 104 88 p.
844 6596 388 112 front.,
1296 6596 132 96 64
1484 6624 72 88 p
1560 6600 36 88 l
1612 6672 24 24 .
1692 6624 144 68 on
1888 6596 136 96 32
2080 6600 72 96 1.
2216 6596 36 112 (
2276 6596 36 92 i
2324 6624 72 64 n
2404 6600 100 92 cl
2520 6672 20 24 .
2596 6596 416 116 ports.)
3172 6600 64 96 3
3248 6600 648 108 1½ͨͫ.

252 6724 124 120 ©
448 6736 284 96 Nov.
804 6732 96 116 5,
972 6732 336 112 1927;
1380 6732 168 100 2c.
1620 6736 228 92 and
1924 6732 196 100 aff.
2192 6732 288 100 Nov.
2552 6736 124 108 7;
2756 6732 100 92 A
2928 6732 544 104 1010373;
3560 6736 456 112 Payson
4092 6736 84 96 &
4260 6736 440 100 Clarke.
4784 6740 212 100 ltd.

432 6868 668 116 (27-23884)
4436 6864 356 108 10248

248 7020 440 156 Forel,
760 7024 652 152 Auguste
1484 7020 488 156 Henri,
2052 7032 320 120 1848
2376 7104 88 16 –

408 7212 1124 160 Psychotherapy
1596 7212 268 124 and
1928 7212 784 164 suggestion
2780 7252 152 84 or
3000 7212 856 164 hypnotism;
3928 7260 76 80 a
4072 7212 412 164 study
4552 7212 152 128 of
4768 7212 236 132 the

244 7396 1048 164 psychological,
1360 7396 1568 164 psycho-physiological
3000 7396 268 128 and
3332 7396 856 164 therapeutic
4256 7412 520 148 aspects
4848 7396 156 132 of

240 7584 380 160 hypn
628 7624 80 84 o
712 7584 360 156 tism,
1144 7584 180 160 by
1400 7580 552 164 August
2028 7580 352 128 Fore
2384 7584 48 120 l
2544 7580 80 144 …
2752 7584 756 124 translated
3588 7580 68 128 f
3664 7624 292 84 rom
4036 7584 228 124 the
4348 7584 232 124 5th
4664 7584 208 132 Ge
4872 7628 124 80 r-

244 7812 312 80 man
656 7768 248 160 ed.,
1000 7768 184 164 by
1276 7768 188 124 H.
1560 7768 180 128 W
1752 7868 24 24 .
1880 7764 464 128 Armit
2440 7780 76 128 …
2788 7764 732 128 American
3624 7768 252 160 ed.,
3976 7812 272 84 rev.
4356 7768 272 128 and
4728 7812 272 84 cor.

244 7952 324 128 New
644 7948 428 164 York,
1140 7948 468 128 Allied
1680 7948 800 168 publishing
2552 7992 188 88 co.
2832 7952 416 148 [ͨ1927
3248 7996 40 92 ]

404 8176 76 64 x
488 8144 40 96 i
536 8144 36 96 i
584 8220 20 40 ,
680 8144 204 96 323
960 8172 104 88 p.
1208 8140 720 112 23½ͨͫ.

432 8272 764 104 Translation
1268 8272 132 104 of
1472 8272 312 100 "Der
1852 8268 968 128 hypnotismus";
2900 8304 72 72 a
3044 8272 732 108 translation
3848 8300 248 76 was
4176 8268 624 136 published
4876 8276 120 104 in

252 8408 284 108 1907
600 8404 372 108 under
1036 8404 268 108 title
1372 8404 848 132 "Hypnotism;
2296 8440 164 92 or,
2532 8408 736 128 Suggestion
3336 8408 232 104 and
3632 8408 1076 128 psychotherapy".

256 8516 124 108 ©
444 8548 272 116 Apr.
780 8552 164 112 21,
1012 8548 336 112 1927;
1416 8548 164 100 2c.
1644 8548 272 116 Apr.
1980 8552 196 112 27;
2248 8552 200 96 aff.
2516 8552 284 116 Aug.
2868 8552 124 112 2;
3068 8552 100 92 A
3232 8552 64 92 9
3300 8552 68 96 9
3372 8552 140 96 68
3512 8552 68 96 0
3580 8552 128 112 7;
3780 8552 324 96 Edna
4180 8552 132 100 B.
4380 8552 612 116 Williams,

416 8684 280 96 New
764 8684 344 96 York.
1276 8684 660 116 (27-18445)
4436 8684 356 100 10249

248 8840 592 152 Franck,
908 8840 480 152 Harry
1452 8840 736 152 Alverson,
2264 8852 316 120 1881
2584 8924 84 16 –

476 9028 84 144 …
644 9024 536 128 Mexico
1256 9028 268 124 and
1608 9028 560 132 Central
2240 9028 704 160 America;
3032 9076 76 80 a
3184 9028 968 168 geographical
4228 9028 512 160 reader,
4816 9028 176 160 by

248 9208 472 168 Harry
824 9212 172 124 A.
1104 9208 588 164 Franck,
1796 9212 332 128 with
2236 9256 720 84 numerous
3060 9212 952 164 illustrations,
4108 9256 416 120 many
4628 9208 364 128 from

252 9392 932 168 photographs
1284 9396 180 160 by
1560 9396 232 128 the
1888 9396 532 128 author.
2604 9396 752 164 Dansville,
3452 9400 168 124 N.
3720 9396 220 164 Y.,
4032 9396 160 128 F.
4292 9396 176 124 A.
4568 9392 424 132 Owen

252 9576 796 168 publishing
1128 9620 668 124 company
1904 9576 608 148 [ͨ1927]

2468 9764 320 132 1527
