5968 10284
680 888 592 152 Lyman,
1356 888 476 128 Elmer
1908 888 728 156 Adelbert,
2720 900 412 120 1861-

848 1076 312 168 Key
1228 1092 140 112 to
1440 1076 892 168 Elementary
2404 1080 596 164 algebra,
3068 1084 488 124 second
3628 1128 504 120 course,
4196 1088 184 160 by
4452 1088 164 124 E.
4692 1088 172 124 A.
4936 1088 536 168 Lyman

800 1276 80 132 …
960 1264 276 128 and
1352 1264 660 128 Albertus
2128 1268 528 124 Darnel
2660 1268 48 120 l
2820 1276 80 132 …
3168 1268 336 124 New
3632 1268 432 164 York,
4192 1268 788 132 Cincinnati
5120 1316 44 96 [
5168 1292 240 112 etc.
5408 1316 40 96 ]

672 1452 736 124 American
1476 1452 360 124 book
1904 1492 676 128 company
2664 1448 500 148 [ͨ1927]

832 1648 212 96 304
1104 1672 104 92 p.
1352 1648 436 116 diagrs.
1936 1648 720 108 19ͨͫ.

676 1776 124 120 ©
872 1784 264 100 Dec.
1208 1784 160 116 17,
1440 1784 204 96 192
1648 1788 72 96 7
1760 1812 20 84 ;
1848 1784 64 92 2
1920 1808 64 72 c
1996 1864 20 20 .
2084 1788 228 92 and
2384 1784 200 100 aff.
2652 1788 272 96 Dec.
2988 1788 64 92 2
3056 1788 76 92 0
3168 1812 20 88 ;
3268 1788 92 92 A
3428 1788 144 96 10
3576 1788 56 92 1
3640 1788 64 96 3
3716 1792 60 92 7
3780 1788 64 96 3
3852 1792 124 108 7;
4056 1792 396 96 Ameri
4460 1816 56 72 c
4524 1816 152 72 an
4744 1792 296 96 book
5104 1820 132 72 co
5248 1876 24 20 .

4892 1924 360 104 11803

676 2044 652 148 Mackail,
1408 2044 448 128 Denis
1936 2044 592 156 George.

852 2228 380 164 [New
1324 2236 340 120 tales
1768 2228 360 128 from
2232 2228 692 168 Greenery
3024 2248 452 112 street.
3656 2280 208 80 no.
3964 2236 72 132 7
4040 2268 36 104 ]
4192 2240 232 120 An
4516 2240 720 164 exception
5328 2256 140 112 to

676 2416 224 128 the
968 2420 332 124 rule.

864 2616 204 116 (In
1128 2608 380 124 Royal
1576 2608 664 124 magazine,
2308 2608 336 124 Nov.,
2720 2612 348 120 1927)

672 2720 120 112 ©
864 2752 56 92 1
932 2780 60 68 c
1000 2828 20 24 .
1088 2752 268 96 Dec.
1420 2752 164 112 19,
1648 2752 340 112 1927;
2056 2756 100 92 A
2216 2776 56 72 a
2296 2756 64 92 d
2428 2752 120 96 in
2560 2760 44 88 t
2620 2836 16 16 .
2704 2752 408 116 10425;
3188 2780 72 92 p
3260 2760 72 80 u
3344 2756 180 96 bd.
3596 2756 244 100 Oct.
3904 2756 200 116 22;
4220 2748 96 112 D.
4384 2756 124 100 G.
4576 2756 540 120 Mackail,
5188 2764 280 96 Lon-

836 2888 260 100 don.
4888 2888 360 108 11804

672 3112 296 124 The
1016 3108 580 132 Manual
1652 3112 156 128 of
1860 3112 372 128 child
2296 3116 1012 160 development;
3376 3164 76 80 a
3504 3116 736 128 handbook
4300 3120 224 128 for
4580 3132 556 152 parents
5192 3120 276 128 and

832 3296 608 128 teachers
1532 3296 76 144 …
1748 3300 680 160 prepared
2500 3300 436 128 under
3008 3300 232 128 the
3312 3300 860 164 supervision
4240 3300 156 128 of
4464 3304 236 128 the
4772 3304 696 128 Editorial

828 3480 432 132 board
1352 3480 160 128 of
1596 3480 232 128 the
1920 3480 812 168 University
2824 3484 544 168 society.
3552 3488 332 124 New
3976 3488 432 164 York,
4500 3492 288 124 The
4880 3492 584 128 Univer-

832 3668 276 168 sity
1184 3668 508 164 society
1768 3668 964 164 incorporated
2820 3680 48 108 [
2868 3680 72 108 ͨ
2924 3672 352 128 1927]

832 3868 284 116 lxix,
1208 3868 208 96 160
1504 3892 140 92 p.,
1740 3872 60 92 1
1896 3872 36 92 l
1948 3940 56 44 .,
2100 3868 164 112 14,
2360 3868 204 96 161
2568 3924 76 12 –
2644 3864 240 120 739,
2976 3868 332 96 xxxii
3404 3900 104 88 p.
3664 3872 396 116 front.,
4152 3872 348 116 illus.,
4592 3876 432 116 diagrs.
5180 3872 756 104 24ͨͫ.

684 4000 300 116 (The
1060 4004 332 96 home
1468 4000 660 120 university
2196 4000 676 116 bookshelf)

668 4116 120 120 ©
872 4140 268 96 Dec.
1220 4140 164 112 12,
1460 4136 340 112 1927;
1876 4136 168 100 2c.
2120 4140 228 92 and
2428 4132 196 104 aff.
2708 4136 268 96 Dec.
3056 4136 196 112 16;
3336 4140 96 88 A
3508 4140 60 88 1
3576 4136 72 96 0
3652 4140 60 88 1
3720 4136 276 100 0930
4036 4164 24 88 ;
4148 4140 680 120 University
4904 4168 264 92 soc.,
5244 4144 220 104 inc.

852 4272 672 120 (27-27506)
4880 4276 360 104 11805

668 4500 712 148 Marsden,
1452 4496 628 152 Antony.

828 4684 136 124 A
1036 4684 680 168 daughter
1792 4684 156 124 of
2016 4728 800 120 vengeance.
2996 4684 392 164 chap.
3472 4692 272 120 1-9.
3940 4688 120 160 [7
4136 4692 860 128 instalments

852 4884 204 116 (In
1120 4876 484 104 London
1676 4872 352 128 Daily
2100 4872 352 124 mail)

668 5000 120 116 ©
872 5020 160 100 1c.
1104 5020 288 96 each
1468 5020 268 96 Dec.
1808 5020 164 112 27,
2056 5020 204 92 192
2268 5024 64 92 7
2368 5044 24 88 ;
2476 5020 100 96 A
2648 5020 152 96 ad
2876 5020 208 96 int.
3164 5020 408 112 10451;
3652 5020 344 116 pubd.
4080 5024 244 96 Oct.
4400 5024 164 116 31,
4648 5024 284 96 Nov.
5008 5024 240 116 1-5,
5324 5028 128 112 7;

828 5156 128 96 A.
1028 5156 584 112 Marsden,
1684 5156 516 96 London.
4876 5156 360 104 11806

672 5380 596 132 Medical
1348 5380 548 152 society
1972 5380 152 124 of
2204 5380 248 124 the
2536 5384 528 148 county
3144 5380 152 124 of
3380 5380 504 156 Kings,
3972 5380 752 172 Brooklyn.

836 5572 352 124 Prac
1196 5580 60 112 t
1260 5572 264 124 ical
1632 5572 196 120 lec
1836 5580 60 112 t
1896 5608 308 84 ures
2296 5576 76 136 …
2580 5564 688 128 delivered
3372 5568 436 124 under
3908 5568 232 124 the
4248 5568 608 164 auspices
4964 5572 156 124 of
5220 5572 236 124 the

668 5756 592 128 Medical
1332 5756 508 160 society
1908 5752 156 128 of
2128 5752 232 124 the
2432 5768 500 148 county
3000 5752 152 124 of
3220 5748 500 168 Kings,
3792 5756 752 164 Brooklyn,
4620 5756 328 124 New
5020 5756 432 128 York.

660 5944 84 136 <
744 5944 176 124 2d
980 5940 448 164 series,
1500 5948 324 116 1924
1824 6020 88 12 –
1920 5944 400 132 1926>
2392 5952 80 132 …
2728 5940 328 124 New
3128 5940 432 168 York,
3616 5940 160 124 P.
3840 5940 160 124 B.
4060 5940 588 164 Hoeber,
4712 5940 304 164 inc.,
5084 5940 360 132 1927.

820 6140 60 96 1
948 6164 76 76 v
1032 6216 28 24 .
1196 6140 64 96 2
1264 6140 504 108 4ͨͫ
1448 6188 24 40 .

660 6256 124 120 ©
864 6276 68 96 J
944 6300 72 72 u
1028 6300 144 72 ne
1240 6276 44 92 1
1308 6276 96 112 4,
1476 6272 340 112 1927;
1892 6272 64 92 2
1960 6296 60 72 c
2032 6348 24 20 .
2128 6272 224 96 and
2432 6272 160 96 aff
2608 6348 24 24 .
2704 6272 72 92 J
2788 6296 68 68 u
2868 6296 140 68 ne
3080 6272 196 112 17;
3360 6272 84 92 A
3528 6272 132 96 99
3664 6272 216 96 056
3880 6276 128 108 7;
4092 6276 156 92 Pa
4264 6276 116 92 ul
4456 6276 96 92 B
4568 6352 20 20 .
4668 6276 108 92 H
4784 6300 64 68 o
4856 6296 60 72 e
4924 6276 64 92 b
5000 6300 156 84 er,
5236 6276 36 92 i
5280 6300 76 68 n
5360 6300 60 68 c
5432 6356 24 16 .

4872 6404 364 104 11807

664 6536 472 152 Milne,
1220 6532 364 128 Alan
1668 6532 848 128 Alexander.

824 6724 292 124 The
1196 6720 504 128 friend.

848 6916 200 120 (In
1112 6908 376 128 Royal
1564 6908 664 124 magazine,
2300 6908 336 124 Nov.,
2712 6908 344 120 1927)

660 7048 120 112 ©
860 7056 60 96 1
904 7072 116 88 c.
1100 7056 264 96 Dec.
1440 7056 160 112 17,
1676 7056 340 108 1927;
2092 7056 100 88 A
2264 7052 148 92 ad
2488 7048 112 96 in
2616 7056 40 88 t
2672 7128 24 20 .
2768 7048 408 116 10420;
3260 7076 72 88 p
3332 7076 72 76 u
3420 7052 140 92 bd
3584 7128 16 20 .
3680 7048 248 100 Oct.
4000 7052 200 112 22;
4280 7052 132 96 A.
4488 7052 132 96 A.
4700 7052 160 92 Mi
4868 7056 36 88 l
4916 7072 172 92 ne,
5164 7060 288 92 Lon-

824 7196 260 96 don.
4868 7180 356 104 11808

652 7412 676 152 Mitchell,
1416 7412 444 132 Grace
1940 7412 212 128 Th
2164 7412 72 128 é
2244 7448 360 92 rese.

828 7604 1020 128 Enchantment
1952 7600 252 168 [by]
2320 7596 436 136 Grace
2848 7600 584 124 Therese
3524 7596 204 124 Mi
3740 7604 56 116 t
3800 7592 240 128 che
4048 7596 104 124 ll
4272 7608 84 144 …
4596 7644 44 96 [
4644 7592 284 132 San
5016 7592 428 128 Fran-

660 7792 344 124 cisco
1132 7784 592 128 Kohnke
1796 7784 636 168 printing
2500 7824 232 124 co.,
2812 7780 364 132 1927.

824 7984 64 96 2
956 8012 112 92 p.
1128 7980 48 92 l
1180 8056 56 44 .,
1308 7984 204 96 154
1576 8008 108 92 p.
1824 7980 756 112 19½ͨͫ.

824 8120 660 96 CONTENTS.
1520 8172 148 12 —
1700 8116 244 100 The
2044 8144 132 68 su
2188 8116 344 96 blime
2636 8116 204 92 her
2852 8116 92 92 it
2952 8140 68 68 a
3028 8140 68 88 g
3104 8140 60 68 e
3176 8188 24 20 .
3232 8168 148 16 —
3412 8116 172 92 Th
3596 8136 60 72 e
3756 8116 116 92 lo
3876 8136 52 72 s
3940 8120 48 92 t
4088 8116 164 92 Ar
4260 8140 132 68 ca
4400 8108 232 100 dia.
4668 8164 148 16 —
4848 8108 100 96 A
4952 8108 140 96 sh
5096 8136 120 72 es
5316 8108 128 96 of

660 8280 348 72 roses.
1016 8308 144 16 —
1160 8252 584 116 Kingdom
1836 8256 124 96 of
2052 8256 504 92 content.
2560 8304 144 16 —
2712 8252 272 96 Star
3076 8252 128 96 of
3296 8252 192 96 the
3584 8244 572 116 morning.
4152 8300 144 16 —
4296 8244 244 100 The
4636 8244 412 116 golden
5140 8244 304 116 prin-

656 8416 244 72 cess
972 8392 120 96 of
1164 8388 364 100 Santa
1600 8384 1336 104 Ana.—Enchantment.

660 8516 120 116 ©
876 8528 172 96 De
1048 8544 60 80 c
1124 8604 24 20 .
1236 8528 160 112 15,
1492 8524 336 112 1927;
1924 8528 164 96 2c.
2180 8528 228 92 and
2504 8520 196 104 aff.
2792 8524 272 100 Dec.
3152 8520 200 116 22;
3452 8520 96 92 A
3640 8520 52 92 1
3708 8520 72 92 0
3780 8520 204 96 137
3992 8528 68 92 6
4060 8516 128 112 5;
4296 8516 372 100 Grace
4756 8520 88 96 I.
4936 8516 176 92 Th
5124 8516 60 96 é
5188 8540 252 72 rese

816 8660 556 116 Mitchell,
1464 8660 564 116 Oakland,
2116 8660 348 96 Calif.
2632 8656 672 116 (27-27455)
4856 8648 356 100 11809

652 8852 696 148 Neuman,
1428 8852 368 124 Fred
1872 8848 336 152 Gus,
2288 8856 320 120 1893
2612 8928 76 16 –

824 9040 292 124 The
1192 9040 376 160 story
1648 9036 160 124 of
1884 9036 652 124 Paducah
2648 9032 864 164 (Kentucky)
3612 9036 184 160 by
3872 9028 368 128 Fred
4320 9028 164 132 G.
4568 9028 624 128 Neuman
5280 9036 92 148 …

660 9224 328 128 with
1056 9268 176 84 an
1296 9220 940 128 introduction
2292 9224 184 160 by
2536 9220 392 128 Irvin
2996 9220 140 128 S.
3204 9216 420 132 Cobb.
3800 9216 700 160 Paducah,
4568 9216 320 160 Ky.,
4928 9216 512 156 Young

660 9408 628 164 printing
1348 9448 712 120 company,
2128 9404 360 132 1927.

2884 9592 328 128 1754
