5968 10284
944 908 520 152 Burge,
1536 908 156 124 M
1692 952 172 84 rs.
1944 904 412 152 Dolly
2424 908 604 128 Sumner
3120 904 524 156 (Lunt)
3668 980 184 24 —
3856 900 776 132 Continued

948 1100 592 124 Thomas
1648 1092 528 168 Burge)
2316 1092 332 128 with
2764 1140 172 80 an
3040 1092 936 128 introduction
4084 1092 272 128 and
4464 1104 380 116 notes
4948 1092 184 164 by
5236 1092 476 132 Julian

956 1280 484 136 Street.
1616 1284 536 156 Macon,
2216 1280 288 128 The
2568 1280 136 128 J.
2768 1280 216 128 W.
3052 1276 464 128 Burke
3584 1320 240 120 co.,
3888 1280 364 124 1927.

1112 1476 168 100 xii
1344 1504 140 92 p.,
1548 1480 60 92 1
1676 1480 40 92 l
1728 1552 56 40 .,
1848 1476 136 96 15
1988 1528 68 16 –
2064 1476 132 96 65
2256 1492 76 100 p
2344 1552 16 24 .
2504 1476 676 112 19ͨͫ.

952 1596 120 120 ©
1140 1616 288 116 Aug.
1492 1616 100 112 2,
1660 1612 336 112 1927;
2068 1612 160 100 2c.
2300 1612 288 116 Aug.
2652 1612 128 108 4;
2860 1608 124 100 af
2976 1608 48 96 f
3036 1692 20 16 .
3120 1612 288 116 Aug.
3476 1608 200 112 31;
3748 1612 100 96 A
3912 1608 484 116 999715;
4468 1608 528 120 Dorothy
5068 1612 124 96 G.
5264 1612 456 116 Bolton,

1112 1752 44 96 i
1164 1828 20 20 .
1248 1776 60 72 e
1320 1828 16 20 .
1408 1752 276 96 Mrs.
1744 1748 356 96 Louis
2164 1748 132 100 D.
2360 1748 456 116 Bolton,
2884 1744 500 100 Detroit.
3532 1744 672 120 (27-21773)
5212 1744 288 104 8992

956 1972 824 132 California.
1956 1972 440 164 Laws,
2464 1984 612 152 statutes,
3144 1984 244 116 etc.

1112 2164 292 124 The
1520 2156 372 132 Code
2000 2156 156 132 of
2264 2156 324 128 civil
2704 2160 740 160 procedure
3560 2156 156 128 of
3828 2156 232 128 the
4168 2168 356 116 state
4628 2156 156 128 of
4900 2156 820 132 California.

948 2348 648 164 Adopted
1684 2344 484 128 March
2276 2352 200 152 11,
2572 2344 360 132 1872.
3108 2344 396 132 With
3600 2344 936 124 amendments
4628 2384 188 120 up
4912 2356 140 112 to
5152 2344 264 124 and
5524 2344 180 128 in'

948 2532 564 164 cluding
1564 2532 384 128 those
2004 2528 156 132 of
2204 2532 236 128 the
2500 2524 772 172 forty-fifth
3336 2528 504 128 session
3900 2528 156 128 of
4108 2528 228 128 the
4396 2528 900 168 Legislature,
5368 2536 356 120 1923.

948 2720 748 164 Including
1780 2760 176 84 an
2044 2716 700 164 appendix
2832 2716 800 168 containing
3724 2716 928 128 amendments
4744 2716 392 128 made
5224 2716 184 168 by
5500 2720 220 124 the

956 2904 812 168 forty-sixth
1836 2904 276 128 and
2176 2900 1004 168 forty-seventh
3248 2900 576 128 sessions
3884 2900 160 128 of
4104 2900 232 132 the
4396 2900 900 168 Legislature,
5368 2908 364 152 1925,

956 3092 364 128 1927.
1480 3092 516 124 Edited
2068 3088 184 164 by
2324 3088 468 128 James
2868 3088 184 124 H.
3132 3084 612 168 Deering
3812 3096 80 136 …
4148 3084 280 132 San
4512 3088 768 164 Francisco,
5368 3092 352 124 Ban-

948 3272 1088 168 croft-Whitney
2108 3316 712 124 company,
2896 3280 364 120 1924.

1116 3472 144 116 vi,
1328 3472 308 116 1511,
1704 3468 148 120 iv,
1920 3468 136 100 94
2116 3492 108 96 p.
2360 3468 724 116 21½ͨͫ.

1116 3600 636 104 Published
1812 3604 312 104 1927.

956 3740 124 120 ©
1160 3744 244 104 Oct.
1476 3744 96 116 8,
1644 3740 340 116 1927;
2056 3744 164 96 2c.
2296 3744 248 96 Oct.
2612 3744 200 112 18;
2888 3744 200 96 aff.
3164 3744 248 96 Oct.
3484 3744 200 116 17;
3756 3744 100 96 A
3928 3744 552 116 1004654;
4564 3744 1160 116 Bancroft-Whitney

1116 3904 164 72 co.
1448 3876 676 132 (27-21611)
5216 3876 288 100 8993

1120 4104 296 132 The
1492 4104 436 128 Penal
2016 4104 324 128 code
2420 4104 156 124 of
2660 4104 228 128 the
2976 4116 352 116 state
3408 4104 156 128 of
3656 4104 820 132 California.
4648 4100 648 168 Adopted
5388 4104 336 132 Feb-

952 4336 416 120 ruary
1452 4296 196 156 14,
1728 4288 360 132 1872.
2244 4288 392 132 With
2716 4292 932 124 amendments
3720 4332 192 124 up
3988 4304 140 112 to
4208 4292 272 124 and
4556 4288 720 172 including
5348 4292 376 128 those

952 4476 156 128 of
1184 4480 224 128 the
1492 4476 772 164 forty-fifth
2348 4476 504 128 session
2932 4476 156 128 of
3164 4476 232 128 the
3472 4476 896 168 Legislature,
4456 4484 360 120 1923.
4984 4476 740 172 Including

952 4708 172 84 an
1204 4664 696 164 appendix
1980 4660 800 168 containing
2856 4664 932 128 amendments
3864 4668 396 124 made
4336 4664 180 164 by
4596 4668 236 124 the
4912 4664 812 164 forty-sixth

952 4852 272 124 and
1296 4848 1000 164 forty-seventh
2368 4848 576 128 sessions
3008 4844 156 132 of
3228 4852 228 124 the
3524 4848 896 164 Legislature,
4496 4832 64 144 1
4576 4856 280 156 925,
4932 4852 360 128 1927.
5448 4852 272 128 Ed-

956 5032 280 132 ited
1300 5036 176 164 by
1548 5032 460 132 James
2076 5036 188 124 H.
2336 5032 608 168 Deering
3004 5036 76 144 …
3332 5032 284 132 San
3684 5032 780 164 Francisco,
4536 5036 304 128 Ban
4848 5080 64 84 c
4924 5080 148 84 ro
5088 5036 68 124 f
5156 5032 564 136 t-Whit-

956 5260 256 124 ney
1280 5260 712 124 company,
2068 5224 364 124 1924.

1116 5416 360 116 lxxvi,
1548 5412 304 120 1071,
1924 5416 116 96 iv
2048 5488 20 40 ,
2140 5416 140 96 98
2340 5440 108 92 p.
2588 5412 720 112 21½ͨͫ
2916 5492 28 24 .

1124 5548 632 104 Published
1824 5552 312 96 1927.

960 5660 120 112 ©
1160 5688 248 100 Oct.
1480 5684 96 116 8,
1644 5684 340 112 1927;
2056 5688 164 96 2c.
2296 5684 244 104 Oct.
2612 5688 200 116 18;
2888 5688 120 96 af
2984 5688 72 92 f
3068 5764 20 20 .
3164 5688 244 100 Oct.
3484 5688 196 116 17;
3760 5688 96 96 A
3928 5692 60 92 1
4000 5688 132 100 00
4140 5692 136 96 46
4284 5692 132 96 55
4456 5716 20 88 ;
4560 5692 1160 116 Bancroft-Whitney

1116 5816 132 104 co
1260 5860 24 64 .
1448 5820 676 120 (27-21610)
5216 5808 288 120 8994

956 6008 568 156 Chanel,
1612 6012 740 128 Gabrielle.

1120 6200 696 132 Woman's
1896 6200 472 124 world.
2548 6196 604 132 Fashion
3232 6216 140 112 at
3452 6200 440 132 Paris.
4064 6204 344 164 July
4488 6212 112 156 9,
4688 6216 192 152 16,
4972 6204 360 132 1927.

1140 6396 36 116 (
1196 6396 140 96 In
1388 6384 520 108 Outlook
1956 6388 688 124 magazine)

960 6524 116 112 ©
1148 6532 60 92 1
1204 6540 60 92 c
1288 6608 20 20 .
1364 6528 280 116 July
1700 6528 164 112 16,
1924 6532 168 116 23,
2152 6532 64 92 1
2224 6532 72 92 9
2292 6532 200 112 27;
2552 6532 104 92 A
2716 6540 148 92 ad
2924 6532 36 96 i
2968 6536 164 96 nt.
3192 6532 308 116 9942,
3564 6532 140 96 99
3708 6532 60 96 5
3768 6540 132 108 4;
3972 6540 340 112 pubd.
4372 6540 280 112 July
4716 6540 92 116 7,
4872 6540 196 112 14;
5136 6540 284 96 New
5480 6552 240 88 out-

1116 6668 268 96 look
1432 6692 196 88 co.,
1680 6668 240 112 ltd.,
1972 6664 508 100 London.
4808 6672 324 120 8995,
5216 6672 284 100 8996

964 6876 488 152 Cocks,
1524 6876 692 156 Dorothy,
2296 6888 316 120 1893
2616 6960 72 16 –

1128 7056 292 124 The
1512 7056 640 164 etiquette
2244 7056 160 128 of
2484 7056 540 168 beauty,
3112 7060 180 164 by
3384 7064 632 164 Dorothy
4112 7064 472 164 Cocks,
4676 7068 772 128 illustrated
5536 7068 176 168 by

960 7236 744 168 Josephine
1816 7240 544 132 Arnold
2480 7248 604 164 Bonney.
3308 7248 332 124 New
3760 7248 428 164 York,
4304 7248 532 168 George
4948 7252 184 128 H.
5248 7256 472 128 Doran

960 7468 668 120 company
1748 7428 152 136 [ͨ
1804 7428 324 128 1927
2136 7504 32 84 ]

1124 7620 212 96 viii
1396 7644 140 92 p.,
1600 7624 68 96 1
1724 7624 44 92 l
1780 7696 56 36 .,
1900 7624 132 92 11
2036 7676 72 12 –
2112 7624 200 96 332
2384 7652 104 92 p.
2628 7624 308 96 illus.
3080 7620 756 108 22½ͨͫ.

960 7748 116 108 ©
1148 7756 244 96 Oct.
1448 7760 92 108 7,
1600 7756 336 116 1927;
1996 7756 164 100 2c.
2220 7760 244 96 Oct.
2524 7760 196 116 12;
2784 7760 124 96 af
2900 7760 56 92 f
2960 7840 20 24 .
3044 7760 240 100 Oct.
3348 7760 192 116 10;
3608 7768 96 88 A
3760 7764 272 96 1004
4036 7768 64 92 6
4112 7768 196 112 07;
4376 7768 136 100 D.
4576 7768 396 120 Cocks,
5032 7772 280 92 New
5372 7772 340 96 York.

1148 7888 672 120 (27-21729)
5212 7904 284 100 8997

960 8076 436 152 Cohn,
1456 8080 200 124 To
1660 8080 88 124 b
1756 8116 136 116 y,
1968 8084 316 124 1866
2300 8120 68 64 0

1128 8256 264 148 Die
1476 8256 1108 172 peripherischen
2700 8260 868 176 lähmungen;
3664 8276 828 164 diagnostik,
4584 8280 1124 168 untersuchungs-

968 8444 584 164 technik,
1620 8452 812 160 prognostik
2500 8456 284 124 und
2848 8456 660 164 therapie,
3580 8504 264 84 von
3916 8460 364 164 prof.
4356 8464 204 124 dr.
4636 8464 388 164 Toby
5100 8464 388 132 Cohn
5572 8456 88 136 …

964 8628 272 128 Mit
1308 8636 156 120 64
1528 8628 924 172 abbildungen
2524 8640 192 120 im
2780 8652 132 116 te
2916 8656 88 92 x
3012 8652 96 116 t.
3268 8644 520 164 Berlin,
3856 8644 444 164 Wien,
4368 8648 484 128 Urban
4920 8652 112 120 &
5108 8648 600 132 Schwar-

968 8808 608 168 zenberg,
1648 8816 360 128 1927.

1128 9000 196 116 vii,
1380 9004 212 96 320
1648 9032 108 88 p.
1896 8992 40 88 l
1940 9000 44 88 l
1988 9012 32 88 l
2036 9032 168 76 us.
2348 9000 756 112 25½ͨͫ.

1132 9132 156 96 "L
1300 9128 44 92 i
1344 9136 592 100 teratur":
2000 9168 104 88 p.
2160 9140 524 104 304–313.

960 9244 120 120 ©
1140 9268 108 96 N
1252 9296 60 68 o
1320 9296 104 72 v.
1480 9272 168 112 26,
1708 9276 56 92 1
1780 9272 60 100 9
1844 9276 200 112 26;
2112 9276 156 100 1c.
2332 9280 292 104 Mar.
2680 9284 52 92 1
2752 9284 96 116 8,
2908 9280 336 116 1927;
3308 9288 740 116 A—Foreign
4108 9292 132 96 34
4252 9292 64 92 0
4320 9288 64 96 6
4388 9292 60 92 1
4496 9316 20 88 ;
4588 9292 396 100 Urban
5044 9296 88 92 &
5200 9292 504 100 Schwar-

1116 9408 520 112 zenberg.
1804 9408 672 120 (27-21900)
5204 9424 280 104 8998

3188 9552 316 124 1348
